time,symbol_id,symbol_name,last,trade_volume,trade_amount,open_interest_change,bv1,bp1,ap1,av1,yesterday_close,today_open,today_high,today_low,volume,amount,open_interest
2023-05-10 21:02:02,ag2312C4900,ag2312C4900,991.0,0.0,0.0,0.0,1,470.0,1511.5,1,991.0,0.0,0.0,0.0,0.0,0.0,9
2023-05-10 21:02:02,ag2312C4900,ag2312C4900,991.0,0.0,0.0,0.0,2,470.5,1511.0,2,991.0,0.0,0.0,0.0,0.0,0.0,9
2023-05-10 21:02:03,ag2312C4900,ag2312C4900,991.0,0.0,0.0,0.0,2,470.5,1511.0,2,991.0,0.0,0.0,0.0,0.0,0.0,9
2023-05-10 21:02:13,ag2312C4900,ag2312C4900,991.0,0.0,0.0,0.0,1,472.0,1509.5,1,991.0,0.0,0.0,0.0,0.0,0.0,9
2023-05-10 21:02:14,ag2312C4900,ag2312C4900,991.0,0.0,0.0,0.0,1,472.0,1509.5,1,991.0,0.0,0.0,0.0,0.0,0.0,9
2023-05-10 21:02:14,ag2312C4900,ag2312C4900,991.0,0.0,0.0,0.0,2,472.5,1509.0,2,991.0,0.0,0.0,0.0,0.0,0.0,9
2023-05-10 21:02:15,ag2312C4900,ag2312C4900,991.0,0.0,0.0,0.0,2,472.5,1509.0,2,991.0,0.0,0.0,0.0,0.0,0.0,9
2023-05-10 21:02:15,ag2312C4900,ag2312C4900,991.0,0.0,0.0,0.0,1,474.0,1507.5,1,991.0,0.0,0.0,0.0,0.0,0.0,9
2023-05-10 21:02:16,ag2312C4900,ag2312C4900,991.0,0.0,0.0,0.0,1,474.0,1507.5,1,991.0,0.0,0.0,0.0,0.0,0.0,9
2023-05-10 21:02:16,ag2312C4900,ag2312C4900,991.0,0.0,0.0,0.0,2,474.5,1507.0,2,991.0,0.0,0.0,0.0,0.0,0.0,9
2023-05-10 21:02:17,ag2312C4900,ag2312C4900,991.0,0.0,0.0,0.0,2,474.5,1507.0,2,991.0,0.0,0.0,0.0,0.0,0.0,9
2023-05-10 21:02:42,ag2312C4900,ag2312C4900,991.0,0.0,0.0,0.0,1,476.0,1505.5,1,991.0,0.0,0.0,0.0,0.0,0.0,9
2023-05-10 21:02:43,ag2312C4900,ag2312C4900,991.0,0.0,0.0,0.0,1,476.0,1505.5,1,991.0,0.0,0.0,0.0,0.0,0.0,9
2023-05-10 21:02:43,ag2312C4900,ag2312C4900,991.0,0.0,0.0,0.0,2,476.5,1505.0,2,991.0,0.0,0.0,0.0,0.0,0.0,9
2023-05-10 21:02:44,ag2312C4900,ag2312C4900,991.0,0.0,0.0,0.0,2,476.5,1505.0,2,991.0,0.0,0.0,0.0,0.0,0.0,9
2023-05-10 21:03:03,ag2312C4900,ag2312C4900,991.0,0.0,0.0,0.0,1,478.0,1503.5,1,991.0,0.0,0.0,0.0,0.0,0.0,9
2023-05-10 21:03:55,ag2312C4900,ag2312C4900,991.0,0.0,0.0,0.0,2,478.5,1503.0,2,991.0,0.0,0.0,0.0,0.0,0.0,9
2023-05-10 21:03:55,ag2312C4900,ag2312C4900,991.0,0.0,0.0,0.0,2,478.5,1503.0,2,991.0,0.0,0.0,0.0,0.0,0.0,9
2023-05-10 21:04:06,ag2312C4900,ag2312C4900,991.0,0.0,0.0,0.0,1,480.0,1501.5,1,991.0,0.0,0.0,0.0,0.0,0.0,9
2023-05-10 21:04:06,ag2312C4900,ag2312C4900,991.0,0.0,0.0,0.0,1,480.0,1501.5,1,991.0,0.0,0.0,0.0,0.0,0.0,9
2023-05-10 21:04:07,ag2312C4900,ag2312C4900,991.0,0.0,0.0,0.0,2,480.5,1501.0,2,991.0,0.0,0.0,0.0,0.0,0.0,9
2023-05-10 21:04:07,ag2312C4900,ag2312C4900,991.0,0.0,0.0,0.0,2,480.5,1501.0,2,991.0,0.0,0.0,0.0,0.0,0.0,9
2023-05-10 21:04:19,ag2312C4900,ag2312C4900,991.0,0.0,0.0,0.0,1,482.0,1499.5,1,991.0,0.0,0.0,0.0,0.0,0.0,9
2023-05-10 21:04:20,ag2312C4900,ag2312C4900,991.0,0.0,0.0,0.0,1,482.0,1499.5,1,991.0,0.0,0.0,0.0,0.0,0.0,9
2023-05-10 21:04:20,ag2312C4900,ag2312C4900,991.0,0.0,0.0,0.0,2,482.5,1499.0,2,991.0,0.0,0.0,0.0,0.0,0.0,9
2023-05-10 21:04:21,ag2312C4900,ag2312C4900,991.0,0.0,0.0,0.0,2,482.5,1499.0,2,991.0,0.0,0.0,0.0,0.0,0.0,9
2023-05-10 21:04:22,ag2312C4900,ag2312C4900,991.0,0.0,0.0,0.0,1,484.0,1497.5,1,991.0,0.0,0.0,0.0,0.0,0.0,9
2023-05-10 21:04:23,ag2312C4900,ag2312C4900,991.0,0.0,0.0,0.0,1,484.0,1497.5,1,991.0,0.0,0.0,0.0,0.0,0.0,9
2023-05-10 21:04:23,ag2312C4900,ag2312C4900,991.0,0.0,0.0,0.0,2,484.5,1497.0,2,991.0,0.0,0.0,0.0,0.0,0.0,9
2023-05-10 21:04:24,ag2312C4900,ag2312C4900,991.0,0.0,0.0,0.0,2,484.5,1497.0,2,991.0,0.0,0.0,0.0,0.0,0.0,9
2023-05-10 21:04:25,ag2312C4900,ag2312C4900,991.0,0.0,0.0,0.0,1,486.0,1495.5,1,991.0,0.0,0.0,0.0,0.0,0.0,9
2023-05-10 21:04:25,ag2312C4900,ag2312C4900,991.0,0.0,0.0,0.0,1,486.0,1495.5,1,991.0,0.0,0.0,0.0,0.0,0.0,9
2023-05-10 21:04:26,ag2312C4900,ag2312C4900,991.0,0.0,0.0,0.0,2,486.5,1495.0,2,991.0,0.0,0.0,0.0,0.0,0.0,9
2023-05-10 21:04:26,ag2312C4900,ag2312C4900,991.0,0.0,0.0,0.0,2,486.5,1495.0,2,991.0,0.0,0.0,0.0,0.0,0.0,9
2023-05-10 21:04:27,ag2312C4900,ag2312C4900,991.0,0.0,0.0,0.0,1,488.0,1493.5,1,991.0,0.0,0.0,0.0,0.0,0.0,9
2023-05-10 21:04:27,ag2312C4900,ag2312C4900,991.0,0.0,0.0,0.0,1,488.0,1493.5,1,991.0,0.0,0.0,0.0,0.0,0.0,9
2023-05-10 21:04:28,ag2312C4900,ag2312C4900,991.0,0.0,0.0,0.0,2,488.5,1493.0,2,991.0,0.0,0.0,0.0,0.0,0.0,9
2023-05-10 21:04:29,ag2312C4900,ag2312C4900,991.0,0.0,0.0,0.0,2,488.5,1493.0,2,991.0,0.0,0.0,0.0,0.0,0.0,9
2023-05-10 21:04:29,ag2312C4900,ag2312C4900,991.0,0.0,0.0,0.0,1,490.0,1491.5,1,991.0,0.0,0.0,0.0,0.0,0.0,9
2023-05-10 21:04:30,ag2312C4900,ag2312C4900,991.0,0.0,0.0,0.0,1,490.0,1491.5,1,991.0,0.0,0.0,0.0,0.0,0.0,9
2023-05-10 21:04:30,ag2312C4900,ag2312C4900,991.0,0.0,0.0,0.0,2,490.5,1491.0,2,991.0,0.0,0.0,0.0,0.0,0.0,9
2023-05-10 21:04:31,ag2312C4900,ag2312C4900,991.0,0.0,0.0,0.0,2,490.5,1491.0,2,991.0,0.0,0.0,0.0,0.0,0.0,9
2023-05-10 21:04:32,ag2312C4900,ag2312C4900,991.0,0.0,0.0,0.0,1,492.0,1489.5,1,991.0,0.0,0.0,0.0,0.0,0.0,9
2023-05-10 21:04:32,ag2312C4900,ag2312C4900,991.0,0.0,0.0,0.0,1,492.0,1489.5,1,991.0,0.0,0.0,0.0,0.0,0.0,9
2023-05-10 21:04:33,ag2312C4900,ag2312C4900,991.0,0.0,0.0,0.0,2,492.5,1489.0,2,991.0,0.0,0.0,0.0,0.0,0.0,9
2023-05-10 21:04:33,ag2312C4900,ag2312C4900,991.0,0.0,0.0,0.0,2,492.5,1489.0,2,991.0,0.0,0.0,0.0,0.0,0.0,9
2023-05-10 21:04:36,ag2312C4900,ag2312C4900,991.0,0.0,0.0,0.0,1,494.0,1487.5,1,991.0,0.0,0.0,0.0,0.0,0.0,9
2023-05-10 21:04:37,ag2312C4900,ag2312C4900,991.0,0.0,0.0,0.0,1,494.0,1487.5,1,991.0,0.0,0.0,0.0,0.0,0.0,9
2023-05-10 21:04:37,ag2312C4900,ag2312C4900,991.0,0.0,0.0,0.0,2,494.5,1487.0,2,991.0,0.0,0.0,0.0,0.0,0.0,9
2023-05-10 21:04:38,ag2312C4900,ag2312C4900,991.0,0.0,0.0,0.0,2,494.5,1487.0,2,991.0,0.0,0.0,0.0,0.0,0.0,9
2023-05-10 21:04:38,ag2312C4900,ag2312C4900,991.0,0.0,0.0,0.0,1,496.0,1485.5,1,991.0,0.0,0.0,0.0,0.0,0.0,9
2023-05-10 21:04:39,ag2312C4900,ag2312C4900,991.0,0.0,0.0,0.0,1,496.0,1485.5,1,991.0,0.0,0.0,0.0,0.0,0.0,9
2023-05-10 21:04:39,ag2312C4900,ag2312C4900,991.0,0.0,0.0,0.0,2,496.5,1485.0,2,991.0,0.0,0.0,0.0,0.0,0.0,9
2023-05-10 21:04:40,ag2312C4900,ag2312C4900,991.0,0.0,0.0,0.0,2,496.5,1485.0,2,991.0,0.0,0.0,0.0,0.0,0.0,9
2023-05-10 21:04:40,ag2312C4900,ag2312C4900,991.0,0.0,0.0,0.0,1,498.0,1483.5,1,991.0,0.0,0.0,0.0,0.0,0.0,9
2023-05-10 21:04:41,ag2312C4900,ag2312C4900,991.0,0.0,0.0,0.0,1,498.0,1483.5,1,991.0,0.0,0.0,0.0,0.0,0.0,9
2023-05-10 21:04:41,ag2312C4900,ag2312C4900,991.0,0.0,0.0,0.0,2,498.5,1483.0,2,991.0,0.0,0.0,0.0,0.0,0.0,9
2023-05-10 21:04:42,ag2312C4900,ag2312C4900,991.0,0.0,0.0,0.0,2,498.5,1483.0,2,991.0,0.0,0.0,0.0,0.0,0.0,9
2023-05-10 21:05:01,ag2312C4900,ag2312C4900,991.0,0.0,0.0,0.0,1,500.0,1481.5,1,991.0,0.0,0.0,0.0,0.0,0.0,9
2023-05-10 21:05:02,ag2312C4900,ag2312C4900,991.0,0.0,0.0,0.0,1,500.0,1481.5,1,991.0,0.0,0.0,0.0,0.0,0.0,9
2023-05-10 21:05:02,ag2312C4900,ag2312C4900,991.0,0.0,0.0,0.0,2,500.5,1481.0,2,991.0,0.0,0.0,0.0,0.0,0.0,9
2023-05-10 21:05:03,ag2312C4900,ag2312C4900,991.0,0.0,0.0,0.0,1,502.0,1479.5,1,991.0,0.0,0.0,0.0,0.0,0.0,9
2023-05-10 21:05:03,ag2312C4900,ag2312C4900,991.0,0.0,0.0,0.0,1,502.0,1479.5,1,991.0,0.0,0.0,0.0,0.0,0.0,9
2023-05-10 21:05:04,ag2312C4900,ag2312C4900,991.0,0.0,0.0,0.0,2,502.5,1479.0,2,991.0,0.0,0.0,0.0,0.0,0.0,9
2023-05-10 21:05:04,ag2312C4900,ag2312C4900,991.0,0.0,0.0,0.0,1,504.0,1477.5,1,991.0,0.0,0.0,0.0,0.0,0.0,9
2023-05-10 21:05:05,ag2312C4900,ag2312C4900,991.0,0.0,0.0,0.0,1,504.0,1477.5,1,991.0,0.0,0.0,0.0,0.0,0.0,9
2023-05-10 21:05:05,ag2312C4900,ag2312C4900,991.0,0.0,0.0,0.0,2,504.5,1477.0,2,991.0,0.0,0.0,0.0,0.0,0.0,9
2023-05-10 21:05:06,ag2312C4900,ag2312C4900,991.0,0.0,0.0,0.0,2,504.5,1477.0,2,991.0,0.0,0.0,0.0,0.0,0.0,9
2023-05-10 21:05:06,ag2312C4900,ag2312C4900,991.0,0.0,0.0,0.0,1,506.0,1475.5,1,991.0,0.0,0.0,0.0,0.0,0.0,9
2023-05-10 21:05:07,ag2312C4900,ag2312C4900,991.0,0.0,0.0,0.0,1,506.0,1475.5,1,991.0,0.0,0.0,0.0,0.0,0.0,9
2023-05-10 21:05:07,ag2312C4900,ag2312C4900,991.0,0.0,0.0,0.0,2,506.5,1475.0,2,991.0,0.0,0.0,0.0,0.0,0.0,9
2023-05-10 21:05:08,ag2312C4900,ag2312C4900,991.0,0.0,0.0,0.0,2,506.5,1475.0,2,991.0,0.0,0.0,0.0,0.0,0.0,9
2023-05-10 21:05:21,ag2312C4900,ag2312C4900,991.0,0.0,0.0,0.0,1,508.0,1473.5,1,991.0,0.0,0.0,0.0,0.0,0.0,9
2023-05-10 21:05:22,ag2312C4900,ag2312C4900,991.0,0.0,0.0,0.0,1,508.0,1473.5,1,991.0,0.0,0.0,0.0,0.0,0.0,9
2023-05-10 21:05:22,ag2312C4900,ag2312C4900,991.0,0.0,0.0,0.0,2,508.5,1473.0,2,991.0,0.0,0.0,0.0,0.0,0.0,9
2023-05-10 21:05:23,ag2312C4900,ag2312C4900,991.0,0.0,0.0,0.0,2,508.5,1473.0,2,991.0,0.0,0.0,0.0,0.0,0.0,9
2023-05-10 21:05:42,ag2312C4900,ag2312C4900,991.0,0.0,0.0,0.0,1,510.0,1471.5,1,991.0,0.0,0.0,0.0,0.0,0.0,9
2023-05-10 21:05:42,ag2312C4900,ag2312C4900,991.0,0.0,0.0,0.0,1,510.0,1471.5,1,991.0,0.0,0.0,0.0,0.0,0.0,9
2023-05-10 21:05:43,ag2312C4900,ag2312C4900,991.0,0.0,0.0,0.0,2,510.5,1471.0,2,991.0,0.0,0.0,0.0,0.0,0.0,9
2023-05-10 21:05:43,ag2312C4900,ag2312C4900,991.0,0.0,0.0,0.0,2,510.5,1471.0,2,991.0,0.0,0.0,0.0,0.0,0.0,9
2023-05-10 21:05:44,ag2312C4900,ag2312C4900,991.0,0.0,0.0,0.0,1,512.0,1469.5,1,991.0,0.0,0.0,0.0,0.0,0.0,9
2023-05-10 21:05:44,ag2312C4900,ag2312C4900,991.0,0.0,0.0,0.0,1,512.0,1469.5,1,991.0,0.0,0.0,0.0,0.0,0.0,9
2023-05-10 21:05:45,ag2312C4900,ag2312C4900,991.0,0.0,0.0,0.0,2,512.5,1469.0,2,991.0,0.0,0.0,0.0,0.0,0.0,9
2023-05-10 21:05:46,ag2312C4900,ag2312C4900,991.0,0.0,0.0,0.0,2,512.5,1469.0,2,991.0,0.0,0.0,0.0,0.0,0.0,9
2023-05-10 21:05:46,ag2312C4900,ag2312C4900,991.0,0.0,0.0,0.0,1,514.0,1467.5,1,991.0,0.0,0.0,0.0,0.0,0.0,9
2023-05-10 21:05:47,ag2312C4900,ag2312C4900,991.0,0.0,0.0,0.0,1,514.0,1467.5,1,991.0,0.0,0.0,0.0,0.0,0.0,9
2023-05-10 21:05:47,ag2312C4900,ag2312C4900,991.0,0.0,0.0,0.0,2,514.5,1467.0,2,991.0,0.0,0.0,0.0,0.0,0.0,9
2023-05-10 21:05:48,ag2312C4900,ag2312C4900,991.0,0.0,0.0,0.0,2,514.5,1467.0,2,991.0,0.0,0.0,0.0,0.0,0.0,9
2023-05-10 21:05:48,ag2312C4900,ag2312C4900,991.0,0.0,0.0,0.0,1,516.0,1465.5,1,991.0,0.0,0.0,0.0,0.0,0.0,9
2023-05-10 21:05:49,ag2312C4900,ag2312C4900,991.0,0.0,0.0,0.0,1,516.0,1465.5,1,991.0,0.0,0.0,0.0,0.0,0.0,9
2023-05-10 21:05:49,ag2312C4900,ag2312C4900,991.0,0.0,0.0,0.0,2,516.5,1465.0,2,991.0,0.0,0.0,0.0,0.0,0.0,9
2023-05-10 21:05:50,ag2312C4900,ag2312C4900,991.0,0.0,0.0,0.0,2,516.5,1465.0,2,991.0,0.0,0.0,0.0,0.0,0.0,9
2023-05-10 21:06:05,ag2312C4900,ag2312C4900,991.0,0.0,0.0,0.0,1,518.0,1463.5,1,991.0,0.0,0.0,0.0,0.0,0.0,9
2023-05-10 21:06:05,ag2312C4900,ag2312C4900,991.0,0.0,0.0,0.0,1,518.0,1463.5,1,991.0,0.0,0.0,0.0,0.0,0.0,9
2023-05-10 21:06:06,ag2312C4900,ag2312C4900,991.0,0.0,0.0,0.0,2,518.5,1463.0,2,991.0,0.0,0.0,0.0,0.0,0.0,9
2023-05-10 21:06:06,ag2312C4900,ag2312C4900,991.0,0.0,0.0,0.0,1,520.0,1461.5,1,991.0,0.0,0.0,0.0,0.0,0.0,9
2023-05-10 21:06:07,ag2312C4900,ag2312C4900,991.0,0.0,0.0,0.0,1,520.0,1461.5,1,991.0,0.0,0.0,0.0,0.0,0.0,9
2023-05-10 21:06:07,ag2312C4900,ag2312C4900,991.0,0.0,0.0,0.0,2,520.5,1461.0,2,991.0,0.0,0.0,0.0,0.0,0.0,9
2023-05-10 21:06:08,ag2312C4900,ag2312C4900,991.0,0.0,0.0,0.0,2,520.5,1461.0,2,991.0,0.0,0.0,0.0,0.0,0.0,9
2023-05-10 21:06:09,ag2312C4900,ag2312C4900,991.0,0.0,0.0,0.0,1,522.0,1459.5,1,991.0,0.0,0.0,0.0,0.0,0.0,9
2023-05-10 21:06:09,ag2312C4900,ag2312C4900,991.0,0.0,0.0,0.0,1,522.0,1459.5,1,991.0,0.0,0.0,0.0,0.0,0.0,9
2023-05-10 21:06:10,ag2312C4900,ag2312C4900,991.0,0.0,0.0,0.0,2,522.5,1459.0,2,991.0,0.0,0.0,0.0,0.0,0.0,9
2023-05-10 21:06:10,ag2312C4900,ag2312C4900,991.0,0.0,0.0,0.0,2,522.5,1459.0,2,991.0,0.0,0.0,0.0,0.0,0.0,9
2023-05-10 21:06:13,ag2312C4900,ag2312C4900,991.0,0.0,0.0,0.0,1,524.0,1457.5,1,991.0,0.0,0.0,0.0,0.0,0.0,9
2023-05-10 21:06:13,ag2312C4900,ag2312C4900,991.0,0.0,0.0,0.0,1,524.0,1457.5,1,991.0,0.0,0.0,0.0,0.0,0.0,9
2023-05-10 21:06:14,ag2312C4900,ag2312C4900,991.0,0.0,0.0,0.0,2,524.5,1457.0,2,991.0,0.0,0.0,0.0,0.0,0.0,9
2023-05-10 21:06:15,ag2312C4900,ag2312C4900,991.0,0.0,0.0,0.0,2,524.5,1457.0,2,991.0,0.0,0.0,0.0,0.0,0.0,9
2023-05-10 21:06:15,ag2312C4900,ag2312C4900,991.0,0.0,0.0,0.0,1,526.0,1455.5,1,991.0,0.0,0.0,0.0,0.0,0.0,9
2023-05-10 21:06:16,ag2312C4900,ag2312C4900,991.0,0.0,0.0,0.0,1,526.0,1455.5,1,991.0,0.0,0.0,0.0,0.0,0.0,9
2023-05-10 21:06:16,ag2312C4900,ag2312C4900,991.0,0.0,0.0,0.0,2,526.5,1455.0,2,991.0,0.0,0.0,0.0,0.0,0.0,9
2023-05-10 21:06:17,ag2312C4900,ag2312C4900,991.0,0.0,0.0,0.0,2,526.5,1455.0,2,991.0,0.0,0.0,0.0,0.0,0.0,9
2023-05-10 21:06:39,ag2312C4900,ag2312C4900,991.0,0.0,0.0,0.0,1,528.0,1453.5,1,991.0,0.0,0.0,0.0,0.0,0.0,9
2023-05-10 21:06:39,ag2312C4900,ag2312C4900,991.0,0.0,0.0,0.0,1,528.0,1453.5,1,991.0,0.0,0.0,0.0,0.0,0.0,9
2023-05-10 21:06:40,ag2312C4900,ag2312C4900,991.0,0.0,0.0,0.0,2,528.5,1453.0,2,991.0,0.0,0.0,0.0,0.0,0.0,9
2023-05-10 21:06:40,ag2312C4900,ag2312C4900,991.0,0.0,0.0,0.0,2,528.5,1453.0,2,991.0,0.0,0.0,0.0,0.0,0.0,9
2023-05-10 21:06:42,ag2312C4900,ag2312C4900,991.0,0.0,0.0,0.0,1,530.0,1451.5,1,991.0,0.0,0.0,0.0,0.0,0.0,9
2023-05-10 21:06:42,ag2312C4900,ag2312C4900,991.0,0.0,0.0,0.0,1,530.0,1451.5,1,991.0,0.0,0.0,0.0,0.0,0.0,9
2023-05-10 21:06:43,ag2312C4900,ag2312C4900,991.0,0.0,0.0,0.0,2,530.5,1451.0,2,991.0,0.0,0.0,0.0,0.0,0.0,9
2023-05-10 21:06:44,ag2312C4900,ag2312C4900,991.0,0.0,0.0,0.0,2,530.5,1451.0,2,991.0,0.0,0.0,0.0,0.0,0.0,9
2023-05-10 21:06:44,ag2312C4900,ag2312C4900,991.0,0.0,0.0,0.0,1,532.0,1449.5,1,991.0,0.0,0.0,0.0,0.0,0.0,9
2023-05-10 21:06:45,ag2312C4900,ag2312C4900,991.0,0.0,0.0,0.0,1,532.0,1449.5,1,991.0,0.0,0.0,0.0,0.0,0.0,9
2023-05-10 21:06:45,ag2312C4900,ag2312C4900,991.0,0.0,0.0,0.0,2,532.5,1449.0,2,991.0,0.0,0.0,0.0,0.0,0.0,9
2023-05-10 21:06:46,ag2312C4900,ag2312C4900,991.0,0.0,0.0,0.0,2,532.5,1449.0,2,991.0,0.0,0.0,0.0,0.0,0.0,9
2023-05-10 21:07:02,ag2312C4900,ag2312C4900,991.0,0.0,0.0,0.0,1,534.0,1447.5,1,991.0,0.0,0.0,0.0,0.0,0.0,9
2023-05-10 21:07:02,ag2312C4900,ag2312C4900,991.0,0.0,0.0,0.0,1,534.0,1447.5,1,991.0,0.0,0.0,0.0,0.0,0.0,9
2023-05-10 21:07:03,ag2312C4900,ag2312C4900,991.0,0.0,0.0,0.0,2,534.5,1447.0,2,991.0,0.0,0.0,0.0,0.0,0.0,9
2023-05-10 21:07:03,ag2312C4900,ag2312C4900,991.0,0.0,0.0,0.0,2,534.5,1447.0,2,991.0,0.0,0.0,0.0,0.0,0.0,9
2023-05-10 21:07:27,ag2312C4900,ag2312C4900,991.0,0.0,0.0,0.0,1,536.0,1445.5,1,991.0,0.0,0.0,0.0,0.0,0.0,9
2023-05-10 21:07:27,ag2312C4900,ag2312C4900,991.0,0.0,0.0,0.0,1,536.0,1445.5,1,991.0,0.0,0.0,0.0,0.0,0.0,9
2023-05-10 21:07:28,ag2312C4900,ag2312C4900,991.0,0.0,0.0,0.0,2,536.5,1445.0,2,991.0,0.0,0.0,0.0,0.0,0.0,9
2023-05-10 21:07:28,ag2312C4900,ag2312C4900,991.0,0.0,0.0,0.0,2,536.5,1445.0,2,991.0,0.0,0.0,0.0,0.0,0.0,9
2023-05-10 21:07:30,ag2312C4900,ag2312C4900,991.0,0.0,0.0,0.0,1,538.0,1443.5,1,991.0,0.0,0.0,0.0,0.0,0.0,9
2023-05-10 21:07:30,ag2312C4900,ag2312C4900,991.0,0.0,0.0,0.0,1,538.0,1443.5,1,991.0,0.0,0.0,0.0,0.0,0.0,9
2023-05-10 21:07:31,ag2312C4900,ag2312C4900,991.0,0.0,0.0,0.0,2,538.5,1443.0,2,991.0,0.0,0.0,0.0,0.0,0.0,9
2023-05-10 21:07:31,ag2312C4900,ag2312C4900,991.0,0.0,0.0,0.0,1,540.0,1441.5,1,991.0,0.0,0.0,0.0,0.0,0.0,9
2023-05-10 21:07:32,ag2312C4900,ag2312C4900,991.0,0.0,0.0,0.0,1,540.0,1441.5,1,991.0,0.0,0.0,0.0,0.0,0.0,9
2023-05-10 21:07:32,ag2312C4900,ag2312C4900,991.0,0.0,0.0,0.0,2,540.5,1441.0,2,991.0,0.0,0.0,0.0,0.0,0.0,9
2023-05-10 21:07:33,ag2312C4900,ag2312C4900,991.0,0.0,0.0,0.0,2,540.5,1441.0,2,991.0,0.0,0.0,0.0,0.0,0.0,9
2023-05-10 21:07:33,ag2312C4900,ag2312C4900,991.0,0.0,0.0,0.0,1,542.0,1439.5,1,991.0,0.0,0.0,0.0,0.0,0.0,9
2023-05-10 21:07:34,ag2312C4900,ag2312C4900,991.0,0.0,0.0,0.0,1,542.0,1439.5,1,991.0,0.0,0.0,0.0,0.0,0.0,9
2023-05-10 21:07:34,ag2312C4900,ag2312C4900,991.0,0.0,0.0,0.0,2,542.5,1439.0,2,991.0,0.0,0.0,0.0,0.0,0.0,9
2023-05-10 21:07:35,ag2312C4900,ag2312C4900,991.0,0.0,0.0,0.0,2,542.5,1439.0,2,991.0,0.0,0.0,0.0,0.0,0.0,9
2023-05-10 21:07:35,ag2312C4900,ag2312C4900,991.0,0.0,0.0,0.0,1,544.0,1437.5,1,991.0,0.0,0.0,0.0,0.0,0.0,9
2023-05-10 21:07:36,ag2312C4900,ag2312C4900,991.0,0.0,0.0,0.0,1,544.0,1437.5,1,991.0,0.0,0.0,0.0,0.0,0.0,9
2023-05-10 21:07:36,ag2312C4900,ag2312C4900,991.0,0.0,0.0,0.0,2,544.5,1437.0,2,991.0,0.0,0.0,0.0,0.0,0.0,9
2023-05-10 21:07:37,ag2312C4900,ag2312C4900,991.0,0.0,0.0,0.0,1,546.0,1435.5,1,991.0,0.0,0.0,0.0,0.0,0.0,9
2023-05-10 21:07:37,ag2312C4900,ag2312C4900,991.0,0.0,0.0,0.0,1,546.0,1435.5,1,991.0,0.0,0.0,0.0,0.0,0.0,9
2023-05-10 21:07:38,ag2312C4900,ag2312C4900,991.0,0.0,0.0,0.0,2,546.5,1435.0,2,991.0,0.0,0.0,0.0,0.0,0.0,9
2023-05-10 21:07:38,ag2312C4900,ag2312C4900,991.0,0.0,0.0,0.0,2,546.5,1435.0,2,991.0,0.0,0.0,0.0,0.0,0.0,9
2023-05-10 21:07:40,ag2312C4900,ag2312C4900,991.0,0.0,0.0,0.0,1,548.0,1433.5,1,991.0,0.0,0.0,0.0,0.0,0.0,9
2023-05-10 21:07:40,ag2312C4900,ag2312C4900,991.0,0.0,0.0,0.0,1,548.0,1433.5,1,991.0,0.0,0.0,0.0,0.0,0.0,9
2023-05-10 21:07:41,ag2312C4900,ag2312C4900,991.0,0.0,0.0,0.0,2,548.5,1433.0,2,991.0,0.0,0.0,0.0,0.0,0.0,9
2023-05-10 21:07:42,ag2312C4900,ag2312C4900,991.0,0.0,0.0,0.0,2,548.5,1433.0,2,991.0,0.0,0.0,0.0,0.0,0.0,9
2023-05-10 21:07:42,ag2312C4900,ag2312C4900,991.0,0.0,0.0,0.0,1,550.0,1433.0,2,991.0,0.0,0.0,0.0,0.0,0.0,9
2023-05-10 21:07:43,ag2312C4900,ag2312C4900,991.0,0.0,0.0,0.0,1,550.0,1433.0,2,991.0,0.0,0.0,0.0,0.0,0.0,9
2023-05-10 21:07:43,ag2312C4900,ag2312C4900,991.0,0.0,0.0,0.0,2,550.5,1433.0,2,991.0,0.0,0.0,0.0,0.0,0.0,9
2023-05-10 21:07:44,ag2312C4900,ag2312C4900,991.0,0.0,0.0,0.0,2,550.5,1433.0,2,991.0,0.0,0.0,0.0,0.0,0.0,9
2023-05-10 21:07:44,ag2312C4900,ag2312C4900,991.0,0.0,0.0,0.0,1,552.0,1431.5,1,991.0,0.0,0.0,0.0,0.0,0.0,9
2023-05-10 21:07:45,ag2312C4900,ag2312C4900,991.0,0.0,0.0,0.0,1,552.0,1431.5,1,991.0,0.0,0.0,0.0,0.0,0.0,9
2023-05-10 21:07:45,ag2312C4900,ag2312C4900,991.0,0.0,0.0,0.0,2,552.5,1431.0,2,991.0,0.0,0.0,0.0,0.0,0.0,9
2023-05-10 21:07:46,ag2312C4900,ag2312C4900,991.0,0.0,0.0,0.0,2,552.5,1431.0,2,991.0,0.0,0.0,0.0,0.0,0.0,9
2023-05-10 21:07:48,ag2312C4900,ag2312C4900,991.0,0.0,0.0,0.0,1,554.0,1431.0,2,991.0,0.0,0.0,0.0,0.0,0.0,9
2023-05-10 21:07:49,ag2312C4900,ag2312C4900,991.0,0.0,0.0,0.0,1,554.0,1429.5,1,991.0,0.0,0.0,0.0,0.0,0.0,9
2023-05-10 21:07:49,ag2312C4900,ag2312C4900,991.0,0.0,0.0,0.0,2,554.5,1429.5,1,991.0,0.0,0.0,0.0,0.0,0.0,9
2023-05-10 21:07:50,ag2312C4900,ag2312C4900,991.0,0.0,0.0,0.0,2,554.5,1429.0,2,991.0,0.0,0.0,0.0,0.0,0.0,9
2023-05-10 21:07:50,ag2312C4900,ag2312C4900,991.0,0.0,0.0,0.0,2,554.5,1429.0,2,991.0,0.0,0.0,0.0,0.0,0.0,9
2023-05-10 21:07:51,ag2312C4900,ag2312C4900,991.0,0.0,0.0,0.0,1,556.0,1427.5,1,991.0,0.0,0.0,0.0,0.0,0.0,9
2023-05-10 21:07:51,ag2312C4900,ag2312C4900,991.0,0.0,0.0,0.0,1,556.0,1427.5,1,991.0,0.0,0.0,0.0,0.0,0.0,9
2023-05-10 21:07:52,ag2312C4900,ag2312C4900,991.0,0.0,0.0,0.0,2,556.5,1427.0,2,991.0,0.0,0.0,0.0,0.0,0.0,9
2023-05-10 21:07:52,ag2312C4900,ag2312C4900,991.0,0.0,0.0,0.0,2,556.5,1427.0,2,991.0,0.0,0.0,0.0,0.0,0.0,9
2023-05-10 21:08:14,ag2312C4900,ag2312C4900,991.0,0.0,0.0,0.0,1,558.0,1425.5,1,991.0,0.0,0.0,0.0,0.0,0.0,9
2023-05-10 21:08:15,ag2312C4900,ag2312C4900,991.0,0.0,0.0,0.0,1,558.0,1425.5,1,991.0,0.0,0.0,0.0,0.0,0.0,9
2023-05-10 21:08:15,ag2312C4900,ag2312C4900,991.0,0.0,0.0,0.0,2,558.5,1425.0,2,991.0,0.0,0.0,0.0,0.0,0.0,9
2023-05-10 21:08:16,ag2312C4900,ag2312C4900,991.0,0.0,0.0,0.0,2,558.5,1425.0,2,991.0,0.0,0.0,0.0,0.0,0.0,9
2023-05-10 21:08:16,ag2312C4900,ag2312C4900,991.0,0.0,0.0,0.0,1,560.0,1423.5,1,991.0,0.0,0.0,0.0,0.0,0.0,9
2023-05-10 21:08:17,ag2312C4900,ag2312C4900,991.0,0.0,0.0,0.0,1,560.0,1423.5,1,991.0,0.0,0.0,0.0,0.0,0.0,9
2023-05-10 21:08:17,ag2312C4900,ag2312C4900,991.0,0.0,0.0,0.0,2,560.5,1423.0,2,991.0,0.0,0.0,0.0,0.0,0.0,9
2023-05-10 21:08:18,ag2312C4900,ag2312C4900,991.0,0.0,0.0,0.0,2,560.5,1423.0,2,991.0,0.0,0.0,0.0,0.0,0.0,9
2023-05-10 21:08:18,ag2312C4900,ag2312C4900,991.0,0.0,0.0,0.0,1,562.0,1421.5,1,991.0,0.0,0.0,0.0,0.0,0.0,9
2023-05-10 21:08:19,ag2312C4900,ag2312C4900,991.0,0.0,0.0,0.0,1,562.0,1421.5,1,991.0,0.0,0.0,0.0,0.0,0.0,9
2023-05-10 21:08:19,ag2312C4900,ag2312C4900,991.0,0.0,0.0,0.0,2,562.5,1421.0,2,991.0,0.0,0.0,0.0,0.0,0.0,9
2023-05-10 21:08:20,ag2312C4900,ag2312C4900,991.0,0.0,0.0,0.0,2,562.5,1421.0,2,991.0,0.0,0.0,0.0,0.0,0.0,9
2023-05-10 21:08:35,ag2312C4900,ag2312C4900,991.0,0.0,0.0,0.0,1,564.0,1419.5,1,991.0,0.0,0.0,0.0,0.0,0.0,9
2023-05-10 21:08:36,ag2312C4900,ag2312C4900,991.0,0.0,0.0,0.0,1,564.0,1419.5,1,991.0,0.0,0.0,0.0,0.0,0.0,9
2023-05-10 21:08:36,ag2312C4900,ag2312C4900,991.0,0.0,0.0,0.0,2,564.5,1419.0,2,991.0,0.0,0.0,0.0,0.0,0.0,9
2023-05-10 21:08:37,ag2312C4900,ag2312C4900,991.0,0.0,0.0,0.0,2,564.5,1419.0,2,991.0,0.0,0.0,0.0,0.0,0.0,9
2023-05-10 21:08:40,ag2312C4900,ag2312C4900,991.0,0.0,0.0,0.0,1,566.0,1417.5,1,991.0,0.0,0.0,0.0,0.0,0.0,9
2023-05-10 21:08:40,ag2312C4900,ag2312C4900,991.0,0.0,0.0,0.0,1,566.0,1417.5,1,991.0,0.0,0.0,0.0,0.0,0.0,9
2023-05-10 21:08:41,ag2312C4900,ag2312C4900,991.0,0.0,0.0,0.0,2,566.5,1417.0,2,991.0,0.0,0.0,0.0,0.0,0.0,9
2023-05-10 21:08:41,ag2312C4900,ag2312C4900,991.0,0.0,0.0,0.0,2,566.5,1417.0,2,991.0,0.0,0.0,0.0,0.0,0.0,9
2023-05-10 21:08:42,ag2312C4900,ag2312C4900,991.0,0.0,0.0,0.0,1,568.0,1415.5,1,991.0,0.0,0.0,0.0,0.0,0.0,9
2023-05-10 21:08:42,ag2312C4900,ag2312C4900,991.0,0.0,0.0,0.0,1,568.0,1415.5,1,991.0,0.0,0.0,0.0,0.0,0.0,9
2023-05-10 21:08:43,ag2312C4900,ag2312C4900,991.0,0.0,0.0,0.0,2,568.5,1415.0,2,991.0,0.0,0.0,0.0,0.0,0.0,9
2023-05-10 21:08:43,ag2312C4900,ag2312C4900,991.0,0.0,0.0,0.0,2,568.5,1415.0,2,991.0,0.0,0.0,0.0,0.0,0.0,9
2023-05-10 21:08:45,ag2312C4900,ag2312C4900,991.0,0.0,0.0,0.0,1,570.0,1413.5,1,991.0,0.0,0.0,0.0,0.0,0.0,9
2023-05-10 21:08:45,ag2312C4900,ag2312C4900,991.0,0.0,0.0,0.0,1,570.0,1413.5,1,991.0,0.0,0.0,0.0,0.0,0.0,9
2023-05-10 21:08:46,ag2312C4900,ag2312C4900,991.0,0.0,0.0,0.0,2,570.5,1413.0,2,991.0,0.0,0.0,0.0,0.0,0.0,9
2023-05-10 21:08:46,ag2312C4900,ag2312C4900,991.0,0.0,0.0,0.0,2,570.5,1413.0,2,991.0,0.0,0.0,0.0,0.0,0.0,9
2023-05-10 21:09:07,ag2312C4900,ag2312C4900,991.0,0.0,0.0,0.0,1,572.0,1413.0,2,991.0,0.0,0.0,0.0,0.0,0.0,9
2023-05-10 21:09:07,ag2312C4900,ag2312C4900,991.0,0.0,0.0,0.0,1,572.0,1413.0,2,991.0,0.0,0.0,0.0,0.0,0.0,9
2023-05-10 21:09:08,ag2312C4900,ag2312C4900,991.0,0.0,0.0,0.0,2,572.5,1413.0,2,991.0,0.0,0.0,0.0,0.0,0.0,9
2023-05-10 21:09:08,ag2312C4900,ag2312C4900,991.0,0.0,0.0,0.0,2,572.5,1413.0,2,991.0,0.0,0.0,0.0,0.0,0.0,9
2023-05-10 21:09:09,ag2312C4900,ag2312C4900,991.0,0.0,0.0,0.0,1,574.0,1411.5,1,991.0,0.0,0.0,0.0,0.0,0.0,9
2023-05-10 21:09:09,ag2312C4900,ag2312C4900,991.0,0.0,0.0,0.0,1,574.0,1411.5,1,991.0,0.0,0.0,0.0,0.0,0.0,9
2023-05-10 21:09:10,ag2312C4900,ag2312C4900,991.0,0.0,0.0,0.0,2,574.5,1411.0,2,991.0,0.0,0.0,0.0,0.0,0.0,9
2023-05-10 21:09:10,ag2312C4900,ag2312C4900,991.0,0.0,0.0,0.0,2,574.5,1411.0,2,991.0,0.0,0.0,0.0,0.0,0.0,9
2023-05-10 21:09:12,ag2312C4900,ag2312C4900,991.0,0.0,0.0,0.0,1,576.0,1409.5,1,991.0,0.0,0.0,0.0,0.0,0.0,9
2023-05-10 21:09:12,ag2312C4900,ag2312C4900,991.0,0.0,0.0,0.0,1,576.0,1409.5,1,991.0,0.0,0.0,0.0,0.0,0.0,9
2023-05-10 21:09:13,ag2312C4900,ag2312C4900,991.0,0.0,0.0,0.0,2,576.5,1409.0,2,991.0,0.0,0.0,0.0,0.0,0.0,9
2023-05-10 21:09:14,ag2312C4900,ag2312C4900,991.0,0.0,0.0,0.0,2,576.5,1409.0,2,991.0,0.0,0.0,0.0,0.0,0.0,9
2023-05-10 21:09:14,ag2312C4900,ag2312C4900,991.0,0.0,0.0,0.0,1,578.0,1407.5,1,991.0,0.0,0.0,0.0,0.0,0.0,9
2023-05-10 21:09:15,ag2312C4900,ag2312C4900,991.0,0.0,0.0,0.0,1,578.0,1407.5,1,991.0,0.0,0.0,0.0,0.0,0.0,9
2023-05-10 21:09:15,ag2312C4900,ag2312C4900,991.0,0.0,0.0,0.0,2,578.5,1407.0,2,991.0,0.0,0.0,0.0,0.0,0.0,9
2023-05-10 21:09:16,ag2312C4900,ag2312C4900,991.0,0.0,0.0,0.0,2,578.5,1407.0,2,991.0,0.0,0.0,0.0,0.0,0.0,9
2023-05-10 21:09:16,ag2312C4900,ag2312C4900,991.0,0.0,0.0,0.0,1,580.0,1405.5,1,991.0,0.0,0.0,0.0,0.0,0.0,9
2023-05-10 21:09:17,ag2312C4900,ag2312C4900,991.0,0.0,0.0,0.0,1,580.0,1405.5,1,991.0,0.0,0.0,0.0,0.0,0.0,9
2023-05-10 21:09:17,ag2312C4900,ag2312C4900,991.0,0.0,0.0,0.0,2,580.5,1405.0,2,991.0,0.0,0.0,0.0,0.0,0.0,9
2023-05-10 21:09:18,ag2312C4900,ag2312C4900,991.0,0.0,0.0,0.0,2,580.5,1405.0,2,991.0,0.0,0.0,0.0,0.0,0.0,9
2023-05-10 21:09:38,ag2312C4900,ag2312C4900,991.0,0.0,0.0,0.0,1,582.0,1403.5,1,991.0,0.0,0.0,0.0,0.0,0.0,9
2023-05-10 21:09:39,ag2312C4900,ag2312C4900,991.0,0.0,0.0,0.0,1,582.0,1403.5,1,991.0,0.0,0.0,0.0,0.0,0.0,9
2023-05-10 21:09:39,ag2312C4900,ag2312C4900,991.0,0.0,0.0,0.0,2,582.5,1403.0,2,991.0,0.0,0.0,0.0,0.0,0.0,9
2023-05-10 21:09:40,ag2312C4900,ag2312C4900,991.0,0.0,0.0,0.0,2,582.5,1403.0,2,991.0,0.0,0.0,0.0,0.0,0.0,9
2023-05-10 21:09:40,ag2312C4900,ag2312C4900,991.0,0.0,0.0,0.0,1,584.0,1403.0,2,991.0,0.0,0.0,0.0,0.0,0.0,9
2023-05-10 21:09:41,ag2312C4900,ag2312C4900,991.0,0.0,0.0,0.0,1,584.0,1403.0,2,991.0,0.0,0.0,0.0,0.0,0.0,9
2023-05-10 21:09:41,ag2312C4900,ag2312C4900,991.0,0.0,0.0,0.0,2,584.5,1401.5,1,991.0,0.0,0.0,0.0,0.0,0.0,9
2023-05-10 21:09:42,ag2312C4900,ag2312C4900,991.0,0.0,0.0,0.0,2,584.5,1401.5,1,991.0,0.0,0.0,0.0,0.0,0.0,9
2023-05-10 21:09:42,ag2312C4900,ag2312C4900,991.0,0.0,0.0,0.0,1,586.0,1401.0,2,991.0,0.0,0.0,0.0,0.0,0.0,9
2023-05-10 21:09:43,ag2312C4900,ag2312C4900,991.0,0.0,0.0,0.0,1,586.0,1401.0,2,991.0,0.0,0.0,0.0,0.0,0.0,9
2023-05-10 21:09:43,ag2312C4900,ag2312C4900,991.0,0.0,0.0,0.0,2,586.5,1401.0,2,991.0,0.0,0.0,0.0,0.0,0.0,9
2023-05-10 21:09:44,ag2312C4900,ag2312C4900,991.0,0.0,0.0,0.0,2,586.5,1401.0,2,991.0,0.0,0.0,0.0,0.0,0.0,9
2023-05-10 21:09:44,ag2312C4900,ag2312C4900,991.0,0.0,0.0,0.0,1,588.0,1399.5,1,991.0,0.0,0.0,0.0,0.0,0.0,9
2023-05-10 21:09:45,ag2312C4900,ag2312C4900,991.0,0.0,0.0,0.0,1,588.0,1399.5,1,991.0,0.0,0.0,0.0,0.0,0.0,9
2023-05-10 21:09:45,ag2312C4900,ag2312C4900,991.0,0.0,0.0,0.0,2,588.5,1399.0,2,991.0,0.0,0.0,0.0,0.0,0.0,9
2023-05-10 21:09:46,ag2312C4900,ag2312C4900,991.0,0.0,0.0,0.0,2,588.5,1399.0,2,991.0,0.0,0.0,0.0,0.0,0.0,9
2023-05-10 21:10:04,ag2312C4900,ag2312C4900,991.0,0.0,0.0,0.0,1,590.0,1397.5,1,991.0,0.0,0.0,0.0,0.0,0.0,9
2023-05-10 21:10:05,ag2312C4900,ag2312C4900,991.0,0.0,0.0,0.0,1,590.0,1397.5,1,991.0,0.0,0.0,0.0,0.0,0.0,9
2023-05-10 21:10:05,ag2312C4900,ag2312C4900,991.0,0.0,0.0,0.0,2,590.5,1397.0,2,991.0,0.0,0.0,0.0,0.0,0.0,9
2023-05-10 21:10:06,ag2312C4900,ag2312C4900,991.0,0.0,0.0,0.0,2,590.5,1397.0,2,991.0,0.0,0.0,0.0,0.0,0.0,9
2023-05-10 21:10:06,ag2312C4900,ag2312C4900,991.0,0.0,0.0,0.0,1,592.0,1395.5,1,991.0,0.0,0.0,0.0,0.0,0.0,9
2023-05-10 21:10:07,ag2312C4900,ag2312C4900,991.0,0.0,0.0,0.0,1,592.0,1395.5,1,991.0,0.0,0.0,0.0,0.0,0.0,9
2023-05-10 21:10:07,ag2312C4900,ag2312C4900,991.0,0.0,0.0,0.0,2,592.5,1395.0,2,991.0,0.0,0.0,0.0,0.0,0.0,9
2023-05-10 21:10:08,ag2312C4900,ag2312C4900,991.0,0.0,0.0,0.0,2,592.5,1395.0,2,991.0,0.0,0.0,0.0,0.0,0.0,9
2023-05-10 21:10:09,ag2312C4900,ag2312C4900,991.0,0.0,0.0,0.0,1,594.0,1393.5,1,991.0,0.0,0.0,0.0,0.0,0.0,9
2023-05-10 21:10:10,ag2312C4900,ag2312C4900,991.0,0.0,0.0,0.0,1,594.0,1393.5,1,991.0,0.0,0.0,0.0,0.0,0.0,9
2023-05-10 21:10:10,ag2312C4900,ag2312C4900,991.0,0.0,0.0,0.0,2,594.5,1393.0,2,991.0,0.0,0.0,0.0,0.0,0.0,9
2023-05-10 21:10:11,ag2312C4900,ag2312C4900,991.0,0.0,0.0,0.0,2,594.5,1393.0,2,991.0,0.0,0.0,0.0,0.0,0.0,9
2023-05-10 21:10:11,ag2312C4900,ag2312C4900,991.0,0.0,0.0,0.0,1,596.0,1391.5,1,991.0,0.0,0.0,0.0,0.0,0.0,9
2023-05-10 21:10:12,ag2312C4900,ag2312C4900,991.0,0.0,0.0,0.0,1,596.0,1391.5,1,991.0,0.0,0.0,0.0,0.0,0.0,9
2023-05-10 21:10:12,ag2312C4900,ag2312C4900,991.0,0.0,0.0,0.0,2,596.5,1391.0,2,991.0,0.0,0.0,0.0,0.0,0.0,9
2023-05-10 21:10:13,ag2312C4900,ag2312C4900,991.0,0.0,0.0,0.0,2,596.5,1391.0,2,991.0,0.0,0.0,0.0,0.0,0.0,9
2023-05-10 21:10:14,ag2312C4900,ag2312C4900,991.0,0.0,0.0,0.0,1,598.0,1389.5,1,991.0,0.0,0.0,0.0,0.0,0.0,9
2023-05-10 21:10:14,ag2312C4900,ag2312C4900,991.0,0.0,0.0,0.0,1,598.0,1389.5,1,991.0,0.0,0.0,0.0,0.0,0.0,9
2023-05-10 21:10:15,ag2312C4900,ag2312C4900,991.0,0.0,0.0,0.0,2,598.5,1389.0,2,991.0,0.0,0.0,0.0,0.0,0.0,9
2023-05-10 21:10:15,ag2312C4900,ag2312C4900,991.0,0.0,0.0,0.0,2,598.5,1389.0,2,991.0,0.0,0.0,0.0,0.0,0.0,9
2023-05-10 21:10:16,ag2312C4900,ag2312C4900,991.0,0.0,0.0,0.0,1,600.0,1387.5,1,991.0,0.0,0.0,0.0,0.0,0.0,9
2023-05-10 21:10:16,ag2312C4900,ag2312C4900,991.0,0.0,0.0,0.0,1,600.0,1387.5,1,991.0,0.0,0.0,0.0,0.0,0.0,9
2023-05-10 21:10:17,ag2312C4900,ag2312C4900,991.0,0.0,0.0,0.0,2,600.5,1387.0,2,991.0,0.0,0.0,0.0,0.0,0.0,9
2023-05-10 21:10:17,ag2312C4900,ag2312C4900,991.0,0.0,0.0,0.0,2,600.5,1387.0,2,991.0,0.0,0.0,0.0,0.0,0.0,9
2023-05-10 21:10:19,ag2312C4900,ag2312C4900,991.0,0.0,0.0,0.0,1,602.0,1385.5,1,991.0,0.0,0.0,0.0,0.0,0.0,9
2023-05-10 21:10:19,ag2312C4900,ag2312C4900,991.0,0.0,0.0,0.0,1,602.0,1385.5,1,991.0,0.0,0.0,0.0,0.0,0.0,9
2023-05-10 21:10:20,ag2312C4900,ag2312C4900,991.0,0.0,0.0,0.0,2,602.5,1385.0,2,991.0,0.0,0.0,0.0,0.0,0.0,9
2023-05-10 21:10:21,ag2312C4900,ag2312C4900,991.0,0.0,0.0,0.0,2,602.5,1385.0,2,991.0,0.0,0.0,0.0,0.0,0.0,9
2023-05-10 21:10:23,ag2312C4900,ag2312C4900,991.0,0.0,0.0,0.0,1,604.0,1383.5,1,991.0,0.0,0.0,0.0,0.0,0.0,9
2023-05-10 21:10:24,ag2312C4900,ag2312C4900,991.0,0.0,0.0,0.0,1,604.0,1383.5,1,991.0,0.0,0.0,0.0,0.0,0.0,9
2023-05-10 21:10:24,ag2312C4900,ag2312C4900,991.0,0.0,0.0,0.0,2,604.5,1383.0,2,991.0,0.0,0.0,0.0,0.0,0.0,9
2023-05-10 21:10:25,ag2312C4900,ag2312C4900,991.0,0.0,0.0,0.0,2,604.5,1383.0,2,991.0,0.0,0.0,0.0,0.0,0.0,9
2023-05-10 21:10:29,ag2312C4900,ag2312C4900,991.0,0.0,0.0,0.0,1,606.0,1381.5,1,991.0,0.0,0.0,0.0,0.0,0.0,9
2023-05-10 21:10:30,ag2312C4900,ag2312C4900,991.0,0.0,0.0,0.0,1,606.0,1381.5,1,991.0,0.0,0.0,0.0,0.0,0.0,9
2023-05-10 21:10:30,ag2312C4900,ag2312C4900,991.0,0.0,0.0,0.0,2,606.5,1381.0,2,991.0,0.0,0.0,0.0,0.0,0.0,9
2023-05-10 21:10:31,ag2312C4900,ag2312C4900,991.0,0.0,0.0,0.0,2,606.5,1381.0,2,991.0,0.0,0.0,0.0,0.0,0.0,9
2023-05-10 21:10:42,ag2312C4900,ag2312C4900,991.0,0.0,0.0,0.0,1,608.0,1379.5,1,991.0,0.0,0.0,0.0,0.0,0.0,9
2023-05-10 21:10:42,ag2312C4900,ag2312C4900,991.0,0.0,0.0,0.0,1,608.0,1379.5,1,991.0,0.0,0.0,0.0,0.0,0.0,9
2023-05-10 21:10:43,ag2312C4900,ag2312C4900,991.0,0.0,0.0,0.0,2,608.5,1379.0,2,991.0,0.0,0.0,0.0,0.0,0.0,9
2023-05-10 21:10:43,ag2312C4900,ag2312C4900,991.0,0.0,0.0,0.0,2,608.5,1379.0,2,991.0,0.0,0.0,0.0,0.0,0.0,9
2023-05-10 21:10:46,ag2312C4900,ag2312C4900,991.0,0.0,0.0,0.0,1,610.0,1377.5,1,991.0,0.0,0.0,0.0,0.0,0.0,9
2023-05-10 21:10:47,ag2312C4900,ag2312C4900,991.0,0.0,0.0,0.0,1,610.0,1377.5,1,991.0,0.0,0.0,0.0,0.0,0.0,9
2023-05-10 21:10:47,ag2312C4900,ag2312C4900,991.0,0.0,0.0,0.0,2,610.5,1377.0,2,991.0,0.0,0.0,0.0,0.0,0.0,9
2023-05-10 21:10:48,ag2312C4900,ag2312C4900,991.0,0.0,0.0,0.0,1,612.0,1375.5,1,991.0,0.0,0.0,0.0,0.0,0.0,9
2023-05-10 21:10:48,ag2312C4900,ag2312C4900,991.0,0.0,0.0,0.0,1,612.0,1375.5,1,991.0,0.0,0.0,0.0,0.0,0.0,9
2023-05-10 21:10:49,ag2312C4900,ag2312C4900,991.0,0.0,0.0,0.0,2,612.5,1375.0,2,991.0,0.0,0.0,0.0,0.0,0.0,9
2023-05-10 21:10:49,ag2312C4900,ag2312C4900,991.0,0.0,0.0,0.0,2,612.5,1375.0,2,991.0,0.0,0.0,0.0,0.0,0.0,9
2023-05-10 21:11:17,ag2312C4900,ag2312C4900,991.0,0.0,0.0,0.0,1,614.0,1373.5,1,991.0,0.0,0.0,0.0,0.0,0.0,9
2023-05-10 21:11:18,ag2312C4900,ag2312C4900,991.0,0.0,0.0,0.0,1,614.0,1373.5,1,991.0,0.0,0.0,0.0,0.0,0.0,9
2023-05-10 21:11:18,ag2312C4900,ag2312C4900,991.0,0.0,0.0,0.0,2,614.5,1373.0,2,991.0,0.0,0.0,0.0,0.0,0.0,9
2023-05-10 21:11:19,ag2312C4900,ag2312C4900,991.0,0.0,0.0,0.0,2,614.5,1373.0,2,991.0,0.0,0.0,0.0,0.0,0.0,9
2023-05-10 21:11:19,ag2312C4900,ag2312C4900,991.0,0.0,0.0,0.0,1,616.0,1371.5,1,991.0,0.0,0.0,0.0,0.0,0.0,9
2023-05-10 21:11:20,ag2312C4900,ag2312C4900,991.0,0.0,0.0,0.0,1,616.0,1371.5,1,991.0,0.0,0.0,0.0,0.0,0.0,9
2023-05-10 21:11:20,ag2312C4900,ag2312C4900,991.0,0.0,0.0,0.0,2,616.5,1371.0,2,991.0,0.0,0.0,0.0,0.0,0.0,9
2023-05-10 21:11:21,ag2312C4900,ag2312C4900,991.0,0.0,0.0,0.0,2,616.5,1371.0,2,991.0,0.0,0.0,0.0,0.0,0.0,9
2023-05-10 21:11:21,ag2312C4900,ag2312C4900,991.0,0.0,0.0,0.0,1,618.0,1369.5,1,991.0,0.0,0.0,0.0,0.0,0.0,9
2023-05-10 21:11:22,ag2312C4900,ag2312C4900,991.0,0.0,0.0,0.0,1,618.0,1369.5,1,991.0,0.0,0.0,0.0,0.0,0.0,9
2023-05-10 21:11:22,ag2312C4900,ag2312C4900,991.0,0.0,0.0,0.0,2,618.5,1369.0,2,991.0,0.0,0.0,0.0,0.0,0.0,9
2023-05-10 21:11:23,ag2312C4900,ag2312C4900,991.0,0.0,0.0,0.0,2,618.5,1369.0,2,991.0,0.0,0.0,0.0,0.0,0.0,9
2023-05-10 21:11:23,ag2312C4900,ag2312C4900,991.0,0.0,0.0,0.0,1,620.0,1369.0,2,991.0,0.0,0.0,0.0,0.0,0.0,9
2023-05-10 21:11:24,ag2312C4900,ag2312C4900,991.0,0.0,0.0,0.0,1,620.0,1369.0,2,991.0,0.0,0.0,0.0,0.0,0.0,9
2023-05-10 21:11:24,ag2312C4900,ag2312C4900,991.0,0.0,0.0,0.0,2,620.5,1369.0,2,991.0,0.0,0.0,0.0,0.0,0.0,9
2023-05-10 21:11:25,ag2312C4900,ag2312C4900,991.0,0.0,0.0,0.0,2,620.5,1369.0,2,991.0,0.0,0.0,0.0,0.0,0.0,9
2023-05-10 21:11:25,ag2312C4900,ag2312C4900,991.0,0.0,0.0,0.0,1,622.0,1367.5,1,991.0,0.0,0.0,0.0,0.0,0.0,9
2023-05-10 21:11:26,ag2312C4900,ag2312C4900,991.0,0.0,0.0,0.0,2,622.5,1367.0,2,991.0,0.0,0.0,0.0,0.0,0.0,9
2023-05-10 21:11:26,ag2312C4900,ag2312C4900,991.0,0.0,0.0,0.0,2,622.5,1367.0,2,991.0,0.0,0.0,0.0,0.0,0.0,9
2023-05-10 21:11:31,ag2312C4900,ag2312C4900,991.0,0.0,0.0,0.0,1,624.0,1367.0,2,991.0,0.0,0.0,0.0,0.0,0.0,9
2023-05-10 21:11:32,ag2312C4900,ag2312C4900,991.0,0.0,0.0,0.0,1,624.0,1365.5,1,991.0,0.0,0.0,0.0,0.0,0.0,9
2023-05-10 21:11:32,ag2312C4900,ag2312C4900,991.0,0.0,0.0,0.0,2,624.5,1365.5,1,991.0,0.0,0.0,0.0,0.0,0.0,9
2023-05-10 21:11:33,ag2312C4900,ag2312C4900,991.0,0.0,0.0,0.0,1,626.0,1365.0,2,991.0,0.0,0.0,0.0,0.0,0.0,9
2023-05-10 21:11:33,ag2312C4900,ag2312C4900,991.0,0.0,0.0,0.0,1,626.0,1365.0,2,991.0,0.0,0.0,0.0,0.0,0.0,9
2023-05-10 21:11:34,ag2312C4900,ag2312C4900,991.0,0.0,0.0,0.0,2,626.5,1365.0,2,991.0,0.0,0.0,0.0,0.0,0.0,9
2023-05-10 21:11:35,ag2312C4900,ag2312C4900,991.0,0.0,0.0,0.0,2,626.5,1365.0,2,991.0,0.0,0.0,0.0,0.0,0.0,9
2023-05-10 21:11:35,ag2312C4900,ag2312C4900,991.0,0.0,0.0,0.0,1,628.0,1363.5,1,991.0,0.0,0.0,0.0,0.0,0.0,9
2023-05-10 21:11:36,ag2312C4900,ag2312C4900,991.0,0.0,0.0,0.0,1,628.0,1363.5,1,991.0,0.0,0.0,0.0,0.0,0.0,9
2023-05-10 21:11:36,ag2312C4900,ag2312C4900,991.0,0.0,0.0,0.0,2,628.5,1363.0,2,991.0,0.0,0.0,0.0,0.0,0.0,9
2023-05-10 21:11:37,ag2312C4900,ag2312C4900,991.0,0.0,0.0,0.0,2,628.5,1363.0,2,991.0,0.0,0.0,0.0,0.0,0.0,9
2023-05-10 21:11:37,ag2312C4900,ag2312C4900,991.0,0.0,0.0,0.0,1,630.0,1361.5,1,991.0,0.0,0.0,0.0,0.0,0.0,9
2023-05-10 21:11:38,ag2312C4900,ag2312C4900,991.0,0.0,0.0,0.0,1,630.0,1361.5,1,991.0,0.0,0.0,0.0,0.0,0.0,9
2023-05-10 21:11:38,ag2312C4900,ag2312C4900,991.0,0.0,0.0,0.0,2,630.5,1361.0,2,991.0,0.0,0.0,0.0,0.0,0.0,9
2023-05-10 21:11:39,ag2312C4900,ag2312C4900,991.0,0.0,0.0,0.0,2,630.5,1361.0,2,991.0,0.0,0.0,0.0,0.0,0.0,9
2023-05-10 21:11:52,ag2312C4900,ag2312C4900,991.0,0.0,0.0,0.0,2,630.5,1359.5,1,991.0,0.0,0.0,0.0,0.0,0.0,9
2023-05-10 21:11:52,ag2312C4900,ag2312C4900,991.0,0.0,0.0,0.0,1,632.0,1359.5,1,991.0,0.0,0.0,0.0,0.0,0.0,9
2023-05-10 21:11:53,ag2312C4900,ag2312C4900,991.0,0.0,0.0,0.0,1,632.0,1359.0,2,991.0,0.0,0.0,0.0,0.0,0.0,9
2023-05-10 21:11:53,ag2312C4900,ag2312C4900,991.0,0.0,0.0,0.0,2,632.5,1357.5,1,991.0,0.0,0.0,0.0,0.0,0.0,9
2023-05-10 21:11:54,ag2312C4900,ag2312C4900,991.0,0.0,0.0,0.0,2,632.5,1357.5,1,991.0,0.0,0.0,0.0,0.0,0.0,9
2023-05-10 21:11:54,ag2312C4900,ag2312C4900,991.0,0.0,0.0,0.0,2,632.5,1357.0,2,991.0,0.0,0.0,0.0,0.0,0.0,9
2023-05-10 21:11:55,ag2312C4900,ag2312C4900,991.0,0.0,0.0,0.0,2,632.5,1357.0,2,991.0,0.0,0.0,0.0,0.0,0.0,9
2023-05-10 21:12:10,ag2312C4900,ag2312C4900,991.0,0.0,0.0,0.0,1,634.0,1355.5,1,991.0,0.0,0.0,0.0,0.0,0.0,9
2023-05-10 21:12:11,ag2312C4900,ag2312C4900,991.0,0.0,0.0,0.0,1,634.0,1355.5,1,991.0,0.0,0.0,0.0,0.0,0.0,9
2023-05-10 21:12:11,ag2312C4900,ag2312C4900,991.0,0.0,0.0,0.0,2,634.5,1355.0,2,991.0,0.0,0.0,0.0,0.0,0.0,9
2023-05-10 21:12:12,ag2312C4900,ag2312C4900,991.0,0.0,0.0,0.0,2,634.5,1355.0,2,991.0,0.0,0.0,0.0,0.0,0.0,9
2023-05-10 21:12:23,ag2312C4900,ag2312C4900,991.0,0.0,0.0,0.0,1,636.0,1355.0,2,991.0,0.0,0.0,0.0,0.0,0.0,9
2023-05-10 21:12:24,ag2312C4900,ag2312C4900,991.0,0.0,0.0,0.0,1,636.0,1355.0,2,991.0,0.0,0.0,0.0,0.0,0.0,9
2023-05-10 21:12:24,ag2312C4900,ag2312C4900,991.0,0.0,0.0,0.0,2,636.5,1355.0,2,991.0,0.0,0.0,0.0,0.0,0.0,9
2023-05-10 21:12:25,ag2312C4900,ag2312C4900,991.0,0.0,0.0,0.0,2,636.5,1355.0,2,991.0,0.0,0.0,0.0,0.0,0.0,9
2023-05-10 21:12:38,ag2312C4900,ag2312C4900,991.0,0.0,0.0,0.0,1,638.0,1353.5,1,991.0,0.0,0.0,0.0,0.0,0.0,9
2023-05-10 21:12:38,ag2312C4900,ag2312C4900,991.0,0.0,0.0,0.0,1,638.0,1353.5,1,991.0,0.0,0.0,0.0,0.0,0.0,9
2023-05-10 21:12:39,ag2312C4900,ag2312C4900,991.0,0.0,0.0,0.0,2,638.5,1353.0,2,991.0,0.0,0.0,0.0,0.0,0.0,9
2023-05-10 21:12:40,ag2312C4900,ag2312C4900,991.0,0.0,0.0,0.0,2,638.5,1353.0,2,991.0,0.0,0.0,0.0,0.0,0.0,9
2023-05-10 21:12:48,ag2312C4900,ag2312C4900,991.0,0.0,0.0,0.0,1,640.0,1351.5,1,991.0,0.0,0.0,0.0,0.0,0.0,9
2023-05-10 21:12:48,ag2312C4900,ag2312C4900,991.0,0.0,0.0,0.0,1,640.0,1351.5,1,991.0,0.0,0.0,0.0,0.0,0.0,9
2023-05-10 21:12:49,ag2312C4900,ag2312C4900,991.0,0.0,0.0,0.0,2,640.5,1351.0,2,991.0,0.0,0.0,0.0,0.0,0.0,9
2023-05-10 21:12:50,ag2312C4900,ag2312C4900,991.0,0.0,0.0,0.0,2,640.5,1351.0,2,991.0,0.0,0.0,0.0,0.0,0.0,9
2023-05-10 21:12:57,ag2312C4900,ag2312C4900,991.0,0.0,0.0,0.0,1,642.0,1351.0,2,991.0,0.0,0.0,0.0,0.0,0.0,9
2023-05-10 21:12:57,ag2312C4900,ag2312C4900,991.0,0.0,0.0,0.0,1,642.0,1351.0,2,991.0,0.0,0.0,0.0,0.0,0.0,9
2023-05-10 21:12:58,ag2312C4900,ag2312C4900,991.0,0.0,0.0,0.0,2,642.5,1351.0,2,991.0,0.0,0.0,0.0,0.0,0.0,9
2023-05-10 21:12:58,ag2312C4900,ag2312C4900,991.0,0.0,0.0,0.0,2,642.5,1351.0,2,991.0,0.0,0.0,0.0,0.0,0.0,9
2023-05-10 21:12:59,ag2312C4900,ag2312C4900,991.0,0.0,0.0,0.0,2,642.5,1349.5,1,991.0,0.0,0.0,0.0,0.0,0.0,9
2023-05-10 21:12:59,ag2312C4900,ag2312C4900,991.0,0.0,0.0,0.0,2,642.5,1349.5,1,991.0,0.0,0.0,0.0,0.0,0.0,9
2023-05-10 21:13:00,ag2312C4900,ag2312C4900,991.0,0.0,0.0,0.0,2,642.5,1349.0,2,991.0,0.0,0.0,0.0,0.0,0.0,9
2023-05-10 21:13:00,ag2312C4900,ag2312C4900,991.0,0.0,0.0,0.0,2,642.5,1349.0,2,991.0,0.0,0.0,0.0,0.0,0.0,9
2023-05-10 21:13:07,ag2312C4900,ag2312C4900,991.0,0.0,0.0,0.0,1,644.0,1349.0,2,991.0,0.0,0.0,0.0,0.0,0.0,9
2023-05-10 21:13:07,ag2312C4900,ag2312C4900,991.0,0.0,0.0,0.0,1,644.0,1349.0,2,991.0,0.0,0.0,0.0,0.0,0.0,9
2023-05-10 21:13:08,ag2312C4900,ag2312C4900,991.0,0.0,0.0,0.0,2,644.5,1349.0,2,991.0,0.0,0.0,0.0,0.0,0.0,9
2023-05-10 21:13:08,ag2312C4900,ag2312C4900,991.0,0.0,0.0,0.0,1,646.0,1347.5,1,991.0,0.0,0.0,0.0,0.0,0.0,9
2023-05-10 21:13:09,ag2312C4900,ag2312C4900,991.0,0.0,0.0,0.0,1,646.0,1347.5,1,991.0,0.0,0.0,0.0,0.0,0.0,9
2023-05-10 21:13:09,ag2312C4900,ag2312C4900,991.0,0.0,0.0,0.0,2,646.5,1347.0,2,991.0,0.0,0.0,0.0,0.0,0.0,9
2023-05-10 21:13:10,ag2312C4900,ag2312C4900,991.0,0.0,0.0,0.0,2,646.5,1347.0,2,991.0,0.0,0.0,0.0,0.0,0.0,9
2023-05-10 21:13:17,ag2312C4900,ag2312C4900,991.0,0.0,0.0,0.0,1,648.0,1345.5,1,991.0,0.0,0.0,0.0,0.0,0.0,9
2023-05-10 21:13:18,ag2312C4900,ag2312C4900,991.0,0.0,0.0,0.0,1,648.0,1345.5,1,991.0,0.0,0.0,0.0,0.0,0.0,9
2023-05-10 21:13:18,ag2312C4900,ag2312C4900,991.0,0.0,0.0,0.0,2,648.5,1345.0,2,991.0,0.0,0.0,0.0,0.0,0.0,9
2023-05-10 21:13:19,ag2312C4900,ag2312C4900,991.0,0.0,0.0,0.0,1,650.0,1343.5,1,991.0,0.0,0.0,0.0,0.0,0.0,9
2023-05-10 21:13:20,ag2312C4900,ag2312C4900,991.0,0.0,0.0,0.0,1,650.0,1343.5,1,991.0,0.0,0.0,0.0,0.0,0.0,9
2023-05-10 21:13:20,ag2312C4900,ag2312C4900,991.0,0.0,0.0,0.0,2,650.5,1343.0,2,991.0,0.0,0.0,0.0,0.0,0.0,9
2023-05-10 21:13:21,ag2312C4900,ag2312C4900,991.0,0.0,0.0,0.0,2,650.5,1343.0,2,991.0,0.0,0.0,0.0,0.0,0.0,9
2023-05-10 21:13:26,ag2312C4900,ag2312C4900,991.0,0.0,0.0,0.0,1,652.0,1341.5,1,991.0,0.0,0.0,0.0,0.0,0.0,9
2023-05-10 21:13:26,ag2312C4900,ag2312C4900,991.0,0.0,0.0,0.0,1,652.0,1341.5,1,991.0,0.0,0.0,0.0,0.0,0.0,9
2023-05-10 21:13:27,ag2312C4900,ag2312C4900,991.0,0.0,0.0,0.0,2,652.5,1341.0,2,991.0,0.0,0.0,0.0,0.0,0.0,9
2023-05-10 21:13:27,ag2312C4900,ag2312C4900,991.0,0.0,0.0,0.0,1,654.0,1341.0,2,991.0,0.0,0.0,0.0,0.0,0.0,9
2023-05-10 21:13:28,ag2312C4900,ag2312C4900,991.0,0.0,0.0,0.0,1,654.0,1341.0,2,991.0,0.0,0.0,0.0,0.0,0.0,9
2023-05-10 21:13:28,ag2312C4900,ag2312C4900,991.0,0.0,0.0,0.0,2,654.5,1341.0,2,991.0,0.0,0.0,0.0,0.0,0.0,9
2023-05-10 21:13:29,ag2312C4900,ag2312C4900,991.0,0.0,0.0,0.0,2,654.5,1341.0,2,991.0,0.0,0.0,0.0,0.0,0.0,9
2023-05-10 21:13:31,ag2312C4900,ag2312C4900,991.0,0.0,0.0,0.0,1,656.0,1339.5,1,991.0,0.0,0.0,0.0,0.0,0.0,9
2023-05-10 21:13:32,ag2312C4900,ag2312C4900,991.0,0.0,0.0,0.0,1,656.0,1339.5,1,991.0,0.0,0.0,0.0,0.0,0.0,9
2023-05-10 21:13:32,ag2312C4900,ag2312C4900,991.0,0.0,0.0,0.0,2,656.5,1339.0,2,991.0,0.0,0.0,0.0,0.0,0.0,9
2023-05-10 21:13:33,ag2312C4900,ag2312C4900,991.0,0.0,0.0,0.0,1,658.0,1337.5,1,991.0,0.0,0.0,0.0,0.0,0.0,9
2023-05-10 21:13:33,ag2312C4900,ag2312C4900,991.0,0.0,0.0,0.0,1,658.0,1337.5,1,991.0,0.0,0.0,0.0,0.0,0.0,9
2023-05-10 21:13:34,ag2312C4900,ag2312C4900,991.0,0.0,0.0,0.0,2,658.5,1337.0,2,991.0,0.0,0.0,0.0,0.0,0.0,9
2023-05-10 21:13:35,ag2312C4900,ag2312C4900,991.0,0.0,0.0,0.0,2,658.5,1337.0,2,991.0,0.0,0.0,0.0,0.0,0.0,9
2023-05-10 21:13:37,ag2312C4900,ag2312C4900,991.0,0.0,0.0,0.0,1,660.0,1335.5,1,991.0,0.0,0.0,0.0,0.0,0.0,9
2023-05-10 21:13:38,ag2312C4900,ag2312C4900,991.0,0.0,0.0,0.0,1,660.0,1335.5,1,991.0,0.0,0.0,0.0,0.0,0.0,9
2023-05-10 21:13:38,ag2312C4900,ag2312C4900,991.0,0.0,0.0,0.0,2,660.5,1335.0,2,991.0,0.0,0.0,0.0,0.0,0.0,9
2023-05-10 21:13:39,ag2312C4900,ag2312C4900,991.0,0.0,0.0,0.0,2,660.5,1335.0,2,991.0,0.0,0.0,0.0,0.0,0.0,9
2023-05-10 21:13:45,ag2312C4900,ag2312C4900,991.0,0.0,0.0,0.0,1,662.0,1333.5,1,991.0,0.0,0.0,0.0,0.0,0.0,9
2023-05-10 21:13:45,ag2312C4900,ag2312C4900,991.0,0.0,0.0,0.0,1,662.0,1333.5,1,991.0,0.0,0.0,0.0,0.0,0.0,9
2023-05-10 21:13:46,ag2312C4900,ag2312C4900,991.0,0.0,0.0,0.0,2,662.5,1333.0,2,991.0,0.0,0.0,0.0,0.0,0.0,9
2023-05-10 21:13:46,ag2312C4900,ag2312C4900,991.0,0.0,0.0,0.0,1,664.0,1331.5,1,991.0,0.0,0.0,0.0,0.0,0.0,9
2023-05-10 21:13:47,ag2312C4900,ag2312C4900,991.0,0.0,0.0,0.0,1,664.0,1331.5,1,991.0,0.0,0.0,0.0,0.0,0.0,9
2023-05-10 21:13:47,ag2312C4900,ag2312C4900,991.0,0.0,0.0,0.0,2,664.5,1331.0,2,991.0,0.0,0.0,0.0,0.0,0.0,9
2023-05-10 21:13:48,ag2312C4900,ag2312C4900,991.0,0.0,0.0,0.0,2,664.5,1331.0,2,991.0,0.0,0.0,0.0,0.0,0.0,9
2023-05-10 21:13:48,ag2312C4900,ag2312C4900,991.0,0.0,0.0,0.0,1,666.0,1329.5,1,991.0,0.0,0.0,0.0,0.0,0.0,9
2023-05-10 21:13:49,ag2312C4900,ag2312C4900,991.0,0.0,0.0,0.0,1,666.0,1329.5,1,991.0,0.0,0.0,0.0,0.0,0.0,9
2023-05-10 21:13:49,ag2312C4900,ag2312C4900,991.0,0.0,0.0,0.0,2,666.5,1329.0,2,991.0,0.0,0.0,0.0,0.0,0.0,9
2023-05-10 21:13:50,ag2312C4900,ag2312C4900,991.0,0.0,0.0,0.0,2,666.5,1329.0,2,991.0,0.0,0.0,0.0,0.0,0.0,9
2023-05-10 21:13:51,ag2312C4900,ag2312C4900,991.0,0.0,0.0,0.0,1,668.0,1327.5,1,991.0,0.0,0.0,0.0,0.0,0.0,9
2023-05-10 21:13:51,ag2312C4900,ag2312C4900,991.0,0.0,0.0,0.0,1,668.0,1327.5,1,991.0,0.0,0.0,0.0,0.0,0.0,9
2023-05-10 21:13:52,ag2312C4900,ag2312C4900,991.0,0.0,0.0,0.0,2,668.5,1327.0,2,991.0,0.0,0.0,0.0,0.0,0.0,9
2023-05-10 21:13:52,ag2312C4900,ag2312C4900,991.0,0.0,0.0,0.0,2,668.5,1327.0,2,991.0,0.0,0.0,0.0,0.0,0.0,9
2023-05-10 21:13:53,ag2312C4900,ag2312C4900,991.0,0.0,0.0,0.0,1,670.0,1325.5,1,991.0,0.0,0.0,0.0,0.0,0.0,9
2023-05-10 21:13:53,ag2312C4900,ag2312C4900,991.0,0.0,0.0,0.0,1,670.0,1325.5,1,991.0,0.0,0.0,0.0,0.0,0.0,9
2023-05-10 21:13:54,ag2312C4900,ag2312C4900,991.0,0.0,0.0,0.0,2,670.5,1325.0,2,991.0,0.0,0.0,0.0,0.0,0.0,9
2023-05-10 21:13:55,ag2312C4900,ag2312C4900,991.0,0.0,0.0,0.0,2,670.5,1325.0,2,991.0,0.0,0.0,0.0,0.0,0.0,9
2023-05-10 21:13:56,ag2312C4900,ag2312C4900,991.0,0.0,0.0,0.0,1,672.0,1323.5,1,991.0,0.0,0.0,0.0,0.0,0.0,9
2023-05-10 21:13:56,ag2312C4900,ag2312C4900,991.0,0.0,0.0,0.0,1,672.0,1323.5,1,991.0,0.0,0.0,0.0,0.0,0.0,9
2023-05-10 21:13:57,ag2312C4900,ag2312C4900,991.0,0.0,0.0,0.0,2,672.5,1323.0,2,991.0,0.0,0.0,0.0,0.0,0.0,9
2023-05-10 21:13:57,ag2312C4900,ag2312C4900,991.0,0.0,0.0,0.0,1,674.0,1321.5,1,991.0,0.0,0.0,0.0,0.0,0.0,9
2023-05-10 21:13:58,ag2312C4900,ag2312C4900,991.0,0.0,0.0,0.0,1,674.0,1321.5,1,991.0,0.0,0.0,0.0,0.0,0.0,9
2023-05-10 21:13:58,ag2312C4900,ag2312C4900,991.0,0.0,0.0,0.0,2,674.5,1321.0,2,991.0,0.0,0.0,0.0,0.0,0.0,9
2023-05-10 21:13:59,ag2312C4900,ag2312C4900,991.0,0.0,0.0,0.0,1,676.0,1319.5,1,991.0,0.0,0.0,0.0,0.0,0.0,9
2023-05-10 21:13:59,ag2312C4900,ag2312C4900,991.0,0.0,0.0,0.0,1,676.0,1319.5,1,991.0,0.0,0.0,0.0,0.0,0.0,9
2023-05-10 21:14:00,ag2312C4900,ag2312C4900,991.0,0.0,0.0,0.0,2,676.5,1319.0,2,991.0,0.0,0.0,0.0,0.0,0.0,9
2023-05-10 21:14:00,ag2312C4900,ag2312C4900,991.0,0.0,0.0,0.0,1,678.0,1317.5,1,991.0,0.0,0.0,0.0,0.0,0.0,9
2023-05-10 21:14:01,ag2312C4900,ag2312C4900,991.0,0.0,0.0,0.0,1,678.0,1317.5,1,991.0,0.0,0.0,0.0,0.0,0.0,9
2023-05-10 21:14:01,ag2312C4900,ag2312C4900,991.0,0.0,0.0,0.0,2,678.5,1317.0,2,991.0,0.0,0.0,0.0,0.0,0.0,9
2023-05-10 21:14:02,ag2312C4900,ag2312C4900,991.0,0.0,0.0,0.0,2,678.5,1317.0,2,991.0,0.0,0.0,0.0,0.0,0.0,9
2023-05-10 21:14:07,ag2312C4900,ag2312C4900,991.0,0.0,0.0,0.0,1,680.0,1315.5,1,991.0,0.0,0.0,0.0,0.0,0.0,9
2023-05-10 21:14:07,ag2312C4900,ag2312C4900,991.0,0.0,0.0,0.0,1,680.0,1315.5,1,991.0,0.0,0.0,0.0,0.0,0.0,9
2023-05-10 21:14:08,ag2312C4900,ag2312C4900,991.0,0.0,0.0,0.0,2,680.5,1315.0,2,991.0,0.0,0.0,0.0,0.0,0.0,9
2023-05-10 21:14:08,ag2312C4900,ag2312C4900,991.0,0.0,0.0,0.0,2,680.5,1315.0,2,991.0,0.0,0.0,0.0,0.0,0.0,9
2023-05-10 21:14:19,ag2312C4900,ag2312C4900,991.0,0.0,0.0,0.0,1,682.0,1313.5,1,991.0,0.0,0.0,0.0,0.0,0.0,9
2023-05-10 21:14:20,ag2312C4900,ag2312C4900,991.0,0.0,0.0,0.0,1,682.0,1313.5,1,991.0,0.0,0.0,0.0,0.0,0.0,9
2023-05-10 21:14:20,ag2312C4900,ag2312C4900,991.0,0.0,0.0,0.0,2,682.5,1313.0,2,991.0,0.0,0.0,0.0,0.0,0.0,9
2023-05-10 21:14:21,ag2312C4900,ag2312C4900,991.0,0.0,0.0,0.0,2,682.5,1313.0,2,991.0,0.0,0.0,0.0,0.0,0.0,9
2023-05-10 21:14:28,ag2312C4900,ag2312C4900,991.0,0.0,0.0,0.0,1,684.0,1311.5,1,991.0,0.0,0.0,0.0,0.0,0.0,9
2023-05-10 21:14:29,ag2312C4900,ag2312C4900,991.0,0.0,0.0,0.0,2,684.5,1311.0,2,991.0,0.0,0.0,0.0,0.0,0.0,9
2023-05-10 21:14:30,ag2312C4900,ag2312C4900,991.0,0.0,0.0,0.0,2,684.5,1311.0,2,991.0,0.0,0.0,0.0,0.0,0.0,9
2023-05-10 21:14:30,ag2312C4900,ag2312C4900,991.0,0.0,0.0,0.0,1,686.0,1309.5,1,991.0,0.0,0.0,0.0,0.0,0.0,9
2023-05-10 21:14:31,ag2312C4900,ag2312C4900,991.0,0.0,0.0,0.0,1,686.0,1309.5,1,991.0,0.0,0.0,0.0,0.0,0.0,9
2023-05-10 21:14:31,ag2312C4900,ag2312C4900,991.0,0.0,0.0,0.0,2,686.5,1309.0,2,991.0,0.0,0.0,0.0,0.0,0.0,9
2023-05-10 21:14:32,ag2312C4900,ag2312C4900,991.0,0.0,0.0,0.0,2,686.5,1309.0,2,991.0,0.0,0.0,0.0,0.0,0.0,9
2023-05-10 21:14:34,ag2312C4900,ag2312C4900,991.0,0.0,0.0,0.0,2,686.5,1307.5,1,991.0,0.0,0.0,0.0,0.0,0.0,9
2023-05-10 21:14:35,ag2312C4900,ag2312C4900,991.0,0.0,0.0,0.0,2,686.5,1307.5,1,991.0,0.0,0.0,0.0,0.0,0.0,9
2023-05-10 21:14:35,ag2312C4900,ag2312C4900,991.0,0.0,0.0,0.0,1,688.0,1307.0,2,991.0,0.0,0.0,0.0,0.0,0.0,9
2023-05-10 21:14:36,ag2312C4900,ag2312C4900,991.0,0.0,0.0,0.0,1,688.0,1307.0,2,991.0,0.0,0.0,0.0,0.0,0.0,9
2023-05-10 21:14:36,ag2312C4900,ag2312C4900,991.0,0.0,0.0,0.0,2,688.5,1307.0,2,991.0,0.0,0.0,0.0,0.0,0.0,9
2023-05-10 21:14:37,ag2312C4900,ag2312C4900,991.0,0.0,0.0,0.0,2,688.5,1307.0,2,991.0,0.0,0.0,0.0,0.0,0.0,9
2023-05-10 21:14:52,ag2312C4900,ag2312C4900,991.0,0.0,0.0,0.0,1,690.0,1307.0,2,991.0,0.0,0.0,0.0,0.0,0.0,9
2023-05-10 21:14:52,ag2312C4900,ag2312C4900,991.0,0.0,0.0,0.0,1,690.0,1307.0,2,991.0,0.0,0.0,0.0,0.0,0.0,9
2023-05-10 21:14:53,ag2312C4900,ag2312C4900,991.0,0.0,0.0,0.0,2,690.5,1307.0,2,991.0,0.0,0.0,0.0,0.0,0.0,9
2023-05-10 21:14:53,ag2312C4900,ag2312C4900,991.0,0.0,0.0,0.0,2,690.5,1307.0,2,991.0,0.0,0.0,0.0,0.0,0.0,9
2023-05-10 21:14:57,ag2312C4900,ag2312C4900,991.0,0.0,0.0,0.0,1,692.0,1307.0,2,991.0,0.0,0.0,0.0,0.0,0.0,9
2023-05-10 21:14:58,ag2312C4900,ag2312C4900,991.0,0.0,0.0,0.0,1,692.0,1307.0,2,991.0,0.0,0.0,0.0,0.0,0.0,9
2023-05-10 21:14:58,ag2312C4900,ag2312C4900,991.0,0.0,0.0,0.0,2,692.5,1307.0,2,991.0,0.0,0.0,0.0,0.0,0.0,9
2023-05-10 21:14:59,ag2312C4900,ag2312C4900,991.0,0.0,0.0,0.0,2,692.5,1307.0,2,991.0,0.0,0.0,0.0,0.0,0.0,9
2023-05-10 21:15:07,ag2312C4900,ag2312C4900,991.0,0.0,0.0,0.0,1,694.0,1307.0,2,991.0,0.0,0.0,0.0,0.0,0.0,9
2023-05-10 21:15:07,ag2312C4900,ag2312C4900,991.0,0.0,0.0,0.0,1,694.0,1307.0,2,991.0,0.0,0.0,0.0,0.0,0.0,9
2023-05-10 21:15:08,ag2312C4900,ag2312C4900,991.0,0.0,0.0,0.0,2,694.5,1307.0,2,991.0,0.0,0.0,0.0,0.0,0.0,9
2023-05-10 21:15:08,ag2312C4900,ag2312C4900,991.0,0.0,0.0,0.0,1,696.0,1305.5,1,991.0,0.0,0.0,0.0,0.0,0.0,9
2023-05-10 21:15:09,ag2312C4900,ag2312C4900,991.0,0.0,0.0,0.0,1,696.0,1305.5,1,991.0,0.0,0.0,0.0,0.0,0.0,9
2023-05-10 21:15:09,ag2312C4900,ag2312C4900,991.0,0.0,0.0,0.0,2,696.5,1305.0,2,991.0,0.0,0.0,0.0,0.0,0.0,9
2023-05-10 21:15:10,ag2312C4900,ag2312C4900,991.0,0.0,0.0,0.0,1,698.0,1305.0,2,991.0,0.0,0.0,0.0,0.0,0.0,9
2023-05-10 21:15:10,ag2312C4900,ag2312C4900,991.0,0.0,0.0,0.0,1,698.0,1303.5,1,991.0,0.0,0.0,0.0,0.0,0.0,9
2023-05-10 21:15:11,ag2312C4900,ag2312C4900,991.0,0.0,0.0,0.0,2,698.5,1303.5,1,991.0,0.0,0.0,0.0,0.0,0.0,9
2023-05-10 21:15:11,ag2312C4900,ag2312C4900,991.0,0.0,0.0,0.0,1,700.0,1303.0,2,991.0,0.0,0.0,0.0,0.0,0.0,9
2023-05-10 21:15:12,ag2312C4900,ag2312C4900,991.0,0.0,0.0,0.0,1,700.0,1303.0,2,991.0,0.0,0.0,0.0,0.0,0.0,9
2023-05-10 21:15:12,ag2312C4900,ag2312C4900,991.0,0.0,0.0,0.0,2,700.5,1303.0,2,991.0,0.0,0.0,0.0,0.0,0.0,9
2023-05-10 21:15:13,ag2312C4900,ag2312C4900,991.0,0.0,0.0,0.0,1,702.0,1303.0,2,991.0,0.0,0.0,0.0,0.0,0.0,9
2023-05-10 21:15:14,ag2312C4900,ag2312C4900,991.0,0.0,0.0,0.0,1,702.0,1303.0,2,991.0,0.0,0.0,0.0,0.0,0.0,9
2023-05-10 21:15:14,ag2312C4900,ag2312C4900,991.0,0.0,0.0,0.0,2,702.5,1303.0,2,991.0,0.0,0.0,0.0,0.0,0.0,9
2023-05-10 21:15:15,ag2312C4900,ag2312C4900,991.0,0.0,0.0,0.0,1,704.0,1301.5,1,991.0,0.0,0.0,0.0,0.0,0.0,9
2023-05-10 21:15:15,ag2312C4900,ag2312C4900,991.0,0.0,0.0,0.0,1,704.0,1301.5,1,991.0,0.0,0.0,0.0,0.0,0.0,9
2023-05-10 21:15:16,ag2312C4900,ag2312C4900,991.0,0.0,0.0,0.0,2,704.5,1301.0,2,991.0,0.0,0.0,0.0,0.0,0.0,9
2023-05-10 21:15:17,ag2312C4900,ag2312C4900,991.0,0.0,0.0,0.0,2,704.5,1301.0,2,991.0,0.0,0.0,0.0,0.0,0.0,9
2023-05-10 21:15:32,ag2312C4900,ag2312C4900,991.0,0.0,0.0,0.0,1,706.0,1301.0,2,991.0,0.0,0.0,0.0,0.0,0.0,9
2023-05-10 21:15:32,ag2312C4900,ag2312C4900,991.0,0.0,0.0,0.0,1,706.0,1301.0,2,991.0,0.0,0.0,0.0,0.0,0.0,9
2023-05-10 21:15:33,ag2312C4900,ag2312C4900,991.0,0.0,0.0,0.0,2,706.5,1299.5,1,991.0,0.0,0.0,0.0,0.0,0.0,9
2023-05-10 21:15:33,ag2312C4900,ag2312C4900,991.0,0.0,0.0,0.0,2,706.5,1299.5,1,991.0,0.0,0.0,0.0,0.0,0.0,9
2023-05-10 21:15:34,ag2312C4900,ag2312C4900,991.0,0.0,0.0,0.0,2,706.5,1299.0,2,991.0,0.0,0.0,0.0,0.0,0.0,9
2023-05-10 21:15:34,ag2312C4900,ag2312C4900,991.0,0.0,0.0,0.0,2,706.5,1299.0,2,991.0,0.0,0.0,0.0,0.0,0.0,9
2023-05-10 21:16:15,ag2312C4900,ag2312C4900,991.0,0.0,0.0,0.0,1,708.0,1297.5,1,991.0,0.0,0.0,0.0,0.0,0.0,9
2023-05-10 21:16:15,ag2312C4900,ag2312C4900,991.0,0.0,0.0,0.0,1,708.0,1297.5,1,991.0,0.0,0.0,0.0,0.0,0.0,9
2023-05-10 21:16:16,ag2312C4900,ag2312C4900,991.0,0.0,0.0,0.0,2,708.5,1297.0,2,991.0,0.0,0.0,0.0,0.0,0.0,9
2023-05-10 21:16:17,ag2312C4900,ag2312C4900,991.0,0.0,0.0,0.0,2,708.5,1297.0,2,991.0,0.0,0.0,0.0,0.0,0.0,9
2023-05-10 21:16:32,ag2312C4900,ag2312C4900,991.0,0.0,0.0,0.0,1,710.0,1295.5,1,991.0,0.0,0.0,0.0,0.0,0.0,9
2023-05-10 21:16:32,ag2312C4900,ag2312C4900,991.0,0.0,0.0,0.0,1,710.0,1295.5,1,991.0,0.0,0.0,0.0,0.0,0.0,9
2023-05-10 21:16:33,ag2312C4900,ag2312C4900,991.0,0.0,0.0,0.0,2,710.5,1295.0,2,991.0,0.0,0.0,0.0,0.0,0.0,9
2023-05-10 21:16:33,ag2312C4900,ag2312C4900,991.0,0.0,0.0,0.0,1,712.0,1295.0,2,991.0,0.0,0.0,0.0,0.0,0.0,9
2023-05-10 21:16:34,ag2312C4900,ag2312C4900,991.0,0.0,0.0,0.0,1,712.0,1293.5,1,991.0,0.0,0.0,0.0,0.0,0.0,9
2023-05-10 21:16:34,ag2312C4900,ag2312C4900,991.0,0.0,0.0,0.0,2,712.5,1293.5,1,991.0,0.0,0.0,0.0,0.0,0.0,9
2023-05-10 21:16:35,ag2312C4900,ag2312C4900,991.0,0.0,0.0,0.0,2,712.5,1293.0,2,991.0,0.0,0.0,0.0,0.0,0.0,9
2023-05-10 21:16:36,ag2312C4900,ag2312C4900,991.0,0.0,0.0,0.0,2,712.5,1293.0,2,991.0,0.0,0.0,0.0,0.0,0.0,9
2023-05-10 21:16:37,ag2312C4900,ag2312C4900,991.0,0.0,0.0,0.0,2,712.5,1291.5,1,991.0,0.0,0.0,0.0,0.0,0.0,9
2023-05-10 21:16:38,ag2312C4900,ag2312C4900,991.0,0.0,0.0,0.0,2,712.5,1291.5,1,991.0,0.0,0.0,0.0,0.0,0.0,9
2023-05-10 21:16:38,ag2312C4900,ag2312C4900,991.0,0.0,0.0,0.0,2,712.5,1291.0,2,991.0,0.0,0.0,0.0,0.0,0.0,9
2023-05-10 21:16:39,ag2312C4900,ag2312C4900,991.0,0.0,0.0,0.0,2,712.5,1291.0,2,991.0,0.0,0.0,0.0,0.0,0.0,9
2023-05-10 21:16:42,ag2312C4900,ag2312C4900,991.0,0.0,0.0,0.0,2,712.5,1289.5,1,991.0,0.0,0.0,0.0,0.0,0.0,9
2023-05-10 21:16:42,ag2312C4900,ag2312C4900,991.0,0.0,0.0,0.0,2,712.5,1289.5,1,991.0,0.0,0.0,0.0,0.0,0.0,9
2023-05-10 21:16:43,ag2312C4900,ag2312C4900,991.0,0.0,0.0,0.0,1,714.0,1289.0,2,991.0,0.0,0.0,0.0,0.0,0.0,9
2023-05-10 21:16:43,ag2312C4900,ag2312C4900,991.0,0.0,0.0,0.0,1,714.0,1289.0,2,991.0,0.0,0.0,0.0,0.0,0.0,9
2023-05-10 21:16:44,ag2312C4900,ag2312C4900,991.0,0.0,0.0,0.0,2,714.5,1289.0,2,991.0,0.0,0.0,0.0,0.0,0.0,9
2023-05-10 21:16:44,ag2312C4900,ag2312C4900,991.0,0.0,0.0,0.0,2,714.5,1289.0,2,991.0,0.0,0.0,0.0,0.0,0.0,9
2023-05-10 21:16:47,ag2312C4900,ag2312C4900,991.0,0.0,0.0,0.0,1,716.0,1287.5,1,991.0,0.0,0.0,0.0,0.0,0.0,9
2023-05-10 21:16:48,ag2312C4900,ag2312C4900,991.0,0.0,0.0,0.0,1,716.0,1287.5,1,991.0,0.0,0.0,0.0,0.0,0.0,9
2023-05-10 21:16:48,ag2312C4900,ag2312C4900,991.0,0.0,0.0,0.0,2,716.5,1287.0,2,991.0,0.0,0.0,0.0,0.0,0.0,9
2023-05-10 21:16:49,ag2312C4900,ag2312C4900,991.0,0.0,0.0,0.0,1,718.0,1285.5,1,991.0,0.0,0.0,0.0,0.0,0.0,9
2023-05-10 21:16:49,ag2312C4900,ag2312C4900,991.0,0.0,0.0,0.0,1,718.0,1285.5,1,991.0,0.0,0.0,0.0,0.0,0.0,9
2023-05-10 21:16:50,ag2312C4900,ag2312C4900,991.0,0.0,0.0,0.0,2,718.5,1285.0,2,991.0,0.0,0.0,0.0,0.0,0.0,9
2023-05-10 21:16:50,ag2312C4900,ag2312C4900,991.0,0.0,0.0,0.0,2,718.5,1285.0,2,991.0,0.0,0.0,0.0,0.0,0.0,9
2023-05-10 21:16:53,ag2312C4900,ag2312C4900,991.0,0.0,0.0,0.0,1,720.0,1283.5,1,991.0,0.0,0.0,0.0,0.0,0.0,9
2023-05-10 21:16:53,ag2312C4900,ag2312C4900,991.0,0.0,0.0,0.0,1,720.0,1283.5,1,991.0,0.0,0.0,0.0,0.0,0.0,9
2023-05-10 21:16:54,ag2312C4900,ag2312C4900,991.0,0.0,0.0,0.0,2,720.5,1283.0,2,991.0,0.0,0.0,0.0,0.0,0.0,9
2023-05-10 21:16:54,ag2312C4900,ag2312C4900,991.0,0.0,0.0,0.0,2,720.5,1283.0,2,991.0,0.0,0.0,0.0,0.0,0.0,9
2023-05-10 21:16:57,ag2312C4900,ag2312C4900,991.0,0.0,0.0,0.0,1,722.0,1281.5,1,991.0,0.0,0.0,0.0,0.0,0.0,9
2023-05-10 21:16:58,ag2312C4900,ag2312C4900,991.0,0.0,0.0,0.0,1,722.0,1281.5,1,991.0,0.0,0.0,0.0,0.0,0.0,9
2023-05-10 21:16:58,ag2312C4900,ag2312C4900,991.0,0.0,0.0,0.0,2,722.5,1281.0,2,991.0,0.0,0.0,0.0,0.0,0.0,9
2023-05-10 21:16:59,ag2312C4900,ag2312C4900,991.0,0.0,0.0,0.0,1,724.0,1281.0,2,991.0,0.0,0.0,0.0,0.0,0.0,9
2023-05-10 21:16:59,ag2312C4900,ag2312C4900,991.0,0.0,0.0,0.0,1,724.0,1281.0,2,991.0,0.0,0.0,0.0,0.0,0.0,9
2023-05-10 21:17:00,ag2312C4900,ag2312C4900,991.0,0.0,0.0,0.0,2,724.5,1281.0,2,991.0,0.0,0.0,0.0,0.0,0.0,9
2023-05-10 21:17:00,ag2312C4900,ag2312C4900,991.0,0.0,0.0,0.0,2,724.5,1281.0,2,991.0,0.0,0.0,0.0,0.0,0.0,9
2023-05-10 21:17:16,ag2312C4900,ag2312C4900,991.0,0.0,0.0,0.0,1,726.0,1281.0,2,991.0,0.0,0.0,0.0,0.0,0.0,9
2023-05-10 21:17:17,ag2312C4900,ag2312C4900,991.0,0.0,0.0,0.0,1,726.0,1281.0,2,991.0,0.0,0.0,0.0,0.0,0.0,9
2023-05-10 21:17:17,ag2312C4900,ag2312C4900,991.0,0.0,0.0,0.0,2,726.5,1281.0,2,991.0,0.0,0.0,0.0,0.0,0.0,9
2023-05-10 21:17:18,ag2312C4900,ag2312C4900,991.0,0.0,0.0,0.0,2,726.5,1281.0,2,991.0,0.0,0.0,0.0,0.0,0.0,9
2023-05-10 21:17:18,ag2312C4900,ag2312C4900,991.0,0.0,0.0,0.0,2,726.5,1279.5,1,991.0,0.0,0.0,0.0,0.0,0.0,9
2023-05-10 21:17:19,ag2312C4900,ag2312C4900,991.0,0.0,0.0,0.0,2,726.5,1279.0,2,991.0,0.0,0.0,0.0,0.0,0.0,9
2023-05-10 21:17:19,ag2312C4900,ag2312C4900,991.0,0.0,0.0,0.0,2,726.5,1279.0,2,991.0,0.0,0.0,0.0,0.0,0.0,9
2023-05-10 21:17:21,ag2312C4900,ag2312C4900,991.0,0.0,0.0,0.0,1,728.0,1277.5,1,991.0,0.0,0.0,0.0,0.0,0.0,9
2023-05-10 21:17:22,ag2312C4900,ag2312C4900,991.0,0.0,0.0,0.0,1,728.0,1277.5,1,991.0,0.0,0.0,0.0,0.0,0.0,9
2023-05-10 21:17:22,ag2312C4900,ag2312C4900,991.0,0.0,0.0,0.0,2,728.5,1277.0,2,991.0,0.0,0.0,0.0,0.0,0.0,9
2023-05-10 21:17:23,ag2312C4900,ag2312C4900,991.0,0.0,0.0,0.0,2,728.5,1277.0,2,991.0,0.0,0.0,0.0,0.0,0.0,9
2023-05-10 21:17:24,ag2312C4900,ag2312C4900,991.0,0.0,0.0,0.0,1,730.0,1275.5,1,991.0,0.0,0.0,0.0,0.0,0.0,9
2023-05-10 21:17:25,ag2312C4900,ag2312C4900,991.0,0.0,0.0,0.0,1,730.0,1275.5,1,991.0,0.0,0.0,0.0,0.0,0.0,9
2023-05-10 21:17:25,ag2312C4900,ag2312C4900,991.0,0.0,0.0,0.0,2,730.5,1275.0,2,991.0,0.0,0.0,0.0,0.0,0.0,9
2023-05-10 21:17:26,ag2312C4900,ag2312C4900,991.0,0.0,0.0,0.0,1,732.0,1275.0,2,991.0,0.0,0.0,0.0,0.0,0.0,9
2023-05-10 21:17:26,ag2312C4900,ag2312C4900,991.0,0.0,0.0,0.0,1,732.0,1275.0,2,991.0,0.0,0.0,0.0,0.0,0.0,9
2023-05-10 21:17:27,ag2312C4900,ag2312C4900,991.0,0.0,0.0,0.0,2,732.5,1273.5,1,991.0,0.0,0.0,0.0,0.0,0.0,9
2023-05-10 21:17:27,ag2312C4900,ag2312C4900,991.0,0.0,0.0,0.0,2,732.5,1273.5,1,991.0,0.0,0.0,0.0,0.0,0.0,9
2023-05-10 21:17:28,ag2312C4900,ag2312C4900,991.0,0.0,0.0,0.0,2,732.5,1273.0,2,991.0,0.0,0.0,0.0,0.0,0.0,9
2023-05-10 21:17:28,ag2312C4900,ag2312C4900,991.0,0.0,0.0,0.0,2,732.5,1273.0,2,991.0,0.0,0.0,0.0,0.0,0.0,9
2023-05-10 21:17:44,ag2312C4900,ag2312C4900,991.0,0.0,0.0,0.0,1,734.0,1273.0,2,991.0,0.0,0.0,0.0,0.0,0.0,9
2023-05-10 21:17:45,ag2312C4900,ag2312C4900,991.0,0.0,0.0,0.0,1,734.0,1273.0,2,991.0,0.0,0.0,0.0,0.0,0.0,9
2023-05-10 21:17:45,ag2312C4900,ag2312C4900,991.0,0.0,0.0,0.0,2,734.5,1273.0,2,991.0,0.0,0.0,0.0,0.0,0.0,9
2023-05-10 21:17:46,ag2312C4900,ag2312C4900,991.0,0.0,0.0,0.0,2,734.5,1273.0,2,991.0,0.0,0.0,0.0,0.0,0.0,9
2023-05-10 21:18:09,ag2312C4900,ag2312C4900,991.0,0.0,0.0,0.0,1,736.0,1271.5,1,991.0,0.0,0.0,0.0,0.0,0.0,9
2023-05-10 21:18:09,ag2312C4900,ag2312C4900,991.0,0.0,0.0,0.0,1,736.0,1271.5,1,991.0,0.0,0.0,0.0,0.0,0.0,9
2023-05-10 21:18:10,ag2312C4900,ag2312C4900,991.0,0.0,0.0,0.0,2,736.5,1271.0,2,991.0,0.0,0.0,0.0,0.0,0.0,9
2023-05-10 21:18:10,ag2312C4900,ag2312C4900,991.0,0.0,0.0,0.0,2,736.5,1271.0,2,991.0,0.0,0.0,0.0,0.0,0.0,9
2023-05-10 21:18:17,ag2312C4900,ag2312C4900,991.0,0.0,0.0,0.0,1,738.0,1269.5,1,991.0,0.0,0.0,0.0,0.0,0.0,9
2023-05-10 21:18:17,ag2312C4900,ag2312C4900,991.0,0.0,0.0,0.0,1,738.0,1269.5,1,991.0,0.0,0.0,0.0,0.0,0.0,9
2023-05-10 21:18:18,ag2312C4900,ag2312C4900,991.0,0.0,0.0,0.0,2,738.5,1269.0,2,991.0,0.0,0.0,0.0,0.0,0.0,9
2023-05-10 21:18:18,ag2312C4900,ag2312C4900,991.0,0.0,0.0,0.0,2,738.5,1269.0,2,991.0,0.0,0.0,0.0,0.0,0.0,9
2023-05-10 21:18:19,ag2312C4900,ag2312C4900,991.0,0.0,0.0,0.0,1,740.0,1269.0,2,991.0,0.0,0.0,0.0,0.0,0.0,9
2023-05-10 21:18:19,ag2312C4900,ag2312C4900,991.0,0.0,0.0,0.0,1,740.0,1269.0,2,991.0,0.0,0.0,0.0,0.0,0.0,9
2023-05-10 21:18:20,ag2312C4900,ag2312C4900,991.0,0.0,0.0,0.0,2,740.5,1269.0,2,991.0,0.0,0.0,0.0,0.0,0.0,9
2023-05-10 21:18:20,ag2312C4900,ag2312C4900,991.0,0.0,0.0,0.0,2,740.5,1269.0,2,991.0,0.0,0.0,0.0,0.0,0.0,9
2023-05-10 21:18:21,ag2312C4900,ag2312C4900,991.0,0.0,0.0,0.0,1,742.0,1269.0,2,991.0,0.0,0.0,0.0,0.0,0.0,9
2023-05-10 21:18:21,ag2312C4900,ag2312C4900,991.0,0.0,0.0,0.0,1,742.0,1269.0,2,991.0,0.0,0.0,0.0,0.0,0.0,9
2023-05-10 21:18:22,ag2312C4900,ag2312C4900,991.0,0.0,0.0,0.0,2,742.5,1269.0,2,991.0,0.0,0.0,0.0,0.0,0.0,9
2023-05-10 21:18:22,ag2312C4900,ag2312C4900,991.0,0.0,0.0,0.0,2,742.5,1267.5,1,991.0,0.0,0.0,0.0,0.0,0.0,9
2023-05-10 21:18:23,ag2312C4900,ag2312C4900,991.0,0.0,0.0,0.0,2,742.5,1267.5,1,991.0,0.0,0.0,0.0,0.0,0.0,9
2023-05-10 21:18:23,ag2312C4900,ag2312C4900,991.0,0.0,0.0,0.0,1,744.0,1267.0,2,991.0,0.0,0.0,0.0,0.0,0.0,9
2023-05-10 21:18:24,ag2312C4900,ag2312C4900,991.0,0.0,0.0,0.0,1,744.0,1267.0,2,991.0,0.0,0.0,0.0,0.0,0.0,9
2023-05-10 21:18:24,ag2312C4900,ag2312C4900,991.0,0.0,0.0,0.0,2,744.5,1267.0,2,991.0,0.0,0.0,0.0,0.0,0.0,9
2023-05-10 21:18:25,ag2312C4900,ag2312C4900,991.0,0.0,0.0,0.0,1,746.0,1265.5,1,991.0,0.0,0.0,0.0,0.0,0.0,9
2023-05-10 21:18:25,ag2312C4900,ag2312C4900,991.0,0.0,0.0,0.0,1,746.0,1265.5,1,991.0,0.0,0.0,0.0,0.0,0.0,9
2023-05-10 21:18:26,ag2312C4900,ag2312C4900,991.0,0.0,0.0,0.0,2,746.5,1265.0,2,991.0,0.0,0.0,0.0,0.0,0.0,9
2023-05-10 21:18:26,ag2312C4900,ag2312C4900,991.0,0.0,0.0,0.0,2,746.5,1263.5,1,991.0,0.0,0.0,0.0,0.0,0.0,9
2023-05-10 21:18:27,ag2312C4900,ag2312C4900,991.0,0.0,0.0,0.0,1,748.0,1263.5,1,991.0,0.0,0.0,0.0,0.0,0.0,9
2023-05-10 21:18:27,ag2312C4900,ag2312C4900,991.0,0.0,0.0,0.0,1,748.0,1263.0,2,991.0,0.0,0.0,0.0,0.0,0.0,9
2023-05-10 21:18:28,ag2312C4900,ag2312C4900,991.0,0.0,0.0,0.0,2,748.5,1263.0,2,991.0,0.0,0.0,0.0,0.0,0.0,9
2023-05-10 21:18:29,ag2312C4900,ag2312C4900,991.0,0.0,0.0,0.0,2,748.5,1263.0,2,991.0,0.0,0.0,0.0,0.0,0.0,9
2023-05-10 21:18:33,ag2312C4900,ag2312C4900,991.0,0.0,0.0,0.0,1,750.0,1261.5,1,991.0,0.0,0.0,0.0,0.0,0.0,9
2023-05-10 21:18:33,ag2312C4900,ag2312C4900,991.0,0.0,0.0,0.0,1,750.0,1261.5,1,991.0,0.0,0.0,0.0,0.0,0.0,9
2023-05-10 21:18:34,ag2312C4900,ag2312C4900,991.0,0.0,0.0,0.0,2,750.5,1261.0,2,991.0,0.0,0.0,0.0,0.0,0.0,9
2023-05-10 21:18:34,ag2312C4900,ag2312C4900,991.0,0.0,0.0,0.0,2,750.5,1261.0,2,991.0,0.0,0.0,0.0,0.0,0.0,9
2023-05-10 21:18:38,ag2312C4900,ag2312C4900,991.0,0.0,0.0,0.0,1,752.0,1261.0,2,991.0,0.0,0.0,0.0,0.0,0.0,9
2023-05-10 21:18:39,ag2312C4900,ag2312C4900,991.0,0.0,0.0,0.0,1,752.0,1261.0,2,991.0,0.0,0.0,0.0,0.0,0.0,9
2023-05-10 21:18:39,ag2312C4900,ag2312C4900,991.0,0.0,0.0,0.0,2,752.5,1259.5,1,991.0,0.0,0.0,0.0,0.0,0.0,9
2023-05-10 21:18:40,ag2312C4900,ag2312C4900,991.0,0.0,0.0,0.0,1,754.0,1259.5,1,991.0,0.0,0.0,0.0,0.0,0.0,9
2023-05-10 21:18:40,ag2312C4900,ag2312C4900,991.0,0.0,0.0,0.0,1,754.0,1259.0,2,991.0,0.0,0.0,0.0,0.0,0.0,9
2023-05-10 21:18:41,ag2312C4900,ag2312C4900,991.0,0.0,0.0,0.0,2,754.5,1257.5,1,991.0,0.0,0.0,0.0,0.0,0.0,9
2023-05-10 21:18:41,ag2312C4900,ag2312C4900,991.0,0.0,0.0,0.0,2,754.5,1257.5,1,991.0,0.0,0.0,0.0,0.0,0.0,9
2023-05-10 21:18:42,ag2312C4900,ag2312C4900,991.0,0.0,0.0,0.0,1,756.0,1257.0,2,991.0,0.0,0.0,0.0,0.0,0.0,9
2023-05-10 21:18:42,ag2312C4900,ag2312C4900,991.0,0.0,0.0,0.0,1,756.0,1257.0,2,991.0,0.0,0.0,0.0,0.0,0.0,9
2023-05-10 21:18:43,ag2312C4900,ag2312C4900,991.0,0.0,0.0,0.0,2,756.5,1255.5,1,991.0,0.0,0.0,0.0,0.0,0.0,9
2023-05-10 21:18:43,ag2312C4900,ag2312C4900,991.0,0.0,0.0,0.0,2,756.5,1255.5,1,991.0,0.0,0.0,0.0,0.0,0.0,9
2023-05-10 21:18:44,ag2312C4900,ag2312C4900,991.0,0.0,0.0,0.0,2,756.5,1255.0,2,991.0,0.0,0.0,0.0,0.0,0.0,9
2023-05-10 21:18:44,ag2312C4900,ag2312C4900,991.0,0.0,0.0,0.0,2,756.5,1253.5,1,991.0,0.0,0.0,0.0,0.0,0.0,9
2023-05-10 21:18:45,ag2312C4900,ag2312C4900,991.0,0.0,0.0,0.0,1,758.0,1253.5,1,991.0,0.0,0.0,0.0,0.0,0.0,9
2023-05-10 21:18:45,ag2312C4900,ag2312C4900,991.0,0.0,0.0,0.0,1,758.0,1253.0,2,991.0,0.0,0.0,0.0,0.0,0.0,9
2023-05-10 21:18:46,ag2312C4900,ag2312C4900,991.0,0.0,0.0,0.0,2,758.5,1253.0,2,991.0,0.0,0.0,0.0,0.0,0.0,9
2023-05-10 21:18:47,ag2312C4900,ag2312C4900,991.0,0.0,0.0,0.0,2,758.5,1253.0,2,991.0,0.0,0.0,0.0,0.0,0.0,9
2023-05-10 21:18:56,ag2312C4900,ag2312C4900,991.0,0.0,0.0,0.0,1,760.0,1253.0,2,991.0,0.0,0.0,0.0,0.0,0.0,9
2023-05-10 21:18:57,ag2312C4900,ag2312C4900,991.0,0.0,0.0,0.0,1,760.0,1253.0,2,991.0,0.0,0.0,0.0,0.0,0.0,9
2023-05-10 21:18:57,ag2312C4900,ag2312C4900,991.0,0.0,0.0,0.0,2,760.5,1253.0,2,991.0,0.0,0.0,0.0,0.0,0.0,9
2023-05-10 21:18:58,ag2312C4900,ag2312C4900,991.0,0.0,0.0,0.0,1,762.0,1253.0,2,991.0,0.0,0.0,0.0,0.0,0.0,9
2023-05-10 21:18:58,ag2312C4900,ag2312C4900,991.0,0.0,0.0,0.0,1,762.0,1251.5,1,991.0,0.0,0.0,0.0,0.0,0.0,9
2023-05-10 21:18:59,ag2312C4900,ag2312C4900,991.0,0.0,0.0,0.0,2,762.5,1251.5,1,991.0,0.0,0.0,0.0,0.0,0.0,9
2023-05-10 21:18:59,ag2312C4900,ag2312C4900,991.0,0.0,0.0,0.0,2,762.5,1251.0,2,991.0,0.0,0.0,0.0,0.0,0.0,9
2023-05-10 21:19:00,ag2312C4900,ag2312C4900,991.0,0.0,0.0,0.0,2,762.5,1249.5,1,991.0,0.0,0.0,0.0,0.0,0.0,9
2023-05-10 21:19:00,ag2312C4900,ag2312C4900,991.0,0.0,0.0,0.0,2,762.5,1249.5,1,991.0,0.0,0.0,0.0,0.0,0.0,9
2023-05-10 21:19:01,ag2312C4900,ag2312C4900,991.0,0.0,0.0,0.0,2,762.5,1249.0,2,991.0,0.0,0.0,0.0,0.0,0.0,9
2023-05-10 21:19:01,ag2312C4900,ag2312C4900,991.0,0.0,0.0,0.0,1,764.0,1249.0,2,991.0,0.0,0.0,0.0,0.0,0.0,9
2023-05-10 21:19:02,ag2312C4900,ag2312C4900,991.0,0.0,0.0,0.0,1,764.0,1249.0,2,991.0,0.0,0.0,0.0,0.0,0.0,9
2023-05-10 21:19:02,ag2312C4900,ag2312C4900,991.0,0.0,0.0,0.0,2,764.5,1249.0,2,991.0,0.0,0.0,0.0,0.0,0.0,9
2023-05-10 21:19:03,ag2312C4900,ag2312C4900,991.0,0.0,0.0,0.0,2,764.5,1249.0,2,991.0,0.0,0.0,0.0,0.0,0.0,9
2023-05-10 21:19:03,ag2312C4900,ag2312C4900,991.0,0.0,0.0,0.0,1,766.0,1249.0,2,991.0,0.0,0.0,0.0,0.0,0.0,9
2023-05-10 21:19:04,ag2312C4900,ag2312C4900,991.0,0.0,0.0,0.0,1,766.0,1247.5,1,991.0,0.0,0.0,0.0,0.0,0.0,9
2023-05-10 21:19:04,ag2312C4900,ag2312C4900,991.0,0.0,0.0,0.0,2,766.5,1247.5,1,991.0,0.0,0.0,0.0,0.0,0.0,9
2023-05-10 21:19:05,ag2312C4900,ag2312C4900,991.0,0.0,0.0,0.0,2,766.5,1247.0,2,991.0,0.0,0.0,0.0,0.0,0.0,9
2023-05-10 21:19:05,ag2312C4900,ag2312C4900,991.0,0.0,0.0,0.0,2,766.5,1247.0,2,991.0,0.0,0.0,0.0,0.0,0.0,9
2023-05-10 21:19:06,ag2312C4900,ag2312C4900,991.0,0.0,0.0,0.0,2,766.5,1245.5,1,991.0,0.0,0.0,0.0,0.0,0.0,9
2023-05-10 21:19:06,ag2312C4900,ag2312C4900,991.0,0.0,0.0,0.0,2,766.5,1245.5,1,991.0,0.0,0.0,0.0,0.0,0.0,9
2023-05-10 21:19:07,ag2312C4900,ag2312C4900,991.0,0.0,0.0,0.0,2,766.5,1245.0,2,991.0,0.0,0.0,0.0,0.0,0.0,9
2023-05-10 21:19:07,ag2312C4900,ag2312C4900,991.0,0.0,0.0,0.0,1,768.0,1243.5,1,991.0,0.0,0.0,0.0,0.0,0.0,9
2023-05-10 21:19:08,ag2312C4900,ag2312C4900,991.0,0.0,0.0,0.0,1,768.0,1243.5,1,991.0,0.0,0.0,0.0,0.0,0.0,9
2023-05-10 21:19:08,ag2312C4900,ag2312C4900,991.0,0.0,0.0,0.0,2,768.5,1243.0,2,991.0,0.0,0.0,0.0,0.0,0.0,9
2023-05-10 21:19:09,ag2312C4900,ag2312C4900,991.0,0.0,0.0,0.0,2,768.5,1243.0,2,991.0,0.0,0.0,0.0,0.0,0.0,9
2023-05-10 21:19:11,ag2312C4900,ag2312C4900,991.0,0.0,0.0,0.0,1,770.0,1241.5,1,991.0,0.0,0.0,0.0,0.0,0.0,9
2023-05-10 21:19:12,ag2312C4900,ag2312C4900,991.0,0.0,0.0,0.0,1,770.0,1241.5,1,991.0,0.0,0.0,0.0,0.0,0.0,9
2023-05-10 21:19:12,ag2312C4900,ag2312C4900,991.0,0.0,0.0,0.0,2,770.5,1241.0,2,991.0,0.0,0.0,0.0,0.0,0.0,9
2023-05-10 21:19:13,ag2312C4900,ag2312C4900,991.0,0.0,0.0,0.0,2,770.5,1241.0,2,991.0,0.0,0.0,0.0,0.0,0.0,9
2023-05-10 21:19:14,ag2312C4900,ag2312C4900,991.0,0.0,0.0,0.0,1,772.0,1239.5,1,991.0,0.0,0.0,0.0,0.0,0.0,9
2023-05-10 21:19:15,ag2312C4900,ag2312C4900,991.0,0.0,0.0,0.0,1,772.0,1239.5,1,991.0,0.0,0.0,0.0,0.0,0.0,9
2023-05-10 21:19:15,ag2312C4900,ag2312C4900,991.0,0.0,0.0,0.0,2,772.5,1239.0,2,991.0,0.0,0.0,0.0,0.0,0.0,9
2023-05-10 21:19:16,ag2312C4900,ag2312C4900,991.0,0.0,0.0,0.0,2,772.5,1239.0,2,991.0,0.0,0.0,0.0,0.0,0.0,9
2023-05-10 21:19:16,ag2312C4900,ag2312C4900,991.0,0.0,0.0,0.0,2,772.5,1237.5,1,991.0,0.0,0.0,0.0,0.0,0.0,9
2023-05-10 21:19:17,ag2312C4900,ag2312C4900,991.0,0.0,0.0,0.0,2,772.5,1237.5,1,991.0,0.0,0.0,0.0,0.0,0.0,9
2023-05-10 21:19:17,ag2312C4900,ag2312C4900,991.0,0.0,0.0,0.0,1,774.0,1237.0,2,991.0,0.0,0.0,0.0,0.0,0.0,9
2023-05-10 21:19:18,ag2312C4900,ag2312C4900,991.0,0.0,0.0,0.0,1,774.0,1235.5,1,991.0,0.0,0.0,0.0,0.0,0.0,9
2023-05-10 21:19:18,ag2312C4900,ag2312C4900,991.0,0.0,0.0,0.0,2,774.5,1235.5,1,991.0,0.0,0.0,0.0,0.0,0.0,9
2023-05-10 21:19:19,ag2312C4900,ag2312C4900,991.0,0.0,0.0,0.0,2,774.5,1235.0,2,991.0,0.0,0.0,0.0,0.0,0.0,9
2023-05-10 21:19:19,ag2312C4900,ag2312C4900,991.0,0.0,0.0,0.0,2,774.5,1235.0,2,991.0,0.0,0.0,0.0,0.0,0.0,9
2023-05-10 21:19:24,ag2312C4900,ag2312C4900,991.0,0.0,0.0,0.0,1,776.0,1233.5,1,991.0,0.0,0.0,0.0,0.0,0.0,9
2023-05-10 21:19:25,ag2312C4900,ag2312C4900,991.0,0.0,0.0,0.0,1,776.0,1233.5,1,991.0,0.0,0.0,0.0,0.0,0.0,9
2023-05-10 21:19:25,ag2312C4900,ag2312C4900,991.0,0.0,0.0,0.0,2,776.5,1233.0,2,991.0,0.0,0.0,0.0,0.0,0.0,9
2023-05-10 21:19:26,ag2312C4900,ag2312C4900,991.0,0.0,0.0,0.0,1,778.0,1233.0,2,991.0,0.0,0.0,0.0,0.0,0.0,9
2023-05-10 21:19:26,ag2312C4900,ag2312C4900,991.0,0.0,0.0,0.0,1,778.0,1233.0,2,991.0,0.0,0.0,0.0,0.0,0.0,9
2023-05-10 21:19:27,ag2312C4900,ag2312C4900,991.0,0.0,0.0,0.0,2,778.5,1231.5,1,991.0,0.0,0.0,0.0,0.0,0.0,9
2023-05-10 21:19:27,ag2312C4900,ag2312C4900,991.0,0.0,0.0,0.0,2,778.5,1231.5,1,991.0,0.0,0.0,0.0,0.0,0.0,9
2023-05-10 21:19:28,ag2312C4900,ag2312C4900,991.0,0.0,0.0,0.0,2,778.5,1231.0,2,991.0,0.0,0.0,0.0,0.0,0.0,9
2023-05-10 21:19:28,ag2312C4900,ag2312C4900,991.0,0.0,0.0,0.0,2,778.5,1231.0,2,991.0,0.0,0.0,0.0,0.0,0.0,9
2023-05-10 21:19:31,ag2312C4900,ag2312C4900,991.0,0.0,0.0,0.0,1,780.0,1229.5,1,991.0,0.0,0.0,0.0,0.0,0.0,9
2023-05-10 21:19:31,ag2312C4900,ag2312C4900,991.0,0.0,0.0,0.0,1,780.0,1229.5,1,991.0,0.0,0.0,0.0,0.0,0.0,9
2023-05-10 21:19:32,ag2312C4900,ag2312C4900,991.0,0.0,0.0,0.0,2,780.5,1229.0,2,991.0,0.0,0.0,0.0,0.0,0.0,9
2023-05-10 21:19:32,ag2312C4900,ag2312C4900,991.0,0.0,0.0,0.0,2,780.5,1229.0,2,991.0,0.0,0.0,0.0,0.0,0.0,9
2023-05-10 21:19:38,ag2312C4900,ag2312C4900,991.0,0.0,0.0,0.0,1,782.0,1229.0,2,991.0,0.0,0.0,0.0,0.0,0.0,9
2023-05-10 21:19:38,ag2312C4900,ag2312C4900,991.0,0.0,0.0,0.0,1,782.0,1229.0,2,991.0,0.0,0.0,0.0,0.0,0.0,9
2023-05-10 21:19:39,ag2312C4900,ag2312C4900,991.0,0.0,0.0,0.0,2,782.5,1229.0,2,991.0,0.0,0.0,0.0,0.0,0.0,9
2023-05-10 21:19:39,ag2312C4900,ag2312C4900,991.0,0.0,0.0,0.0,1,784.0,1229.0,2,991.0,0.0,0.0,0.0,0.0,0.0,9
2023-05-10 21:19:40,ag2312C4900,ag2312C4900,991.0,0.0,0.0,0.0,1,784.0,1227.5,1,991.0,0.0,0.0,0.0,0.0,0.0,9
2023-05-10 21:19:40,ag2312C4900,ag2312C4900,991.0,0.0,0.0,0.0,2,784.5,1227.5,1,991.0,0.0,0.0,0.0,0.0,0.0,9
2023-05-10 21:19:41,ag2312C4900,ag2312C4900,991.0,0.0,0.0,0.0,2,784.5,1227.0,2,991.0,0.0,0.0,0.0,0.0,0.0,9
2023-05-10 21:19:41,ag2312C4900,ag2312C4900,991.0,0.0,0.0,0.0,2,784.5,1227.0,2,991.0,0.0,0.0,0.0,0.0,0.0,9
2023-05-10 21:19:47,ag2312C4900,ag2312C4900,991.0,0.0,0.0,0.0,2,784.5,1225.5,1,991.0,0.0,0.0,0.0,0.0,0.0,9
2023-05-10 21:19:48,ag2312C4900,ag2312C4900,991.0,0.0,0.0,0.0,2,784.5,1225.5,1,991.0,0.0,0.0,0.0,0.0,0.0,9
2023-05-10 21:19:48,ag2312C4900,ag2312C4900,991.0,0.0,0.0,0.0,2,784.5,1225.0,2,991.0,0.0,0.0,0.0,0.0,0.0,9
2023-05-10 21:19:49,ag2312C4900,ag2312C4900,991.0,0.0,0.0,0.0,2,784.5,1223.5,1,991.0,0.0,0.0,0.0,0.0,0.0,9
2023-05-10 21:19:49,ag2312C4900,ag2312C4900,991.0,0.0,0.0,0.0,1,786.0,1223.5,1,991.0,0.0,0.0,0.0,0.0,0.0,9
2023-05-10 21:19:50,ag2312C4900,ag2312C4900,991.0,0.0,0.0,0.0,1,786.0,1223.0,2,991.0,0.0,0.0,0.0,0.0,0.0,9
2023-05-10 21:19:50,ag2312C4900,ag2312C4900,991.0,0.0,0.0,0.0,2,786.5,1221.5,1,991.0,0.0,0.0,0.0,0.0,0.0,9
2023-05-10 21:19:51,ag2312C4900,ag2312C4900,991.0,0.0,0.0,0.0,1,788.0,1221.5,1,991.0,0.0,0.0,0.0,0.0,0.0,9
2023-05-10 21:19:51,ag2312C4900,ag2312C4900,991.0,0.0,0.0,0.0,1,788.0,1221.0,2,991.0,0.0,0.0,0.0,0.0,0.0,9
2023-05-10 21:19:52,ag2312C4900,ag2312C4900,991.0,0.0,0.0,0.0,2,788.5,1221.0,2,991.0,0.0,0.0,0.0,0.0,0.0,9
2023-05-10 21:19:52,ag2312C4900,ag2312C4900,991.0,0.0,0.0,0.0,2,788.5,1221.0,2,991.0,0.0,0.0,0.0,0.0,0.0,9
2023-05-10 21:20:08,ag2312C4900,ag2312C4900,991.0,0.0,0.0,0.0,1,790.0,1219.5,1,991.0,0.0,0.0,0.0,0.0,0.0,9
2023-05-10 21:20:09,ag2312C4900,ag2312C4900,991.0,0.0,0.0,0.0,1,790.0,1219.5,1,991.0,0.0,0.0,0.0,0.0,0.0,9
2023-05-10 21:20:09,ag2312C4900,ag2312C4900,991.0,0.0,0.0,0.0,2,790.5,1219.0,2,991.0,0.0,0.0,0.0,0.0,0.0,9
2023-05-10 21:20:10,ag2312C4900,ag2312C4900,991.0,0.0,0.0,0.0,1,792.0,1217.5,1,991.0,0.0,0.0,0.0,0.0,0.0,9
2023-05-10 21:20:10,ag2312C4900,ag2312C4900,991.0,0.0,0.0,0.0,1,792.0,1217.5,1,991.0,0.0,0.0,0.0,0.0,0.0,9
2023-05-10 21:20:11,ag2312C4900,ag2312C4900,991.0,0.0,0.0,0.0,2,792.5,1217.0,2,991.0,0.0,0.0,0.0,0.0,0.0,9
2023-05-10 21:20:11,ag2312C4900,ag2312C4900,991.0,0.0,0.0,0.0,2,792.5,1217.0,2,991.0,0.0,0.0,0.0,0.0,0.0,9
2023-05-10 21:20:12,ag2312C4900,ag2312C4900,991.0,0.0,0.0,0.0,1,794.0,1215.5,1,991.0,0.0,0.0,0.0,0.0,0.0,9
2023-05-10 21:20:12,ag2312C4900,ag2312C4900,991.0,0.0,0.0,0.0,1,794.0,1215.5,1,991.0,0.0,0.0,0.0,0.0,0.0,9
2023-05-10 21:20:13,ag2312C4900,ag2312C4900,991.0,0.0,0.0,0.0,2,794.5,1215.0,2,991.0,0.0,0.0,0.0,0.0,0.0,9
2023-05-10 21:20:13,ag2312C4900,ag2312C4900,991.0,0.0,0.0,0.0,1,796.0,1213.5,1,991.0,0.0,0.0,0.0,0.0,0.0,9
2023-05-10 21:20:14,ag2312C4900,ag2312C4900,991.0,0.0,0.0,0.0,1,796.0,1213.5,1,991.0,0.0,0.0,0.0,0.0,0.0,9
2023-05-10 21:20:14,ag2312C4900,ag2312C4900,991.0,0.0,0.0,0.0,2,796.5,1213.0,2,991.0,0.0,0.0,0.0,0.0,0.0,9
2023-05-10 21:20:15,ag2312C4900,ag2312C4900,991.0,0.0,0.0,0.0,2,796.5,1213.0,2,991.0,0.0,0.0,0.0,0.0,0.0,9
2023-05-10 21:20:15,ag2312C4900,ag2312C4900,991.0,0.0,0.0,0.0,1,798.0,1213.0,2,991.0,0.0,0.0,0.0,0.0,0.0,9
2023-05-10 21:20:16,ag2312C4900,ag2312C4900,991.0,0.0,0.0,0.0,1,798.0,1213.0,2,991.0,0.0,0.0,0.0,0.0,0.0,9
2023-05-10 21:20:16,ag2312C4900,ag2312C4900,991.0,0.0,0.0,0.0,2,798.5,1213.0,2,991.0,0.0,0.0,0.0,0.0,0.0,9
2023-05-10 21:20:17,ag2312C4900,ag2312C4900,991.0,0.0,0.0,0.0,1,800.0,1213.0,2,991.0,0.0,0.0,0.0,0.0,0.0,9
2023-05-10 21:20:17,ag2312C4900,ag2312C4900,991.0,0.0,0.0,0.0,1,800.0,1213.0,2,991.0,0.0,0.0,0.0,0.0,0.0,9
2023-05-10 21:20:18,ag2312C4900,ag2312C4900,991.0,0.0,0.0,0.0,2,800.5,1213.0,2,991.0,0.0,0.0,0.0,0.0,0.0,9
2023-05-10 21:20:18,ag2312C4900,ag2312C4900,991.0,0.0,0.0,0.0,2,800.5,1213.0,2,991.0,0.0,0.0,0.0,0.0,0.0,9
2023-05-10 21:20:24,ag2312C4900,ag2312C4900,991.0,0.0,0.0,0.0,1,802.0,1213.0,2,991.0,0.0,0.0,0.0,0.0,0.0,9
2023-05-10 21:20:24,ag2312C4900,ag2312C4900,991.0,0.0,0.0,0.0,1,802.0,1213.0,2,991.0,0.0,0.0,0.0,0.0,0.0,9
2023-05-10 21:20:25,ag2312C4900,ag2312C4900,991.0,0.0,0.0,0.0,2,802.5,1213.0,2,991.0,0.0,0.0,0.0,0.0,0.0,9
2023-05-10 21:20:25,ag2312C4900,ag2312C4900,991.0,0.0,0.0,0.0,2,802.5,1213.0,2,991.0,0.0,0.0,0.0,0.0,0.0,9
2023-05-10 21:20:26,ag2312C4900,ag2312C4900,991.0,0.0,0.0,0.0,1,804.0,1213.0,2,991.0,0.0,0.0,0.0,0.0,0.0,9
2023-05-10 21:20:26,ag2312C4900,ag2312C4900,991.0,0.0,0.0,0.0,1,804.0,1213.0,2,991.0,0.0,0.0,0.0,0.0,0.0,9
2023-05-10 21:20:27,ag2312C4900,ag2312C4900,991.0,0.0,0.0,0.0,2,804.5,1213.0,2,991.0,0.0,0.0,0.0,0.0,0.0,9
2023-05-10 21:20:27,ag2312C4900,ag2312C4900,991.0,0.0,0.0,0.0,2,804.5,1213.0,2,991.0,0.0,0.0,0.0,0.0,0.0,9
2023-05-10 21:20:30,ag2312C4900,ag2312C4900,991.0,0.0,0.0,0.0,1,806.0,1213.0,2,991.0,0.0,0.0,0.0,0.0,0.0,9
2023-05-10 21:20:30,ag2312C4900,ag2312C4900,991.0,0.0,0.0,0.0,1,806.0,1213.0,2,991.0,0.0,0.0,0.0,0.0,0.0,9
2023-05-10 21:20:31,ag2312C4900,ag2312C4900,991.0,0.0,0.0,0.0,2,806.5,1213.0,2,991.0,0.0,0.0,0.0,0.0,0.0,9
2023-05-10 21:20:31,ag2312C4900,ag2312C4900,991.0,0.0,0.0,0.0,2,806.5,1213.0,2,991.0,0.0,0.0,0.0,0.0,0.0,9
2023-05-10 21:20:33,ag2312C4900,ag2312C4900,991.0,0.0,0.0,0.0,1,808.0,1213.0,2,991.0,0.0,0.0,0.0,0.0,0.0,9
2023-05-10 21:20:33,ag2312C4900,ag2312C4900,991.0,0.0,0.0,0.0,1,808.0,1213.0,2,991.0,0.0,0.0,0.0,0.0,0.0,9
2023-05-10 21:20:34,ag2312C4900,ag2312C4900,991.0,0.0,0.0,0.0,2,808.5,1213.0,2,991.0,0.0,0.0,0.0,0.0,0.0,9
2023-05-10 21:20:34,ag2312C4900,ag2312C4900,991.0,0.0,0.0,0.0,2,808.5,1213.0,2,991.0,0.0,0.0,0.0,0.0,0.0,9
2023-05-10 21:20:35,ag2312C4900,ag2312C4900,991.0,0.0,0.0,0.0,1,810.0,1213.0,2,991.0,0.0,0.0,0.0,0.0,0.0,9
2023-05-10 21:20:35,ag2312C4900,ag2312C4900,991.0,0.0,0.0,0.0,1,810.0,1213.0,2,991.0,0.0,0.0,0.0,0.0,0.0,9
2023-05-10 21:20:36,ag2312C4900,ag2312C4900,991.0,0.0,0.0,0.0,2,810.5,1213.0,2,991.0,0.0,0.0,0.0,0.0,0.0,9
2023-05-10 21:20:36,ag2312C4900,ag2312C4900,991.0,0.0,0.0,0.0,2,810.5,1213.0,2,991.0,0.0,0.0,0.0,0.0,0.0,9
2023-05-10 21:20:38,ag2312C4900,ag2312C4900,991.0,0.0,0.0,0.0,1,812.0,1213.0,2,991.0,0.0,0.0,0.0,0.0,0.0,9
2023-05-10 21:20:38,ag2312C4900,ag2312C4900,991.0,0.0,0.0,0.0,1,812.0,1213.0,2,991.0,0.0,0.0,0.0,0.0,0.0,9
2023-05-10 21:20:39,ag2312C4900,ag2312C4900,991.0,0.0,0.0,0.0,2,812.5,1213.0,2,991.0,0.0,0.0,0.0,0.0,0.0,9
2023-05-10 21:20:39,ag2312C4900,ag2312C4900,991.0,0.0,0.0,0.0,1,814.0,1213.0,2,991.0,0.0,0.0,0.0,0.0,0.0,9
2023-05-10 21:20:40,ag2312C4900,ag2312C4900,991.0,0.0,0.0,0.0,1,814.0,1213.0,2,991.0,0.0,0.0,0.0,0.0,0.0,9
2023-05-10 21:20:40,ag2312C4900,ag2312C4900,991.0,0.0,0.0,0.0,2,814.5,1213.0,2,991.0,0.0,0.0,0.0,0.0,0.0,9
2023-05-10 21:20:41,ag2312C4900,ag2312C4900,991.0,0.0,0.0,0.0,1,816.0,1213.0,2,991.0,0.0,0.0,0.0,0.0,0.0,9
2023-05-10 21:20:41,ag2312C4900,ag2312C4900,991.0,0.0,0.0,0.0,1,816.0,1213.0,2,991.0,0.0,0.0,0.0,0.0,0.0,9
2023-05-10 21:20:42,ag2312C4900,ag2312C4900,991.0,0.0,0.0,0.0,2,816.5,1213.0,2,991.0,0.0,0.0,0.0,0.0,0.0,9
2023-05-10 21:20:42,ag2312C4900,ag2312C4900,991.0,0.0,0.0,0.0,2,816.5,1213.0,2,991.0,0.0,0.0,0.0,0.0,0.0,9
2023-05-10 21:20:43,ag2312C4900,ag2312C4900,991.0,0.0,0.0,0.0,1,818.0,1213.0,2,991.0,0.0,0.0,0.0,0.0,0.0,9
2023-05-10 21:20:43,ag2312C4900,ag2312C4900,991.0,0.0,0.0,0.0,1,818.0,1213.0,2,991.0,0.0,0.0,0.0,0.0,0.0,9
2023-05-10 21:20:44,ag2312C4900,ag2312C4900,991.0,0.0,0.0,0.0,2,818.5,1213.0,2,991.0,0.0,0.0,0.0,0.0,0.0,9
2023-05-10 21:20:44,ag2312C4900,ag2312C4900,991.0,0.0,0.0,0.0,2,818.5,1213.0,2,991.0,0.0,0.0,0.0,0.0,0.0,9
2023-05-10 21:20:45,ag2312C4900,ag2312C4900,991.0,0.0,0.0,0.0,1,820.0,1213.0,2,991.0,0.0,0.0,0.0,0.0,0.0,9
2023-05-10 21:20:45,ag2312C4900,ag2312C4900,991.0,0.0,0.0,0.0,1,820.0,1213.0,2,991.0,0.0,0.0,0.0,0.0,0.0,9
2023-05-10 21:20:46,ag2312C4900,ag2312C4900,991.0,0.0,0.0,0.0,2,820.5,1213.0,2,991.0,0.0,0.0,0.0,0.0,0.0,9
2023-05-10 21:20:46,ag2312C4900,ag2312C4900,991.0,0.0,0.0,0.0,1,822.0,1213.0,2,991.0,0.0,0.0,0.0,0.0,0.0,9
2023-05-10 21:20:47,ag2312C4900,ag2312C4900,991.0,0.0,0.0,0.0,1,822.0,1213.0,2,991.0,0.0,0.0,0.0,0.0,0.0,9
2023-05-10 21:20:47,ag2312C4900,ag2312C4900,991.0,0.0,0.0,0.0,2,822.5,1213.0,2,991.0,0.0,0.0,0.0,0.0,0.0,9
2023-05-10 21:20:48,ag2312C4900,ag2312C4900,991.0,0.0,0.0,0.0,1,824.0,1213.0,2,991.0,0.0,0.0,0.0,0.0,0.0,9
2023-05-10 21:20:48,ag2312C4900,ag2312C4900,991.0,0.0,0.0,0.0,1,824.0,1213.0,2,991.0,0.0,0.0,0.0,0.0,0.0,9
2023-05-10 21:20:49,ag2312C4900,ag2312C4900,991.0,0.0,0.0,0.0,2,824.5,1213.0,2,991.0,0.0,0.0,0.0,0.0,0.0,9
2023-05-10 21:20:49,ag2312C4900,ag2312C4900,991.0,0.0,0.0,0.0,2,824.5,1213.0,2,991.0,0.0,0.0,0.0,0.0,0.0,9
2023-05-10 21:20:50,ag2312C4900,ag2312C4900,991.0,0.0,0.0,0.0,1,826.0,1213.0,2,991.0,0.0,0.0,0.0,0.0,0.0,9
2023-05-10 21:20:50,ag2312C4900,ag2312C4900,991.0,0.0,0.0,0.0,1,826.0,1213.0,2,991.0,0.0,0.0,0.0,0.0,0.0,9
2023-05-10 21:20:51,ag2312C4900,ag2312C4900,991.0,0.0,0.0,0.0,2,826.5,1213.0,2,991.0,0.0,0.0,0.0,0.0,0.0,9
2023-05-10 21:20:51,ag2312C4900,ag2312C4900,991.0,0.0,0.0,0.0,1,828.0,1213.0,2,991.0,0.0,0.0,0.0,0.0,0.0,9
2023-05-10 21:20:52,ag2312C4900,ag2312C4900,991.0,0.0,0.0,0.0,1,828.0,1213.0,2,991.0,0.0,0.0,0.0,0.0,0.0,9
2023-05-10 21:20:52,ag2312C4900,ag2312C4900,991.0,0.0,0.0,0.0,2,828.5,1213.0,2,991.0,0.0,0.0,0.0,0.0,0.0,9
2023-05-10 21:20:53,ag2312C4900,ag2312C4900,991.0,0.0,0.0,0.0,2,828.5,1213.0,2,991.0,0.0,0.0,0.0,0.0,0.0,9
2023-05-10 21:20:53,ag2312C4900,ag2312C4900,991.0,0.0,0.0,0.0,1,830.0,1213.0,2,991.0,0.0,0.0,0.0,0.0,0.0,9
2023-05-10 21:20:54,ag2312C4900,ag2312C4900,991.0,0.0,0.0,0.0,1,830.0,1213.0,2,991.0,0.0,0.0,0.0,0.0,0.0,9
2023-05-10 21:20:54,ag2312C4900,ag2312C4900,991.0,0.0,0.0,0.0,2,830.5,1213.0,2,991.0,0.0,0.0,0.0,0.0,0.0,9
2023-05-10 21:20:55,ag2312C4900,ag2312C4900,991.0,0.0,0.0,0.0,1,832.0,1213.0,2,991.0,0.0,0.0,0.0,0.0,0.0,9
2023-05-10 21:20:55,ag2312C4900,ag2312C4900,991.0,0.0,0.0,0.0,1,832.0,1213.0,2,991.0,0.0,0.0,0.0,0.0,0.0,9
2023-05-10 21:20:56,ag2312C4900,ag2312C4900,991.0,0.0,0.0,0.0,2,832.5,1213.0,2,991.0,0.0,0.0,0.0,0.0,0.0,9
2023-05-10 21:20:56,ag2312C4900,ag2312C4900,991.0,0.0,0.0,0.0,2,832.5,1213.0,2,991.0,0.0,0.0,0.0,0.0,0.0,9
2023-05-10 21:20:58,ag2312C4900,ag2312C4900,991.0,0.0,0.0,0.0,1,834.0,1213.0,2,991.0,0.0,0.0,0.0,0.0,0.0,9
2023-05-10 21:20:58,ag2312C4900,ag2312C4900,991.0,0.0,0.0,0.0,1,834.0,1213.0,2,991.0,0.0,0.0,0.0,0.0,0.0,9
2023-05-10 21:20:59,ag2312C4900,ag2312C4900,991.0,0.0,0.0,0.0,2,834.5,1213.0,2,991.0,0.0,0.0,0.0,0.0,0.0,9
2023-05-10 21:20:59,ag2312C4900,ag2312C4900,991.0,0.0,0.0,0.0,2,834.5,1213.0,2,991.0,0.0,0.0,0.0,0.0,0.0,9
2023-05-10 21:21:00,ag2312C4900,ag2312C4900,991.0,0.0,0.0,0.0,1,836.0,1213.0,2,991.0,0.0,0.0,0.0,0.0,0.0,9
2023-05-10 21:21:00,ag2312C4900,ag2312C4900,991.0,0.0,0.0,0.0,1,836.0,1213.0,2,991.0,0.0,0.0,0.0,0.0,0.0,9
2023-05-10 21:21:01,ag2312C4900,ag2312C4900,991.0,0.0,0.0,0.0,2,836.5,1213.0,2,991.0,0.0,0.0,0.0,0.0,0.0,9
2023-05-10 21:21:01,ag2312C4900,ag2312C4900,991.0,0.0,0.0,0.0,1,838.0,1213.0,2,991.0,0.0,0.0,0.0,0.0,0.0,9
2023-05-10 21:21:02,ag2312C4900,ag2312C4900,991.0,0.0,0.0,0.0,1,838.0,1213.0,2,991.0,0.0,0.0,0.0,0.0,0.0,9
2023-05-10 21:21:02,ag2312C4900,ag2312C4900,991.0,0.0,0.0,0.0,2,838.5,1213.0,2,991.0,0.0,0.0,0.0,0.0,0.0,9
2023-05-10 21:21:03,ag2312C4900,ag2312C4900,991.0,0.0,0.0,0.0,1,840.0,1213.0,2,991.0,0.0,0.0,0.0,0.0,0.0,9
2023-05-10 21:21:03,ag2312C4900,ag2312C4900,991.0,0.0,0.0,0.0,1,840.0,1213.0,2,991.0,0.0,0.0,0.0,0.0,0.0,9
2023-05-10 21:21:04,ag2312C4900,ag2312C4900,991.0,0.0,0.0,0.0,2,840.5,1213.0,2,991.0,0.0,0.0,0.0,0.0,0.0,9
2023-05-10 21:21:04,ag2312C4900,ag2312C4900,991.0,0.0,0.0,0.0,1,842.0,1213.0,2,991.0,0.0,0.0,0.0,0.0,0.0,9
2023-05-10 21:21:05,ag2312C4900,ag2312C4900,991.0,0.0,0.0,0.0,1,842.0,1213.0,2,991.0,0.0,0.0,0.0,0.0,0.0,9
2023-05-10 21:21:05,ag2312C4900,ag2312C4900,991.0,0.0,0.0,0.0,2,842.5,1213.0,2,991.0,0.0,0.0,0.0,0.0,0.0,9
2023-05-10 21:21:06,ag2312C4900,ag2312C4900,991.0,0.0,0.0,0.0,1,844.0,1213.0,2,991.0,0.0,0.0,0.0,0.0,0.0,9
2023-05-10 21:21:06,ag2312C4900,ag2312C4900,991.0,0.0,0.0,0.0,1,844.0,1213.0,2,991.0,0.0,0.0,0.0,0.0,0.0,9
2023-05-10 21:21:07,ag2312C4900,ag2312C4900,991.0,0.0,0.0,0.0,2,844.5,1213.0,2,991.0,0.0,0.0,0.0,0.0,0.0,9
2023-05-10 21:21:07,ag2312C4900,ag2312C4900,991.0,0.0,0.0,0.0,1,846.0,1213.0,2,991.0,0.0,0.0,0.0,0.0,0.0,9
2023-05-10 21:21:08,ag2312C4900,ag2312C4900,991.0,0.0,0.0,0.0,1,846.0,1213.0,2,991.0,0.0,0.0,0.0,0.0,0.0,9
2023-05-10 21:21:08,ag2312C4900,ag2312C4900,991.0,0.0,0.0,0.0,2,846.5,1213.0,2,991.0,0.0,0.0,0.0,0.0,0.0,9
2023-05-10 21:21:09,ag2312C4900,ag2312C4900,991.0,0.0,0.0,0.0,1,848.0,1213.0,2,991.0,0.0,0.0,0.0,0.0,0.0,9
2023-05-10 21:21:09,ag2312C4900,ag2312C4900,991.0,0.0,0.0,0.0,1,848.0,1213.0,2,991.0,0.0,0.0,0.0,0.0,0.0,9
2023-05-10 21:21:10,ag2312C4900,ag2312C4900,991.0,0.0,0.0,0.0,2,848.5,1213.0,2,991.0,0.0,0.0,0.0,0.0,0.0,9
2023-05-10 21:21:10,ag2312C4900,ag2312C4900,991.0,0.0,0.0,0.0,1,850.0,1213.0,2,991.0,0.0,0.0,0.0,0.0,0.0,9
2023-05-10 21:21:11,ag2312C4900,ag2312C4900,991.0,0.0,0.0,0.0,1,850.0,1213.0,2,991.0,0.0,0.0,0.0,0.0,0.0,9
2023-05-10 21:21:11,ag2312C4900,ag2312C4900,991.0,0.0,0.0,0.0,2,850.5,1213.0,2,991.0,0.0,0.0,0.0,0.0,0.0,9
2023-05-10 21:21:12,ag2312C4900,ag2312C4900,991.0,0.0,0.0,0.0,1,852.0,1213.0,2,991.0,0.0,0.0,0.0,0.0,0.0,9
2023-05-10 21:21:12,ag2312C4900,ag2312C4900,991.0,0.0,0.0,0.0,1,852.0,1213.0,2,991.0,0.0,0.0,0.0,0.0,0.0,9
2023-05-10 21:21:13,ag2312C4900,ag2312C4900,991.0,0.0,0.0,0.0,2,852.5,1213.0,2,991.0,0.0,0.0,0.0,0.0,0.0,9
2023-05-10 21:21:13,ag2312C4900,ag2312C4900,991.0,0.0,0.0,0.0,1,854.0,1213.0,2,991.0,0.0,0.0,0.0,0.0,0.0,9
2023-05-10 21:21:14,ag2312C4900,ag2312C4900,991.0,0.0,0.0,0.0,1,854.0,1213.0,2,991.0,0.0,0.0,0.0,0.0,0.0,9
2023-05-10 21:21:14,ag2312C4900,ag2312C4900,991.0,0.0,0.0,0.0,2,854.5,1213.0,2,991.0,0.0,0.0,0.0,0.0,0.0,9
2023-05-10 21:21:15,ag2312C4900,ag2312C4900,991.0,0.0,0.0,0.0,2,854.5,1213.0,2,991.0,0.0,0.0,0.0,0.0,0.0,9
2023-05-10 21:23:26,ag2312C4900,ag2312C4900,991.0,0.0,0.0,0.0,2,854.5,1211.5,1,991.0,0.0,0.0,0.0,0.0,0.0,9
2023-05-10 21:23:26,ag2312C4900,ag2312C4900,991.0,0.0,0.0,0.0,2,854.5,1211.5,1,991.0,0.0,0.0,0.0,0.0,0.0,9
2023-05-10 21:23:27,ag2312C4900,ag2312C4900,991.0,0.0,0.0,0.0,2,854.5,1211.0,2,991.0,0.0,0.0,0.0,0.0,0.0,9
2023-05-10 21:23:27,ag2312C4900,ag2312C4900,991.0,0.0,0.0,0.0,2,854.5,1211.0,2,991.0,0.0,0.0,0.0,0.0,0.0,9
2023-05-10 21:33:26,ag2312C4900,ag2312C4900,991.0,0.0,0.0,0.0,2,854.5,1209.5,1,991.0,0.0,0.0,0.0,0.0,0.0,9
2023-05-10 21:33:26,ag2312C4900,ag2312C4900,991.0,0.0,0.0,0.0,2,854.5,1209.5,1,991.0,0.0,0.0,0.0,0.0,0.0,9
2023-05-10 21:33:27,ag2312C4900,ag2312C4900,991.0,0.0,0.0,0.0,2,854.5,1209.0,2,991.0,0.0,0.0,0.0,0.0,0.0,9
2023-05-10 21:33:27,ag2312C4900,ag2312C4900,991.0,0.0,0.0,0.0,2,854.5,1207.5,1,991.0,0.0,0.0,0.0,0.0,0.0,9
2023-05-10 21:33:28,ag2312C4900,ag2312C4900,991.0,0.0,0.0,0.0,2,854.5,1207.5,1,991.0,0.0,0.0,0.0,0.0,0.0,9
2023-05-10 21:33:28,ag2312C4900,ag2312C4900,991.0,0.0,0.0,0.0,2,854.5,1207.0,2,991.0,0.0,0.0,0.0,0.0,0.0,9
2023-05-10 21:33:29,ag2312C4900,ag2312C4900,991.0,0.0,0.0,0.0,2,854.5,1205.5,1,991.0,0.0,0.0,0.0,0.0,0.0,9
2023-05-10 21:33:29,ag2312C4900,ag2312C4900,991.0,0.0,0.0,0.0,2,854.5,1205.5,1,991.0,0.0,0.0,0.0,0.0,0.0,9
2023-05-10 21:33:30,ag2312C4900,ag2312C4900,991.0,0.0,0.0,0.0,2,854.5,1205.0,2,991.0,0.0,0.0,0.0,0.0,0.0,9
2023-05-10 21:33:30,ag2312C4900,ag2312C4900,991.0,0.0,0.0,0.0,2,854.5,1205.0,2,991.0,0.0,0.0,0.0,0.0,0.0,9
2023-05-10 21:43:26,ag2312C4900,ag2312C4900,991.0,0.0,0.0,0.0,2,854.5,1203.5,1,991.0,0.0,0.0,0.0,0.0,0.0,9
2023-05-10 21:43:26,ag2312C4900,ag2312C4900,991.0,0.0,0.0,0.0,2,854.5,1203.5,1,991.0,0.0,0.0,0.0,0.0,0.0,9
2023-05-10 21:43:27,ag2312C4900,ag2312C4900,991.0,0.0,0.0,0.0,2,854.5,1203.0,2,991.0,0.0,0.0,0.0,0.0,0.0,9
2023-05-10 21:43:27,ag2312C4900,ag2312C4900,991.0,0.0,0.0,0.0,2,854.5,1201.5,1,991.0,0.0,0.0,0.0,0.0,0.0,9
2023-05-10 21:43:28,ag2312C4900,ag2312C4900,991.0,0.0,0.0,0.0,2,854.5,1201.5,1,991.0,0.0,0.0,0.0,0.0,0.0,9
2023-05-10 21:43:28,ag2312C4900,ag2312C4900,991.0,0.0,0.0,0.0,2,854.5,1201.0,2,991.0,0.0,0.0,0.0,0.0,0.0,9
2023-05-10 21:43:29,ag2312C4900,ag2312C4900,991.0,0.0,0.0,0.0,2,854.5,1199.5,1,991.0,0.0,0.0,0.0,0.0,0.0,9
2023-05-10 21:43:29,ag2312C4900,ag2312C4900,991.0,0.0,0.0,0.0,2,854.5,1199.5,1,991.0,0.0,0.0,0.0,0.0,0.0,9
2023-05-10 21:43:30,ag2312C4900,ag2312C4900,991.0,0.0,0.0,0.0,2,854.5,1199.0,2,991.0,0.0,0.0,0.0,0.0,0.0,9
2023-05-10 21:43:30,ag2312C4900,ag2312C4900,991.0,0.0,0.0,0.0,2,854.5,1199.0,2,991.0,0.0,0.0,0.0,0.0,0.0,9
2023-05-10 22:33:26,ag2312C4900,ag2312C4900,991.0,0.0,0.0,0.0,2,854.5,1197.5,1,991.0,0.0,0.0,0.0,0.0,0.0,9
2023-05-10 22:33:26,ag2312C4900,ag2312C4900,991.0,0.0,0.0,0.0,2,854.5,1197.5,1,991.0,0.0,0.0,0.0,0.0,0.0,9
2023-05-10 22:33:27,ag2312C4900,ag2312C4900,991.0,0.0,0.0,0.0,2,854.5,1197.0,2,991.0,0.0,0.0,0.0,0.0,0.0,9
2023-05-10 22:33:27,ag2312C4900,ag2312C4900,991.0,0.0,0.0,0.0,2,854.5,1195.5,1,991.0,0.0,0.0,0.0,0.0,0.0,9
2023-05-10 22:33:28,ag2312C4900,ag2312C4900,991.0,0.0,0.0,0.0,2,854.5,1195.5,1,991.0,0.0,0.0,0.0,0.0,0.0,9
2023-05-10 22:33:28,ag2312C4900,ag2312C4900,991.0,0.0,0.0,0.0,2,854.5,1195.0,2,991.0,0.0,0.0,0.0,0.0,0.0,9
2023-05-10 22:33:29,ag2312C4900,ag2312C4900,991.0,0.0,0.0,0.0,2,854.5,1193.5,1,991.0,0.0,0.0,0.0,0.0,0.0,9
2023-05-10 22:33:29,ag2312C4900,ag2312C4900,991.0,0.0,0.0,0.0,2,854.5,1193.5,1,991.0,0.0,0.0,0.0,0.0,0.0,9
2023-05-10 22:33:30,ag2312C4900,ag2312C4900,991.0,0.0,0.0,0.0,2,854.5,1193.0,2,991.0,0.0,0.0,0.0,0.0,0.0,9
2023-05-10 22:33:30,ag2312C4900,ag2312C4900,991.0,0.0,0.0,0.0,2,854.5,1191.5,1,991.0,0.0,0.0,0.0,0.0,0.0,9
2023-05-10 22:33:31,ag2312C4900,ag2312C4900,991.0,0.0,0.0,0.0,2,854.5,1191.5,1,991.0,0.0,0.0,0.0,0.0,0.0,9
2023-05-10 22:33:31,ag2312C4900,ag2312C4900,991.0,0.0,0.0,0.0,2,854.5,1191.0,2,991.0,0.0,0.0,0.0,0.0,0.0,9
2023-05-10 22:33:32,ag2312C4900,ag2312C4900,991.0,0.0,0.0,0.0,2,854.5,1189.5,1,991.0,0.0,0.0,0.0,0.0,0.0,9
2023-05-10 22:33:32,ag2312C4900,ag2312C4900,991.0,0.0,0.0,0.0,2,854.5,1189.5,1,991.0,0.0,0.0,0.0,0.0,0.0,9
2023-05-10 22:33:33,ag2312C4900,ag2312C4900,991.0,0.0,0.0,0.0,2,854.5,1189.0,2,991.0,0.0,0.0,0.0,0.0,0.0,9
2023-05-10 22:33:33,ag2312C4900,ag2312C4900,991.0,0.0,0.0,0.0,2,854.5,1187.5,1,991.0,0.0,0.0,0.0,0.0,0.0,9
2023-05-10 22:33:34,ag2312C4900,ag2312C4900,991.0,0.0,0.0,0.0,2,854.5,1187.5,1,991.0,0.0,0.0,0.0,0.0,0.0,9
2023-05-10 22:33:34,ag2312C4900,ag2312C4900,991.0,0.0,0.0,0.0,2,854.5,1187.0,2,991.0,0.0,0.0,0.0,0.0,0.0,9
2023-05-10 22:33:35,ag2312C4900,ag2312C4900,991.0,0.0,0.0,0.0,2,854.5,1185.5,1,991.0,0.0,0.0,0.0,0.0,0.0,9
2023-05-10 22:33:35,ag2312C4900,ag2312C4900,991.0,0.0,0.0,0.0,2,854.5,1185.5,1,991.0,0.0,0.0,0.0,0.0,0.0,9
2023-05-10 22:33:36,ag2312C4900,ag2312C4900,991.0,0.0,0.0,0.0,2,854.5,1185.0,2,991.0,0.0,0.0,0.0,0.0,0.0,9
2023-05-10 22:33:36,ag2312C4900,ag2312C4900,991.0,0.0,0.0,0.0,2,854.5,1183.5,1,991.0,0.0,0.0,0.0,0.0,0.0,9
2023-05-10 22:33:37,ag2312C4900,ag2312C4900,991.0,0.0,0.0,0.0,2,854.5,1183.5,1,991.0,0.0,0.0,0.0,0.0,0.0,9
2023-05-10 22:33:37,ag2312C4900,ag2312C4900,991.0,0.0,0.0,0.0,2,854.5,1183.0,2,991.0,0.0,0.0,0.0,0.0,0.0,9
2023-05-10 22:33:38,ag2312C4900,ag2312C4900,991.0,0.0,0.0,0.0,2,854.5,1181.5,1,991.0,0.0,0.0,0.0,0.0,0.0,9
2023-05-10 22:33:38,ag2312C4900,ag2312C4900,991.0,0.0,0.0,0.0,2,854.5,1181.5,1,991.0,0.0,0.0,0.0,0.0,0.0,9
2023-05-10 22:33:39,ag2312C4900,ag2312C4900,991.0,0.0,0.0,0.0,2,854.5,1181.0,2,991.0,0.0,0.0,0.0,0.0,0.0,9
2023-05-10 22:33:39,ag2312C4900,ag2312C4900,991.0,0.0,0.0,0.0,2,854.5,1179.5,1,991.0,0.0,0.0,0.0,0.0,0.0,9
2023-05-10 22:33:40,ag2312C4900,ag2312C4900,991.0,0.0,0.0,0.0,2,854.5,1179.5,1,991.0,0.0,0.0,0.0,0.0,0.0,9
2023-05-10 22:33:40,ag2312C4900,ag2312C4900,991.0,0.0,0.0,0.0,2,854.5,1179.0,2,991.0,0.0,0.0,0.0,0.0,0.0,9
2023-05-10 22:33:41,ag2312C4900,ag2312C4900,991.0,0.0,0.0,0.0,2,854.5,1177.5,1,991.0,0.0,0.0,0.0,0.0,0.0,9
2023-05-10 22:33:41,ag2312C4900,ag2312C4900,991.0,0.0,0.0,0.0,2,854.5,1177.5,1,991.0,0.0,0.0,0.0,0.0,0.0,9
2023-05-10 22:33:42,ag2312C4900,ag2312C4900,991.0,0.0,0.0,0.0,2,854.5,1177.0,2,991.0,0.0,0.0,0.0,0.0,0.0,9
2023-05-10 22:33:42,ag2312C4900,ag2312C4900,991.0,0.0,0.0,0.0,2,854.5,1177.0,2,991.0,0.0,0.0,0.0,0.0,0.0,9
2023-05-10 22:53:26,ag2312C4900,ag2312C4900,991.0,0.0,0.0,0.0,2,854.5,1175.5,1,991.0,0.0,0.0,0.0,0.0,0.0,9
2023-05-10 22:53:26,ag2312C4900,ag2312C4900,991.0,0.0,0.0,0.0,2,854.5,1175.5,1,991.0,0.0,0.0,0.0,0.0,0.0,9
2023-05-10 22:53:27,ag2312C4900,ag2312C4900,991.0,0.0,0.0,0.0,2,854.5,1175.0,2,991.0,0.0,0.0,0.0,0.0,0.0,9
2023-05-10 22:53:27,ag2312C4900,ag2312C4900,991.0,0.0,0.0,0.0,2,854.5,1175.0,2,991.0,0.0,0.0,0.0,0.0,0.0,9
2023-05-10 22:57:03,ag2312C4900,ag2312C4900,991.0,0.0,0.0,0.0,0,0.0,0.0,0,991.0,0.0,0.0,0.0,0.0,0.0,9
2023-05-10 22:57:05,ag2312C4900,ag2312C4900,991.0,0.0,0.0,0.0,1,470.0,1511.5,1,991.0,0.0,0.0,0.0,0.0,0.0,9
2023-05-10 23:00:03,ag2312C4900,ag2312C4900,991.0,0.0,0.0,0.0,2,470.5,1511.0,2,991.0,0.0,0.0,0.0,0.0,0.0,9
2023-05-10 23:00:04,ag2312C4900,ag2312C4900,991.0,0.0,0.0,0.0,1,472.0,1509.5,1,991.0,0.0,0.0,0.0,0.0,0.0,9
2023-05-10 23:00:05,ag2312C4900,ag2312C4900,991.0,0.0,0.0,0.0,1,472.0,1509.5,1,991.0,0.0,0.0,0.0,0.0,0.0,9
2023-05-10 23:00:05,ag2312C4900,ag2312C4900,991.0,0.0,0.0,0.0,2,472.5,1509.0,2,991.0,0.0,0.0,0.0,0.0,0.0,9
2023-05-10 23:00:07,ag2312C4900,ag2312C4900,991.0,0.0,0.0,0.0,2,472.5,1509.0,2,991.0,0.0,0.0,0.0,0.0,0.0,9
2023-05-10 23:00:08,ag2312C4900,ag2312C4900,991.0,0.0,0.0,0.0,1,474.0,1507.5,1,991.0,0.0,0.0,0.0,0.0,0.0,9
2023-05-10 23:00:09,ag2312C4900,ag2312C4900,991.0,0.0,0.0,0.0,1,474.0,1507.5,1,991.0,0.0,0.0,0.0,0.0,0.0,9
2023-05-10 23:00:09,ag2312C4900,ag2312C4900,991.0,0.0,0.0,0.0,2,474.5,1507.0,2,991.0,0.0,0.0,0.0,0.0,0.0,9
2023-05-10 23:00:10,ag2312C4900,ag2312C4900,991.0,0.0,0.0,0.0,1,476.0,1507.0,2,991.0,0.0,0.0,0.0,0.0,0.0,9
2023-05-10 23:00:11,ag2312C4900,ag2312C4900,991.0,0.0,0.0,0.0,1,476.0,1507.0,2,991.0,0.0,0.0,0.0,0.0,0.0,9
2023-05-10 23:00:11,ag2312C4900,ag2312C4900,991.0,0.0,0.0,0.0,2,476.5,1507.0,2,991.0,0.0,0.0,0.0,0.0,0.0,9
2023-05-10 23:00:12,ag2312C4900,ag2312C4900,991.0,0.0,0.0,0.0,2,476.5,1505.5,1,991.0,0.0,0.0,0.0,0.0,0.0,9
2023-05-10 23:00:12,ag2312C4900,ag2312C4900,991.0,0.0,0.0,0.0,2,476.5,1505.5,1,991.0,0.0,0.0,0.0,0.0,0.0,9
2023-05-10 23:00:13,ag2312C4900,ag2312C4900,991.0,0.0,0.0,0.0,2,476.5,1505.0,2,991.0,0.0,0.0,0.0,0.0,0.0,9
2023-05-10 23:00:14,ag2312C4900,ag2312C4900,991.0,0.0,0.0,0.0,1,478.0,1505.0,2,991.0,0.0,0.0,0.0,0.0,0.0,9
2023-05-10 23:00:14,ag2312C4900,ag2312C4900,991.0,0.0,0.0,0.0,1,478.0,1505.0,2,991.0,0.0,0.0,0.0,0.0,0.0,9
2023-05-10 23:00:15,ag2312C4900,ag2312C4900,991.0,0.0,0.0,0.0,2,478.5,1505.0,2,991.0,0.0,0.0,0.0,0.0,0.0,9
2023-05-10 23:00:15,ag2312C4900,ag2312C4900,991.0,0.0,0.0,0.0,2,478.5,1503.5,1,991.0,0.0,0.0,0.0,0.0,0.0,9
2023-05-10 23:00:16,ag2312C4900,ag2312C4900,991.0,0.0,0.0,0.0,2,478.5,1503.5,1,991.0,0.0,0.0,0.0,0.0,0.0,9
2023-05-10 23:00:16,ag2312C4900,ag2312C4900,991.0,0.0,0.0,0.0,1,480.0,1503.0,2,991.0,0.0,0.0,0.0,0.0,0.0,9
2023-05-10 23:00:17,ag2312C4900,ag2312C4900,991.0,0.0,0.0,0.0,1,480.0,1503.0,2,991.0,0.0,0.0,0.0,0.0,0.0,9
2023-05-10 23:00:17,ag2312C4900,ag2312C4900,991.0,0.0,0.0,0.0,2,480.5,1503.0,2,991.0,0.0,0.0,0.0,0.0,0.0,9
2023-05-10 23:00:18,ag2312C4900,ag2312C4900,991.0,0.0,0.0,0.0,2,480.5,1501.5,1,991.0,0.0,0.0,0.0,0.0,0.0,9
2023-05-10 23:00:18,ag2312C4900,ag2312C4900,991.0,0.0,0.0,0.0,1,482.0,1501.5,1,991.0,0.0,0.0,0.0,0.0,0.0,9
2023-05-10 23:00:19,ag2312C4900,ag2312C4900,991.0,0.0,0.0,0.0,1,482.0,1501.0,2,991.0,0.0,0.0,0.0,0.0,0.0,9
2023-05-10 23:00:19,ag2312C4900,ag2312C4900,991.0,0.0,0.0,0.0,2,482.5,1501.0,2,991.0,0.0,0.0,0.0,0.0,0.0,9
2023-05-10 23:00:20,ag2312C4900,ag2312C4900,991.0,0.0,0.0,0.0,2,482.5,1501.0,2,991.0,0.0,0.0,0.0,0.0,0.0,9
2023-05-10 23:00:20,ag2312C4900,ag2312C4900,991.0,0.0,0.0,0.0,1,484.0,1499.5,1,991.0,0.0,0.0,0.0,0.0,0.0,9
2023-05-10 23:00:21,ag2312C4900,ag2312C4900,991.0,0.0,0.0,0.0,1,484.0,1499.5,1,991.0,0.0,0.0,0.0,0.0,0.0,9
2023-05-10 23:00:21,ag2312C4900,ag2312C4900,991.0,0.0,0.0,0.0,2,484.5,1499.0,2,991.0,0.0,0.0,0.0,0.0,0.0,9
2023-05-10 23:00:23,ag2312C4900,ag2312C4900,991.0,0.0,0.0,0.0,2,484.5,1499.0,2,991.0,0.0,0.0,0.0,0.0,0.0,9
2023-05-10 23:00:35,ag2312C4900,ag2312C4900,991.0,0.0,0.0,0.0,1,486.0,1497.5,1,991.0,0.0,0.0,0.0,0.0,0.0,9
2023-05-10 23:00:35,ag2312C4900,ag2312C4900,991.0,0.0,0.0,0.0,1,486.0,1497.5,1,991.0,0.0,0.0,0.0,0.0,0.0,9
2023-05-10 23:00:36,ag2312C4900,ag2312C4900,991.0,0.0,0.0,0.0,2,486.5,1497.0,2,991.0,0.0,0.0,0.0,0.0,0.0,9
2023-05-10 23:00:37,ag2312C4900,ag2312C4900,991.0,0.0,0.0,0.0,2,486.5,1497.0,2,991.0,0.0,0.0,0.0,0.0,0.0,9
2023-05-10 23:00:39,ag2312C4900,ag2312C4900,991.0,0.0,0.0,0.0,2,486.5,1495.5,1,991.0,0.0,0.0,0.0,0.0,0.0,9
2023-05-10 23:00:39,ag2312C4900,ag2312C4900,991.0,0.0,0.0,0.0,2,486.5,1495.5,1,991.0,0.0,0.0,0.0,0.0,0.0,9
2023-05-10 23:00:40,ag2312C4900,ag2312C4900,991.0,0.0,0.0,0.0,2,486.5,1495.0,2,991.0,0.0,0.0,0.0,0.0,0.0,9
2023-05-10 23:00:41,ag2312C4900,ag2312C4900,991.0,0.0,0.0,0.0,1,488.0,1495.0,2,991.0,0.0,0.0,0.0,0.0,0.0,9
2023-05-10 23:00:41,ag2312C4900,ag2312C4900,991.0,0.0,0.0,0.0,1,488.0,1495.0,2,991.0,0.0,0.0,0.0,0.0,0.0,9
2023-05-10 23:00:42,ag2312C4900,ag2312C4900,991.0,0.0,0.0,0.0,2,488.5,1495.0,2,991.0,0.0,0.0,0.0,0.0,0.0,9
2023-05-10 23:00:43,ag2312C4900,ag2312C4900,991.0,0.0,0.0,0.0,1,490.0,1493.5,1,991.0,0.0,0.0,0.0,0.0,0.0,9
2023-05-10 23:00:43,ag2312C4900,ag2312C4900,991.0,0.0,0.0,0.0,1,490.0,1493.5,1,991.0,0.0,0.0,0.0,0.0,0.0,9
2023-05-10 23:00:44,ag2312C4900,ag2312C4900,991.0,0.0,0.0,0.0,2,490.5,1493.0,2,991.0,0.0,0.0,0.0,0.0,0.0,9
2023-05-10 23:00:45,ag2312C4900,ag2312C4900,991.0,0.0,0.0,0.0,2,490.5,1491.5,1,991.0,0.0,0.0,0.0,0.0,0.0,9
2023-05-10 23:00:45,ag2312C4900,ag2312C4900,991.0,0.0,0.0,0.0,2,490.5,1491.5,1,991.0,0.0,0.0,0.0,0.0,0.0,9
2023-05-10 23:00:46,ag2312C4900,ag2312C4900,991.0,0.0,0.0,0.0,2,490.5,1491.0,2,991.0,0.0,0.0,0.0,0.0,0.0,9
2023-05-10 23:00:47,ag2312C4900,ag2312C4900,991.0,0.0,0.0,0.0,1,492.0,1489.5,1,991.0,0.0,0.0,0.0,0.0,0.0,9
2023-05-10 23:00:48,ag2312C4900,ag2312C4900,991.0,0.0,0.0,0.0,1,492.0,1489.5,1,991.0,0.0,0.0,0.0,0.0,0.0,9
2023-05-10 23:00:48,ag2312C4900,ag2312C4900,991.0,0.0,0.0,0.0,2,492.5,1489.0,2,991.0,0.0,0.0,0.0,0.0,0.0,9
2023-05-10 23:00:49,ag2312C4900,ag2312C4900,991.0,0.0,0.0,0.0,2,492.5,1489.0,2,991.0,0.0,0.0,0.0,0.0,0.0,9
2023-05-10 23:01:15,ag2312C4900,ag2312C4900,991.0,0.0,0.0,0.0,1,494.0,1489.0,2,991.0,0.0,0.0,0.0,0.0,0.0,9
2023-05-10 23:01:16,ag2312C4900,ag2312C4900,991.0,0.0,0.0,0.0,1,494.0,1489.0,2,991.0,0.0,0.0,0.0,0.0,0.0,9
2023-05-10 23:01:16,ag2312C4900,ag2312C4900,991.0,0.0,0.0,0.0,2,494.5,1489.0,2,991.0,0.0,0.0,0.0,0.0,0.0,9
2023-05-10 23:01:17,ag2312C4900,ag2312C4900,991.0,0.0,0.0,0.0,2,494.5,1487.5,1,991.0,0.0,0.0,0.0,0.0,0.0,9
2023-05-10 23:01:17,ag2312C4900,ag2312C4900,991.0,0.0,0.0,0.0,2,494.5,1487.5,1,991.0,0.0,0.0,0.0,0.0,0.0,9
2023-05-10 23:01:18,ag2312C4900,ag2312C4900,991.0,0.0,0.0,0.0,1,496.0,1487.0,2,991.0,0.0,0.0,0.0,0.0,0.0,9
2023-05-10 23:01:18,ag2312C4900,ag2312C4900,991.0,0.0,0.0,0.0,1,496.0,1487.0,2,991.0,0.0,0.0,0.0,0.0,0.0,9
2023-05-10 23:01:19,ag2312C4900,ag2312C4900,991.0,0.0,0.0,0.0,2,496.5,1487.0,2,991.0,0.0,0.0,0.0,0.0,0.0,9
2023-05-10 23:01:19,ag2312C4900,ag2312C4900,991.0,0.0,0.0,0.0,2,496.5,1487.0,2,991.0,0.0,0.0,0.0,0.0,0.0,9
2023-05-10 23:01:20,ag2312C4900,ag2312C4900,991.0,0.0,0.0,0.0,2,496.5,1487.0,2,991.0,0.0,0.0,0.0,0.0,0.0,9
2023-05-10 23:01:21,ag2312C4900,ag2312C4900,991.0,0.0,0.0,0.0,1,498.0,1487.0,2,991.0,0.0,0.0,0.0,0.0,0.0,9
2023-05-10 23:01:21,ag2312C4900,ag2312C4900,991.0,0.0,0.0,0.0,1,498.0,1487.0,2,991.0,0.0,0.0,0.0,0.0,0.0,9
2023-05-10 23:01:22,ag2312C4900,ag2312C4900,991.0,0.0,0.0,0.0,2,498.5,1487.0,2,991.0,0.0,0.0,0.0,0.0,0.0,9
2023-05-10 23:01:23,ag2312C4900,ag2312C4900,991.0,0.0,0.0,0.0,2,498.5,1487.0,2,991.0,0.0,0.0,0.0,0.0,0.0,9
2023-05-10 23:01:32,ag2312C4900,ag2312C4900,991.0,0.0,0.0,0.0,2,498.5,1485.5,1,991.0,0.0,0.0,0.0,0.0,0.0,9
2023-05-10 23:01:33,ag2312C4900,ag2312C4900,991.0,0.0,0.0,0.0,2,498.5,1485.5,1,991.0,0.0,0.0,0.0,0.0,0.0,9
2023-05-10 23:01:33,ag2312C4900,ag2312C4900,991.0,0.0,0.0,0.0,2,498.5,1485.0,2,991.0,0.0,0.0,0.0,0.0,0.0,9
2023-05-10 23:01:34,ag2312C4900,ag2312C4900,991.0,0.0,0.0,0.0,1,500.0,1485.0,2,991.0,0.0,0.0,0.0,0.0,0.0,9
2023-05-10 23:01:34,ag2312C4900,ag2312C4900,991.0,0.0,0.0,0.0,1,500.0,1485.0,2,991.0,0.0,0.0,0.0,0.0,0.0,9
2023-05-10 23:01:35,ag2312C4900,ag2312C4900,991.0,0.0,0.0,0.0,2,500.5,1485.0,2,991.0,0.0,0.0,0.0,0.0,0.0,9
2023-05-10 23:01:36,ag2312C4900,ag2312C4900,991.0,0.0,0.0,0.0,2,500.5,1483.5,1,991.0,0.0,0.0,0.0,0.0,0.0,9
2023-05-10 23:01:37,ag2312C4900,ag2312C4900,991.0,0.0,0.0,0.0,2,500.5,1483.5,1,991.0,0.0,0.0,0.0,0.0,0.0,9
2023-05-10 23:01:37,ag2312C4900,ag2312C4900,991.0,0.0,0.0,0.0,2,500.5,1483.0,2,991.0,0.0,0.0,0.0,0.0,0.0,9
2023-05-10 23:01:38,ag2312C4900,ag2312C4900,991.0,0.0,0.0,0.0,2,500.5,1483.0,2,991.0,0.0,0.0,0.0,0.0,0.0,9
2023-05-10 23:01:39,ag2312C4900,ag2312C4900,991.0,0.0,0.0,0.0,1,502.0,1481.5,1,991.0,0.0,0.0,0.0,0.0,0.0,9
2023-05-10 23:01:40,ag2312C4900,ag2312C4900,991.0,0.0,0.0,0.0,1,502.0,1481.5,1,991.0,0.0,0.0,0.0,0.0,0.0,9
2023-05-10 23:01:40,ag2312C4900,ag2312C4900,991.0,0.0,0.0,0.0,2,502.5,1481.0,2,991.0,0.0,0.0,0.0,0.0,0.0,9
2023-05-10 23:01:41,ag2312C4900,ag2312C4900,991.0,0.0,0.0,0.0,2,502.5,1481.0,2,991.0,0.0,0.0,0.0,0.0,0.0,9
2023-05-10 23:01:44,ag2312C4900,ag2312C4900,991.0,0.0,0.0,0.0,2,502.5,1479.5,1,991.0,0.0,0.0,0.0,0.0,0.0,9
2023-05-10 23:01:45,ag2312C4900,ag2312C4900,991.0,0.0,0.0,0.0,2,502.5,1479.5,1,991.0,0.0,0.0,0.0,0.0,0.0,9
2023-05-10 23:01:45,ag2312C4900,ag2312C4900,991.0,0.0,0.0,0.0,2,502.5,1479.0,2,991.0,0.0,0.0,0.0,0.0,0.0,9
2023-05-10 23:01:46,ag2312C4900,ag2312C4900,991.0,0.0,0.0,0.0,1,504.0,1479.0,2,991.0,0.0,0.0,0.0,0.0,0.0,9
2023-05-10 23:01:46,ag2312C4900,ag2312C4900,991.0,0.0,0.0,0.0,1,504.0,1479.0,2,991.0,0.0,0.0,0.0,0.0,0.0,9
2023-05-10 23:01:47,ag2312C4900,ag2312C4900,991.0,0.0,0.0,0.0,2,504.5,1477.5,1,991.0,0.0,0.0,0.0,0.0,0.0,9
2023-05-10 23:01:47,ag2312C4900,ag2312C4900,991.0,0.0,0.0,0.0,2,504.5,1477.5,1,991.0,0.0,0.0,0.0,0.0,0.0,9
2023-05-10 23:01:48,ag2312C4900,ag2312C4900,991.0,0.0,0.0,0.0,2,504.5,1477.0,2,991.0,0.0,0.0,0.0,0.0,0.0,9
2023-05-10 23:01:49,ag2312C4900,ag2312C4900,991.0,0.0,0.0,0.0,2,504.5,1475.5,1,991.0,0.0,0.0,0.0,0.0,0.0,9
2023-05-10 23:01:49,ag2312C4900,ag2312C4900,991.0,0.0,0.0,0.0,2,504.5,1475.5,1,991.0,0.0,0.0,0.0,0.0,0.0,9
2023-05-10 23:01:50,ag2312C4900,ag2312C4900,991.0,0.0,0.0,0.0,2,504.5,1475.0,2,991.0,0.0,0.0,0.0,0.0,0.0,9
2023-05-10 23:01:51,ag2312C4900,ag2312C4900,991.0,0.0,0.0,0.0,2,504.5,1475.0,2,991.0,0.0,0.0,0.0,0.0,0.0,9
2023-05-10 23:01:52,ag2312C4900,ag2312C4900,991.0,0.0,0.0,0.0,2,504.5,1473.5,1,991.0,0.0,0.0,0.0,0.0,0.0,9
2023-05-10 23:01:52,ag2312C4900,ag2312C4900,991.0,0.0,0.0,0.0,2,504.5,1473.5,1,991.0,0.0,0.0,0.0,0.0,0.0,9
2023-05-10 23:01:53,ag2312C4900,ag2312C4900,991.0,0.0,0.0,0.0,2,504.5,1473.0,2,991.0,0.0,0.0,0.0,0.0,0.0,9
2023-05-10 23:01:54,ag2312C4900,ag2312C4900,991.0,0.0,0.0,0.0,2,504.5,1473.0,2,991.0,0.0,0.0,0.0,0.0,0.0,9
2023-05-10 23:01:56,ag2312C4900,ag2312C4900,991.0,0.0,0.0,0.0,2,504.5,1471.5,1,991.0,0.0,0.0,0.0,0.0,0.0,9
2023-05-10 23:01:56,ag2312C4900,ag2312C4900,991.0,0.0,0.0,0.0,2,504.5,1471.5,1,991.0,0.0,0.0,0.0,0.0,0.0,9
2023-05-10 23:01:57,ag2312C4900,ag2312C4900,991.0,0.0,0.0,0.0,1,506.0,1471.0,2,991.0,0.0,0.0,0.0,0.0,0.0,9
2023-05-10 23:01:57,ag2312C4900,ag2312C4900,991.0,0.0,0.0,0.0,1,506.0,1471.0,2,991.0,0.0,0.0,0.0,0.0,0.0,9
2023-05-10 23:01:58,ag2312C4900,ag2312C4900,991.0,0.0,0.0,0.0,2,506.5,1471.0,2,991.0,0.0,0.0,0.0,0.0,0.0,9
2023-05-10 23:01:58,ag2312C4900,ag2312C4900,991.0,0.0,0.0,0.0,2,506.5,1471.0,2,991.0,0.0,0.0,0.0,0.0,0.0,9
2023-05-10 23:01:59,ag2312C4900,ag2312C4900,991.0,0.0,0.0,0.0,1,508.0,1469.5,1,991.0,0.0,0.0,0.0,0.0,0.0,9
2023-05-10 23:02:00,ag2312C4900,ag2312C4900,991.0,0.0,0.0,0.0,1,508.0,1469.5,1,991.0,0.0,0.0,0.0,0.0,0.0,9
2023-05-10 23:02:00,ag2312C4900,ag2312C4900,991.0,0.0,0.0,0.0,2,508.5,1469.0,2,991.0,0.0,0.0,0.0,0.0,0.0,9
2023-05-10 23:02:02,ag2312C4900,ag2312C4900,991.0,0.0,0.0,0.0,2,508.5,1469.0,2,991.0,0.0,0.0,0.0,0.0,0.0,9
