time,symbol_id,symbol_name,last,trade_volume,trade_amount,open_interest_change,bv1,bp1,ap1,av1,yesterday_close,today_open,today_high,today_low,volume,amount,open_interest
2023-05-09 20:55:26,i2311-C-840,i2311-C-840,13.8,0.0,0.0,0.0,1,0.1,0.0,0,13.8,0.0,0.0,0.0,0.0,0.0,2
2023-05-09 21:00:19,i2311-C-840,i2311-C-840,13.8,0.0,0.0,0.0,10,0.2,0.0,0,13.8,0.0,0.0,0.0,0.0,0.0,2
2023-05-09 21:05:45,i2311-C-840,i2311-C-840,13.8,0.0,0.0,0.0,1,0.3,0.0,0,13.8,0.0,0.0,0.0,0.0,0.0,2
2023-05-09 21:05:45,i2311-C-840,i2311-C-840,13.8,0.0,0.0,0.0,10,0.4,0.0,0,13.8,0.0,0.0,0.0,0.0,0.0,2
2023-05-09 21:08:25,i2311-C-840,i2311-C-840,13.8,0.0,0.0,0.0,1,0.5,0.0,0,13.8,0.0,0.0,0.0,0.0,0.0,2
2023-05-09 21:08:25,i2311-C-840,i2311-C-840,13.8,0.0,0.0,0.0,10,0.6,0.0,0,13.8,0.0,0.0,0.0,0.0,0.0,2
2023-05-09 21:12:38,i2311-C-840,i2311-C-840,13.8,0.0,0.0,0.0,1,1.1,0.0,0,13.8,0.0,0.0,0.0,0.0,0.0,2
2023-05-09 21:12:38,i2311-C-840,i2311-C-840,13.8,0.0,0.0,0.0,10,1.2,0.0,0,13.8,0.0,0.0,0.0,0.0,0.0,2
2023-05-09 22:00:44,i2311-C-840,i2311-C-840,13.8,0.0,0.0,0.0,10,1.2,89.7,1,13.8,0.0,0.0,0.0,0.0,0.0,2
2023-05-09 22:00:44,i2311-C-840,i2311-C-840,13.8,0.0,0.0,0.0,10,1.2,89.6,10,13.8,0.0,0.0,0.0,0.0,0.0,2
2023-05-09 22:00:46,i2311-C-840,i2311-C-840,13.8,0.0,0.0,0.0,10,1.2,89.5,1,13.8,0.0,0.0,0.0,0.0,0.0,2
2023-05-09 22:00:46,i2311-C-840,i2311-C-840,13.8,0.0,0.0,0.0,10,1.2,89.4,10,13.8,0.0,0.0,0.0,0.0,0.0,2
2023-05-09 22:00:47,i2311-C-840,i2311-C-840,13.8,0.0,0.0,0.0,10,1.2,89.3,1,13.8,0.0,0.0,0.0,0.0,0.0,2
2023-05-09 22:00:47,i2311-C-840,i2311-C-840,13.8,0.0,0.0,0.0,10,1.2,89.2,10,13.8,0.0,0.0,0.0,0.0,0.0,2
2023-05-09 22:00:49,i2311-C-840,i2311-C-840,13.8,0.0,0.0,0.0,10,1.2,89.1,1,13.8,0.0,0.0,0.0,0.0,0.0,2
2023-05-09 22:00:49,i2311-C-840,i2311-C-840,13.8,0.0,0.0,0.0,10,1.2,89.0,10,13.8,0.0,0.0,0.0,0.0,0.0,2
2023-05-09 22:00:50,i2311-C-840,i2311-C-840,13.8,0.0,0.0,0.0,10,1.2,88.9,1,13.8,0.0,0.0,0.0,0.0,0.0,2
2023-05-09 22:00:50,i2311-C-840,i2311-C-840,13.8,0.0,0.0,0.0,10,1.2,88.8,10,13.8,0.0,0.0,0.0,0.0,0.0,2
2023-05-09 22:00:52,i2311-C-840,i2311-C-840,13.8,0.0,0.0,0.0,10,1.2,88.7,1,13.8,0.0,0.0,0.0,0.0,0.0,2
2023-05-09 22:00:52,i2311-C-840,i2311-C-840,13.8,0.0,0.0,0.0,10,1.2,88.6,10,13.8,0.0,0.0,0.0,0.0,0.0,2
2023-05-09 22:00:53,i2311-C-840,i2311-C-840,13.8,0.0,0.0,0.0,10,1.2,88.5,1,13.8,0.0,0.0,0.0,0.0,0.0,2
2023-05-09 22:00:53,i2311-C-840,i2311-C-840,13.8,0.0,0.0,0.0,10,1.2,88.4,10,13.8,0.0,0.0,0.0,0.0,0.0,2
2023-05-09 22:00:55,i2311-C-840,i2311-C-840,13.8,0.0,0.0,0.0,10,1.2,88.3,1,13.8,0.0,0.0,0.0,0.0,0.0,2
2023-05-09 22:00:55,i2311-C-840,i2311-C-840,13.8,0.0,0.0,0.0,10,1.2,88.2,10,13.8,0.0,0.0,0.0,0.0,0.0,2
2023-05-09 22:00:56,i2311-C-840,i2311-C-840,13.8,0.0,0.0,0.0,10,1.2,88.1,1,13.8,0.0,0.0,0.0,0.0,0.0,2
2023-05-09 22:00:56,i2311-C-840,i2311-C-840,13.8,0.0,0.0,0.0,10,1.2,88.0,10,13.8,0.0,0.0,0.0,0.0,0.0,2
2023-05-09 22:00:58,i2311-C-840,i2311-C-840,13.8,0.0,0.0,0.0,10,1.2,87.9,1,13.8,0.0,0.0,0.0,0.0,0.0,2
2023-05-09 22:00:58,i2311-C-840,i2311-C-840,13.8,0.0,0.0,0.0,10,1.2,87.8,10,13.8,0.0,0.0,0.0,0.0,0.0,2
2023-05-09 22:00:59,i2311-C-840,i2311-C-840,13.8,0.0,0.0,0.0,10,1.2,87.7,1,13.8,0.0,0.0,0.0,0.0,0.0,2
2023-05-09 22:01:00,i2311-C-840,i2311-C-840,13.8,0.0,0.0,0.0,10,1.2,87.6,10,13.8,0.0,0.0,0.0,0.0,0.0,2
2023-05-09 22:01:01,i2311-C-840,i2311-C-840,13.8,0.0,0.0,0.0,10,1.2,87.5,1,13.8,0.0,0.0,0.0,0.0,0.0,2
2023-05-09 22:01:01,i2311-C-840,i2311-C-840,13.8,0.0,0.0,0.0,10,1.2,87.4,10,13.8,0.0,0.0,0.0,0.0,0.0,2
2023-05-09 22:01:02,i2311-C-840,i2311-C-840,13.8,0.0,0.0,0.0,10,1.2,87.3,1,13.8,0.0,0.0,0.0,0.0,0.0,2
2023-05-09 22:01:02,i2311-C-840,i2311-C-840,13.8,0.0,0.0,0.0,10,1.2,87.2,10,13.8,0.0,0.0,0.0,0.0,0.0,2
2023-05-09 22:01:04,i2311-C-840,i2311-C-840,13.8,0.0,0.0,0.0,10,1.2,87.1,1,13.8,0.0,0.0,0.0,0.0,0.0,2
2023-05-09 22:01:04,i2311-C-840,i2311-C-840,13.8,0.0,0.0,0.0,10,1.2,87.0,10,13.8,0.0,0.0,0.0,0.0,0.0,2
2023-05-09 22:01:05,i2311-C-840,i2311-C-840,13.8,0.0,0.0,0.0,10,1.2,86.9,1,13.8,0.0,0.0,0.0,0.0,0.0,2
2023-05-09 22:01:05,i2311-C-840,i2311-C-840,13.8,0.0,0.0,0.0,10,1.2,86.8,10,13.8,0.0,0.0,0.0,0.0,0.0,2
2023-05-09 22:01:07,i2311-C-840,i2311-C-840,13.8,0.0,0.0,0.0,10,1.2,86.7,1,13.8,0.0,0.0,0.0,0.0,0.0,2
2023-05-09 22:01:07,i2311-C-840,i2311-C-840,13.8,0.0,0.0,0.0,10,1.2,86.6,10,13.8,0.0,0.0,0.0,0.0,0.0,2
2023-05-09 22:01:08,i2311-C-840,i2311-C-840,13.8,0.0,0.0,0.0,10,1.2,86.5,1,13.8,0.0,0.0,0.0,0.0,0.0,2
2023-05-09 22:01:08,i2311-C-840,i2311-C-840,13.8,0.0,0.0,0.0,10,1.2,86.4,10,13.8,0.0,0.0,0.0,0.0,0.0,2
2023-05-09 22:01:10,i2311-C-840,i2311-C-840,13.8,0.0,0.0,0.0,10,1.2,86.3,1,13.8,0.0,0.0,0.0,0.0,0.0,2
2023-05-09 22:01:10,i2311-C-840,i2311-C-840,13.8,0.0,0.0,0.0,10,1.2,86.2,10,13.8,0.0,0.0,0.0,0.0,0.0,2
2023-05-09 22:01:11,i2311-C-840,i2311-C-840,13.8,0.0,0.0,0.0,10,1.2,86.1,1,13.8,0.0,0.0,0.0,0.0,0.0,2
2023-05-09 22:01:12,i2311-C-840,i2311-C-840,13.8,0.0,0.0,0.0,10,1.2,86.0,10,13.8,0.0,0.0,0.0,0.0,0.0,2
2023-05-09 22:01:14,i2311-C-840,i2311-C-840,13.8,0.0,0.0,0.0,10,1.2,85.9,1,13.8,0.0,0.0,0.0,0.0,0.0,2
2023-05-09 22:01:14,i2311-C-840,i2311-C-840,13.8,0.0,0.0,0.0,10,1.2,85.8,10,13.8,0.0,0.0,0.0,0.0,0.0,2
2023-05-09 22:01:15,i2311-C-840,i2311-C-840,13.8,0.0,0.0,0.0,10,1.2,85.7,1,13.8,0.0,0.0,0.0,0.0,0.0,2
2023-05-09 22:01:15,i2311-C-840,i2311-C-840,13.8,0.0,0.0,0.0,10,1.2,85.6,10,13.8,0.0,0.0,0.0,0.0,0.0,2
2023-05-09 22:01:17,i2311-C-840,i2311-C-840,13.8,0.0,0.0,0.0,10,1.2,85.5,1,13.8,0.0,0.0,0.0,0.0,0.0,2
2023-05-09 22:01:17,i2311-C-840,i2311-C-840,13.8,0.0,0.0,0.0,10,1.2,85.4,10,13.8,0.0,0.0,0.0,0.0,0.0,2
2023-05-09 22:01:18,i2311-C-840,i2311-C-840,13.8,0.0,0.0,0.0,10,1.2,85.3,1,13.8,0.0,0.0,0.0,0.0,0.0,2
2023-05-09 22:01:19,i2311-C-840,i2311-C-840,13.8,0.0,0.0,0.0,10,1.2,85.2,10,13.8,0.0,0.0,0.0,0.0,0.0,2
2023-05-09 22:01:20,i2311-C-840,i2311-C-840,13.8,0.0,0.0,0.0,10,1.2,85.1,1,13.8,0.0,0.0,0.0,0.0,0.0,2
2023-05-09 22:01:20,i2311-C-840,i2311-C-840,13.8,0.0,0.0,0.0,10,1.2,85.0,10,13.8,0.0,0.0,0.0,0.0,0.0,2
2023-05-09 22:01:21,i2311-C-840,i2311-C-840,13.8,0.0,0.0,0.0,10,1.2,84.9,1,13.8,0.0,0.0,0.0,0.0,0.0,2
2023-05-09 22:01:22,i2311-C-840,i2311-C-840,13.8,0.0,0.0,0.0,10,1.2,84.8,10,13.8,0.0,0.0,0.0,0.0,0.0,2
2023-05-09 22:01:23,i2311-C-840,i2311-C-840,13.8,0.0,0.0,0.0,10,1.2,84.7,1,13.8,0.0,0.0,0.0,0.0,0.0,2
2023-05-09 22:01:23,i2311-C-840,i2311-C-840,13.8,0.0,0.0,0.0,10,1.2,84.6,10,13.8,0.0,0.0,0.0,0.0,0.0,2
2023-05-09 22:01:24,i2311-C-840,i2311-C-840,13.8,0.0,0.0,0.0,10,1.2,84.5,1,13.8,0.0,0.0,0.0,0.0,0.0,2
2023-05-09 22:01:24,i2311-C-840,i2311-C-840,13.8,0.0,0.0,0.0,10,1.2,84.4,10,13.8,0.0,0.0,0.0,0.0,0.0,2
2023-05-09 22:01:26,i2311-C-840,i2311-C-840,13.8,0.0,0.0,0.0,10,1.2,84.3,1,13.8,0.0,0.0,0.0,0.0,0.0,2
2023-05-09 22:01:26,i2311-C-840,i2311-C-840,13.8,0.0,0.0,0.0,10,1.2,84.2,10,13.8,0.0,0.0,0.0,0.0,0.0,2
2023-05-09 22:01:27,i2311-C-840,i2311-C-840,13.8,0.0,0.0,0.0,10,1.2,84.1,1,13.8,0.0,0.0,0.0,0.0,0.0,2
2023-05-09 22:01:27,i2311-C-840,i2311-C-840,13.8,0.0,0.0,0.0,10,1.2,84.0,10,13.8,0.0,0.0,0.0,0.0,0.0,2
2023-05-09 22:01:29,i2311-C-840,i2311-C-840,13.8,0.0,0.0,0.0,10,1.2,83.9,1,13.8,0.0,0.0,0.0,0.0,0.0,2
2023-05-09 22:01:29,i2311-C-840,i2311-C-840,13.8,0.0,0.0,0.0,10,1.2,83.8,10,13.8,0.0,0.0,0.0,0.0,0.0,2
2023-05-09 22:01:30,i2311-C-840,i2311-C-840,13.8,0.0,0.0,0.0,10,1.2,83.7,1,13.8,0.0,0.0,0.0,0.0,0.0,2
2023-05-09 22:01:30,i2311-C-840,i2311-C-840,13.8,0.0,0.0,0.0,10,1.2,83.6,10,13.8,0.0,0.0,0.0,0.0,0.0,2
2023-05-09 22:01:32,i2311-C-840,i2311-C-840,13.8,0.0,0.0,0.0,10,1.2,83.5,1,13.8,0.0,0.0,0.0,0.0,0.0,2
2023-05-09 22:01:32,i2311-C-840,i2311-C-840,13.8,0.0,0.0,0.0,10,1.2,83.4,10,13.8,0.0,0.0,0.0,0.0,0.0,2
2023-05-09 22:01:33,i2311-C-840,i2311-C-840,13.8,0.0,0.0,0.0,10,1.2,83.3,1,13.8,0.0,0.0,0.0,0.0,0.0,2
2023-05-09 22:01:33,i2311-C-840,i2311-C-840,13.8,0.0,0.0,0.0,10,1.2,83.2,10,13.8,0.0,0.0,0.0,0.0,0.0,2
2023-05-09 22:01:35,i2311-C-840,i2311-C-840,13.8,0.0,0.0,0.0,10,1.2,83.1,1,13.8,0.0,0.0,0.0,0.0,0.0,2
2023-05-09 22:01:35,i2311-C-840,i2311-C-840,13.8,0.0,0.0,0.0,10,1.2,83.0,10,13.8,0.0,0.0,0.0,0.0,0.0,2
2023-05-09 22:01:36,i2311-C-840,i2311-C-840,13.8,0.0,0.0,0.0,10,1.2,82.9,1,13.8,0.0,0.0,0.0,0.0,0.0,2
2023-05-09 22:01:36,i2311-C-840,i2311-C-840,13.8,0.0,0.0,0.0,10,1.2,82.8,10,13.8,0.0,0.0,0.0,0.0,0.0,2
2023-05-09 22:01:38,i2311-C-840,i2311-C-840,13.8,0.0,0.0,0.0,10,1.2,82.7,1,13.8,0.0,0.0,0.0,0.0,0.0,2
2023-05-09 22:01:38,i2311-C-840,i2311-C-840,13.8,0.0,0.0,0.0,10,1.2,82.6,10,13.8,0.0,0.0,0.0,0.0,0.0,2
2023-05-09 22:01:39,i2311-C-840,i2311-C-840,13.8,0.0,0.0,0.0,10,1.2,82.5,1,13.8,0.0,0.0,0.0,0.0,0.0,2
2023-05-09 22:01:39,i2311-C-840,i2311-C-840,13.8,0.0,0.0,0.0,10,1.2,82.4,10,13.8,0.0,0.0,0.0,0.0,0.0,2
2023-05-09 22:01:41,i2311-C-840,i2311-C-840,13.8,0.0,0.0,0.0,10,1.2,82.3,1,13.8,0.0,0.0,0.0,0.0,0.0,2
2023-05-09 22:01:41,i2311-C-840,i2311-C-840,13.8,0.0,0.0,0.0,10,1.2,82.2,10,13.8,0.0,0.0,0.0,0.0,0.0,2
2023-05-09 22:01:42,i2311-C-840,i2311-C-840,13.8,0.0,0.0,0.0,10,1.2,82.1,1,13.8,0.0,0.0,0.0,0.0,0.0,2
2023-05-09 22:01:42,i2311-C-840,i2311-C-840,13.8,0.0,0.0,0.0,10,1.2,82.0,10,13.8,0.0,0.0,0.0,0.0,0.0,2
2023-05-09 22:01:44,i2311-C-840,i2311-C-840,13.8,0.0,0.0,0.0,10,1.2,81.9,1,13.8,0.0,0.0,0.0,0.0,0.0,2
2023-05-09 22:01:44,i2311-C-840,i2311-C-840,13.8,0.0,0.0,0.0,10,1.2,81.8,10,13.8,0.0,0.0,0.0,0.0,0.0,2
2023-05-09 22:01:45,i2311-C-840,i2311-C-840,13.8,0.0,0.0,0.0,10,1.2,81.7,1,13.8,0.0,0.0,0.0,0.0,0.0,2
2023-05-09 22:01:45,i2311-C-840,i2311-C-840,13.8,0.0,0.0,0.0,10,1.2,81.6,10,13.8,0.0,0.0,0.0,0.0,0.0,2
2023-05-09 22:01:47,i2311-C-840,i2311-C-840,13.8,0.0,0.0,0.0,10,1.2,81.5,1,13.8,0.0,0.0,0.0,0.0,0.0,2
2023-05-09 22:01:47,i2311-C-840,i2311-C-840,13.8,0.0,0.0,0.0,10,1.2,81.4,10,13.8,0.0,0.0,0.0,0.0,0.0,2
2023-05-09 22:01:48,i2311-C-840,i2311-C-840,13.8,0.0,0.0,0.0,10,1.2,81.3,1,13.8,0.0,0.0,0.0,0.0,0.0,2
2023-05-09 22:01:48,i2311-C-840,i2311-C-840,13.8,0.0,0.0,0.0,10,1.2,81.2,10,13.8,0.0,0.0,0.0,0.0,0.0,2
2023-05-09 22:01:49,i2311-C-840,i2311-C-840,13.8,0.0,0.0,0.0,10,1.2,81.1,1,13.8,0.0,0.0,0.0,0.0,0.0,2
2023-05-09 22:01:49,i2311-C-840,i2311-C-840,13.8,0.0,0.0,0.0,10,1.2,81.0,10,13.8,0.0,0.0,0.0,0.0,0.0,2
2023-05-09 22:01:51,i2311-C-840,i2311-C-840,13.8,0.0,0.0,0.0,10,1.2,80.9,1,13.8,0.0,0.0,0.0,0.0,0.0,2
2023-05-09 22:01:51,i2311-C-840,i2311-C-840,13.8,0.0,0.0,0.0,10,1.2,80.8,10,13.8,0.0,0.0,0.0,0.0,0.0,2
2023-05-09 22:01:52,i2311-C-840,i2311-C-840,13.8,0.0,0.0,0.0,10,1.2,80.7,1,13.8,0.0,0.0,0.0,0.0,0.0,2
2023-05-09 22:01:52,i2311-C-840,i2311-C-840,13.8,0.0,0.0,0.0,10,1.2,80.6,10,13.8,0.0,0.0,0.0,0.0,0.0,2
2023-05-09 22:01:54,i2311-C-840,i2311-C-840,13.8,0.0,0.0,0.0,10,1.2,80.5,1,13.8,0.0,0.0,0.0,0.0,0.0,2
2023-05-09 22:01:54,i2311-C-840,i2311-C-840,13.8,0.0,0.0,0.0,10,1.2,80.4,10,13.8,0.0,0.0,0.0,0.0,0.0,2
2023-05-09 22:01:55,i2311-C-840,i2311-C-840,13.8,0.0,0.0,0.0,10,1.2,80.3,1,13.8,0.0,0.0,0.0,0.0,0.0,2
2023-05-09 22:01:55,i2311-C-840,i2311-C-840,13.8,0.0,0.0,0.0,10,1.2,80.2,10,13.8,0.0,0.0,0.0,0.0,0.0,2
2023-05-09 22:01:57,i2311-C-840,i2311-C-840,13.8,0.0,0.0,0.0,10,1.2,80.1,1,13.8,0.0,0.0,0.0,0.0,0.0,2
2023-05-09 22:01:57,i2311-C-840,i2311-C-840,13.8,0.0,0.0,0.0,10,1.2,80.0,10,13.8,0.0,0.0,0.0,0.0,0.0,2
2023-05-09 22:57:32,i2311-C-840,i2311-C-840,13.8,0.0,0.0,0.0,1,0.5,0.0,0,13.8,0.0,0.0,0.0,0.0,0.0,2
2023-05-09 22:59:11,i2311-C-840,i2311-C-840,13.8,0.0,0.0,0.0,10,0.6,0.0,0,13.8,0.0,0.0,0.0,0.0,0.0,2
2023-05-09 22:59:55,i2311-C-840,i2311-C-840,13.8,0.0,0.0,0.0,1,0.5,0.0,0,13.8,0.0,0.0,0.0,0.0,0.0,2
2023-05-10 09:00:10,i2311-C-840,i2311-C-840,13.8,0.0,0.0,0.0,10,0.6,0.0,0,13.8,0.0,0.0,0.0,0.0,0.0,2
2023-05-10 09:35:12,i2311-C-840,i2311-C-840,13.8,0.0,0.0,0.0,1,1.1,0.0,0,13.8,0.0,0.0,0.0,0.0,0.0,2
2023-05-10 09:35:12,i2311-C-840,i2311-C-840,13.8,0.0,0.0,0.0,10,1.2,0.0,0,13.8,0.0,0.0,0.0,0.0,0.0,2
2023-05-10 09:37:30,i2311-C-840,i2311-C-840,13.8,0.0,0.0,0.0,1,1.3,0.0,0,13.8,0.0,0.0,0.0,0.0,0.0,2
2023-05-10 09:37:30,i2311-C-840,i2311-C-840,13.8,0.0,0.0,0.0,10,1.4,0.0,0,13.8,0.0,0.0,0.0,0.0,0.0,2
2023-05-10 09:58:42,i2311-C-840,i2311-C-840,13.8,0.0,0.0,0.0,10,1.4,89.7,1,13.8,0.0,0.0,0.0,0.0,0.0,2
2023-05-10 09:58:42,i2311-C-840,i2311-C-840,13.8,0.0,0.0,0.0,10,1.4,89.6,10,13.8,0.0,0.0,0.0,0.0,0.0,2
2023-05-10 09:58:43,i2311-C-840,i2311-C-840,13.8,0.0,0.0,0.0,10,1.4,89.5,1,13.8,0.0,0.0,0.0,0.0,0.0,2
2023-05-10 09:58:43,i2311-C-840,i2311-C-840,13.8,0.0,0.0,0.0,10,1.4,89.4,10,13.8,0.0,0.0,0.0,0.0,0.0,2
2023-05-10 09:58:45,i2311-C-840,i2311-C-840,13.8,0.0,0.0,0.0,10,1.4,89.3,1,13.8,0.0,0.0,0.0,0.0,0.0,2
2023-05-10 09:58:45,i2311-C-840,i2311-C-840,13.8,0.0,0.0,0.0,10,1.4,89.2,10,13.8,0.0,0.0,0.0,0.0,0.0,2
2023-05-10 09:58:46,i2311-C-840,i2311-C-840,13.8,0.0,0.0,0.0,10,1.4,89.1,1,13.8,0.0,0.0,0.0,0.0,0.0,2
2023-05-10 09:58:46,i2311-C-840,i2311-C-840,13.8,0.0,0.0,0.0,10,1.4,89.0,10,13.8,0.0,0.0,0.0,0.0,0.0,2
2023-05-10 09:58:48,i2311-C-840,i2311-C-840,13.8,0.0,0.0,0.0,10,1.4,88.9,1,13.8,0.0,0.0,0.0,0.0,0.0,2
2023-05-10 09:58:48,i2311-C-840,i2311-C-840,13.8,0.0,0.0,0.0,10,1.4,88.8,10,13.8,0.0,0.0,0.0,0.0,0.0,2
2023-05-10 09:58:49,i2311-C-840,i2311-C-840,13.8,0.0,0.0,0.0,10,1.4,88.7,1,13.8,0.0,0.0,0.0,0.0,0.0,2
2023-05-10 09:58:49,i2311-C-840,i2311-C-840,13.8,0.0,0.0,0.0,10,1.4,88.6,10,13.8,0.0,0.0,0.0,0.0,0.0,2
2023-05-10 09:58:50,i2311-C-840,i2311-C-840,13.8,0.0,0.0,0.0,10,1.4,88.5,1,13.8,0.0,0.0,0.0,0.0,0.0,2
2023-05-10 09:58:50,i2311-C-840,i2311-C-840,13.8,0.0,0.0,0.0,10,1.4,88.4,10,13.8,0.0,0.0,0.0,0.0,0.0,2
2023-05-10 09:58:52,i2311-C-840,i2311-C-840,13.8,0.0,0.0,0.0,10,1.4,88.3,1,13.8,0.0,0.0,0.0,0.0,0.0,2
2023-05-10 09:58:52,i2311-C-840,i2311-C-840,13.8,0.0,0.0,0.0,10,1.4,88.2,10,13.8,0.0,0.0,0.0,0.0,0.0,2
2023-05-10 09:58:53,i2311-C-840,i2311-C-840,13.8,0.0,0.0,0.0,10,1.4,88.1,1,13.8,0.0,0.0,0.0,0.0,0.0,2
2023-05-10 09:58:53,i2311-C-840,i2311-C-840,13.8,0.0,0.0,0.0,10,1.4,88.0,10,13.8,0.0,0.0,0.0,0.0,0.0,2
2023-05-10 09:58:54,i2311-C-840,i2311-C-840,13.8,0.0,0.0,0.0,10,1.4,87.9,1,13.8,0.0,0.0,0.0,0.0,0.0,2
2023-05-10 09:58:54,i2311-C-840,i2311-C-840,13.8,0.0,0.0,0.0,10,1.4,87.8,10,13.8,0.0,0.0,0.0,0.0,0.0,2
2023-05-10 09:58:55,i2311-C-840,i2311-C-840,13.8,0.0,0.0,0.0,10,1.4,87.7,1,13.8,0.0,0.0,0.0,0.0,0.0,2
2023-05-10 09:58:56,i2311-C-840,i2311-C-840,13.8,0.0,0.0,0.0,10,1.4,87.6,10,13.8,0.0,0.0,0.0,0.0,0.0,2
2023-05-10 09:58:57,i2311-C-840,i2311-C-840,13.8,0.0,0.0,0.0,10,1.4,87.5,1,13.8,0.0,0.0,0.0,0.0,0.0,2
2023-05-10 09:58:57,i2311-C-840,i2311-C-840,13.8,0.0,0.0,0.0,10,1.4,87.4,10,13.8,0.0,0.0,0.0,0.0,0.0,2
2023-05-10 09:58:58,i2311-C-840,i2311-C-840,13.8,0.0,0.0,0.0,10,1.4,87.3,1,13.8,0.0,0.0,0.0,0.0,0.0,2
2023-05-10 09:58:58,i2311-C-840,i2311-C-840,13.8,0.0,0.0,0.0,10,1.4,87.2,10,13.8,0.0,0.0,0.0,0.0,0.0,2
2023-05-10 09:58:59,i2311-C-840,i2311-C-840,13.8,0.0,0.0,0.0,10,1.4,87.1,1,13.8,0.0,0.0,0.0,0.0,0.0,2
2023-05-10 09:59:00,i2311-C-840,i2311-C-840,13.8,0.0,0.0,0.0,10,1.4,87.0,10,13.8,0.0,0.0,0.0,0.0,0.0,2
2023-05-10 09:59:01,i2311-C-840,i2311-C-840,13.8,0.0,0.0,0.0,10,1.4,86.9,1,13.8,0.0,0.0,0.0,0.0,0.0,2
2023-05-10 09:59:01,i2311-C-840,i2311-C-840,13.8,0.0,0.0,0.0,10,1.4,86.8,10,13.8,0.0,0.0,0.0,0.0,0.0,2
2023-05-10 09:59:02,i2311-C-840,i2311-C-840,13.8,0.0,0.0,0.0,10,1.4,86.7,1,13.8,0.0,0.0,0.0,0.0,0.0,2
2023-05-10 09:59:02,i2311-C-840,i2311-C-840,13.8,0.0,0.0,0.0,10,1.4,86.6,10,13.8,0.0,0.0,0.0,0.0,0.0,2
2023-05-10 09:59:03,i2311-C-840,i2311-C-840,13.8,0.0,0.0,0.0,10,1.4,86.5,1,13.8,0.0,0.0,0.0,0.0,0.0,2
2023-05-10 09:59:04,i2311-C-840,i2311-C-840,13.8,0.0,0.0,0.0,10,1.4,86.4,10,13.8,0.0,0.0,0.0,0.0,0.0,2
2023-05-10 09:59:05,i2311-C-840,i2311-C-840,13.8,0.0,0.0,0.0,10,1.4,86.3,1,13.8,0.0,0.0,0.0,0.0,0.0,2
2023-05-10 09:59:05,i2311-C-840,i2311-C-840,13.8,0.0,0.0,0.0,10,1.4,86.2,10,13.8,0.0,0.0,0.0,0.0,0.0,2
2023-05-10 09:59:06,i2311-C-840,i2311-C-840,13.8,0.0,0.0,0.0,10,1.4,86.1,1,13.8,0.0,0.0,0.0,0.0,0.0,2
2023-05-10 09:59:06,i2311-C-840,i2311-C-840,13.8,0.0,0.0,0.0,10,1.4,86.0,10,13.8,0.0,0.0,0.0,0.0,0.0,2
2023-05-10 09:59:07,i2311-C-840,i2311-C-840,13.8,0.0,0.0,0.0,10,1.4,85.9,1,13.8,0.0,0.0,0.0,0.0,0.0,2
2023-05-10 09:59:08,i2311-C-840,i2311-C-840,13.8,0.0,0.0,0.0,10,1.4,85.8,10,13.8,0.0,0.0,0.0,0.0,0.0,2
2023-05-10 09:59:09,i2311-C-840,i2311-C-840,13.8,0.0,0.0,0.0,10,1.4,85.7,1,13.8,0.0,0.0,0.0,0.0,0.0,2
2023-05-10 09:59:09,i2311-C-840,i2311-C-840,13.8,0.0,0.0,0.0,10,1.4,85.6,10,13.8,0.0,0.0,0.0,0.0,0.0,2
2023-05-10 09:59:10,i2311-C-840,i2311-C-840,13.8,0.0,0.0,0.0,10,1.4,85.5,1,13.8,0.0,0.0,0.0,0.0,0.0,2
2023-05-10 09:59:10,i2311-C-840,i2311-C-840,13.8,0.0,0.0,0.0,10,1.4,85.4,10,13.8,0.0,0.0,0.0,0.0,0.0,2
2023-05-10 09:59:12,i2311-C-840,i2311-C-840,13.8,0.0,0.0,0.0,10,1.4,85.3,1,13.8,0.0,0.0,0.0,0.0,0.0,2
2023-05-10 09:59:12,i2311-C-840,i2311-C-840,13.8,0.0,0.0,0.0,10,1.4,85.2,10,13.8,0.0,0.0,0.0,0.0,0.0,2
2023-05-10 09:59:13,i2311-C-840,i2311-C-840,13.8,0.0,0.0,0.0,10,1.4,85.1,1,13.8,0.0,0.0,0.0,0.0,0.0,2
2023-05-10 09:59:13,i2311-C-840,i2311-C-840,13.8,0.0,0.0,0.0,10,1.4,85.0,10,13.8,0.0,0.0,0.0,0.0,0.0,2
2023-05-10 09:59:14,i2311-C-840,i2311-C-840,13.8,0.0,0.0,0.0,10,1.4,84.9,1,13.8,0.0,0.0,0.0,0.0,0.0,2
2023-05-10 09:59:14,i2311-C-840,i2311-C-840,13.8,0.0,0.0,0.0,10,1.4,84.8,10,13.8,0.0,0.0,0.0,0.0,0.0,2
2023-05-10 09:59:16,i2311-C-840,i2311-C-840,13.8,0.0,0.0,0.0,10,1.4,84.7,1,13.8,0.0,0.0,0.0,0.0,0.0,2
2023-05-10 09:59:16,i2311-C-840,i2311-C-840,13.8,0.0,0.0,0.0,10,1.4,84.6,10,13.8,0.0,0.0,0.0,0.0,0.0,2
2023-05-10 09:59:17,i2311-C-840,i2311-C-840,13.8,0.0,0.0,0.0,10,1.4,84.5,1,13.8,0.0,0.0,0.0,0.0,0.0,2
2023-05-10 09:59:17,i2311-C-840,i2311-C-840,13.8,0.0,0.0,0.0,10,1.4,84.4,10,13.8,0.0,0.0,0.0,0.0,0.0,2
2023-05-10 09:59:18,i2311-C-840,i2311-C-840,13.8,0.0,0.0,0.0,10,1.4,84.3,1,13.8,0.0,0.0,0.0,0.0,0.0,2
2023-05-10 09:59:18,i2311-C-840,i2311-C-840,13.8,0.0,0.0,0.0,10,1.4,84.2,10,13.8,0.0,0.0,0.0,0.0,0.0,2
2023-05-10 09:59:20,i2311-C-840,i2311-C-840,13.8,0.0,0.0,0.0,10,1.4,84.1,1,13.8,0.0,0.0,0.0,0.0,0.0,2
2023-05-10 09:59:20,i2311-C-840,i2311-C-840,13.8,0.0,0.0,0.0,10,1.4,84.0,10,13.8,0.0,0.0,0.0,0.0,0.0,2
2023-05-10 09:59:21,i2311-C-840,i2311-C-840,13.8,0.0,0.0,0.0,10,1.4,83.9,1,13.8,0.0,0.0,0.0,0.0,0.0,2
2023-05-10 09:59:21,i2311-C-840,i2311-C-840,13.8,0.0,0.0,0.0,10,1.4,83.8,10,13.8,0.0,0.0,0.0,0.0,0.0,2
2023-05-10 09:59:22,i2311-C-840,i2311-C-840,13.8,0.0,0.0,0.0,10,1.4,83.7,1,13.8,0.0,0.0,0.0,0.0,0.0,2
2023-05-10 09:59:22,i2311-C-840,i2311-C-840,13.8,0.0,0.0,0.0,10,1.4,83.6,10,13.8,0.0,0.0,0.0,0.0,0.0,2
2023-05-10 09:59:24,i2311-C-840,i2311-C-840,13.8,0.0,0.0,0.0,10,1.4,83.5,1,13.8,0.0,0.0,0.0,0.0,0.0,2
2023-05-10 09:59:24,i2311-C-840,i2311-C-840,13.8,0.0,0.0,0.0,10,1.4,83.4,10,13.8,0.0,0.0,0.0,0.0,0.0,2
2023-05-10 09:59:25,i2311-C-840,i2311-C-840,13.8,0.0,0.0,0.0,10,1.4,83.3,1,13.8,0.0,0.0,0.0,0.0,0.0,2
2023-05-10 09:59:25,i2311-C-840,i2311-C-840,13.8,0.0,0.0,0.0,10,1.4,83.2,10,13.8,0.0,0.0,0.0,0.0,0.0,2
2023-05-10 09:59:26,i2311-C-840,i2311-C-840,13.8,0.0,0.0,0.0,10,1.4,83.1,1,13.8,0.0,0.0,0.0,0.0,0.0,2
2023-05-10 09:59:26,i2311-C-840,i2311-C-840,13.8,0.0,0.0,0.0,10,1.4,83.0,10,13.8,0.0,0.0,0.0,0.0,0.0,2
2023-05-10 09:59:27,i2311-C-840,i2311-C-840,13.8,0.0,0.0,0.0,10,1.4,82.9,1,13.8,0.0,0.0,0.0,0.0,0.0,2
2023-05-10 09:59:28,i2311-C-840,i2311-C-840,13.8,0.0,0.0,0.0,10,1.4,82.8,10,13.8,0.0,0.0,0.0,0.0,0.0,2
2023-05-10 09:59:29,i2311-C-840,i2311-C-840,13.8,0.0,0.0,0.0,10,1.4,82.7,1,13.8,0.0,0.0,0.0,0.0,0.0,2
2023-05-10 09:59:29,i2311-C-840,i2311-C-840,13.8,0.0,0.0,0.0,10,1.4,82.6,10,13.8,0.0,0.0,0.0,0.0,0.0,2
2023-05-10 09:59:30,i2311-C-840,i2311-C-840,13.8,0.0,0.0,0.0,10,1.4,82.5,1,13.8,0.0,0.0,0.0,0.0,0.0,2
2023-05-10 09:59:30,i2311-C-840,i2311-C-840,13.8,0.0,0.0,0.0,10,1.4,82.4,10,13.8,0.0,0.0,0.0,0.0,0.0,2
2023-05-10 09:59:31,i2311-C-840,i2311-C-840,13.8,0.0,0.0,0.0,10,1.4,82.3,1,13.8,0.0,0.0,0.0,0.0,0.0,2
2023-05-10 09:59:32,i2311-C-840,i2311-C-840,13.8,0.0,0.0,0.0,10,1.4,82.2,10,13.8,0.0,0.0,0.0,0.0,0.0,2
2023-05-10 09:59:33,i2311-C-840,i2311-C-840,13.8,0.0,0.0,0.0,10,1.4,82.1,1,13.8,0.0,0.0,0.0,0.0,0.0,2
2023-05-10 09:59:33,i2311-C-840,i2311-C-840,13.8,0.0,0.0,0.0,10,1.4,82.0,10,13.8,0.0,0.0,0.0,0.0,0.0,2
2023-05-10 09:59:34,i2311-C-840,i2311-C-840,13.8,0.0,0.0,0.0,10,1.4,81.9,1,13.8,0.0,0.0,0.0,0.0,0.0,2
2023-05-10 09:59:34,i2311-C-840,i2311-C-840,13.8,0.0,0.0,0.0,10,1.4,81.8,10,13.8,0.0,0.0,0.0,0.0,0.0,2
2023-05-10 09:59:35,i2311-C-840,i2311-C-840,13.8,0.0,0.0,0.0,10,1.4,81.7,1,13.8,0.0,0.0,0.0,0.0,0.0,2
2023-05-10 09:59:36,i2311-C-840,i2311-C-840,13.8,0.0,0.0,0.0,10,1.4,81.6,10,13.8,0.0,0.0,0.0,0.0,0.0,2
2023-05-10 09:59:37,i2311-C-840,i2311-C-840,13.8,0.0,0.0,0.0,10,1.4,81.5,1,13.8,0.0,0.0,0.0,0.0,0.0,2
2023-05-10 09:59:37,i2311-C-840,i2311-C-840,13.8,0.0,0.0,0.0,10,1.4,81.4,10,13.8,0.0,0.0,0.0,0.0,0.0,2
2023-05-10 09:59:38,i2311-C-840,i2311-C-840,13.8,0.0,0.0,0.0,10,1.4,81.3,1,13.8,0.0,0.0,0.0,0.0,0.0,2
2023-05-10 09:59:38,i2311-C-840,i2311-C-840,13.8,0.0,0.0,0.0,10,1.4,81.2,10,13.8,0.0,0.0,0.0,0.0,0.0,2
2023-05-10 09:59:40,i2311-C-840,i2311-C-840,13.8,0.0,0.0,0.0,10,1.4,81.1,1,13.8,0.0,0.0,0.0,0.0,0.0,2
2023-05-10 09:59:40,i2311-C-840,i2311-C-840,13.8,0.0,0.0,0.0,10,1.4,81.0,10,13.8,0.0,0.0,0.0,0.0,0.0,2
2023-05-10 09:59:41,i2311-C-840,i2311-C-840,13.8,0.0,0.0,0.0,10,1.4,80.9,1,13.8,0.0,0.0,0.0,0.0,0.0,2
2023-05-10 09:59:41,i2311-C-840,i2311-C-840,13.8,0.0,0.0,0.0,10,1.4,80.8,10,13.8,0.0,0.0,0.0,0.0,0.0,2
2023-05-10 09:59:42,i2311-C-840,i2311-C-840,13.8,0.0,0.0,0.0,10,1.4,80.7,1,13.8,0.0,0.0,0.0,0.0,0.0,2
2023-05-10 09:59:42,i2311-C-840,i2311-C-840,13.8,0.0,0.0,0.0,10,1.4,80.6,10,13.8,0.0,0.0,0.0,0.0,0.0,2
2023-05-10 09:59:44,i2311-C-840,i2311-C-840,13.8,0.0,0.0,0.0,10,1.4,80.5,1,13.8,0.0,0.0,0.0,0.0,0.0,2
2023-05-10 09:59:44,i2311-C-840,i2311-C-840,13.8,0.0,0.0,0.0,10,1.4,80.4,10,13.8,0.0,0.0,0.0,0.0,0.0,2
2023-05-10 09:59:45,i2311-C-840,i2311-C-840,13.8,0.0,0.0,0.0,10,1.4,80.3,1,13.8,0.0,0.0,0.0,0.0,0.0,2
2023-05-10 09:59:45,i2311-C-840,i2311-C-840,13.8,0.0,0.0,0.0,10,1.4,80.2,10,13.8,0.0,0.0,0.0,0.0,0.0,2
2023-05-10 09:59:46,i2311-C-840,i2311-C-840,13.8,0.0,0.0,0.0,10,1.4,80.1,1,13.8,0.0,0.0,0.0,0.0,0.0,2
2023-05-10 09:59:46,i2311-C-840,i2311-C-840,13.8,0.0,0.0,0.0,10,1.4,80.0,10,13.8,0.0,0.0,0.0,0.0,0.0,2
2023-05-10 10:14:32,i2311-C-840,i2311-C-840,13.8,0.0,0.0,0.0,1,1.3,0.0,0,13.8,0.0,0.0,0.0,0.0,0.0,2
2023-05-10 10:30:05,i2311-C-840,i2311-C-840,13.8,0.0,0.0,0.0,10,1.4,0.0,0,13.8,0.0,0.0,0.0,0.0,0.0,2
2023-05-10 11:29:32,i2311-C-840,i2311-C-840,13.8,0.0,0.0,0.0,1,1.3,0.0,0,13.8,0.0,0.0,0.0,0.0,0.0,2
2023-05-10 13:30:02,i2311-C-840,i2311-C-840,13.8,0.0,0.0,0.0,10,1.4,0.0,0,13.8,0.0,0.0,0.0,0.0,0.0,2
2023-05-10 13:41:16,i2311-C-840,i2311-C-840,13.8,0.0,0.0,0.0,1,9.3,13.3,1,13.8,0.0,0.0,0.0,0.0,0.0,2
2023-05-10 13:41:17,i2311-C-840,i2311-C-840,13.8,0.0,0.0,0.0,2,9.3,13.3,2,13.8,0.0,0.0,0.0,0.0,0.0,2
2023-05-10 13:41:21,i2311-C-840,i2311-C-840,13.8,0.0,0.0,0.0,2,9.3,12.0,1,13.8,0.0,0.0,0.0,0.0,0.0,2
2023-05-10 13:41:25,i2311-C-840,i2311-C-840,13.8,0.0,0.0,0.0,1,9.6,12.0,1,13.8,0.0,0.0,0.0,0.0,0.0,2
2023-05-10 13:41:26,i2311-C-840,i2311-C-840,13.8,0.0,0.0,0.0,1,9.6,11.2,1,13.8,0.0,0.0,0.0,0.0,0.0,2
2023-05-10 13:41:36,i2311-C-840,i2311-C-840,13.8,0.0,0.0,0.0,1,9.4,11.2,1,13.8,0.0,0.0,0.0,0.0,0.0,2
2023-05-10 13:41:38,i2311-C-840,i2311-C-840,13.8,0.0,0.0,0.0,1,8.4,12.4,1,13.8,0.0,0.0,0.0,0.0,0.0,2
2023-05-10 13:41:46,i2311-C-840,i2311-C-840,13.8,0.0,0.0,0.0,1,1.3,0.0,0,13.8,0.0,0.0,0.0,0.0,0.0,2
2023-05-10 13:41:46,i2311-C-840,i2311-C-840,13.8,0.0,0.0,0.0,10,1.4,0.0,0,13.8,0.0,0.0,0.0,0.0,0.0,2
2023-05-10 14:59:01,i2311-C-840,i2311-C-840,13.8,0.0,0.0,0.0,1,1.3,0.0,0,13.8,0.0,0.0,0.0,0.0,0.0,2
2023-05-10 15:01:15,i2311-C-840,i2311-C-840,13.8,0.0,0.0,0.0,1,1.3,0.0,0,13.8,0.0,0.0,0.0,0.0,0.0,2
