time,symbol_id,symbol_name,last,trade_volume,trade_amount,open_interest_change,bv1,bp1,ap1,av1,yesterday_close,today_open,today_high,today_low,volume,amount,open_interest
2023-05-09 20:55:32,i2312-C-760,i2312-C-760,35.6,0.0,0.0,0.0,1,0.1,0.0,0,35.6,0.0,0.0,0.0,0.0,0.0,0
2023-05-09 21:00:15,i2312-C-760,i2312-C-760,35.6,0.0,0.0,0.0,1,3.1,0.0,0,35.6,0.0,0.0,0.0,0.0,0.0,0
2023-05-09 21:00:26,i2312-C-760,i2312-C-760,35.6,0.0,0.0,0.0,1,3.2,0.0,0,35.6,0.0,0.0,0.0,0.0,0.0,0
2023-05-09 21:01:02,i2312-C-760,i2312-C-760,35.6,0.0,0.0,0.0,1,3.3,0.0,0,35.6,0.0,0.0,0.0,0.0,0.0,0
2023-05-09 21:02:41,i2312-C-760,i2312-C-760,35.6,0.0,0.0,0.0,2,3.4,0.0,0,35.6,0.0,0.0,0.0,0.0,0.0,0
2023-05-09 21:31:02,i2312-C-760,i2312-C-760,35.6,0.0,0.0,0.0,1,3.5,0.0,0,35.6,0.0,0.0,0.0,0.0,0.0,0
2023-05-09 21:31:04,i2312-C-760,i2312-C-760,35.6,0.0,0.0,0.0,2,3.6,0.0,0,35.6,0.0,0.0,0.0,0.0,0.0,0
2023-05-09 22:01:03,i2312-C-760,i2312-C-760,35.6,0.0,0.0,0.0,1,3.7,0.0,0,35.6,0.0,0.0,0.0,0.0,0.0,0
2023-05-09 22:01:07,i2312-C-760,i2312-C-760,35.6,0.0,0.0,0.0,2,3.8,0.0,0,35.6,0.0,0.0,0.0,0.0,0.0,0
2023-05-09 22:31:03,i2312-C-760,i2312-C-760,35.6,0.0,0.0,0.0,1,3.9,0.0,0,35.6,0.0,0.0,0.0,0.0,0.0,0
2023-05-09 22:31:04,i2312-C-760,i2312-C-760,35.6,0.0,0.0,0.0,2,4.0,0.0,0,35.6,0.0,0.0,0.0,0.0,0.0,0
2023-05-09 22:57:20,i2312-C-760,i2312-C-760,35.6,0.0,0.0,0.0,1,3.9,0.0,0,35.6,0.0,0.0,0.0,0.0,0.0,0
2023-05-10 09:01:24,i2312-C-760,i2312-C-760,35.6,0.0,0.0,0.0,2,5.2,0.0,0,35.6,0.0,0.0,0.0,0.0,0.0,0
2023-05-10 09:01:24,i2312-C-760,i2312-C-760,35.6,0.0,0.0,0.0,1,5.3,0.0,0,35.6,0.0,0.0,0.0,0.0,0.0,0
2023-05-10 09:01:28,i2312-C-760,i2312-C-760,35.6,0.0,0.0,0.0,2,6.6,0.0,0,35.6,0.0,0.0,0.0,0.0,0.0,0
2023-05-10 09:13:50,i2312-C-760,i2312-C-760,35.6,0.0,0.0,0.0,1,25.9,29.9,1,35.6,0.0,0.0,0.0,0.0,0.0,0
2023-05-10 09:13:51,i2312-C-760,i2312-C-760,35.6,0.0,0.0,0.0,2,25.9,29.9,2,35.6,0.0,0.0,0.0,0.0,0.0,0
2023-05-10 09:13:55,i2312-C-760,i2312-C-760,35.6,0.0,0.0,0.0,1,26.4,29.9,2,35.6,0.0,0.0,0.0,0.0,0.0,0
2023-05-10 09:13:57,i2312-C-760,i2312-C-760,35.6,0.0,0.0,0.0,1,26.4,29.9,3,35.6,0.0,0.0,0.0,0.0,0.0,0
2023-05-10 09:13:58,i2312-C-760,i2312-C-760,35.6,0.0,0.0,0.0,1,26.7,29.7,1,35.6,0.0,0.0,0.0,0.0,0.0,0
2023-05-10 09:14:09,i2312-C-760,i2312-C-760,35.6,0.0,0.0,0.0,1,26.2,30.2,1,35.6,0.0,0.0,0.0,0.0,0.0,0
2023-05-10 09:14:20,i2312-C-760,i2312-C-760,35.6,0.0,0.0,0.0,1,5.3,0.0,0,35.6,0.0,0.0,0.0,0.0,0.0,0
2023-05-10 09:14:21,i2312-C-760,i2312-C-760,35.6,0.0,0.0,0.0,2,6.6,0.0,0,35.6,0.0,0.0,0.0,0.0,0.0,0
2023-05-10 09:41:36,i2312-C-760,i2312-C-760,35.6,0.0,0.0,0.0,1,6.7,0.0,0,35.6,0.0,0.0,0.0,0.0,0.0,0
2023-05-10 09:41:38,i2312-C-760,i2312-C-760,35.6,0.0,0.0,0.0,2,6.8,0.0,0,35.6,0.0,0.0,0.0,0.0,0.0,0
2023-05-10 10:00:42,i2312-C-760,i2312-C-760,35.6,0.0,0.0,0.0,1,26.0,30.0,1,35.6,0.0,0.0,0.0,0.0,0.0,0
2023-05-10 10:00:43,i2312-C-760,i2312-C-760,35.6,0.0,0.0,0.0,2,26.0,30.0,2,35.6,0.0,0.0,0.0,0.0,0.0,0
2023-05-10 10:00:47,i2312-C-760,i2312-C-760,35.6,0.0,0.0,0.0,3,26.0,30.0,3,35.6,0.0,0.0,0.0,0.0,0.0,0
2023-05-10 10:00:49,i2312-C-760,i2312-C-760,35.6,0.0,0.0,0.0,4,26.0,30.0,4,35.6,0.0,0.0,0.0,0.0,0.0,0
2023-05-10 10:00:50,i2312-C-760,i2312-C-760,35.6,0.0,0.0,0.0,1,27.6,28.9,1,35.6,0.0,0.0,0.0,0.0,0.0,0
2023-05-10 10:01:01,i2312-C-760,i2312-C-760,35.6,0.0,0.0,0.0,1,26.3,30.3,1,35.6,0.0,0.0,0.0,0.0,0.0,0
2023-05-10 10:01:12,i2312-C-760,i2312-C-760,35.6,0.0,0.0,0.0,1,6.7,0.0,0,35.6,0.0,0.0,0.0,0.0,0.0,0
2023-05-10 10:01:12,i2312-C-760,i2312-C-760,35.6,0.0,0.0,0.0,2,6.8,0.0,0,35.6,0.0,0.0,0.0,0.0,0.0,0
2023-05-10 10:12:16,i2312-C-760,i2312-C-760,35.6,0.0,0.0,0.0,1,6.7,0.0,0,35.6,0.0,0.0,0.0,0.0,0.0,0
2023-05-10 10:30:14,i2312-C-760,i2312-C-760,35.6,0.0,0.0,0.0,2,6.8,0.0,0,35.6,0.0,0.0,0.0,0.0,0.0,0
2023-05-10 10:55:52,i2312-C-760,i2312-C-760,35.6,0.0,0.0,0.0,1,6.9,0.0,0,35.6,0.0,0.0,0.0,0.0,0.0,0
2023-05-10 10:55:53,i2312-C-760,i2312-C-760,35.6,0.0,0.0,0.0,2,7.0,0.0,0,35.6,0.0,0.0,0.0,0.0,0.0,0
2023-05-10 11:27:15,i2312-C-760,i2312-C-760,35.6,0.0,0.0,0.0,1,6.9,0.0,0,35.6,0.0,0.0,0.0,0.0,0.0,0
2023-05-10 11:29:44,i2312-C-760,i2312-C-760,35.6,0.0,0.0,0.0,1,3.5,0.0,0,35.6,0.0,0.0,0.0,0.0,0.0,0
2023-05-10 13:30:45,i2312-C-760,i2312-C-760,35.6,0.0,0.0,0.0,1,3.6,0.0,0,35.6,0.0,0.0,0.0,0.0,0.0,0
2023-05-10 13:31:49,i2312-C-760,i2312-C-760,35.6,0.0,0.0,0.0,2,3.7,0.0,0,35.6,0.0,0.0,0.0,0.0,0.0,0
2023-05-10 14:01:19,i2312-C-760,i2312-C-760,35.6,0.0,0.0,0.0,1,3.8,0.0,0,35.6,0.0,0.0,0.0,0.0,0.0,0
2023-05-10 14:01:20,i2312-C-760,i2312-C-760,35.6,0.0,0.0,0.0,2,3.9,0.0,0,35.6,0.0,0.0,0.0,0.0,0.0,0
2023-05-10 14:34:46,i2312-C-760,i2312-C-760,35.6,0.0,0.0,0.0,1,4.0,0.0,0,35.6,0.0,0.0,0.0,0.0,0.0,0
2023-05-10 14:34:48,i2312-C-760,i2312-C-760,35.6,0.0,0.0,0.0,2,4.1,0.0,0,35.6,0.0,0.0,0.0,0.0,0.0,0
2023-05-10 15:01:15,i2312-C-760,i2312-C-760,35.6,0.0,0.0,0.0,2,4.1,0.0,0,35.6,0.0,0.0,0.0,0.0,0.0,0
