time,symbol_id,symbol_name,last,trade_volume,trade_amount,open_interest_change,bv1,bp1,ap1,av1,yesterday_close,today_open,today_high,today_low,volume,amount,open_interest
2023-05-09 20:55:27,i2311-C-890,铁矿石2311购890,8.1,0.0,0.0,0.0,1,0.1,0.0,0,8.1,0.0,0.0,0.0,0.0,0.0,4
2023-05-09 21:00:19,i2311-C-890,铁矿石2311购890,8.1,0.0,0.0,0.0,10,0.2,0.0,0,8.1,0.0,0.0,0.0,0.0,0.0,4
2023-05-09 21:05:45,i2311-C-890,铁矿石2311购890,8.1,0.0,0.0,0.0,1,0.3,0.0,0,8.1,0.0,0.0,0.0,0.0,0.0,4
2023-05-09 21:05:45,i2311-C-890,铁矿石2311购890,8.1,0.0,0.0,0.0,10,0.4,0.0,0,8.1,0.0,0.0,0.0,0.0,0.0,4
2023-05-09 21:08:25,i2311-C-890,铁矿石2311购890,8.1,0.0,0.0,0.0,1,0.5,0.0,0,8.1,0.0,0.0,0.0,0.0,0.0,4
2023-05-09 21:08:25,i2311-C-890,铁矿石2311购890,8.1,0.0,0.0,0.0,10,0.6,0.0,0,8.1,0.0,0.0,0.0,0.0,0.0,4
2023-05-09 21:12:38,i2311-C-890,铁矿石2311购890,8.1,0.0,0.0,0.0,11,0.6,0.0,0,8.1,0.0,0.0,0.0,0.0,0.0,4
2023-05-09 21:49:04,i2311-C-890,铁矿石2311购890,8.1,0.0,0.0,0.0,11,0.6,83.9,10,8.1,0.0,0.0,0.0,0.0,0.0,4
2023-05-09 21:49:10,i2311-C-890,铁矿石2311购890,8.1,0.0,0.0,0.0,11,0.6,83.8,1,8.1,0.0,0.0,0.0,0.0,0.0,4
2023-05-09 21:49:10,i2311-C-890,铁矿石2311购890,8.1,0.0,0.0,0.0,11,0.6,83.7,10,8.1,0.0,0.0,0.0,0.0,0.0,4
2023-05-09 21:49:13,i2311-C-890,铁矿石2311购890,8.1,0.0,0.0,0.0,11,0.6,83.6,1,8.1,0.0,0.0,0.0,0.0,0.0,4
2023-05-09 21:49:13,i2311-C-890,铁矿石2311购890,8.1,0.0,0.0,0.0,11,0.6,83.5,10,8.1,0.0,0.0,0.0,0.0,0.0,4
2023-05-09 21:49:18,i2311-C-890,铁矿石2311购890,8.1,0.0,0.0,0.0,11,0.6,83.4,1,8.1,0.0,0.0,0.0,0.0,0.0,4
2023-05-09 21:49:18,i2311-C-890,铁矿石2311购890,8.1,0.0,0.0,0.0,11,0.6,83.3,10,8.1,0.0,0.0,0.0,0.0,0.0,4
2023-05-09 21:49:24,i2311-C-890,铁矿石2311购890,8.1,0.0,0.0,0.0,11,0.6,83.2,1,8.1,0.0,0.0,0.0,0.0,0.0,4
2023-05-09 21:49:24,i2311-C-890,铁矿石2311购890,8.1,0.0,0.0,0.0,11,0.6,83.1,10,8.1,0.0,0.0,0.0,0.0,0.0,4
2023-05-09 21:49:29,i2311-C-890,铁矿石2311购890,8.1,0.0,0.0,0.0,11,0.6,83.0,1,8.1,0.0,0.0,0.0,0.0,0.0,4
2023-05-09 21:49:29,i2311-C-890,铁矿石2311购890,8.1,0.0,0.0,0.0,11,0.6,82.9,10,8.1,0.0,0.0,0.0,0.0,0.0,4
2023-05-09 21:49:33,i2311-C-890,铁矿石2311购890,8.1,0.0,0.0,0.0,11,0.6,82.8,1,8.1,0.0,0.0,0.0,0.0,0.0,4
2023-05-09 21:49:33,i2311-C-890,铁矿石2311购890,8.1,0.0,0.0,0.0,11,0.6,82.7,10,8.1,0.0,0.0,0.0,0.0,0.0,4
2023-05-09 21:49:36,i2311-C-890,铁矿石2311购890,8.1,0.0,0.0,0.0,11,0.6,82.6,1,8.1,0.0,0.0,0.0,0.0,0.0,4
2023-05-09 21:49:36,i2311-C-890,铁矿石2311购890,8.1,0.0,0.0,0.0,11,0.6,82.5,10,8.1,0.0,0.0,0.0,0.0,0.0,4
2023-05-09 21:49:40,i2311-C-890,铁矿石2311购890,8.1,0.0,0.0,0.0,11,0.6,82.4,1,8.1,0.0,0.0,0.0,0.0,0.0,4
2023-05-09 21:49:40,i2311-C-890,铁矿石2311购890,8.1,0.0,0.0,0.0,11,0.6,82.3,10,8.1,0.0,0.0,0.0,0.0,0.0,4
2023-05-09 21:49:43,i2311-C-890,铁矿石2311购890,8.1,0.0,0.0,0.0,11,0.6,82.2,1,8.1,0.0,0.0,0.0,0.0,0.0,4
2023-05-09 21:49:43,i2311-C-890,铁矿石2311购890,8.1,0.0,0.0,0.0,11,0.6,82.1,10,8.1,0.0,0.0,0.0,0.0,0.0,4
2023-05-09 21:49:47,i2311-C-890,铁矿石2311购890,8.1,0.0,0.0,0.0,11,0.6,82.0,1,8.1,0.0,0.0,0.0,0.0,0.0,4
2023-05-09 21:49:47,i2311-C-890,铁矿石2311购890,8.1,0.0,0.0,0.0,11,0.6,81.9,10,8.1,0.0,0.0,0.0,0.0,0.0,4
2023-05-09 21:49:50,i2311-C-890,铁矿石2311购890,8.1,0.0,0.0,0.0,11,0.6,81.8,1,8.1,0.0,0.0,0.0,0.0,0.0,4
2023-05-09 21:49:50,i2311-C-890,铁矿石2311购890,8.1,0.0,0.0,0.0,11,0.6,81.7,10,8.1,0.0,0.0,0.0,0.0,0.0,4
2023-05-09 21:49:52,i2311-C-890,铁矿石2311购890,8.1,0.0,0.0,0.0,11,0.6,81.6,1,8.1,0.0,0.0,0.0,0.0,0.0,4
2023-05-09 21:49:52,i2311-C-890,铁矿石2311购890,8.1,0.0,0.0,0.0,11,0.6,81.5,10,8.1,0.0,0.0,0.0,0.0,0.0,4
2023-05-09 21:49:55,i2311-C-890,铁矿石2311购890,8.1,0.0,0.0,0.0,11,0.6,81.4,1,8.1,0.0,0.0,0.0,0.0,0.0,4
2023-05-09 21:49:55,i2311-C-890,铁矿石2311购890,8.1,0.0,0.0,0.0,11,0.6,81.3,10,8.1,0.0,0.0,0.0,0.0,0.0,4
2023-05-09 21:49:58,i2311-C-890,铁矿石2311购890,8.1,0.0,0.0,0.0,11,0.6,81.2,1,8.1,0.0,0.0,0.0,0.0,0.0,4
2023-05-09 21:49:58,i2311-C-890,铁矿石2311购890,8.1,0.0,0.0,0.0,11,0.6,81.1,10,8.1,0.0,0.0,0.0,0.0,0.0,4
2023-05-09 21:50:00,i2311-C-890,铁矿石2311购890,8.1,0.0,0.0,0.0,11,0.6,81.0,1,8.1,0.0,0.0,0.0,0.0,0.0,4
2023-05-09 21:50:01,i2311-C-890,铁矿石2311购890,8.1,0.0,0.0,0.0,11,0.6,80.9,10,8.1,0.0,0.0,0.0,0.0,0.0,4
2023-05-09 21:50:03,i2311-C-890,铁矿石2311购890,8.1,0.0,0.0,0.0,11,0.6,80.8,1,8.1,0.0,0.0,0.0,0.0,0.0,4
2023-05-09 21:50:03,i2311-C-890,铁矿石2311购890,8.1,0.0,0.0,0.0,11,0.6,80.7,10,8.1,0.0,0.0,0.0,0.0,0.0,4
2023-05-09 21:50:05,i2311-C-890,铁矿石2311购890,8.1,0.0,0.0,0.0,11,0.6,80.6,1,8.1,0.0,0.0,0.0,0.0,0.0,4
2023-05-09 21:50:05,i2311-C-890,铁矿石2311购890,8.1,0.0,0.0,0.0,11,0.6,80.5,10,8.1,0.0,0.0,0.0,0.0,0.0,4
2023-05-09 21:50:08,i2311-C-890,铁矿石2311购890,8.1,0.0,0.0,0.0,11,0.6,80.4,1,8.1,0.0,0.0,0.0,0.0,0.0,4
2023-05-09 21:50:08,i2311-C-890,铁矿石2311购890,8.1,0.0,0.0,0.0,11,0.6,80.3,10,8.1,0.0,0.0,0.0,0.0,0.0,4
2023-05-09 21:50:10,i2311-C-890,铁矿石2311购890,8.1,0.0,0.0,0.0,11,0.6,80.2,1,8.1,0.0,0.0,0.0,0.0,0.0,4
2023-05-09 21:50:10,i2311-C-890,铁矿石2311购890,8.1,0.0,0.0,0.0,11,0.6,80.1,10,8.1,0.0,0.0,0.0,0.0,0.0,4
2023-05-09 21:50:14,i2311-C-890,铁矿石2311购890,8.1,0.0,0.0,0.0,11,0.6,80.0,1,8.1,0.0,0.0,0.0,0.0,0.0,4
2023-05-09 21:50:14,i2311-C-890,铁矿石2311购890,8.1,0.0,0.0,0.0,11,0.6,79.9,10,8.1,0.0,0.0,0.0,0.0,0.0,4
2023-05-09 21:50:17,i2311-C-890,铁矿石2311购890,8.1,0.0,0.0,0.0,11,0.6,79.8,1,8.1,0.0,0.0,0.0,0.0,0.0,4
2023-05-09 21:50:17,i2311-C-890,铁矿石2311购890,8.1,0.0,0.0,0.0,11,0.6,79.7,10,8.1,0.0,0.0,0.0,0.0,0.0,4
2023-05-09 21:50:19,i2311-C-890,铁矿石2311购890,8.1,0.0,0.0,0.0,11,0.6,79.6,1,8.1,0.0,0.0,0.0,0.0,0.0,4
2023-05-09 21:50:20,i2311-C-890,铁矿石2311购890,8.1,0.0,0.0,0.0,11,0.6,79.5,10,8.1,0.0,0.0,0.0,0.0,0.0,4
2023-05-09 21:50:23,i2311-C-890,铁矿石2311购890,8.1,0.0,0.0,0.0,11,0.6,79.4,1,8.1,0.0,0.0,0.0,0.0,0.0,4
2023-05-09 21:50:23,i2311-C-890,铁矿石2311购890,8.1,0.0,0.0,0.0,11,0.6,79.3,10,8.1,0.0,0.0,0.0,0.0,0.0,4
2023-05-09 21:50:26,i2311-C-890,铁矿石2311购890,8.1,0.0,0.0,0.0,11,0.6,79.2,1,8.1,0.0,0.0,0.0,0.0,0.0,4
2023-05-09 21:50:26,i2311-C-890,铁矿石2311购890,8.1,0.0,0.0,0.0,11,0.6,79.1,10,8.1,0.0,0.0,0.0,0.0,0.0,4
2023-05-09 21:50:29,i2311-C-890,铁矿石2311购890,8.1,0.0,0.0,0.0,11,0.6,79.0,1,8.1,0.0,0.0,0.0,0.0,0.0,4
2023-05-09 21:50:29,i2311-C-890,铁矿石2311购890,8.1,0.0,0.0,0.0,11,0.6,78.9,10,8.1,0.0,0.0,0.0,0.0,0.0,4
2023-05-09 21:50:32,i2311-C-890,铁矿石2311购890,8.1,0.0,0.0,0.0,11,0.6,78.8,1,8.1,0.0,0.0,0.0,0.0,0.0,4
2023-05-09 21:50:32,i2311-C-890,铁矿石2311购890,8.1,0.0,0.0,0.0,11,0.6,78.7,10,8.1,0.0,0.0,0.0,0.0,0.0,4
2023-05-09 21:50:34,i2311-C-890,铁矿石2311购890,8.1,0.0,0.0,0.0,11,0.6,78.6,1,8.1,0.0,0.0,0.0,0.0,0.0,4
2023-05-09 21:50:34,i2311-C-890,铁矿石2311购890,8.1,0.0,0.0,0.0,11,0.6,78.5,10,8.1,0.0,0.0,0.0,0.0,0.0,4
2023-05-09 21:50:36,i2311-C-890,铁矿石2311购890,8.1,0.0,0.0,0.0,11,0.6,78.4,1,8.1,0.0,0.0,0.0,0.0,0.0,4
2023-05-09 21:50:37,i2311-C-890,铁矿石2311购890,8.1,0.0,0.0,0.0,11,0.6,78.3,10,8.1,0.0,0.0,0.0,0.0,0.0,4
2023-05-09 21:50:39,i2311-C-890,铁矿石2311购890,8.1,0.0,0.0,0.0,11,0.6,78.2,1,8.1,0.0,0.0,0.0,0.0,0.0,4
2023-05-09 21:50:39,i2311-C-890,铁矿石2311购890,8.1,0.0,0.0,0.0,11,0.6,78.1,10,8.1,0.0,0.0,0.0,0.0,0.0,4
2023-05-09 21:50:41,i2311-C-890,铁矿石2311购890,8.1,0.0,0.0,0.0,11,0.6,78.0,1,8.1,0.0,0.0,0.0,0.0,0.0,4
2023-05-09 21:50:41,i2311-C-890,铁矿石2311购890,8.1,0.0,0.0,0.0,11,0.6,77.9,10,8.1,0.0,0.0,0.0,0.0,0.0,4
2023-05-09 21:50:45,i2311-C-890,铁矿石2311购890,8.1,0.0,0.0,0.0,11,0.6,77.8,1,8.1,0.0,0.0,0.0,0.0,0.0,4
2023-05-09 21:50:45,i2311-C-890,铁矿石2311购890,8.1,0.0,0.0,0.0,11,0.6,77.7,10,8.1,0.0,0.0,0.0,0.0,0.0,4
2023-05-09 21:50:48,i2311-C-890,铁矿石2311购890,8.1,0.0,0.0,0.0,11,0.6,77.6,1,8.1,0.0,0.0,0.0,0.0,0.0,4
2023-05-09 21:50:48,i2311-C-890,铁矿石2311购890,8.1,0.0,0.0,0.0,11,0.6,77.5,10,8.1,0.0,0.0,0.0,0.0,0.0,4
2023-05-09 21:50:51,i2311-C-890,铁矿石2311购890,8.1,0.0,0.0,0.0,11,0.6,77.4,1,8.1,0.0,0.0,0.0,0.0,0.0,4
2023-05-09 21:50:51,i2311-C-890,铁矿石2311购890,8.1,0.0,0.0,0.0,11,0.6,77.3,10,8.1,0.0,0.0,0.0,0.0,0.0,4
2023-05-09 21:50:57,i2311-C-890,铁矿石2311购890,8.1,0.0,0.0,0.0,11,0.6,77.2,1,8.1,0.0,0.0,0.0,0.0,0.0,4
2023-05-09 21:50:57,i2311-C-890,铁矿石2311购890,8.1,0.0,0.0,0.0,11,0.6,77.1,10,8.1,0.0,0.0,0.0,0.0,0.0,4
2023-05-09 21:51:02,i2311-C-890,铁矿石2311购890,8.1,0.0,0.0,0.0,11,0.6,77.0,1,8.1,0.0,0.0,0.0,0.0,0.0,4
2023-05-09 21:51:02,i2311-C-890,铁矿石2311购890,8.1,0.0,0.0,0.0,11,0.6,76.9,10,8.1,0.0,0.0,0.0,0.0,0.0,4
2023-05-09 21:51:05,i2311-C-890,铁矿石2311购890,8.1,0.0,0.0,0.0,11,0.6,76.8,1,8.1,0.0,0.0,0.0,0.0,0.0,4
2023-05-09 21:51:06,i2311-C-890,铁矿石2311购890,8.1,0.0,0.0,0.0,11,0.6,76.7,10,8.1,0.0,0.0,0.0,0.0,0.0,4
2023-05-09 21:51:09,i2311-C-890,铁矿石2311购890,8.1,0.0,0.0,0.0,11,0.6,76.6,1,8.1,0.0,0.0,0.0,0.0,0.0,4
2023-05-09 21:51:09,i2311-C-890,铁矿石2311购890,8.1,0.0,0.0,0.0,11,0.6,76.5,10,8.1,0.0,0.0,0.0,0.0,0.0,4
2023-05-09 21:51:11,i2311-C-890,铁矿石2311购890,8.1,0.0,0.0,0.0,11,0.6,76.4,1,8.1,0.0,0.0,0.0,0.0,0.0,4
2023-05-09 21:51:12,i2311-C-890,铁矿石2311购890,8.1,0.0,0.0,0.0,11,0.6,76.3,10,8.1,0.0,0.0,0.0,0.0,0.0,4
2023-05-09 21:51:14,i2311-C-890,铁矿石2311购890,8.1,0.0,0.0,0.0,11,0.6,76.2,1,8.1,0.0,0.0,0.0,0.0,0.0,4
2023-05-09 21:51:14,i2311-C-890,铁矿石2311购890,8.1,0.0,0.0,0.0,11,0.6,76.1,10,8.1,0.0,0.0,0.0,0.0,0.0,4
2023-05-09 21:51:17,i2311-C-890,铁矿石2311购890,8.1,0.0,0.0,0.0,11,0.6,76.0,1,8.1,0.0,0.0,0.0,0.0,0.0,4
2023-05-09 21:51:17,i2311-C-890,铁矿石2311购890,8.1,0.0,0.0,0.0,11,0.6,75.9,10,8.1,0.0,0.0,0.0,0.0,0.0,4
2023-05-09 21:51:19,i2311-C-890,铁矿石2311购890,8.1,0.0,0.0,0.0,11,0.6,75.8,1,8.1,0.0,0.0,0.0,0.0,0.0,4
2023-05-09 21:51:19,i2311-C-890,铁矿石2311购890,8.1,0.0,0.0,0.0,11,0.6,75.7,10,8.1,0.0,0.0,0.0,0.0,0.0,4
2023-05-09 21:51:22,i2311-C-890,铁矿石2311购890,8.1,0.0,0.0,0.0,11,0.6,75.6,1,8.1,0.0,0.0,0.0,0.0,0.0,4
2023-05-09 21:51:22,i2311-C-890,铁矿石2311购890,8.1,0.0,0.0,0.0,11,0.6,75.5,10,8.1,0.0,0.0,0.0,0.0,0.0,4
2023-05-09 21:51:25,i2311-C-890,铁矿石2311购890,8.1,0.0,0.0,0.0,11,0.6,75.4,1,8.1,0.0,0.0,0.0,0.0,0.0,4
2023-05-09 21:51:25,i2311-C-890,铁矿石2311购890,8.1,0.0,0.0,0.0,11,0.6,75.3,10,8.1,0.0,0.0,0.0,0.0,0.0,4
2023-05-09 21:51:29,i2311-C-890,铁矿石2311购890,8.1,0.0,0.0,0.0,11,0.6,75.2,1,8.1,0.0,0.0,0.0,0.0,0.0,4
2023-05-09 21:51:29,i2311-C-890,铁矿石2311购890,8.1,0.0,0.0,0.0,11,0.6,75.1,10,8.1,0.0,0.0,0.0,0.0,0.0,4
2023-05-09 21:51:32,i2311-C-890,铁矿石2311购890,8.1,0.0,0.0,0.0,11,0.6,75.0,1,8.1,0.0,0.0,0.0,0.0,0.0,4
2023-05-09 21:51:32,i2311-C-890,铁矿石2311购890,8.1,0.0,0.0,0.0,11,0.6,74.9,10,8.1,0.0,0.0,0.0,0.0,0.0,4
2023-05-09 21:51:35,i2311-C-890,铁矿石2311购890,8.1,0.0,0.0,0.0,11,0.6,74.8,1,8.1,0.0,0.0,0.0,0.0,0.0,4
2023-05-09 21:51:35,i2311-C-890,铁矿石2311购890,8.1,0.0,0.0,0.0,11,0.6,74.7,10,8.1,0.0,0.0,0.0,0.0,0.0,4
2023-05-09 21:51:38,i2311-C-890,铁矿石2311购890,8.1,0.0,0.0,0.0,11,0.6,74.6,1,8.1,0.0,0.0,0.0,0.0,0.0,4
2023-05-09 21:51:38,i2311-C-890,铁矿石2311购890,8.1,0.0,0.0,0.0,11,0.6,74.5,10,8.1,0.0,0.0,0.0,0.0,0.0,4
2023-05-09 21:51:41,i2311-C-890,铁矿石2311购890,8.1,0.0,0.0,0.0,11,0.6,74.4,1,8.1,0.0,0.0,0.0,0.0,0.0,4
2023-05-09 21:51:41,i2311-C-890,铁矿石2311购890,8.1,0.0,0.0,0.0,11,0.6,74.3,10,8.1,0.0,0.0,0.0,0.0,0.0,4
2023-05-09 22:50:23,i2311-C-890,铁矿石2311购890,8.1,0.0,0.0,0.0,10,0.6,74.3,10,8.1,0.0,0.0,0.0,0.0,0.0,4
2023-05-09 22:57:32,i2311-C-890,铁矿石2311购890,8.1,0.0,0.0,0.0,1,0.5,0.0,0,8.1,0.0,0.0,0.0,0.0,0.0,4
2023-05-09 22:59:11,i2311-C-890,铁矿石2311购890,8.1,0.0,0.0,0.0,10,0.6,0.0,0,8.1,0.0,0.0,0.0,0.0,0.0,4
2023-05-09 22:59:55,i2311-C-890,铁矿石2311购890,8.1,0.0,0.0,0.0,1,0.5,0.0,0,8.1,0.0,0.0,0.0,0.0,0.0,4
2023-05-10 09:00:10,i2311-C-890,铁矿石2311购890,8.1,0.0,0.0,0.0,10,0.6,0.0,0,8.1,0.0,0.0,0.0,0.0,0.0,4
2023-05-10 09:35:11,i2311-C-890,铁矿石2311购890,8.1,0.0,0.0,0.0,11,0.6,0.0,0,8.1,0.0,0.0,0.0,0.0,0.0,4
2023-05-10 09:37:30,i2311-C-890,铁矿石2311购890,8.1,0.0,0.0,0.0,1,0.8,0.0,0,8.1,0.0,0.0,0.0,0.0,0.0,4
2023-05-10 09:37:30,i2311-C-890,铁矿石2311购890,8.1,0.0,0.0,0.0,10,0.9,0.0,0,8.1,0.0,0.0,0.0,0.0,0.0,4
2023-05-10 09:50:01,i2311-C-890,铁矿石2311购890,8.1,0.0,0.0,0.0,10,0.9,84.0,1,8.1,0.0,0.0,0.0,0.0,0.0,4
2023-05-10 09:50:01,i2311-C-890,铁矿石2311购890,8.1,0.0,0.0,0.0,10,0.9,83.9,10,8.1,0.0,0.0,0.0,0.0,0.0,4
2023-05-10 09:50:03,i2311-C-890,铁矿石2311购890,8.1,0.0,0.0,0.0,10,0.9,83.8,1,8.1,0.0,0.0,0.0,0.0,0.0,4
2023-05-10 09:50:03,i2311-C-890,铁矿石2311购890,8.1,0.0,0.0,0.0,10,0.9,83.7,10,8.1,0.0,0.0,0.0,0.0,0.0,4
2023-05-10 09:50:04,i2311-C-890,铁矿石2311购890,8.1,0.0,0.0,0.0,10,0.9,83.6,1,8.1,0.0,0.0,0.0,0.0,0.0,4
2023-05-10 09:50:04,i2311-C-890,铁矿石2311购890,8.1,0.0,0.0,0.0,10,0.9,83.5,10,8.1,0.0,0.0,0.0,0.0,0.0,4
2023-05-10 09:50:05,i2311-C-890,铁矿石2311购890,8.1,0.0,0.0,0.0,10,0.9,83.4,1,8.1,0.0,0.0,0.0,0.0,0.0,4
2023-05-10 09:50:06,i2311-C-890,铁矿石2311购890,8.1,0.0,0.0,0.0,10,0.9,83.3,10,8.1,0.0,0.0,0.0,0.0,0.0,4
2023-05-10 09:50:07,i2311-C-890,铁矿石2311购890,8.1,0.0,0.0,0.0,10,0.9,83.2,1,8.1,0.0,0.0,0.0,0.0,0.0,4
2023-05-10 09:50:07,i2311-C-890,铁矿石2311购890,8.1,0.0,0.0,0.0,10,0.9,83.1,10,8.1,0.0,0.0,0.0,0.0,0.0,4
2023-05-10 09:50:08,i2311-C-890,铁矿石2311购890,8.1,0.0,0.0,0.0,10,0.9,83.0,1,8.1,0.0,0.0,0.0,0.0,0.0,4
2023-05-10 09:50:08,i2311-C-890,铁矿石2311购890,8.1,0.0,0.0,0.0,10,0.9,82.9,10,8.1,0.0,0.0,0.0,0.0,0.0,4
2023-05-10 09:50:09,i2311-C-890,铁矿石2311购890,8.1,0.0,0.0,0.0,10,0.9,82.8,1,8.1,0.0,0.0,0.0,0.0,0.0,4
2023-05-10 09:50:10,i2311-C-890,铁矿石2311购890,8.1,0.0,0.0,0.0,10,0.9,82.7,10,8.1,0.0,0.0,0.0,0.0,0.0,4
2023-05-10 09:50:12,i2311-C-890,铁矿石2311购890,8.1,0.0,0.0,0.0,10,0.9,82.6,1,8.1,0.0,0.0,0.0,0.0,0.0,4
2023-05-10 09:50:12,i2311-C-890,铁矿石2311购890,8.1,0.0,0.0,0.0,10,0.9,82.5,10,8.1,0.0,0.0,0.0,0.0,0.0,4
2023-05-10 09:50:14,i2311-C-890,铁矿石2311购890,8.1,0.0,0.0,0.0,10,0.9,82.4,1,8.1,0.0,0.0,0.0,0.0,0.0,4
2023-05-10 09:50:14,i2311-C-890,铁矿石2311购890,8.1,0.0,0.0,0.0,10,0.9,82.3,10,8.1,0.0,0.0,0.0,0.0,0.0,4
2023-05-10 09:50:16,i2311-C-890,铁矿石2311购890,8.1,0.0,0.0,0.0,10,0.9,82.2,1,8.1,0.0,0.0,0.0,0.0,0.0,4
2023-05-10 09:50:16,i2311-C-890,铁矿石2311购890,8.1,0.0,0.0,0.0,10,0.9,82.1,10,8.1,0.0,0.0,0.0,0.0,0.0,4
2023-05-10 09:50:18,i2311-C-890,铁矿石2311购890,8.1,0.0,0.0,0.0,10,0.9,82.0,1,8.1,0.0,0.0,0.0,0.0,0.0,4
2023-05-10 09:50:18,i2311-C-890,铁矿石2311购890,8.1,0.0,0.0,0.0,10,0.9,81.9,10,8.1,0.0,0.0,0.0,0.0,0.0,4
2023-05-10 09:50:20,i2311-C-890,铁矿石2311购890,8.1,0.0,0.0,0.0,10,0.9,81.8,1,8.1,0.0,0.0,0.0,0.0,0.0,4
2023-05-10 09:50:20,i2311-C-890,铁矿石2311购890,8.1,0.0,0.0,0.0,10,0.9,81.7,10,8.1,0.0,0.0,0.0,0.0,0.0,4
2023-05-10 09:50:21,i2311-C-890,铁矿石2311购890,8.1,0.0,0.0,0.0,10,0.9,81.6,1,8.1,0.0,0.0,0.0,0.0,0.0,4
2023-05-10 09:50:21,i2311-C-890,铁矿石2311购890,8.1,0.0,0.0,0.0,10,0.9,81.5,10,8.1,0.0,0.0,0.0,0.0,0.0,4
2023-05-10 09:50:23,i2311-C-890,铁矿石2311购890,8.1,0.0,0.0,0.0,10,0.9,81.4,1,8.1,0.0,0.0,0.0,0.0,0.0,4
2023-05-10 09:50:23,i2311-C-890,铁矿石2311购890,8.1,0.0,0.0,0.0,10,0.9,81.3,10,8.1,0.0,0.0,0.0,0.0,0.0,4
2023-05-10 09:50:24,i2311-C-890,铁矿石2311购890,8.1,0.0,0.0,0.0,10,0.9,81.2,1,8.1,0.0,0.0,0.0,0.0,0.0,4
2023-05-10 09:50:24,i2311-C-890,铁矿石2311购890,8.1,0.0,0.0,0.0,10,0.9,81.1,10,8.1,0.0,0.0,0.0,0.0,0.0,4
2023-05-10 09:50:25,i2311-C-890,铁矿石2311购890,8.1,0.0,0.0,0.0,10,0.9,81.0,1,8.1,0.0,0.0,0.0,0.0,0.0,4
2023-05-10 09:50:25,i2311-C-890,铁矿石2311购890,8.1,0.0,0.0,0.0,10,0.9,80.9,10,8.1,0.0,0.0,0.0,0.0,0.0,4
2023-05-10 09:50:26,i2311-C-890,铁矿石2311购890,8.1,0.0,0.0,0.0,10,0.9,80.8,1,8.1,0.0,0.0,0.0,0.0,0.0,4
2023-05-10 09:50:27,i2311-C-890,铁矿石2311购890,8.1,0.0,0.0,0.0,10,0.9,80.7,10,8.1,0.0,0.0,0.0,0.0,0.0,4
2023-05-10 09:50:27,i2311-C-890,铁矿石2311购890,8.1,0.0,0.0,0.0,10,0.9,80.6,1,8.1,0.0,0.0,0.0,0.0,0.0,4
2023-05-10 09:50:28,i2311-C-890,铁矿石2311购890,8.1,0.0,0.0,0.0,10,0.9,80.5,10,8.1,0.0,0.0,0.0,0.0,0.0,4
2023-05-10 09:50:29,i2311-C-890,铁矿石2311购890,8.1,0.0,0.0,0.0,10,0.9,80.4,1,8.1,0.0,0.0,0.0,0.0,0.0,4
2023-05-10 09:50:29,i2311-C-890,铁矿石2311购890,8.1,0.0,0.0,0.0,10,0.9,80.3,10,8.1,0.0,0.0,0.0,0.0,0.0,4
2023-05-10 09:50:30,i2311-C-890,铁矿石2311购890,8.1,0.0,0.0,0.0,10,0.9,80.2,1,8.1,0.0,0.0,0.0,0.0,0.0,4
2023-05-10 09:50:30,i2311-C-890,铁矿石2311购890,8.1,0.0,0.0,0.0,10,0.9,80.1,10,8.1,0.0,0.0,0.0,0.0,0.0,4
2023-05-10 09:50:31,i2311-C-890,铁矿石2311购890,8.1,0.0,0.0,0.0,10,0.9,80.0,1,8.1,0.0,0.0,0.0,0.0,0.0,4
2023-05-10 09:50:31,i2311-C-890,铁矿石2311购890,8.1,0.0,0.0,0.0,10,0.9,79.9,10,8.1,0.0,0.0,0.0,0.0,0.0,4
2023-05-10 09:50:33,i2311-C-890,铁矿石2311购890,8.1,0.0,0.0,0.0,10,0.9,79.8,1,8.1,0.0,0.0,0.0,0.0,0.0,4
2023-05-10 09:50:33,i2311-C-890,铁矿石2311购890,8.1,0.0,0.0,0.0,10,0.9,79.7,10,8.1,0.0,0.0,0.0,0.0,0.0,4
2023-05-10 09:50:34,i2311-C-890,铁矿石2311购890,8.1,0.0,0.0,0.0,10,0.9,79.6,1,8.1,0.0,0.0,0.0,0.0,0.0,4
2023-05-10 09:50:34,i2311-C-890,铁矿石2311购890,8.1,0.0,0.0,0.0,10,0.9,79.5,10,8.1,0.0,0.0,0.0,0.0,0.0,4
2023-05-10 09:50:35,i2311-C-890,铁矿石2311购890,8.1,0.0,0.0,0.0,10,0.9,79.4,1,8.1,0.0,0.0,0.0,0.0,0.0,4
2023-05-10 09:50:36,i2311-C-890,铁矿石2311购890,8.1,0.0,0.0,0.0,10,0.9,79.3,10,8.1,0.0,0.0,0.0,0.0,0.0,4
2023-05-10 09:50:37,i2311-C-890,铁矿石2311购890,8.1,0.0,0.0,0.0,10,0.9,79.1,10,8.1,0.0,0.0,0.0,0.0,0.0,4
2023-05-10 09:50:38,i2311-C-890,铁矿石2311购890,8.1,0.0,0.0,0.0,10,0.9,79.0,1,8.1,0.0,0.0,0.0,0.0,0.0,4
2023-05-10 09:50:38,i2311-C-890,铁矿石2311购890,8.1,0.0,0.0,0.0,10,0.9,78.9,10,8.1,0.0,0.0,0.0,0.0,0.0,4
2023-05-10 09:50:39,i2311-C-890,铁矿石2311购890,8.1,0.0,0.0,0.0,10,0.9,78.8,1,8.1,0.0,0.0,0.0,0.0,0.0,4
2023-05-10 09:50:39,i2311-C-890,铁矿石2311购890,8.1,0.0,0.0,0.0,10,0.9,78.7,10,8.1,0.0,0.0,0.0,0.0,0.0,4
2023-05-10 09:50:40,i2311-C-890,铁矿石2311购890,8.1,0.0,0.0,0.0,10,0.9,78.6,1,8.1,0.0,0.0,0.0,0.0,0.0,4
2023-05-10 09:50:41,i2311-C-890,铁矿石2311购890,8.1,0.0,0.0,0.0,10,0.9,78.5,10,8.1,0.0,0.0,0.0,0.0,0.0,4
2023-05-10 09:50:42,i2311-C-890,铁矿石2311购890,8.1,0.0,0.0,0.0,10,0.9,78.4,1,8.1,0.0,0.0,0.0,0.0,0.0,4
2023-05-10 09:50:42,i2311-C-890,铁矿石2311购890,8.1,0.0,0.0,0.0,10,0.9,78.3,10,8.1,0.0,0.0,0.0,0.0,0.0,4
2023-05-10 09:50:43,i2311-C-890,铁矿石2311购890,8.1,0.0,0.0,0.0,10,0.9,78.2,1,8.1,0.0,0.0,0.0,0.0,0.0,4
2023-05-10 09:50:43,i2311-C-890,铁矿石2311购890,8.1,0.0,0.0,0.0,10,0.9,78.1,10,8.1,0.0,0.0,0.0,0.0,0.0,4
2023-05-10 09:50:44,i2311-C-890,铁矿石2311购890,8.1,0.0,0.0,0.0,10,0.9,78.0,1,8.1,0.0,0.0,0.0,0.0,0.0,4
2023-05-10 09:50:45,i2311-C-890,铁矿石2311购890,8.1,0.0,0.0,0.0,10,0.9,77.9,10,8.1,0.0,0.0,0.0,0.0,0.0,4
2023-05-10 09:50:46,i2311-C-890,铁矿石2311购890,8.1,0.0,0.0,0.0,10,0.9,77.8,1,8.1,0.0,0.0,0.0,0.0,0.0,4
2023-05-10 09:50:46,i2311-C-890,铁矿石2311购890,8.1,0.0,0.0,0.0,10,0.9,77.7,10,8.1,0.0,0.0,0.0,0.0,0.0,4
2023-05-10 09:50:47,i2311-C-890,铁矿石2311购890,8.1,0.0,0.0,0.0,10,0.9,77.6,1,8.1,0.0,0.0,0.0,0.0,0.0,4
2023-05-10 09:50:47,i2311-C-890,铁矿石2311购890,8.1,0.0,0.0,0.0,10,0.9,77.5,10,8.1,0.0,0.0,0.0,0.0,0.0,4
2023-05-10 09:50:49,i2311-C-890,铁矿石2311购890,8.1,0.0,0.0,0.0,10,0.9,77.4,1,8.1,0.0,0.0,0.0,0.0,0.0,4
2023-05-10 09:50:49,i2311-C-890,铁矿石2311购890,8.1,0.0,0.0,0.0,10,0.9,77.3,10,8.1,0.0,0.0,0.0,0.0,0.0,4
2023-05-10 09:50:50,i2311-C-890,铁矿石2311购890,8.1,0.0,0.0,0.0,10,0.9,77.2,1,8.1,0.0,0.0,0.0,0.0,0.0,4
2023-05-10 09:50:50,i2311-C-890,铁矿石2311购890,8.1,0.0,0.0,0.0,10,0.9,77.1,10,8.1,0.0,0.0,0.0,0.0,0.0,4
2023-05-10 09:50:51,i2311-C-890,铁矿石2311购890,8.1,0.0,0.0,0.0,10,0.9,77.0,1,8.1,0.0,0.0,0.0,0.0,0.0,4
2023-05-10 09:50:51,i2311-C-890,铁矿石2311购890,8.1,0.0,0.0,0.0,10,0.9,76.9,10,8.1,0.0,0.0,0.0,0.0,0.0,4
2023-05-10 09:50:53,i2311-C-890,铁矿石2311购890,8.1,0.0,0.0,0.0,10,0.9,76.8,1,8.1,0.0,0.0,0.0,0.0,0.0,4
2023-05-10 09:50:53,i2311-C-890,铁矿石2311购890,8.1,0.0,0.0,0.0,10,0.9,76.7,10,8.1,0.0,0.0,0.0,0.0,0.0,4
2023-05-10 09:50:54,i2311-C-890,铁矿石2311购890,8.1,0.0,0.0,0.0,10,0.9,76.6,1,8.1,0.0,0.0,0.0,0.0,0.0,4
2023-05-10 09:50:54,i2311-C-890,铁矿石2311购890,8.1,0.0,0.0,0.0,10,0.9,76.5,10,8.1,0.0,0.0,0.0,0.0,0.0,4
2023-05-10 09:50:55,i2311-C-890,铁矿石2311购890,8.1,0.0,0.0,0.0,10,0.9,76.4,1,8.1,0.0,0.0,0.0,0.0,0.0,4
2023-05-10 09:50:55,i2311-C-890,铁矿石2311购890,8.1,0.0,0.0,0.0,10,0.9,76.3,10,8.1,0.0,0.0,0.0,0.0,0.0,4
2023-05-10 09:50:57,i2311-C-890,铁矿石2311购890,8.1,0.0,0.0,0.0,10,0.9,76.2,1,8.1,0.0,0.0,0.0,0.0,0.0,4
2023-05-10 09:50:57,i2311-C-890,铁矿石2311购890,8.1,0.0,0.0,0.0,10,0.9,76.1,10,8.1,0.0,0.0,0.0,0.0,0.0,4
2023-05-10 09:50:58,i2311-C-890,铁矿石2311购890,8.1,0.0,0.0,0.0,10,0.9,76.0,1,8.1,0.0,0.0,0.0,0.0,0.0,4
2023-05-10 09:50:58,i2311-C-890,铁矿石2311购890,8.1,0.0,0.0,0.0,10,0.9,75.9,10,8.1,0.0,0.0,0.0,0.0,0.0,4
2023-05-10 09:50:59,i2311-C-890,铁矿石2311购890,8.1,0.0,0.0,0.0,10,0.9,75.8,1,8.1,0.0,0.0,0.0,0.0,0.0,4
2023-05-10 09:51:00,i2311-C-890,铁矿石2311购890,8.1,0.0,0.0,0.0,10,0.9,75.7,10,8.1,0.0,0.0,0.0,0.0,0.0,4
2023-05-10 09:51:01,i2311-C-890,铁矿石2311购890,8.1,0.0,0.0,0.0,10,0.9,75.6,1,8.1,0.0,0.0,0.0,0.0,0.0,4
2023-05-10 09:51:01,i2311-C-890,铁矿石2311购890,8.1,0.0,0.0,0.0,10,0.9,75.5,10,8.1,0.0,0.0,0.0,0.0,0.0,4
2023-05-10 09:51:02,i2311-C-890,铁矿石2311购890,8.1,0.0,0.0,0.0,10,0.9,75.4,1,8.1,0.0,0.0,0.0,0.0,0.0,4
2023-05-10 09:51:02,i2311-C-890,铁矿石2311购890,8.1,0.0,0.0,0.0,10,0.9,75.3,10,8.1,0.0,0.0,0.0,0.0,0.0,4
2023-05-10 09:51:03,i2311-C-890,铁矿石2311购890,8.1,0.0,0.0,0.0,10,0.9,75.2,1,8.1,0.0,0.0,0.0,0.0,0.0,4
2023-05-10 09:51:04,i2311-C-890,铁矿石2311购890,8.1,0.0,0.0,0.0,10,0.9,75.1,10,8.1,0.0,0.0,0.0,0.0,0.0,4
2023-05-10 09:51:05,i2311-C-890,铁矿石2311购890,8.1,0.0,0.0,0.0,10,0.9,75.0,1,8.1,0.0,0.0,0.0,0.0,0.0,4
2023-05-10 09:51:05,i2311-C-890,铁矿石2311购890,8.1,0.0,0.0,0.0,10,0.9,74.9,10,8.1,0.0,0.0,0.0,0.0,0.0,4
2023-05-10 09:51:06,i2311-C-890,铁矿石2311购890,8.1,0.0,0.0,0.0,10,0.9,74.8,1,8.1,0.0,0.0,0.0,0.0,0.0,4
2023-05-10 09:51:06,i2311-C-890,铁矿石2311购890,8.1,0.0,0.0,0.0,10,0.9,74.7,10,8.1,0.0,0.0,0.0,0.0,0.0,4
2023-05-10 09:51:07,i2311-C-890,铁矿石2311购890,8.1,0.0,0.0,0.0,10,0.9,74.6,1,8.1,0.0,0.0,0.0,0.0,0.0,4
2023-05-10 09:51:08,i2311-C-890,铁矿石2311购890,8.1,0.0,0.0,0.0,10,0.9,74.5,10,8.1,0.0,0.0,0.0,0.0,0.0,4
2023-05-10 09:51:09,i2311-C-890,铁矿石2311购890,8.1,0.0,0.0,0.0,10,0.9,74.4,1,8.1,0.0,0.0,0.0,0.0,0.0,4
2023-05-10 09:51:09,i2311-C-890,铁矿石2311购890,8.1,0.0,0.0,0.0,10,0.9,74.3,10,8.1,0.0,0.0,0.0,0.0,0.0,4
2023-05-10 10:14:32,i2311-C-890,铁矿石2311购890,8.1,0.0,0.0,0.0,1,0.8,0.0,0,8.1,0.0,0.0,0.0,0.0,0.0,4
2023-05-10 10:30:05,i2311-C-890,铁矿石2311购890,8.1,0.0,0.0,0.0,10,0.9,0.0,0,8.1,0.0,0.0,0.0,0.0,0.0,4
2023-05-10 11:20:02,i2311-C-890,铁矿石2311购890,8.1,0.0,0.0,0.0,10,0.9,84.0,1,8.1,0.0,0.0,0.0,0.0,0.0,4
2023-05-10 11:20:02,i2311-C-890,铁矿石2311购890,8.1,0.0,0.0,0.0,10,0.9,83.9,10,8.1,0.0,0.0,0.0,0.0,0.0,4
2023-05-10 11:20:03,i2311-C-890,铁矿石2311购890,8.1,0.0,0.0,0.0,10,0.9,83.8,1,8.1,0.0,0.0,0.0,0.0,0.0,4
2023-05-10 11:20:03,i2311-C-890,铁矿石2311购890,8.1,0.0,0.0,0.0,10,0.9,83.7,10,8.1,0.0,0.0,0.0,0.0,0.0,4
2023-05-10 11:20:05,i2311-C-890,铁矿石2311购890,8.1,0.0,0.0,0.0,10,0.9,83.6,1,8.1,0.0,0.0,0.0,0.0,0.0,4
2023-05-10 11:20:05,i2311-C-890,铁矿石2311购890,8.1,0.0,0.0,0.0,10,0.9,83.5,10,8.1,0.0,0.0,0.0,0.0,0.0,4
2023-05-10 11:20:06,i2311-C-890,铁矿石2311购890,8.1,0.0,0.0,0.0,10,0.9,83.4,1,8.1,0.0,0.0,0.0,0.0,0.0,4
2023-05-10 11:20:06,i2311-C-890,铁矿石2311购890,8.1,0.0,0.0,0.0,10,0.9,83.3,10,8.1,0.0,0.0,0.0,0.0,0.0,4
2023-05-10 11:20:07,i2311-C-890,铁矿石2311购890,8.1,0.0,0.0,0.0,10,0.9,83.2,1,8.1,0.0,0.0,0.0,0.0,0.0,4
2023-05-10 11:20:08,i2311-C-890,铁矿石2311购890,8.1,0.0,0.0,0.0,10,0.9,83.1,10,8.1,0.0,0.0,0.0,0.0,0.0,4
2023-05-10 11:20:09,i2311-C-890,铁矿石2311购890,8.1,0.0,0.0,0.0,10,0.9,83.0,1,8.1,0.0,0.0,0.0,0.0,0.0,4
2023-05-10 11:20:09,i2311-C-890,铁矿石2311购890,8.1,0.0,0.0,0.0,10,0.9,82.9,10,8.1,0.0,0.0,0.0,0.0,0.0,4
2023-05-10 11:20:10,i2311-C-890,铁矿石2311购890,8.1,0.0,0.0,0.0,10,0.9,82.8,1,8.1,0.0,0.0,0.0,0.0,0.0,4
2023-05-10 11:20:10,i2311-C-890,铁矿石2311购890,8.1,0.0,0.0,0.0,10,0.9,82.7,10,8.1,0.0,0.0,0.0,0.0,0.0,4
2023-05-10 11:20:11,i2311-C-890,铁矿石2311购890,8.1,0.0,0.0,0.0,10,0.9,82.6,1,8.1,0.0,0.0,0.0,0.0,0.0,4
2023-05-10 11:20:12,i2311-C-890,铁矿石2311购890,8.1,0.0,0.0,0.0,10,0.9,82.5,10,8.1,0.0,0.0,0.0,0.0,0.0,4
2023-05-10 11:20:13,i2311-C-890,铁矿石2311购890,8.1,0.0,0.0,0.0,10,0.9,82.4,1,8.1,0.0,0.0,0.0,0.0,0.0,4
2023-05-10 11:20:13,i2311-C-890,铁矿石2311购890,8.1,0.0,0.0,0.0,10,0.9,82.3,10,8.1,0.0,0.0,0.0,0.0,0.0,4
2023-05-10 11:20:16,i2311-C-890,铁矿石2311购890,8.1,0.0,0.0,0.0,10,0.9,82.2,1,8.1,0.0,0.0,0.0,0.0,0.0,4
2023-05-10 11:20:16,i2311-C-890,铁矿石2311购890,8.1,0.0,0.0,0.0,10,0.9,82.1,10,8.1,0.0,0.0,0.0,0.0,0.0,4
2023-05-10 11:20:18,i2311-C-890,铁矿石2311购890,8.1,0.0,0.0,0.0,10,0.9,82.0,1,8.1,0.0,0.0,0.0,0.0,0.0,4
2023-05-10 11:20:19,i2311-C-890,铁矿石2311购890,8.1,0.0,0.0,0.0,10,0.9,81.9,10,8.1,0.0,0.0,0.0,0.0,0.0,4
2023-05-10 11:20:20,i2311-C-890,铁矿石2311购890,8.1,0.0,0.0,0.0,10,0.9,81.8,1,8.1,0.0,0.0,0.0,0.0,0.0,4
2023-05-10 11:20:20,i2311-C-890,铁矿石2311购890,8.1,0.0,0.0,0.0,10,0.9,81.7,10,8.1,0.0,0.0,0.0,0.0,0.0,4
2023-05-10 11:20:21,i2311-C-890,铁矿石2311购890,8.1,0.0,0.0,0.0,10,0.9,81.6,1,8.1,0.0,0.0,0.0,0.0,0.0,4
2023-05-10 11:20:21,i2311-C-890,铁矿石2311购890,8.1,0.0,0.0,0.0,10,0.9,81.5,10,8.1,0.0,0.0,0.0,0.0,0.0,4
2023-05-10 11:20:23,i2311-C-890,铁矿石2311购890,8.1,0.0,0.0,0.0,10,0.9,81.4,1,8.1,0.0,0.0,0.0,0.0,0.0,4
2023-05-10 11:20:23,i2311-C-890,铁矿石2311购890,8.1,0.0,0.0,0.0,10,0.9,81.3,10,8.1,0.0,0.0,0.0,0.0,0.0,4
2023-05-10 11:20:24,i2311-C-890,铁矿石2311购890,8.1,0.0,0.0,0.0,10,0.9,81.2,1,8.1,0.0,0.0,0.0,0.0,0.0,4
2023-05-10 11:20:24,i2311-C-890,铁矿石2311购890,8.1,0.0,0.0,0.0,10,0.9,81.1,10,8.1,0.0,0.0,0.0,0.0,0.0,4
2023-05-10 11:20:26,i2311-C-890,铁矿石2311购890,8.1,0.0,0.0,0.0,10,0.9,81.0,1,8.1,0.0,0.0,0.0,0.0,0.0,4
2023-05-10 11:20:26,i2311-C-890,铁矿石2311购890,8.1,0.0,0.0,0.0,10,0.9,80.9,10,8.1,0.0,0.0,0.0,0.0,0.0,4
2023-05-10 11:20:27,i2311-C-890,铁矿石2311购890,8.1,0.0,0.0,0.0,10,0.9,80.8,1,8.1,0.0,0.0,0.0,0.0,0.0,4
2023-05-10 11:20:27,i2311-C-890,铁矿石2311购890,8.1,0.0,0.0,0.0,10,0.9,80.7,10,8.1,0.0,0.0,0.0,0.0,0.0,4
2023-05-10 11:20:28,i2311-C-890,铁矿石2311购890,8.1,0.0,0.0,0.0,10,0.9,80.6,1,8.1,0.0,0.0,0.0,0.0,0.0,4
2023-05-10 11:20:28,i2311-C-890,铁矿石2311购890,8.1,0.0,0.0,0.0,10,0.9,80.5,10,8.1,0.0,0.0,0.0,0.0,0.0,4
2023-05-10 11:20:30,i2311-C-890,铁矿石2311购890,8.1,0.0,0.0,0.0,10,0.9,80.4,1,8.1,0.0,0.0,0.0,0.0,0.0,4
2023-05-10 11:20:30,i2311-C-890,铁矿石2311购890,8.1,0.0,0.0,0.0,10,0.9,80.3,10,8.1,0.0,0.0,0.0,0.0,0.0,4
2023-05-10 11:20:31,i2311-C-890,铁矿石2311购890,8.1,0.0,0.0,0.0,10,0.9,80.2,1,8.1,0.0,0.0,0.0,0.0,0.0,4
2023-05-10 11:20:31,i2311-C-890,铁矿石2311购890,8.1,0.0,0.0,0.0,10,0.9,80.1,10,8.1,0.0,0.0,0.0,0.0,0.0,4
2023-05-10 11:20:32,i2311-C-890,铁矿石2311购890,8.1,0.0,0.0,0.0,10,0.9,80.0,1,8.1,0.0,0.0,0.0,0.0,0.0,4
2023-05-10 11:20:32,i2311-C-890,铁矿石2311购890,8.1,0.0,0.0,0.0,10,0.9,79.9,10,8.1,0.0,0.0,0.0,0.0,0.0,4
2023-05-10 11:20:34,i2311-C-890,铁矿石2311购890,8.1,0.0,0.0,0.0,10,0.9,79.8,1,8.1,0.0,0.0,0.0,0.0,0.0,4
2023-05-10 11:20:34,i2311-C-890,铁矿石2311购890,8.1,0.0,0.0,0.0,10,0.9,79.7,10,8.1,0.0,0.0,0.0,0.0,0.0,4
2023-05-10 11:20:35,i2311-C-890,铁矿石2311购890,8.1,0.0,0.0,0.0,10,0.9,79.6,1,8.1,0.0,0.0,0.0,0.0,0.0,4
2023-05-10 11:20:35,i2311-C-890,铁矿石2311购890,8.1,0.0,0.0,0.0,10,0.9,79.5,10,8.1,0.0,0.0,0.0,0.0,0.0,4
2023-05-10 11:20:36,i2311-C-890,铁矿石2311购890,8.1,0.0,0.0,0.0,10,0.9,79.4,1,8.1,0.0,0.0,0.0,0.0,0.0,4
2023-05-10 11:20:37,i2311-C-890,铁矿石2311购890,8.1,0.0,0.0,0.0,10,0.9,79.3,10,8.1,0.0,0.0,0.0,0.0,0.0,4
2023-05-10 11:20:38,i2311-C-890,铁矿石2311购890,8.1,0.0,0.0,0.0,10,0.9,79.2,1,8.1,0.0,0.0,0.0,0.0,0.0,4
2023-05-10 11:20:38,i2311-C-890,铁矿石2311购890,8.1,0.0,0.0,0.0,10,0.9,79.1,10,8.1,0.0,0.0,0.0,0.0,0.0,4
2023-05-10 11:20:39,i2311-C-890,铁矿石2311购890,8.1,0.0,0.0,0.0,10,0.9,79.0,1,8.1,0.0,0.0,0.0,0.0,0.0,4
2023-05-10 11:20:39,i2311-C-890,铁矿石2311购890,8.1,0.0,0.0,0.0,10,0.9,78.9,10,8.1,0.0,0.0,0.0,0.0,0.0,4
2023-05-10 11:20:41,i2311-C-890,铁矿石2311购890,8.1,0.0,0.0,0.0,10,0.9,78.8,1,8.1,0.0,0.0,0.0,0.0,0.0,4
2023-05-10 11:20:41,i2311-C-890,铁矿石2311购890,8.1,0.0,0.0,0.0,10,0.9,78.7,10,8.1,0.0,0.0,0.0,0.0,0.0,4
2023-05-10 11:20:43,i2311-C-890,铁矿石2311购890,8.1,0.0,0.0,0.0,10,0.9,78.6,1,8.1,0.0,0.0,0.0,0.0,0.0,4
2023-05-10 11:20:43,i2311-C-890,铁矿石2311购890,8.1,0.0,0.0,0.0,10,0.9,78.5,10,8.1,0.0,0.0,0.0,0.0,0.0,4
2023-05-10 11:20:44,i2311-C-890,铁矿石2311购890,8.1,0.0,0.0,0.0,10,0.9,78.4,1,8.1,0.0,0.0,0.0,0.0,0.0,4
2023-05-10 11:20:44,i2311-C-890,铁矿石2311购890,8.1,0.0,0.0,0.0,10,0.9,78.3,10,8.1,0.0,0.0,0.0,0.0,0.0,4
2023-05-10 11:20:46,i2311-C-890,铁矿石2311购890,8.1,0.0,0.0,0.0,10,0.9,78.2,1,8.1,0.0,0.0,0.0,0.0,0.0,4
2023-05-10 11:20:46,i2311-C-890,铁矿石2311购890,8.1,0.0,0.0,0.0,10,0.9,78.1,10,8.1,0.0,0.0,0.0,0.0,0.0,4
2023-05-10 11:20:47,i2311-C-890,铁矿石2311购890,8.1,0.0,0.0,0.0,10,0.9,78.0,1,8.1,0.0,0.0,0.0,0.0,0.0,4
2023-05-10 11:20:48,i2311-C-890,铁矿石2311购890,8.1,0.0,0.0,0.0,10,0.9,77.9,10,8.1,0.0,0.0,0.0,0.0,0.0,4
2023-05-10 11:20:49,i2311-C-890,铁矿石2311购890,8.1,0.0,0.0,0.0,10,0.9,77.8,1,8.1,0.0,0.0,0.0,0.0,0.0,4
2023-05-10 11:20:50,i2311-C-890,铁矿石2311购890,8.1,0.0,0.0,0.0,10,0.9,77.7,10,8.1,0.0,0.0,0.0,0.0,0.0,4
2023-05-10 11:20:51,i2311-C-890,铁矿石2311购890,8.1,0.0,0.0,0.0,10,0.9,77.6,1,8.1,0.0,0.0,0.0,0.0,0.0,4
2023-05-10 11:20:51,i2311-C-890,铁矿石2311购890,8.1,0.0,0.0,0.0,10,0.9,77.5,10,8.1,0.0,0.0,0.0,0.0,0.0,4
2023-05-10 11:20:54,i2311-C-890,铁矿石2311购890,8.1,0.0,0.0,0.0,10,0.9,77.4,1,8.1,0.0,0.0,0.0,0.0,0.0,4
2023-05-10 11:20:54,i2311-C-890,铁矿石2311购890,8.1,0.0,0.0,0.0,10,0.9,77.3,10,8.1,0.0,0.0,0.0,0.0,0.0,4
2023-05-10 11:20:56,i2311-C-890,铁矿石2311购890,8.1,0.0,0.0,0.0,10,0.9,77.2,1,8.1,0.0,0.0,0.0,0.0,0.0,4
2023-05-10 11:20:56,i2311-C-890,铁矿石2311购890,8.1,0.0,0.0,0.0,10,0.9,77.1,10,8.1,0.0,0.0,0.0,0.0,0.0,4
2023-05-10 11:20:57,i2311-C-890,铁矿石2311购890,8.1,0.0,0.0,0.0,10,0.9,77.0,1,8.1,0.0,0.0,0.0,0.0,0.0,4
2023-05-10 11:20:57,i2311-C-890,铁矿石2311购890,8.1,0.0,0.0,0.0,10,0.9,76.9,10,8.1,0.0,0.0,0.0,0.0,0.0,4
2023-05-10 11:20:59,i2311-C-890,铁矿石2311购890,8.1,0.0,0.0,0.0,10,0.9,76.8,1,8.1,0.0,0.0,0.0,0.0,0.0,4
2023-05-10 11:21:00,i2311-C-890,铁矿石2311购890,8.1,0.0,0.0,0.0,10,0.9,76.7,10,8.1,0.0,0.0,0.0,0.0,0.0,4
2023-05-10 11:21:01,i2311-C-890,铁矿石2311购890,8.1,0.0,0.0,0.0,10,0.9,76.6,1,8.1,0.0,0.0,0.0,0.0,0.0,4
2023-05-10 11:21:01,i2311-C-890,铁矿石2311购890,8.1,0.0,0.0,0.0,10,0.9,76.5,10,8.1,0.0,0.0,0.0,0.0,0.0,4
2023-05-10 11:21:03,i2311-C-890,铁矿石2311购890,8.1,0.0,0.0,0.0,10,0.9,76.4,1,8.1,0.0,0.0,0.0,0.0,0.0,4
2023-05-10 11:21:03,i2311-C-890,铁矿石2311购890,8.1,0.0,0.0,0.0,10,0.9,76.3,10,8.1,0.0,0.0,0.0,0.0,0.0,4
2023-05-10 11:21:05,i2311-C-890,铁矿石2311购890,8.1,0.0,0.0,0.0,10,0.9,76.2,1,8.1,0.0,0.0,0.0,0.0,0.0,4
2023-05-10 11:21:05,i2311-C-890,铁矿石2311购890,8.1,0.0,0.0,0.0,10,0.9,76.1,10,8.1,0.0,0.0,0.0,0.0,0.0,4
2023-05-10 11:21:07,i2311-C-890,铁矿石2311购890,8.1,0.0,0.0,0.0,10,0.9,76.0,1,8.1,0.0,0.0,0.0,0.0,0.0,4
2023-05-10 11:21:07,i2311-C-890,铁矿石2311购890,8.1,0.0,0.0,0.0,10,0.9,75.9,10,8.1,0.0,0.0,0.0,0.0,0.0,4
2023-05-10 11:21:09,i2311-C-890,铁矿石2311购890,8.1,0.0,0.0,0.0,10,0.9,75.8,1,8.1,0.0,0.0,0.0,0.0,0.0,4
2023-05-10 11:21:09,i2311-C-890,铁矿石2311购890,8.1,0.0,0.0,0.0,10,0.9,75.7,10,8.1,0.0,0.0,0.0,0.0,0.0,4
2023-05-10 11:21:11,i2311-C-890,铁矿石2311购890,8.1,0.0,0.0,0.0,10,0.9,75.6,1,8.1,0.0,0.0,0.0,0.0,0.0,4
2023-05-10 11:21:11,i2311-C-890,铁矿石2311购890,8.1,0.0,0.0,0.0,10,0.9,75.5,10,8.1,0.0,0.0,0.0,0.0,0.0,4
2023-05-10 11:21:12,i2311-C-890,铁矿石2311购890,8.1,0.0,0.0,0.0,10,0.9,75.4,1,8.1,0.0,0.0,0.0,0.0,0.0,4
2023-05-10 11:21:13,i2311-C-890,铁矿石2311购890,8.1,0.0,0.0,0.0,10,0.9,75.3,10,8.1,0.0,0.0,0.0,0.0,0.0,4
2023-05-10 11:21:15,i2311-C-890,铁矿石2311购890,8.1,0.0,0.0,0.0,10,0.9,75.2,1,8.1,0.0,0.0,0.0,0.0,0.0,4
2023-05-10 11:21:15,i2311-C-890,铁矿石2311购890,8.1,0.0,0.0,0.0,10,0.9,75.1,10,8.1,0.0,0.0,0.0,0.0,0.0,4
2023-05-10 11:21:16,i2311-C-890,铁矿石2311购890,8.1,0.0,0.0,0.0,10,0.9,75.0,1,8.1,0.0,0.0,0.0,0.0,0.0,4
2023-05-10 11:21:16,i2311-C-890,铁矿石2311购890,8.1,0.0,0.0,0.0,10,0.9,74.9,10,8.1,0.0,0.0,0.0,0.0,0.0,4
2023-05-10 11:21:18,i2311-C-890,铁矿石2311购890,8.1,0.0,0.0,0.0,10,0.9,74.8,1,8.1,0.0,0.0,0.0,0.0,0.0,4
2023-05-10 11:21:18,i2311-C-890,铁矿石2311购890,8.1,0.0,0.0,0.0,10,0.9,74.7,10,8.1,0.0,0.0,0.0,0.0,0.0,4
2023-05-10 11:21:19,i2311-C-890,铁矿石2311购890,8.1,0.0,0.0,0.0,10,0.9,74.6,1,8.1,0.0,0.0,0.0,0.0,0.0,4
2023-05-10 11:21:19,i2311-C-890,铁矿石2311购890,8.1,0.0,0.0,0.0,10,0.9,74.5,10,8.1,0.0,0.0,0.0,0.0,0.0,4
2023-05-10 11:21:22,i2311-C-890,铁矿石2311购890,8.1,0.0,0.0,0.0,10,0.9,74.4,1,8.1,0.0,0.0,0.0,0.0,0.0,4
2023-05-10 11:21:22,i2311-C-890,铁矿石2311购890,8.1,0.0,0.0,0.0,10,0.9,74.3,10,8.1,0.0,0.0,0.0,0.0,0.0,4
2023-05-10 11:29:32,i2311-C-890,铁矿石2311购890,8.1,0.0,0.0,0.0,1,0.8,0.0,0,8.1,0.0,0.0,0.0,0.0,0.0,4
2023-05-10 13:30:02,i2311-C-890,铁矿石2311购890,8.1,0.0,0.0,0.0,10,0.9,0.0,0,8.1,0.0,0.0,0.0,0.0,0.0,4
2023-05-10 13:41:16,i2311-C-890,铁矿石2311购890,8.1,0.0,0.0,0.0,1,2.9,6.9,1,8.1,0.0,0.0,0.0,0.0,0.0,4
2023-05-10 13:41:17,i2311-C-890,铁矿石2311购890,8.1,0.0,0.0,0.0,2,2.9,6.9,2,8.1,0.0,0.0,0.0,0.0,0.0,4
2023-05-10 13:41:21,i2311-C-890,铁矿石2311购890,8.1,0.0,0.0,0.0,1,3.4,6.9,2,8.1,0.0,0.0,0.0,0.0,0.0,4
2023-05-10 13:41:22,i2311-C-890,铁矿石2311购890,8.1,0.0,0.0,0.0,1,4.7,6.5,1,8.1,0.0,0.0,0.0,0.0,0.0,4
2023-05-10 13:41:25,i2311-C-890,铁矿石2311购890,8.1,0.0,0.0,0.0,2,4.7,6.5,1,8.1,0.0,0.0,0.0,0.0,0.0,4
2023-05-10 13:41:33,i2311-C-890,铁矿石2311购890,8.1,0.0,0.0,0.0,1,4.7,7.3,1,8.1,0.0,0.0,0.0,0.0,0.0,4
2023-05-10 13:41:33,i2311-C-890,铁矿石2311购890,8.1,0.0,0.0,0.0,1,4.7,8.4,1,8.1,0.0,0.0,0.0,0.0,0.0,4
2023-05-10 13:41:36,i2311-C-890,铁矿石2311购890,8.1,0.0,0.0,0.0,1,4.6,8.6,11,8.1,0.0,0.0,0.0,0.0,0.0,4
2023-05-10 13:41:46,i2311-C-890,铁矿石2311购890,8.1,0.0,0.0,0.0,1,0.8,8.6,10,8.1,0.0,0.0,0.0,0.0,0.0,4
2023-05-10 13:41:46,i2311-C-890,铁矿石2311购890,8.1,0.0,0.0,0.0,10,0.9,8.6,10,8.1,0.0,0.0,0.0,0.0,0.0,4
2023-05-10 13:41:49,i2311-C-890,铁矿石2311购890,8.1,0.0,0.0,0.0,2,1.0,8.6,10,8.1,0.0,0.0,0.0,0.0,0.0,4
2023-05-10 13:41:49,i2311-C-890,铁矿石2311购890,8.1,0.0,0.0,0.0,10,1.1,8.6,10,8.1,0.0,0.0,0.0,0.0,0.0,4
2023-05-10 13:42:13,i2311-C-890,铁矿石2311购890,8.1,0.0,0.0,0.0,2,1.2,8.6,10,8.1,0.0,0.0,0.0,0.0,0.0,4
2023-05-10 13:42:13,i2311-C-890,铁矿石2311购890,8.1,0.0,0.0,0.0,10,1.3,8.6,10,8.1,0.0,0.0,0.0,0.0,0.0,4
2023-05-10 13:44:00,i2311-C-890,铁矿石2311购890,8.1,0.0,0.0,0.0,10,1.3,0.0,0,8.1,0.0,0.0,0.0,0.0,0.0,4
2023-05-10 14:59:01,i2311-C-890,铁矿石2311购890,8.1,0.0,0.0,0.0,1,0.8,0.0,0,8.1,0.0,0.0,0.0,0.0,0.0,4
2023-05-10 14:59:03,i2311-C-890,铁矿石2311购890,8.1,0.0,0.0,0.0,2,0.9,0.0,0,8.1,0.0,0.0,0.0,0.0,0.0,4
2023-05-10 14:59:03,i2311-C-890,铁矿石2311购890,8.1,0.0,0.0,0.0,1,0.8,0.0,0,8.1,0.0,0.0,0.0,0.0,0.0,4
2023-05-10 14:59:03,i2311-C-890,铁矿石2311购890,8.1,0.0,0.0,0.0,2,1.0,0.0,0,8.1,0.0,0.0,0.0,0.0,0.0,4
2023-05-10 15:01:15,i2311-C-890,铁矿石2311购890,8.1,0.0,0.0,0.0,2,1.0,0.0,0,8.1,0.0,0.0,0.0,0.0,0.0,4
