time,symbol_id,symbol_name,last,trade_volume,trade_amount,open_interest_change,bv1,bp1,ap1,av1,yesterday_close,today_open,today_high,today_low,volume,amount,open_interest
2023-05-09 20:55:59,i2311-P-710,i2311-P-710,65.3,0.0,0.0,0.0,1,0.1,0.0,0,65.3,0.0,0.0,0.0,0.0,0.0,1
2023-05-09 21:00:19,i2311-P-710,i2311-P-710,65.3,0.0,0.0,0.0,10,0.2,0.0,0,65.3,0.0,0.0,0.0,0.0,0.0,1
2023-05-09 21:00:58,i2311-P-710,i2311-P-710,65.3,0.0,0.0,0.0,1,0.3,0.0,0,65.3,0.0,0.0,0.0,0.0,0.0,1
2023-05-09 21:00:58,i2311-P-710,i2311-P-710,65.3,0.0,0.0,0.0,10,0.4,0.0,0,65.3,0.0,0.0,0.0,0.0,0.0,1
2023-05-09 21:01:00,i2311-P-710,i2311-P-710,65.3,0.0,0.0,0.0,1,0.5,0.0,0,65.3,0.0,0.0,0.0,0.0,0.0,1
2023-05-09 21:01:00,i2311-P-710,i2311-P-710,65.3,0.0,0.0,0.0,10,0.6,0.0,0,65.3,0.0,0.0,0.0,0.0,0.0,1
2023-05-09 21:01:02,i2311-P-710,i2311-P-710,65.3,0.0,0.0,0.0,1,0.7,0.0,0,65.3,0.0,0.0,0.0,0.0,0.0,1
2023-05-09 21:01:02,i2311-P-710,i2311-P-710,65.3,0.0,0.0,0.0,10,0.8,0.0,0,65.3,0.0,0.0,0.0,0.0,0.0,1
2023-05-09 21:01:04,i2311-P-710,i2311-P-710,65.3,0.0,0.0,0.0,2,0.9,0.0,0,65.3,0.0,0.0,0.0,0.0,0.0,1
2023-05-09 21:01:04,i2311-P-710,i2311-P-710,65.3,0.0,0.0,0.0,10,1.0,0.0,0,65.3,0.0,0.0,0.0,0.0,0.0,1
2023-05-09 21:01:06,i2311-P-710,i2311-P-710,65.3,0.0,0.0,0.0,2,1.1,0.0,0,65.3,0.0,0.0,0.0,0.0,0.0,1
2023-05-09 21:01:06,i2311-P-710,i2311-P-710,65.3,0.0,0.0,0.0,10,1.2,0.0,0,65.3,0.0,0.0,0.0,0.0,0.0,1
2023-05-09 21:01:10,i2311-P-710,i2311-P-710,65.3,0.0,0.0,0.0,1,28.1,0.0,0,65.3,0.0,0.0,0.0,0.0,0.0,1
2023-05-09 21:01:10,i2311-P-710,i2311-P-710,65.3,0.0,0.0,0.0,10,28.2,0.0,0,65.3,0.0,0.0,0.0,0.0,0.0,1
2023-05-09 21:01:25,i2311-P-710,i2311-P-710,65.3,0.0,0.0,0.0,2,28.3,0.0,0,65.3,0.0,0.0,0.0,0.0,0.0,1
2023-05-09 21:01:25,i2311-P-710,i2311-P-710,65.3,0.0,0.0,0.0,10,28.4,0.0,0,65.3,0.0,0.0,0.0,0.0,0.0,1
2023-05-09 21:01:28,i2311-P-710,i2311-P-710,65.3,0.0,0.0,0.0,2,28.5,0.0,0,65.3,0.0,0.0,0.0,0.0,0.0,1
2023-05-09 21:01:28,i2311-P-710,i2311-P-710,65.3,0.0,0.0,0.0,10,28.6,0.0,0,65.3,0.0,0.0,0.0,0.0,0.0,1
2023-05-09 21:01:35,i2311-P-710,i2311-P-710,65.3,0.0,0.0,0.0,2,28.7,0.0,0,65.3,0.0,0.0,0.0,0.0,0.0,1
2023-05-09 21:01:35,i2311-P-710,i2311-P-710,65.3,0.0,0.0,0.0,10,28.8,0.0,0,65.3,0.0,0.0,0.0,0.0,0.0,1
2023-05-09 21:01:46,i2311-P-710,i2311-P-710,65.3,0.0,0.0,0.0,2,28.9,0.0,0,65.3,0.0,0.0,0.0,0.0,0.0,1
2023-05-09 21:01:46,i2311-P-710,i2311-P-710,65.3,0.0,0.0,0.0,10,29.0,0.0,0,65.3,0.0,0.0,0.0,0.0,0.0,1
2023-05-09 21:01:52,i2311-P-710,i2311-P-710,65.3,0.0,0.0,0.0,2,29.1,0.0,0,65.3,0.0,0.0,0.0,0.0,0.0,1
2023-05-09 21:01:52,i2311-P-710,i2311-P-710,65.3,0.0,0.0,0.0,10,29.2,0.0,0,65.3,0.0,0.0,0.0,0.0,0.0,1
2023-05-09 21:02:08,i2311-P-710,i2311-P-710,65.3,0.0,0.0,0.0,2,29.3,0.0,0,65.3,0.0,0.0,0.0,0.0,0.0,1
2023-05-09 21:02:08,i2311-P-710,i2311-P-710,65.3,0.0,0.0,0.0,10,29.4,0.0,0,65.3,0.0,0.0,0.0,0.0,0.0,1
2023-05-09 21:02:12,i2311-P-710,i2311-P-710,65.3,0.0,0.0,0.0,2,29.5,0.0,0,65.3,0.0,0.0,0.0,0.0,0.0,1
2023-05-09 21:02:12,i2311-P-710,i2311-P-710,65.3,0.0,0.0,0.0,10,29.6,0.0,0,65.3,0.0,0.0,0.0,0.0,0.0,1
2023-05-09 21:02:14,i2311-P-710,i2311-P-710,65.3,0.0,0.0,0.0,2,29.7,0.0,0,65.3,0.0,0.0,0.0,0.0,0.0,1
2023-05-09 21:02:14,i2311-P-710,i2311-P-710,65.3,0.0,0.0,0.0,10,29.8,0.0,0,65.3,0.0,0.0,0.0,0.0,0.0,1
2023-05-09 21:02:16,i2311-P-710,i2311-P-710,65.3,0.0,0.0,0.0,2,29.9,0.0,0,65.3,0.0,0.0,0.0,0.0,0.0,1
2023-05-09 21:02:16,i2311-P-710,i2311-P-710,65.3,0.0,0.0,0.0,10,30.0,0.0,0,65.3,0.0,0.0,0.0,0.0,0.0,1
2023-05-09 21:02:18,i2311-P-710,i2311-P-710,65.3,0.0,0.0,0.0,2,30.1,0.0,0,65.3,0.0,0.0,0.0,0.0,0.0,1
2023-05-09 21:02:18,i2311-P-710,i2311-P-710,65.3,0.0,0.0,0.0,10,30.2,0.0,0,65.3,0.0,0.0,0.0,0.0,0.0,1
2023-05-09 21:02:20,i2311-P-710,i2311-P-710,65.3,0.0,0.0,0.0,2,30.3,0.0,0,65.3,0.0,0.0,0.0,0.0,0.0,1
2023-05-09 21:02:20,i2311-P-710,i2311-P-710,65.3,0.0,0.0,0.0,10,30.4,0.0,0,65.3,0.0,0.0,0.0,0.0,0.0,1
2023-05-09 21:02:21,i2311-P-710,i2311-P-710,65.3,0.0,0.0,0.0,2,30.5,0.0,0,65.3,0.0,0.0,0.0,0.0,0.0,1
2023-05-09 21:02:21,i2311-P-710,i2311-P-710,65.3,0.0,0.0,0.0,10,30.6,0.0,0,65.3,0.0,0.0,0.0,0.0,0.0,1
2023-05-09 21:02:23,i2311-P-710,i2311-P-710,65.3,0.0,0.0,0.0,2,30.7,0.0,0,65.3,0.0,0.0,0.0,0.0,0.0,1
2023-05-09 21:02:23,i2311-P-710,i2311-P-710,65.3,0.0,0.0,0.0,10,30.8,0.0,0,65.3,0.0,0.0,0.0,0.0,0.0,1
2023-05-09 21:02:26,i2311-P-710,i2311-P-710,65.3,0.0,0.0,0.0,2,30.9,0.0,0,65.3,0.0,0.0,0.0,0.0,0.0,1
2023-05-09 21:02:26,i2311-P-710,i2311-P-710,65.3,0.0,0.0,0.0,10,31.0,0.0,0,65.3,0.0,0.0,0.0,0.0,0.0,1
2023-05-09 21:02:33,i2311-P-710,i2311-P-710,65.3,0.0,0.0,0.0,2,31.1,0.0,0,65.3,0.0,0.0,0.0,0.0,0.0,1
2023-05-09 21:02:33,i2311-P-710,i2311-P-710,65.3,0.0,0.0,0.0,10,31.2,0.0,0,65.3,0.0,0.0,0.0,0.0,0.0,1
2023-05-09 21:02:36,i2311-P-710,i2311-P-710,65.3,0.0,0.0,0.0,2,31.3,0.0,0,65.3,0.0,0.0,0.0,0.0,0.0,1
2023-05-09 21:02:36,i2311-P-710,i2311-P-710,65.3,0.0,0.0,0.0,10,31.4,0.0,0,65.3,0.0,0.0,0.0,0.0,0.0,1
2023-05-09 21:02:37,i2311-P-710,i2311-P-710,65.3,0.0,0.0,0.0,2,31.5,0.0,0,65.3,0.0,0.0,0.0,0.0,0.0,1
2023-05-09 21:02:37,i2311-P-710,i2311-P-710,65.3,0.0,0.0,0.0,10,31.6,0.0,0,65.3,0.0,0.0,0.0,0.0,0.0,1
2023-05-09 21:02:39,i2311-P-710,i2311-P-710,65.3,0.0,0.0,0.0,2,31.7,0.0,0,65.3,0.0,0.0,0.0,0.0,0.0,1
2023-05-09 21:02:39,i2311-P-710,i2311-P-710,65.3,0.0,0.0,0.0,10,31.8,0.0,0,65.3,0.0,0.0,0.0,0.0,0.0,1
2023-05-09 21:02:40,i2311-P-710,i2311-P-710,65.3,0.0,0.0,0.0,2,31.9,0.0,0,65.3,0.0,0.0,0.0,0.0,0.0,1
2023-05-09 21:02:40,i2311-P-710,i2311-P-710,65.3,0.0,0.0,0.0,10,32.0,0.0,0,65.3,0.0,0.0,0.0,0.0,0.0,1
2023-05-09 21:02:43,i2311-P-710,i2311-P-710,65.3,0.0,0.0,0.0,2,32.1,0.0,0,65.3,0.0,0.0,0.0,0.0,0.0,1
2023-05-09 21:02:43,i2311-P-710,i2311-P-710,65.3,0.0,0.0,0.0,10,32.2,0.0,0,65.3,0.0,0.0,0.0,0.0,0.0,1
2023-05-09 21:02:44,i2311-P-710,i2311-P-710,65.3,0.0,0.0,0.0,2,32.3,0.0,0,65.3,0.0,0.0,0.0,0.0,0.0,1
2023-05-09 21:02:44,i2311-P-710,i2311-P-710,65.3,0.0,0.0,0.0,10,32.4,0.0,0,65.3,0.0,0.0,0.0,0.0,0.0,1
2023-05-09 21:02:46,i2311-P-710,i2311-P-710,65.3,0.0,0.0,0.0,2,32.5,0.0,0,65.3,0.0,0.0,0.0,0.0,0.0,1
2023-05-09 21:02:46,i2311-P-710,i2311-P-710,65.3,0.0,0.0,0.0,10,32.6,0.0,0,65.3,0.0,0.0,0.0,0.0,0.0,1
2023-05-09 21:02:48,i2311-P-710,i2311-P-710,65.3,0.0,0.0,0.0,2,32.7,0.0,0,65.3,0.0,0.0,0.0,0.0,0.0,1
2023-05-09 21:02:48,i2311-P-710,i2311-P-710,65.3,0.0,0.0,0.0,10,32.8,0.0,0,65.3,0.0,0.0,0.0,0.0,0.0,1
2023-05-09 21:31:06,i2311-P-710,i2311-P-710,65.3,0.0,0.0,0.0,1,32.9,0.0,0,65.3,0.0,0.0,0.0,0.0,0.0,1
2023-05-09 21:31:06,i2311-P-710,i2311-P-710,65.3,0.0,0.0,0.0,10,33.0,0.0,0,65.3,0.0,0.0,0.0,0.0,0.0,1
2023-05-09 22:01:06,i2311-P-710,i2311-P-710,65.3,0.0,0.0,0.0,1,33.1,0.0,0,65.3,0.0,0.0,0.0,0.0,0.0,1
2023-05-09 22:01:06,i2311-P-710,i2311-P-710,65.3,0.0,0.0,0.0,10,33.2,0.0,0,65.3,0.0,0.0,0.0,0.0,0.0,1
2023-05-09 22:31:06,i2311-P-710,i2311-P-710,65.3,0.0,0.0,0.0,1,33.3,0.0,0,65.3,0.0,0.0,0.0,0.0,0.0,1
2023-05-09 22:31:06,i2311-P-710,i2311-P-710,65.3,0.0,0.0,0.0,10,33.4,0.0,0,65.3,0.0,0.0,0.0,0.0,0.0,1
2023-05-09 22:57:32,i2311-P-710,i2311-P-710,65.3,0.0,0.0,0.0,1,33.3,0.0,0,65.3,0.0,0.0,0.0,0.0,0.0,1
2023-05-09 22:57:51,i2311-P-710,i2311-P-710,65.3,0.0,0.0,0.0,10,33.4,0.0,0,65.3,0.0,0.0,0.0,0.0,0.0,1
2023-05-09 22:58:55,i2311-P-710,i2311-P-710,65.3,0.0,0.0,0.0,1,33.3,0.0,0,65.3,0.0,0.0,0.0,0.0,0.0,1
2023-05-09 22:59:11,i2311-P-710,i2311-P-710,65.3,0.0,0.0,0.0,10,33.4,0.0,0,65.3,0.0,0.0,0.0,0.0,0.0,1
2023-05-09 22:59:55,i2311-P-710,i2311-P-710,65.3,0.0,0.0,0.0,1,33.3,0.0,0,65.3,0.0,0.0,0.0,0.0,0.0,1
2023-05-10 09:00:10,i2311-P-710,i2311-P-710,65.3,0.0,0.0,0.0,10,33.4,0.0,0,65.3,0.0,0.0,0.0,0.0,0.0,1
2023-05-10 09:01:05,i2311-P-710,i2311-P-710,65.3,0.0,0.0,0.0,1,33.5,0.0,0,65.3,0.0,0.0,0.0,0.0,0.0,1
2023-05-10 09:01:05,i2311-P-710,i2311-P-710,65.3,0.0,0.0,0.0,10,33.6,0.0,0,65.3,0.0,0.0,0.0,0.0,0.0,1
2023-05-10 09:40:23,i2311-P-710,i2311-P-710,65.3,0.0,0.0,0.0,1,33.7,0.0,0,65.3,0.0,0.0,0.0,0.0,0.0,1
2023-05-10 09:40:23,i2311-P-710,i2311-P-710,65.3,0.0,0.0,0.0,10,33.8,0.0,0,65.3,0.0,0.0,0.0,0.0,0.0,1
2023-05-10 10:14:32,i2311-P-710,i2311-P-710,65.3,0.0,0.0,0.0,1,33.7,0.0,0,65.3,0.0,0.0,0.0,0.0,0.0,1
2023-05-10 10:30:05,i2311-P-710,i2311-P-710,65.3,0.0,0.0,0.0,10,33.8,0.0,0,65.3,0.0,0.0,0.0,0.0,0.0,1
2023-05-10 10:55:52,i2311-P-710,i2311-P-710,65.3,0.0,0.0,0.0,1,33.9,0.0,0,65.3,0.0,0.0,0.0,0.0,0.0,1
2023-05-10 10:55:52,i2311-P-710,i2311-P-710,65.3,0.0,0.0,0.0,10,34.0,0.0,0,65.3,0.0,0.0,0.0,0.0,0.0,1
2023-05-10 11:29:32,i2311-P-710,i2311-P-710,65.3,0.0,0.0,0.0,1,33.9,0.0,0,65.3,0.0,0.0,0.0,0.0,0.0,1
2023-05-10 11:29:44,i2311-P-710,i2311-P-710,65.3,0.0,0.0,0.0,1,25.6,0.0,0,65.3,0.0,0.0,0.0,0.0,0.0,1
2023-05-10 13:30:02,i2311-P-710,i2311-P-710,65.3,0.0,0.0,0.0,10,25.7,0.0,0,65.3,0.0,0.0,0.0,0.0,0.0,1
2023-05-10 13:30:45,i2311-P-710,i2311-P-710,65.3,0.0,0.0,0.0,1,25.8,0.0,0,65.3,0.0,0.0,0.0,0.0,0.0,1
2023-05-10 13:30:45,i2311-P-710,i2311-P-710,65.3,0.0,0.0,0.0,10,25.9,0.0,0,65.3,0.0,0.0,0.0,0.0,0.0,1
2023-05-10 13:41:16,i2311-P-710,i2311-P-710,65.3,0.0,0.0,0.0,1,62.1,68.1,1,65.3,0.0,0.0,0.0,0.0,0.0,1
2023-05-10 13:41:17,i2311-P-710,i2311-P-710,65.3,0.0,0.0,0.0,2,62.1,68.1,2,65.3,0.0,0.0,0.0,0.0,0.0,1
2023-05-10 13:41:18,i2311-P-710,i2311-P-710,65.3,0.0,0.0,0.0,2,62.1,65.2,1,65.3,0.0,0.0,0.0,0.0,0.0,1
2023-05-10 13:41:21,i2311-P-710,i2311-P-710,65.3,0.0,0.0,0.0,2,62.1,64.0,1,65.3,0.0,0.0,0.0,0.0,0.0,1
2023-05-10 13:41:28,i2311-P-710,i2311-P-710,65.3,0.0,0.0,0.0,1,62.1,64.0,1,65.3,0.0,0.0,0.0,0.0,0.0,1
2023-05-10 13:41:29,i2311-P-710,i2311-P-710,65.3,0.0,0.0,0.0,1,62.0,64.0,1,65.3,0.0,0.0,0.0,0.0,0.0,1
2023-05-10 13:41:32,i2311-P-710,i2311-P-710,65.3,0.0,0.0,0.0,1,62.0,65.9,1,65.3,0.0,0.0,0.0,0.0,0.0,1
2023-05-10 13:41:33,i2311-P-710,i2311-P-710,65.3,0.0,0.0,0.0,1,62.0,67.6,1,65.3,0.0,0.0,0.0,0.0,0.0,1
2023-05-10 13:41:36,i2311-P-710,i2311-P-710,65.3,0.0,0.0,0.0,1,61.8,67.8,1,65.3,0.0,0.0,0.0,0.0,0.0,1
2023-05-10 13:41:46,i2311-P-710,i2311-P-710,65.3,0.0,0.0,0.0,1,25.8,0.0,0,65.3,0.0,0.0,0.0,0.0,0.0,1
2023-05-10 13:41:46,i2311-P-710,i2311-P-710,65.3,0.0,0.0,0.0,10,25.9,0.0,0,65.3,0.0,0.0,0.0,0.0,0.0,1
2023-05-10 14:01:18,i2311-P-710,i2311-P-710,65.3,0.0,0.0,0.0,1,26.0,0.0,0,65.3,0.0,0.0,0.0,0.0,0.0,1
2023-05-10 14:01:18,i2311-P-710,i2311-P-710,65.3,0.0,0.0,0.0,10,26.1,0.0,0,65.3,0.0,0.0,0.0,0.0,0.0,1
2023-05-10 14:32:23,i2311-P-710,i2311-P-710,65.3,0.0,0.0,0.0,1,26.2,0.0,0,65.3,0.0,0.0,0.0,0.0,0.0,1
2023-05-10 14:32:23,i2311-P-710,i2311-P-710,65.3,0.0,0.0,0.0,10,26.3,0.0,0,65.3,0.0,0.0,0.0,0.0,0.0,1
2023-05-10 14:59:01,i2311-P-710,i2311-P-710,65.3,0.0,0.0,0.0,1,26.2,0.0,0,65.3,0.0,0.0,0.0,0.0,0.0,1
2023-05-10 15:01:15,i2311-P-710,i2311-P-710,65.3,0.0,0.0,0.0,1,26.2,0.0,0,65.3,0.0,0.0,0.0,0.0,0.0,1
