time,symbol_id,symbol_name,last,trade_volume,trade_amount,open_interest_change,bv1,bp1,ap1,av1,yesterday_close,today_open,today_high,today_low,volume,amount,open_interest
2023-05-09 20:56:05,i2312-P-680,i2312-P-680,60.7,0.0,0.0,0.0,1,0.1,0.0,0,60.7,0.0,0.0,0.0,0.0,0.0,2
2023-05-09 21:00:19,i2312-P-680,i2312-P-680,60.7,0.0,0.0,0.0,10,0.2,0.0,0,60.7,0.0,0.0,0.0,0.0,0.0,2
2023-05-09 21:01:05,i2312-P-680,i2312-P-680,60.7,0.0,0.0,0.0,1,0.3,0.0,0,60.7,0.0,0.0,0.0,0.0,0.0,2
2023-05-09 21:01:05,i2312-P-680,i2312-P-680,60.7,0.0,0.0,0.0,10,0.4,0.0,0,60.7,0.0,0.0,0.0,0.0,0.0,2
2023-05-09 21:01:07,i2312-P-680,i2312-P-680,60.7,0.0,0.0,0.0,10,0.6,0.0,0,60.7,0.0,0.0,0.0,0.0,0.0,2
2023-05-09 21:01:08,i2312-P-680,i2312-P-680,60.7,0.0,0.0,0.0,1,0.7,0.0,0,60.7,0.0,0.0,0.0,0.0,0.0,2
2023-05-09 21:01:08,i2312-P-680,i2312-P-680,60.7,0.0,0.0,0.0,10,0.8,0.0,0,60.7,0.0,0.0,0.0,0.0,0.0,2
2023-05-09 21:01:10,i2312-P-680,i2312-P-680,60.7,0.0,0.0,0.0,1,0.9,0.0,0,60.7,0.0,0.0,0.0,0.0,0.0,2
2023-05-09 21:01:10,i2312-P-680,i2312-P-680,60.7,0.0,0.0,0.0,10,1.0,0.0,0,60.7,0.0,0.0,0.0,0.0,0.0,2
2023-05-09 21:01:11,i2312-P-680,i2312-P-680,60.7,0.0,0.0,0.0,1,21.1,0.0,0,60.7,0.0,0.0,0.0,0.0,0.0,2
2023-05-09 21:01:11,i2312-P-680,i2312-P-680,60.7,0.0,0.0,0.0,10,21.2,0.0,0,60.7,0.0,0.0,0.0,0.0,0.0,2
2023-05-09 21:01:11,i2312-P-680,i2312-P-680,60.7,0.0,0.0,0.0,11,21.2,0.0,0,60.7,0.0,0.0,0.0,0.0,0.0,2
2023-05-09 21:01:31,i2312-P-680,i2312-P-680,60.7,0.0,0.0,0.0,1,21.4,0.0,0,60.7,0.0,0.0,0.0,0.0,0.0,2
2023-05-09 21:01:31,i2312-P-680,i2312-P-680,60.7,0.0,0.0,0.0,10,21.5,0.0,0,60.7,0.0,0.0,0.0,0.0,0.0,2
2023-05-09 21:02:44,i2312-P-680,i2312-P-680,60.7,0.0,0.0,0.0,2,21.6,0.0,0,60.7,0.0,0.0,0.0,0.0,0.0,2
2023-05-09 21:02:44,i2312-P-680,i2312-P-680,60.7,0.0,0.0,0.0,10,21.7,0.0,0,60.7,0.0,0.0,0.0,0.0,0.0,2
2023-05-09 21:03:53,i2312-P-680,i2312-P-680,60.7,0.0,0.0,0.0,2,21.8,0.0,0,60.7,0.0,0.0,0.0,0.0,0.0,2
2023-05-09 21:03:53,i2312-P-680,i2312-P-680,60.7,0.0,0.0,0.0,10,21.9,0.0,0,60.7,0.0,0.0,0.0,0.0,0.0,2
2023-05-09 21:04:31,i2312-P-680,i2312-P-680,60.7,0.0,0.0,0.0,2,22.0,0.0,0,60.7,0.0,0.0,0.0,0.0,0.0,2
2023-05-09 21:04:31,i2312-P-680,i2312-P-680,60.7,0.0,0.0,0.0,10,22.1,0.0,0,60.7,0.0,0.0,0.0,0.0,0.0,2
2023-05-09 21:04:52,i2312-P-680,i2312-P-680,60.7,0.0,0.0,0.0,2,22.2,0.0,0,60.7,0.0,0.0,0.0,0.0,0.0,2
2023-05-09 21:04:52,i2312-P-680,i2312-P-680,60.7,0.0,0.0,0.0,10,22.3,0.0,0,60.7,0.0,0.0,0.0,0.0,0.0,2
2023-05-09 21:05:22,i2312-P-680,i2312-P-680,60.7,0.0,0.0,0.0,2,22.4,0.0,0,60.7,0.0,0.0,0.0,0.0,0.0,2
2023-05-09 21:05:22,i2312-P-680,i2312-P-680,60.7,0.0,0.0,0.0,10,22.5,0.0,0,60.7,0.0,0.0,0.0,0.0,0.0,2
2023-05-09 21:08:02,i2312-P-680,i2312-P-680,60.7,0.0,0.0,0.0,10,22.7,0.0,0,60.7,0.0,0.0,0.0,0.0,0.0,2
2023-05-09 21:08:05,i2312-P-680,i2312-P-680,60.7,0.0,0.0,0.0,2,22.8,0.0,0,60.7,0.0,0.0,0.0,0.0,0.0,2
2023-05-09 21:08:05,i2312-P-680,i2312-P-680,60.7,0.0,0.0,0.0,10,22.9,0.0,0,60.7,0.0,0.0,0.0,0.0,0.0,2
2023-05-09 21:10:39,i2312-P-680,i2312-P-680,60.7,0.0,0.0,0.0,2,23.0,0.0,0,60.7,0.0,0.0,0.0,0.0,0.0,2
2023-05-09 21:10:39,i2312-P-680,i2312-P-680,60.7,0.0,0.0,0.0,10,23.1,0.0,0,60.7,0.0,0.0,0.0,0.0,0.0,2
2023-05-09 21:10:47,i2312-P-680,i2312-P-680,60.7,0.0,0.0,0.0,2,23.2,0.0,0,60.7,0.0,0.0,0.0,0.0,0.0,2
2023-05-09 21:10:47,i2312-P-680,i2312-P-680,60.7,0.0,0.0,0.0,10,23.3,0.0,0,60.7,0.0,0.0,0.0,0.0,0.0,2
2023-05-09 21:10:57,i2312-P-680,i2312-P-680,60.7,0.0,0.0,0.0,2,23.4,0.0,0,60.7,0.0,0.0,0.0,0.0,0.0,2
2023-05-09 21:10:57,i2312-P-680,i2312-P-680,60.7,0.0,0.0,0.0,10,23.5,0.0,0,60.7,0.0,0.0,0.0,0.0,0.0,2
2023-05-09 21:14:35,i2312-P-680,i2312-P-680,60.7,0.0,0.0,0.0,2,23.6,0.0,0,60.7,0.0,0.0,0.0,0.0,0.0,2
2023-05-09 21:14:35,i2312-P-680,i2312-P-680,60.7,0.0,0.0,0.0,10,23.7,0.0,0,60.7,0.0,0.0,0.0,0.0,0.0,2
2023-05-09 21:14:48,i2312-P-680,i2312-P-680,60.7,0.0,0.0,0.0,2,23.8,0.0,0,60.7,0.0,0.0,0.0,0.0,0.0,2
2023-05-09 21:14:48,i2312-P-680,i2312-P-680,60.7,0.0,0.0,0.0,10,23.9,0.0,0,60.7,0.0,0.0,0.0,0.0,0.0,2
2023-05-09 21:15:13,i2312-P-680,i2312-P-680,60.7,0.0,0.0,0.0,2,24.0,0.0,0,60.7,0.0,0.0,0.0,0.0,0.0,2
2023-05-09 21:15:13,i2312-P-680,i2312-P-680,60.7,0.0,0.0,0.0,10,24.1,0.0,0,60.7,0.0,0.0,0.0,0.0,0.0,2
2023-05-09 21:15:25,i2312-P-680,i2312-P-680,60.7,0.0,0.0,0.0,2,24.2,0.0,0,60.7,0.0,0.0,0.0,0.0,0.0,2
2023-05-09 21:15:25,i2312-P-680,i2312-P-680,60.7,0.0,0.0,0.0,10,24.3,0.0,0,60.7,0.0,0.0,0.0,0.0,0.0,2
2023-05-09 21:15:28,i2312-P-680,i2312-P-680,60.7,0.0,0.0,0.0,2,24.4,0.0,0,60.7,0.0,0.0,0.0,0.0,0.0,2
2023-05-09 21:15:28,i2312-P-680,i2312-P-680,60.7,0.0,0.0,0.0,10,24.5,0.0,0,60.7,0.0,0.0,0.0,0.0,0.0,2
2023-05-09 21:15:30,i2312-P-680,i2312-P-680,60.7,0.0,0.0,0.0,2,24.6,0.0,0,60.7,0.0,0.0,0.0,0.0,0.0,2
2023-05-09 21:15:30,i2312-P-680,i2312-P-680,60.7,0.0,0.0,0.0,10,24.7,0.0,0,60.7,0.0,0.0,0.0,0.0,0.0,2
2023-05-09 21:15:33,i2312-P-680,i2312-P-680,60.7,0.0,0.0,0.0,2,24.8,0.0,0,60.7,0.0,0.0,0.0,0.0,0.0,2
2023-05-09 21:15:33,i2312-P-680,i2312-P-680,60.7,0.0,0.0,0.0,10,24.9,0.0,0,60.7,0.0,0.0,0.0,0.0,0.0,2
2023-05-09 21:16:41,i2312-P-680,i2312-P-680,60.7,0.0,0.0,0.0,2,25.0,0.0,0,60.7,0.0,0.0,0.0,0.0,0.0,2
2023-05-09 21:16:41,i2312-P-680,i2312-P-680,60.7,0.0,0.0,0.0,10,25.1,0.0,0,60.7,0.0,0.0,0.0,0.0,0.0,2
2023-05-09 21:19:23,i2312-P-680,i2312-P-680,60.7,0.0,0.0,0.0,2,25.2,0.0,0,60.7,0.0,0.0,0.0,0.0,0.0,2
2023-05-09 21:19:23,i2312-P-680,i2312-P-680,60.7,0.0,0.0,0.0,10,25.3,0.0,0,60.7,0.0,0.0,0.0,0.0,0.0,2
2023-05-09 21:19:26,i2312-P-680,i2312-P-680,60.7,0.0,0.0,0.0,2,25.4,0.0,0,60.7,0.0,0.0,0.0,0.0,0.0,2
2023-05-09 21:19:26,i2312-P-680,i2312-P-680,60.7,0.0,0.0,0.0,10,25.5,0.0,0,60.7,0.0,0.0,0.0,0.0,0.0,2
2023-05-09 21:19:32,i2312-P-680,i2312-P-680,60.7,0.0,0.0,0.0,2,25.6,0.0,0,60.7,0.0,0.0,0.0,0.0,0.0,2
2023-05-09 21:19:32,i2312-P-680,i2312-P-680,60.7,0.0,0.0,0.0,10,25.7,0.0,0,60.7,0.0,0.0,0.0,0.0,0.0,2
2023-05-09 21:19:38,i2312-P-680,i2312-P-680,60.7,0.0,0.0,0.0,2,25.8,0.0,0,60.7,0.0,0.0,0.0,0.0,0.0,2
2023-05-09 21:19:38,i2312-P-680,i2312-P-680,60.7,0.0,0.0,0.0,10,25.9,0.0,0,60.7,0.0,0.0,0.0,0.0,0.0,2
2023-05-09 21:19:41,i2312-P-680,i2312-P-680,60.7,0.0,0.0,0.0,2,26.0,0.0,0,60.7,0.0,0.0,0.0,0.0,0.0,2
2023-05-09 21:19:41,i2312-P-680,i2312-P-680,60.7,0.0,0.0,0.0,10,26.1,0.0,0,60.7,0.0,0.0,0.0,0.0,0.0,2
2023-05-09 21:19:44,i2312-P-680,i2312-P-680,60.7,0.0,0.0,0.0,2,26.2,0.0,0,60.7,0.0,0.0,0.0,0.0,0.0,2
2023-05-09 21:19:44,i2312-P-680,i2312-P-680,60.7,0.0,0.0,0.0,10,26.3,0.0,0,60.7,0.0,0.0,0.0,0.0,0.0,2
2023-05-09 21:19:48,i2312-P-680,i2312-P-680,60.7,0.0,0.0,0.0,2,26.4,0.0,0,60.7,0.0,0.0,0.0,0.0,0.0,2
2023-05-09 21:19:48,i2312-P-680,i2312-P-680,60.7,0.0,0.0,0.0,10,26.5,0.0,0,60.7,0.0,0.0,0.0,0.0,0.0,2
2023-05-09 21:19:51,i2312-P-680,i2312-P-680,60.7,0.0,0.0,0.0,2,26.6,0.0,0,60.7,0.0,0.0,0.0,0.0,0.0,2
2023-05-09 21:19:51,i2312-P-680,i2312-P-680,60.7,0.0,0.0,0.0,10,26.7,0.0,0,60.7,0.0,0.0,0.0,0.0,0.0,2
2023-05-09 21:19:54,i2312-P-680,i2312-P-680,60.7,0.0,0.0,0.0,2,26.8,0.0,0,60.7,0.0,0.0,0.0,0.0,0.0,2
2023-05-09 21:19:54,i2312-P-680,i2312-P-680,60.7,0.0,0.0,0.0,10,26.9,0.0,0,60.7,0.0,0.0,0.0,0.0,0.0,2
2023-05-09 21:19:57,i2312-P-680,i2312-P-680,60.7,0.0,0.0,0.0,2,27.0,0.0,0,60.7,0.0,0.0,0.0,0.0,0.0,2
2023-05-09 21:19:57,i2312-P-680,i2312-P-680,60.7,0.0,0.0,0.0,10,27.1,0.0,0,60.7,0.0,0.0,0.0,0.0,0.0,2
2023-05-09 21:20:00,i2312-P-680,i2312-P-680,60.7,0.0,0.0,0.0,2,27.2,0.0,0,60.7,0.0,0.0,0.0,0.0,0.0,2
2023-05-09 21:20:00,i2312-P-680,i2312-P-680,60.7,0.0,0.0,0.0,10,27.3,0.0,0,60.7,0.0,0.0,0.0,0.0,0.0,2
2023-05-09 21:20:04,i2312-P-680,i2312-P-680,60.7,0.0,0.0,0.0,2,27.4,0.0,0,60.7,0.0,0.0,0.0,0.0,0.0,2
2023-05-09 21:20:04,i2312-P-680,i2312-P-680,60.7,0.0,0.0,0.0,10,27.5,0.0,0,60.7,0.0,0.0,0.0,0.0,0.0,2
2023-05-09 21:20:09,i2312-P-680,i2312-P-680,60.7,0.0,0.0,0.0,2,27.6,0.0,0,60.7,0.0,0.0,0.0,0.0,0.0,2
2023-05-09 21:20:09,i2312-P-680,i2312-P-680,60.7,0.0,0.0,0.0,10,27.7,0.0,0,60.7,0.0,0.0,0.0,0.0,0.0,2
2023-05-09 21:20:11,i2312-P-680,i2312-P-680,60.7,0.0,0.0,0.0,2,27.8,0.0,0,60.7,0.0,0.0,0.0,0.0,0.0,2
2023-05-09 21:20:11,i2312-P-680,i2312-P-680,60.7,0.0,0.0,0.0,10,27.9,0.0,0,60.7,0.0,0.0,0.0,0.0,0.0,2
2023-05-09 21:20:14,i2312-P-680,i2312-P-680,60.7,0.0,0.0,0.0,2,28.0,0.0,0,60.7,0.0,0.0,0.0,0.0,0.0,2
2023-05-09 21:20:14,i2312-P-680,i2312-P-680,60.7,0.0,0.0,0.0,10,28.1,0.0,0,60.7,0.0,0.0,0.0,0.0,0.0,2
2023-05-09 21:20:16,i2312-P-680,i2312-P-680,60.7,0.0,0.0,0.0,2,28.2,0.0,0,60.7,0.0,0.0,0.0,0.0,0.0,2
2023-05-09 21:20:16,i2312-P-680,i2312-P-680,60.7,0.0,0.0,0.0,10,28.3,0.0,0,60.7,0.0,0.0,0.0,0.0,0.0,2
2023-05-09 21:20:18,i2312-P-680,i2312-P-680,60.7,0.0,0.0,0.0,2,28.4,0.0,0,60.7,0.0,0.0,0.0,0.0,0.0,2
2023-05-09 21:20:18,i2312-P-680,i2312-P-680,60.7,0.0,0.0,0.0,10,28.5,0.0,0,60.7,0.0,0.0,0.0,0.0,0.0,2
2023-05-09 21:20:20,i2312-P-680,i2312-P-680,60.7,0.0,0.0,0.0,2,28.6,0.0,0,60.7,0.0,0.0,0.0,0.0,0.0,2
2023-05-09 21:20:20,i2312-P-680,i2312-P-680,60.7,0.0,0.0,0.0,10,28.7,0.0,0,60.7,0.0,0.0,0.0,0.0,0.0,2
2023-05-09 21:20:22,i2312-P-680,i2312-P-680,60.7,0.0,0.0,0.0,2,28.8,0.0,0,60.7,0.0,0.0,0.0,0.0,0.0,2
2023-05-09 21:20:22,i2312-P-680,i2312-P-680,60.7,0.0,0.0,0.0,10,28.9,0.0,0,60.7,0.0,0.0,0.0,0.0,0.0,2
2023-05-09 21:20:24,i2312-P-680,i2312-P-680,60.7,0.0,0.0,0.0,2,29.0,0.0,0,60.7,0.0,0.0,0.0,0.0,0.0,2
2023-05-09 21:20:24,i2312-P-680,i2312-P-680,60.7,0.0,0.0,0.0,10,29.1,0.0,0,60.7,0.0,0.0,0.0,0.0,0.0,2
2023-05-09 21:20:25,i2312-P-680,i2312-P-680,60.7,0.0,0.0,0.0,2,29.2,0.0,0,60.7,0.0,0.0,0.0,0.0,0.0,2
2023-05-09 21:20:25,i2312-P-680,i2312-P-680,60.7,0.0,0.0,0.0,10,29.3,0.0,0,60.7,0.0,0.0,0.0,0.0,0.0,2
2023-05-09 21:20:27,i2312-P-680,i2312-P-680,60.7,0.0,0.0,0.0,2,29.4,0.0,0,60.7,0.0,0.0,0.0,0.0,0.0,2
2023-05-09 21:20:27,i2312-P-680,i2312-P-680,60.7,0.0,0.0,0.0,10,29.5,0.0,0,60.7,0.0,0.0,0.0,0.0,0.0,2
2023-05-09 21:20:28,i2312-P-680,i2312-P-680,60.7,0.0,0.0,0.0,2,29.6,0.0,0,60.7,0.0,0.0,0.0,0.0,0.0,2
2023-05-09 21:20:28,i2312-P-680,i2312-P-680,60.7,0.0,0.0,0.0,10,29.7,0.0,0,60.7,0.0,0.0,0.0,0.0,0.0,2
2023-05-09 21:20:30,i2312-P-680,i2312-P-680,60.7,0.0,0.0,0.0,2,29.8,0.0,0,60.7,0.0,0.0,0.0,0.0,0.0,2
2023-05-09 21:20:30,i2312-P-680,i2312-P-680,60.7,0.0,0.0,0.0,10,29.9,0.0,0,60.7,0.0,0.0,0.0,0.0,0.0,2
2023-05-09 21:20:31,i2312-P-680,i2312-P-680,60.7,0.0,0.0,0.0,2,30.0,0.0,0,60.7,0.0,0.0,0.0,0.0,0.0,2
2023-05-09 21:20:31,i2312-P-680,i2312-P-680,60.7,0.0,0.0,0.0,10,30.1,0.0,0,60.7,0.0,0.0,0.0,0.0,0.0,2
2023-05-09 21:31:12,i2312-P-680,i2312-P-680,60.7,0.0,0.0,0.0,1,30.2,0.0,0,60.7,0.0,0.0,0.0,0.0,0.0,2
2023-05-09 21:31:12,i2312-P-680,i2312-P-680,60.7,0.0,0.0,0.0,10,30.3,0.0,0,60.7,0.0,0.0,0.0,0.0,0.0,2
2023-05-09 22:01:13,i2312-P-680,i2312-P-680,60.7,0.0,0.0,0.0,1,30.4,0.0,0,60.7,0.0,0.0,0.0,0.0,0.0,2
2023-05-09 22:01:13,i2312-P-680,i2312-P-680,60.7,0.0,0.0,0.0,10,30.5,0.0,0,60.7,0.0,0.0,0.0,0.0,0.0,2
2023-05-09 22:08:29,i2312-P-680,i2312-P-680,60.7,0.0,0.0,0.0,2,32.1,0.0,0,60.7,0.0,0.0,0.0,0.0,0.0,2
2023-05-09 22:08:29,i2312-P-680,i2312-P-680,60.7,0.0,0.0,0.0,10,32.2,0.0,0,60.7,0.0,0.0,0.0,0.0,0.0,2
2023-05-09 22:08:30,i2312-P-680,i2312-P-680,60.7,0.0,0.0,0.0,2,33.8,0.0,0,60.7,0.0,0.0,0.0,0.0,0.0,2
2023-05-09 22:08:30,i2312-P-680,i2312-P-680,60.7,0.0,0.0,0.0,10,33.9,0.0,0,60.7,0.0,0.0,0.0,0.0,0.0,2
2023-05-09 22:08:31,i2312-P-680,i2312-P-680,60.7,0.0,0.0,0.0,2,35.5,0.0,0,60.7,0.0,0.0,0.0,0.0,0.0,2
2023-05-09 22:08:31,i2312-P-680,i2312-P-680,60.7,0.0,0.0,0.0,10,35.6,0.0,0,60.7,0.0,0.0,0.0,0.0,0.0,2
2023-05-09 22:08:32,i2312-P-680,i2312-P-680,60.7,0.0,0.0,0.0,2,37.2,0.0,0,60.7,0.0,0.0,0.0,0.0,0.0,2
2023-05-09 22:08:32,i2312-P-680,i2312-P-680,60.7,0.0,0.0,0.0,10,37.3,0.0,0,60.7,0.0,0.0,0.0,0.0,0.0,2
2023-05-09 22:08:34,i2312-P-680,i2312-P-680,60.7,0.0,0.0,0.0,2,38.9,0.0,0,60.7,0.0,0.0,0.0,0.0,0.0,2
2023-05-09 22:08:34,i2312-P-680,i2312-P-680,60.7,0.0,0.0,0.0,10,39.0,0.0,0,60.7,0.0,0.0,0.0,0.0,0.0,2
2023-05-09 22:08:35,i2312-P-680,i2312-P-680,60.7,0.0,0.0,0.0,2,40.6,0.0,0,60.7,0.0,0.0,0.0,0.0,0.0,2
2023-05-09 22:08:35,i2312-P-680,i2312-P-680,60.7,0.0,0.0,0.0,10,40.7,0.0,0,60.7,0.0,0.0,0.0,0.0,0.0,2
2023-05-09 22:08:37,i2312-P-680,i2312-P-680,60.7,0.0,0.0,0.0,2,42.3,0.0,0,60.7,0.0,0.0,0.0,0.0,0.0,2
2023-05-09 22:08:37,i2312-P-680,i2312-P-680,60.7,0.0,0.0,0.0,10,42.4,0.0,0,60.7,0.0,0.0,0.0,0.0,0.0,2
2023-05-09 22:08:38,i2312-P-680,i2312-P-680,60.7,0.0,0.0,0.0,2,43.2,0.0,0,60.7,0.0,0.0,0.0,0.0,0.0,2
2023-05-09 22:08:41,i2312-P-680,i2312-P-680,60.7,0.0,0.0,0.0,1,30.4,0.0,0,60.7,0.0,0.0,0.0,0.0,0.0,2
2023-05-09 22:08:42,i2312-P-680,i2312-P-680,60.7,0.0,0.0,0.0,2,32.0,0.0,0,60.7,0.0,0.0,0.0,0.0,0.0,2
2023-05-09 22:08:42,i2312-P-680,i2312-P-680,60.7,0.0,0.0,0.0,10,32.1,0.0,0,60.7,0.0,0.0,0.0,0.0,0.0,2
2023-05-09 22:08:43,i2312-P-680,i2312-P-680,60.7,0.0,0.0,0.0,2,33.7,0.0,0,60.7,0.0,0.0,0.0,0.0,0.0,2
2023-05-09 22:08:43,i2312-P-680,i2312-P-680,60.7,0.0,0.0,0.0,10,33.8,0.0,0,60.7,0.0,0.0,0.0,0.0,0.0,2
2023-05-09 22:08:44,i2312-P-680,i2312-P-680,60.7,0.0,0.0,0.0,2,35.4,0.0,0,60.7,0.0,0.0,0.0,0.0,0.0,2
2023-05-09 22:08:44,i2312-P-680,i2312-P-680,60.7,0.0,0.0,0.0,10,35.5,0.0,0,60.7,0.0,0.0,0.0,0.0,0.0,2
2023-05-09 22:08:45,i2312-P-680,i2312-P-680,60.7,0.0,0.0,0.0,2,37.1,0.0,0,60.7,0.0,0.0,0.0,0.0,0.0,2
2023-05-09 22:08:45,i2312-P-680,i2312-P-680,60.7,0.0,0.0,0.0,10,37.2,0.0,0,60.7,0.0,0.0,0.0,0.0,0.0,2
2023-05-09 22:08:46,i2312-P-680,i2312-P-680,60.7,0.0,0.0,0.0,2,38.8,0.0,0,60.7,0.0,0.0,0.0,0.0,0.0,2
2023-05-09 22:08:46,i2312-P-680,i2312-P-680,60.7,0.0,0.0,0.0,10,38.9,0.0,0,60.7,0.0,0.0,0.0,0.0,0.0,2
2023-05-09 22:08:47,i2312-P-680,i2312-P-680,60.7,0.0,0.0,0.0,2,40.5,0.0,0,60.7,0.0,0.0,0.0,0.0,0.0,2
2023-05-09 22:08:47,i2312-P-680,i2312-P-680,60.7,0.0,0.0,0.0,10,40.6,0.0,0,60.7,0.0,0.0,0.0,0.0,0.0,2
2023-05-09 22:08:48,i2312-P-680,i2312-P-680,60.7,0.0,0.0,0.0,2,41.4,0.0,0,60.7,0.0,0.0,0.0,0.0,0.0,2
2023-05-09 22:08:48,i2312-P-680,i2312-P-680,60.7,0.0,0.0,0.0,10,41.5,0.0,0,60.7,0.0,0.0,0.0,0.0,0.0,2
2023-05-09 22:08:49,i2312-P-680,i2312-P-680,60.7,0.0,0.0,0.0,2,41.6,0.0,0,60.7,0.0,0.0,0.0,0.0,0.0,2
2023-05-09 22:08:49,i2312-P-680,i2312-P-680,60.7,0.0,0.0,0.0,10,41.7,0.0,0,60.7,0.0,0.0,0.0,0.0,0.0,2
2023-05-09 22:08:50,i2312-P-680,i2312-P-680,60.7,0.0,0.0,0.0,2,41.8,0.0,0,60.7,0.0,0.0,0.0,0.0,0.0,2
2023-05-09 22:08:50,i2312-P-680,i2312-P-680,60.7,0.0,0.0,0.0,10,41.9,0.0,0,60.7,0.0,0.0,0.0,0.0,0.0,2
2023-05-09 22:57:32,i2312-P-680,i2312-P-680,60.7,0.0,0.0,0.0,1,30.4,0.0,0,60.7,0.0,0.0,0.0,0.0,0.0,2
2023-05-09 22:57:51,i2312-P-680,i2312-P-680,60.7,0.0,0.0,0.0,10,30.5,0.0,0,60.7,0.0,0.0,0.0,0.0,0.0,2
2023-05-09 22:58:55,i2312-P-680,i2312-P-680,60.7,0.0,0.0,0.0,1,30.4,0.0,0,60.7,0.0,0.0,0.0,0.0,0.0,2
2023-05-09 22:59:11,i2312-P-680,i2312-P-680,60.7,0.0,0.0,0.0,10,30.5,0.0,0,60.7,0.0,0.0,0.0,0.0,0.0,2
2023-05-09 22:59:55,i2312-P-680,i2312-P-680,60.7,0.0,0.0,0.0,1,30.4,0.0,0,60.7,0.0,0.0,0.0,0.0,0.0,2
2023-05-10 09:00:01,i2312-P-680,i2312-P-680,60.7,0.0,0.0,0.0,1,30.2,0.0,0,60.7,0.0,0.0,0.0,0.0,0.0,2
2023-05-10 09:00:01,i2312-P-680,i2312-P-680,60.7,0.0,0.0,0.0,10,30.3,0.0,0,60.7,0.0,0.0,0.0,0.0,0.0,2
2023-05-10 09:01:10,i2312-P-680,i2312-P-680,60.7,0.0,0.0,0.0,1,30.4,0.0,0,60.7,0.0,0.0,0.0,0.0,0.0,2
2023-05-10 09:01:10,i2312-P-680,i2312-P-680,60.7,0.0,0.0,0.0,10,30.5,0.0,0,60.7,0.0,0.0,0.0,0.0,0.0,2
2023-05-10 09:41:36,i2312-P-680,i2312-P-680,60.7,0.0,0.0,0.0,1,30.6,0.0,0,60.7,0.0,0.0,0.0,0.0,0.0,2
2023-05-10 09:41:36,i2312-P-680,i2312-P-680,60.7,0.0,0.0,0.0,10,30.7,0.0,0,60.7,0.0,0.0,0.0,0.0,0.0,2
2023-05-10 10:00:41,i2312-P-680,i2312-P-680,60.7,0.0,0.0,0.0,2,32.3,0.0,0,60.7,0.0,0.0,0.0,0.0,0.0,2
2023-05-10 10:00:41,i2312-P-680,i2312-P-680,60.7,0.0,0.0,0.0,10,32.4,0.0,0,60.7,0.0,0.0,0.0,0.0,0.0,2
2023-05-10 10:00:42,i2312-P-680,i2312-P-680,60.7,0.0,0.0,0.0,2,34.0,0.0,0,60.7,0.0,0.0,0.0,0.0,0.0,2
2023-05-10 10:00:42,i2312-P-680,i2312-P-680,60.7,0.0,0.0,0.0,10,34.1,0.0,0,60.7,0.0,0.0,0.0,0.0,0.0,2
2023-05-10 10:00:44,i2312-P-680,i2312-P-680,60.7,0.0,0.0,0.0,2,35.7,0.0,0,60.7,0.0,0.0,0.0,0.0,0.0,2
2023-05-10 10:00:44,i2312-P-680,i2312-P-680,60.7,0.0,0.0,0.0,10,35.8,0.0,0,60.7,0.0,0.0,0.0,0.0,0.0,2
2023-05-10 10:00:45,i2312-P-680,i2312-P-680,60.7,0.0,0.0,0.0,2,37.4,0.0,0,60.7,0.0,0.0,0.0,0.0,0.0,2
2023-05-10 10:00:45,i2312-P-680,i2312-P-680,60.7,0.0,0.0,0.0,10,37.5,0.0,0,60.7,0.0,0.0,0.0,0.0,0.0,2
2023-05-10 10:00:46,i2312-P-680,i2312-P-680,60.7,0.0,0.0,0.0,2,39.1,0.0,0,60.7,0.0,0.0,0.0,0.0,0.0,2
2023-05-10 10:00:46,i2312-P-680,i2312-P-680,60.7,0.0,0.0,0.0,10,39.2,0.0,0,60.7,0.0,0.0,0.0,0.0,0.0,2
2023-05-10 10:00:47,i2312-P-680,i2312-P-680,60.7,0.0,0.0,0.0,2,40.8,0.0,0,60.7,0.0,0.0,0.0,0.0,0.0,2
2023-05-10 10:00:47,i2312-P-680,i2312-P-680,60.7,0.0,0.0,0.0,10,40.9,0.0,0,60.7,0.0,0.0,0.0,0.0,0.0,2
2023-05-10 10:00:48,i2312-P-680,i2312-P-680,60.7,0.0,0.0,0.0,2,41.7,0.0,0,60.7,0.0,0.0,0.0,0.0,0.0,2
2023-05-10 10:00:48,i2312-P-680,i2312-P-680,60.7,0.0,0.0,0.0,10,41.8,0.0,0,60.7,0.0,0.0,0.0,0.0,0.0,2
2023-05-10 10:00:49,i2312-P-680,i2312-P-680,60.7,0.0,0.0,0.0,2,41.9,0.0,0,60.7,0.0,0.0,0.0,0.0,0.0,2
2023-05-10 10:00:49,i2312-P-680,i2312-P-680,60.7,0.0,0.0,0.0,10,42.0,0.0,0,60.7,0.0,0.0,0.0,0.0,0.0,2
2023-05-10 10:00:50,i2312-P-680,i2312-P-680,60.7,0.0,0.0,0.0,2,42.1,0.0,0,60.7,0.0,0.0,0.0,0.0,0.0,2
2023-05-10 10:00:53,i2312-P-680,i2312-P-680,60.7,0.0,0.0,0.0,10,30.7,0.0,0,60.7,0.0,0.0,0.0,0.0,0.0,2
2023-05-10 10:00:54,i2312-P-680,i2312-P-680,60.7,0.0,0.0,0.0,2,32.3,0.0,0,60.7,0.0,0.0,0.0,0.0,0.0,2
2023-05-10 10:00:54,i2312-P-680,i2312-P-680,60.7,0.0,0.0,0.0,10,32.4,0.0,0,60.7,0.0,0.0,0.0,0.0,0.0,2
2023-05-10 10:00:55,i2312-P-680,i2312-P-680,60.7,0.0,0.0,0.0,2,34.0,0.0,0,60.7,0.0,0.0,0.0,0.0,0.0,2
2023-05-10 10:00:55,i2312-P-680,i2312-P-680,60.7,0.0,0.0,0.0,10,34.1,0.0,0,60.7,0.0,0.0,0.0,0.0,0.0,2
2023-05-10 10:00:56,i2312-P-680,i2312-P-680,60.7,0.0,0.0,0.0,2,35.7,0.0,0,60.7,0.0,0.0,0.0,0.0,0.0,2
2023-05-10 10:00:56,i2312-P-680,i2312-P-680,60.7,0.0,0.0,0.0,10,35.8,0.0,0,60.7,0.0,0.0,0.0,0.0,0.0,2
2023-05-10 10:00:57,i2312-P-680,i2312-P-680,60.7,0.0,0.0,0.0,2,37.4,0.0,0,60.7,0.0,0.0,0.0,0.0,0.0,2
2023-05-10 10:00:57,i2312-P-680,i2312-P-680,60.7,0.0,0.0,0.0,10,37.5,0.0,0,60.7,0.0,0.0,0.0,0.0,0.0,2
2023-05-10 10:00:58,i2312-P-680,i2312-P-680,60.7,0.0,0.0,0.0,2,39.1,0.0,0,60.7,0.0,0.0,0.0,0.0,0.0,2
2023-05-10 10:00:58,i2312-P-680,i2312-P-680,60.7,0.0,0.0,0.0,10,39.2,0.0,0,60.7,0.0,0.0,0.0,0.0,0.0,2
2023-05-10 10:00:59,i2312-P-680,i2312-P-680,60.7,0.0,0.0,0.0,2,40.0,0.0,0,60.7,0.0,0.0,0.0,0.0,0.0,2
2023-05-10 10:00:59,i2312-P-680,i2312-P-680,60.7,0.0,0.0,0.0,10,40.1,0.0,0,60.7,0.0,0.0,0.0,0.0,0.0,2
2023-05-10 10:14:32,i2312-P-680,i2312-P-680,60.7,0.0,0.0,0.0,1,30.6,0.0,0,60.7,0.0,0.0,0.0,0.0,0.0,2
2023-05-10 10:30:05,i2312-P-680,i2312-P-680,60.7,0.0,0.0,0.0,10,30.7,0.0,0,60.7,0.0,0.0,0.0,0.0,0.0,2
2023-05-10 10:56:36,i2312-P-680,i2312-P-680,60.7,0.0,0.0,0.0,1,30.8,0.0,0,60.7,0.0,0.0,0.0,0.0,0.0,2
2023-05-10 10:56:36,i2312-P-680,i2312-P-680,60.7,0.0,0.0,0.0,10,30.9,0.0,0,60.7,0.0,0.0,0.0,0.0,0.0,2
2023-05-10 11:29:32,i2312-P-680,i2312-P-680,60.7,0.0,0.0,0.0,1,30.8,0.0,0,60.7,0.0,0.0,0.0,0.0,0.0,2
2023-05-10 11:29:44,i2312-P-680,i2312-P-680,60.7,0.0,0.0,0.0,1,19.2,0.0,0,60.7,0.0,0.0,0.0,0.0,0.0,2
2023-05-10 13:30:02,i2312-P-680,i2312-P-680,60.7,0.0,0.0,0.0,10,19.3,0.0,0,60.7,0.0,0.0,0.0,0.0,0.0,2
2023-05-10 13:30:47,i2312-P-680,i2312-P-680,60.7,0.0,0.0,0.0,1,19.4,0.0,0,60.7,0.0,0.0,0.0,0.0,0.0,2
2023-05-10 13:30:47,i2312-P-680,i2312-P-680,60.7,0.0,0.0,0.0,10,19.5,0.0,0,60.7,0.0,0.0,0.0,0.0,0.0,2
2023-05-10 13:33:59,i2312-P-680,i2312-P-680,60.7,0.0,0.0,0.0,2,21.1,0.0,0,60.7,0.0,0.0,0.0,0.0,0.0,2
2023-05-10 13:33:59,i2312-P-680,i2312-P-680,60.7,0.0,0.0,0.0,10,21.2,0.0,0,60.7,0.0,0.0,0.0,0.0,0.0,2
2023-05-10 13:43:02,i2312-P-680,i2312-P-680,60.7,0.0,0.0,0.0,1,19.4,0.0,0,60.7,0.0,0.0,0.0,0.0,0.0,2
2023-05-10 13:43:02,i2312-P-680,i2312-P-680,60.7,0.0,0.0,0.0,10,19.5,0.0,0,60.7,0.0,0.0,0.0,0.0,0.0,2
2023-05-10 13:43:03,i2312-P-680,i2312-P-680,60.7,0.0,0.0,0.0,2,20.3,0.0,0,60.7,0.0,0.0,0.0,0.0,0.0,2
2023-05-10 13:43:03,i2312-P-680,i2312-P-680,60.7,0.0,0.0,0.0,10,20.4,0.0,0,60.7,0.0,0.0,0.0,0.0,0.0,2
2023-05-10 13:43:05,i2312-P-680,i2312-P-680,60.7,0.0,0.0,0.0,2,21.2,0.0,0,60.7,0.0,0.0,0.0,0.0,0.0,2
2023-05-10 13:43:05,i2312-P-680,i2312-P-680,60.7,0.0,0.0,0.0,10,21.3,0.0,0,60.7,0.0,0.0,0.0,0.0,0.0,2
2023-05-10 13:43:07,i2312-P-680,i2312-P-680,60.7,0.0,0.0,0.0,2,21.4,0.0,0,60.7,0.0,0.0,0.0,0.0,0.0,2
2023-05-10 13:43:07,i2312-P-680,i2312-P-680,60.7,0.0,0.0,0.0,10,21.5,0.0,0,60.7,0.0,0.0,0.0,0.0,0.0,2
2023-05-10 13:43:09,i2312-P-680,i2312-P-680,60.7,0.0,0.0,0.0,2,21.6,0.0,0,60.7,0.0,0.0,0.0,0.0,0.0,2
2023-05-10 13:43:09,i2312-P-680,i2312-P-680,60.7,0.0,0.0,0.0,10,21.7,0.0,0,60.7,0.0,0.0,0.0,0.0,0.0,2
2023-05-10 13:43:11,i2312-P-680,i2312-P-680,60.7,0.0,0.0,0.0,1,19.4,0.0,0,60.7,0.0,0.0,0.0,0.0,0.0,2
2023-05-10 13:43:12,i2312-P-680,i2312-P-680,60.7,0.0,0.0,0.0,12,19.5,0.0,0,60.7,0.0,0.0,0.0,0.0,0.0,2
2023-05-10 13:43:12,i2312-P-680,i2312-P-680,60.7,0.0,0.0,0.0,10,19.5,0.0,0,60.7,0.0,0.0,0.0,0.0,0.0,2
2023-05-10 13:43:13,i2312-P-680,i2312-P-680,60.7,0.0,0.0,0.0,2,21.1,0.0,0,60.7,0.0,0.0,0.0,0.0,0.0,2
2023-05-10 13:43:13,i2312-P-680,i2312-P-680,60.7,0.0,0.0,0.0,10,21.2,0.0,0,60.7,0.0,0.0,0.0,0.0,0.0,2
2023-05-10 13:43:15,i2312-P-680,i2312-P-680,60.7,0.0,0.0,0.0,1,19.4,0.0,0,60.7,0.0,0.0,0.0,0.0,0.0,2
2023-05-10 13:43:15,i2312-P-680,i2312-P-680,60.7,0.0,0.0,0.0,10,19.5,0.0,0,60.7,0.0,0.0,0.0,0.0,0.0,2
2023-05-10 13:43:16,i2312-P-680,i2312-P-680,60.7,0.0,0.0,0.0,1,19.4,0.0,0,60.7,0.0,0.0,0.0,0.0,0.0,2
2023-05-10 13:43:17,i2312-P-680,i2312-P-680,60.7,0.0,0.0,0.0,12,19.5,0.0,0,60.7,0.0,0.0,0.0,0.0,0.0,2
2023-05-10 13:43:17,i2312-P-680,i2312-P-680,60.7,0.0,0.0,0.0,10,19.5,0.0,0,60.7,0.0,0.0,0.0,0.0,0.0,2
2023-05-10 13:43:18,i2312-P-680,i2312-P-680,60.7,0.0,0.0,0.0,1,19.4,0.0,0,60.7,0.0,0.0,0.0,0.0,0.0,2
2023-05-10 13:43:18,i2312-P-680,i2312-P-680,60.7,0.0,0.0,0.0,10,19.5,0.0,0,60.7,0.0,0.0,0.0,0.0,0.0,2
2023-05-10 13:43:19,i2312-P-680,i2312-P-680,60.7,0.0,0.0,0.0,2,19.6,0.0,0,60.7,0.0,0.0,0.0,0.0,0.0,2
2023-05-10 13:43:20,i2312-P-680,i2312-P-680,60.7,0.0,0.0,0.0,10,19.7,0.0,0,60.7,0.0,0.0,0.0,0.0,0.0,2
2023-05-10 13:43:20,i2312-P-680,i2312-P-680,60.7,0.0,0.0,0.0,2,21.3,0.0,0,60.7,0.0,0.0,0.0,0.0,0.0,2
2023-05-10 13:43:21,i2312-P-680,i2312-P-680,60.7,0.0,0.0,0.0,10,21.4,0.0,0,60.7,0.0,0.0,0.0,0.0,0.0,2
2023-05-10 13:43:22,i2312-P-680,i2312-P-680,60.7,0.0,0.0,0.0,2,22.2,0.0,0,60.7,0.0,0.0,0.0,0.0,0.0,2
2023-05-10 13:43:22,i2312-P-680,i2312-P-680,60.7,0.0,0.0,0.0,10,22.3,0.0,0,60.7,0.0,0.0,0.0,0.0,0.0,2
2023-05-10 13:43:23,i2312-P-680,i2312-P-680,60.7,0.0,0.0,0.0,2,23.1,0.0,0,60.7,0.0,0.0,0.0,0.0,0.0,2
2023-05-10 13:43:24,i2312-P-680,i2312-P-680,60.7,0.0,0.0,0.0,10,23.2,0.0,0,60.7,0.0,0.0,0.0,0.0,0.0,2
2023-05-10 13:43:25,i2312-P-680,i2312-P-680,60.7,0.0,0.0,0.0,1,19.4,0.0,0,60.7,0.0,0.0,0.0,0.0,0.0,2
2023-05-10 13:43:25,i2312-P-680,i2312-P-680,60.7,0.0,0.0,0.0,10,19.5,0.0,0,60.7,0.0,0.0,0.0,0.0,0.0,2
2023-05-10 13:43:26,i2312-P-680,i2312-P-680,60.7,0.0,0.0,0.0,2,20.3,0.0,0,60.7,0.0,0.0,0.0,0.0,0.0,2
2023-05-10 13:43:26,i2312-P-680,i2312-P-680,60.7,0.0,0.0,0.0,2,21.9,0.0,0,60.7,0.0,0.0,0.0,0.0,0.0,2
2023-05-10 13:43:26,i2312-P-680,i2312-P-680,60.7,0.0,0.0,0.0,10,22.0,0.0,0,60.7,0.0,0.0,0.0,0.0,0.0,2
2023-05-10 13:43:28,i2312-P-680,i2312-P-680,60.7,0.0,0.0,0.0,1,19.4,0.0,0,60.7,0.0,0.0,0.0,0.0,0.0,2
2023-05-10 13:43:28,i2312-P-680,i2312-P-680,60.7,0.0,0.0,0.0,10,19.5,0.0,0,60.7,0.0,0.0,0.0,0.0,0.0,2
2023-05-10 13:43:29,i2312-P-680,i2312-P-680,60.7,0.0,0.0,0.0,2,21.1,0.0,0,60.7,0.0,0.0,0.0,0.0,0.0,2
2023-05-10 13:43:29,i2312-P-680,i2312-P-680,60.7,0.0,0.0,0.0,10,21.2,0.0,0,60.7,0.0,0.0,0.0,0.0,0.0,2
2023-05-10 13:43:30,i2312-P-680,i2312-P-680,60.7,0.0,0.0,0.0,2,22.8,0.0,0,60.7,0.0,0.0,0.0,0.0,0.0,2
2023-05-10 13:43:30,i2312-P-680,i2312-P-680,60.7,0.0,0.0,0.0,10,22.9,0.0,0,60.7,0.0,0.0,0.0,0.0,0.0,2
2023-05-10 13:43:31,i2312-P-680,i2312-P-680,60.7,0.0,0.0,0.0,1,19.4,0.0,0,60.7,0.0,0.0,0.0,0.0,0.0,2
2023-05-10 13:43:31,i2312-P-680,i2312-P-680,60.7,0.0,0.0,0.0,10,19.5,0.0,0,60.7,0.0,0.0,0.0,0.0,0.0,2
2023-05-10 13:43:32,i2312-P-680,i2312-P-680,60.7,0.0,0.0,0.0,2,21.1,0.0,0,60.7,0.0,0.0,0.0,0.0,0.0,2
2023-05-10 13:43:33,i2312-P-680,i2312-P-680,60.7,0.0,0.0,0.0,12,21.2,0.0,0,60.7,0.0,0.0,0.0,0.0,0.0,2
2023-05-10 13:43:33,i2312-P-680,i2312-P-680,60.7,0.0,0.0,0.0,10,21.2,0.0,0,60.7,0.0,0.0,0.0,0.0,0.0,2
2023-05-10 13:43:34,i2312-P-680,i2312-P-680,60.7,0.0,0.0,0.0,2,22.8,0.0,0,60.7,0.0,0.0,0.0,0.0,0.0,2
2023-05-10 13:43:34,i2312-P-680,i2312-P-680,60.7,0.0,0.0,0.0,10,22.9,0.0,0,60.7,0.0,0.0,0.0,0.0,0.0,2
2023-05-10 13:43:35,i2312-P-680,i2312-P-680,60.7,0.0,0.0,0.0,2,24.5,0.0,0,60.7,0.0,0.0,0.0,0.0,0.0,2
2023-05-10 13:43:35,i2312-P-680,i2312-P-680,60.7,0.0,0.0,0.0,10,24.6,0.0,0,60.7,0.0,0.0,0.0,0.0,0.0,2
2023-05-10 13:43:36,i2312-P-680,i2312-P-680,60.7,0.0,0.0,0.0,2,25.4,0.0,0,60.7,0.0,0.0,0.0,0.0,0.0,2
2023-05-10 13:43:36,i2312-P-680,i2312-P-680,60.7,0.0,0.0,0.0,10,25.5,0.0,0,60.7,0.0,0.0,0.0,0.0,0.0,2
2023-05-10 13:43:37,i2312-P-680,i2312-P-680,60.7,0.0,0.0,0.0,2,25.6,0.0,0,60.7,0.0,0.0,0.0,0.0,0.0,2
2023-05-10 13:43:37,i2312-P-680,i2312-P-680,60.7,0.0,0.0,0.0,10,25.7,0.0,0,60.7,0.0,0.0,0.0,0.0,0.0,2
2023-05-10 13:43:38,i2312-P-680,i2312-P-680,60.7,0.0,0.0,0.0,2,25.8,0.0,0,60.7,0.0,0.0,0.0,0.0,0.0,2
2023-05-10 13:43:38,i2312-P-680,i2312-P-680,60.7,0.0,0.0,0.0,10,25.9,0.0,0,60.7,0.0,0.0,0.0,0.0,0.0,2
2023-05-10 13:43:39,i2312-P-680,i2312-P-680,60.7,0.0,0.0,0.0,2,26.0,0.0,0,60.7,0.0,0.0,0.0,0.0,0.0,2
2023-05-10 13:43:39,i2312-P-680,i2312-P-680,60.7,0.0,0.0,0.0,10,26.1,0.0,0,60.7,0.0,0.0,0.0,0.0,0.0,2
2023-05-10 13:43:40,i2312-P-680,i2312-P-680,60.7,0.0,0.0,0.0,2,26.2,0.0,0,60.7,0.0,0.0,0.0,0.0,0.0,2
2023-05-10 13:43:40,i2312-P-680,i2312-P-680,60.7,0.0,0.0,0.0,10,26.3,0.0,0,60.7,0.0,0.0,0.0,0.0,0.0,2
2023-05-10 13:43:41,i2312-P-680,i2312-P-680,60.7,0.0,0.0,0.0,2,26.4,0.0,0,60.7,0.0,0.0,0.0,0.0,0.0,2
2023-05-10 13:43:41,i2312-P-680,i2312-P-680,60.7,0.0,0.0,0.0,10,26.5,0.0,0,60.7,0.0,0.0,0.0,0.0,0.0,2
2023-05-10 13:43:42,i2312-P-680,i2312-P-680,60.7,0.0,0.0,0.0,2,26.6,0.0,0,60.7,0.0,0.0,0.0,0.0,0.0,2
2023-05-10 13:43:42,i2312-P-680,i2312-P-680,60.7,0.0,0.0,0.0,10,26.7,0.0,0,60.7,0.0,0.0,0.0,0.0,0.0,2
2023-05-10 13:43:43,i2312-P-680,i2312-P-680,60.7,0.0,0.0,0.0,2,26.8,0.0,0,60.7,0.0,0.0,0.0,0.0,0.0,2
2023-05-10 13:43:43,i2312-P-680,i2312-P-680,60.7,0.0,0.0,0.0,10,26.9,0.0,0,60.7,0.0,0.0,0.0,0.0,0.0,2
2023-05-10 13:43:44,i2312-P-680,i2312-P-680,60.7,0.0,0.0,0.0,2,27.0,0.0,0,60.7,0.0,0.0,0.0,0.0,0.0,2
2023-05-10 13:43:44,i2312-P-680,i2312-P-680,60.7,0.0,0.0,0.0,10,27.1,0.0,0,60.7,0.0,0.0,0.0,0.0,0.0,2
2023-05-10 13:43:45,i2312-P-680,i2312-P-680,60.7,0.0,0.0,0.0,2,27.2,0.0,0,60.7,0.0,0.0,0.0,0.0,0.0,2
2023-05-10 13:43:45,i2312-P-680,i2312-P-680,60.7,0.0,0.0,0.0,10,27.3,0.0,0,60.7,0.0,0.0,0.0,0.0,0.0,2
2023-05-10 13:43:46,i2312-P-680,i2312-P-680,60.7,0.0,0.0,0.0,2,27.4,0.0,0,60.7,0.0,0.0,0.0,0.0,0.0,2
2023-05-10 13:43:46,i2312-P-680,i2312-P-680,60.7,0.0,0.0,0.0,10,27.5,0.0,0,60.7,0.0,0.0,0.0,0.0,0.0,2
2023-05-10 13:43:47,i2312-P-680,i2312-P-680,60.7,0.0,0.0,0.0,2,27.6,0.0,0,60.7,0.0,0.0,0.0,0.0,0.0,2
2023-05-10 13:43:47,i2312-P-680,i2312-P-680,60.7,0.0,0.0,0.0,10,27.7,0.0,0,60.7,0.0,0.0,0.0,0.0,0.0,2
2023-05-10 14:01:20,i2312-P-680,i2312-P-680,60.7,0.0,0.0,0.0,1,27.8,0.0,0,60.7,0.0,0.0,0.0,0.0,0.0,2
2023-05-10 14:01:20,i2312-P-680,i2312-P-680,60.7,0.0,0.0,0.0,10,27.9,0.0,0,60.7,0.0,0.0,0.0,0.0,0.0,2
2023-05-10 14:37:07,i2312-P-680,i2312-P-680,60.7,0.0,0.0,0.0,1,28.0,0.0,0,60.7,0.0,0.0,0.0,0.0,0.0,2
2023-05-10 14:37:07,i2312-P-680,i2312-P-680,60.7,0.0,0.0,0.0,10,28.1,0.0,0,60.7,0.0,0.0,0.0,0.0,0.0,2
2023-05-10 14:59:01,i2312-P-680,i2312-P-680,60.7,0.0,0.0,0.0,1,28.0,0.0,0,60.7,0.0,0.0,0.0,0.0,0.0,2
2023-05-10 15:01:15,i2312-P-680,i2312-P-680,60.7,0.0,0.0,0.0,1,28.0,0.0,0,60.7,0.0,0.0,0.0,0.0,0.0,2
