time,symbol_id,symbol_name,last,trade_volume,trade_amount,open_interest_change,bv1,bp1,ap1,av1,yesterday_close,today_open,today_high,today_low,volume,amount,open_interest
2023-05-09 20:56:05,i2312-P-650,i2312-P-650,45.9,0.0,0.0,0.0,1,0.1,0.0,0,45.9,0.0,0.0,0.0,0.0,0.0,3
2023-05-09 21:00:19,i2312-P-650,i2312-P-650,45.9,0.0,0.0,0.0,10,0.2,0.0,0,45.9,0.0,0.0,0.0,0.0,0.0,3
2023-05-09 21:01:04,i2312-P-650,i2312-P-650,45.9,0.0,0.0,0.0,1,0.3,0.0,0,45.9,0.0,0.0,0.0,0.0,0.0,3
2023-05-09 21:01:04,i2312-P-650,i2312-P-650,45.9,0.0,0.0,0.0,10,0.4,0.0,0,45.9,0.0,0.0,0.0,0.0,0.0,3
2023-05-09 21:01:06,i2312-P-650,i2312-P-650,45.9,0.0,0.0,0.0,1,0.5,0.0,0,45.9,0.0,0.0,0.0,0.0,0.0,3
2023-05-09 21:01:06,i2312-P-650,i2312-P-650,45.9,0.0,0.0,0.0,10,0.6,0.0,0,45.9,0.0,0.0,0.0,0.0,0.0,3
2023-05-09 21:01:08,i2312-P-650,i2312-P-650,45.9,0.0,0.0,0.0,1,0.7,0.0,0,45.9,0.0,0.0,0.0,0.0,0.0,3
2023-05-09 21:01:08,i2312-P-650,i2312-P-650,45.9,0.0,0.0,0.0,10,0.8,0.0,0,45.9,0.0,0.0,0.0,0.0,0.0,3
2023-05-09 21:01:10,i2312-P-650,i2312-P-650,45.9,0.0,0.0,0.0,1,0.9,0.0,0,45.9,0.0,0.0,0.0,0.0,0.0,3
2023-05-09 21:01:10,i2312-P-650,i2312-P-650,45.9,0.0,0.0,0.0,1,11.9,0.0,0,45.9,0.0,0.0,0.0,0.0,0.0,3
2023-05-09 21:01:10,i2312-P-650,i2312-P-650,45.9,0.0,0.0,0.0,10,12.0,0.0,0,45.9,0.0,0.0,0.0,0.0,0.0,3
2023-05-09 21:01:12,i2312-P-650,i2312-P-650,45.9,0.0,0.0,0.0,1,12.1,0.0,0,45.9,0.0,0.0,0.0,0.0,0.0,3
2023-05-09 21:01:12,i2312-P-650,i2312-P-650,45.9,0.0,0.0,0.0,10,12.2,0.0,0,45.9,0.0,0.0,0.0,0.0,0.0,3
2023-05-09 21:02:44,i2312-P-650,i2312-P-650,45.9,0.0,0.0,0.0,2,12.3,0.0,0,45.9,0.0,0.0,0.0,0.0,0.0,3
2023-05-09 21:02:44,i2312-P-650,i2312-P-650,45.9,0.0,0.0,0.0,10,12.4,0.0,0,45.9,0.0,0.0,0.0,0.0,0.0,3
2023-05-09 21:04:25,i2312-P-650,i2312-P-650,45.9,0.0,0.0,0.0,2,12.5,0.0,0,45.9,0.0,0.0,0.0,0.0,0.0,3
2023-05-09 21:04:25,i2312-P-650,i2312-P-650,45.9,0.0,0.0,0.0,10,12.6,0.0,0,45.9,0.0,0.0,0.0,0.0,0.0,3
2023-05-09 21:04:49,i2312-P-650,i2312-P-650,45.9,0.0,0.0,0.0,2,12.7,0.0,0,45.9,0.0,0.0,0.0,0.0,0.0,3
2023-05-09 21:04:49,i2312-P-650,i2312-P-650,45.9,0.0,0.0,0.0,10,12.8,0.0,0,45.9,0.0,0.0,0.0,0.0,0.0,3
2023-05-09 21:04:57,i2312-P-650,i2312-P-650,45.9,0.0,0.0,0.0,2,12.9,0.0,0,45.9,0.0,0.0,0.0,0.0,0.0,3
2023-05-09 21:04:57,i2312-P-650,i2312-P-650,45.9,0.0,0.0,0.0,10,13.0,0.0,0,45.9,0.0,0.0,0.0,0.0,0.0,3
2023-05-09 21:06:10,i2312-P-650,i2312-P-650,45.9,0.0,0.0,0.0,2,13.1,0.0,0,45.9,0.0,0.0,0.0,0.0,0.0,3
2023-05-09 21:06:10,i2312-P-650,i2312-P-650,45.9,0.0,0.0,0.0,10,13.2,0.0,0,45.9,0.0,0.0,0.0,0.0,0.0,3
2023-05-09 21:08:04,i2312-P-650,i2312-P-650,45.9,0.0,0.0,0.0,2,13.3,0.0,0,45.9,0.0,0.0,0.0,0.0,0.0,3
2023-05-09 21:08:04,i2312-P-650,i2312-P-650,45.9,0.0,0.0,0.0,10,13.4,0.0,0,45.9,0.0,0.0,0.0,0.0,0.0,3
2023-05-09 21:10:37,i2312-P-650,i2312-P-650,45.9,0.0,0.0,0.0,2,13.5,0.0,0,45.9,0.0,0.0,0.0,0.0,0.0,3
2023-05-09 21:10:37,i2312-P-650,i2312-P-650,45.9,0.0,0.0,0.0,10,13.6,0.0,0,45.9,0.0,0.0,0.0,0.0,0.0,3
2023-05-09 21:10:41,i2312-P-650,i2312-P-650,45.9,0.0,0.0,0.0,2,13.7,0.0,0,45.9,0.0,0.0,0.0,0.0,0.0,3
2023-05-09 21:10:41,i2312-P-650,i2312-P-650,45.9,0.0,0.0,0.0,10,13.8,0.0,0,45.9,0.0,0.0,0.0,0.0,0.0,3
2023-05-09 21:10:50,i2312-P-650,i2312-P-650,45.9,0.0,0.0,0.0,2,13.9,0.0,0,45.9,0.0,0.0,0.0,0.0,0.0,3
2023-05-09 21:10:50,i2312-P-650,i2312-P-650,45.9,0.0,0.0,0.0,10,14.0,0.0,0,45.9,0.0,0.0,0.0,0.0,0.0,3
2023-05-09 21:14:32,i2312-P-650,i2312-P-650,45.9,0.0,0.0,0.0,2,14.1,0.0,0,45.9,0.0,0.0,0.0,0.0,0.0,3
2023-05-09 21:14:32,i2312-P-650,i2312-P-650,45.9,0.0,0.0,0.0,10,14.2,0.0,0,45.9,0.0,0.0,0.0,0.0,0.0,3
2023-05-09 21:14:37,i2312-P-650,i2312-P-650,45.9,0.0,0.0,0.0,2,14.3,0.0,0,45.9,0.0,0.0,0.0,0.0,0.0,3
2023-05-09 21:14:37,i2312-P-650,i2312-P-650,45.9,0.0,0.0,0.0,10,14.4,0.0,0,45.9,0.0,0.0,0.0,0.0,0.0,3
2023-05-09 21:14:49,i2312-P-650,i2312-P-650,45.9,0.0,0.0,0.0,2,14.5,0.0,0,45.9,0.0,0.0,0.0,0.0,0.0,3
2023-05-09 21:14:49,i2312-P-650,i2312-P-650,45.9,0.0,0.0,0.0,10,14.6,0.0,0,45.9,0.0,0.0,0.0,0.0,0.0,3
2023-05-09 21:15:23,i2312-P-650,i2312-P-650,45.9,0.0,0.0,0.0,2,14.7,0.0,0,45.9,0.0,0.0,0.0,0.0,0.0,3
2023-05-09 21:15:23,i2312-P-650,i2312-P-650,45.9,0.0,0.0,0.0,10,14.8,0.0,0,45.9,0.0,0.0,0.0,0.0,0.0,3
2023-05-09 21:15:26,i2312-P-650,i2312-P-650,45.9,0.0,0.0,0.0,2,14.9,0.0,0,45.9,0.0,0.0,0.0,0.0,0.0,3
2023-05-09 21:15:26,i2312-P-650,i2312-P-650,45.9,0.0,0.0,0.0,10,15.0,0.0,0,45.9,0.0,0.0,0.0,0.0,0.0,3
2023-05-09 21:15:29,i2312-P-650,i2312-P-650,45.9,0.0,0.0,0.0,2,15.1,0.0,0,45.9,0.0,0.0,0.0,0.0,0.0,3
2023-05-09 21:15:29,i2312-P-650,i2312-P-650,45.9,0.0,0.0,0.0,10,15.2,0.0,0,45.9,0.0,0.0,0.0,0.0,0.0,3
2023-05-09 21:15:32,i2312-P-650,i2312-P-650,45.9,0.0,0.0,0.0,2,15.3,0.0,0,45.9,0.0,0.0,0.0,0.0,0.0,3
2023-05-09 21:15:32,i2312-P-650,i2312-P-650,45.9,0.0,0.0,0.0,10,15.4,0.0,0,45.9,0.0,0.0,0.0,0.0,0.0,3
2023-05-09 21:16:21,i2312-P-650,i2312-P-650,45.9,0.0,0.0,0.0,2,15.5,0.0,0,45.9,0.0,0.0,0.0,0.0,0.0,3
2023-05-09 21:16:21,i2312-P-650,i2312-P-650,45.9,0.0,0.0,0.0,10,15.6,0.0,0,45.9,0.0,0.0,0.0,0.0,0.0,3
2023-05-09 21:19:22,i2312-P-650,i2312-P-650,45.9,0.0,0.0,0.0,2,15.7,0.0,0,45.9,0.0,0.0,0.0,0.0,0.0,3
2023-05-09 21:19:22,i2312-P-650,i2312-P-650,45.9,0.0,0.0,0.0,10,15.8,0.0,0,45.9,0.0,0.0,0.0,0.0,0.0,3
2023-05-09 21:19:25,i2312-P-650,i2312-P-650,45.9,0.0,0.0,0.0,2,15.9,0.0,0,45.9,0.0,0.0,0.0,0.0,0.0,3
2023-05-09 21:19:25,i2312-P-650,i2312-P-650,45.9,0.0,0.0,0.0,10,16.0,0.0,0,45.9,0.0,0.0,0.0,0.0,0.0,3
2023-05-09 21:19:29,i2312-P-650,i2312-P-650,45.9,0.0,0.0,0.0,2,16.1,0.0,0,45.9,0.0,0.0,0.0,0.0,0.0,3
2023-05-09 21:19:29,i2312-P-650,i2312-P-650,45.9,0.0,0.0,0.0,10,16.2,0.0,0,45.9,0.0,0.0,0.0,0.0,0.0,3
2023-05-09 21:19:36,i2312-P-650,i2312-P-650,45.9,0.0,0.0,0.0,2,16.3,0.0,0,45.9,0.0,0.0,0.0,0.0,0.0,3
2023-05-09 21:19:36,i2312-P-650,i2312-P-650,45.9,0.0,0.0,0.0,10,16.4,0.0,0,45.9,0.0,0.0,0.0,0.0,0.0,3
2023-05-09 21:19:39,i2312-P-650,i2312-P-650,45.9,0.0,0.0,0.0,2,16.5,0.0,0,45.9,0.0,0.0,0.0,0.0,0.0,3
2023-05-09 21:19:39,i2312-P-650,i2312-P-650,45.9,0.0,0.0,0.0,10,16.6,0.0,0,45.9,0.0,0.0,0.0,0.0,0.0,3
2023-05-09 21:19:43,i2312-P-650,i2312-P-650,45.9,0.0,0.0,0.0,2,16.7,0.0,0,45.9,0.0,0.0,0.0,0.0,0.0,3
2023-05-09 21:19:43,i2312-P-650,i2312-P-650,45.9,0.0,0.0,0.0,10,16.8,0.0,0,45.9,0.0,0.0,0.0,0.0,0.0,3
2023-05-09 21:19:46,i2312-P-650,i2312-P-650,45.9,0.0,0.0,0.0,2,16.9,0.0,0,45.9,0.0,0.0,0.0,0.0,0.0,3
2023-05-09 21:19:46,i2312-P-650,i2312-P-650,45.9,0.0,0.0,0.0,10,17.0,0.0,0,45.9,0.0,0.0,0.0,0.0,0.0,3
2023-05-09 21:19:50,i2312-P-650,i2312-P-650,45.9,0.0,0.0,0.0,10,17.2,0.0,0,45.9,0.0,0.0,0.0,0.0,0.0,3
2023-05-09 21:19:53,i2312-P-650,i2312-P-650,45.9,0.0,0.0,0.0,2,17.3,0.0,0,45.9,0.0,0.0,0.0,0.0,0.0,3
2023-05-09 21:19:53,i2312-P-650,i2312-P-650,45.9,0.0,0.0,0.0,10,17.4,0.0,0,45.9,0.0,0.0,0.0,0.0,0.0,3
2023-05-09 21:19:56,i2312-P-650,i2312-P-650,45.9,0.0,0.0,0.0,2,17.5,0.0,0,45.9,0.0,0.0,0.0,0.0,0.0,3
2023-05-09 21:19:56,i2312-P-650,i2312-P-650,45.9,0.0,0.0,0.0,10,17.6,0.0,0,45.9,0.0,0.0,0.0,0.0,0.0,3
2023-05-09 21:19:59,i2312-P-650,i2312-P-650,45.9,0.0,0.0,0.0,2,17.7,0.0,0,45.9,0.0,0.0,0.0,0.0,0.0,3
2023-05-09 21:19:59,i2312-P-650,i2312-P-650,45.9,0.0,0.0,0.0,10,17.8,0.0,0,45.9,0.0,0.0,0.0,0.0,0.0,3
2023-05-09 21:20:02,i2312-P-650,i2312-P-650,45.9,0.0,0.0,0.0,2,17.9,0.0,0,45.9,0.0,0.0,0.0,0.0,0.0,3
2023-05-09 21:20:02,i2312-P-650,i2312-P-650,45.9,0.0,0.0,0.0,10,18.0,0.0,0,45.9,0.0,0.0,0.0,0.0,0.0,3
2023-05-09 21:20:07,i2312-P-650,i2312-P-650,45.9,0.0,0.0,0.0,2,18.1,0.0,0,45.9,0.0,0.0,0.0,0.0,0.0,3
2023-05-09 21:20:07,i2312-P-650,i2312-P-650,45.9,0.0,0.0,0.0,10,18.2,0.0,0,45.9,0.0,0.0,0.0,0.0,0.0,3
2023-05-09 21:20:10,i2312-P-650,i2312-P-650,45.9,0.0,0.0,0.0,2,18.3,0.0,0,45.9,0.0,0.0,0.0,0.0,0.0,3
2023-05-09 21:20:10,i2312-P-650,i2312-P-650,45.9,0.0,0.0,0.0,10,18.4,0.0,0,45.9,0.0,0.0,0.0,0.0,0.0,3
2023-05-09 21:20:13,i2312-P-650,i2312-P-650,45.9,0.0,0.0,0.0,2,18.5,0.0,0,45.9,0.0,0.0,0.0,0.0,0.0,3
2023-05-09 21:20:13,i2312-P-650,i2312-P-650,45.9,0.0,0.0,0.0,10,18.6,0.0,0,45.9,0.0,0.0,0.0,0.0,0.0,3
2023-05-09 21:20:15,i2312-P-650,i2312-P-650,45.9,0.0,0.0,0.0,2,18.7,0.0,0,45.9,0.0,0.0,0.0,0.0,0.0,3
2023-05-09 21:20:15,i2312-P-650,i2312-P-650,45.9,0.0,0.0,0.0,10,18.8,0.0,0,45.9,0.0,0.0,0.0,0.0,0.0,3
2023-05-09 21:20:17,i2312-P-650,i2312-P-650,45.9,0.0,0.0,0.0,2,18.9,0.0,0,45.9,0.0,0.0,0.0,0.0,0.0,3
2023-05-09 21:20:17,i2312-P-650,i2312-P-650,45.9,0.0,0.0,0.0,10,19.0,0.0,0,45.9,0.0,0.0,0.0,0.0,0.0,3
2023-05-09 21:20:20,i2312-P-650,i2312-P-650,45.9,0.0,0.0,0.0,2,19.1,0.0,0,45.9,0.0,0.0,0.0,0.0,0.0,3
2023-05-09 21:20:20,i2312-P-650,i2312-P-650,45.9,0.0,0.0,0.0,10,19.2,0.0,0,45.9,0.0,0.0,0.0,0.0,0.0,3
2023-05-09 21:20:22,i2312-P-650,i2312-P-650,45.9,0.0,0.0,0.0,2,19.3,0.0,0,45.9,0.0,0.0,0.0,0.0,0.0,3
2023-05-09 21:20:22,i2312-P-650,i2312-P-650,45.9,0.0,0.0,0.0,10,19.4,0.0,0,45.9,0.0,0.0,0.0,0.0,0.0,3
2023-05-09 21:20:24,i2312-P-650,i2312-P-650,45.9,0.0,0.0,0.0,2,19.5,0.0,0,45.9,0.0,0.0,0.0,0.0,0.0,3
2023-05-09 21:20:24,i2312-P-650,i2312-P-650,45.9,0.0,0.0,0.0,10,19.6,0.0,0,45.9,0.0,0.0,0.0,0.0,0.0,3
2023-05-09 21:20:26,i2312-P-650,i2312-P-650,45.9,0.0,0.0,0.0,2,19.7,0.0,0,45.9,0.0,0.0,0.0,0.0,0.0,3
2023-05-09 21:20:26,i2312-P-650,i2312-P-650,45.9,0.0,0.0,0.0,10,19.8,0.0,0,45.9,0.0,0.0,0.0,0.0,0.0,3
2023-05-09 21:20:27,i2312-P-650,i2312-P-650,45.9,0.0,0.0,0.0,2,19.9,0.0,0,45.9,0.0,0.0,0.0,0.0,0.0,3
2023-05-09 21:20:27,i2312-P-650,i2312-P-650,45.9,0.0,0.0,0.0,10,20.0,0.0,0,45.9,0.0,0.0,0.0,0.0,0.0,3
2023-05-09 21:20:29,i2312-P-650,i2312-P-650,45.9,0.0,0.0,0.0,2,20.1,0.0,0,45.9,0.0,0.0,0.0,0.0,0.0,3
2023-05-09 21:20:29,i2312-P-650,i2312-P-650,45.9,0.0,0.0,0.0,10,20.2,0.0,0,45.9,0.0,0.0,0.0,0.0,0.0,3
2023-05-09 21:20:30,i2312-P-650,i2312-P-650,45.9,0.0,0.0,0.0,2,20.3,0.0,0,45.9,0.0,0.0,0.0,0.0,0.0,3
2023-05-09 21:20:30,i2312-P-650,i2312-P-650,45.9,0.0,0.0,0.0,10,20.4,0.0,0,45.9,0.0,0.0,0.0,0.0,0.0,3
2023-05-09 21:20:32,i2312-P-650,i2312-P-650,45.9,0.0,0.0,0.0,2,20.5,0.0,0,45.9,0.0,0.0,0.0,0.0,0.0,3
2023-05-09 21:20:32,i2312-P-650,i2312-P-650,45.9,0.0,0.0,0.0,10,20.6,0.0,0,45.9,0.0,0.0,0.0,0.0,0.0,3
2023-05-09 21:20:33,i2312-P-650,i2312-P-650,45.9,0.0,0.0,0.0,2,20.7,0.0,0,45.9,0.0,0.0,0.0,0.0,0.0,3
2023-05-09 21:20:33,i2312-P-650,i2312-P-650,45.9,0.0,0.0,0.0,10,20.8,0.0,0,45.9,0.0,0.0,0.0,0.0,0.0,3
2023-05-09 21:20:35,i2312-P-650,i2312-P-650,45.9,0.0,0.0,0.0,2,20.9,0.0,0,45.9,0.0,0.0,0.0,0.0,0.0,3
2023-05-09 21:20:35,i2312-P-650,i2312-P-650,45.9,0.0,0.0,0.0,10,21.0,0.0,0,45.9,0.0,0.0,0.0,0.0,0.0,3
2023-05-09 21:20:36,i2312-P-650,i2312-P-650,45.9,0.0,0.0,0.0,2,21.1,0.0,0,45.9,0.0,0.0,0.0,0.0,0.0,3
2023-05-09 21:20:36,i2312-P-650,i2312-P-650,45.9,0.0,0.0,0.0,10,21.2,0.0,0,45.9,0.0,0.0,0.0,0.0,0.0,3
2023-05-09 21:20:38,i2312-P-650,i2312-P-650,45.9,0.0,0.0,0.0,2,21.3,0.0,0,45.9,0.0,0.0,0.0,0.0,0.0,3
2023-05-09 21:20:38,i2312-P-650,i2312-P-650,45.9,0.0,0.0,0.0,10,21.4,0.0,0,45.9,0.0,0.0,0.0,0.0,0.0,3
2023-05-09 21:20:40,i2312-P-650,i2312-P-650,45.9,0.0,0.0,0.0,2,21.5,0.0,0,45.9,0.0,0.0,0.0,0.0,0.0,3
2023-05-09 21:20:40,i2312-P-650,i2312-P-650,45.9,0.0,0.0,0.0,10,21.6,0.0,0,45.9,0.0,0.0,0.0,0.0,0.0,3
2023-05-09 21:20:41,i2312-P-650,i2312-P-650,45.9,0.0,0.0,0.0,2,21.7,0.0,0,45.9,0.0,0.0,0.0,0.0,0.0,3
2023-05-09 21:20:41,i2312-P-650,i2312-P-650,45.9,0.0,0.0,0.0,10,21.8,0.0,0,45.9,0.0,0.0,0.0,0.0,0.0,3
2023-05-09 21:20:43,i2312-P-650,i2312-P-650,45.9,0.0,0.0,0.0,2,21.9,0.0,0,45.9,0.0,0.0,0.0,0.0,0.0,3
2023-05-09 21:20:43,i2312-P-650,i2312-P-650,45.9,0.0,0.0,0.0,10,22.0,0.0,0,45.9,0.0,0.0,0.0,0.0,0.0,3
2023-05-09 21:20:44,i2312-P-650,i2312-P-650,45.9,0.0,0.0,0.0,2,22.1,0.0,0,45.9,0.0,0.0,0.0,0.0,0.0,3
2023-05-09 21:20:44,i2312-P-650,i2312-P-650,45.9,0.0,0.0,0.0,10,22.2,0.0,0,45.9,0.0,0.0,0.0,0.0,0.0,3
2023-05-09 21:20:45,i2312-P-650,i2312-P-650,45.9,0.0,0.0,0.0,2,22.3,0.0,0,45.9,0.0,0.0,0.0,0.0,0.0,3
2023-05-09 21:20:45,i2312-P-650,i2312-P-650,45.9,0.0,0.0,0.0,10,22.4,0.0,0,45.9,0.0,0.0,0.0,0.0,0.0,3
2023-05-09 21:20:46,i2312-P-650,i2312-P-650,45.9,0.0,0.0,0.0,2,22.5,0.0,0,45.9,0.0,0.0,0.0,0.0,0.0,3
2023-05-09 21:20:46,i2312-P-650,i2312-P-650,45.9,0.0,0.0,0.0,10,22.6,0.0,0,45.9,0.0,0.0,0.0,0.0,0.0,3
2023-05-09 21:20:47,i2312-P-650,i2312-P-650,45.9,0.0,0.0,0.0,2,22.7,0.0,0,45.9,0.0,0.0,0.0,0.0,0.0,3
2023-05-09 21:20:47,i2312-P-650,i2312-P-650,45.9,0.0,0.0,0.0,10,22.8,0.0,0,45.9,0.0,0.0,0.0,0.0,0.0,3
2023-05-09 21:20:48,i2312-P-650,i2312-P-650,45.9,0.0,0.0,0.0,2,22.9,0.0,0,45.9,0.0,0.0,0.0,0.0,0.0,3
2023-05-09 21:20:48,i2312-P-650,i2312-P-650,45.9,0.0,0.0,0.0,10,23.0,0.0,0,45.9,0.0,0.0,0.0,0.0,0.0,3
2023-05-09 22:20:04,i2312-P-650,i2312-P-650,45.9,0.0,0.0,0.0,2,24.6,0.0,0,45.9,0.0,0.0,0.0,0.0,0.0,3
2023-05-09 22:20:04,i2312-P-650,i2312-P-650,45.9,0.0,0.0,0.0,10,24.7,0.0,0,45.9,0.0,0.0,0.0,0.0,0.0,3
2023-05-09 22:20:05,i2312-P-650,i2312-P-650,45.9,0.0,0.0,0.0,2,26.3,0.0,0,45.9,0.0,0.0,0.0,0.0,0.0,3
2023-05-09 22:20:05,i2312-P-650,i2312-P-650,45.9,0.0,0.0,0.0,10,26.4,0.0,0,45.9,0.0,0.0,0.0,0.0,0.0,3
2023-05-09 22:20:07,i2312-P-650,i2312-P-650,45.9,0.0,0.0,0.0,2,28.0,0.0,0,45.9,0.0,0.0,0.0,0.0,0.0,3
2023-05-09 22:20:07,i2312-P-650,i2312-P-650,45.9,0.0,0.0,0.0,10,28.1,0.0,0,45.9,0.0,0.0,0.0,0.0,0.0,3
2023-05-09 22:20:08,i2312-P-650,i2312-P-650,45.9,0.0,0.0,0.0,2,28.9,0.0,0,45.9,0.0,0.0,0.0,0.0,0.0,3
2023-05-09 22:20:08,i2312-P-650,i2312-P-650,45.9,0.0,0.0,0.0,10,29.0,0.0,0,45.9,0.0,0.0,0.0,0.0,0.0,3
2023-05-09 22:20:09,i2312-P-650,i2312-P-650,45.9,0.0,0.0,0.0,2,29.1,0.0,0,45.9,0.0,0.0,0.0,0.0,0.0,3
2023-05-09 22:20:09,i2312-P-650,i2312-P-650,45.9,0.0,0.0,0.0,10,29.2,0.0,0,45.9,0.0,0.0,0.0,0.0,0.0,3
2023-05-09 22:20:10,i2312-P-650,i2312-P-650,45.9,0.0,0.0,0.0,2,29.3,0.0,0,45.9,0.0,0.0,0.0,0.0,0.0,3
2023-05-09 22:20:10,i2312-P-650,i2312-P-650,45.9,0.0,0.0,0.0,10,29.4,0.0,0,45.9,0.0,0.0,0.0,0.0,0.0,3
2023-05-09 22:20:11,i2312-P-650,i2312-P-650,45.9,0.0,0.0,0.0,2,29.5,0.0,0,45.9,0.0,0.0,0.0,0.0,0.0,3
2023-05-09 22:20:11,i2312-P-650,i2312-P-650,45.9,0.0,0.0,0.0,10,29.6,0.0,0,45.9,0.0,0.0,0.0,0.0,0.0,3
2023-05-09 22:20:12,i2312-P-650,i2312-P-650,45.9,0.0,0.0,0.0,2,29.7,0.0,0,45.9,0.0,0.0,0.0,0.0,0.0,3
2023-05-09 22:20:12,i2312-P-650,i2312-P-650,45.9,0.0,0.0,0.0,10,29.8,0.0,0,45.9,0.0,0.0,0.0,0.0,0.0,3
2023-05-09 22:57:32,i2312-P-650,i2312-P-650,45.9,0.0,0.0,0.0,1,12.1,0.0,0,45.9,0.0,0.0,0.0,0.0,0.0,3
2023-05-09 22:57:51,i2312-P-650,i2312-P-650,45.9,0.0,0.0,0.0,10,12.2,0.0,0,45.9,0.0,0.0,0.0,0.0,0.0,3
2023-05-09 22:58:55,i2312-P-650,i2312-P-650,45.9,0.0,0.0,0.0,1,12.1,0.0,0,45.9,0.0,0.0,0.0,0.0,0.0,3
2023-05-09 22:59:11,i2312-P-650,i2312-P-650,45.9,0.0,0.0,0.0,10,12.2,0.0,0,45.9,0.0,0.0,0.0,0.0,0.0,3
2023-05-09 22:59:55,i2312-P-650,i2312-P-650,45.9,0.0,0.0,0.0,1,12.1,0.0,0,45.9,0.0,0.0,0.0,0.0,0.0,3
2023-05-10 09:00:10,i2312-P-650,i2312-P-650,45.9,0.0,0.0,0.0,10,12.2,0.0,0,45.9,0.0,0.0,0.0,0.0,0.0,3
2023-05-10 09:01:09,i2312-P-650,i2312-P-650,45.9,0.0,0.0,0.0,1,12.3,0.0,0,45.9,0.0,0.0,0.0,0.0,0.0,3
2023-05-10 09:01:09,i2312-P-650,i2312-P-650,45.9,0.0,0.0,0.0,10,12.4,0.0,0,45.9,0.0,0.0,0.0,0.0,0.0,3
2023-05-10 09:01:26,i2312-P-650,i2312-P-650,45.9,0.0,0.0,0.0,2,12.5,0.0,0,45.9,0.0,0.0,0.0,0.0,0.0,3
2023-05-10 09:01:26,i2312-P-650,i2312-P-650,45.9,0.0,0.0,0.0,10,12.6,0.0,0,45.9,0.0,0.0,0.0,0.0,0.0,3
2023-05-10 09:01:46,i2312-P-650,i2312-P-650,45.9,0.0,0.0,0.0,2,12.7,0.0,0,45.9,0.0,0.0,0.0,0.0,0.0,3
2023-05-10 09:01:46,i2312-P-650,i2312-P-650,45.9,0.0,0.0,0.0,10,12.8,0.0,0,45.9,0.0,0.0,0.0,0.0,0.0,3
2023-05-10 09:01:54,i2312-P-650,i2312-P-650,45.9,0.0,0.0,0.0,2,12.9,0.0,0,45.9,0.0,0.0,0.0,0.0,0.0,3
2023-05-10 09:01:54,i2312-P-650,i2312-P-650,45.9,0.0,0.0,0.0,10,13.0,0.0,0,45.9,0.0,0.0,0.0,0.0,0.0,3
2023-05-10 09:01:57,i2312-P-650,i2312-P-650,45.9,0.0,0.0,0.0,2,13.1,0.0,0,45.9,0.0,0.0,0.0,0.0,0.0,3
2023-05-10 09:01:57,i2312-P-650,i2312-P-650,45.9,0.0,0.0,0.0,10,13.2,0.0,0,45.9,0.0,0.0,0.0,0.0,0.0,3
2023-05-10 09:02:01,i2312-P-650,i2312-P-650,45.9,0.0,0.0,0.0,2,13.3,0.0,0,45.9,0.0,0.0,0.0,0.0,0.0,3
2023-05-10 09:02:01,i2312-P-650,i2312-P-650,45.9,0.0,0.0,0.0,10,13.4,0.0,0,45.9,0.0,0.0,0.0,0.0,0.0,3
2023-05-10 09:02:02,i2312-P-650,i2312-P-650,45.9,0.0,0.0,0.0,2,13.5,0.0,0,45.9,0.0,0.0,0.0,0.0,0.0,3
2023-05-10 09:02:02,i2312-P-650,i2312-P-650,45.9,0.0,0.0,0.0,10,13.6,0.0,0,45.9,0.0,0.0,0.0,0.0,0.0,3
2023-05-10 09:02:05,i2312-P-650,i2312-P-650,45.9,0.0,0.0,0.0,2,13.7,0.0,0,45.9,0.0,0.0,0.0,0.0,0.0,3
2023-05-10 09:02:05,i2312-P-650,i2312-P-650,45.9,0.0,0.0,0.0,10,13.8,0.0,0,45.9,0.0,0.0,0.0,0.0,0.0,3
2023-05-10 09:02:06,i2312-P-650,i2312-P-650,45.9,0.0,0.0,0.0,2,13.9,0.0,0,45.9,0.0,0.0,0.0,0.0,0.0,3
2023-05-10 09:02:06,i2312-P-650,i2312-P-650,45.9,0.0,0.0,0.0,10,14.0,0.0,0,45.9,0.0,0.0,0.0,0.0,0.0,3
2023-05-10 09:02:09,i2312-P-650,i2312-P-650,45.9,0.0,0.0,0.0,2,14.1,0.0,0,45.9,0.0,0.0,0.0,0.0,0.0,3
2023-05-10 09:02:09,i2312-P-650,i2312-P-650,45.9,0.0,0.0,0.0,10,14.2,0.0,0,45.9,0.0,0.0,0.0,0.0,0.0,3
2023-05-10 09:02:10,i2312-P-650,i2312-P-650,45.9,0.0,0.0,0.0,2,14.3,0.0,0,45.9,0.0,0.0,0.0,0.0,0.0,3
2023-05-10 09:02:10,i2312-P-650,i2312-P-650,45.9,0.0,0.0,0.0,10,14.4,0.0,0,45.9,0.0,0.0,0.0,0.0,0.0,3
2023-05-10 09:02:16,i2312-P-650,i2312-P-650,45.9,0.0,0.0,0.0,2,14.5,0.0,0,45.9,0.0,0.0,0.0,0.0,0.0,3
2023-05-10 09:02:16,i2312-P-650,i2312-P-650,45.9,0.0,0.0,0.0,10,14.6,0.0,0,45.9,0.0,0.0,0.0,0.0,0.0,3
2023-05-10 09:02:20,i2312-P-650,i2312-P-650,45.9,0.0,0.0,0.0,2,14.7,0.0,0,45.9,0.0,0.0,0.0,0.0,0.0,3
2023-05-10 09:02:20,i2312-P-650,i2312-P-650,45.9,0.0,0.0,0.0,10,14.8,0.0,0,45.9,0.0,0.0,0.0,0.0,0.0,3
2023-05-10 09:02:22,i2312-P-650,i2312-P-650,45.9,0.0,0.0,0.0,2,14.9,0.0,0,45.9,0.0,0.0,0.0,0.0,0.0,3
2023-05-10 09:02:22,i2312-P-650,i2312-P-650,45.9,0.0,0.0,0.0,10,15.0,0.0,0,45.9,0.0,0.0,0.0,0.0,0.0,3
2023-05-10 09:02:25,i2312-P-650,i2312-P-650,45.9,0.0,0.0,0.0,2,15.1,0.0,0,45.9,0.0,0.0,0.0,0.0,0.0,3
2023-05-10 09:02:25,i2312-P-650,i2312-P-650,45.9,0.0,0.0,0.0,10,15.2,0.0,0,45.9,0.0,0.0,0.0,0.0,0.0,3
2023-05-10 09:02:27,i2312-P-650,i2312-P-650,45.9,0.0,0.0,0.0,2,15.3,0.0,0,45.9,0.0,0.0,0.0,0.0,0.0,3
2023-05-10 09:02:27,i2312-P-650,i2312-P-650,45.9,0.0,0.0,0.0,10,15.4,0.0,0,45.9,0.0,0.0,0.0,0.0,0.0,3
2023-05-10 09:02:29,i2312-P-650,i2312-P-650,45.9,0.0,0.0,0.0,2,15.5,0.0,0,45.9,0.0,0.0,0.0,0.0,0.0,3
2023-05-10 09:02:29,i2312-P-650,i2312-P-650,45.9,0.0,0.0,0.0,10,15.6,0.0,0,45.9,0.0,0.0,0.0,0.0,0.0,3
2023-05-10 09:02:31,i2312-P-650,i2312-P-650,45.9,0.0,0.0,0.0,2,15.7,0.0,0,45.9,0.0,0.0,0.0,0.0,0.0,3
2023-05-10 09:02:31,i2312-P-650,i2312-P-650,45.9,0.0,0.0,0.0,10,15.8,0.0,0,45.9,0.0,0.0,0.0,0.0,0.0,3
2023-05-10 09:02:33,i2312-P-650,i2312-P-650,45.9,0.0,0.0,0.0,2,15.9,0.0,0,45.9,0.0,0.0,0.0,0.0,0.0,3
2023-05-10 09:02:33,i2312-P-650,i2312-P-650,45.9,0.0,0.0,0.0,10,16.0,0.0,0,45.9,0.0,0.0,0.0,0.0,0.0,3
2023-05-10 09:02:34,i2312-P-650,i2312-P-650,45.9,0.0,0.0,0.0,2,16.1,0.0,0,45.9,0.0,0.0,0.0,0.0,0.0,3
2023-05-10 09:02:34,i2312-P-650,i2312-P-650,45.9,0.0,0.0,0.0,10,16.2,0.0,0,45.9,0.0,0.0,0.0,0.0,0.0,3
2023-05-10 09:02:35,i2312-P-650,i2312-P-650,45.9,0.0,0.0,0.0,2,16.3,0.0,0,45.9,0.0,0.0,0.0,0.0,0.0,3
2023-05-10 09:02:35,i2312-P-650,i2312-P-650,45.9,0.0,0.0,0.0,10,16.4,0.0,0,45.9,0.0,0.0,0.0,0.0,0.0,3
2023-05-10 09:02:37,i2312-P-650,i2312-P-650,45.9,0.0,0.0,0.0,2,16.5,0.0,0,45.9,0.0,0.0,0.0,0.0,0.0,3
2023-05-10 09:02:37,i2312-P-650,i2312-P-650,45.9,0.0,0.0,0.0,10,16.6,0.0,0,45.9,0.0,0.0,0.0,0.0,0.0,3
2023-05-10 09:02:38,i2312-P-650,i2312-P-650,45.9,0.0,0.0,0.0,2,16.7,0.0,0,45.9,0.0,0.0,0.0,0.0,0.0,3
2023-05-10 09:02:38,i2312-P-650,i2312-P-650,45.9,0.0,0.0,0.0,10,16.8,0.0,0,45.9,0.0,0.0,0.0,0.0,0.0,3
2023-05-10 09:02:39,i2312-P-650,i2312-P-650,45.9,0.0,0.0,0.0,2,16.9,0.0,0,45.9,0.0,0.0,0.0,0.0,0.0,3
2023-05-10 09:02:39,i2312-P-650,i2312-P-650,45.9,0.0,0.0,0.0,10,17.0,0.0,0,45.9,0.0,0.0,0.0,0.0,0.0,3
2023-05-10 09:02:40,i2312-P-650,i2312-P-650,45.9,0.0,0.0,0.0,2,17.1,0.0,0,45.9,0.0,0.0,0.0,0.0,0.0,3
2023-05-10 09:02:40,i2312-P-650,i2312-P-650,45.9,0.0,0.0,0.0,10,17.2,0.0,0,45.9,0.0,0.0,0.0,0.0,0.0,3
2023-05-10 09:02:41,i2312-P-650,i2312-P-650,45.9,0.0,0.0,0.0,2,17.3,0.0,0,45.9,0.0,0.0,0.0,0.0,0.0,3
2023-05-10 09:02:41,i2312-P-650,i2312-P-650,45.9,0.0,0.0,0.0,10,17.4,0.0,0,45.9,0.0,0.0,0.0,0.0,0.0,3
2023-05-10 09:02:42,i2312-P-650,i2312-P-650,45.9,0.0,0.0,0.0,2,17.5,0.0,0,45.9,0.0,0.0,0.0,0.0,0.0,3
2023-05-10 09:02:42,i2312-P-650,i2312-P-650,45.9,0.0,0.0,0.0,10,17.6,0.0,0,45.9,0.0,0.0,0.0,0.0,0.0,3
2023-05-10 09:02:43,i2312-P-650,i2312-P-650,45.9,0.0,0.0,0.0,2,17.7,0.0,0,45.9,0.0,0.0,0.0,0.0,0.0,3
2023-05-10 09:02:43,i2312-P-650,i2312-P-650,45.9,0.0,0.0,0.0,10,17.8,0.0,0,45.9,0.0,0.0,0.0,0.0,0.0,3
2023-05-10 09:02:44,i2312-P-650,i2312-P-650,45.9,0.0,0.0,0.0,2,17.9,0.0,0,45.9,0.0,0.0,0.0,0.0,0.0,3
2023-05-10 09:02:44,i2312-P-650,i2312-P-650,45.9,0.0,0.0,0.0,10,18.0,0.0,0,45.9,0.0,0.0,0.0,0.0,0.0,3
2023-05-10 09:02:45,i2312-P-650,i2312-P-650,45.9,0.0,0.0,0.0,2,18.1,0.0,0,45.9,0.0,0.0,0.0,0.0,0.0,3
2023-05-10 09:02:45,i2312-P-650,i2312-P-650,45.9,0.0,0.0,0.0,10,18.2,0.0,0,45.9,0.0,0.0,0.0,0.0,0.0,3
2023-05-10 09:02:46,i2312-P-650,i2312-P-650,45.9,0.0,0.0,0.0,2,18.3,0.0,0,45.9,0.0,0.0,0.0,0.0,0.0,3
2023-05-10 09:02:46,i2312-P-650,i2312-P-650,45.9,0.0,0.0,0.0,10,18.4,0.0,0,45.9,0.0,0.0,0.0,0.0,0.0,3
2023-05-10 09:02:47,i2312-P-650,i2312-P-650,45.9,0.0,0.0,0.0,2,18.5,0.0,0,45.9,0.0,0.0,0.0,0.0,0.0,3
2023-05-10 09:02:47,i2312-P-650,i2312-P-650,45.9,0.0,0.0,0.0,10,18.6,0.0,0,45.9,0.0,0.0,0.0,0.0,0.0,3
2023-05-10 09:02:48,i2312-P-650,i2312-P-650,45.9,0.0,0.0,0.0,2,18.7,0.0,0,45.9,0.0,0.0,0.0,0.0,0.0,3
2023-05-10 09:02:48,i2312-P-650,i2312-P-650,45.9,0.0,0.0,0.0,10,18.8,0.0,0,45.9,0.0,0.0,0.0,0.0,0.0,3
2023-05-10 09:02:49,i2312-P-650,i2312-P-650,45.9,0.0,0.0,0.0,2,18.9,0.0,0,45.9,0.0,0.0,0.0,0.0,0.0,3
2023-05-10 09:02:49,i2312-P-650,i2312-P-650,45.9,0.0,0.0,0.0,10,19.0,0.0,0,45.9,0.0,0.0,0.0,0.0,0.0,3
2023-05-10 09:02:50,i2312-P-650,i2312-P-650,45.9,0.0,0.0,0.0,2,19.1,0.0,0,45.9,0.0,0.0,0.0,0.0,0.0,3
2023-05-10 09:02:50,i2312-P-650,i2312-P-650,45.9,0.0,0.0,0.0,10,19.2,0.0,0,45.9,0.0,0.0,0.0,0.0,0.0,3
2023-05-10 09:02:51,i2312-P-650,i2312-P-650,45.9,0.0,0.0,0.0,2,19.3,0.0,0,45.9,0.0,0.0,0.0,0.0,0.0,3
2023-05-10 09:02:51,i2312-P-650,i2312-P-650,45.9,0.0,0.0,0.0,10,19.4,0.0,0,45.9,0.0,0.0,0.0,0.0,0.0,3
2023-05-10 09:02:52,i2312-P-650,i2312-P-650,45.9,0.0,0.0,0.0,2,19.5,0.0,0,45.9,0.0,0.0,0.0,0.0,0.0,3
2023-05-10 09:02:52,i2312-P-650,i2312-P-650,45.9,0.0,0.0,0.0,10,19.6,0.0,0,45.9,0.0,0.0,0.0,0.0,0.0,3
2023-05-10 09:02:53,i2312-P-650,i2312-P-650,45.9,0.0,0.0,0.0,2,19.7,0.0,0,45.9,0.0,0.0,0.0,0.0,0.0,3
2023-05-10 09:02:53,i2312-P-650,i2312-P-650,45.9,0.0,0.0,0.0,10,19.8,0.0,0,45.9,0.0,0.0,0.0,0.0,0.0,3
2023-05-10 09:02:54,i2312-P-650,i2312-P-650,45.9,0.0,0.0,0.0,2,19.9,0.0,0,45.9,0.0,0.0,0.0,0.0,0.0,3
2023-05-10 09:02:54,i2312-P-650,i2312-P-650,45.9,0.0,0.0,0.0,10,20.0,0.0,0,45.9,0.0,0.0,0.0,0.0,0.0,3
2023-05-10 09:02:55,i2312-P-650,i2312-P-650,45.9,0.0,0.0,0.0,2,20.1,0.0,0,45.9,0.0,0.0,0.0,0.0,0.0,3
2023-05-10 09:02:55,i2312-P-650,i2312-P-650,45.9,0.0,0.0,0.0,10,20.2,0.0,0,45.9,0.0,0.0,0.0,0.0,0.0,3
2023-05-10 09:02:56,i2312-P-650,i2312-P-650,45.9,0.0,0.0,0.0,2,20.3,0.0,0,45.9,0.0,0.0,0.0,0.0,0.0,3
2023-05-10 09:02:56,i2312-P-650,i2312-P-650,45.9,0.0,0.0,0.0,10,20.4,0.0,0,45.9,0.0,0.0,0.0,0.0,0.0,3
2023-05-10 09:02:57,i2312-P-650,i2312-P-650,45.9,0.0,0.0,0.0,2,20.5,0.0,0,45.9,0.0,0.0,0.0,0.0,0.0,3
2023-05-10 09:02:57,i2312-P-650,i2312-P-650,45.9,0.0,0.0,0.0,10,20.6,0.0,0,45.9,0.0,0.0,0.0,0.0,0.0,3
2023-05-10 09:02:58,i2312-P-650,i2312-P-650,45.9,0.0,0.0,0.0,2,20.7,0.0,0,45.9,0.0,0.0,0.0,0.0,0.0,3
2023-05-10 09:02:58,i2312-P-650,i2312-P-650,45.9,0.0,0.0,0.0,10,20.8,0.0,0,45.9,0.0,0.0,0.0,0.0,0.0,3
2023-05-10 09:02:59,i2312-P-650,i2312-P-650,45.9,0.0,0.0,0.0,2,20.9,0.0,0,45.9,0.0,0.0,0.0,0.0,0.0,3
2023-05-10 09:02:59,i2312-P-650,i2312-P-650,45.9,0.0,0.0,0.0,10,21.0,0.0,0,45.9,0.0,0.0,0.0,0.0,0.0,3
2023-05-10 09:03:00,i2312-P-650,i2312-P-650,45.9,0.0,0.0,0.0,2,21.1,0.0,0,45.9,0.0,0.0,0.0,0.0,0.0,3
2023-05-10 09:03:00,i2312-P-650,i2312-P-650,45.9,0.0,0.0,0.0,10,21.2,0.0,0,45.9,0.0,0.0,0.0,0.0,0.0,3
2023-05-10 09:03:01,i2312-P-650,i2312-P-650,45.9,0.0,0.0,0.0,2,21.3,0.0,0,45.9,0.0,0.0,0.0,0.0,0.0,3
2023-05-10 09:03:01,i2312-P-650,i2312-P-650,45.9,0.0,0.0,0.0,10,21.4,0.0,0,45.9,0.0,0.0,0.0,0.0,0.0,3
2023-05-10 09:03:02,i2312-P-650,i2312-P-650,45.9,0.0,0.0,0.0,2,21.5,0.0,0,45.9,0.0,0.0,0.0,0.0,0.0,3
2023-05-10 09:03:02,i2312-P-650,i2312-P-650,45.9,0.0,0.0,0.0,10,21.6,0.0,0,45.9,0.0,0.0,0.0,0.0,0.0,3
2023-05-10 09:03:03,i2312-P-650,i2312-P-650,45.9,0.0,0.0,0.0,2,21.7,0.0,0,45.9,0.0,0.0,0.0,0.0,0.0,3
2023-05-10 09:03:03,i2312-P-650,i2312-P-650,45.9,0.0,0.0,0.0,10,21.8,0.0,0,45.9,0.0,0.0,0.0,0.0,0.0,3
2023-05-10 09:03:04,i2312-P-650,i2312-P-650,45.9,0.0,0.0,0.0,2,21.9,0.0,0,45.9,0.0,0.0,0.0,0.0,0.0,3
2023-05-10 09:03:04,i2312-P-650,i2312-P-650,45.9,0.0,0.0,0.0,10,22.0,0.0,0,45.9,0.0,0.0,0.0,0.0,0.0,3
2023-05-10 09:03:05,i2312-P-650,i2312-P-650,45.9,0.0,0.0,0.0,2,22.1,0.0,0,45.9,0.0,0.0,0.0,0.0,0.0,3
2023-05-10 09:03:05,i2312-P-650,i2312-P-650,45.9,0.0,0.0,0.0,10,22.2,0.0,0,45.9,0.0,0.0,0.0,0.0,0.0,3
2023-05-10 09:03:06,i2312-P-650,i2312-P-650,45.9,0.0,0.0,0.0,2,22.3,0.0,0,45.9,0.0,0.0,0.0,0.0,0.0,3
2023-05-10 09:03:06,i2312-P-650,i2312-P-650,45.9,0.0,0.0,0.0,10,22.4,0.0,0,45.9,0.0,0.0,0.0,0.0,0.0,3
2023-05-10 09:31:12,i2312-P-650,i2312-P-650,45.9,0.0,0.0,0.0,2,22.5,0.0,0,45.9,0.0,0.0,0.0,0.0,0.0,3
2023-05-10 09:31:12,i2312-P-650,i2312-P-650,45.9,0.0,0.0,0.0,10,22.6,0.0,0,45.9,0.0,0.0,0.0,0.0,0.0,3
2023-05-10 09:42:48,i2312-P-650,i2312-P-650,45.9,0.0,0.0,0.0,2,22.7,0.0,0,45.9,0.0,0.0,0.0,0.0,0.0,3
2023-05-10 09:42:48,i2312-P-650,i2312-P-650,45.9,0.0,0.0,0.0,10,22.8,0.0,0,45.9,0.0,0.0,0.0,0.0,0.0,3
2023-05-10 10:14:32,i2312-P-650,i2312-P-650,45.9,0.0,0.0,0.0,1,12.3,0.0,0,45.9,0.0,0.0,0.0,0.0,0.0,3
2023-05-10 10:30:05,i2312-P-650,i2312-P-650,45.9,0.0,0.0,0.0,10,12.4,0.0,0,45.9,0.0,0.0,0.0,0.0,0.0,3
2023-05-10 10:30:51,i2312-P-650,i2312-P-650,45.9,0.0,0.0,0.0,2,12.5,0.0,0,45.9,0.0,0.0,0.0,0.0,0.0,3
2023-05-10 10:30:51,i2312-P-650,i2312-P-650,45.9,0.0,0.0,0.0,10,12.6,0.0,0,45.9,0.0,0.0,0.0,0.0,0.0,3
2023-05-10 10:31:12,i2312-P-650,i2312-P-650,45.9,0.0,0.0,0.0,2,12.7,0.0,0,45.9,0.0,0.0,0.0,0.0,0.0,3
2023-05-10 10:31:12,i2312-P-650,i2312-P-650,45.9,0.0,0.0,0.0,10,12.8,0.0,0,45.9,0.0,0.0,0.0,0.0,0.0,3
2023-05-10 10:31:38,i2312-P-650,i2312-P-650,45.9,0.0,0.0,0.0,2,12.9,0.0,0,45.9,0.0,0.0,0.0,0.0,0.0,3
2023-05-10 10:31:38,i2312-P-650,i2312-P-650,45.9,0.0,0.0,0.0,10,13.0,0.0,0,45.9,0.0,0.0,0.0,0.0,0.0,3
2023-05-10 10:31:45,i2312-P-650,i2312-P-650,45.9,0.0,0.0,0.0,2,13.1,0.0,0,45.9,0.0,0.0,0.0,0.0,0.0,3
2023-05-10 10:31:45,i2312-P-650,i2312-P-650,45.9,0.0,0.0,0.0,10,13.2,0.0,0,45.9,0.0,0.0,0.0,0.0,0.0,3
2023-05-10 10:31:49,i2312-P-650,i2312-P-650,45.9,0.0,0.0,0.0,2,13.3,0.0,0,45.9,0.0,0.0,0.0,0.0,0.0,3
2023-05-10 10:31:49,i2312-P-650,i2312-P-650,45.9,0.0,0.0,0.0,10,13.4,0.0,0,45.9,0.0,0.0,0.0,0.0,0.0,3
2023-05-10 10:31:54,i2312-P-650,i2312-P-650,45.9,0.0,0.0,0.0,2,13.5,0.0,0,45.9,0.0,0.0,0.0,0.0,0.0,3
2023-05-10 10:31:54,i2312-P-650,i2312-P-650,45.9,0.0,0.0,0.0,10,13.6,0.0,0,45.9,0.0,0.0,0.0,0.0,0.0,3
2023-05-10 10:31:56,i2312-P-650,i2312-P-650,45.9,0.0,0.0,0.0,2,13.7,0.0,0,45.9,0.0,0.0,0.0,0.0,0.0,3
2023-05-10 10:31:56,i2312-P-650,i2312-P-650,45.9,0.0,0.0,0.0,10,13.8,0.0,0,45.9,0.0,0.0,0.0,0.0,0.0,3
2023-05-10 10:31:57,i2312-P-650,i2312-P-650,45.9,0.0,0.0,0.0,2,13.9,0.0,0,45.9,0.0,0.0,0.0,0.0,0.0,3
2023-05-10 10:31:57,i2312-P-650,i2312-P-650,45.9,0.0,0.0,0.0,10,14.0,0.0,0,45.9,0.0,0.0,0.0,0.0,0.0,3
2023-05-10 10:31:58,i2312-P-650,i2312-P-650,45.9,0.0,0.0,0.0,2,14.1,0.0,0,45.9,0.0,0.0,0.0,0.0,0.0,3
2023-05-10 10:31:58,i2312-P-650,i2312-P-650,45.9,0.0,0.0,0.0,10,14.2,0.0,0,45.9,0.0,0.0,0.0,0.0,0.0,3
2023-05-10 10:31:59,i2312-P-650,i2312-P-650,45.9,0.0,0.0,0.0,2,14.3,0.0,0,45.9,0.0,0.0,0.0,0.0,0.0,3
2023-05-10 10:31:59,i2312-P-650,i2312-P-650,45.9,0.0,0.0,0.0,10,14.4,0.0,0,45.9,0.0,0.0,0.0,0.0,0.0,3
2023-05-10 10:32:00,i2312-P-650,i2312-P-650,45.9,0.0,0.0,0.0,2,14.5,0.0,0,45.9,0.0,0.0,0.0,0.0,0.0,3
2023-05-10 10:32:00,i2312-P-650,i2312-P-650,45.9,0.0,0.0,0.0,10,14.6,0.0,0,45.9,0.0,0.0,0.0,0.0,0.0,3
2023-05-10 10:32:01,i2312-P-650,i2312-P-650,45.9,0.0,0.0,0.0,2,14.7,0.0,0,45.9,0.0,0.0,0.0,0.0,0.0,3
2023-05-10 10:32:01,i2312-P-650,i2312-P-650,45.9,0.0,0.0,0.0,10,14.8,0.0,0,45.9,0.0,0.0,0.0,0.0,0.0,3
2023-05-10 10:32:02,i2312-P-650,i2312-P-650,45.9,0.0,0.0,0.0,2,14.9,0.0,0,45.9,0.0,0.0,0.0,0.0,0.0,3
2023-05-10 10:32:02,i2312-P-650,i2312-P-650,45.9,0.0,0.0,0.0,10,15.0,0.0,0,45.9,0.0,0.0,0.0,0.0,0.0,3
2023-05-10 10:32:03,i2312-P-650,i2312-P-650,45.9,0.0,0.0,0.0,2,15.1,0.0,0,45.9,0.0,0.0,0.0,0.0,0.0,3
2023-05-10 10:32:03,i2312-P-650,i2312-P-650,45.9,0.0,0.0,0.0,10,15.2,0.0,0,45.9,0.0,0.0,0.0,0.0,0.0,3
2023-05-10 10:32:04,i2312-P-650,i2312-P-650,45.9,0.0,0.0,0.0,2,15.3,0.0,0,45.9,0.0,0.0,0.0,0.0,0.0,3
2023-05-10 10:32:04,i2312-P-650,i2312-P-650,45.9,0.0,0.0,0.0,10,15.4,0.0,0,45.9,0.0,0.0,0.0,0.0,0.0,3
2023-05-10 10:32:05,i2312-P-650,i2312-P-650,45.9,0.0,0.0,0.0,2,15.5,0.0,0,45.9,0.0,0.0,0.0,0.0,0.0,3
2023-05-10 10:32:05,i2312-P-650,i2312-P-650,45.9,0.0,0.0,0.0,10,15.6,0.0,0,45.9,0.0,0.0,0.0,0.0,0.0,3
2023-05-10 10:32:06,i2312-P-650,i2312-P-650,45.9,0.0,0.0,0.0,2,15.7,0.0,0,45.9,0.0,0.0,0.0,0.0,0.0,3
2023-05-10 10:32:06,i2312-P-650,i2312-P-650,45.9,0.0,0.0,0.0,10,15.8,0.0,0,45.9,0.0,0.0,0.0,0.0,0.0,3
2023-05-10 10:32:07,i2312-P-650,i2312-P-650,45.9,0.0,0.0,0.0,2,15.9,0.0,0,45.9,0.0,0.0,0.0,0.0,0.0,3
2023-05-10 10:32:07,i2312-P-650,i2312-P-650,45.9,0.0,0.0,0.0,10,16.0,0.0,0,45.9,0.0,0.0,0.0,0.0,0.0,3
2023-05-10 10:32:08,i2312-P-650,i2312-P-650,45.9,0.0,0.0,0.0,2,16.1,0.0,0,45.9,0.0,0.0,0.0,0.0,0.0,3
2023-05-10 10:32:08,i2312-P-650,i2312-P-650,45.9,0.0,0.0,0.0,10,16.2,0.0,0,45.9,0.0,0.0,0.0,0.0,0.0,3
2023-05-10 10:32:09,i2312-P-650,i2312-P-650,45.9,0.0,0.0,0.0,2,16.3,0.0,0,45.9,0.0,0.0,0.0,0.0,0.0,3
2023-05-10 10:32:09,i2312-P-650,i2312-P-650,45.9,0.0,0.0,0.0,10,16.4,0.0,0,45.9,0.0,0.0,0.0,0.0,0.0,3
2023-05-10 10:32:10,i2312-P-650,i2312-P-650,45.9,0.0,0.0,0.0,2,16.5,0.0,0,45.9,0.0,0.0,0.0,0.0,0.0,3
2023-05-10 10:32:10,i2312-P-650,i2312-P-650,45.9,0.0,0.0,0.0,10,16.6,0.0,0,45.9,0.0,0.0,0.0,0.0,0.0,3
2023-05-10 10:32:11,i2312-P-650,i2312-P-650,45.9,0.0,0.0,0.0,2,16.7,0.0,0,45.9,0.0,0.0,0.0,0.0,0.0,3
2023-05-10 10:32:11,i2312-P-650,i2312-P-650,45.9,0.0,0.0,0.0,10,16.8,0.0,0,45.9,0.0,0.0,0.0,0.0,0.0,3
2023-05-10 10:32:12,i2312-P-650,i2312-P-650,45.9,0.0,0.0,0.0,2,16.9,0.0,0,45.9,0.0,0.0,0.0,0.0,0.0,3
2023-05-10 10:32:12,i2312-P-650,i2312-P-650,45.9,0.0,0.0,0.0,10,17.0,0.0,0,45.9,0.0,0.0,0.0,0.0,0.0,3
2023-05-10 10:32:13,i2312-P-650,i2312-P-650,45.9,0.0,0.0,0.0,2,17.1,0.0,0,45.9,0.0,0.0,0.0,0.0,0.0,3
2023-05-10 10:32:13,i2312-P-650,i2312-P-650,45.9,0.0,0.0,0.0,10,17.2,0.0,0,45.9,0.0,0.0,0.0,0.0,0.0,3
2023-05-10 10:32:14,i2312-P-650,i2312-P-650,45.9,0.0,0.0,0.0,2,17.3,0.0,0,45.9,0.0,0.0,0.0,0.0,0.0,3
2023-05-10 10:32:14,i2312-P-650,i2312-P-650,45.9,0.0,0.0,0.0,10,17.4,0.0,0,45.9,0.0,0.0,0.0,0.0,0.0,3
2023-05-10 10:32:15,i2312-P-650,i2312-P-650,45.9,0.0,0.0,0.0,2,17.5,0.0,0,45.9,0.0,0.0,0.0,0.0,0.0,3
2023-05-10 10:32:15,i2312-P-650,i2312-P-650,45.9,0.0,0.0,0.0,10,17.6,0.0,0,45.9,0.0,0.0,0.0,0.0,0.0,3
2023-05-10 10:32:17,i2312-P-650,i2312-P-650,45.9,0.0,0.0,0.0,2,17.7,0.0,0,45.9,0.0,0.0,0.0,0.0,0.0,3
2023-05-10 10:32:17,i2312-P-650,i2312-P-650,45.9,0.0,0.0,0.0,10,17.8,0.0,0,45.9,0.0,0.0,0.0,0.0,0.0,3
2023-05-10 10:32:18,i2312-P-650,i2312-P-650,45.9,0.0,0.0,0.0,2,17.9,0.0,0,45.9,0.0,0.0,0.0,0.0,0.0,3
2023-05-10 10:32:18,i2312-P-650,i2312-P-650,45.9,0.0,0.0,0.0,10,18.0,0.0,0,45.9,0.0,0.0,0.0,0.0,0.0,3
2023-05-10 10:32:19,i2312-P-650,i2312-P-650,45.9,0.0,0.0,0.0,2,18.1,0.0,0,45.9,0.0,0.0,0.0,0.0,0.0,3
2023-05-10 10:32:19,i2312-P-650,i2312-P-650,45.9,0.0,0.0,0.0,10,18.2,0.0,0,45.9,0.0,0.0,0.0,0.0,0.0,3
2023-05-10 10:32:20,i2312-P-650,i2312-P-650,45.9,0.0,0.0,0.0,2,18.3,0.0,0,45.9,0.0,0.0,0.0,0.0,0.0,3
2023-05-10 10:32:20,i2312-P-650,i2312-P-650,45.9,0.0,0.0,0.0,10,18.4,0.0,0,45.9,0.0,0.0,0.0,0.0,0.0,3
2023-05-10 10:32:21,i2312-P-650,i2312-P-650,45.9,0.0,0.0,0.0,2,18.5,0.0,0,45.9,0.0,0.0,0.0,0.0,0.0,3
2023-05-10 10:32:21,i2312-P-650,i2312-P-650,45.9,0.0,0.0,0.0,10,18.6,0.0,0,45.9,0.0,0.0,0.0,0.0,0.0,3
2023-05-10 10:32:22,i2312-P-650,i2312-P-650,45.9,0.0,0.0,0.0,2,18.7,0.0,0,45.9,0.0,0.0,0.0,0.0,0.0,3
2023-05-10 10:32:22,i2312-P-650,i2312-P-650,45.9,0.0,0.0,0.0,10,18.8,0.0,0,45.9,0.0,0.0,0.0,0.0,0.0,3
2023-05-10 10:32:23,i2312-P-650,i2312-P-650,45.9,0.0,0.0,0.0,2,18.9,0.0,0,45.9,0.0,0.0,0.0,0.0,0.0,3
2023-05-10 10:32:23,i2312-P-650,i2312-P-650,45.9,0.0,0.0,0.0,10,19.0,0.0,0,45.9,0.0,0.0,0.0,0.0,0.0,3
2023-05-10 10:32:24,i2312-P-650,i2312-P-650,45.9,0.0,0.0,0.0,2,19.1,0.0,0,45.9,0.0,0.0,0.0,0.0,0.0,3
2023-05-10 10:32:24,i2312-P-650,i2312-P-650,45.9,0.0,0.0,0.0,10,19.2,0.0,0,45.9,0.0,0.0,0.0,0.0,0.0,3
2023-05-10 10:32:25,i2312-P-650,i2312-P-650,45.9,0.0,0.0,0.0,2,19.3,0.0,0,45.9,0.0,0.0,0.0,0.0,0.0,3
2023-05-10 10:32:25,i2312-P-650,i2312-P-650,45.9,0.0,0.0,0.0,10,19.4,0.0,0,45.9,0.0,0.0,0.0,0.0,0.0,3
2023-05-10 10:32:26,i2312-P-650,i2312-P-650,45.9,0.0,0.0,0.0,2,19.5,0.0,0,45.9,0.0,0.0,0.0,0.0,0.0,3
2023-05-10 10:32:26,i2312-P-650,i2312-P-650,45.9,0.0,0.0,0.0,10,19.6,0.0,0,45.9,0.0,0.0,0.0,0.0,0.0,3
2023-05-10 10:32:27,i2312-P-650,i2312-P-650,45.9,0.0,0.0,0.0,2,19.7,0.0,0,45.9,0.0,0.0,0.0,0.0,0.0,3
2023-05-10 10:32:27,i2312-P-650,i2312-P-650,45.9,0.0,0.0,0.0,10,19.8,0.0,0,45.9,0.0,0.0,0.0,0.0,0.0,3
2023-05-10 10:32:28,i2312-P-650,i2312-P-650,45.9,0.0,0.0,0.0,2,19.9,0.0,0,45.9,0.0,0.0,0.0,0.0,0.0,3
2023-05-10 10:32:28,i2312-P-650,i2312-P-650,45.9,0.0,0.0,0.0,10,20.0,0.0,0,45.9,0.0,0.0,0.0,0.0,0.0,3
2023-05-10 10:32:29,i2312-P-650,i2312-P-650,45.9,0.0,0.0,0.0,2,20.1,0.0,0,45.9,0.0,0.0,0.0,0.0,0.0,3
2023-05-10 10:32:29,i2312-P-650,i2312-P-650,45.9,0.0,0.0,0.0,10,20.2,0.0,0,45.9,0.0,0.0,0.0,0.0,0.0,3
2023-05-10 10:32:30,i2312-P-650,i2312-P-650,45.9,0.0,0.0,0.0,2,20.3,0.0,0,45.9,0.0,0.0,0.0,0.0,0.0,3
2023-05-10 10:32:30,i2312-P-650,i2312-P-650,45.9,0.0,0.0,0.0,10,20.4,0.0,0,45.9,0.0,0.0,0.0,0.0,0.0,3
2023-05-10 10:32:32,i2312-P-650,i2312-P-650,45.9,0.0,0.0,0.0,2,20.5,0.0,0,45.9,0.0,0.0,0.0,0.0,0.0,3
2023-05-10 10:32:32,i2312-P-650,i2312-P-650,45.9,0.0,0.0,0.0,10,20.6,0.0,0,45.9,0.0,0.0,0.0,0.0,0.0,3
2023-05-10 10:32:33,i2312-P-650,i2312-P-650,45.9,0.0,0.0,0.0,2,20.7,0.0,0,45.9,0.0,0.0,0.0,0.0,0.0,3
2023-05-10 10:32:33,i2312-P-650,i2312-P-650,45.9,0.0,0.0,0.0,10,20.8,0.0,0,45.9,0.0,0.0,0.0,0.0,0.0,3
2023-05-10 10:32:34,i2312-P-650,i2312-P-650,45.9,0.0,0.0,0.0,2,20.9,0.0,0,45.9,0.0,0.0,0.0,0.0,0.0,3
2023-05-10 10:32:34,i2312-P-650,i2312-P-650,45.9,0.0,0.0,0.0,10,21.0,0.0,0,45.9,0.0,0.0,0.0,0.0,0.0,3
2023-05-10 10:32:35,i2312-P-650,i2312-P-650,45.9,0.0,0.0,0.0,2,21.1,0.0,0,45.9,0.0,0.0,0.0,0.0,0.0,3
2023-05-10 10:32:35,i2312-P-650,i2312-P-650,45.9,0.0,0.0,0.0,10,21.2,0.0,0,45.9,0.0,0.0,0.0,0.0,0.0,3
2023-05-10 10:32:36,i2312-P-650,i2312-P-650,45.9,0.0,0.0,0.0,2,21.3,0.0,0,45.9,0.0,0.0,0.0,0.0,0.0,3
2023-05-10 10:32:36,i2312-P-650,i2312-P-650,45.9,0.0,0.0,0.0,10,21.4,0.0,0,45.9,0.0,0.0,0.0,0.0,0.0,3
2023-05-10 10:32:37,i2312-P-650,i2312-P-650,45.9,0.0,0.0,0.0,2,21.5,0.0,0,45.9,0.0,0.0,0.0,0.0,0.0,3
2023-05-10 10:32:37,i2312-P-650,i2312-P-650,45.9,0.0,0.0,0.0,10,21.6,0.0,0,45.9,0.0,0.0,0.0,0.0,0.0,3
2023-05-10 10:32:39,i2312-P-650,i2312-P-650,45.9,0.0,0.0,0.0,2,21.7,0.0,0,45.9,0.0,0.0,0.0,0.0,0.0,3
2023-05-10 10:32:39,i2312-P-650,i2312-P-650,45.9,0.0,0.0,0.0,10,21.8,0.0,0,45.9,0.0,0.0,0.0,0.0,0.0,3
2023-05-10 10:32:40,i2312-P-650,i2312-P-650,45.9,0.0,0.0,0.0,2,21.9,0.0,0,45.9,0.0,0.0,0.0,0.0,0.0,3
2023-05-10 10:32:40,i2312-P-650,i2312-P-650,45.9,0.0,0.0,0.0,10,22.0,0.0,0,45.9,0.0,0.0,0.0,0.0,0.0,3
2023-05-10 10:32:42,i2312-P-650,i2312-P-650,45.9,0.0,0.0,0.0,2,22.1,0.0,0,45.9,0.0,0.0,0.0,0.0,0.0,3
2023-05-10 10:32:42,i2312-P-650,i2312-P-650,45.9,0.0,0.0,0.0,10,22.2,0.0,0,45.9,0.0,0.0,0.0,0.0,0.0,3
2023-05-10 10:32:43,i2312-P-650,i2312-P-650,45.9,0.0,0.0,0.0,2,22.3,0.0,0,45.9,0.0,0.0,0.0,0.0,0.0,3
2023-05-10 10:32:43,i2312-P-650,i2312-P-650,45.9,0.0,0.0,0.0,10,22.4,0.0,0,45.9,0.0,0.0,0.0,0.0,0.0,3
2023-05-10 10:32:44,i2312-P-650,i2312-P-650,45.9,0.0,0.0,0.0,2,22.5,0.0,0,45.9,0.0,0.0,0.0,0.0,0.0,3
2023-05-10 10:32:44,i2312-P-650,i2312-P-650,45.9,0.0,0.0,0.0,10,22.6,0.0,0,45.9,0.0,0.0,0.0,0.0,0.0,3
2023-05-10 10:32:45,i2312-P-650,i2312-P-650,45.9,0.0,0.0,0.0,2,22.7,0.0,0,45.9,0.0,0.0,0.0,0.0,0.0,3
2023-05-10 10:32:45,i2312-P-650,i2312-P-650,45.9,0.0,0.0,0.0,10,22.8,0.0,0,45.9,0.0,0.0,0.0,0.0,0.0,3
2023-05-10 10:58:27,i2312-P-650,i2312-P-650,45.9,0.0,0.0,0.0,1,22.9,0.0,0,45.9,0.0,0.0,0.0,0.0,0.0,3
2023-05-10 10:58:27,i2312-P-650,i2312-P-650,45.9,0.0,0.0,0.0,10,23.0,0.0,0,45.9,0.0,0.0,0.0,0.0,0.0,3
2023-05-10 11:29:32,i2312-P-650,i2312-P-650,45.9,0.0,0.0,0.0,1,22.9,0.0,0,45.9,0.0,0.0,0.0,0.0,0.0,3
2023-05-10 11:29:44,i2312-P-650,i2312-P-650,45.9,0.0,0.0,0.0,1,10.3,0.0,0,45.9,0.0,0.0,0.0,0.0,0.0,3
2023-05-10 13:30:02,i2312-P-650,i2312-P-650,45.9,0.0,0.0,0.0,10,10.4,0.0,0,45.9,0.0,0.0,0.0,0.0,0.0,3
2023-05-10 13:30:47,i2312-P-650,i2312-P-650,45.9,0.0,0.0,0.0,1,10.5,0.0,0,45.9,0.0,0.0,0.0,0.0,0.0,3
2023-05-10 13:30:47,i2312-P-650,i2312-P-650,45.9,0.0,0.0,0.0,10,10.6,0.0,0,45.9,0.0,0.0,0.0,0.0,0.0,3
2023-05-10 13:31:55,i2312-P-650,i2312-P-650,45.9,0.0,0.0,0.0,2,10.7,0.0,0,45.9,0.0,0.0,0.0,0.0,0.0,3
2023-05-10 13:31:55,i2312-P-650,i2312-P-650,45.9,0.0,0.0,0.0,10,10.8,0.0,0,45.9,0.0,0.0,0.0,0.0,0.0,3
2023-05-10 13:33:14,i2312-P-650,i2312-P-650,45.9,0.0,0.0,0.0,2,10.9,0.0,0,45.9,0.0,0.0,0.0,0.0,0.0,3
2023-05-10 13:33:14,i2312-P-650,i2312-P-650,45.9,0.0,0.0,0.0,10,11.0,0.0,0,45.9,0.0,0.0,0.0,0.0,0.0,3
2023-05-10 13:33:29,i2312-P-650,i2312-P-650,45.9,0.0,0.0,0.0,2,11.1,0.0,0,45.9,0.0,0.0,0.0,0.0,0.0,3
2023-05-10 13:33:29,i2312-P-650,i2312-P-650,45.9,0.0,0.0,0.0,10,11.2,0.0,0,45.9,0.0,0.0,0.0,0.0,0.0,3
2023-05-10 13:33:37,i2312-P-650,i2312-P-650,45.9,0.0,0.0,0.0,2,11.3,0.0,0,45.9,0.0,0.0,0.0,0.0,0.0,3
2023-05-10 13:33:37,i2312-P-650,i2312-P-650,45.9,0.0,0.0,0.0,10,11.4,0.0,0,45.9,0.0,0.0,0.0,0.0,0.0,3
2023-05-10 13:33:57,i2312-P-650,i2312-P-650,45.9,0.0,0.0,0.0,1,40.7,45.5,1,45.9,0.0,0.0,0.0,0.0,0.0,3
2023-05-10 13:34:03,i2312-P-650,i2312-P-650,45.9,0.0,0.0,0.0,1,40.7,41.6,1,45.9,0.0,0.0,0.0,0.0,0.0,3
2023-05-10 13:34:09,i2312-P-650,i2312-P-650,45.9,0.0,0.0,0.0,1,39.0,41.6,1,45.9,0.0,0.0,0.0,0.0,0.0,3
2023-05-10 13:34:12,i2312-P-650,i2312-P-650,45.9,0.0,0.0,0.0,2,39.0,41.6,1,45.9,0.0,0.0,0.0,0.0,0.0,3
2023-05-10 13:34:14,i2312-P-650,i2312-P-650,45.9,0.0,0.0,0.0,2,39.0,43.3,1,45.9,0.0,0.0,0.0,0.0,0.0,3
2023-05-10 13:34:15,i2312-P-650,i2312-P-650,45.9,0.0,0.0,0.0,1,39.0,43.5,1,45.9,0.0,0.0,0.0,0.0,0.0,3
2023-05-10 13:34:15,i2312-P-650,i2312-P-650,45.9,0.0,0.0,0.0,1,39.0,41.5,1,45.9,0.0,0.0,0.0,0.0,0.0,3
2023-05-10 13:34:23,i2312-P-650,i2312-P-650,45.9,0.0,0.0,0.0,1,37.1,41.5,1,45.9,0.0,0.0,0.0,0.0,0.0,3
2023-05-10 13:34:28,i2312-P-650,i2312-P-650,45.9,0.0,0.0,0.0,10,10.6,0.0,0,45.9,0.0,0.0,0.0,0.0,0.0,3
2023-05-10 13:34:29,i2312-P-650,i2312-P-650,45.9,0.0,0.0,0.0,2,10.7,0.0,0,45.9,0.0,0.0,0.0,0.0,0.0,3
2023-05-10 13:34:29,i2312-P-650,i2312-P-650,45.9,0.0,0.0,0.0,10,10.8,0.0,0,45.9,0.0,0.0,0.0,0.0,0.0,3
2023-05-10 13:35:25,i2312-P-650,i2312-P-650,45.9,0.0,0.0,0.0,2,10.9,0.0,0,45.9,0.0,0.0,0.0,0.0,0.0,3
2023-05-10 13:35:25,i2312-P-650,i2312-P-650,45.9,0.0,0.0,0.0,10,11.0,0.0,0,45.9,0.0,0.0,0.0,0.0,0.0,3
2023-05-10 13:37:07,i2312-P-650,i2312-P-650,45.9,0.0,0.0,0.0,2,11.1,0.0,0,45.9,0.0,0.0,0.0,0.0,0.0,3
2023-05-10 13:37:07,i2312-P-650,i2312-P-650,45.9,0.0,0.0,0.0,10,11.2,0.0,0,45.9,0.0,0.0,0.0,0.0,0.0,3
2023-05-10 13:37:11,i2312-P-650,i2312-P-650,45.9,0.0,0.0,0.0,2,11.3,0.0,0,45.9,0.0,0.0,0.0,0.0,0.0,3
2023-05-10 13:37:11,i2312-P-650,i2312-P-650,45.9,0.0,0.0,0.0,10,11.4,0.0,0,45.9,0.0,0.0,0.0,0.0,0.0,3
2023-05-10 13:37:14,i2312-P-650,i2312-P-650,45.9,0.0,0.0,0.0,2,11.5,0.0,0,45.9,0.0,0.0,0.0,0.0,0.0,3
2023-05-10 13:37:14,i2312-P-650,i2312-P-650,45.9,0.0,0.0,0.0,10,11.6,0.0,0,45.9,0.0,0.0,0.0,0.0,0.0,3
2023-05-10 13:37:52,i2312-P-650,i2312-P-650,45.9,0.0,0.0,0.0,2,11.7,0.0,0,45.9,0.0,0.0,0.0,0.0,0.0,3
2023-05-10 13:37:52,i2312-P-650,i2312-P-650,45.9,0.0,0.0,0.0,10,11.8,0.0,0,45.9,0.0,0.0,0.0,0.0,0.0,3
2023-05-10 13:38:16,i2312-P-650,i2312-P-650,45.9,0.0,0.0,0.0,2,11.9,0.0,0,45.9,0.0,0.0,0.0,0.0,0.0,3
2023-05-10 13:38:16,i2312-P-650,i2312-P-650,45.9,0.0,0.0,0.0,10,12.0,0.0,0,45.9,0.0,0.0,0.0,0.0,0.0,3
2023-05-10 13:38:53,i2312-P-650,i2312-P-650,45.9,0.0,0.0,0.0,2,12.1,0.0,0,45.9,0.0,0.0,0.0,0.0,0.0,3
2023-05-10 13:38:53,i2312-P-650,i2312-P-650,45.9,0.0,0.0,0.0,10,12.2,0.0,0,45.9,0.0,0.0,0.0,0.0,0.0,3
2023-05-10 13:39:08,i2312-P-650,i2312-P-650,45.9,0.0,0.0,0.0,2,12.3,0.0,0,45.9,0.0,0.0,0.0,0.0,0.0,3
2023-05-10 13:39:08,i2312-P-650,i2312-P-650,45.9,0.0,0.0,0.0,10,12.4,0.0,0,45.9,0.0,0.0,0.0,0.0,0.0,3
2023-05-10 13:41:17,i2312-P-650,i2312-P-650,45.9,0.0,0.0,0.0,2,12.5,0.0,0,45.9,0.0,0.0,0.0,0.0,0.0,3
2023-05-10 13:41:17,i2312-P-650,i2312-P-650,45.9,0.0,0.0,0.0,10,12.6,0.0,0,45.9,0.0,0.0,0.0,0.0,0.0,3
2023-05-10 13:41:31,i2312-P-650,i2312-P-650,45.9,0.0,0.0,0.0,2,12.7,0.0,0,45.9,0.0,0.0,0.0,0.0,0.0,3
2023-05-10 13:41:31,i2312-P-650,i2312-P-650,45.9,0.0,0.0,0.0,10,12.8,0.0,0,45.9,0.0,0.0,0.0,0.0,0.0,3
2023-05-10 13:42:00,i2312-P-650,i2312-P-650,45.9,0.0,0.0,0.0,2,12.9,0.0,0,45.9,0.0,0.0,0.0,0.0,0.0,3
2023-05-10 13:42:00,i2312-P-650,i2312-P-650,45.9,0.0,0.0,0.0,10,13.0,0.0,0,45.9,0.0,0.0,0.0,0.0,0.0,3
2023-05-10 13:42:03,i2312-P-650,i2312-P-650,45.9,0.0,0.0,0.0,2,13.1,0.0,0,45.9,0.0,0.0,0.0,0.0,0.0,3
2023-05-10 13:42:03,i2312-P-650,i2312-P-650,45.9,0.0,0.0,0.0,10,13.2,0.0,0,45.9,0.0,0.0,0.0,0.0,0.0,3
2023-05-10 13:42:05,i2312-P-650,i2312-P-650,45.9,0.0,0.0,0.0,2,13.3,0.0,0,45.9,0.0,0.0,0.0,0.0,0.0,3
2023-05-10 13:42:05,i2312-P-650,i2312-P-650,45.9,0.0,0.0,0.0,10,13.4,0.0,0,45.9,0.0,0.0,0.0,0.0,0.0,3
2023-05-10 13:42:09,i2312-P-650,i2312-P-650,45.9,0.0,0.0,0.0,2,13.5,0.0,0,45.9,0.0,0.0,0.0,0.0,0.0,3
2023-05-10 13:42:09,i2312-P-650,i2312-P-650,45.9,0.0,0.0,0.0,10,13.6,0.0,0,45.9,0.0,0.0,0.0,0.0,0.0,3
2023-05-10 13:42:16,i2312-P-650,i2312-P-650,45.9,0.0,0.0,0.0,2,13.7,0.0,0,45.9,0.0,0.0,0.0,0.0,0.0,3
2023-05-10 13:42:16,i2312-P-650,i2312-P-650,45.9,0.0,0.0,0.0,10,13.8,0.0,0,45.9,0.0,0.0,0.0,0.0,0.0,3
2023-05-10 13:42:21,i2312-P-650,i2312-P-650,45.9,0.0,0.0,0.0,2,13.9,0.0,0,45.9,0.0,0.0,0.0,0.0,0.0,3
2023-05-10 13:42:21,i2312-P-650,i2312-P-650,45.9,0.0,0.0,0.0,10,14.0,0.0,0,45.9,0.0,0.0,0.0,0.0,0.0,3
2023-05-10 13:42:24,i2312-P-650,i2312-P-650,45.9,0.0,0.0,0.0,2,14.1,0.0,0,45.9,0.0,0.0,0.0,0.0,0.0,3
2023-05-10 13:42:24,i2312-P-650,i2312-P-650,45.9,0.0,0.0,0.0,10,14.2,0.0,0,45.9,0.0,0.0,0.0,0.0,0.0,3
2023-05-10 13:42:28,i2312-P-650,i2312-P-650,45.9,0.0,0.0,0.0,10,14.4,0.0,0,45.9,0.0,0.0,0.0,0.0,0.0,3
2023-05-10 13:42:31,i2312-P-650,i2312-P-650,45.9,0.0,0.0,0.0,2,14.5,0.0,0,45.9,0.0,0.0,0.0,0.0,0.0,3
2023-05-10 13:42:31,i2312-P-650,i2312-P-650,45.9,0.0,0.0,0.0,10,14.6,0.0,0,45.9,0.0,0.0,0.0,0.0,0.0,3
2023-05-10 13:42:45,i2312-P-650,i2312-P-650,45.9,0.0,0.0,0.0,2,14.7,0.0,0,45.9,0.0,0.0,0.0,0.0,0.0,3
2023-05-10 13:42:45,i2312-P-650,i2312-P-650,45.9,0.0,0.0,0.0,10,14.8,0.0,0,45.9,0.0,0.0,0.0,0.0,0.0,3
2023-05-10 13:42:53,i2312-P-650,i2312-P-650,45.9,0.0,0.0,0.0,2,14.9,0.0,0,45.9,0.0,0.0,0.0,0.0,0.0,3
2023-05-10 13:42:53,i2312-P-650,i2312-P-650,45.9,0.0,0.0,0.0,10,15.0,0.0,0,45.9,0.0,0.0,0.0,0.0,0.0,3
2023-05-10 13:43:00,i2312-P-650,i2312-P-650,45.9,0.0,0.0,0.0,2,15.1,0.0,0,45.9,0.0,0.0,0.0,0.0,0.0,3
2023-05-10 13:43:00,i2312-P-650,i2312-P-650,45.9,0.0,0.0,0.0,10,15.2,0.0,0,45.9,0.0,0.0,0.0,0.0,0.0,3
2023-05-10 13:43:02,i2312-P-650,i2312-P-650,45.9,0.0,0.0,0.0,2,15.3,0.0,0,45.9,0.0,0.0,0.0,0.0,0.0,3
2023-05-10 13:43:02,i2312-P-650,i2312-P-650,45.9,0.0,0.0,0.0,10,15.4,0.0,0,45.9,0.0,0.0,0.0,0.0,0.0,3
2023-05-10 13:43:03,i2312-P-650,i2312-P-650,45.9,0.0,0.0,0.0,2,15.5,0.0,0,45.9,0.0,0.0,0.0,0.0,0.0,3
2023-05-10 13:43:03,i2312-P-650,i2312-P-650,45.9,0.0,0.0,0.0,10,15.6,0.0,0,45.9,0.0,0.0,0.0,0.0,0.0,3
2023-05-10 13:43:05,i2312-P-650,i2312-P-650,45.9,0.0,0.0,0.0,2,15.7,0.0,0,45.9,0.0,0.0,0.0,0.0,0.0,3
2023-05-10 13:43:05,i2312-P-650,i2312-P-650,45.9,0.0,0.0,0.0,10,15.8,0.0,0,45.9,0.0,0.0,0.0,0.0,0.0,3
2023-05-10 13:43:08,i2312-P-650,i2312-P-650,45.9,0.0,0.0,0.0,2,15.9,0.0,0,45.9,0.0,0.0,0.0,0.0,0.0,3
2023-05-10 13:43:08,i2312-P-650,i2312-P-650,45.9,0.0,0.0,0.0,10,16.0,0.0,0,45.9,0.0,0.0,0.0,0.0,0.0,3
2023-05-10 13:43:10,i2312-P-650,i2312-P-650,45.9,0.0,0.0,0.0,2,16.1,0.0,0,45.9,0.0,0.0,0.0,0.0,0.0,3
2023-05-10 13:43:10,i2312-P-650,i2312-P-650,45.9,0.0,0.0,0.0,10,16.2,0.0,0,45.9,0.0,0.0,0.0,0.0,0.0,3
2023-05-10 13:43:12,i2312-P-650,i2312-P-650,45.9,0.0,0.0,0.0,2,16.3,0.0,0,45.9,0.0,0.0,0.0,0.0,0.0,3
2023-05-10 13:43:12,i2312-P-650,i2312-P-650,45.9,0.0,0.0,0.0,10,16.4,0.0,0,45.9,0.0,0.0,0.0,0.0,0.0,3
2023-05-10 13:43:14,i2312-P-650,i2312-P-650,45.9,0.0,0.0,0.0,2,16.5,0.0,0,45.9,0.0,0.0,0.0,0.0,0.0,3
2023-05-10 13:43:14,i2312-P-650,i2312-P-650,45.9,0.0,0.0,0.0,10,16.6,0.0,0,45.9,0.0,0.0,0.0,0.0,0.0,3
2023-05-10 13:43:16,i2312-P-650,i2312-P-650,45.9,0.0,0.0,0.0,2,16.7,0.0,0,45.9,0.0,0.0,0.0,0.0,0.0,3
2023-05-10 13:43:16,i2312-P-650,i2312-P-650,45.9,0.0,0.0,0.0,10,16.8,0.0,0,45.9,0.0,0.0,0.0,0.0,0.0,3
2023-05-10 13:43:17,i2312-P-650,i2312-P-650,45.9,0.0,0.0,0.0,2,16.9,0.0,0,45.9,0.0,0.0,0.0,0.0,0.0,3
2023-05-10 13:43:17,i2312-P-650,i2312-P-650,45.9,0.0,0.0,0.0,10,17.0,0.0,0,45.9,0.0,0.0,0.0,0.0,0.0,3
2023-05-10 13:43:20,i2312-P-650,i2312-P-650,45.9,0.0,0.0,0.0,2,17.1,0.0,0,45.9,0.0,0.0,0.0,0.0,0.0,3
2023-05-10 13:43:20,i2312-P-650,i2312-P-650,45.9,0.0,0.0,0.0,10,17.2,0.0,0,45.9,0.0,0.0,0.0,0.0,0.0,3
2023-05-10 13:43:21,i2312-P-650,i2312-P-650,45.9,0.0,0.0,0.0,2,17.3,0.0,0,45.9,0.0,0.0,0.0,0.0,0.0,3
2023-05-10 13:43:21,i2312-P-650,i2312-P-650,45.9,0.0,0.0,0.0,10,17.4,0.0,0,45.9,0.0,0.0,0.0,0.0,0.0,3
2023-05-10 13:43:24,i2312-P-650,i2312-P-650,45.9,0.0,0.0,0.0,2,17.5,0.0,0,45.9,0.0,0.0,0.0,0.0,0.0,3
2023-05-10 13:43:24,i2312-P-650,i2312-P-650,45.9,0.0,0.0,0.0,10,17.6,0.0,0,45.9,0.0,0.0,0.0,0.0,0.0,3
2023-05-10 13:43:25,i2312-P-650,i2312-P-650,45.9,0.0,0.0,0.0,2,17.7,0.0,0,45.9,0.0,0.0,0.0,0.0,0.0,3
2023-05-10 13:43:25,i2312-P-650,i2312-P-650,45.9,0.0,0.0,0.0,10,17.8,0.0,0,45.9,0.0,0.0,0.0,0.0,0.0,3
2023-05-10 13:43:27,i2312-P-650,i2312-P-650,45.9,0.0,0.0,0.0,2,17.9,0.0,0,45.9,0.0,0.0,0.0,0.0,0.0,3
2023-05-10 13:43:27,i2312-P-650,i2312-P-650,45.9,0.0,0.0,0.0,10,18.0,0.0,0,45.9,0.0,0.0,0.0,0.0,0.0,3
2023-05-10 13:43:28,i2312-P-650,i2312-P-650,45.9,0.0,0.0,0.0,2,18.1,0.0,0,45.9,0.0,0.0,0.0,0.0,0.0,3
2023-05-10 13:43:28,i2312-P-650,i2312-P-650,45.9,0.0,0.0,0.0,10,18.2,0.0,0,45.9,0.0,0.0,0.0,0.0,0.0,3
2023-05-10 13:43:29,i2312-P-650,i2312-P-650,45.9,0.0,0.0,0.0,2,18.3,0.0,0,45.9,0.0,0.0,0.0,0.0,0.0,3
2023-05-10 13:43:29,i2312-P-650,i2312-P-650,45.9,0.0,0.0,0.0,10,18.4,0.0,0,45.9,0.0,0.0,0.0,0.0,0.0,3
2023-05-10 14:01:20,i2312-P-650,i2312-P-650,45.9,0.0,0.0,0.0,1,18.5,0.0,0,45.9,0.0,0.0,0.0,0.0,0.0,3
2023-05-10 14:01:20,i2312-P-650,i2312-P-650,45.9,0.0,0.0,0.0,12,18.6,0.0,0,45.9,0.0,0.0,0.0,0.0,0.0,3
2023-05-10 14:37:07,i2312-P-650,i2312-P-650,45.9,0.0,0.0,0.0,1,18.7,0.0,0,45.9,0.0,0.0,0.0,0.0,0.0,3
2023-05-10 14:37:07,i2312-P-650,i2312-P-650,45.9,0.0,0.0,0.0,10,18.8,0.0,0,45.9,0.0,0.0,0.0,0.0,0.0,3
2023-05-10 14:37:12,i2312-P-650,i2312-P-650,45.9,0.0,0.0,0.0,2,18.9,0.0,0,45.9,0.0,0.0,0.0,0.0,0.0,3
2023-05-10 14:37:12,i2312-P-650,i2312-P-650,45.9,0.0,0.0,0.0,10,19.0,0.0,0,45.9,0.0,0.0,0.0,0.0,0.0,3
2023-05-10 14:37:13,i2312-P-650,i2312-P-650,45.9,0.0,0.0,0.0,2,19.1,0.0,0,45.9,0.0,0.0,0.0,0.0,0.0,3
2023-05-10 14:37:13,i2312-P-650,i2312-P-650,45.9,0.0,0.0,0.0,10,19.2,0.0,0,45.9,0.0,0.0,0.0,0.0,0.0,3
2023-05-10 14:37:15,i2312-P-650,i2312-P-650,45.9,0.0,0.0,0.0,2,19.3,0.0,0,45.9,0.0,0.0,0.0,0.0,0.0,3
2023-05-10 14:37:15,i2312-P-650,i2312-P-650,45.9,0.0,0.0,0.0,10,19.4,0.0,0,45.9,0.0,0.0,0.0,0.0,0.0,3
2023-05-10 14:37:16,i2312-P-650,i2312-P-650,45.9,0.0,0.0,0.0,2,19.5,0.0,0,45.9,0.0,0.0,0.0,0.0,0.0,3
2023-05-10 14:37:16,i2312-P-650,i2312-P-650,45.9,0.0,0.0,0.0,10,19.6,0.0,0,45.9,0.0,0.0,0.0,0.0,0.0,3
2023-05-10 14:37:17,i2312-P-650,i2312-P-650,45.9,0.0,0.0,0.0,2,19.7,0.0,0,45.9,0.0,0.0,0.0,0.0,0.0,3
2023-05-10 14:37:17,i2312-P-650,i2312-P-650,45.9,0.0,0.0,0.0,10,19.8,0.0,0,45.9,0.0,0.0,0.0,0.0,0.0,3
2023-05-10 14:37:18,i2312-P-650,i2312-P-650,45.9,0.0,0.0,0.0,2,19.9,0.0,0,45.9,0.0,0.0,0.0,0.0,0.0,3
2023-05-10 14:37:18,i2312-P-650,i2312-P-650,45.9,0.0,0.0,0.0,10,20.0,0.0,0,45.9,0.0,0.0,0.0,0.0,0.0,3
2023-05-10 14:37:19,i2312-P-650,i2312-P-650,45.9,0.0,0.0,0.0,2,20.1,0.0,0,45.9,0.0,0.0,0.0,0.0,0.0,3
2023-05-10 14:37:19,i2312-P-650,i2312-P-650,45.9,0.0,0.0,0.0,10,20.2,0.0,0,45.9,0.0,0.0,0.0,0.0,0.0,3
2023-05-10 14:37:20,i2312-P-650,i2312-P-650,45.9,0.0,0.0,0.0,2,20.3,0.0,0,45.9,0.0,0.0,0.0,0.0,0.0,3
2023-05-10 14:37:20,i2312-P-650,i2312-P-650,45.9,0.0,0.0,0.0,10,20.4,0.0,0,45.9,0.0,0.0,0.0,0.0,0.0,3
2023-05-10 14:37:21,i2312-P-650,i2312-P-650,45.9,0.0,0.0,0.0,2,20.5,0.0,0,45.9,0.0,0.0,0.0,0.0,0.0,3
2023-05-10 14:37:21,i2312-P-650,i2312-P-650,45.9,0.0,0.0,0.0,10,20.6,0.0,0,45.9,0.0,0.0,0.0,0.0,0.0,3
2023-05-10 14:37:22,i2312-P-650,i2312-P-650,45.9,0.0,0.0,0.0,2,20.7,0.0,0,45.9,0.0,0.0,0.0,0.0,0.0,3
2023-05-10 14:37:22,i2312-P-650,i2312-P-650,45.9,0.0,0.0,0.0,10,20.8,0.0,0,45.9,0.0,0.0,0.0,0.0,0.0,3
2023-05-10 14:37:23,i2312-P-650,i2312-P-650,45.9,0.0,0.0,0.0,2,20.9,0.0,0,45.9,0.0,0.0,0.0,0.0,0.0,3
2023-05-10 14:37:23,i2312-P-650,i2312-P-650,45.9,0.0,0.0,0.0,10,21.0,0.0,0,45.9,0.0,0.0,0.0,0.0,0.0,3
2023-05-10 14:37:24,i2312-P-650,i2312-P-650,45.9,0.0,0.0,0.0,2,21.1,0.0,0,45.9,0.0,0.0,0.0,0.0,0.0,3
2023-05-10 14:37:24,i2312-P-650,i2312-P-650,45.9,0.0,0.0,0.0,10,21.2,0.0,0,45.9,0.0,0.0,0.0,0.0,0.0,3
2023-05-10 14:37:25,i2312-P-650,i2312-P-650,45.9,0.0,0.0,0.0,2,21.3,0.0,0,45.9,0.0,0.0,0.0,0.0,0.0,3
2023-05-10 14:37:25,i2312-P-650,i2312-P-650,45.9,0.0,0.0,0.0,10,21.4,0.0,0,45.9,0.0,0.0,0.0,0.0,0.0,3
2023-05-10 14:37:26,i2312-P-650,i2312-P-650,45.9,0.0,0.0,0.0,2,21.5,0.0,0,45.9,0.0,0.0,0.0,0.0,0.0,3
2023-05-10 14:37:26,i2312-P-650,i2312-P-650,45.9,0.0,0.0,0.0,10,21.6,0.0,0,45.9,0.0,0.0,0.0,0.0,0.0,3
2023-05-10 14:37:27,i2312-P-650,i2312-P-650,45.9,0.0,0.0,0.0,2,21.7,0.0,0,45.9,0.0,0.0,0.0,0.0,0.0,3
2023-05-10 14:37:27,i2312-P-650,i2312-P-650,45.9,0.0,0.0,0.0,10,21.8,0.0,0,45.9,0.0,0.0,0.0,0.0,0.0,3
2023-05-10 14:37:28,i2312-P-650,i2312-P-650,45.9,0.0,0.0,0.0,2,21.9,0.0,0,45.9,0.0,0.0,0.0,0.0,0.0,3
2023-05-10 14:37:28,i2312-P-650,i2312-P-650,45.9,0.0,0.0,0.0,10,22.0,0.0,0,45.9,0.0,0.0,0.0,0.0,0.0,3
2023-05-10 14:37:29,i2312-P-650,i2312-P-650,45.9,0.0,0.0,0.0,2,22.1,0.0,0,45.9,0.0,0.0,0.0,0.0,0.0,3
2023-05-10 14:37:29,i2312-P-650,i2312-P-650,45.9,0.0,0.0,0.0,10,22.2,0.0,0,45.9,0.0,0.0,0.0,0.0,0.0,3
2023-05-10 14:37:30,i2312-P-650,i2312-P-650,45.9,0.0,0.0,0.0,2,22.3,0.0,0,45.9,0.0,0.0,0.0,0.0,0.0,3
2023-05-10 14:37:30,i2312-P-650,i2312-P-650,45.9,0.0,0.0,0.0,10,22.4,0.0,0,45.9,0.0,0.0,0.0,0.0,0.0,3
2023-05-10 14:37:31,i2312-P-650,i2312-P-650,45.9,0.0,0.0,0.0,2,22.5,0.0,0,45.9,0.0,0.0,0.0,0.0,0.0,3
2023-05-10 14:37:31,i2312-P-650,i2312-P-650,45.9,0.0,0.0,0.0,10,22.6,0.0,0,45.9,0.0,0.0,0.0,0.0,0.0,3
2023-05-10 14:37:32,i2312-P-650,i2312-P-650,45.9,0.0,0.0,0.0,2,22.7,0.0,0,45.9,0.0,0.0,0.0,0.0,0.0,3
2023-05-10 14:37:32,i2312-P-650,i2312-P-650,45.9,0.0,0.0,0.0,10,22.8,0.0,0,45.9,0.0,0.0,0.0,0.0,0.0,3
2023-05-10 14:59:01,i2312-P-650,i2312-P-650,45.9,0.0,0.0,0.0,1,18.7,0.0,0,45.9,0.0,0.0,0.0,0.0,0.0,3
2023-05-10 14:59:11,i2312-P-650,i2312-P-650,45.9,0.0,0.0,0.0,2,19.5,0.0,0,45.9,0.0,0.0,0.0,0.0,0.0,3
2023-05-10 15:01:15,i2312-P-650,i2312-P-650,45.9,0.0,0.0,0.0,2,19.5,0.0,0,45.9,0.0,0.0,0.0,0.0,0.0,3
