time,symbol_id,symbol_name,last,trade_volume,trade_amount,open_interest_change,bv1,bp1,ap1,av1,yesterday_close,today_open,today_high,today_low,volume,amount,open_interest
2023-05-09 21:55:06,i2402-P-540,i2402-P-540,13.2,0.0,0.0,0.0,1,1.7,0.0,0,13.2,16.4,0.0,0.0,0.0,0.0,36
2023-05-09 21:55:20,i2402-P-540,i2402-P-540,13.2,0.0,0.0,0.0,1,15.1,19.1,1,13.2,16.4,0.0,0.0,0.0,0.0,36
2023-05-09 21:55:26,i2402-P-540,i2402-P-540,13.2,0.0,0.0,0.0,1,15.1,18.6,1,13.2,16.4,0.0,0.0,0.0,0.0,36
2023-05-09 21:55:32,i2402-P-540,i2402-P-540,13.2,0.0,0.0,0.0,1,14.9,18.6,1,13.2,16.4,0.0,0.0,0.0,0.0,36
2023-05-09 21:55:33,i2402-P-540,i2402-P-540,13.2,0.0,0.0,0.0,1,14.9,15.4,1,13.2,16.4,0.0,0.0,0.0,0.0,36
2023-05-09 21:55:33,i2402-P-540,i2402-P-540,13.2,0.0,0.0,0.0,2,14.9,15.4,1,13.2,16.4,0.0,0.0,0.0,0.0,36
2023-05-09 21:55:37,i2402-P-540,i2402-P-540,13.2,0.0,0.0,0.0,1,14.9,15.4,1,13.2,16.4,0.0,0.0,0.0,0.0,36
2023-05-09 21:55:44,i2402-P-540,i2402-P-540,13.2,0.0,0.0,0.0,1,14.9,16.7,1,13.2,16.4,0.0,0.0,0.0,0.0,36
2023-05-09 21:55:44,i2402-P-540,i2402-P-540,13.2,0.0,0.0,0.0,1,13.2,17.2,1,13.2,16.4,0.0,0.0,0.0,0.0,36
2023-05-09 21:55:50,i2402-P-540,i2402-P-540,13.2,0.0,0.0,0.0,0,0.0,0.0,0,13.2,16.4,0.0,0.0,0.0,0.0,36
2023-05-09 21:58:06,i2402-P-540,i2402-P-540,13.2,0.0,0.0,0.0,1,0.2,0.0,0,13.2,16.4,0.0,0.0,0.0,0.0,36
2023-05-09 21:58:06,i2402-P-540,i2402-P-540,13.2,0.0,0.0,0.0,1,0.3,0.0,0,13.2,16.4,0.0,0.0,0.0,0.0,36
2023-05-09 21:58:07,i2402-P-540,i2402-P-540,13.2,0.0,0.0,0.0,1,0.4,0.0,0,13.2,16.4,0.0,0.0,0.0,0.0,36
2023-05-09 21:58:07,i2402-P-540,i2402-P-540,13.2,0.0,0.0,0.0,1,0.5,0.0,0,13.2,16.4,0.0,0.0,0.0,0.0,36
2023-05-09 21:58:08,i2402-P-540,i2402-P-540,13.2,0.0,0.0,0.0,1,0.6,0.0,0,13.2,16.4,0.0,0.0,0.0,0.0,36
2023-05-09 21:58:08,i2402-P-540,i2402-P-540,13.2,0.0,0.0,0.0,1,0.7,0.0,0,13.2,16.4,0.0,0.0,0.0,0.0,36
2023-05-09 21:58:09,i2402-P-540,i2402-P-540,13.2,0.0,0.0,0.0,1,0.8,0.0,0,13.2,16.4,0.0,0.0,0.0,0.0,36
2023-05-09 21:58:11,i2402-P-540,i2402-P-540,13.2,0.0,0.0,0.0,1,1.0,0.0,0,13.2,16.4,0.0,0.0,0.0,0.0,36
2023-05-09 22:01:09,i2402-P-540,i2402-P-540,13.2,0.0,0.0,0.0,1,1.1,0.0,0,13.2,16.4,0.0,0.0,0.0,0.0,36
2023-05-10 09:00:01,i2402-P-540,i2402-P-540,13.2,0.0,0.0,0.0,1,1.0,0.0,0,13.2,16.4,0.0,0.0,0.0,0.0,36
2023-05-10 09:42:15,i2402-P-540,i2402-P-540,13.2,0.0,0.0,0.0,1,1.1,0.0,0,13.2,16.4,0.0,0.0,0.0,0.0,36
2023-05-10 11:29:46,i2402-P-540,i2402-P-540,13.2,0.0,0.0,0.0,1,1.0,0.0,0,13.2,16.4,0.0,0.0,0.0,0.0,36
2023-05-10 13:30:50,i2402-P-540,i2402-P-540,13.2,0.0,0.0,0.0,1,1.1,0.0,0,13.2,16.4,0.0,0.0,0.0,0.0,36
2023-05-10 14:38:22,i2402-P-540,i2402-P-540,13.2,0.0,0.0,0.0,1,16.3,20.3,1,13.2,16.4,0.0,0.0,0.0,0.0,36
2023-05-10 14:38:23,i2402-P-540,i2402-P-540,13.2,0.0,0.0,0.0,2,16.3,20.3,2,13.2,16.4,0.0,0.0,0.0,0.0,36
2023-05-10 14:38:27,i2402-P-540,i2402-P-540,13.2,0.0,0.0,0.0,2,16.3,18.7,1,13.2,16.4,0.0,0.0,0.0,0.0,36
2023-05-10 14:38:28,i2402-P-540,i2402-P-540,13.2,0.0,0.0,0.0,3,16.3,18.7,1,13.2,16.4,0.0,0.0,0.0,0.0,36
2023-05-10 14:38:34,i2402-P-540,i2402-P-540,13.2,0.0,0.0,0.0,2,16.3,18.7,1,13.2,16.4,0.0,0.0,0.0,0.0,36
2023-05-10 14:38:35,i2402-P-540,i2402-P-540,13.2,0.0,0.0,0.0,1,16.3,18.7,1,13.2,16.4,0.0,0.0,0.0,0.0,36
2023-05-10 14:38:35,i2402-P-540,i2402-P-540,13.2,0.0,0.0,0.0,1,16.3,16.4,1,13.2,16.4,0.0,0.0,0.0,0.0,36
2023-05-10 14:38:36,i2402-P-540,i2402-P-540,16.4,1.0,1640.0,0.0,1,16.3,18.7,1,13.2,16.4,16.4,16.4,1.0,1640.0,36
2023-05-10 14:38:38,i2402-P-540,i2402-P-540,16.4,0.0,0.0,0.0,1,16.3,19.4,1,13.2,16.4,16.4,16.4,1.0,1640.0,36
2023-05-10 14:38:39,i2402-P-540,i2402-P-540,16.4,0.0,0.0,0.0,1,14.6,0.0,0,13.2,16.4,16.4,16.4,1.0,1640.0,36
2023-05-10 14:38:40,i2402-P-540,i2402-P-540,16.4,0.0,0.0,0.0,1,14.6,18.1,1,13.2,16.4,16.4,16.4,1.0,1640.0,36
2023-05-10 14:38:46,i2402-P-540,i2402-P-540,16.4,0.0,0.0,0.0,1,14.1,18.1,1,13.2,16.4,16.4,16.4,1.0,1640.0,36
2023-05-10 14:38:52,i2402-P-540,i2402-P-540,16.4,0.0,0.0,0.0,1,1.1,0.0,0,13.2,16.4,16.4,16.4,1.0,1640.0,36
2023-05-10 14:41:05,i2402-P-540,i2402-P-540,16.4,0.0,0.0,0.0,1,16.3,20.3,1,13.2,16.4,16.4,16.4,1.0,1640.0,36
2023-05-10 14:41:06,i2402-P-540,i2402-P-540,16.4,0.0,0.0,0.0,2,16.3,20.3,2,13.2,16.4,16.4,16.4,1.0,1640.0,36
2023-05-10 14:41:11,i2402-P-540,i2402-P-540,16.4,0.0,0.0,0.0,2,16.3,18.7,1,13.2,16.4,16.4,16.4,1.0,1640.0,36
2023-05-10 14:41:14,i2402-P-540,i2402-P-540,16.3,1.0,1630.0,-1.0,1,16.3,18.7,1,13.2,16.4,16.4,16.3,2.0,3270.0,35
2023-05-10 14:41:15,i2402-P-540,i2402-P-540,16.3,0.0,0.0,0.0,1,16.4,18.7,1,13.2,16.4,16.4,16.3,2.0,3270.0,35
2023-05-10 14:41:22,i2402-P-540,i2402-P-540,16.3,0.0,0.0,0.0,1,16.4,20.2,1,13.2,16.4,16.4,16.3,2.0,3270.0,35
2023-05-10 14:41:25,i2402-P-540,i2402-P-540,16.3,0.0,0.0,0.0,2,16.3,20.2,1,13.2,16.4,16.4,16.3,2.0,3270.0,35
2023-05-10 14:41:26,i2402-P-540,i2402-P-540,16.3,0.0,0.0,0.0,2,16.3,20.3,2,13.2,16.4,16.4,16.3,2.0,3270.0,35
2023-05-10 14:41:35,i2402-P-540,i2402-P-540,16.3,0.0,0.0,0.0,1,16.3,20.3,1,13.2,16.4,16.4,16.3,2.0,3270.0,35
2023-05-10 14:41:36,i2402-P-540,i2402-P-540,16.3,0.0,0.0,0.0,1,1.1,0.0,0,13.2,16.4,16.4,16.3,2.0,3270.0,35
2023-05-10 14:41:45,i2402-P-540,i2402-P-540,16.3,0.0,0.0,0.0,1,16.3,0.0,0,13.2,16.4,16.4,16.3,2.0,3270.0,35
2023-05-10 14:42:07,i2402-P-540,i2402-P-540,16.3,0.0,0.0,0.0,1,16.3,20.1,1,13.2,16.4,16.4,16.3,2.0,3270.0,35
2023-05-10 14:42:08,i2402-P-540,i2402-P-540,16.3,0.0,0.0,0.0,2,16.3,20.1,2,13.2,16.4,16.4,16.3,2.0,3270.0,35
2023-05-10 14:42:12,i2402-P-540,i2402-P-540,16.3,0.0,0.0,0.0,2,16.3,18.6,1,13.2,16.4,16.4,16.3,2.0,3270.0,35
2023-05-10 14:42:13,i2402-P-540,i2402-P-540,16.3,0.0,0.0,0.0,3,16.3,18.6,1,13.2,16.4,16.4,16.3,2.0,3270.0,35
2023-05-10 14:42:13,i2402-P-540,i2402-P-540,16.3,1.0,1630.0,0.0,2,16.3,18.6,1,13.2,16.4,16.4,16.3,3.0,4900.0,35
2023-05-10 14:42:19,i2402-P-540,i2402-P-540,16.3,0.0,0.0,0.0,2,16.3,16.6,1,13.2,16.4,16.4,16.3,3.0,4900.0,35
2023-05-10 14:42:20,i2402-P-540,i2402-P-540,16.3,0.0,0.0,0.0,1,16.3,16.6,1,13.2,16.4,16.4,16.3,3.0,4900.0,35
2023-05-10 14:42:24,i2402-P-540,i2402-P-540,16.3,0.0,0.0,0.0,1,15.5,16.6,1,13.2,16.4,16.4,16.3,3.0,4900.0,35
2023-05-10 14:42:25,i2402-P-540,i2402-P-540,16.3,0.0,0.0,0.0,1,13.9,16.6,1,13.2,16.4,16.4,16.3,3.0,4900.0,35
2023-05-10 14:42:29,i2402-P-540,i2402-P-540,16.3,0.0,0.0,0.0,1,13.9,17.9,1,13.2,16.4,16.4,16.3,3.0,4900.0,35
2023-05-10 14:42:29,i2402-P-540,i2402-P-540,16.3,0.0,0.0,0.0,1,13.9,16.5,1,13.2,16.4,16.4,16.3,3.0,4900.0,35
2023-05-10 14:42:34,i2402-P-540,i2402-P-540,16.3,0.0,0.0,0.0,1,13.9,17.9,1,13.2,16.4,16.4,16.3,3.0,4900.0,35
2023-05-10 14:42:37,i2402-P-540,i2402-P-540,16.3,0.0,0.0,0.0,1,1.1,0.0,0,13.2,16.4,16.4,16.3,3.0,4900.0,35
2023-05-10 14:43:04,i2402-P-540,i2402-P-540,16.3,0.0,0.0,0.0,1,2.7,0.0,0,13.2,16.4,16.4,16.3,3.0,4900.0,35
2023-05-10 14:43:18,i2402-P-540,i2402-P-540,16.3,0.0,0.0,0.0,1,16.0,20.0,1,13.2,16.4,16.4,16.3,3.0,4900.0,35
2023-05-10 14:43:19,i2402-P-540,i2402-P-540,16.3,0.0,0.0,0.0,2,16.0,20.0,2,13.2,16.4,16.4,16.3,3.0,4900.0,35
2023-05-10 14:43:22,i2402-P-540,i2402-P-540,16.3,0.0,0.0,0.0,2,16.0,16.3,1,13.2,16.4,16.4,16.3,3.0,4900.0,35
2023-05-10 14:43:30,i2402-P-540,i2402-P-540,16.0,1.0,1600.0,0.0,1,14.6,16.3,1,13.2,16.4,16.4,16.0,4.0,6500.0,35
2023-05-10 14:43:34,i2402-P-540,i2402-P-540,16.0,0.0,0.0,0.0,1,16.0,16.3,1,13.2,16.4,16.4,16.0,4.0,6500.0,35
2023-05-10 14:43:52,i2402-P-540,i2402-P-540,16.0,0.0,0.0,0.0,1,1.1,16.3,1,13.2,16.4,16.4,16.0,4.0,6500.0,35
2023-05-10 14:44:03,i2402-P-540,i2402-P-540,16.0,0.0,0.0,0.0,1,1.1,0.0,0,13.2,16.4,16.4,16.0,4.0,6500.0,35
2023-05-10 14:44:26,i2402-P-540,i2402-P-540,16.0,0.0,0.0,0.0,1,1.2,0.0,0,13.2,16.4,16.4,16.0,4.0,6500.0,35
2023-05-10 14:44:30,i2402-P-540,i2402-P-540,16.0,0.0,0.0,0.0,1,15.9,19.9,1,13.2,16.4,16.4,16.0,4.0,6500.0,35
2023-05-10 14:44:31,i2402-P-540,i2402-P-540,16.0,0.0,0.0,0.0,2,15.9,19.9,2,13.2,16.4,16.4,16.0,4.0,6500.0,35
2023-05-10 14:44:35,i2402-P-540,i2402-P-540,16.0,0.0,0.0,0.0,2,15.9,18.3,1,13.2,16.4,16.4,16.0,4.0,6500.0,35
2023-05-10 14:44:36,i2402-P-540,i2402-P-540,16.0,0.0,0.0,0.0,2,15.9,16.2,1,13.2,16.4,16.4,16.0,4.0,6500.0,35
2023-05-10 14:44:42,i2402-P-540,i2402-P-540,16.0,0.0,0.0,0.0,1,15.9,16.2,1,13.2,16.4,16.4,16.0,4.0,6500.0,35
2023-05-10 14:44:43,i2402-P-540,i2402-P-540,16.0,0.0,0.0,0.0,1,15.2,16.2,1,13.2,16.4,16.4,16.0,4.0,6500.0,35
2023-05-10 14:44:45,i2402-P-540,i2402-P-540,16.0,0.0,0.0,0.0,1,15.2,18.3,1,13.2,16.4,16.4,16.0,4.0,6500.0,35
2023-05-10 14:44:46,i2402-P-540,i2402-P-540,15.8,1.0,1580.0,-1.0,1,15.2,18.3,1,13.2,16.4,16.4,15.8,5.0,8080.0,34
2023-05-10 14:44:46,i2402-P-540,i2402-P-540,15.8,0.0,0.0,0.0,1,14.5,0.0,0,13.2,16.4,16.4,15.8,5.0,8080.0,34
2023-05-10 14:44:48,i2402-P-540,i2402-P-540,15.8,0.0,0.0,0.0,1,14.5,17.6,1,13.2,16.4,16.4,15.8,5.0,8080.0,34
2023-05-10 14:44:57,i2402-P-540,i2402-P-540,15.8,0.0,0.0,0.0,1,13.6,17.6,1,13.2,16.4,16.4,15.8,5.0,8080.0,34
2023-05-10 14:45:00,i2402-P-540,i2402-P-540,15.8,0.0,0.0,0.0,1,4.0,0.0,0,13.2,16.4,16.4,15.8,5.0,8080.0,34
2023-05-10 14:47:22,i2402-P-540,i2402-P-540,15.8,0.0,0.0,0.0,1,15.6,19.6,1,13.2,16.4,16.4,15.8,5.0,8080.0,34
2023-05-10 14:47:27,i2402-P-540,i2402-P-540,15.8,0.0,0.0,0.0,1,15.6,18.2,1,13.2,16.4,16.4,15.8,5.0,8080.0,34
2023-05-10 14:47:34,i2402-P-540,i2402-P-540,15.8,0.0,0.0,0.0,2,15.0,18.2,1,13.2,16.4,16.4,15.8,5.0,8080.0,34
2023-05-10 14:47:34,i2402-P-540,i2402-P-540,15.8,0.0,0.0,0.0,3,15.0,18.2,2,13.2,16.4,16.4,15.8,5.0,8080.0,34
2023-05-10 14:47:35,i2402-P-540,i2402-P-540,15.8,0.0,0.0,0.0,3,15.0,15.7,1,13.2,16.4,16.4,15.8,5.0,8080.0,34
2023-05-10 14:47:36,i2402-P-540,i2402-P-540,15.7,1.0,1570.0,0.0,2,15.0,18.2,2,13.2,16.4,16.4,15.7,6.0,9650.0,34
2023-05-10 14:47:38,i2402-P-540,i2402-P-540,15.7,0.0,0.0,0.0,2,15.0,18.2,1,13.2,16.4,16.4,15.7,6.0,9650.0,34
2023-05-10 14:47:39,i2402-P-540,i2402-P-540,15.7,0.0,0.0,0.0,1,15.0,18.2,1,13.2,16.4,16.4,15.7,6.0,9650.0,34
2023-05-10 14:47:40,i2402-P-540,i2402-P-540,15.7,0.0,0.0,0.0,1,15.0,17.5,1,13.2,16.4,16.4,15.7,6.0,9650.0,34
2023-05-10 14:47:46,i2402-P-540,i2402-P-540,15.7,0.0,0.0,0.0,1,13.5,17.5,1,13.2,16.4,16.4,15.7,6.0,9650.0,34
2023-05-10 14:47:52,i2402-P-540,i2402-P-540,15.7,0.0,0.0,0.0,1,4.0,0.0,0,13.2,16.4,16.4,15.7,6.0,9650.0,34
2023-05-10 14:48:03,i2402-P-540,i2402-P-540,15.7,0.0,0.0,0.0,1,4.1,0.0,0,13.2,16.4,16.4,15.7,6.0,9650.0,34
2023-05-10 14:48:43,i2402-P-540,i2402-P-540,15.7,0.0,0.0,0.0,1,15.8,19.8,1,13.2,16.4,16.4,15.7,6.0,9650.0,34
2023-05-10 14:48:44,i2402-P-540,i2402-P-540,15.7,0.0,0.0,0.0,2,15.8,19.8,2,13.2,16.4,16.4,15.7,6.0,9650.0,34
2023-05-10 14:48:45,i2402-P-540,i2402-P-540,15.7,0.0,0.0,0.0,2,15.8,16.3,1,13.2,16.4,16.4,15.7,6.0,9650.0,34
2023-05-10 14:48:47,i2402-P-540,i2402-P-540,15.8,1.0,1580.0,-1.0,2,15.8,16.3,1,13.2,16.4,16.4,15.7,7.0,11230.0,33
2023-05-10 14:48:56,i2402-P-540,i2402-P-540,15.8,0.0,0.0,0.0,1,15.8,16.3,1,13.2,16.4,16.4,15.7,7.0,11230.0,33
2023-05-10 14:48:59,i2402-P-540,i2402-P-540,15.8,0.0,0.0,0.0,1,14.3,16.3,1,13.2,16.4,16.4,15.7,7.0,11230.0,33
2023-05-10 14:49:10,i2402-P-540,i2402-P-540,15.8,0.0,0.0,0.0,1,13.7,16.3,1,13.2,16.4,16.4,15.7,7.0,11230.0,33
2023-05-10 14:49:13,i2402-P-540,i2402-P-540,15.8,0.0,0.0,0.0,1,4.1,16.3,1,13.2,16.4,16.4,15.7,7.0,11230.0,33
2023-05-10 14:50:06,i2402-P-540,i2402-P-540,15.8,0.0,0.0,0.0,1,5.7,16.3,1,13.2,16.4,16.4,15.7,7.0,11230.0,33
2023-05-10 14:50:36,i2402-P-540,i2402-P-540,15.8,0.0,0.0,0.0,1,4.1,16.3,1,13.2,16.4,16.4,15.7,7.0,11230.0,33
2023-05-10 14:50:51,i2402-P-540,i2402-P-540,15.8,0.0,0.0,0.0,1,15.7,16.3,1,13.2,16.4,16.4,15.7,7.0,11230.0,33
2023-05-10 14:50:52,i2402-P-540,i2402-P-540,15.8,0.0,0.0,0.0,2,15.7,16.3,1,13.2,16.4,16.4,15.7,7.0,11230.0,33
2023-05-10 14:50:58,i2402-P-540,i2402-P-540,15.8,0.0,0.0,0.0,3,15.7,16.3,1,13.2,16.4,16.4,15.7,7.0,11230.0,33
2023-05-10 14:51:02,i2402-P-540,i2402-P-540,15.7,1.0,1570.0,-1.0,3,15.7,16.3,1,13.2,16.4,16.4,15.7,8.0,12800.0,32
2023-05-10 14:51:04,i2402-P-540,i2402-P-540,15.7,0.0,0.0,0.0,2,15.7,16.3,1,13.2,16.4,16.4,15.7,8.0,12800.0,32
2023-05-10 14:51:09,i2402-P-540,i2402-P-540,15.7,0.0,0.0,0.0,1,15.7,16.3,1,13.2,16.4,16.4,15.7,8.0,12800.0,32
2023-05-10 14:51:13,i2402-P-540,i2402-P-540,15.7,0.0,0.0,0.0,1,14.0,16.3,1,13.2,16.4,16.4,15.7,8.0,12800.0,32
2023-05-10 14:51:21,i2402-P-540,i2402-P-540,15.7,0.0,0.0,0.0,1,4.1,16.3,1,13.2,16.4,16.4,15.7,8.0,12800.0,32
2023-05-10 14:52:50,i2402-P-540,i2402-P-540,15.7,0.0,0.0,0.0,1,15.7,16.3,1,13.2,16.4,16.4,15.7,8.0,12800.0,32
2023-05-10 14:52:51,i2402-P-540,i2402-P-540,15.7,0.0,0.0,0.0,2,15.7,16.3,1,13.2,16.4,16.4,15.7,8.0,12800.0,32
2023-05-10 14:53:02,i2402-P-540,i2402-P-540,15.7,0.0,0.0,0.0,1,15.7,16.3,1,13.2,16.4,16.4,15.7,8.0,12800.0,32
2023-05-10 14:53:03,i2402-P-540,i2402-P-540,15.7,0.0,0.0,0.0,1,14.2,16.3,1,13.2,16.4,16.4,15.7,8.0,12800.0,32
2023-05-10 14:53:04,i2402-P-540,i2402-P-540,15.7,0.0,0.0,0.0,1,14.5,15.8,1,13.2,16.4,16.4,15.7,8.0,12800.0,32
2023-05-10 14:53:05,i2402-P-540,i2402-P-540,15.8,1.0,1580.0,0.0,1,14.5,16.3,1,13.2,16.4,16.4,15.7,9.0,14380.0,32
2023-05-10 14:53:15,i2402-P-540,i2402-P-540,15.8,0.0,0.0,0.0,1,14.2,16.3,1,13.2,16.4,16.4,15.7,9.0,14380.0,32
2023-05-10 14:53:18,i2402-P-540,i2402-P-540,15.8,0.0,0.0,0.0,1,13.4,16.3,1,13.2,16.4,16.4,15.7,9.0,14380.0,32
2023-05-10 14:53:20,i2402-P-540,i2402-P-540,15.8,0.0,0.0,0.0,1,4.1,16.3,1,13.2,16.4,16.4,15.7,9.0,14380.0,32
2023-05-10 14:53:23,i2402-P-540,i2402-P-540,15.8,0.0,0.0,0.0,1,4.1,0.0,0,13.2,16.4,16.4,15.7,9.0,14380.0,32
2023-05-10 14:53:33,i2402-P-540,i2402-P-540,15.8,0.0,0.0,0.0,1,4.1,16.3,1,13.2,16.4,16.4,15.7,9.0,14380.0,32
2023-05-10 14:53:52,i2402-P-540,i2402-P-540,15.8,0.0,0.0,0.0,1,15.6,16.3,1,13.2,16.4,16.4,15.7,9.0,14380.0,32
2023-05-10 14:53:53,i2402-P-540,i2402-P-540,15.8,0.0,0.0,0.0,2,15.6,16.3,1,13.2,16.4,16.4,15.7,9.0,14380.0,32
2023-05-10 14:53:59,i2402-P-540,i2402-P-540,15.8,0.0,0.0,0.0,3,15.6,16.3,1,13.2,16.4,16.4,15.7,9.0,14380.0,32
2023-05-10 14:54:04,i2402-P-540,i2402-P-540,15.8,0.0,0.0,0.0,2,15.6,16.3,1,13.2,16.4,16.4,15.7,9.0,14380.0,32
2023-05-10 14:54:05,i2402-P-540,i2402-P-540,15.8,0.0,0.0,0.0,1,15.6,16.3,1,13.2,16.4,16.4,15.7,9.0,14380.0,32
2023-05-10 14:54:08,i2402-P-540,i2402-P-540,15.6,1.0,1560.0,0.0,1,14.3,16.3,1,13.2,16.4,16.4,15.6,10.0,15940.0,32
2023-05-10 14:54:15,i2402-P-540,i2402-P-540,15.6,0.0,0.0,0.0,1,14.3,17.5,1,13.2,16.4,16.4,15.6,10.0,15940.0,32
2023-05-10 14:54:19,i2402-P-540,i2402-P-540,15.6,0.0,0.0,0.0,1,13.5,17.5,1,13.2,16.4,16.4,15.6,10.0,15940.0,32
2023-05-10 14:54:22,i2402-P-540,i2402-P-540,15.6,0.0,0.0,0.0,1,4.1,0.0,0,13.2,16.4,16.4,15.6,10.0,15940.0,32
2023-05-10 14:55:04,i2402-P-540,i2402-P-540,15.6,0.0,0.0,0.0,1,15.6,19.6,1,13.2,16.4,16.4,15.6,10.0,15940.0,32
2023-05-10 14:55:06,i2402-P-540,i2402-P-540,15.6,0.0,0.0,0.0,1,15.6,16.3,1,13.2,16.4,16.4,15.6,10.0,15940.0,32
2023-05-10 14:55:11,i2402-P-540,i2402-P-540,15.6,0.0,0.0,0.0,1,15.6,15.7,1,13.2,16.4,16.4,15.6,10.0,15940.0,32
2023-05-10 14:55:12,i2402-P-540,i2402-P-540,15.7,1.0,1570.0,-1.0,1,15.6,16.3,1,13.2,16.4,16.4,15.6,11.0,17510.0,31
2023-05-10 14:55:13,i2402-P-540,i2402-P-540,15.7,0.0,0.0,0.0,2,15.6,16.3,1,13.2,16.4,16.4,15.6,11.0,17510.0,31
2023-05-10 14:55:16,i2402-P-540,i2402-P-540,15.7,0.0,0.0,0.0,1,15.6,16.3,1,13.2,16.4,16.4,15.6,11.0,17510.0,31
2023-05-10 14:55:25,i2402-P-540,i2402-P-540,15.7,0.0,0.0,0.0,1,13.9,16.3,1,13.2,16.4,16.4,15.6,11.0,17510.0,31
2023-05-10 14:55:34,i2402-P-540,i2402-P-540,15.7,0.0,0.0,0.0,1,4.1,16.3,1,13.2,16.4,16.4,15.6,11.0,17510.0,31
2023-05-10 14:56:08,i2402-P-540,i2402-P-540,15.7,0.0,0.0,0.0,1,4.1,0.0,0,13.2,16.4,16.4,15.6,11.0,17510.0,31
2023-05-10 14:56:22,i2402-P-540,i2402-P-540,15.7,0.0,0.0,0.0,1,15.8,19.8,1,13.2,16.4,16.4,15.6,11.0,17510.0,31
2023-05-10 14:56:23,i2402-P-540,i2402-P-540,15.7,0.0,0.0,0.0,2,15.8,19.8,2,13.2,16.4,16.4,15.6,11.0,17510.0,31
2023-05-10 14:56:27,i2402-P-540,i2402-P-540,15.7,0.0,0.0,0.0,2,15.8,18.3,1,13.2,16.4,16.4,15.6,11.0,17510.0,31
2023-05-10 14:56:31,i2402-P-540,i2402-P-540,15.7,0.0,0.0,0.0,2,15.8,16.3,1,13.2,16.4,16.4,15.6,11.0,17510.0,31
2023-05-10 14:56:34,i2402-P-540,i2402-P-540,15.9,1.0,1590.0,-1.0,2,15.8,16.3,1,13.2,16.4,16.4,15.6,12.0,19100.0,30
2023-05-10 14:56:34,i2402-P-540,i2402-P-540,15.9,0.0,0.0,0.0,1,15.8,16.3,1,13.2,16.4,16.4,15.6,12.0,19100.0,30
2023-05-10 14:56:35,i2402-P-540,i2402-P-540,15.9,0.0,0.0,0.0,1,14.6,16.3,1,13.2,16.4,16.4,15.6,12.0,19100.0,30
2023-05-10 14:56:45,i2402-P-540,i2402-P-540,15.9,0.0,0.0,0.0,1,14.3,16.3,1,13.2,16.4,16.4,15.6,12.0,19100.0,30
2023-05-10 14:56:49,i2402-P-540,i2402-P-540,15.9,0.0,0.0,0.0,1,13.6,16.3,1,13.2,16.4,16.4,15.6,12.0,19100.0,30
2023-05-10 14:56:52,i2402-P-540,i2402-P-540,15.9,0.0,0.0,0.0,1,4.1,16.3,1,13.2,16.4,16.4,15.6,12.0,19100.0,30
2023-05-10 14:57:30,i2402-P-540,i2402-P-540,15.9,0.0,0.0,0.0,1,15.8,16.3,1,13.2,16.4,16.4,15.6,12.0,19100.0,30
2023-05-10 14:57:31,i2402-P-540,i2402-P-540,15.9,0.0,0.0,0.0,2,15.8,16.3,1,13.2,16.4,16.4,15.6,12.0,19100.0,30
2023-05-10 14:57:35,i2402-P-540,i2402-P-540,15.8,1.0,1580.0,-1.0,2,15.8,16.3,1,13.2,16.4,16.4,15.6,13.0,20680.0,29
2023-05-10 14:57:36,i2402-P-540,i2402-P-540,15.8,0.0,0.0,0.0,3,15.8,16.3,1,13.2,16.4,16.4,15.6,13.0,20680.0,29
2023-05-10 14:57:43,i2402-P-540,i2402-P-540,15.8,0.0,0.0,0.0,2,15.8,16.3,1,13.2,16.4,16.4,15.6,13.0,20680.0,29
2023-05-10 14:57:47,i2402-P-540,i2402-P-540,15.8,0.0,0.0,0.0,1,15.8,16.3,1,13.2,16.4,16.4,15.6,13.0,20680.0,29
2023-05-10 14:57:48,i2402-P-540,i2402-P-540,15.8,0.0,0.0,0.0,1,13.6,16.3,1,13.2,16.4,16.4,15.6,13.0,20680.0,29
2023-05-10 14:58:00,i2402-P-540,i2402-P-540,15.8,0.0,0.0,0.0,1,4.1,16.3,1,13.2,16.4,16.4,15.6,13.0,20680.0,29
2023-05-10 14:58:49,i2402-P-540,i2402-P-540,15.8,0.0,0.0,0.0,1,15.8,16.3,1,13.2,16.4,16.4,15.6,13.0,20680.0,29
2023-05-10 14:58:56,i2402-P-540,i2402-P-540,15.8,1.0,1580.0,-1.0,1,15.8,16.3,1,13.2,16.4,16.4,15.6,14.0,22260.0,28
2023-05-10 14:59:08,i2402-P-540,i2402-P-540,15.8,0.0,0.0,0.0,1,14.1,16.3,1,13.2,16.4,16.4,15.6,14.0,22260.0,28
2023-05-10 14:59:19,i2402-P-540,i2402-P-540,15.8,0.0,0.0,0.0,1,4.1,16.3,1,13.2,16.4,16.4,15.6,14.0,22260.0,28
2023-05-10 15:01:15,i2402-P-540,i2402-P-540,15.8,0.0,0.0,0.0,1,4.1,16.3,1,13.2,16.4,16.4,15.6,14.0,22260.0,28
