time,symbol_id,symbol_name,last,trade_volume,trade_amount,open_interest_change,bv1,bp1,ap1,av1,yesterday_close,today_open,today_high,today_low,volume,amount,open_interest
2023-05-09 20:56:26,i2401-C-950,i2401-C-950,4.7,0.0,0.0,0.0,1,3.0,21.0,1,4.7,0.0,0.0,0.0,0.0,0.0,156
2023-05-09 21:00:08,i2401-C-950,i2401-C-950,4.7,0.0,0.0,0.0,1,3.1,20.9,20,4.7,0.0,0.0,0.0,0.0,0.0,156
2023-05-09 21:00:08,i2401-C-950,i2401-C-950,4.7,0.0,0.0,0.0,1,3.0,20.9,20,4.7,0.0,0.0,0.0,0.0,0.0,156
2023-05-09 21:00:09,i2401-C-950,i2401-C-950,4.7,0.0,0.0,0.0,1,3.1,20.9,20,4.7,0.0,0.0,0.0,0.0,0.0,156
2023-05-09 21:00:22,i2401-C-950,i2401-C-950,4.7,0.0,0.0,0.0,1,3.1,17.0,1,4.7,0.0,0.0,0.0,0.0,0.0,156
2023-05-09 21:00:22,i2401-C-950,i2401-C-950,4.7,0.0,0.0,0.0,1,3.1,16.9,20,4.7,0.0,0.0,0.0,0.0,0.0,156
2023-05-09 21:00:23,i2401-C-950,i2401-C-950,4.7,0.0,0.0,0.0,1,3.1,13.0,1,4.7,0.0,0.0,0.0,0.0,0.0,156
2023-05-09 21:00:23,i2401-C-950,i2401-C-950,4.7,0.0,0.0,0.0,1,3.1,12.9,20,4.7,0.0,0.0,0.0,0.0,0.0,156
2023-05-09 21:00:24,i2401-C-950,i2401-C-950,4.7,0.0,0.0,0.0,1,3.1,9.0,1,4.7,0.0,0.0,0.0,0.0,0.0,156
2023-05-09 21:00:25,i2401-C-950,i2401-C-950,4.7,0.0,0.0,0.0,1,3.1,6.9,1,4.7,0.0,0.0,0.0,0.0,0.0,156
2023-05-09 21:00:31,i2401-C-950,i2401-C-950,4.7,0.0,0.0,0.0,1,3.1,17.1,1,4.7,0.0,0.0,0.0,0.0,0.0,156
2023-05-09 21:00:31,i2401-C-950,i2401-C-950,4.7,0.0,0.0,0.0,1,3.1,13.1,1,4.7,0.0,0.0,0.0,0.0,0.0,156
2023-05-09 21:00:32,i2401-C-950,i2401-C-950,4.7,0.0,0.0,0.0,1,3.1,13.0,20,4.7,0.0,0.0,0.0,0.0,0.0,156
2023-05-09 21:00:32,i2401-C-950,i2401-C-950,4.7,0.0,0.0,0.0,1,3.1,9.1,1,4.7,0.0,0.0,0.0,0.0,0.0,156
2023-05-09 21:00:33,i2401-C-950,i2401-C-950,4.7,0.0,0.0,0.0,1,3.1,6.9,1,4.7,0.0,0.0,0.0,0.0,0.0,156
2023-05-09 21:00:39,i2401-C-950,i2401-C-950,4.7,0.0,0.0,0.0,1,3.1,17.0,20,4.7,0.0,0.0,0.0,0.0,0.0,156
2023-05-09 21:00:40,i2401-C-950,i2401-C-950,4.7,0.0,0.0,0.0,1,3.1,13.1,1,4.7,0.0,0.0,0.0,0.0,0.0,156
2023-05-09 21:00:40,i2401-C-950,i2401-C-950,4.7,0.0,0.0,0.0,1,3.1,9.1,1,4.7,0.0,0.0,0.0,0.0,0.0,156
2023-05-09 21:00:41,i2401-C-950,i2401-C-950,4.7,0.0,0.0,0.0,1,3.1,9.0,20,4.7,0.0,0.0,0.0,0.0,0.0,156
2023-05-09 21:00:41,i2401-C-950,i2401-C-950,4.7,0.0,0.0,0.0,1,3.1,6.9,1,4.7,0.0,0.0,0.0,0.0,0.0,156
2023-05-09 21:00:47,i2401-C-950,i2401-C-950,4.7,0.0,0.0,0.0,1,3.1,17.0,20,4.7,0.0,0.0,0.0,0.0,0.0,156
2023-05-09 21:00:48,i2401-C-950,i2401-C-950,4.7,0.0,0.0,0.0,1,3.1,13.1,1,4.7,0.0,0.0,0.0,0.0,0.0,156
2023-05-09 21:00:48,i2401-C-950,i2401-C-950,4.7,0.0,0.0,0.0,1,3.1,9.1,1,4.7,0.0,0.0,0.0,0.0,0.0,156
2023-05-09 21:00:49,i2401-C-950,i2401-C-950,4.7,0.0,0.0,0.0,1,3.1,9.0,20,4.7,0.0,0.0,0.0,0.0,0.0,156
2023-05-09 21:00:49,i2401-C-950,i2401-C-950,4.7,0.0,0.0,0.0,1,3.1,6.9,1,4.7,0.0,0.0,0.0,0.0,0.0,156
2023-05-09 21:00:55,i2401-C-950,i2401-C-950,4.7,0.0,0.0,0.0,1,3.1,17.1,1,4.7,0.0,0.0,0.0,0.0,0.0,156
2023-05-09 21:00:55,i2401-C-950,i2401-C-950,4.7,0.0,0.0,0.0,1,3.1,13.1,1,4.7,0.0,0.0,0.0,0.0,0.0,156
2023-05-09 21:00:56,i2401-C-950,i2401-C-950,4.7,0.0,0.0,0.0,1,3.1,13.0,20,4.7,0.0,0.0,0.0,0.0,0.0,156
2023-05-09 21:00:57,i2401-C-950,i2401-C-950,4.7,0.0,0.0,0.0,1,3.1,9.1,1,4.7,0.0,0.0,0.0,0.0,0.0,156
2023-05-09 21:00:57,i2401-C-950,i2401-C-950,4.7,0.0,0.0,0.0,1,3.1,6.8,1,4.7,0.0,0.0,0.0,0.0,0.0,156
2023-05-09 21:01:04,i2401-C-950,i2401-C-950,4.7,0.0,0.0,0.0,1,3.1,17.1,1,4.7,0.0,0.0,0.0,0.0,0.0,156
2023-05-09 21:01:04,i2401-C-950,i2401-C-950,4.7,0.0,0.0,0.0,1,3.1,13.1,1,4.7,0.0,0.0,0.0,0.0,0.0,156
2023-05-09 21:01:05,i2401-C-950,i2401-C-950,4.7,0.0,0.0,0.0,1,3.1,13.0,20,4.7,0.0,0.0,0.0,0.0,0.0,156
2023-05-09 21:01:05,i2401-C-950,i2401-C-950,4.7,0.0,0.0,0.0,1,3.1,9.1,1,4.7,0.0,0.0,0.0,0.0,0.0,156
2023-05-09 21:01:06,i2401-C-950,i2401-C-950,4.7,0.0,0.0,0.0,1,3.1,6.8,1,4.7,0.0,0.0,0.0,0.0,0.0,156
2023-05-09 21:03:13,i2401-C-950,i2401-C-950,4.7,0.0,0.0,0.0,20,3.2,6.7,20,4.7,0.0,0.0,0.0,0.0,0.0,156
2023-05-09 21:03:15,i2401-C-950,i2401-C-950,4.7,0.0,0.0,0.0,1,3.3,6.7,20,4.7,0.0,0.0,0.0,0.0,0.0,156
2023-05-09 21:03:15,i2401-C-950,i2401-C-950,4.7,0.0,0.0,0.0,20,3.4,6.7,20,4.7,0.0,0.0,0.0,0.0,0.0,156
2023-05-09 21:03:16,i2401-C-950,i2401-C-950,4.7,0.0,0.0,0.0,1,3.5,6.7,20,4.7,0.0,0.0,0.0,0.0,0.0,156
2023-05-09 21:06:47,i2401-C-950,i2401-C-950,4.7,0.0,0.0,0.0,21,3.5,6.7,20,4.7,0.0,0.0,0.0,0.0,0.0,156
2023-05-09 21:07:51,i2401-C-950,i2401-C-950,4.7,0.0,0.0,0.0,1,3.5,6.7,20,4.7,0.0,0.0,0.0,0.0,0.0,156
2023-05-09 21:08:02,i2401-C-950,i2401-C-950,4.7,0.0,0.0,0.0,21,3.5,6.7,20,4.7,0.0,0.0,0.0,0.0,0.0,156
2023-05-09 21:13:03,i2401-C-950,i2401-C-950,4.7,0.0,0.0,0.0,1,3.6,6.7,20,4.7,0.0,0.0,0.0,0.0,0.0,156
2023-05-09 21:13:03,i2401-C-950,i2401-C-950,4.7,0.0,0.0,0.0,20,3.7,6.7,20,4.7,0.0,0.0,0.0,0.0,0.0,156
2023-05-09 21:14:44,i2401-C-950,i2401-C-950,4.7,0.0,0.0,0.0,1,3.8,6.7,20,4.7,0.0,0.0,0.0,0.0,0.0,156
2023-05-09 21:14:44,i2401-C-950,i2401-C-950,4.7,0.0,0.0,0.0,20,3.9,6.7,20,4.7,0.0,0.0,0.0,0.0,0.0,156
2023-05-09 21:24:22,i2401-C-950,i2401-C-950,4.7,0.0,0.0,0.0,20,3.7,6.7,20,4.7,0.0,0.0,0.0,0.0,0.0,156
2023-05-09 21:24:23,i2401-C-950,i2401-C-950,4.7,0.0,0.0,0.0,1,3.8,6.7,20,4.7,0.0,0.0,0.0,0.0,0.0,156
2023-05-09 21:24:23,i2401-C-950,i2401-C-950,4.7,0.0,0.0,0.0,21,3.8,6.7,20,4.7,0.0,0.0,0.0,0.0,0.0,156
2023-05-09 21:31:02,i2401-C-950,i2401-C-950,4.7,0.0,0.0,0.0,1,3.8,6.7,20,4.7,0.0,0.0,0.0,0.0,0.0,156
2023-05-09 21:31:13,i2401-C-950,i2401-C-950,4.7,0.0,0.0,0.0,21,3.8,6.7,20,4.7,0.0,0.0,0.0,0.0,0.0,156
2023-05-09 22:57:32,i2401-C-950,i2401-C-950,4.7,0.0,0.0,0.0,1,3.8,21.0,1,4.7,0.0,0.0,0.0,0.0,0.0,156
2023-05-09 22:57:39,i2401-C-950,i2401-C-950,4.7,0.0,0.0,0.0,1,3.8,20.7,1,4.7,0.0,0.0,0.0,0.0,0.0,156
2023-05-09 22:57:47,i2401-C-950,i2401-C-950,4.7,0.0,0.0,0.0,1,3.8,19.6,1,4.7,0.0,0.0,0.0,0.0,0.0,156
2023-05-09 22:57:48,i2401-C-950,i2401-C-950,4.7,0.0,0.0,0.0,1,3.8,19.3,1,4.7,0.0,0.0,0.0,0.0,0.0,156
2023-05-09 22:57:59,i2401-C-950,i2401-C-950,4.7,0.0,0.0,0.0,1,3.8,19.6,1,4.7,0.0,0.0,0.0,0.0,0.0,156
2023-05-09 22:57:59,i2401-C-950,i2401-C-950,4.7,0.0,0.0,0.0,20,3.9,19.5,20,4.7,0.0,0.0,0.0,0.0,0.0,156
2023-05-09 22:58:55,i2401-C-950,i2401-C-950,4.7,0.0,0.0,0.0,1,3.6,21.0,1,4.7,0.0,0.0,0.0,0.0,0.0,156
2023-05-09 22:58:55,i2401-C-950,i2401-C-950,4.7,0.0,0.0,0.0,1,3.7,21.0,1,4.7,0.0,0.0,0.0,0.0,0.0,156
2023-05-09 22:59:11,i2401-C-950,i2401-C-950,4.7,0.0,0.0,0.0,1,3.7,20.9,20,4.7,0.0,0.0,0.0,0.0,0.0,156
2023-05-09 22:59:55,i2401-C-950,i2401-C-950,4.7,0.0,0.0,0.0,1,3.7,21.0,1,4.7,0.0,0.0,0.0,0.0,0.0,156
2023-05-10 09:00:07,i2401-C-950,i2401-C-950,4.7,0.0,0.0,0.0,1,3.8,20.9,20,4.7,0.0,0.0,0.0,0.0,0.0,156
2023-05-10 09:00:11,i2401-C-950,i2401-C-950,4.7,0.0,0.0,0.0,1,3.8,16.9,1,4.7,0.0,0.0,0.0,0.0,0.0,156
2023-05-10 09:00:11,i2401-C-950,i2401-C-950,4.7,0.0,0.0,0.0,1,3.8,16.8,20,4.7,0.0,0.0,0.0,0.0,0.0,156
2023-05-10 09:00:12,i2401-C-950,i2401-C-950,4.7,0.0,0.0,0.0,1,3.8,12.8,1,4.7,0.0,0.0,0.0,0.0,0.0,156
2023-05-10 09:00:12,i2401-C-950,i2401-C-950,4.7,0.0,0.0,0.0,1,3.8,12.7,20,4.7,0.0,0.0,0.0,0.0,0.0,156
2023-05-10 09:00:13,i2401-C-950,i2401-C-950,4.7,0.0,0.0,0.0,1,3.8,8.7,1,4.7,0.0,0.0,0.0,0.0,0.0,156
2023-05-10 09:00:19,i2401-C-950,i2401-C-950,4.7,0.0,0.0,0.0,1,3.8,21.0,1,4.7,0.0,0.0,0.0,0.0,0.0,156
2023-05-10 09:00:19,i2401-C-950,i2401-C-950,4.7,0.0,0.0,0.0,1,3.8,20.9,20,4.7,0.0,0.0,0.0,0.0,0.0,156
2023-05-10 09:00:23,i2401-C-950,i2401-C-950,4.7,0.0,0.0,0.0,1,3.8,16.9,1,4.7,0.0,0.0,0.0,0.0,0.0,156
2023-05-10 09:00:23,i2401-C-950,i2401-C-950,4.7,0.0,0.0,0.0,1,3.8,16.8,20,4.7,0.0,0.0,0.0,0.0,0.0,156
2023-05-10 09:00:24,i2401-C-950,i2401-C-950,4.7,0.0,0.0,0.0,1,3.8,12.8,1,4.7,0.0,0.0,0.0,0.0,0.0,156
2023-05-10 09:00:24,i2401-C-950,i2401-C-950,4.7,0.0,0.0,0.0,1,3.8,12.7,20,4.7,0.0,0.0,0.0,0.0,0.0,156
2023-05-10 09:00:25,i2401-C-950,i2401-C-950,4.7,0.0,0.0,0.0,1,3.8,8.7,1,4.7,0.0,0.0,0.0,0.0,0.0,156
2023-05-10 09:00:31,i2401-C-950,i2401-C-950,4.7,0.0,0.0,0.0,1,3.8,21.0,1,4.7,0.0,0.0,0.0,0.0,0.0,156
2023-05-10 09:00:31,i2401-C-950,i2401-C-950,4.7,0.0,0.0,0.0,1,3.8,17.0,1,4.7,0.0,0.0,0.0,0.0,0.0,156
2023-05-10 09:00:31,i2401-C-950,i2401-C-950,4.7,0.0,0.0,0.0,1,3.8,16.9,20,4.7,0.0,0.0,0.0,0.0,0.0,156
2023-05-10 09:00:32,i2401-C-950,i2401-C-950,4.7,0.0,0.0,0.0,1,3.8,12.9,1,4.7,0.0,0.0,0.0,0.0,0.0,156
2023-05-10 09:00:33,i2401-C-950,i2401-C-950,4.7,0.0,0.0,0.0,1,3.8,12.8,20,4.7,0.0,0.0,0.0,0.0,0.0,156
2023-05-10 09:00:33,i2401-C-950,i2401-C-950,4.7,0.0,0.0,0.0,1,3.8,8.8,1,4.7,0.0,0.0,0.0,0.0,0.0,156
2023-05-10 09:00:39,i2401-C-950,i2401-C-950,4.7,0.0,0.0,0.0,1,3.8,21.0,1,4.7,0.0,0.0,0.0,0.0,0.0,156
2023-05-10 09:00:39,i2401-C-950,i2401-C-950,4.7,0.0,0.0,0.0,1,3.8,17.0,1,4.7,0.0,0.0,0.0,0.0,0.0,156
2023-05-10 09:00:39,i2401-C-950,i2401-C-950,4.7,0.0,0.0,0.0,1,3.8,16.9,20,4.7,0.0,0.0,0.0,0.0,0.0,156
2023-05-10 09:00:40,i2401-C-950,i2401-C-950,4.7,0.0,0.0,0.0,1,3.8,12.9,1,4.7,0.0,0.0,0.0,0.0,0.0,156
2023-05-10 09:00:41,i2401-C-950,i2401-C-950,4.7,0.0,0.0,0.0,1,3.8,8.8,1,4.7,0.0,0.0,0.0,0.0,0.0,156
2023-05-10 09:00:47,i2401-C-950,i2401-C-950,4.7,0.0,0.0,0.0,1,3.8,21.0,1,4.7,0.0,0.0,0.0,0.0,0.0,156
2023-05-10 09:00:47,i2401-C-950,i2401-C-950,4.7,0.0,0.0,0.0,1,3.8,17.0,1,4.7,0.0,0.0,0.0,0.0,0.0,156
2023-05-10 09:00:47,i2401-C-950,i2401-C-950,4.7,0.0,0.0,0.0,1,3.8,16.9,20,4.7,0.0,0.0,0.0,0.0,0.0,156
2023-05-10 09:00:48,i2401-C-950,i2401-C-950,4.7,0.0,0.0,0.0,1,3.8,12.9,1,4.7,0.0,0.0,0.0,0.0,0.0,156
2023-05-10 09:00:48,i2401-C-950,i2401-C-950,4.7,0.0,0.0,0.0,1,3.8,12.8,20,4.7,0.0,0.0,0.0,0.0,0.0,156
2023-05-10 09:00:49,i2401-C-950,i2401-C-950,4.7,0.0,0.0,0.0,1,3.8,8.8,1,4.7,0.0,0.0,0.0,0.0,0.0,156
2023-05-10 09:00:55,i2401-C-950,i2401-C-950,4.7,0.0,0.0,0.0,1,3.8,17.0,1,4.7,0.0,0.0,0.0,0.0,0.0,156
2023-05-10 09:00:55,i2401-C-950,i2401-C-950,4.7,0.0,0.0,0.0,1,3.8,12.9,1,4.7,0.0,0.0,0.0,0.0,0.0,156
2023-05-10 09:00:56,i2401-C-950,i2401-C-950,4.7,0.0,0.0,0.0,1,3.8,12.8,20,4.7,0.0,0.0,0.0,0.0,0.0,156
2023-05-10 09:00:56,i2401-C-950,i2401-C-950,4.7,0.0,0.0,0.0,1,3.8,8.8,1,4.7,0.0,0.0,0.0,0.0,0.0,156
2023-05-10 09:01:02,i2401-C-950,i2401-C-950,4.7,0.0,0.0,0.0,1,3.8,17.0,1,4.7,0.0,0.0,0.0,0.0,0.0,156
2023-05-10 09:01:02,i2401-C-950,i2401-C-950,4.7,0.0,0.0,0.0,1,3.8,12.7,1,4.7,0.0,0.0,0.0,0.0,0.0,156
2023-05-10 09:01:03,i2401-C-950,i2401-C-950,4.7,0.0,0.0,0.0,1,3.8,8.6,1,4.7,0.0,0.0,0.0,0.0,0.0,156
2023-05-10 09:01:09,i2401-C-950,i2401-C-950,4.7,0.0,0.0,0.0,1,3.8,17.0,1,4.7,0.0,0.0,0.0,0.0,0.0,156
2023-05-10 09:01:09,i2401-C-950,i2401-C-950,4.7,0.0,0.0,0.0,1,3.8,12.7,1,4.7,0.0,0.0,0.0,0.0,0.0,156
2023-05-10 09:01:10,i2401-C-950,i2401-C-950,4.7,0.0,0.0,0.0,1,3.8,8.6,1,4.7,0.0,0.0,0.0,0.0,0.0,156
2023-05-10 09:01:16,i2401-C-950,i2401-C-950,4.7,0.0,0.0,0.0,1,3.8,17.0,1,4.7,0.0,0.0,0.0,0.0,0.0,156
2023-05-10 09:01:16,i2401-C-950,i2401-C-950,4.7,0.0,0.0,0.0,1,3.8,12.7,1,4.7,0.0,0.0,0.0,0.0,0.0,156
2023-05-10 09:01:17,i2401-C-950,i2401-C-950,4.7,0.0,0.0,0.0,1,3.8,8.6,1,4.7,0.0,0.0,0.0,0.0,0.0,156
2023-05-10 09:03:29,i2401-C-950,i2401-C-950,4.7,0.0,0.0,0.0,20,3.9,8.5,20,4.7,0.0,0.0,0.0,0.0,0.0,156
2023-05-10 09:03:30,i2401-C-950,i2401-C-950,4.7,0.0,0.0,0.0,20,3.9,7.3,1,4.7,0.0,0.0,0.0,0.0,0.0,156
2023-05-10 09:03:30,i2401-C-950,i2401-C-950,4.7,0.0,0.0,0.0,1,4.0,7.2,20,4.7,0.0,0.0,0.0,0.0,0.0,156
2023-05-10 09:03:30,i2401-C-950,i2401-C-950,4.7,0.0,0.0,0.0,20,4.1,7.2,20,4.7,0.0,0.0,0.0,0.0,0.0,156
2023-05-10 09:04:29,i2401-C-950,i2401-C-950,4.7,0.0,0.0,0.0,1,4.2,7.2,20,4.7,0.0,0.0,0.0,0.0,0.0,156
2023-05-10 09:04:29,i2401-C-950,i2401-C-950,4.7,0.0,0.0,0.0,20,4.3,7.2,20,4.7,0.0,0.0,0.0,0.0,0.0,156
2023-05-10 09:04:31,i2401-C-950,i2401-C-950,4.7,0.0,0.0,0.0,1,4.4,7.2,20,4.7,0.0,0.0,0.0,0.0,0.0,156
2023-05-10 09:04:34,i2401-C-950,i2401-C-950,4.7,0.0,0.0,0.0,21,4.4,7.2,20,4.7,0.0,0.0,0.0,0.0,0.0,156
2023-05-10 09:04:34,i2401-C-950,i2401-C-950,4.7,0.0,0.0,0.0,1,4.4,7.2,20,4.7,0.0,0.0,0.0,0.0,0.0,156
2023-05-10 09:05:03,i2401-C-950,i2401-C-950,4.7,0.0,0.0,0.0,21,4.4,7.2,20,4.7,0.0,0.0,0.0,0.0,0.0,156
2023-05-10 10:14:32,i2401-C-950,i2401-C-950,4.7,0.0,0.0,0.0,1,4.4,7.3,1,4.7,0.0,0.0,0.0,0.0,0.0,156
2023-05-10 10:14:58,i2401-C-950,i2401-C-950,4.7,0.0,0.0,0.0,1,3.8,7.3,1,4.7,0.0,0.0,0.0,0.0,0.0,156
2023-05-10 10:30:00,i2401-C-950,i2401-C-950,4.7,0.0,0.0,0.0,1,3.9,7.3,1,4.7,0.0,0.0,0.0,0.0,0.0,156
2023-05-10 10:30:05,i2401-C-950,i2401-C-950,4.7,0.0,0.0,0.0,20,4.0,7.2,20,4.7,0.0,0.0,0.0,0.0,0.0,156
2023-05-10 10:30:06,i2401-C-950,i2401-C-950,4.7,0.0,0.0,0.0,20,4.2,7.2,20,4.7,0.0,0.0,0.0,0.0,0.0,156
2023-05-10 10:30:07,i2401-C-950,i2401-C-950,4.7,0.0,0.0,0.0,1,4.3,7.2,20,4.7,0.0,0.0,0.0,0.0,0.0,156
2023-05-10 10:30:07,i2401-C-950,i2401-C-950,4.7,0.0,0.0,0.0,20,4.4,7.2,20,4.7,0.0,0.0,0.0,0.0,0.0,156
2023-05-10 10:30:08,i2401-C-950,i2401-C-950,4.7,0.0,0.0,0.0,1,4.5,7.2,20,4.7,0.0,0.0,0.0,0.0,0.0,156
2023-05-10 10:58:01,i2401-C-950,i2401-C-950,4.7,0.0,0.0,0.0,20,3.9,7.2,20,4.7,0.0,0.0,0.0,0.0,0.0,156
2023-05-10 10:58:02,i2401-C-950,i2401-C-950,4.7,0.0,0.0,0.0,1,4.0,7.2,20,4.7,0.0,0.0,0.0,0.0,0.0,156
2023-05-10 10:58:02,i2401-C-950,i2401-C-950,4.7,0.0,0.0,0.0,21,4.0,7.2,20,4.7,0.0,0.0,0.0,0.0,0.0,156
2023-05-10 10:58:30,i2401-C-950,i2401-C-950,4.7,0.0,0.0,0.0,1,4.0,7.2,20,4.7,0.0,0.0,0.0,0.0,0.0,156
2023-05-10 10:59:03,i2401-C-950,i2401-C-950,4.7,0.0,0.0,0.0,21,4.0,7.2,20,4.7,0.0,0.0,0.0,0.0,0.0,156
2023-05-10 11:29:32,i2401-C-950,i2401-C-950,4.7,0.0,0.0,0.0,1,4.0,7.3,1,4.7,0.0,0.0,0.0,0.0,0.0,156
2023-05-10 11:29:39,i2401-C-950,i2401-C-950,4.7,0.0,0.0,0.0,1,4.0,17.0,1,4.7,0.0,0.0,0.0,0.0,0.0,156
2023-05-10 13:30:02,i2401-C-950,i2401-C-950,4.7,0.0,0.0,0.0,1,4.0,16.9,20,4.7,0.0,0.0,0.0,0.0,0.0,156
2023-05-10 13:30:04,i2401-C-950,i2401-C-950,4.7,0.0,0.0,0.0,1,4.1,16.9,20,4.7,0.0,0.0,0.0,0.0,0.0,156
2023-05-10 13:30:07,i2401-C-950,i2401-C-950,4.7,0.0,0.0,0.0,1,4.1,12.9,1,4.7,0.0,0.0,0.0,0.0,0.0,156
2023-05-10 13:30:07,i2401-C-950,i2401-C-950,4.7,0.0,0.0,0.0,1,4.1,12.8,20,4.7,0.0,0.0,0.0,0.0,0.0,156
2023-05-10 13:30:08,i2401-C-950,i2401-C-950,4.7,0.0,0.0,0.0,1,4.1,8.8,1,4.7,0.0,0.0,0.0,0.0,0.0,156
2023-05-10 13:30:09,i2401-C-950,i2401-C-950,4.7,0.0,0.0,0.0,1,4.1,8.7,20,4.7,0.0,0.0,0.0,0.0,0.0,156
2023-05-10 13:30:09,i2401-C-950,i2401-C-950,4.7,0.0,0.0,0.0,1,4.1,7.3,1,4.7,0.0,0.0,0.0,0.0,0.0,156
2023-05-10 13:30:17,i2401-C-950,i2401-C-950,4.7,0.0,0.0,0.0,1,4.1,20.9,20,4.7,0.0,0.0,0.0,0.0,0.0,156
2023-05-10 13:30:22,i2401-C-950,i2401-C-950,4.7,0.0,0.0,0.0,1,4.1,16.9,1,4.7,0.0,0.0,0.0,0.0,0.0,156
2023-05-10 13:30:22,i2401-C-950,i2401-C-950,4.7,0.0,0.0,0.0,1,4.1,16.8,20,4.7,0.0,0.0,0.0,0.0,0.0,156
2023-05-10 13:30:23,i2401-C-950,i2401-C-950,4.7,0.0,0.0,0.0,1,4.1,12.8,1,4.7,0.0,0.0,0.0,0.0,0.0,156
2023-05-10 13:30:23,i2401-C-950,i2401-C-950,4.7,0.0,0.0,0.0,1,4.1,12.7,20,4.7,0.0,0.0,0.0,0.0,0.0,156
2023-05-10 13:30:24,i2401-C-950,i2401-C-950,4.7,0.0,0.0,0.0,1,4.1,8.7,1,4.7,0.0,0.0,0.0,0.0,0.0,156
2023-05-10 13:30:24,i2401-C-950,i2401-C-950,4.7,0.0,0.0,0.0,1,4.1,7.2,1,4.7,0.0,0.0,0.0,0.0,0.0,156
2023-05-10 13:30:32,i2401-C-950,i2401-C-950,4.7,0.0,0.0,0.0,1,4.1,20.9,20,4.7,0.0,0.0,0.0,0.0,0.0,156
2023-05-10 13:30:33,i2401-C-950,i2401-C-950,4.7,0.0,0.0,0.0,1,4.1,20.6,1,4.7,0.0,0.0,0.0,0.0,0.0,156
2023-05-10 13:30:33,i2401-C-950,i2401-C-950,4.7,0.0,0.0,0.0,1,4.1,16.6,1,4.7,0.0,0.0,0.0,0.0,0.0,156
2023-05-10 13:30:34,i2401-C-950,i2401-C-950,4.7,0.0,0.0,0.0,1,4.1,12.5,1,4.7,0.0,0.0,0.0,0.0,0.0,156
2023-05-10 13:30:34,i2401-C-950,i2401-C-950,4.7,0.0,0.0,0.0,1,4.1,12.4,20,4.7,0.0,0.0,0.0,0.0,0.0,156
2023-05-10 13:30:35,i2401-C-950,i2401-C-950,4.7,0.0,0.0,0.0,1,4.1,8.4,1,4.7,0.0,0.0,0.0,0.0,0.0,156
2023-05-10 13:30:35,i2401-C-950,i2401-C-950,4.7,0.0,0.0,0.0,1,4.1,8.3,20,4.7,0.0,0.0,0.0,0.0,0.0,156
2023-05-10 13:32:05,i2401-C-950,i2401-C-950,4.7,0.0,0.0,0.0,20,4.2,8.3,20,4.7,0.0,0.0,0.0,0.0,0.0,156
2023-05-10 13:56:14,i2401-C-950,i2401-C-950,4.7,0.0,0.0,0.0,1,4.3,8.3,20,4.7,0.0,0.0,0.0,0.0,0.0,156
2023-05-10 13:56:14,i2401-C-950,i2401-C-950,4.7,0.0,0.0,0.0,20,4.4,8.3,20,4.7,0.0,0.0,0.0,0.0,0.0,156
2023-05-10 13:56:22,i2401-C-950,i2401-C-950,4.7,0.0,0.0,0.0,1,3.8,8.3,20,4.7,0.0,0.0,0.0,0.0,0.0,156
2023-05-10 13:56:22,i2401-C-950,i2401-C-950,4.7,0.0,0.0,0.0,21,3.9,8.3,20,4.7,0.0,0.0,0.0,0.0,0.0,156
2023-05-10 14:16:52,i2401-C-950,i2401-C-950,4.7,0.0,0.0,0.0,21,3.9,7.0,20,4.7,0.0,0.0,0.0,0.0,0.0,156
2023-05-10 14:59:01,i2401-C-950,i2401-C-950,4.7,0.0,0.0,0.0,1,3.9,7.1,1,4.7,0.0,0.0,0.0,0.0,0.0,156
2023-05-10 14:59:13,i2401-C-950,i2401-C-950,4.7,0.0,0.0,0.0,1,3.9,17.0,1,4.7,0.0,0.0,0.0,0.0,0.0,156
2023-05-10 15:01:14,i2401-C-950,i2401-C-950,4.7,0.0,0.0,0.0,1,3.9,17.0,1,4.7,0.0,0.0,0.0,0.0,0.0,156
