time,symbol_id,symbol_name,last,trade_volume,trade_amount,open_interest_change,bv1,bp1,ap1,av1,yesterday_close,today_open,today_high,today_low,volume,amount,open_interest
2023-05-09 20:56:49,i2401-P-570,i2401-P-570,18.8,0.0,0.0,0.0,25,5.0,59.9,2,18.8,19.8,0.0,0.0,0.0,0.0,230
2023-05-09 21:00:10,i2401-P-570,i2401-P-570,18.8,0.0,0.0,0.0,1,5.1,59.9,2,18.8,19.8,0.0,0.0,0.0,0.0,230
2023-05-09 21:00:10,i2401-P-570,i2401-P-570,18.8,0.0,0.0,0.0,20,5.2,59.8,20,18.8,19.8,0.0,0.0,0.0,0.0,230
2023-05-09 21:00:13,i2401-P-570,i2401-P-570,18.8,0.0,0.0,0.0,20,5.2,33.0,1,18.8,19.8,0.0,0.0,0.0,0.0,230
2023-05-09 21:00:13,i2401-P-570,i2401-P-570,18.8,0.0,0.0,0.0,20,5.2,32.9,20,18.8,19.8,0.0,0.0,0.0,0.0,230
2023-05-09 21:00:14,i2401-P-570,i2401-P-570,18.8,0.0,0.0,0.0,6,5.4,32.9,20,18.8,19.8,0.0,0.0,0.0,0.0,230
2023-05-09 21:00:14,i2401-P-570,i2401-P-570,18.8,0.0,0.0,0.0,20,5.5,32.9,20,18.8,19.8,0.0,0.0,0.0,0.0,230
2023-05-09 21:00:15,i2401-P-570,i2401-P-570,18.8,0.0,0.0,0.0,1,9.4,32.9,20,18.8,19.8,0.0,0.0,0.0,0.0,230
2023-05-09 21:00:16,i2401-P-570,i2401-P-570,18.8,0.0,0.0,0.0,20,9.5,32.9,20,18.8,19.8,0.0,0.0,0.0,0.0,230
2023-05-09 21:00:18,i2401-P-570,i2401-P-570,18.8,0.0,0.0,0.0,6,9.6,32.9,20,18.8,19.8,0.0,0.0,0.0,0.0,230
2023-05-09 21:00:18,i2401-P-570,i2401-P-570,18.8,0.0,0.0,0.0,20,9.7,32.9,20,18.8,19.8,0.0,0.0,0.0,0.0,230
2023-05-09 21:00:19,i2401-P-570,i2401-P-570,18.8,0.0,0.0,0.0,1,13.6,32.9,20,18.8,19.8,0.0,0.0,0.0,0.0,230
2023-05-09 21:00:19,i2401-P-570,i2401-P-570,18.8,0.0,0.0,0.0,20,13.7,32.9,20,18.8,19.8,0.0,0.0,0.0,0.0,230
2023-05-09 21:00:21,i2401-P-570,i2401-P-570,18.8,0.0,0.0,0.0,1,17.6,32.9,20,18.8,19.8,0.0,0.0,0.0,0.0,230
2023-05-09 21:00:21,i2401-P-570,i2401-P-570,18.8,0.0,0.0,0.0,1,18.8,32.9,20,18.8,19.8,0.0,0.0,0.0,0.0,230
2023-05-09 21:00:22,i2401-P-570,i2401-P-570,18.8,0.0,0.0,0.0,1,18.8,29.0,1,18.8,19.8,0.0,0.0,0.0,0.0,230
2023-05-09 21:00:22,i2401-P-570,i2401-P-570,18.8,0.0,0.0,0.0,1,18.8,28.9,20,18.8,19.8,0.0,0.0,0.0,0.0,230
2023-05-09 21:00:23,i2401-P-570,i2401-P-570,18.8,0.0,0.0,0.0,1,18.8,25.0,1,18.8,19.8,0.0,0.0,0.0,0.0,230
2023-05-09 21:00:23,i2401-P-570,i2401-P-570,18.8,0.0,0.0,0.0,1,18.8,24.9,20,18.8,19.8,0.0,0.0,0.0,0.0,230
2023-05-09 21:00:24,i2401-P-570,i2401-P-570,18.8,0.0,0.0,0.0,1,18.8,21.0,1,18.8,19.8,0.0,0.0,0.0,0.0,230
2023-05-09 21:00:24,i2401-P-570,i2401-P-570,18.8,0.0,0.0,0.0,1,18.8,20.9,20,18.8,19.8,0.0,0.0,0.0,0.0,230
2023-05-09 21:00:27,i2401-P-570,i2401-P-570,18.8,0.0,0.0,0.0,20,5.1,20.9,20,18.8,19.8,0.0,0.0,0.0,0.0,230
2023-05-09 21:00:28,i2401-P-570,i2401-P-570,18.8,0.0,0.0,0.0,1,8.9,20.9,20,18.8,19.8,0.0,0.0,0.0,0.0,230
2023-05-09 21:00:28,i2401-P-570,i2401-P-570,18.8,0.0,0.0,0.0,1,12.9,20.9,20,18.8,19.8,0.0,0.0,0.0,0.0,230
2023-05-09 21:00:29,i2401-P-570,i2401-P-570,18.8,0.0,0.0,0.0,6,13.1,20.9,20,18.8,19.8,0.0,0.0,0.0,0.0,230
2023-05-09 21:00:29,i2401-P-570,i2401-P-570,18.8,0.0,0.0,0.0,20,17.1,20.9,20,18.8,19.8,0.0,0.0,0.0,0.0,230
2023-05-09 21:00:30,i2401-P-570,i2401-P-570,18.8,0.0,0.0,0.0,1,18.9,20.9,20,18.8,19.8,0.0,0.0,0.0,0.0,230
2023-05-09 21:00:35,i2401-P-570,i2401-P-570,18.8,0.0,0.0,0.0,1,8.9,20.9,20,18.8,19.8,0.0,0.0,0.0,0.0,230
2023-05-09 21:00:36,i2401-P-570,i2401-P-570,18.8,0.0,0.0,0.0,6,9.1,20.9,20,18.8,19.8,0.0,0.0,0.0,0.0,230
2023-05-09 21:00:36,i2401-P-570,i2401-P-570,18.8,0.0,0.0,0.0,20,9.2,20.9,20,18.8,19.8,0.0,0.0,0.0,0.0,230
2023-05-09 21:00:37,i2401-P-570,i2401-P-570,18.8,0.0,0.0,0.0,1,13.0,20.9,20,18.8,19.8,0.0,0.0,0.0,0.0,230
2023-05-09 21:00:37,i2401-P-570,i2401-P-570,18.8,0.0,0.0,0.0,20,13.1,20.9,20,18.8,19.8,0.0,0.0,0.0,0.0,230
2023-05-09 21:00:38,i2401-P-570,i2401-P-570,18.8,0.0,0.0,0.0,1,17.0,20.9,20,18.8,19.8,0.0,0.0,0.0,0.0,230
2023-05-09 21:00:38,i2401-P-570,i2401-P-570,18.8,0.0,0.0,0.0,20,17.1,20.9,20,18.8,19.8,0.0,0.0,0.0,0.0,230
2023-05-09 21:00:39,i2401-P-570,i2401-P-570,18.8,0.0,0.0,0.0,1,19.2,20.9,20,18.8,19.8,0.0,0.0,0.0,0.0,230
2023-05-09 21:00:44,i2401-P-570,i2401-P-570,18.8,0.0,0.0,0.0,1,8.9,20.9,20,18.8,19.8,0.0,0.0,0.0,0.0,230
2023-05-09 21:00:45,i2401-P-570,i2401-P-570,18.8,0.0,0.0,0.0,1,10.5,20.9,20,18.8,19.8,0.0,0.0,0.0,0.0,230
2023-05-09 21:00:45,i2401-P-570,i2401-P-570,18.8,0.0,0.0,0.0,20,14.5,20.9,20,18.8,19.8,0.0,0.0,0.0,0.0,230
2023-05-09 21:00:46,i2401-P-570,i2401-P-570,18.8,0.0,0.0,0.0,1,18.4,20.9,20,18.8,19.8,0.0,0.0,0.0,0.0,230
2023-05-09 21:00:51,i2401-P-570,i2401-P-570,18.8,0.0,0.0,0.0,20,9.0,20.9,20,18.8,19.8,0.0,0.0,0.0,0.0,230
2023-05-09 21:00:52,i2401-P-570,i2401-P-570,18.8,0.0,0.0,0.0,1,12.9,20.9,20,18.8,19.8,0.0,0.0,0.0,0.0,230
2023-05-09 21:00:52,i2401-P-570,i2401-P-570,18.8,0.0,0.0,0.0,6,13.1,20.9,20,18.8,19.8,0.0,0.0,0.0,0.0,230
2023-05-09 21:00:53,i2401-P-570,i2401-P-570,18.8,0.0,0.0,0.0,20,17.1,20.9,20,18.8,19.8,0.0,0.0,0.0,0.0,230
2023-05-09 21:00:53,i2401-P-570,i2401-P-570,18.8,0.0,0.0,0.0,1,19.2,20.9,20,18.8,19.8,0.0,0.0,0.0,0.0,230
2023-05-09 21:00:56,i2401-P-570,i2401-P-570,18.8,0.0,0.0,0.0,1,19.2,20.0,10,18.8,19.8,0.0,0.0,0.0,0.0,230
2023-05-09 21:01:05,i2401-P-570,i2401-P-570,18.8,0.0,0.0,0.0,11,19.2,20.1,10,18.8,19.8,0.0,0.0,0.0,0.0,230
2023-05-09 21:01:18,i2401-P-570,i2401-P-570,18.8,0.0,0.0,0.0,10,19.3,20.3,10,18.8,19.8,0.0,0.0,0.0,0.0,230
2023-05-09 21:01:28,i2401-P-570,i2401-P-570,18.8,0.0,0.0,0.0,20,19.3,20.3,20,18.8,19.8,0.0,0.0,0.0,0.0,230
2023-05-09 21:01:29,i2401-P-570,i2401-P-570,18.8,0.0,0.0,0.0,10,19.5,20.3,10,18.8,19.8,0.0,0.0,0.0,0.0,230
2023-05-09 21:01:29,i2401-P-570,i2401-P-570,18.8,0.0,0.0,0.0,10,19.5,20.4,10,18.8,19.8,0.0,0.0,0.0,0.0,230
2023-05-09 21:01:32,i2401-P-570,i2401-P-570,18.8,0.0,0.0,0.0,20,19.5,20.4,20,18.8,19.8,0.0,0.0,0.0,0.0,230
2023-05-09 21:02:14,i2401-P-570,i2401-P-570,18.8,0.0,0.0,0.0,10,19.5,20.3,10,18.8,19.8,0.0,0.0,0.0,0.0,230
2023-05-09 21:02:14,i2401-P-570,i2401-P-570,18.8,0.0,0.0,0.0,10,19.3,20.3,10,18.8,19.8,0.0,0.0,0.0,0.0,230
2023-05-09 21:02:16,i2401-P-570,i2401-P-570,18.8,0.0,0.0,0.0,20,19.3,20.3,20,18.8,19.8,0.0,0.0,0.0,0.0,230
2023-05-09 21:02:28,i2401-P-570,i2401-P-570,18.8,0.0,0.0,0.0,21,19.2,20.1,20,18.8,19.8,0.0,0.0,0.0,0.0,230
2023-05-09 21:02:53,i2401-P-570,i2401-P-570,18.8,0.0,0.0,0.0,21,19.2,19.8,10,18.8,19.8,0.0,0.0,0.0,0.0,230
2023-05-09 21:02:55,i2401-P-570,i2401-P-570,18.8,0.0,0.0,0.0,31,19.2,19.8,20,18.8,19.8,0.0,0.0,0.0,0.0,230
2023-05-09 21:03:02,i2401-P-570,i2401-P-570,19.8,20.0,39600.0,20.0,10,19.7,20.0,1,18.8,19.8,19.8,19.8,20.0,39600.0,250
2023-05-09 21:03:02,i2401-P-570,i2401-P-570,19.8,0.0,0.0,0.0,1,19.6,20.0,1,18.8,19.8,19.8,19.8,20.0,39600.0,250
2023-05-09 21:03:04,i2401-P-570,i2401-P-570,19.8,0.0,0.0,0.0,10,19.7,20.0,1,18.8,19.8,19.8,19.8,20.0,39600.0,250
2023-05-09 21:03:07,i2401-P-570,i2401-P-570,19.8,0.0,0.0,0.0,1,19.6,20.0,1,18.8,19.8,19.8,19.8,20.0,39600.0,250
2023-05-09 21:03:13,i2401-P-570,i2401-P-570,19.8,0.0,0.0,0.0,1,19.6,19.9,20,18.8,19.8,19.8,19.8,20.0,39600.0,250
2023-05-09 21:03:15,i2401-P-570,i2401-P-570,19.8,0.0,0.0,0.0,1,19.6,19.8,10,18.8,19.8,19.8,19.8,20.0,39600.0,250
2023-05-09 21:03:17,i2401-P-570,i2401-P-570,19.8,0.0,0.0,0.0,1,19.6,19.8,20,18.8,19.8,19.8,19.8,20.0,39600.0,250
2023-05-09 21:03:21,i2401-P-570,i2401-P-570,19.8,0.0,0.0,0.0,11,19.2,19.7,10,18.8,19.8,19.8,19.8,20.0,39600.0,250
2023-05-09 21:03:27,i2401-P-570,i2401-P-570,19.8,0.0,0.0,0.0,11,19.2,19.7,20,18.8,19.8,19.8,19.8,20.0,39600.0,250
2023-05-09 21:03:28,i2401-P-570,i2401-P-570,19.8,0.0,0.0,0.0,11,19.2,19.6,10,18.8,19.8,19.8,19.8,20.0,39600.0,250
2023-05-09 21:03:39,i2401-P-570,i2401-P-570,19.6,10.0,19600.0,10.0,1,19.3,19.7,10,18.8,19.8,19.8,19.6,30.0,59200.0,260
2023-05-09 21:03:40,i2401-P-570,i2401-P-570,19.6,0.0,0.0,0.0,1,19.3,19.8,11,18.8,19.8,19.8,19.6,30.0,59200.0,260
2023-05-09 21:03:45,i2401-P-570,i2401-P-570,19.6,0.0,0.0,0.0,1,19.3,19.8,10,18.8,19.8,19.8,19.6,30.0,59200.0,260
2023-05-09 21:03:46,i2401-P-570,i2401-P-570,19.6,0.0,0.0,0.0,1,19.3,19.7,10,18.8,19.8,19.8,19.6,30.0,59200.0,260
2023-05-09 21:03:53,i2401-P-570,i2401-P-570,19.6,0.0,0.0,0.0,1,19.3,19.8,10,18.8,19.8,19.8,19.6,30.0,59200.0,260
2023-05-09 21:03:53,i2401-P-570,i2401-P-570,19.6,0.0,0.0,0.0,10,19.4,19.8,10,18.8,19.8,19.8,19.6,30.0,59200.0,260
2023-05-09 21:04:00,i2401-P-570,i2401-P-570,19.6,0.0,0.0,0.0,20,19.4,19.8,20,18.8,19.8,19.8,19.6,30.0,59200.0,260
2023-05-09 21:04:05,i2401-P-570,i2401-P-570,19.6,0.0,0.0,0.0,10,19.4,19.9,10,18.8,19.8,19.8,19.6,30.0,59200.0,260
2023-05-09 21:04:07,i2401-P-570,i2401-P-570,19.6,0.0,0.0,0.0,20,19.4,19.9,20,18.8,19.8,19.8,19.6,30.0,59200.0,260
2023-05-09 21:04:10,i2401-P-570,i2401-P-570,19.6,0.0,0.0,0.0,20,19.4,19.8,10,18.8,19.8,19.8,19.6,30.0,59200.0,260
2023-05-09 21:04:16,i2401-P-570,i2401-P-570,19.6,0.0,0.0,0.0,20,19.4,19.7,10,18.8,19.8,19.8,19.6,30.0,59200.0,260
2023-05-09 21:04:16,i2401-P-570,i2401-P-570,19.6,0.0,0.0,0.0,10,19.4,19.7,10,18.8,19.8,19.8,19.6,30.0,59200.0,260
2023-05-09 21:04:16,i2401-P-570,i2401-P-570,19.6,0.0,0.0,0.0,10,19.4,19.8,10,18.8,19.8,19.8,19.6,30.0,59200.0,260
2023-05-09 21:04:17,i2401-P-570,i2401-P-570,19.6,0.0,0.0,0.0,20,19.4,19.7,20,18.8,19.8,19.8,19.6,30.0,59200.0,260
2023-05-09 21:04:21,i2401-P-570,i2401-P-570,19.6,0.0,0.0,0.0,20,19.4,19.7,30,18.8,19.8,19.8,19.6,30.0,59200.0,260
2023-05-09 21:04:22,i2401-P-570,i2401-P-570,19.6,0.0,0.0,0.0,20,19.4,19.7,20,18.8,19.8,19.8,19.6,30.0,59200.0,260
2023-05-09 21:04:24,i2401-P-570,i2401-P-570,19.6,0.0,0.0,0.0,20,19.4,19.7,10,18.8,19.8,19.8,19.6,30.0,59200.0,260
2023-05-09 21:04:24,i2401-P-570,i2401-P-570,19.6,0.0,0.0,0.0,10,19.4,19.8,20,18.8,19.8,19.8,19.6,30.0,59200.0,260
2023-05-09 21:04:26,i2401-P-570,i2401-P-570,19.6,0.0,0.0,0.0,20,19.4,19.8,30,18.8,19.8,19.8,19.6,30.0,59200.0,260
2023-05-09 21:04:27,i2401-P-570,i2401-P-570,19.6,0.0,0.0,0.0,20,19.4,19.8,20,18.8,19.8,19.8,19.6,30.0,59200.0,260
2023-05-09 21:04:27,i2401-P-570,i2401-P-570,19.6,0.0,0.0,0.0,20,19.4,19.8,30,18.8,19.8,19.8,19.6,30.0,59200.0,260
2023-05-09 21:04:28,i2401-P-570,i2401-P-570,19.6,0.0,0.0,0.0,20,19.4,19.8,20,18.8,19.8,19.8,19.6,30.0,59200.0,260
2023-05-09 21:04:28,i2401-P-570,i2401-P-570,19.6,0.0,0.0,0.0,20,19.4,19.8,30,18.8,19.8,19.8,19.6,30.0,59200.0,260
2023-05-09 21:04:33,i2401-P-570,i2401-P-570,19.6,0.0,0.0,0.0,20,19.4,19.8,20,18.8,19.8,19.8,19.6,30.0,59200.0,260
2023-05-09 21:04:34,i2401-P-570,i2401-P-570,19.6,0.0,0.0,0.0,20,19.4,19.8,30,18.8,19.8,19.8,19.6,30.0,59200.0,260
2023-05-09 21:04:36,i2401-P-570,i2401-P-570,19.6,0.0,0.0,0.0,20,19.4,19.8,20,18.8,19.8,19.8,19.6,30.0,59200.0,260
2023-05-09 21:04:54,i2401-P-570,i2401-P-570,19.6,0.0,0.0,0.0,20,19.4,19.8,30,18.8,19.8,19.8,19.6,30.0,59200.0,260
2023-05-09 21:04:55,i2401-P-570,i2401-P-570,19.6,0.0,0.0,0.0,20,19.4,19.8,20,18.8,19.8,19.8,19.6,30.0,59200.0,260
2023-05-09 21:04:56,i2401-P-570,i2401-P-570,19.6,0.0,0.0,0.0,20,19.4,19.8,30,18.8,19.8,19.8,19.6,30.0,59200.0,260
2023-05-09 21:05:01,i2401-P-570,i2401-P-570,19.6,0.0,0.0,0.0,20,19.4,19.8,20,18.8,19.8,19.8,19.6,30.0,59200.0,260
2023-05-09 21:05:02,i2401-P-570,i2401-P-570,19.6,0.0,0.0,0.0,10,19.5,19.8,10,18.8,19.8,19.8,19.6,30.0,59200.0,260
2023-05-09 21:05:02,i2401-P-570,i2401-P-570,19.8,10.0,19800.0,10.0,11,19.5,19.9,10,18.8,19.8,19.8,19.6,40.0,79000.0,270
2023-05-09 21:05:03,i2401-P-570,i2401-P-570,19.8,0.0,0.0,0.0,11,19.5,20.0,10,18.8,19.8,19.8,19.6,40.0,79000.0,270
2023-05-09 21:05:10,i2401-P-570,i2401-P-570,19.8,0.0,0.0,0.0,21,19.5,20.0,20,18.8,19.8,19.8,19.6,40.0,79000.0,270
2023-05-09 21:05:19,i2401-P-570,i2401-P-570,19.8,0.0,0.0,0.0,21,19.5,19.9,10,18.8,19.8,19.8,19.6,40.0,79000.0,270
2023-05-09 21:05:19,i2401-P-570,i2401-P-570,19.8,0.0,0.0,0.0,11,19.5,19.9,10,18.8,19.8,19.8,19.6,40.0,79000.0,270
2023-05-09 21:05:21,i2401-P-570,i2401-P-570,19.8,0.0,0.0,0.0,11,19.5,19.9,20,18.8,19.8,19.8,19.6,40.0,79000.0,270
2023-05-09 21:05:22,i2401-P-570,i2401-P-570,19.8,0.0,0.0,0.0,21,19.5,19.9,20,18.8,19.8,19.8,19.6,40.0,79000.0,270
2023-05-09 21:05:24,i2401-P-570,i2401-P-570,19.8,0.0,0.0,0.0,11,19.5,19.9,20,18.8,19.8,19.8,19.6,40.0,79000.0,270
2023-05-09 21:05:24,i2401-P-570,i2401-P-570,19.8,0.0,0.0,0.0,1,19.5,19.8,10,18.8,19.8,19.8,19.6,40.0,79000.0,270
2023-05-09 21:05:27,i2401-P-570,i2401-P-570,19.8,0.0,0.0,0.0,1,19.5,19.8,20,18.8,19.8,19.8,19.6,40.0,79000.0,270
2023-05-09 21:05:35,i2401-P-570,i2401-P-570,19.8,0.0,0.0,0.0,1,19.5,19.9,20,18.8,19.8,19.8,19.6,40.0,79000.0,270
2023-05-09 21:05:59,i2401-P-570,i2401-P-570,19.8,0.0,0.0,0.0,1,19.5,19.8,10,18.8,19.8,19.8,19.6,40.0,79000.0,270
2023-05-09 21:05:59,i2401-P-570,i2401-P-570,19.8,0.0,0.0,0.0,1,19.5,19.9,10,18.8,19.8,19.8,19.6,40.0,79000.0,270
2023-05-09 21:06:00,i2401-P-570,i2401-P-570,19.8,0.0,0.0,0.0,1,19.5,19.9,20,18.8,19.8,19.8,19.6,40.0,79000.0,270
2023-05-09 21:06:22,i2401-P-570,i2401-P-570,19.8,0.0,0.0,0.0,1,19.5,19.8,10,18.8,19.8,19.8,19.6,40.0,79000.0,270
2023-05-09 21:06:38,i2401-P-570,i2401-P-570,19.8,0.0,0.0,0.0,10,19.3,19.8,10,18.8,19.8,19.8,19.6,40.0,79000.0,270
2023-05-09 21:06:38,i2401-P-570,i2401-P-570,19.8,0.0,0.0,0.0,10,19.3,19.7,10,18.8,19.8,19.8,19.6,40.0,79000.0,270
2023-05-09 21:06:38,i2401-P-570,i2401-P-570,19.8,0.0,0.0,0.0,11,19.2,19.7,10,18.8,19.8,19.8,19.6,40.0,79000.0,270
2023-05-09 21:06:40,i2401-P-570,i2401-P-570,19.8,0.0,0.0,0.0,11,19.2,19.6,10,18.8,19.8,19.8,19.6,40.0,79000.0,270
2023-05-09 21:06:41,i2401-P-570,i2401-P-570,19.8,0.0,0.0,0.0,11,19.2,19.5,10,18.8,19.8,19.8,19.6,40.0,79000.0,270
2023-05-09 21:06:42,i2401-P-570,i2401-P-570,19.8,0.0,0.0,0.0,1,19.2,19.6,10,18.8,19.8,19.8,19.6,40.0,79000.0,270
2023-05-09 21:06:42,i2401-P-570,i2401-P-570,19.8,0.0,0.0,0.0,1,19.2,19.5,10,18.8,19.8,19.8,19.6,40.0,79000.0,270
2023-05-09 21:06:45,i2401-P-570,i2401-P-570,19.8,0.0,0.0,0.0,1,19.2,19.6,10,18.8,19.8,19.8,19.6,40.0,79000.0,270
2023-05-09 21:06:46,i2401-P-570,i2401-P-570,19.8,0.0,0.0,0.0,1,19.2,19.5,10,18.8,19.8,19.8,19.6,40.0,79000.0,270
2023-05-09 21:06:47,i2401-P-570,i2401-P-570,19.8,0.0,0.0,0.0,1,19.2,19.6,10,18.8,19.8,19.8,19.6,40.0,79000.0,270
2023-05-09 21:06:48,i2401-P-570,i2401-P-570,19.8,0.0,0.0,0.0,1,19.2,19.5,10,18.8,19.8,19.8,19.6,40.0,79000.0,270
2023-05-09 21:06:48,i2401-P-570,i2401-P-570,19.8,0.0,0.0,0.0,1,19.2,19.5,20,18.8,19.8,19.8,19.6,40.0,79000.0,270
2023-05-09 21:06:55,i2401-P-570,i2401-P-570,19.8,0.0,0.0,0.0,1,19.2,19.5,30,18.8,19.8,19.8,19.6,40.0,79000.0,270
2023-05-09 21:07:01,i2401-P-570,i2401-P-570,19.8,0.0,0.0,0.0,1,19.2,19.5,20,18.8,19.8,19.8,19.6,40.0,79000.0,270
2023-05-09 21:07:10,i2401-P-570,i2401-P-570,19.8,0.0,0.0,0.0,21,19.2,19.5,10,18.8,19.8,19.8,19.6,40.0,79000.0,270
2023-05-09 21:07:10,i2401-P-570,i2401-P-570,19.8,0.0,0.0,0.0,11,19.2,19.6,10,18.8,19.8,19.8,19.6,40.0,79000.0,270
2023-05-09 21:07:11,i2401-P-570,i2401-P-570,19.8,0.0,0.0,0.0,21,19.2,19.7,20,18.8,19.8,19.8,19.6,40.0,79000.0,270
2023-05-09 21:07:13,i2401-P-570,i2401-P-570,19.8,0.0,0.0,0.0,21,19.2,19.7,30,18.8,19.8,19.8,19.6,40.0,79000.0,270
2023-05-09 21:07:15,i2401-P-570,i2401-P-570,19.8,0.0,0.0,0.0,11,19.2,19.7,10,18.8,19.8,19.8,19.6,40.0,79000.0,270
2023-05-09 21:07:16,i2401-P-570,i2401-P-570,19.8,0.0,0.0,0.0,11,19.2,19.7,20,18.8,19.8,19.8,19.6,40.0,79000.0,270
2023-05-09 21:07:17,i2401-P-570,i2401-P-570,19.8,0.0,0.0,0.0,21,19.2,19.7,30,18.8,19.8,19.8,19.6,40.0,79000.0,270
2023-05-09 21:07:28,i2401-P-570,i2401-P-570,19.8,0.0,0.0,0.0,21,19.2,19.6,10,18.8,19.8,19.8,19.6,40.0,79000.0,270
2023-05-09 21:07:30,i2401-P-570,i2401-P-570,19.8,0.0,0.0,0.0,21,19.2,19.7,30,18.8,19.8,19.8,19.6,40.0,79000.0,270
2023-05-09 21:08:03,i2401-P-570,i2401-P-570,19.8,0.0,0.0,0.0,11,19.2,19.6,10,18.8,19.8,19.8,19.6,40.0,79000.0,270
2023-05-09 21:08:16,i2401-P-570,i2401-P-570,19.8,0.0,0.0,0.0,21,19.2,19.6,20,18.8,19.8,19.8,19.6,40.0,79000.0,270
2023-05-09 21:08:16,i2401-P-570,i2401-P-570,19.8,0.0,0.0,0.0,21,19.2,19.6,30,18.8,19.8,19.8,19.6,40.0,79000.0,270
2023-05-09 21:08:18,i2401-P-570,i2401-P-570,19.8,0.0,0.0,0.0,11,19.2,19.6,30,18.8,19.8,19.8,19.6,40.0,79000.0,270
2023-05-09 21:08:20,i2401-P-570,i2401-P-570,19.8,0.0,0.0,0.0,11,19.2,19.5,10,18.8,19.8,19.8,19.6,40.0,79000.0,270
2023-05-09 21:08:22,i2401-P-570,i2401-P-570,19.8,0.0,0.0,0.0,1,19.2,19.5,20,18.8,19.8,19.8,19.6,40.0,79000.0,270
2023-05-09 21:08:27,i2401-P-570,i2401-P-570,19.8,0.0,0.0,0.0,1,19.2,19.5,10,18.8,19.8,19.8,19.6,40.0,79000.0,270
2023-05-09 21:08:28,i2401-P-570,i2401-P-570,19.8,0.0,0.0,0.0,10,19.1,19.5,10,18.8,19.8,19.8,19.6,40.0,79000.0,270
2023-05-09 21:08:31,i2401-P-570,i2401-P-570,19.8,0.0,0.0,0.0,10,19.1,19.4,10,18.8,19.8,19.8,19.6,40.0,79000.0,270
2023-05-09 21:08:33,i2401-P-570,i2401-P-570,19.8,0.0,0.0,0.0,20,19.1,19.4,20,18.8,19.8,19.8,19.6,40.0,79000.0,270
2023-05-09 21:08:36,i2401-P-570,i2401-P-570,19.8,0.0,0.0,0.0,20,19.1,19.4,10,18.8,19.8,19.8,19.6,40.0,79000.0,270
2023-05-09 21:08:37,i2401-P-570,i2401-P-570,19.8,0.0,0.0,0.0,20,19.1,19.4,20,18.8,19.8,19.8,19.6,40.0,79000.0,270
2023-05-09 21:08:38,i2401-P-570,i2401-P-570,19.8,0.0,0.0,0.0,10,19.1,19.4,20,18.8,19.8,19.8,19.6,40.0,79000.0,270
2023-05-09 21:08:38,i2401-P-570,i2401-P-570,19.8,0.0,0.0,0.0,20,18.9,19.4,20,18.8,19.8,19.8,19.6,40.0,79000.0,270
2023-05-09 21:08:45,i2401-P-570,i2401-P-570,19.8,0.0,0.0,0.0,10,18.9,19.4,10,18.8,19.8,19.8,19.6,40.0,79000.0,270
2023-05-09 21:08:46,i2401-P-570,i2401-P-570,19.8,0.0,0.0,0.0,20,18.9,19.4,10,18.8,19.8,19.8,19.6,40.0,79000.0,270
2023-05-09 21:08:47,i2401-P-570,i2401-P-570,19.8,0.0,0.0,0.0,10,18.9,19.4,10,18.8,19.8,19.8,19.6,40.0,79000.0,270
2023-05-09 21:08:48,i2401-P-570,i2401-P-570,19.8,0.0,0.0,0.0,20,18.9,19.5,20,18.8,19.8,19.8,19.6,40.0,79000.0,270
2023-05-09 21:08:53,i2401-P-570,i2401-P-570,19.8,0.0,0.0,0.0,20,18.9,19.4,10,18.8,19.8,19.8,19.6,40.0,79000.0,270
2023-05-09 21:08:53,i2401-P-570,i2401-P-570,19.8,0.0,0.0,0.0,10,18.9,19.4,10,18.8,19.8,19.8,19.6,40.0,79000.0,270
2023-05-09 21:08:54,i2401-P-570,i2401-P-570,19.8,0.0,0.0,0.0,10,18.9,19.4,20,18.8,19.8,19.8,19.6,40.0,79000.0,270
2023-05-09 21:09:01,i2401-P-570,i2401-P-570,19.8,0.0,0.0,0.0,20,18.9,19.4,30,18.8,19.8,19.8,19.6,40.0,79000.0,270
2023-05-09 21:09:08,i2401-P-570,i2401-P-570,19.8,0.0,0.0,0.0,20,18.9,19.3,10,18.8,19.8,19.8,19.6,40.0,79000.0,270
2023-05-09 21:09:08,i2401-P-570,i2401-P-570,19.8,0.0,0.0,0.0,10,18.9,19.3,10,18.8,19.8,19.8,19.6,40.0,79000.0,270
2023-05-09 21:09:09,i2401-P-570,i2401-P-570,19.8,0.0,0.0,0.0,20,18.9,19.3,20,18.8,19.8,19.8,19.6,40.0,79000.0,270
2023-05-09 21:09:14,i2401-P-570,i2401-P-570,19.8,0.0,0.0,0.0,11,18.7,19.3,20,18.8,19.8,19.8,19.6,40.0,79000.0,270
2023-05-09 21:09:15,i2401-P-570,i2401-P-570,19.8,0.0,0.0,0.0,1,18.7,19.2,10,18.8,19.8,19.8,19.6,40.0,79000.0,270
2023-05-09 21:09:15,i2401-P-570,i2401-P-570,19.8,0.0,0.0,0.0,11,18.7,19.3,20,18.8,19.8,19.8,19.6,40.0,79000.0,270
2023-05-09 21:09:16,i2401-P-570,i2401-P-570,19.8,0.0,0.0,0.0,1,18.7,19.2,10,18.8,19.8,19.8,19.6,40.0,79000.0,270
2023-05-09 21:09:18,i2401-P-570,i2401-P-570,19.8,0.0,0.0,0.0,11,18.7,19.3,20,18.8,19.8,19.8,19.6,40.0,79000.0,270
2023-05-09 21:09:22,i2401-P-570,i2401-P-570,19.8,0.0,0.0,0.0,1,18.7,19.2,10,18.8,19.8,19.8,19.6,40.0,79000.0,270
2023-05-09 21:09:23,i2401-P-570,i2401-P-570,19.8,0.0,0.0,0.0,21,18.7,19.3,30,18.8,19.8,19.8,19.6,40.0,79000.0,270
2023-05-09 21:09:24,i2401-P-570,i2401-P-570,19.8,0.0,0.0,0.0,1,18.7,19.2,20,18.8,19.8,19.8,19.6,40.0,79000.0,270
2023-05-09 21:09:25,i2401-P-570,i2401-P-570,19.2,20.0,38400.0,19.0,1,19.0,19.2,10,18.8,19.8,19.8,19.2,60.0,117400.0,289
2023-05-09 21:09:26,i2401-P-570,i2401-P-570,19.2,0.0,0.0,0.0,1,19.0,19.4,10,18.8,19.8,19.8,19.2,60.0,117400.0,289
2023-05-09 21:09:28,i2401-P-570,i2401-P-570,19.2,0.0,0.0,0.0,1,19.0,19.3,10,18.8,19.8,19.8,19.2,60.0,117400.0,289
2023-05-09 21:09:31,i2401-P-570,i2401-P-570,19.2,0.0,0.0,0.0,1,19.0,19.4,10,18.8,19.8,19.8,19.2,60.0,117400.0,289
2023-05-09 21:09:32,i2401-P-570,i2401-P-570,19.2,0.0,0.0,0.0,1,19.0,19.3,10,18.8,19.8,19.8,19.2,60.0,117400.0,289
2023-05-09 21:09:32,i2401-P-570,i2401-P-570,19.2,0.0,0.0,0.0,1,19.0,19.4,10,18.8,19.8,19.8,19.2,60.0,117400.0,289
2023-05-09 21:09:59,i2401-P-570,i2401-P-570,19.2,0.0,0.0,0.0,11,19.0,19.4,10,18.8,19.8,19.8,19.2,60.0,117400.0,289
2023-05-09 21:09:59,i2401-P-570,i2401-P-570,19.2,0.0,0.0,0.0,11,19.0,19.5,30,18.8,19.8,19.8,19.2,60.0,117400.0,289
2023-05-09 21:10:01,i2401-P-570,i2401-P-570,19.2,0.0,0.0,0.0,21,19.0,19.5,20,18.8,19.8,19.8,19.2,60.0,117400.0,289
2023-05-09 21:10:01,i2401-P-570,i2401-P-570,19.2,0.0,0.0,0.0,21,19.0,19.5,30,18.8,19.8,19.8,19.2,60.0,117400.0,289
2023-05-09 21:10:02,i2401-P-570,i2401-P-570,19.2,0.0,0.0,0.0,21,19.0,19.5,20,18.8,19.8,19.8,19.2,60.0,117400.0,289
2023-05-09 21:10:03,i2401-P-570,i2401-P-570,19.2,0.0,0.0,0.0,31,19.0,19.5,20,18.8,19.8,19.8,19.2,60.0,117400.0,289
2023-05-09 21:10:06,i2401-P-570,i2401-P-570,19.2,0.0,0.0,0.0,31,19.0,19.5,30,18.8,19.8,19.8,19.2,60.0,117400.0,289
2023-05-09 21:10:07,i2401-P-570,i2401-P-570,19.2,0.0,0.0,0.0,31,19.0,19.5,20,18.8,19.8,19.8,19.2,60.0,117400.0,289
2023-05-09 21:10:08,i2401-P-570,i2401-P-570,19.2,0.0,0.0,0.0,31,19.0,19.5,30,18.8,19.8,19.8,19.2,60.0,117400.0,289
2023-05-09 21:10:09,i2401-P-570,i2401-P-570,19.2,0.0,0.0,0.0,31,19.0,19.5,20,18.8,19.8,19.8,19.2,60.0,117400.0,289
2023-05-09 21:10:10,i2401-P-570,i2401-P-570,19.2,0.0,0.0,0.0,31,19.0,19.5,30,18.8,19.8,19.8,19.2,60.0,117400.0,289
2023-05-09 21:10:11,i2401-P-570,i2401-P-570,19.2,0.0,0.0,0.0,21,19.0,19.5,30,18.8,19.8,19.8,19.2,60.0,117400.0,289
2023-05-09 21:10:14,i2401-P-570,i2401-P-570,19.2,0.0,0.0,0.0,31,19.0,19.5,20,18.8,19.8,19.8,19.2,60.0,117400.0,289
2023-05-09 21:10:14,i2401-P-570,i2401-P-570,19.2,0.0,0.0,0.0,41,19.0,19.6,30,18.8,19.8,19.8,19.2,60.0,117400.0,289
2023-05-09 21:10:14,i2401-P-570,i2401-P-570,19.2,0.0,0.0,0.0,31,19.0,19.5,10,18.8,19.8,19.8,19.2,60.0,117400.0,289
2023-05-09 21:10:19,i2401-P-570,i2401-P-570,19.2,0.0,0.0,0.0,31,19.0,19.5,20,18.8,19.8,19.8,19.2,60.0,117400.0,289
2023-05-09 21:10:33,i2401-P-570,i2401-P-570,19.2,0.0,0.0,0.0,41,19.0,19.5,20,18.8,19.8,19.8,19.2,60.0,117400.0,289
2023-05-09 21:10:42,i2401-P-570,i2401-P-570,19.2,0.0,0.0,0.0,31,19.0,19.5,30,18.8,19.8,19.8,19.2,60.0,117400.0,289
2023-05-09 21:10:43,i2401-P-570,i2401-P-570,19.2,0.0,0.0,0.0,41,19.0,19.5,20,18.8,19.8,19.8,19.2,60.0,117400.0,289
2023-05-09 21:10:48,i2401-P-570,i2401-P-570,19.2,0.0,0.0,0.0,41,19.0,19.5,10,18.8,19.8,19.8,19.2,60.0,117400.0,289
2023-05-09 21:10:50,i2401-P-570,i2401-P-570,19.2,0.0,0.0,0.0,41,19.0,19.5,20,18.8,19.8,19.8,19.2,60.0,117400.0,289
2023-05-09 21:10:52,i2401-P-570,i2401-P-570,19.2,0.0,0.0,0.0,20,19.1,19.5,20,18.8,19.8,19.8,19.2,60.0,117400.0,289
2023-05-09 21:10:55,i2401-P-570,i2401-P-570,19.2,0.0,0.0,0.0,20,19.1,19.5,30,18.8,19.8,19.8,19.2,60.0,117400.0,289
2023-05-09 21:10:56,i2401-P-570,i2401-P-570,19.2,0.0,0.0,0.0,20,19.1,19.5,20,18.8,19.8,19.8,19.2,60.0,117400.0,289
2023-05-09 21:10:57,i2401-P-570,i2401-P-570,19.2,0.0,0.0,0.0,20,19.1,19.5,30,18.8,19.8,19.8,19.2,60.0,117400.0,289
2023-05-09 21:10:59,i2401-P-570,i2401-P-570,19.2,0.0,0.0,0.0,20,19.1,19.5,20,18.8,19.8,19.8,19.2,60.0,117400.0,289
2023-05-09 21:10:59,i2401-P-570,i2401-P-570,19.2,0.0,0.0,0.0,20,19.1,19.5,30,18.8,19.8,19.8,19.2,60.0,117400.0,289
2023-05-09 21:11:00,i2401-P-570,i2401-P-570,19.2,0.0,0.0,0.0,10,19.1,19.5,30,18.8,19.8,19.8,19.2,60.0,117400.0,289
2023-05-09 21:11:01,i2401-P-570,i2401-P-570,19.2,0.0,0.0,0.0,40,19.0,19.5,20,18.8,19.8,19.8,19.2,60.0,117400.0,289
2023-05-09 21:11:02,i2401-P-570,i2401-P-570,19.2,0.0,0.0,0.0,30,19.0,19.5,20,18.8,19.8,19.8,19.2,60.0,117400.0,289
2023-05-09 21:11:02,i2401-P-570,i2401-P-570,19.2,0.0,0.0,0.0,20,19.0,19.5,20,18.8,19.8,19.8,19.2,60.0,117400.0,289
2023-05-09 21:11:02,i2401-P-570,i2401-P-570,19.2,0.0,0.0,0.0,20,19.0,19.5,30,18.8,19.8,19.8,19.2,60.0,117400.0,289
2023-05-09 21:11:03,i2401-P-570,i2401-P-570,19.2,0.0,0.0,0.0,30,19.0,19.5,30,18.8,19.8,19.8,19.2,60.0,117400.0,289
2023-05-09 21:11:12,i2401-P-570,i2401-P-570,19.2,0.0,0.0,0.0,20,19.0,19.5,30,18.8,19.8,19.8,19.2,60.0,117400.0,289
2023-05-09 21:11:25,i2401-P-570,i2401-P-570,19.2,0.0,0.0,0.0,30,19.0,19.5,30,18.8,19.8,19.8,19.2,60.0,117400.0,289
2023-05-09 21:11:29,i2401-P-570,i2401-P-570,19.2,0.0,0.0,0.0,30,19.0,19.5,40,18.8,19.8,19.8,19.2,60.0,117400.0,289
2023-05-09 21:11:30,i2401-P-570,i2401-P-570,19.2,0.0,0.0,0.0,40,19.0,19.5,40,18.8,19.8,19.8,19.2,60.0,117400.0,289
2023-05-09 21:11:30,i2401-P-570,i2401-P-570,19.2,0.0,0.0,0.0,10,19.1,19.5,30,18.8,19.8,19.8,19.2,60.0,117400.0,289
2023-05-09 21:11:30,i2401-P-570,i2401-P-570,19.2,0.0,0.0,0.0,10,19.1,19.5,20,18.8,19.8,19.8,19.2,60.0,117400.0,289
2023-05-09 21:11:31,i2401-P-570,i2401-P-570,19.2,0.0,0.0,0.0,30,19.0,19.5,30,18.8,19.8,19.8,19.2,60.0,117400.0,289
2023-05-09 21:11:31,i2401-P-570,i2401-P-570,19.2,0.0,0.0,0.0,40,19.0,19.5,30,18.8,19.8,19.8,19.2,60.0,117400.0,289
2023-05-09 21:11:36,i2401-P-570,i2401-P-570,19.2,0.0,0.0,0.0,10,19.1,19.5,30,18.8,19.8,19.8,19.2,60.0,117400.0,289
2023-05-09 21:11:40,i2401-P-570,i2401-P-570,19.2,0.0,0.0,0.0,40,19.0,19.5,30,18.8,19.8,19.8,19.2,60.0,117400.0,289
2023-05-09 21:11:53,i2401-P-570,i2401-P-570,19.2,0.0,0.0,0.0,10,19.1,19.5,30,18.8,19.8,19.8,19.2,60.0,117400.0,289
2023-05-09 21:11:53,i2401-P-570,i2401-P-570,19.2,0.0,0.0,0.0,40,19.0,19.5,30,18.8,19.8,19.8,19.2,60.0,117400.0,289
2023-05-09 21:12:02,i2401-P-570,i2401-P-570,19.2,0.0,0.0,0.0,40,19.0,19.5,40,18.8,19.8,19.8,19.2,60.0,117400.0,289
2023-05-09 21:12:05,i2401-P-570,i2401-P-570,19.2,0.0,0.0,0.0,40,19.0,19.5,30,18.8,19.8,19.8,19.2,60.0,117400.0,289
2023-05-09 21:12:06,i2401-P-570,i2401-P-570,19.2,0.0,0.0,0.0,10,19.1,19.5,30,18.8,19.8,19.8,19.2,60.0,117400.0,289
2023-05-09 21:12:08,i2401-P-570,i2401-P-570,19.2,0.0,0.0,0.0,20,19.1,19.5,30,18.8,19.8,19.8,19.2,60.0,117400.0,289
2023-05-09 21:12:09,i2401-P-570,i2401-P-570,19.2,0.0,0.0,0.0,10,19.1,19.5,30,18.8,19.8,19.8,19.2,60.0,117400.0,289
2023-05-09 21:12:19,i2401-P-570,i2401-P-570,19.2,0.0,0.0,0.0,40,19.0,19.5,40,18.8,19.8,19.8,19.2,60.0,117400.0,289
2023-05-09 21:12:22,i2401-P-570,i2401-P-570,19.2,0.0,0.0,0.0,40,19.0,19.5,30,18.8,19.8,19.8,19.2,60.0,117400.0,289
2023-05-09 21:12:24,i2401-P-570,i2401-P-570,19.2,0.0,0.0,0.0,40,19.0,19.5,40,18.8,19.8,19.8,19.2,60.0,117400.0,289
2023-05-09 21:12:50,i2401-P-570,i2401-P-570,19.2,0.0,0.0,0.0,40,19.0,19.4,10,18.8,19.8,19.8,19.2,60.0,117400.0,289
2023-05-09 21:12:51,i2401-P-570,i2401-P-570,19.2,0.0,0.0,0.0,40,19.0,19.5,40,18.8,19.8,19.8,19.2,60.0,117400.0,289
2023-05-09 21:12:52,i2401-P-570,i2401-P-570,19.2,0.0,0.0,0.0,40,19.0,19.4,10,18.8,19.8,19.8,19.2,60.0,117400.0,289
2023-05-09 21:12:53,i2401-P-570,i2401-P-570,19.2,0.0,0.0,0.0,30,19.0,19.4,10,18.8,19.8,19.8,19.2,60.0,117400.0,289
2023-05-09 21:12:54,i2401-P-570,i2401-P-570,19.2,0.0,0.0,0.0,20,19.0,19.4,10,18.8,19.8,19.8,19.2,60.0,117400.0,289
2023-05-09 21:12:56,i2401-P-570,i2401-P-570,19.2,0.0,0.0,0.0,30,19.0,19.4,10,18.8,19.8,19.8,19.2,60.0,117400.0,289
2023-05-09 21:12:56,i2401-P-570,i2401-P-570,19.2,0.0,0.0,0.0,40,19.0,19.4,10,18.8,19.8,19.8,19.2,60.0,117400.0,289
2023-05-09 21:12:57,i2401-P-570,i2401-P-570,19.2,0.0,0.0,0.0,30,19.0,19.4,10,18.8,19.8,19.8,19.2,60.0,117400.0,289
2023-05-09 21:12:57,i2401-P-570,i2401-P-570,19.2,0.0,0.0,0.0,40,19.0,19.4,10,18.8,19.8,19.8,19.2,60.0,117400.0,289
2023-05-09 21:12:58,i2401-P-570,i2401-P-570,19.2,0.0,0.0,0.0,30,19.0,19.4,10,18.8,19.8,19.8,19.2,60.0,117400.0,289
2023-05-09 21:13:01,i2401-P-570,i2401-P-570,19.2,0.0,0.0,0.0,40,19.0,19.4,10,18.8,19.8,19.8,19.2,60.0,117400.0,289
2023-05-09 21:13:01,i2401-P-570,i2401-P-570,19.2,0.0,0.0,0.0,30,19.0,19.4,10,18.8,19.8,19.8,19.2,60.0,117400.0,289
2023-05-09 21:13:02,i2401-P-570,i2401-P-570,19.2,0.0,0.0,0.0,40,19.0,19.4,10,18.8,19.8,19.8,19.2,60.0,117400.0,289
2023-05-09 21:13:03,i2401-P-570,i2401-P-570,19.2,0.0,0.0,0.0,40,19.0,19.5,40,18.8,19.8,19.8,19.2,60.0,117400.0,289
2023-05-09 21:13:05,i2401-P-570,i2401-P-570,19.2,0.0,0.0,0.0,40,19.0,19.5,30,18.8,19.8,19.8,19.2,60.0,117400.0,289
2023-05-09 21:13:07,i2401-P-570,i2401-P-570,19.2,0.0,0.0,0.0,40,19.0,19.5,40,18.8,19.8,19.8,19.2,60.0,117400.0,289
2023-05-09 21:13:07,i2401-P-570,i2401-P-570,19.2,0.0,0.0,0.0,40,19.0,19.4,10,18.8,19.8,19.8,19.2,60.0,117400.0,289
2023-05-09 21:13:08,i2401-P-570,i2401-P-570,19.2,0.0,0.0,0.0,40,19.0,19.5,40,18.8,19.8,19.8,19.2,60.0,117400.0,289
2023-05-09 21:13:14,i2401-P-570,i2401-P-570,19.2,0.0,0.0,0.0,40,19.0,19.4,10,18.8,19.8,19.8,19.2,60.0,117400.0,289
2023-05-09 21:13:15,i2401-P-570,i2401-P-570,19.2,0.0,0.0,0.0,40,19.0,19.5,40,18.8,19.8,19.8,19.2,60.0,117400.0,289
2023-05-09 21:13:16,i2401-P-570,i2401-P-570,19.2,0.0,0.0,0.0,40,19.0,19.4,10,18.8,19.8,19.8,19.2,60.0,117400.0,289
2023-05-09 21:13:20,i2401-P-570,i2401-P-570,19.2,0.0,0.0,0.0,40,19.0,19.5,40,18.8,19.8,19.8,19.2,60.0,117400.0,289
2023-05-09 21:13:21,i2401-P-570,i2401-P-570,19.2,0.0,0.0,0.0,40,19.0,19.4,10,18.8,19.8,19.8,19.2,60.0,117400.0,289
2023-05-09 21:13:22,i2401-P-570,i2401-P-570,19.2,0.0,0.0,0.0,30,19.0,19.4,10,18.8,19.8,19.8,19.2,60.0,117400.0,289
2023-05-09 21:13:22,i2401-P-570,i2401-P-570,19.2,0.0,0.0,0.0,20,19.0,19.4,10,18.8,19.8,19.8,19.2,60.0,117400.0,289
2023-05-09 21:13:25,i2401-P-570,i2401-P-570,19.2,0.0,0.0,0.0,30,19.0,19.4,10,18.8,19.8,19.8,19.2,60.0,117400.0,289
2023-05-09 21:13:25,i2401-P-570,i2401-P-570,19.2,0.0,0.0,0.0,20,19.0,19.4,10,18.8,19.8,19.8,19.2,60.0,117400.0,289
2023-05-09 21:13:30,i2401-P-570,i2401-P-570,19.2,0.0,0.0,0.0,30,19.0,19.4,10,18.8,19.8,19.8,19.2,60.0,117400.0,289
2023-05-09 21:13:31,i2401-P-570,i2401-P-570,19.2,0.0,0.0,0.0,20,19.0,19.4,10,18.8,19.8,19.8,19.2,60.0,117400.0,289
2023-05-09 21:13:31,i2401-P-570,i2401-P-570,19.2,0.0,0.0,0.0,10,19.0,19.4,10,18.8,19.8,19.8,19.2,60.0,117400.0,289
2023-05-09 21:13:33,i2401-P-570,i2401-P-570,19.2,0.0,0.0,0.0,20,19.0,19.4,10,18.8,19.8,19.8,19.2,60.0,117400.0,289
2023-05-09 21:13:35,i2401-P-570,i2401-P-570,19.2,0.0,0.0,0.0,30,19.0,19.4,10,18.8,19.8,19.8,19.2,60.0,117400.0,289
2023-05-09 21:13:36,i2401-P-570,i2401-P-570,19.2,0.0,0.0,0.0,20,19.0,19.4,10,18.8,19.8,19.8,19.2,60.0,117400.0,289
2023-05-09 21:13:37,i2401-P-570,i2401-P-570,19.2,0.0,0.0,0.0,30,19.0,19.4,10,18.8,19.8,19.8,19.2,60.0,117400.0,289
2023-05-09 21:13:50,i2401-P-570,i2401-P-570,19.2,0.0,0.0,0.0,30,19.0,19.4,20,18.8,19.8,19.8,19.2,60.0,117400.0,289
2023-05-09 21:13:50,i2401-P-570,i2401-P-570,19.2,0.0,0.0,0.0,40,19.0,19.4,10,18.8,19.8,19.8,19.2,60.0,117400.0,289
2023-05-09 21:13:54,i2401-P-570,i2401-P-570,19.2,0.0,0.0,0.0,30,19.0,19.4,10,18.8,19.8,19.8,19.2,60.0,117400.0,289
2023-05-09 21:14:01,i2401-P-570,i2401-P-570,19.2,0.0,0.0,0.0,20,19.0,19.4,10,18.8,19.8,19.8,19.2,60.0,117400.0,289
2023-05-09 21:14:06,i2401-P-570,i2401-P-570,19.2,0.0,0.0,0.0,30,19.0,19.4,10,18.8,19.8,19.8,19.2,60.0,117400.0,289
2023-05-09 21:14:19,i2401-P-570,i2401-P-570,19.2,0.0,0.0,0.0,40,19.0,19.4,10,18.8,19.8,19.8,19.2,60.0,117400.0,289
2023-05-09 21:14:21,i2401-P-570,i2401-P-570,19.2,0.0,0.0,0.0,20,19.0,19.4,10,18.8,19.8,19.8,19.2,60.0,117400.0,289
2023-05-09 21:14:21,i2401-P-570,i2401-P-570,19.2,0.0,0.0,0.0,30,19.0,19.4,10,18.8,19.8,19.8,19.2,60.0,117400.0,289
2023-05-09 21:14:26,i2401-P-570,i2401-P-570,19.2,0.0,0.0,0.0,30,19.0,19.5,40,18.8,19.8,19.8,19.2,60.0,117400.0,289
2023-05-09 21:14:27,i2401-P-570,i2401-P-570,19.2,0.0,0.0,0.0,30,19.0,19.4,10,18.8,19.8,19.8,19.2,60.0,117400.0,289
2023-05-09 21:14:27,i2401-P-570,i2401-P-570,19.2,0.0,0.0,0.0,20,19.0,19.4,10,18.8,19.8,19.8,19.2,60.0,117400.0,289
2023-05-09 21:14:28,i2401-P-570,i2401-P-570,19.2,0.0,0.0,0.0,40,18.9,19.4,10,18.8,19.8,19.8,19.2,60.0,117400.0,289
2023-05-09 21:14:32,i2401-P-570,i2401-P-570,19.2,0.0,0.0,0.0,10,19.0,19.4,10,18.8,19.8,19.8,19.2,60.0,117400.0,289
2023-05-09 21:14:33,i2401-P-570,i2401-P-570,19.2,0.0,0.0,0.0,30,18.9,19.4,20,18.8,19.8,19.8,19.2,60.0,117400.0,289
2023-05-09 21:14:44,i2401-P-570,i2401-P-570,19.2,0.0,0.0,0.0,40,18.9,19.4,20,18.8,19.8,19.8,19.2,60.0,117400.0,289
2023-05-09 21:14:47,i2401-P-570,i2401-P-570,19.2,0.0,0.0,0.0,30,19.0,19.4,10,18.8,19.8,19.8,19.2,60.0,117400.0,289
2023-05-09 21:14:48,i2401-P-570,i2401-P-570,19.2,0.0,0.0,0.0,30,19.0,19.5,30,18.8,19.8,19.8,19.2,60.0,117400.0,289
2023-05-09 21:14:49,i2401-P-570,i2401-P-570,19.2,0.0,0.0,0.0,30,19.0,19.5,20,18.8,19.8,19.8,19.2,60.0,117400.0,289
2023-05-09 21:14:50,i2401-P-570,i2401-P-570,19.2,0.0,0.0,0.0,30,19.0,19.5,30,18.8,19.8,19.8,19.2,60.0,117400.0,289
2023-05-09 21:14:54,i2401-P-570,i2401-P-570,19.2,0.0,0.0,0.0,30,19.0,19.5,20,18.8,19.8,19.8,19.2,60.0,117400.0,289
2023-05-09 21:14:56,i2401-P-570,i2401-P-570,19.2,0.0,0.0,0.0,40,19.0,19.5,10,18.8,19.8,19.8,19.2,60.0,117400.0,289
2023-05-09 21:15:06,i2401-P-570,i2401-P-570,19.2,0.0,0.0,0.0,40,19.0,19.5,30,18.8,19.8,19.8,19.2,60.0,117400.0,289
2023-05-09 21:15:08,i2401-P-570,i2401-P-570,19.2,0.0,0.0,0.0,40,19.0,19.4,10,18.8,19.8,19.8,19.2,60.0,117400.0,289
2023-05-09 21:15:09,i2401-P-570,i2401-P-570,19.2,0.0,0.0,0.0,30,19.0,19.4,10,18.8,19.8,19.8,19.2,60.0,117400.0,289
2023-05-09 21:15:09,i2401-P-570,i2401-P-570,19.2,0.0,0.0,0.0,20,19.0,19.4,10,18.8,19.8,19.8,19.2,60.0,117400.0,289
2023-05-09 21:15:12,i2401-P-570,i2401-P-570,19.2,0.0,0.0,0.0,30,19.0,19.4,10,18.8,19.8,19.8,19.2,60.0,117400.0,289
2023-05-09 21:15:13,i2401-P-570,i2401-P-570,19.2,0.0,0.0,0.0,20,19.0,19.4,10,18.8,19.8,19.8,19.2,60.0,117400.0,289
2023-05-09 21:15:14,i2401-P-570,i2401-P-570,19.2,0.0,0.0,0.0,30,19.0,19.4,10,18.8,19.8,19.8,19.2,60.0,117400.0,289
2023-05-09 21:15:20,i2401-P-570,i2401-P-570,19.2,0.0,0.0,0.0,40,19.0,19.5,30,18.8,19.8,19.8,19.2,60.0,117400.0,289
2023-05-09 21:15:27,i2401-P-570,i2401-P-570,19.2,0.0,0.0,0.0,40,19.0,19.4,10,18.8,19.8,19.8,19.2,60.0,117400.0,289
2023-05-09 21:15:28,i2401-P-570,i2401-P-570,19.2,0.0,0.0,0.0,30,19.0,19.4,10,18.8,19.8,19.8,19.2,60.0,117400.0,289
2023-05-09 21:15:29,i2401-P-570,i2401-P-570,19.2,0.0,0.0,0.0,10,19.0,19.4,10,18.8,19.8,19.8,19.2,60.0,117400.0,289
2023-05-09 21:15:29,i2401-P-570,i2401-P-570,19.2,0.0,0.0,0.0,50,18.9,19.4,10,18.8,19.8,19.8,19.2,60.0,117400.0,289
2023-05-09 21:15:34,i2401-P-570,i2401-P-570,19.2,0.0,0.0,0.0,50,18.9,19.3,10,18.8,19.8,19.8,19.2,60.0,117400.0,289
2023-05-09 21:15:39,i2401-P-570,i2401-P-570,19.2,0.0,0.0,0.0,50,18.9,19.4,10,18.8,19.8,19.8,19.2,60.0,117400.0,289
2023-05-09 21:15:43,i2401-P-570,i2401-P-570,19.2,0.0,0.0,0.0,50,18.9,19.3,10,18.8,19.8,19.8,19.2,60.0,117400.0,289
2023-05-09 21:15:43,i2401-P-570,i2401-P-570,19.2,0.0,0.0,0.0,40,18.9,19.3,10,18.8,19.8,19.8,19.2,60.0,117400.0,289
2023-05-09 21:15:45,i2401-P-570,i2401-P-570,19.2,0.0,0.0,0.0,40,18.9,19.4,10,18.8,19.8,19.8,19.2,60.0,117400.0,289
2023-05-09 21:16:01,i2401-P-570,i2401-P-570,19.2,0.0,0.0,0.0,20,19.0,19.5,30,18.8,19.8,19.8,19.2,60.0,117400.0,289
2023-05-09 21:16:02,i2401-P-570,i2401-P-570,19.2,0.0,0.0,0.0,30,19.0,19.5,20,18.8,19.8,19.8,19.2,60.0,117400.0,289
2023-05-09 21:16:03,i2401-P-570,i2401-P-570,19.2,0.0,0.0,0.0,20,19.1,19.5,10,18.8,19.8,19.8,19.2,60.0,117400.0,289
2023-05-09 21:16:04,i2401-P-570,i2401-P-570,19.2,0.0,0.0,0.0,20,19.1,19.5,20,18.8,19.8,19.8,19.2,60.0,117400.0,289
2023-05-09 21:16:05,i2401-P-570,i2401-P-570,19.2,0.0,0.0,0.0,30,19.1,19.5,20,18.8,19.8,19.8,19.2,60.0,117400.0,289
2023-05-09 21:16:06,i2401-P-570,i2401-P-570,19.2,0.0,0.0,0.0,20,19.1,19.5,20,18.8,19.8,19.8,19.2,60.0,117400.0,289
2023-05-09 21:16:06,i2401-P-570,i2401-P-570,19.2,0.0,0.0,0.0,30,19.0,19.5,20,18.8,19.8,19.8,19.2,60.0,117400.0,289
2023-05-09 21:16:08,i2401-P-570,i2401-P-570,19.2,0.0,0.0,0.0,40,19.0,19.5,20,18.8,19.8,19.8,19.2,60.0,117400.0,289
2023-05-09 21:16:20,i2401-P-570,i2401-P-570,19.2,0.0,0.0,0.0,10,19.1,19.5,20,18.8,19.8,19.8,19.2,60.0,117400.0,289
2023-05-09 21:16:20,i2401-P-570,i2401-P-570,19.2,0.0,0.0,0.0,20,19.1,19.5,20,18.8,19.8,19.8,19.2,60.0,117400.0,289
2023-05-09 21:16:22,i2401-P-570,i2401-P-570,19.2,0.0,0.0,0.0,10,19.1,19.5,20,18.8,19.8,19.8,19.2,60.0,117400.0,289
2023-05-09 21:16:30,i2401-P-570,i2401-P-570,19.2,0.0,0.0,0.0,30,19.0,19.5,20,18.8,19.8,19.8,19.2,60.0,117400.0,289
2023-05-09 21:16:45,i2401-P-570,i2401-P-570,19.2,0.0,0.0,0.0,30,19.0,19.4,10,18.8,19.8,19.8,19.2,60.0,117400.0,289
2023-05-09 21:16:49,i2401-P-570,i2401-P-570,19.2,0.0,0.0,0.0,30,19.0,19.5,20,18.8,19.8,19.8,19.2,60.0,117400.0,289
2023-05-09 21:16:50,i2401-P-570,i2401-P-570,19.2,0.0,0.0,0.0,30,19.0,19.4,10,18.8,19.8,19.8,19.2,60.0,117400.0,289
2023-05-09 21:16:55,i2401-P-570,i2401-P-570,19.2,0.0,0.0,0.0,30,19.0,19.5,20,18.8,19.8,19.8,19.2,60.0,117400.0,289
2023-05-09 21:17:03,i2401-P-570,i2401-P-570,19.2,0.0,0.0,0.0,10,19.1,19.5,10,18.8,19.8,19.8,19.2,60.0,117400.0,289
2023-05-09 21:17:03,i2401-P-570,i2401-P-570,19.2,0.0,0.0,0.0,20,19.1,19.5,20,18.8,19.8,19.8,19.2,60.0,117400.0,289
2023-05-09 21:17:06,i2401-P-570,i2401-P-570,19.2,0.0,0.0,0.0,20,19.1,19.5,10,18.8,19.8,19.8,19.2,60.0,117400.0,289
2023-05-09 21:17:10,i2401-P-570,i2401-P-570,19.2,0.0,0.0,0.0,10,19.1,19.5,20,18.8,19.8,19.8,19.2,60.0,117400.0,289
2023-05-09 21:17:10,i2401-P-570,i2401-P-570,19.2,0.0,0.0,0.0,30,19.0,19.5,20,18.8,19.8,19.8,19.2,60.0,117400.0,289
2023-05-09 21:17:26,i2401-P-570,i2401-P-570,19.2,0.0,0.0,0.0,10,19.1,19.5,20,18.8,19.8,19.8,19.2,60.0,117400.0,289
2023-05-09 21:17:27,i2401-P-570,i2401-P-570,19.2,0.0,0.0,0.0,30,19.0,19.5,20,18.8,19.8,19.8,19.2,60.0,117400.0,289
2023-05-09 21:17:28,i2401-P-570,i2401-P-570,19.2,0.0,0.0,0.0,10,19.1,19.5,20,18.8,19.8,19.8,19.2,60.0,117400.0,289
2023-05-09 21:17:29,i2401-P-570,i2401-P-570,19.2,0.0,0.0,0.0,30,19.0,19.5,20,18.8,19.8,19.8,19.2,60.0,117400.0,289
2023-05-09 21:17:31,i2401-P-570,i2401-P-570,19.2,0.0,0.0,0.0,10,19.1,19.5,20,18.8,19.8,19.8,19.2,60.0,117400.0,289
2023-05-09 21:17:31,i2401-P-570,i2401-P-570,19.2,0.0,0.0,0.0,20,19.1,19.5,20,18.8,19.8,19.8,19.2,60.0,117400.0,289
2023-05-09 21:17:32,i2401-P-570,i2401-P-570,19.2,0.0,0.0,0.0,20,19.1,19.5,10,18.8,19.8,19.8,19.2,60.0,117400.0,289
2023-05-09 21:17:35,i2401-P-570,i2401-P-570,19.2,0.0,0.0,0.0,20,19.1,19.5,20,18.8,19.8,19.8,19.2,60.0,117400.0,289
2023-05-09 21:17:40,i2401-P-570,i2401-P-570,19.2,0.0,0.0,0.0,20,19.1,19.5,10,18.8,19.8,19.8,19.2,60.0,117400.0,289
2023-05-09 21:17:40,i2401-P-570,i2401-P-570,19.2,0.0,0.0,0.0,10,19.1,19.5,10,18.8,19.8,19.8,19.2,60.0,117400.0,289
2023-05-09 21:17:41,i2401-P-570,i2401-P-570,19.2,0.0,0.0,0.0,40,19.0,19.5,10,18.8,19.8,19.8,19.2,60.0,117400.0,289
2023-05-09 21:17:42,i2401-P-570,i2401-P-570,19.2,0.0,0.0,0.0,10,19.1,19.5,10,18.8,19.8,19.8,19.2,60.0,117400.0,289
2023-05-09 21:17:44,i2401-P-570,i2401-P-570,19.2,0.0,0.0,0.0,20,19.1,19.5,10,18.8,19.8,19.8,19.2,60.0,117400.0,289
2023-05-09 21:17:53,i2401-P-570,i2401-P-570,19.2,0.0,0.0,0.0,20,19.1,19.6,30,18.8,19.8,19.8,19.2,60.0,117400.0,289
2023-05-09 21:17:55,i2401-P-570,i2401-P-570,19.2,0.0,0.0,0.0,20,19.2,19.6,30,18.8,19.8,19.8,19.2,60.0,117400.0,289
2023-05-09 21:18:00,i2401-P-570,i2401-P-570,19.2,0.0,0.0,0.0,20,19.2,19.6,20,18.8,19.8,19.8,19.2,60.0,117400.0,289
2023-05-09 21:18:04,i2401-P-570,i2401-P-570,19.2,0.0,0.0,0.0,20,19.2,19.6,30,18.8,19.8,19.8,19.2,60.0,117400.0,289
2023-05-09 21:18:04,i2401-P-570,i2401-P-570,19.2,0.0,0.0,0.0,20,19.2,19.6,20,18.8,19.8,19.8,19.2,60.0,117400.0,289
2023-05-09 21:18:08,i2401-P-570,i2401-P-570,19.2,0.0,0.0,0.0,20,19.2,19.6,30,18.8,19.8,19.8,19.2,60.0,117400.0,289
2023-05-09 21:18:09,i2401-P-570,i2401-P-570,19.2,0.0,0.0,0.0,20,19.2,19.6,20,18.8,19.8,19.8,19.2,60.0,117400.0,289
2023-05-09 21:18:12,i2401-P-570,i2401-P-570,19.2,0.0,0.0,0.0,10,19.3,19.6,20,18.8,19.8,19.8,19.2,60.0,117400.0,289
2023-05-09 21:18:13,i2401-P-570,i2401-P-570,19.2,0.0,0.0,0.0,20,19.3,19.6,10,18.8,19.8,19.8,19.2,60.0,117400.0,289
2023-05-09 21:18:14,i2401-P-570,i2401-P-570,19.2,0.0,0.0,0.0,10,19.3,19.6,10,18.8,19.8,19.8,19.2,60.0,117400.0,289
2023-05-09 21:18:15,i2401-P-570,i2401-P-570,19.2,0.0,0.0,0.0,10,19.3,19.7,10,18.8,19.8,19.8,19.2,60.0,117400.0,289
2023-05-09 21:18:16,i2401-P-570,i2401-P-570,19.2,0.0,0.0,0.0,20,19.3,19.7,10,18.8,19.8,19.8,19.2,60.0,117400.0,289
2023-05-09 21:18:17,i2401-P-570,i2401-P-570,19.2,0.0,0.0,0.0,10,19.3,19.7,10,18.8,19.8,19.8,19.2,60.0,117400.0,289
2023-05-09 21:18:17,i2401-P-570,i2401-P-570,19.2,0.0,0.0,0.0,20,19.3,19.7,10,18.8,19.8,19.8,19.2,60.0,117400.0,289
2023-05-09 21:18:18,i2401-P-570,i2401-P-570,19.2,0.0,0.0,0.0,10,19.3,19.7,10,18.8,19.8,19.8,19.2,60.0,117400.0,289
2023-05-09 21:18:23,i2401-P-570,i2401-P-570,19.2,0.0,0.0,0.0,20,19.3,19.7,10,18.8,19.8,19.8,19.2,60.0,117400.0,289
2023-05-09 21:18:25,i2401-P-570,i2401-P-570,19.2,0.0,0.0,0.0,10,19.3,19.7,10,18.8,19.8,19.8,19.2,60.0,117400.0,289
2023-05-09 21:18:26,i2401-P-570,i2401-P-570,19.2,0.0,0.0,0.0,20,19.3,19.7,10,18.8,19.8,19.8,19.2,60.0,117400.0,289
2023-05-09 21:18:26,i2401-P-570,i2401-P-570,19.2,0.0,0.0,0.0,10,19.3,19.7,10,18.8,19.8,19.8,19.2,60.0,117400.0,289
2023-05-09 21:18:26,i2401-P-570,i2401-P-570,19.2,0.0,0.0,0.0,20,19.3,19.7,10,18.8,19.8,19.8,19.2,60.0,117400.0,289
2023-05-09 21:18:28,i2401-P-570,i2401-P-570,19.2,0.0,0.0,0.0,10,19.3,19.7,10,18.8,19.8,19.8,19.2,60.0,117400.0,289
2023-05-09 21:18:40,i2401-P-570,i2401-P-570,19.2,0.0,0.0,0.0,20,19.3,19.7,10,18.8,19.8,19.8,19.2,60.0,117400.0,289
2023-05-09 21:18:45,i2401-P-570,i2401-P-570,19.2,0.0,0.0,0.0,10,19.3,19.7,10,18.8,19.8,19.8,19.2,60.0,117400.0,289
2023-05-09 21:18:49,i2401-P-570,i2401-P-570,19.2,0.0,0.0,0.0,20,19.3,19.7,10,18.8,19.8,19.8,19.2,60.0,117400.0,289
2023-05-09 21:19:29,i2401-P-570,i2401-P-570,19.2,0.0,0.0,0.0,20,19.3,19.8,34,18.8,19.8,19.8,19.2,60.0,117400.0,289
2023-05-09 21:19:31,i2401-P-570,i2401-P-570,19.2,0.0,0.0,0.0,30,19.3,19.8,34,18.8,19.8,19.8,19.2,60.0,117400.0,289
2023-05-09 21:19:32,i2401-P-570,i2401-P-570,19.2,0.0,0.0,0.0,40,19.3,19.8,24,18.8,19.8,19.8,19.2,60.0,117400.0,289
2023-05-09 21:19:34,i2401-P-570,i2401-P-570,19.2,0.0,0.0,0.0,40,19.3,19.7,10,18.8,19.8,19.8,19.2,60.0,117400.0,289
2023-05-09 21:19:46,i2401-P-570,i2401-P-570,19.2,0.0,0.0,0.0,40,19.3,19.8,24,18.8,19.8,19.8,19.2,60.0,117400.0,289
2023-05-09 21:19:50,i2401-P-570,i2401-P-570,19.2,0.0,0.0,0.0,40,19.3,19.8,20,18.8,19.8,19.8,19.2,60.0,117400.0,289
2023-05-09 21:19:52,i2401-P-570,i2401-P-570,19.2,0.0,0.0,0.0,10,19.4,19.8,20,18.8,19.8,19.8,19.2,60.0,117400.0,289
2023-05-09 21:19:52,i2401-P-570,i2401-P-570,19.2,0.0,0.0,0.0,30,19.4,19.8,20,18.8,19.8,19.8,19.2,60.0,117400.0,289
2023-05-09 21:19:55,i2401-P-570,i2401-P-570,19.2,0.0,0.0,0.0,30,19.4,19.9,30,18.8,19.8,19.8,19.2,60.0,117400.0,289
2023-05-09 21:19:55,i2401-P-570,i2401-P-570,19.2,0.0,0.0,0.0,30,19.4,19.8,10,18.8,19.8,19.8,19.2,60.0,117400.0,289
2023-05-09 21:19:58,i2401-P-570,i2401-P-570,19.2,0.0,0.0,0.0,30,19.4,19.9,30,18.8,19.8,19.8,19.2,60.0,117400.0,289
2023-05-09 21:19:59,i2401-P-570,i2401-P-570,19.2,0.0,0.0,0.0,30,19.4,19.8,10,18.8,19.8,19.8,19.2,60.0,117400.0,289
2023-05-09 21:20:03,i2401-P-570,i2401-P-570,19.2,0.0,0.0,0.0,30,19.4,19.9,30,18.8,19.8,19.8,19.2,60.0,117400.0,289
2023-05-09 21:20:04,i2401-P-570,i2401-P-570,19.2,0.0,0.0,0.0,10,19.5,19.9,30,18.8,19.8,19.8,19.2,60.0,117400.0,289
2023-05-09 21:20:07,i2401-P-570,i2401-P-570,19.2,0.0,0.0,0.0,30,19.4,19.8,10,18.8,19.8,19.8,19.2,60.0,117400.0,289
2023-05-09 21:20:10,i2401-P-570,i2401-P-570,19.2,0.0,0.0,0.0,20,19.4,19.8,10,18.8,19.8,19.8,19.2,60.0,117400.0,289
2023-05-09 21:20:11,i2401-P-570,i2401-P-570,19.2,0.0,0.0,0.0,30,19.4,19.8,10,18.8,19.8,19.8,19.2,60.0,117400.0,289
2023-05-09 21:20:15,i2401-P-570,i2401-P-570,19.2,0.0,0.0,0.0,20,19.4,19.8,10,18.8,19.8,19.8,19.2,60.0,117400.0,289
2023-05-09 21:20:16,i2401-P-570,i2401-P-570,19.2,0.0,0.0,0.0,10,19.4,19.8,10,18.8,19.8,19.8,19.2,60.0,117400.0,289
2023-05-09 21:20:17,i2401-P-570,i2401-P-570,19.2,0.0,0.0,0.0,20,19.4,19.8,10,18.8,19.8,19.8,19.2,60.0,117400.0,289
2023-05-09 21:20:26,i2401-P-570,i2401-P-570,19.2,0.0,0.0,0.0,20,19.4,19.7,10,18.8,19.8,19.8,19.2,60.0,117400.0,289
2023-05-09 21:20:27,i2401-P-570,i2401-P-570,19.2,0.0,0.0,0.0,30,19.3,19.7,10,18.8,19.8,19.8,19.2,60.0,117400.0,289
2023-05-09 21:20:30,i2401-P-570,i2401-P-570,19.2,0.0,0.0,0.0,40,19.3,19.7,10,18.8,19.8,19.8,19.2,60.0,117400.0,289
2023-05-09 21:21:04,i2401-P-570,i2401-P-570,19.2,0.0,0.0,0.0,40,19.3,19.8,20,18.8,19.8,19.8,19.2,60.0,117400.0,289
2023-05-09 21:21:04,i2401-P-570,i2401-P-570,19.2,0.0,0.0,0.0,20,19.4,19.8,10,18.8,19.8,19.8,19.2,60.0,117400.0,289
2023-05-09 21:21:06,i2401-P-570,i2401-P-570,19.2,0.0,0.0,0.0,30,19.4,19.8,10,18.8,19.8,19.8,19.2,60.0,117400.0,289
2023-05-09 21:21:32,i2401-P-570,i2401-P-570,19.2,0.0,0.0,0.0,20,19.4,19.8,10,18.8,19.8,19.8,19.2,60.0,117400.0,289
2023-05-09 21:21:33,i2401-P-570,i2401-P-570,19.2,0.0,0.0,0.0,30,19.4,19.8,10,18.8,19.8,19.8,19.2,60.0,117400.0,289
2023-05-09 21:21:36,i2401-P-570,i2401-P-570,19.2,0.0,0.0,0.0,30,19.4,19.9,30,18.8,19.8,19.8,19.2,60.0,117400.0,289
2023-05-09 21:21:38,i2401-P-570,i2401-P-570,19.2,0.0,0.0,0.0,20,19.5,19.9,30,18.8,19.8,19.8,19.2,60.0,117400.0,289
2023-05-09 21:21:39,i2401-P-570,i2401-P-570,19.2,0.0,0.0,0.0,10,19.5,19.9,30,18.8,19.8,19.8,19.2,60.0,117400.0,289
2023-05-09 21:21:41,i2401-P-570,i2401-P-570,19.2,0.0,0.0,0.0,20,19.4,19.8,10,18.8,19.8,19.8,19.2,60.0,117400.0,289
2023-05-09 21:21:42,i2401-P-570,i2401-P-570,19.2,0.0,0.0,0.0,20,19.4,19.7,10,18.8,19.8,19.8,19.2,60.0,117400.0,289
2023-05-09 21:21:45,i2401-P-570,i2401-P-570,19.2,0.0,0.0,0.0,20,19.4,19.8,10,18.8,19.8,19.8,19.2,60.0,117400.0,289
2023-05-09 21:21:47,i2401-P-570,i2401-P-570,19.2,0.0,0.0,0.0,30,19.4,19.8,10,18.8,19.8,19.8,19.2,60.0,117400.0,289
2023-05-09 21:21:48,i2401-P-570,i2401-P-570,19.2,0.0,0.0,0.0,20,19.4,19.8,10,18.8,19.8,19.8,19.2,60.0,117400.0,289
2023-05-09 21:21:49,i2401-P-570,i2401-P-570,19.2,0.0,0.0,0.0,30,19.4,19.8,10,18.8,19.8,19.8,19.2,60.0,117400.0,289
2023-05-09 21:21:50,i2401-P-570,i2401-P-570,19.2,0.0,0.0,0.0,20,19.4,19.8,10,18.8,19.8,19.8,19.2,60.0,117400.0,289
2023-05-09 21:21:51,i2401-P-570,i2401-P-570,19.2,0.0,0.0,0.0,30,19.4,19.8,10,18.8,19.8,19.8,19.2,60.0,117400.0,289
2023-05-09 21:21:56,i2401-P-570,i2401-P-570,19.2,0.0,0.0,0.0,30,19.4,19.9,30,18.8,19.8,19.8,19.2,60.0,117400.0,289
2023-05-09 21:22:02,i2401-P-570,i2401-P-570,19.2,0.0,0.0,0.0,10,19.5,19.9,30,18.8,19.8,19.8,19.2,60.0,117400.0,289
2023-05-09 21:22:03,i2401-P-570,i2401-P-570,19.2,0.0,0.0,0.0,30,19.5,19.9,30,18.8,19.8,19.8,19.2,60.0,117400.0,289
2023-05-09 21:22:03,i2401-P-570,i2401-P-570,19.2,0.0,0.0,0.0,30,19.5,19.9,10,18.8,19.8,19.8,19.2,60.0,117400.0,289
2023-05-09 21:22:05,i2401-P-570,i2401-P-570,19.2,0.0,0.0,0.0,30,19.5,20.0,30,18.8,19.8,19.8,19.2,60.0,117400.0,289
2023-05-09 21:22:05,i2401-P-570,i2401-P-570,19.2,0.0,0.0,0.0,30,19.5,19.9,10,18.8,19.8,19.8,19.2,60.0,117400.0,289
2023-05-09 21:22:06,i2401-P-570,i2401-P-570,19.2,0.0,0.0,0.0,30,19.5,20.0,30,18.8,19.8,19.8,19.2,60.0,117400.0,289
2023-05-09 21:22:09,i2401-P-570,i2401-P-570,19.2,0.0,0.0,0.0,30,19.5,19.9,10,18.8,19.8,19.8,19.2,60.0,117400.0,289
2023-05-09 21:22:09,i2401-P-570,i2401-P-570,19.2,0.0,0.0,0.0,30,19.5,20.0,30,18.8,19.8,19.8,19.2,60.0,117400.0,289
2023-05-09 21:22:10,i2401-P-570,i2401-P-570,19.2,0.0,0.0,0.0,30,19.5,20.0,20,18.8,19.8,19.8,19.2,60.0,117400.0,289
2023-05-09 21:22:12,i2401-P-570,i2401-P-570,19.2,0.0,0.0,0.0,10,19.6,20.0,20,18.8,19.8,19.8,19.2,60.0,117400.0,289
2023-05-09 21:22:12,i2401-P-570,i2401-P-570,19.2,0.0,0.0,0.0,20,19.6,20.0,20,18.8,19.8,19.8,19.2,60.0,117400.0,289
2023-05-09 21:22:15,i2401-P-570,i2401-P-570,19.2,0.0,0.0,0.0,10,19.6,20.0,20,18.8,19.8,19.8,19.2,60.0,117400.0,289
2023-05-09 21:22:19,i2401-P-570,i2401-P-570,19.2,0.0,0.0,0.0,20,19.6,20.0,10,18.8,19.8,19.8,19.2,60.0,117400.0,289
2023-05-09 21:22:21,i2401-P-570,i2401-P-570,19.2,0.0,0.0,0.0,10,19.6,20.0,10,18.8,19.8,19.8,19.2,60.0,117400.0,289
2023-05-09 21:22:23,i2401-P-570,i2401-P-570,19.2,0.0,0.0,0.0,20,19.6,20.0,10,18.8,19.8,19.8,19.2,60.0,117400.0,289
2023-05-09 21:22:25,i2401-P-570,i2401-P-570,19.2,0.0,0.0,0.0,10,19.6,20.0,10,18.8,19.8,19.8,19.2,60.0,117400.0,289
2023-05-09 21:22:30,i2401-P-570,i2401-P-570,19.2,0.0,0.0,0.0,20,19.6,20.0,10,18.8,19.8,19.8,19.2,60.0,117400.0,289
2023-05-09 21:22:31,i2401-P-570,i2401-P-570,19.2,0.0,0.0,0.0,30,19.6,20.0,10,18.8,19.8,19.8,19.2,60.0,117400.0,289
2023-05-09 21:22:32,i2401-P-570,i2401-P-570,19.2,0.0,0.0,0.0,20,19.6,20.0,10,18.8,19.8,19.8,19.2,60.0,117400.0,289
2023-05-09 21:22:33,i2401-P-570,i2401-P-570,19.2,0.0,0.0,0.0,30,19.6,20.0,10,18.8,19.8,19.8,19.2,60.0,117400.0,289
2023-05-09 21:22:36,i2401-P-570,i2401-P-570,19.2,0.0,0.0,0.0,20,19.6,20.0,10,18.8,19.8,19.8,19.2,60.0,117400.0,289
2023-05-09 21:22:44,i2401-P-570,i2401-P-570,19.2,0.0,0.0,0.0,30,19.6,20.0,10,18.8,19.8,19.8,19.2,60.0,117400.0,289
2023-05-09 21:23:15,i2401-P-570,i2401-P-570,19.2,0.0,0.0,0.0,30,19.6,20.1,30,18.8,19.8,19.8,19.2,60.0,117400.0,289
2023-05-09 21:23:19,i2401-P-570,i2401-P-570,19.2,0.0,0.0,0.0,10,19.7,20.1,20,18.8,19.8,19.8,19.2,60.0,117400.0,289
2023-05-09 21:23:20,i2401-P-570,i2401-P-570,19.2,0.0,0.0,0.0,30,19.7,20.1,20,18.8,19.8,19.8,19.2,60.0,117400.0,289
2023-05-09 21:23:20,i2401-P-570,i2401-P-570,19.2,0.0,0.0,0.0,20,19.7,20.1,20,18.8,19.8,19.8,19.2,60.0,117400.0,289
2023-05-09 21:23:23,i2401-P-570,i2401-P-570,19.2,0.0,0.0,0.0,30,19.7,20.1,20,18.8,19.8,19.8,19.2,60.0,117400.0,289
2023-05-09 21:23:26,i2401-P-570,i2401-P-570,19.2,0.0,0.0,0.0,20,19.7,20.0,10,18.8,19.8,19.8,19.2,60.0,117400.0,289
2023-05-09 21:23:32,i2401-P-570,i2401-P-570,19.2,0.0,0.0,0.0,20,19.7,20.1,20,18.8,19.8,19.8,19.2,60.0,117400.0,289
2023-05-09 21:23:39,i2401-P-570,i2401-P-570,19.2,0.0,0.0,0.0,20,19.7,20.0,10,18.8,19.8,19.8,19.2,60.0,117400.0,289
2023-05-09 21:24:05,i2401-P-570,i2401-P-570,19.2,0.0,0.0,0.0,10,19.6,20.0,10,18.8,19.8,19.8,19.2,60.0,117400.0,289
2023-05-09 21:24:10,i2401-P-570,i2401-P-570,19.2,0.0,0.0,0.0,20,19.5,20.0,20,18.8,19.8,19.8,19.2,60.0,117400.0,289
2023-05-09 21:24:16,i2401-P-570,i2401-P-570,19.2,0.0,0.0,0.0,20,19.5,20.0,30,18.8,19.8,19.8,19.2,60.0,117400.0,289
2023-05-09 21:24:17,i2401-P-570,i2401-P-570,19.2,0.0,0.0,0.0,20,19.5,19.9,10,18.8,19.8,19.8,19.2,60.0,117400.0,289
2023-05-09 21:24:17,i2401-P-570,i2401-P-570,19.2,0.0,0.0,0.0,20,19.5,19.9,20,18.8,19.8,19.8,19.2,60.0,117400.0,289
2023-05-09 21:24:27,i2401-P-570,i2401-P-570,19.2,0.0,0.0,0.0,30,19.5,19.9,20,18.8,19.8,19.8,19.2,60.0,117400.0,289
2023-05-09 21:24:33,i2401-P-570,i2401-P-570,19.2,0.0,0.0,0.0,20,19.5,19.9,20,18.8,19.8,19.8,19.2,60.0,117400.0,289
2023-05-09 21:24:33,i2401-P-570,i2401-P-570,19.2,0.0,0.0,0.0,30,19.5,19.9,20,18.8,19.8,19.8,19.2,60.0,117400.0,289
2023-05-09 21:24:35,i2401-P-570,i2401-P-570,19.2,0.0,0.0,0.0,20,19.5,19.9,20,18.8,19.8,19.8,19.2,60.0,117400.0,289
2023-05-09 21:24:45,i2401-P-570,i2401-P-570,19.2,0.0,0.0,0.0,30,19.5,19.9,20,18.8,19.8,19.8,19.2,60.0,117400.0,289
2023-05-09 21:24:48,i2401-P-570,i2401-P-570,19.2,0.0,0.0,0.0,20,19.5,19.9,20,18.8,19.8,19.8,19.2,60.0,117400.0,289
2023-05-09 21:24:51,i2401-P-570,i2401-P-570,19.2,0.0,0.0,0.0,30,19.5,19.9,20,18.8,19.8,19.8,19.2,60.0,117400.0,289
2023-05-09 21:24:56,i2401-P-570,i2401-P-570,19.2,0.0,0.0,0.0,20,19.5,19.9,20,18.8,19.8,19.8,19.2,60.0,117400.0,289
2023-05-09 21:24:59,i2401-P-570,i2401-P-570,19.2,0.0,0.0,0.0,20,19.5,19.8,20,18.8,19.8,19.8,19.2,60.0,117400.0,289
2023-05-09 21:25:32,i2401-P-570,i2401-P-570,19.2,0.0,0.0,0.0,20,19.5,19.8,10,18.8,19.8,19.8,19.2,60.0,117400.0,289
2023-05-09 21:25:54,i2401-P-570,i2401-P-570,19.2,0.0,0.0,0.0,20,19.5,19.8,20,18.8,19.8,19.8,19.2,60.0,117400.0,289
2023-05-09 21:26:05,i2401-P-570,i2401-P-570,19.2,0.0,0.0,0.0,10,19.5,19.8,20,18.8,19.8,19.8,19.2,60.0,117400.0,289
2023-05-09 21:26:05,i2401-P-570,i2401-P-570,19.2,0.0,0.0,0.0,54,19.3,19.8,20,18.8,19.8,19.8,19.2,60.0,117400.0,289
2023-05-09 21:26:06,i2401-P-570,i2401-P-570,19.2,0.0,0.0,0.0,34,19.3,19.7,10,18.8,19.8,19.8,19.2,60.0,117400.0,289
2023-05-09 21:26:07,i2401-P-570,i2401-P-570,19.2,0.0,0.0,0.0,34,19.3,19.8,20,18.8,19.8,19.8,19.2,60.0,117400.0,289
2023-05-09 21:26:11,i2401-P-570,i2401-P-570,19.2,0.0,0.0,0.0,24,19.3,19.8,20,18.8,19.8,19.8,19.2,60.0,117400.0,289
2023-05-09 21:26:14,i2401-P-570,i2401-P-570,19.2,0.0,0.0,0.0,24,19.3,19.7,10,18.8,19.8,19.8,19.2,60.0,117400.0,289
2023-05-09 21:26:14,i2401-P-570,i2401-P-570,19.2,0.0,0.0,0.0,24,19.3,19.8,20,18.8,19.8,19.8,19.2,60.0,117400.0,289
2023-05-09 21:26:15,i2401-P-570,i2401-P-570,19.2,0.0,0.0,0.0,24,19.3,19.7,10,18.8,19.8,19.8,19.2,60.0,117400.0,289
2023-05-09 21:26:20,i2401-P-570,i2401-P-570,19.2,0.0,0.0,0.0,34,19.3,19.7,10,18.8,19.8,19.8,19.2,60.0,117400.0,289
2023-05-09 21:26:41,i2401-P-570,i2401-P-570,19.2,0.0,0.0,0.0,34,19.3,19.7,20,18.8,19.8,19.8,19.2,60.0,117400.0,289
2023-05-09 21:26:45,i2401-P-570,i2401-P-570,19.2,0.0,0.0,0.0,24,19.3,19.7,20,18.8,19.8,19.8,19.2,60.0,117400.0,289
2023-05-09 21:26:52,i2401-P-570,i2401-P-570,19.2,0.0,0.0,0.0,34,19.3,19.7,20,18.8,19.8,19.8,19.2,60.0,117400.0,289
2023-05-09 21:26:52,i2401-P-570,i2401-P-570,19.2,0.0,0.0,0.0,24,19.3,19.7,20,18.8,19.8,19.8,19.2,60.0,117400.0,289
2023-05-09 21:26:57,i2401-P-570,i2401-P-570,19.2,0.0,0.0,0.0,34,19.3,19.7,20,18.8,19.8,19.8,19.2,60.0,117400.0,289
2023-05-09 21:27:01,i2401-P-570,i2401-P-570,19.2,0.0,0.0,0.0,34,19.3,19.7,10,18.8,19.8,19.8,19.2,60.0,117400.0,289
2023-05-09 21:27:16,i2401-P-570,i2401-P-570,19.2,0.0,0.0,0.0,10,19.4,19.8,30,18.8,19.8,19.8,19.2,60.0,117400.0,289
2023-05-09 21:27:16,i2401-P-570,i2401-P-570,19.2,0.0,0.0,0.0,24,19.3,19.8,30,18.8,19.8,19.8,19.2,60.0,117400.0,289
2023-05-09 21:27:19,i2401-P-570,i2401-P-570,19.2,0.0,0.0,0.0,34,19.3,19.8,30,18.8,19.8,19.8,19.2,60.0,117400.0,289
2023-05-09 21:27:28,i2401-P-570,i2401-P-570,19.2,0.0,0.0,0.0,34,19.3,19.7,20,18.8,19.8,19.8,19.2,60.0,117400.0,289
2023-05-09 21:27:31,i2401-P-570,i2401-P-570,19.2,0.0,0.0,0.0,24,19.3,19.7,20,18.8,19.8,19.8,19.2,60.0,117400.0,289
2023-05-09 21:27:36,i2401-P-570,i2401-P-570,19.2,0.0,0.0,0.0,34,19.3,19.7,20,18.8,19.8,19.8,19.2,60.0,117400.0,289
2023-05-09 21:27:44,i2401-P-570,i2401-P-570,19.2,0.0,0.0,0.0,24,19.3,19.7,20,18.8,19.8,19.8,19.2,60.0,117400.0,289
2023-05-09 21:27:44,i2401-P-570,i2401-P-570,19.2,0.0,0.0,0.0,24,19.3,19.7,10,18.8,19.8,19.8,19.2,60.0,117400.0,289
2023-05-09 21:27:45,i2401-P-570,i2401-P-570,19.2,0.0,0.0,0.0,24,19.3,19.7,20,18.8,19.8,19.8,19.2,60.0,117400.0,289
2023-05-09 21:27:47,i2401-P-570,i2401-P-570,19.2,0.0,0.0,0.0,34,19.3,19.7,20,18.8,19.8,19.8,19.2,60.0,117400.0,289
2023-05-09 21:28:03,i2401-P-570,i2401-P-570,19.2,0.0,0.0,0.0,24,19.3,19.7,20,18.8,19.8,19.8,19.2,60.0,117400.0,289
2023-05-09 21:28:04,i2401-P-570,i2401-P-570,19.2,0.0,0.0,0.0,24,19.3,19.6,10,18.8,19.8,19.8,19.2,60.0,117400.0,289
2023-05-09 21:28:05,i2401-P-570,i2401-P-570,19.2,0.0,0.0,0.0,24,19.3,19.7,20,18.8,19.8,19.8,19.2,60.0,117400.0,289
2023-05-09 21:28:07,i2401-P-570,i2401-P-570,19.2,0.0,0.0,0.0,34,19.3,19.7,20,18.8,19.8,19.8,19.2,60.0,117400.0,289
2023-05-09 21:28:14,i2401-P-570,i2401-P-570,19.2,0.0,0.0,0.0,24,19.3,19.7,20,18.8,19.8,19.8,19.2,60.0,117400.0,289
2023-05-09 21:28:19,i2401-P-570,i2401-P-570,19.2,0.0,0.0,0.0,34,19.3,19.7,20,18.8,19.8,19.8,19.2,60.0,117400.0,289
2023-05-09 21:28:36,i2401-P-570,i2401-P-570,19.2,0.0,0.0,0.0,24,19.3,19.7,20,18.8,19.8,19.8,19.2,60.0,117400.0,289
2023-05-09 21:28:53,i2401-P-570,i2401-P-570,19.2,0.0,0.0,0.0,34,19.3,19.7,20,18.8,19.8,19.8,19.2,60.0,117400.0,289
2023-05-09 21:28:57,i2401-P-570,i2401-P-570,19.2,0.0,0.0,0.0,24,19.3,19.7,20,18.8,19.8,19.8,19.2,60.0,117400.0,289
2023-05-09 21:28:58,i2401-P-570,i2401-P-570,19.2,0.0,0.0,0.0,34,19.3,19.7,20,18.8,19.8,19.8,19.2,60.0,117400.0,289
2023-05-09 21:29:06,i2401-P-570,i2401-P-570,19.2,0.0,0.0,0.0,10,19.4,19.8,30,18.8,19.8,19.8,19.2,60.0,117400.0,289
2023-05-09 21:29:07,i2401-P-570,i2401-P-570,19.2,0.0,0.0,0.0,34,19.3,19.8,30,18.8,19.8,19.8,19.2,60.0,117400.0,289
2023-05-09 21:29:08,i2401-P-570,i2401-P-570,19.2,0.0,0.0,0.0,10,19.4,19.8,30,18.8,19.8,19.8,19.2,60.0,117400.0,289
2023-05-09 21:29:09,i2401-P-570,i2401-P-570,19.2,0.0,0.0,0.0,34,19.3,19.8,30,18.8,19.8,19.8,19.2,60.0,117400.0,289
2023-05-09 21:29:13,i2401-P-570,i2401-P-570,19.2,0.0,0.0,0.0,10,19.4,19.8,30,18.8,19.8,19.8,19.2,60.0,117400.0,289
2023-05-09 21:29:17,i2401-P-570,i2401-P-570,19.2,0.0,0.0,0.0,34,19.3,19.8,30,18.8,19.8,19.8,19.2,60.0,117400.0,289
2023-05-09 21:29:26,i2401-P-570,i2401-P-570,19.2,0.0,0.0,0.0,24,19.3,19.8,30,18.8,19.8,19.8,19.2,60.0,117400.0,289
2023-05-09 21:29:28,i2401-P-570,i2401-P-570,19.2,0.0,0.0,0.0,34,19.3,19.8,30,18.8,19.8,19.8,19.2,60.0,117400.0,289
2023-05-09 21:29:28,i2401-P-570,i2401-P-570,19.2,0.0,0.0,0.0,24,19.3,19.8,30,18.8,19.8,19.8,19.2,60.0,117400.0,289
2023-05-09 21:29:37,i2401-P-570,i2401-P-570,19.2,0.0,0.0,0.0,34,19.3,19.8,30,18.8,19.8,19.8,19.2,60.0,117400.0,289
2023-05-09 21:29:43,i2401-P-570,i2401-P-570,19.7,10.0,19700.0,10.0,4,19.5,19.8,20,18.8,19.8,19.8,19.2,70.0,137100.0,299
2023-05-09 21:29:46,i2401-P-570,i2401-P-570,19.7,0.0,0.0,0.0,4,19.5,19.8,30,18.8,19.8,19.8,19.2,70.0,137100.0,299
2023-05-09 21:30:03,i2401-P-570,i2401-P-570,19.7,0.0,0.0,0.0,4,19.5,19.8,10,18.8,19.8,19.8,19.2,70.0,137100.0,299
2023-05-09 21:30:04,i2401-P-570,i2401-P-570,19.7,0.0,0.0,0.0,4,19.5,19.8,20,18.8,19.8,19.8,19.2,70.0,137100.0,299
2023-05-09 21:30:05,i2401-P-570,i2401-P-570,19.7,0.0,0.0,0.0,4,19.5,19.8,10,18.8,19.8,19.8,19.2,70.0,137100.0,299
2023-05-09 21:30:05,i2401-P-570,i2401-P-570,19.7,0.0,0.0,0.0,4,19.5,19.8,20,18.8,19.8,19.8,19.2,70.0,137100.0,299
2023-05-09 21:30:15,i2401-P-570,i2401-P-570,19.7,0.0,0.0,0.0,4,19.5,19.8,10,18.8,19.8,19.8,19.2,70.0,137100.0,299
2023-05-09 21:30:16,i2401-P-570,i2401-P-570,19.7,0.0,0.0,0.0,4,19.5,19.8,20,18.8,19.8,19.8,19.2,70.0,137100.0,299
2023-05-09 21:30:20,i2401-P-570,i2401-P-570,19.7,0.0,0.0,0.0,4,19.5,19.8,10,18.8,19.8,19.8,19.2,70.0,137100.0,299
2023-05-09 21:30:31,i2401-P-570,i2401-P-570,19.7,0.0,0.0,0.0,4,19.5,19.8,20,18.8,19.8,19.8,19.2,70.0,137100.0,299
2023-05-09 21:30:32,i2401-P-570,i2401-P-570,19.7,0.0,0.0,0.0,4,19.5,19.8,10,18.8,19.8,19.8,19.2,70.0,137100.0,299
2023-05-09 21:30:51,i2401-P-570,i2401-P-570,19.7,0.0,0.0,0.0,24,19.5,19.8,10,18.8,19.8,19.8,19.2,70.0,137100.0,299
2023-05-09 21:30:55,i2401-P-570,i2401-P-570,19.7,0.0,0.0,0.0,14,19.5,19.8,10,18.8,19.8,19.8,19.2,70.0,137100.0,299
2023-05-09 21:30:56,i2401-P-570,i2401-P-570,19.7,0.0,0.0,0.0,4,19.5,19.8,10,18.8,19.8,19.8,19.2,70.0,137100.0,299
2023-05-09 21:30:56,i2401-P-570,i2401-P-570,19.7,0.0,0.0,0.0,14,19.5,19.8,10,18.8,19.8,19.8,19.2,70.0,137100.0,299
2023-05-09 21:31:02,i2401-P-570,i2401-P-570,19.8,10.0,19800.0,10.0,14,19.6,19.9,20,18.8,19.8,19.8,19.2,80.0,156900.0,309
2023-05-09 21:31:03,i2401-P-570,i2401-P-570,19.8,0.0,0.0,0.0,14,19.6,20.0,24,18.8,19.8,19.8,19.2,80.0,156900.0,309
2023-05-09 21:31:04,i2401-P-570,i2401-P-570,19.8,0.0,0.0,0.0,24,19.6,20.0,24,18.8,19.8,19.8,19.2,80.0,156900.0,309
2023-05-09 21:31:05,i2401-P-570,i2401-P-570,19.8,0.0,0.0,0.0,24,19.6,19.9,10,18.8,19.8,19.8,19.2,80.0,156900.0,309
2023-05-09 21:31:08,i2401-P-570,i2401-P-570,19.8,0.0,0.0,0.0,24,19.6,20.0,24,18.8,19.8,19.8,19.2,80.0,156900.0,309
2023-05-09 21:31:08,i2401-P-570,i2401-P-570,19.8,0.0,0.0,0.0,4,19.6,19.9,10,18.8,19.8,19.8,19.2,80.0,156900.0,309
2023-05-09 21:31:11,i2401-P-570,i2401-P-570,19.8,0.0,0.0,0.0,14,19.6,19.9,10,18.8,19.8,19.8,19.2,80.0,156900.0,309
2023-05-09 21:31:16,i2401-P-570,i2401-P-570,19.8,0.0,0.0,0.0,4,19.6,19.9,20,18.8,19.8,19.8,19.2,80.0,156900.0,309
2023-05-09 21:31:16,i2401-P-570,i2401-P-570,19.8,0.0,0.0,0.0,4,19.6,19.8,10,18.8,19.8,19.8,19.2,80.0,156900.0,309
2023-05-09 21:31:26,i2401-P-570,i2401-P-570,19.8,0.0,0.0,0.0,14,19.6,19.9,10,18.8,19.8,19.8,19.2,80.0,156900.0,309
2023-05-09 21:31:29,i2401-P-570,i2401-P-570,19.8,0.0,0.0,0.0,24,19.6,19.9,10,18.8,19.8,19.8,19.2,80.0,156900.0,309
2023-05-09 21:31:33,i2401-P-570,i2401-P-570,19.8,0.0,0.0,0.0,24,19.6,20.0,20,18.8,19.8,19.8,19.2,80.0,156900.0,309
2023-05-09 21:31:34,i2401-P-570,i2401-P-570,19.8,0.0,0.0,0.0,14,19.6,20.0,20,18.8,19.8,19.8,19.2,80.0,156900.0,309
2023-05-09 21:31:36,i2401-P-570,i2401-P-570,19.8,0.0,0.0,0.0,24,19.6,20.0,20,18.8,19.8,19.8,19.2,80.0,156900.0,309
2023-05-09 21:31:38,i2401-P-570,i2401-P-570,19.8,0.0,0.0,0.0,14,19.6,20.0,20,18.8,19.8,19.8,19.2,80.0,156900.0,309
2023-05-09 21:31:51,i2401-P-570,i2401-P-570,19.8,0.0,0.0,0.0,14,19.6,20.0,30,18.8,19.8,19.8,19.2,80.0,156900.0,309
2023-05-09 21:31:54,i2401-P-570,i2401-P-570,19.8,0.0,0.0,0.0,14,19.6,20.0,20,18.8,19.8,19.8,19.2,80.0,156900.0,309
2023-05-09 21:31:56,i2401-P-570,i2401-P-570,19.8,0.0,0.0,0.0,24,19.6,20.0,30,18.8,19.8,19.8,19.2,80.0,156900.0,309
2023-05-09 21:31:57,i2401-P-570,i2401-P-570,19.8,0.0,0.0,0.0,14,19.6,20.0,20,18.8,19.8,19.8,19.2,80.0,156900.0,309
2023-05-09 21:31:59,i2401-P-570,i2401-P-570,19.8,0.0,0.0,0.0,24,19.6,20.0,20,18.8,19.8,19.8,19.2,80.0,156900.0,309
2023-05-09 21:32:04,i2401-P-570,i2401-P-570,19.8,0.0,0.0,0.0,34,19.6,20.0,20,18.8,19.8,19.8,19.2,80.0,156900.0,309
2023-05-09 21:32:12,i2401-P-570,i2401-P-570,19.8,0.0,0.0,0.0,24,19.6,20.0,20,18.8,19.8,19.8,19.2,80.0,156900.0,309
2023-05-09 21:32:12,i2401-P-570,i2401-P-570,19.8,0.0,0.0,0.0,24,19.6,19.9,10,18.8,19.8,19.8,19.2,80.0,156900.0,309
2023-05-09 21:32:14,i2401-P-570,i2401-P-570,19.8,0.0,0.0,0.0,34,19.6,20.0,20,18.8,19.8,19.8,19.2,80.0,156900.0,309
2023-05-09 21:32:17,i2401-P-570,i2401-P-570,19.8,0.0,0.0,0.0,24,19.6,20.0,20,18.8,19.8,19.8,19.2,80.0,156900.0,309
2023-05-09 21:32:21,i2401-P-570,i2401-P-570,19.8,0.0,0.0,0.0,34,19.6,20.0,20,18.8,19.8,19.8,19.2,80.0,156900.0,309
2023-05-09 21:32:25,i2401-P-570,i2401-P-570,19.8,0.0,0.0,0.0,24,19.6,20.0,20,18.8,19.8,19.8,19.2,80.0,156900.0,309
2023-05-09 21:32:26,i2401-P-570,i2401-P-570,19.8,0.0,0.0,0.0,34,19.6,20.0,20,18.8,19.8,19.8,19.2,80.0,156900.0,309
2023-05-09 21:32:27,i2401-P-570,i2401-P-570,19.8,0.0,0.0,0.0,24,19.6,20.0,20,18.8,19.8,19.8,19.2,80.0,156900.0,309
2023-05-09 21:32:28,i2401-P-570,i2401-P-570,19.8,0.0,0.0,0.0,34,19.6,20.0,20,18.8,19.8,19.8,19.2,80.0,156900.0,309
2023-05-09 21:32:28,i2401-P-570,i2401-P-570,19.8,0.0,0.0,0.0,24,19.6,20.0,20,18.8,19.8,19.8,19.2,80.0,156900.0,309
2023-05-09 21:32:30,i2401-P-570,i2401-P-570,19.8,0.0,0.0,0.0,34,19.6,20.0,20,18.8,19.8,19.8,19.2,80.0,156900.0,309
2023-05-09 21:32:31,i2401-P-570,i2401-P-570,19.8,0.0,0.0,0.0,24,19.6,20.0,20,18.8,19.8,19.8,19.2,80.0,156900.0,309
2023-05-09 21:32:31,i2401-P-570,i2401-P-570,19.8,0.0,0.0,0.0,34,19.6,20.0,20,18.8,19.8,19.8,19.2,80.0,156900.0,309
2023-05-09 21:32:48,i2401-P-570,i2401-P-570,19.8,0.0,0.0,0.0,24,19.6,20.0,20,18.8,19.8,19.8,19.2,80.0,156900.0,309
2023-05-09 21:33:06,i2401-P-570,i2401-P-570,19.8,0.0,0.0,0.0,14,19.6,19.9,10,18.8,19.8,19.8,19.2,80.0,156900.0,309
2023-05-09 21:33:07,i2401-P-570,i2401-P-570,19.8,0.0,0.0,0.0,4,19.6,19.9,10,18.8,19.8,19.8,19.2,80.0,156900.0,309
2023-05-09 21:33:07,i2401-P-570,i2401-P-570,19.8,0.0,0.0,0.0,4,19.6,19.8,10,18.8,19.8,19.8,19.2,80.0,156900.0,309
2023-05-09 21:33:08,i2401-P-570,i2401-P-570,19.8,0.0,0.0,0.0,4,19.6,19.9,20,18.8,19.8,19.8,19.2,80.0,156900.0,309
2023-05-09 21:33:54,i2401-P-570,i2401-P-570,19.8,0.0,0.0,0.0,4,19.6,19.8,20,18.8,19.8,19.8,19.2,80.0,156900.0,309
2023-05-09 21:33:55,i2401-P-570,i2401-P-570,19.8,0.0,0.0,0.0,20,19.4,19.8,20,18.8,19.8,19.8,19.2,80.0,156900.0,309
2023-05-09 21:33:56,i2401-P-570,i2401-P-570,19.8,0.0,0.0,0.0,10,19.4,19.8,20,18.8,19.8,19.8,19.2,80.0,156900.0,309
2023-05-09 21:33:58,i2401-P-570,i2401-P-570,19.8,0.0,0.0,0.0,10,19.4,19.7,20,18.8,19.8,19.8,19.2,80.0,156900.0,309
2023-05-09 21:34:07,i2401-P-570,i2401-P-570,19.8,0.0,0.0,0.0,24,19.3,19.7,20,18.8,19.8,19.8,19.2,80.0,156900.0,309
2023-05-09 21:34:11,i2401-P-570,i2401-P-570,19.8,0.0,0.0,0.0,14,19.3,19.7,20,18.8,19.8,19.8,19.2,80.0,156900.0,309
2023-05-09 21:34:11,i2401-P-570,i2401-P-570,19.8,0.0,0.0,0.0,24,19.3,19.7,20,18.8,19.8,19.8,19.2,80.0,156900.0,309
2023-05-09 21:34:19,i2401-P-570,i2401-P-570,19.8,0.0,0.0,0.0,14,19.3,19.7,20,18.8,19.8,19.8,19.2,80.0,156900.0,309
2023-05-09 21:34:21,i2401-P-570,i2401-P-570,19.8,0.0,0.0,0.0,24,19.3,19.7,20,18.8,19.8,19.8,19.2,80.0,156900.0,309
2023-05-09 21:34:29,i2401-P-570,i2401-P-570,19.7,20.0,39400.0,19.0,14,19.4,19.8,10,18.8,19.8,19.8,19.2,100.0,196300.0,328
2023-05-09 21:34:29,i2401-P-570,i2401-P-570,19.7,0.0,0.0,0.0,14,19.4,19.9,24,18.8,19.8,19.8,19.2,100.0,196300.0,328
2023-05-09 21:34:38,i2401-P-570,i2401-P-570,19.7,0.0,0.0,0.0,24,19.4,19.9,24,18.8,19.8,19.8,19.2,100.0,196300.0,328
2023-05-09 21:34:48,i2401-P-570,i2401-P-570,19.7,0.0,0.0,0.0,14,19.4,19.9,24,18.8,19.8,19.8,19.2,100.0,196300.0,328
2023-05-09 21:34:50,i2401-P-570,i2401-P-570,19.7,0.0,0.0,0.0,24,19.4,19.9,24,18.8,19.8,19.8,19.2,100.0,196300.0,328
2023-05-09 21:34:56,i2401-P-570,i2401-P-570,19.7,0.0,0.0,0.0,24,19.4,19.8,10,18.8,19.8,19.8,19.2,100.0,196300.0,328
2023-05-09 21:35:01,i2401-P-570,i2401-P-570,19.7,0.0,0.0,0.0,14,19.4,19.8,20,18.8,19.8,19.8,19.2,100.0,196300.0,328
2023-05-09 21:35:03,i2401-P-570,i2401-P-570,19.7,0.0,0.0,0.0,24,19.4,19.8,20,18.8,19.8,19.8,19.2,100.0,196300.0,328
2023-05-09 21:35:07,i2401-P-570,i2401-P-570,19.7,0.0,0.0,0.0,14,19.4,19.8,20,18.8,19.8,19.8,19.2,100.0,196300.0,328
2023-05-09 21:35:12,i2401-P-570,i2401-P-570,19.7,0.0,0.0,0.0,14,19.4,19.7,10,18.8,19.8,19.8,19.2,100.0,196300.0,328
2023-05-09 21:35:20,i2401-P-570,i2401-P-570,19.7,0.0,0.0,0.0,24,19.4,19.7,10,18.8,19.8,19.8,19.2,100.0,196300.0,328
2023-05-09 21:35:21,i2401-P-570,i2401-P-570,19.7,0.0,0.0,0.0,24,19.4,19.6,10,18.8,19.8,19.8,19.2,100.0,196300.0,328
2023-05-09 21:35:22,i2401-P-570,i2401-P-570,19.7,0.0,0.0,0.0,14,19.4,19.7,10,18.8,19.8,19.8,19.2,100.0,196300.0,328
2023-05-09 21:35:24,i2401-P-570,i2401-P-570,19.7,0.0,0.0,0.0,24,19.4,19.7,10,18.8,19.8,19.8,19.2,100.0,196300.0,328
2023-05-09 21:35:31,i2401-P-570,i2401-P-570,19.7,0.0,0.0,0.0,24,19.4,19.6,10,18.8,19.8,19.8,19.2,100.0,196300.0,328
2023-05-09 21:35:32,i2401-P-570,i2401-P-570,19.7,0.0,0.0,0.0,24,19.4,19.7,10,18.8,19.8,19.8,19.2,100.0,196300.0,328
2023-05-09 21:35:32,i2401-P-570,i2401-P-570,19.7,0.0,0.0,0.0,24,19.4,19.6,10,18.8,19.8,19.8,19.2,100.0,196300.0,328
2023-05-09 21:35:34,i2401-P-570,i2401-P-570,19.7,0.0,0.0,0.0,4,19.4,19.6,10,18.8,19.8,19.8,19.2,100.0,196300.0,328
2023-05-09 21:35:34,i2401-P-570,i2401-P-570,19.7,0.0,0.0,0.0,4,19.4,19.7,10,18.8,19.8,19.8,19.2,100.0,196300.0,328
2023-05-09 21:35:35,i2401-P-570,i2401-P-570,19.7,0.0,0.0,0.0,4,19.4,19.6,10,18.8,19.8,19.8,19.2,100.0,196300.0,328
2023-05-09 21:35:52,i2401-P-570,i2401-P-570,19.7,0.0,0.0,0.0,4,19.4,19.7,30,18.8,19.8,19.8,19.2,100.0,196300.0,328
2023-05-09 21:35:53,i2401-P-570,i2401-P-570,19.7,0.0,0.0,0.0,14,19.4,19.7,30,18.8,19.8,19.8,19.2,100.0,196300.0,328
2023-05-09 21:35:56,i2401-P-570,i2401-P-570,19.7,0.0,0.0,0.0,24,19.4,19.7,30,18.8,19.8,19.8,19.2,100.0,196300.0,328
2023-05-09 21:36:44,i2401-P-570,i2401-P-570,19.7,0.0,0.0,0.0,4,19.4,19.7,20,18.8,19.8,19.8,19.2,100.0,196300.0,328
2023-05-09 21:37:08,i2401-P-570,i2401-P-570,19.7,0.0,0.0,0.0,14,19.4,19.7,20,18.8,19.8,19.8,19.2,100.0,196300.0,328
2023-05-09 21:37:28,i2401-P-570,i2401-P-570,19.7,0.0,0.0,0.0,24,19.4,19.7,20,18.8,19.8,19.8,19.2,100.0,196300.0,328
2023-05-09 21:37:28,i2401-P-570,i2401-P-570,19.7,0.0,0.0,0.0,24,19.4,19.7,10,18.8,19.8,19.8,19.2,100.0,196300.0,328
2023-05-09 21:37:41,i2401-P-570,i2401-P-570,19.7,0.0,0.0,0.0,34,19.4,19.7,10,18.8,19.8,19.8,19.2,100.0,196300.0,328
2023-05-09 21:37:49,i2401-P-570,i2401-P-570,19.7,0.0,0.0,0.0,34,19.4,19.8,20,18.8,19.8,19.8,19.2,100.0,196300.0,328
2023-05-09 21:37:54,i2401-P-570,i2401-P-570,19.7,0.0,0.0,0.0,34,19.4,19.8,10,18.8,19.8,19.8,19.2,100.0,196300.0,328
2023-05-09 21:38:10,i2401-P-570,i2401-P-570,19.7,0.0,0.0,0.0,34,19.4,19.9,40,18.8,19.8,19.8,19.2,100.0,196300.0,328
2023-05-09 21:38:11,i2401-P-570,i2401-P-570,19.7,0.0,0.0,0.0,34,19.4,19.9,30,18.8,19.8,19.8,19.2,100.0,196300.0,328
2023-05-09 21:38:32,i2401-P-570,i2401-P-570,19.7,0.0,0.0,0.0,10,19.5,19.9,30,18.8,19.8,19.8,19.2,100.0,196300.0,328
2023-05-09 21:38:32,i2401-P-570,i2401-P-570,19.7,0.0,0.0,0.0,30,19.5,19.9,30,18.8,19.8,19.8,19.2,100.0,196300.0,328
2023-05-09 21:38:33,i2401-P-570,i2401-P-570,19.7,0.0,0.0,0.0,20,19.5,19.9,30,18.8,19.8,19.8,19.2,100.0,196300.0,328
2023-05-09 21:38:34,i2401-P-570,i2401-P-570,19.7,0.0,0.0,0.0,30,19.5,19.9,30,18.8,19.8,19.8,19.2,100.0,196300.0,328
2023-05-09 21:38:37,i2401-P-570,i2401-P-570,19.7,0.0,0.0,0.0,30,19.5,19.9,20,18.8,19.8,19.8,19.2,100.0,196300.0,328
2023-05-09 21:38:38,i2401-P-570,i2401-P-570,19.7,0.0,0.0,0.0,30,19.5,19.9,30,18.8,19.8,19.8,19.2,100.0,196300.0,328
2023-05-09 21:38:55,i2401-P-570,i2401-P-570,19.7,0.0,0.0,0.0,30,19.5,19.9,20,18.8,19.8,19.8,19.2,100.0,196300.0,328
2023-05-09 21:39:01,i2401-P-570,i2401-P-570,19.7,0.0,0.0,0.0,30,19.5,19.9,30,18.8,19.8,19.8,19.2,100.0,196300.0,328
2023-05-09 21:39:22,i2401-P-570,i2401-P-570,19.7,0.0,0.0,0.0,20,19.5,19.8,10,18.8,19.8,19.8,19.2,100.0,196300.0,328
2023-05-09 21:39:23,i2401-P-570,i2401-P-570,19.7,0.0,0.0,0.0,20,19.5,19.9,30,18.8,19.8,19.8,19.2,100.0,196300.0,328
2023-05-09 21:39:29,i2401-P-570,i2401-P-570,19.7,0.0,0.0,0.0,30,19.5,19.9,30,18.8,19.8,19.8,19.2,100.0,196300.0,328
2023-05-09 21:39:35,i2401-P-570,i2401-P-570,19.7,0.0,0.0,0.0,20,19.5,19.9,30,18.8,19.8,19.8,19.2,100.0,196300.0,328
2023-05-09 21:39:42,i2401-P-570,i2401-P-570,19.7,0.0,0.0,0.0,30,19.5,19.9,30,18.8,19.8,19.8,19.2,100.0,196300.0,328
2023-05-09 21:40:00,i2401-P-570,i2401-P-570,19.7,0.0,0.0,0.0,20,19.5,19.9,30,18.8,19.8,19.8,19.2,100.0,196300.0,328
2023-05-09 21:40:00,i2401-P-570,i2401-P-570,19.7,0.0,0.0,0.0,30,19.5,19.9,30,18.8,19.8,19.8,19.2,100.0,196300.0,328
2023-05-09 21:40:02,i2401-P-570,i2401-P-570,19.7,0.0,0.0,0.0,20,19.5,19.8,10,18.8,19.8,19.8,19.2,100.0,196300.0,328
2023-05-09 21:40:03,i2401-P-570,i2401-P-570,19.7,0.0,0.0,0.0,10,19.5,19.8,10,18.8,19.8,19.8,19.2,100.0,196300.0,328
2023-05-09 21:40:05,i2401-P-570,i2401-P-570,19.7,0.0,0.0,0.0,20,19.5,19.8,10,18.8,19.8,19.8,19.2,100.0,196300.0,328
2023-05-09 21:40:06,i2401-P-570,i2401-P-570,19.7,0.0,0.0,0.0,10,19.5,19.8,10,18.8,19.8,19.8,19.2,100.0,196300.0,328
2023-05-09 21:40:06,i2401-P-570,i2401-P-570,19.7,0.0,0.0,0.0,20,19.5,19.8,10,18.8,19.8,19.8,19.2,100.0,196300.0,328
2023-05-09 21:40:27,i2401-P-570,i2401-P-570,19.7,0.0,0.0,0.0,20,19.5,19.7,10,18.8,19.8,19.8,19.2,100.0,196300.0,328
2023-05-09 21:40:27,i2401-P-570,i2401-P-570,19.7,0.0,0.0,0.0,10,19.4,19.7,10,18.8,19.8,19.8,19.2,100.0,196300.0,328
2023-05-09 21:40:29,i2401-P-570,i2401-P-570,19.7,0.0,0.0,0.0,20,19.4,19.7,10,18.8,19.8,19.8,19.2,100.0,196300.0,328
2023-05-09 21:40:59,i2401-P-570,i2401-P-570,19.7,0.0,0.0,0.0,10,19.4,19.8,30,18.8,19.8,19.8,19.2,100.0,196300.0,328
2023-05-09 21:40:59,i2401-P-570,i2401-P-570,19.7,0.0,0.0,0.0,20,19.4,19.8,20,18.8,19.8,19.8,19.2,100.0,196300.0,328
2023-05-09 21:41:00,i2401-P-570,i2401-P-570,19.7,0.0,0.0,0.0,10,19.4,19.8,20,18.8,19.8,19.8,19.2,100.0,196300.0,328
2023-05-09 21:41:02,i2401-P-570,i2401-P-570,19.7,0.0,0.0,0.0,10,19.4,19.8,10,18.8,19.8,19.8,19.2,100.0,196300.0,328
2023-05-09 21:41:04,i2401-P-570,i2401-P-570,19.7,0.0,0.0,0.0,20,19.4,19.8,10,18.8,19.8,19.8,19.2,100.0,196300.0,328
2023-05-09 21:41:05,i2401-P-570,i2401-P-570,19.7,0.0,0.0,0.0,10,19.4,19.8,10,18.8,19.8,19.8,19.2,100.0,196300.0,328
2023-05-09 21:41:05,i2401-P-570,i2401-P-570,19.7,0.0,0.0,0.0,20,19.4,19.8,10,18.8,19.8,19.8,19.2,100.0,196300.0,328
2023-05-09 21:41:07,i2401-P-570,i2401-P-570,19.7,0.0,0.0,0.0,10,19.4,19.8,10,18.8,19.8,19.8,19.2,100.0,196300.0,328
2023-05-09 21:41:08,i2401-P-570,i2401-P-570,19.7,0.0,0.0,0.0,20,19.4,19.8,10,18.8,19.8,19.8,19.2,100.0,196300.0,328
2023-05-09 21:41:12,i2401-P-570,i2401-P-570,19.7,0.0,0.0,0.0,20,19.4,19.9,40,18.8,19.8,19.8,19.2,100.0,196300.0,328
2023-05-09 21:41:13,i2401-P-570,i2401-P-570,19.7,0.0,0.0,0.0,20,19.4,19.8,10,18.8,19.8,19.8,19.2,100.0,196300.0,328
2023-05-09 21:41:15,i2401-P-570,i2401-P-570,19.7,0.0,0.0,0.0,30,19.4,19.8,10,18.8,19.8,19.8,19.2,100.0,196300.0,328
2023-05-09 21:41:19,i2401-P-570,i2401-P-570,19.7,0.0,0.0,0.0,30,19.4,19.9,40,18.8,19.8,19.8,19.2,100.0,196300.0,328
2023-05-09 21:41:22,i2401-P-570,i2401-P-570,19.7,0.0,0.0,0.0,30,19.4,19.8,10,18.8,19.8,19.8,19.2,100.0,196300.0,328
2023-05-09 21:41:22,i2401-P-570,i2401-P-570,19.7,0.0,0.0,0.0,20,19.4,19.8,10,18.8,19.8,19.8,19.2,100.0,196300.0,328
2023-05-09 21:41:24,i2401-P-570,i2401-P-570,19.7,0.0,0.0,0.0,30,19.4,19.8,10,18.8,19.8,19.8,19.2,100.0,196300.0,328
2023-05-09 21:41:25,i2401-P-570,i2401-P-570,19.5,15.0,29250.0,15.0,4,19.5,19.8,14,18.8,19.8,19.8,19.2,115.0,225550.0,343
2023-05-09 21:41:26,i2401-P-570,i2401-P-570,19.5,0.0,0.0,0.0,24,19.5,19.8,14,18.8,19.8,19.8,19.2,115.0,225550.0,343
2023-05-09 21:41:42,i2401-P-570,i2401-P-570,19.5,0.0,0.0,0.0,14,19.5,19.8,14,18.8,19.8,19.8,19.2,115.0,225550.0,343
2023-05-09 21:41:44,i2401-P-570,i2401-P-570,19.5,0.0,0.0,0.0,10,19.5,19.8,14,18.8,19.8,19.8,19.2,115.0,225550.0,343
2023-05-09 21:41:47,i2401-P-570,i2401-P-570,19.5,0.0,0.0,0.0,20,19.5,19.8,14,18.8,19.8,19.8,19.2,115.0,225550.0,343
2023-05-09 21:41:50,i2401-P-570,i2401-P-570,19.5,0.0,0.0,0.0,10,19.5,19.8,14,18.8,19.8,19.8,19.2,115.0,225550.0,343
2023-05-09 21:41:51,i2401-P-570,i2401-P-570,19.5,0.0,0.0,0.0,20,19.5,19.8,14,18.8,19.8,19.8,19.2,115.0,225550.0,343
2023-05-09 21:41:51,i2401-P-570,i2401-P-570,19.5,0.0,0.0,0.0,10,19.5,19.8,14,18.8,19.8,19.8,19.2,115.0,225550.0,343
2023-05-09 21:41:55,i2401-P-570,i2401-P-570,19.5,0.0,0.0,0.0,20,19.5,19.8,14,18.8,19.8,19.8,19.2,115.0,225550.0,343
2023-05-09 21:41:55,i2401-P-570,i2401-P-570,19.5,0.0,0.0,0.0,20,19.5,19.8,4,18.8,19.8,19.8,19.2,115.0,225550.0,343
2023-05-09 21:41:59,i2401-P-570,i2401-P-570,19.5,0.0,0.0,0.0,20,19.5,19.6,15,18.8,19.8,19.8,19.2,115.0,225550.0,343
2023-05-09 21:42:03,i2401-P-570,i2401-P-570,19.5,15.0,29250.0,0.0,4,19.5,19.6,25,18.8,19.8,19.8,19.2,130.0,254800.0,343
2023-05-09 21:42:04,i2401-P-570,i2401-P-570,19.5,0.0,0.0,0.0,14,19.5,19.6,25,18.8,19.8,19.8,19.2,130.0,254800.0,343
2023-05-09 21:42:05,i2401-P-570,i2401-P-570,19.5,14.0,27300.0,0.0,14,19.4,19.5,1,18.8,19.8,19.8,19.2,144.0,282100.0,343
2023-05-09 21:42:05,i2401-P-570,i2401-P-570,19.5,1.0,1950.0,1.0,14,19.4,19.6,25,18.8,19.8,19.8,19.2,145.0,284050.0,344
2023-05-09 21:42:06,i2401-P-570,i2401-P-570,19.5,0.0,0.0,0.0,24,19.4,19.6,25,18.8,19.8,19.8,19.2,145.0,284050.0,344
2023-05-09 21:42:08,i2401-P-570,i2401-P-570,19.5,0.0,0.0,0.0,34,19.4,19.6,15,18.8,19.8,19.8,19.2,145.0,284050.0,344
2023-05-09 21:42:09,i2401-P-570,i2401-P-570,19.5,0.0,0.0,0.0,34,19.4,19.7,4,18.8,19.8,19.8,19.2,145.0,284050.0,344
2023-05-09 21:42:20,i2401-P-570,i2401-P-570,19.5,0.0,0.0,0.0,10,19.5,19.8,4,18.8,19.8,19.8,19.2,145.0,284050.0,344
2023-05-09 21:42:20,i2401-P-570,i2401-P-570,19.5,0.0,0.0,0.0,20,19.5,19.8,4,18.8,19.8,19.8,19.2,145.0,284050.0,344
2023-05-09 21:42:22,i2401-P-570,i2401-P-570,19.5,0.0,0.0,0.0,30,19.5,19.8,4,18.8,19.8,19.8,19.2,145.0,284050.0,344
2023-05-09 21:42:25,i2401-P-570,i2401-P-570,19.5,0.0,0.0,0.0,20,19.6,19.8,4,18.8,19.8,19.8,19.2,145.0,284050.0,344
2023-05-09 21:42:26,i2401-P-570,i2401-P-570,19.5,0.0,0.0,0.0,20,19.6,20.0,20,18.8,19.8,19.8,19.2,145.0,284050.0,344
2023-05-09 21:42:28,i2401-P-570,i2401-P-570,19.5,0.0,0.0,0.0,10,19.6,20.0,20,18.8,19.8,19.8,19.2,145.0,284050.0,344
2023-05-09 21:42:29,i2401-P-570,i2401-P-570,19.5,0.0,0.0,0.0,20,19.6,20.0,20,18.8,19.8,19.8,19.2,145.0,284050.0,344
2023-05-09 21:42:30,i2401-P-570,i2401-P-570,19.5,0.0,0.0,0.0,10,19.6,20.0,20,18.8,19.8,19.8,19.2,145.0,284050.0,344
2023-05-09 21:42:30,i2401-P-570,i2401-P-570,19.5,0.0,0.0,0.0,20,19.6,20.0,20,18.8,19.8,19.8,19.2,145.0,284050.0,344
2023-05-09 21:42:34,i2401-P-570,i2401-P-570,19.5,0.0,0.0,0.0,10,19.6,20.0,20,18.8,19.8,19.8,19.2,145.0,284050.0,344
2023-05-09 21:42:34,i2401-P-570,i2401-P-570,19.5,0.0,0.0,0.0,30,19.5,20.0,20,18.8,19.8,19.8,19.2,145.0,284050.0,344
2023-05-09 21:42:36,i2401-P-570,i2401-P-570,19.5,0.0,0.0,0.0,10,19.6,20.0,10,18.8,19.8,19.8,19.2,145.0,284050.0,344
2023-05-09 21:42:38,i2401-P-570,i2401-P-570,19.5,0.0,0.0,0.0,30,19.6,20.0,10,18.8,19.8,19.8,19.2,145.0,284050.0,344
2023-05-09 21:42:38,i2401-P-570,i2401-P-570,19.5,0.0,0.0,0.0,20,19.6,20.0,10,18.8,19.8,19.8,19.2,145.0,284050.0,344
2023-05-09 21:42:43,i2401-P-570,i2401-P-570,19.5,0.0,0.0,0.0,20,19.5,19.9,10,18.8,19.8,19.8,19.2,145.0,284050.0,344
2023-05-09 21:42:45,i2401-P-570,i2401-P-570,19.5,0.0,0.0,0.0,30,19.5,19.9,10,18.8,19.8,19.8,19.2,145.0,284050.0,344
2023-05-09 21:42:48,i2401-P-570,i2401-P-570,19.5,0.0,0.0,0.0,30,19.5,19.7,20,18.8,19.8,19.8,19.2,145.0,284050.0,344
2023-05-09 21:42:55,i2401-P-570,i2401-P-570,19.5,0.0,0.0,0.0,30,19.5,19.6,5,18.8,19.8,19.8,19.2,145.0,284050.0,344
2023-05-09 21:42:55,i2401-P-570,i2401-P-570,19.6,5.0,9800.0,5.0,30,19.5,19.8,4,18.8,19.8,19.8,19.2,150.0,293850.0,349
2023-05-09 21:42:58,i2401-P-570,i2401-P-570,19.6,0.0,0.0,0.0,30,19.6,19.8,4,18.8,19.8,19.8,19.2,150.0,293850.0,349
2023-05-09 21:42:59,i2401-P-570,i2401-P-570,19.6,0.0,0.0,0.0,20,19.6,19.8,4,18.8,19.8,19.8,19.2,150.0,293850.0,349
2023-05-09 21:43:01,i2401-P-570,i2401-P-570,19.6,0.0,0.0,0.0,10,19.5,19.8,4,18.8,19.8,19.8,19.2,150.0,293850.0,349
2023-05-09 21:43:01,i2401-P-570,i2401-P-570,19.6,0.0,0.0,0.0,50,19.4,19.8,4,18.8,19.8,19.8,19.2,150.0,293850.0,349
2023-05-09 21:43:04,i2401-P-570,i2401-P-570,19.6,0.0,0.0,0.0,50,19.4,19.6,5,18.8,19.8,19.8,19.2,150.0,293850.0,349
2023-05-09 21:43:07,i2401-P-570,i2401-P-570,19.5,5.0,9750.0,5.0,4,19.5,19.6,5,18.8,19.8,19.8,19.2,155.0,303600.0,354
2023-05-09 21:43:13,i2401-P-570,i2401-P-570,19.5,4.0,7800.0,0.0,40,19.4,19.5,1,18.8,19.8,19.8,19.2,159.0,311400.0,354
2023-05-09 21:43:14,i2401-P-570,i2401-P-570,19.5,1.0,1950.0,1.0,44,19.4,19.6,5,18.8,19.8,19.8,19.2,160.0,313350.0,355
2023-05-09 21:43:16,i2401-P-570,i2401-P-570,19.5,5.0,9750.0,5.0,4,19.5,19.6,5,18.8,19.8,19.8,19.2,165.0,323100.0,360
2023-05-09 21:43:18,i2401-P-570,i2401-P-570,19.5,0.0,0.0,0.0,4,19.5,19.7,4,18.8,19.8,19.8,19.2,165.0,323100.0,360
2023-05-09 21:43:27,i2401-P-570,i2401-P-570,19.5,0.0,0.0,0.0,24,19.5,19.7,4,18.8,19.8,19.8,19.2,165.0,323100.0,360
2023-05-09 21:43:27,i2401-P-570,i2401-P-570,19.5,0.0,0.0,0.0,34,19.5,19.7,4,18.8,19.8,19.8,19.2,165.0,323100.0,360
2023-05-09 21:43:51,i2401-P-570,i2401-P-570,19.5,0.0,0.0,0.0,24,19.5,19.7,4,18.8,19.8,19.8,19.2,165.0,323100.0,360
2023-05-09 21:43:55,i2401-P-570,i2401-P-570,19.5,0.0,0.0,0.0,34,19.5,19.7,4,18.8,19.8,19.8,19.2,165.0,323100.0,360
2023-05-09 21:44:03,i2401-P-570,i2401-P-570,19.5,0.0,0.0,0.0,24,19.5,19.7,4,18.8,19.8,19.8,19.2,165.0,323100.0,360
2023-05-09 21:44:04,i2401-P-570,i2401-P-570,19.5,0.0,0.0,0.0,20,19.5,19.7,4,18.8,19.8,19.8,19.2,165.0,323100.0,360
2023-05-09 21:44:04,i2401-P-570,i2401-P-570,19.5,0.0,0.0,0.0,10,19.5,19.7,4,18.8,19.8,19.8,19.2,165.0,323100.0,360
2023-05-09 21:44:05,i2401-P-570,i2401-P-570,19.5,0.0,0.0,0.0,34,19.4,19.7,4,18.8,19.8,19.8,19.2,165.0,323100.0,360
2023-05-09 21:44:09,i2401-P-570,i2401-P-570,19.5,0.0,0.0,0.0,10,19.5,19.7,4,18.8,19.8,19.8,19.2,165.0,323100.0,360
2023-05-09 21:44:09,i2401-P-570,i2401-P-570,19.5,0.0,0.0,0.0,30,19.5,19.7,4,18.8,19.8,19.8,19.2,165.0,323100.0,360
2023-05-09 21:44:17,i2401-P-570,i2401-P-570,19.5,0.0,0.0,0.0,30,19.5,19.8,4,18.8,19.8,19.8,19.2,165.0,323100.0,360
2023-05-09 21:45:17,i2401-P-570,i2401-P-570,19.5,0.0,0.0,0.0,10,19.6,19.9,4,18.8,19.8,19.8,19.2,165.0,323100.0,360
2023-05-09 21:45:18,i2401-P-570,i2401-P-570,19.5,0.0,0.0,0.0,20,19.6,19.9,4,18.8,19.8,19.8,19.2,165.0,323100.0,360
2023-05-09 21:45:19,i2401-P-570,i2401-P-570,19.5,0.0,0.0,0.0,30,19.6,19.9,4,18.8,19.8,19.8,19.2,165.0,323100.0,360
2023-05-09 21:45:37,i2401-P-570,i2401-P-570,19.5,0.0,0.0,0.0,20,19.6,19.9,4,18.8,19.8,19.8,19.2,165.0,323100.0,360
2023-05-09 21:45:38,i2401-P-570,i2401-P-570,19.5,0.0,0.0,0.0,30,19.5,19.9,14,18.8,19.8,19.8,19.2,165.0,323100.0,360
2023-05-09 21:45:40,i2401-P-570,i2401-P-570,19.5,0.0,0.0,0.0,40,19.5,19.9,14,18.8,19.8,19.8,19.2,165.0,323100.0,360
2023-05-09 21:45:54,i2401-P-570,i2401-P-570,19.5,0.0,0.0,0.0,40,19.5,19.9,4,18.8,19.8,19.8,19.2,165.0,323100.0,360
2023-05-09 21:46:00,i2401-P-570,i2401-P-570,19.5,0.0,0.0,0.0,30,19.6,19.9,4,18.8,19.8,19.8,19.2,165.0,323100.0,360
2023-05-09 21:46:03,i2401-P-570,i2401-P-570,19.5,0.0,0.0,0.0,20,19.6,19.9,4,18.8,19.8,19.8,19.2,165.0,323100.0,360
2023-05-09 21:46:06,i2401-P-570,i2401-P-570,19.5,0.0,0.0,0.0,10,19.6,19.9,4,18.8,19.8,19.8,19.2,165.0,323100.0,360
2023-05-09 21:46:07,i2401-P-570,i2401-P-570,19.5,0.0,0.0,0.0,20,19.6,19.9,4,18.8,19.8,19.8,19.2,165.0,323100.0,360
2023-05-09 21:46:09,i2401-P-570,i2401-P-570,19.5,0.0,0.0,0.0,30,19.5,19.9,4,18.8,19.8,19.8,19.2,165.0,323100.0,360
2023-05-09 21:46:11,i2401-P-570,i2401-P-570,19.5,0.0,0.0,0.0,40,19.5,19.9,4,18.8,19.8,19.8,19.2,165.0,323100.0,360
2023-05-09 21:46:38,i2401-P-570,i2401-P-570,19.5,0.0,0.0,0.0,20,19.5,19.9,14,18.8,19.8,19.8,19.2,165.0,323100.0,360
2023-05-09 21:46:40,i2401-P-570,i2401-P-570,19.5,0.0,0.0,0.0,20,19.5,19.8,10,18.8,19.8,19.8,19.2,165.0,323100.0,360
2023-05-09 21:46:44,i2401-P-570,i2401-P-570,19.5,0.0,0.0,0.0,20,19.5,19.9,14,18.8,19.8,19.8,19.2,165.0,323100.0,360
2023-05-09 21:46:45,i2401-P-570,i2401-P-570,19.5,0.0,0.0,0.0,20,19.5,19.8,10,18.8,19.8,19.8,19.2,165.0,323100.0,360
2023-05-09 21:46:46,i2401-P-570,i2401-P-570,19.5,0.0,0.0,0.0,20,19.5,19.9,14,18.8,19.8,19.8,19.2,165.0,323100.0,360
2023-05-09 21:46:58,i2401-P-570,i2401-P-570,19.5,0.0,0.0,0.0,20,19.5,19.8,10,18.8,19.8,19.8,19.2,165.0,323100.0,360
2023-05-09 21:47:00,i2401-P-570,i2401-P-570,19.5,0.0,0.0,0.0,20,19.5,19.9,14,18.8,19.8,19.8,19.2,165.0,323100.0,360
2023-05-09 21:47:02,i2401-P-570,i2401-P-570,19.5,0.0,0.0,0.0,24,19.4,19.8,10,18.8,19.8,19.8,19.2,165.0,323100.0,360
2023-05-09 21:47:06,i2401-P-570,i2401-P-570,19.5,0.0,0.0,0.0,34,19.4,19.8,10,18.8,19.8,19.8,19.2,165.0,323100.0,360
2023-05-09 21:47:16,i2401-P-570,i2401-P-570,19.5,0.0,0.0,0.0,34,19.4,19.9,24,18.8,19.8,19.8,19.2,165.0,323100.0,360
2023-05-09 21:47:19,i2401-P-570,i2401-P-570,19.5,0.0,0.0,0.0,34,19.4,19.8,10,18.8,19.8,19.8,19.2,165.0,323100.0,360
2023-05-09 21:47:24,i2401-P-570,i2401-P-570,19.5,0.0,0.0,0.0,24,19.4,19.8,10,18.8,19.8,19.8,19.2,165.0,323100.0,360
2023-05-09 21:47:25,i2401-P-570,i2401-P-570,19.5,0.0,0.0,0.0,34,19.4,19.8,10,18.8,19.8,19.8,19.2,165.0,323100.0,360
2023-05-09 21:47:38,i2401-P-570,i2401-P-570,19.5,0.0,0.0,0.0,24,19.4,19.8,10,18.8,19.8,19.8,19.2,165.0,323100.0,360
2023-05-09 21:47:39,i2401-P-570,i2401-P-570,19.5,0.0,0.0,0.0,24,19.4,19.7,10,18.8,19.8,19.8,19.2,165.0,323100.0,360
2023-05-09 21:47:40,i2401-P-570,i2401-P-570,19.5,0.0,0.0,0.0,20,19.4,19.7,10,18.8,19.8,19.8,19.2,165.0,323100.0,360
2023-05-09 21:47:41,i2401-P-570,i2401-P-570,19.5,0.0,0.0,0.0,34,19.3,19.7,10,18.8,19.8,19.8,19.2,165.0,323100.0,360
2023-05-09 21:47:43,i2401-P-570,i2401-P-570,19.5,0.0,0.0,0.0,44,19.3,19.7,10,18.8,19.8,19.8,19.2,165.0,323100.0,360
2023-05-09 21:47:52,i2401-P-570,i2401-P-570,19.5,0.0,0.0,0.0,24,19.3,19.7,10,18.8,19.8,19.8,19.2,165.0,323100.0,360
2023-05-09 21:47:55,i2401-P-570,i2401-P-570,19.5,0.0,0.0,0.0,34,19.3,19.7,10,18.8,19.8,19.8,19.2,165.0,323100.0,360
2023-05-09 21:47:57,i2401-P-570,i2401-P-570,19.5,0.0,0.0,0.0,24,19.3,19.7,10,18.8,19.8,19.8,19.2,165.0,323100.0,360
2023-05-09 21:48:02,i2401-P-570,i2401-P-570,19.5,0.0,0.0,0.0,24,19.3,19.6,10,18.8,19.8,19.8,19.2,165.0,323100.0,360
2023-05-09 21:48:06,i2401-P-570,i2401-P-570,19.5,0.0,0.0,0.0,24,19.3,19.7,10,18.8,19.8,19.8,19.2,165.0,323100.0,360
2023-05-09 21:48:07,i2401-P-570,i2401-P-570,19.5,0.0,0.0,0.0,24,19.3,19.6,10,18.8,19.8,19.8,19.2,165.0,323100.0,360
2023-05-09 21:48:29,i2401-P-570,i2401-P-570,19.5,0.0,0.0,0.0,24,19.3,19.7,10,18.8,19.8,19.8,19.2,165.0,323100.0,360
2023-05-09 21:48:34,i2401-P-570,i2401-P-570,19.5,0.0,0.0,0.0,24,19.3,19.6,10,18.8,19.8,19.8,19.2,165.0,323100.0,360
2023-05-09 21:49:01,i2401-P-570,i2401-P-570,19.5,0.0,0.0,0.0,24,19.3,19.7,10,18.8,19.8,19.8,19.2,165.0,323100.0,360
2023-05-09 21:49:18,i2401-P-570,i2401-P-570,19.5,0.0,0.0,0.0,24,19.3,19.6,10,18.8,19.8,19.8,19.2,165.0,323100.0,360
2023-05-09 21:49:21,i2401-P-570,i2401-P-570,19.5,0.0,0.0,0.0,14,19.3,19.6,10,18.8,19.8,19.8,19.2,165.0,323100.0,360
2023-05-09 21:49:22,i2401-P-570,i2401-P-570,19.5,0.0,0.0,0.0,50,19.2,19.6,10,18.8,19.8,19.8,19.2,165.0,323100.0,360
2023-05-09 21:49:24,i2401-P-570,i2401-P-570,19.5,0.0,0.0,0.0,30,19.2,19.6,10,18.8,19.8,19.8,19.2,165.0,323100.0,360
2023-05-09 21:49:25,i2401-P-570,i2401-P-570,19.5,0.0,0.0,0.0,40,19.2,19.6,10,18.8,19.8,19.8,19.2,165.0,323100.0,360
2023-05-09 21:49:26,i2401-P-570,i2401-P-570,19.5,0.0,0.0,0.0,30,19.2,19.6,10,18.8,19.8,19.8,19.2,165.0,323100.0,360
2023-05-09 21:49:27,i2401-P-570,i2401-P-570,19.5,0.0,0.0,0.0,10,19.2,19.5,10,18.8,19.8,19.8,19.2,165.0,323100.0,360
2023-05-09 21:49:31,i2401-P-570,i2401-P-570,19.5,0.0,0.0,0.0,10,19.2,19.6,10,18.8,19.8,19.8,19.2,165.0,323100.0,360
2023-05-09 21:49:32,i2401-P-570,i2401-P-570,19.5,0.0,0.0,0.0,20,19.2,19.6,10,18.8,19.8,19.8,19.2,165.0,323100.0,360
2023-05-09 21:49:36,i2401-P-570,i2401-P-570,19.5,0.0,0.0,0.0,10,19.2,19.6,10,18.8,19.8,19.8,19.2,165.0,323100.0,360
2023-05-09 21:49:36,i2401-P-570,i2401-P-570,19.5,0.0,0.0,0.0,20,19.2,19.6,10,18.8,19.8,19.8,19.2,165.0,323100.0,360
2023-05-09 21:49:43,i2401-P-570,i2401-P-570,19.5,0.0,0.0,0.0,10,19.2,19.6,10,18.8,19.8,19.8,19.2,165.0,323100.0,360
2023-05-09 21:49:43,i2401-P-570,i2401-P-570,19.5,0.0,0.0,0.0,20,19.2,19.6,10,18.8,19.8,19.8,19.2,165.0,323100.0,360
2023-05-09 21:49:47,i2401-P-570,i2401-P-570,19.5,0.0,0.0,0.0,10,19.2,19.6,10,18.8,19.8,19.8,19.2,165.0,323100.0,360
2023-05-09 21:49:51,i2401-P-570,i2401-P-570,19.5,0.0,0.0,0.0,20,19.2,19.6,10,18.8,19.8,19.8,19.2,165.0,323100.0,360
2023-05-09 21:49:52,i2401-P-570,i2401-P-570,19.5,0.0,0.0,0.0,30,19.2,19.6,10,18.8,19.8,19.8,19.2,165.0,323100.0,360
2023-05-09 21:49:55,i2401-P-570,i2401-P-570,19.5,0.0,0.0,0.0,20,19.2,19.6,10,18.8,19.8,19.8,19.2,165.0,323100.0,360
2023-05-09 21:49:57,i2401-P-570,i2401-P-570,19.5,0.0,0.0,0.0,30,19.1,19.5,10,18.8,19.8,19.8,19.2,165.0,323100.0,360
2023-05-09 21:49:59,i2401-P-570,i2401-P-570,19.5,0.0,0.0,0.0,20,19.1,19.6,20,18.8,19.8,19.8,19.2,165.0,323100.0,360
2023-05-09 21:49:59,i2401-P-570,i2401-P-570,19.5,0.0,0.0,0.0,10,19.2,19.6,20,18.8,19.8,19.8,19.2,165.0,323100.0,360
2023-05-09 21:50:00,i2401-P-570,i2401-P-570,19.5,0.0,0.0,0.0,20,19.1,19.5,10,18.8,19.8,19.8,19.2,165.0,323100.0,360
2023-05-09 21:50:01,i2401-P-570,i2401-P-570,19.5,0.0,0.0,0.0,20,19.1,19.5,20,18.8,19.8,19.8,19.2,165.0,323100.0,360
2023-05-09 21:50:01,i2401-P-570,i2401-P-570,19.5,0.0,0.0,0.0,20,19.1,19.6,30,18.8,19.8,19.8,19.2,165.0,323100.0,360
2023-05-09 21:50:02,i2401-P-570,i2401-P-570,19.5,0.0,0.0,0.0,10,19.2,19.6,30,18.8,19.8,19.8,19.2,165.0,323100.0,360
2023-05-09 21:50:02,i2401-P-570,i2401-P-570,19.5,0.0,0.0,0.0,30,19.1,19.6,30,18.8,19.8,19.8,19.2,165.0,323100.0,360
2023-05-09 21:50:04,i2401-P-570,i2401-P-570,19.5,0.0,0.0,0.0,30,19.1,19.5,10,18.8,19.8,19.8,19.2,165.0,323100.0,360
2023-05-09 21:50:05,i2401-P-570,i2401-P-570,19.5,0.0,0.0,0.0,30,19.1,19.6,30,18.8,19.8,19.8,19.2,165.0,323100.0,360
2023-05-09 21:50:06,i2401-P-570,i2401-P-570,19.5,0.0,0.0,0.0,30,19.1,19.5,10,18.8,19.8,19.8,19.2,165.0,323100.0,360
2023-05-09 21:50:08,i2401-P-570,i2401-P-570,19.5,0.0,0.0,0.0,20,19.1,19.5,10,18.8,19.8,19.8,19.2,165.0,323100.0,360
2023-05-09 21:50:13,i2401-P-570,i2401-P-570,19.5,0.0,0.0,0.0,10,19.1,19.5,20,18.8,19.8,19.8,19.2,165.0,323100.0,360
2023-05-09 21:50:14,i2401-P-570,i2401-P-570,19.5,0.0,0.0,0.0,40,19.0,19.5,20,18.8,19.8,19.8,19.2,165.0,323100.0,360
2023-05-09 21:50:14,i2401-P-570,i2401-P-570,19.5,0.0,0.0,0.0,50,19.0,19.5,20,18.8,19.8,19.8,19.2,165.0,323100.0,360
2023-05-09 21:50:16,i2401-P-570,i2401-P-570,19.5,0.0,0.0,0.0,10,19.1,19.5,10,18.8,19.8,19.8,19.2,165.0,323100.0,360
2023-05-09 21:50:18,i2401-P-570,i2401-P-570,19.5,0.0,0.0,0.0,20,19.1,19.5,20,18.8,19.8,19.8,19.2,165.0,323100.0,360
2023-05-09 21:50:19,i2401-P-570,i2401-P-570,19.5,0.0,0.0,0.0,50,19.0,19.5,20,18.8,19.8,19.8,19.2,165.0,323100.0,360
2023-05-09 21:50:34,i2401-P-570,i2401-P-570,19.5,0.0,0.0,0.0,30,19.0,19.4,10,18.8,19.8,19.8,19.2,165.0,323100.0,360
2023-05-09 21:50:36,i2401-P-570,i2401-P-570,19.5,0.0,0.0,0.0,40,19.0,19.4,10,18.8,19.8,19.8,19.2,165.0,323100.0,360
2023-05-09 21:50:47,i2401-P-570,i2401-P-570,19.5,0.0,0.0,0.0,40,19.0,19.5,20,18.8,19.8,19.8,19.2,165.0,323100.0,360
2023-05-09 21:50:47,i2401-P-570,i2401-P-570,19.5,0.0,0.0,0.0,40,19.0,19.4,10,18.8,19.8,19.8,19.2,165.0,323100.0,360
2023-05-09 21:50:49,i2401-P-570,i2401-P-570,19.5,0.0,0.0,0.0,40,19.0,19.5,20,18.8,19.8,19.8,19.2,165.0,323100.0,360
2023-05-09 21:50:54,i2401-P-570,i2401-P-570,19.5,0.0,0.0,0.0,10,19.1,19.5,20,18.8,19.8,19.8,19.2,165.0,323100.0,360
2023-05-09 21:50:56,i2401-P-570,i2401-P-570,19.5,0.0,0.0,0.0,20,19.1,19.5,20,18.8,19.8,19.8,19.2,165.0,323100.0,360
2023-05-09 21:51:05,i2401-P-570,i2401-P-570,19.5,0.0,0.0,0.0,30,19.0,19.4,10,18.8,19.8,19.8,19.2,165.0,323100.0,360
2023-05-09 21:51:06,i2401-P-570,i2401-P-570,19.5,0.0,0.0,0.0,40,19.0,19.4,10,18.8,19.8,19.8,19.2,165.0,323100.0,360
2023-05-09 21:51:07,i2401-P-570,i2401-P-570,19.5,0.0,0.0,0.0,40,19.0,19.5,20,18.8,19.8,19.8,19.2,165.0,323100.0,360
2023-05-09 21:51:11,i2401-P-570,i2401-P-570,19.5,0.0,0.0,0.0,40,19.0,19.4,10,18.8,19.8,19.8,19.2,165.0,323100.0,360
2023-05-09 21:51:13,i2401-P-570,i2401-P-570,19.5,0.0,0.0,0.0,40,19.0,19.5,20,18.8,19.8,19.8,19.2,165.0,323100.0,360
2023-05-09 21:52:03,i2401-P-570,i2401-P-570,19.5,0.0,0.0,0.0,10,19.1,19.5,20,18.8,19.8,19.8,19.2,165.0,323100.0,360
2023-05-09 21:52:05,i2401-P-570,i2401-P-570,19.5,0.0,0.0,0.0,20,19.1,19.5,20,18.8,19.8,19.8,19.2,165.0,323100.0,360
2023-05-09 21:52:23,i2401-P-570,i2401-P-570,19.5,0.0,0.0,0.0,10,19.1,19.5,20,18.8,19.8,19.8,19.2,165.0,323100.0,360
2023-05-09 21:52:23,i2401-P-570,i2401-P-570,19.5,0.0,0.0,0.0,50,19.0,19.5,20,18.8,19.8,19.8,19.2,165.0,323100.0,360
2023-05-09 21:52:35,i2401-P-570,i2401-P-570,19.5,0.0,0.0,0.0,10,19.1,19.5,20,18.8,19.8,19.8,19.2,165.0,323100.0,360
2023-05-09 21:52:39,i2401-P-570,i2401-P-570,19.5,0.0,0.0,0.0,50,19.0,19.5,20,18.8,19.8,19.8,19.2,165.0,323100.0,360
2023-05-09 21:52:42,i2401-P-570,i2401-P-570,19.5,0.0,0.0,0.0,20,19.1,19.5,20,18.8,19.8,19.8,19.2,165.0,323100.0,360
2023-05-09 21:53:38,i2401-P-570,i2401-P-570,19.5,0.0,0.0,0.0,50,19.0,19.5,20,18.8,19.8,19.8,19.2,165.0,323100.0,360
2023-05-09 21:53:38,i2401-P-570,i2401-P-570,19.5,0.0,0.0,0.0,10,19.1,19.5,20,18.8,19.8,19.8,19.2,165.0,323100.0,360
2023-05-09 21:53:38,i2401-P-570,i2401-P-570,19.5,0.0,0.0,0.0,20,19.1,19.5,20,18.8,19.8,19.8,19.2,165.0,323100.0,360
2023-05-09 21:53:39,i2401-P-570,i2401-P-570,19.5,0.0,0.0,0.0,10,19.1,19.5,20,18.8,19.8,19.8,19.2,165.0,323100.0,360
2023-05-09 21:53:39,i2401-P-570,i2401-P-570,19.5,0.0,0.0,0.0,50,19.0,19.5,20,18.8,19.8,19.8,19.2,165.0,323100.0,360
2023-05-09 21:53:40,i2401-P-570,i2401-P-570,19.5,0.0,0.0,0.0,10,19.1,19.5,20,18.8,19.8,19.8,19.2,165.0,323100.0,360
2023-05-09 21:54:01,i2401-P-570,i2401-P-570,19.5,0.0,0.0,0.0,50,19.0,19.5,20,18.8,19.8,19.8,19.2,165.0,323100.0,360
2023-05-09 21:54:02,i2401-P-570,i2401-P-570,19.5,0.0,0.0,0.0,40,19.0,19.5,20,18.8,19.8,19.8,19.2,165.0,323100.0,360
2023-05-09 21:54:06,i2401-P-570,i2401-P-570,19.5,0.0,0.0,0.0,50,19.0,19.5,20,18.8,19.8,19.8,19.2,165.0,323100.0,360
2023-05-09 21:54:07,i2401-P-570,i2401-P-570,19.5,0.0,0.0,0.0,40,19.0,19.5,20,18.8,19.8,19.8,19.2,165.0,323100.0,360
2023-05-09 21:54:11,i2401-P-570,i2401-P-570,19.5,0.0,0.0,0.0,40,19.0,19.4,10,18.8,19.8,19.8,19.2,165.0,323100.0,360
2023-05-09 21:54:48,i2401-P-570,i2401-P-570,19.5,0.0,0.0,0.0,40,19.0,19.4,20,18.8,19.8,19.8,19.2,165.0,323100.0,360
2023-05-09 21:55:01,i2401-P-570,i2401-P-570,19.5,0.0,0.0,0.0,20,19.0,19.4,20,18.8,19.8,19.8,19.2,165.0,323100.0,360
2023-05-09 21:55:04,i2401-P-570,i2401-P-570,19.5,0.0,0.0,0.0,10,19.0,19.4,20,18.8,19.8,19.8,19.2,165.0,323100.0,360
2023-05-09 21:55:06,i2401-P-570,i2401-P-570,19.5,0.0,0.0,0.0,20,19.0,19.4,20,18.8,19.8,19.8,19.2,165.0,323100.0,360
2023-05-09 21:55:07,i2401-P-570,i2401-P-570,19.5,0.0,0.0,0.0,30,19.0,19.4,20,18.8,19.8,19.8,19.2,165.0,323100.0,360
2023-05-09 21:55:21,i2401-P-570,i2401-P-570,19.5,0.0,0.0,0.0,30,19.0,19.4,10,18.8,19.8,19.8,19.2,165.0,323100.0,360
2023-05-09 21:55:21,i2401-P-570,i2401-P-570,19.5,0.0,0.0,0.0,30,19.0,19.5,40,18.8,19.8,19.8,19.2,165.0,323100.0,360
2023-05-09 21:55:22,i2401-P-570,i2401-P-570,19.5,0.0,0.0,0.0,30,19.0,19.4,10,18.8,19.8,19.8,19.2,165.0,323100.0,360
2023-05-09 21:55:24,i2401-P-570,i2401-P-570,19.5,0.0,0.0,0.0,30,19.0,19.5,40,18.8,19.8,19.8,19.2,165.0,323100.0,360
2023-05-09 21:55:25,i2401-P-570,i2401-P-570,19.5,0.0,0.0,0.0,30,19.0,19.4,10,18.8,19.8,19.8,19.2,165.0,323100.0,360
2023-05-09 21:55:27,i2401-P-570,i2401-P-570,19.5,0.0,0.0,0.0,20,19.0,19.4,20,18.8,19.8,19.8,19.2,165.0,323100.0,360
2023-05-09 21:55:27,i2401-P-570,i2401-P-570,19.5,0.0,0.0,0.0,10,19.0,19.4,20,18.8,19.8,19.8,19.2,165.0,323100.0,360
2023-05-09 21:55:31,i2401-P-570,i2401-P-570,19.5,0.0,0.0,0.0,20,19.0,19.4,20,18.8,19.8,19.8,19.2,165.0,323100.0,360
2023-05-09 21:55:32,i2401-P-570,i2401-P-570,19.5,0.0,0.0,0.0,20,19.0,19.3,10,18.8,19.8,19.8,19.2,165.0,323100.0,360
2023-05-09 21:55:33,i2401-P-570,i2401-P-570,19.5,0.0,0.0,0.0,20,19.0,19.4,20,18.8,19.8,19.8,19.2,165.0,323100.0,360
2023-05-09 21:55:34,i2401-P-570,i2401-P-570,19.5,0.0,0.0,0.0,20,19.0,19.3,10,18.8,19.8,19.8,19.2,165.0,323100.0,360
2023-05-09 21:55:41,i2401-P-570,i2401-P-570,19.5,0.0,0.0,0.0,20,19.0,19.4,20,18.8,19.8,19.8,19.2,165.0,323100.0,360
2023-05-09 21:55:44,i2401-P-570,i2401-P-570,19.5,0.0,0.0,0.0,30,19.0,19.4,10,18.8,19.8,19.8,19.2,165.0,323100.0,360
2023-05-09 21:55:46,i2401-P-570,i2401-P-570,19.5,0.0,0.0,0.0,30,19.0,19.4,20,18.8,19.8,19.8,19.2,165.0,323100.0,360
2023-05-09 21:55:49,i2401-P-570,i2401-P-570,19.5,0.0,0.0,0.0,30,19.0,19.4,10,18.8,19.8,19.8,19.2,165.0,323100.0,360
2023-05-09 21:55:54,i2401-P-570,i2401-P-570,19.5,0.0,0.0,0.0,20,19.0,19.4,10,18.8,19.8,19.8,19.2,165.0,323100.0,360
2023-05-09 21:55:56,i2401-P-570,i2401-P-570,19.5,0.0,0.0,0.0,20,19.0,19.4,20,18.8,19.8,19.8,19.2,165.0,323100.0,360
2023-05-09 21:55:58,i2401-P-570,i2401-P-570,19.5,0.0,0.0,0.0,20,19.0,19.4,10,18.8,19.8,19.8,19.2,165.0,323100.0,360
2023-05-09 21:56:01,i2401-P-570,i2401-P-570,19.5,0.0,0.0,0.0,30,19.0,19.4,10,18.8,19.8,19.8,19.2,165.0,323100.0,360
2023-05-09 21:56:40,i2401-P-570,i2401-P-570,19.5,0.0,0.0,0.0,50,19.0,19.5,30,18.8,19.8,19.8,19.2,165.0,323100.0,360
2023-05-09 21:56:41,i2401-P-570,i2401-P-570,19.5,0.0,0.0,0.0,10,19.1,19.5,30,18.8,19.8,19.8,19.2,165.0,323100.0,360
2023-05-09 21:56:41,i2401-P-570,i2401-P-570,19.5,0.0,0.0,0.0,40,19.0,19.5,30,18.8,19.8,19.8,19.2,165.0,323100.0,360
2023-05-09 21:56:42,i2401-P-570,i2401-P-570,19.5,0.0,0.0,0.0,20,19.1,19.5,30,18.8,19.8,19.8,19.2,165.0,323100.0,360
2023-05-09 21:56:48,i2401-P-570,i2401-P-570,19.5,0.0,0.0,0.0,10,19.1,19.5,30,18.8,19.8,19.8,19.2,165.0,323100.0,360
2023-05-09 21:56:49,i2401-P-570,i2401-P-570,19.5,0.0,0.0,0.0,20,19.1,19.5,30,18.8,19.8,19.8,19.2,165.0,323100.0,360
2023-05-09 21:56:57,i2401-P-570,i2401-P-570,19.5,0.0,0.0,0.0,10,19.1,19.5,30,18.8,19.8,19.8,19.2,165.0,323100.0,360
2023-05-09 21:57:11,i2401-P-570,i2401-P-570,19.5,0.0,0.0,0.0,20,19.1,19.5,30,18.8,19.8,19.8,19.2,165.0,323100.0,360
2023-05-09 21:57:14,i2401-P-570,i2401-P-570,19.5,0.0,0.0,0.0,10,19.1,19.5,30,18.8,19.8,19.8,19.2,165.0,323100.0,360
2023-05-09 21:57:14,i2401-P-570,i2401-P-570,19.5,0.0,0.0,0.0,20,19.1,19.5,30,18.8,19.8,19.8,19.2,165.0,323100.0,360
2023-05-09 21:57:15,i2401-P-570,i2401-P-570,19.5,0.0,0.0,0.0,10,19.1,19.5,30,18.8,19.8,19.8,19.2,165.0,323100.0,360
2023-05-09 21:57:16,i2401-P-570,i2401-P-570,19.5,0.0,0.0,0.0,40,19.0,19.5,30,18.8,19.8,19.8,19.2,165.0,323100.0,360
2023-05-09 21:57:16,i2401-P-570,i2401-P-570,19.5,0.0,0.0,0.0,30,19.0,19.4,20,18.8,19.8,19.8,19.2,165.0,323100.0,360
2023-05-09 21:57:16,i2401-P-570,i2401-P-570,19.5,0.0,0.0,0.0,30,19.0,19.4,10,18.8,19.8,19.8,19.2,165.0,323100.0,360
2023-05-09 21:57:17,i2401-P-570,i2401-P-570,19.5,0.0,0.0,0.0,30,19.0,19.4,20,18.8,19.8,19.8,19.2,165.0,323100.0,360
2023-05-09 21:57:18,i2401-P-570,i2401-P-570,19.5,0.0,0.0,0.0,40,19.0,19.4,20,18.8,19.8,19.8,19.2,165.0,323100.0,360
2023-05-09 21:57:19,i2401-P-570,i2401-P-570,19.5,0.0,0.0,0.0,40,19.0,19.4,10,18.8,19.8,19.8,19.2,165.0,323100.0,360
2023-05-09 21:57:21,i2401-P-570,i2401-P-570,19.5,0.0,0.0,0.0,30,19.0,19.4,20,18.8,19.8,19.8,19.2,165.0,323100.0,360
2023-05-09 21:57:23,i2401-P-570,i2401-P-570,19.5,0.0,0.0,0.0,30,19.0,19.4,10,18.8,19.8,19.8,19.2,165.0,323100.0,360
2023-05-09 21:57:23,i2401-P-570,i2401-P-570,19.5,0.0,0.0,0.0,40,19.0,19.4,10,18.8,19.8,19.8,19.2,165.0,323100.0,360
2023-05-09 21:57:25,i2401-P-570,i2401-P-570,19.5,0.0,0.0,0.0,30,19.0,19.4,10,18.8,19.8,19.8,19.2,165.0,323100.0,360
2023-05-09 21:57:25,i2401-P-570,i2401-P-570,19.5,0.0,0.0,0.0,40,19.0,19.4,20,18.8,19.8,19.8,19.2,165.0,323100.0,360
2023-05-09 21:57:35,i2401-P-570,i2401-P-570,19.5,0.0,0.0,0.0,40,19.0,19.4,10,18.8,19.8,19.8,19.2,165.0,323100.0,360
2023-05-09 21:57:39,i2401-P-570,i2401-P-570,19.5,0.0,0.0,0.0,30,19.0,19.4,10,18.8,19.8,19.8,19.2,165.0,323100.0,360
2023-05-09 21:57:44,i2401-P-570,i2401-P-570,19.5,0.0,0.0,0.0,20,19.0,19.4,10,18.8,19.8,19.8,19.2,165.0,323100.0,360
2023-05-09 21:57:49,i2401-P-570,i2401-P-570,19.5,0.0,0.0,0.0,10,19.0,19.4,10,18.8,19.8,19.8,19.2,165.0,323100.0,360
2023-05-09 21:57:49,i2401-P-570,i2401-P-570,19.5,0.0,0.0,0.0,20,19.0,19.4,10,18.8,19.8,19.8,19.2,165.0,323100.0,360
2023-05-09 21:57:50,i2401-P-570,i2401-P-570,19.5,0.0,0.0,0.0,30,19.0,19.4,10,18.8,19.8,19.8,19.2,165.0,323100.0,360
2023-05-09 21:57:51,i2401-P-570,i2401-P-570,19.5,0.0,0.0,0.0,20,19.0,19.4,10,18.8,19.8,19.8,19.2,165.0,323100.0,360
2023-05-09 21:57:51,i2401-P-570,i2401-P-570,19.5,0.0,0.0,0.0,30,19.0,19.4,10,18.8,19.8,19.8,19.2,165.0,323100.0,360
2023-05-09 21:57:52,i2401-P-570,i2401-P-570,19.5,0.0,0.0,0.0,30,19.0,19.4,20,18.8,19.8,19.8,19.2,165.0,323100.0,360
2023-05-09 21:57:52,i2401-P-570,i2401-P-570,19.5,0.0,0.0,0.0,20,19.0,19.4,20,18.8,19.8,19.8,19.2,165.0,323100.0,360
2023-05-09 21:57:53,i2401-P-570,i2401-P-570,19.5,0.0,0.0,0.0,30,19.0,19.4,20,18.8,19.8,19.8,19.2,165.0,323100.0,360
2023-05-09 21:57:53,i2401-P-570,i2401-P-570,19.5,0.0,0.0,0.0,30,19.0,19.4,10,18.8,19.8,19.8,19.2,165.0,323100.0,360
2023-05-09 21:57:53,i2401-P-570,i2401-P-570,19.5,0.0,0.0,0.0,20,19.0,19.4,10,18.8,19.8,19.8,19.2,165.0,323100.0,360
2023-05-09 21:57:54,i2401-P-570,i2401-P-570,19.5,0.0,0.0,0.0,30,19.0,19.4,10,18.8,19.8,19.8,19.2,165.0,323100.0,360
2023-05-09 21:57:55,i2401-P-570,i2401-P-570,19.5,0.0,0.0,0.0,40,19.0,19.4,10,18.8,19.8,19.8,19.2,165.0,323100.0,360
2023-05-09 21:58:00,i2401-P-570,i2401-P-570,19.5,0.0,0.0,0.0,30,19.0,19.4,10,18.8,19.8,19.8,19.2,165.0,323100.0,360
2023-05-09 21:58:00,i2401-P-570,i2401-P-570,19.5,0.0,0.0,0.0,40,19.0,19.4,10,18.8,19.8,19.8,19.2,165.0,323100.0,360
2023-05-09 21:58:01,i2401-P-570,i2401-P-570,19.5,0.0,0.0,0.0,30,19.0,19.4,10,18.8,19.8,19.8,19.2,165.0,323100.0,360
2023-05-09 21:58:02,i2401-P-570,i2401-P-570,19.5,0.0,0.0,0.0,30,19.0,19.4,20,18.8,19.8,19.8,19.2,165.0,323100.0,360
2023-05-09 21:58:02,i2401-P-570,i2401-P-570,19.5,0.0,0.0,0.0,20,19.0,19.3,10,18.8,19.8,19.8,19.2,165.0,323100.0,360
2023-05-09 21:58:04,i2401-P-570,i2401-P-570,19.5,0.0,0.0,0.0,20,19.0,19.4,20,18.8,19.8,19.8,19.2,165.0,323100.0,360
2023-05-09 21:58:04,i2401-P-570,i2401-P-570,19.5,0.0,0.0,0.0,30,19.0,19.4,20,18.8,19.8,19.8,19.2,165.0,323100.0,360
2023-05-09 21:58:04,i2401-P-570,i2401-P-570,19.5,0.0,0.0,0.0,20,19.0,19.4,20,18.8,19.8,19.8,19.2,165.0,323100.0,360
2023-05-09 21:58:07,i2401-P-570,i2401-P-570,19.5,0.0,0.0,0.0,20,19.0,19.4,30,18.8,19.8,19.8,19.2,165.0,323100.0,360
2023-05-09 21:58:09,i2401-P-570,i2401-P-570,19.5,0.0,0.0,0.0,20,19.0,19.3,10,18.8,19.8,19.8,19.2,165.0,323100.0,360
2023-05-09 21:58:31,i2401-P-570,i2401-P-570,19.5,0.0,0.0,0.0,10,19.0,19.3,10,18.8,19.8,19.8,19.2,165.0,323100.0,360
2023-05-09 21:58:38,i2401-P-570,i2401-P-570,19.5,0.0,0.0,0.0,20,18.9,19.3,10,18.8,19.8,19.8,19.2,165.0,323100.0,360
2023-05-09 21:58:48,i2401-P-570,i2401-P-570,19.5,0.0,0.0,0.0,20,19.0,19.4,30,18.8,19.8,19.8,19.2,165.0,323100.0,360
2023-05-09 21:58:48,i2401-P-570,i2401-P-570,19.5,0.0,0.0,0.0,10,19.0,19.4,30,18.8,19.8,19.8,19.2,165.0,323100.0,360
2023-05-09 21:58:48,i2401-P-570,i2401-P-570,19.5,0.0,0.0,0.0,20,19.0,19.4,30,18.8,19.8,19.8,19.2,165.0,323100.0,360
2023-05-09 21:58:52,i2401-P-570,i2401-P-570,19.5,0.0,0.0,0.0,10,19.0,19.4,30,18.8,19.8,19.8,19.2,165.0,323100.0,360
2023-05-09 21:59:01,i2401-P-570,i2401-P-570,19.5,0.0,0.0,0.0,20,19.0,19.4,20,18.8,19.8,19.8,19.2,165.0,323100.0,360
2023-05-09 21:59:04,i2401-P-570,i2401-P-570,19.5,0.0,0.0,0.0,20,19.0,19.4,30,18.8,19.8,19.8,19.2,165.0,323100.0,360
2023-05-09 21:59:05,i2401-P-570,i2401-P-570,19.5,0.0,0.0,0.0,10,19.0,19.4,30,18.8,19.8,19.8,19.2,165.0,323100.0,360
2023-05-09 21:59:05,i2401-P-570,i2401-P-570,19.5,0.0,0.0,0.0,10,19.0,19.4,20,18.8,19.8,19.8,19.2,165.0,323100.0,360
2023-05-09 21:59:06,i2401-P-570,i2401-P-570,19.5,0.0,0.0,0.0,20,19.0,19.4,20,18.8,19.8,19.8,19.2,165.0,323100.0,360
2023-05-09 21:59:10,i2401-P-570,i2401-P-570,19.5,0.0,0.0,0.0,40,19.0,19.4,10,18.8,19.8,19.8,19.2,165.0,323100.0,360
2023-05-09 21:59:16,i2401-P-570,i2401-P-570,19.5,0.0,0.0,0.0,30,19.0,19.4,10,18.8,19.8,19.8,19.2,165.0,323100.0,360
2023-05-09 21:59:17,i2401-P-570,i2401-P-570,19.5,0.0,0.0,0.0,20,19.0,19.4,10,18.8,19.8,19.8,19.2,165.0,323100.0,360
