time,symbol_id,symbol_name,last,trade_volume,trade_amount,open_interest_change,bv1,bp1,ap1,av1,yesterday_close,today_open,today_high,today_low,volume,amount,open_interest
2023-05-09 21:01:13,i2404-P-540,i2404-P-540,17.0,0.0,0.0,0.0,1,1.2,0.0,0,17.0,19.5,0.0,0.0,0.0,0.0,91
2023-05-09 21:01:33,i2404-P-540,i2404-P-540,17.0,0.0,0.0,0.0,1,1.3,0.0,0,17.0,19.5,0.0,0.0,0.0,0.0,91
2023-05-09 21:02:42,i2404-P-540,i2404-P-540,17.0,0.0,0.0,0.0,1,1.4,0.0,0,17.0,19.5,0.0,0.0,0.0,0.0,91
2023-05-09 21:19:30,i2404-P-540,i2404-P-540,17.0,0.0,0.0,0.0,1,18.9,22.9,1,17.0,19.5,0.0,0.0,0.0,0.0,91
2023-05-09 21:19:31,i2404-P-540,i2404-P-540,17.0,0.0,0.0,0.0,2,18.9,22.9,2,17.0,19.5,0.0,0.0,0.0,0.0,91
2023-05-09 21:19:35,i2404-P-540,i2404-P-540,17.0,0.0,0.0,0.0,1,19.7,22.9,2,17.0,19.5,0.0,0.0,0.0,0.0,91
2023-05-09 21:19:37,i2404-P-540,i2404-P-540,17.0,0.0,0.0,0.0,1,19.7,22.9,3,17.0,19.5,0.0,0.0,0.0,0.0,91
2023-05-09 21:19:42,i2404-P-540,i2404-P-540,17.0,0.0,0.0,0.0,1,19.7,22.9,2,17.0,19.5,0.0,0.0,0.0,0.0,91
2023-05-09 21:19:43,i2404-P-540,i2404-P-540,17.0,0.0,0.0,0.0,1,19.7,22.9,1,17.0,19.5,0.0,0.0,0.0,0.0,91
2023-05-09 21:19:44,i2404-P-540,i2404-P-540,17.0,0.0,0.0,0.0,1,19.7,21.6,1,17.0,19.5,0.0,0.0,0.0,0.0,91
2023-05-09 21:19:46,i2404-P-540,i2404-P-540,17.0,0.0,0.0,0.0,1,19.5,21.6,1,17.0,19.5,0.0,0.0,0.0,0.0,91
2023-05-09 21:19:55,i2404-P-540,i2404-P-540,17.0,0.0,0.0,0.0,1,18.2,22.2,1,17.0,19.5,0.0,0.0,0.0,0.0,91
2023-05-09 21:20:00,i2404-P-540,i2404-P-540,17.0,0.0,0.0,0.0,1,1.3,0.0,0,17.0,19.5,0.0,0.0,0.0,0.0,91
2023-05-09 21:20:01,i2404-P-540,i2404-P-540,17.0,0.0,0.0,0.0,1,2.9,0.0,0,17.0,19.5,0.0,0.0,0.0,0.0,91
2023-05-09 21:59:12,i2404-P-540,i2404-P-540,17.0,0.0,0.0,0.0,1,3.9,0.0,0,17.0,19.5,0.0,0.0,0.0,0.0,91
2023-05-09 21:59:13,i2404-P-540,i2404-P-540,17.0,0.0,0.0,0.0,1,4.0,0.0,0,17.0,19.5,0.0,0.0,0.0,0.0,91
2023-05-09 22:15:13,i2404-P-540,i2404-P-540,17.0,0.0,0.0,0.0,1,19.0,23.0,1,17.0,19.5,0.0,0.0,0.0,0.0,91
2023-05-09 22:15:14,i2404-P-540,i2404-P-540,17.0,0.0,0.0,0.0,2,19.0,23.0,2,17.0,19.5,0.0,0.0,0.0,0.0,91
2023-05-09 22:15:18,i2404-P-540,i2404-P-540,17.0,0.0,0.0,0.0,1,19.6,23.0,2,17.0,19.5,0.0,0.0,0.0,0.0,91
2023-05-09 22:15:22,i2404-P-540,i2404-P-540,19.5,1.0,1950.0,0.0,1,19.4,23.0,2,17.0,19.5,19.5,19.5,1.0,1950.0,91
2023-05-09 22:15:22,i2404-P-540,i2404-P-540,19.5,0.0,0.0,0.0,2,19.0,23.0,2,17.0,19.5,19.5,19.5,1.0,1950.0,91
2023-05-09 22:15:25,i2404-P-540,i2404-P-540,19.5,0.0,0.0,0.0,1,19.0,23.0,1,17.0,19.5,19.5,19.5,1.0,1950.0,91
2023-05-09 22:15:26,i2404-P-540,i2404-P-540,19.5,0.0,0.0,0.0,1,18.2,23.6,1,17.0,19.5,19.5,19.5,1.0,1950.0,91
2023-05-09 22:15:29,i2404-P-540,i2404-P-540,19.5,0.0,0.0,0.0,1,18.2,0.0,0,17.0,19.5,19.5,19.5,1.0,1950.0,91
2023-05-09 22:15:31,i2404-P-540,i2404-P-540,19.5,0.0,0.0,0.0,1,18.2,22.1,1,17.0,19.5,19.5,19.5,1.0,1950.0,91
2023-05-09 22:15:33,i2404-P-540,i2404-P-540,19.5,0.0,0.0,0.0,1,18.1,22.1,1,17.0,19.5,19.5,19.5,1.0,1950.0,91
2023-05-09 22:15:43,i2404-P-540,i2404-P-540,19.5,0.0,0.0,0.0,1,3.9,0.0,0,17.0,19.5,19.5,19.5,1.0,1950.0,91
2023-05-09 22:15:43,i2404-P-540,i2404-P-540,19.5,0.0,0.0,0.0,2,4.0,0.0,0,17.0,19.5,19.5,19.5,1.0,1950.0,91
2023-05-09 22:18:45,i2404-P-540,i2404-P-540,19.5,0.0,0.0,0.0,1,18.9,22.9,1,17.0,19.5,19.5,19.5,1.0,1950.0,91
2023-05-09 22:18:46,i2404-P-540,i2404-P-540,19.5,0.0,0.0,0.0,2,18.9,22.9,2,17.0,19.5,19.5,19.5,1.0,1950.0,91
2023-05-09 22:18:49,i2404-P-540,i2404-P-540,19.5,0.0,0.0,0.0,2,18.9,19.4,1,17.0,19.5,19.5,19.5,1.0,1950.0,91
2023-05-09 22:18:51,i2404-P-540,i2404-P-540,19.5,1.0,1950.0,0.0,2,18.9,22.9,2,17.0,19.5,19.5,19.5,2.0,3900.0,91
2023-05-09 22:18:52,i2404-P-540,i2404-P-540,19.5,0.0,0.0,0.0,3,18.9,22.9,3,17.0,19.5,19.5,19.5,2.0,3900.0,91
2023-05-09 22:18:57,i2404-P-540,i2404-P-540,19.5,0.0,0.0,0.0,2,18.9,22.9,2,17.0,19.5,19.5,19.5,2.0,3900.0,91
2023-05-09 22:18:58,i2404-P-540,i2404-P-540,19.5,0.0,0.0,0.0,1,18.9,22.9,1,17.0,19.5,19.5,19.5,2.0,3900.0,91
2023-05-09 22:19:03,i2404-P-540,i2404-P-540,19.5,0.0,0.0,0.0,1,4.0,0.0,0,17.0,19.5,19.5,19.5,2.0,3900.0,91
2023-05-09 22:19:03,i2404-P-540,i2404-P-540,19.5,0.0,0.0,0.0,1,18.1,22.1,1,17.0,19.5,19.5,19.5,2.0,3900.0,91
2023-05-09 22:19:15,i2404-P-540,i2404-P-540,19.5,0.0,0.0,0.0,1,4.0,0.0,0,17.0,19.5,19.5,19.5,2.0,3900.0,91
2023-05-09 22:19:16,i2404-P-540,i2404-P-540,19.5,0.0,0.0,0.0,1,4.1,0.0,0,17.0,19.5,19.5,19.5,2.0,3900.0,91
2023-05-09 22:19:16,i2404-P-540,i2404-P-540,19.5,0.0,0.0,0.0,1,4.2,0.0,0,17.0,19.5,19.5,19.5,2.0,3900.0,91
2023-05-09 22:19:17,i2404-P-540,i2404-P-540,19.5,0.0,0.0,0.0,1,4.3,0.0,0,17.0,19.5,19.5,19.5,2.0,3900.0,91
2023-05-09 22:19:18,i2404-P-540,i2404-P-540,19.5,0.0,0.0,0.0,1,4.4,0.0,0,17.0,19.5,19.5,19.5,2.0,3900.0,91
2023-05-09 22:19:19,i2404-P-540,i2404-P-540,19.5,0.0,0.0,0.0,1,4.5,0.0,0,17.0,19.5,19.5,19.5,2.0,3900.0,91
2023-05-09 22:19:19,i2404-P-540,i2404-P-540,19.5,0.0,0.0,0.0,1,4.6,0.0,0,17.0,19.5,19.5,19.5,2.0,3900.0,91
2023-05-09 22:19:20,i2404-P-540,i2404-P-540,19.5,0.0,0.0,0.0,1,4.7,0.0,0,17.0,19.5,19.5,19.5,2.0,3900.0,91
2023-05-09 22:19:20,i2404-P-540,i2404-P-540,19.5,0.0,0.0,0.0,1,4.8,0.0,0,17.0,19.5,19.5,19.5,2.0,3900.0,91
2023-05-09 22:26:53,i2404-P-540,i2404-P-540,19.5,0.0,0.0,0.0,1,19.2,23.2,1,17.0,19.5,19.5,19.5,2.0,3900.0,91
2023-05-09 22:26:54,i2404-P-540,i2404-P-540,19.5,0.0,0.0,0.0,2,19.2,23.2,2,17.0,19.5,19.5,19.5,2.0,3900.0,91
2023-05-09 22:26:56,i2404-P-540,i2404-P-540,19.5,0.0,0.0,0.0,2,19.2,19.7,1,17.0,19.5,19.5,19.5,2.0,3900.0,91
2023-05-09 22:27:05,i2404-P-540,i2404-P-540,19.5,0.0,0.0,0.0,1,19.2,19.7,1,17.0,19.5,19.5,19.5,2.0,3900.0,91
2023-05-09 22:27:06,i2404-P-540,i2404-P-540,19.5,0.0,0.0,0.0,1,19.0,19.7,1,17.0,19.5,19.5,19.5,2.0,3900.0,91
2023-05-09 22:27:07,i2404-P-540,i2404-P-540,19.5,0.0,0.0,0.0,1,19.0,21.4,1,17.0,19.5,19.5,19.5,2.0,3900.0,91
2023-05-09 22:27:10,i2404-P-540,i2404-P-540,19.5,0.0,0.0,0.0,1,17.5,21.4,1,17.0,19.5,19.5,19.5,2.0,3900.0,91
2023-05-09 22:27:11,i2404-P-540,i2404-P-540,19.5,0.0,0.0,0.0,1,4.8,0.0,0,17.0,19.5,19.5,19.5,2.0,3900.0,91
2023-05-09 22:27:11,i2404-P-540,i2404-P-540,19.5,0.0,0.0,0.0,1,18.5,22.5,1,17.0,19.5,19.5,19.5,2.0,3900.0,91
2023-05-09 22:27:23,i2404-P-540,i2404-P-540,19.5,0.0,0.0,0.0,1,4.8,0.0,0,17.0,19.5,19.5,19.5,2.0,3900.0,91
2023-05-09 22:45:12,i2404-P-540,i2404-P-540,19.5,0.0,0.0,0.0,1,18.9,22.9,1,17.0,19.5,19.5,19.5,2.0,3900.0,91
2023-05-09 22:45:13,i2404-P-540,i2404-P-540,19.5,0.0,0.0,0.0,2,18.9,22.9,2,17.0,19.5,19.5,19.5,2.0,3900.0,91
2023-05-09 22:45:15,i2404-P-540,i2404-P-540,19.5,0.0,0.0,0.0,2,18.9,19.2,1,17.0,19.5,19.5,19.5,2.0,3900.0,91
2023-05-09 22:45:21,i2404-P-540,i2404-P-540,19.5,0.0,0.0,0.0,3,18.9,19.2,1,17.0,19.5,19.5,19.5,2.0,3900.0,91
2023-05-09 22:45:24,i2404-P-540,i2404-P-540,19.5,0.0,0.0,0.0,2,18.9,19.2,1,17.0,19.5,19.5,19.5,2.0,3900.0,91
2023-05-09 22:45:25,i2404-P-540,i2404-P-540,19.5,0.0,0.0,0.0,1,18.9,19.2,1,17.0,19.5,19.5,19.5,2.0,3900.0,91
2023-05-09 22:45:26,i2404-P-540,i2404-P-540,19.5,0.0,0.0,0.0,1,18.9,21.0,2,17.0,19.5,19.5,19.5,2.0,3900.0,91
2023-05-09 22:45:29,i2404-P-540,i2404-P-540,19.5,0.0,0.0,0.0,1,18.9,21.0,1,17.0,19.5,19.5,19.5,2.0,3900.0,91
2023-05-09 22:45:32,i2404-P-540,i2404-P-540,19.5,0.0,0.0,0.0,1,18.1,22.1,1,17.0,19.5,19.5,19.5,2.0,3900.0,91
2023-05-09 22:45:42,i2404-P-540,i2404-P-540,19.5,0.0,0.0,0.0,1,4.8,0.0,0,17.0,19.5,19.5,19.5,2.0,3900.0,91
2023-05-10 09:00:02,i2404-P-540,i2404-P-540,19.5,0.0,0.0,0.0,1,3.9,0.0,0,17.0,19.5,19.5,19.5,2.0,3900.0,91
2023-05-10 09:00:10,i2404-P-540,i2404-P-540,19.5,0.0,0.0,0.0,1,19.0,23.0,1,17.0,19.5,19.5,19.5,2.0,3900.0,91
2023-05-10 09:00:11,i2404-P-540,i2404-P-540,19.5,0.0,0.0,0.0,2,19.0,23.0,2,17.0,19.5,19.5,19.5,2.0,3900.0,91
2023-05-10 09:00:22,i2404-P-540,i2404-P-540,19.5,0.0,0.0,0.0,1,19.0,23.0,1,17.0,19.5,19.5,19.5,2.0,3900.0,91
2023-05-10 09:00:23,i2404-P-540,i2404-P-540,19.5,0.0,0.0,0.0,1,3.9,0.0,0,17.0,19.5,19.5,19.5,2.0,3900.0,91
2023-05-10 09:03:40,i2404-P-540,i2404-P-540,19.5,0.0,0.0,0.0,1,4.0,0.0,0,17.0,19.5,19.5,19.5,2.0,3900.0,91
2023-05-10 10:12:30,i2404-P-540,i2404-P-540,19.5,0.0,0.0,0.0,1,3.9,0.0,0,17.0,19.5,19.5,19.5,2.0,3900.0,91
2023-05-10 10:30:54,i2404-P-540,i2404-P-540,19.5,0.0,0.0,0.0,1,4.0,0.0,0,17.0,19.5,19.5,19.5,2.0,3900.0,91
2023-05-10 10:31:47,i2404-P-540,i2404-P-540,19.5,0.0,0.0,0.0,1,18.5,22.5,1,17.0,19.5,19.5,19.5,2.0,3900.0,91
2023-05-10 10:31:48,i2404-P-540,i2404-P-540,19.5,0.0,0.0,0.0,2,18.5,22.5,2,17.0,19.5,19.5,19.5,2.0,3900.0,91
2023-05-10 10:31:52,i2404-P-540,i2404-P-540,19.5,0.0,0.0,0.0,1,18.6,22.5,2,17.0,19.5,19.5,19.5,2.0,3900.0,91
2023-05-10 10:31:53,i2404-P-540,i2404-P-540,19.5,0.0,0.0,0.0,1,18.6,22.5,3,17.0,19.5,19.5,19.5,2.0,3900.0,91
2023-05-10 10:31:59,i2404-P-540,i2404-P-540,19.5,0.0,0.0,0.0,1,18.6,22.5,2,17.0,19.5,19.5,19.5,2.0,3900.0,91
2023-05-10 10:32:00,i2404-P-540,i2404-P-540,19.5,0.0,0.0,0.0,1,18.6,22.5,1,17.0,19.5,19.5,19.5,2.0,3900.0,91
2023-05-10 10:32:03,i2404-P-540,i2404-P-540,19.5,0.0,0.0,0.0,1,18.6,19.6,1,17.0,19.5,19.5,19.5,2.0,3900.0,91
2023-05-10 10:32:04,i2404-P-540,i2404-P-540,19.5,0.0,0.0,0.0,2,18.5,19.6,1,17.0,19.5,19.5,19.5,2.0,3900.0,91
2023-05-10 10:32:04,i2404-P-540,i2404-P-540,19.5,0.0,0.0,0.0,1,18.5,19.6,1,17.0,19.5,19.5,19.5,2.0,3900.0,91
2023-05-10 10:32:07,i2404-P-540,i2404-P-540,19.6,1.0,1960.0,-1.0,1,18.5,21.1,1,17.0,19.5,19.6,19.5,3.0,5860.0,90
2023-05-10 10:32:15,i2404-P-540,i2404-P-540,19.6,0.0,0.0,0.0,1,17.1,21.1,1,17.0,19.5,19.6,19.5,3.0,5860.0,90
2023-05-10 10:32:17,i2404-P-540,i2404-P-540,19.6,0.0,0.0,0.0,1,3.9,0.0,0,17.0,19.5,19.6,19.5,3.0,5860.0,90
2023-05-10 10:32:17,i2404-P-540,i2404-P-540,19.6,0.0,0.0,0.0,2,4.0,0.0,0,17.0,19.5,19.6,19.5,3.0,5860.0,90
2023-05-10 11:27:30,i2404-P-540,i2404-P-540,19.6,0.0,0.0,0.0,1,4.0,0.0,0,17.0,19.5,19.6,19.5,3.0,5860.0,90
2023-05-10 11:29:47,i2404-P-540,i2404-P-540,19.6,0.0,0.0,0.0,1,3.9,0.0,0,17.0,19.5,19.6,19.5,3.0,5860.0,90
2023-05-10 13:31:51,i2404-P-540,i2404-P-540,19.6,0.0,0.0,0.0,1,4.0,0.0,0,17.0,19.5,19.6,19.5,3.0,5860.0,90
2023-05-10 13:41:44,i2404-P-540,i2404-P-540,19.6,0.0,0.0,0.0,1,19.9,23.9,1,17.0,19.5,19.6,19.5,3.0,5860.0,90
2023-05-10 13:41:45,i2404-P-540,i2404-P-540,19.6,0.0,0.0,0.0,2,19.9,23.9,2,17.0,19.5,19.6,19.5,3.0,5860.0,90
2023-05-10 13:41:49,i2404-P-540,i2404-P-540,19.6,0.0,0.0,0.0,2,19.9,22.9,1,17.0,19.5,19.6,19.5,3.0,5860.0,90
2023-05-10 13:41:50,i2404-P-540,i2404-P-540,19.6,0.0,0.0,0.0,3,19.9,22.9,1,17.0,19.5,19.6,19.5,3.0,5860.0,90
2023-05-10 13:41:56,i2404-P-540,i2404-P-540,19.6,0.0,0.0,0.0,2,19.9,22.9,1,17.0,19.5,19.6,19.5,3.0,5860.0,90
2023-05-10 13:41:57,i2404-P-540,i2404-P-540,19.6,0.0,0.0,0.0,1,19.9,22.9,1,17.0,19.5,19.6,19.5,3.0,5860.0,90
2023-05-10 13:41:59,i2404-P-540,i2404-P-540,19.6,0.0,0.0,0.0,1,19.9,20.4,1,17.0,19.5,19.6,19.5,3.0,5860.0,90
2023-05-10 13:42:01,i2404-P-540,i2404-P-540,19.6,0.0,0.0,0.0,1,18.4,20.4,1,17.0,19.5,19.6,19.5,3.0,5860.0,90
2023-05-10 13:42:02,i2404-P-540,i2404-P-540,19.6,0.0,0.0,0.0,2,18.4,20.4,1,17.0,19.5,19.6,19.5,3.0,5860.0,90
2023-05-10 13:42:10,i2404-P-540,i2404-P-540,19.6,0.0,0.0,0.0,1,18.4,22.4,1,17.0,19.5,19.6,19.5,3.0,5860.0,90
2023-05-10 13:42:14,i2404-P-540,i2404-P-540,19.6,0.0,0.0,0.0,1,3.9,0.0,0,17.0,19.5,19.6,19.5,3.0,5860.0,90
2023-05-10 13:42:14,i2404-P-540,i2404-P-540,19.6,0.0,0.0,0.0,1,4.0,0.0,0,17.0,19.5,19.6,19.5,3.0,5860.0,90
2023-05-10 14:27:23,i2404-P-540,i2404-P-540,19.6,0.0,0.0,0.0,10,4.1,0.0,0,17.0,19.5,19.6,19.5,3.0,5860.0,90
2023-05-10 14:27:24,i2404-P-540,i2404-P-540,19.6,0.0,0.0,0.0,1,4.2,0.0,0,17.0,19.5,19.6,19.5,3.0,5860.0,90
2023-05-10 14:32:40,i2404-P-540,i2404-P-540,19.6,0.0,0.0,0.0,1,20.3,24.3,1,17.0,19.5,19.6,19.5,3.0,5860.0,90
2023-05-10 14:32:41,i2404-P-540,i2404-P-540,19.6,0.0,0.0,0.0,2,20.3,24.3,2,17.0,19.5,19.6,19.5,3.0,5860.0,90
2023-05-10 14:32:44,i2404-P-540,i2404-P-540,20.4,1.0,2040.0,-1.0,2,20.3,24.3,2,17.0,19.5,20.4,19.5,4.0,7900.0,89
2023-05-10 14:32:46,i2404-P-540,i2404-P-540,20.4,0.0,0.0,0.0,2,20.3,23.3,1,17.0,19.5,20.4,19.5,4.0,7900.0,89
2023-05-10 14:32:52,i2404-P-540,i2404-P-540,20.4,0.0,0.0,0.0,1,20.3,23.3,1,17.0,19.5,20.4,19.5,4.0,7900.0,89
2023-05-10 14:32:53,i2404-P-540,i2404-P-540,20.4,0.0,0.0,0.0,1,19.9,23.3,1,17.0,19.5,20.4,19.5,4.0,7900.0,89
2023-05-10 14:32:56,i2404-P-540,i2404-P-540,20.4,0.0,0.0,0.0,1,19.9,23.0,1,17.0,19.5,20.4,19.5,4.0,7900.0,89
2023-05-10 14:32:58,i2404-P-540,i2404-P-540,20.4,0.0,0.0,0.0,1,19.3,22.8,1,17.0,19.5,20.4,19.5,4.0,7900.0,89
2023-05-10 14:33:07,i2404-P-540,i2404-P-540,20.4,0.0,0.0,0.0,1,18.8,22.8,1,17.0,19.5,20.4,19.5,4.0,7900.0,89
2023-05-10 14:33:09,i2404-P-540,i2404-P-540,20.4,0.0,0.0,0.0,1,18.8,22.6,1,17.0,19.5,20.4,19.5,4.0,7900.0,89
2023-05-10 14:33:10,i2404-P-540,i2404-P-540,20.4,0.0,0.0,0.0,10,4.1,22.6,1,17.0,19.5,20.4,19.5,4.0,7900.0,89
2023-05-10 14:33:11,i2404-P-540,i2404-P-540,20.4,0.0,0.0,0.0,1,4.2,22.6,1,17.0,19.5,20.4,19.5,4.0,7900.0,89
2023-05-10 14:33:16,i2404-P-540,i2404-P-540,20.4,0.0,0.0,0.0,1,4.2,22.4,1,17.0,19.5,20.4,19.5,4.0,7900.0,89
2023-05-10 14:33:25,i2404-P-540,i2404-P-540,20.4,0.0,0.0,0.0,1,4.2,22.0,1,17.0,19.5,20.4,19.5,4.0,7900.0,89
2023-05-10 14:33:40,i2404-P-540,i2404-P-540,20.4,0.0,0.0,0.0,1,4.2,21.5,1,17.0,19.5,20.4,19.5,4.0,7900.0,89
2023-05-10 14:33:45,i2404-P-540,i2404-P-540,20.4,0.0,0.0,0.0,1,4.2,21.4,1,17.0,19.5,20.4,19.5,4.0,7900.0,89
2023-05-10 14:33:46,i2404-P-540,i2404-P-540,20.4,0.0,0.0,0.0,1,4.2,0.0,0,17.0,19.5,20.4,19.5,4.0,7900.0,89
2023-05-10 14:33:57,i2404-P-540,i2404-P-540,20.4,0.0,0.0,0.0,1,20.3,24.3,1,17.0,19.5,20.4,19.5,4.0,7900.0,89
2023-05-10 14:33:58,i2404-P-540,i2404-P-540,20.4,0.0,0.0,0.0,2,20.3,24.3,2,17.0,19.5,20.4,19.5,4.0,7900.0,89
2023-05-10 14:34:02,i2404-P-540,i2404-P-540,20.4,0.0,0.0,0.0,2,20.3,20.6,1,17.0,19.5,20.4,19.5,4.0,7900.0,89
2023-05-10 14:34:02,i2404-P-540,i2404-P-540,20.6,1.0,2060.0,0.0,2,20.3,24.3,2,17.0,19.5,20.6,19.5,5.0,9960.0,89
2023-05-10 14:34:03,i2404-P-540,i2404-P-540,20.6,0.0,0.0,0.0,2,20.3,23.4,1,17.0,19.5,20.6,19.5,5.0,9960.0,89
2023-05-10 14:34:09,i2404-P-540,i2404-P-540,20.6,0.0,0.0,0.0,1,20.3,23.4,1,17.0,19.5,20.6,19.5,5.0,9960.0,89
2023-05-10 14:34:10,i2404-P-540,i2404-P-540,20.6,0.0,0.0,0.0,1,19.9,23.4,1,17.0,19.5,20.6,19.5,5.0,9960.0,89
2023-05-10 14:34:14,i2404-P-540,i2404-P-540,20.6,0.0,0.0,0.0,1,19.9,23.8,1,17.0,19.5,20.6,19.5,5.0,9960.0,89
2023-05-10 14:34:15,i2404-P-540,i2404-P-540,20.6,0.0,0.0,0.0,10,4.1,0.0,0,17.0,19.5,20.6,19.5,5.0,9960.0,89
2023-05-10 14:34:16,i2404-P-540,i2404-P-540,20.6,0.0,0.0,0.0,1,18.9,22.9,1,17.0,19.5,20.6,19.5,5.0,9960.0,89
2023-05-10 14:34:17,i2404-P-540,i2404-P-540,20.6,0.0,0.0,0.0,1,18.9,21.0,1,17.0,19.5,20.6,19.5,5.0,9960.0,89
2023-05-10 14:34:28,i2404-P-540,i2404-P-540,20.6,0.0,0.0,0.0,10,4.1,21.0,1,17.0,19.5,20.6,19.5,5.0,9960.0,89
2023-05-10 14:34:28,i2404-P-540,i2404-P-540,20.6,0.0,0.0,0.0,1,4.2,21.0,1,17.0,19.5,20.6,19.5,5.0,9960.0,89
2023-05-10 14:34:38,i2404-P-540,i2404-P-540,20.6,0.0,0.0,0.0,1,4.2,20.9,1,17.0,19.5,20.6,19.5,5.0,9960.0,89
2023-05-10 14:34:39,i2404-P-540,i2404-P-540,20.6,0.0,0.0,0.0,1,4.2,21.0,1,17.0,19.5,20.6,19.5,5.0,9960.0,89
2023-05-10 14:34:46,i2404-P-540,i2404-P-540,20.6,0.0,0.0,0.0,1,4.3,21.0,1,17.0,19.5,20.6,19.5,5.0,9960.0,89
2023-05-10 14:34:47,i2404-P-540,i2404-P-540,20.6,0.0,0.0,0.0,1,4.4,21.0,1,17.0,19.5,20.6,19.5,5.0,9960.0,89
2023-05-10 14:48:06,i2404-P-540,i2404-P-540,20.6,0.0,0.0,0.0,1,19.6,21.0,1,17.0,19.5,20.6,19.5,5.0,9960.0,89
2023-05-10 14:48:07,i2404-P-540,i2404-P-540,20.6,0.0,0.0,0.0,2,19.6,21.0,1,17.0,19.5,20.6,19.5,5.0,9960.0,89
2023-05-10 14:48:18,i2404-P-540,i2404-P-540,20.6,0.0,0.0,0.0,1,19.6,21.0,1,17.0,19.5,20.6,19.5,5.0,9960.0,89
2023-05-10 14:48:19,i2404-P-540,i2404-P-540,20.6,0.0,0.0,0.0,1,19.6,20.1,1,17.0,19.5,20.6,19.5,5.0,9960.0,89
2023-05-10 14:48:19,i2404-P-540,i2404-P-540,20.1,1.0,2010.0,-1.0,1,18.8,21.0,1,17.0,19.5,20.6,19.5,6.0,11970.0,88
2023-05-10 14:48:26,i2404-P-540,i2404-P-540,20.1,0.0,0.0,0.0,1,18.8,22.3,1,17.0,19.5,20.6,19.5,6.0,11970.0,88
2023-05-10 14:48:30,i2404-P-540,i2404-P-540,20.1,0.0,0.0,0.0,1,18.7,22.3,1,17.0,19.5,20.6,19.5,6.0,11970.0,88
2023-05-10 14:48:33,i2404-P-540,i2404-P-540,20.1,0.0,0.0,0.0,1,18.3,22.3,1,17.0,19.5,20.6,19.5,6.0,11970.0,88
2023-05-10 14:48:36,i2404-P-540,i2404-P-540,20.1,0.0,0.0,0.0,1,4.3,0.0,0,17.0,19.5,20.6,19.5,6.0,11970.0,88
2023-05-10 14:48:37,i2404-P-540,i2404-P-540,20.1,0.0,0.0,0.0,1,4.4,0.0,0,17.0,19.5,20.6,19.5,6.0,11970.0,88
2023-05-10 14:48:44,i2404-P-540,i2404-P-540,20.1,0.0,0.0,0.0,1,4.5,0.0,0,17.0,19.5,20.6,19.5,6.0,11970.0,88
2023-05-10 14:48:45,i2404-P-540,i2404-P-540,20.1,0.0,0.0,0.0,1,4.6,0.0,0,17.0,19.5,20.6,19.5,6.0,11970.0,88
2023-05-10 14:48:45,i2404-P-540,i2404-P-540,20.1,0.0,0.0,0.0,1,4.7,0.0,0,17.0,19.5,20.6,19.5,6.0,11970.0,88
2023-05-10 14:48:46,i2404-P-540,i2404-P-540,20.1,0.0,0.0,0.0,1,4.8,0.0,0,17.0,19.5,20.6,19.5,6.0,11970.0,88
2023-05-10 14:48:56,i2404-P-540,i2404-P-540,20.1,0.0,0.0,0.0,1,19.2,0.0,0,17.0,19.5,20.6,19.5,6.0,11970.0,88
2023-05-10 14:49:00,i2404-P-540,i2404-P-540,20.1,0.0,0.0,0.0,1,19.4,0.0,0,17.0,19.5,20.6,19.5,6.0,11970.0,88
2023-05-10 14:49:09,i2404-P-540,i2404-P-540,20.1,0.0,0.0,0.0,1,19.7,23.7,1,17.0,19.5,20.6,19.5,6.0,11970.0,88
2023-05-10 14:49:10,i2404-P-540,i2404-P-540,20.1,0.0,0.0,0.0,2,19.7,23.7,2,17.0,19.5,20.6,19.5,6.0,11970.0,88
2023-05-10 14:49:13,i2404-P-540,i2404-P-540,20.1,1.0,2010.0,0.0,2,19.7,23.7,2,17.0,19.5,20.6,19.5,7.0,13980.0,88
2023-05-10 14:49:14,i2404-P-540,i2404-P-540,20.1,0.0,0.0,0.0,2,19.7,22.8,1,17.0,19.5,20.6,19.5,7.0,13980.0,88
2023-05-10 14:49:15,i2404-P-540,i2404-P-540,20.1,0.0,0.0,0.0,3,19.7,22.8,1,17.0,19.5,20.6,19.5,7.0,13980.0,88
2023-05-10 14:49:21,i2404-P-540,i2404-P-540,20.1,0.0,0.0,0.0,2,19.7,22.8,1,17.0,19.5,20.6,19.5,7.0,13980.0,88
2023-05-10 14:49:22,i2404-P-540,i2404-P-540,20.1,0.0,0.0,0.0,1,19.7,22.8,1,17.0,19.5,20.6,19.5,7.0,13980.0,88
2023-05-10 14:49:25,i2404-P-540,i2404-P-540,20.1,0.0,0.0,0.0,1,19.7,23.2,2,17.0,19.5,20.6,19.5,7.0,13980.0,88
2023-05-10 14:49:26,i2404-P-540,i2404-P-540,20.1,0.0,0.0,0.0,1,19.7,23.2,1,17.0,19.5,20.6,19.5,7.0,13980.0,88
2023-05-10 14:49:26,i2404-P-540,i2404-P-540,20.1,0.0,0.0,0.0,1,4.7,0.0,0,17.0,19.5,20.6,19.5,7.0,13980.0,88
2023-05-10 14:49:27,i2404-P-540,i2404-P-540,20.1,0.0,0.0,0.0,1,18.2,22.2,1,17.0,19.5,20.6,19.5,7.0,13980.0,88
2023-05-10 14:49:39,i2404-P-540,i2404-P-540,20.1,0.0,0.0,0.0,1,4.7,0.0,0,17.0,19.5,20.6,19.5,7.0,13980.0,88
2023-05-10 14:49:39,i2404-P-540,i2404-P-540,20.1,0.0,0.0,0.0,1,4.8,0.0,0,17.0,19.5,20.6,19.5,7.0,13980.0,88
2023-05-10 14:49:54,i2404-P-540,i2404-P-540,20.1,0.0,0.0,0.0,1,4.9,0.0,0,17.0,19.5,20.6,19.5,7.0,13980.0,88
2023-05-10 14:49:56,i2404-P-540,i2404-P-540,20.1,0.0,0.0,0.0,1,5.0,0.0,0,17.0,19.5,20.6,19.5,7.0,13980.0,88
2023-05-10 15:01:15,i2404-P-540,i2404-P-540,20.1,0.0,0.0,0.0,1,5.0,0.0,0,17.0,19.5,20.6,19.5,7.0,13980.0,88
