time,symbol_id,symbol_name,last,trade_volume,trade_amount,open_interest_change,bv1,bp1,ap1,av1,yesterday_close,today_open,today_high,today_low,volume,amount,open_interest
2023-05-09 20:56:27,i2401-C-850,i2401-C-850,11.5,0.0,0.0,0.0,80,1.2,0.0,0,11.5,11.7,0.0,0.0,0.0,0.0,245
2023-05-09 21:00:06,i2401-C-850,i2401-C-850,11.5,0.0,0.0,0.0,20,1.4,0.0,0,11.5,11.7,0.0,0.0,0.0,0.0,245
2023-05-09 21:00:15,i2401-C-850,i2401-C-850,11.5,0.0,0.0,0.0,20,1.4,24.4,20,11.5,11.7,0.0,0.0,0.0,0.0,245
2023-05-09 21:00:16,i2401-C-850,i2401-C-850,11.5,0.0,0.0,0.0,20,1.4,20.5,1,11.5,11.7,0.0,0.0,0.0,0.0,245
2023-05-09 21:00:16,i2401-C-850,i2401-C-850,11.5,0.0,0.0,0.0,20,1.4,20.4,20,11.5,11.7,0.0,0.0,0.0,0.0,245
2023-05-09 21:00:17,i2401-C-850,i2401-C-850,11.5,0.0,0.0,0.0,20,1.4,16.5,1,11.5,11.7,0.0,0.0,0.0,0.0,245
2023-05-09 21:00:19,i2401-C-850,i2401-C-850,11.5,0.0,0.0,0.0,1,2.7,16.5,1,11.5,11.7,0.0,0.0,0.0,0.0,245
2023-05-09 21:00:19,i2401-C-850,i2401-C-850,11.5,0.0,0.0,0.0,20,2.8,16.5,1,11.5,11.7,0.0,0.0,0.0,0.0,245
2023-05-09 21:00:21,i2401-C-850,i2401-C-850,11.5,0.0,0.0,0.0,1,6.7,16.5,1,11.5,11.7,0.0,0.0,0.0,0.0,245
2023-05-09 21:00:23,i2401-C-850,i2401-C-850,11.5,0.0,0.0,0.0,1,10.2,16.5,1,11.5,11.7,0.0,0.0,0.0,0.0,245
2023-05-09 21:00:30,i2401-C-850,i2401-C-850,11.5,0.0,0.0,0.0,1,5.1,16.5,1,11.5,11.7,0.0,0.0,0.0,0.0,245
2023-05-09 21:00:31,i2401-C-850,i2401-C-850,11.5,0.0,0.0,0.0,1,9.7,16.5,1,11.5,11.7,0.0,0.0,0.0,0.0,245
2023-05-09 21:00:37,i2401-C-850,i2401-C-850,11.5,0.0,0.0,0.0,1,5.1,16.5,1,11.5,11.7,0.0,0.0,0.0,0.0,245
2023-05-09 21:00:38,i2401-C-850,i2401-C-850,11.5,0.0,0.0,0.0,1,5.8,16.5,1,11.5,11.7,0.0,0.0,0.0,0.0,245
2023-05-09 21:00:38,i2401-C-850,i2401-C-850,11.5,0.0,0.0,0.0,1,9.7,16.5,1,11.5,11.7,0.0,0.0,0.0,0.0,245
2023-05-09 21:00:46,i2401-C-850,i2401-C-850,11.5,0.0,0.0,0.0,1,5.1,16.5,1,11.5,11.7,0.0,0.0,0.0,0.0,245
2023-05-09 21:00:46,i2401-C-850,i2401-C-850,11.5,0.0,0.0,0.0,1,5.8,16.5,1,11.5,11.7,0.0,0.0,0.0,0.0,245
2023-05-09 21:00:47,i2401-C-850,i2401-C-850,11.5,0.0,0.0,0.0,1,9.7,16.5,1,11.5,11.7,0.0,0.0,0.0,0.0,245
2023-05-09 21:00:54,i2401-C-850,i2401-C-850,11.5,0.0,0.0,0.0,1,5.1,16.5,1,11.5,11.7,0.0,0.0,0.0,0.0,245
2023-05-09 21:00:55,i2401-C-850,i2401-C-850,11.5,0.0,0.0,0.0,1,6.4,16.5,1,11.5,11.7,0.0,0.0,0.0,0.0,245
2023-05-09 21:00:55,i2401-C-850,i2401-C-850,11.5,0.0,0.0,0.0,1,10.1,16.5,1,11.5,11.7,0.0,0.0,0.0,0.0,245
2023-05-09 21:02:10,i2401-C-850,i2401-C-850,11.5,0.0,0.0,0.0,1,10.1,12.5,1,11.5,11.7,0.0,0.0,0.0,0.0,245
2023-05-09 21:03:13,i2401-C-850,i2401-C-850,11.5,0.0,0.0,0.0,1,10.1,12.4,20,11.5,11.7,0.0,0.0,0.0,0.0,245
2023-05-09 21:11:59,i2401-C-850,i2401-C-850,11.5,0.0,0.0,0.0,21,10.1,12.4,20,11.5,11.7,0.0,0.0,0.0,0.0,245
2023-05-09 21:11:59,i2401-C-850,i2401-C-850,11.5,0.0,0.0,0.0,1,10.5,12.4,20,11.5,11.7,0.0,0.0,0.0,0.0,245
2023-05-09 21:14:45,i2401-C-850,i2401-C-850,11.5,0.0,0.0,0.0,1,10.6,12.4,20,11.5,11.7,0.0,0.0,0.0,0.0,245
2023-05-09 21:15:06,i2401-C-850,i2401-C-850,11.5,0.0,0.0,0.0,1,10.8,12.4,20,11.5,11.7,0.0,0.0,0.0,0.0,245
2023-05-09 21:34:38,i2401-C-850,i2401-C-850,11.5,0.0,0.0,0.0,1,10.8,12.5,21,11.5,11.7,0.0,0.0,0.0,0.0,245
2023-05-09 21:34:48,i2401-C-850,i2401-C-850,11.5,0.0,0.0,0.0,21,10.8,12.5,1,11.5,11.7,0.0,0.0,0.0,0.0,245
2023-05-09 21:34:52,i2401-C-850,i2401-C-850,11.5,0.0,0.0,0.0,1,11.1,12.5,1,11.5,11.7,0.0,0.0,0.0,0.0,245
2023-05-09 21:34:52,i2401-C-850,i2401-C-850,11.5,0.0,0.0,0.0,1,11.1,12.5,21,11.5,11.7,0.0,0.0,0.0,0.0,245
2023-05-09 21:35:07,i2401-C-850,i2401-C-850,11.5,0.0,0.0,0.0,1,11.1,12.5,1,11.5,11.7,0.0,0.0,0.0,0.0,245
2023-05-09 21:35:07,i2401-C-850,i2401-C-850,11.5,0.0,0.0,0.0,1,11.1,12.5,21,11.5,11.7,0.0,0.0,0.0,0.0,245
2023-05-09 21:35:12,i2401-C-850,i2401-C-850,11.5,0.0,0.0,0.0,1,11.1,12.5,1,11.5,11.7,0.0,0.0,0.0,0.0,245
2023-05-09 21:35:17,i2401-C-850,i2401-C-850,11.5,0.0,0.0,0.0,1,11.1,12.5,21,11.5,11.7,0.0,0.0,0.0,0.0,245
2023-05-09 21:35:21,i2401-C-850,i2401-C-850,11.5,0.0,0.0,0.0,1,11.1,12.5,1,11.5,11.7,0.0,0.0,0.0,0.0,245
2023-05-09 21:35:54,i2401-C-850,i2401-C-850,11.5,0.0,0.0,0.0,1,11.1,12.5,21,11.5,11.7,0.0,0.0,0.0,0.0,245
2023-05-09 21:36:02,i2401-C-850,i2401-C-850,11.5,0.0,0.0,0.0,1,11.1,12.5,1,11.5,11.7,0.0,0.0,0.0,0.0,245
2023-05-09 21:38:16,i2401-C-850,i2401-C-850,11.5,0.0,0.0,0.0,1,11.1,12.5,21,11.5,11.7,0.0,0.0,0.0,0.0,245
2023-05-09 21:38:38,i2401-C-850,i2401-C-850,11.5,0.0,0.0,0.0,1,11.1,12.5,1,11.5,11.7,0.0,0.0,0.0,0.0,245
2023-05-09 21:38:54,i2401-C-850,i2401-C-850,11.5,0.0,0.0,0.0,1,11.1,12.5,21,11.5,11.7,0.0,0.0,0.0,0.0,245
2023-05-09 21:39:01,i2401-C-850,i2401-C-850,11.5,0.0,0.0,0.0,1,11.1,12.5,1,11.5,11.7,0.0,0.0,0.0,0.0,245
2023-05-09 21:40:34,i2401-C-850,i2401-C-850,11.5,0.0,0.0,0.0,1,11.1,13.8,1,11.5,11.7,0.0,0.0,0.0,0.0,245
2023-05-09 21:40:34,i2401-C-850,i2401-C-850,11.5,0.0,0.0,0.0,1,11.1,13.7,20,11.5,11.7,0.0,0.0,0.0,0.0,245
2023-05-09 21:42:07,i2401-C-850,i2401-C-850,11.5,0.0,0.0,0.0,1,11.6,13.7,20,11.5,11.7,0.0,0.0,0.0,0.0,245
2023-05-09 21:50:13,i2401-C-850,i2401-C-850,11.5,0.0,0.0,0.0,21,11.6,13.7,20,11.5,11.7,0.0,0.0,0.0,0.0,245
2023-05-09 21:50:14,i2401-C-850,i2401-C-850,11.5,0.0,0.0,0.0,1,12.1,13.7,20,11.5,11.7,0.0,0.0,0.0,0.0,245
2023-05-09 21:51:34,i2401-C-850,i2401-C-850,11.5,0.0,0.0,0.0,1,12.1,13.3,10,11.5,11.7,0.0,0.0,0.0,0.0,245
2023-05-09 21:51:40,i2401-C-850,i2401-C-850,11.5,0.0,0.0,0.0,1,12.1,13.3,20,11.5,11.7,0.0,0.0,0.0,0.0,245
2023-05-09 21:51:46,i2401-C-850,i2401-C-850,11.5,0.0,0.0,0.0,10,12.3,12.9,10,11.5,11.7,0.0,0.0,0.0,0.0,245
2023-05-09 21:51:49,i2401-C-850,i2401-C-850,11.5,0.0,0.0,0.0,20,12.3,12.9,20,11.5,11.7,0.0,0.0,0.0,0.0,245
2023-05-09 21:51:51,i2401-C-850,i2401-C-850,11.5,0.0,0.0,0.0,20,12.3,12.9,30,11.5,11.7,0.0,0.0,0.0,0.0,245
2023-05-09 21:51:57,i2401-C-850,i2401-C-850,11.5,0.0,0.0,0.0,10,12.3,12.9,20,11.5,11.7,0.0,0.0,0.0,0.0,245
2023-05-09 21:52:01,i2401-C-850,i2401-C-850,11.5,0.0,0.0,0.0,11,12.1,12.9,10,11.5,11.7,0.0,0.0,0.0,0.0,245
2023-05-09 21:52:02,i2401-C-850,i2401-C-850,11.5,0.0,0.0,0.0,1,12.1,13.8,1,11.5,11.7,0.0,0.0,0.0,0.0,245
2023-05-09 21:52:02,i2401-C-850,i2401-C-850,11.5,0.0,0.0,0.0,1,12.1,13.7,20,11.5,11.7,0.0,0.0,0.0,0.0,245
2023-05-09 22:02:15,i2401-C-850,i2401-C-850,11.5,0.0,0.0,0.0,20,10.7,13.7,20,11.5,11.7,0.0,0.0,0.0,0.0,245
2023-05-09 22:02:17,i2401-C-850,i2401-C-850,11.5,0.0,0.0,0.0,1,11.2,13.7,20,11.5,11.7,0.0,0.0,0.0,0.0,245
2023-05-09 22:06:04,i2401-C-850,i2401-C-850,11.5,0.0,0.0,0.0,21,11.2,13.7,20,11.5,11.7,0.0,0.0,0.0,0.0,245
2023-05-09 22:06:05,i2401-C-850,i2401-C-850,11.5,0.0,0.0,0.0,1,11.7,13.7,20,11.5,11.7,0.0,0.0,0.0,0.0,245
2023-05-09 22:20:22,i2401-C-850,i2401-C-850,11.5,0.0,0.0,0.0,20,10.7,13.7,20,11.5,11.7,0.0,0.0,0.0,0.0,245
2023-05-09 22:20:24,i2401-C-850,i2401-C-850,11.5,0.0,0.0,0.0,1,11.1,13.7,20,11.5,11.7,0.0,0.0,0.0,0.0,245
2023-05-09 22:44:58,i2401-C-850,i2401-C-850,11.5,0.0,0.0,0.0,21,11.1,13.7,20,11.5,11.7,0.0,0.0,0.0,0.0,245
2023-05-09 22:44:58,i2401-C-850,i2401-C-850,11.5,0.0,0.0,0.0,1,11.5,13.7,20,11.5,11.7,0.0,0.0,0.0,0.0,245
2023-05-09 22:56:29,i2401-C-850,i2401-C-850,11.5,0.0,0.0,0.0,1,10.6,13.7,20,11.5,11.7,0.0,0.0,0.0,0.0,245
2023-05-09 22:56:29,i2401-C-850,i2401-C-850,11.5,0.0,0.0,0.0,20,10.7,13.7,20,11.5,11.7,0.0,0.0,0.0,0.0,245
2023-05-09 22:57:32,i2401-C-850,i2401-C-850,11.5,0.0,0.0,0.0,1,10.6,0.0,0,11.5,11.7,0.0,0.0,0.0,0.0,245
2023-05-09 22:57:38,i2401-C-850,i2401-C-850,11.5,0.0,0.0,0.0,1,10.6,86.6,1,11.5,11.7,0.0,0.0,0.0,0.0,245
2023-05-09 22:59:11,i2401-C-850,i2401-C-850,11.5,0.0,0.0,0.0,1,10.6,86.5,20,11.5,11.7,0.0,0.0,0.0,0.0,245
2023-05-09 22:59:21,i2401-C-850,i2401-C-850,11.5,0.0,0.0,0.0,1,10.6,86.2,1,11.5,11.7,0.0,0.0,0.0,0.0,245
2023-05-09 22:59:22,i2401-C-850,i2401-C-850,11.5,0.0,0.0,0.0,1,10.6,86.1,20,11.5,11.7,0.0,0.0,0.0,0.0,245
2023-05-09 22:59:23,i2401-C-850,i2401-C-850,11.5,0.0,0.0,0.0,1,10.6,85.8,1,11.5,11.7,0.0,0.0,0.0,0.0,245
2023-05-09 22:59:23,i2401-C-850,i2401-C-850,11.5,0.0,0.0,0.0,1,10.6,85.7,20,11.5,11.7,0.0,0.0,0.0,0.0,245
2023-05-09 22:59:30,i2401-C-850,i2401-C-850,11.5,0.0,0.0,0.0,1,10.6,85.4,1,11.5,11.7,0.0,0.0,0.0,0.0,245
2023-05-09 22:59:31,i2401-C-850,i2401-C-850,11.5,0.0,0.0,0.0,1,10.6,85.3,20,11.5,11.7,0.0,0.0,0.0,0.0,245
2023-05-09 22:59:33,i2401-C-850,i2401-C-850,11.5,0.0,0.0,0.0,1,10.6,85.0,1,11.5,11.7,0.0,0.0,0.0,0.0,245
2023-05-09 22:59:33,i2401-C-850,i2401-C-850,11.5,0.0,0.0,0.0,1,10.6,84.9,20,11.5,11.7,0.0,0.0,0.0,0.0,245
2023-05-09 22:59:35,i2401-C-850,i2401-C-850,11.5,0.0,0.0,0.0,1,10.6,84.6,1,11.5,11.7,0.0,0.0,0.0,0.0,245
2023-05-09 22:59:35,i2401-C-850,i2401-C-850,11.5,0.0,0.0,0.0,1,10.6,84.5,20,11.5,11.7,0.0,0.0,0.0,0.0,245
2023-05-09 22:59:45,i2401-C-850,i2401-C-850,11.5,0.0,0.0,0.0,1,10.6,84.2,1,11.5,11.7,0.0,0.0,0.0,0.0,245
2023-05-09 22:59:45,i2401-C-850,i2401-C-850,11.5,0.0,0.0,0.0,1,10.6,84.1,20,11.5,11.7,0.0,0.0,0.0,0.0,245
2023-05-09 22:59:55,i2401-C-850,i2401-C-850,11.5,0.0,0.0,0.0,1,10.6,0.0,0,11.5,11.7,0.0,0.0,0.0,0.0,245
2023-05-09 22:59:59,i2401-C-850,i2401-C-850,11.5,0.0,0.0,0.0,1,10.6,83.8,1,11.5,11.7,0.0,0.0,0.0,0.0,245
2023-05-10 09:00:01,i2401-C-850,i2401-C-850,11.5,0.0,0.0,0.0,1,11.5,83.8,1,11.5,11.7,0.0,0.0,0.0,0.0,245
2023-05-10 09:00:01,i2401-C-850,i2401-C-850,11.5,0.0,0.0,0.0,1,11.5,83.7,20,11.5,11.7,0.0,0.0,0.0,0.0,245
2023-05-10 09:00:11,i2401-C-850,i2401-C-850,11.5,0.0,0.0,0.0,1,11.5,25.7,1,11.5,11.7,0.0,0.0,0.0,0.0,245
2023-05-10 09:00:11,i2401-C-850,i2401-C-850,11.5,0.0,0.0,0.0,1,11.5,25.6,20,11.5,11.7,0.0,0.0,0.0,0.0,245
2023-05-10 09:00:14,i2401-C-850,i2401-C-850,11.5,0.0,0.0,0.0,1,11.5,21.6,1,11.5,11.7,0.0,0.0,0.0,0.0,245
2023-05-10 09:00:14,i2401-C-850,i2401-C-850,11.5,0.0,0.0,0.0,1,11.5,21.5,20,11.5,11.7,0.0,0.0,0.0,0.0,245
2023-05-10 09:00:15,i2401-C-850,i2401-C-850,11.5,0.0,0.0,0.0,1,11.5,17.5,1,11.5,11.7,0.0,0.0,0.0,0.0,245
2023-05-10 09:00:22,i2401-C-850,i2401-C-850,11.5,0.0,0.0,0.0,1,11.5,83.7,20,11.5,11.7,0.0,0.0,0.0,0.0,245
2023-05-10 09:00:23,i2401-C-850,i2401-C-850,11.5,0.0,0.0,0.0,1,11.5,25.8,1,11.5,11.7,0.0,0.0,0.0,0.0,245
2023-05-10 09:00:23,i2401-C-850,i2401-C-850,11.5,0.0,0.0,0.0,1,11.5,25.7,20,11.5,11.7,0.0,0.0,0.0,0.0,245
2023-05-10 09:00:24,i2401-C-850,i2401-C-850,11.5,0.0,0.0,0.0,1,11.5,21.7,1,11.5,11.7,0.0,0.0,0.0,0.0,245
2023-05-10 09:00:24,i2401-C-850,i2401-C-850,11.5,0.0,0.0,0.0,1,11.5,21.6,20,11.5,11.7,0.0,0.0,0.0,0.0,245
2023-05-10 09:00:25,i2401-C-850,i2401-C-850,11.5,0.0,0.0,0.0,1,11.5,17.6,1,11.5,11.7,0.0,0.0,0.0,0.0,245
2023-05-10 09:02:20,i2401-C-850,i2401-C-850,11.5,0.0,0.0,0.0,1,11.5,14.2,1,11.5,11.7,0.0,0.0,0.0,0.0,245
2023-05-10 09:03:29,i2401-C-850,i2401-C-850,11.5,0.0,0.0,0.0,1,12.5,14.2,1,11.5,11.7,0.0,0.0,0.0,0.0,245
2023-05-10 09:03:31,i2401-C-850,i2401-C-850,11.5,0.0,0.0,0.0,1,12.5,14.2,21,11.5,11.7,0.0,0.0,0.0,0.0,245
2023-05-10 09:05:12,i2401-C-850,i2401-C-850,11.5,0.0,0.0,0.0,1,12.5,14.2,1,11.5,11.7,0.0,0.0,0.0,0.0,245
2023-05-10 09:07:40,i2401-C-850,i2401-C-850,11.5,0.0,0.0,0.0,1,12.5,14.2,21,11.5,11.7,0.0,0.0,0.0,0.0,245
2023-05-10 09:07:41,i2401-C-850,i2401-C-850,11.5,0.0,0.0,0.0,1,12.5,14.2,1,11.5,11.7,0.0,0.0,0.0,0.0,245
2023-05-10 09:07:42,i2401-C-850,i2401-C-850,11.5,0.0,0.0,0.0,1,12.5,14.2,21,11.5,11.7,0.0,0.0,0.0,0.0,245
2023-05-10 09:11:11,i2401-C-850,i2401-C-850,11.5,0.0,0.0,0.0,20,8.0,14.2,21,11.5,11.7,0.0,0.0,0.0,0.0,245
2023-05-10 09:11:12,i2401-C-850,i2401-C-850,11.5,0.0,0.0,0.0,1,12.1,14.2,21,11.5,11.7,0.0,0.0,0.0,0.0,245
2023-05-10 10:11:15,i2401-C-850,i2401-C-850,11.5,0.0,0.0,0.0,1,7.9,14.2,21,11.5,11.7,0.0,0.0,0.0,0.0,245
2023-05-10 10:11:15,i2401-C-850,i2401-C-850,11.5,0.0,0.0,0.0,1,12.1,14.2,21,11.5,11.7,0.0,0.0,0.0,0.0,245
2023-05-10 10:14:32,i2401-C-850,i2401-C-850,11.5,0.0,0.0,0.0,1,12.1,14.2,1,11.5,11.7,0.0,0.0,0.0,0.0,245
2023-05-10 10:30:05,i2401-C-850,i2401-C-850,11.5,0.0,0.0,0.0,1,12.1,14.1,20,11.5,11.7,0.0,0.0,0.0,0.0,245
2023-05-10 10:31:08,i2401-C-850,i2401-C-850,11.5,0.0,0.0,0.0,1,7.9,14.1,20,11.5,11.7,0.0,0.0,0.0,0.0,245
2023-05-10 10:31:08,i2401-C-850,i2401-C-850,11.5,0.0,0.0,0.0,1,8.6,14.1,20,11.5,11.7,0.0,0.0,0.0,0.0,245
2023-05-10 10:31:09,i2401-C-850,i2401-C-850,11.5,0.0,0.0,0.0,1,11.7,14.1,20,11.5,11.7,0.0,0.0,0.0,0.0,245
2023-05-10 10:39:00,i2401-C-850,i2401-C-850,11.5,0.0,0.0,0.0,1,11.7,13.3,1,11.5,11.7,0.0,0.0,0.0,0.0,245
2023-05-10 10:39:00,i2401-C-850,i2401-C-850,11.5,0.0,0.0,0.0,1,11.7,13.2,20,11.5,11.7,0.0,0.0,0.0,0.0,245
2023-05-10 10:40:07,i2401-C-850,i2401-C-850,11.7,1.0,1170.0,-1.0,1,11.7,12.6,1,11.5,11.7,11.7,11.7,1.0,1170.0,244
2023-05-10 10:50:56,i2401-C-850,i2401-C-850,11.7,0.0,0.0,0.0,1,7.9,12.6,1,11.5,11.7,11.7,11.7,1.0,1170.0,244
2023-05-10 10:50:57,i2401-C-850,i2401-C-850,11.7,0.0,0.0,0.0,21,8.0,12.6,1,11.5,11.7,11.7,11.7,1.0,1170.0,244
2023-05-10 10:50:57,i2401-C-850,i2401-C-850,11.7,0.0,0.0,0.0,1,11.3,12.6,1,11.5,11.7,11.7,11.7,1.0,1170.0,244
2023-05-10 10:50:58,i2401-C-850,i2401-C-850,11.7,0.0,0.0,0.0,1,11.3,12.6,21,11.5,11.7,11.7,11.7,1.0,1170.0,244
2023-05-10 10:51:00,i2401-C-850,i2401-C-850,11.7,0.0,0.0,0.0,1,11.3,12.6,1,11.5,11.7,11.7,11.7,1.0,1170.0,244
2023-05-10 10:51:11,i2401-C-850,i2401-C-850,11.7,0.0,0.0,0.0,1,11.3,12.6,21,11.5,11.7,11.7,11.7,1.0,1170.0,244
2023-05-10 10:52:18,i2401-C-850,i2401-C-850,11.7,0.0,0.0,0.0,1,11.3,12.6,1,11.5,11.7,11.7,11.7,1.0,1170.0,244
2023-05-10 10:57:15,i2401-C-850,i2401-C-850,11.7,0.0,0.0,0.0,1,11.3,12.6,21,11.5,11.7,11.7,11.7,1.0,1170.0,244
2023-05-10 11:03:20,i2401-C-850,i2401-C-850,11.7,0.0,0.0,0.0,1,11.3,12.6,1,11.5,11.7,11.7,11.7,1.0,1170.0,244
2023-05-10 11:03:21,i2401-C-850,i2401-C-850,11.7,0.0,0.0,0.0,1,11.3,12.6,21,11.5,11.7,11.7,11.7,1.0,1170.0,244
2023-05-10 11:03:34,i2401-C-850,i2401-C-850,11.7,0.0,0.0,0.0,1,11.3,12.6,1,11.5,11.7,11.7,11.7,1.0,1170.0,244
2023-05-10 11:03:34,i2401-C-850,i2401-C-850,11.7,0.0,0.0,0.0,1,11.3,12.6,21,11.5,11.7,11.7,11.7,1.0,1170.0,244
2023-05-10 11:03:35,i2401-C-850,i2401-C-850,11.7,0.0,0.0,0.0,1,11.3,12.6,1,11.5,11.7,11.7,11.7,1.0,1170.0,244
2023-05-10 11:04:45,i2401-C-850,i2401-C-850,11.7,0.0,0.0,0.0,1,11.3,12.6,21,11.5,11.7,11.7,11.7,1.0,1170.0,244
2023-05-10 11:05:06,i2401-C-850,i2401-C-850,11.7,0.0,0.0,0.0,1,11.3,12.6,1,11.5,11.7,11.7,11.7,1.0,1170.0,244
2023-05-10 11:07:52,i2401-C-850,i2401-C-850,11.7,0.0,0.0,0.0,1,11.3,12.6,21,11.5,11.7,11.7,11.7,1.0,1170.0,244
2023-05-10 11:07:58,i2401-C-850,i2401-C-850,11.7,0.0,0.0,0.0,1,11.3,12.6,1,11.5,11.7,11.7,11.7,1.0,1170.0,244
2023-05-10 11:08:26,i2401-C-850,i2401-C-850,11.7,0.0,0.0,0.0,1,11.3,12.6,21,11.5,11.7,11.7,11.7,1.0,1170.0,244
2023-05-10 11:09:06,i2401-C-850,i2401-C-850,11.7,0.0,0.0,0.0,1,11.3,12.6,1,11.5,11.7,11.7,11.7,1.0,1170.0,244
2023-05-10 11:15:50,i2401-C-850,i2401-C-850,11.7,0.0,0.0,0.0,1,11.3,12.6,21,11.5,11.7,11.7,11.7,1.0,1170.0,244
2023-05-10 11:22:12,i2401-C-850,i2401-C-850,11.7,0.0,0.0,0.0,1,11.3,12.6,1,11.5,11.7,11.7,11.7,1.0,1170.0,244
2023-05-10 11:23:01,i2401-C-850,i2401-C-850,11.7,0.0,0.0,0.0,1,11.3,12.6,21,11.5,11.7,11.7,11.7,1.0,1170.0,244
2023-05-10 11:23:04,i2401-C-850,i2401-C-850,11.7,0.0,0.0,0.0,1,11.3,12.6,1,11.5,11.7,11.7,11.7,1.0,1170.0,244
2023-05-10 11:23:34,i2401-C-850,i2401-C-850,11.7,0.0,0.0,0.0,1,11.3,12.5,20,11.5,11.7,11.7,11.7,1.0,1170.0,244
2023-05-10 11:23:39,i2401-C-850,i2401-C-850,11.7,0.0,0.0,0.0,1,11.3,13.2,20,11.5,11.7,11.7,11.7,1.0,1170.0,244
2023-05-10 11:29:32,i2401-C-850,i2401-C-850,11.7,0.0,0.0,0.0,1,11.3,13.3,1,11.5,11.7,11.7,11.7,1.0,1170.0,244
2023-05-10 13:32:05,i2401-C-850,i2401-C-850,11.7,0.0,0.0,0.0,1,11.3,13.2,20,11.5,11.7,11.7,11.7,1.0,1170.0,244
2023-05-10 13:45:01,i2401-C-850,i2401-C-850,11.7,0.0,0.0,0.0,1,11.3,13.3,1,11.5,11.7,11.7,11.7,1.0,1170.0,244
2023-05-10 13:45:01,i2401-C-850,i2401-C-850,11.7,0.0,0.0,0.0,1,11.8,13.3,21,11.5,11.7,11.7,11.7,1.0,1170.0,244
2023-05-10 14:00:03,i2401-C-850,i2401-C-850,11.7,0.0,0.0,0.0,1,11.8,13.3,1,11.5,11.7,11.7,11.7,1.0,1170.0,244
2023-05-10 14:00:50,i2401-C-850,i2401-C-850,11.7,0.0,0.0,0.0,1,11.8,13.3,21,11.5,11.7,11.7,11.7,1.0,1170.0,244
2023-05-10 14:13:42,i2401-C-850,i2401-C-850,11.7,0.0,0.0,0.0,20,8.0,13.3,21,11.5,11.7,11.7,11.7,1.0,1170.0,244
2023-05-10 14:13:42,i2401-C-850,i2401-C-850,11.7,0.0,0.0,0.0,1,8.7,13.3,21,11.5,11.7,11.7,11.7,1.0,1170.0,244
2023-05-10 14:13:42,i2401-C-850,i2401-C-850,11.7,0.0,0.0,0.0,1,11.3,13.3,21,11.5,11.7,11.7,11.7,1.0,1170.0,244
2023-05-10 14:20:18,i2401-C-850,i2401-C-850,11.7,0.0,0.0,0.0,20,8.0,13.3,21,11.5,11.7,11.7,11.7,1.0,1170.0,244
2023-05-10 14:20:18,i2401-C-850,i2401-C-850,11.7,0.0,0.0,0.0,1,8.7,13.3,21,11.5,11.7,11.7,11.7,1.0,1170.0,244
2023-05-10 14:20:19,i2401-C-850,i2401-C-850,11.7,0.0,0.0,0.0,1,10.9,13.3,21,11.5,11.7,11.7,11.7,1.0,1170.0,244
2023-05-10 14:45:03,i2401-C-850,i2401-C-850,11.7,0.0,0.0,0.0,20,11.0,13.3,21,11.5,11.7,11.7,11.7,1.0,1170.0,244
2023-05-10 14:45:03,i2401-C-850,i2401-C-850,11.7,0.0,0.0,0.0,1,11.4,13.3,21,11.5,11.7,11.7,11.7,1.0,1170.0,244
2023-05-10 14:59:01,i2401-C-850,i2401-C-850,11.7,0.0,0.0,0.0,1,11.4,13.3,1,11.5,11.7,11.7,11.7,1.0,1170.0,244
2023-05-10 14:59:13,i2401-C-850,i2401-C-850,11.7,0.0,0.0,0.0,1,5.2,13.3,1,11.5,11.7,11.7,11.7,1.0,1170.0,244
2023-05-10 14:59:18,i2401-C-850,i2401-C-850,11.7,0.0,0.0,0.0,1,10.5,13.3,1,11.5,11.7,11.7,11.7,1.0,1170.0,244
2023-05-10 14:59:24,i2401-C-850,i2401-C-850,11.7,0.0,0.0,0.0,1,5.2,13.3,1,11.5,11.7,11.7,11.7,1.0,1170.0,244
2023-05-10 14:59:25,i2401-C-850,i2401-C-850,11.7,0.0,0.0,0.0,1,10.5,13.3,1,11.5,11.7,11.7,11.7,1.0,1170.0,244
2023-05-10 14:59:34,i2401-C-850,i2401-C-850,11.7,0.0,0.0,0.0,1,5.2,13.3,1,11.5,11.7,11.7,11.7,1.0,1170.0,244
2023-05-10 14:59:36,i2401-C-850,i2401-C-850,11.7,0.0,0.0,0.0,1,6.5,13.3,1,11.5,11.7,11.7,11.7,1.0,1170.0,244
2023-05-10 14:59:36,i2401-C-850,i2401-C-850,11.7,0.0,0.0,0.0,1,10.5,13.3,1,11.5,11.7,11.7,11.7,1.0,1170.0,244
2023-05-10 14:59:47,i2401-C-850,i2401-C-850,11.7,0.0,0.0,0.0,1,5.2,13.3,1,11.5,11.7,11.7,11.7,1.0,1170.0,244
2023-05-10 14:59:54,i2401-C-850,i2401-C-850,11.7,0.0,0.0,0.0,1,10.5,13.3,1,11.5,11.7,11.7,11.7,1.0,1170.0,244
2023-05-10 15:01:15,i2401-C-850,i2401-C-850,11.7,0.0,0.0,0.0,1,10.5,13.3,1,11.5,11.7,11.7,11.7,1.0,1170.0,244
