time,symbol_id,symbol_name,last,trade_volume,trade_amount,open_interest_change,bv1,bp1,ap1,av1,yesterday_close,today_open,today_high,today_low,volume,amount,open_interest
2023-05-09 20:55:50,i2404-C-820,i2404-C-820,20.1,0.0,0.0,0.0,1,0.1,0.0,0,20.1,0.0,0.0,0.0,0.0,0.0,37
2023-05-09 21:00:12,i2404-C-820,i2404-C-820,20.1,0.0,0.0,0.0,10,1.6,0.0,0,20.1,0.0,0.0,0.0,0.0,0.0,37
2023-05-09 21:00:17,i2404-C-820,i2404-C-820,20.1,0.0,0.0,0.0,11,1.6,0.0,0,20.1,0.0,0.0,0.0,0.0,0.0,37
2023-05-09 21:02:39,i2404-C-820,i2404-C-820,20.1,0.0,0.0,0.0,1,1.7,0.0,0,20.1,0.0,0.0,0.0,0.0,0.0,37
2023-05-09 21:02:39,i2404-C-820,i2404-C-820,20.1,0.0,0.0,0.0,10,1.8,0.0,0,20.1,0.0,0.0,0.0,0.0,0.0,37
2023-05-09 21:04:30,i2404-C-820,i2404-C-820,20.1,0.0,0.0,0.0,1,1.9,0.0,0,20.1,0.0,0.0,0.0,0.0,0.0,37
2023-05-09 21:04:30,i2404-C-820,i2404-C-820,20.1,0.0,0.0,0.0,10,2.0,0.0,0,20.1,0.0,0.0,0.0,0.0,0.0,37
2023-05-09 21:05:28,i2404-C-820,i2404-C-820,20.1,0.0,0.0,0.0,1,2.1,0.0,0,20.1,0.0,0.0,0.0,0.0,0.0,37
2023-05-09 21:05:28,i2404-C-820,i2404-C-820,20.1,0.0,0.0,0.0,10,2.2,0.0,0,20.1,0.0,0.0,0.0,0.0,0.0,37
2023-05-09 21:05:32,i2404-C-820,i2404-C-820,20.1,0.0,0.0,0.0,1,2.3,0.0,0,20.1,0.0,0.0,0.0,0.0,0.0,37
2023-05-09 21:05:32,i2404-C-820,i2404-C-820,20.1,0.0,0.0,0.0,10,2.4,0.0,0,20.1,0.0,0.0,0.0,0.0,0.0,37
2023-05-09 21:05:35,i2404-C-820,i2404-C-820,20.1,0.0,0.0,0.0,1,2.5,0.0,0,20.1,0.0,0.0,0.0,0.0,0.0,37
2023-05-09 21:05:35,i2404-C-820,i2404-C-820,20.1,0.0,0.0,0.0,10,2.6,0.0,0,20.1,0.0,0.0,0.0,0.0,0.0,37
2023-05-09 21:05:37,i2404-C-820,i2404-C-820,20.1,0.0,0.0,0.0,1,2.7,0.0,0,20.1,0.0,0.0,0.0,0.0,0.0,37
2023-05-09 21:05:37,i2404-C-820,i2404-C-820,20.1,0.0,0.0,0.0,10,2.8,0.0,0,20.1,0.0,0.0,0.0,0.0,0.0,37
2023-05-09 21:05:38,i2404-C-820,i2404-C-820,20.1,0.0,0.0,0.0,1,2.9,0.0,0,20.1,0.0,0.0,0.0,0.0,0.0,37
2023-05-09 21:05:38,i2404-C-820,i2404-C-820,20.1,0.0,0.0,0.0,10,3.0,0.0,0,20.1,0.0,0.0,0.0,0.0,0.0,37
2023-05-09 21:05:39,i2404-C-820,i2404-C-820,20.1,0.0,0.0,0.0,1,3.1,0.0,0,20.1,0.0,0.0,0.0,0.0,0.0,37
2023-05-09 21:05:39,i2404-C-820,i2404-C-820,20.1,0.0,0.0,0.0,10,3.2,0.0,0,20.1,0.0,0.0,0.0,0.0,0.0,37
2023-05-09 21:05:40,i2404-C-820,i2404-C-820,20.1,0.0,0.0,0.0,1,3.3,0.0,0,20.1,0.0,0.0,0.0,0.0,0.0,37
2023-05-09 21:05:40,i2404-C-820,i2404-C-820,20.1,0.0,0.0,0.0,10,3.4,0.0,0,20.1,0.0,0.0,0.0,0.0,0.0,37
2023-05-09 21:05:42,i2404-C-820,i2404-C-820,20.1,0.0,0.0,0.0,1,3.5,0.0,0,20.1,0.0,0.0,0.0,0.0,0.0,37
2023-05-09 21:05:42,i2404-C-820,i2404-C-820,20.1,0.0,0.0,0.0,10,3.6,0.0,0,20.1,0.0,0.0,0.0,0.0,0.0,37
2023-05-09 21:05:44,i2404-C-820,i2404-C-820,20.1,0.0,0.0,0.0,1,3.7,0.0,0,20.1,0.0,0.0,0.0,0.0,0.0,37
2023-05-09 21:05:44,i2404-C-820,i2404-C-820,20.1,0.0,0.0,0.0,10,3.8,0.0,0,20.1,0.0,0.0,0.0,0.0,0.0,37
2023-05-09 21:05:46,i2404-C-820,i2404-C-820,20.1,0.0,0.0,0.0,1,3.9,0.0,0,20.1,0.0,0.0,0.0,0.0,0.0,37
2023-05-09 21:05:46,i2404-C-820,i2404-C-820,20.1,0.0,0.0,0.0,10,4.0,0.0,0,20.1,0.0,0.0,0.0,0.0,0.0,37
2023-05-09 21:05:47,i2404-C-820,i2404-C-820,20.1,0.0,0.0,0.0,1,4.1,0.0,0,20.1,0.0,0.0,0.0,0.0,0.0,37
2023-05-09 21:05:47,i2404-C-820,i2404-C-820,20.1,0.0,0.0,0.0,10,4.2,0.0,0,20.1,0.0,0.0,0.0,0.0,0.0,37
2023-05-09 21:05:49,i2404-C-820,i2404-C-820,20.1,0.0,0.0,0.0,1,4.3,0.0,0,20.1,0.0,0.0,0.0,0.0,0.0,37
2023-05-09 21:05:49,i2404-C-820,i2404-C-820,20.1,0.0,0.0,0.0,10,4.4,0.0,0,20.1,0.0,0.0,0.0,0.0,0.0,37
2023-05-09 21:05:50,i2404-C-820,i2404-C-820,20.1,0.0,0.0,0.0,1,4.5,0.0,0,20.1,0.0,0.0,0.0,0.0,0.0,37
2023-05-09 21:05:50,i2404-C-820,i2404-C-820,20.1,0.0,0.0,0.0,10,4.6,0.0,0,20.1,0.0,0.0,0.0,0.0,0.0,37
2023-05-09 21:05:51,i2404-C-820,i2404-C-820,20.1,0.0,0.0,0.0,1,4.7,0.0,0,20.1,0.0,0.0,0.0,0.0,0.0,37
2023-05-09 21:05:51,i2404-C-820,i2404-C-820,20.1,0.0,0.0,0.0,10,4.8,0.0,0,20.1,0.0,0.0,0.0,0.0,0.0,37
2023-05-09 21:05:52,i2404-C-820,i2404-C-820,20.1,0.0,0.0,0.0,1,4.9,0.0,0,20.1,0.0,0.0,0.0,0.0,0.0,37
2023-05-09 21:05:52,i2404-C-820,i2404-C-820,20.1,0.0,0.0,0.0,10,5.0,0.0,0,20.1,0.0,0.0,0.0,0.0,0.0,37
2023-05-09 21:05:54,i2404-C-820,i2404-C-820,20.1,0.0,0.0,0.0,1,5.1,0.0,0,20.1,0.0,0.0,0.0,0.0,0.0,37
2023-05-09 21:05:54,i2404-C-820,i2404-C-820,20.1,0.0,0.0,0.0,10,5.2,0.0,0,20.1,0.0,0.0,0.0,0.0,0.0,37
2023-05-09 21:05:56,i2404-C-820,i2404-C-820,20.1,0.0,0.0,0.0,1,5.3,0.0,0,20.1,0.0,0.0,0.0,0.0,0.0,37
2023-05-09 21:05:56,i2404-C-820,i2404-C-820,20.1,0.0,0.0,0.0,10,5.4,0.0,0,20.1,0.0,0.0,0.0,0.0,0.0,37
2023-05-09 21:05:57,i2404-C-820,i2404-C-820,20.1,0.0,0.0,0.0,1,5.5,0.0,0,20.1,0.0,0.0,0.0,0.0,0.0,37
2023-05-09 21:05:57,i2404-C-820,i2404-C-820,20.1,0.0,0.0,0.0,10,5.6,0.0,0,20.1,0.0,0.0,0.0,0.0,0.0,37
2023-05-09 21:05:59,i2404-C-820,i2404-C-820,20.1,0.0,0.0,0.0,1,5.7,0.0,0,20.1,0.0,0.0,0.0,0.0,0.0,37
2023-05-09 21:05:59,i2404-C-820,i2404-C-820,20.1,0.0,0.0,0.0,10,5.8,0.0,0,20.1,0.0,0.0,0.0,0.0,0.0,37
2023-05-09 21:06:00,i2404-C-820,i2404-C-820,20.1,0.0,0.0,0.0,1,5.9,0.0,0,20.1,0.0,0.0,0.0,0.0,0.0,37
2023-05-09 21:06:00,i2404-C-820,i2404-C-820,20.1,0.0,0.0,0.0,10,6.0,0.0,0,20.1,0.0,0.0,0.0,0.0,0.0,37
2023-05-09 21:06:02,i2404-C-820,i2404-C-820,20.1,0.0,0.0,0.0,1,6.1,0.0,0,20.1,0.0,0.0,0.0,0.0,0.0,37
2023-05-09 21:06:02,i2404-C-820,i2404-C-820,20.1,0.0,0.0,0.0,10,6.2,0.0,0,20.1,0.0,0.0,0.0,0.0,0.0,37
2023-05-09 21:06:03,i2404-C-820,i2404-C-820,20.1,0.0,0.0,0.0,1,6.3,0.0,0,20.1,0.0,0.0,0.0,0.0,0.0,37
2023-05-09 21:06:03,i2404-C-820,i2404-C-820,20.1,0.0,0.0,0.0,10,6.4,0.0,0,20.1,0.0,0.0,0.0,0.0,0.0,37
2023-05-09 21:06:04,i2404-C-820,i2404-C-820,20.1,0.0,0.0,0.0,1,6.5,0.0,0,20.1,0.0,0.0,0.0,0.0,0.0,37
2023-05-09 21:06:04,i2404-C-820,i2404-C-820,20.1,0.0,0.0,0.0,10,6.6,0.0,0,20.1,0.0,0.0,0.0,0.0,0.0,37
2023-05-09 21:06:06,i2404-C-820,i2404-C-820,20.1,0.0,0.0,0.0,1,6.7,0.0,0,20.1,0.0,0.0,0.0,0.0,0.0,37
2023-05-09 21:06:06,i2404-C-820,i2404-C-820,20.1,0.0,0.0,0.0,10,6.8,0.0,0,20.1,0.0,0.0,0.0,0.0,0.0,37
2023-05-09 21:06:07,i2404-C-820,i2404-C-820,20.1,0.0,0.0,0.0,1,6.9,0.0,0,20.1,0.0,0.0,0.0,0.0,0.0,37
2023-05-09 21:06:07,i2404-C-820,i2404-C-820,20.1,0.0,0.0,0.0,10,7.0,0.0,0,20.1,0.0,0.0,0.0,0.0,0.0,37
2023-05-09 21:06:08,i2404-C-820,i2404-C-820,20.1,0.0,0.0,0.0,1,7.1,0.0,0,20.1,0.0,0.0,0.0,0.0,0.0,37
2023-05-09 21:06:08,i2404-C-820,i2404-C-820,20.1,0.0,0.0,0.0,10,7.2,0.0,0,20.1,0.0,0.0,0.0,0.0,0.0,37
2023-05-09 21:06:10,i2404-C-820,i2404-C-820,20.1,0.0,0.0,0.0,1,7.3,0.0,0,20.1,0.0,0.0,0.0,0.0,0.0,37
2023-05-09 21:06:10,i2404-C-820,i2404-C-820,20.1,0.0,0.0,0.0,10,7.4,0.0,0,20.1,0.0,0.0,0.0,0.0,0.0,37
2023-05-09 21:06:11,i2404-C-820,i2404-C-820,20.1,0.0,0.0,0.0,1,7.5,0.0,0,20.1,0.0,0.0,0.0,0.0,0.0,37
2023-05-09 21:06:11,i2404-C-820,i2404-C-820,20.1,0.0,0.0,0.0,10,7.6,0.0,0,20.1,0.0,0.0,0.0,0.0,0.0,37
2023-05-09 21:06:12,i2404-C-820,i2404-C-820,20.1,0.0,0.0,0.0,1,7.7,0.0,0,20.1,0.0,0.0,0.0,0.0,0.0,37
2023-05-09 21:06:12,i2404-C-820,i2404-C-820,20.1,0.0,0.0,0.0,10,7.8,0.0,0,20.1,0.0,0.0,0.0,0.0,0.0,37
2023-05-09 21:06:14,i2404-C-820,i2404-C-820,20.1,0.0,0.0,0.0,1,7.9,0.0,0,20.1,0.0,0.0,0.0,0.0,0.0,37
2023-05-09 21:06:14,i2404-C-820,i2404-C-820,20.1,0.0,0.0,0.0,10,8.0,0.0,0,20.1,0.0,0.0,0.0,0.0,0.0,37
2023-05-09 21:06:46,i2404-C-820,i2404-C-820,20.1,0.0,0.0,0.0,1,8.1,0.0,0,20.1,0.0,0.0,0.0,0.0,0.0,37
2023-05-09 21:06:46,i2404-C-820,i2404-C-820,20.1,0.0,0.0,0.0,10,8.2,0.0,0,20.1,0.0,0.0,0.0,0.0,0.0,37
2023-05-09 21:15:32,i2404-C-820,i2404-C-820,20.1,0.0,0.0,0.0,1,8.3,0.0,0,20.1,0.0,0.0,0.0,0.0,0.0,37
2023-05-09 21:15:32,i2404-C-820,i2404-C-820,20.1,0.0,0.0,0.0,10,8.4,0.0,0,20.1,0.0,0.0,0.0,0.0,0.0,37
2023-05-09 22:16:29,i2404-C-820,i2404-C-820,20.1,0.0,0.0,0.0,1,15.8,19.8,1,20.1,0.0,0.0,0.0,0.0,0.0,37
2023-05-09 22:16:29,i2404-C-820,i2404-C-820,20.1,0.0,0.0,0.0,10,15.9,19.8,1,20.1,0.0,0.0,0.0,0.0,0.0,37
2023-05-09 22:16:34,i2404-C-820,i2404-C-820,20.1,0.0,0.0,0.0,1,16.9,19.8,1,20.1,0.0,0.0,0.0,0.0,0.0,37
2023-05-09 22:16:41,i2404-C-820,i2404-C-820,20.1,0.0,0.0,0.0,1,16.9,20.3,1,20.1,0.0,0.0,0.0,0.0,0.0,37
2023-05-09 22:16:43,i2404-C-820,i2404-C-820,20.1,0.0,0.0,0.0,1,18.0,20.0,1,20.1,0.0,0.0,0.0,0.0,0.0,37
2023-05-09 22:16:54,i2404-C-820,i2404-C-820,20.1,0.0,0.0,0.0,1,17.0,20.3,1,20.1,0.0,0.0,0.0,0.0,0.0,37
2023-05-09 22:16:57,i2404-C-820,i2404-C-820,20.1,0.0,0.0,0.0,1,17.0,21.0,1,20.1,0.0,0.0,0.0,0.0,0.0,37
2023-05-09 22:16:59,i2404-C-820,i2404-C-820,20.1,0.0,0.0,0.0,1,1.6,0.0,0,20.1,0.0,0.0,0.0,0.0,0.0,37
2023-05-09 22:16:59,i2404-C-820,i2404-C-820,20.1,0.0,0.0,0.0,1,2.9,0.0,0,20.1,0.0,0.0,0.0,0.0,0.0,37
2023-05-09 22:16:59,i2404-C-820,i2404-C-820,20.1,0.0,0.0,0.0,10,3.0,0.0,0,20.1,0.0,0.0,0.0,0.0,0.0,37
2023-05-09 22:17:00,i2404-C-820,i2404-C-820,20.1,0.0,0.0,0.0,1,4.3,0.0,0,20.1,0.0,0.0,0.0,0.0,0.0,37
2023-05-09 22:17:00,i2404-C-820,i2404-C-820,20.1,0.0,0.0,0.0,10,4.4,0.0,0,20.1,0.0,0.0,0.0,0.0,0.0,37
2023-05-09 22:17:01,i2404-C-820,i2404-C-820,20.1,0.0,0.0,0.0,1,5.7,0.0,0,20.1,0.0,0.0,0.0,0.0,0.0,37
2023-05-09 22:17:01,i2404-C-820,i2404-C-820,20.1,0.0,0.0,0.0,10,5.8,0.0,0,20.1,0.0,0.0,0.0,0.0,0.0,37
2023-05-09 22:17:02,i2404-C-820,i2404-C-820,20.1,0.0,0.0,0.0,1,6.5,0.0,0,20.1,0.0,0.0,0.0,0.0,0.0,37
2023-05-09 22:17:02,i2404-C-820,i2404-C-820,20.1,0.0,0.0,0.0,10,6.6,0.0,0,20.1,0.0,0.0,0.0,0.0,0.0,37
2023-05-09 22:17:03,i2404-C-820,i2404-C-820,20.1,0.0,0.0,0.0,1,6.7,0.0,0,20.1,0.0,0.0,0.0,0.0,0.0,37
2023-05-09 22:17:03,i2404-C-820,i2404-C-820,20.1,0.0,0.0,0.0,10,6.8,0.0,0,20.1,0.0,0.0,0.0,0.0,0.0,37
2023-05-09 22:17:04,i2404-C-820,i2404-C-820,20.1,0.0,0.0,0.0,1,6.9,0.0,0,20.1,0.0,0.0,0.0,0.0,0.0,37
2023-05-09 22:17:04,i2404-C-820,i2404-C-820,20.1,0.0,0.0,0.0,10,7.0,0.0,0,20.1,0.0,0.0,0.0,0.0,0.0,37
2023-05-09 22:17:05,i2404-C-820,i2404-C-820,20.1,0.0,0.0,0.0,1,7.1,0.0,0,20.1,0.0,0.0,0.0,0.0,0.0,37
2023-05-09 22:17:05,i2404-C-820,i2404-C-820,20.1,0.0,0.0,0.0,10,7.2,0.0,0,20.1,0.0,0.0,0.0,0.0,0.0,37
2023-05-09 22:17:06,i2404-C-820,i2404-C-820,20.1,0.0,0.0,0.0,1,7.3,0.0,0,20.1,0.0,0.0,0.0,0.0,0.0,37
2023-05-09 22:17:06,i2404-C-820,i2404-C-820,20.1,0.0,0.0,0.0,10,7.4,0.0,0,20.1,0.0,0.0,0.0,0.0,0.0,37
2023-05-09 22:17:07,i2404-C-820,i2404-C-820,20.1,0.0,0.0,0.0,1,7.5,0.0,0,20.1,0.0,0.0,0.0,0.0,0.0,37
2023-05-09 22:17:07,i2404-C-820,i2404-C-820,20.1,0.0,0.0,0.0,10,7.6,0.0,0,20.1,0.0,0.0,0.0,0.0,0.0,37
2023-05-09 22:57:32,i2404-C-820,i2404-C-820,20.1,0.0,0.0,0.0,1,1.6,0.0,0,20.1,0.0,0.0,0.0,0.0,0.0,37
2023-05-09 22:58:58,i2404-C-820,i2404-C-820,20.1,0.0,0.0,0.0,1,1.5,0.0,0,20.1,0.0,0.0,0.0,0.0,0.0,37
2023-05-09 22:59:11,i2404-C-820,i2404-C-820,20.1,0.0,0.0,0.0,10,1.6,0.0,0,20.1,0.0,0.0,0.0,0.0,0.0,37
2023-05-09 22:59:55,i2404-C-820,i2404-C-820,20.1,0.0,0.0,0.0,1,1.5,0.0,0,20.1,0.0,0.0,0.0,0.0,0.0,37
2023-05-09 22:59:58,i2404-C-820,i2404-C-820,20.1,0.0,0.0,0.0,1,0.5,0.0,0,20.1,0.0,0.0,0.0,0.0,0.0,37
2023-05-10 09:00:10,i2404-C-820,i2404-C-820,20.1,0.0,0.0,0.0,10,0.6,0.0,0,20.1,0.0,0.0,0.0,0.0,0.0,37
2023-05-10 09:00:14,i2404-C-820,i2404-C-820,20.1,0.0,0.0,0.0,1,1.8,0.0,0,20.1,0.0,0.0,0.0,0.0,0.0,37
2023-05-10 09:00:14,i2404-C-820,i2404-C-820,20.1,0.0,0.0,0.0,10,1.9,0.0,0,20.1,0.0,0.0,0.0,0.0,0.0,37
2023-05-10 09:03:34,i2404-C-820,i2404-C-820,20.1,0.0,0.0,0.0,1,2.0,0.0,0,20.1,0.0,0.0,0.0,0.0,0.0,37
2023-05-10 09:03:34,i2404-C-820,i2404-C-820,20.1,0.0,0.0,0.0,10,2.1,0.0,0,20.1,0.0,0.0,0.0,0.0,0.0,37
2023-05-10 09:04:38,i2404-C-820,i2404-C-820,20.1,0.0,0.0,0.0,1,2.2,0.0,0,20.1,0.0,0.0,0.0,0.0,0.0,37
2023-05-10 09:04:38,i2404-C-820,i2404-C-820,20.1,0.0,0.0,0.0,10,2.3,0.0,0,20.1,0.0,0.0,0.0,0.0,0.0,37
2023-05-10 09:04:48,i2404-C-820,i2404-C-820,20.1,0.0,0.0,0.0,1,2.4,0.0,0,20.1,0.0,0.0,0.0,0.0,0.0,37
2023-05-10 09:04:48,i2404-C-820,i2404-C-820,20.1,0.0,0.0,0.0,10,2.5,0.0,0,20.1,0.0,0.0,0.0,0.0,0.0,37
2023-05-10 09:05:42,i2404-C-820,i2404-C-820,20.1,0.0,0.0,0.0,1,2.6,0.0,0,20.1,0.0,0.0,0.0,0.0,0.0,37
2023-05-10 09:05:42,i2404-C-820,i2404-C-820,20.1,0.0,0.0,0.0,10,2.7,0.0,0,20.1,0.0,0.0,0.0,0.0,0.0,37
2023-05-10 09:06:03,i2404-C-820,i2404-C-820,20.1,0.0,0.0,0.0,1,2.8,0.0,0,20.1,0.0,0.0,0.0,0.0,0.0,37
2023-05-10 09:06:03,i2404-C-820,i2404-C-820,20.1,0.0,0.0,0.0,10,2.9,0.0,0,20.1,0.0,0.0,0.0,0.0,0.0,37
2023-05-10 09:06:07,i2404-C-820,i2404-C-820,20.1,0.0,0.0,0.0,1,3.0,0.0,0,20.1,0.0,0.0,0.0,0.0,0.0,37
2023-05-10 09:06:07,i2404-C-820,i2404-C-820,20.1,0.0,0.0,0.0,10,3.1,0.0,0,20.1,0.0,0.0,0.0,0.0,0.0,37
2023-05-10 09:06:10,i2404-C-820,i2404-C-820,20.1,0.0,0.0,0.0,1,3.2,0.0,0,20.1,0.0,0.0,0.0,0.0,0.0,37
2023-05-10 09:06:10,i2404-C-820,i2404-C-820,20.1,0.0,0.0,0.0,10,3.3,0.0,0,20.1,0.0,0.0,0.0,0.0,0.0,37
2023-05-10 09:06:13,i2404-C-820,i2404-C-820,20.1,0.0,0.0,0.0,1,3.4,0.0,0,20.1,0.0,0.0,0.0,0.0,0.0,37
2023-05-10 09:06:13,i2404-C-820,i2404-C-820,20.1,0.0,0.0,0.0,10,3.5,0.0,0,20.1,0.0,0.0,0.0,0.0,0.0,37
2023-05-10 09:06:19,i2404-C-820,i2404-C-820,20.1,0.0,0.0,0.0,1,3.6,0.0,0,20.1,0.0,0.0,0.0,0.0,0.0,37
2023-05-10 09:06:19,i2404-C-820,i2404-C-820,20.1,0.0,0.0,0.0,10,3.7,0.0,0,20.1,0.0,0.0,0.0,0.0,0.0,37
2023-05-10 09:06:34,i2404-C-820,i2404-C-820,20.1,0.0,0.0,0.0,1,3.8,0.0,0,20.1,0.0,0.0,0.0,0.0,0.0,37
2023-05-10 09:06:34,i2404-C-820,i2404-C-820,20.1,0.0,0.0,0.0,10,3.9,0.0,0,20.1,0.0,0.0,0.0,0.0,0.0,37
2023-05-10 09:06:45,i2404-C-820,i2404-C-820,20.1,0.0,0.0,0.0,1,4.0,0.0,0,20.1,0.0,0.0,0.0,0.0,0.0,37
2023-05-10 09:06:45,i2404-C-820,i2404-C-820,20.1,0.0,0.0,0.0,10,4.1,0.0,0,20.1,0.0,0.0,0.0,0.0,0.0,37
2023-05-10 09:06:52,i2404-C-820,i2404-C-820,20.1,0.0,0.0,0.0,1,4.2,0.0,0,20.1,0.0,0.0,0.0,0.0,0.0,37
2023-05-10 09:06:52,i2404-C-820,i2404-C-820,20.1,0.0,0.0,0.0,10,4.3,0.0,0,20.1,0.0,0.0,0.0,0.0,0.0,37
2023-05-10 09:07:02,i2404-C-820,i2404-C-820,20.1,0.0,0.0,0.0,1,4.4,0.0,0,20.1,0.0,0.0,0.0,0.0,0.0,37
2023-05-10 09:07:02,i2404-C-820,i2404-C-820,20.1,0.0,0.0,0.0,10,4.5,0.0,0,20.1,0.0,0.0,0.0,0.0,0.0,37
2023-05-10 09:07:14,i2404-C-820,i2404-C-820,20.1,0.0,0.0,0.0,1,4.6,0.0,0,20.1,0.0,0.0,0.0,0.0,0.0,37
2023-05-10 09:07:14,i2404-C-820,i2404-C-820,20.1,0.0,0.0,0.0,10,4.7,0.0,0,20.1,0.0,0.0,0.0,0.0,0.0,37
2023-05-10 09:07:27,i2404-C-820,i2404-C-820,20.1,0.0,0.0,0.0,1,4.8,0.0,0,20.1,0.0,0.0,0.0,0.0,0.0,37
2023-05-10 09:07:27,i2404-C-820,i2404-C-820,20.1,0.0,0.0,0.0,10,4.9,0.0,0,20.1,0.0,0.0,0.0,0.0,0.0,37
2023-05-10 09:09:17,i2404-C-820,i2404-C-820,20.1,0.0,0.0,0.0,1,5.0,0.0,0,20.1,0.0,0.0,0.0,0.0,0.0,37
2023-05-10 09:09:17,i2404-C-820,i2404-C-820,20.1,0.0,0.0,0.0,10,5.1,0.0,0,20.1,0.0,0.0,0.0,0.0,0.0,37
2023-05-10 09:09:35,i2404-C-820,i2404-C-820,20.1,0.0,0.0,0.0,1,5.2,0.0,0,20.1,0.0,0.0,0.0,0.0,0.0,37
2023-05-10 09:09:35,i2404-C-820,i2404-C-820,20.1,0.0,0.0,0.0,10,5.3,0.0,0,20.1,0.0,0.0,0.0,0.0,0.0,37
2023-05-10 09:09:38,i2404-C-820,i2404-C-820,20.1,0.0,0.0,0.0,1,5.4,0.0,0,20.1,0.0,0.0,0.0,0.0,0.0,37
2023-05-10 09:09:38,i2404-C-820,i2404-C-820,20.1,0.0,0.0,0.0,10,5.5,0.0,0,20.1,0.0,0.0,0.0,0.0,0.0,37
2023-05-10 09:09:44,i2404-C-820,i2404-C-820,20.1,0.0,0.0,0.0,1,5.6,0.0,0,20.1,0.0,0.0,0.0,0.0,0.0,37
2023-05-10 09:09:44,i2404-C-820,i2404-C-820,20.1,0.0,0.0,0.0,10,5.7,0.0,0,20.1,0.0,0.0,0.0,0.0,0.0,37
2023-05-10 09:09:55,i2404-C-820,i2404-C-820,20.1,0.0,0.0,0.0,1,5.8,0.0,0,20.1,0.0,0.0,0.0,0.0,0.0,37
2023-05-10 09:09:55,i2404-C-820,i2404-C-820,20.1,0.0,0.0,0.0,10,5.9,0.0,0,20.1,0.0,0.0,0.0,0.0,0.0,37
2023-05-10 09:09:58,i2404-C-820,i2404-C-820,20.1,0.0,0.0,0.0,1,6.0,0.0,0,20.1,0.0,0.0,0.0,0.0,0.0,37
2023-05-10 09:09:58,i2404-C-820,i2404-C-820,20.1,0.0,0.0,0.0,10,6.1,0.0,0,20.1,0.0,0.0,0.0,0.0,0.0,37
2023-05-10 09:10:01,i2404-C-820,i2404-C-820,20.1,0.0,0.0,0.0,1,6.2,0.0,0,20.1,0.0,0.0,0.0,0.0,0.0,37
2023-05-10 09:10:01,i2404-C-820,i2404-C-820,20.1,0.0,0.0,0.0,10,6.3,0.0,0,20.1,0.0,0.0,0.0,0.0,0.0,37
2023-05-10 09:10:05,i2404-C-820,i2404-C-820,20.1,0.0,0.0,0.0,1,6.4,0.0,0,20.1,0.0,0.0,0.0,0.0,0.0,37
2023-05-10 09:10:05,i2404-C-820,i2404-C-820,20.1,0.0,0.0,0.0,10,6.5,0.0,0,20.1,0.0,0.0,0.0,0.0,0.0,37
2023-05-10 09:10:07,i2404-C-820,i2404-C-820,20.1,0.0,0.0,0.0,1,6.6,0.0,0,20.1,0.0,0.0,0.0,0.0,0.0,37
2023-05-10 09:10:07,i2404-C-820,i2404-C-820,20.1,0.0,0.0,0.0,10,6.7,0.0,0,20.1,0.0,0.0,0.0,0.0,0.0,37
2023-05-10 09:10:08,i2404-C-820,i2404-C-820,20.1,0.0,0.0,0.0,1,6.8,0.0,0,20.1,0.0,0.0,0.0,0.0,0.0,37
2023-05-10 09:10:08,i2404-C-820,i2404-C-820,20.1,0.0,0.0,0.0,10,6.9,0.0,0,20.1,0.0,0.0,0.0,0.0,0.0,37
2023-05-10 09:10:10,i2404-C-820,i2404-C-820,20.1,0.0,0.0,0.0,1,7.0,0.0,0,20.1,0.0,0.0,0.0,0.0,0.0,37
2023-05-10 09:10:10,i2404-C-820,i2404-C-820,20.1,0.0,0.0,0.0,10,7.1,0.0,0,20.1,0.0,0.0,0.0,0.0,0.0,37
2023-05-10 09:10:12,i2404-C-820,i2404-C-820,20.1,0.0,0.0,0.0,1,7.2,0.0,0,20.1,0.0,0.0,0.0,0.0,0.0,37
2023-05-10 09:10:12,i2404-C-820,i2404-C-820,20.1,0.0,0.0,0.0,10,7.3,0.0,0,20.1,0.0,0.0,0.0,0.0,0.0,37
2023-05-10 09:10:13,i2404-C-820,i2404-C-820,20.1,0.0,0.0,0.0,1,7.4,0.0,0,20.1,0.0,0.0,0.0,0.0,0.0,37
2023-05-10 09:10:13,i2404-C-820,i2404-C-820,20.1,0.0,0.0,0.0,10,7.5,0.0,0,20.1,0.0,0.0,0.0,0.0,0.0,37
2023-05-10 09:10:14,i2404-C-820,i2404-C-820,20.1,0.0,0.0,0.0,1,7.6,0.0,0,20.1,0.0,0.0,0.0,0.0,0.0,37
2023-05-10 09:10:14,i2404-C-820,i2404-C-820,20.1,0.0,0.0,0.0,10,7.7,0.0,0,20.1,0.0,0.0,0.0,0.0,0.0,37
2023-05-10 09:10:16,i2404-C-820,i2404-C-820,20.1,0.0,0.0,0.0,1,7.8,0.0,0,20.1,0.0,0.0,0.0,0.0,0.0,37
2023-05-10 09:10:16,i2404-C-820,i2404-C-820,20.1,0.0,0.0,0.0,10,7.9,0.0,0,20.1,0.0,0.0,0.0,0.0,0.0,37
2023-05-10 09:10:17,i2404-C-820,i2404-C-820,20.1,0.0,0.0,0.0,1,8.0,0.0,0,20.1,0.0,0.0,0.0,0.0,0.0,37
2023-05-10 09:10:17,i2404-C-820,i2404-C-820,20.1,0.0,0.0,0.0,10,8.1,0.0,0,20.1,0.0,0.0,0.0,0.0,0.0,37
2023-05-10 09:10:22,i2404-C-820,i2404-C-820,20.1,0.0,0.0,0.0,1,8.2,0.0,0,20.1,0.0,0.0,0.0,0.0,0.0,37
2023-05-10 09:10:22,i2404-C-820,i2404-C-820,20.1,0.0,0.0,0.0,10,8.3,0.0,0,20.1,0.0,0.0,0.0,0.0,0.0,37
2023-05-10 10:14:32,i2404-C-820,i2404-C-820,20.1,0.0,0.0,0.0,1,1.8,0.0,0,20.1,0.0,0.0,0.0,0.0,0.0,37
2023-05-10 10:30:05,i2404-C-820,i2404-C-820,20.1,0.0,0.0,0.0,10,1.9,0.0,0,20.1,0.0,0.0,0.0,0.0,0.0,37
2023-05-10 10:30:52,i2404-C-820,i2404-C-820,20.1,0.0,0.0,0.0,1,2.0,0.0,0,20.1,0.0,0.0,0.0,0.0,0.0,37
2023-05-10 10:30:52,i2404-C-820,i2404-C-820,20.1,0.0,0.0,0.0,10,2.1,0.0,0,20.1,0.0,0.0,0.0,0.0,0.0,37
2023-05-10 10:33:08,i2404-C-820,i2404-C-820,20.1,0.0,0.0,0.0,1,2.2,0.0,0,20.1,0.0,0.0,0.0,0.0,0.0,37
2023-05-10 10:33:08,i2404-C-820,i2404-C-820,20.1,0.0,0.0,0.0,10,2.3,0.0,0,20.1,0.0,0.0,0.0,0.0,0.0,37
2023-05-10 10:33:11,i2404-C-820,i2404-C-820,20.1,0.0,0.0,0.0,1,2.4,0.0,0,20.1,0.0,0.0,0.0,0.0,0.0,37
2023-05-10 10:33:11,i2404-C-820,i2404-C-820,20.1,0.0,0.0,0.0,10,2.5,0.0,0,20.1,0.0,0.0,0.0,0.0,0.0,37
2023-05-10 10:33:20,i2404-C-820,i2404-C-820,20.1,0.0,0.0,0.0,1,2.6,0.0,0,20.1,0.0,0.0,0.0,0.0,0.0,37
2023-05-10 10:33:20,i2404-C-820,i2404-C-820,20.1,0.0,0.0,0.0,10,2.7,0.0,0,20.1,0.0,0.0,0.0,0.0,0.0,37
2023-05-10 10:33:57,i2404-C-820,i2404-C-820,20.1,0.0,0.0,0.0,1,2.8,0.0,0,20.1,0.0,0.0,0.0,0.0,0.0,37
2023-05-10 10:33:57,i2404-C-820,i2404-C-820,20.1,0.0,0.0,0.0,10,2.9,0.0,0,20.1,0.0,0.0,0.0,0.0,0.0,37
2023-05-10 10:34:09,i2404-C-820,i2404-C-820,20.1,0.0,0.0,0.0,1,3.0,0.0,0,20.1,0.0,0.0,0.0,0.0,0.0,37
2023-05-10 10:34:09,i2404-C-820,i2404-C-820,20.1,0.0,0.0,0.0,10,3.1,0.0,0,20.1,0.0,0.0,0.0,0.0,0.0,37
2023-05-10 10:34:11,i2404-C-820,i2404-C-820,20.1,0.0,0.0,0.0,1,3.2,0.0,0,20.1,0.0,0.0,0.0,0.0,0.0,37
2023-05-10 10:34:11,i2404-C-820,i2404-C-820,20.1,0.0,0.0,0.0,10,3.3,0.0,0,20.1,0.0,0.0,0.0,0.0,0.0,37
2023-05-10 10:34:12,i2404-C-820,i2404-C-820,20.1,0.0,0.0,0.0,1,3.4,0.0,0,20.1,0.0,0.0,0.0,0.0,0.0,37
2023-05-10 10:34:12,i2404-C-820,i2404-C-820,20.1,0.0,0.0,0.0,10,3.5,0.0,0,20.1,0.0,0.0,0.0,0.0,0.0,37
2023-05-10 10:34:14,i2404-C-820,i2404-C-820,20.1,0.0,0.0,0.0,1,3.6,0.0,0,20.1,0.0,0.0,0.0,0.0,0.0,37
2023-05-10 10:34:14,i2404-C-820,i2404-C-820,20.1,0.0,0.0,0.0,10,3.7,0.0,0,20.1,0.0,0.0,0.0,0.0,0.0,37
2023-05-10 10:34:15,i2404-C-820,i2404-C-820,20.1,0.0,0.0,0.0,1,3.8,0.0,0,20.1,0.0,0.0,0.0,0.0,0.0,37
2023-05-10 10:34:15,i2404-C-820,i2404-C-820,20.1,0.0,0.0,0.0,10,3.9,0.0,0,20.1,0.0,0.0,0.0,0.0,0.0,37
2023-05-10 10:34:16,i2404-C-820,i2404-C-820,20.1,0.0,0.0,0.0,1,4.0,0.0,0,20.1,0.0,0.0,0.0,0.0,0.0,37
2023-05-10 10:34:16,i2404-C-820,i2404-C-820,20.1,0.0,0.0,0.0,10,4.1,0.0,0,20.1,0.0,0.0,0.0,0.0,0.0,37
2023-05-10 10:34:18,i2404-C-820,i2404-C-820,20.1,0.0,0.0,0.0,1,4.2,0.0,0,20.1,0.0,0.0,0.0,0.0,0.0,37
2023-05-10 10:34:18,i2404-C-820,i2404-C-820,20.1,0.0,0.0,0.0,10,4.3,0.0,0,20.1,0.0,0.0,0.0,0.0,0.0,37
2023-05-10 10:34:19,i2404-C-820,i2404-C-820,20.1,0.0,0.0,0.0,1,4.4,0.0,0,20.1,0.0,0.0,0.0,0.0,0.0,37
2023-05-10 10:34:19,i2404-C-820,i2404-C-820,20.1,0.0,0.0,0.0,10,4.5,0.0,0,20.1,0.0,0.0,0.0,0.0,0.0,37
2023-05-10 10:34:20,i2404-C-820,i2404-C-820,20.1,0.0,0.0,0.0,1,4.6,0.0,0,20.1,0.0,0.0,0.0,0.0,0.0,37
2023-05-10 10:34:20,i2404-C-820,i2404-C-820,20.1,0.0,0.0,0.0,10,4.7,0.0,0,20.1,0.0,0.0,0.0,0.0,0.0,37
2023-05-10 10:34:21,i2404-C-820,i2404-C-820,20.1,0.0,0.0,0.0,1,4.8,0.0,0,20.1,0.0,0.0,0.0,0.0,0.0,37
2023-05-10 10:34:21,i2404-C-820,i2404-C-820,20.1,0.0,0.0,0.0,10,4.9,0.0,0,20.1,0.0,0.0,0.0,0.0,0.0,37
2023-05-10 10:34:23,i2404-C-820,i2404-C-820,20.1,0.0,0.0,0.0,1,5.0,0.0,0,20.1,0.0,0.0,0.0,0.0,0.0,37
2023-05-10 10:34:23,i2404-C-820,i2404-C-820,20.1,0.0,0.0,0.0,10,5.1,0.0,0,20.1,0.0,0.0,0.0,0.0,0.0,37
2023-05-10 10:34:24,i2404-C-820,i2404-C-820,20.1,0.0,0.0,0.0,1,5.2,0.0,0,20.1,0.0,0.0,0.0,0.0,0.0,37
2023-05-10 10:34:24,i2404-C-820,i2404-C-820,20.1,0.0,0.0,0.0,10,5.3,0.0,0,20.1,0.0,0.0,0.0,0.0,0.0,37
2023-05-10 10:34:25,i2404-C-820,i2404-C-820,20.1,0.0,0.0,0.0,1,5.4,0.0,0,20.1,0.0,0.0,0.0,0.0,0.0,37
2023-05-10 10:34:25,i2404-C-820,i2404-C-820,20.1,0.0,0.0,0.0,10,5.5,0.0,0,20.1,0.0,0.0,0.0,0.0,0.0,37
2023-05-10 10:34:26,i2404-C-820,i2404-C-820,20.1,0.0,0.0,0.0,1,5.6,0.0,0,20.1,0.0,0.0,0.0,0.0,0.0,37
2023-05-10 10:34:26,i2404-C-820,i2404-C-820,20.1,0.0,0.0,0.0,10,5.7,0.0,0,20.1,0.0,0.0,0.0,0.0,0.0,37
2023-05-10 10:34:28,i2404-C-820,i2404-C-820,20.1,0.0,0.0,0.0,1,5.8,0.0,0,20.1,0.0,0.0,0.0,0.0,0.0,37
2023-05-10 10:34:28,i2404-C-820,i2404-C-820,20.1,0.0,0.0,0.0,10,5.9,0.0,0,20.1,0.0,0.0,0.0,0.0,0.0,37
2023-05-10 10:34:29,i2404-C-820,i2404-C-820,20.1,0.0,0.0,0.0,1,6.0,0.0,0,20.1,0.0,0.0,0.0,0.0,0.0,37
2023-05-10 10:34:29,i2404-C-820,i2404-C-820,20.1,0.0,0.0,0.0,10,6.1,0.0,0,20.1,0.0,0.0,0.0,0.0,0.0,37
2023-05-10 10:34:30,i2404-C-820,i2404-C-820,20.1,0.0,0.0,0.0,1,6.2,0.0,0,20.1,0.0,0.0,0.0,0.0,0.0,37
2023-05-10 10:34:30,i2404-C-820,i2404-C-820,20.1,0.0,0.0,0.0,10,6.3,0.0,0,20.1,0.0,0.0,0.0,0.0,0.0,37
2023-05-10 10:34:32,i2404-C-820,i2404-C-820,20.1,0.0,0.0,0.0,1,6.4,0.0,0,20.1,0.0,0.0,0.0,0.0,0.0,37
2023-05-10 10:34:32,i2404-C-820,i2404-C-820,20.1,0.0,0.0,0.0,10,6.5,0.0,0,20.1,0.0,0.0,0.0,0.0,0.0,37
2023-05-10 10:34:33,i2404-C-820,i2404-C-820,20.1,0.0,0.0,0.0,1,6.6,0.0,0,20.1,0.0,0.0,0.0,0.0,0.0,37
2023-05-10 10:34:33,i2404-C-820,i2404-C-820,20.1,0.0,0.0,0.0,10,6.7,0.0,0,20.1,0.0,0.0,0.0,0.0,0.0,37
2023-05-10 10:34:36,i2404-C-820,i2404-C-820,20.1,0.0,0.0,0.0,1,6.8,0.0,0,20.1,0.0,0.0,0.0,0.0,0.0,37
2023-05-10 10:34:36,i2404-C-820,i2404-C-820,20.1,0.0,0.0,0.0,10,6.9,0.0,0,20.1,0.0,0.0,0.0,0.0,0.0,37
2023-05-10 10:34:38,i2404-C-820,i2404-C-820,20.1,0.0,0.0,0.0,1,7.0,0.0,0,20.1,0.0,0.0,0.0,0.0,0.0,37
2023-05-10 10:34:38,i2404-C-820,i2404-C-820,20.1,0.0,0.0,0.0,10,7.1,0.0,0,20.1,0.0,0.0,0.0,0.0,0.0,37
2023-05-10 10:34:40,i2404-C-820,i2404-C-820,20.1,0.0,0.0,0.0,1,7.2,0.0,0,20.1,0.0,0.0,0.0,0.0,0.0,37
2023-05-10 10:34:40,i2404-C-820,i2404-C-820,20.1,0.0,0.0,0.0,10,7.3,0.0,0,20.1,0.0,0.0,0.0,0.0,0.0,37
2023-05-10 10:34:42,i2404-C-820,i2404-C-820,20.1,0.0,0.0,0.0,1,7.4,0.0,0,20.1,0.0,0.0,0.0,0.0,0.0,37
2023-05-10 10:34:42,i2404-C-820,i2404-C-820,20.1,0.0,0.0,0.0,10,7.5,0.0,0,20.1,0.0,0.0,0.0,0.0,0.0,37
2023-05-10 10:34:44,i2404-C-820,i2404-C-820,20.1,0.0,0.0,0.0,1,7.6,0.0,0,20.1,0.0,0.0,0.0,0.0,0.0,37
2023-05-10 10:34:44,i2404-C-820,i2404-C-820,20.1,0.0,0.0,0.0,10,7.7,0.0,0,20.1,0.0,0.0,0.0,0.0,0.0,37
2023-05-10 10:34:45,i2404-C-820,i2404-C-820,20.1,0.0,0.0,0.0,1,7.8,0.0,0,20.1,0.0,0.0,0.0,0.0,0.0,37
2023-05-10 10:34:45,i2404-C-820,i2404-C-820,20.1,0.0,0.0,0.0,10,7.9,0.0,0,20.1,0.0,0.0,0.0,0.0,0.0,37
2023-05-10 10:34:47,i2404-C-820,i2404-C-820,20.1,0.0,0.0,0.0,1,8.0,0.0,0,20.1,0.0,0.0,0.0,0.0,0.0,37
2023-05-10 10:34:47,i2404-C-820,i2404-C-820,20.1,0.0,0.0,0.0,10,8.1,0.0,0,20.1,0.0,0.0,0.0,0.0,0.0,37
2023-05-10 10:34:48,i2404-C-820,i2404-C-820,20.1,0.0,0.0,0.0,1,8.2,0.0,0,20.1,0.0,0.0,0.0,0.0,0.0,37
2023-05-10 10:34:48,i2404-C-820,i2404-C-820,20.1,0.0,0.0,0.0,10,8.3,0.0,0,20.1,0.0,0.0,0.0,0.0,0.0,37
2023-05-10 11:29:32,i2404-C-820,i2404-C-820,20.1,0.0,0.0,0.0,1,1.8,0.0,0,20.1,0.0,0.0,0.0,0.0,0.0,37
2023-05-10 13:30:02,i2404-C-820,i2404-C-820,20.1,0.0,0.0,0.0,10,1.9,0.0,0,20.1,0.0,0.0,0.0,0.0,0.0,37
2023-05-10 13:31:50,i2404-C-820,i2404-C-820,20.1,0.0,0.0,0.0,1,2.0,0.0,0,20.1,0.0,0.0,0.0,0.0,0.0,37
2023-05-10 13:31:50,i2404-C-820,i2404-C-820,20.1,0.0,0.0,0.0,10,2.1,0.0,0,20.1,0.0,0.0,0.0,0.0,0.0,37
2023-05-10 13:32:01,i2404-C-820,i2404-C-820,20.1,0.0,0.0,0.0,1,2.2,0.0,0,20.1,0.0,0.0,0.0,0.0,0.0,37
2023-05-10 13:32:01,i2404-C-820,i2404-C-820,20.1,0.0,0.0,0.0,10,2.3,0.0,0,20.1,0.0,0.0,0.0,0.0,0.0,37
2023-05-10 13:32:05,i2404-C-820,i2404-C-820,20.1,0.0,0.0,0.0,1,2.4,0.0,0,20.1,0.0,0.0,0.0,0.0,0.0,37
2023-05-10 13:32:05,i2404-C-820,i2404-C-820,20.1,0.0,0.0,0.0,10,2.5,0.0,0,20.1,0.0,0.0,0.0,0.0,0.0,37
2023-05-10 13:32:09,i2404-C-820,i2404-C-820,20.1,0.0,0.0,0.0,1,2.6,0.0,0,20.1,0.0,0.0,0.0,0.0,0.0,37
2023-05-10 13:32:09,i2404-C-820,i2404-C-820,20.1,0.0,0.0,0.0,10,2.7,0.0,0,20.1,0.0,0.0,0.0,0.0,0.0,37
2023-05-10 13:32:13,i2404-C-820,i2404-C-820,20.1,0.0,0.0,0.0,1,2.8,0.0,0,20.1,0.0,0.0,0.0,0.0,0.0,37
2023-05-10 13:32:13,i2404-C-820,i2404-C-820,20.1,0.0,0.0,0.0,10,2.9,0.0,0,20.1,0.0,0.0,0.0,0.0,0.0,37
2023-05-10 13:32:14,i2404-C-820,i2404-C-820,20.1,0.0,0.0,0.0,1,3.0,0.0,0,20.1,0.0,0.0,0.0,0.0,0.0,37
2023-05-10 13:32:14,i2404-C-820,i2404-C-820,20.1,0.0,0.0,0.0,10,3.1,0.0,0,20.1,0.0,0.0,0.0,0.0,0.0,37
2023-05-10 13:32:16,i2404-C-820,i2404-C-820,20.1,0.0,0.0,0.0,1,3.2,0.0,0,20.1,0.0,0.0,0.0,0.0,0.0,37
2023-05-10 13:32:16,i2404-C-820,i2404-C-820,20.1,0.0,0.0,0.0,10,3.3,0.0,0,20.1,0.0,0.0,0.0,0.0,0.0,37
2023-05-10 13:32:17,i2404-C-820,i2404-C-820,20.1,0.0,0.0,0.0,1,3.4,0.0,0,20.1,0.0,0.0,0.0,0.0,0.0,37
2023-05-10 13:32:17,i2404-C-820,i2404-C-820,20.1,0.0,0.0,0.0,10,3.5,0.0,0,20.1,0.0,0.0,0.0,0.0,0.0,37
2023-05-10 13:32:20,i2404-C-820,i2404-C-820,20.1,0.0,0.0,0.0,1,3.6,0.0,0,20.1,0.0,0.0,0.0,0.0,0.0,37
2023-05-10 13:32:20,i2404-C-820,i2404-C-820,20.1,0.0,0.0,0.0,10,3.7,0.0,0,20.1,0.0,0.0,0.0,0.0,0.0,37
2023-05-10 13:32:22,i2404-C-820,i2404-C-820,20.1,0.0,0.0,0.0,1,3.8,0.0,0,20.1,0.0,0.0,0.0,0.0,0.0,37
2023-05-10 13:32:22,i2404-C-820,i2404-C-820,20.1,0.0,0.0,0.0,10,3.9,0.0,0,20.1,0.0,0.0,0.0,0.0,0.0,37
2023-05-10 13:32:23,i2404-C-820,i2404-C-820,20.1,0.0,0.0,0.0,1,4.0,0.0,0,20.1,0.0,0.0,0.0,0.0,0.0,37
2023-05-10 13:32:23,i2404-C-820,i2404-C-820,20.1,0.0,0.0,0.0,10,4.1,0.0,0,20.1,0.0,0.0,0.0,0.0,0.0,37
2023-05-10 13:32:27,i2404-C-820,i2404-C-820,20.1,0.0,0.0,0.0,1,4.2,0.0,0,20.1,0.0,0.0,0.0,0.0,0.0,37
2023-05-10 13:32:27,i2404-C-820,i2404-C-820,20.1,0.0,0.0,0.0,10,4.3,0.0,0,20.1,0.0,0.0,0.0,0.0,0.0,37
2023-05-10 13:32:29,i2404-C-820,i2404-C-820,20.1,0.0,0.0,0.0,1,4.4,0.0,0,20.1,0.0,0.0,0.0,0.0,0.0,37
2023-05-10 13:32:29,i2404-C-820,i2404-C-820,20.1,0.0,0.0,0.0,10,4.5,0.0,0,20.1,0.0,0.0,0.0,0.0,0.0,37
2023-05-10 13:32:30,i2404-C-820,i2404-C-820,20.1,0.0,0.0,0.0,1,4.6,0.0,0,20.1,0.0,0.0,0.0,0.0,0.0,37
2023-05-10 13:32:30,i2404-C-820,i2404-C-820,20.1,0.0,0.0,0.0,10,4.7,0.0,0,20.1,0.0,0.0,0.0,0.0,0.0,37
2023-05-10 13:32:33,i2404-C-820,i2404-C-820,20.1,0.0,0.0,0.0,1,4.8,0.0,0,20.1,0.0,0.0,0.0,0.0,0.0,37
2023-05-10 13:32:33,i2404-C-820,i2404-C-820,20.1,0.0,0.0,0.0,10,4.9,0.0,0,20.1,0.0,0.0,0.0,0.0,0.0,37
2023-05-10 13:32:34,i2404-C-820,i2404-C-820,20.1,0.0,0.0,0.0,1,5.0,0.0,0,20.1,0.0,0.0,0.0,0.0,0.0,37
2023-05-10 13:32:34,i2404-C-820,i2404-C-820,20.1,0.0,0.0,0.0,10,5.1,0.0,0,20.1,0.0,0.0,0.0,0.0,0.0,37
2023-05-10 13:32:38,i2404-C-820,i2404-C-820,20.1,0.0,0.0,0.0,1,5.2,0.0,0,20.1,0.0,0.0,0.0,0.0,0.0,37
2023-05-10 13:32:38,i2404-C-820,i2404-C-820,20.1,0.0,0.0,0.0,10,5.3,0.0,0,20.1,0.0,0.0,0.0,0.0,0.0,37
2023-05-10 13:32:39,i2404-C-820,i2404-C-820,20.1,0.0,0.0,0.0,1,5.4,0.0,0,20.1,0.0,0.0,0.0,0.0,0.0,37
2023-05-10 13:32:39,i2404-C-820,i2404-C-820,20.1,0.0,0.0,0.0,10,5.5,0.0,0,20.1,0.0,0.0,0.0,0.0,0.0,37
2023-05-10 13:32:40,i2404-C-820,i2404-C-820,20.1,0.0,0.0,0.0,1,5.6,0.0,0,20.1,0.0,0.0,0.0,0.0,0.0,37
2023-05-10 13:32:40,i2404-C-820,i2404-C-820,20.1,0.0,0.0,0.0,10,5.7,0.0,0,20.1,0.0,0.0,0.0,0.0,0.0,37
2023-05-10 13:32:41,i2404-C-820,i2404-C-820,20.1,0.0,0.0,0.0,1,5.8,0.0,0,20.1,0.0,0.0,0.0,0.0,0.0,37
2023-05-10 13:32:41,i2404-C-820,i2404-C-820,20.1,0.0,0.0,0.0,10,5.9,0.0,0,20.1,0.0,0.0,0.0,0.0,0.0,37
2023-05-10 13:32:43,i2404-C-820,i2404-C-820,20.1,0.0,0.0,0.0,1,6.0,0.0,0,20.1,0.0,0.0,0.0,0.0,0.0,37
2023-05-10 13:32:43,i2404-C-820,i2404-C-820,20.1,0.0,0.0,0.0,10,6.1,0.0,0,20.1,0.0,0.0,0.0,0.0,0.0,37
2023-05-10 13:32:45,i2404-C-820,i2404-C-820,20.1,0.0,0.0,0.0,1,6.2,0.0,0,20.1,0.0,0.0,0.0,0.0,0.0,37
2023-05-10 13:32:45,i2404-C-820,i2404-C-820,20.1,0.0,0.0,0.0,10,6.3,0.0,0,20.1,0.0,0.0,0.0,0.0,0.0,37
2023-05-10 13:32:46,i2404-C-820,i2404-C-820,20.1,0.0,0.0,0.0,1,6.4,0.0,0,20.1,0.0,0.0,0.0,0.0,0.0,37
2023-05-10 13:32:46,i2404-C-820,i2404-C-820,20.1,0.0,0.0,0.0,10,6.5,0.0,0,20.1,0.0,0.0,0.0,0.0,0.0,37
2023-05-10 13:32:47,i2404-C-820,i2404-C-820,20.1,0.0,0.0,0.0,1,6.6,0.0,0,20.1,0.0,0.0,0.0,0.0,0.0,37
2023-05-10 13:32:47,i2404-C-820,i2404-C-820,20.1,0.0,0.0,0.0,10,6.7,0.0,0,20.1,0.0,0.0,0.0,0.0,0.0,37
2023-05-10 13:32:48,i2404-C-820,i2404-C-820,20.1,0.0,0.0,0.0,1,6.8,0.0,0,20.1,0.0,0.0,0.0,0.0,0.0,37
2023-05-10 13:32:48,i2404-C-820,i2404-C-820,20.1,0.0,0.0,0.0,10,6.9,0.0,0,20.1,0.0,0.0,0.0,0.0,0.0,37
2023-05-10 13:32:50,i2404-C-820,i2404-C-820,20.1,0.0,0.0,0.0,1,7.0,0.0,0,20.1,0.0,0.0,0.0,0.0,0.0,37
2023-05-10 13:32:50,i2404-C-820,i2404-C-820,20.1,0.0,0.0,0.0,10,7.1,0.0,0,20.1,0.0,0.0,0.0,0.0,0.0,37
2023-05-10 13:32:51,i2404-C-820,i2404-C-820,20.1,0.0,0.0,0.0,1,7.2,0.0,0,20.1,0.0,0.0,0.0,0.0,0.0,37
2023-05-10 13:32:51,i2404-C-820,i2404-C-820,20.1,0.0,0.0,0.0,10,7.3,0.0,0,20.1,0.0,0.0,0.0,0.0,0.0,37
2023-05-10 13:32:55,i2404-C-820,i2404-C-820,20.1,0.0,0.0,0.0,1,7.4,0.0,0,20.1,0.0,0.0,0.0,0.0,0.0,37
2023-05-10 13:32:55,i2404-C-820,i2404-C-820,20.1,0.0,0.0,0.0,10,7.5,0.0,0,20.1,0.0,0.0,0.0,0.0,0.0,37
2023-05-10 13:32:56,i2404-C-820,i2404-C-820,20.1,0.0,0.0,0.0,1,7.6,0.0,0,20.1,0.0,0.0,0.0,0.0,0.0,37
2023-05-10 13:32:56,i2404-C-820,i2404-C-820,20.1,0.0,0.0,0.0,10,7.7,0.0,0,20.1,0.0,0.0,0.0,0.0,0.0,37
2023-05-10 13:32:58,i2404-C-820,i2404-C-820,20.1,0.0,0.0,0.0,1,7.8,0.0,0,20.1,0.0,0.0,0.0,0.0,0.0,37
2023-05-10 13:32:58,i2404-C-820,i2404-C-820,20.1,0.0,0.0,0.0,10,7.9,0.0,0,20.1,0.0,0.0,0.0,0.0,0.0,37
2023-05-10 13:32:59,i2404-C-820,i2404-C-820,20.1,0.0,0.0,0.0,1,8.0,0.0,0,20.1,0.0,0.0,0.0,0.0,0.0,37
2023-05-10 13:32:59,i2404-C-820,i2404-C-820,20.1,0.0,0.0,0.0,10,8.1,0.0,0,20.1,0.0,0.0,0.0,0.0,0.0,37
2023-05-10 13:44:12,i2404-C-820,i2404-C-820,20.1,0.0,0.0,0.0,1,8.2,0.0,0,20.1,0.0,0.0,0.0,0.0,0.0,37
2023-05-10 13:44:12,i2404-C-820,i2404-C-820,20.1,0.0,0.0,0.0,10,8.3,0.0,0,20.1,0.0,0.0,0.0,0.0,0.0,37
2023-05-10 14:22:32,i2404-C-820,i2404-C-820,20.1,0.0,0.0,0.0,1,15.5,19.5,1,20.1,0.0,0.0,0.0,0.0,0.0,37
2023-05-10 14:22:33,i2404-C-820,i2404-C-820,20.1,0.0,0.0,0.0,2,15.5,19.5,2,20.1,0.0,0.0,0.0,0.0,0.0,37
2023-05-10 14:22:38,i2404-C-820,i2404-C-820,20.1,0.0,0.0,0.0,3,15.5,19.5,3,20.1,0.0,0.0,0.0,0.0,0.0,37
2023-05-10 14:22:39,i2404-C-820,i2404-C-820,20.1,0.0,0.0,0.0,4,15.5,19.5,4,20.1,0.0,0.0,0.0,0.0,0.0,37
2023-05-10 14:22:39,i2404-C-820,i2404-C-820,20.1,0.0,0.0,0.0,5,15.5,19.5,5,20.1,0.0,0.0,0.0,0.0,0.0,37
2023-05-10 14:22:41,i2404-C-820,i2404-C-820,20.1,0.0,0.0,0.0,1,17.2,19.1,1,20.1,0.0,0.0,0.0,0.0,0.0,37
2023-05-10 14:22:52,i2404-C-820,i2404-C-820,20.1,0.0,0.0,0.0,1,16.1,20.1,1,20.1,0.0,0.0,0.0,0.0,0.0,37
2023-05-10 14:23:03,i2404-C-820,i2404-C-820,20.1,0.0,0.0,0.0,10,1.9,0.0,0,20.1,0.0,0.0,0.0,0.0,0.0,37
2023-05-10 14:23:03,i2404-C-820,i2404-C-820,20.1,0.0,0.0,0.0,1,3.2,0.0,0,20.1,0.0,0.0,0.0,0.0,0.0,37
2023-05-10 14:23:03,i2404-C-820,i2404-C-820,20.1,0.0,0.0,0.0,10,3.3,0.0,0,20.1,0.0,0.0,0.0,0.0,0.0,37
2023-05-10 14:23:04,i2404-C-820,i2404-C-820,20.1,0.0,0.0,0.0,1,4.6,0.0,0,20.1,0.0,0.0,0.0,0.0,0.0,37
2023-05-10 14:23:04,i2404-C-820,i2404-C-820,20.1,0.0,0.0,0.0,10,4.7,0.0,0,20.1,0.0,0.0,0.0,0.0,0.0,37
2023-05-10 14:23:05,i2404-C-820,i2404-C-820,20.1,0.0,0.0,0.0,1,6.0,0.0,0,20.1,0.0,0.0,0.0,0.0,0.0,37
2023-05-10 14:23:05,i2404-C-820,i2404-C-820,20.1,0.0,0.0,0.0,10,6.1,0.0,0,20.1,0.0,0.0,0.0,0.0,0.0,37
2023-05-10 14:23:06,i2404-C-820,i2404-C-820,20.1,0.0,0.0,0.0,1,6.8,0.0,0,20.1,0.0,0.0,0.0,0.0,0.0,37
2023-05-10 14:23:06,i2404-C-820,i2404-C-820,20.1,0.0,0.0,0.0,10,6.9,0.0,0,20.1,0.0,0.0,0.0,0.0,0.0,37
2023-05-10 14:23:08,i2404-C-820,i2404-C-820,20.1,0.0,0.0,0.0,1,7.0,0.0,0,20.1,0.0,0.0,0.0,0.0,0.0,37
2023-05-10 14:23:08,i2404-C-820,i2404-C-820,20.1,0.0,0.0,0.0,10,7.1,0.0,0,20.1,0.0,0.0,0.0,0.0,0.0,37
2023-05-10 14:23:09,i2404-C-820,i2404-C-820,20.1,0.0,0.0,0.0,1,7.2,0.0,0,20.1,0.0,0.0,0.0,0.0,0.0,37
2023-05-10 14:23:09,i2404-C-820,i2404-C-820,20.1,0.0,0.0,0.0,10,7.3,0.0,0,20.1,0.0,0.0,0.0,0.0,0.0,37
2023-05-10 14:23:10,i2404-C-820,i2404-C-820,20.1,0.0,0.0,0.0,1,7.4,0.0,0,20.1,0.0,0.0,0.0,0.0,0.0,37
2023-05-10 14:23:10,i2404-C-820,i2404-C-820,20.1,0.0,0.0,0.0,10,7.5,0.0,0,20.1,0.0,0.0,0.0,0.0,0.0,37
2023-05-10 14:23:11,i2404-C-820,i2404-C-820,20.1,0.0,0.0,0.0,1,7.6,0.0,0,20.1,0.0,0.0,0.0,0.0,0.0,37
2023-05-10 14:23:11,i2404-C-820,i2404-C-820,20.1,0.0,0.0,0.0,10,7.7,0.0,0,20.1,0.0,0.0,0.0,0.0,0.0,37
2023-05-10 14:23:12,i2404-C-820,i2404-C-820,20.1,0.0,0.0,0.0,1,7.8,0.0,0,20.1,0.0,0.0,0.0,0.0,0.0,37
2023-05-10 14:23:12,i2404-C-820,i2404-C-820,20.1,0.0,0.0,0.0,10,7.9,0.0,0,20.1,0.0,0.0,0.0,0.0,0.0,37
2023-05-10 14:35:42,i2404-C-820,i2404-C-820,20.1,0.0,0.0,0.0,1,9.2,0.0,0,20.1,0.0,0.0,0.0,0.0,0.0,37
2023-05-10 14:35:42,i2404-C-820,i2404-C-820,20.1,0.0,0.0,0.0,10,9.3,0.0,0,20.1,0.0,0.0,0.0,0.0,0.0,37
2023-05-10 14:35:43,i2404-C-820,i2404-C-820,20.1,0.0,0.0,0.0,1,10.6,0.0,0,20.1,0.0,0.0,0.0,0.0,0.0,37
2023-05-10 14:35:44,i2404-C-820,i2404-C-820,20.1,0.0,0.0,0.0,1,15.6,19.6,1,20.1,0.0,0.0,0.0,0.0,0.0,37
2023-05-10 14:35:49,i2404-C-820,i2404-C-820,20.1,0.0,0.0,0.0,1,15.8,19.6,1,20.1,0.0,0.0,0.0,0.0,0.0,37
2023-05-10 14:35:50,i2404-C-820,i2404-C-820,20.1,0.0,0.0,0.0,1,15.8,19.6,2,20.1,0.0,0.0,0.0,0.0,0.0,37
2023-05-10 14:35:51,i2404-C-820,i2404-C-820,20.1,0.0,0.0,0.0,1,17.8,19.1,1,20.1,0.0,0.0,0.0,0.0,0.0,37
2023-05-10 14:35:56,i2404-C-820,i2404-C-820,20.1,0.0,0.0,0.0,2,17.8,19.1,2,20.1,0.0,0.0,0.0,0.0,0.0,37
2023-05-10 14:35:56,i2404-C-820,i2404-C-820,20.1,0.0,0.0,0.0,1,17.8,19.1,1,20.1,0.0,0.0,0.0,0.0,0.0,37
2023-05-10 14:36:02,i2404-C-820,i2404-C-820,20.1,0.0,0.0,0.0,1,16.5,20.5,1,20.1,0.0,0.0,0.0,0.0,0.0,37
2023-05-10 14:36:02,i2404-C-820,i2404-C-820,20.1,0.0,0.0,0.0,1,16.5,20.4,10,20.1,0.0,0.0,0.0,0.0,0.0,37
2023-05-10 14:36:14,i2404-C-820,i2404-C-820,20.1,0.0,0.0,0.0,1,1.8,20.4,10,20.1,0.0,0.0,0.0,0.0,0.0,37
2023-05-10 14:36:14,i2404-C-820,i2404-C-820,20.1,0.0,0.0,0.0,11,1.9,20.4,10,20.1,0.0,0.0,0.0,0.0,0.0,37
2023-05-10 14:37:15,i2404-C-820,i2404-C-820,20.1,0.0,0.0,0.0,11,1.9,0.0,0,20.1,0.0,0.0,0.0,0.0,0.0,37
2023-05-10 14:59:01,i2404-C-820,i2404-C-820,20.1,0.0,0.0,0.0,1,1.9,0.0,0,20.1,0.0,0.0,0.0,0.0,0.0,37
2023-05-10 15:01:14,i2404-C-820,i2404-C-820,20.1,0.0,0.0,0.0,1,1.9,0.0,0,20.1,0.0,0.0,0.0,0.0,0.0,37
