time,symbol_id,symbol_name,last,trade_volume,trade_amount,open_interest_change,bv1,bp1,ap1,av1,yesterday_close,today_open,today_high,today_low,volume,amount,open_interest
2023-05-09 20:55:50,i2404-C-780,i2404-C-780,27.7,0.0,0.0,0.0,1,0.1,0.0,0,27.7,0.0,0.0,0.0,0.0,0.0,17
2023-05-09 21:00:12,i2404-C-780,i2404-C-780,27.7,0.0,0.0,0.0,10,5.5,0.0,0,27.7,0.0,0.0,0.0,0.0,0.0,17
2023-05-09 21:00:18,i2404-C-780,i2404-C-780,27.7,0.0,0.0,0.0,11,5.5,0.0,0,27.7,0.0,0.0,0.0,0.0,0.0,17
2023-05-09 21:02:37,i2404-C-780,i2404-C-780,27.7,0.0,0.0,0.0,1,5.6,0.0,0,27.7,0.0,0.0,0.0,0.0,0.0,17
2023-05-09 21:02:37,i2404-C-780,i2404-C-780,27.7,0.0,0.0,0.0,10,5.7,0.0,0,27.7,0.0,0.0,0.0,0.0,0.0,17
2023-05-09 21:02:52,i2404-C-780,i2404-C-780,27.7,0.0,0.0,0.0,1,5.8,0.0,0,27.7,0.0,0.0,0.0,0.0,0.0,17
2023-05-09 21:02:52,i2404-C-780,i2404-C-780,27.7,0.0,0.0,0.0,10,5.9,0.0,0,27.7,0.0,0.0,0.0,0.0,0.0,17
2023-05-09 21:04:40,i2404-C-780,i2404-C-780,27.7,0.0,0.0,0.0,1,6.0,0.0,0,27.7,0.0,0.0,0.0,0.0,0.0,17
2023-05-09 21:04:40,i2404-C-780,i2404-C-780,27.7,0.0,0.0,0.0,10,6.1,0.0,0,27.7,0.0,0.0,0.0,0.0,0.0,17
2023-05-09 21:05:29,i2404-C-780,i2404-C-780,27.7,0.0,0.0,0.0,1,6.2,0.0,0,27.7,0.0,0.0,0.0,0.0,0.0,17
2023-05-09 21:05:29,i2404-C-780,i2404-C-780,27.7,0.0,0.0,0.0,10,6.3,0.0,0,27.7,0.0,0.0,0.0,0.0,0.0,17
2023-05-09 21:05:33,i2404-C-780,i2404-C-780,27.7,0.0,0.0,0.0,1,6.4,0.0,0,27.7,0.0,0.0,0.0,0.0,0.0,17
2023-05-09 21:05:33,i2404-C-780,i2404-C-780,27.7,0.0,0.0,0.0,10,6.5,0.0,0,27.7,0.0,0.0,0.0,0.0,0.0,17
2023-05-09 21:05:36,i2404-C-780,i2404-C-780,27.7,0.0,0.0,0.0,1,6.6,0.0,0,27.7,0.0,0.0,0.0,0.0,0.0,17
2023-05-09 21:05:36,i2404-C-780,i2404-C-780,27.7,0.0,0.0,0.0,10,6.7,0.0,0,27.7,0.0,0.0,0.0,0.0,0.0,17
2023-05-09 21:05:37,i2404-C-780,i2404-C-780,27.7,0.0,0.0,0.0,1,6.8,0.0,0,27.7,0.0,0.0,0.0,0.0,0.0,17
2023-05-09 21:05:37,i2404-C-780,i2404-C-780,27.7,0.0,0.0,0.0,10,6.9,0.0,0,27.7,0.0,0.0,0.0,0.0,0.0,17
2023-05-09 21:05:38,i2404-C-780,i2404-C-780,27.7,0.0,0.0,0.0,1,7.0,0.0,0,27.7,0.0,0.0,0.0,0.0,0.0,17
2023-05-09 21:05:38,i2404-C-780,i2404-C-780,27.7,0.0,0.0,0.0,10,7.1,0.0,0,27.7,0.0,0.0,0.0,0.0,0.0,17
2023-05-09 21:05:40,i2404-C-780,i2404-C-780,27.7,0.0,0.0,0.0,1,7.2,0.0,0,27.7,0.0,0.0,0.0,0.0,0.0,17
2023-05-09 21:05:40,i2404-C-780,i2404-C-780,27.7,0.0,0.0,0.0,10,7.3,0.0,0,27.7,0.0,0.0,0.0,0.0,0.0,17
2023-05-09 21:05:41,i2404-C-780,i2404-C-780,27.7,0.0,0.0,0.0,1,7.4,0.0,0,27.7,0.0,0.0,0.0,0.0,0.0,17
2023-05-09 21:05:41,i2404-C-780,i2404-C-780,27.7,0.0,0.0,0.0,10,7.5,0.0,0,27.7,0.0,0.0,0.0,0.0,0.0,17
2023-05-09 21:05:43,i2404-C-780,i2404-C-780,27.7,0.0,0.0,0.0,1,7.6,0.0,0,27.7,0.0,0.0,0.0,0.0,0.0,17
2023-05-09 21:05:43,i2404-C-780,i2404-C-780,27.7,0.0,0.0,0.0,10,7.7,0.0,0,27.7,0.0,0.0,0.0,0.0,0.0,17
2023-05-09 21:05:44,i2404-C-780,i2404-C-780,27.7,0.0,0.0,0.0,1,7.8,0.0,0,27.7,0.0,0.0,0.0,0.0,0.0,17
2023-05-09 21:05:44,i2404-C-780,i2404-C-780,27.7,0.0,0.0,0.0,10,7.9,0.0,0,27.7,0.0,0.0,0.0,0.0,0.0,17
2023-05-09 21:05:46,i2404-C-780,i2404-C-780,27.7,0.0,0.0,0.0,1,8.0,0.0,0,27.7,0.0,0.0,0.0,0.0,0.0,17
2023-05-09 21:05:46,i2404-C-780,i2404-C-780,27.7,0.0,0.0,0.0,10,8.1,0.0,0,27.7,0.0,0.0,0.0,0.0,0.0,17
2023-05-09 21:05:47,i2404-C-780,i2404-C-780,27.7,0.0,0.0,0.0,1,8.2,0.0,0,27.7,0.0,0.0,0.0,0.0,0.0,17
2023-05-09 21:05:47,i2404-C-780,i2404-C-780,27.7,0.0,0.0,0.0,10,8.3,0.0,0,27.7,0.0,0.0,0.0,0.0,0.0,17
2023-05-09 21:05:48,i2404-C-780,i2404-C-780,27.7,0.0,0.0,0.0,1,8.4,0.0,0,27.7,0.0,0.0,0.0,0.0,0.0,17
2023-05-09 21:05:48,i2404-C-780,i2404-C-780,27.7,0.0,0.0,0.0,10,8.5,0.0,0,27.7,0.0,0.0,0.0,0.0,0.0,17
2023-05-09 21:05:49,i2404-C-780,i2404-C-780,27.7,0.0,0.0,0.0,1,8.6,0.0,0,27.7,0.0,0.0,0.0,0.0,0.0,17
2023-05-09 21:05:49,i2404-C-780,i2404-C-780,27.7,0.0,0.0,0.0,10,8.7,0.0,0,27.7,0.0,0.0,0.0,0.0,0.0,17
2023-05-09 21:05:51,i2404-C-780,i2404-C-780,27.7,0.0,0.0,0.0,1,8.8,0.0,0,27.7,0.0,0.0,0.0,0.0,0.0,17
2023-05-09 21:05:51,i2404-C-780,i2404-C-780,27.7,0.0,0.0,0.0,10,8.9,0.0,0,27.7,0.0,0.0,0.0,0.0,0.0,17
2023-05-09 21:05:52,i2404-C-780,i2404-C-780,27.7,0.0,0.0,0.0,1,9.0,0.0,0,27.7,0.0,0.0,0.0,0.0,0.0,17
2023-05-09 21:05:52,i2404-C-780,i2404-C-780,27.7,0.0,0.0,0.0,10,9.1,0.0,0,27.7,0.0,0.0,0.0,0.0,0.0,17
2023-05-09 21:05:53,i2404-C-780,i2404-C-780,27.7,0.0,0.0,0.0,1,9.2,0.0,0,27.7,0.0,0.0,0.0,0.0,0.0,17
2023-05-09 21:05:53,i2404-C-780,i2404-C-780,27.7,0.0,0.0,0.0,10,9.3,0.0,0,27.7,0.0,0.0,0.0,0.0,0.0,17
2023-05-09 21:05:54,i2404-C-780,i2404-C-780,27.7,0.0,0.0,0.0,1,9.4,0.0,0,27.7,0.0,0.0,0.0,0.0,0.0,17
2023-05-09 21:05:54,i2404-C-780,i2404-C-780,27.7,0.0,0.0,0.0,10,9.5,0.0,0,27.7,0.0,0.0,0.0,0.0,0.0,17
2023-05-09 21:05:56,i2404-C-780,i2404-C-780,27.7,0.0,0.0,0.0,1,9.6,0.0,0,27.7,0.0,0.0,0.0,0.0,0.0,17
2023-05-09 21:05:56,i2404-C-780,i2404-C-780,27.7,0.0,0.0,0.0,10,9.7,0.0,0,27.7,0.0,0.0,0.0,0.0,0.0,17
2023-05-09 21:05:57,i2404-C-780,i2404-C-780,27.7,0.0,0.0,0.0,1,9.8,0.0,0,27.7,0.0,0.0,0.0,0.0,0.0,17
2023-05-09 21:05:57,i2404-C-780,i2404-C-780,27.7,0.0,0.0,0.0,10,9.9,0.0,0,27.7,0.0,0.0,0.0,0.0,0.0,17
2023-05-09 21:05:58,i2404-C-780,i2404-C-780,27.7,0.0,0.0,0.0,1,10.0,0.0,0,27.7,0.0,0.0,0.0,0.0,0.0,17
2023-05-09 21:05:58,i2404-C-780,i2404-C-780,27.7,0.0,0.0,0.0,10,10.1,0.0,0,27.7,0.0,0.0,0.0,0.0,0.0,17
2023-05-09 21:05:59,i2404-C-780,i2404-C-780,27.7,0.0,0.0,0.0,1,10.2,0.0,0,27.7,0.0,0.0,0.0,0.0,0.0,17
2023-05-09 21:05:59,i2404-C-780,i2404-C-780,27.7,0.0,0.0,0.0,10,10.3,0.0,0,27.7,0.0,0.0,0.0,0.0,0.0,17
2023-05-09 21:06:01,i2404-C-780,i2404-C-780,27.7,0.0,0.0,0.0,1,10.4,0.0,0,27.7,0.0,0.0,0.0,0.0,0.0,17
2023-05-09 21:06:01,i2404-C-780,i2404-C-780,27.7,0.0,0.0,0.0,10,10.5,0.0,0,27.7,0.0,0.0,0.0,0.0,0.0,17
2023-05-09 21:06:02,i2404-C-780,i2404-C-780,27.7,0.0,0.0,0.0,1,10.6,0.0,0,27.7,0.0,0.0,0.0,0.0,0.0,17
2023-05-09 21:06:02,i2404-C-780,i2404-C-780,27.7,0.0,0.0,0.0,10,10.7,0.0,0,27.7,0.0,0.0,0.0,0.0,0.0,17
2023-05-09 21:06:03,i2404-C-780,i2404-C-780,27.7,0.0,0.0,0.0,1,10.8,0.0,0,27.7,0.0,0.0,0.0,0.0,0.0,17
2023-05-09 21:06:03,i2404-C-780,i2404-C-780,27.7,0.0,0.0,0.0,10,10.9,0.0,0,27.7,0.0,0.0,0.0,0.0,0.0,17
2023-05-09 21:06:05,i2404-C-780,i2404-C-780,27.7,0.0,0.0,0.0,1,11.0,0.0,0,27.7,0.0,0.0,0.0,0.0,0.0,17
2023-05-09 21:06:05,i2404-C-780,i2404-C-780,27.7,0.0,0.0,0.0,10,11.1,0.0,0,27.7,0.0,0.0,0.0,0.0,0.0,17
2023-05-09 21:06:06,i2404-C-780,i2404-C-780,27.7,0.0,0.0,0.0,1,11.2,0.0,0,27.7,0.0,0.0,0.0,0.0,0.0,17
2023-05-09 21:06:06,i2404-C-780,i2404-C-780,27.7,0.0,0.0,0.0,10,11.3,0.0,0,27.7,0.0,0.0,0.0,0.0,0.0,17
2023-05-09 21:06:07,i2404-C-780,i2404-C-780,27.7,0.0,0.0,0.0,1,11.4,0.0,0,27.7,0.0,0.0,0.0,0.0,0.0,17
2023-05-09 21:06:07,i2404-C-780,i2404-C-780,27.7,0.0,0.0,0.0,10,11.5,0.0,0,27.7,0.0,0.0,0.0,0.0,0.0,17
2023-05-09 21:06:09,i2404-C-780,i2404-C-780,27.7,0.0,0.0,0.0,1,11.6,0.0,0,27.7,0.0,0.0,0.0,0.0,0.0,17
2023-05-09 21:06:09,i2404-C-780,i2404-C-780,27.7,0.0,0.0,0.0,10,11.7,0.0,0,27.7,0.0,0.0,0.0,0.0,0.0,17
2023-05-09 21:06:10,i2404-C-780,i2404-C-780,27.7,0.0,0.0,0.0,1,11.8,0.0,0,27.7,0.0,0.0,0.0,0.0,0.0,17
2023-05-09 21:06:10,i2404-C-780,i2404-C-780,27.7,0.0,0.0,0.0,10,11.9,0.0,0,27.7,0.0,0.0,0.0,0.0,0.0,17
2023-05-09 21:06:11,i2404-C-780,i2404-C-780,27.7,0.0,0.0,0.0,1,12.0,0.0,0,27.7,0.0,0.0,0.0,0.0,0.0,17
2023-05-09 21:06:11,i2404-C-780,i2404-C-780,27.7,0.0,0.0,0.0,10,12.1,0.0,0,27.7,0.0,0.0,0.0,0.0,0.0,17
2023-05-09 21:06:13,i2404-C-780,i2404-C-780,27.7,0.0,0.0,0.0,1,12.2,0.0,0,27.7,0.0,0.0,0.0,0.0,0.0,17
2023-05-09 21:06:13,i2404-C-780,i2404-C-780,27.7,0.0,0.0,0.0,10,12.3,0.0,0,27.7,0.0,0.0,0.0,0.0,0.0,17
2023-05-09 21:09:16,i2404-C-780,i2404-C-780,27.7,0.0,0.0,0.0,1,12.4,0.0,0,27.7,0.0,0.0,0.0,0.0,0.0,17
2023-05-09 21:09:16,i2404-C-780,i2404-C-780,27.7,0.0,0.0,0.0,10,12.5,0.0,0,27.7,0.0,0.0,0.0,0.0,0.0,17
2023-05-09 21:15:31,i2404-C-780,i2404-C-780,27.7,0.0,0.0,0.0,1,12.6,0.0,0,27.7,0.0,0.0,0.0,0.0,0.0,17
2023-05-09 21:15:31,i2404-C-780,i2404-C-780,27.7,0.0,0.0,0.0,10,12.7,0.0,0,27.7,0.0,0.0,0.0,0.0,0.0,17
2023-05-09 21:19:34,i2404-C-780,i2404-C-780,27.7,0.0,0.0,0.0,1,24.4,28.4,1,27.7,0.0,0.0,0.0,0.0,0.0,17
2023-05-09 21:19:35,i2404-C-780,i2404-C-780,27.7,0.0,0.0,0.0,2,24.4,28.4,2,27.7,0.0,0.0,0.0,0.0,0.0,17
2023-05-09 21:19:39,i2404-C-780,i2404-C-780,27.7,0.0,0.0,0.0,2,24.4,28.3,1,27.7,0.0,0.0,0.0,0.0,0.0,17
2023-05-09 21:19:40,i2404-C-780,i2404-C-780,27.7,0.0,0.0,0.0,2,24.4,28.3,2,27.7,0.0,0.0,0.0,0.0,0.0,17
2023-05-09 21:19:44,i2404-C-780,i2404-C-780,27.7,0.0,0.0,0.0,1,25.3,28.1,1,27.7,0.0,0.0,0.0,0.0,0.0,17
2023-05-09 21:19:55,i2404-C-780,i2404-C-780,27.7,0.0,0.0,0.0,1,24.7,28.3,1,27.7,0.0,0.0,0.0,0.0,0.0,17
2023-05-09 21:20:01,i2404-C-780,i2404-C-780,27.7,0.0,0.0,0.0,1,24.7,28.7,1,27.7,0.0,0.0,0.0,0.0,0.0,17
2023-05-09 21:20:04,i2404-C-780,i2404-C-780,27.7,0.0,0.0,0.0,1,5.5,0.0,0,27.7,0.0,0.0,0.0,0.0,0.0,17
2023-05-09 21:20:04,i2404-C-780,i2404-C-780,27.7,0.0,0.0,0.0,1,6.8,0.0,0,27.7,0.0,0.0,0.0,0.0,0.0,17
2023-05-09 21:20:04,i2404-C-780,i2404-C-780,27.7,0.0,0.0,0.0,10,6.9,0.0,0,27.7,0.0,0.0,0.0,0.0,0.0,17
2023-05-09 21:20:05,i2404-C-780,i2404-C-780,27.7,0.0,0.0,0.0,1,8.2,0.0,0,27.7,0.0,0.0,0.0,0.0,0.0,17
2023-05-09 21:20:05,i2404-C-780,i2404-C-780,27.7,0.0,0.0,0.0,10,8.3,0.0,0,27.7,0.0,0.0,0.0,0.0,0.0,17
2023-05-09 21:20:06,i2404-C-780,i2404-C-780,27.7,0.0,0.0,0.0,1,9.6,0.0,0,27.7,0.0,0.0,0.0,0.0,0.0,17
2023-05-09 21:20:06,i2404-C-780,i2404-C-780,27.7,0.0,0.0,0.0,10,9.7,0.0,0,27.7,0.0,0.0,0.0,0.0,0.0,17
2023-05-09 21:20:07,i2404-C-780,i2404-C-780,27.7,0.0,0.0,0.0,1,10.4,0.0,0,27.7,0.0,0.0,0.0,0.0,0.0,17
2023-05-09 21:20:07,i2404-C-780,i2404-C-780,27.7,0.0,0.0,0.0,10,10.5,0.0,0,27.7,0.0,0.0,0.0,0.0,0.0,17
2023-05-09 21:20:09,i2404-C-780,i2404-C-780,27.7,0.0,0.0,0.0,1,11.2,0.0,0,27.7,0.0,0.0,0.0,0.0,0.0,17
2023-05-09 21:20:09,i2404-C-780,i2404-C-780,27.7,0.0,0.0,0.0,10,11.3,0.0,0,27.7,0.0,0.0,0.0,0.0,0.0,17
2023-05-09 21:20:10,i2404-C-780,i2404-C-780,27.7,0.0,0.0,0.0,1,11.4,0.0,0,27.7,0.0,0.0,0.0,0.0,0.0,17
2023-05-09 21:20:10,i2404-C-780,i2404-C-780,27.7,0.0,0.0,0.0,10,11.5,0.0,0,27.7,0.0,0.0,0.0,0.0,0.0,17
2023-05-09 21:20:11,i2404-C-780,i2404-C-780,27.7,0.0,0.0,0.0,1,11.6,0.0,0,27.7,0.0,0.0,0.0,0.0,0.0,17
2023-05-09 21:20:11,i2404-C-780,i2404-C-780,27.7,0.0,0.0,0.0,10,11.7,0.0,0,27.7,0.0,0.0,0.0,0.0,0.0,17
2023-05-09 21:20:12,i2404-C-780,i2404-C-780,27.7,0.0,0.0,0.0,1,11.8,0.0,0,27.7,0.0,0.0,0.0,0.0,0.0,17
2023-05-09 21:20:12,i2404-C-780,i2404-C-780,27.7,0.0,0.0,0.0,10,11.9,0.0,0,27.7,0.0,0.0,0.0,0.0,0.0,17
2023-05-09 22:16:25,i2404-C-780,i2404-C-780,27.7,0.0,0.0,0.0,1,13.2,0.0,0,27.7,0.0,0.0,0.0,0.0,0.0,17
2023-05-09 22:16:25,i2404-C-780,i2404-C-780,27.7,0.0,0.0,0.0,10,13.3,0.0,0,27.7,0.0,0.0,0.0,0.0,0.0,17
2023-05-09 22:16:27,i2404-C-780,i2404-C-780,27.7,0.0,0.0,0.0,1,14.6,0.0,0,27.7,0.0,0.0,0.0,0.0,0.0,17
2023-05-09 22:16:27,i2404-C-780,i2404-C-780,27.7,0.0,0.0,0.0,10,14.7,0.0,0,27.7,0.0,0.0,0.0,0.0,0.0,17
2023-05-09 22:16:28,i2404-C-780,i2404-C-780,27.7,0.0,0.0,0.0,1,16.0,0.0,0,27.7,0.0,0.0,0.0,0.0,0.0,17
2023-05-09 22:16:28,i2404-C-780,i2404-C-780,27.7,0.0,0.0,0.0,10,16.1,0.0,0,27.7,0.0,0.0,0.0,0.0,0.0,17
2023-05-09 22:16:29,i2404-C-780,i2404-C-780,27.7,0.0,0.0,0.0,1,17.4,0.0,0,27.7,0.0,0.0,0.0,0.0,0.0,17
2023-05-09 22:16:29,i2404-C-780,i2404-C-780,27.7,0.0,0.0,0.0,10,17.5,0.0,0,27.7,0.0,0.0,0.0,0.0,0.0,17
2023-05-09 22:16:30,i2404-C-780,i2404-C-780,27.7,0.0,0.0,0.0,1,18.8,0.0,0,27.7,0.0,0.0,0.0,0.0,0.0,17
2023-05-09 22:16:30,i2404-C-780,i2404-C-780,27.7,0.0,0.0,0.0,10,18.9,0.0,0,27.7,0.0,0.0,0.0,0.0,0.0,17
2023-05-09 22:16:31,i2404-C-780,i2404-C-780,27.7,0.0,0.0,0.0,1,20.2,0.0,0,27.7,0.0,0.0,0.0,0.0,0.0,17
2023-05-09 22:16:31,i2404-C-780,i2404-C-780,27.7,0.0,0.0,0.0,10,20.3,0.0,0,27.7,0.0,0.0,0.0,0.0,0.0,17
2023-05-09 22:16:32,i2404-C-780,i2404-C-780,27.7,0.0,0.0,0.0,1,21.0,0.0,0,27.7,0.0,0.0,0.0,0.0,0.0,17
2023-05-09 22:16:32,i2404-C-780,i2404-C-780,27.7,0.0,0.0,0.0,10,21.1,0.0,0,27.7,0.0,0.0,0.0,0.0,0.0,17
2023-05-09 22:16:33,i2404-C-780,i2404-C-780,27.7,0.0,0.0,0.0,1,21.8,0.0,0,27.7,0.0,0.0,0.0,0.0,0.0,17
2023-05-09 22:16:33,i2404-C-780,i2404-C-780,27.7,0.0,0.0,0.0,10,21.9,0.0,0,27.7,0.0,0.0,0.0,0.0,0.0,17
2023-05-09 22:16:34,i2404-C-780,i2404-C-780,27.7,0.0,0.0,0.0,1,22.0,0.0,0,27.7,0.0,0.0,0.0,0.0,0.0,17
2023-05-09 22:16:34,i2404-C-780,i2404-C-780,27.7,0.0,0.0,0.0,10,22.1,0.0,0,27.7,0.0,0.0,0.0,0.0,0.0,17
2023-05-09 22:16:35,i2404-C-780,i2404-C-780,27.7,0.0,0.0,0.0,1,22.2,0.0,0,27.7,0.0,0.0,0.0,0.0,0.0,17
2023-05-09 22:16:35,i2404-C-780,i2404-C-780,27.7,0.0,0.0,0.0,10,22.3,0.0,0,27.7,0.0,0.0,0.0,0.0,0.0,17
2023-05-09 22:16:36,i2404-C-780,i2404-C-780,27.7,0.0,0.0,0.0,1,22.4,0.0,0,27.7,0.0,0.0,0.0,0.0,0.0,17
2023-05-09 22:16:36,i2404-C-780,i2404-C-780,27.7,0.0,0.0,0.0,10,22.5,0.0,0,27.7,0.0,0.0,0.0,0.0,0.0,17
2023-05-09 22:16:37,i2404-C-780,i2404-C-780,27.7,0.0,0.0,0.0,1,22.6,0.0,0,27.7,0.0,0.0,0.0,0.0,0.0,17
2023-05-09 22:16:37,i2404-C-780,i2404-C-780,27.7,0.0,0.0,0.0,10,22.7,0.0,0,27.7,0.0,0.0,0.0,0.0,0.0,17
2023-05-09 22:19:11,i2404-C-780,i2404-C-780,27.7,0.0,0.0,0.0,1,5.6,0.0,0,27.7,0.0,0.0,0.0,0.0,0.0,17
2023-05-09 22:19:12,i2404-C-780,i2404-C-780,27.7,0.0,0.0,0.0,1,6.9,0.0,0,27.7,0.0,0.0,0.0,0.0,0.0,17
2023-05-09 22:19:12,i2404-C-780,i2404-C-780,27.7,0.0,0.0,0.0,10,7.0,0.0,0,27.7,0.0,0.0,0.0,0.0,0.0,17
2023-05-09 22:19:13,i2404-C-780,i2404-C-780,27.7,0.0,0.0,0.0,1,8.3,0.0,0,27.7,0.0,0.0,0.0,0.0,0.0,17
2023-05-09 22:19:13,i2404-C-780,i2404-C-780,27.7,0.0,0.0,0.0,10,8.4,0.0,0,27.7,0.0,0.0,0.0,0.0,0.0,17
2023-05-09 22:19:14,i2404-C-780,i2404-C-780,27.7,0.0,0.0,0.0,1,9.7,0.0,0,27.7,0.0,0.0,0.0,0.0,0.0,17
2023-05-09 22:19:14,i2404-C-780,i2404-C-780,27.7,0.0,0.0,0.0,10,9.8,0.0,0,27.7,0.0,0.0,0.0,0.0,0.0,17
2023-05-09 22:19:15,i2404-C-780,i2404-C-780,27.7,0.0,0.0,0.0,1,11.1,0.0,0,27.7,0.0,0.0,0.0,0.0,0.0,17
2023-05-09 22:19:15,i2404-C-780,i2404-C-780,27.7,0.0,0.0,0.0,10,11.2,0.0,0,27.7,0.0,0.0,0.0,0.0,0.0,17
2023-05-09 22:19:16,i2404-C-780,i2404-C-780,27.7,0.0,0.0,0.0,1,12.5,0.0,0,27.7,0.0,0.0,0.0,0.0,0.0,17
2023-05-09 22:19:16,i2404-C-780,i2404-C-780,27.7,0.0,0.0,0.0,10,12.6,0.0,0,27.7,0.0,0.0,0.0,0.0,0.0,17
2023-05-09 22:19:17,i2404-C-780,i2404-C-780,27.7,0.0,0.0,0.0,1,13.9,0.0,0,27.7,0.0,0.0,0.0,0.0,0.0,17
2023-05-09 22:19:17,i2404-C-780,i2404-C-780,27.7,0.0,0.0,0.0,10,14.0,0.0,0,27.7,0.0,0.0,0.0,0.0,0.0,17
2023-05-09 22:19:18,i2404-C-780,i2404-C-780,27.7,0.0,0.0,0.0,1,15.3,0.0,0,27.7,0.0,0.0,0.0,0.0,0.0,17
2023-05-09 22:19:18,i2404-C-780,i2404-C-780,27.7,0.0,0.0,0.0,10,15.4,0.0,0,27.7,0.0,0.0,0.0,0.0,0.0,17
2023-05-09 22:19:19,i2404-C-780,i2404-C-780,27.7,0.0,0.0,0.0,1,16.1,0.0,0,27.7,0.0,0.0,0.0,0.0,0.0,17
2023-05-09 22:19:19,i2404-C-780,i2404-C-780,27.7,0.0,0.0,0.0,10,16.2,0.0,0,27.7,0.0,0.0,0.0,0.0,0.0,17
2023-05-09 22:19:20,i2404-C-780,i2404-C-780,27.7,0.0,0.0,0.0,1,16.9,0.0,0,27.7,0.0,0.0,0.0,0.0,0.0,17
2023-05-09 22:19:20,i2404-C-780,i2404-C-780,27.7,0.0,0.0,0.0,10,17.0,0.0,0,27.7,0.0,0.0,0.0,0.0,0.0,17
2023-05-09 22:19:21,i2404-C-780,i2404-C-780,27.7,0.0,0.0,0.0,1,17.1,0.0,0,27.7,0.0,0.0,0.0,0.0,0.0,17
2023-05-09 22:19:21,i2404-C-780,i2404-C-780,27.7,0.0,0.0,0.0,10,17.2,0.0,0,27.7,0.0,0.0,0.0,0.0,0.0,17
2023-05-09 22:19:22,i2404-C-780,i2404-C-780,27.7,0.0,0.0,0.0,1,17.3,0.0,0,27.7,0.0,0.0,0.0,0.0,0.0,17
2023-05-09 22:19:22,i2404-C-780,i2404-C-780,27.7,0.0,0.0,0.0,10,17.4,0.0,0,27.7,0.0,0.0,0.0,0.0,0.0,17
2023-05-09 22:19:23,i2404-C-780,i2404-C-780,27.7,0.0,0.0,0.0,1,17.5,0.0,0,27.7,0.0,0.0,0.0,0.0,0.0,17
2023-05-09 22:19:23,i2404-C-780,i2404-C-780,27.7,0.0,0.0,0.0,10,17.6,0.0,0,27.7,0.0,0.0,0.0,0.0,0.0,17
2023-05-09 22:57:32,i2404-C-780,i2404-C-780,27.7,0.0,0.0,0.0,1,5.6,0.0,0,27.7,0.0,0.0,0.0,0.0,0.0,17
2023-05-09 22:59:11,i2404-C-780,i2404-C-780,27.7,0.0,0.0,0.0,10,5.7,0.0,0,27.7,0.0,0.0,0.0,0.0,0.0,17
2023-05-09 22:59:55,i2404-C-780,i2404-C-780,27.7,0.0,0.0,0.0,1,5.6,0.0,0,27.7,0.0,0.0,0.0,0.0,0.0,17
2023-05-10 09:00:02,i2404-C-780,i2404-C-780,27.7,0.0,0.0,0.0,10,0.6,0.0,0,27.7,0.0,0.0,0.0,0.0,0.0,17
2023-05-10 09:00:14,i2404-C-780,i2404-C-780,27.7,0.0,0.0,0.0,1,5.8,0.0,0,27.7,0.0,0.0,0.0,0.0,0.0,17
2023-05-10 09:00:14,i2404-C-780,i2404-C-780,27.7,0.0,0.0,0.0,10,5.9,0.0,0,27.7,0.0,0.0,0.0,0.0,0.0,17
2023-05-10 09:01:20,i2404-C-780,i2404-C-780,27.7,0.0,0.0,0.0,1,6.0,0.0,0,27.7,0.0,0.0,0.0,0.0,0.0,17
2023-05-10 09:01:20,i2404-C-780,i2404-C-780,27.7,0.0,0.0,0.0,10,6.1,0.0,0,27.7,0.0,0.0,0.0,0.0,0.0,17
2023-05-10 09:03:31,i2404-C-780,i2404-C-780,27.7,0.0,0.0,0.0,1,7.4,0.0,0,27.7,0.0,0.0,0.0,0.0,0.0,17
2023-05-10 09:03:31,i2404-C-780,i2404-C-780,27.7,0.0,0.0,0.0,10,7.5,0.0,0,27.7,0.0,0.0,0.0,0.0,0.0,17
2023-05-10 09:03:45,i2404-C-780,i2404-C-780,27.7,0.0,0.0,0.0,1,8.8,0.0,0,27.7,0.0,0.0,0.0,0.0,0.0,17
2023-05-10 09:03:45,i2404-C-780,i2404-C-780,27.7,0.0,0.0,0.0,10,8.9,0.0,0,27.7,0.0,0.0,0.0,0.0,0.0,17
2023-05-10 09:04:41,i2404-C-780,i2404-C-780,27.7,0.0,0.0,0.0,1,10.2,0.0,0,27.7,0.0,0.0,0.0,0.0,0.0,17
2023-05-10 09:04:41,i2404-C-780,i2404-C-780,27.7,0.0,0.0,0.0,10,10.3,0.0,0,27.7,0.0,0.0,0.0,0.0,0.0,17
2023-05-10 09:04:49,i2404-C-780,i2404-C-780,27.7,0.0,0.0,0.0,1,11.6,0.0,0,27.7,0.0,0.0,0.0,0.0,0.0,17
2023-05-10 09:04:49,i2404-C-780,i2404-C-780,27.7,0.0,0.0,0.0,10,11.7,0.0,0,27.7,0.0,0.0,0.0,0.0,0.0,17
2023-05-10 09:05:49,i2404-C-780,i2404-C-780,27.7,0.0,0.0,0.0,1,12.4,0.0,0,27.7,0.0,0.0,0.0,0.0,0.0,17
2023-05-10 09:05:49,i2404-C-780,i2404-C-780,27.7,0.0,0.0,0.0,10,12.5,0.0,0,27.7,0.0,0.0,0.0,0.0,0.0,17
2023-05-10 09:06:05,i2404-C-780,i2404-C-780,27.7,0.0,0.0,0.0,1,12.6,0.0,0,27.7,0.0,0.0,0.0,0.0,0.0,17
2023-05-10 09:06:05,i2404-C-780,i2404-C-780,27.7,0.0,0.0,0.0,10,12.7,0.0,0,27.7,0.0,0.0,0.0,0.0,0.0,17
2023-05-10 09:06:09,i2404-C-780,i2404-C-780,27.7,0.0,0.0,0.0,1,12.8,0.0,0,27.7,0.0,0.0,0.0,0.0,0.0,17
2023-05-10 09:06:09,i2404-C-780,i2404-C-780,27.7,0.0,0.0,0.0,10,12.9,0.0,0,27.7,0.0,0.0,0.0,0.0,0.0,17
2023-05-10 09:06:12,i2404-C-780,i2404-C-780,27.7,0.0,0.0,0.0,1,13.0,0.0,0,27.7,0.0,0.0,0.0,0.0,0.0,17
2023-05-10 09:06:12,i2404-C-780,i2404-C-780,27.7,0.0,0.0,0.0,10,13.1,0.0,0,27.7,0.0,0.0,0.0,0.0,0.0,17
2023-05-10 09:06:14,i2404-C-780,i2404-C-780,27.7,0.0,0.0,0.0,1,13.2,0.0,0,27.7,0.0,0.0,0.0,0.0,0.0,17
2023-05-10 09:06:14,i2404-C-780,i2404-C-780,27.7,0.0,0.0,0.0,10,13.3,0.0,0,27.7,0.0,0.0,0.0,0.0,0.0,17
2023-05-10 10:14:32,i2404-C-780,i2404-C-780,27.7,0.0,0.0,0.0,1,6.0,0.0,0,27.7,0.0,0.0,0.0,0.0,0.0,17
2023-05-10 10:30:05,i2404-C-780,i2404-C-780,27.7,0.0,0.0,0.0,10,6.1,0.0,0,27.7,0.0,0.0,0.0,0.0,0.0,17
2023-05-10 10:30:52,i2404-C-780,i2404-C-780,27.7,0.0,0.0,0.0,1,7.4,0.0,0,27.7,0.0,0.0,0.0,0.0,0.0,17
2023-05-10 10:30:52,i2404-C-780,i2404-C-780,27.7,0.0,0.0,0.0,10,7.5,0.0,0,27.7,0.0,0.0,0.0,0.0,0.0,17
2023-05-10 10:31:24,i2404-C-780,i2404-C-780,27.7,0.0,0.0,0.0,1,8.8,0.0,0,27.7,0.0,0.0,0.0,0.0,0.0,17
2023-05-10 10:31:24,i2404-C-780,i2404-C-780,27.7,0.0,0.0,0.0,10,8.9,0.0,0,27.7,0.0,0.0,0.0,0.0,0.0,17
2023-05-10 10:33:09,i2404-C-780,i2404-C-780,27.7,0.0,0.0,0.0,1,10.2,0.0,0,27.7,0.0,0.0,0.0,0.0,0.0,17
2023-05-10 10:33:09,i2404-C-780,i2404-C-780,27.7,0.0,0.0,0.0,10,10.3,0.0,0,27.7,0.0,0.0,0.0,0.0,0.0,17
2023-05-10 10:33:17,i2404-C-780,i2404-C-780,27.7,0.0,0.0,0.0,1,11.0,0.0,0,27.7,0.0,0.0,0.0,0.0,0.0,17
2023-05-10 10:33:17,i2404-C-780,i2404-C-780,27.7,0.0,0.0,0.0,10,11.1,0.0,0,27.7,0.0,0.0,0.0,0.0,0.0,17
2023-05-10 10:33:21,i2404-C-780,i2404-C-780,27.7,0.0,0.0,0.0,1,11.2,0.0,0,27.7,0.0,0.0,0.0,0.0,0.0,17
2023-05-10 10:33:21,i2404-C-780,i2404-C-780,27.7,0.0,0.0,0.0,10,11.3,0.0,0,27.7,0.0,0.0,0.0,0.0,0.0,17
2023-05-10 10:34:07,i2404-C-780,i2404-C-780,27.7,0.0,0.0,0.0,1,11.4,0.0,0,27.7,0.0,0.0,0.0,0.0,0.0,17
2023-05-10 10:34:07,i2404-C-780,i2404-C-780,27.7,0.0,0.0,0.0,10,11.5,0.0,0,27.7,0.0,0.0,0.0,0.0,0.0,17
2023-05-10 10:34:10,i2404-C-780,i2404-C-780,27.7,0.0,0.0,0.0,1,11.6,0.0,0,27.7,0.0,0.0,0.0,0.0,0.0,17
2023-05-10 10:34:10,i2404-C-780,i2404-C-780,27.7,0.0,0.0,0.0,10,11.7,0.0,0,27.7,0.0,0.0,0.0,0.0,0.0,17
2023-05-10 10:34:11,i2404-C-780,i2404-C-780,27.7,0.0,0.0,0.0,1,11.8,0.0,0,27.7,0.0,0.0,0.0,0.0,0.0,17
2023-05-10 10:34:11,i2404-C-780,i2404-C-780,27.7,0.0,0.0,0.0,10,11.9,0.0,0,27.7,0.0,0.0,0.0,0.0,0.0,17
2023-05-10 11:01:56,i2404-C-780,i2404-C-780,27.7,0.0,0.0,0.0,1,13.2,0.0,0,27.7,0.0,0.0,0.0,0.0,0.0,17
2023-05-10 11:01:56,i2404-C-780,i2404-C-780,27.7,0.0,0.0,0.0,10,13.3,0.0,0,27.7,0.0,0.0,0.0,0.0,0.0,17
2023-05-10 11:01:57,i2404-C-780,i2404-C-780,27.7,0.0,0.0,0.0,1,14.6,0.0,0,27.7,0.0,0.0,0.0,0.0,0.0,17
2023-05-10 11:01:57,i2404-C-780,i2404-C-780,27.7,0.0,0.0,0.0,10,14.7,0.0,0,27.7,0.0,0.0,0.0,0.0,0.0,17
2023-05-10 11:01:58,i2404-C-780,i2404-C-780,27.7,0.0,0.0,0.0,1,16.0,0.0,0,27.7,0.0,0.0,0.0,0.0,0.0,17
2023-05-10 11:01:58,i2404-C-780,i2404-C-780,27.7,0.0,0.0,0.0,10,16.1,0.0,0,27.7,0.0,0.0,0.0,0.0,0.0,17
2023-05-10 11:01:59,i2404-C-780,i2404-C-780,27.7,0.0,0.0,0.0,1,17.4,0.0,0,27.7,0.0,0.0,0.0,0.0,0.0,17
2023-05-10 11:01:59,i2404-C-780,i2404-C-780,27.7,0.0,0.0,0.0,10,17.5,0.0,0,27.7,0.0,0.0,0.0,0.0,0.0,17
2023-05-10 11:02:00,i2404-C-780,i2404-C-780,27.7,0.0,0.0,0.0,1,18.8,0.0,0,27.7,0.0,0.0,0.0,0.0,0.0,17
2023-05-10 11:02:00,i2404-C-780,i2404-C-780,27.7,0.0,0.0,0.0,10,18.9,0.0,0,27.7,0.0,0.0,0.0,0.0,0.0,17
2023-05-10 11:02:01,i2404-C-780,i2404-C-780,27.7,0.0,0.0,0.0,1,19.6,0.0,0,27.7,0.0,0.0,0.0,0.0,0.0,17
2023-05-10 11:02:01,i2404-C-780,i2404-C-780,27.7,0.0,0.0,0.0,10,19.7,0.0,0,27.7,0.0,0.0,0.0,0.0,0.0,17
2023-05-10 11:02:02,i2404-C-780,i2404-C-780,27.7,0.0,0.0,0.0,1,19.8,0.0,0,27.7,0.0,0.0,0.0,0.0,0.0,17
2023-05-10 11:02:02,i2404-C-780,i2404-C-780,27.7,0.0,0.0,0.0,10,19.9,0.0,0,27.7,0.0,0.0,0.0,0.0,0.0,17
2023-05-10 11:02:03,i2404-C-780,i2404-C-780,27.7,0.0,0.0,0.0,1,20.0,0.0,0,27.7,0.0,0.0,0.0,0.0,0.0,17
2023-05-10 11:02:03,i2404-C-780,i2404-C-780,27.7,0.0,0.0,0.0,10,20.1,0.0,0,27.7,0.0,0.0,0.0,0.0,0.0,17
2023-05-10 11:02:04,i2404-C-780,i2404-C-780,27.7,0.0,0.0,0.0,1,20.2,0.0,0,27.7,0.0,0.0,0.0,0.0,0.0,17
2023-05-10 11:02:04,i2404-C-780,i2404-C-780,27.7,0.0,0.0,0.0,10,20.3,0.0,0,27.7,0.0,0.0,0.0,0.0,0.0,17
2023-05-10 11:02:05,i2404-C-780,i2404-C-780,27.7,0.0,0.0,0.0,1,20.4,0.0,0,27.7,0.0,0.0,0.0,0.0,0.0,17
2023-05-10 11:02:05,i2404-C-780,i2404-C-780,27.7,0.0,0.0,0.0,10,20.5,0.0,0,27.7,0.0,0.0,0.0,0.0,0.0,17
2023-05-10 11:02:06,i2404-C-780,i2404-C-780,27.7,0.0,0.0,0.0,1,20.6,0.0,0,27.7,0.0,0.0,0.0,0.0,0.0,17
2023-05-10 11:02:06,i2404-C-780,i2404-C-780,27.7,0.0,0.0,0.0,10,20.7,0.0,0,27.7,0.0,0.0,0.0,0.0,0.0,17
2023-05-10 11:02:07,i2404-C-780,i2404-C-780,27.7,0.0,0.0,0.0,1,20.8,0.0,0,27.7,0.0,0.0,0.0,0.0,0.0,17
2023-05-10 11:02:07,i2404-C-780,i2404-C-780,27.7,0.0,0.0,0.0,10,20.9,0.0,0,27.7,0.0,0.0,0.0,0.0,0.0,17
2023-05-10 11:29:32,i2404-C-780,i2404-C-780,27.7,0.0,0.0,0.0,1,6.0,0.0,0,27.7,0.0,0.0,0.0,0.0,0.0,17
2023-05-10 11:29:47,i2404-C-780,i2404-C-780,27.7,0.0,0.0,0.0,1,5.8,0.0,0,27.7,0.0,0.0,0.0,0.0,0.0,17
2023-05-10 13:30:02,i2404-C-780,i2404-C-780,27.7,0.0,0.0,0.0,10,5.9,0.0,0,27.7,0.0,0.0,0.0,0.0,0.0,17
2023-05-10 13:31:41,i2404-C-780,i2404-C-780,27.7,0.0,0.0,0.0,1,7.2,0.0,0,27.7,0.0,0.0,0.0,0.0,0.0,17
2023-05-10 13:31:41,i2404-C-780,i2404-C-780,27.7,0.0,0.0,0.0,10,7.3,0.0,0,27.7,0.0,0.0,0.0,0.0,0.0,17
2023-05-10 13:31:52,i2404-C-780,i2404-C-780,27.7,0.0,0.0,0.0,1,8.6,0.0,0,27.7,0.0,0.0,0.0,0.0,0.0,17
2023-05-10 13:31:52,i2404-C-780,i2404-C-780,27.7,0.0,0.0,0.0,10,8.7,0.0,0,27.7,0.0,0.0,0.0,0.0,0.0,17
2023-05-10 13:32:03,i2404-C-780,i2404-C-780,27.7,0.0,0.0,0.0,1,10.0,0.0,0,27.7,0.0,0.0,0.0,0.0,0.0,17
2023-05-10 13:32:03,i2404-C-780,i2404-C-780,27.7,0.0,0.0,0.0,10,10.1,0.0,0,27.7,0.0,0.0,0.0,0.0,0.0,17
2023-05-10 13:32:06,i2404-C-780,i2404-C-780,27.7,0.0,0.0,0.0,1,11.4,0.0,0,27.7,0.0,0.0,0.0,0.0,0.0,17
2023-05-10 13:32:06,i2404-C-780,i2404-C-780,27.7,0.0,0.0,0.0,10,11.5,0.0,0,27.7,0.0,0.0,0.0,0.0,0.0,17
2023-05-10 13:32:11,i2404-C-780,i2404-C-780,27.7,0.0,0.0,0.0,1,12.8,0.0,0,27.7,0.0,0.0,0.0,0.0,0.0,17
2023-05-10 13:32:11,i2404-C-780,i2404-C-780,27.7,0.0,0.0,0.0,10,12.9,0.0,0,27.7,0.0,0.0,0.0,0.0,0.0,17
2023-05-10 13:32:13,i2404-C-780,i2404-C-780,27.7,0.0,0.0,0.0,1,14.2,0.0,0,27.7,0.0,0.0,0.0,0.0,0.0,17
2023-05-10 13:32:13,i2404-C-780,i2404-C-780,27.7,0.0,0.0,0.0,10,14.3,0.0,0,27.7,0.0,0.0,0.0,0.0,0.0,17
2023-05-10 13:32:14,i2404-C-780,i2404-C-780,27.7,0.0,0.0,0.0,1,15.6,0.0,0,27.7,0.0,0.0,0.0,0.0,0.0,17
2023-05-10 13:32:14,i2404-C-780,i2404-C-780,27.7,0.0,0.0,0.0,10,15.7,0.0,0,27.7,0.0,0.0,0.0,0.0,0.0,17
2023-05-10 13:32:15,i2404-C-780,i2404-C-780,27.7,0.0,0.0,0.0,1,17.0,0.0,0,27.7,0.0,0.0,0.0,0.0,0.0,17
2023-05-10 13:32:15,i2404-C-780,i2404-C-780,27.7,0.0,0.0,0.0,10,17.1,0.0,0,27.7,0.0,0.0,0.0,0.0,0.0,17
2023-05-10 13:32:16,i2404-C-780,i2404-C-780,27.7,0.0,0.0,0.0,1,17.8,0.0,0,27.7,0.0,0.0,0.0,0.0,0.0,17
2023-05-10 13:32:16,i2404-C-780,i2404-C-780,27.7,0.0,0.0,0.0,10,17.9,0.0,0,27.7,0.0,0.0,0.0,0.0,0.0,17
2023-05-10 13:32:18,i2404-C-780,i2404-C-780,27.7,0.0,0.0,0.0,1,18.0,0.0,0,27.7,0.0,0.0,0.0,0.0,0.0,17
2023-05-10 13:32:18,i2404-C-780,i2404-C-780,27.7,0.0,0.0,0.0,10,18.1,0.0,0,27.7,0.0,0.0,0.0,0.0,0.0,17
2023-05-10 13:32:20,i2404-C-780,i2404-C-780,27.7,0.0,0.0,0.0,1,18.2,0.0,0,27.7,0.0,0.0,0.0,0.0,0.0,17
2023-05-10 13:32:20,i2404-C-780,i2404-C-780,27.7,0.0,0.0,0.0,10,18.3,0.0,0,27.7,0.0,0.0,0.0,0.0,0.0,17
2023-05-10 13:32:22,i2404-C-780,i2404-C-780,27.7,0.0,0.0,0.0,1,18.4,0.0,0,27.7,0.0,0.0,0.0,0.0,0.0,17
2023-05-10 13:32:22,i2404-C-780,i2404-C-780,27.7,0.0,0.0,0.0,10,18.5,0.0,0,27.7,0.0,0.0,0.0,0.0,0.0,17
2023-05-10 13:32:24,i2404-C-780,i2404-C-780,27.7,0.0,0.0,0.0,1,18.6,0.0,0,27.7,0.0,0.0,0.0,0.0,0.0,17
2023-05-10 13:32:24,i2404-C-780,i2404-C-780,27.7,0.0,0.0,0.0,10,18.7,0.0,0,27.7,0.0,0.0,0.0,0.0,0.0,17
2023-05-10 13:37:34,i2404-C-780,i2404-C-780,27.7,0.0,0.0,0.0,1,18.8,0.0,0,27.7,0.0,0.0,0.0,0.0,0.0,17
2023-05-10 13:37:34,i2404-C-780,i2404-C-780,27.7,0.0,0.0,0.0,10,18.9,0.0,0,27.7,0.0,0.0,0.0,0.0,0.0,17
2023-05-10 13:37:35,i2404-C-780,i2404-C-780,27.7,0.0,0.0,0.0,1,19.0,0.0,0,27.7,0.0,0.0,0.0,0.0,0.0,17
2023-05-10 13:37:35,i2404-C-780,i2404-C-780,27.7,0.0,0.0,0.0,10,19.1,0.0,0,27.7,0.0,0.0,0.0,0.0,0.0,17
2023-05-10 13:37:37,i2404-C-780,i2404-C-780,27.7,0.0,0.0,0.0,1,19.8,0.0,0,27.7,0.0,0.0,0.0,0.0,0.0,17
2023-05-10 13:37:37,i2404-C-780,i2404-C-780,27.7,0.0,0.0,0.0,10,19.9,0.0,0,27.7,0.0,0.0,0.0,0.0,0.0,17
2023-05-10 13:37:38,i2404-C-780,i2404-C-780,27.7,0.0,0.0,0.0,1,20.0,0.0,0,27.7,0.0,0.0,0.0,0.0,0.0,17
2023-05-10 13:37:38,i2404-C-780,i2404-C-780,27.7,0.0,0.0,0.0,10,20.1,0.0,0,27.7,0.0,0.0,0.0,0.0,0.0,17
2023-05-10 13:37:39,i2404-C-780,i2404-C-780,27.7,0.0,0.0,0.0,1,20.2,0.0,0,27.7,0.0,0.0,0.0,0.0,0.0,17
2023-05-10 13:37:39,i2404-C-780,i2404-C-780,27.7,0.0,0.0,0.0,10,20.3,0.0,0,27.7,0.0,0.0,0.0,0.0,0.0,17
2023-05-10 13:37:40,i2404-C-780,i2404-C-780,27.7,0.0,0.0,0.0,1,20.4,0.0,0,27.7,0.0,0.0,0.0,0.0,0.0,17
2023-05-10 13:37:40,i2404-C-780,i2404-C-780,27.7,0.0,0.0,0.0,10,20.5,0.0,0,27.7,0.0,0.0,0.0,0.0,0.0,17
2023-05-10 13:42:25,i2404-C-780,i2404-C-780,27.7,0.0,0.0,0.0,1,20.6,0.0,0,27.7,0.0,0.0,0.0,0.0,0.0,17
2023-05-10 13:42:25,i2404-C-780,i2404-C-780,27.7,0.0,0.0,0.0,10,20.7,0.0,0,27.7,0.0,0.0,0.0,0.0,0.0,17
2023-05-10 13:42:26,i2404-C-780,i2404-C-780,27.7,0.0,0.0,0.0,1,20.8,0.0,0,27.7,0.0,0.0,0.0,0.0,0.0,17
2023-05-10 13:42:26,i2404-C-780,i2404-C-780,27.7,0.0,0.0,0.0,10,20.9,0.0,0,27.7,0.0,0.0,0.0,0.0,0.0,17
2023-05-10 13:42:27,i2404-C-780,i2404-C-780,27.7,0.0,0.0,0.0,1,21.0,0.0,0,27.7,0.0,0.0,0.0,0.0,0.0,17
2023-05-10 13:42:27,i2404-C-780,i2404-C-780,27.7,0.0,0.0,0.0,10,21.1,0.0,0,27.7,0.0,0.0,0.0,0.0,0.0,17
2023-05-10 14:35:50,i2404-C-780,i2404-C-780,27.7,0.0,0.0,0.0,1,21.2,0.0,0,27.7,0.0,0.0,0.0,0.0,0.0,17
2023-05-10 14:35:50,i2404-C-780,i2404-C-780,27.7,0.0,0.0,0.0,10,21.3,0.0,0,27.7,0.0,0.0,0.0,0.0,0.0,17
2023-05-10 14:35:51,i2404-C-780,i2404-C-780,27.7,0.0,0.0,0.0,1,21.4,0.0,0,27.7,0.0,0.0,0.0,0.0,0.0,17
2023-05-10 14:35:51,i2404-C-780,i2404-C-780,27.7,0.0,0.0,0.0,10,21.5,0.0,0,27.7,0.0,0.0,0.0,0.0,0.0,17
2023-05-10 14:35:52,i2404-C-780,i2404-C-780,27.7,0.0,0.0,0.0,1,21.6,0.0,0,27.7,0.0,0.0,0.0,0.0,0.0,17
2023-05-10 14:35:52,i2404-C-780,i2404-C-780,27.7,0.0,0.0,0.0,10,21.7,0.0,0,27.7,0.0,0.0,0.0,0.0,0.0,17
2023-05-10 14:35:53,i2404-C-780,i2404-C-780,27.7,0.0,0.0,0.0,1,24.5,28.4,10,27.7,0.0,0.0,0.0,0.0,0.0,17
2023-05-10 14:35:54,i2404-C-780,i2404-C-780,27.7,0.0,0.0,0.0,2,24.5,28.4,11,27.7,0.0,0.0,0.0,0.0,0.0,17
2023-05-10 14:35:59,i2404-C-780,i2404-C-780,27.7,0.0,0.0,0.0,3,24.5,27.2,1,27.7,0.0,0.0,0.0,0.0,0.0,17
2023-05-10 14:36:05,i2404-C-780,i2404-C-780,27.7,0.0,0.0,0.0,2,24.5,27.2,1,27.7,0.0,0.0,0.0,0.0,0.0,17
2023-05-10 14:36:06,i2404-C-780,i2404-C-780,27.7,0.0,0.0,0.0,1,24.5,27.2,1,27.7,0.0,0.0,0.0,0.0,0.0,17
2023-05-10 14:36:08,i2404-C-780,i2404-C-780,27.7,0.0,0.0,0.0,1,24.5,26.5,1,27.7,0.0,0.0,0.0,0.0,0.0,17
2023-05-10 14:36:10,i2404-C-780,i2404-C-780,27.7,0.0,0.0,0.0,2,23.9,26.5,1,27.7,0.0,0.0,0.0,0.0,0.0,17
2023-05-10 14:36:11,i2404-C-780,i2404-C-780,27.7,0.0,0.0,0.0,1,23.9,26.5,1,27.7,0.0,0.0,0.0,0.0,0.0,17
2023-05-10 14:36:19,i2404-C-780,i2404-C-780,27.7,0.0,0.0,0.0,1,23.2,27.2,1,27.7,0.0,0.0,0.0,0.0,0.0,17
2023-05-10 14:36:23,i2404-C-780,i2404-C-780,27.7,0.0,0.0,0.0,1,5.8,0.0,0,27.7,0.0,0.0,0.0,0.0,0.0,17
2023-05-10 14:36:24,i2404-C-780,i2404-C-780,27.7,0.0,0.0,0.0,1,7.1,0.0,0,27.7,0.0,0.0,0.0,0.0,0.0,17
2023-05-10 14:36:24,i2404-C-780,i2404-C-780,27.7,0.0,0.0,0.0,10,7.2,0.0,0,27.7,0.0,0.0,0.0,0.0,0.0,17
2023-05-10 14:36:25,i2404-C-780,i2404-C-780,27.7,0.0,0.0,0.0,1,8.5,0.0,0,27.7,0.0,0.0,0.0,0.0,0.0,17
2023-05-10 14:36:25,i2404-C-780,i2404-C-780,27.7,0.0,0.0,0.0,10,8.6,0.0,0,27.7,0.0,0.0,0.0,0.0,0.0,17
2023-05-10 14:36:26,i2404-C-780,i2404-C-780,27.7,0.0,0.0,0.0,1,9.9,0.0,0,27.7,0.0,0.0,0.0,0.0,0.0,17
2023-05-10 14:36:26,i2404-C-780,i2404-C-780,27.7,0.0,0.0,0.0,10,10.0,0.0,0,27.7,0.0,0.0,0.0,0.0,0.0,17
2023-05-10 14:36:27,i2404-C-780,i2404-C-780,27.7,0.0,0.0,0.0,1,11.3,0.0,0,27.7,0.0,0.0,0.0,0.0,0.0,17
2023-05-10 14:36:27,i2404-C-780,i2404-C-780,27.7,0.0,0.0,0.0,10,11.4,0.0,0,27.7,0.0,0.0,0.0,0.0,0.0,17
2023-05-10 14:36:28,i2404-C-780,i2404-C-780,27.7,0.0,0.0,0.0,1,12.7,0.0,0,27.7,0.0,0.0,0.0,0.0,0.0,17
2023-05-10 14:36:28,i2404-C-780,i2404-C-780,27.7,0.0,0.0,0.0,10,12.8,0.0,0,27.7,0.0,0.0,0.0,0.0,0.0,17
2023-05-10 14:36:29,i2404-C-780,i2404-C-780,27.7,0.0,0.0,0.0,1,14.1,0.0,0,27.7,0.0,0.0,0.0,0.0,0.0,17
2023-05-10 14:36:29,i2404-C-780,i2404-C-780,27.7,0.0,0.0,0.0,10,14.2,0.0,0,27.7,0.0,0.0,0.0,0.0,0.0,17
2023-05-10 14:36:30,i2404-C-780,i2404-C-780,27.7,0.0,0.0,0.0,1,15.5,0.0,0,27.7,0.0,0.0,0.0,0.0,0.0,17
2023-05-10 14:36:30,i2404-C-780,i2404-C-780,27.7,0.0,0.0,0.0,10,15.6,0.0,0,27.7,0.0,0.0,0.0,0.0,0.0,17
2023-05-10 14:36:31,i2404-C-780,i2404-C-780,27.7,0.0,0.0,0.0,1,16.9,0.0,0,27.7,0.0,0.0,0.0,0.0,0.0,17
2023-05-10 14:36:31,i2404-C-780,i2404-C-780,27.7,0.0,0.0,0.0,10,17.0,0.0,0,27.7,0.0,0.0,0.0,0.0,0.0,17
2023-05-10 14:36:32,i2404-C-780,i2404-C-780,27.7,0.0,0.0,0.0,1,17.7,0.0,0,27.7,0.0,0.0,0.0,0.0,0.0,17
2023-05-10 14:36:32,i2404-C-780,i2404-C-780,27.7,0.0,0.0,0.0,10,17.8,0.0,0,27.7,0.0,0.0,0.0,0.0,0.0,17
2023-05-10 14:36:33,i2404-C-780,i2404-C-780,27.7,0.0,0.0,0.0,1,17.9,0.0,0,27.7,0.0,0.0,0.0,0.0,0.0,17
2023-05-10 14:36:33,i2404-C-780,i2404-C-780,27.7,0.0,0.0,0.0,10,18.0,0.0,0,27.7,0.0,0.0,0.0,0.0,0.0,17
2023-05-10 14:36:34,i2404-C-780,i2404-C-780,27.7,0.0,0.0,0.0,1,18.1,0.0,0,27.7,0.0,0.0,0.0,0.0,0.0,17
2023-05-10 14:36:34,i2404-C-780,i2404-C-780,27.7,0.0,0.0,0.0,10,18.2,0.0,0,27.7,0.0,0.0,0.0,0.0,0.0,17
2023-05-10 14:36:35,i2404-C-780,i2404-C-780,27.7,0.0,0.0,0.0,1,18.3,0.0,0,27.7,0.0,0.0,0.0,0.0,0.0,17
2023-05-10 14:36:35,i2404-C-780,i2404-C-780,27.7,0.0,0.0,0.0,10,18.4,0.0,0,27.7,0.0,0.0,0.0,0.0,0.0,17
2023-05-10 14:36:36,i2404-C-780,i2404-C-780,27.7,0.0,0.0,0.0,1,18.5,0.0,0,27.7,0.0,0.0,0.0,0.0,0.0,17
2023-05-10 14:36:36,i2404-C-780,i2404-C-780,27.7,0.0,0.0,0.0,10,18.6,0.0,0,27.7,0.0,0.0,0.0,0.0,0.0,17
2023-05-10 14:45:03,i2404-C-780,i2404-C-780,27.7,0.0,0.0,0.0,1,18.7,0.0,0,27.7,0.0,0.0,0.0,0.0,0.0,17
2023-05-10 14:45:03,i2404-C-780,i2404-C-780,27.7,0.0,0.0,0.0,10,18.8,0.0,0,27.7,0.0,0.0,0.0,0.0,0.0,17
2023-05-10 14:59:01,i2404-C-780,i2404-C-780,27.7,0.0,0.0,0.0,1,5.8,0.0,0,27.7,0.0,0.0,0.0,0.0,0.0,17
2023-05-10 14:59:02,i2404-C-780,i2404-C-780,27.7,0.0,0.0,0.0,1,7.1,0.0,0,27.7,0.0,0.0,0.0,0.0,0.0,17
2023-05-10 15:01:14,i2404-C-780,i2404-C-780,27.7,0.0,0.0,0.0,1,7.1,0.0,0,27.7,0.0,0.0,0.0,0.0,0.0,17
