time,symbol_id,symbol_name,last,trade_volume,trade_amount,open_interest_change,bv1,bp1,ap1,av1,yesterday_close,today_open,today_high,today_low,volume,amount,open_interest
2023-05-09 20:56:11,i2402-P-610,i2402-P-610,33.6,0.0,0.0,0.0,1,0.1,0.0,0,33.6,36.2,0.0,0.0,0.0,0.0,36
2023-05-09 21:01:08,i2402-P-610,i2402-P-610,33.6,0.0,0.0,0.0,1,0.2,0.0,0,33.6,36.2,0.0,0.0,0.0,0.0,36
2023-05-09 21:01:12,i2402-P-610,i2402-P-610,33.6,0.0,0.0,0.0,1,10.1,0.0,0,33.6,36.2,0.0,0.0,0.0,0.0,36
2023-05-09 21:01:12,i2402-P-610,i2402-P-610,33.6,0.0,0.0,0.0,1,10.2,0.0,0,33.6,36.2,0.0,0.0,0.0,0.0,36
2023-05-09 21:01:22,i2402-P-610,i2402-P-610,33.6,0.0,0.0,0.0,1,10.3,0.0,0,33.6,36.2,0.0,0.0,0.0,0.0,36
2023-05-09 21:31:13,i2402-P-610,i2402-P-610,33.6,0.0,0.0,0.0,1,10.4,0.0,0,33.6,36.2,0.0,0.0,0.0,0.0,36
2023-05-09 21:31:15,i2402-P-610,i2402-P-610,33.6,0.0,0.0,0.0,1,10.5,0.0,0,33.6,36.2,0.0,0.0,0.0,0.0,36
2023-05-09 22:01:13,i2402-P-610,i2402-P-610,33.6,0.0,0.0,0.0,1,10.6,0.0,0,33.6,36.2,0.0,0.0,0.0,0.0,36
2023-05-09 22:01:16,i2402-P-610,i2402-P-610,33.6,0.0,0.0,0.0,1,10.7,0.0,0,33.6,36.2,0.0,0.0,0.0,0.0,36
2023-05-09 22:31:13,i2402-P-610,i2402-P-610,33.6,0.0,0.0,0.0,1,10.8,0.0,0,33.6,36.2,0.0,0.0,0.0,0.0,36
2023-05-09 22:31:15,i2402-P-610,i2402-P-610,33.6,0.0,0.0,0.0,1,10.9,0.0,0,33.6,36.2,0.0,0.0,0.0,0.0,36
2023-05-09 22:57:32,i2402-P-610,i2402-P-610,33.6,0.0,0.0,0.0,1,10.8,0.0,0,33.6,36.2,0.0,0.0,0.0,0.0,36
2023-05-10 09:02:53,i2402-P-610,i2402-P-610,33.6,0.0,0.0,0.0,1,10.9,0.0,0,33.6,36.2,0.0,0.0,0.0,0.0,36
2023-05-10 09:42:10,i2402-P-610,i2402-P-610,33.6,0.0,0.0,0.0,1,11.0,0.0,0,33.6,36.2,0.0,0.0,0.0,0.0,36
2023-05-10 09:42:12,i2402-P-610,i2402-P-610,33.6,0.0,0.0,0.0,1,11.1,0.0,0,33.6,36.2,0.0,0.0,0.0,0.0,36
2023-05-10 10:12:25,i2402-P-610,i2402-P-610,33.6,0.0,0.0,0.0,1,11.0,0.0,0,33.6,36.2,0.0,0.0,0.0,0.0,36
2023-05-10 10:30:26,i2402-P-610,i2402-P-610,33.6,0.0,0.0,0.0,1,11.1,0.0,0,33.6,36.2,0.0,0.0,0.0,0.0,36
2023-05-10 10:58:27,i2402-P-610,i2402-P-610,33.6,0.0,0.0,0.0,1,11.2,0.0,0,33.6,36.2,0.0,0.0,0.0,0.0,36
2023-05-10 10:58:29,i2402-P-610,i2402-P-610,33.6,0.0,0.0,0.0,1,11.3,0.0,0,33.6,36.2,0.0,0.0,0.0,0.0,36
2023-05-10 11:27:24,i2402-P-610,i2402-P-610,33.6,0.0,0.0,0.0,1,11.2,0.0,0,33.6,36.2,0.0,0.0,0.0,0.0,36
2023-05-10 11:29:46,i2402-P-610,i2402-P-610,33.6,0.0,0.0,0.0,1,8.9,0.0,0,33.6,36.2,0.0,0.0,0.0,0.0,36
2023-05-10 13:30:50,i2402-P-610,i2402-P-610,33.6,0.0,0.0,0.0,1,9.0,0.0,0,33.6,36.2,0.0,0.0,0.0,0.0,36
2023-05-10 13:32:34,i2402-P-610,i2402-P-610,33.6,0.0,0.0,0.0,1,9.1,0.0,0,33.6,36.2,0.0,0.0,0.0,0.0,36
2023-05-10 14:01:21,i2402-P-610,i2402-P-610,33.6,0.0,0.0,0.0,1,9.2,0.0,0,33.6,36.2,0.0,0.0,0.0,0.0,36
2023-05-10 14:01:26,i2402-P-610,i2402-P-610,33.6,0.0,0.0,0.0,1,9.3,0.0,0,33.6,36.2,0.0,0.0,0.0,0.0,36
2023-05-10 14:37:42,i2402-P-610,i2402-P-610,33.6,0.0,0.0,0.0,1,9.4,0.0,0,33.6,36.2,0.0,0.0,0.0,0.0,36
2023-05-10 14:37:46,i2402-P-610,i2402-P-610,33.6,0.0,0.0,0.0,1,9.5,0.0,0,33.6,36.2,0.0,0.0,0.0,0.0,36
2023-05-10 14:38:22,i2402-P-610,i2402-P-610,33.6,0.0,0.0,0.0,1,36.3,40.6,1,33.6,36.2,0.0,0.0,0.0,0.0,36
2023-05-10 14:38:23,i2402-P-610,i2402-P-610,33.6,0.0,0.0,0.0,2,36.3,40.6,2,33.6,36.2,0.0,0.0,0.0,0.0,36
2023-05-10 14:38:26,i2402-P-610,i2402-P-610,36.2,1.0,3620.0,-1.0,2,36.3,40.6,2,33.6,36.2,36.2,36.2,1.0,3620.0,35
2023-05-10 14:38:27,i2402-P-610,i2402-P-610,36.2,0.0,0.0,0.0,2,36.3,37.8,1,33.6,36.2,36.2,36.2,1.0,3620.0,35
2023-05-10 14:38:28,i2402-P-610,i2402-P-610,36.2,0.0,0.0,0.0,3,36.3,37.8,1,33.6,36.2,36.2,36.2,1.0,3620.0,35
2023-05-10 14:38:35,i2402-P-610,i2402-P-610,36.2,0.0,0.0,0.0,2,36.3,37.8,1,33.6,36.2,36.2,36.2,1.0,3620.0,35
2023-05-10 14:38:38,i2402-P-610,i2402-P-610,36.2,0.0,0.0,0.0,2,36.3,39.0,2,33.6,36.2,36.2,36.2,1.0,3620.0,35
2023-05-10 14:38:38,i2402-P-610,i2402-P-610,36.2,0.0,0.0,0.0,1,36.3,39.0,2,33.6,36.2,36.2,36.2,1.0,3620.0,35
2023-05-10 14:38:39,i2402-P-610,i2402-P-610,36.2,0.0,0.0,0.0,1,9.4,0.0,0,33.6,36.2,36.2,36.2,1.0,3620.0,35
2023-05-10 14:38:40,i2402-P-610,i2402-P-610,36.2,0.0,0.0,0.0,1,11.0,0.0,0,33.6,36.2,36.2,36.2,1.0,3620.0,35
2023-05-10 14:38:40,i2402-P-610,i2402-P-610,36.2,0.0,0.0,0.0,1,34.0,38.0,1,33.6,36.2,36.2,36.2,1.0,3620.0,35
2023-05-10 14:38:52,i2402-P-610,i2402-P-610,36.2,0.0,0.0,0.0,1,9.4,0.0,0,33.6,36.2,36.2,36.2,1.0,3620.0,35
2023-05-10 14:38:53,i2402-P-610,i2402-P-610,36.2,0.0,0.0,0.0,1,9.5,0.0,0,33.6,36.2,36.2,36.2,1.0,3620.0,35
2023-05-10 14:39:18,i2402-P-610,i2402-P-610,36.2,0.0,0.0,0.0,1,9.6,0.0,0,33.6,36.2,36.2,36.2,1.0,3620.0,35
2023-05-10 14:39:21,i2402-P-610,i2402-P-610,36.2,0.0,0.0,0.0,1,9.7,0.0,0,33.6,36.2,36.2,36.2,1.0,3620.0,35
2023-05-10 15:01:14,i2402-P-610,i2402-P-610,36.2,0.0,0.0,0.0,1,9.7,0.0,0,33.6,36.2,36.2,36.2,1.0,3620.0,35
