time,symbol_id,symbol_name,last,trade_volume,trade_amount,open_interest_change,bv1,bp1,ap1,av1,yesterday_close,today_open,today_high,today_low,volume,amount,open_interest
2023-05-09 20:56:49,i2401-P-550,i2401-P-550,15.5,0.0,0.0,0.0,100,1.2,0.0,0,15.5,15.0,0.0,0.0,0.0,0.0,521
2023-05-09 21:00:13,i2401-P-550,i2401-P-550,15.5,0.0,0.0,0.0,100,1.2,28.6,4,15.5,15.0,0.0,0.0,0.0,0.0,521
2023-05-09 21:00:13,i2401-P-550,i2401-P-550,15.5,0.0,0.0,0.0,20,1.3,28.5,20,15.5,15.0,0.0,0.0,0.0,0.0,521
2023-05-09 21:00:15,i2401-P-550,i2401-P-550,15.5,0.0,0.0,0.0,6,1.4,28.5,20,15.5,15.0,0.0,0.0,0.0,0.0,521
2023-05-09 21:00:16,i2401-P-550,i2401-P-550,15.5,0.0,0.0,0.0,4,5.3,28.5,20,15.5,15.0,0.0,0.0,0.0,0.0,521
2023-05-09 21:00:16,i2401-P-550,i2401-P-550,15.5,0.0,0.0,0.0,20,5.4,28.5,20,15.5,15.0,0.0,0.0,0.0,0.0,521
2023-05-09 21:00:17,i2401-P-550,i2401-P-550,15.5,0.0,0.0,0.0,4,9.3,28.5,20,15.5,15.0,0.0,0.0,0.0,0.0,521
2023-05-09 21:00:17,i2401-P-550,i2401-P-550,15.5,0.0,0.0,0.0,20,9.4,28.5,20,15.5,15.0,0.0,0.0,0.0,0.0,521
2023-05-09 21:00:19,i2401-P-550,i2401-P-550,15.5,0.0,0.0,0.0,4,13.3,28.5,20,15.5,15.0,0.0,0.0,0.0,0.0,521
2023-05-09 21:00:19,i2401-P-550,i2401-P-550,15.5,0.0,0.0,0.0,20,13.4,28.5,20,15.5,15.0,0.0,0.0,0.0,0.0,521
2023-05-09 21:00:20,i2401-P-550,i2401-P-550,15.5,0.0,0.0,0.0,4,14.4,28.5,20,15.5,15.0,0.0,0.0,0.0,0.0,521
2023-05-09 21:00:22,i2401-P-550,i2401-P-550,15.5,0.0,0.0,0.0,4,14.4,24.6,4,15.5,15.0,0.0,0.0,0.0,0.0,521
2023-05-09 21:00:22,i2401-P-550,i2401-P-550,15.5,0.0,0.0,0.0,4,14.4,24.5,20,15.5,15.0,0.0,0.0,0.0,0.0,521
2023-05-09 21:00:23,i2401-P-550,i2401-P-550,15.5,0.0,0.0,0.0,4,14.4,20.6,4,15.5,15.0,0.0,0.0,0.0,0.0,521
2023-05-09 21:00:23,i2401-P-550,i2401-P-550,15.5,0.0,0.0,0.0,4,14.4,20.5,20,15.5,15.0,0.0,0.0,0.0,0.0,521
2023-05-09 21:00:24,i2401-P-550,i2401-P-550,15.5,0.0,0.0,0.0,4,14.4,16.6,4,15.5,15.0,0.0,0.0,0.0,0.0,521
2023-05-09 21:00:25,i2401-P-550,i2401-P-550,15.5,0.0,0.0,0.0,4,14.4,16.0,4,15.5,15.0,0.0,0.0,0.0,0.0,521
2023-05-09 21:00:27,i2401-P-550,i2401-P-550,15.5,0.0,0.0,0.0,20,5.2,16.0,4,15.5,15.0,0.0,0.0,0.0,0.0,521
2023-05-09 21:00:28,i2401-P-550,i2401-P-550,15.5,0.0,0.0,0.0,4,9.1,16.0,4,15.5,15.0,0.0,0.0,0.0,0.0,521
2023-05-09 21:00:29,i2401-P-550,i2401-P-550,15.5,0.0,0.0,0.0,4,13.1,16.0,4,15.5,15.0,0.0,0.0,0.0,0.0,521
2023-05-09 21:00:29,i2401-P-550,i2401-P-550,15.5,0.0,0.0,0.0,20,13.2,16.0,4,15.5,15.0,0.0,0.0,0.0,0.0,521
2023-05-09 21:00:30,i2401-P-550,i2401-P-550,15.5,0.0,0.0,0.0,4,14.5,16.0,4,15.5,15.0,0.0,0.0,0.0,0.0,521
2023-05-09 21:00:35,i2401-P-550,i2401-P-550,15.5,0.0,0.0,0.0,4,5.1,16.0,4,15.5,15.0,0.0,0.0,0.0,0.0,521
2023-05-09 21:00:36,i2401-P-550,i2401-P-550,15.5,0.0,0.0,0.0,6,5.3,16.0,4,15.5,15.0,0.0,0.0,0.0,0.0,521
2023-05-09 21:00:36,i2401-P-550,i2401-P-550,15.5,0.0,0.0,0.0,20,5.4,16.0,4,15.5,15.0,0.0,0.0,0.0,0.0,521
2023-05-09 21:00:37,i2401-P-550,i2401-P-550,15.5,0.0,0.0,0.0,4,9.2,16.0,4,15.5,15.0,0.0,0.0,0.0,0.0,521
2023-05-09 21:00:37,i2401-P-550,i2401-P-550,15.5,0.0,0.0,0.0,4,13.2,16.0,4,15.5,15.0,0.0,0.0,0.0,0.0,521
2023-05-09 21:00:38,i2401-P-550,i2401-P-550,15.5,0.0,0.0,0.0,20,13.3,16.0,4,15.5,15.0,0.0,0.0,0.0,0.0,521
2023-05-09 21:00:38,i2401-P-550,i2401-P-550,15.5,0.0,0.0,0.0,4,14.8,16.0,4,15.5,15.0,0.0,0.0,0.0,0.0,521
2023-05-09 21:00:44,i2401-P-550,i2401-P-550,15.5,0.0,0.0,0.0,4,5.1,16.0,4,15.5,15.0,0.0,0.0,0.0,0.0,521
2023-05-09 21:00:45,i2401-P-550,i2401-P-550,15.5,0.0,0.0,0.0,20,5.2,16.0,4,15.5,15.0,0.0,0.0,0.0,0.0,521
2023-05-09 21:00:45,i2401-P-550,i2401-P-550,15.5,0.0,0.0,0.0,4,9.1,16.0,4,15.5,15.0,0.0,0.0,0.0,0.0,521
2023-05-09 21:00:46,i2401-P-550,i2401-P-550,15.5,0.0,0.0,0.0,4,13.1,16.0,4,15.5,15.0,0.0,0.0,0.0,0.0,521
2023-05-09 21:00:46,i2401-P-550,i2401-P-550,15.5,0.0,0.0,0.0,20,13.2,16.0,4,15.5,15.0,0.0,0.0,0.0,0.0,521
2023-05-09 21:00:47,i2401-P-550,i2401-P-550,15.5,0.0,0.0,0.0,4,14.7,16.0,4,15.5,15.0,0.0,0.0,0.0,0.0,521
2023-05-09 21:00:53,i2401-P-550,i2401-P-550,15.5,0.0,0.0,0.0,20,5.2,16.0,4,15.5,15.0,0.0,0.0,0.0,0.0,521
2023-05-09 21:00:54,i2401-P-550,i2401-P-550,15.5,0.0,0.0,0.0,4,9.1,16.0,4,15.5,15.0,0.0,0.0,0.0,0.0,521
2023-05-09 21:00:54,i2401-P-550,i2401-P-550,15.5,0.0,0.0,0.0,4,13.1,16.0,4,15.5,15.0,0.0,0.0,0.0,0.0,521
2023-05-09 21:00:55,i2401-P-550,i2401-P-550,15.5,0.0,0.0,0.0,20,13.2,16.0,4,15.5,15.0,0.0,0.0,0.0,0.0,521
2023-05-09 21:00:55,i2401-P-550,i2401-P-550,15.5,0.0,0.0,0.0,4,14.6,16.0,4,15.5,15.0,0.0,0.0,0.0,0.0,521
2023-05-09 21:00:55,i2401-P-550,i2401-P-550,15.5,0.0,0.0,0.0,14,14.6,15.5,10,15.5,15.0,0.0,0.0,0.0,0.0,521
2023-05-09 21:01:00,i2401-P-550,i2401-P-550,15.5,0.0,0.0,0.0,10,14.7,15.6,10,15.5,15.0,0.0,0.0,0.0,0.0,521
2023-05-09 21:01:14,i2401-P-550,i2401-P-550,15.5,0.0,0.0,0.0,10,14.9,15.7,10,15.5,15.0,0.0,0.0,0.0,0.0,521
2023-05-09 21:01:28,i2401-P-550,i2401-P-550,15.5,0.0,0.0,0.0,20,14.9,15.7,20,15.5,15.0,0.0,0.0,0.0,0.0,521
2023-05-09 21:01:29,i2401-P-550,i2401-P-550,15.5,0.0,0.0,0.0,10,15.0,15.9,10,15.5,15.0,0.0,0.0,0.0,0.0,521
2023-05-09 21:01:31,i2401-P-550,i2401-P-550,15.5,0.0,0.0,0.0,20,15.0,15.9,20,15.5,15.0,0.0,0.0,0.0,0.0,521
2023-05-09 21:02:14,i2401-P-550,i2401-P-550,15.5,0.0,0.0,0.0,10,14.9,15.8,10,15.5,15.0,0.0,0.0,0.0,0.0,521
2023-05-09 21:02:16,i2401-P-550,i2401-P-550,15.5,0.0,0.0,0.0,20,14.9,15.8,20,15.5,15.0,0.0,0.0,0.0,0.0,521
2023-05-09 21:02:28,i2401-P-550,i2401-P-550,15.5,0.0,0.0,0.0,20,14.8,15.7,20,15.5,15.0,0.0,0.0,0.0,0.0,521
2023-05-09 21:02:53,i2401-P-550,i2401-P-550,15.5,0.0,0.0,0.0,10,15.0,15.5,10,15.5,15.0,0.0,0.0,0.0,0.0,521
2023-05-09 21:02:55,i2401-P-550,i2401-P-550,15.5,0.0,0.0,0.0,20,15.0,15.5,20,15.5,15.0,0.0,0.0,0.0,0.0,521
2023-05-09 21:03:03,i2401-P-550,i2401-P-550,15.5,0.0,0.0,0.0,10,15.0,15.6,10,15.5,15.0,0.0,0.0,0.0,0.0,521
2023-05-09 21:03:04,i2401-P-550,i2401-P-550,15.5,0.0,0.0,0.0,20,15.1,15.6,20,15.5,15.0,0.0,0.0,0.0,0.0,521
2023-05-09 21:03:04,i2401-P-550,i2401-P-550,15.5,0.0,0.0,0.0,10,15.1,15.6,20,15.5,15.0,0.0,0.0,0.0,0.0,521
2023-05-09 21:03:06,i2401-P-550,i2401-P-550,15.5,0.0,0.0,0.0,10,15.1,15.5,10,15.5,15.0,0.0,0.0,0.0,0.0,521
2023-05-09 21:03:08,i2401-P-550,i2401-P-550,15.5,0.0,0.0,0.0,20,15.0,15.6,20,15.5,15.0,0.0,0.0,0.0,0.0,521
2023-05-09 21:03:09,i2401-P-550,i2401-P-550,15.5,0.0,0.0,0.0,20,15.0,15.5,10,15.5,15.0,0.0,0.0,0.0,0.0,521
2023-05-09 21:03:10,i2401-P-550,i2401-P-550,15.5,0.0,0.0,0.0,20,15.0,15.6,20,15.5,15.0,0.0,0.0,0.0,0.0,521
2023-05-09 21:03:11,i2401-P-550,i2401-P-550,15.5,0.0,0.0,0.0,20,15.0,15.5,10,15.5,15.0,0.0,0.0,0.0,0.0,521
2023-05-09 21:03:13,i2401-P-550,i2401-P-550,15.5,0.0,0.0,0.0,20,15.0,15.6,20,15.5,15.0,0.0,0.0,0.0,0.0,521
2023-05-09 21:03:14,i2401-P-550,i2401-P-550,15.5,0.0,0.0,0.0,20,15.0,15.5,10,15.5,15.0,0.0,0.0,0.0,0.0,521
2023-05-09 21:03:15,i2401-P-550,i2401-P-550,15.5,0.0,0.0,0.0,10,15.0,15.5,10,15.5,15.0,0.0,0.0,0.0,0.0,521
2023-05-09 21:03:17,i2401-P-550,i2401-P-550,15.5,0.0,0.0,0.0,20,15.0,15.5,20,15.5,15.0,0.0,0.0,0.0,0.0,521
2023-05-09 21:03:20,i2401-P-550,i2401-P-550,15.5,0.0,0.0,0.0,10,15.0,15.5,20,15.5,15.0,0.0,0.0,0.0,0.0,521
2023-05-09 21:03:21,i2401-P-550,i2401-P-550,15.5,0.0,0.0,0.0,20,14.9,15.4,20,15.5,15.0,0.0,0.0,0.0,0.0,521
2023-05-09 21:03:22,i2401-P-550,i2401-P-550,15.5,0.0,0.0,0.0,10,14.9,15.4,10,15.5,15.0,0.0,0.0,0.0,0.0,521
2023-05-09 21:03:27,i2401-P-550,i2401-P-550,15.5,0.0,0.0,0.0,20,14.9,15.4,10,15.5,15.0,0.0,0.0,0.0,0.0,521
2023-05-09 21:03:28,i2401-P-550,i2401-P-550,15.5,0.0,0.0,0.0,10,14.9,15.4,20,15.5,15.0,0.0,0.0,0.0,0.0,521
2023-05-09 21:03:40,i2401-P-550,i2401-P-550,15.5,0.0,0.0,0.0,10,15.0,15.4,10,15.5,15.0,0.0,0.0,0.0,0.0,521
2023-05-09 21:03:40,i2401-P-550,i2401-P-550,15.5,0.0,0.0,0.0,20,14.9,15.5,20,15.5,15.0,0.0,0.0,0.0,0.0,521
2023-05-09 21:03:46,i2401-P-550,i2401-P-550,15.5,0.0,0.0,0.0,20,14.9,15.4,10,15.5,15.0,0.0,0.0,0.0,0.0,521
2023-05-09 21:03:47,i2401-P-550,i2401-P-550,15.5,0.0,0.0,0.0,10,15.1,15.4,10,15.5,15.0,0.0,0.0,0.0,0.0,521
2023-05-09 21:03:48,i2401-P-550,i2401-P-550,15.5,0.0,0.0,0.0,10,15.0,15.4,10,15.5,15.0,0.0,0.0,0.0,0.0,521
2023-05-09 21:03:48,i2401-P-550,i2401-P-550,15.5,0.0,0.0,0.0,20,14.9,15.4,10,15.5,15.0,0.0,0.0,0.0,0.0,521
2023-05-09 21:03:49,i2401-P-550,i2401-P-550,15.5,0.0,0.0,0.0,20,14.9,15.4,20,15.5,15.0,0.0,0.0,0.0,0.0,521
2023-05-09 21:03:53,i2401-P-550,i2401-P-550,15.5,0.0,0.0,0.0,20,15.0,15.5,10,15.5,15.0,0.0,0.0,0.0,0.0,521
2023-05-09 21:03:53,i2401-P-550,i2401-P-550,15.5,0.0,0.0,0.0,20,15.0,15.5,20,15.5,15.0,0.0,0.0,0.0,0.0,521
2023-05-09 21:03:58,i2401-P-550,i2401-P-550,15.5,0.0,0.0,0.0,10,15.1,15.5,10,15.5,15.0,0.0,0.0,0.0,0.0,521
2023-05-09 21:04:00,i2401-P-550,i2401-P-550,15.5,0.0,0.0,0.0,10,15.1,15.5,20,15.5,15.0,0.0,0.0,0.0,0.0,521
2023-05-09 21:04:00,i2401-P-550,i2401-P-550,15.5,0.0,0.0,0.0,40,15.0,15.5,20,15.5,15.0,0.0,0.0,0.0,0.0,521
2023-05-09 21:04:05,i2401-P-550,i2401-P-550,15.5,0.0,0.0,0.0,30,15.0,15.5,20,15.5,15.0,0.0,0.0,0.0,0.0,521
2023-05-09 21:04:05,i2401-P-550,i2401-P-550,15.5,0.0,0.0,0.0,30,15.0,15.5,30,15.5,15.0,0.0,0.0,0.0,0.0,521
2023-05-09 21:04:06,i2401-P-550,i2401-P-550,15.5,0.0,0.0,0.0,30,15.0,15.5,20,15.5,15.0,0.0,0.0,0.0,0.0,521
2023-05-09 21:04:07,i2401-P-550,i2401-P-550,15.5,0.0,0.0,0.0,30,15.0,15.5,30,15.5,15.0,0.0,0.0,0.0,0.0,521
2023-05-09 21:04:08,i2401-P-550,i2401-P-550,15.5,0.0,0.0,0.0,30,15.0,15.5,20,15.5,15.0,0.0,0.0,0.0,0.0,521
2023-05-09 21:04:10,i2401-P-550,i2401-P-550,15.5,0.0,0.0,0.0,30,15.0,15.5,30,15.5,15.0,0.0,0.0,0.0,0.0,521
2023-05-09 21:04:16,i2401-P-550,i2401-P-550,15.5,0.0,0.0,0.0,20,15.0,15.5,30,15.5,15.0,0.0,0.0,0.0,0.0,521
2023-05-09 21:04:16,i2401-P-550,i2401-P-550,15.5,0.0,0.0,0.0,10,15.0,15.4,10,15.5,15.0,0.0,0.0,0.0,0.0,521
2023-05-09 21:04:16,i2401-P-550,i2401-P-550,15.5,0.0,0.0,0.0,10,15.0,15.5,20,15.5,15.0,0.0,0.0,0.0,0.0,521
2023-05-09 21:04:18,i2401-P-550,i2401-P-550,15.5,0.0,0.0,0.0,20,15.0,15.4,20,15.5,15.0,0.0,0.0,0.0,0.0,521
2023-05-09 21:04:19,i2401-P-550,i2401-P-550,15.5,0.0,0.0,0.0,20,15.0,15.5,30,15.5,15.0,0.0,0.0,0.0,0.0,521
2023-05-09 21:04:20,i2401-P-550,i2401-P-550,15.5,0.0,0.0,0.0,20,15.0,15.4,20,15.5,15.0,0.0,0.0,0.0,0.0,521
2023-05-09 21:04:21,i2401-P-550,i2401-P-550,15.5,0.0,0.0,0.0,20,15.0,15.4,10,15.5,15.0,0.0,0.0,0.0,0.0,521
2023-05-09 21:04:23,i2401-P-550,i2401-P-550,15.5,0.0,0.0,0.0,30,15.0,15.5,30,15.5,15.0,0.0,0.0,0.0,0.0,521
2023-05-09 21:04:37,i2401-P-550,i2401-P-550,15.5,0.0,0.0,0.0,30,15.0,15.5,20,15.5,15.0,0.0,0.0,0.0,0.0,521
2023-05-09 21:04:38,i2401-P-550,i2401-P-550,15.5,0.0,0.0,0.0,30,15.0,15.5,30,15.5,15.0,0.0,0.0,0.0,0.0,521
2023-05-09 21:04:39,i2401-P-550,i2401-P-550,15.5,0.0,0.0,0.0,30,15.0,15.5,20,15.5,15.0,0.0,0.0,0.0,0.0,521
2023-05-09 21:04:40,i2401-P-550,i2401-P-550,15.5,0.0,0.0,0.0,30,15.0,15.5,30,15.5,15.0,0.0,0.0,0.0,0.0,521
2023-05-09 21:04:42,i2401-P-550,i2401-P-550,15.5,0.0,0.0,0.0,30,15.0,15.5,20,15.5,15.0,0.0,0.0,0.0,0.0,521
2023-05-09 21:04:46,i2401-P-550,i2401-P-550,15.5,0.0,0.0,0.0,30,15.0,15.5,30,15.5,15.0,0.0,0.0,0.0,0.0,521
2023-05-09 21:05:02,i2401-P-550,i2401-P-550,15.5,0.0,0.0,0.0,10,15.1,15.5,20,15.5,15.0,0.0,0.0,0.0,0.0,521
2023-05-09 21:05:03,i2401-P-550,i2401-P-550,15.5,0.0,0.0,0.0,20,15.1,15.6,20,15.5,15.0,0.0,0.0,0.0,0.0,521
2023-05-09 21:05:04,i2401-P-550,i2401-P-550,15.5,0.0,0.0,0.0,10,15.2,15.6,10,15.5,15.0,0.0,0.0,0.0,0.0,521
2023-05-09 21:05:05,i2401-P-550,i2401-P-550,15.5,0.0,0.0,0.0,30,15.1,15.6,10,15.5,15.0,0.0,0.0,0.0,0.0,521
2023-05-09 21:05:10,i2401-P-550,i2401-P-550,15.5,0.0,0.0,0.0,40,15.1,15.6,20,15.5,15.0,0.0,0.0,0.0,0.0,521
2023-05-09 21:05:17,i2401-P-550,i2401-P-550,15.5,0.0,0.0,0.0,40,15.1,15.7,30,15.5,15.0,0.0,0.0,0.0,0.0,521
2023-05-09 21:05:18,i2401-P-550,i2401-P-550,15.5,0.0,0.0,0.0,40,15.1,15.6,20,15.5,15.0,0.0,0.0,0.0,0.0,521
2023-05-09 21:05:19,i2401-P-550,i2401-P-550,15.5,0.0,0.0,0.0,10,15.2,15.6,20,15.5,15.0,0.0,0.0,0.0,0.0,521
2023-05-09 21:05:20,i2401-P-550,i2401-P-550,15.5,0.0,0.0,0.0,30,15.1,15.6,10,15.5,15.0,0.0,0.0,0.0,0.0,521
2023-05-09 21:05:20,i2401-P-550,i2401-P-550,15.5,0.0,0.0,0.0,20,15.1,15.6,10,15.5,15.0,0.0,0.0,0.0,0.0,521
2023-05-09 21:05:21,i2401-P-550,i2401-P-550,15.5,0.0,0.0,0.0,30,15.1,15.6,10,15.5,15.0,0.0,0.0,0.0,0.0,521
2023-05-09 21:05:22,i2401-P-550,i2401-P-550,15.5,0.0,0.0,0.0,40,15.1,15.6,20,15.5,15.0,0.0,0.0,0.0,0.0,521
2023-05-09 21:05:23,i2401-P-550,i2401-P-550,15.5,0.0,0.0,0.0,40,15.1,15.6,30,15.5,15.0,0.0,0.0,0.0,0.0,521
2023-05-09 21:05:24,i2401-P-550,i2401-P-550,15.5,0.0,0.0,0.0,10,15.1,15.6,30,15.5,15.0,0.0,0.0,0.0,0.0,521
2023-05-09 21:05:24,i2401-P-550,i2401-P-550,15.5,0.0,0.0,0.0,30,15.0,15.5,20,15.5,15.0,0.0,0.0,0.0,0.0,521
2023-05-09 21:05:26,i2401-P-550,i2401-P-550,15.5,0.0,0.0,0.0,20,15.1,15.5,20,15.5,15.0,0.0,0.0,0.0,0.0,521
2023-05-09 21:05:28,i2401-P-550,i2401-P-550,15.5,0.0,0.0,0.0,40,15.0,15.5,20,15.5,15.0,0.0,0.0,0.0,0.0,521
2023-05-09 21:05:38,i2401-P-550,i2401-P-550,15.5,0.0,0.0,0.0,10,15.1,15.5,10,15.5,15.0,0.0,0.0,0.0,0.0,521
2023-05-09 21:05:38,i2401-P-550,i2401-P-550,15.5,0.0,0.0,0.0,10,15.1,15.6,20,15.5,15.0,0.0,0.0,0.0,0.0,521
2023-05-09 21:05:41,i2401-P-550,i2401-P-550,15.5,0.0,0.0,0.0,20,15.1,15.6,30,15.5,15.0,0.0,0.0,0.0,0.0,521
2023-05-09 21:05:58,i2401-P-550,i2401-P-550,15.5,0.0,0.0,0.0,40,15.0,15.6,30,15.5,15.0,0.0,0.0,0.0,0.0,521
2023-05-09 21:05:59,i2401-P-550,i2401-P-550,15.5,0.0,0.0,0.0,30,15.0,15.5,10,15.5,15.0,0.0,0.0,0.0,0.0,521
2023-05-09 21:06:01,i2401-P-550,i2401-P-550,15.5,0.0,0.0,0.0,40,15.0,15.5,20,15.5,15.0,0.0,0.0,0.0,0.0,521
2023-05-09 21:06:05,i2401-P-550,i2401-P-550,15.5,0.0,0.0,0.0,40,15.0,15.5,10,15.5,15.0,0.0,0.0,0.0,0.0,521
2023-05-09 21:06:32,i2401-P-550,i2401-P-550,15.5,0.0,0.0,0.0,30,15.0,15.5,10,15.5,15.0,0.0,0.0,0.0,0.0,521
2023-05-09 21:06:38,i2401-P-550,i2401-P-550,15.5,0.0,0.0,0.0,20,14.9,15.4,10,15.5,15.0,0.0,0.0,0.0,0.0,521
2023-05-09 21:06:39,i2401-P-550,i2401-P-550,15.5,0.0,0.0,0.0,20,14.9,15.4,20,15.5,15.0,0.0,0.0,0.0,0.0,521
2023-05-09 21:06:40,i2401-P-550,i2401-P-550,15.5,0.0,0.0,0.0,10,14.9,15.4,20,15.5,15.0,0.0,0.0,0.0,0.0,521
2023-05-09 21:06:40,i2401-P-550,i2401-P-550,15.5,0.0,0.0,0.0,10,14.9,15.3,10,15.5,15.0,0.0,0.0,0.0,0.0,521
2023-05-09 21:06:41,i2401-P-550,i2401-P-550,15.5,0.0,0.0,0.0,10,14.8,15.3,10,15.5,15.0,0.0,0.0,0.0,0.0,521
2023-05-09 21:06:42,i2401-P-550,i2401-P-550,15.5,0.0,0.0,0.0,20,14.8,15.3,10,15.5,15.0,0.0,0.0,0.0,0.0,521
2023-05-09 21:06:48,i2401-P-550,i2401-P-550,15.5,0.0,0.0,0.0,30,14.8,15.3,30,15.5,15.0,0.0,0.0,0.0,0.0,521
2023-05-09 21:06:57,i2401-P-550,i2401-P-550,15.5,0.0,0.0,0.0,20,14.8,15.3,30,15.5,15.0,0.0,0.0,0.0,0.0,521
2023-05-09 21:06:57,i2401-P-550,i2401-P-550,15.5,0.0,0.0,0.0,30,14.8,15.3,30,15.5,15.0,0.0,0.0,0.0,0.0,521
2023-05-09 21:06:58,i2401-P-550,i2401-P-550,15.5,0.0,0.0,0.0,20,14.8,15.3,30,15.5,15.0,0.0,0.0,0.0,0.0,521
2023-05-09 21:06:58,i2401-P-550,i2401-P-550,15.5,0.0,0.0,0.0,10,14.8,15.3,30,15.5,15.0,0.0,0.0,0.0,0.0,521
2023-05-09 21:06:59,i2401-P-550,i2401-P-550,15.5,0.0,0.0,0.0,20,14.8,15.3,30,15.5,15.0,0.0,0.0,0.0,0.0,521
2023-05-09 21:07:03,i2401-P-550,i2401-P-550,15.5,0.0,0.0,0.0,20,14.8,15.3,20,15.5,15.0,0.0,0.0,0.0,0.0,521
2023-05-09 21:07:04,i2401-P-550,i2401-P-550,15.5,0.0,0.0,0.0,20,14.9,15.3,20,15.5,15.0,0.0,0.0,0.0,0.0,521
2023-05-09 21:07:08,i2401-P-550,i2401-P-550,15.5,0.0,0.0,0.0,20,14.8,15.3,20,15.5,15.0,0.0,0.0,0.0,0.0,521
2023-05-09 21:07:09,i2401-P-550,i2401-P-550,15.5,0.0,0.0,0.0,20,14.9,15.3,20,15.5,15.0,0.0,0.0,0.0,0.0,521
2023-05-09 21:07:10,i2401-P-550,i2401-P-550,15.5,0.0,0.0,0.0,30,14.9,15.3,10,15.5,15.0,0.0,0.0,0.0,0.0,521
2023-05-09 21:07:10,i2401-P-550,i2401-P-550,15.5,0.0,0.0,0.0,10,14.9,15.4,20,15.5,15.0,0.0,0.0,0.0,0.0,521
2023-05-09 21:07:11,i2401-P-550,i2401-P-550,15.5,0.0,0.0,0.0,10,15.0,15.4,20,15.5,15.0,0.0,0.0,0.0,0.0,521
2023-05-09 21:07:15,i2401-P-550,i2401-P-550,15.5,0.0,0.0,0.0,10,15.0,15.4,10,15.5,15.0,0.0,0.0,0.0,0.0,521
2023-05-09 21:07:15,i2401-P-550,i2401-P-550,15.5,0.0,0.0,0.0,20,14.9,15.4,10,15.5,15.0,0.0,0.0,0.0,0.0,521
2023-05-09 21:07:18,i2401-P-550,i2401-P-550,15.5,0.0,0.0,0.0,30,14.9,15.4,20,15.5,15.0,0.0,0.0,0.0,0.0,521
2023-05-09 21:07:27,i2401-P-550,i2401-P-550,15.5,0.0,0.0,0.0,20,14.9,15.4,30,15.5,15.0,0.0,0.0,0.0,0.0,521
2023-05-09 21:07:52,i2401-P-550,i2401-P-550,15.5,0.0,0.0,0.0,20,14.9,15.4,20,15.5,15.0,0.0,0.0,0.0,0.0,521
2023-05-09 21:07:52,i2401-P-550,i2401-P-550,15.5,0.0,0.0,0.0,30,14.9,15.4,30,15.5,15.0,0.0,0.0,0.0,0.0,521
2023-05-09 21:08:04,i2401-P-550,i2401-P-550,15.5,0.0,0.0,0.0,30,14.8,15.4,20,15.5,15.0,0.0,0.0,0.0,0.0,521
2023-05-09 21:08:04,i2401-P-550,i2401-P-550,15.5,0.0,0.0,0.0,30,14.8,15.3,10,15.5,15.0,0.0,0.0,0.0,0.0,521
2023-05-09 21:08:16,i2401-P-550,i2401-P-550,15.5,0.0,0.0,0.0,40,14.8,15.3,20,15.5,15.0,0.0,0.0,0.0,0.0,521
2023-05-09 21:08:23,i2401-P-550,i2401-P-550,15.5,0.0,0.0,0.0,40,14.8,15.3,30,15.5,15.0,0.0,0.0,0.0,0.0,521
2023-05-09 21:08:26,i2401-P-550,i2401-P-550,15.5,0.0,0.0,0.0,30,14.8,15.3,30,15.5,15.0,0.0,0.0,0.0,0.0,521
2023-05-09 21:08:27,i2401-P-550,i2401-P-550,15.5,0.0,0.0,0.0,30,14.7,15.2,10,15.5,15.0,0.0,0.0,0.0,0.0,521
2023-05-09 21:08:33,i2401-P-550,i2401-P-550,15.5,0.0,0.0,0.0,40,14.7,15.2,20,15.5,15.0,0.0,0.0,0.0,0.0,521
2023-05-09 21:08:45,i2401-P-550,i2401-P-550,15.5,0.0,0.0,0.0,30,14.7,15.2,10,15.5,15.0,0.0,0.0,0.0,0.0,521
2023-05-09 21:08:55,i2401-P-550,i2401-P-550,15.5,0.0,0.0,0.0,10,14.7,15.2,10,15.5,15.0,0.0,0.0,0.0,0.0,521
2023-05-09 21:08:55,i2401-P-550,i2401-P-550,15.5,0.0,0.0,0.0,20,14.7,15.2,20,15.5,15.0,0.0,0.0,0.0,0.0,521
2023-05-09 21:08:58,i2401-P-550,i2401-P-550,15.5,0.0,0.0,0.0,10,14.7,15.2,20,15.5,15.0,0.0,0.0,0.0,0.0,521
2023-05-09 21:08:59,i2401-P-550,i2401-P-550,15.5,0.0,0.0,0.0,20,14.7,15.2,20,15.5,15.0,0.0,0.0,0.0,0.0,521
2023-05-09 21:09:00,i2401-P-550,i2401-P-550,15.5,0.0,0.0,0.0,10,14.7,15.2,20,15.5,15.0,0.0,0.0,0.0,0.0,521
2023-05-09 21:09:01,i2401-P-550,i2401-P-550,15.5,0.0,0.0,0.0,10,14.7,15.2,30,15.5,15.0,0.0,0.0,0.0,0.0,521
2023-05-09 21:09:02,i2401-P-550,i2401-P-550,15.5,0.0,0.0,0.0,44,14.6,15.1,20,15.5,15.0,0.0,0.0,0.0,0.0,521
2023-05-09 21:09:03,i2401-P-550,i2401-P-550,15.5,0.0,0.0,0.0,10,14.7,15.2,20,15.5,15.0,0.0,0.0,0.0,0.0,521
2023-05-09 21:09:03,i2401-P-550,i2401-P-550,15.5,0.0,0.0,0.0,34,14.6,15.2,20,15.5,15.0,0.0,0.0,0.0,0.0,521
2023-05-09 21:09:05,i2401-P-550,i2401-P-550,15.5,0.0,0.0,0.0,44,14.6,15.2,30,15.5,15.0,0.0,0.0,0.0,0.0,521
2023-05-09 21:09:08,i2401-P-550,i2401-P-550,15.5,0.0,0.0,0.0,44,14.6,15.1,20,15.5,15.0,0.0,0.0,0.0,0.0,521
2023-05-09 21:09:14,i2401-P-550,i2401-P-550,15.5,0.0,0.0,0.0,4,14.6,15.1,20,15.5,15.0,0.0,0.0,0.0,0.0,521
2023-05-09 21:09:15,i2401-P-550,i2401-P-550,15.5,0.0,0.0,0.0,14,14.6,15.1,20,15.5,15.0,0.0,0.0,0.0,0.0,521
2023-05-09 21:09:16,i2401-P-550,i2401-P-550,15.5,0.0,0.0,0.0,4,14.6,15.1,20,15.5,15.0,0.0,0.0,0.0,0.0,521
2023-05-09 21:09:16,i2401-P-550,i2401-P-550,15.5,0.0,0.0,0.0,4,14.6,15.0,10,15.5,15.0,0.0,0.0,0.0,0.0,521
2023-05-09 21:09:18,i2401-P-550,i2401-P-550,15.5,0.0,0.0,0.0,4,14.6,15.1,20,15.5,15.0,0.0,0.0,0.0,0.0,521
2023-05-09 21:09:19,i2401-P-550,i2401-P-550,15.5,0.0,0.0,0.0,24,14.6,15.1,10,15.5,15.0,0.0,0.0,0.0,0.0,521
2023-05-09 21:09:22,i2401-P-550,i2401-P-550,15.5,0.0,0.0,0.0,14,14.6,15.1,10,15.5,15.0,0.0,0.0,0.0,0.0,521
2023-05-09 21:09:23,i2401-P-550,i2401-P-550,15.5,0.0,0.0,0.0,14,14.6,15.0,10,15.5,15.0,0.0,0.0,0.0,0.0,521
2023-05-09 21:09:23,i2401-P-550,i2401-P-550,15.5,0.0,0.0,0.0,24,14.6,15.1,20,15.5,15.0,0.0,0.0,0.0,0.0,521
2023-05-09 21:09:24,i2401-P-550,i2401-P-550,15.5,0.0,0.0,0.0,24,14.6,15.1,30,15.5,15.0,0.0,0.0,0.0,0.0,521
2023-05-09 21:09:24,i2401-P-550,i2401-P-550,15.5,0.0,0.0,0.0,24,14.6,15.0,20,15.5,15.0,0.0,0.0,0.0,0.0,521
2023-05-09 21:09:25,i2401-P-550,i2401-P-550,15.5,0.0,0.0,0.0,4,14.6,15.0,20,15.5,15.0,0.0,0.0,0.0,0.0,521
2023-05-09 21:09:25,i2401-P-550,i2401-P-550,15.0,20.0,30000.0,20.0,4,14.8,15.1,10,15.5,15.0,15.0,15.0,20.0,30000.0,541
2023-05-09 21:09:27,i2401-P-550,i2401-P-550,15.0,0.0,0.0,0.0,4,14.8,15.2,14,15.5,15.0,15.0,15.0,20.0,30000.0,541
2023-05-09 21:09:32,i2401-P-550,i2401-P-550,15.0,0.0,0.0,0.0,4,14.8,15.2,4,15.5,15.0,15.0,15.0,20.0,30000.0,541
2023-05-09 21:09:35,i2401-P-550,i2401-P-550,15.0,0.0,0.0,0.0,4,14.8,15.2,14,15.5,15.0,15.0,15.0,20.0,30000.0,541
2023-05-09 21:09:53,i2401-P-550,i2401-P-550,15.0,0.0,0.0,0.0,14,14.8,15.2,4,15.5,15.0,15.0,15.0,20.0,30000.0,541
2023-05-09 21:09:54,i2401-P-550,i2401-P-550,15.0,0.0,0.0,0.0,4,14.8,15.2,14,15.5,15.0,15.0,15.0,20.0,30000.0,541
2023-05-09 21:09:57,i2401-P-550,i2401-P-550,15.0,0.0,0.0,0.0,4,14.8,15.2,10,15.5,15.0,15.0,15.0,20.0,30000.0,541
2023-05-09 21:09:58,i2401-P-550,i2401-P-550,15.0,0.0,0.0,0.0,4,14.8,15.2,20,15.5,15.0,15.0,15.0,20.0,30000.0,541
2023-05-09 21:09:59,i2401-P-550,i2401-P-550,15.0,0.0,0.0,0.0,24,14.8,15.2,10,15.5,15.0,15.0,15.0,20.0,30000.0,541
2023-05-09 21:10:03,i2401-P-550,i2401-P-550,15.0,0.0,0.0,0.0,24,14.8,15.3,34,15.5,15.0,15.0,15.0,20.0,30000.0,541
2023-05-09 21:10:14,i2401-P-550,i2401-P-550,15.0,0.0,0.0,0.0,24,14.8,15.3,24,15.5,15.0,15.0,15.0,20.0,30000.0,541
2023-05-09 21:10:14,i2401-P-550,i2401-P-550,15.0,0.0,0.0,0.0,24,14.8,15.3,34,15.5,15.0,15.0,15.0,20.0,30000.0,541
2023-05-09 21:10:16,i2401-P-550,i2401-P-550,15.0,0.0,0.0,0.0,24,14.8,15.3,24,15.5,15.0,15.0,15.0,20.0,30000.0,541
2023-05-09 21:10:19,i2401-P-550,i2401-P-550,15.0,0.0,0.0,0.0,24,14.8,15.3,34,15.5,15.0,15.0,15.0,20.0,30000.0,541
2023-05-09 21:10:27,i2401-P-550,i2401-P-550,15.0,0.0,0.0,0.0,24,14.8,15.3,24,15.5,15.0,15.0,15.0,20.0,30000.0,541
2023-05-09 21:10:29,i2401-P-550,i2401-P-550,15.0,0.0,0.0,0.0,24,14.8,15.3,34,15.5,15.0,15.0,15.0,20.0,30000.0,541
2023-05-09 21:10:33,i2401-P-550,i2401-P-550,15.0,0.0,0.0,0.0,34,14.8,15.3,34,15.5,15.0,15.0,15.0,20.0,30000.0,541
2023-05-09 21:10:42,i2401-P-550,i2401-P-550,15.0,0.0,0.0,0.0,10,14.9,15.3,24,15.5,15.0,15.0,15.0,20.0,30000.0,541
2023-05-09 21:10:42,i2401-P-550,i2401-P-550,15.0,0.0,0.0,0.0,34,14.8,15.3,24,15.5,15.0,15.0,15.0,20.0,30000.0,541
2023-05-09 21:10:43,i2401-P-550,i2401-P-550,15.0,0.0,0.0,0.0,34,14.8,15.3,34,15.5,15.0,15.0,15.0,20.0,30000.0,541
2023-05-09 21:10:45,i2401-P-550,i2401-P-550,15.0,0.0,0.0,0.0,44,14.8,15.3,34,15.5,15.0,15.0,15.0,20.0,30000.0,541
2023-05-09 21:10:46,i2401-P-550,i2401-P-550,15.0,0.0,0.0,0.0,44,14.8,15.3,24,15.5,15.0,15.0,15.0,20.0,30000.0,541
2023-05-09 21:10:47,i2401-P-550,i2401-P-550,15.0,0.0,0.0,0.0,20,14.9,15.3,24,15.5,15.0,15.0,15.0,20.0,30000.0,541
2023-05-09 21:10:50,i2401-P-550,i2401-P-550,15.0,0.0,0.0,0.0,34,14.8,15.3,34,15.5,15.0,15.0,15.0,20.0,30000.0,541
2023-05-09 21:10:51,i2401-P-550,i2401-P-550,15.0,0.0,0.0,0.0,34,14.8,15.3,24,15.5,15.0,15.0,15.0,20.0,30000.0,541
2023-05-09 21:10:52,i2401-P-550,i2401-P-550,15.0,0.0,0.0,0.0,20,14.9,15.3,34,15.5,15.0,15.0,15.0,20.0,30000.0,541
2023-05-09 21:11:01,i2401-P-550,i2401-P-550,15.0,0.0,0.0,0.0,34,14.8,15.2,10,15.5,15.0,15.0,15.0,20.0,30000.0,541
2023-05-09 21:11:01,i2401-P-550,i2401-P-550,15.0,0.0,0.0,0.0,34,14.8,15.3,34,15.5,15.0,15.0,15.0,20.0,30000.0,541
2023-05-09 21:11:03,i2401-P-550,i2401-P-550,15.0,0.0,0.0,0.0,34,14.8,15.2,10,15.5,15.0,15.0,15.0,20.0,30000.0,541
2023-05-09 21:11:03,i2401-P-550,i2401-P-550,15.0,0.0,0.0,0.0,34,14.8,15.2,20,15.5,15.0,15.0,15.0,20.0,30000.0,541
2023-05-09 21:11:07,i2401-P-550,i2401-P-550,15.0,0.0,0.0,0.0,34,14.8,15.2,10,15.5,15.0,15.0,15.0,20.0,30000.0,541
2023-05-09 21:11:10,i2401-P-550,i2401-P-550,15.0,0.0,0.0,0.0,34,14.8,15.3,34,15.5,15.0,15.0,15.0,20.0,30000.0,541
2023-05-09 21:11:17,i2401-P-550,i2401-P-550,15.0,0.0,0.0,0.0,34,14.8,15.2,10,15.5,15.0,15.0,15.0,20.0,30000.0,541
2023-05-09 21:11:22,i2401-P-550,i2401-P-550,15.0,0.0,0.0,0.0,34,14.8,15.3,34,15.5,15.0,15.0,15.0,20.0,30000.0,541
2023-05-09 21:11:23,i2401-P-550,i2401-P-550,15.0,0.0,0.0,0.0,34,14.8,15.2,10,15.5,15.0,15.0,15.0,20.0,30000.0,541
2023-05-09 21:11:25,i2401-P-550,i2401-P-550,15.0,0.0,0.0,0.0,34,14.8,15.3,34,15.5,15.0,15.0,15.0,20.0,30000.0,541
2023-05-09 21:11:29,i2401-P-550,i2401-P-550,15.0,0.0,0.0,0.0,34,14.8,15.3,44,15.5,15.0,15.0,15.0,20.0,30000.0,541
2023-05-09 21:11:30,i2401-P-550,i2401-P-550,15.0,0.0,0.0,0.0,20,14.9,15.3,44,15.5,15.0,15.0,15.0,20.0,30000.0,541
2023-05-09 21:11:32,i2401-P-550,i2401-P-550,15.0,0.0,0.0,0.0,30,14.9,15.3,44,15.5,15.0,15.0,15.0,20.0,30000.0,541
2023-05-09 21:12:02,i2401-P-550,i2401-P-550,15.0,0.0,0.0,0.0,34,14.8,15.3,44,15.5,15.0,15.0,15.0,20.0,30000.0,541
2023-05-09 21:12:04,i2401-P-550,i2401-P-550,15.0,0.0,0.0,0.0,44,14.8,15.3,44,15.5,15.0,15.0,15.0,20.0,30000.0,541
2023-05-09 21:12:05,i2401-P-550,i2401-P-550,15.0,0.0,0.0,0.0,10,14.9,15.3,44,15.5,15.0,15.0,15.0,20.0,30000.0,541
2023-05-09 21:12:05,i2401-P-550,i2401-P-550,15.0,0.0,0.0,0.0,20,14.9,15.3,44,15.5,15.0,15.0,15.0,20.0,30000.0,541
2023-05-09 21:12:07,i2401-P-550,i2401-P-550,15.0,0.0,0.0,0.0,30,14.9,15.3,44,15.5,15.0,15.0,15.0,20.0,30000.0,541
2023-05-09 21:12:13,i2401-P-550,i2401-P-550,15.0,0.0,0.0,0.0,20,14.9,15.3,44,15.5,15.0,15.0,15.0,20.0,30000.0,541
2023-05-09 21:12:19,i2401-P-550,i2401-P-550,15.0,0.0,0.0,0.0,44,14.8,15.2,10,15.5,15.0,15.0,15.0,20.0,30000.0,541
2023-05-09 21:12:20,i2401-P-550,i2401-P-550,15.0,0.0,0.0,0.0,44,14.8,15.3,44,15.5,15.0,15.0,15.0,20.0,30000.0,541
2023-05-09 21:12:21,i2401-P-550,i2401-P-550,15.0,0.0,0.0,0.0,44,14.8,15.2,10,15.5,15.0,15.0,15.0,20.0,30000.0,541
2023-05-09 21:12:22,i2401-P-550,i2401-P-550,15.0,0.0,0.0,0.0,44,14.8,15.3,44,15.5,15.0,15.0,15.0,20.0,30000.0,541
2023-05-09 21:12:24,i2401-P-550,i2401-P-550,15.0,0.0,0.0,0.0,44,14.8,15.2,10,15.5,15.0,15.0,15.0,20.0,30000.0,541
2023-05-09 21:12:30,i2401-P-550,i2401-P-550,15.0,0.0,0.0,0.0,44,14.8,15.3,44,15.5,15.0,15.0,15.0,20.0,30000.0,541
2023-05-09 21:12:50,i2401-P-550,i2401-P-550,15.0,0.0,0.0,0.0,34,14.8,15.2,10,15.5,15.0,15.0,15.0,20.0,30000.0,541
2023-05-09 21:12:51,i2401-P-550,i2401-P-550,15.0,0.0,0.0,0.0,44,14.8,15.2,10,15.5,15.0,15.0,15.0,20.0,30000.0,541
2023-05-09 21:13:05,i2401-P-550,i2401-P-550,15.0,0.0,0.0,0.0,20,14.9,15.3,44,15.5,15.0,15.0,15.0,20.0,30000.0,541
2023-05-09 21:13:05,i2401-P-550,i2401-P-550,15.0,0.0,0.0,0.0,20,14.9,15.3,34,15.5,15.0,15.0,15.0,20.0,30000.0,541
2023-05-09 21:13:05,i2401-P-550,i2401-P-550,15.0,0.0,0.0,0.0,10,14.9,15.3,34,15.5,15.0,15.0,15.0,20.0,30000.0,541
2023-05-09 21:13:06,i2401-P-550,i2401-P-550,15.0,0.0,0.0,0.0,10,14.9,15.3,44,15.5,15.0,15.0,15.0,20.0,30000.0,541
2023-05-09 21:13:07,i2401-P-550,i2401-P-550,15.0,0.0,0.0,0.0,30,14.9,15.3,44,15.5,15.0,15.0,15.0,20.0,30000.0,541
2023-05-09 21:13:07,i2401-P-550,i2401-P-550,15.0,0.0,0.0,0.0,10,14.9,15.2,10,15.5,15.0,15.0,15.0,20.0,30000.0,541
2023-05-09 21:13:07,i2401-P-550,i2401-P-550,15.0,0.0,0.0,0.0,34,14.8,15.2,10,15.5,15.0,15.0,15.0,20.0,30000.0,541
2023-05-09 21:13:10,i2401-P-550,i2401-P-550,15.0,0.0,0.0,0.0,44,14.8,15.2,10,15.5,15.0,15.0,15.0,20.0,30000.0,541
2023-05-09 21:13:31,i2401-P-550,i2401-P-550,15.0,0.0,0.0,0.0,34,14.8,15.2,10,15.5,15.0,15.0,15.0,20.0,30000.0,541
2023-05-09 21:13:35,i2401-P-550,i2401-P-550,15.0,0.0,0.0,0.0,44,14.8,15.2,10,15.5,15.0,15.0,15.0,20.0,30000.0,541
2023-05-09 21:13:54,i2401-P-550,i2401-P-550,15.0,0.0,0.0,0.0,34,14.8,15.2,10,15.5,15.0,15.0,15.0,20.0,30000.0,541
2023-05-09 21:14:06,i2401-P-550,i2401-P-550,15.0,0.0,0.0,0.0,44,14.8,15.2,10,15.5,15.0,15.0,15.0,20.0,30000.0,541
2023-05-09 21:14:33,i2401-P-550,i2401-P-550,15.0,0.0,0.0,0.0,44,14.8,15.2,20,15.5,15.0,15.0,15.0,20.0,30000.0,541
2023-05-09 21:14:45,i2401-P-550,i2401-P-550,15.0,0.0,0.0,0.0,54,14.8,15.2,10,15.5,15.0,15.0,15.0,20.0,30000.0,541
2023-05-09 21:14:48,i2401-P-550,i2401-P-550,15.0,0.0,0.0,0.0,10,14.9,15.3,54,15.5,15.0,15.0,15.0,20.0,30000.0,541
2023-05-09 21:14:48,i2401-P-550,i2401-P-550,15.0,0.0,0.0,0.0,20,14.9,15.3,54,15.5,15.0,15.0,15.0,20.0,30000.0,541
2023-05-09 21:14:49,i2401-P-550,i2401-P-550,15.0,0.0,0.0,0.0,10,14.9,15.2,10,15.5,15.0,15.0,15.0,20.0,30000.0,541
2023-05-09 21:14:49,i2401-P-550,i2401-P-550,15.0,0.0,0.0,0.0,10,14.9,15.3,54,15.5,15.0,15.0,15.0,20.0,30000.0,541
2023-05-09 21:14:51,i2401-P-550,i2401-P-550,15.0,0.0,0.0,0.0,20,14.9,15.3,54,15.5,15.0,15.0,15.0,20.0,30000.0,541
2023-05-09 21:14:55,i2401-P-550,i2401-P-550,15.0,0.0,0.0,0.0,30,14.9,15.3,54,15.5,15.0,15.0,15.0,20.0,30000.0,541
2023-05-09 21:14:56,i2401-P-550,i2401-P-550,15.0,0.0,0.0,0.0,30,14.9,15.3,44,15.5,15.0,15.0,15.0,20.0,30000.0,541
2023-05-09 21:15:05,i2401-P-550,i2401-P-550,15.0,0.0,0.0,0.0,30,14.9,15.3,54,15.5,15.0,15.0,15.0,20.0,30000.0,541
2023-05-09 21:15:07,i2401-P-550,i2401-P-550,15.0,0.0,0.0,0.0,10,14.9,15.2,10,15.5,15.0,15.0,15.0,20.0,30000.0,541
2023-05-09 21:15:07,i2401-P-550,i2401-P-550,15.0,0.0,0.0,0.0,44,14.8,15.2,10,15.5,15.0,15.0,15.0,20.0,30000.0,541
2023-05-09 21:15:20,i2401-P-550,i2401-P-550,15.0,0.0,0.0,0.0,54,14.8,15.2,10,15.5,15.0,15.0,15.0,20.0,30000.0,541
2023-05-09 21:15:29,i2401-P-550,i2401-P-550,15.0,0.0,0.0,0.0,44,14.8,15.2,10,15.5,15.0,15.0,15.0,20.0,30000.0,541
2023-05-09 21:15:34,i2401-P-550,i2401-P-550,15.0,0.0,0.0,0.0,34,14.8,15.2,10,15.5,15.0,15.0,15.0,20.0,30000.0,541
2023-05-09 21:15:43,i2401-P-550,i2401-P-550,15.0,0.0,0.0,0.0,24,14.8,15.2,10,15.5,15.0,15.0,15.0,20.0,30000.0,541
2023-05-09 21:15:45,i2401-P-550,i2401-P-550,15.0,0.0,0.0,0.0,34,14.8,15.2,10,15.5,15.0,15.0,15.0,20.0,30000.0,541
2023-05-09 21:15:45,i2401-P-550,i2401-P-550,15.0,0.0,0.0,0.0,24,14.8,15.2,10,15.5,15.0,15.0,15.0,20.0,30000.0,541
2023-05-09 21:15:46,i2401-P-550,i2401-P-550,15.0,0.0,0.0,0.0,34,14.8,15.2,10,15.5,15.0,15.0,15.0,20.0,30000.0,541
2023-05-09 21:16:01,i2401-P-550,i2401-P-550,15.0,0.0,0.0,0.0,34,14.8,15.3,34,15.5,15.0,15.0,15.0,20.0,30000.0,541
2023-05-09 21:16:02,i2401-P-550,i2401-P-550,15.0,0.0,0.0,0.0,10,14.9,15.3,34,15.5,15.0,15.0,15.0,20.0,30000.0,541
2023-05-09 21:16:03,i2401-P-550,i2401-P-550,15.0,0.0,0.0,0.0,40,14.9,15.3,24,15.5,15.0,15.0,15.0,20.0,30000.0,541
2023-05-09 21:16:21,i2401-P-550,i2401-P-550,15.0,0.0,0.0,0.0,30,14.9,15.3,24,15.5,15.0,15.0,15.0,20.0,30000.0,541
2023-05-09 21:16:25,i2401-P-550,i2401-P-550,15.0,0.0,0.0,0.0,20,14.9,15.3,24,15.5,15.0,15.0,15.0,20.0,30000.0,541
2023-05-09 21:16:26,i2401-P-550,i2401-P-550,15.0,0.0,0.0,0.0,30,14.9,15.3,24,15.5,15.0,15.0,15.0,20.0,30000.0,541
2023-05-09 21:16:30,i2401-P-550,i2401-P-550,15.0,0.0,0.0,0.0,20,14.9,15.3,24,15.5,15.0,15.0,15.0,20.0,30000.0,541
2023-05-09 21:16:33,i2401-P-550,i2401-P-550,15.0,0.0,0.0,0.0,30,14.9,15.3,24,15.5,15.0,15.0,15.0,20.0,30000.0,541
2023-05-09 21:16:34,i2401-P-550,i2401-P-550,15.0,0.0,0.0,0.0,20,14.9,15.3,24,15.5,15.0,15.0,15.0,20.0,30000.0,541
2023-05-09 21:16:38,i2401-P-550,i2401-P-550,15.0,0.0,0.0,0.0,30,14.9,15.3,24,15.5,15.0,15.0,15.0,20.0,30000.0,541
2023-05-09 21:16:40,i2401-P-550,i2401-P-550,15.0,0.0,0.0,0.0,30,14.9,15.2,10,15.5,15.0,15.0,15.0,20.0,30000.0,541
2023-05-09 21:16:41,i2401-P-550,i2401-P-550,15.0,0.0,0.0,0.0,30,14.9,15.3,24,15.5,15.0,15.0,15.0,20.0,30000.0,541
2023-05-09 21:16:45,i2401-P-550,i2401-P-550,15.0,0.0,0.0,0.0,30,14.9,15.2,10,15.5,15.0,15.0,15.0,20.0,30000.0,541
2023-05-09 21:16:51,i2401-P-550,i2401-P-550,15.0,0.0,0.0,0.0,20,14.9,15.2,10,15.5,15.0,15.0,15.0,20.0,30000.0,541
2023-05-09 21:16:53,i2401-P-550,i2401-P-550,15.0,0.0,0.0,0.0,30,14.9,15.2,10,15.5,15.0,15.0,15.0,20.0,30000.0,541
2023-05-09 21:17:01,i2401-P-550,i2401-P-550,15.0,0.0,0.0,0.0,30,14.9,15.3,24,15.5,15.0,15.0,15.0,20.0,30000.0,541
2023-05-09 21:17:02,i2401-P-550,i2401-P-550,15.0,0.0,0.0,0.0,30,14.9,15.2,10,15.5,15.0,15.0,15.0,20.0,30000.0,541
2023-05-09 21:17:03,i2401-P-550,i2401-P-550,15.0,0.0,0.0,0.0,40,14.9,15.3,14,15.5,15.0,15.0,15.0,20.0,30000.0,541
2023-05-09 21:17:03,i2401-P-550,i2401-P-550,15.0,0.0,0.0,0.0,30,14.9,15.3,24,15.5,15.0,15.0,15.0,20.0,30000.0,541
2023-05-09 21:17:10,i2401-P-550,i2401-P-550,15.0,0.0,0.0,0.0,30,14.9,15.3,14,15.5,15.0,15.0,15.0,20.0,30000.0,541
2023-05-09 21:17:32,i2401-P-550,i2401-P-550,15.0,0.0,0.0,0.0,30,14.9,15.3,24,15.5,15.0,15.0,15.0,20.0,30000.0,541
2023-05-09 21:17:40,i2401-P-550,i2401-P-550,15.0,0.0,0.0,0.0,40,14.9,15.3,14,15.5,15.0,15.0,15.0,20.0,30000.0,541
2023-05-09 21:17:40,i2401-P-550,i2401-P-550,15.0,0.0,0.0,0.0,30,14.9,15.3,14,15.5,15.0,15.0,15.0,20.0,30000.0,541
2023-05-09 21:17:43,i2401-P-550,i2401-P-550,15.3,10.0,15300.0,-4.0,4,15.0,15.4,20,15.5,15.0,15.3,15.0,30.0,45300.0,537
2023-05-09 21:17:44,i2401-P-550,i2401-P-550,15.4,10.0,15390.0,-1.0,14,15.0,15.4,14,15.5,15.0,15.4,15.0,40.0,60690.0,536
2023-05-09 21:17:44,i2401-P-550,i2401-P-550,15.4,10.0,15400.0,-1.0,14,15.0,15.4,27,15.5,15.0,15.4,15.0,50.0,76090.0,535
2023-05-09 21:17:45,i2401-P-550,i2401-P-550,15.4,10.0,15400.0,0.0,4,15.1,15.4,27,15.5,15.0,15.4,15.0,60.0,91490.0,535
2023-05-09 21:17:45,i2401-P-550,i2401-P-550,15.4,0.0,0.0,0.0,14,15.1,15.4,28,15.5,15.0,15.4,15.0,60.0,91490.0,535
2023-05-09 21:17:55,i2401-P-550,i2401-P-550,15.4,0.0,0.0,0.0,14,15.1,15.4,27,15.5,15.0,15.4,15.0,60.0,91490.0,535
2023-05-09 21:18:00,i2401-P-550,i2401-P-550,15.4,0.0,0.0,0.0,14,15.1,15.4,5,15.5,15.0,15.4,15.0,60.0,91490.0,535
2023-05-09 21:18:00,i2401-P-550,i2401-P-550,15.4,0.0,0.0,0.0,14,15.1,15.4,4,15.5,15.0,15.4,15.0,60.0,91490.0,535
2023-05-09 21:18:12,i2401-P-550,i2401-P-550,15.4,0.0,0.0,0.0,24,15.1,15.4,4,15.5,15.0,15.4,15.0,60.0,91490.0,535
2023-05-09 21:18:18,i2401-P-550,i2401-P-550,15.4,0.0,0.0,0.0,24,15.1,15.4,14,15.5,15.0,15.4,15.0,60.0,91490.0,535
2023-05-09 21:18:22,i2401-P-550,i2401-P-550,15.4,0.0,0.0,0.0,34,15.1,15.4,14,15.5,15.0,15.4,15.0,60.0,91490.0,535
2023-05-09 21:18:25,i2401-P-550,i2401-P-550,15.4,0.0,0.0,0.0,14,15.1,15.4,14,15.5,15.0,15.4,15.0,60.0,91490.0,535
2023-05-09 21:18:26,i2401-P-550,i2401-P-550,15.4,0.0,0.0,0.0,24,15.1,15.4,4,15.5,15.0,15.4,15.0,60.0,91490.0,535
2023-05-09 21:18:28,i2401-P-550,i2401-P-550,15.4,0.0,0.0,0.0,24,15.1,15.4,14,15.5,15.0,15.4,15.0,60.0,91490.0,535
2023-05-09 21:18:40,i2401-P-550,i2401-P-550,15.4,0.0,0.0,0.0,34,15.1,15.4,14,15.5,15.0,15.4,15.0,60.0,91490.0,535
2023-05-09 21:18:40,i2401-P-550,i2401-P-550,15.4,0.0,0.0,0.0,34,15.1,15.4,4,15.5,15.0,15.4,15.0,60.0,91490.0,535
2023-05-09 21:19:28,i2401-P-550,i2401-P-550,15.4,0.0,0.0,0.0,34,15.1,15.5,30,15.5,15.0,15.4,15.0,60.0,91490.0,535
2023-05-09 21:19:30,i2401-P-550,i2401-P-550,15.4,0.0,0.0,0.0,30,15.2,15.5,30,15.5,15.0,15.4,15.0,60.0,91490.0,535
2023-05-09 21:19:30,i2401-P-550,i2401-P-550,15.4,0.0,0.0,0.0,20,15.2,15.5,30,15.5,15.0,15.4,15.0,60.0,91490.0,535
2023-05-09 21:19:31,i2401-P-550,i2401-P-550,15.4,0.0,0.0,0.0,30,15.2,15.5,20,15.5,15.0,15.4,15.0,60.0,91490.0,535
2023-05-09 21:19:33,i2401-P-550,i2401-P-550,15.4,0.0,0.0,0.0,20,15.2,15.5,20,15.5,15.0,15.4,15.0,60.0,91490.0,535
2023-05-09 21:19:52,i2401-P-550,i2401-P-550,15.4,0.0,0.0,0.0,30,15.2,15.5,10,15.5,15.0,15.4,15.0,60.0,91490.0,535
2023-05-09 21:19:57,i2401-P-550,i2401-P-550,15.4,0.0,0.0,0.0,40,15.2,15.5,10,15.5,15.0,15.4,15.0,60.0,91490.0,535
2023-05-09 21:20:10,i2401-P-550,i2401-P-550,15.4,0.0,0.0,0.0,40,15.2,15.5,20,15.5,15.0,15.4,15.0,60.0,91490.0,535
2023-05-09 21:20:12,i2401-P-550,i2401-P-550,15.4,0.0,0.0,0.0,40,15.2,15.5,10,15.5,15.0,15.4,15.0,60.0,91490.0,535
2023-05-09 21:20:16,i2401-P-550,i2401-P-550,15.4,0.0,0.0,0.0,30,15.2,15.5,20,15.5,15.0,15.4,15.0,60.0,91490.0,535
2023-05-09 21:20:19,i2401-P-550,i2401-P-550,15.4,0.0,0.0,0.0,40,15.2,15.5,20,15.5,15.0,15.4,15.0,60.0,91490.0,535
2023-05-09 21:20:21,i2401-P-550,i2401-P-550,15.4,0.0,0.0,0.0,30,15.2,15.5,20,15.5,15.0,15.4,15.0,60.0,91490.0,535
2023-05-09 21:20:23,i2401-P-550,i2401-P-550,15.4,0.0,0.0,0.0,40,15.2,15.5,20,15.5,15.0,15.4,15.0,60.0,91490.0,535
2023-05-09 21:20:24,i2401-P-550,i2401-P-550,15.4,0.0,0.0,0.0,30,15.2,15.5,20,15.5,15.0,15.4,15.0,60.0,91490.0,535
2023-05-09 21:20:24,i2401-P-550,i2401-P-550,15.4,0.0,0.0,0.0,40,15.2,15.5,20,15.5,15.0,15.4,15.0,60.0,91490.0,535
2023-05-09 21:20:25,i2401-P-550,i2401-P-550,15.4,0.0,0.0,0.0,30,15.2,15.5,20,15.5,15.0,15.4,15.0,60.0,91490.0,535
2023-05-09 21:20:26,i2401-P-550,i2401-P-550,15.4,0.0,0.0,0.0,20,15.2,15.5,20,15.5,15.0,15.4,15.0,60.0,91490.0,535
2023-05-09 21:21:04,i2401-P-550,i2401-P-550,15.4,0.0,0.0,0.0,40,15.2,15.5,10,15.5,15.0,15.4,15.0,60.0,91490.0,535
2023-05-09 21:21:32,i2401-P-550,i2401-P-550,15.4,0.0,0.0,0.0,40,15.2,15.5,20,15.5,15.0,15.4,15.0,60.0,91490.0,535
2023-05-09 21:21:33,i2401-P-550,i2401-P-550,15.4,0.0,0.0,0.0,40,15.2,15.5,10,15.5,15.0,15.4,15.0,60.0,91490.0,535
2023-05-09 21:21:41,i2401-P-550,i2401-P-550,15.4,0.0,0.0,0.0,30,15.2,15.5,20,15.5,15.0,15.4,15.0,60.0,91490.0,535
2023-05-09 21:21:45,i2401-P-550,i2401-P-550,15.4,0.0,0.0,0.0,40,15.2,15.5,20,15.5,15.0,15.4,15.0,60.0,91490.0,535
2023-05-09 21:21:47,i2401-P-550,i2401-P-550,15.4,0.0,0.0,0.0,40,15.2,15.5,10,15.5,15.0,15.4,15.0,60.0,91490.0,535
2023-05-09 21:21:47,i2401-P-550,i2401-P-550,15.4,0.0,0.0,0.0,40,15.2,15.5,20,15.5,15.0,15.4,15.0,60.0,91490.0,535
2023-05-09 21:21:49,i2401-P-550,i2401-P-550,15.4,0.0,0.0,0.0,40,15.2,15.5,10,15.5,15.0,15.4,15.0,60.0,91490.0,535
2023-05-09 21:21:49,i2401-P-550,i2401-P-550,15.4,0.0,0.0,0.0,40,15.2,15.6,20,15.5,15.0,15.4,15.0,60.0,91490.0,535
2023-05-09 21:21:50,i2401-P-550,i2401-P-550,15.4,0.0,0.0,0.0,40,15.2,15.5,10,15.5,15.0,15.4,15.0,60.0,91490.0,535
2023-05-09 21:21:51,i2401-P-550,i2401-P-550,15.4,0.0,0.0,0.0,40,15.2,15.6,20,15.5,15.0,15.4,15.0,60.0,91490.0,535
2023-05-09 21:22:03,i2401-P-550,i2401-P-550,15.4,0.0,0.0,0.0,20,15.3,15.7,20,15.5,15.0,15.4,15.0,60.0,91490.0,535
2023-05-09 21:22:03,i2401-P-550,i2401-P-550,15.4,0.0,0.0,0.0,20,15.3,15.7,30,15.5,15.0,15.4,15.0,60.0,91490.0,535
2023-05-09 21:22:05,i2401-P-550,i2401-P-550,15.4,0.0,0.0,0.0,30,15.3,15.7,30,15.5,15.0,15.4,15.0,60.0,91490.0,535
2023-05-09 21:22:11,i2401-P-550,i2401-P-550,15.4,0.0,0.0,0.0,30,15.3,15.7,20,15.5,15.0,15.4,15.0,60.0,91490.0,535
2023-05-09 21:22:12,i2401-P-550,i2401-P-550,15.4,0.0,0.0,0.0,20,15.3,15.7,20,15.5,15.0,15.4,15.0,60.0,91490.0,535
2023-05-09 21:22:12,i2401-P-550,i2401-P-550,15.4,0.0,0.0,0.0,20,15.3,15.7,10,15.5,15.0,15.4,15.0,60.0,91490.0,535
2023-05-09 21:22:30,i2401-P-550,i2401-P-550,15.4,0.0,0.0,0.0,30,15.3,15.7,10,15.5,15.0,15.4,15.0,60.0,91490.0,535
2023-05-09 21:22:33,i2401-P-550,i2401-P-550,15.4,0.0,0.0,0.0,40,15.3,15.7,10,15.5,15.0,15.4,15.0,60.0,91490.0,535
2023-05-09 21:22:45,i2401-P-550,i2401-P-550,15.4,0.0,0.0,0.0,10,15.4,15.7,10,15.5,15.0,15.4,15.0,60.0,91490.0,535
2023-05-09 21:22:45,i2401-P-550,i2401-P-550,15.4,0.0,0.0,0.0,30,15.4,15.7,10,15.5,15.0,15.4,15.0,60.0,91490.0,535
2023-05-09 21:22:47,i2401-P-550,i2401-P-550,15.4,0.0,0.0,0.0,30,15.4,15.8,30,15.5,15.0,15.4,15.0,60.0,91490.0,535
2023-05-09 21:22:50,i2401-P-550,i2401-P-550,15.4,0.0,0.0,0.0,30,15.4,15.7,10,15.5,15.0,15.4,15.0,60.0,91490.0,535
2023-05-09 21:22:50,i2401-P-550,i2401-P-550,15.4,0.0,0.0,0.0,20,15.4,15.7,10,15.5,15.0,15.4,15.0,60.0,91490.0,535
2023-05-09 21:23:04,i2401-P-550,i2401-P-550,15.4,0.0,0.0,0.0,30,15.4,15.7,10,15.5,15.0,15.4,15.0,60.0,91490.0,535
2023-05-09 21:23:14,i2401-P-550,i2401-P-550,15.4,0.0,0.0,0.0,30,15.4,15.8,30,15.5,15.0,15.4,15.0,60.0,91490.0,535
2023-05-09 21:23:18,i2401-P-550,i2401-P-550,15.4,0.0,0.0,0.0,30,15.4,15.8,20,15.5,15.0,15.4,15.0,60.0,91490.0,535
2023-05-09 21:23:23,i2401-P-550,i2401-P-550,15.4,0.0,0.0,0.0,40,15.4,15.8,10,15.5,15.0,15.4,15.0,60.0,91490.0,535
2023-05-09 21:23:27,i2401-P-550,i2401-P-550,15.4,0.0,0.0,0.0,30,15.4,15.7,10,15.5,15.0,15.4,15.0,60.0,91490.0,535
2023-05-09 21:23:27,i2401-P-550,i2401-P-550,15.4,0.0,0.0,0.0,20,15.4,15.8,10,15.5,15.0,15.4,15.0,60.0,91490.0,535
2023-05-09 21:23:28,i2401-P-550,i2401-P-550,15.4,0.0,0.0,0.0,30,15.4,15.8,10,15.5,15.0,15.4,15.0,60.0,91490.0,535
2023-05-09 21:23:38,i2401-P-550,i2401-P-550,15.4,0.0,0.0,0.0,30,15.4,15.8,20,15.5,15.0,15.4,15.0,60.0,91490.0,535
2023-05-09 21:23:48,i2401-P-550,i2401-P-550,15.4,0.0,0.0,0.0,30,15.4,15.7,10,15.5,15.0,15.4,15.0,60.0,91490.0,535
2023-05-09 21:23:55,i2401-P-550,i2401-P-550,15.4,0.0,0.0,0.0,20,15.4,15.7,10,15.5,15.0,15.4,15.0,60.0,91490.0,535
2023-05-09 21:24:05,i2401-P-550,i2401-P-550,15.4,0.0,0.0,0.0,20,15.3,15.7,10,15.5,15.0,15.4,15.0,60.0,91490.0,535
2023-05-09 21:24:06,i2401-P-550,i2401-P-550,15.4,0.0,0.0,0.0,20,15.3,15.7,20,15.5,15.0,15.4,15.0,60.0,91490.0,535
2023-05-09 21:24:16,i2401-P-550,i2401-P-550,15.4,0.0,0.0,0.0,20,15.3,15.7,30,15.5,15.0,15.4,15.0,60.0,91490.0,535
2023-05-09 21:24:17,i2401-P-550,i2401-P-550,15.4,0.0,0.0,0.0,20,15.3,15.7,40,15.5,15.0,15.4,15.0,60.0,91490.0,535
2023-05-09 21:24:19,i2401-P-550,i2401-P-550,15.4,0.0,0.0,0.0,20,15.3,15.6,20,15.5,15.0,15.4,15.0,60.0,91490.0,535
2023-05-09 21:24:22,i2401-P-550,i2401-P-550,15.4,0.0,0.0,0.0,20,15.3,15.6,10,15.5,15.0,15.4,15.0,60.0,91490.0,535
2023-05-09 21:24:23,i2401-P-550,i2401-P-550,15.4,0.0,0.0,0.0,20,15.3,15.6,20,15.5,15.0,15.4,15.0,60.0,91490.0,535
2023-05-09 21:24:26,i2401-P-550,i2401-P-550,15.4,0.0,0.0,0.0,10,15.3,15.6,20,15.5,15.0,15.4,15.0,60.0,91490.0,535
2023-05-09 21:24:27,i2401-P-550,i2401-P-550,15.4,0.0,0.0,0.0,20,15.3,15.6,20,15.5,15.0,15.4,15.0,60.0,91490.0,535
2023-05-09 21:24:45,i2401-P-550,i2401-P-550,15.4,0.0,0.0,0.0,30,15.3,15.6,20,15.5,15.0,15.4,15.0,60.0,91490.0,535
2023-05-09 21:24:46,i2401-P-550,i2401-P-550,15.4,0.0,0.0,0.0,20,15.3,15.6,20,15.5,15.0,15.4,15.0,60.0,91490.0,535
2023-05-09 21:25:06,i2401-P-550,i2401-P-550,15.4,0.0,0.0,0.0,20,15.3,15.5,10,15.5,15.0,15.4,15.0,60.0,91490.0,535
2023-05-09 21:25:06,i2401-P-550,i2401-P-550,15.4,0.0,0.0,0.0,20,15.3,15.5,20,15.5,15.0,15.4,15.0,60.0,91490.0,535
2023-05-09 21:25:18,i2401-P-550,i2401-P-550,15.4,0.0,0.0,0.0,20,15.3,15.5,10,15.5,15.0,15.4,15.0,60.0,91490.0,535
2023-05-09 21:25:35,i2401-P-550,i2401-P-550,15.4,0.0,0.0,0.0,20,15.3,15.6,20,15.5,15.0,15.4,15.0,60.0,91490.0,535
2023-05-09 21:25:54,i2401-P-550,i2401-P-550,15.4,0.0,0.0,0.0,20,15.3,15.5,10,15.5,15.0,15.4,15.0,60.0,91490.0,535
2023-05-09 21:25:54,i2401-P-550,i2401-P-550,15.4,0.0,0.0,0.0,20,15.3,15.6,20,15.5,15.0,15.4,15.0,60.0,91490.0,535
2023-05-09 21:25:56,i2401-P-550,i2401-P-550,15.4,0.0,0.0,0.0,20,15.3,15.5,10,15.5,15.0,15.4,15.0,60.0,91490.0,535
2023-05-09 21:26:06,i2401-P-550,i2401-P-550,15.4,0.0,0.0,0.0,10,15.3,15.5,10,15.5,15.0,15.4,15.0,60.0,91490.0,535
2023-05-09 21:26:06,i2401-P-550,i2401-P-550,15.4,0.0,0.0,0.0,30,15.1,15.5,10,15.5,15.0,15.4,15.0,60.0,91490.0,535
2023-05-09 21:26:20,i2401-P-550,i2401-P-550,15.4,0.0,0.0,0.0,40,15.1,15.5,10,15.5,15.0,15.4,15.0,60.0,91490.0,535
2023-05-09 21:26:44,i2401-P-550,i2401-P-550,15.4,0.0,0.0,0.0,40,15.1,15.5,20,15.5,15.0,15.4,15.0,60.0,91490.0,535
2023-05-09 21:26:45,i2401-P-550,i2401-P-550,15.4,0.0,0.0,0.0,30,15.1,15.4,10,15.5,15.0,15.4,15.0,60.0,91490.0,535
2023-05-09 21:26:46,i2401-P-550,i2401-P-550,15.4,0.0,0.0,0.0,40,15.1,15.4,10,15.5,15.0,15.4,15.0,60.0,91490.0,535
2023-05-09 21:26:52,i2401-P-550,i2401-P-550,15.4,0.0,0.0,0.0,40,15.1,15.5,20,15.5,15.0,15.4,15.0,60.0,91490.0,535
2023-05-09 21:26:57,i2401-P-550,i2401-P-550,15.4,0.0,0.0,0.0,40,15.1,15.5,10,15.5,15.0,15.4,15.0,60.0,91490.0,535
2023-05-09 21:26:58,i2401-P-550,i2401-P-550,15.4,0.0,0.0,0.0,40,15.1,15.5,20,15.5,15.0,15.4,15.0,60.0,91490.0,535
2023-05-09 21:27:16,i2401-P-550,i2401-P-550,15.4,0.0,0.0,0.0,10,15.2,15.5,10,15.5,15.0,15.4,15.0,60.0,91490.0,535
2023-05-09 21:27:16,i2401-P-550,i2401-P-550,15.4,0.0,0.0,0.0,30,15.1,15.5,20,15.5,15.0,15.4,15.0,60.0,91490.0,535
2023-05-09 21:27:18,i2401-P-550,i2401-P-550,15.4,0.0,0.0,0.0,40,15.1,15.5,20,15.5,15.0,15.4,15.0,60.0,91490.0,535
2023-05-09 21:27:20,i2401-P-550,i2401-P-550,15.4,0.0,0.0,0.0,40,15.1,15.5,10,15.5,15.0,15.4,15.0,60.0,91490.0,535
2023-05-09 21:27:25,i2401-P-550,i2401-P-550,15.4,0.0,0.0,0.0,40,15.1,15.5,20,15.5,15.0,15.4,15.0,60.0,91490.0,535
2023-05-09 21:27:30,i2401-P-550,i2401-P-550,15.4,0.0,0.0,0.0,30,15.1,15.5,20,15.5,15.0,15.4,15.0,60.0,91490.0,535
2023-05-09 21:27:31,i2401-P-550,i2401-P-550,15.4,0.0,0.0,0.0,30,15.1,15.4,10,15.5,15.0,15.4,15.0,60.0,91490.0,535
2023-05-09 21:27:32,i2401-P-550,i2401-P-550,15.4,0.0,0.0,0.0,20,15.1,15.4,10,15.5,15.0,15.4,15.0,60.0,91490.0,535
2023-05-09 21:27:33,i2401-P-550,i2401-P-550,15.4,0.0,0.0,0.0,30,15.1,15.4,10,15.5,15.0,15.4,15.0,60.0,91490.0,535
2023-05-09 21:27:33,i2401-P-550,i2401-P-550,15.4,0.0,0.0,0.0,30,15.1,15.5,20,15.5,15.0,15.4,15.0,60.0,91490.0,535
2023-05-09 21:27:39,i2401-P-550,i2401-P-550,15.4,0.0,0.0,0.0,40,15.1,15.5,20,15.5,15.0,15.4,15.0,60.0,91490.0,535
2023-05-09 21:27:43,i2401-P-550,i2401-P-550,15.4,0.0,0.0,0.0,30,15.1,15.5,20,15.5,15.0,15.4,15.0,60.0,91490.0,535
2023-05-09 21:27:44,i2401-P-550,i2401-P-550,15.4,0.0,0.0,0.0,30,15.1,15.4,10,15.5,15.0,15.4,15.0,60.0,91490.0,535
2023-05-09 21:27:47,i2401-P-550,i2401-P-550,15.4,0.0,0.0,0.0,40,15.1,15.4,10,15.5,15.0,15.4,15.0,60.0,91490.0,535
2023-05-09 21:27:47,i2401-P-550,i2401-P-550,15.4,0.0,0.0,0.0,40,15.1,15.5,20,15.5,15.0,15.4,15.0,60.0,91490.0,535
2023-05-09 21:27:50,i2401-P-550,i2401-P-550,15.4,0.0,0.0,0.0,30,15.1,15.5,20,15.5,15.0,15.4,15.0,60.0,91490.0,535
2023-05-09 21:27:51,i2401-P-550,i2401-P-550,15.4,0.0,0.0,0.0,40,15.1,15.5,20,15.5,15.0,15.4,15.0,60.0,91490.0,535
2023-05-09 21:27:52,i2401-P-550,i2401-P-550,15.4,0.0,0.0,0.0,30,15.1,15.5,20,15.5,15.0,15.4,15.0,60.0,91490.0,535
2023-05-09 21:28:04,i2401-P-550,i2401-P-550,15.4,0.0,0.0,0.0,30,15.1,15.4,10,15.5,15.0,15.4,15.0,60.0,91490.0,535
2023-05-09 21:28:04,i2401-P-550,i2401-P-550,15.4,0.0,0.0,0.0,20,15.1,15.4,10,15.5,15.0,15.4,15.0,60.0,91490.0,535
2023-05-09 21:28:06,i2401-P-550,i2401-P-550,15.4,0.0,0.0,0.0,30,15.1,15.4,10,15.5,15.0,15.4,15.0,60.0,91490.0,535
2023-05-09 21:28:07,i2401-P-550,i2401-P-550,15.4,0.0,0.0,0.0,30,15.1,15.5,20,15.5,15.0,15.4,15.0,60.0,91490.0,535
2023-05-09 21:28:07,i2401-P-550,i2401-P-550,15.4,0.0,0.0,0.0,40,15.1,15.5,20,15.5,15.0,15.4,15.0,60.0,91490.0,535
2023-05-09 21:28:15,i2401-P-550,i2401-P-550,15.4,0.0,0.0,0.0,30,15.1,15.5,20,15.5,15.0,15.4,15.0,60.0,91490.0,535
2023-05-09 21:28:17,i2401-P-550,i2401-P-550,15.4,0.0,0.0,0.0,40,15.1,15.5,20,15.5,15.0,15.4,15.0,60.0,91490.0,535
2023-05-09 21:28:36,i2401-P-550,i2401-P-550,15.4,0.0,0.0,0.0,30,15.1,15.5,20,15.5,15.0,15.4,15.0,60.0,91490.0,535
2023-05-09 21:28:37,i2401-P-550,i2401-P-550,15.4,0.0,0.0,0.0,30,15.1,15.4,10,15.5,15.0,15.4,15.0,60.0,91490.0,535
2023-05-09 21:28:41,i2401-P-550,i2401-P-550,15.4,0.0,0.0,0.0,30,15.1,15.5,20,15.5,15.0,15.4,15.0,60.0,91490.0,535
2023-05-09 21:28:43,i2401-P-550,i2401-P-550,15.4,0.0,0.0,0.0,30,15.1,15.4,10,15.5,15.0,15.4,15.0,60.0,91490.0,535
2023-05-09 21:28:43,i2401-P-550,i2401-P-550,15.4,0.0,0.0,0.0,30,15.1,15.5,20,15.5,15.0,15.4,15.0,60.0,91490.0,535
2023-05-09 21:28:45,i2401-P-550,i2401-P-550,15.4,0.0,0.0,0.0,30,15.1,15.4,10,15.5,15.0,15.4,15.0,60.0,91490.0,535
2023-05-09 21:28:46,i2401-P-550,i2401-P-550,15.4,0.0,0.0,0.0,30,15.1,15.5,20,15.5,15.0,15.4,15.0,60.0,91490.0,535
2023-05-09 21:28:47,i2401-P-550,i2401-P-550,15.4,0.0,0.0,0.0,30,15.1,15.4,10,15.5,15.0,15.4,15.0,60.0,91490.0,535
2023-05-09 21:28:48,i2401-P-550,i2401-P-550,15.4,0.0,0.0,0.0,30,15.1,15.5,20,15.5,15.0,15.4,15.0,60.0,91490.0,535
2023-05-09 21:28:59,i2401-P-550,i2401-P-550,15.4,0.0,0.0,0.0,40,15.1,15.5,20,15.5,15.0,15.4,15.0,60.0,91490.0,535
2023-05-09 21:29:06,i2401-P-550,i2401-P-550,15.4,0.0,0.0,0.0,40,15.1,15.5,10,15.5,15.0,15.4,15.0,60.0,91490.0,535
2023-05-09 21:29:06,i2401-P-550,i2401-P-550,15.4,0.0,0.0,0.0,10,15.2,15.5,10,15.5,15.0,15.4,15.0,60.0,91490.0,535
2023-05-09 21:29:07,i2401-P-550,i2401-P-550,15.4,0.0,0.0,0.0,30,15.1,15.5,10,15.5,15.0,15.4,15.0,60.0,91490.0,535
2023-05-09 21:29:14,i2401-P-550,i2401-P-550,15.4,0.0,0.0,0.0,10,15.2,15.5,10,15.5,15.0,15.4,15.0,60.0,91490.0,535
2023-05-09 21:29:16,i2401-P-550,i2401-P-550,15.4,0.0,0.0,0.0,30,15.1,15.5,10,15.5,15.0,15.4,15.0,60.0,91490.0,535
2023-05-09 21:29:37,i2401-P-550,i2401-P-550,15.4,0.0,0.0,0.0,40,15.1,15.5,10,15.5,15.0,15.4,15.0,60.0,91490.0,535
2023-05-09 21:30:02,i2401-P-550,i2401-P-550,15.4,0.0,0.0,0.0,10,15.2,15.5,10,15.5,15.0,15.4,15.0,60.0,91490.0,535
2023-05-09 21:30:03,i2401-P-550,i2401-P-550,15.4,0.0,0.0,0.0,10,15.2,15.6,30,15.5,15.0,15.4,15.0,60.0,91490.0,535
2023-05-09 21:30:04,i2401-P-550,i2401-P-550,15.4,0.0,0.0,0.0,10,15.2,15.5,10,15.5,15.0,15.4,15.0,60.0,91490.0,535
2023-05-09 21:30:05,i2401-P-550,i2401-P-550,15.4,0.0,0.0,0.0,20,15.2,15.6,30,15.5,15.0,15.4,15.0,60.0,91490.0,535
2023-05-09 21:30:20,i2401-P-550,i2401-P-550,15.4,0.0,0.0,0.0,30,15.2,15.6,30,15.5,15.0,15.4,15.0,60.0,91490.0,535
2023-05-09 21:30:20,i2401-P-550,i2401-P-550,15.4,0.0,0.0,0.0,20,15.2,15.6,30,15.5,15.0,15.4,15.0,60.0,91490.0,535
2023-05-09 21:30:51,i2401-P-550,i2401-P-550,15.4,0.0,0.0,0.0,30,15.2,15.6,30,15.5,15.0,15.4,15.0,60.0,91490.0,535
2023-05-09 21:30:52,i2401-P-550,i2401-P-550,15.4,0.0,0.0,0.0,40,15.2,15.6,20,15.5,15.0,15.4,15.0,60.0,91490.0,535
2023-05-09 21:30:56,i2401-P-550,i2401-P-550,15.4,0.0,0.0,0.0,30,15.2,15.6,20,15.5,15.0,15.4,15.0,60.0,91490.0,535
2023-05-09 21:31:02,i2401-P-550,i2401-P-550,15.4,0.0,0.0,0.0,40,15.2,15.6,10,15.5,15.0,15.4,15.0,60.0,91490.0,535
2023-05-09 21:31:03,i2401-P-550,i2401-P-550,15.4,0.0,0.0,0.0,30,15.3,15.6,10,15.5,15.0,15.4,15.0,60.0,91490.0,535
2023-05-09 21:31:03,i2401-P-550,i2401-P-550,15.4,0.0,0.0,0.0,30,15.3,15.7,30,15.5,15.0,15.4,15.0,60.0,91490.0,535
2023-05-09 21:31:06,i2401-P-550,i2401-P-550,15.4,0.0,0.0,0.0,30,15.3,15.6,10,15.5,15.0,15.4,15.0,60.0,91490.0,535
2023-05-09 21:31:07,i2401-P-550,i2401-P-550,15.4,0.0,0.0,0.0,30,15.3,15.7,30,15.5,15.0,15.4,15.0,60.0,91490.0,535
2023-05-09 21:31:08,i2401-P-550,i2401-P-550,15.4,0.0,0.0,0.0,20,15.3,15.6,10,15.5,15.0,15.4,15.0,60.0,91490.0,535
2023-05-09 21:31:29,i2401-P-550,i2401-P-550,15.4,0.0,0.0,0.0,30,15.3,15.6,10,15.5,15.0,15.4,15.0,60.0,91490.0,535
2023-05-09 21:31:31,i2401-P-550,i2401-P-550,15.4,0.0,0.0,0.0,30,15.3,15.7,30,15.5,15.0,15.4,15.0,60.0,91490.0,535
2023-05-09 21:31:51,i2401-P-550,i2401-P-550,15.4,0.0,0.0,0.0,20,15.3,15.7,30,15.5,15.0,15.4,15.0,60.0,91490.0,535
2023-05-09 21:31:51,i2401-P-550,i2401-P-550,15.4,0.0,0.0,0.0,30,15.3,15.7,40,15.5,15.0,15.4,15.0,60.0,91490.0,535
2023-05-09 21:31:54,i2401-P-550,i2401-P-550,15.4,0.0,0.0,0.0,20,15.3,15.7,30,15.5,15.0,15.4,15.0,60.0,91490.0,535
2023-05-09 21:31:56,i2401-P-550,i2401-P-550,15.4,0.0,0.0,0.0,30,15.3,15.7,40,15.5,15.0,15.4,15.0,60.0,91490.0,535
2023-05-09 21:31:57,i2401-P-550,i2401-P-550,15.4,0.0,0.0,0.0,20,15.3,15.7,30,15.5,15.0,15.4,15.0,60.0,91490.0,535
2023-05-09 21:31:58,i2401-P-550,i2401-P-550,15.4,0.0,0.0,0.0,30,15.3,15.7,30,15.5,15.0,15.4,15.0,60.0,91490.0,535
2023-05-09 21:31:59,i2401-P-550,i2401-P-550,15.4,0.0,0.0,0.0,30,15.3,15.7,20,15.5,15.0,15.4,15.0,60.0,91490.0,535
2023-05-09 21:32:05,i2401-P-550,i2401-P-550,15.4,0.0,0.0,0.0,40,15.3,15.7,10,15.5,15.0,15.4,15.0,60.0,91490.0,535
2023-05-09 21:32:07,i2401-P-550,i2401-P-550,15.4,0.0,0.0,0.0,30,15.3,15.7,10,15.5,15.0,15.4,15.0,60.0,91490.0,535
2023-05-09 21:32:12,i2401-P-550,i2401-P-550,15.4,0.0,0.0,0.0,20,15.3,15.7,10,15.5,15.0,15.4,15.0,60.0,91490.0,535
2023-05-09 21:32:16,i2401-P-550,i2401-P-550,15.4,0.0,0.0,0.0,30,15.3,15.7,10,15.5,15.0,15.4,15.0,60.0,91490.0,535
2023-05-09 21:33:06,i2401-P-550,i2401-P-550,15.4,0.0,0.0,0.0,30,15.3,15.7,20,15.5,15.0,15.4,15.0,60.0,91490.0,535
2023-05-09 21:33:06,i2401-P-550,i2401-P-550,15.4,0.0,0.0,0.0,20,15.3,15.7,20,15.5,15.0,15.4,15.0,60.0,91490.0,535
2023-05-09 21:33:07,i2401-P-550,i2401-P-550,15.4,0.0,0.0,0.0,10,15.3,15.6,10,15.5,15.0,15.4,15.0,60.0,91490.0,535
2023-05-09 21:33:07,i2401-P-550,i2401-P-550,15.4,0.0,0.0,0.0,20,15.2,15.6,10,15.5,15.0,15.4,15.0,60.0,91490.0,535
2023-05-09 21:33:08,i2401-P-550,i2401-P-550,15.4,0.0,0.0,0.0,10,15.3,15.6,10,15.5,15.0,15.4,15.0,60.0,91490.0,535
2023-05-09 21:33:09,i2401-P-550,i2401-P-550,15.4,0.0,0.0,0.0,20,15.2,15.6,10,15.5,15.0,15.4,15.0,60.0,91490.0,535
2023-05-09 21:33:45,i2401-P-550,i2401-P-550,15.4,0.0,0.0,0.0,20,15.2,15.6,20,15.5,15.0,15.4,15.0,60.0,91490.0,535
2023-05-09 21:33:56,i2401-P-550,i2401-P-550,15.4,0.0,0.0,0.0,20,15.2,15.5,10,15.5,15.0,15.4,15.0,60.0,91490.0,535
2023-05-09 21:33:56,i2401-P-550,i2401-P-550,15.4,0.0,0.0,0.0,10,15.2,15.5,10,15.5,15.0,15.4,15.0,60.0,91490.0,535
2023-05-09 21:33:56,i2401-P-550,i2401-P-550,15.4,0.0,0.0,0.0,10,15.2,15.5,20,15.5,15.0,15.4,15.0,60.0,91490.0,535
2023-05-09 21:34:05,i2401-P-550,i2401-P-550,15.4,0.0,0.0,0.0,20,15.1,15.5,20,15.5,15.0,15.4,15.0,60.0,91490.0,535
2023-05-09 21:34:11,i2401-P-550,i2401-P-550,15.4,0.0,0.0,0.0,20,15.1,15.4,10,15.5,15.0,15.4,15.0,60.0,91490.0,535
2023-05-09 21:34:21,i2401-P-550,i2401-P-550,15.4,0.0,0.0,0.0,20,15.1,15.5,20,15.5,15.0,15.4,15.0,60.0,91490.0,535
2023-05-09 21:34:29,i2401-P-550,i2401-P-550,15.4,0.0,0.0,0.0,20,15.1,15.6,20,15.5,15.0,15.4,15.0,60.0,91490.0,535
2023-05-09 21:34:38,i2401-P-550,i2401-P-550,15.4,0.0,0.0,0.0,30,15.1,15.6,20,15.5,15.0,15.4,15.0,60.0,91490.0,535
2023-05-09 21:35:13,i2401-P-550,i2401-P-550,15.4,0.0,0.0,0.0,40,15.1,15.4,10,15.5,15.0,15.4,15.0,60.0,91490.0,535
2023-05-09 21:35:13,i2401-P-550,i2401-P-550,15.4,0.0,0.0,0.0,40,15.1,15.5,10,15.5,15.0,15.4,15.0,60.0,91490.0,535
2023-05-09 21:35:15,i2401-P-550,i2401-P-550,15.4,0.0,0.0,0.0,40,15.1,15.5,20,15.5,15.0,15.4,15.0,60.0,91490.0,535
2023-05-09 21:35:17,i2401-P-550,i2401-P-550,15.4,0.0,0.0,0.0,40,15.1,15.4,10,15.5,15.0,15.4,15.0,60.0,91490.0,535
2023-05-09 21:35:18,i2401-P-550,i2401-P-550,15.4,0.0,0.0,0.0,40,15.1,15.5,20,15.5,15.0,15.4,15.0,60.0,91490.0,535
2023-05-09 21:35:22,i2401-P-550,i2401-P-550,15.4,0.0,0.0,0.0,30,15.1,15.4,10,15.5,15.0,15.4,15.0,60.0,91490.0,535
2023-05-09 21:35:22,i2401-P-550,i2401-P-550,15.4,0.0,0.0,0.0,40,15.1,15.5,20,15.5,15.0,15.4,15.0,60.0,91490.0,535
2023-05-09 21:35:29,i2401-P-550,i2401-P-550,15.4,0.0,0.0,0.0,40,15.1,15.4,10,15.5,15.0,15.4,15.0,60.0,91490.0,535
2023-05-09 21:35:30,i2401-P-550,i2401-P-550,15.4,0.0,0.0,0.0,30,15.1,15.4,10,15.5,15.0,15.4,15.0,60.0,91490.0,535
2023-05-09 21:35:35,i2401-P-550,i2401-P-550,15.4,0.0,0.0,0.0,20,15.1,15.4,10,15.5,15.0,15.4,15.0,60.0,91490.0,535
2023-05-09 21:35:36,i2401-P-550,i2401-P-550,15.4,0.0,0.0,0.0,10,15.1,15.4,10,15.5,15.0,15.4,15.0,60.0,91490.0,535
2023-05-09 21:35:37,i2401-P-550,i2401-P-550,15.4,0.0,0.0,0.0,20,15.1,15.4,10,15.5,15.0,15.4,15.0,60.0,91490.0,535
2023-05-09 21:35:38,i2401-P-550,i2401-P-550,15.4,0.0,0.0,0.0,30,15.1,15.4,10,15.5,15.0,15.4,15.0,60.0,91490.0,535
2023-05-09 21:35:52,i2401-P-550,i2401-P-550,15.4,0.0,0.0,0.0,40,15.1,15.5,30,15.5,15.0,15.4,15.0,60.0,91490.0,535
2023-05-09 21:36:44,i2401-P-550,i2401-P-550,15.4,0.0,0.0,0.0,20,15.1,15.4,10,15.5,15.0,15.4,15.0,60.0,91490.0,535
2023-05-09 21:36:44,i2401-P-550,i2401-P-550,15.4,0.0,0.0,0.0,30,15.1,15.5,30,15.5,15.0,15.4,15.0,60.0,91490.0,535
2023-05-09 21:36:45,i2401-P-550,i2401-P-550,15.4,0.0,0.0,0.0,30,15.1,15.4,10,15.5,15.0,15.4,15.0,60.0,91490.0,535
2023-05-09 21:36:45,i2401-P-550,i2401-P-550,15.4,0.0,0.0,0.0,30,15.1,15.5,30,15.5,15.0,15.4,15.0,60.0,91490.0,535
2023-05-09 21:36:46,i2401-P-550,i2401-P-550,15.4,0.0,0.0,0.0,30,15.1,15.4,10,15.5,15.0,15.4,15.0,60.0,91490.0,535
2023-05-09 21:36:46,i2401-P-550,i2401-P-550,15.4,0.0,0.0,0.0,30,15.1,15.5,30,15.5,15.0,15.4,15.0,60.0,91490.0,535
2023-05-09 21:36:47,i2401-P-550,i2401-P-550,15.4,0.0,0.0,0.0,30,15.1,15.4,10,15.5,15.0,15.4,15.0,60.0,91490.0,535
2023-05-09 21:36:48,i2401-P-550,i2401-P-550,15.4,0.0,0.0,0.0,30,15.1,15.5,30,15.5,15.0,15.4,15.0,60.0,91490.0,535
2023-05-09 21:36:49,i2401-P-550,i2401-P-550,15.4,0.0,0.0,0.0,30,15.1,15.4,10,15.5,15.0,15.4,15.0,60.0,91490.0,535
2023-05-09 21:36:54,i2401-P-550,i2401-P-550,15.4,0.0,0.0,0.0,30,15.1,15.5,30,15.5,15.0,15.4,15.0,60.0,91490.0,535
2023-05-09 21:36:56,i2401-P-550,i2401-P-550,15.4,0.0,0.0,0.0,30,15.1,15.4,10,15.5,15.0,15.4,15.0,60.0,91490.0,535
2023-05-09 21:36:57,i2401-P-550,i2401-P-550,15.4,0.0,0.0,0.0,30,15.1,15.5,30,15.5,15.0,15.4,15.0,60.0,91490.0,535
2023-05-09 21:36:59,i2401-P-550,i2401-P-550,15.4,0.0,0.0,0.0,30,15.1,15.4,10,15.5,15.0,15.4,15.0,60.0,91490.0,535
2023-05-09 21:36:59,i2401-P-550,i2401-P-550,15.4,0.0,0.0,0.0,20,15.1,15.4,10,15.5,15.0,15.4,15.0,60.0,91490.0,535
2023-05-09 21:37:00,i2401-P-550,i2401-P-550,15.4,0.0,0.0,0.0,30,15.1,15.4,10,15.5,15.0,15.4,15.0,60.0,91490.0,535
2023-05-09 21:37:04,i2401-P-550,i2401-P-550,15.4,0.0,0.0,0.0,30,15.1,15.5,30,15.5,15.0,15.4,15.0,60.0,91490.0,535
2023-05-09 21:37:08,i2401-P-550,i2401-P-550,15.4,0.0,0.0,0.0,40,15.1,15.5,20,15.5,15.0,15.4,15.0,60.0,91490.0,535
2023-05-09 21:37:08,i2401-P-550,i2401-P-550,15.4,0.0,0.0,0.0,30,15.1,15.5,20,15.5,15.0,15.4,15.0,60.0,91490.0,535
2023-05-09 21:37:27,i2401-P-550,i2401-P-550,15.4,0.0,0.0,0.0,40,15.1,15.5,20,15.5,15.0,15.4,15.0,60.0,91490.0,535
2023-05-09 21:37:40,i2401-P-550,i2401-P-550,15.4,0.0,0.0,0.0,30,15.2,15.5,20,15.5,15.0,15.4,15.0,60.0,91490.0,535
2023-05-09 21:37:42,i2401-P-550,i2401-P-550,15.4,0.0,0.0,0.0,30,15.2,15.5,10,15.5,15.0,15.4,15.0,60.0,91490.0,535
2023-05-09 21:38:10,i2401-P-550,i2401-P-550,15.4,0.0,0.0,0.0,30,15.2,15.6,30,15.5,15.0,15.4,15.0,60.0,91490.0,535
2023-05-09 21:38:11,i2401-P-550,i2401-P-550,15.4,0.0,0.0,0.0,40,15.2,15.6,20,15.5,15.0,15.4,15.0,60.0,91490.0,535
2023-05-09 21:38:12,i2401-P-550,i2401-P-550,15.4,0.0,0.0,0.0,30,15.2,15.6,20,15.5,15.0,15.4,15.0,60.0,91490.0,535
2023-05-09 21:38:32,i2401-P-550,i2401-P-550,15.4,0.0,0.0,0.0,10,15.3,15.6,10,15.5,15.0,15.4,15.0,60.0,91490.0,535
2023-05-09 21:38:32,i2401-P-550,i2401-P-550,15.4,0.0,0.0,0.0,30,15.3,15.6,10,15.5,15.0,15.4,15.0,60.0,91490.0,535
2023-05-09 21:38:33,i2401-P-550,i2401-P-550,15.4,0.0,0.0,0.0,20,15.3,15.6,20,15.5,15.0,15.4,15.0,60.0,91490.0,535
2023-05-09 21:38:34,i2401-P-550,i2401-P-550,15.4,0.0,0.0,0.0,30,15.3,15.6,10,15.5,15.0,15.4,15.0,60.0,91490.0,535
2023-05-09 21:38:38,i2401-P-550,i2401-P-550,15.4,0.0,0.0,0.0,30,15.3,15.6,20,15.5,15.0,15.4,15.0,60.0,91490.0,535
2023-05-09 21:38:48,i2401-P-550,i2401-P-550,15.4,0.0,0.0,0.0,30,15.3,15.6,10,15.5,15.0,15.4,15.0,60.0,91490.0,535
2023-05-09 21:38:49,i2401-P-550,i2401-P-550,15.4,0.0,0.0,0.0,30,15.3,15.6,20,15.5,15.0,15.4,15.0,60.0,91490.0,535
2023-05-09 21:38:53,i2401-P-550,i2401-P-550,15.4,0.0,0.0,0.0,20,15.3,15.6,20,15.5,15.0,15.4,15.0,60.0,91490.0,535
2023-05-09 21:38:54,i2401-P-550,i2401-P-550,15.4,0.0,0.0,0.0,30,15.3,15.6,10,15.5,15.0,15.4,15.0,60.0,91490.0,535
2023-05-09 21:39:01,i2401-P-550,i2401-P-550,15.4,0.0,0.0,0.0,30,15.3,15.6,20,15.5,15.0,15.4,15.0,60.0,91490.0,535
2023-05-09 21:39:13,i2401-P-550,i2401-P-550,15.4,0.0,0.0,0.0,20,15.3,15.6,20,15.5,15.0,15.4,15.0,60.0,91490.0,535
2023-05-09 21:39:14,i2401-P-550,i2401-P-550,15.4,0.0,0.0,0.0,30,15.3,15.6,20,15.5,15.0,15.4,15.0,60.0,91490.0,535
2023-05-09 21:39:22,i2401-P-550,i2401-P-550,15.4,0.0,0.0,0.0,20,15.3,15.6,20,15.5,15.0,15.4,15.0,60.0,91490.0,535
2023-05-09 21:39:29,i2401-P-550,i2401-P-550,15.4,0.0,0.0,0.0,30,15.3,15.6,20,15.5,15.0,15.4,15.0,60.0,91490.0,535
2023-05-09 21:39:33,i2401-P-550,i2401-P-550,15.4,0.0,0.0,0.0,20,15.3,15.6,20,15.5,15.0,15.4,15.0,60.0,91490.0,535
2023-05-09 21:40:04,i2401-P-550,i2401-P-550,15.4,0.0,0.0,0.0,20,15.3,15.5,10,15.5,15.0,15.4,15.0,60.0,91490.0,535
2023-05-09 21:40:04,i2401-P-550,i2401-P-550,15.4,0.0,0.0,0.0,20,15.3,15.6,20,15.5,15.0,15.4,15.0,60.0,91490.0,535
2023-05-09 21:40:04,i2401-P-550,i2401-P-550,15.4,0.0,0.0,0.0,20,15.3,15.5,10,15.5,15.0,15.4,15.0,60.0,91490.0,535
2023-05-09 21:40:06,i2401-P-550,i2401-P-550,15.4,0.0,0.0,0.0,20,15.3,15.6,20,15.5,15.0,15.4,15.0,60.0,91490.0,535
2023-05-09 21:40:07,i2401-P-550,i2401-P-550,15.4,0.0,0.0,0.0,20,15.3,15.5,10,15.5,15.0,15.4,15.0,60.0,91490.0,535
2023-05-09 21:40:15,i2401-P-550,i2401-P-550,15.4,0.0,0.0,0.0,20,15.3,15.5,20,15.5,15.0,15.4,15.0,60.0,91490.0,535
2023-05-09 21:40:27,i2401-P-550,i2401-P-550,15.4,0.0,0.0,0.0,10,15.2,15.5,20,15.5,15.0,15.4,15.0,60.0,91490.0,535
2023-05-09 21:40:29,i2401-P-550,i2401-P-550,15.4,0.0,0.0,0.0,20,15.2,15.5,20,15.5,15.0,15.4,15.0,60.0,91490.0,535
2023-05-09 21:41:00,i2401-P-550,i2401-P-550,15.4,0.0,0.0,0.0,20,15.2,15.5,10,15.5,15.0,15.4,15.0,60.0,91490.0,535
2023-05-09 21:41:00,i2401-P-550,i2401-P-550,15.4,0.0,0.0,0.0,20,15.2,15.5,20,15.5,15.0,15.4,15.0,60.0,91490.0,535
2023-05-09 21:41:01,i2401-P-550,i2401-P-550,15.4,0.0,0.0,0.0,10,15.2,15.5,20,15.5,15.0,15.4,15.0,60.0,91490.0,535
2023-05-09 21:41:03,i2401-P-550,i2401-P-550,15.4,0.0,0.0,0.0,20,15.2,15.5,20,15.5,15.0,15.4,15.0,60.0,91490.0,535
2023-05-09 21:41:04,i2401-P-550,i2401-P-550,15.4,0.0,0.0,0.0,20,15.2,15.5,10,15.5,15.0,15.4,15.0,60.0,91490.0,535
2023-05-09 21:41:05,i2401-P-550,i2401-P-550,15.4,0.0,0.0,0.0,20,15.2,15.5,20,15.5,15.0,15.4,15.0,60.0,91490.0,535
2023-05-09 21:41:05,i2401-P-550,i2401-P-550,15.4,0.0,0.0,0.0,20,15.2,15.5,10,15.5,15.0,15.4,15.0,60.0,91490.0,535
2023-05-09 21:41:07,i2401-P-550,i2401-P-550,15.4,0.0,0.0,0.0,20,15.2,15.5,20,15.5,15.0,15.4,15.0,60.0,91490.0,535
2023-05-09 21:41:08,i2401-P-550,i2401-P-550,15.4,0.0,0.0,0.0,20,15.2,15.5,10,15.5,15.0,15.4,15.0,60.0,91490.0,535
2023-05-09 21:41:12,i2401-P-550,i2401-P-550,15.4,0.0,0.0,0.0,20,15.2,15.6,30,15.5,15.0,15.4,15.0,60.0,91490.0,535
2023-05-09 21:41:13,i2401-P-550,i2401-P-550,15.4,0.0,0.0,0.0,30,15.2,15.6,20,15.5,15.0,15.4,15.0,60.0,91490.0,535
2023-05-09 21:41:15,i2401-P-550,i2401-P-550,15.4,0.0,0.0,0.0,40,15.2,15.6,20,15.5,15.0,15.4,15.0,60.0,91490.0,535
2023-05-09 21:41:21,i2401-P-550,i2401-P-550,15.4,0.0,0.0,0.0,30,15.2,15.6,20,15.5,15.0,15.4,15.0,60.0,91490.0,535
2023-05-09 21:41:22,i2401-P-550,i2401-P-550,15.4,0.0,0.0,0.0,20,15.2,15.6,20,15.5,15.0,15.4,15.0,60.0,91490.0,535
2023-05-09 21:41:25,i2401-P-550,i2401-P-550,15.4,0.0,0.0,0.0,30,15.2,15.6,20,15.5,15.0,15.4,15.0,60.0,91490.0,535
2023-05-09 21:41:38,i2401-P-550,i2401-P-550,15.4,0.0,0.0,0.0,30,15.2,15.6,10,15.5,15.0,15.4,15.0,60.0,91490.0,535
2023-05-09 21:42:04,i2401-P-550,i2401-P-550,15.4,0.0,0.0,0.0,20,15.3,15.6,10,15.5,15.0,15.4,15.0,60.0,91490.0,535
2023-05-09 21:42:05,i2401-P-550,i2401-P-550,15.4,0.0,0.0,0.0,10,15.3,15.6,10,15.5,15.0,15.4,15.0,60.0,91490.0,535
2023-05-09 21:42:06,i2401-P-550,i2401-P-550,15.4,0.0,0.0,0.0,30,15.2,15.6,10,15.5,15.0,15.4,15.0,60.0,91490.0,535
2023-05-09 21:42:20,i2401-P-550,i2401-P-550,15.4,0.0,0.0,0.0,10,15.3,15.6,10,15.5,15.0,15.4,15.0,60.0,91490.0,535
2023-05-09 21:42:20,i2401-P-550,i2401-P-550,15.4,0.0,0.0,0.0,20,15.3,15.7,30,15.5,15.0,15.4,15.0,60.0,91490.0,535
2023-05-09 21:42:22,i2401-P-550,i2401-P-550,15.4,0.0,0.0,0.0,30,15.3,15.7,20,15.5,15.0,15.4,15.0,60.0,91490.0,535
2023-05-09 21:42:22,i2401-P-550,i2401-P-550,15.4,0.0,0.0,0.0,40,15.3,15.7,20,15.5,15.0,15.4,15.0,60.0,91490.0,535
2023-05-09 21:42:25,i2401-P-550,i2401-P-550,15.4,0.0,0.0,0.0,50,15.3,15.7,10,15.5,15.0,15.4,15.0,60.0,91490.0,535
2023-05-09 21:42:36,i2401-P-550,i2401-P-550,15.4,0.0,0.0,0.0,10,15.4,15.7,10,15.5,15.0,15.4,15.0,60.0,91490.0,535
2023-05-09 21:42:37,i2401-P-550,i2401-P-550,15.4,0.0,0.0,0.0,40,15.3,15.7,10,15.5,15.0,15.4,15.0,60.0,91490.0,535
2023-05-09 21:42:44,i2401-P-550,i2401-P-550,15.4,0.0,0.0,0.0,40,15.3,15.7,20,15.5,15.0,15.4,15.0,60.0,91490.0,535
2023-05-09 21:42:48,i2401-P-550,i2401-P-550,15.4,0.0,0.0,0.0,40,15.3,15.7,10,15.5,15.0,15.4,15.0,60.0,91490.0,535
2023-05-09 21:42:51,i2401-P-550,i2401-P-550,15.4,0.0,0.0,0.0,40,15.3,15.7,20,15.5,15.0,15.4,15.0,60.0,91490.0,535
2023-05-09 21:42:53,i2401-P-550,i2401-P-550,15.4,0.0,0.0,0.0,40,15.3,15.7,10,15.5,15.0,15.4,15.0,60.0,91490.0,535
2023-05-09 21:42:58,i2401-P-550,i2401-P-550,15.4,0.0,0.0,0.0,30,15.3,15.6,10,15.5,15.0,15.4,15.0,60.0,91490.0,535
2023-05-09 21:42:58,i2401-P-550,i2401-P-550,15.4,0.0,0.0,0.0,20,15.3,15.6,10,15.5,15.0,15.4,15.0,60.0,91490.0,535
2023-05-09 21:42:59,i2401-P-550,i2401-P-550,15.4,0.0,0.0,0.0,10,15.3,15.6,10,15.5,15.0,15.4,15.0,60.0,91490.0,535
2023-05-09 21:43:01,i2401-P-550,i2401-P-550,15.4,0.0,0.0,0.0,20,15.3,15.6,10,15.5,15.0,15.4,15.0,60.0,91490.0,535
2023-05-09 21:43:03,i2401-P-550,i2401-P-550,15.4,0.0,0.0,0.0,30,15.3,15.6,10,15.5,15.0,15.4,15.0,60.0,91490.0,535
2023-05-09 21:43:27,i2401-P-550,i2401-P-550,15.4,0.0,0.0,0.0,40,15.3,15.6,10,15.5,15.0,15.4,15.0,60.0,91490.0,535
2023-05-09 21:43:28,i2401-P-550,i2401-P-550,15.4,0.0,0.0,0.0,40,15.3,15.7,20,15.5,15.0,15.4,15.0,60.0,91490.0,535
2023-05-09 21:43:45,i2401-P-550,i2401-P-550,15.3,1.0,1530.0,-1.0,54,15.3,15.6,4,15.5,15.0,15.4,15.0,61.0,93020.0,534
2023-05-09 21:43:59,i2401-P-550,i2401-P-550,15.3,0.0,0.0,0.0,1,15.4,15.6,4,15.5,15.0,15.4,15.0,61.0,93020.0,534
2023-05-09 21:44:04,i2401-P-550,i2401-P-550,15.3,0.0,0.0,0.0,1,15.4,15.6,14,15.5,15.0,15.4,15.0,61.0,93020.0,534
2023-05-09 21:44:09,i2401-P-550,i2401-P-550,15.3,0.0,0.0,0.0,1,15.4,15.6,4,15.5,15.0,15.4,15.0,61.0,93020.0,534
2023-05-09 21:44:16,i2401-P-550,i2401-P-550,15.3,0.0,0.0,0.0,1,15.4,15.6,14,15.5,15.0,15.4,15.0,61.0,93020.0,534
2023-05-09 21:44:17,i2401-P-550,i2401-P-550,15.3,0.0,0.0,0.0,1,15.4,15.6,4,15.5,15.0,15.4,15.0,61.0,93020.0,534
2023-05-09 21:45:01,i2401-P-550,i2401-P-550,15.3,0.0,0.0,0.0,1,15.4,15.7,24,15.5,15.0,15.4,15.0,61.0,93020.0,534
2023-05-09 21:45:17,i2401-P-550,i2401-P-550,15.3,0.0,0.0,0.0,21,15.4,15.7,14,15.5,15.0,15.4,15.0,61.0,93020.0,534
2023-05-09 21:45:17,i2401-P-550,i2401-P-550,15.3,0.0,0.0,0.0,31,15.4,15.7,14,15.5,15.0,15.4,15.0,61.0,93020.0,534
2023-05-09 21:45:18,i2401-P-550,i2401-P-550,15.3,0.0,0.0,0.0,41,15.4,15.7,14,15.5,15.0,15.4,15.0,61.0,93020.0,534
2023-05-09 21:45:26,i2401-P-550,i2401-P-550,15.3,0.0,0.0,0.0,31,15.4,15.7,14,15.5,15.0,15.4,15.0,61.0,93020.0,534
2023-05-09 21:45:38,i2401-P-550,i2401-P-550,15.3,0.0,0.0,0.0,21,15.4,15.7,14,15.5,15.0,15.4,15.0,61.0,93020.0,534
2023-05-09 21:45:50,i2401-P-550,i2401-P-550,15.3,0.0,0.0,0.0,22,15.4,15.7,14,15.5,15.0,15.4,15.0,61.0,93020.0,534
2023-05-09 21:45:59,i2401-P-550,i2401-P-550,15.3,0.0,0.0,0.0,32,15.4,15.7,14,15.5,15.0,15.4,15.0,61.0,93020.0,534
2023-05-09 21:46:02,i2401-P-550,i2401-P-550,15.3,0.0,0.0,0.0,42,15.4,15.7,14,15.5,15.0,15.4,15.0,61.0,93020.0,534
2023-05-09 21:46:02,i2401-P-550,i2401-P-550,15.3,0.0,0.0,0.0,42,15.4,15.7,4,15.5,15.0,15.4,15.0,61.0,93020.0,534
2023-05-09 21:46:03,i2401-P-550,i2401-P-550,15.3,0.0,0.0,0.0,42,15.4,15.7,14,15.5,15.0,15.4,15.0,61.0,93020.0,534
2023-05-09 21:46:04,i2401-P-550,i2401-P-550,15.3,0.0,0.0,0.0,42,15.4,15.7,4,15.5,15.0,15.4,15.0,61.0,93020.0,534
2023-05-09 21:46:05,i2401-P-550,i2401-P-550,15.3,0.0,0.0,0.0,32,15.4,15.7,4,15.5,15.0,15.4,15.0,61.0,93020.0,534
2023-05-09 21:46:05,i2401-P-550,i2401-P-550,15.3,0.0,0.0,0.0,42,15.4,15.7,4,15.5,15.0,15.4,15.0,61.0,93020.0,534
2023-05-09 21:46:06,i2401-P-550,i2401-P-550,15.3,0.0,0.0,0.0,32,15.4,15.7,14,15.5,15.0,15.4,15.0,61.0,93020.0,534
2023-05-09 21:46:07,i2401-P-550,i2401-P-550,15.3,0.0,0.0,0.0,42,15.4,15.7,4,15.5,15.0,15.4,15.0,61.0,93020.0,534
2023-05-09 21:46:08,i2401-P-550,i2401-P-550,15.3,0.0,0.0,0.0,32,15.4,15.7,14,15.5,15.0,15.4,15.0,61.0,93020.0,534
2023-05-09 21:46:09,i2401-P-550,i2401-P-550,15.3,0.0,0.0,0.0,22,15.4,15.7,14,15.5,15.0,15.4,15.0,61.0,93020.0,534
2023-05-09 21:46:16,i2401-P-550,i2401-P-550,15.3,0.0,0.0,0.0,32,15.4,15.7,14,15.5,15.0,15.4,15.0,61.0,93020.0,534
2023-05-09 21:46:37,i2401-P-550,i2401-P-550,15.3,0.0,0.0,0.0,22,15.4,15.7,14,15.5,15.0,15.4,15.0,61.0,93020.0,534
2023-05-09 21:46:38,i2401-P-550,i2401-P-550,15.3,0.0,0.0,0.0,12,15.4,15.6,10,15.5,15.0,15.4,15.0,61.0,93020.0,534
2023-05-09 21:46:38,i2401-P-550,i2401-P-550,15.3,0.0,0.0,0.0,2,15.4,15.6,10,15.5,15.0,15.4,15.0,61.0,93020.0,534
2023-05-09 21:47:05,i2401-P-550,i2401-P-550,15.3,0.0,0.0,0.0,2,15.4,15.5,10,15.5,15.0,15.4,15.0,61.0,93020.0,534
2023-05-09 21:47:05,i2401-P-550,i2401-P-550,15.3,0.0,0.0,0.0,2,15.4,15.6,10,15.5,15.0,15.4,15.0,61.0,93020.0,534
2023-05-09 21:47:38,i2401-P-550,i2401-P-550,15.3,0.0,0.0,0.0,2,15.4,15.5,10,15.5,15.0,15.4,15.0,61.0,93020.0,534
2023-05-09 21:47:40,i2401-P-550,i2401-P-550,15.4,2.0,3080.0,0.0,4,15.3,15.5,14,15.5,15.0,15.4,15.0,63.0,96100.0,534
2023-05-09 21:47:44,i2401-P-550,i2401-P-550,15.4,0.0,0.0,0.0,30,15.2,15.5,14,15.5,15.0,15.4,15.0,63.0,96100.0,534
2023-05-09 21:47:53,i2401-P-550,i2401-P-550,15.4,0.0,0.0,0.0,20,15.2,15.5,14,15.5,15.0,15.4,15.0,63.0,96100.0,534
2023-05-09 21:47:55,i2401-P-550,i2401-P-550,15.4,0.0,0.0,0.0,30,15.2,15.5,14,15.5,15.0,15.4,15.0,63.0,96100.0,534
2023-05-09 21:47:57,i2401-P-550,i2401-P-550,15.4,0.0,0.0,0.0,20,15.2,15.5,14,15.5,15.0,15.4,15.0,63.0,96100.0,534
2023-05-09 21:48:03,i2401-P-550,i2401-P-550,15.4,0.0,0.0,0.0,20,15.2,15.4,10,15.5,15.0,15.4,15.0,63.0,96100.0,534
2023-05-09 21:48:04,i2401-P-550,i2401-P-550,15.4,0.0,0.0,0.0,20,15.2,15.5,14,15.5,15.0,15.4,15.0,63.0,96100.0,534
2023-05-09 21:48:04,i2401-P-550,i2401-P-550,15.4,0.0,0.0,0.0,20,15.2,15.4,10,15.5,15.0,15.4,15.0,63.0,96100.0,534
2023-05-09 21:48:06,i2401-P-550,i2401-P-550,15.4,0.0,0.0,0.0,20,15.2,15.5,14,15.5,15.0,15.4,15.0,63.0,96100.0,534
2023-05-09 21:48:07,i2401-P-550,i2401-P-550,15.4,0.0,0.0,0.0,20,15.2,15.4,10,15.5,15.0,15.4,15.0,63.0,96100.0,534
2023-05-09 21:48:08,i2401-P-550,i2401-P-550,15.4,0.0,0.0,0.0,20,15.2,15.5,14,15.5,15.0,15.4,15.0,63.0,96100.0,534
2023-05-09 21:48:09,i2401-P-550,i2401-P-550,15.4,0.0,0.0,0.0,20,15.2,15.4,10,15.5,15.0,15.4,15.0,63.0,96100.0,534
2023-05-09 21:48:10,i2401-P-550,i2401-P-550,15.4,0.0,0.0,0.0,20,15.2,15.5,14,15.5,15.0,15.4,15.0,63.0,96100.0,534
2023-05-09 21:48:10,i2401-P-550,i2401-P-550,15.4,0.0,0.0,0.0,20,15.2,15.4,10,15.5,15.0,15.4,15.0,63.0,96100.0,534
2023-05-09 21:48:29,i2401-P-550,i2401-P-550,15.4,0.0,0.0,0.0,20,15.2,15.5,14,15.5,15.0,15.4,15.0,63.0,96100.0,534
2023-05-09 21:48:34,i2401-P-550,i2401-P-550,15.4,0.0,0.0,0.0,20,15.2,15.4,10,15.5,15.0,15.4,15.0,63.0,96100.0,534
2023-05-09 21:49:01,i2401-P-550,i2401-P-550,15.4,0.0,0.0,0.0,20,15.2,15.5,14,15.5,15.0,15.4,15.0,63.0,96100.0,534
2023-05-09 21:49:04,i2401-P-550,i2401-P-550,15.4,0.0,0.0,0.0,20,15.2,15.4,10,15.5,15.0,15.4,15.0,63.0,96100.0,534
2023-05-09 21:49:05,i2401-P-550,i2401-P-550,15.4,0.0,0.0,0.0,20,15.2,15.5,14,15.5,15.0,15.4,15.0,63.0,96100.0,534
2023-05-09 21:49:06,i2401-P-550,i2401-P-550,15.4,0.0,0.0,0.0,20,15.2,15.4,10,15.5,15.0,15.4,15.0,63.0,96100.0,534
2023-05-09 21:49:24,i2401-P-550,i2401-P-550,15.4,0.0,0.0,0.0,20,15.1,15.4,10,15.5,15.0,15.4,15.0,63.0,96100.0,534
2023-05-09 21:49:26,i2401-P-550,i2401-P-550,15.4,0.0,0.0,0.0,30,15.1,15.4,10,15.5,15.0,15.4,15.0,63.0,96100.0,534
2023-05-09 21:49:27,i2401-P-550,i2401-P-550,15.4,0.0,0.0,0.0,20,15.0,15.3,10,15.5,15.0,15.4,15.0,63.0,96100.0,534
2023-05-09 21:49:28,i2401-P-550,i2401-P-550,15.4,0.0,0.0,0.0,30,15.0,15.3,10,15.5,15.0,15.4,15.0,63.0,96100.0,534
2023-05-09 21:49:28,i2401-P-550,i2401-P-550,15.4,0.0,0.0,0.0,30,15.0,15.4,10,15.5,15.0,15.4,15.0,63.0,96100.0,534
2023-05-09 21:49:51,i2401-P-550,i2401-P-550,15.4,0.0,0.0,0.0,40,15.0,15.4,10,15.5,15.0,15.4,15.0,63.0,96100.0,534
2023-05-09 21:49:52,i2401-P-550,i2401-P-550,15.4,0.0,0.0,0.0,30,15.0,15.4,10,15.5,15.0,15.4,15.0,63.0,96100.0,534
2023-05-09 21:49:55,i2401-P-550,i2401-P-550,15.4,0.0,0.0,0.0,20,15.0,15.4,10,15.5,15.0,15.4,15.0,63.0,96100.0,534
2023-05-09 21:49:59,i2401-P-550,i2401-P-550,15.4,0.0,0.0,0.0,10,15.0,15.4,20,15.5,15.0,15.4,15.0,63.0,96100.0,534
2023-05-09 21:49:59,i2401-P-550,i2401-P-550,15.4,0.0,0.0,0.0,20,15.0,15.4,20,15.5,15.0,15.4,15.0,63.0,96100.0,534
2023-05-09 21:49:59,i2401-P-550,i2401-P-550,15.4,0.0,0.0,0.0,30,15.0,15.4,20,15.5,15.0,15.4,15.0,63.0,96100.0,534
2023-05-09 21:50:01,i2401-P-550,i2401-P-550,15.4,0.0,0.0,0.0,10,15.0,15.3,10,15.5,15.0,15.4,15.0,63.0,96100.0,534
2023-05-09 21:50:01,i2401-P-550,i2401-P-550,15.4,0.0,0.0,0.0,10,15.0,15.4,20,15.5,15.0,15.4,15.0,63.0,96100.0,534
2023-05-09 21:50:01,i2401-P-550,i2401-P-550,15.4,0.0,0.0,0.0,10,15.0,15.4,30,15.5,15.0,15.4,15.0,63.0,96100.0,534
2023-05-09 21:50:02,i2401-P-550,i2401-P-550,15.4,0.0,0.0,0.0,20,15.0,15.4,30,15.5,15.0,15.4,15.0,63.0,96100.0,534
2023-05-09 21:50:05,i2401-P-550,i2401-P-550,15.4,0.0,0.0,0.0,20,15.0,15.3,10,15.5,15.0,15.4,15.0,63.0,96100.0,534
2023-05-09 21:50:05,i2401-P-550,i2401-P-550,15.4,0.0,0.0,0.0,20,15.0,15.4,30,15.5,15.0,15.4,15.0,63.0,96100.0,534
2023-05-09 21:50:06,i2401-P-550,i2401-P-550,15.4,0.0,0.0,0.0,10,15.0,15.4,30,15.5,15.0,15.4,15.0,63.0,96100.0,534
2023-05-09 21:50:07,i2401-P-550,i2401-P-550,15.4,0.0,0.0,0.0,34,14.9,15.3,10,15.5,15.0,15.4,15.0,63.0,96100.0,534
2023-05-09 21:50:08,i2401-P-550,i2401-P-550,15.4,0.0,0.0,0.0,20,15.0,15.4,30,15.5,15.0,15.4,15.0,63.0,96100.0,534
2023-05-09 21:50:09,i2401-P-550,i2401-P-550,15.4,0.0,0.0,0.0,20,15.0,15.3,10,15.5,15.0,15.4,15.0,63.0,96100.0,534
2023-05-09 21:50:10,i2401-P-550,i2401-P-550,15.4,0.0,0.0,0.0,44,14.9,15.3,10,15.5,15.0,15.4,15.0,63.0,96100.0,534
2023-05-09 21:50:16,i2401-P-550,i2401-P-550,15.4,0.0,0.0,0.0,10,15.0,15.3,10,15.5,15.0,15.4,15.0,63.0,96100.0,534
2023-05-09 21:50:17,i2401-P-550,i2401-P-550,15.4,0.0,0.0,0.0,20,15.0,15.3,10,15.5,15.0,15.4,15.0,63.0,96100.0,534
2023-05-09 21:50:18,i2401-P-550,i2401-P-550,15.4,0.0,0.0,0.0,10,15.0,15.3,10,15.5,15.0,15.4,15.0,63.0,96100.0,534
2023-05-09 21:50:19,i2401-P-550,i2401-P-550,15.4,0.0,0.0,0.0,44,14.9,15.3,20,15.5,15.0,15.4,15.0,63.0,96100.0,534
2023-05-09 21:50:21,i2401-P-550,i2401-P-550,15.4,0.0,0.0,0.0,54,14.9,15.3,20,15.5,15.0,15.4,15.0,63.0,96100.0,534
2023-05-09 21:50:34,i2401-P-550,i2401-P-550,15.4,0.0,0.0,0.0,44,14.9,15.3,20,15.5,15.0,15.4,15.0,63.0,96100.0,534
2023-05-09 21:50:36,i2401-P-550,i2401-P-550,15.4,0.0,0.0,0.0,34,14.9,15.3,20,15.5,15.0,15.4,15.0,63.0,96100.0,534
2023-05-09 21:50:54,i2401-P-550,i2401-P-550,15.4,0.0,0.0,0.0,44,14.9,15.3,20,15.5,15.0,15.4,15.0,63.0,96100.0,534
2023-05-09 21:50:54,i2401-P-550,i2401-P-550,15.2,5.0,7600.0,5.0,4,15.1,15.3,20,15.5,15.0,15.4,15.0,68.0,103700.0,539
2023-05-09 21:52:04,i2401-P-550,i2401-P-550,15.2,0.0,0.0,0.0,4,15.1,15.4,34,15.5,15.0,15.4,15.0,68.0,103700.0,539
2023-05-09 21:52:10,i2401-P-550,i2401-P-550,15.2,0.0,0.0,0.0,4,15.1,15.3,10,15.5,15.0,15.4,15.0,68.0,103700.0,539
2023-05-09 21:52:13,i2401-P-550,i2401-P-550,15.2,0.0,0.0,0.0,4,15.1,15.3,20,15.5,15.0,15.4,15.0,68.0,103700.0,539
2023-05-09 21:52:15,i2401-P-550,i2401-P-550,15.2,0.0,0.0,0.0,4,15.1,15.3,10,15.5,15.0,15.4,15.0,68.0,103700.0,539
2023-05-09 21:52:15,i2401-P-550,i2401-P-550,15.2,0.0,0.0,0.0,4,15.1,15.3,20,15.5,15.0,15.4,15.0,68.0,103700.0,539
2023-05-09 21:54:13,i2401-P-550,i2401-P-550,15.2,0.0,0.0,0.0,4,15.1,15.2,10,15.5,15.0,15.4,15.0,68.0,103700.0,539
2023-05-09 21:54:14,i2401-P-550,i2401-P-550,15.2,0.0,0.0,0.0,4,15.1,15.3,20,15.5,15.0,15.4,15.0,68.0,103700.0,539
2023-05-09 21:54:20,i2401-P-550,i2401-P-550,15.2,0.0,0.0,0.0,4,15.1,15.2,10,15.5,15.0,15.4,15.0,68.0,103700.0,539
2023-05-09 21:54:29,i2401-P-550,i2401-P-550,15.2,0.0,0.0,0.0,4,15.1,15.3,20,15.5,15.0,15.4,15.0,68.0,103700.0,539
2023-05-09 21:54:31,i2401-P-550,i2401-P-550,15.2,0.0,0.0,0.0,4,15.1,15.2,10,15.5,15.0,15.4,15.0,68.0,103700.0,539
2023-05-09 21:54:36,i2401-P-550,i2401-P-550,15.2,0.0,0.0,0.0,4,15.1,15.3,20,15.5,15.0,15.4,15.0,68.0,103700.0,539
2023-05-09 21:55:00,i2401-P-550,i2401-P-550,15.2,0.0,0.0,0.0,4,15.1,15.2,10,15.5,15.0,15.4,15.0,68.0,103700.0,539
2023-05-09 21:55:01,i2401-P-550,i2401-P-550,15.2,0.0,0.0,0.0,4,15.1,15.2,20,15.5,15.0,15.4,15.0,68.0,103700.0,539
2023-05-09 21:55:04,i2401-P-550,i2401-P-550,15.2,0.0,0.0,0.0,14,14.9,15.2,20,15.5,15.0,15.4,15.0,68.0,103700.0,539
2023-05-09 21:55:06,i2401-P-550,i2401-P-550,15.2,0.0,0.0,0.0,24,14.9,15.2,20,15.5,15.0,15.4,15.0,68.0,103700.0,539
2023-05-09 21:55:07,i2401-P-550,i2401-P-550,15.2,0.0,0.0,0.0,34,14.9,15.2,20,15.5,15.0,15.4,15.0,68.0,103700.0,539
2023-05-09 21:55:18,i2401-P-550,i2401-P-550,15.2,0.0,0.0,0.0,34,14.9,15.2,10,15.5,15.0,15.4,15.0,68.0,103700.0,539
2023-05-09 21:55:18,i2401-P-550,i2401-P-550,15.2,0.0,0.0,0.0,24,14.9,15.2,10,15.5,15.0,15.4,15.0,68.0,103700.0,539
2023-05-09 21:55:20,i2401-P-550,i2401-P-550,15.2,0.0,0.0,0.0,34,14.9,15.2,10,15.5,15.0,15.4,15.0,68.0,103700.0,539
2023-05-09 21:55:21,i2401-P-550,i2401-P-550,15.2,0.0,0.0,0.0,34,14.9,15.3,20,15.5,15.0,15.4,15.0,68.0,103700.0,539
2023-05-09 21:55:27,i2401-P-550,i2401-P-550,15.2,0.0,0.0,0.0,24,14.9,15.2,10,15.5,15.0,15.4,15.0,68.0,103700.0,539
2023-05-09 21:55:32,i2401-P-550,i2401-P-550,15.2,0.0,0.0,0.0,24,14.9,15.2,20,15.5,15.0,15.4,15.0,68.0,103700.0,539
2023-05-09 21:55:32,i2401-P-550,i2401-P-550,15.2,0.0,0.0,0.0,24,14.9,15.2,10,15.5,15.0,15.4,15.0,68.0,103700.0,539
2023-05-09 21:55:34,i2401-P-550,i2401-P-550,15.2,0.0,0.0,0.0,24,14.9,15.2,20,15.5,15.0,15.4,15.0,68.0,103700.0,539
2023-05-09 21:55:38,i2401-P-550,i2401-P-550,15.2,0.0,0.0,0.0,24,14.9,15.2,10,15.5,15.0,15.4,15.0,68.0,103700.0,539
2023-05-09 21:55:45,i2401-P-550,i2401-P-550,15.2,0.0,0.0,0.0,34,14.9,15.2,10,15.5,15.0,15.4,15.0,68.0,103700.0,539
2023-05-09 21:55:45,i2401-P-550,i2401-P-550,15.2,0.0,0.0,0.0,34,14.9,15.3,30,15.5,15.0,15.4,15.0,68.0,103700.0,539
2023-05-09 21:55:47,i2401-P-550,i2401-P-550,15.2,0.0,0.0,0.0,24,14.9,15.2,10,15.5,15.0,15.4,15.0,68.0,103700.0,539
2023-05-09 21:55:49,i2401-P-550,i2401-P-550,15.2,0.0,0.0,0.0,34,14.9,15.3,30,15.5,15.0,15.4,15.0,68.0,103700.0,539
2023-05-09 21:55:55,i2401-P-550,i2401-P-550,15.2,0.0,0.0,0.0,34,14.9,15.2,10,15.5,15.0,15.4,15.0,68.0,103700.0,539
2023-05-09 21:55:58,i2401-P-550,i2401-P-550,15.2,0.0,0.0,0.0,34,14.9,15.3,30,15.5,15.0,15.4,15.0,68.0,103700.0,539
2023-05-09 21:55:59,i2401-P-550,i2401-P-550,15.2,0.0,0.0,0.0,34,14.9,15.2,10,15.5,15.0,15.4,15.0,68.0,103700.0,539
2023-05-09 21:55:59,i2401-P-550,i2401-P-550,15.2,0.0,0.0,0.0,34,14.9,15.3,30,15.5,15.0,15.4,15.0,68.0,103700.0,539
2023-05-09 21:56:40,i2401-P-550,i2401-P-550,15.2,0.0,0.0,0.0,44,14.9,15.3,30,15.5,15.0,15.4,15.0,68.0,103700.0,539
2023-05-09 21:56:41,i2401-P-550,i2401-P-550,15.2,0.0,0.0,0.0,44,14.9,15.3,10,15.5,15.0,15.4,15.0,68.0,103700.0,539
2023-05-09 21:56:41,i2401-P-550,i2401-P-550,15.2,0.0,0.0,0.0,44,14.9,15.3,20,15.5,15.0,15.4,15.0,68.0,103700.0,539
2023-05-09 21:56:57,i2401-P-550,i2401-P-550,15.2,0.0,0.0,0.0,34,14.9,15.3,20,15.5,15.0,15.4,15.0,68.0,103700.0,539
2023-05-09 21:57:11,i2401-P-550,i2401-P-550,15.2,0.0,0.0,0.0,34,14.9,15.3,10,15.5,15.0,15.4,15.0,68.0,103700.0,539
2023-05-09 21:57:12,i2401-P-550,i2401-P-550,15.2,0.0,0.0,0.0,34,14.9,15.3,20,15.5,15.0,15.4,15.0,68.0,103700.0,539
2023-05-09 21:57:16,i2401-P-550,i2401-P-550,15.2,0.0,0.0,0.0,14,14.9,15.2,10,15.5,15.0,15.4,15.0,68.0,103700.0,539
2023-05-09 21:57:16,i2401-P-550,i2401-P-550,15.2,0.0,0.0,0.0,24,14.9,15.3,20,15.5,15.0,15.4,15.0,68.0,103700.0,539
2023-05-09 21:57:18,i2401-P-550,i2401-P-550,15.2,0.0,0.0,0.0,34,14.9,15.3,20,15.5,15.0,15.4,15.0,68.0,103700.0,539
2023-05-09 21:57:21,i2401-P-550,i2401-P-550,15.2,0.0,0.0,0.0,24,14.9,15.3,20,15.5,15.0,15.4,15.0,68.0,103700.0,539
2023-05-09 21:57:23,i2401-P-550,i2401-P-550,15.2,0.0,0.0,0.0,34,14.9,15.3,20,15.5,15.0,15.4,15.0,68.0,103700.0,539
2023-05-09 21:57:25,i2401-P-550,i2401-P-550,15.2,0.0,0.0,0.0,24,14.9,15.3,20,15.5,15.0,15.4,15.0,68.0,103700.0,539
2023-05-09 21:57:25,i2401-P-550,i2401-P-550,15.2,0.0,0.0,0.0,34,14.9,15.3,20,15.5,15.0,15.4,15.0,68.0,103700.0,539
2023-05-09 21:57:29,i2401-P-550,i2401-P-550,15.2,0.0,0.0,0.0,34,14.9,15.2,10,15.5,15.0,15.4,15.0,68.0,103700.0,539
2023-05-09 21:57:30,i2401-P-550,i2401-P-550,15.2,0.0,0.0,0.0,34,14.9,15.3,20,15.5,15.0,15.4,15.0,68.0,103700.0,539
2023-05-09 21:57:37,i2401-P-550,i2401-P-550,15.2,0.0,0.0,0.0,34,14.9,15.2,10,15.5,15.0,15.4,15.0,68.0,103700.0,539
2023-05-09 21:57:37,i2401-P-550,i2401-P-550,15.2,0.0,0.0,0.0,34,14.9,15.3,20,15.5,15.0,15.4,15.0,68.0,103700.0,539
2023-05-09 21:57:39,i2401-P-550,i2401-P-550,15.2,0.0,0.0,0.0,24,14.9,15.2,10,15.5,15.0,15.4,15.0,68.0,103700.0,539
2023-05-09 21:57:44,i2401-P-550,i2401-P-550,15.2,0.0,0.0,0.0,24,14.9,15.3,20,15.5,15.0,15.4,15.0,68.0,103700.0,539
2023-05-09 21:57:45,i2401-P-550,i2401-P-550,15.2,0.0,0.0,0.0,14,14.9,15.2,10,15.5,15.0,15.4,15.0,68.0,103700.0,539
2023-05-09 21:57:45,i2401-P-550,i2401-P-550,15.2,0.0,0.0,0.0,24,14.9,15.2,10,15.5,15.0,15.4,15.0,68.0,103700.0,539
2023-05-09 21:57:46,i2401-P-550,i2401-P-550,15.2,0.0,0.0,0.0,24,14.9,15.3,20,15.5,15.0,15.4,15.0,68.0,103700.0,539
2023-05-09 21:57:46,i2401-P-550,i2401-P-550,15.2,0.0,0.0,0.0,24,14.9,15.2,10,15.5,15.0,15.4,15.0,68.0,103700.0,539
2023-05-09 21:57:49,i2401-P-550,i2401-P-550,15.2,0.0,0.0,0.0,14,14.9,15.2,10,15.5,15.0,15.4,15.0,68.0,103700.0,539
2023-05-09 21:57:49,i2401-P-550,i2401-P-550,15.2,0.0,0.0,0.0,24,14.9,15.2,10,15.5,15.0,15.4,15.0,68.0,103700.0,539
2023-05-09 21:57:49,i2401-P-550,i2401-P-550,15.2,0.0,0.0,0.0,14,14.9,15.2,10,15.5,15.0,15.4,15.0,68.0,103700.0,539
2023-05-09 21:57:55,i2401-P-550,i2401-P-550,15.2,0.0,0.0,0.0,24,14.9,15.2,10,15.5,15.0,15.4,15.0,68.0,103700.0,539
2023-05-09 21:57:59,i2401-P-550,i2401-P-550,15.2,0.0,0.0,0.0,34,14.9,15.2,10,15.5,15.0,15.4,15.0,68.0,103700.0,539
2023-05-09 21:58:00,i2401-P-550,i2401-P-550,15.2,0.0,0.0,0.0,24,14.9,15.2,10,15.5,15.0,15.4,15.0,68.0,103700.0,539
2023-05-09 21:58:02,i2401-P-550,i2401-P-550,15.2,0.0,0.0,0.0,24,14.9,15.2,20,15.5,15.0,15.4,15.0,68.0,103700.0,539
2023-05-09 21:58:03,i2401-P-550,i2401-P-550,15.2,0.0,0.0,0.0,24,14.9,15.2,10,15.5,15.0,15.4,15.0,68.0,103700.0,539
2023-05-09 21:58:31,i2401-P-550,i2401-P-550,15.2,0.0,0.0,0.0,14,14.9,15.1,10,15.5,15.0,15.4,15.0,68.0,103700.0,539
2023-05-09 21:58:32,i2401-P-550,i2401-P-550,15.2,0.0,0.0,0.0,4,14.9,15.1,10,15.5,15.0,15.4,15.0,68.0,103700.0,539
2023-05-09 21:58:32,i2401-P-550,i2401-P-550,15.2,0.0,0.0,0.0,4,14.9,15.2,20,15.5,15.0,15.4,15.0,68.0,103700.0,539
2023-05-09 21:58:33,i2401-P-550,i2401-P-550,15.2,0.0,0.0,0.0,4,14.9,15.1,10,15.5,15.0,15.4,15.0,68.0,103700.0,539
2023-05-09 21:58:34,i2401-P-550,i2401-P-550,15.2,0.0,0.0,0.0,4,14.9,15.2,20,15.5,15.0,15.4,15.0,68.0,103700.0,539
2023-05-09 21:58:36,i2401-P-550,i2401-P-550,15.2,0.0,0.0,0.0,4,14.9,15.1,10,15.5,15.0,15.4,15.0,68.0,103700.0,539
2023-05-09 21:58:39,i2401-P-550,i2401-P-550,15.2,0.0,0.0,0.0,4,14.9,15.2,20,15.5,15.0,15.4,15.0,68.0,103700.0,539
2023-05-09 21:58:39,i2401-P-550,i2401-P-550,15.2,0.0,0.0,0.0,4,14.9,15.1,10,15.5,15.0,15.4,15.0,68.0,103700.0,539
2023-05-09 21:58:43,i2401-P-550,i2401-P-550,15.2,0.0,0.0,0.0,4,14.9,15.2,20,15.5,15.0,15.4,15.0,68.0,103700.0,539
2023-05-09 21:58:48,i2401-P-550,i2401-P-550,15.2,0.0,0.0,0.0,14,14.9,15.3,40,15.5,15.0,15.4,15.0,68.0,103700.0,539
2023-05-09 21:58:48,i2401-P-550,i2401-P-550,15.2,0.0,0.0,0.0,14,14.9,15.2,10,15.5,15.0,15.4,15.0,68.0,103700.0,539
2023-05-09 21:58:48,i2401-P-550,i2401-P-550,15.2,0.0,0.0,0.0,24,14.9,15.2,10,15.5,15.0,15.4,15.0,68.0,103700.0,539
2023-05-09 21:58:51,i2401-P-550,i2401-P-550,15.2,0.0,0.0,0.0,14,14.9,15.2,10,15.5,15.0,15.4,15.0,68.0,103700.0,539
2023-05-09 21:59:01,i2401-P-550,i2401-P-550,15.2,0.0,0.0,0.0,24,14.9,15.2,10,15.5,15.0,15.4,15.0,68.0,103700.0,539
2023-05-09 21:59:02,i2401-P-550,i2401-P-550,15.2,0.0,0.0,0.0,14,14.9,15.2,10,15.5,15.0,15.4,15.0,68.0,103700.0,539
2023-05-09 21:59:06,i2401-P-550,i2401-P-550,15.2,0.0,0.0,0.0,24,14.9,15.2,10,15.5,15.0,15.4,15.0,68.0,103700.0,539
2023-05-09 21:59:10,i2401-P-550,i2401-P-550,15.2,0.0,0.0,0.0,34,14.9,15.3,30,15.5,15.0,15.4,15.0,68.0,103700.0,539
2023-05-09 21:59:14,i2401-P-550,i2401-P-550,15.2,0.0,0.0,0.0,34,14.9,15.2,10,15.5,15.0,15.4,15.0,68.0,103700.0,539
2023-05-09 21:59:14,i2401-P-550,i2401-P-550,15.2,0.0,0.0,0.0,34,14.9,15.3,30,15.5,15.0,15.4,15.0,68.0,103700.0,539
2023-05-09 21:59:15,i2401-P-550,i2401-P-550,15.2,0.0,0.0,0.0,34,14.9,15.2,10,15.5,15.0,15.4,15.0,68.0,103700.0,539
2023-05-09 21:59:17,i2401-P-550,i2401-P-550,15.2,0.0,0.0,0.0,14,14.9,15.2,10,15.5,15.0,15.4,15.0,68.0,103700.0,539
2023-05-09 21:59:17,i2401-P-550,i2401-P-550,15.2,0.0,0.0,0.0,24,14.9,15.2,10,15.5,15.0,15.4,15.0,68.0,103700.0,539
2023-05-09 21:59:18,i2401-P-550,i2401-P-550,15.2,0.0,0.0,0.0,24,14.9,15.3,30,15.5,15.0,15.4,15.0,68.0,103700.0,539
2023-05-09 21:59:19,i2401-P-550,i2401-P-550,15.2,0.0,0.0,0.0,24,14.9,15.3,20,15.5,15.0,15.4,15.0,68.0,103700.0,539
2023-05-09 21:59:23,i2401-P-550,i2401-P-550,15.2,0.0,0.0,0.0,34,14.9,15.3,20,15.5,15.0,15.4,15.0,68.0,103700.0,539
2023-05-09 21:59:23,i2401-P-550,i2401-P-550,15.2,0.0,0.0,0.0,24,14.9,15.2,10,15.5,15.0,15.4,15.0,68.0,103700.0,539
2023-05-09 21:59:25,i2401-P-550,i2401-P-550,15.2,0.0,0.0,0.0,24,14.9,15.3,20,15.5,15.0,15.4,15.0,68.0,103700.0,539
2023-05-09 21:59:31,i2401-P-550,i2401-P-550,15.2,0.0,0.0,0.0,34,14.9,15.3,20,15.5,15.0,15.4,15.0,68.0,103700.0,539
2023-05-09 21:59:31,i2401-P-550,i2401-P-550,15.2,0.0,0.0,0.0,24,14.9,15.3,20,15.5,15.0,15.4,15.0,68.0,103700.0,539
2023-05-09 21:59:53,i2401-P-550,i2401-P-550,15.2,0.0,0.0,0.0,34,14.9,15.3,20,15.5,15.0,15.4,15.0,68.0,103700.0,539
2023-05-09 22:00:00,i2401-P-550,i2401-P-550,15.2,0.0,0.0,0.0,24,14.9,15.3,20,15.5,15.0,15.4,15.0,68.0,103700.0,539
2023-05-09 22:00:00,i2401-P-550,i2401-P-550,15.2,0.0,0.0,0.0,24,14.9,15.3,30,15.5,15.0,15.4,15.0,68.0,103700.0,539
2023-05-09 22:00:02,i2401-P-550,i2401-P-550,15.2,0.0,0.0,0.0,34,14.9,15.3,30,15.5,15.0,15.4,15.0,68.0,103700.0,539
2023-05-09 22:00:20,i2401-P-550,i2401-P-550,15.2,0.0,0.0,0.0,10,15.0,15.3,30,15.5,15.0,15.4,15.0,68.0,103700.0,539
2023-05-09 22:00:20,i2401-P-550,i2401-P-550,15.2,0.0,0.0,0.0,10,15.0,15.3,10,15.5,15.0,15.4,15.0,68.0,103700.0,539
2023-05-09 22:00:21,i2401-P-550,i2401-P-550,15.2,0.0,0.0,0.0,10,15.0,15.4,34,15.5,15.0,15.4,15.0,68.0,103700.0,539
2023-05-09 22:00:22,i2401-P-550,i2401-P-550,15.2,0.0,0.0,0.0,10,15.0,15.4,44,15.5,15.0,15.4,15.0,68.0,103700.0,539
2023-05-09 22:00:22,i2401-P-550,i2401-P-550,15.2,0.0,0.0,0.0,20,15.0,15.4,44,15.5,15.0,15.4,15.0,68.0,103700.0,539
2023-05-09 22:00:23,i2401-P-550,i2401-P-550,15.2,0.0,0.0,0.0,10,15.0,15.4,44,15.5,15.0,15.4,15.0,68.0,103700.0,539
2023-05-09 22:00:24,i2401-P-550,i2401-P-550,15.2,0.0,0.0,0.0,20,15.0,15.4,44,15.5,15.0,15.4,15.0,68.0,103700.0,539
2023-05-09 22:00:27,i2401-P-550,i2401-P-550,15.2,0.0,0.0,0.0,10,15.0,15.3,10,15.5,15.0,15.4,15.0,68.0,103700.0,539
2023-05-09 22:00:27,i2401-P-550,i2401-P-550,15.2,0.0,0.0,0.0,44,14.9,15.3,20,15.5,15.0,15.4,15.0,68.0,103700.0,539
2023-05-09 22:00:28,i2401-P-550,i2401-P-550,15.2,0.0,0.0,0.0,54,14.9,15.3,20,15.5,15.0,15.4,15.0,68.0,103700.0,539
2023-05-09 22:00:28,i2401-P-550,i2401-P-550,15.2,0.0,0.0,0.0,10,15.0,15.3,20,15.5,15.0,15.4,15.0,68.0,103700.0,539
2023-05-09 22:00:30,i2401-P-550,i2401-P-550,15.2,0.0,0.0,0.0,34,14.9,15.3,20,15.5,15.0,15.4,15.0,68.0,103700.0,539
2023-05-09 22:00:30,i2401-P-550,i2401-P-550,15.2,0.0,0.0,0.0,44,14.9,15.3,20,15.5,15.0,15.4,15.0,68.0,103700.0,539
2023-05-09 22:00:35,i2401-P-550,i2401-P-550,15.2,0.0,0.0,0.0,54,14.9,15.3,20,15.5,15.0,15.4,15.0,68.0,103700.0,539
2023-05-09 22:00:36,i2401-P-550,i2401-P-550,15.2,0.0,0.0,0.0,54,14.9,15.3,10,15.5,15.0,15.4,15.0,68.0,103700.0,539
2023-05-09 22:00:37,i2401-P-550,i2401-P-550,15.2,0.0,0.0,0.0,20,15.0,15.3,10,15.5,15.0,15.4,15.0,68.0,103700.0,539
2023-05-09 22:00:38,i2401-P-550,i2401-P-550,15.2,0.0,0.0,0.0,20,15.0,15.4,44,15.5,15.0,15.4,15.0,68.0,103700.0,539
2023-05-09 22:00:51,i2401-P-550,i2401-P-550,15.2,0.0,0.0,0.0,30,15.0,15.4,34,15.5,15.0,15.4,15.0,68.0,103700.0,539
2023-05-09 22:01:03,i2401-P-550,i2401-P-550,15.2,0.0,0.0,0.0,30,15.0,15.3,10,15.5,15.0,15.4,15.0,68.0,103700.0,539
2023-05-09 22:01:06,i2401-P-550,i2401-P-550,15.2,0.0,0.0,0.0,20,15.0,15.3,10,15.5,15.0,15.4,15.0,68.0,103700.0,539
2023-05-09 22:01:09,i2401-P-550,i2401-P-550,15.2,0.0,0.0,0.0,30,15.0,15.3,10,15.5,15.0,15.4,15.0,68.0,103700.0,539
2023-05-09 22:01:09,i2401-P-550,i2401-P-550,15.2,0.0,0.0,0.0,30,15.0,15.4,30,15.5,15.0,15.4,15.0,68.0,103700.0,539
2023-05-09 22:01:10,i2401-P-550,i2401-P-550,15.2,0.0,0.0,0.0,20,15.0,15.4,30,15.5,15.0,15.4,15.0,68.0,103700.0,539
2023-05-09 22:01:21,i2401-P-550,i2401-P-550,15.2,0.0,0.0,0.0,20,15.0,15.3,20,15.5,15.0,15.4,15.0,68.0,103700.0,539
2023-05-09 22:01:22,i2401-P-550,i2401-P-550,15.2,0.0,0.0,0.0,20,15.0,15.3,10,15.5,15.0,15.4,15.0,68.0,103700.0,539
2023-05-09 22:01:23,i2401-P-550,i2401-P-550,15.2,0.0,0.0,0.0,20,15.0,15.3,20,15.5,15.0,15.4,15.0,68.0,103700.0,539
2023-05-09 22:01:23,i2401-P-550,i2401-P-550,15.2,0.0,0.0,0.0,20,15.0,15.3,10,15.5,15.0,15.4,15.0,68.0,103700.0,539
2023-05-09 22:01:24,i2401-P-550,i2401-P-550,15.2,0.0,0.0,0.0,20,15.0,15.3,20,15.5,15.0,15.4,15.0,68.0,103700.0,539
2023-05-09 22:01:29,i2401-P-550,i2401-P-550,15.2,0.0,0.0,0.0,10,15.0,15.3,20,15.5,15.0,15.4,15.0,68.0,103700.0,539
2023-05-09 22:01:29,i2401-P-550,i2401-P-550,15.2,0.0,0.0,0.0,20,15.0,15.3,20,15.5,15.0,15.4,15.0,68.0,103700.0,539
2023-05-09 22:01:30,i2401-P-550,i2401-P-550,15.2,0.0,0.0,0.0,20,15.0,15.3,10,15.5,15.0,15.4,15.0,68.0,103700.0,539
2023-05-09 22:01:31,i2401-P-550,i2401-P-550,15.2,0.0,0.0,0.0,20,15.0,15.4,30,15.5,15.0,15.4,15.0,68.0,103700.0,539
2023-05-09 22:01:36,i2401-P-550,i2401-P-550,15.2,0.0,0.0,0.0,10,15.1,15.4,30,15.5,15.0,15.4,15.0,68.0,103700.0,539
2023-05-09 22:01:37,i2401-P-550,i2401-P-550,15.2,0.0,0.0,0.0,20,15.0,15.4,30,15.5,15.0,15.4,15.0,68.0,103700.0,539
2023-05-09 22:02:04,i2401-P-550,i2401-P-550,15.2,0.0,0.0,0.0,30,15.0,15.4,20,15.5,15.0,15.4,15.0,68.0,103700.0,539
2023-05-09 22:02:04,i2401-P-550,i2401-P-550,15.2,0.0,0.0,0.0,20,15.0,15.4,20,15.5,15.0,15.4,15.0,68.0,103700.0,539
2023-05-09 22:02:06,i2401-P-550,i2401-P-550,15.2,0.0,0.0,0.0,10,15.1,15.4,20,15.5,15.0,15.4,15.0,68.0,103700.0,539
2023-05-09 22:02:07,i2401-P-550,i2401-P-550,15.2,0.0,0.0,0.0,20,15.0,15.4,20,15.5,15.0,15.4,15.0,68.0,103700.0,539
2023-05-09 22:02:16,i2401-P-550,i2401-P-550,15.2,0.0,0.0,0.0,10,15.0,15.4,10,15.5,15.0,15.4,15.0,68.0,103700.0,539
2023-05-09 22:03:30,i2401-P-550,i2401-P-550,15.2,0.0,0.0,0.0,20,15.0,15.4,10,15.5,15.0,15.4,15.0,68.0,103700.0,539
2023-05-09 22:03:31,i2401-P-550,i2401-P-550,15.2,0.0,0.0,0.0,10,15.0,15.4,10,15.5,15.0,15.4,15.0,68.0,103700.0,539
2023-05-09 22:03:35,i2401-P-550,i2401-P-550,15.2,0.0,0.0,0.0,20,15.0,15.4,10,15.5,15.0,15.4,15.0,68.0,103700.0,539
2023-05-09 22:03:37,i2401-P-550,i2401-P-550,15.2,0.0,0.0,0.0,30,15.0,15.3,10,15.5,15.0,15.4,15.0,68.0,103700.0,539
2023-05-09 22:03:37,i2401-P-550,i2401-P-550,15.2,0.0,0.0,0.0,30,15.0,15.4,20,15.5,15.0,15.4,15.0,68.0,103700.0,539
2023-05-09 22:03:38,i2401-P-550,i2401-P-550,15.2,0.0,0.0,0.0,30,15.0,15.3,10,15.5,15.0,15.4,15.0,68.0,103700.0,539
2023-05-09 22:03:40,i2401-P-550,i2401-P-550,15.2,0.0,0.0,0.0,20,15.0,15.3,10,15.5,15.0,15.4,15.0,68.0,103700.0,539
2023-05-09 22:03:40,i2401-P-550,i2401-P-550,15.2,0.0,0.0,0.0,20,15.0,15.4,20,15.5,15.0,15.4,15.0,68.0,103700.0,539
2023-05-09 22:03:41,i2401-P-550,i2401-P-550,15.2,0.0,0.0,0.0,20,15.0,15.3,10,15.5,15.0,15.4,15.0,68.0,103700.0,539
2023-05-09 22:03:42,i2401-P-550,i2401-P-550,15.2,0.0,0.0,0.0,20,15.0,15.4,20,15.5,15.0,15.4,15.0,68.0,103700.0,539
2023-05-09 22:03:43,i2401-P-550,i2401-P-550,15.2,0.0,0.0,0.0,30,15.0,15.4,20,15.5,15.0,15.4,15.0,68.0,103700.0,539
2023-05-09 22:03:46,i2401-P-550,i2401-P-550,15.2,0.0,0.0,0.0,30,15.0,15.3,10,15.5,15.0,15.4,15.0,68.0,103700.0,539
2023-05-09 22:03:46,i2401-P-550,i2401-P-550,15.2,0.0,0.0,0.0,20,15.0,15.3,10,15.5,15.0,15.4,15.0,68.0,103700.0,539
2023-05-09 22:03:50,i2401-P-550,i2401-P-550,15.2,0.0,0.0,0.0,10,15.0,15.3,10,15.5,15.0,15.4,15.0,68.0,103700.0,539
2023-05-09 22:03:56,i2401-P-550,i2401-P-550,15.2,0.0,0.0,0.0,20,15.0,15.3,10,15.5,15.0,15.4,15.0,68.0,103700.0,539
2023-05-09 22:03:57,i2401-P-550,i2401-P-550,15.2,0.0,0.0,0.0,30,15.0,15.3,10,15.5,15.0,15.4,15.0,68.0,103700.0,539
2023-05-09 22:03:58,i2401-P-550,i2401-P-550,15.2,0.0,0.0,0.0,20,15.0,15.3,10,15.5,15.0,15.4,15.0,68.0,103700.0,539
2023-05-09 22:03:58,i2401-P-550,i2401-P-550,15.2,0.0,0.0,0.0,10,15.0,15.3,10,15.5,15.0,15.4,15.0,68.0,103700.0,539
2023-05-09 22:04:09,i2401-P-550,i2401-P-550,15.2,0.0,0.0,0.0,10,15.0,15.2,10,15.5,15.0,15.4,15.0,68.0,103700.0,539
2023-05-09 22:04:10,i2401-P-550,i2401-P-550,15.2,0.0,0.0,0.0,10,15.0,15.3,10,15.5,15.0,15.4,15.0,68.0,103700.0,539
2023-05-09 22:04:14,i2401-P-550,i2401-P-550,15.2,0.0,0.0,0.0,20,15.0,15.3,10,15.5,15.0,15.4,15.0,68.0,103700.0,539
2023-05-09 22:05:14,i2401-P-550,i2401-P-550,15.2,0.0,0.0,0.0,20,15.0,15.3,20,15.5,15.0,15.4,15.0,68.0,103700.0,539
2023-05-09 22:05:20,i2401-P-550,i2401-P-550,15.2,0.0,0.0,0.0,10,15.0,15.3,10,15.5,15.0,15.4,15.0,68.0,103700.0,539
2023-05-09 22:05:34,i2401-P-550,i2401-P-550,15.2,0.0,0.0,0.0,24,14.9,15.3,10,15.5,15.0,15.4,15.0,68.0,103700.0,539
2023-05-09 22:05:57,i2401-P-550,i2401-P-550,15.2,0.0,0.0,0.0,34,14.9,15.3,10,15.5,15.0,15.4,15.0,68.0,103700.0,539
2023-05-09 22:06:03,i2401-P-550,i2401-P-550,15.2,0.0,0.0,0.0,44,14.9,15.3,20,15.5,15.0,15.4,15.0,68.0,103700.0,539
2023-05-09 22:06:16,i2401-P-550,i2401-P-550,15.2,0.0,0.0,0.0,10,15.0,15.3,20,15.5,15.0,15.4,15.0,68.0,103700.0,539
2023-05-09 22:06:17,i2401-P-550,i2401-P-550,15.2,0.0,0.0,0.0,20,15.0,15.3,10,15.5,15.0,15.4,15.0,68.0,103700.0,539
2023-05-09 22:06:19,i2401-P-550,i2401-P-550,15.2,0.0,0.0,0.0,20,15.0,15.3,20,15.5,15.0,15.4,15.0,68.0,103700.0,539
2023-05-09 22:06:22,i2401-P-550,i2401-P-550,15.2,0.0,0.0,0.0,20,15.0,15.3,10,15.5,15.0,15.4,15.0,68.0,103700.0,539
2023-05-09 22:06:24,i2401-P-550,i2401-P-550,15.2,0.0,0.0,0.0,44,14.9,15.3,20,15.5,15.0,15.4,15.0,68.0,103700.0,539
2023-05-09 22:06:25,i2401-P-550,i2401-P-550,15.2,0.0,0.0,0.0,10,15.0,15.3,20,15.5,15.0,15.4,15.0,68.0,103700.0,539
2023-05-09 22:06:27,i2401-P-550,i2401-P-550,15.2,0.0,0.0,0.0,20,15.0,15.3,20,15.5,15.0,15.4,15.0,68.0,103700.0,539
2023-05-09 22:06:28,i2401-P-550,i2401-P-550,15.2,0.0,0.0,0.0,10,15.0,15.3,20,15.5,15.0,15.4,15.0,68.0,103700.0,539
2023-05-09 22:06:30,i2401-P-550,i2401-P-550,15.2,0.0,0.0,0.0,20,15.0,15.3,20,15.5,15.0,15.4,15.0,68.0,103700.0,539
2023-05-09 22:06:31,i2401-P-550,i2401-P-550,15.2,0.0,0.0,0.0,20,15.0,15.4,40,15.5,15.0,15.4,15.0,68.0,103700.0,539
2023-05-09 22:06:32,i2401-P-550,i2401-P-550,15.2,0.0,0.0,0.0,10,15.0,15.3,20,15.5,15.0,15.4,15.0,68.0,103700.0,539
2023-05-09 22:06:33,i2401-P-550,i2401-P-550,15.2,0.0,0.0,0.0,44,14.9,15.3,20,15.5,15.0,15.4,15.0,68.0,103700.0,539
2023-05-09 22:06:36,i2401-P-550,i2401-P-550,15.2,0.0,0.0,0.0,10,15.0,15.3,20,15.5,15.0,15.4,15.0,68.0,103700.0,539
2023-05-09 22:06:36,i2401-P-550,i2401-P-550,15.2,0.0,0.0,0.0,20,15.0,15.3,20,15.5,15.0,15.4,15.0,68.0,103700.0,539
2023-05-09 22:06:39,i2401-P-550,i2401-P-550,15.2,0.0,0.0,0.0,20,15.0,15.3,10,15.5,15.0,15.4,15.0,68.0,103700.0,539
2023-05-09 22:06:40,i2401-P-550,i2401-P-550,15.2,0.0,0.0,0.0,20,15.0,15.4,40,15.5,15.0,15.4,15.0,68.0,103700.0,539
2023-05-09 22:07:28,i2401-P-550,i2401-P-550,15.2,0.0,0.0,0.0,30,15.0,15.4,30,15.5,15.0,15.4,15.0,68.0,103700.0,539
2023-05-09 22:07:29,i2401-P-550,i2401-P-550,15.2,0.0,0.0,0.0,20,15.0,15.3,10,15.5,15.0,15.4,15.0,68.0,103700.0,539
2023-05-09 22:07:29,i2401-P-550,i2401-P-550,15.2,0.0,0.0,0.0,20,15.0,15.4,30,15.5,15.0,15.4,15.0,68.0,103700.0,539
2023-05-09 22:07:48,i2401-P-550,i2401-P-550,15.2,0.0,0.0,0.0,20,15.0,15.4,40,15.5,15.0,15.4,15.0,68.0,103700.0,539
2023-05-09 22:08:08,i2401-P-550,i2401-P-550,15.2,0.0,0.0,0.0,30,15.0,15.4,30,15.5,15.0,15.4,15.0,68.0,103700.0,539
2023-05-09 22:08:29,i2401-P-550,i2401-P-550,15.2,0.0,0.0,0.0,30,15.0,15.3,10,15.5,15.0,15.4,15.0,68.0,103700.0,539
2023-05-09 22:08:32,i2401-P-550,i2401-P-550,15.2,0.0,0.0,0.0,30,15.0,15.4,20,15.5,15.0,15.4,15.0,68.0,103700.0,539
2023-05-09 22:08:36,i2401-P-550,i2401-P-550,15.2,0.0,0.0,0.0,30,15.0,15.4,10,15.5,15.0,15.4,15.0,68.0,103700.0,539
2023-05-09 22:09:31,i2401-P-550,i2401-P-550,15.2,0.0,0.0,0.0,20,15.0,15.4,10,15.5,15.0,15.4,15.0,68.0,103700.0,539
2023-05-09 22:09:40,i2401-P-550,i2401-P-550,15.2,0.0,0.0,0.0,20,15.0,15.3,10,15.5,15.0,15.4,15.0,68.0,103700.0,539
2023-05-09 22:09:42,i2401-P-550,i2401-P-550,15.2,0.0,0.0,0.0,20,15.0,15.4,10,15.5,15.0,15.4,15.0,68.0,103700.0,539
2023-05-09 22:10:37,i2401-P-550,i2401-P-550,15.2,0.0,0.0,0.0,30,15.0,15.4,10,15.5,15.0,15.4,15.0,68.0,103700.0,539
2023-05-09 22:11:15,i2401-P-550,i2401-P-550,15.2,0.0,0.0,0.0,20,15.1,15.4,10,15.5,15.0,15.4,15.0,68.0,103700.0,539
2023-05-09 22:11:15,i2401-P-550,i2401-P-550,15.2,0.0,0.0,0.0,30,15.1,15.4,10,15.5,15.0,15.4,15.0,68.0,103700.0,539
2023-05-09 22:11:18,i2401-P-550,i2401-P-550,15.2,0.0,0.0,0.0,30,15.1,15.5,10,15.5,15.0,15.4,15.0,68.0,103700.0,539
2023-05-09 22:11:19,i2401-P-550,i2401-P-550,15.2,0.0,0.0,0.0,30,15.1,15.4,10,15.5,15.0,15.4,15.0,68.0,103700.0,539
2023-05-09 22:11:19,i2401-P-550,i2401-P-550,15.2,0.0,0.0,0.0,20,15.1,15.4,10,15.5,15.0,15.4,15.0,68.0,103700.0,539
2023-05-09 22:11:20,i2401-P-550,i2401-P-550,15.2,0.0,0.0,0.0,10,15.1,15.4,10,15.5,15.0,15.4,15.0,68.0,103700.0,539
2023-05-09 22:11:21,i2401-P-550,i2401-P-550,15.2,0.0,0.0,0.0,20,15.1,15.4,10,15.5,15.0,15.4,15.0,68.0,103700.0,539
2023-05-09 22:11:26,i2401-P-550,i2401-P-550,15.2,0.0,0.0,0.0,20,15.1,15.5,10,15.5,15.0,15.4,15.0,68.0,103700.0,539
2023-05-09 22:11:26,i2401-P-550,i2401-P-550,15.2,0.0,0.0,0.0,20,15.1,15.4,10,15.5,15.0,15.4,15.0,68.0,103700.0,539
2023-05-09 22:11:27,i2401-P-550,i2401-P-550,15.2,0.0,0.0,0.0,20,15.1,15.5,10,15.5,15.0,15.4,15.0,68.0,103700.0,539
2023-05-09 22:11:29,i2401-P-550,i2401-P-550,15.2,0.0,0.0,0.0,20,15.1,15.4,10,15.5,15.0,15.4,15.0,68.0,103700.0,539
2023-05-09 22:11:35,i2401-P-550,i2401-P-550,15.2,0.0,0.0,0.0,20,15.1,15.5,10,15.5,15.0,15.4,15.0,68.0,103700.0,539
2023-05-09 22:12:34,i2401-P-550,i2401-P-550,15.2,0.0,0.0,0.0,10,15.1,15.4,10,15.5,15.0,15.4,15.0,68.0,103700.0,539
2023-05-09 22:12:34,i2401-P-550,i2401-P-550,15.2,0.0,0.0,0.0,10,15.1,15.5,10,15.5,15.0,15.4,15.0,68.0,103700.0,539
2023-05-09 22:12:35,i2401-P-550,i2401-P-550,15.2,0.0,0.0,0.0,20,15.1,15.5,10,15.5,15.0,15.4,15.0,68.0,103700.0,539
2023-05-09 22:12:39,i2401-P-550,i2401-P-550,15.2,0.0,0.0,0.0,10,15.1,15.5,10,15.5,15.0,15.4,15.0,68.0,103700.0,539
2023-05-09 22:12:44,i2401-P-550,i2401-P-550,15.2,0.0,0.0,0.0,10,15.1,15.4,10,15.5,15.0,15.4,15.0,68.0,103700.0,539
2023-05-09 22:12:44,i2401-P-550,i2401-P-550,15.2,0.0,0.0,0.0,10,15.1,15.5,10,15.5,15.0,15.4,15.0,68.0,103700.0,539
2023-05-09 22:12:49,i2401-P-550,i2401-P-550,15.2,0.0,0.0,0.0,10,15.2,15.5,10,15.5,15.0,15.4,15.0,68.0,103700.0,539
2023-05-09 22:13:02,i2401-P-550,i2401-P-550,15.2,0.0,0.0,0.0,10,15.2,15.6,30,15.5,15.0,15.4,15.0,68.0,103700.0,539
2023-05-09 22:13:18,i2401-P-550,i2401-P-550,15.2,0.0,0.0,0.0,20,15.2,15.6,30,15.5,15.0,15.4,15.0,68.0,103700.0,539
2023-05-09 22:13:19,i2401-P-550,i2401-P-550,15.2,0.0,0.0,0.0,30,15.2,15.6,20,15.5,15.0,15.4,15.0,68.0,103700.0,539
2023-05-09 22:13:26,i2401-P-550,i2401-P-550,15.2,0.0,0.0,0.0,20,15.2,15.6,20,15.5,15.0,15.4,15.0,68.0,103700.0,539
2023-05-09 22:13:31,i2401-P-550,i2401-P-550,15.2,0.0,0.0,0.0,20,15.2,15.5,10,15.5,15.0,15.4,15.0,68.0,103700.0,539
2023-05-09 22:13:31,i2401-P-550,i2401-P-550,15.2,0.0,0.0,0.0,20,15.2,15.6,20,15.5,15.0,15.4,15.0,68.0,103700.0,539
2023-05-09 22:13:40,i2401-P-550,i2401-P-550,15.2,0.0,0.0,0.0,20,15.2,15.5,10,15.5,15.0,15.4,15.0,68.0,103700.0,539
2023-05-09 22:13:43,i2401-P-550,i2401-P-550,15.2,0.0,0.0,0.0,20,15.2,15.6,20,15.5,15.0,15.4,15.0,68.0,103700.0,539
2023-05-09 22:13:46,i2401-P-550,i2401-P-550,15.2,0.0,0.0,0.0,20,15.2,15.5,10,15.5,15.0,15.4,15.0,68.0,103700.0,539
2023-05-09 22:13:48,i2401-P-550,i2401-P-550,15.2,0.0,0.0,0.0,20,15.2,15.6,20,15.5,15.0,15.4,15.0,68.0,103700.0,539
2023-05-09 22:13:48,i2401-P-550,i2401-P-550,15.2,0.0,0.0,0.0,20,15.2,15.5,10,15.5,15.0,15.4,15.0,68.0,103700.0,539
2023-05-09 22:13:50,i2401-P-550,i2401-P-550,15.2,0.0,0.0,0.0,30,15.1,15.5,10,15.5,15.0,15.4,15.0,68.0,103700.0,539
2023-05-09 22:13:57,i2401-P-550,i2401-P-550,15.2,0.0,0.0,0.0,20,15.2,15.5,10,15.5,15.0,15.4,15.0,68.0,103700.0,539
2023-05-09 22:14:00,i2401-P-550,i2401-P-550,15.2,0.0,0.0,0.0,10,15.2,15.5,10,15.5,15.0,15.4,15.0,68.0,103700.0,539
2023-05-09 22:14:00,i2401-P-550,i2401-P-550,15.2,0.0,0.0,0.0,30,15.1,15.5,10,15.5,15.0,15.4,15.0,68.0,103700.0,539
2023-05-09 22:14:36,i2401-P-550,i2401-P-550,15.2,0.0,0.0,0.0,20,15.1,15.5,10,15.5,15.0,15.4,15.0,68.0,103700.0,539
2023-05-09 22:14:38,i2401-P-550,i2401-P-550,15.2,0.0,0.0,0.0,30,15.1,15.5,10,15.5,15.0,15.4,15.0,68.0,103700.0,539
2023-05-09 22:14:59,i2401-P-550,i2401-P-550,15.2,0.0,0.0,0.0,10,15.1,15.5,10,15.5,15.0,15.4,15.0,68.0,103700.0,539
2023-05-09 22:15:01,i2401-P-550,i2401-P-550,15.2,0.0,0.0,0.0,20,15.1,15.5,10,15.5,15.0,15.4,15.0,68.0,103700.0,539
2023-05-09 22:15:06,i2401-P-550,i2401-P-550,15.2,0.0,0.0,0.0,10,15.2,15.5,10,15.5,15.0,15.4,15.0,68.0,103700.0,539
2023-05-09 22:15:09,i2401-P-550,i2401-P-550,15.2,0.0,0.0,0.0,10,15.2,15.6,30,15.5,15.0,15.4,15.0,68.0,103700.0,539
2023-05-09 22:15:10,i2401-P-550,i2401-P-550,15.2,0.0,0.0,0.0,20,15.2,15.6,30,15.5,15.0,15.4,15.0,68.0,103700.0,539
2023-05-09 22:15:38,i2401-P-550,i2401-P-550,15.2,0.0,0.0,0.0,40,15.2,15.6,10,15.5,15.0,15.4,15.0,68.0,103700.0,539
2023-05-09 22:15:38,i2401-P-550,i2401-P-550,15.2,0.0,0.0,0.0,30,15.2,15.6,10,15.5,15.0,15.4,15.0,68.0,103700.0,539
2023-05-09 22:15:42,i2401-P-550,i2401-P-550,15.2,0.0,0.0,0.0,20,15.2,15.6,10,15.5,15.0,15.4,15.0,68.0,103700.0,539
2023-05-09 22:15:44,i2401-P-550,i2401-P-550,15.2,0.0,0.0,0.0,30,15.2,15.6,10,15.5,15.0,15.4,15.0,68.0,103700.0,539
2023-05-09 22:15:55,i2401-P-550,i2401-P-550,15.2,0.0,0.0,0.0,30,15.2,15.5,10,15.5,15.0,15.4,15.0,68.0,103700.0,539
2023-05-09 22:15:56,i2401-P-550,i2401-P-550,15.2,0.0,0.0,0.0,30,15.2,15.6,10,15.5,15.0,15.4,15.0,68.0,103700.0,539
2023-05-09 22:15:58,i2401-P-550,i2401-P-550,15.2,0.0,0.0,0.0,30,15.2,15.5,10,15.5,15.0,15.4,15.0,68.0,103700.0,539
2023-05-09 22:15:59,i2401-P-550,i2401-P-550,15.2,0.0,0.0,0.0,30,15.2,15.6,10,15.5,15.0,15.4,15.0,68.0,103700.0,539
