time,symbol_id,symbol_name,last,trade_volume,trade_amount,open_interest_change,bv1,bp1,ap1,av1,yesterday_close,today_open,today_high,today_low,volume,amount,open_interest
2023-05-09 20:56:49,i2401-P-620,i2401-P-620,33.7,0.0,0.0,0.0,1,20.0,0.0,0,33.7,34.0,0.0,0.0,0.0,0.0,348
2023-05-09 21:00:02,i2401-P-620,i2401-P-620,33.7,0.0,0.0,0.0,20,20.1,47.5,20,33.7,34.0,0.0,0.0,0.0,0.0,348
2023-05-09 21:00:03,i2401-P-620,i2401-P-620,33.7,0.0,0.0,0.0,1,24.0,43.6,1,33.7,34.0,0.0,0.0,0.0,0.0,348
2023-05-09 21:00:03,i2401-P-620,i2401-P-620,33.7,0.0,0.0,0.0,20,24.1,43.5,20,33.7,34.0,0.0,0.0,0.0,0.0,348
2023-05-09 21:00:05,i2401-P-620,i2401-P-620,33.7,0.0,0.0,0.0,1,28.0,39.6,1,33.7,34.0,0.0,0.0,0.0,0.0,348
2023-05-09 21:00:06,i2401-P-620,i2401-P-620,33.7,0.0,0.0,0.0,20,28.1,39.5,20,33.7,34.0,0.0,0.0,0.0,0.0,348
2023-05-09 21:00:08,i2401-P-620,i2401-P-620,33.7,0.0,0.0,0.0,1,32.0,35.6,1,33.7,34.0,0.0,0.0,0.0,0.0,348
2023-05-09 21:00:08,i2401-P-620,i2401-P-620,33.7,0.0,0.0,0.0,20,32.1,35.6,21,33.7,34.0,0.0,0.0,0.0,0.0,348
2023-05-09 21:00:09,i2401-P-620,i2401-P-620,33.7,0.0,0.0,0.0,1,33.1,34.7,1,33.7,34.0,0.0,0.0,0.0,0.0,348
2023-05-09 21:00:14,i2401-P-620,i2401-P-620,33.7,0.0,0.0,0.0,20,20.1,34.7,1,33.7,34.0,0.0,0.0,0.0,0.0,348
2023-05-09 21:00:15,i2401-P-620,i2401-P-620,33.7,0.0,0.0,0.0,1,24.0,34.7,1,33.7,34.0,0.0,0.0,0.0,0.0,348
2023-05-09 21:00:15,i2401-P-620,i2401-P-620,33.7,0.0,0.0,0.0,20,24.1,34.7,1,33.7,34.0,0.0,0.0,0.0,0.0,348
2023-05-09 21:00:16,i2401-P-620,i2401-P-620,33.7,0.0,0.0,0.0,1,28.0,34.7,1,33.7,34.0,0.0,0.0,0.0,0.0,348
2023-05-09 21:00:16,i2401-P-620,i2401-P-620,33.7,0.0,0.0,0.0,20,28.1,34.7,1,33.7,34.0,0.0,0.0,0.0,0.0,348
2023-05-09 21:00:17,i2401-P-620,i2401-P-620,33.7,0.0,0.0,0.0,1,32.0,34.7,1,33.7,34.0,0.0,0.0,0.0,0.0,348
2023-05-09 21:00:17,i2401-P-620,i2401-P-620,33.7,0.0,0.0,0.0,21,32.0,34.7,1,33.7,34.0,0.0,0.0,0.0,0.0,348
2023-05-09 21:00:18,i2401-P-620,i2401-P-620,33.7,0.0,0.0,0.0,1,33.1,34.7,1,33.7,34.0,0.0,0.0,0.0,0.0,348
2023-05-09 21:00:24,i2401-P-620,i2401-P-620,33.7,0.0,0.0,0.0,1,23.9,34.7,1,33.7,34.0,0.0,0.0,0.0,0.0,348
2023-05-09 21:00:25,i2401-P-620,i2401-P-620,33.7,0.0,0.0,0.0,1,27.9,34.7,1,33.7,34.0,0.0,0.0,0.0,0.0,348
2023-05-09 21:00:25,i2401-P-620,i2401-P-620,33.7,0.0,0.0,0.0,1,28.7,34.7,1,33.7,34.0,0.0,0.0,0.0,0.0,348
2023-05-09 21:00:26,i2401-P-620,i2401-P-620,33.7,0.0,0.0,0.0,1,32.6,34.7,1,33.7,34.0,0.0,0.0,0.0,0.0,348
2023-05-09 21:00:32,i2401-P-620,i2401-P-620,33.7,0.0,0.0,0.0,20,24.0,34.7,1,33.7,34.0,0.0,0.0,0.0,0.0,348
2023-05-09 21:00:33,i2401-P-620,i2401-P-620,33.7,0.0,0.0,0.0,1,27.9,34.7,1,33.7,34.0,0.0,0.0,0.0,0.0,348
2023-05-09 21:00:33,i2401-P-620,i2401-P-620,33.7,0.0,0.0,0.0,1,31.9,34.7,1,33.7,34.0,0.0,0.0,0.0,0.0,348
2023-05-09 21:00:34,i2401-P-620,i2401-P-620,33.7,0.0,0.0,0.0,20,32.0,34.7,1,33.7,34.0,0.0,0.0,0.0,0.0,348
2023-05-09 21:00:34,i2401-P-620,i2401-P-620,33.7,0.0,0.0,0.0,1,33.4,34.7,1,33.7,34.0,0.0,0.0,0.0,0.0,348
2023-05-09 21:00:38,i2401-P-620,i2401-P-620,33.7,0.0,0.0,0.0,1,33.4,35.4,1,33.7,34.0,0.0,0.0,0.0,0.0,348
2023-05-09 21:00:40,i2401-P-620,i2401-P-620,33.7,0.0,0.0,0.0,20,24.0,35.4,1,33.7,34.0,0.0,0.0,0.0,0.0,348
2023-05-09 21:00:40,i2401-P-620,i2401-P-620,33.7,0.0,0.0,0.0,1,27.9,35.4,1,33.7,34.0,0.0,0.0,0.0,0.0,348
2023-05-09 21:00:41,i2401-P-620,i2401-P-620,33.7,0.0,0.0,0.0,20,28.0,35.4,1,33.7,34.0,0.0,0.0,0.0,0.0,348
2023-05-09 21:00:41,i2401-P-620,i2401-P-620,33.7,0.0,0.0,0.0,1,31.9,35.4,1,33.7,34.0,0.0,0.0,0.0,0.0,348
2023-05-09 21:00:42,i2401-P-620,i2401-P-620,33.7,0.0,0.0,0.0,1,33.5,35.4,1,33.7,34.0,0.0,0.0,0.0,0.0,348
2023-05-09 21:00:48,i2401-P-620,i2401-P-620,33.7,0.0,0.0,0.0,20,24.0,35.4,1,33.7,34.0,0.0,0.0,0.0,0.0,348
2023-05-09 21:00:49,i2401-P-620,i2401-P-620,33.7,0.0,0.0,0.0,1,27.9,35.4,1,33.7,34.0,0.0,0.0,0.0,0.0,348
2023-05-09 21:00:49,i2401-P-620,i2401-P-620,33.7,0.0,0.0,0.0,1,31.9,35.4,1,33.7,34.0,0.0,0.0,0.0,0.0,348
2023-05-09 21:00:50,i2401-P-620,i2401-P-620,33.7,0.0,0.0,0.0,20,32.0,35.4,1,33.7,34.0,0.0,0.0,0.0,0.0,348
2023-05-09 21:00:50,i2401-P-620,i2401-P-620,33.7,0.0,0.0,0.0,1,33.6,35.4,1,33.7,34.0,0.0,0.0,0.0,0.0,348
2023-05-09 21:00:56,i2401-P-620,i2401-P-620,33.7,0.0,0.0,0.0,10,33.5,34.5,10,33.7,34.0,0.0,0.0,0.0,0.0,348
2023-05-09 21:00:56,i2401-P-620,i2401-P-620,33.7,0.0,0.0,0.0,11,33.5,34.5,10,33.7,34.0,0.0,0.0,0.0,0.0,348
2023-05-09 21:01:00,i2401-P-620,i2401-P-620,33.7,0.0,0.0,0.0,10,33.6,34.7,10,33.7,34.0,0.0,0.0,0.0,0.0,348
2023-05-09 21:01:10,i2401-P-620,i2401-P-620,33.7,0.0,0.0,0.0,10,33.8,34.8,20,33.7,34.0,0.0,0.0,0.0,0.0,348
2023-05-09 21:01:10,i2401-P-620,i2401-P-620,33.7,0.0,0.0,0.0,10,33.8,34.8,10,33.7,34.0,0.0,0.0,0.0,0.0,348
2023-05-09 21:01:15,i2401-P-620,i2401-P-620,33.7,0.0,0.0,0.0,1,33.9,34.8,10,33.7,34.0,0.0,0.0,0.0,0.0,348
2023-05-09 21:01:17,i2401-P-620,i2401-P-620,33.7,0.0,0.0,0.0,10,34.0,35.0,10,33.7,34.0,0.0,0.0,0.0,0.0,348
2023-05-09 21:01:28,i2401-P-620,i2401-P-620,33.7,0.0,0.0,0.0,20,34.0,35.0,20,33.7,34.0,0.0,0.0,0.0,0.0,348
2023-05-09 21:01:29,i2401-P-620,i2401-P-620,33.7,0.0,0.0,0.0,10,34.2,35.0,10,33.7,34.0,0.0,0.0,0.0,0.0,348
2023-05-09 21:01:29,i2401-P-620,i2401-P-620,33.7,0.0,0.0,0.0,10,34.2,35.2,10,33.7,34.0,0.0,0.0,0.0,0.0,348
2023-05-09 21:01:30,i2401-P-620,i2401-P-620,33.7,0.0,0.0,0.0,1,34.4,35.2,10,33.7,34.0,0.0,0.0,0.0,0.0,348
2023-05-09 21:01:32,i2401-P-620,i2401-P-620,33.7,0.0,0.0,0.0,1,34.4,35.2,20,33.7,34.0,0.0,0.0,0.0,0.0,348
2023-05-09 21:02:14,i2401-P-620,i2401-P-620,33.7,0.0,0.0,0.0,10,34.2,35.0,10,33.7,34.0,0.0,0.0,0.0,0.0,348
2023-05-09 21:02:14,i2401-P-620,i2401-P-620,33.7,0.0,0.0,0.0,10,33.9,35.0,10,33.7,34.0,0.0,0.0,0.0,0.0,348
2023-05-09 21:02:16,i2401-P-620,i2401-P-620,33.7,0.0,0.0,0.0,20,33.9,35.0,20,33.7,34.0,0.0,0.0,0.0,0.0,348
2023-05-09 21:02:27,i2401-P-620,i2401-P-620,33.7,0.0,0.0,0.0,10,33.9,34.8,10,33.7,34.0,0.0,0.0,0.0,0.0,348
2023-05-09 21:02:28,i2401-P-620,i2401-P-620,33.7,0.0,0.0,0.0,21,33.8,34.8,20,33.7,34.0,0.0,0.0,0.0,0.0,348
2023-05-09 21:02:53,i2401-P-620,i2401-P-620,33.7,0.0,0.0,0.0,21,33.8,34.6,10,33.7,34.0,0.0,0.0,0.0,0.0,348
2023-05-09 21:02:56,i2401-P-620,i2401-P-620,33.7,0.0,0.0,0.0,31,33.8,34.6,10,33.7,34.0,0.0,0.0,0.0,0.0,348
2023-05-09 21:02:59,i2401-P-620,i2401-P-620,33.7,0.0,0.0,0.0,31,33.8,34.6,20,33.7,34.0,0.0,0.0,0.0,0.0,348
2023-05-09 21:03:02,i2401-P-620,i2401-P-620,33.7,0.0,0.0,0.0,10,34.0,34.8,20,33.7,34.0,0.0,0.0,0.0,0.0,348
2023-05-09 21:03:05,i2401-P-620,i2401-P-620,33.7,0.0,0.0,0.0,20,34.0,34.8,30,33.7,34.0,0.0,0.0,0.0,0.0,348
2023-05-09 21:03:16,i2401-P-620,i2401-P-620,33.7,0.0,0.0,0.0,10,34.0,34.6,10,33.7,34.0,0.0,0.0,0.0,0.0,348
2023-05-09 21:03:16,i2401-P-620,i2401-P-620,33.7,0.0,0.0,0.0,31,33.8,34.6,20,33.7,34.0,0.0,0.0,0.0,0.0,348
2023-05-09 21:03:21,i2401-P-620,i2401-P-620,33.7,0.0,0.0,0.0,21,33.8,34.6,30,33.7,34.0,0.0,0.0,0.0,0.0,348
2023-05-09 21:03:21,i2401-P-620,i2401-P-620,33.7,0.0,0.0,0.0,11,33.8,34.6,20,33.7,34.0,0.0,0.0,0.0,0.0,348
2023-05-09 21:03:25,i2401-P-620,i2401-P-620,33.7,0.0,0.0,0.0,1,33.8,34.4,10,33.7,34.0,0.0,0.0,0.0,0.0,348
2023-05-09 21:03:39,i2401-P-620,i2401-P-620,33.7,0.0,0.0,0.0,11,33.8,34.4,10,33.7,34.0,0.0,0.0,0.0,0.0,348
2023-05-09 21:03:40,i2401-P-620,i2401-P-620,33.7,0.0,0.0,0.0,21,33.8,34.6,30,33.7,34.0,0.0,0.0,0.0,0.0,348
2023-05-09 21:03:46,i2401-P-620,i2401-P-620,33.7,0.0,0.0,0.0,11,33.8,34.4,10,33.7,34.0,0.0,0.0,0.0,0.0,348
2023-05-09 21:03:46,i2401-P-620,i2401-P-620,33.7,0.0,0.0,0.0,11,33.8,34.4,20,33.7,34.0,0.0,0.0,0.0,0.0,348
2023-05-09 21:03:47,i2401-P-620,i2401-P-620,33.7,0.0,0.0,0.0,11,33.8,34.4,10,33.7,34.0,0.0,0.0,0.0,0.0,348
2023-05-09 21:03:53,i2401-P-620,i2401-P-620,33.7,0.0,0.0,0.0,21,33.8,34.6,30,33.7,34.0,0.0,0.0,0.0,0.0,348
2023-05-09 21:03:53,i2401-P-620,i2401-P-620,33.7,0.0,0.0,0.0,10,34.0,34.6,30,33.7,34.0,0.0,0.0,0.0,0.0,348
2023-05-09 21:03:57,i2401-P-620,i2401-P-620,33.7,0.0,0.0,0.0,20,34.0,34.6,20,33.7,34.0,0.0,0.0,0.0,0.0,348
2023-05-09 21:03:57,i2401-P-620,i2401-P-620,33.7,0.0,0.0,0.0,10,34.0,34.6,20,33.7,34.0,0.0,0.0,0.0,0.0,348
2023-05-09 21:03:58,i2401-P-620,i2401-P-620,33.7,0.0,0.0,0.0,10,34.0,34.6,10,33.7,34.0,0.0,0.0,0.0,0.0,348
2023-05-09 21:03:59,i2401-P-620,i2401-P-620,33.7,0.0,0.0,0.0,20,34.0,34.6,20,33.7,34.0,0.0,0.0,0.0,0.0,348
2023-05-09 21:04:05,i2401-P-620,i2401-P-620,33.7,0.0,0.0,0.0,30,34.0,34.8,20,33.7,34.0,0.0,0.0,0.0,0.0,348
2023-05-09 21:04:07,i2401-P-620,i2401-P-620,33.7,0.0,0.0,0.0,40,34.0,34.8,30,33.7,34.0,0.0,0.0,0.0,0.0,348
2023-05-09 21:04:11,i2401-P-620,i2401-P-620,33.7,0.0,0.0,0.0,30,34.0,34.6,20,33.7,34.0,0.0,0.0,0.0,0.0,348
2023-05-09 21:04:12,i2401-P-620,i2401-P-620,33.7,0.0,0.0,0.0,20,34.0,34.6,20,33.7,34.0,0.0,0.0,0.0,0.0,348
2023-05-09 21:04:16,i2401-P-620,i2401-P-620,33.7,0.0,0.0,0.0,20,34.0,34.6,30,33.7,34.0,0.0,0.0,0.0,0.0,348
2023-05-09 21:04:23,i2401-P-620,i2401-P-620,33.7,0.0,0.0,0.0,20,34.0,34.6,20,33.7,34.0,0.0,0.0,0.0,0.0,348
2023-05-09 21:04:26,i2401-P-620,i2401-P-620,33.7,0.0,0.0,0.0,20,34.0,34.6,10,33.7,34.0,0.0,0.0,0.0,0.0,348
2023-05-09 21:04:28,i2401-P-620,i2401-P-620,33.7,0.0,0.0,0.0,20,34.0,34.6,20,33.7,34.0,0.0,0.0,0.0,0.0,348
2023-05-09 21:04:33,i2401-P-620,i2401-P-620,33.7,0.0,0.0,0.0,20,34.0,34.6,10,33.7,34.0,0.0,0.0,0.0,0.0,348
2023-05-09 21:04:37,i2401-P-620,i2401-P-620,33.7,0.0,0.0,0.0,30,34.0,34.7,20,33.7,34.0,0.0,0.0,0.0,0.0,348
2023-05-09 21:04:53,i2401-P-620,i2401-P-620,33.7,0.0,0.0,0.0,20,34.1,34.7,20,33.7,34.0,0.0,0.0,0.0,0.0,348
2023-05-09 21:05:02,i2401-P-620,i2401-P-620,33.7,0.0,0.0,0.0,10,34.1,34.7,10,33.7,34.0,0.0,0.0,0.0,0.0,348
2023-05-09 21:05:02,i2401-P-620,i2401-P-620,33.7,0.0,0.0,0.0,10,34.3,34.8,10,33.7,34.0,0.0,0.0,0.0,0.0,348
2023-05-09 21:05:04,i2401-P-620,i2401-P-620,33.7,0.0,0.0,0.0,10,34.3,34.9,20,33.7,34.0,0.0,0.0,0.0,0.0,348
2023-05-09 21:05:10,i2401-P-620,i2401-P-620,33.7,0.0,0.0,0.0,20,34.3,34.9,30,33.7,34.0,0.0,0.0,0.0,0.0,348
2023-05-09 21:05:19,i2401-P-620,i2401-P-620,33.7,0.0,0.0,0.0,10,34.3,34.9,30,33.7,34.0,0.0,0.0,0.0,0.0,348
2023-05-09 21:05:20,i2401-P-620,i2401-P-620,33.7,0.0,0.0,0.0,10,34.3,34.8,10,33.7,34.0,0.0,0.0,0.0,0.0,348
2023-05-09 21:05:21,i2401-P-620,i2401-P-620,33.7,0.0,0.0,0.0,20,34.1,34.8,20,33.7,34.0,0.0,0.0,0.0,0.0,348
2023-05-09 21:05:25,i2401-P-620,i2401-P-620,33.7,0.0,0.0,0.0,10,34.1,34.7,10,33.7,34.0,0.0,0.0,0.0,0.0,348
2023-05-09 21:05:27,i2401-P-620,i2401-P-620,33.7,0.0,0.0,0.0,20,34.1,34.7,20,33.7,34.0,0.0,0.0,0.0,0.0,348
2023-05-09 21:05:38,i2401-P-620,i2401-P-620,33.7,0.0,0.0,0.0,20,34.1,34.7,10,33.7,34.0,0.0,0.0,0.0,0.0,348
2023-05-09 21:05:46,i2401-P-620,i2401-P-620,33.7,0.0,0.0,0.0,20,34.1,34.8,20,33.7,34.0,0.0,0.0,0.0,0.0,348
2023-05-09 21:05:58,i2401-P-620,i2401-P-620,33.7,0.0,0.0,0.0,20,34.1,34.8,30,33.7,34.0,0.0,0.0,0.0,0.0,348
2023-05-09 21:06:23,i2401-P-620,i2401-P-620,33.7,0.0,0.0,0.0,20,34.0,34.8,40,33.7,34.0,0.0,0.0,0.0,0.0,348
2023-05-09 21:06:27,i2401-P-620,i2401-P-620,33.7,0.0,0.0,0.0,10,34.0,34.6,10,33.7,34.0,0.0,0.0,0.0,0.0,348
2023-05-09 21:06:32,i2401-P-620,i2401-P-620,33.7,0.0,0.0,0.0,10,33.9,34.6,10,33.7,34.0,0.0,0.0,0.0,0.0,348
2023-05-09 21:06:38,i2401-P-620,i2401-P-620,33.7,0.0,0.0,0.0,21,33.8,34.5,10,33.7,34.0,0.0,0.0,0.0,0.0,348
2023-05-09 21:06:38,i2401-P-620,i2401-P-620,33.7,0.0,0.0,0.0,11,33.8,34.4,10,33.7,34.0,0.0,0.0,0.0,0.0,348
2023-05-09 21:06:39,i2401-P-620,i2401-P-620,33.7,0.0,0.0,0.0,1,33.8,34.4,10,33.7,34.0,0.0,0.0,0.0,0.0,348
2023-05-09 21:06:40,i2401-P-620,i2401-P-620,33.7,0.0,0.0,0.0,1,33.8,34.3,10,33.7,34.0,0.0,0.0,0.0,0.0,348
2023-05-09 21:06:41,i2401-P-620,i2401-P-620,33.7,0.0,0.0,0.0,1,33.8,34.3,20,33.7,34.0,0.0,0.0,0.0,0.0,348
2023-05-09 21:06:41,i2401-P-620,i2401-P-620,33.7,0.0,0.0,0.0,10,33.5,34.3,20,33.7,34.0,0.0,0.0,0.0,0.0,348
2023-05-09 21:06:48,i2401-P-620,i2401-P-620,33.7,0.0,0.0,0.0,20,33.5,34.3,30,33.7,34.0,0.0,0.0,0.0,0.0,348
2023-05-09 21:06:54,i2401-P-620,i2401-P-620,33.7,0.0,0.0,0.0,20,33.5,34.0,1,33.7,34.0,0.0,0.0,0.0,0.0,348
2023-05-09 21:07:01,i2401-P-620,i2401-P-620,34.0,1.0,3400.0,1.0,1,33.6,34.3,30,33.7,34.0,34.0,34.0,1.0,3400.0,349
2023-05-09 21:07:10,i2401-P-620,i2401-P-620,34.0,0.0,0.0,0.0,20,33.7,34.3,10,33.7,34.0,34.0,34.0,1.0,3400.0,349
2023-05-09 21:07:10,i2401-P-620,i2401-P-620,34.0,0.0,0.0,0.0,20,33.7,34.5,20,33.7,34.0,34.0,34.0,1.0,3400.0,349
2023-05-09 21:07:11,i2401-P-620,i2401-P-620,34.0,0.0,0.0,0.0,21,33.7,34.5,20,33.7,34.0,34.0,34.0,1.0,3400.0,349
2023-05-09 21:07:12,i2401-P-620,i2401-P-620,34.0,0.0,0.0,0.0,31,33.7,34.5,30,33.7,34.0,34.0,34.0,1.0,3400.0,349
2023-05-09 21:07:15,i2401-P-620,i2401-P-620,34.0,0.0,0.0,0.0,21,33.7,34.5,20,33.7,34.0,34.0,34.0,1.0,3400.0,349
2023-05-09 21:07:17,i2401-P-620,i2401-P-620,34.0,0.0,0.0,0.0,31,33.7,34.5,30,33.7,34.0,34.0,34.0,1.0,3400.0,349
2023-05-09 21:07:28,i2401-P-620,i2401-P-620,34.0,0.0,0.0,0.0,31,33.7,34.3,10,33.7,34.0,34.0,34.0,1.0,3400.0,349
2023-05-09 21:07:28,i2401-P-620,i2401-P-620,34.0,0.0,0.0,0.0,31,33.7,34.5,30,33.7,34.0,34.0,34.0,1.0,3400.0,349
2023-05-09 21:08:04,i2401-P-620,i2401-P-620,34.0,0.0,0.0,0.0,11,33.7,34.3,10,33.7,34.0,34.0,34.0,1.0,3400.0,349
2023-05-09 21:08:11,i2401-P-620,i2401-P-620,34.0,0.0,0.0,0.0,11,33.7,34.3,20,33.7,34.0,34.0,34.0,1.0,3400.0,349
2023-05-09 21:08:16,i2401-P-620,i2401-P-620,34.0,0.0,0.0,0.0,11,33.7,34.3,30,33.7,34.0,34.0,34.0,1.0,3400.0,349
2023-05-09 21:08:18,i2401-P-620,i2401-P-620,34.0,0.0,0.0,0.0,1,33.7,34.3,30,33.7,34.0,34.0,34.0,1.0,3400.0,349
2023-05-09 21:08:19,i2401-P-620,i2401-P-620,34.0,0.0,0.0,0.0,1,33.7,34.2,10,33.7,34.0,34.0,34.0,1.0,3400.0,349
2023-05-09 21:08:27,i2401-P-620,i2401-P-620,34.0,0.0,0.0,0.0,1,33.7,34.2,20,33.7,34.0,34.0,34.0,1.0,3400.0,349
2023-05-09 21:08:27,i2401-P-620,i2401-P-620,34.0,0.0,0.0,0.0,1,33.6,34.2,20,33.7,34.0,34.0,34.0,1.0,3400.0,349
2023-05-09 21:08:31,i2401-P-620,i2401-P-620,34.0,0.0,0.0,0.0,1,33.6,34.0,10,33.7,34.0,34.0,34.0,1.0,3400.0,349
2023-05-09 21:08:33,i2401-P-620,i2401-P-620,34.0,0.0,0.0,0.0,1,33.6,34.0,20,33.7,34.0,34.0,34.0,1.0,3400.0,349
2023-05-09 21:08:41,i2401-P-620,i2401-P-620,34.0,0.0,0.0,0.0,10,33.3,34.0,20,33.7,34.0,34.0,34.0,1.0,3400.0,349
2023-05-09 21:08:45,i2401-P-620,i2401-P-620,34.0,0.0,0.0,0.0,31,33.2,34.0,10,33.7,34.0,34.0,34.0,1.0,3400.0,349
2023-05-09 21:09:01,i2401-P-620,i2401-P-620,34.0,0.0,0.0,0.0,41,33.2,34.0,20,33.7,34.0,34.0,34.0,1.0,3400.0,349
2023-05-09 21:09:02,i2401-P-620,i2401-P-620,34.0,0.0,0.0,0.0,31,33.2,34.0,30,33.7,34.0,34.0,34.0,1.0,3400.0,349
2023-05-09 21:09:06,i2401-P-620,i2401-P-620,34.0,0.0,0.0,0.0,21,33.2,34.0,30,33.7,34.0,34.0,34.0,1.0,3400.0,349
2023-05-09 21:09:10,i2401-P-620,i2401-P-620,34.0,0.0,0.0,0.0,1,33.2,33.8,20,33.7,34.0,34.0,34.0,1.0,3400.0,349
2023-05-09 21:09:14,i2401-P-620,i2401-P-620,34.0,0.0,0.0,0.0,1,33.2,33.7,10,33.7,34.0,34.0,34.0,1.0,3400.0,349
2023-05-09 21:09:29,i2401-P-620,i2401-P-620,34.0,0.0,0.0,0.0,1,33.2,33.8,20,33.7,34.0,34.0,34.0,1.0,3400.0,349
2023-05-09 21:09:31,i2401-P-620,i2401-P-620,34.0,0.0,0.0,0.0,11,33.2,33.9,10,33.7,34.0,34.0,34.0,1.0,3400.0,349
2023-05-09 21:09:32,i2401-P-620,i2401-P-620,34.0,0.0,0.0,0.0,11,33.2,33.8,10,33.7,34.0,34.0,34.0,1.0,3400.0,349
2023-05-09 21:09:32,i2401-P-620,i2401-P-620,34.0,0.0,0.0,0.0,11,33.2,33.9,10,33.7,34.0,34.0,34.0,1.0,3400.0,349
2023-05-09 21:09:35,i2401-P-620,i2401-P-620,34.0,0.0,0.0,0.0,1,33.2,33.8,10,33.7,34.0,34.0,34.0,1.0,3400.0,349
2023-05-09 21:09:36,i2401-P-620,i2401-P-620,34.0,0.0,0.0,0.0,1,33.2,33.8,20,33.7,34.0,34.0,34.0,1.0,3400.0,349
2023-05-09 21:09:36,i2401-P-620,i2401-P-620,34.0,0.0,0.0,0.0,1,33.2,33.8,10,33.7,34.0,34.0,34.0,1.0,3400.0,349
2023-05-09 21:09:48,i2401-P-620,i2401-P-620,34.0,0.0,0.0,0.0,11,33.2,34.0,30,33.7,34.0,34.0,34.0,1.0,3400.0,349
2023-05-09 21:09:50,i2401-P-620,i2401-P-620,34.0,0.0,0.0,0.0,21,33.2,34.0,30,33.7,34.0,34.0,34.0,1.0,3400.0,349
2023-05-09 21:09:51,i2401-P-620,i2401-P-620,34.0,0.0,0.0,0.0,11,33.2,34.0,30,33.7,34.0,34.0,34.0,1.0,3400.0,349
2023-05-09 21:09:52,i2401-P-620,i2401-P-620,34.0,0.0,0.0,0.0,21,33.2,34.0,30,33.7,34.0,34.0,34.0,1.0,3400.0,349
2023-05-09 21:09:53,i2401-P-620,i2401-P-620,34.0,0.0,0.0,0.0,21,33.2,34.0,20,33.7,34.0,34.0,34.0,1.0,3400.0,349
2023-05-09 21:09:54,i2401-P-620,i2401-P-620,34.0,0.0,0.0,0.0,11,33.2,34.0,20,33.7,34.0,34.0,34.0,1.0,3400.0,349
2023-05-09 21:09:56,i2401-P-620,i2401-P-620,34.0,0.0,0.0,0.0,21,33.2,34.0,20,33.7,34.0,34.0,34.0,1.0,3400.0,349
2023-05-09 21:09:57,i2401-P-620,i2401-P-620,34.0,0.0,0.0,0.0,11,33.2,34.0,20,33.7,34.0,34.0,34.0,1.0,3400.0,349
2023-05-09 21:09:59,i2401-P-620,i2401-P-620,34.0,0.0,0.0,0.0,10,33.3,34.0,20,33.7,34.0,34.0,34.0,1.0,3400.0,349
2023-05-09 21:09:59,i2401-P-620,i2401-P-620,34.0,0.0,0.0,0.0,30,33.3,34.0,10,33.7,34.0,34.0,34.0,1.0,3400.0,349
2023-05-09 21:10:00,i2401-P-620,i2401-P-620,34.0,0.0,0.0,0.0,10,33.4,34.1,10,33.7,34.0,34.0,34.0,1.0,3400.0,349
2023-05-09 21:10:00,i2401-P-620,i2401-P-620,34.0,0.0,0.0,0.0,20,33.4,34.1,10,33.7,34.0,34.0,34.0,1.0,3400.0,349
2023-05-09 21:10:14,i2401-P-620,i2401-P-620,34.0,0.0,0.0,0.0,30,33.5,34.2,1,33.7,34.0,34.0,34.0,1.0,3400.0,349
2023-05-09 21:10:16,i2401-P-620,i2401-P-620,34.0,0.0,0.0,0.0,31,33.5,34.2,1,33.7,34.0,34.0,34.0,1.0,3400.0,349
2023-05-09 21:10:16,i2401-P-620,i2401-P-620,34.0,0.0,0.0,0.0,31,33.5,34.3,20,33.7,34.0,34.0,34.0,1.0,3400.0,349
2023-05-09 21:10:19,i2401-P-620,i2401-P-620,34.0,0.0,0.0,0.0,21,33.5,34.2,10,33.7,34.0,34.0,34.0,1.0,3400.0,349
2023-05-09 21:10:33,i2401-P-620,i2401-P-620,34.0,0.0,0.0,0.0,31,33.5,34.2,10,33.7,34.0,34.0,34.0,1.0,3400.0,349
2023-05-09 21:10:42,i2401-P-620,i2401-P-620,34.0,0.0,0.0,0.0,21,33.5,34.1,10,33.7,34.0,34.0,34.0,1.0,3400.0,349
2023-05-09 21:10:46,i2401-P-620,i2401-P-620,34.0,0.0,0.0,0.0,31,33.5,34.2,10,33.7,34.0,34.0,34.0,1.0,3400.0,349
2023-05-09 21:10:46,i2401-P-620,i2401-P-620,34.0,0.0,0.0,0.0,41,33.5,34.3,30,33.7,34.0,34.0,34.0,1.0,3400.0,349
2023-05-09 21:10:50,i2401-P-620,i2401-P-620,34.0,0.0,0.0,0.0,31,33.5,34.2,10,33.7,34.0,34.0,34.0,1.0,3400.0,349
2023-05-09 21:10:52,i2401-P-620,i2401-P-620,34.0,0.0,0.0,0.0,31,33.5,34.2,20,33.7,34.0,34.0,34.0,1.0,3400.0,349
2023-05-09 21:10:57,i2401-P-620,i2401-P-620,34.0,0.0,0.0,0.0,31,33.5,34.1,10,33.7,34.0,34.0,34.0,1.0,3400.0,349
2023-05-09 21:10:58,i2401-P-620,i2401-P-620,34.0,0.0,0.0,0.0,31,33.5,34.2,20,33.7,34.0,34.0,34.0,1.0,3400.0,349
2023-05-09 21:10:59,i2401-P-620,i2401-P-620,34.0,0.0,0.0,0.0,31,33.5,34.2,30,33.7,34.0,34.0,34.0,1.0,3400.0,349
2023-05-09 21:10:59,i2401-P-620,i2401-P-620,34.0,0.0,0.0,0.0,31,33.5,34.1,10,33.7,34.0,34.0,34.0,1.0,3400.0,349
2023-05-09 21:11:01,i2401-P-620,i2401-P-620,34.0,0.0,0.0,0.0,11,33.5,34.0,10,33.7,34.0,34.0,34.0,1.0,3400.0,349
2023-05-09 21:11:01,i2401-P-620,i2401-P-620,34.0,0.0,0.0,0.0,21,33.5,34.1,10,33.7,34.0,34.0,34.0,1.0,3400.0,349
2023-05-09 21:11:02,i2401-P-620,i2401-P-620,34.0,0.0,0.0,0.0,11,33.5,34.1,10,33.7,34.0,34.0,34.0,1.0,3400.0,349
2023-05-09 21:11:02,i2401-P-620,i2401-P-620,34.0,0.0,0.0,0.0,1,33.5,34.0,10,33.7,34.0,34.0,34.0,1.0,3400.0,349
2023-05-09 21:11:06,i2401-P-620,i2401-P-620,34.0,0.0,0.0,0.0,20,33.4,34.0,10,33.7,34.0,34.0,34.0,1.0,3400.0,349
2023-05-09 21:11:10,i2401-P-620,i2401-P-620,34.0,0.0,0.0,0.0,20,33.4,34.1,10,33.7,34.0,34.0,34.0,1.0,3400.0,349
2023-05-09 21:11:11,i2401-P-620,i2401-P-620,34.0,0.0,0.0,0.0,20,33.4,34.0,10,33.7,34.0,34.0,34.0,1.0,3400.0,349
2023-05-09 21:11:18,i2401-P-620,i2401-P-620,34.0,0.0,0.0,0.0,30,33.4,34.0,10,33.7,34.0,34.0,34.0,1.0,3400.0,349
2023-05-09 21:11:30,i2401-P-620,i2401-P-620,34.0,0.0,0.0,0.0,10,33.5,34.1,10,33.7,34.0,34.0,34.0,1.0,3400.0,349
2023-05-09 21:11:30,i2401-P-620,i2401-P-620,34.0,0.0,0.0,0.0,20,33.5,34.1,10,33.7,34.0,34.0,34.0,1.0,3400.0,349
2023-05-09 21:11:31,i2401-P-620,i2401-P-620,34.0,0.0,0.0,0.0,20,33.5,34.1,20,33.7,34.0,34.0,34.0,1.0,3400.0,349
2023-05-09 21:11:33,i2401-P-620,i2401-P-620,34.0,0.0,0.0,0.0,30,33.5,34.1,20,33.7,34.0,34.0,34.0,1.0,3400.0,349
2023-05-09 21:12:02,i2401-P-620,i2401-P-620,34.0,0.0,0.0,0.0,20,33.5,34.0,10,33.7,34.0,34.0,34.0,1.0,3400.0,349
2023-05-09 21:12:03,i2401-P-620,i2401-P-620,34.0,0.0,0.0,0.0,20,33.5,34.1,20,33.7,34.0,34.0,34.0,1.0,3400.0,349
2023-05-09 21:12:05,i2401-P-620,i2401-P-620,34.0,0.0,0.0,0.0,30,33.5,34.1,20,33.7,34.0,34.0,34.0,1.0,3400.0,349
2023-05-09 21:12:13,i2401-P-620,i2401-P-620,34.0,0.0,0.0,0.0,20,33.5,34.1,20,33.7,34.0,34.0,34.0,1.0,3400.0,349
2023-05-09 21:12:18,i2401-P-620,i2401-P-620,34.0,0.0,0.0,0.0,20,33.5,34.0,10,33.7,34.0,34.0,34.0,1.0,3400.0,349
2023-05-09 21:12:22,i2401-P-620,i2401-P-620,34.0,0.0,0.0,0.0,20,33.5,34.1,20,33.7,34.0,34.0,34.0,1.0,3400.0,349
2023-05-09 21:12:24,i2401-P-620,i2401-P-620,34.0,0.0,0.0,0.0,20,33.5,34.0,10,33.7,34.0,34.0,34.0,1.0,3400.0,349
2023-05-09 21:12:50,i2401-P-620,i2401-P-620,34.0,0.0,0.0,0.0,10,33.5,34.0,10,33.7,34.0,34.0,34.0,1.0,3400.0,349
2023-05-09 21:12:50,i2401-P-620,i2401-P-620,34.0,0.0,0.0,0.0,10,33.4,34.0,10,33.7,34.0,34.0,34.0,1.0,3400.0,349
2023-05-09 21:12:51,i2401-P-620,i2401-P-620,34.0,0.0,0.0,0.0,20,33.4,34.0,10,33.7,34.0,34.0,34.0,1.0,3400.0,349
2023-05-09 21:12:53,i2401-P-620,i2401-P-620,34.0,0.0,0.0,0.0,20,33.4,33.9,10,33.7,34.0,34.0,34.0,1.0,3400.0,349
2023-05-09 21:12:57,i2401-P-620,i2401-P-620,34.0,0.0,0.0,0.0,20,33.4,34.0,10,33.7,34.0,34.0,34.0,1.0,3400.0,349
2023-05-09 21:12:58,i2401-P-620,i2401-P-620,34.0,0.0,0.0,0.0,20,33.4,33.9,10,33.7,34.0,34.0,34.0,1.0,3400.0,349
2023-05-09 21:13:02,i2401-P-620,i2401-P-620,34.0,0.0,0.0,0.0,20,33.4,34.0,10,33.7,34.0,34.0,34.0,1.0,3400.0,349
2023-05-09 21:13:04,i2401-P-620,i2401-P-620,34.0,0.0,0.0,0.0,30,33.4,34.0,10,33.7,34.0,34.0,34.0,1.0,3400.0,349
2023-05-09 21:13:05,i2401-P-620,i2401-P-620,34.0,0.0,0.0,0.0,10,33.5,34.1,20,33.7,34.0,34.0,34.0,1.0,3400.0,349
2023-05-09 21:13:05,i2401-P-620,i2401-P-620,34.0,0.0,0.0,0.0,20,33.5,34.1,20,33.7,34.0,34.0,34.0,1.0,3400.0,349
2023-05-09 21:13:05,i2401-P-620,i2401-P-620,34.0,0.0,0.0,0.0,10,33.5,34.1,20,33.7,34.0,34.0,34.0,1.0,3400.0,349
2023-05-09 21:13:06,i2401-P-620,i2401-P-620,34.0,0.0,0.0,0.0,20,33.5,34.0,10,33.7,34.0,34.0,34.0,1.0,3400.0,349
2023-05-09 21:13:06,i2401-P-620,i2401-P-620,34.0,0.0,0.0,0.0,20,33.5,34.1,20,33.7,34.0,34.0,34.0,1.0,3400.0,349
2023-05-09 21:13:07,i2401-P-620,i2401-P-620,34.0,0.0,0.0,0.0,10,33.5,34.0,10,33.7,34.0,34.0,34.0,1.0,3400.0,349
2023-05-09 21:13:11,i2401-P-620,i2401-P-620,34.0,0.0,0.0,0.0,20,33.5,34.0,10,33.7,34.0,34.0,34.0,1.0,3400.0,349
2023-05-09 21:13:22,i2401-P-620,i2401-P-620,34.0,0.0,0.0,0.0,20,33.5,33.9,10,33.7,34.0,34.0,34.0,1.0,3400.0,349
2023-05-09 21:13:22,i2401-P-620,i2401-P-620,34.0,0.0,0.0,0.0,21,33.3,33.9,10,33.7,34.0,34.0,34.0,1.0,3400.0,349
2023-05-09 21:13:23,i2401-P-620,i2401-P-620,34.0,0.0,0.0,0.0,31,33.3,33.9,10,33.7,34.0,34.0,34.0,1.0,3400.0,349
2023-05-09 21:13:24,i2401-P-620,i2401-P-620,34.0,0.0,0.0,0.0,21,33.3,33.9,10,33.7,34.0,34.0,34.0,1.0,3400.0,349
2023-05-09 21:13:25,i2401-P-620,i2401-P-620,34.0,0.0,0.0,0.0,31,33.3,33.9,10,33.7,34.0,34.0,34.0,1.0,3400.0,349
2023-05-09 21:13:27,i2401-P-620,i2401-P-620,34.0,0.0,0.0,0.0,41,33.3,33.9,10,33.7,34.0,34.0,34.0,1.0,3400.0,349
2023-05-09 21:13:31,i2401-P-620,i2401-P-620,34.0,0.0,0.0,0.0,31,33.3,33.9,10,33.7,34.0,34.0,34.0,1.0,3400.0,349
2023-05-09 21:13:32,i2401-P-620,i2401-P-620,34.0,0.0,0.0,0.0,21,33.3,33.9,10,33.7,34.0,34.0,34.0,1.0,3400.0,349
2023-05-09 21:13:35,i2401-P-620,i2401-P-620,34.0,0.0,0.0,0.0,31,33.3,33.9,10,33.7,34.0,34.0,34.0,1.0,3400.0,349
2023-05-09 21:13:36,i2401-P-620,i2401-P-620,34.0,0.0,0.0,0.0,41,33.3,33.9,10,33.7,34.0,34.0,34.0,1.0,3400.0,349
2023-05-09 21:13:36,i2401-P-620,i2401-P-620,34.0,0.0,0.0,0.0,31,33.3,33.9,10,33.7,34.0,34.0,34.0,1.0,3400.0,349
2023-05-09 21:13:37,i2401-P-620,i2401-P-620,34.0,0.0,0.0,0.0,41,33.3,33.9,10,33.7,34.0,34.0,34.0,1.0,3400.0,349
2023-05-09 21:13:39,i2401-P-620,i2401-P-620,34.0,0.0,0.0,0.0,31,33.3,33.9,10,33.7,34.0,34.0,34.0,1.0,3400.0,349
2023-05-09 21:13:40,i2401-P-620,i2401-P-620,34.0,0.0,0.0,0.0,21,33.3,33.9,10,33.7,34.0,34.0,34.0,1.0,3400.0,349
2023-05-09 21:13:41,i2401-P-620,i2401-P-620,34.0,0.0,0.0,0.0,31,33.3,33.9,10,33.7,34.0,34.0,34.0,1.0,3400.0,349
2023-05-09 21:13:42,i2401-P-620,i2401-P-620,34.0,0.0,0.0,0.0,21,33.3,33.9,10,33.7,34.0,34.0,34.0,1.0,3400.0,349
2023-05-09 21:13:42,i2401-P-620,i2401-P-620,34.0,0.0,0.0,0.0,31,33.3,33.9,10,33.7,34.0,34.0,34.0,1.0,3400.0,349
2023-05-09 21:13:43,i2401-P-620,i2401-P-620,34.0,0.0,0.0,0.0,21,33.3,33.9,10,33.7,34.0,34.0,34.0,1.0,3400.0,349
2023-05-09 21:13:43,i2401-P-620,i2401-P-620,34.0,0.0,0.0,0.0,31,33.3,33.9,10,33.7,34.0,34.0,34.0,1.0,3400.0,349
2023-05-09 21:13:44,i2401-P-620,i2401-P-620,34.0,0.0,0.0,0.0,21,33.3,33.9,10,33.7,34.0,34.0,34.0,1.0,3400.0,349
2023-05-09 21:13:45,i2401-P-620,i2401-P-620,34.0,0.0,0.0,0.0,31,33.3,33.9,10,33.7,34.0,34.0,34.0,1.0,3400.0,349
2023-05-09 21:13:46,i2401-P-620,i2401-P-620,34.0,0.0,0.0,0.0,21,33.3,33.9,10,33.7,34.0,34.0,34.0,1.0,3400.0,349
2023-05-09 21:13:46,i2401-P-620,i2401-P-620,34.0,0.0,0.0,0.0,31,33.3,33.9,10,33.7,34.0,34.0,34.0,1.0,3400.0,349
2023-05-09 21:13:49,i2401-P-620,i2401-P-620,34.0,0.0,0.0,0.0,21,33.3,33.9,10,33.7,34.0,34.0,34.0,1.0,3400.0,349
2023-05-09 21:13:50,i2401-P-620,i2401-P-620,34.0,0.0,0.0,0.0,21,33.3,33.9,20,33.7,34.0,34.0,34.0,1.0,3400.0,349
2023-05-09 21:13:50,i2401-P-620,i2401-P-620,34.0,0.0,0.0,0.0,31,33.3,33.9,10,33.7,34.0,34.0,34.0,1.0,3400.0,349
2023-05-09 21:13:51,i2401-P-620,i2401-P-620,34.0,0.0,0.0,0.0,31,33.3,34.0,20,33.7,34.0,34.0,34.0,1.0,3400.0,349
2023-05-09 21:13:51,i2401-P-620,i2401-P-620,34.0,0.0,0.0,0.0,31,33.3,33.9,10,33.7,34.0,34.0,34.0,1.0,3400.0,349
2023-05-09 21:13:54,i2401-P-620,i2401-P-620,34.0,0.0,0.0,0.0,21,33.3,33.9,10,33.7,34.0,34.0,34.0,1.0,3400.0,349
2023-05-09 21:14:06,i2401-P-620,i2401-P-620,34.0,0.0,0.0,0.0,31,33.3,33.9,10,33.7,34.0,34.0,34.0,1.0,3400.0,349
2023-05-09 21:14:27,i2401-P-620,i2401-P-620,34.0,0.0,0.0,0.0,21,33.3,33.9,10,33.7,34.0,34.0,34.0,1.0,3400.0,349
2023-05-09 21:14:28,i2401-P-620,i2401-P-620,34.0,0.0,0.0,0.0,11,33.3,33.9,10,33.7,34.0,34.0,34.0,1.0,3400.0,349
2023-05-09 21:14:28,i2401-P-620,i2401-P-620,34.0,0.0,0.0,0.0,11,33.3,33.8,10,33.7,34.0,34.0,34.0,1.0,3400.0,349
2023-05-09 21:14:29,i2401-P-620,i2401-P-620,34.0,0.0,0.0,0.0,11,33.3,33.9,10,33.7,34.0,34.0,34.0,1.0,3400.0,349
2023-05-09 21:14:31,i2401-P-620,i2401-P-620,34.0,0.0,0.0,0.0,21,33.3,33.9,10,33.7,34.0,34.0,34.0,1.0,3400.0,349
2023-05-09 21:14:31,i2401-P-620,i2401-P-620,34.0,0.0,0.0,0.0,31,33.3,33.9,10,33.7,34.0,34.0,34.0,1.0,3400.0,349
2023-05-09 21:14:32,i2401-P-620,i2401-P-620,34.0,0.0,0.0,0.0,41,33.3,33.9,10,33.7,34.0,34.0,34.0,1.0,3400.0,349
2023-05-09 21:14:33,i2401-P-620,i2401-P-620,34.0,0.0,0.0,0.0,21,33.3,33.9,10,33.7,34.0,34.0,34.0,1.0,3400.0,349
2023-05-09 21:14:33,i2401-P-620,i2401-P-620,34.0,0.0,0.0,0.0,21,33.3,33.9,20,33.7,34.0,34.0,34.0,1.0,3400.0,349
2023-05-09 21:14:36,i2401-P-620,i2401-P-620,34.0,0.0,0.0,0.0,31,33.3,33.9,20,33.7,34.0,34.0,34.0,1.0,3400.0,349
2023-05-09 21:14:38,i2401-P-620,i2401-P-620,34.0,0.0,0.0,0.0,21,33.3,33.9,20,33.7,34.0,34.0,34.0,1.0,3400.0,349
2023-05-09 21:14:44,i2401-P-620,i2401-P-620,34.0,0.0,0.0,0.0,21,33.3,33.9,10,33.7,34.0,34.0,34.0,1.0,3400.0,349
2023-05-09 21:14:45,i2401-P-620,i2401-P-620,34.0,0.0,0.0,0.0,31,33.3,33.9,10,33.7,34.0,34.0,34.0,1.0,3400.0,349
2023-05-09 21:14:46,i2401-P-620,i2401-P-620,34.0,0.0,0.0,0.0,21,33.3,33.9,10,33.7,34.0,34.0,34.0,1.0,3400.0,349
2023-05-09 21:14:47,i2401-P-620,i2401-P-620,34.0,0.0,0.0,0.0,31,33.3,34.0,20,33.7,34.0,34.0,34.0,1.0,3400.0,349
2023-05-09 21:14:48,i2401-P-620,i2401-P-620,34.0,0.0,0.0,0.0,10,33.4,34.1,50,33.7,34.0,34.0,34.0,1.0,3400.0,349
2023-05-09 21:14:49,i2401-P-620,i2401-P-620,34.0,0.0,0.0,0.0,20,33.4,34.1,40,33.7,34.0,34.0,34.0,1.0,3400.0,349
2023-05-09 21:14:49,i2401-P-620,i2401-P-620,34.0,0.0,0.0,0.0,10,33.4,34.0,10,33.7,34.0,34.0,34.0,1.0,3400.0,349
2023-05-09 21:14:50,i2401-P-620,i2401-P-620,34.0,0.0,0.0,0.0,20,33.4,34.0,10,33.7,34.0,34.0,34.0,1.0,3400.0,349
2023-05-09 21:14:51,i2401-P-620,i2401-P-620,34.0,0.0,0.0,0.0,30,33.4,34.0,10,33.7,34.0,34.0,34.0,1.0,3400.0,349
2023-05-09 21:14:51,i2401-P-620,i2401-P-620,34.0,0.0,0.0,0.0,20,33.4,34.0,10,33.7,34.0,34.0,34.0,1.0,3400.0,349
2023-05-09 21:14:51,i2401-P-620,i2401-P-620,34.0,0.0,0.0,0.0,30,33.4,34.0,10,33.7,34.0,34.0,34.0,1.0,3400.0,349
2023-05-09 21:15:01,i2401-P-620,i2401-P-620,34.0,0.0,0.0,0.0,30,33.4,34.1,40,33.7,34.0,34.0,34.0,1.0,3400.0,349
2023-05-09 21:15:02,i2401-P-620,i2401-P-620,34.0,0.0,0.0,0.0,30,33.4,34.0,10,33.7,34.0,34.0,34.0,1.0,3400.0,349
2023-05-09 21:15:07,i2401-P-620,i2401-P-620,34.0,0.0,0.0,0.0,20,33.4,33.9,10,33.7,34.0,34.0,34.0,1.0,3400.0,349
2023-05-09 21:15:09,i2401-P-620,i2401-P-620,34.0,0.0,0.0,0.0,10,33.4,33.9,10,33.7,34.0,34.0,34.0,1.0,3400.0,349
2023-05-09 21:15:20,i2401-P-620,i2401-P-620,34.0,0.0,0.0,0.0,20,33.4,34.0,20,33.7,34.0,34.0,34.0,1.0,3400.0,349
2023-05-09 21:15:21,i2401-P-620,i2401-P-620,34.0,0.0,0.0,0.0,20,33.4,33.9,10,33.7,34.0,34.0,34.0,1.0,3400.0,349
2023-05-09 21:15:23,i2401-P-620,i2401-P-620,34.0,0.0,0.0,0.0,20,33.4,34.0,20,33.7,34.0,34.0,34.0,1.0,3400.0,349
2023-05-09 21:15:24,i2401-P-620,i2401-P-620,34.0,0.0,0.0,0.0,20,33.4,33.9,10,33.7,34.0,34.0,34.0,1.0,3400.0,349
2023-05-09 21:15:27,i2401-P-620,i2401-P-620,34.0,0.0,0.0,0.0,10,33.4,33.9,10,33.7,34.0,34.0,34.0,1.0,3400.0,349
2023-05-09 21:15:29,i2401-P-620,i2401-P-620,34.0,0.0,0.0,0.0,11,33.3,33.8,10,33.7,34.0,34.0,34.0,1.0,3400.0,349
2023-05-09 21:15:29,i2401-P-620,i2401-P-620,34.0,0.0,0.0,0.0,1,33.3,33.8,10,33.7,34.0,34.0,34.0,1.0,3400.0,349
2023-05-09 21:15:53,i2401-P-620,i2401-P-620,34.0,0.0,0.0,0.0,11,33.3,33.8,10,33.7,34.0,34.0,34.0,1.0,3400.0,349
2023-05-09 21:15:54,i2401-P-620,i2401-P-620,34.0,0.0,0.0,0.0,21,33.3,33.9,10,33.7,34.0,34.0,34.0,1.0,3400.0,349
2023-05-09 21:15:55,i2401-P-620,i2401-P-620,34.0,0.0,0.0,0.0,11,33.3,33.9,10,33.7,34.0,34.0,34.0,1.0,3400.0,349
2023-05-09 21:16:00,i2401-P-620,i2401-P-620,34.0,0.0,0.0,0.0,21,33.3,33.9,10,33.7,34.0,34.0,34.0,1.0,3400.0,349
2023-05-09 21:16:01,i2401-P-620,i2401-P-620,34.0,0.0,0.0,0.0,21,33.3,34.0,21,33.7,34.0,34.0,34.0,1.0,3400.0,349
2023-05-09 21:16:02,i2401-P-620,i2401-P-620,34.0,0.0,0.0,0.0,10,33.4,34.0,21,33.7,34.0,34.0,34.0,1.0,3400.0,349
2023-05-09 21:16:02,i2401-P-620,i2401-P-620,34.0,0.0,0.0,0.0,20,33.4,34.0,21,33.7,34.0,34.0,34.0,1.0,3400.0,349
2023-05-09 21:16:03,i2401-P-620,i2401-P-620,34.0,0.0,0.0,0.0,20,33.5,34.0,1,33.7,34.0,34.0,34.0,1.0,3400.0,349
2023-05-09 21:16:03,i2401-P-620,i2401-P-620,34.0,0.0,0.0,0.0,20,33.5,34.1,10,33.7,34.0,34.0,34.0,1.0,3400.0,349
2023-05-09 21:16:06,i2401-P-620,i2401-P-620,34.0,0.0,0.0,0.0,20,33.5,34.0,10,33.7,34.0,34.0,34.0,1.0,3400.0,349
2023-05-09 21:16:08,i2401-P-620,i2401-P-620,34.0,0.0,0.0,0.0,40,33.4,34.0,10,33.7,34.0,34.0,34.0,1.0,3400.0,349
2023-05-09 21:16:17,i2401-P-620,i2401-P-620,34.0,0.0,0.0,0.0,40,33.4,34.1,20,33.7,34.0,34.0,34.0,1.0,3400.0,349
2023-05-09 21:16:18,i2401-P-620,i2401-P-620,34.0,0.0,0.0,0.0,40,33.4,34.0,10,33.7,34.0,34.0,34.0,1.0,3400.0,349
2023-05-09 21:16:20,i2401-P-620,i2401-P-620,34.0,0.0,0.0,0.0,40,33.4,34.1,20,33.7,34.0,34.0,34.0,1.0,3400.0,349
2023-05-09 21:16:21,i2401-P-620,i2401-P-620,34.0,0.0,0.0,0.0,10,33.5,34.1,20,33.7,34.0,34.0,34.0,1.0,3400.0,349
2023-05-09 21:16:21,i2401-P-620,i2401-P-620,34.0,0.0,0.0,0.0,20,33.5,34.1,20,33.7,34.0,34.0,34.0,1.0,3400.0,349
2023-05-09 21:16:22,i2401-P-620,i2401-P-620,34.0,0.0,0.0,0.0,10,33.5,34.0,10,33.7,34.0,34.0,34.0,1.0,3400.0,349
2023-05-09 21:16:39,i2401-P-620,i2401-P-620,34.0,0.0,0.0,0.0,10,33.5,33.9,10,33.7,34.0,34.0,34.0,1.0,3400.0,349
2023-05-09 21:16:44,i2401-P-620,i2401-P-620,34.0,0.0,0.0,0.0,10,33.5,34.0,10,33.7,34.0,34.0,34.0,1.0,3400.0,349
2023-05-09 21:16:45,i2401-P-620,i2401-P-620,34.0,0.0,0.0,0.0,10,33.5,33.9,10,33.7,34.0,34.0,34.0,1.0,3400.0,349
2023-05-09 21:17:01,i2401-P-620,i2401-P-620,34.0,0.0,0.0,0.0,10,33.5,34.0,10,33.7,34.0,34.0,34.0,1.0,3400.0,349
2023-05-09 21:17:02,i2401-P-620,i2401-P-620,34.0,0.0,0.0,0.0,10,33.5,33.9,10,33.7,34.0,34.0,34.0,1.0,3400.0,349
2023-05-09 21:17:03,i2401-P-620,i2401-P-620,34.0,0.0,0.0,0.0,20,33.5,34.0,10,33.7,34.0,34.0,34.0,1.0,3400.0,349
2023-05-09 21:17:03,i2401-P-620,i2401-P-620,34.0,0.0,0.0,0.0,20,33.5,34.1,10,33.7,34.0,34.0,34.0,1.0,3400.0,349
2023-05-09 21:17:10,i2401-P-620,i2401-P-620,34.0,0.0,0.0,0.0,10,33.5,34.0,10,33.7,34.0,34.0,34.0,1.0,3400.0,349
2023-05-09 21:17:10,i2401-P-620,i2401-P-620,34.0,0.0,0.0,0.0,30,33.4,34.0,10,33.7,34.0,34.0,34.0,1.0,3400.0,349
2023-05-09 21:17:12,i2401-P-620,i2401-P-620,34.0,0.0,0.0,0.0,30,33.4,33.9,10,33.7,34.0,34.0,34.0,1.0,3400.0,349
2023-05-09 21:17:13,i2401-P-620,i2401-P-620,34.0,0.0,0.0,0.0,30,33.4,34.0,10,33.7,34.0,34.0,34.0,1.0,3400.0,349
2023-05-09 21:17:32,i2401-P-620,i2401-P-620,34.0,0.0,0.0,0.0,20,33.5,34.1,20,33.7,34.0,34.0,34.0,1.0,3400.0,349
2023-05-09 21:17:32,i2401-P-620,i2401-P-620,34.0,0.0,0.0,0.0,20,33.5,34.1,10,33.7,34.0,34.0,34.0,1.0,3400.0,349
2023-05-09 21:17:39,i2401-P-620,i2401-P-620,34.0,0.0,0.0,0.0,10,33.5,34.0,10,33.7,34.0,34.0,34.0,1.0,3400.0,349
2023-05-09 21:17:48,i2401-P-620,i2401-P-620,34.0,0.0,0.0,0.0,20,33.5,34.0,10,33.7,34.0,34.0,34.0,1.0,3400.0,349
2023-05-09 21:17:49,i2401-P-620,i2401-P-620,34.0,0.0,0.0,0.0,10,33.5,34.0,10,33.7,34.0,34.0,34.0,1.0,3400.0,349
2023-05-09 21:17:52,i2401-P-620,i2401-P-620,34.0,0.0,0.0,0.0,20,33.5,34.0,10,33.7,34.0,34.0,34.0,1.0,3400.0,349
2023-05-09 21:17:53,i2401-P-620,i2401-P-620,34.0,0.0,0.0,0.0,20,33.5,34.1,20,33.7,34.0,34.0,34.0,1.0,3400.0,349
2023-05-09 21:17:53,i2401-P-620,i2401-P-620,34.0,0.0,0.0,0.0,20,33.5,34.1,10,33.7,34.0,34.0,34.0,1.0,3400.0,349
2023-05-09 21:17:55,i2401-P-620,i2401-P-620,34.0,0.0,0.0,0.0,20,33.6,34.1,10,33.7,34.0,34.0,34.0,1.0,3400.0,349
2023-05-09 21:17:55,i2401-P-620,i2401-P-620,34.0,0.0,0.0,0.0,20,33.6,34.2,20,33.7,34.0,34.0,34.0,1.0,3400.0,349
2023-05-09 21:17:59,i2401-P-620,i2401-P-620,34.0,0.0,0.0,0.0,20,33.6,34.2,10,33.7,34.0,34.0,34.0,1.0,3400.0,349
2023-05-09 21:18:12,i2401-P-620,i2401-P-620,34.0,0.0,0.0,0.0,10,33.7,34.3,30,33.7,34.0,34.0,34.0,1.0,3400.0,349
2023-05-09 21:18:12,i2401-P-620,i2401-P-620,34.0,0.0,0.0,0.0,20,33.7,34.3,30,33.7,34.0,34.0,34.0,1.0,3400.0,349
2023-05-09 21:18:19,i2401-P-620,i2401-P-620,34.0,0.0,0.0,0.0,20,33.7,34.2,10,33.7,34.0,34.0,34.0,1.0,3400.0,349
2023-05-09 21:18:25,i2401-P-620,i2401-P-620,34.0,0.0,0.0,0.0,10,33.7,34.2,10,33.7,34.0,34.0,34.0,1.0,3400.0,349
2023-05-09 21:18:26,i2401-P-620,i2401-P-620,34.0,0.0,0.0,0.0,20,33.7,34.3,30,33.7,34.0,34.0,34.0,1.0,3400.0,349
2023-05-09 21:18:34,i2401-P-620,i2401-P-620,34.0,0.0,0.0,0.0,20,33.7,34.2,10,33.7,34.0,34.0,34.0,1.0,3400.0,349
2023-05-09 21:18:40,i2401-P-620,i2401-P-620,34.0,0.0,0.0,0.0,20,33.7,34.3,30,33.7,34.0,34.0,34.0,1.0,3400.0,349
2023-05-09 21:19:05,i2401-P-620,i2401-P-620,34.0,0.0,0.0,0.0,20,33.7,34.3,20,33.7,34.0,34.0,34.0,1.0,3400.0,349
2023-05-09 21:19:26,i2401-P-620,i2401-P-620,34.0,0.0,0.0,0.0,10,33.8,34.3,20,33.7,34.0,34.0,34.0,1.0,3400.0,349
2023-05-09 21:19:27,i2401-P-620,i2401-P-620,34.0,0.0,0.0,0.0,20,33.7,34.3,20,33.7,34.0,34.0,34.0,1.0,3400.0,349
2023-05-09 21:19:29,i2401-P-620,i2401-P-620,34.0,0.0,0.0,0.0,30,33.7,34.3,20,33.7,34.0,34.0,34.0,1.0,3400.0,349
2023-05-09 21:19:29,i2401-P-620,i2401-P-620,34.0,0.0,0.0,0.0,10,33.8,34.3,10,33.7,34.0,34.0,34.0,1.0,3400.0,349
2023-05-09 21:19:29,i2401-P-620,i2401-P-620,34.0,0.0,0.0,0.0,20,33.8,34.3,10,33.7,34.0,34.0,34.0,1.0,3400.0,349
2023-05-09 21:19:31,i2401-P-620,i2401-P-620,34.0,0.0,0.0,0.0,30,33.8,34.3,10,33.7,34.0,34.0,34.0,1.0,3400.0,349
2023-05-09 21:19:33,i2401-P-620,i2401-P-620,34.0,0.0,0.0,0.0,30,33.8,34.3,20,33.7,34.0,34.0,34.0,1.0,3400.0,349
2023-05-09 21:19:34,i2401-P-620,i2401-P-620,34.0,0.0,0.0,0.0,20,33.8,34.3,20,33.7,34.0,34.0,34.0,1.0,3400.0,349
2023-05-09 21:19:43,i2401-P-620,i2401-P-620,34.0,0.0,0.0,0.0,30,33.8,34.3,20,33.7,34.0,34.0,34.0,1.0,3400.0,349
2023-05-09 21:19:47,i2401-P-620,i2401-P-620,34.0,0.0,0.0,0.0,30,33.8,34.3,10,33.7,34.0,34.0,34.0,1.0,3400.0,349
2023-05-09 21:19:52,i2401-P-620,i2401-P-620,34.0,0.0,0.0,0.0,10,33.9,34.3,10,33.7,34.0,34.0,34.0,1.0,3400.0,349
2023-05-09 21:19:55,i2401-P-620,i2401-P-620,34.0,0.0,0.0,0.0,10,33.9,34.4,20,33.7,34.0,34.0,34.0,1.0,3400.0,349
2023-05-09 21:19:56,i2401-P-620,i2401-P-620,34.0,0.0,0.0,0.0,10,33.9,34.4,10,33.7,34.0,34.0,34.0,1.0,3400.0,349
2023-05-09 21:19:58,i2401-P-620,i2401-P-620,34.0,0.0,0.0,0.0,20,33.9,34.4,10,33.7,34.0,34.0,34.0,1.0,3400.0,349
2023-05-09 21:20:00,i2401-P-620,i2401-P-620,34.0,0.0,0.0,0.0,20,33.9,34.4,20,33.7,34.0,34.0,34.0,1.0,3400.0,349
2023-05-09 21:20:02,i2401-P-620,i2401-P-620,34.0,0.0,0.0,0.0,20,33.9,34.4,10,33.7,34.0,34.0,34.0,1.0,3400.0,349
2023-05-09 21:20:03,i2401-P-620,i2401-P-620,34.0,0.0,0.0,0.0,10,34.0,34.4,10,33.7,34.0,34.0,34.0,1.0,3400.0,349
2023-05-09 21:20:04,i2401-P-620,i2401-P-620,34.0,0.0,0.0,0.0,20,33.9,34.4,10,33.7,34.0,34.0,34.0,1.0,3400.0,349
2023-05-09 21:20:07,i2401-P-620,i2401-P-620,34.0,0.0,0.0,0.0,20,33.9,34.4,20,33.7,34.0,34.0,34.0,1.0,3400.0,349
2023-05-09 21:20:08,i2401-P-620,i2401-P-620,34.0,0.0,0.0,0.0,10,33.9,34.4,20,33.7,34.0,34.0,34.0,1.0,3400.0,349
2023-05-09 21:20:08,i2401-P-620,i2401-P-620,34.0,0.0,0.0,0.0,20,33.9,34.4,10,33.7,34.0,34.0,34.0,1.0,3400.0,349
2023-05-09 21:20:08,i2401-P-620,i2401-P-620,34.0,0.0,0.0,0.0,20,33.9,34.4,20,33.7,34.0,34.0,34.0,1.0,3400.0,349
2023-05-09 21:20:09,i2401-P-620,i2401-P-620,34.0,0.0,0.0,0.0,10,33.9,34.4,20,33.7,34.0,34.0,34.0,1.0,3400.0,349
2023-05-09 21:20:10,i2401-P-620,i2401-P-620,34.0,0.0,0.0,0.0,20,33.9,34.4,20,33.7,34.0,34.0,34.0,1.0,3400.0,349
2023-05-09 21:20:16,i2401-P-620,i2401-P-620,34.0,0.0,0.0,0.0,10,33.9,34.3,20,33.7,34.0,34.0,34.0,1.0,3400.0,349
2023-05-09 21:20:16,i2401-P-620,i2401-P-620,34.0,0.0,0.0,0.0,10,33.9,34.3,10,33.7,34.0,34.0,34.0,1.0,3400.0,349
2023-05-09 21:20:17,i2401-P-620,i2401-P-620,34.0,0.0,0.0,0.0,10,33.9,34.3,20,33.7,34.0,34.0,34.0,1.0,3400.0,349
2023-05-09 21:20:19,i2401-P-620,i2401-P-620,34.0,0.0,0.0,0.0,10,33.9,34.3,10,33.7,34.0,34.0,34.0,1.0,3400.0,349
2023-05-09 21:20:22,i2401-P-620,i2401-P-620,34.0,0.0,0.0,0.0,10,33.9,34.3,20,33.7,34.0,34.0,34.0,1.0,3400.0,349
2023-05-09 21:20:23,i2401-P-620,i2401-P-620,34.0,0.0,0.0,0.0,10,33.9,34.3,10,33.7,34.0,34.0,34.0,1.0,3400.0,349
2023-05-09 21:20:24,i2401-P-620,i2401-P-620,34.0,0.0,0.0,0.0,10,33.9,34.3,20,33.7,34.0,34.0,34.0,1.0,3400.0,349
2023-05-09 21:20:24,i2401-P-620,i2401-P-620,34.0,0.0,0.0,0.0,10,33.9,34.3,10,33.7,34.0,34.0,34.0,1.0,3400.0,349
2023-05-09 21:20:25,i2401-P-620,i2401-P-620,34.0,0.0,0.0,0.0,10,33.9,34.3,20,33.7,34.0,34.0,34.0,1.0,3400.0,349
2023-05-09 21:20:26,i2401-P-620,i2401-P-620,34.0,0.0,0.0,0.0,20,33.8,34.3,20,33.7,34.0,34.0,34.0,1.0,3400.0,349
2023-05-09 21:20:27,i2401-P-620,i2401-P-620,34.0,0.0,0.0,0.0,10,33.8,34.3,20,33.7,34.0,34.0,34.0,1.0,3400.0,349
2023-05-09 21:20:29,i2401-P-620,i2401-P-620,34.0,0.0,0.0,0.0,10,33.8,34.2,10,33.7,34.0,34.0,34.0,1.0,3400.0,349
2023-05-09 21:20:34,i2401-P-620,i2401-P-620,34.0,0.0,0.0,0.0,20,33.8,34.2,10,33.7,34.0,34.0,34.0,1.0,3400.0,349
2023-05-09 21:20:35,i2401-P-620,i2401-P-620,34.0,0.0,0.0,0.0,20,33.8,34.3,20,33.7,34.0,34.0,34.0,1.0,3400.0,349
2023-05-09 21:20:37,i2401-P-620,i2401-P-620,34.0,0.0,0.0,0.0,10,33.8,34.3,20,33.7,34.0,34.0,34.0,1.0,3400.0,349
2023-05-09 21:20:46,i2401-P-620,i2401-P-620,34.0,0.0,0.0,0.0,10,33.8,34.2,10,33.7,34.0,34.0,34.0,1.0,3400.0,349
2023-05-09 21:20:46,i2401-P-620,i2401-P-620,34.0,0.0,0.0,0.0,20,33.8,34.3,20,33.7,34.0,34.0,34.0,1.0,3400.0,349
2023-05-09 21:21:04,i2401-P-620,i2401-P-620,34.0,0.0,0.0,0.0,30,33.8,34.4,20,33.7,34.0,34.0,34.0,1.0,3400.0,349
2023-05-09 21:21:31,i2401-P-620,i2401-P-620,34.0,0.0,0.0,0.0,20,33.8,34.4,20,33.7,34.0,34.0,34.0,1.0,3400.0,349
2023-05-09 21:21:33,i2401-P-620,i2401-P-620,34.0,0.0,0.0,0.0,30,33.8,34.4,20,33.7,34.0,34.0,34.0,1.0,3400.0,349
2023-05-09 21:21:36,i2401-P-620,i2401-P-620,34.0,0.0,0.0,0.0,10,33.9,34.4,10,33.7,34.0,34.0,34.0,1.0,3400.0,349
2023-05-09 21:21:41,i2401-P-620,i2401-P-620,34.0,0.0,0.0,0.0,10,33.9,34.3,10,33.7,34.0,34.0,34.0,1.0,3400.0,349
2023-05-09 21:21:42,i2401-P-620,i2401-P-620,34.0,0.0,0.0,0.0,10,33.9,34.2,10,33.7,34.0,34.0,34.0,1.0,3400.0,349
2023-05-09 21:21:44,i2401-P-620,i2401-P-620,34.0,0.0,0.0,0.0,10,33.9,34.3,10,33.7,34.0,34.0,34.0,1.0,3400.0,349
2023-05-09 21:21:45,i2401-P-620,i2401-P-620,34.0,0.0,0.0,0.0,10,33.9,34.4,20,33.7,34.0,34.0,34.0,1.0,3400.0,349
2023-05-09 21:21:46,i2401-P-620,i2401-P-620,34.0,0.0,0.0,0.0,10,33.9,34.3,10,33.7,34.0,34.0,34.0,1.0,3400.0,349
2023-05-09 21:21:47,i2401-P-620,i2401-P-620,34.0,0.0,0.0,0.0,10,33.9,34.4,20,33.7,34.0,34.0,34.0,1.0,3400.0,349
2023-05-09 21:21:50,i2401-P-620,i2401-P-620,34.0,0.0,0.0,0.0,10,33.9,34.3,10,33.7,34.0,34.0,34.0,1.0,3400.0,349
2023-05-09 21:21:51,i2401-P-620,i2401-P-620,34.0,0.0,0.0,0.0,20,33.9,34.4,20,33.7,34.0,34.0,34.0,1.0,3400.0,349
2023-05-09 21:21:53,i2401-P-620,i2401-P-620,34.0,0.0,0.0,0.0,10,33.9,34.4,20,33.7,34.0,34.0,34.0,1.0,3400.0,349
2023-05-09 21:21:54,i2401-P-620,i2401-P-620,34.0,0.0,0.0,0.0,20,33.9,34.4,10,33.7,34.0,34.0,34.0,1.0,3400.0,349
2023-05-09 21:21:55,i2401-P-620,i2401-P-620,34.0,0.0,0.0,0.0,20,33.9,34.4,20,33.7,34.0,34.0,34.0,1.0,3400.0,349
2023-05-09 21:21:56,i2401-P-620,i2401-P-620,34.0,0.0,0.0,0.0,20,33.9,34.4,10,33.7,34.0,34.0,34.0,1.0,3400.0,349
2023-05-09 21:22:01,i2401-P-620,i2401-P-620,34.0,0.0,0.0,0.0,30,33.9,34.4,10,33.7,34.0,34.0,34.0,1.0,3400.0,349
2023-05-09 21:22:03,i2401-P-620,i2401-P-620,34.0,0.0,0.0,0.0,10,34.0,34.5,1,33.7,34.0,34.0,34.0,1.0,3400.0,349
2023-05-09 21:22:03,i2401-P-620,i2401-P-620,34.0,0.0,0.0,0.0,20,34.0,34.5,1,33.7,34.0,34.0,34.0,1.0,3400.0,349
2023-05-09 21:22:04,i2401-P-620,i2401-P-620,34.0,0.0,0.0,0.0,30,34.0,34.5,1,33.7,34.0,34.0,34.0,1.0,3400.0,349
2023-05-09 21:22:10,i2401-P-620,i2401-P-620,34.0,0.0,0.0,0.0,30,34.0,34.6,20,33.7,34.0,34.0,34.0,1.0,3400.0,349
2023-05-09 21:22:12,i2401-P-620,i2401-P-620,34.0,0.0,0.0,0.0,10,34.1,34.6,20,33.7,34.0,34.0,34.0,1.0,3400.0,349
2023-05-09 21:22:12,i2401-P-620,i2401-P-620,34.0,0.0,0.0,0.0,10,34.1,34.6,10,33.7,34.0,34.0,34.0,1.0,3400.0,349
2023-05-09 21:22:12,i2401-P-620,i2401-P-620,34.0,0.0,0.0,0.0,20,34.1,34.6,10,33.7,34.0,34.0,34.0,1.0,3400.0,349
2023-05-09 21:22:16,i2401-P-620,i2401-P-620,34.0,0.0,0.0,0.0,20,34.1,34.6,20,33.7,34.0,34.0,34.0,1.0,3400.0,349
2023-05-09 21:22:18,i2401-P-620,i2401-P-620,34.0,0.0,0.0,0.0,20,34.1,34.6,10,33.7,34.0,34.0,34.0,1.0,3400.0,349
2023-05-09 21:22:21,i2401-P-620,i2401-P-620,34.0,0.0,0.0,0.0,20,34.1,34.6,20,33.7,34.0,34.0,34.0,1.0,3400.0,349
2023-05-09 21:22:22,i2401-P-620,i2401-P-620,34.0,0.0,0.0,0.0,10,34.1,34.6,20,33.7,34.0,34.0,34.0,1.0,3400.0,349
2023-05-09 21:22:22,i2401-P-620,i2401-P-620,34.0,0.0,0.0,0.0,20,34.1,34.6,20,33.7,34.0,34.0,34.0,1.0,3400.0,349
2023-05-09 21:22:23,i2401-P-620,i2401-P-620,34.0,0.0,0.0,0.0,20,34.1,34.6,10,33.7,34.0,34.0,34.0,1.0,3400.0,349
2023-05-09 21:22:26,i2401-P-620,i2401-P-620,34.0,0.0,0.0,0.0,20,34.1,34.6,20,33.7,34.0,34.0,34.0,1.0,3400.0,349
2023-05-09 21:22:27,i2401-P-620,i2401-P-620,34.0,0.0,0.0,0.0,20,34.1,34.6,10,33.7,34.0,34.0,34.0,1.0,3400.0,349
2023-05-09 21:22:30,i2401-P-620,i2401-P-620,34.0,0.0,0.0,0.0,30,34.1,34.6,10,33.7,34.0,34.0,34.0,1.0,3400.0,349
2023-05-09 21:22:32,i2401-P-620,i2401-P-620,34.0,0.0,0.0,0.0,30,34.1,34.6,20,33.7,34.0,34.0,34.0,1.0,3400.0,349
2023-05-09 21:22:32,i2401-P-620,i2401-P-620,34.0,0.0,0.0,0.0,30,34.1,34.6,10,33.7,34.0,34.0,34.0,1.0,3400.0,349
2023-05-09 21:22:36,i2401-P-620,i2401-P-620,34.0,0.0,0.0,0.0,30,34.1,34.6,20,33.7,34.0,34.0,34.0,1.0,3400.0,349
2023-05-09 21:22:37,i2401-P-620,i2401-P-620,34.0,0.0,0.0,0.0,20,34.1,34.6,20,33.7,34.0,34.0,34.0,1.0,3400.0,349
2023-05-09 21:22:39,i2401-P-620,i2401-P-620,34.0,0.0,0.0,0.0,30,34.1,34.6,20,33.7,34.0,34.0,34.0,1.0,3400.0,349
2023-05-09 21:22:39,i2401-P-620,i2401-P-620,34.0,0.0,0.0,0.0,30,34.1,34.6,10,33.7,34.0,34.0,34.0,1.0,3400.0,349
2023-05-09 21:22:40,i2401-P-620,i2401-P-620,34.0,0.0,0.0,0.0,30,34.1,34.6,20,33.7,34.0,34.0,34.0,1.0,3400.0,349
2023-05-09 21:22:42,i2401-P-620,i2401-P-620,34.0,0.0,0.0,0.0,20,34.1,34.6,20,33.7,34.0,34.0,34.0,1.0,3400.0,349
2023-05-09 21:22:43,i2401-P-620,i2401-P-620,34.0,0.0,0.0,0.0,30,34.1,34.6,20,33.7,34.0,34.0,34.0,1.0,3400.0,349
2023-05-09 21:22:44,i2401-P-620,i2401-P-620,34.0,0.0,0.0,0.0,30,34.1,34.6,10,33.7,34.0,34.0,34.0,1.0,3400.0,349
2023-05-09 21:23:15,i2401-P-620,i2401-P-620,34.0,0.0,0.0,0.0,20,34.2,34.8,20,33.7,34.0,34.0,34.0,1.0,3400.0,349
2023-05-09 21:23:17,i2401-P-620,i2401-P-620,34.0,0.0,0.0,0.0,30,34.2,34.8,20,33.7,34.0,34.0,34.0,1.0,3400.0,349
2023-05-09 21:23:26,i2401-P-620,i2401-P-620,34.0,0.0,0.0,0.0,30,34.2,34.7,10,33.7,34.0,34.0,34.0,1.0,3400.0,349
2023-05-09 21:23:27,i2401-P-620,i2401-P-620,34.0,0.0,0.0,0.0,40,34.2,34.8,20,33.7,34.0,34.0,34.0,1.0,3400.0,349
2023-05-09 21:23:48,i2401-P-620,i2401-P-620,34.0,0.0,0.0,0.0,40,34.2,34.7,10,33.7,34.0,34.0,34.0,1.0,3400.0,349
2023-05-09 21:23:53,i2401-P-620,i2401-P-620,34.0,0.0,0.0,0.0,40,34.2,34.8,20,33.7,34.0,34.0,34.0,1.0,3400.0,349
2023-05-09 21:23:55,i2401-P-620,i2401-P-620,34.0,0.0,0.0,0.0,30,34.2,34.7,10,33.7,34.0,34.0,34.0,1.0,3400.0,349
2023-05-09 21:23:57,i2401-P-620,i2401-P-620,34.0,0.0,0.0,0.0,20,34.2,34.7,10,33.7,34.0,34.0,34.0,1.0,3400.0,349
2023-05-09 21:23:59,i2401-P-620,i2401-P-620,34.0,0.0,0.0,0.0,30,34.2,34.7,10,33.7,34.0,34.0,34.0,1.0,3400.0,349
2023-05-09 21:24:05,i2401-P-620,i2401-P-620,34.0,0.0,0.0,0.0,10,34.2,34.7,20,33.7,34.0,34.0,34.0,1.0,3400.0,349
2023-05-09 21:24:16,i2401-P-620,i2401-P-620,34.0,0.0,0.0,0.0,10,34.2,34.7,30,33.7,34.0,34.0,34.0,1.0,3400.0,349
2023-05-09 21:24:17,i2401-P-620,i2401-P-620,34.0,0.0,0.0,0.0,10,34.2,34.6,10,33.7,34.0,34.0,34.0,1.0,3400.0,349
2023-05-09 21:24:17,i2401-P-620,i2401-P-620,34.0,0.0,0.0,0.0,10,34.2,34.6,20,33.7,34.0,34.0,34.0,1.0,3400.0,349
2023-05-09 21:24:27,i2401-P-620,i2401-P-620,34.0,0.0,0.0,0.0,20,34.2,34.6,20,33.7,34.0,34.0,34.0,1.0,3400.0,349
2023-05-09 21:24:40,i2401-P-620,i2401-P-620,34.0,0.0,0.0,0.0,20,34.2,34.5,10,33.7,34.0,34.0,34.0,1.0,3400.0,349
2023-05-09 21:24:42,i2401-P-620,i2401-P-620,34.0,0.0,0.0,0.0,20,34.2,34.6,20,33.7,34.0,34.0,34.0,1.0,3400.0,349
2023-05-09 21:24:50,i2401-P-620,i2401-P-620,34.0,0.0,0.0,0.0,20,34.2,34.5,10,33.7,34.0,34.0,34.0,1.0,3400.0,349
2023-05-09 21:24:51,i2401-P-620,i2401-P-620,34.0,0.0,0.0,0.0,20,34.2,34.6,20,33.7,34.0,34.0,34.0,1.0,3400.0,349
2023-05-09 21:24:59,i2401-P-620,i2401-P-620,34.0,0.0,0.0,0.0,20,34.2,34.5,10,33.7,34.0,34.0,34.0,1.0,3400.0,349
2023-05-09 21:25:06,i2401-P-620,i2401-P-620,34.0,0.0,0.0,0.0,20,34.2,34.5,20,33.7,34.0,34.0,34.0,1.0,3400.0,349
2023-05-09 21:25:18,i2401-P-620,i2401-P-620,34.0,0.0,0.0,0.0,20,34.2,34.5,10,33.7,34.0,34.0,34.0,1.0,3400.0,349
2023-05-09 21:25:42,i2401-P-620,i2401-P-620,34.0,0.0,0.0,0.0,10,34.2,34.5,10,33.7,34.0,34.0,34.0,1.0,3400.0,349
2023-05-09 21:25:54,i2401-P-620,i2401-P-620,34.0,0.0,0.0,0.0,41,33.9,34.5,10,33.7,34.0,34.0,34.0,1.0,3400.0,349
2023-05-09 21:25:55,i2401-P-620,i2401-P-620,34.0,0.0,0.0,0.0,20,34.0,34.5,10,33.7,34.0,34.0,34.0,1.0,3400.0,349
2023-05-09 21:25:55,i2401-P-620,i2401-P-620,34.0,0.0,0.0,0.0,41,33.9,34.5,10,33.7,34.0,34.0,34.0,1.0,3400.0,349
2023-05-09 21:26:00,i2401-P-620,i2401-P-620,34.0,0.0,0.0,0.0,31,33.9,34.5,10,33.7,34.0,34.0,34.0,1.0,3400.0,349
2023-05-09 21:26:05,i2401-P-620,i2401-P-620,34.0,0.0,0.0,0.0,31,33.9,34.4,10,33.7,34.0,34.0,34.0,1.0,3400.0,349
2023-05-09 21:26:06,i2401-P-620,i2401-P-620,34.0,0.0,0.0,0.0,11,33.9,34.3,10,33.7,34.0,34.0,34.0,1.0,3400.0,349
2023-05-09 21:26:07,i2401-P-620,i2401-P-620,34.0,0.0,0.0,0.0,11,33.9,34.4,10,33.7,34.0,34.0,34.0,1.0,3400.0,349
2023-05-09 21:26:20,i2401-P-620,i2401-P-620,34.0,0.0,0.0,0.0,21,33.9,34.4,10,33.7,34.0,34.0,34.0,1.0,3400.0,349
2023-05-09 21:26:37,i2401-P-620,i2401-P-620,34.0,0.0,0.0,0.0,21,33.9,34.3,10,33.7,34.0,34.0,34.0,1.0,3400.0,349
2023-05-09 21:27:01,i2401-P-620,i2401-P-620,34.0,0.0,0.0,0.0,21,33.9,34.4,10,33.7,34.0,34.0,34.0,1.0,3400.0,349
2023-05-09 21:27:30,i2401-P-620,i2401-P-620,34.0,0.0,0.0,0.0,21,33.9,34.3,10,33.7,34.0,34.0,34.0,1.0,3400.0,349
2023-05-09 21:27:30,i2401-P-620,i2401-P-620,34.0,0.0,0.0,0.0,1,33.9,34.3,10,33.7,34.0,34.0,34.0,1.0,3400.0,349
2023-05-09 21:27:31,i2401-P-620,i2401-P-620,34.0,0.0,0.0,0.0,30,33.7,34.3,20,33.7,34.0,34.0,34.0,1.0,3400.0,349
2023-05-09 21:27:31,i2401-P-620,i2401-P-620,34.0,0.0,0.0,0.0,30,33.7,34.2,10,33.7,34.0,34.0,34.0,1.0,3400.0,349
2023-05-09 21:27:32,i2401-P-620,i2401-P-620,34.0,0.0,0.0,0.0,20,33.7,34.2,10,33.7,34.0,34.0,34.0,1.0,3400.0,349
2023-05-09 21:27:33,i2401-P-620,i2401-P-620,34.0,0.0,0.0,0.0,40,33.7,34.2,10,33.7,34.0,34.0,34.0,1.0,3400.0,349
2023-05-09 21:27:33,i2401-P-620,i2401-P-620,34.0,0.0,0.0,0.0,40,33.7,34.3,20,33.7,34.0,34.0,34.0,1.0,3400.0,349
2023-05-09 21:27:39,i2401-P-620,i2401-P-620,34.0,0.0,0.0,0.0,40,33.7,34.3,10,33.7,34.0,34.0,34.0,1.0,3400.0,349
2023-05-09 21:27:40,i2401-P-620,i2401-P-620,34.0,0.0,0.0,0.0,10,33.8,34.3,10,33.7,34.0,34.0,34.0,1.0,3400.0,349
2023-05-09 21:27:41,i2401-P-620,i2401-P-620,34.0,0.0,0.0,0.0,40,33.7,34.3,10,33.7,34.0,34.0,34.0,1.0,3400.0,349
2023-05-09 21:27:44,i2401-P-620,i2401-P-620,34.0,0.0,0.0,0.0,40,33.7,34.2,10,33.7,34.0,34.0,34.0,1.0,3400.0,349
2023-05-09 21:27:47,i2401-P-620,i2401-P-620,34.0,0.0,0.0,0.0,40,33.7,34.3,10,33.7,34.0,34.0,34.0,1.0,3400.0,349
2023-05-09 21:28:04,i2401-P-620,i2401-P-620,34.0,0.0,0.0,0.0,30,33.7,34.2,10,33.7,34.0,34.0,34.0,1.0,3400.0,349
2023-05-09 21:28:06,i2401-P-620,i2401-P-620,34.0,0.0,0.0,0.0,40,33.7,34.2,10,33.7,34.0,34.0,34.0,1.0,3400.0,349
2023-05-09 21:28:07,i2401-P-620,i2401-P-620,34.0,0.0,0.0,0.0,30,33.7,34.3,10,33.7,34.0,34.0,34.0,1.0,3400.0,349
2023-05-09 21:28:07,i2401-P-620,i2401-P-620,34.0,0.0,0.0,0.0,40,33.7,34.3,10,33.7,34.0,34.0,34.0,1.0,3400.0,349
2023-05-09 21:28:37,i2401-P-620,i2401-P-620,34.0,0.0,0.0,0.0,40,33.7,34.2,10,33.7,34.0,34.0,34.0,1.0,3400.0,349
2023-05-09 21:28:40,i2401-P-620,i2401-P-620,34.0,0.0,0.0,0.0,40,33.7,34.3,10,33.7,34.0,34.0,34.0,1.0,3400.0,349
2023-05-09 21:29:06,i2401-P-620,i2401-P-620,34.0,0.0,0.0,0.0,10,33.8,34.4,10,33.7,34.0,34.0,34.0,1.0,3400.0,349
2023-05-09 21:29:06,i2401-P-620,i2401-P-620,34.0,0.0,0.0,0.0,10,33.9,34.4,10,33.7,34.0,34.0,34.0,1.0,3400.0,349
2023-05-09 21:29:07,i2401-P-620,i2401-P-620,34.0,0.0,0.0,0.0,30,33.8,34.4,10,33.7,34.0,34.0,34.0,1.0,3400.0,349
2023-05-09 21:29:08,i2401-P-620,i2401-P-620,34.0,0.0,0.0,0.0,10,33.9,34.4,10,33.7,34.0,34.0,34.0,1.0,3400.0,349
2023-05-09 21:29:09,i2401-P-620,i2401-P-620,34.0,0.0,0.0,0.0,30,33.8,34.4,10,33.7,34.0,34.0,34.0,1.0,3400.0,349
2023-05-09 21:29:13,i2401-P-620,i2401-P-620,34.0,0.0,0.0,0.0,10,33.9,34.4,10,33.7,34.0,34.0,34.0,1.0,3400.0,349
2023-05-09 21:29:17,i2401-P-620,i2401-P-620,34.0,0.0,0.0,0.0,30,33.8,34.4,10,33.7,34.0,34.0,34.0,1.0,3400.0,349
2023-05-09 21:29:37,i2401-P-620,i2401-P-620,34.0,0.0,0.0,0.0,40,33.8,34.4,10,33.7,34.0,34.0,34.0,1.0,3400.0,349
2023-05-09 21:30:02,i2401-P-620,i2401-P-620,34.0,0.0,0.0,0.0,10,33.9,34.4,10,33.7,34.0,34.0,34.0,1.0,3400.0,349
2023-05-09 21:30:03,i2401-P-620,i2401-P-620,34.0,0.0,0.0,0.0,10,33.9,34.5,10,33.7,34.0,34.0,34.0,1.0,3400.0,349
2023-05-09 21:30:03,i2401-P-620,i2401-P-620,34.0,0.0,0.0,0.0,20,33.9,34.5,10,33.7,34.0,34.0,34.0,1.0,3400.0,349
2023-05-09 21:30:03,i2401-P-620,i2401-P-620,34.0,0.0,0.0,0.0,30,33.9,34.5,10,33.7,34.0,34.0,34.0,1.0,3400.0,349
2023-05-09 21:30:04,i2401-P-620,i2401-P-620,34.0,0.0,0.0,0.0,20,33.9,34.5,10,33.7,34.0,34.0,34.0,1.0,3400.0,349
2023-05-09 21:30:04,i2401-P-620,i2401-P-620,34.0,0.0,0.0,0.0,30,33.9,34.5,10,33.7,34.0,34.0,34.0,1.0,3400.0,349
2023-05-09 21:30:13,i2401-P-620,i2401-P-620,34.0,0.0,0.0,0.0,20,33.9,34.5,10,33.7,34.0,34.0,34.0,1.0,3400.0,349
2023-05-09 21:30:13,i2401-P-620,i2401-P-620,34.0,0.0,0.0,0.0,30,33.9,34.5,10,33.7,34.0,34.0,34.0,1.0,3400.0,349
2023-05-09 21:30:20,i2401-P-620,i2401-P-620,34.0,0.0,0.0,0.0,40,33.9,34.5,10,33.7,34.0,34.0,34.0,1.0,3400.0,349
2023-05-09 21:30:20,i2401-P-620,i2401-P-620,34.0,0.0,0.0,0.0,10,34.0,34.5,10,33.7,34.0,34.0,34.0,1.0,3400.0,349
2023-05-09 21:30:21,i2401-P-620,i2401-P-620,34.0,0.0,0.0,0.0,10,34.0,34.6,10,33.7,34.0,34.0,34.0,1.0,3400.0,349
2023-05-09 21:30:22,i2401-P-620,i2401-P-620,34.0,0.0,0.0,0.0,20,34.0,34.6,10,33.7,34.0,34.0,34.0,1.0,3400.0,349
2023-05-09 21:30:25,i2401-P-620,i2401-P-620,34.0,0.0,0.0,0.0,20,34.0,34.5,10,33.7,34.0,34.0,34.0,1.0,3400.0,349
2023-05-09 21:30:26,i2401-P-620,i2401-P-620,34.0,0.0,0.0,0.0,20,34.0,34.6,10,33.7,34.0,34.0,34.0,1.0,3400.0,349
2023-05-09 21:30:27,i2401-P-620,i2401-P-620,34.0,0.0,0.0,0.0,20,34.0,34.5,10,33.7,34.0,34.0,34.0,1.0,3400.0,349
2023-05-09 21:30:28,i2401-P-620,i2401-P-620,34.0,0.0,0.0,0.0,20,34.0,34.6,10,33.7,34.0,34.0,34.0,1.0,3400.0,349
2023-05-09 21:30:29,i2401-P-620,i2401-P-620,34.0,0.0,0.0,0.0,20,34.0,34.5,10,33.7,34.0,34.0,34.0,1.0,3400.0,349
2023-05-09 21:30:30,i2401-P-620,i2401-P-620,34.0,0.0,0.0,0.0,10,34.0,34.5,10,33.7,34.0,34.0,34.0,1.0,3400.0,349
2023-05-09 21:30:30,i2401-P-620,i2401-P-620,34.0,0.0,0.0,0.0,30,33.9,34.5,10,33.7,34.0,34.0,34.0,1.0,3400.0,349
2023-05-09 21:30:32,i2401-P-620,i2401-P-620,34.0,0.0,0.0,0.0,10,34.0,34.5,10,33.7,34.0,34.0,34.0,1.0,3400.0,349
2023-05-09 21:30:33,i2401-P-620,i2401-P-620,34.0,0.0,0.0,0.0,20,34.0,34.5,10,33.7,34.0,34.0,34.0,1.0,3400.0,349
2023-05-09 21:30:33,i2401-P-620,i2401-P-620,34.0,0.0,0.0,0.0,10,34.0,34.5,10,33.7,34.0,34.0,34.0,1.0,3400.0,349
2023-05-09 21:30:36,i2401-P-620,i2401-P-620,34.0,0.0,0.0,0.0,40,33.9,34.5,10,33.7,34.0,34.0,34.0,1.0,3400.0,349
2023-05-09 21:30:36,i2401-P-620,i2401-P-620,34.0,0.0,0.0,0.0,10,34.0,34.5,10,33.7,34.0,34.0,34.0,1.0,3400.0,349
2023-05-09 21:30:38,i2401-P-620,i2401-P-620,34.0,0.0,0.0,0.0,20,34.0,34.5,10,33.7,34.0,34.0,34.0,1.0,3400.0,349
2023-05-09 21:30:39,i2401-P-620,i2401-P-620,34.0,0.0,0.0,0.0,20,34.0,34.6,10,33.7,34.0,34.0,34.0,1.0,3400.0,349
2023-05-09 21:30:41,i2401-P-620,i2401-P-620,34.0,0.0,0.0,0.0,20,34.0,34.5,10,33.7,34.0,34.0,34.0,1.0,3400.0,349
2023-05-09 21:30:42,i2401-P-620,i2401-P-620,34.0,0.0,0.0,0.0,20,34.0,34.6,10,33.7,34.0,34.0,34.0,1.0,3400.0,349
2023-05-09 21:30:43,i2401-P-620,i2401-P-620,34.0,0.0,0.0,0.0,20,34.0,34.5,10,33.7,34.0,34.0,34.0,1.0,3400.0,349
2023-05-09 21:30:43,i2401-P-620,i2401-P-620,34.0,0.0,0.0,0.0,20,34.0,34.6,10,33.7,34.0,34.0,34.0,1.0,3400.0,349
2023-05-09 21:31:02,i2401-P-620,i2401-P-620,34.0,0.0,0.0,0.0,30,34.0,34.6,10,33.7,34.0,34.0,34.0,1.0,3400.0,349
2023-05-09 21:31:03,i2401-P-620,i2401-P-620,34.0,0.0,0.0,0.0,20,34.1,34.7,21,33.7,34.0,34.0,34.0,1.0,3400.0,349
2023-05-09 21:31:05,i2401-P-620,i2401-P-620,34.0,0.0,0.0,0.0,30,34.1,34.7,21,33.7,34.0,34.0,34.0,1.0,3400.0,349
2023-05-09 21:31:08,i2401-P-620,i2401-P-620,34.0,0.0,0.0,0.0,20,34.1,34.6,10,33.7,34.0,34.0,34.0,1.0,3400.0,349
2023-05-09 21:31:11,i2401-P-620,i2401-P-620,34.0,0.0,0.0,0.0,10,34.1,34.6,10,33.7,34.0,34.0,34.0,1.0,3400.0,349
2023-05-09 21:31:16,i2401-P-620,i2401-P-620,34.0,0.0,0.0,0.0,10,34.1,34.5,10,33.7,34.0,34.0,34.0,1.0,3400.0,349
2023-05-09 21:31:18,i2401-P-620,i2401-P-620,34.0,0.0,0.0,0.0,20,34.1,34.5,10,33.7,34.0,34.0,34.0,1.0,3400.0,349
2023-05-09 21:31:26,i2401-P-620,i2401-P-620,34.0,0.0,0.0,0.0,20,34.1,34.6,10,33.7,34.0,34.0,34.0,1.0,3400.0,349
2023-05-09 21:31:31,i2401-P-620,i2401-P-620,34.0,0.0,0.0,0.0,30,34.1,34.6,10,33.7,34.0,34.0,34.0,1.0,3400.0,349
2023-05-09 21:31:33,i2401-P-620,i2401-P-620,34.0,0.0,0.0,0.0,30,34.1,34.7,21,33.7,34.0,34.0,34.0,1.0,3400.0,349
2023-05-09 21:31:38,i2401-P-620,i2401-P-620,34.0,0.0,0.0,0.0,20,34.1,34.7,21,33.7,34.0,34.0,34.0,1.0,3400.0,349
2023-05-09 21:31:51,i2401-P-620,i2401-P-620,34.0,0.0,0.0,0.0,20,34.1,34.7,31,33.7,34.0,34.0,34.0,1.0,3400.0,349
2023-05-09 21:31:54,i2401-P-620,i2401-P-620,34.0,0.0,0.0,0.0,20,34.1,34.7,21,33.7,34.0,34.0,34.0,1.0,3400.0,349
2023-05-09 21:31:56,i2401-P-620,i2401-P-620,34.0,0.0,0.0,0.0,20,34.1,34.7,31,33.7,34.0,34.0,34.0,1.0,3400.0,349
2023-05-09 21:31:57,i2401-P-620,i2401-P-620,34.0,0.0,0.0,0.0,20,34.1,34.7,21,33.7,34.0,34.0,34.0,1.0,3400.0,349
2023-05-09 21:31:59,i2401-P-620,i2401-P-620,34.0,0.0,0.0,0.0,30,34.1,34.7,21,33.7,34.0,34.0,34.0,1.0,3400.0,349
2023-05-09 21:32:06,i2401-P-620,i2401-P-620,34.0,0.0,0.0,0.0,30,34.1,34.7,11,33.7,34.0,34.0,34.0,1.0,3400.0,349
2023-05-09 21:32:12,i2401-P-620,i2401-P-620,34.0,0.0,0.0,0.0,20,34.1,34.6,10,33.7,34.0,34.0,34.0,1.0,3400.0,349
2023-05-09 21:32:13,i2401-P-620,i2401-P-620,34.0,0.0,0.0,0.0,20,34.1,34.7,11,33.7,34.0,34.0,34.0,1.0,3400.0,349
2023-05-09 21:32:15,i2401-P-620,i2401-P-620,34.0,0.0,0.0,0.0,10,34.2,34.7,11,33.7,34.0,34.0,34.0,1.0,3400.0,349
2023-05-09 21:32:15,i2401-P-620,i2401-P-620,34.0,0.0,0.0,0.0,20,34.2,34.7,11,33.7,34.0,34.0,34.0,1.0,3400.0,349
2023-05-09 21:32:16,i2401-P-620,i2401-P-620,34.0,0.0,0.0,0.0,20,34.2,34.7,1,33.7,34.0,34.0,34.0,1.0,3400.0,349
2023-05-09 21:32:16,i2401-P-620,i2401-P-620,34.0,0.0,0.0,0.0,20,34.2,34.7,11,33.7,34.0,34.0,34.0,1.0,3400.0,349
2023-05-09 21:32:17,i2401-P-620,i2401-P-620,34.0,0.0,0.0,0.0,10,34.2,34.7,11,33.7,34.0,34.0,34.0,1.0,3400.0,349
2023-05-09 21:32:19,i2401-P-620,i2401-P-620,34.0,0.0,0.0,0.0,20,34.2,34.7,11,33.7,34.0,34.0,34.0,1.0,3400.0,349
2023-05-09 21:32:21,i2401-P-620,i2401-P-620,34.0,0.0,0.0,0.0,30,34.2,34.7,1,33.7,34.0,34.0,34.0,1.0,3400.0,349
2023-05-09 21:32:22,i2401-P-620,i2401-P-620,34.0,0.0,0.0,0.0,20,34.2,34.7,11,33.7,34.0,34.0,34.0,1.0,3400.0,349
2023-05-09 21:32:23,i2401-P-620,i2401-P-620,34.0,0.0,0.0,0.0,30,34.2,34.7,11,33.7,34.0,34.0,34.0,1.0,3400.0,349
2023-05-09 21:32:23,i2401-P-620,i2401-P-620,34.0,0.0,0.0,0.0,30,34.2,34.7,1,33.7,34.0,34.0,34.0,1.0,3400.0,349
2023-05-09 21:32:24,i2401-P-620,i2401-P-620,34.0,0.0,0.0,0.0,20,34.2,34.7,11,33.7,34.0,34.0,34.0,1.0,3400.0,349
2023-05-09 21:32:39,i2401-P-620,i2401-P-620,34.0,0.0,0.0,0.0,30,34.2,34.7,11,33.7,34.0,34.0,34.0,1.0,3400.0,349
2023-05-09 21:32:40,i2401-P-620,i2401-P-620,34.0,0.0,0.0,0.0,30,34.2,34.7,1,33.7,34.0,34.0,34.0,1.0,3400.0,349
2023-05-09 21:32:40,i2401-P-620,i2401-P-620,34.0,0.0,0.0,0.0,30,34.2,34.7,11,33.7,34.0,34.0,34.0,1.0,3400.0,349
2023-05-09 21:32:46,i2401-P-620,i2401-P-620,34.0,0.0,0.0,0.0,20,34.2,34.7,11,33.7,34.0,34.0,34.0,1.0,3400.0,349
2023-05-09 21:32:48,i2401-P-620,i2401-P-620,34.0,0.0,0.0,0.0,20,34.2,34.6,10,33.7,34.0,34.0,34.0,1.0,3400.0,349
2023-05-09 21:32:48,i2401-P-620,i2401-P-620,34.0,0.0,0.0,0.0,20,34.2,34.7,11,33.7,34.0,34.0,34.0,1.0,3400.0,349
2023-05-09 21:32:49,i2401-P-620,i2401-P-620,34.0,0.0,0.0,0.0,20,34.2,34.6,10,33.7,34.0,34.0,34.0,1.0,3400.0,349
2023-05-09 21:32:49,i2401-P-620,i2401-P-620,34.0,0.0,0.0,0.0,20,34.2,34.7,11,33.7,34.0,34.0,34.0,1.0,3400.0,349
2023-05-09 21:32:52,i2401-P-620,i2401-P-620,34.0,0.0,0.0,0.0,20,34.2,34.6,10,33.7,34.0,34.0,34.0,1.0,3400.0,349
2023-05-09 21:32:55,i2401-P-620,i2401-P-620,34.0,0.0,0.0,0.0,20,34.2,34.7,11,33.7,34.0,34.0,34.0,1.0,3400.0,349
2023-05-09 21:33:00,i2401-P-620,i2401-P-620,34.0,0.0,0.0,0.0,20,34.2,34.6,10,33.7,34.0,34.0,34.0,1.0,3400.0,349
2023-05-09 21:33:01,i2401-P-620,i2401-P-620,34.0,0.0,0.0,0.0,20,34.2,34.7,11,33.7,34.0,34.0,34.0,1.0,3400.0,349
2023-05-09 21:33:06,i2401-P-620,i2401-P-620,34.0,0.0,0.0,0.0,20,34.2,34.6,20,33.7,34.0,34.0,34.0,1.0,3400.0,349
2023-05-09 21:33:06,i2401-P-620,i2401-P-620,34.0,0.0,0.0,0.0,10,34.2,34.6,10,33.7,34.0,34.0,34.0,1.0,3400.0,349
2023-05-09 21:33:07,i2401-P-620,i2401-P-620,34.0,0.0,0.0,0.0,10,34.0,34.6,20,33.7,34.0,34.0,34.0,1.0,3400.0,349
2023-05-09 21:33:07,i2401-P-620,i2401-P-620,34.0,0.0,0.0,0.0,10,33.9,34.4,10,33.7,34.0,34.0,34.0,1.0,3400.0,349
2023-05-09 21:33:08,i2401-P-620,i2401-P-620,34.0,0.0,0.0,0.0,10,34.0,34.6,30,33.7,34.0,34.0,34.0,1.0,3400.0,349
2023-05-09 21:33:09,i2401-P-620,i2401-P-620,34.0,0.0,0.0,0.0,10,34.0,34.5,10,33.7,34.0,34.0,34.0,1.0,3400.0,349
2023-05-09 21:33:10,i2401-P-620,i2401-P-620,34.0,0.0,0.0,0.0,20,33.9,34.5,10,33.7,34.0,34.0,34.0,1.0,3400.0,349
2023-05-09 21:33:55,i2401-P-620,i2401-P-620,34.0,0.0,0.0,0.0,20,33.9,34.4,10,33.7,34.0,34.0,34.0,1.0,3400.0,349
2023-05-09 21:33:55,i2401-P-620,i2401-P-620,34.0,0.0,0.0,0.0,10,33.9,34.4,10,33.7,34.0,34.0,34.0,1.0,3400.0,349
2023-05-09 21:33:56,i2401-P-620,i2401-P-620,34.0,0.0,0.0,0.0,10,33.9,34.3,10,33.7,34.0,34.0,34.0,1.0,3400.0,349
2023-05-09 21:33:56,i2401-P-620,i2401-P-620,34.0,0.0,0.0,0.0,21,33.7,34.3,10,33.7,34.0,34.0,34.0,1.0,3400.0,349
2023-05-09 21:34:03,i2401-P-620,i2401-P-620,34.0,0.0,0.0,0.0,21,33.7,34.3,20,33.7,34.0,34.0,34.0,1.0,3400.0,349
2023-05-09 21:34:11,i2401-P-620,i2401-P-620,34.0,0.0,0.0,0.0,11,33.7,34.2,10,33.7,34.0,34.0,34.0,1.0,3400.0,349
2023-05-09 21:34:11,i2401-P-620,i2401-P-620,34.0,0.0,0.0,0.0,21,33.7,34.2,20,33.7,34.0,34.0,34.0,1.0,3400.0,349
2023-05-09 21:34:16,i2401-P-620,i2401-P-620,34.0,0.0,0.0,0.0,11,33.7,34.2,20,33.7,34.0,34.0,34.0,1.0,3400.0,349
2023-05-09 21:34:18,i2401-P-620,i2401-P-620,34.0,0.0,0.0,0.0,21,33.7,34.2,20,33.7,34.0,34.0,34.0,1.0,3400.0,349
2023-05-09 21:34:18,i2401-P-620,i2401-P-620,34.0,0.0,0.0,0.0,11,33.7,34.2,20,33.7,34.0,34.0,34.0,1.0,3400.0,349
2023-05-09 21:34:21,i2401-P-620,i2401-P-620,34.0,0.0,0.0,0.0,11,33.7,34.2,10,33.7,34.0,34.0,34.0,1.0,3400.0,349
2023-05-09 21:34:23,i2401-P-620,i2401-P-620,34.0,0.0,0.0,0.0,21,33.7,34.2,10,33.7,34.0,34.0,34.0,1.0,3400.0,349
2023-05-09 21:34:26,i2401-P-620,i2401-P-620,34.0,0.0,0.0,0.0,11,33.7,34.2,10,33.7,34.0,34.0,34.0,1.0,3400.0,349
2023-05-09 21:34:29,i2401-P-620,i2401-P-620,34.0,0.0,0.0,0.0,21,33.7,34.4,10,33.7,34.0,34.0,34.0,1.0,3400.0,349
2023-05-09 21:34:38,i2401-P-620,i2401-P-620,34.0,0.0,0.0,0.0,31,33.7,34.4,20,33.7,34.0,34.0,34.0,1.0,3400.0,349
2023-05-09 21:34:48,i2401-P-620,i2401-P-620,34.0,0.0,0.0,0.0,21,33.7,34.4,10,33.7,34.0,34.0,34.0,1.0,3400.0,349
2023-05-09 21:34:49,i2401-P-620,i2401-P-620,34.0,0.0,0.0,0.0,31,33.7,34.2,10,33.7,34.0,34.0,34.0,1.0,3400.0,349
2023-05-09 21:34:49,i2401-P-620,i2401-P-620,34.0,0.0,0.0,0.0,21,33.7,34.2,10,33.7,34.0,34.0,34.0,1.0,3400.0,349
2023-05-09 21:34:51,i2401-P-620,i2401-P-620,34.0,0.0,0.0,0.0,31,33.7,34.2,20,33.7,34.0,34.0,34.0,1.0,3400.0,349
2023-05-09 21:35:01,i2401-P-620,i2401-P-620,34.0,0.0,0.0,0.0,21,33.7,34.2,20,33.7,34.0,34.0,34.0,1.0,3400.0,349
2023-05-09 21:35:07,i2401-P-620,i2401-P-620,34.0,0.0,0.0,0.0,10,33.7,34.2,10,33.7,34.0,34.0,34.0,1.0,3400.0,349
2023-05-09 21:35:09,i2401-P-620,i2401-P-620,34.0,0.0,0.0,0.0,10,33.7,34.2,20,33.7,34.0,34.0,34.0,1.0,3400.0,349
2023-05-09 21:35:12,i2401-P-620,i2401-P-620,34.0,0.0,0.0,0.0,20,33.7,34.2,10,33.7,34.0,34.0,34.0,1.0,3400.0,349
2023-05-09 21:35:12,i2401-P-620,i2401-P-620,34.0,0.0,0.0,0.0,20,33.7,34.1,10,33.7,34.0,34.0,34.0,1.0,3400.0,349
2023-05-09 21:35:15,i2401-P-620,i2401-P-620,34.0,0.0,0.0,0.0,20,33.7,34.1,20,33.7,34.0,34.0,34.0,1.0,3400.0,349
2023-05-09 21:35:22,i2401-P-620,i2401-P-620,34.0,0.0,0.0,0.0,20,33.7,34.0,10,33.7,34.0,34.0,34.0,1.0,3400.0,349
2023-05-09 21:35:22,i2401-P-620,i2401-P-620,34.0,0.0,0.0,0.0,20,33.6,34.1,10,33.7,34.0,34.0,34.0,1.0,3400.0,349
2023-05-09 21:35:23,i2401-P-620,i2401-P-620,34.0,0.0,0.0,0.0,30,33.6,34.2,30,33.7,34.0,34.0,34.0,1.0,3400.0,349
2023-05-09 21:35:24,i2401-P-620,i2401-P-620,34.0,0.0,0.0,0.0,30,33.6,34.1,10,33.7,34.0,34.0,34.0,1.0,3400.0,349
2023-05-09 21:35:26,i2401-P-620,i2401-P-620,34.0,0.0,0.0,0.0,20,33.6,34.1,10,33.7,34.0,34.0,34.0,1.0,3400.0,349
2023-05-09 21:35:27,i2401-P-620,i2401-P-620,34.0,0.0,0.0,0.0,30,33.6,34.1,10,33.7,34.0,34.0,34.0,1.0,3400.0,349
2023-05-09 21:35:27,i2401-P-620,i2401-P-620,34.0,0.0,0.0,0.0,20,33.6,34.1,10,33.7,34.0,34.0,34.0,1.0,3400.0,349
2023-05-09 21:35:28,i2401-P-620,i2401-P-620,34.0,0.0,0.0,0.0,30,33.6,34.1,10,33.7,34.0,34.0,34.0,1.0,3400.0,349
2023-05-09 21:35:29,i2401-P-620,i2401-P-620,34.0,0.0,0.0,0.0,20,33.6,34.1,10,33.7,34.0,34.0,34.0,1.0,3400.0,349
2023-05-09 21:35:29,i2401-P-620,i2401-P-620,34.0,0.0,0.0,0.0,20,33.6,34.0,10,33.7,34.0,34.0,34.0,1.0,3400.0,349
2023-05-09 21:35:32,i2401-P-620,i2401-P-620,34.0,0.0,0.0,0.0,20,33.6,34.0,20,33.7,34.0,34.0,34.0,1.0,3400.0,349
2023-05-09 21:35:34,i2401-P-620,i2401-P-620,34.0,0.0,0.0,0.0,10,33.6,34.0,10,33.7,34.0,34.0,34.0,1.0,3400.0,349
2023-05-09 21:35:35,i2401-P-620,i2401-P-620,34.0,0.0,0.0,0.0,10,33.6,34.0,20,33.7,34.0,34.0,34.0,1.0,3400.0,349
2023-05-09 21:35:37,i2401-P-620,i2401-P-620,34.0,0.0,0.0,0.0,30,33.5,34.0,20,33.7,34.0,34.0,34.0,1.0,3400.0,349
2023-05-09 21:35:38,i2401-P-620,i2401-P-620,34.0,0.0,0.0,0.0,20,33.5,34.0,20,33.7,34.0,34.0,34.0,1.0,3400.0,349
2023-05-09 21:35:38,i2401-P-620,i2401-P-620,34.0,0.0,0.0,0.0,10,33.5,34.0,20,33.7,34.0,34.0,34.0,1.0,3400.0,349
2023-05-09 21:35:40,i2401-P-620,i2401-P-620,34.0,0.0,0.0,0.0,20,33.5,34.0,20,33.7,34.0,34.0,34.0,1.0,3400.0,349
2023-05-09 21:35:45,i2401-P-620,i2401-P-620,34.0,0.0,0.0,0.0,20,33.5,34.0,30,33.7,34.0,34.0,34.0,1.0,3400.0,349
2023-05-09 21:35:52,i2401-P-620,i2401-P-620,34.0,0.0,0.0,0.0,30,33.5,34.0,10,33.7,34.0,34.0,34.0,1.0,3400.0,349
2023-05-09 21:35:52,i2401-P-620,i2401-P-620,34.0,0.0,0.0,0.0,20,33.5,34.0,10,33.7,34.0,34.0,34.0,1.0,3400.0,349
2023-05-09 21:35:55,i2401-P-620,i2401-P-620,34.0,0.0,0.0,0.0,10,33.6,34.0,10,33.7,34.0,34.0,34.0,1.0,3400.0,349
2023-05-09 21:35:56,i2401-P-620,i2401-P-620,34.0,0.0,0.0,0.0,30,33.6,34.0,10,33.7,34.0,34.0,34.0,1.0,3400.0,349
2023-05-09 21:36:43,i2401-P-620,i2401-P-620,34.0,0.0,0.0,0.0,10,33.6,34.0,10,33.7,34.0,34.0,34.0,1.0,3400.0,349
2023-05-09 21:37:08,i2401-P-620,i2401-P-620,34.0,0.0,0.0,0.0,20,33.6,34.0,10,33.7,34.0,34.0,34.0,1.0,3400.0,349
2023-05-09 21:37:08,i2401-P-620,i2401-P-620,34.0,0.0,0.0,0.0,20,33.6,34.1,10,33.7,34.0,34.0,34.0,1.0,3400.0,349
2023-05-09 21:37:25,i2401-P-620,i2401-P-620,34.0,0.0,0.0,0.0,20,33.6,34.1,20,33.7,34.0,34.0,34.0,1.0,3400.0,349
2023-05-09 21:37:26,i2401-P-620,i2401-P-620,34.0,0.0,0.0,0.0,20,33.6,34.1,10,33.7,34.0,34.0,34.0,1.0,3400.0,349
2023-05-09 21:37:26,i2401-P-620,i2401-P-620,34.0,0.0,0.0,0.0,20,33.6,34.1,20,33.7,34.0,34.0,34.0,1.0,3400.0,349
2023-05-09 21:37:27,i2401-P-620,i2401-P-620,34.0,0.0,0.0,0.0,20,33.6,34.1,10,33.7,34.0,34.0,34.0,1.0,3400.0,349
2023-05-09 21:37:28,i2401-P-620,i2401-P-620,34.0,0.0,0.0,0.0,30,33.6,34.1,10,33.7,34.0,34.0,34.0,1.0,3400.0,349
2023-05-09 21:37:29,i2401-P-620,i2401-P-620,34.0,0.0,0.0,0.0,30,33.7,34.1,10,33.7,34.0,34.0,34.0,1.0,3400.0,349
2023-05-09 21:37:30,i2401-P-620,i2401-P-620,34.0,0.0,0.0,0.0,20,33.7,34.1,10,33.7,34.0,34.0,34.0,1.0,3400.0,349
2023-05-09 21:37:32,i2401-P-620,i2401-P-620,34.0,0.0,0.0,0.0,30,33.7,34.1,10,33.7,34.0,34.0,34.0,1.0,3400.0,349
2023-05-09 21:37:35,i2401-P-620,i2401-P-620,34.0,0.0,0.0,0.0,20,33.7,34.1,10,33.7,34.0,34.0,34.0,1.0,3400.0,349
2023-05-09 21:37:35,i2401-P-620,i2401-P-620,34.0,0.0,0.0,0.0,30,33.7,34.1,10,33.7,34.0,34.0,34.0,1.0,3400.0,349
2023-05-09 21:38:08,i2401-P-620,i2401-P-620,34.0,0.0,0.0,0.0,10,33.8,34.1,10,33.7,34.0,34.0,34.0,1.0,3400.0,349
2023-05-09 21:38:10,i2401-P-620,i2401-P-620,34.0,0.0,0.0,0.0,20,33.8,34.1,10,33.7,34.0,34.0,34.0,1.0,3400.0,349
2023-05-09 21:38:10,i2401-P-620,i2401-P-620,34.0,0.0,0.0,0.0,20,33.8,34.3,10,33.7,34.0,34.0,34.0,1.0,3400.0,349
2023-05-09 21:38:12,i2401-P-620,i2401-P-620,34.0,0.0,0.0,0.0,30,33.8,34.3,10,33.7,34.0,34.0,34.0,1.0,3400.0,349
2023-05-09 21:38:32,i2401-P-620,i2401-P-620,34.0,0.0,0.0,0.0,10,33.9,34.3,10,33.7,34.0,34.0,34.0,1.0,3400.0,349
2023-05-09 21:38:32,i2401-P-620,i2401-P-620,34.0,0.0,0.0,0.0,20,33.9,34.3,10,33.7,34.0,34.0,34.0,1.0,3400.0,349
2023-05-09 21:38:33,i2401-P-620,i2401-P-620,34.0,0.0,0.0,0.0,10,33.9,34.3,10,33.7,34.0,34.0,34.0,1.0,3400.0,349
2023-05-09 21:38:34,i2401-P-620,i2401-P-620,34.0,0.0,0.0,0.0,20,33.9,34.3,10,33.7,34.0,34.0,34.0,1.0,3400.0,349
2023-05-09 21:38:37,i2401-P-620,i2401-P-620,34.0,0.0,0.0,0.0,10,34.0,34.4,1,33.7,34.0,34.0,34.0,1.0,3400.0,349
2023-05-09 21:38:38,i2401-P-620,i2401-P-620,34.0,0.0,0.0,0.0,20,33.9,34.4,1,33.7,34.0,34.0,34.0,1.0,3400.0,349
2023-05-09 21:38:42,i2401-P-620,i2401-P-620,34.0,0.0,0.0,0.0,20,33.9,34.4,11,33.7,34.0,34.0,34.0,1.0,3400.0,349
2023-05-09 21:38:42,i2401-P-620,i2401-P-620,34.0,0.0,0.0,0.0,20,33.9,34.4,1,33.7,34.0,34.0,34.0,1.0,3400.0,349
2023-05-09 21:38:44,i2401-P-620,i2401-P-620,34.0,0.0,0.0,0.0,20,33.9,34.4,11,33.7,34.0,34.0,34.0,1.0,3400.0,349
2023-05-09 21:38:45,i2401-P-620,i2401-P-620,34.0,0.0,0.0,0.0,20,33.9,34.4,1,33.7,34.0,34.0,34.0,1.0,3400.0,349
2023-05-09 21:38:54,i2401-P-620,i2401-P-620,34.0,0.0,0.0,0.0,30,33.8,34.4,11,33.7,34.0,34.0,34.0,1.0,3400.0,349
2023-05-09 21:38:55,i2401-P-620,i2401-P-620,34.0,0.0,0.0,0.0,20,33.9,34.4,1,33.7,34.0,34.0,34.0,1.0,3400.0,349
2023-05-09 21:38:57,i2401-P-620,i2401-P-620,34.0,0.0,0.0,0.0,30,33.9,34.4,1,33.7,34.0,34.0,34.0,1.0,3400.0,349
2023-05-09 21:39:03,i2401-P-620,i2401-P-620,34.0,0.0,0.0,0.0,30,33.9,34.4,11,33.7,34.0,34.0,34.0,1.0,3400.0,349
2023-05-09 21:39:09,i2401-P-620,i2401-P-620,34.0,0.0,0.0,0.0,30,33.9,34.4,1,33.7,34.0,34.0,34.0,1.0,3400.0,349
2023-05-09 21:39:13,i2401-P-620,i2401-P-620,34.0,0.0,0.0,0.0,30,33.9,34.4,11,33.7,34.0,34.0,34.0,1.0,3400.0,349
2023-05-09 21:39:22,i2401-P-620,i2401-P-620,34.0,0.0,0.0,0.0,20,33.9,34.4,11,33.7,34.0,34.0,34.0,1.0,3400.0,349
2023-05-09 21:39:22,i2401-P-620,i2401-P-620,34.0,0.0,0.0,0.0,20,33.9,34.3,10,33.7,34.0,34.0,34.0,1.0,3400.0,349
2023-05-09 21:39:23,i2401-P-620,i2401-P-620,34.0,0.0,0.0,0.0,20,33.9,34.4,11,33.7,34.0,34.0,34.0,1.0,3400.0,349
2023-05-09 21:39:29,i2401-P-620,i2401-P-620,34.0,0.0,0.0,0.0,20,33.9,34.4,1,33.7,34.0,34.0,34.0,1.0,3400.0,349
2023-05-09 21:39:29,i2401-P-620,i2401-P-620,34.0,0.0,0.0,0.0,20,33.9,34.5,20,33.7,34.0,34.0,34.0,1.0,3400.0,349
2023-05-09 21:39:31,i2401-P-620,i2401-P-620,34.0,0.0,0.0,0.0,30,33.9,34.5,20,33.7,34.0,34.0,34.0,1.0,3400.0,349
2023-05-09 21:39:31,i2401-P-620,i2401-P-620,34.0,0.0,0.0,0.0,30,33.9,34.4,10,33.7,34.0,34.0,34.0,1.0,3400.0,349
2023-05-09 21:39:42,i2401-P-620,i2401-P-620,34.0,0.0,0.0,0.0,30,33.9,34.5,20,33.7,34.0,34.0,34.0,1.0,3400.0,349
2023-05-09 21:39:43,i2401-P-620,i2401-P-620,34.0,0.0,0.0,0.0,30,33.9,34.5,30,33.7,34.0,34.0,34.0,1.0,3400.0,349
2023-05-09 21:39:44,i2401-P-620,i2401-P-620,34.0,0.0,0.0,0.0,30,33.9,34.4,10,33.7,34.0,34.0,34.0,1.0,3400.0,349
2023-05-09 21:39:45,i2401-P-620,i2401-P-620,34.0,0.0,0.0,0.0,30,33.9,34.5,30,33.7,34.0,34.0,34.0,1.0,3400.0,349
2023-05-09 21:39:48,i2401-P-620,i2401-P-620,34.0,0.0,0.0,0.0,30,33.9,34.4,10,33.7,34.0,34.0,34.0,1.0,3400.0,349
2023-05-09 21:39:54,i2401-P-620,i2401-P-620,34.0,0.0,0.0,0.0,30,33.9,34.5,30,33.7,34.0,34.0,34.0,1.0,3400.0,349
2023-05-09 21:39:55,i2401-P-620,i2401-P-620,34.0,0.0,0.0,0.0,30,33.9,34.4,10,33.7,34.0,34.0,34.0,1.0,3400.0,349
2023-05-09 21:39:56,i2401-P-620,i2401-P-620,34.0,0.0,0.0,0.0,30,33.9,34.5,30,33.7,34.0,34.0,34.0,1.0,3400.0,349
2023-05-09 21:39:57,i2401-P-620,i2401-P-620,34.0,0.0,0.0,0.0,30,33.9,34.4,10,33.7,34.0,34.0,34.0,1.0,3400.0,349
2023-05-09 21:40:02,i2401-P-620,i2401-P-620,34.0,0.0,0.0,0.0,20,33.9,34.3,10,33.7,34.0,34.0,34.0,1.0,3400.0,349
2023-05-09 21:40:03,i2401-P-620,i2401-P-620,34.0,0.0,0.0,0.0,10,33.9,34.3,10,33.7,34.0,34.0,34.0,1.0,3400.0,349
2023-05-09 21:40:03,i2401-P-620,i2401-P-620,34.0,0.0,0.0,0.0,20,33.8,34.1,10,33.7,34.0,34.0,34.0,1.0,3400.0,349
2023-05-09 21:40:27,i2401-P-620,i2401-P-620,34.0,0.0,0.0,0.0,10,33.6,34.1,20,33.7,34.0,34.0,34.0,1.0,3400.0,349
2023-05-09 21:40:28,i2401-P-620,i2401-P-620,34.0,0.0,0.0,0.0,20,33.6,34.1,20,33.7,34.0,34.0,34.0,1.0,3400.0,349
2023-05-09 21:40:28,i2401-P-620,i2401-P-620,34.0,0.0,0.0,0.0,30,33.6,34.1,10,33.7,34.0,34.0,34.0,1.0,3400.0,349
2023-05-09 21:40:32,i2401-P-620,i2401-P-620,34.0,0.0,0.0,0.0,30,33.6,34.1,20,33.7,34.0,34.0,34.0,1.0,3400.0,349
2023-05-09 21:40:34,i2401-P-620,i2401-P-620,34.0,0.0,0.0,0.0,30,33.6,34.1,10,33.7,34.0,34.0,34.0,1.0,3400.0,349
2023-05-09 21:40:35,i2401-P-620,i2401-P-620,34.0,0.0,0.0,0.0,30,33.6,34.1,20,33.7,34.0,34.0,34.0,1.0,3400.0,349
2023-05-09 21:40:37,i2401-P-620,i2401-P-620,34.0,0.0,0.0,0.0,20,33.6,34.1,20,33.7,34.0,34.0,34.0,1.0,3400.0,349
2023-05-09 21:40:43,i2401-P-620,i2401-P-620,34.0,0.0,0.0,0.0,30,33.6,34.1,20,33.7,34.0,34.0,34.0,1.0,3400.0,349
2023-05-09 21:40:43,i2401-P-620,i2401-P-620,34.0,0.0,0.0,0.0,20,33.6,34.1,20,33.7,34.0,34.0,34.0,1.0,3400.0,349
2023-05-09 21:40:45,i2401-P-620,i2401-P-620,34.0,0.0,0.0,0.0,30,33.6,34.1,10,33.7,34.0,34.0,34.0,1.0,3400.0,349
2023-05-09 21:40:46,i2401-P-620,i2401-P-620,34.0,0.0,0.0,0.0,30,33.6,34.1,20,33.7,34.0,34.0,34.0,1.0,3400.0,349
2023-05-09 21:40:48,i2401-P-620,i2401-P-620,34.0,0.0,0.0,0.0,20,33.6,34.1,20,33.7,34.0,34.0,34.0,1.0,3400.0,349
2023-05-09 21:40:48,i2401-P-620,i2401-P-620,34.0,0.0,0.0,0.0,30,33.6,34.1,20,33.7,34.0,34.0,34.0,1.0,3400.0,349
2023-05-09 21:40:50,i2401-P-620,i2401-P-620,34.0,0.0,0.0,0.0,30,33.6,34.1,10,33.7,34.0,34.0,34.0,1.0,3400.0,349
2023-05-09 21:40:52,i2401-P-620,i2401-P-620,34.0,0.0,0.0,0.0,30,33.6,34.1,20,33.7,34.0,34.0,34.0,1.0,3400.0,349
2023-05-09 21:40:53,i2401-P-620,i2401-P-620,34.0,0.0,0.0,0.0,30,33.6,34.1,10,33.7,34.0,34.0,34.0,1.0,3400.0,349
2023-05-09 21:40:59,i2401-P-620,i2401-P-620,34.0,0.0,0.0,0.0,10,33.7,34.1,10,33.7,34.0,34.0,34.0,1.0,3400.0,349
2023-05-09 21:40:59,i2401-P-620,i2401-P-620,34.0,0.0,0.0,0.0,20,33.7,34.1,10,33.7,34.0,34.0,34.0,1.0,3400.0,349
2023-05-09 21:41:02,i2401-P-620,i2401-P-620,34.0,0.0,0.0,0.0,10,33.7,34.1,10,33.7,34.0,34.0,34.0,1.0,3400.0,349
2023-05-09 21:41:03,i2401-P-620,i2401-P-620,34.0,0.0,0.0,0.0,20,33.7,34.1,10,33.7,34.0,34.0,34.0,1.0,3400.0,349
2023-05-09 21:41:10,i2401-P-620,i2401-P-620,34.0,0.0,0.0,0.0,10,33.8,34.1,10,33.7,34.0,34.0,34.0,1.0,3400.0,349
2023-05-09 21:41:10,i2401-P-620,i2401-P-620,34.0,0.0,0.0,0.0,20,33.7,34.1,10,33.7,34.0,34.0,34.0,1.0,3400.0,349
2023-05-09 21:41:11,i2401-P-620,i2401-P-620,34.0,0.0,0.0,0.0,10,33.8,34.1,10,33.7,34.0,34.0,34.0,1.0,3400.0,349
2023-05-09 21:41:12,i2401-P-620,i2401-P-620,34.0,0.0,0.0,0.0,20,33.8,34.3,10,33.7,34.0,34.0,34.0,1.0,3400.0,349
2023-05-09 21:41:13,i2401-P-620,i2401-P-620,34.0,0.0,0.0,0.0,20,33.8,34.3,20,33.7,34.0,34.0,34.0,1.0,3400.0,349
2023-05-09 21:41:13,i2401-P-620,i2401-P-620,34.0,0.0,0.0,0.0,10,33.8,34.3,20,33.7,34.0,34.0,34.0,1.0,3400.0,349
2023-05-09 21:41:14,i2401-P-620,i2401-P-620,34.0,0.0,0.0,0.0,20,33.8,34.3,20,33.7,34.0,34.0,34.0,1.0,3400.0,349
2023-05-09 21:41:15,i2401-P-620,i2401-P-620,34.0,0.0,0.0,0.0,30,33.8,34.3,20,33.7,34.0,34.0,34.0,1.0,3400.0,349
2023-05-09 21:41:16,i2401-P-620,i2401-P-620,34.0,0.0,0.0,0.0,20,33.8,34.3,20,33.7,34.0,34.0,34.0,1.0,3400.0,349
2023-05-09 21:41:16,i2401-P-620,i2401-P-620,34.0,0.0,0.0,0.0,30,33.8,34.3,20,33.7,34.0,34.0,34.0,1.0,3400.0,349
2023-05-09 21:41:17,i2401-P-620,i2401-P-620,34.0,0.0,0.0,0.0,30,33.8,34.3,10,33.7,34.0,34.0,34.0,1.0,3400.0,349
2023-05-09 21:41:21,i2401-P-620,i2401-P-620,34.0,0.0,0.0,0.0,30,33.8,34.3,20,33.7,34.0,34.0,34.0,1.0,3400.0,349
2023-05-09 21:41:22,i2401-P-620,i2401-P-620,34.0,0.0,0.0,0.0,20,33.8,34.3,20,33.7,34.0,34.0,34.0,1.0,3400.0,349
2023-05-09 21:41:22,i2401-P-620,i2401-P-620,34.0,0.0,0.0,0.0,10,33.8,34.3,20,33.7,34.0,34.0,34.0,1.0,3400.0,349
2023-05-09 21:41:24,i2401-P-620,i2401-P-620,34.0,0.0,0.0,0.0,20,33.8,34.3,30,33.7,34.0,34.0,34.0,1.0,3400.0,349
2023-05-09 21:41:38,i2401-P-620,i2401-P-620,34.0,0.0,0.0,0.0,20,33.8,34.3,20,33.7,34.0,34.0,34.0,1.0,3400.0,349
2023-05-09 21:41:43,i2401-P-620,i2401-P-620,34.0,0.0,0.0,0.0,10,33.8,34.3,10,33.7,34.0,34.0,34.0,1.0,3400.0,349
2023-05-09 21:41:43,i2401-P-620,i2401-P-620,34.0,0.0,0.0,0.0,10,33.8,34.3,20,33.7,34.0,34.0,34.0,1.0,3400.0,349
2023-05-09 21:41:45,i2401-P-620,i2401-P-620,34.0,0.0,0.0,0.0,10,33.8,34.3,10,33.7,34.0,34.0,34.0,1.0,3400.0,349
2023-05-09 21:41:45,i2401-P-620,i2401-P-620,34.0,0.0,0.0,0.0,20,33.8,34.3,10,33.7,34.0,34.0,34.0,1.0,3400.0,349
2023-05-09 21:41:46,i2401-P-620,i2401-P-620,34.0,0.0,0.0,0.0,10,33.8,34.3,20,33.7,34.0,34.0,34.0,1.0,3400.0,349
2023-05-09 21:41:47,i2401-P-620,i2401-P-620,34.0,0.0,0.0,0.0,20,33.8,34.3,20,33.7,34.0,34.0,34.0,1.0,3400.0,349
2023-05-09 21:41:50,i2401-P-620,i2401-P-620,34.0,0.0,0.0,0.0,10,33.8,34.3,20,33.7,34.0,34.0,34.0,1.0,3400.0,349
2023-05-09 21:41:50,i2401-P-620,i2401-P-620,34.0,0.0,0.0,0.0,10,33.8,34.3,10,33.7,34.0,34.0,34.0,1.0,3400.0,349
2023-05-09 21:41:52,i2401-P-620,i2401-P-620,34.0,0.0,0.0,0.0,10,33.8,34.3,20,33.7,34.0,34.0,34.0,1.0,3400.0,349
2023-05-09 21:41:55,i2401-P-620,i2401-P-620,34.0,0.0,0.0,0.0,20,33.8,34.3,20,33.7,34.0,34.0,34.0,1.0,3400.0,349
2023-05-09 21:41:55,i2401-P-620,i2401-P-620,34.0,0.0,0.0,0.0,30,33.8,34.3,20,33.7,34.0,34.0,34.0,1.0,3400.0,349
2023-05-09 21:41:57,i2401-P-620,i2401-P-620,34.0,0.0,0.0,0.0,30,33.8,34.3,10,33.7,34.0,34.0,34.0,1.0,3400.0,349
2023-05-09 21:42:03,i2401-P-620,i2401-P-620,34.0,0.0,0.0,0.0,20,33.8,34.3,10,33.7,34.0,34.0,34.0,1.0,3400.0,349
2023-05-09 21:42:07,i2401-P-620,i2401-P-620,34.0,0.0,0.0,0.0,20,33.8,34.3,20,33.7,34.0,34.0,34.0,1.0,3400.0,349
2023-05-09 21:42:08,i2401-P-620,i2401-P-620,34.0,0.0,0.0,0.0,20,33.8,34.3,10,33.7,34.0,34.0,34.0,1.0,3400.0,349
2023-05-09 21:42:12,i2401-P-620,i2401-P-620,34.0,0.0,0.0,0.0,20,33.8,34.3,20,33.7,34.0,34.0,34.0,1.0,3400.0,349
2023-05-09 21:42:13,i2401-P-620,i2401-P-620,34.0,0.0,0.0,0.0,20,33.8,34.3,10,33.7,34.0,34.0,34.0,1.0,3400.0,349
2023-05-09 21:42:20,i2401-P-620,i2401-P-620,34.0,0.0,0.0,0.0,10,33.9,34.5,20,33.7,34.0,34.0,34.0,1.0,3400.0,349
2023-05-09 21:42:21,i2401-P-620,i2401-P-620,34.0,0.0,0.0,0.0,20,33.9,34.5,20,33.7,34.0,34.0,34.0,1.0,3400.0,349
2023-05-09 21:42:21,i2401-P-620,i2401-P-620,34.0,0.0,0.0,0.0,20,34.0,34.5,20,33.7,34.0,34.0,34.0,1.0,3400.0,349
2023-05-09 21:42:22,i2401-P-620,i2401-P-620,34.0,0.0,0.0,0.0,20,34.0,34.5,10,33.7,34.0,34.0,34.0,1.0,3400.0,349
2023-05-09 21:42:36,i2401-P-620,i2401-P-620,34.0,0.0,0.0,0.0,10,34.1,34.5,10,33.7,34.0,34.0,34.0,1.0,3400.0,349
2023-05-09 21:42:36,i2401-P-620,i2401-P-620,34.0,0.0,0.0,0.0,10,34.1,34.6,1,33.7,34.0,34.0,34.0,1.0,3400.0,349
2023-05-09 21:42:37,i2401-P-620,i2401-P-620,34.0,0.0,0.0,0.0,20,34.0,34.6,11,33.7,34.0,34.0,34.0,1.0,3400.0,349
2023-05-09 21:42:38,i2401-P-620,i2401-P-620,34.0,0.0,0.0,0.0,10,34.0,34.6,11,33.7,34.0,34.0,34.0,1.0,3400.0,349
2023-05-09 21:42:40,i2401-P-620,i2401-P-620,34.0,0.0,0.0,0.0,20,34.0,34.6,11,33.7,34.0,34.0,34.0,1.0,3400.0,349
2023-05-09 21:42:43,i2401-P-620,i2401-P-620,34.0,0.0,0.0,0.0,10,34.0,34.5,10,33.7,34.0,34.0,34.0,1.0,3400.0,349
2023-05-09 21:42:51,i2401-P-620,i2401-P-620,34.0,0.0,0.0,0.0,40,33.9,34.5,20,33.7,34.0,34.0,34.0,1.0,3400.0,349
2023-05-09 21:42:58,i2401-P-620,i2401-P-620,34.0,0.0,0.0,0.0,10,33.9,34.4,10,33.7,34.0,34.0,34.0,1.0,3400.0,349
2023-05-09 21:42:59,i2401-P-620,i2401-P-620,34.0,0.0,0.0,0.0,20,33.8,34.4,10,33.7,34.0,34.0,34.0,1.0,3400.0,349
2023-05-09 21:43:01,i2401-P-620,i2401-P-620,34.0,0.0,0.0,0.0,30,33.8,34.4,20,33.7,34.0,34.0,34.0,1.0,3400.0,349
2023-05-09 21:43:27,i2401-P-620,i2401-P-620,34.0,0.0,0.0,0.0,40,33.8,34.4,20,33.7,34.0,34.0,34.0,1.0,3400.0,349
2023-05-09 21:43:28,i2401-P-620,i2401-P-620,34.0,0.0,0.0,0.0,10,33.9,34.5,20,33.7,34.0,34.0,34.0,1.0,3400.0,349
2023-05-09 21:43:30,i2401-P-620,i2401-P-620,34.0,0.0,0.0,0.0,20,33.9,34.5,30,33.7,34.0,34.0,34.0,1.0,3400.0,349
2023-05-09 21:43:52,i2401-P-620,i2401-P-620,34.0,0.0,0.0,0.0,20,33.9,34.4,10,33.7,34.0,34.0,34.0,1.0,3400.0,349
2023-05-09 21:43:54,i2401-P-620,i2401-P-620,34.0,0.0,0.0,0.0,20,33.9,34.5,30,33.7,34.0,34.0,34.0,1.0,3400.0,349
2023-05-09 21:44:01,i2401-P-620,i2401-P-620,34.0,0.0,0.0,0.0,20,33.9,34.4,10,33.7,34.0,34.0,34.0,1.0,3400.0,349
2023-05-09 21:44:04,i2401-P-620,i2401-P-620,34.0,0.0,0.0,0.0,30,33.8,34.4,20,33.7,34.0,34.0,34.0,1.0,3400.0,349
2023-05-09 21:44:08,i2401-P-620,i2401-P-620,34.0,0.0,0.0,0.0,30,33.8,34.4,10,33.7,34.0,34.0,34.0,1.0,3400.0,349
2023-05-09 21:44:09,i2401-P-620,i2401-P-620,34.0,0.0,0.0,0.0,20,33.8,34.4,10,33.7,34.0,34.0,34.0,1.0,3400.0,349
2023-05-09 21:44:09,i2401-P-620,i2401-P-620,34.0,0.0,0.0,0.0,10,33.9,34.4,20,33.7,34.0,34.0,34.0,1.0,3400.0,349
2023-05-09 21:44:09,i2401-P-620,i2401-P-620,34.0,0.0,0.0,0.0,20,33.9,34.4,20,33.7,34.0,34.0,34.0,1.0,3400.0,349
2023-05-09 21:44:16,i2401-P-620,i2401-P-620,34.0,0.0,0.0,0.0,30,33.8,34.4,20,33.7,34.0,34.0,34.0,1.0,3400.0,349
2023-05-09 21:44:18,i2401-P-620,i2401-P-620,34.0,0.0,0.0,0.0,20,33.9,34.4,20,33.7,34.0,34.0,34.0,1.0,3400.0,349
2023-05-09 21:44:19,i2401-P-620,i2401-P-620,34.0,0.0,0.0,0.0,30,33.8,34.4,20,33.7,34.0,34.0,34.0,1.0,3400.0,349
2023-05-09 21:44:19,i2401-P-620,i2401-P-620,34.0,0.0,0.0,0.0,10,33.9,34.4,20,33.7,34.0,34.0,34.0,1.0,3400.0,349
2023-05-09 21:44:19,i2401-P-620,i2401-P-620,34.0,0.0,0.0,0.0,20,33.9,34.4,20,33.7,34.0,34.0,34.0,1.0,3400.0,349
2023-05-09 21:44:21,i2401-P-620,i2401-P-620,34.0,0.0,0.0,0.0,30,33.8,34.4,20,33.7,34.0,34.0,34.0,1.0,3400.0,349
2023-05-09 21:44:30,i2401-P-620,i2401-P-620,34.0,0.0,0.0,0.0,20,33.9,34.4,20,33.7,34.0,34.0,34.0,1.0,3400.0,349
2023-05-09 21:44:30,i2401-P-620,i2401-P-620,34.0,0.0,0.0,0.0,30,33.8,34.4,20,33.7,34.0,34.0,34.0,1.0,3400.0,349
2023-05-09 21:44:33,i2401-P-620,i2401-P-620,34.0,0.0,0.0,0.0,10,33.9,34.4,20,33.7,34.0,34.0,34.0,1.0,3400.0,349
2023-05-09 21:44:35,i2401-P-620,i2401-P-620,34.0,0.0,0.0,0.0,20,33.9,34.5,30,33.7,34.0,34.0,34.0,1.0,3400.0,349
2023-05-09 21:44:35,i2401-P-620,i2401-P-620,34.0,0.0,0.0,0.0,20,33.9,34.4,20,33.7,34.0,34.0,34.0,1.0,3400.0,349
2023-05-09 21:44:40,i2401-P-620,i2401-P-620,34.0,0.0,0.0,0.0,20,33.9,34.5,30,33.7,34.0,34.0,34.0,1.0,3400.0,349
2023-05-09 21:44:45,i2401-P-620,i2401-P-620,34.0,0.0,0.0,0.0,20,33.9,34.4,10,33.7,34.0,34.0,34.0,1.0,3400.0,349
2023-05-09 21:44:46,i2401-P-620,i2401-P-620,34.0,0.0,0.0,0.0,20,33.9,34.5,30,33.7,34.0,34.0,34.0,1.0,3400.0,349
2023-05-09 21:44:46,i2401-P-620,i2401-P-620,34.0,0.0,0.0,0.0,20,33.9,34.4,10,33.7,34.0,34.0,34.0,1.0,3400.0,349
2023-05-09 21:44:48,i2401-P-620,i2401-P-620,34.0,0.0,0.0,0.0,20,33.9,34.5,30,33.7,34.0,34.0,34.0,1.0,3400.0,349
2023-05-09 21:44:50,i2401-P-620,i2401-P-620,34.0,0.0,0.0,0.0,20,33.9,34.4,10,33.7,34.0,34.0,34.0,1.0,3400.0,349
2023-05-09 21:44:51,i2401-P-620,i2401-P-620,34.0,0.0,0.0,0.0,20,33.9,34.5,30,33.7,34.0,34.0,34.0,1.0,3400.0,349
2023-05-09 21:44:53,i2401-P-620,i2401-P-620,34.0,0.0,0.0,0.0,20,33.9,34.4,10,33.7,34.0,34.0,34.0,1.0,3400.0,349
2023-05-09 21:44:54,i2401-P-620,i2401-P-620,34.0,0.0,0.0,0.0,20,33.9,34.5,30,33.7,34.0,34.0,34.0,1.0,3400.0,349
2023-05-09 21:44:56,i2401-P-620,i2401-P-620,34.0,0.0,0.0,0.0,20,33.9,34.4,10,33.7,34.0,34.0,34.0,1.0,3400.0,349
2023-05-09 21:44:58,i2401-P-620,i2401-P-620,34.0,0.0,0.0,0.0,20,33.9,34.5,30,33.7,34.0,34.0,34.0,1.0,3400.0,349
2023-05-09 21:44:58,i2401-P-620,i2401-P-620,34.0,0.0,0.0,0.0,20,33.9,34.4,10,33.7,34.0,34.0,34.0,1.0,3400.0,349
2023-05-09 21:44:59,i2401-P-620,i2401-P-620,34.0,0.0,0.0,0.0,20,33.9,34.5,30,33.7,34.0,34.0,34.0,1.0,3400.0,349
2023-05-09 21:45:01,i2401-P-620,i2401-P-620,34.0,0.0,0.0,0.0,20,33.9,34.4,10,33.7,34.0,34.0,34.0,1.0,3400.0,349
2023-05-09 21:45:02,i2401-P-620,i2401-P-620,34.0,0.0,0.0,0.0,20,33.9,34.5,30,33.7,34.0,34.0,34.0,1.0,3400.0,349
2023-05-09 21:45:17,i2401-P-620,i2401-P-620,34.0,0.0,0.0,0.0,10,34.0,34.6,11,33.7,34.0,34.0,34.0,1.0,3400.0,349
2023-05-09 21:45:18,i2401-P-620,i2401-P-620,34.0,0.0,0.0,0.0,20,34.0,34.6,11,33.7,34.0,34.0,34.0,1.0,3400.0,349
2023-05-09 21:45:19,i2401-P-620,i2401-P-620,34.0,0.0,0.0,0.0,30,34.0,34.6,11,33.7,34.0,34.0,34.0,1.0,3400.0,349
2023-05-09 21:45:32,i2401-P-620,i2401-P-620,34.0,0.0,0.0,0.0,30,34.0,34.6,21,33.7,34.0,34.0,34.0,1.0,3400.0,349
2023-05-09 21:45:37,i2401-P-620,i2401-P-620,34.0,0.0,0.0,0.0,30,34.0,34.5,10,33.7,34.0,34.0,34.0,1.0,3400.0,349
2023-05-09 21:45:38,i2401-P-620,i2401-P-620,34.0,0.0,0.0,0.0,10,33.9,34.5,10,33.7,34.0,34.0,34.0,1.0,3400.0,349
2023-05-09 21:45:40,i2401-P-620,i2401-P-620,34.0,0.0,0.0,0.0,20,33.9,34.5,20,33.7,34.0,34.0,34.0,1.0,3400.0,349
2023-05-09 21:45:59,i2401-P-620,i2401-P-620,34.0,0.0,0.0,0.0,20,34.0,34.6,11,33.7,34.0,34.0,34.0,1.0,3400.0,349
2023-05-09 21:46:02,i2401-P-620,i2401-P-620,34.0,0.0,0.0,0.0,10,34.1,34.6,11,33.7,34.0,34.0,34.0,1.0,3400.0,349
2023-05-09 21:46:04,i2401-P-620,i2401-P-620,34.0,0.0,0.0,0.0,20,34.0,34.6,21,33.7,34.0,34.0,34.0,1.0,3400.0,349
2023-05-09 21:46:04,i2401-P-620,i2401-P-620,34.0,0.0,0.0,0.0,20,34.1,34.6,21,33.7,34.0,34.0,34.0,1.0,3400.0,349
2023-05-09 21:46:05,i2401-P-620,i2401-P-620,34.0,0.0,0.0,0.0,10,34.0,34.6,11,33.7,34.0,34.0,34.0,1.0,3400.0,349
2023-05-09 21:46:05,i2401-P-620,i2401-P-620,34.0,0.0,0.0,0.0,20,34.1,34.6,21,33.7,34.0,34.0,34.0,1.0,3400.0,349
2023-05-09 21:46:06,i2401-P-620,i2401-P-620,34.0,0.0,0.0,0.0,20,34.0,34.6,21,33.7,34.0,34.0,34.0,1.0,3400.0,349
2023-05-09 21:46:07,i2401-P-620,i2401-P-620,34.0,0.0,0.0,0.0,10,34.1,34.6,11,33.7,34.0,34.0,34.0,1.0,3400.0,349
2023-05-09 21:46:08,i2401-P-620,i2401-P-620,34.0,0.0,0.0,0.0,20,34.0,34.6,21,33.7,34.0,34.0,34.0,1.0,3400.0,349
2023-05-09 21:46:10,i2401-P-620,i2401-P-620,34.0,0.0,0.0,0.0,20,34.0,34.5,10,33.7,34.0,34.0,34.0,1.0,3400.0,349
2023-05-09 21:46:12,i2401-P-620,i2401-P-620,34.0,0.0,0.0,0.0,20,34.0,34.6,21,33.7,34.0,34.0,34.0,1.0,3400.0,349
2023-05-09 21:46:13,i2401-P-620,i2401-P-620,34.0,0.0,0.0,0.0,20,34.0,34.5,10,33.7,34.0,34.0,34.0,1.0,3400.0,349
2023-05-09 21:46:15,i2401-P-620,i2401-P-620,34.0,0.0,0.0,0.0,10,34.0,34.5,10,33.7,34.0,34.0,34.0,1.0,3400.0,349
2023-05-09 21:46:15,i2401-P-620,i2401-P-620,34.0,0.0,0.0,0.0,20,34.0,34.6,21,33.7,34.0,34.0,34.0,1.0,3400.0,349
2023-05-09 21:46:36,i2401-P-620,i2401-P-620,34.0,0.0,0.0,0.0,20,34.0,34.5,10,33.7,34.0,34.0,34.0,1.0,3400.0,349
2023-05-09 21:46:37,i2401-P-620,i2401-P-620,34.0,0.0,0.0,0.0,10,34.0,34.5,10,33.7,34.0,34.0,34.0,1.0,3400.0,349
2023-05-09 21:46:38,i2401-P-620,i2401-P-620,34.0,0.0,0.0,0.0,10,33.9,34.4,10,33.7,34.0,34.0,34.0,1.0,3400.0,349
2023-05-09 21:46:38,i2401-P-620,i2401-P-620,34.0,0.0,0.0,0.0,20,33.8,34.4,10,33.7,34.0,34.0,34.0,1.0,3400.0,349
2023-05-09 21:46:39,i2401-P-620,i2401-P-620,34.0,0.0,0.0,0.0,30,33.8,34.4,20,33.7,34.0,34.0,34.0,1.0,3400.0,349
2023-05-09 21:46:40,i2401-P-620,i2401-P-620,34.0,0.0,0.0,0.0,30,33.8,34.3,10,33.7,34.0,34.0,34.0,1.0,3400.0,349
2023-05-09 21:46:45,i2401-P-620,i2401-P-620,34.0,0.0,0.0,0.0,30,33.8,34.4,20,33.7,34.0,34.0,34.0,1.0,3400.0,349
2023-05-09 21:46:45,i2401-P-620,i2401-P-620,34.0,0.0,0.0,0.0,30,33.8,34.3,10,33.7,34.0,34.0,34.0,1.0,3400.0,349
2023-05-09 21:46:46,i2401-P-620,i2401-P-620,34.0,0.0,0.0,0.0,30,33.8,34.4,20,33.7,34.0,34.0,34.0,1.0,3400.0,349
2023-05-09 21:46:58,i2401-P-620,i2401-P-620,34.0,0.0,0.0,0.0,30,33.8,34.3,10,33.7,34.0,34.0,34.0,1.0,3400.0,349
2023-05-09 21:47:00,i2401-P-620,i2401-P-620,34.0,0.0,0.0,0.0,30,33.8,34.4,20,33.7,34.0,34.0,34.0,1.0,3400.0,349
2023-05-09 21:47:01,i2401-P-620,i2401-P-620,34.0,0.0,0.0,0.0,30,33.8,34.3,10,33.7,34.0,34.0,34.0,1.0,3400.0,349
2023-05-09 21:47:02,i2401-P-620,i2401-P-620,34.0,0.0,0.0,0.0,10,33.8,34.3,10,33.7,34.0,34.0,34.0,1.0,3400.0,349
2023-05-09 21:47:02,i2401-P-620,i2401-P-620,34.0,0.0,0.0,0.0,20,33.7,34.3,10,33.7,34.0,34.0,34.0,1.0,3400.0,349
2023-05-09 21:47:04,i2401-P-620,i2401-P-620,34.0,0.0,0.0,0.0,20,33.7,34.2,10,33.7,34.0,34.0,34.0,1.0,3400.0,349
2023-05-09 21:47:05,i2401-P-620,i2401-P-620,34.0,0.0,0.0,0.0,30,33.7,34.2,10,33.7,34.0,34.0,34.0,1.0,3400.0,349
2023-05-09 21:47:06,i2401-P-620,i2401-P-620,34.0,0.0,0.0,0.0,30,33.7,34.2,20,33.7,34.0,34.0,34.0,1.0,3400.0,349
2023-05-09 21:47:07,i2401-P-620,i2401-P-620,34.0,0.0,0.0,0.0,30,33.7,34.3,20,33.7,34.0,34.0,34.0,1.0,3400.0,349
2023-05-09 21:47:16,i2401-P-620,i2401-P-620,34.0,0.0,0.0,0.0,30,33.7,34.3,10,33.7,34.0,34.0,34.0,1.0,3400.0,349
2023-05-09 21:47:17,i2401-P-620,i2401-P-620,34.0,0.0,0.0,0.0,10,33.8,34.4,20,33.7,34.0,34.0,34.0,1.0,3400.0,349
2023-05-09 21:47:19,i2401-P-620,i2401-P-620,34.0,0.0,0.0,0.0,20,33.8,34.3,10,33.7,34.0,34.0,34.0,1.0,3400.0,349
2023-05-09 21:47:20,i2401-P-620,i2401-P-620,34.0,0.0,0.0,0.0,10,33.8,34.3,10,33.7,34.0,34.0,34.0,1.0,3400.0,349
2023-05-09 21:47:21,i2401-P-620,i2401-P-620,34.0,0.0,0.0,0.0,40,33.7,34.3,20,33.7,34.0,34.0,34.0,1.0,3400.0,349
2023-05-09 21:47:21,i2401-P-620,i2401-P-620,34.0,0.0,0.0,0.0,30,33.7,34.3,10,33.7,34.0,34.0,34.0,1.0,3400.0,349
2023-05-09 21:47:24,i2401-P-620,i2401-P-620,34.0,0.0,0.0,0.0,20,33.7,34.2,10,33.7,34.0,34.0,34.0,1.0,3400.0,349
2023-05-09 21:47:25,i2401-P-620,i2401-P-620,34.0,0.0,0.0,0.0,40,33.7,34.2,10,33.7,34.0,34.0,34.0,1.0,3400.0,349
2023-05-09 21:47:25,i2401-P-620,i2401-P-620,34.0,0.0,0.0,0.0,40,33.7,34.3,10,33.7,34.0,34.0,34.0,1.0,3400.0,349
2023-05-09 21:47:26,i2401-P-620,i2401-P-620,34.0,0.0,0.0,0.0,40,33.7,34.2,10,33.7,34.0,34.0,34.0,1.0,3400.0,349
2023-05-09 21:47:27,i2401-P-620,i2401-P-620,34.0,0.0,0.0,0.0,40,33.7,34.3,20,33.7,34.0,34.0,34.0,1.0,3400.0,349
2023-05-09 21:47:27,i2401-P-620,i2401-P-620,34.0,0.0,0.0,0.0,40,33.7,34.2,10,33.7,34.0,34.0,34.0,1.0,3400.0,349
2023-05-09 21:47:28,i2401-P-620,i2401-P-620,34.0,0.0,0.0,0.0,40,33.7,34.3,20,33.7,34.0,34.0,34.0,1.0,3400.0,349
2023-05-09 21:47:30,i2401-P-620,i2401-P-620,34.0,0.0,0.0,0.0,40,33.7,34.2,10,33.7,34.0,34.0,34.0,1.0,3400.0,349
2023-05-09 21:47:30,i2401-P-620,i2401-P-620,34.0,0.0,0.0,0.0,40,33.7,34.3,20,33.7,34.0,34.0,34.0,1.0,3400.0,349
2023-05-09 21:47:36,i2401-P-620,i2401-P-620,34.0,0.0,0.0,0.0,40,33.7,34.2,10,33.7,34.0,34.0,34.0,1.0,3400.0,349
2023-05-09 21:47:38,i2401-P-620,i2401-P-620,34.0,0.0,0.0,0.0,30,33.7,34.2,10,33.7,34.0,34.0,34.0,1.0,3400.0,349
2023-05-09 21:47:39,i2401-P-620,i2401-P-620,34.0,0.0,0.0,0.0,20,33.7,34.1,10,33.7,34.0,34.0,34.0,1.0,3400.0,349
2023-05-09 21:47:39,i2401-P-620,i2401-P-620,34.0,0.0,0.0,0.0,10,33.7,34.2,10,33.7,34.0,34.0,34.0,1.0,3400.0,349
2023-05-09 21:47:40,i2401-P-620,i2401-P-620,34.0,0.0,0.0,0.0,10,33.6,34.1,10,33.7,34.0,34.0,34.0,1.0,3400.0,349
2023-05-09 21:47:41,i2401-P-620,i2401-P-620,34.0,0.0,0.0,0.0,20,33.6,34.1,10,33.7,34.0,34.0,34.0,1.0,3400.0,349
2023-05-09 21:47:42,i2401-P-620,i2401-P-620,34.0,0.0,0.0,0.0,31,33.5,34.1,10,33.7,34.0,34.0,34.0,1.0,3400.0,349
2023-05-09 21:47:44,i2401-P-620,i2401-P-620,34.0,0.0,0.0,0.0,10,33.6,34.1,20,33.7,34.0,34.0,34.0,1.0,3400.0,349
2023-05-09 21:47:53,i2401-P-620,i2401-P-620,34.0,0.0,0.0,0.0,21,33.5,34.0,10,33.7,34.0,34.0,34.0,1.0,3400.0,349
2023-05-09 21:47:53,i2401-P-620,i2401-P-620,34.0,0.0,0.0,0.0,21,33.5,34.1,10,33.7,34.0,34.0,34.0,1.0,3400.0,349
2023-05-09 21:47:55,i2401-P-620,i2401-P-620,34.0,0.0,0.0,0.0,31,33.5,34.1,20,33.7,34.0,34.0,34.0,1.0,3400.0,349
2023-05-09 21:47:57,i2401-P-620,i2401-P-620,34.0,0.0,0.0,0.0,21,33.5,34.1,10,33.7,34.0,34.0,34.0,1.0,3400.0,349
2023-05-09 21:47:58,i2401-P-620,i2401-P-620,34.0,0.0,0.0,0.0,21,33.5,34.0,10,33.7,34.0,34.0,34.0,1.0,3400.0,349
2023-05-09 21:47:58,i2401-P-620,i2401-P-620,34.0,0.0,0.0,0.0,21,33.5,34.1,10,33.7,34.0,34.0,34.0,1.0,3400.0,349
2023-05-09 21:48:00,i2401-P-620,i2401-P-620,34.0,0.0,0.0,0.0,21,33.5,34.0,10,33.7,34.0,34.0,34.0,1.0,3400.0,349
2023-05-09 21:48:01,i2401-P-620,i2401-P-620,34.0,0.0,0.0,0.0,31,33.5,34.0,10,33.7,34.0,34.0,34.0,1.0,3400.0,349
2023-05-09 21:48:01,i2401-P-620,i2401-P-620,34.0,0.0,0.0,0.0,21,33.5,34.0,10,33.7,34.0,34.0,34.0,1.0,3400.0,349
2023-05-09 21:48:32,i2401-P-620,i2401-P-620,34.0,0.0,0.0,0.0,31,33.5,34.0,10,33.7,34.0,34.0,34.0,1.0,3400.0,349
2023-05-09 21:48:33,i2401-P-620,i2401-P-620,34.0,0.0,0.0,0.0,21,33.5,34.0,10,33.7,34.0,34.0,34.0,1.0,3400.0,349
2023-05-09 21:48:52,i2401-P-620,i2401-P-620,34.0,0.0,0.0,0.0,11,33.5,34.0,10,33.7,34.0,34.0,34.0,1.0,3400.0,349
2023-05-09 21:48:52,i2401-P-620,i2401-P-620,34.0,0.0,0.0,0.0,21,33.5,34.0,20,33.7,34.0,34.0,34.0,1.0,3400.0,349
2023-05-09 21:48:58,i2401-P-620,i2401-P-620,34.0,0.0,0.0,0.0,31,33.5,34.0,20,33.7,34.0,34.0,34.0,1.0,3400.0,349
2023-05-09 21:48:59,i2401-P-620,i2401-P-620,34.0,0.0,0.0,0.0,21,33.5,34.0,20,33.7,34.0,34.0,34.0,1.0,3400.0,349
2023-05-09 21:49:01,i2401-P-620,i2401-P-620,34.0,0.0,0.0,0.0,31,33.5,34.0,20,33.7,34.0,34.0,34.0,1.0,3400.0,349
2023-05-09 21:49:18,i2401-P-620,i2401-P-620,34.0,0.0,0.0,0.0,21,33.5,34.0,20,33.7,34.0,34.0,34.0,1.0,3400.0,349
2023-05-09 21:49:21,i2401-P-620,i2401-P-620,34.0,0.0,0.0,0.0,11,33.5,34.0,10,33.7,34.0,34.0,34.0,1.0,3400.0,349
2023-05-09 21:49:24,i2401-P-620,i2401-P-620,34.0,0.0,0.0,0.0,1,33.5,33.9,10,33.7,34.0,34.0,34.0,1.0,3400.0,349
2023-05-09 21:49:25,i2401-P-620,i2401-P-620,34.0,0.0,0.0,0.0,1,33.5,33.9,20,33.7,34.0,34.0,34.0,1.0,3400.0,349
2023-05-09 21:49:26,i2401-P-620,i2401-P-620,34.0,0.0,0.0,0.0,30,33.4,33.9,20,33.7,34.0,34.0,34.0,1.0,3400.0,349
2023-05-09 21:49:27,i2401-P-620,i2401-P-620,34.0,0.0,0.0,0.0,10,33.3,33.8,10,33.7,34.0,34.0,34.0,1.0,3400.0,349
2023-05-09 21:49:29,i2401-P-620,i2401-P-620,34.0,0.0,0.0,0.0,20,33.3,33.8,10,33.7,34.0,34.0,34.0,1.0,3400.0,349
2023-05-09 21:49:30,i2401-P-620,i2401-P-620,34.0,0.0,0.0,0.0,20,33.3,33.9,10,33.7,34.0,34.0,34.0,1.0,3400.0,349
2023-05-09 21:49:32,i2401-P-620,i2401-P-620,34.0,0.0,0.0,0.0,10,33.4,34.0,30,33.7,34.0,34.0,34.0,1.0,3400.0,349
2023-05-09 21:49:34,i2401-P-620,i2401-P-620,34.0,0.0,0.0,0.0,10,33.4,33.9,10,33.7,34.0,34.0,34.0,1.0,3400.0,349
2023-05-09 21:49:36,i2401-P-620,i2401-P-620,34.0,0.0,0.0,0.0,20,33.3,33.9,10,33.7,34.0,34.0,34.0,1.0,3400.0,349
2023-05-09 21:49:36,i2401-P-620,i2401-P-620,34.0,0.0,0.0,0.0,10,33.4,33.9,10,33.7,34.0,34.0,34.0,1.0,3400.0,349
2023-05-09 21:49:37,i2401-P-620,i2401-P-620,34.0,0.0,0.0,0.0,10,33.4,34.0,30,33.7,34.0,34.0,34.0,1.0,3400.0,349
2023-05-09 21:49:42,i2401-P-620,i2401-P-620,34.0,0.0,0.0,0.0,10,33.4,33.9,10,33.7,34.0,34.0,34.0,1.0,3400.0,349
2023-05-09 21:49:42,i2401-P-620,i2401-P-620,34.0,0.0,0.0,0.0,20,33.3,33.9,10,33.7,34.0,34.0,34.0,1.0,3400.0,349
2023-05-09 21:49:44,i2401-P-620,i2401-P-620,34.0,0.0,0.0,0.0,10,33.4,33.9,10,33.7,34.0,34.0,34.0,1.0,3400.0,349
2023-05-09 21:49:45,i2401-P-620,i2401-P-620,34.0,0.0,0.0,0.0,20,33.3,33.9,10,33.7,34.0,34.0,34.0,1.0,3400.0,349
2023-05-09 21:49:52,i2401-P-620,i2401-P-620,34.0,0.0,0.0,0.0,10,33.4,33.9,10,33.7,34.0,34.0,34.0,1.0,3400.0,349
2023-05-09 21:49:53,i2401-P-620,i2401-P-620,34.0,0.0,0.0,0.0,10,33.4,34.0,20,33.7,34.0,34.0,34.0,1.0,3400.0,349
2023-05-09 21:49:53,i2401-P-620,i2401-P-620,34.0,0.0,0.0,0.0,20,33.4,34.0,30,33.7,34.0,34.0,34.0,1.0,3400.0,349
2023-05-09 21:49:54,i2401-P-620,i2401-P-620,34.0,0.0,0.0,0.0,20,33.4,33.9,10,33.7,34.0,34.0,34.0,1.0,3400.0,349
2023-05-09 21:49:54,i2401-P-620,i2401-P-620,34.0,0.0,0.0,0.0,10,33.4,33.9,10,33.7,34.0,34.0,34.0,1.0,3400.0,349
2023-05-09 21:49:55,i2401-P-620,i2401-P-620,34.0,0.0,0.0,0.0,40,33.3,33.9,10,33.7,34.0,34.0,34.0,1.0,3400.0,349
2023-05-09 21:49:55,i2401-P-620,i2401-P-620,34.0,0.0,0.0,0.0,20,33.3,33.9,10,33.7,34.0,34.0,34.0,1.0,3400.0,349
2023-05-09 21:49:59,i2401-P-620,i2401-P-620,34.0,0.0,0.0,0.0,10,33.3,33.9,10,33.7,34.0,34.0,34.0,1.0,3400.0,349
2023-05-09 21:49:59,i2401-P-620,i2401-P-620,34.0,0.0,0.0,0.0,10,33.4,33.9,10,33.7,34.0,34.0,34.0,1.0,3400.0,349
2023-05-09 21:49:59,i2401-P-620,i2401-P-620,34.0,0.0,0.0,0.0,10,33.4,34.0,20,33.7,34.0,34.0,34.0,1.0,3400.0,349
2023-05-09 21:50:00,i2401-P-620,i2401-P-620,34.0,0.0,0.0,0.0,10,33.3,33.8,10,33.7,34.0,34.0,34.0,1.0,3400.0,349
2023-05-09 21:50:01,i2401-P-620,i2401-P-620,34.0,0.0,0.0,0.0,20,33.2,33.8,10,33.7,34.0,34.0,34.0,1.0,3400.0,349
2023-05-09 21:50:01,i2401-P-620,i2401-P-620,34.0,0.0,0.0,0.0,20,33.3,33.9,10,33.7,34.0,34.0,34.0,1.0,3400.0,349
2023-05-09 21:50:02,i2401-P-620,i2401-P-620,34.0,0.0,0.0,0.0,10,33.4,33.9,10,33.7,34.0,34.0,34.0,1.0,3400.0,349
2023-05-09 21:50:02,i2401-P-620,i2401-P-620,34.0,0.0,0.0,0.0,20,33.3,33.9,10,33.7,34.0,34.0,34.0,1.0,3400.0,349
2023-05-09 21:50:04,i2401-P-620,i2401-P-620,34.0,0.0,0.0,0.0,20,33.3,33.8,10,33.7,34.0,34.0,34.0,1.0,3400.0,349
2023-05-09 21:50:05,i2401-P-620,i2401-P-620,34.0,0.0,0.0,0.0,10,33.3,33.8,10,33.7,34.0,34.0,34.0,1.0,3400.0,349
2023-05-09 21:50:05,i2401-P-620,i2401-P-620,34.0,0.0,0.0,0.0,20,33.3,33.9,10,33.7,34.0,34.0,34.0,1.0,3400.0,349
2023-05-09 21:50:07,i2401-P-620,i2401-P-620,34.0,0.0,0.0,0.0,10,33.3,33.8,10,33.7,34.0,34.0,34.0,1.0,3400.0,349
2023-05-09 21:50:08,i2401-P-620,i2401-P-620,34.0,0.0,0.0,0.0,20,33.3,33.9,10,33.7,34.0,34.0,34.0,1.0,3400.0,349
2023-05-09 21:50:09,i2401-P-620,i2401-P-620,34.0,0.0,0.0,0.0,20,33.3,33.8,10,33.7,34.0,34.0,34.0,1.0,3400.0,349
2023-05-09 21:50:10,i2401-P-620,i2401-P-620,34.0,0.0,0.0,0.0,10,33.3,33.8,10,33.7,34.0,34.0,34.0,1.0,3400.0,349
2023-05-09 21:50:10,i2401-P-620,i2401-P-620,34.0,0.0,0.0,0.0,20,33.2,33.8,10,33.7,34.0,34.0,34.0,1.0,3400.0,349
2023-05-09 21:50:11,i2401-P-620,i2401-P-620,34.0,0.0,0.0,0.0,30,33.2,33.8,10,33.7,34.0,34.0,34.0,1.0,3400.0,349
2023-05-09 21:50:13,i2401-P-620,i2401-P-620,34.0,0.0,0.0,0.0,20,33.2,33.8,10,33.7,34.0,34.0,34.0,1.0,3400.0,349
2023-05-09 21:50:16,i2401-P-620,i2401-P-620,34.0,0.0,0.0,0.0,10,33.3,33.8,10,33.7,34.0,34.0,34.0,1.0,3400.0,349
2023-05-09 21:50:17,i2401-P-620,i2401-P-620,34.0,0.0,0.0,0.0,20,33.3,33.8,10,33.7,34.0,34.0,34.0,1.0,3400.0,349
2023-05-09 21:50:17,i2401-P-620,i2401-P-620,34.0,0.0,0.0,0.0,20,33.3,33.9,30,33.7,34.0,34.0,34.0,1.0,3400.0,349
2023-05-09 21:50:18,i2401-P-620,i2401-P-620,34.0,0.0,0.0,0.0,20,33.3,33.8,10,33.7,34.0,34.0,34.0,1.0,3400.0,349
2023-05-09 21:50:18,i2401-P-620,i2401-P-620,34.0,0.0,0.0,0.0,30,33.2,33.8,10,33.7,34.0,34.0,34.0,1.0,3400.0,349
2023-05-09 21:50:30,i2401-P-620,i2401-P-620,34.0,0.0,0.0,0.0,30,33.2,33.8,20,33.7,34.0,34.0,34.0,1.0,3400.0,349
2023-05-09 21:50:32,i2401-P-620,i2401-P-620,34.0,0.0,0.0,0.0,20,33.2,33.8,10,33.7,34.0,34.0,34.0,1.0,3400.0,349
2023-05-09 21:50:32,i2401-P-620,i2401-P-620,34.0,0.0,0.0,0.0,30,33.2,33.8,10,33.7,34.0,34.0,34.0,1.0,3400.0,349
2023-05-09 21:50:33,i2401-P-620,i2401-P-620,34.0,0.0,0.0,0.0,30,33.2,33.7,10,33.7,34.0,34.0,34.0,1.0,3400.0,349
2023-05-09 21:50:34,i2401-P-620,i2401-P-620,34.0,0.0,0.0,0.0,20,33.2,33.7,10,33.7,34.0,34.0,34.0,1.0,3400.0,349
2023-05-09 21:50:34,i2401-P-620,i2401-P-620,34.0,0.0,0.0,0.0,30,33.1,33.7,10,33.7,34.0,34.0,34.0,1.0,3400.0,349
2023-05-09 21:50:35,i2401-P-620,i2401-P-620,34.0,0.0,0.0,0.0,40,33.1,33.7,20,33.7,34.0,34.0,34.0,1.0,3400.0,349
2023-05-09 21:50:47,i2401-P-620,i2401-P-620,34.0,0.0,0.0,0.0,10,33.2,33.7,20,33.7,34.0,34.0,34.0,1.0,3400.0,349
2023-05-09 21:50:47,i2401-P-620,i2401-P-620,34.0,0.0,0.0,0.0,40,33.1,33.7,20,33.7,34.0,34.0,34.0,1.0,3400.0,349
2023-05-09 21:50:51,i2401-P-620,i2401-P-620,34.0,0.0,0.0,0.0,10,33.2,33.7,20,33.7,34.0,34.0,34.0,1.0,3400.0,349
2023-05-09 21:50:52,i2401-P-620,i2401-P-620,34.0,0.0,0.0,0.0,20,33.2,33.8,30,33.7,34.0,34.0,34.0,1.0,3400.0,349
2023-05-09 21:50:54,i2401-P-620,i2401-P-620,34.0,0.0,0.0,0.0,10,33.3,33.8,20,33.7,34.0,34.0,34.0,1.0,3400.0,349
2023-05-09 21:50:55,i2401-P-620,i2401-P-620,34.0,0.0,0.0,0.0,10,33.2,33.8,20,33.7,34.0,34.0,34.0,1.0,3400.0,349
2023-05-09 21:50:55,i2401-P-620,i2401-P-620,34.0,0.0,0.0,0.0,20,33.2,33.8,30,33.7,34.0,34.0,34.0,1.0,3400.0,349
2023-05-09 21:51:05,i2401-P-620,i2401-P-620,34.0,0.0,0.0,0.0,10,33.2,33.7,10,33.7,34.0,34.0,34.0,1.0,3400.0,349
2023-05-09 21:51:05,i2401-P-620,i2401-P-620,34.0,0.0,0.0,0.0,40,33.1,33.7,10,33.7,34.0,34.0,34.0,1.0,3400.0,349
2023-05-09 21:51:07,i2401-P-620,i2401-P-620,34.0,0.0,0.0,0.0,50,33.1,33.7,20,33.7,34.0,34.0,34.0,1.0,3400.0,349
2023-05-09 21:51:20,i2401-P-620,i2401-P-620,34.0,0.0,0.0,0.0,10,33.2,33.7,20,33.7,34.0,34.0,34.0,1.0,3400.0,349
2023-05-09 21:51:20,i2401-P-620,i2401-P-620,34.0,0.0,0.0,0.0,20,33.2,33.7,20,33.7,34.0,34.0,34.0,1.0,3400.0,349
2023-05-09 21:51:23,i2401-P-620,i2401-P-620,34.0,0.0,0.0,0.0,10,33.2,33.7,20,33.7,34.0,34.0,34.0,1.0,3400.0,349
2023-05-09 21:51:23,i2401-P-620,i2401-P-620,34.0,0.0,0.0,0.0,50,33.1,33.7,20,33.7,34.0,34.0,34.0,1.0,3400.0,349
2023-05-09 21:51:41,i2401-P-620,i2401-P-620,34.0,0.0,0.0,0.0,40,33.1,33.7,20,33.7,34.0,34.0,34.0,1.0,3400.0,349
2023-05-09 21:51:48,i2401-P-620,i2401-P-620,34.0,0.0,0.0,0.0,10,33.2,33.7,20,33.7,34.0,34.0,34.0,1.0,3400.0,349
2023-05-09 21:51:59,i2401-P-620,i2401-P-620,34.0,0.0,0.0,0.0,10,33.2,33.7,10,33.7,34.0,34.0,34.0,1.0,3400.0,349
2023-05-09 21:52:03,i2401-P-620,i2401-P-620,34.0,0.0,0.0,0.0,10,33.3,33.8,10,33.7,34.0,34.0,34.0,1.0,3400.0,349
2023-05-09 21:52:06,i2401-P-620,i2401-P-620,34.0,0.0,0.0,0.0,20,33.3,33.8,20,33.7,34.0,34.0,34.0,1.0,3400.0,349
2023-05-09 21:52:10,i2401-P-620,i2401-P-620,34.0,0.0,0.0,0.0,20,33.3,33.8,30,33.7,34.0,34.0,34.0,1.0,3400.0,349
2023-05-09 21:52:12,i2401-P-620,i2401-P-620,34.0,0.0,0.0,0.0,20,33.2,33.8,30,33.7,34.0,34.0,34.0,1.0,3400.0,349
2023-05-09 21:52:13,i2401-P-620,i2401-P-620,34.0,0.0,0.0,0.0,20,33.3,33.8,30,33.7,34.0,34.0,34.0,1.0,3400.0,349
2023-05-09 21:52:13,i2401-P-620,i2401-P-620,34.0,0.0,0.0,0.0,10,33.3,33.8,30,33.7,34.0,34.0,34.0,1.0,3400.0,349
2023-05-09 21:54:09,i2401-P-620,i2401-P-620,34.0,0.0,0.0,0.0,20,33.2,33.8,20,33.7,34.0,34.0,34.0,1.0,3400.0,349
2023-05-09 21:54:11,i2401-P-620,i2401-P-620,34.0,0.0,0.0,0.0,20,33.2,33.7,10,33.7,34.0,34.0,34.0,1.0,3400.0,349
2023-05-09 21:54:11,i2401-P-620,i2401-P-620,34.0,0.0,0.0,0.0,10,33.2,33.7,10,33.7,34.0,34.0,34.0,1.0,3400.0,349
2023-05-09 21:54:13,i2401-P-620,i2401-P-620,34.0,0.0,0.0,0.0,50,33.1,33.7,20,33.7,34.0,34.0,34.0,1.0,3400.0,349
2023-05-09 21:54:14,i2401-P-620,i2401-P-620,34.0,0.0,0.0,0.0,50,33.1,33.7,10,33.7,34.0,34.0,34.0,1.0,3400.0,349
2023-05-09 21:54:16,i2401-P-620,i2401-P-620,34.0,0.0,0.0,0.0,50,33.1,33.7,20,33.7,34.0,34.0,34.0,1.0,3400.0,349
2023-05-09 21:54:17,i2401-P-620,i2401-P-620,34.0,0.0,0.0,0.0,50,33.1,33.7,10,33.7,34.0,34.0,34.0,1.0,3400.0,349
