time,symbol_id,symbol_name,last,trade_volume,trade_amount,open_interest_change,bv1,bp1,ap1,av1,yesterday_close,today_open,today_high,today_low,volume,amount,open_interest
2023-05-09 21:00:35,i2401-P-760,i2401-P-760,112.2,0.0,0.0,0.0,1,38.3,0.0,0,112.2,0.0,0.0,0.0,0.0,0.0,65
2023-05-09 21:01:04,i2401-P-760,i2401-P-760,112.2,0.0,0.0,0.0,1,38.4,0.0,0,112.2,0.0,0.0,0.0,0.0,0.0,65
2023-05-09 21:01:05,i2401-P-760,i2401-P-760,112.2,0.0,0.0,0.0,1,38.5,0.0,0,112.2,0.0,0.0,0.0,0.0,0.0,65
2023-05-09 21:01:06,i2401-P-760,i2401-P-760,112.2,0.0,0.0,0.0,1,38.8,185.9,1,112.2,0.0,0.0,0.0,0.0,0.0,65
2023-05-09 21:01:07,i2401-P-760,i2401-P-760,112.2,0.0,0.0,0.0,1,38.9,185.9,1,112.2,0.0,0.0,0.0,0.0,0.0,65
2023-05-09 21:01:07,i2401-P-760,i2401-P-760,112.2,0.0,0.0,0.0,1,39.2,185.9,1,112.2,0.0,0.0,0.0,0.0,0.0,65
2023-05-09 21:01:08,i2401-P-760,i2401-P-760,112.2,0.0,0.0,0.0,1,39.3,185.9,1,112.2,0.0,0.0,0.0,0.0,0.0,65
2023-05-09 21:01:08,i2401-P-760,i2401-P-760,112.2,0.0,0.0,0.0,1,39.6,185.9,1,112.2,0.0,0.0,0.0,0.0,0.0,65
2023-05-09 21:01:09,i2401-P-760,i2401-P-760,112.2,0.0,0.0,0.0,1,39.7,185.9,1,112.2,0.0,0.0,0.0,0.0,0.0,65
2023-05-09 21:01:10,i2401-P-760,i2401-P-760,112.2,0.0,0.0,0.0,1,40.0,185.9,1,112.2,0.0,0.0,0.0,0.0,0.0,65
2023-05-09 21:01:11,i2401-P-760,i2401-P-760,112.2,0.0,0.0,0.0,1,40.1,185.9,1,112.2,0.0,0.0,0.0,0.0,0.0,65
2023-05-09 21:01:12,i2401-P-760,i2401-P-760,112.2,0.0,0.0,0.0,1,40.4,185.9,1,112.2,0.0,0.0,0.0,0.0,0.0,65
2023-05-09 21:01:13,i2401-P-760,i2401-P-760,112.2,0.0,0.0,0.0,1,40.5,185.9,1,112.2,0.0,0.0,0.0,0.0,0.0,65
2023-05-09 21:01:15,i2401-P-760,i2401-P-760,112.2,0.0,0.0,0.0,1,40.8,185.9,1,112.2,0.0,0.0,0.0,0.0,0.0,65
2023-05-09 21:01:16,i2401-P-760,i2401-P-760,112.2,0.0,0.0,0.0,1,40.9,185.9,1,112.2,0.0,0.0,0.0,0.0,0.0,65
2023-05-09 21:01:17,i2401-P-760,i2401-P-760,112.2,0.0,0.0,0.0,1,41.2,185.9,1,112.2,0.0,0.0,0.0,0.0,0.0,65
2023-05-09 21:01:18,i2401-P-760,i2401-P-760,112.2,0.0,0.0,0.0,1,41.3,185.9,1,112.2,0.0,0.0,0.0,0.0,0.0,65
2023-05-09 21:01:18,i2401-P-760,i2401-P-760,112.2,0.0,0.0,0.0,1,41.6,185.9,1,112.2,0.0,0.0,0.0,0.0,0.0,65
2023-05-09 21:01:19,i2401-P-760,i2401-P-760,112.2,0.0,0.0,0.0,1,41.7,185.9,1,112.2,0.0,0.0,0.0,0.0,0.0,65
2023-05-09 21:01:19,i2401-P-760,i2401-P-760,112.2,0.0,0.0,0.0,1,42.0,185.9,1,112.2,0.0,0.0,0.0,0.0,0.0,65
2023-05-09 21:01:20,i2401-P-760,i2401-P-760,112.2,0.0,0.0,0.0,1,42.1,185.9,1,112.2,0.0,0.0,0.0,0.0,0.0,65
2023-05-09 21:01:21,i2401-P-760,i2401-P-760,112.2,0.0,0.0,0.0,1,42.4,185.9,1,112.2,0.0,0.0,0.0,0.0,0.0,65
2023-05-09 21:01:22,i2401-P-760,i2401-P-760,112.2,0.0,0.0,0.0,1,42.5,185.9,1,112.2,0.0,0.0,0.0,0.0,0.0,65
2023-05-09 21:01:23,i2401-P-760,i2401-P-760,112.2,0.0,0.0,0.0,1,42.8,185.9,1,112.2,0.0,0.0,0.0,0.0,0.0,65
2023-05-09 21:01:23,i2401-P-760,i2401-P-760,112.2,0.0,0.0,0.0,1,42.9,185.9,1,112.2,0.0,0.0,0.0,0.0,0.0,65
2023-05-09 21:01:24,i2401-P-760,i2401-P-760,112.2,0.0,0.0,0.0,1,43.2,185.9,1,112.2,0.0,0.0,0.0,0.0,0.0,65
2023-05-09 21:01:25,i2401-P-760,i2401-P-760,112.2,0.0,0.0,0.0,1,43.3,185.9,1,112.2,0.0,0.0,0.0,0.0,0.0,65
2023-05-09 21:01:26,i2401-P-760,i2401-P-760,112.2,0.0,0.0,0.0,1,43.6,185.9,1,112.2,0.0,0.0,0.0,0.0,0.0,65
2023-05-09 21:01:27,i2401-P-760,i2401-P-760,112.2,0.0,0.0,0.0,1,43.7,185.9,1,112.2,0.0,0.0,0.0,0.0,0.0,65
2023-05-09 21:01:28,i2401-P-760,i2401-P-760,112.2,0.0,0.0,0.0,1,44.0,185.9,1,112.2,0.0,0.0,0.0,0.0,0.0,65
2023-05-09 21:01:29,i2401-P-760,i2401-P-760,112.2,0.0,0.0,0.0,1,44.1,185.9,1,112.2,0.0,0.0,0.0,0.0,0.0,65
2023-05-09 21:01:29,i2401-P-760,i2401-P-760,112.2,0.0,0.0,0.0,1,44.4,185.9,1,112.2,0.0,0.0,0.0,0.0,0.0,65
2023-05-09 21:01:30,i2401-P-760,i2401-P-760,112.2,0.0,0.0,0.0,1,44.5,185.9,1,112.2,0.0,0.0,0.0,0.0,0.0,65
2023-05-09 21:01:31,i2401-P-760,i2401-P-760,112.2,0.0,0.0,0.0,1,44.8,185.9,1,112.2,0.0,0.0,0.0,0.0,0.0,65
2023-05-09 21:01:32,i2401-P-760,i2401-P-760,112.2,0.0,0.0,0.0,1,50.0,185.9,1,112.2,0.0,0.0,0.0,0.0,0.0,65
2023-05-09 21:01:32,i2401-P-760,i2401-P-760,112.2,0.0,0.0,0.0,1,50.3,185.9,1,112.2,0.0,0.0,0.0,0.0,0.0,65
2023-05-09 21:31:04,i2401-P-760,i2401-P-760,112.2,0.0,0.0,0.0,1,50.4,185.9,1,112.2,0.0,0.0,0.0,0.0,0.0,65
2023-05-09 21:31:05,i2401-P-760,i2401-P-760,112.2,0.0,0.0,0.0,1,50.7,185.9,1,112.2,0.0,0.0,0.0,0.0,0.0,65
2023-05-09 21:47:47,i2401-P-760,i2401-P-760,112.2,0.0,0.0,0.0,1,95.7,122.8,1,112.2,0.0,0.0,0.0,0.0,0.0,65
2023-05-09 22:01:17,i2401-P-760,i2401-P-760,112.2,0.0,0.0,0.0,1,50.4,0.0,0,112.2,0.0,0.0,0.0,0.0,0.0,65
2023-05-09 22:01:17,i2401-P-760,i2401-P-760,112.2,0.0,0.0,0.0,1,50.7,185.9,1,112.2,0.0,0.0,0.0,0.0,0.0,65
2023-05-09 22:01:17,i2401-P-760,i2401-P-760,112.2,0.0,0.0,0.0,1,50.8,185.9,1,112.2,0.0,0.0,0.0,0.0,0.0,65
2023-05-09 22:01:18,i2401-P-760,i2401-P-760,112.2,0.0,0.0,0.0,1,51.1,185.9,1,112.2,0.0,0.0,0.0,0.0,0.0,65
2023-05-09 22:01:35,i2401-P-760,i2401-P-760,112.2,0.0,0.0,0.0,1,96.1,123.0,1,112.2,0.0,0.0,0.0,0.0,0.0,65
2023-05-09 22:01:41,i2401-P-760,i2401-P-760,112.2,0.0,0.0,0.0,1,50.8,0.0,0,112.2,0.0,0.0,0.0,0.0,0.0,65
2023-05-09 22:01:41,i2401-P-760,i2401-P-760,112.2,0.0,0.0,0.0,1,51.1,185.9,1,112.2,0.0,0.0,0.0,0.0,0.0,65
2023-05-09 22:31:18,i2401-P-760,i2401-P-760,112.2,0.0,0.0,0.0,1,51.2,185.9,1,112.2,0.0,0.0,0.0,0.0,0.0,65
2023-05-09 22:31:19,i2401-P-760,i2401-P-760,112.2,0.0,0.0,0.0,1,51.5,185.9,1,112.2,0.0,0.0,0.0,0.0,0.0,65
2023-05-10 09:00:27,i2401-P-760,i2401-P-760,112.2,0.0,0.0,0.0,1,51.5,0.0,0,112.2,0.0,0.0,0.0,0.0,0.0,65
2023-05-10 09:00:28,i2401-P-760,i2401-P-760,112.2,0.0,0.0,0.0,1,51.2,0.0,0,112.2,0.0,0.0,0.0,0.0,0.0,65
2023-05-10 09:00:48,i2401-P-760,i2401-P-760,112.2,0.0,0.0,0.0,1,94.8,121.9,1,112.2,0.0,0.0,0.0,0.0,0.0,65
2023-05-10 09:00:54,i2401-P-760,i2401-P-760,112.2,0.0,0.0,0.0,1,51.2,0.0,0,112.2,0.0,0.0,0.0,0.0,0.0,65
2023-05-10 09:01:43,i2401-P-760,i2401-P-760,112.2,0.0,0.0,0.0,1,94.0,121.1,1,112.2,0.0,0.0,0.0,0.0,0.0,65
2023-05-10 09:40:24,i2401-P-760,i2401-P-760,112.2,0.0,0.0,0.0,1,51.2,0.0,0,112.2,0.0,0.0,0.0,0.0,0.0,65
2023-05-10 09:40:24,i2401-P-760,i2401-P-760,112.2,0.0,0.0,0.0,1,51.5,185.9,1,112.2,0.0,0.0,0.0,0.0,0.0,65
2023-05-10 09:40:30,i2401-P-760,i2401-P-760,112.2,0.0,0.0,0.0,1,95.2,122.3,1,112.2,0.0,0.0,0.0,0.0,0.0,65
2023-05-10 09:41:12,i2401-P-760,i2401-P-760,112.2,0.0,0.0,0.0,1,51.2,0.0,0,112.2,0.0,0.0,0.0,0.0,0.0,65
2023-05-10 09:41:12,i2401-P-760,i2401-P-760,112.2,0.0,0.0,0.0,1,51.5,185.9,1,112.2,0.0,0.0,0.0,0.0,0.0,65
2023-05-10 09:41:18,i2401-P-760,i2401-P-760,112.2,0.0,0.0,0.0,1,95.4,122.5,1,112.2,0.0,0.0,0.0,0.0,0.0,65
2023-05-10 09:41:36,i2401-P-760,i2401-P-760,112.2,0.0,0.0,0.0,1,51.2,0.0,0,112.2,0.0,0.0,0.0,0.0,0.0,65
2023-05-10 09:41:36,i2401-P-760,i2401-P-760,112.2,0.0,0.0,0.0,1,51.5,185.9,1,112.2,0.0,0.0,0.0,0.0,0.0,65
2023-05-10 09:42:09,i2401-P-760,i2401-P-760,112.2,0.0,0.0,0.0,1,51.6,185.9,1,112.2,0.0,0.0,0.0,0.0,0.0,65
2023-05-10 09:42:09,i2401-P-760,i2401-P-760,112.2,0.0,0.0,0.0,1,51.9,185.9,1,112.2,0.0,0.0,0.0,0.0,0.0,65
2023-05-10 09:47:30,i2401-P-760,i2401-P-760,112.2,0.0,0.0,0.0,1,95.4,122.5,1,112.2,0.0,0.0,0.0,0.0,0.0,65
2023-05-10 09:48:06,i2401-P-760,i2401-P-760,112.2,0.0,0.0,0.0,1,51.6,0.0,0,112.2,0.0,0.0,0.0,0.0,0.0,65
2023-05-10 09:48:06,i2401-P-760,i2401-P-760,112.2,0.0,0.0,0.0,1,51.9,185.9,1,112.2,0.0,0.0,0.0,0.0,0.0,65
2023-05-10 09:48:12,i2401-P-760,i2401-P-760,112.2,0.0,0.0,0.0,1,95.3,122.4,1,112.2,0.0,0.0,0.0,0.0,0.0,65
2023-05-10 09:50:48,i2401-P-760,i2401-P-760,112.2,0.0,0.0,0.0,1,51.6,0.0,0,112.2,0.0,0.0,0.0,0.0,0.0,65
2023-05-10 09:50:49,i2401-P-760,i2401-P-760,112.2,0.0,0.0,0.0,1,51.9,185.9,1,112.2,0.0,0.0,0.0,0.0,0.0,65
2023-05-10 09:51:06,i2401-P-760,i2401-P-760,112.2,0.0,0.0,0.0,1,95.4,122.4,1,112.2,0.0,0.0,0.0,0.0,0.0,65
2023-05-10 09:52:30,i2401-P-760,i2401-P-760,112.2,0.0,0.0,0.0,1,51.6,0.0,0,112.2,0.0,0.0,0.0,0.0,0.0,65
2023-05-10 09:52:30,i2401-P-760,i2401-P-760,112.2,0.0,0.0,0.0,1,51.9,185.9,1,112.2,0.0,0.0,0.0,0.0,0.0,65
2023-05-10 09:54:19,i2401-P-760,i2401-P-760,112.2,0.0,0.0,0.0,1,95.5,122.5,1,112.2,0.0,0.0,0.0,0.0,0.0,65
2023-05-10 09:54:42,i2401-P-760,i2401-P-760,112.2,0.0,0.0,0.0,1,51.6,0.0,0,112.2,0.0,0.0,0.0,0.0,0.0,65
2023-05-10 09:54:43,i2401-P-760,i2401-P-760,112.2,0.0,0.0,0.0,1,51.9,185.9,1,112.2,0.0,0.0,0.0,0.0,0.0,65
2023-05-10 09:56:00,i2401-P-760,i2401-P-760,112.2,0.0,0.0,0.0,1,95.6,122.6,1,112.2,0.0,0.0,0.0,0.0,0.0,65
2023-05-10 09:56:36,i2401-P-760,i2401-P-760,112.2,0.0,0.0,0.0,1,51.6,0.0,0,112.2,0.0,0.0,0.0,0.0,0.0,65
2023-05-10 09:56:36,i2401-P-760,i2401-P-760,112.2,0.0,0.0,0.0,1,51.9,185.9,1,112.2,0.0,0.0,0.0,0.0,0.0,65
2023-05-10 09:56:42,i2401-P-760,i2401-P-760,112.2,0.0,0.0,0.0,1,95.7,122.8,1,112.2,0.0,0.0,0.0,0.0,0.0,65
2023-05-10 09:57:06,i2401-P-760,i2401-P-760,112.2,0.0,0.0,0.0,1,51.6,0.0,0,112.2,0.0,0.0,0.0,0.0,0.0,65
2023-05-10 09:57:07,i2401-P-760,i2401-P-760,112.2,0.0,0.0,0.0,1,51.9,185.9,1,112.2,0.0,0.0,0.0,0.0,0.0,65
2023-05-10 09:59:06,i2401-P-760,i2401-P-760,112.2,0.0,0.0,0.0,1,95.8,122.8,1,112.2,0.0,0.0,0.0,0.0,0.0,65
2023-05-10 09:59:12,i2401-P-760,i2401-P-760,112.2,0.0,0.0,0.0,1,51.6,0.0,0,112.2,0.0,0.0,0.0,0.0,0.0,65
2023-05-10 09:59:13,i2401-P-760,i2401-P-760,112.2,0.0,0.0,0.0,1,51.9,185.9,1,112.2,0.0,0.0,0.0,0.0,0.0,65
2023-05-10 09:59:30,i2401-P-760,i2401-P-760,112.2,0.0,0.0,0.0,1,95.9,122.9,1,112.2,0.0,0.0,0.0,0.0,0.0,65
2023-05-10 09:59:36,i2401-P-760,i2401-P-760,112.2,0.0,0.0,0.0,1,51.6,0.0,0,112.2,0.0,0.0,0.0,0.0,0.0,65
2023-05-10 09:59:36,i2401-P-760,i2401-P-760,112.2,0.0,0.0,0.0,1,51.9,185.9,1,112.2,0.0,0.0,0.0,0.0,0.0,65
2023-05-10 10:00:06,i2401-P-760,i2401-P-760,112.2,0.0,0.0,0.0,1,95.5,122.6,1,112.2,0.0,0.0,0.0,0.0,0.0,65
2023-05-10 10:02:00,i2401-P-760,i2401-P-760,112.2,0.0,0.0,0.0,1,51.6,0.0,0,112.2,0.0,0.0,0.0,0.0,0.0,65
2023-05-10 10:02:01,i2401-P-760,i2401-P-760,112.2,0.0,0.0,0.0,1,51.9,185.9,1,112.2,0.0,0.0,0.0,0.0,0.0,65
2023-05-10 10:02:06,i2401-P-760,i2401-P-760,112.2,0.0,0.0,0.0,1,95.4,122.4,1,112.2,0.0,0.0,0.0,0.0,0.0,65
2023-05-10 10:11:30,i2401-P-760,i2401-P-760,112.2,0.0,0.0,0.0,1,51.6,0.0,0,112.2,0.0,0.0,0.0,0.0,0.0,65
2023-05-10 10:11:31,i2401-P-760,i2401-P-760,112.2,0.0,0.0,0.0,1,51.9,185.9,1,112.2,0.0,0.0,0.0,0.0,0.0,65
2023-05-10 10:11:36,i2401-P-760,i2401-P-760,112.2,0.0,0.0,0.0,1,94.6,121.6,1,112.2,0.0,0.0,0.0,0.0,0.0,65
2023-05-10 10:11:48,i2401-P-760,i2401-P-760,112.2,0.0,0.0,0.0,1,51.6,0.0,0,112.2,0.0,0.0,0.0,0.0,0.0,65
2023-05-10 10:11:48,i2401-P-760,i2401-P-760,112.2,0.0,0.0,0.0,1,51.9,185.9,1,112.2,0.0,0.0,0.0,0.0,0.0,65
2023-05-10 10:12:12,i2401-P-760,i2401-P-760,112.2,0.0,0.0,0.0,1,94.5,121.6,1,112.2,0.0,0.0,0.0,0.0,0.0,65
2023-05-10 10:12:48,i2401-P-760,i2401-P-760,112.2,0.0,0.0,0.0,1,51.6,0.0,0,112.2,0.0,0.0,0.0,0.0,0.0,65
2023-05-10 10:12:48,i2401-P-760,i2401-P-760,112.2,0.0,0.0,0.0,1,51.9,185.9,1,112.2,0.0,0.0,0.0,0.0,0.0,65
2023-05-10 10:12:54,i2401-P-760,i2401-P-760,112.2,0.0,0.0,0.0,1,94.5,121.5,1,112.2,0.0,0.0,0.0,0.0,0.0,65
2023-05-10 10:13:06,i2401-P-760,i2401-P-760,112.2,0.0,0.0,0.0,1,51.6,0.0,0,112.2,0.0,0.0,0.0,0.0,0.0,65
2023-05-10 10:13:07,i2401-P-760,i2401-P-760,112.2,0.0,0.0,0.0,1,51.9,185.9,1,112.2,0.0,0.0,0.0,0.0,0.0,65
2023-05-10 10:13:24,i2401-P-760,i2401-P-760,112.2,0.0,0.0,0.0,1,94.3,121.4,1,112.2,0.0,0.0,0.0,0.0,0.0,65
2023-05-10 10:13:48,i2401-P-760,i2401-P-760,112.2,0.0,0.0,0.0,1,51.6,0.0,0,112.2,0.0,0.0,0.0,0.0,0.0,65
2023-05-10 10:13:48,i2401-P-760,i2401-P-760,112.2,0.0,0.0,0.0,1,51.9,185.9,1,112.2,0.0,0.0,0.0,0.0,0.0,65
2023-05-10 10:14:59,i2401-P-760,i2401-P-760,112.2,0.0,0.0,0.0,1,51.9,0.0,0,112.2,0.0,0.0,0.0,0.0,0.0,65
2023-05-10 10:14:59,i2401-P-760,i2401-P-760,112.2,0.0,0.0,0.0,1,51.6,0.0,0,112.2,0.0,0.0,0.0,0.0,0.0,65
2023-05-10 10:32:01,i2401-P-760,i2401-P-760,112.2,0.0,0.0,0.0,1,51.9,185.9,1,112.2,0.0,0.0,0.0,0.0,0.0,65
2023-05-10 10:56:37,i2401-P-760,i2401-P-760,112.2,0.0,0.0,0.0,1,52.0,185.9,1,112.2,0.0,0.0,0.0,0.0,0.0,65
2023-05-10 10:56:37,i2401-P-760,i2401-P-760,112.2,0.0,0.0,0.0,1,52.3,185.9,1,112.2,0.0,0.0,0.0,0.0,0.0,65
2023-05-10 11:28:20,i2401-P-760,i2401-P-760,112.2,0.0,0.0,0.0,1,52.4,185.9,1,112.2,0.0,0.0,0.0,0.0,0.0,65
2023-05-10 11:28:21,i2401-P-760,i2401-P-760,112.2,0.0,0.0,0.0,1,52.7,185.9,1,112.2,0.0,0.0,0.0,0.0,0.0,65
2023-05-10 11:29:54,i2401-P-760,i2401-P-760,112.2,0.0,0.0,0.0,1,52.4,0.0,0,112.2,0.0,0.0,0.0,0.0,0.0,65
2023-05-10 13:32:00,i2401-P-760,i2401-P-760,112.2,0.0,0.0,0.0,1,52.7,185.9,1,112.2,0.0,0.0,0.0,0.0,0.0,65
2023-05-10 13:36:20,i2401-P-760,i2401-P-760,112.2,0.0,0.0,0.0,1,52.8,185.9,1,112.2,0.0,0.0,0.0,0.0,0.0,65
2023-05-10 13:36:21,i2401-P-760,i2401-P-760,112.2,0.0,0.0,0.0,1,53.1,185.9,1,112.2,0.0,0.0,0.0,0.0,0.0,65
2023-05-10 14:15:45,i2401-P-760,i2401-P-760,112.2,0.0,0.0,0.0,1,53.2,185.9,1,112.2,0.0,0.0,0.0,0.0,0.0,65
2023-05-10 14:15:46,i2401-P-760,i2401-P-760,112.2,0.0,0.0,0.0,1,53.5,185.9,1,112.2,0.0,0.0,0.0,0.0,0.0,65
2023-05-10 14:48:04,i2401-P-760,i2401-P-760,112.2,0.0,0.0,0.0,1,53.6,185.9,1,112.2,0.0,0.0,0.0,0.0,0.0,65
2023-05-10 14:48:05,i2401-P-760,i2401-P-760,112.2,0.0,0.0,0.0,1,53.9,185.9,1,112.2,0.0,0.0,0.0,0.0,0.0,65
2023-05-10 14:59:53,i2401-P-760,i2401-P-760,112.2,0.0,0.0,0.0,1,53.6,0.0,0,112.2,0.0,0.0,0.0,0.0,0.0,65
2023-05-10 15:01:14,i2401-P-760,i2401-P-760,112.2,0.0,0.0,0.0,1,53.6,0.0,0,112.2,0.0,0.0,0.0,0.0,0.0,65
