time,symbol_id,symbol_name,last,trade_volume,trade_amount,open_interest_change,bv1,bp1,ap1,av1,yesterday_close,today_open,today_high,today_low,volume,amount,open_interest
2023-05-09 20:55:50,i2404-C-790,i2404-C-790,24.4,0.0,0.0,0.0,1,0.1,0.0,0,24.4,0.0,0.0,0.0,0.0,0.0,15
2023-05-09 21:00:12,i2404-C-790,i2404-C-790,24.4,0.0,0.0,0.0,10,4.4,0.0,0,24.4,0.0,0.0,0.0,0.0,0.0,15
2023-05-09 21:00:18,i2404-C-790,i2404-C-790,24.4,0.0,0.0,0.0,11,4.4,0.0,0,24.4,0.0,0.0,0.0,0.0,0.0,15
2023-05-09 21:02:37,i2404-C-790,i2404-C-790,24.4,0.0,0.0,0.0,1,4.5,0.0,0,24.4,0.0,0.0,0.0,0.0,0.0,15
2023-05-09 21:02:37,i2404-C-790,i2404-C-790,24.4,0.0,0.0,0.0,10,4.6,0.0,0,24.4,0.0,0.0,0.0,0.0,0.0,15
2023-05-09 21:02:52,i2404-C-790,i2404-C-790,24.4,0.0,0.0,0.0,1,4.7,0.0,0,24.4,0.0,0.0,0.0,0.0,0.0,15
2023-05-09 21:02:52,i2404-C-790,i2404-C-790,24.4,0.0,0.0,0.0,10,4.8,0.0,0,24.4,0.0,0.0,0.0,0.0,0.0,15
2023-05-09 21:05:10,i2404-C-790,i2404-C-790,24.4,0.0,0.0,0.0,1,4.9,0.0,0,24.4,0.0,0.0,0.0,0.0,0.0,15
2023-05-09 21:05:10,i2404-C-790,i2404-C-790,24.4,0.0,0.0,0.0,10,5.0,0.0,0,24.4,0.0,0.0,0.0,0.0,0.0,15
2023-05-09 21:05:30,i2404-C-790,i2404-C-790,24.4,0.0,0.0,0.0,1,5.1,0.0,0,24.4,0.0,0.0,0.0,0.0,0.0,15
2023-05-09 21:05:30,i2404-C-790,i2404-C-790,24.4,0.0,0.0,0.0,10,5.2,0.0,0,24.4,0.0,0.0,0.0,0.0,0.0,15
2023-05-09 21:05:33,i2404-C-790,i2404-C-790,24.4,0.0,0.0,0.0,1,5.3,0.0,0,24.4,0.0,0.0,0.0,0.0,0.0,15
2023-05-09 21:05:33,i2404-C-790,i2404-C-790,24.4,0.0,0.0,0.0,10,5.4,0.0,0,24.4,0.0,0.0,0.0,0.0,0.0,15
2023-05-09 21:05:36,i2404-C-790,i2404-C-790,24.4,0.0,0.0,0.0,1,5.5,0.0,0,24.4,0.0,0.0,0.0,0.0,0.0,15
2023-05-09 21:05:36,i2404-C-790,i2404-C-790,24.4,0.0,0.0,0.0,10,5.6,0.0,0,24.4,0.0,0.0,0.0,0.0,0.0,15
2023-05-09 21:05:37,i2404-C-790,i2404-C-790,24.4,0.0,0.0,0.0,1,5.7,0.0,0,24.4,0.0,0.0,0.0,0.0,0.0,15
2023-05-09 21:05:37,i2404-C-790,i2404-C-790,24.4,0.0,0.0,0.0,10,5.8,0.0,0,24.4,0.0,0.0,0.0,0.0,0.0,15
2023-05-09 21:05:38,i2404-C-790,i2404-C-790,24.4,0.0,0.0,0.0,1,5.9,0.0,0,24.4,0.0,0.0,0.0,0.0,0.0,15
2023-05-09 21:05:38,i2404-C-790,i2404-C-790,24.4,0.0,0.0,0.0,10,6.0,0.0,0,24.4,0.0,0.0,0.0,0.0,0.0,15
2023-05-09 21:05:40,i2404-C-790,i2404-C-790,24.4,0.0,0.0,0.0,1,6.1,0.0,0,24.4,0.0,0.0,0.0,0.0,0.0,15
2023-05-09 21:05:40,i2404-C-790,i2404-C-790,24.4,0.0,0.0,0.0,10,6.2,0.0,0,24.4,0.0,0.0,0.0,0.0,0.0,15
2023-05-09 21:05:41,i2404-C-790,i2404-C-790,24.4,0.0,0.0,0.0,1,6.3,0.0,0,24.4,0.0,0.0,0.0,0.0,0.0,15
2023-05-09 21:05:41,i2404-C-790,i2404-C-790,24.4,0.0,0.0,0.0,10,6.4,0.0,0,24.4,0.0,0.0,0.0,0.0,0.0,15
2023-05-09 21:05:44,i2404-C-790,i2404-C-790,24.4,0.0,0.0,0.0,1,6.5,0.0,0,24.4,0.0,0.0,0.0,0.0,0.0,15
2023-05-09 21:05:44,i2404-C-790,i2404-C-790,24.4,0.0,0.0,0.0,10,6.6,0.0,0,24.4,0.0,0.0,0.0,0.0,0.0,15
2023-05-09 21:05:45,i2404-C-790,i2404-C-790,24.4,0.0,0.0,0.0,1,6.7,0.0,0,24.4,0.0,0.0,0.0,0.0,0.0,15
2023-05-09 21:05:45,i2404-C-790,i2404-C-790,24.4,0.0,0.0,0.0,10,6.8,0.0,0,24.4,0.0,0.0,0.0,0.0,0.0,15
2023-05-09 21:05:46,i2404-C-790,i2404-C-790,24.4,0.0,0.0,0.0,1,6.9,0.0,0,24.4,0.0,0.0,0.0,0.0,0.0,15
2023-05-09 21:05:46,i2404-C-790,i2404-C-790,24.4,0.0,0.0,0.0,10,7.0,0.0,0,24.4,0.0,0.0,0.0,0.0,0.0,15
2023-05-09 21:05:48,i2404-C-790,i2404-C-790,24.4,0.0,0.0,0.0,1,7.1,0.0,0,24.4,0.0,0.0,0.0,0.0,0.0,15
2023-05-09 21:05:48,i2404-C-790,i2404-C-790,24.4,0.0,0.0,0.0,10,7.2,0.0,0,24.4,0.0,0.0,0.0,0.0,0.0,15
2023-05-09 21:05:49,i2404-C-790,i2404-C-790,24.4,0.0,0.0,0.0,1,7.3,0.0,0,24.4,0.0,0.0,0.0,0.0,0.0,15
2023-05-09 21:05:49,i2404-C-790,i2404-C-790,24.4,0.0,0.0,0.0,10,7.4,0.0,0,24.4,0.0,0.0,0.0,0.0,0.0,15
2023-05-09 21:05:50,i2404-C-790,i2404-C-790,24.4,0.0,0.0,0.0,1,7.5,0.0,0,24.4,0.0,0.0,0.0,0.0,0.0,15
2023-05-09 21:05:50,i2404-C-790,i2404-C-790,24.4,0.0,0.0,0.0,10,7.6,0.0,0,24.4,0.0,0.0,0.0,0.0,0.0,15
2023-05-09 21:05:51,i2404-C-790,i2404-C-790,24.4,0.0,0.0,0.0,1,7.7,0.0,0,24.4,0.0,0.0,0.0,0.0,0.0,15
2023-05-09 21:05:51,i2404-C-790,i2404-C-790,24.4,0.0,0.0,0.0,10,7.8,0.0,0,24.4,0.0,0.0,0.0,0.0,0.0,15
2023-05-09 21:05:52,i2404-C-790,i2404-C-790,24.4,0.0,0.0,0.0,1,7.9,0.0,0,24.4,0.0,0.0,0.0,0.0,0.0,15
2023-05-09 21:05:52,i2404-C-790,i2404-C-790,24.4,0.0,0.0,0.0,10,8.0,0.0,0,24.4,0.0,0.0,0.0,0.0,0.0,15
2023-05-09 21:05:54,i2404-C-790,i2404-C-790,24.4,0.0,0.0,0.0,1,8.1,0.0,0,24.4,0.0,0.0,0.0,0.0,0.0,15
2023-05-09 21:05:54,i2404-C-790,i2404-C-790,24.4,0.0,0.0,0.0,10,8.2,0.0,0,24.4,0.0,0.0,0.0,0.0,0.0,15
2023-05-09 21:05:55,i2404-C-790,i2404-C-790,24.4,0.0,0.0,0.0,1,8.3,0.0,0,24.4,0.0,0.0,0.0,0.0,0.0,15
2023-05-09 21:05:55,i2404-C-790,i2404-C-790,24.4,0.0,0.0,0.0,10,8.4,0.0,0,24.4,0.0,0.0,0.0,0.0,0.0,15
2023-05-09 21:05:56,i2404-C-790,i2404-C-790,24.4,0.0,0.0,0.0,1,8.5,0.0,0,24.4,0.0,0.0,0.0,0.0,0.0,15
2023-05-09 21:05:56,i2404-C-790,i2404-C-790,24.4,0.0,0.0,0.0,10,8.6,0.0,0,24.4,0.0,0.0,0.0,0.0,0.0,15
2023-05-09 21:05:57,i2404-C-790,i2404-C-790,24.4,0.0,0.0,0.0,1,8.7,0.0,0,24.4,0.0,0.0,0.0,0.0,0.0,15
2023-05-09 21:05:57,i2404-C-790,i2404-C-790,24.4,0.0,0.0,0.0,10,8.8,0.0,0,24.4,0.0,0.0,0.0,0.0,0.0,15
2023-05-09 21:05:59,i2404-C-790,i2404-C-790,24.4,0.0,0.0,0.0,1,8.9,0.0,0,24.4,0.0,0.0,0.0,0.0,0.0,15
2023-05-09 21:05:59,i2404-C-790,i2404-C-790,24.4,0.0,0.0,0.0,10,9.0,0.0,0,24.4,0.0,0.0,0.0,0.0,0.0,15
2023-05-09 21:06:00,i2404-C-790,i2404-C-790,24.4,0.0,0.0,0.0,1,9.1,0.0,0,24.4,0.0,0.0,0.0,0.0,0.0,15
2023-05-09 21:06:00,i2404-C-790,i2404-C-790,24.4,0.0,0.0,0.0,10,9.2,0.0,0,24.4,0.0,0.0,0.0,0.0,0.0,15
2023-05-09 21:06:01,i2404-C-790,i2404-C-790,24.4,0.0,0.0,0.0,1,9.3,0.0,0,24.4,0.0,0.0,0.0,0.0,0.0,15
2023-05-09 21:06:01,i2404-C-790,i2404-C-790,24.4,0.0,0.0,0.0,10,9.4,0.0,0,24.4,0.0,0.0,0.0,0.0,0.0,15
2023-05-09 21:06:02,i2404-C-790,i2404-C-790,24.4,0.0,0.0,0.0,1,9.5,0.0,0,24.4,0.0,0.0,0.0,0.0,0.0,15
2023-05-09 21:06:02,i2404-C-790,i2404-C-790,24.4,0.0,0.0,0.0,10,9.6,0.0,0,24.4,0.0,0.0,0.0,0.0,0.0,15
2023-05-09 21:06:04,i2404-C-790,i2404-C-790,24.4,0.0,0.0,0.0,1,9.7,0.0,0,24.4,0.0,0.0,0.0,0.0,0.0,15
2023-05-09 21:06:04,i2404-C-790,i2404-C-790,24.4,0.0,0.0,0.0,10,9.8,0.0,0,24.4,0.0,0.0,0.0,0.0,0.0,15
2023-05-09 21:06:05,i2404-C-790,i2404-C-790,24.4,0.0,0.0,0.0,1,9.9,0.0,0,24.4,0.0,0.0,0.0,0.0,0.0,15
2023-05-09 21:06:05,i2404-C-790,i2404-C-790,24.4,0.0,0.0,0.0,10,10.0,0.0,0,24.4,0.0,0.0,0.0,0.0,0.0,15
2023-05-09 21:06:07,i2404-C-790,i2404-C-790,24.4,0.0,0.0,0.0,1,10.1,0.0,0,24.4,0.0,0.0,0.0,0.0,0.0,15
2023-05-09 21:06:07,i2404-C-790,i2404-C-790,24.4,0.0,0.0,0.0,10,10.2,0.0,0,24.4,0.0,0.0,0.0,0.0,0.0,15
2023-05-09 21:06:08,i2404-C-790,i2404-C-790,24.4,0.0,0.0,0.0,1,10.3,0.0,0,24.4,0.0,0.0,0.0,0.0,0.0,15
2023-05-09 21:06:08,i2404-C-790,i2404-C-790,24.4,0.0,0.0,0.0,10,10.4,0.0,0,24.4,0.0,0.0,0.0,0.0,0.0,15
2023-05-09 21:06:09,i2404-C-790,i2404-C-790,24.4,0.0,0.0,0.0,1,10.5,0.0,0,24.4,0.0,0.0,0.0,0.0,0.0,15
2023-05-09 21:06:09,i2404-C-790,i2404-C-790,24.4,0.0,0.0,0.0,10,10.6,0.0,0,24.4,0.0,0.0,0.0,0.0,0.0,15
2023-05-09 21:06:11,i2404-C-790,i2404-C-790,24.4,0.0,0.0,0.0,1,10.7,0.0,0,24.4,0.0,0.0,0.0,0.0,0.0,15
2023-05-09 21:06:11,i2404-C-790,i2404-C-790,24.4,0.0,0.0,0.0,10,10.8,0.0,0,24.4,0.0,0.0,0.0,0.0,0.0,15
2023-05-09 21:06:12,i2404-C-790,i2404-C-790,24.4,0.0,0.0,0.0,1,10.9,0.0,0,24.4,0.0,0.0,0.0,0.0,0.0,15
2023-05-09 21:06:12,i2404-C-790,i2404-C-790,24.4,0.0,0.0,0.0,10,11.0,0.0,0,24.4,0.0,0.0,0.0,0.0,0.0,15
2023-05-09 21:06:13,i2404-C-790,i2404-C-790,24.4,0.0,0.0,0.0,1,11.1,0.0,0,24.4,0.0,0.0,0.0,0.0,0.0,15
2023-05-09 21:06:13,i2404-C-790,i2404-C-790,24.4,0.0,0.0,0.0,10,11.2,0.0,0,24.4,0.0,0.0,0.0,0.0,0.0,15
2023-05-09 21:06:15,i2404-C-790,i2404-C-790,24.4,0.0,0.0,0.0,1,11.3,0.0,0,24.4,0.0,0.0,0.0,0.0,0.0,15
2023-05-09 21:06:15,i2404-C-790,i2404-C-790,24.4,0.0,0.0,0.0,10,11.4,0.0,0,24.4,0.0,0.0,0.0,0.0,0.0,15
2023-05-09 21:09:16,i2404-C-790,i2404-C-790,24.4,0.0,0.0,0.0,1,11.5,0.0,0,24.4,0.0,0.0,0.0,0.0,0.0,15
2023-05-09 21:09:16,i2404-C-790,i2404-C-790,24.4,0.0,0.0,0.0,10,11.6,0.0,0,24.4,0.0,0.0,0.0,0.0,0.0,15
2023-05-09 21:10:56,i2404-C-790,i2404-C-790,24.4,0.0,0.0,0.0,1,11.7,0.0,0,24.4,0.0,0.0,0.0,0.0,0.0,15
2023-05-09 21:10:56,i2404-C-790,i2404-C-790,24.4,0.0,0.0,0.0,10,11.8,0.0,0,24.4,0.0,0.0,0.0,0.0,0.0,15
2023-05-09 21:11:02,i2404-C-790,i2404-C-790,24.4,0.0,0.0,0.0,1,11.9,0.0,0,24.4,0.0,0.0,0.0,0.0,0.0,15
2023-05-09 21:11:02,i2404-C-790,i2404-C-790,24.4,0.0,0.0,0.0,10,12.0,0.0,0,24.4,0.0,0.0,0.0,0.0,0.0,15
2023-05-09 22:16:24,i2404-C-790,i2404-C-790,24.4,0.0,0.0,0.0,1,23.0,27.0,1,24.4,0.0,0.0,0.0,0.0,0.0,15
2023-05-09 22:16:25,i2404-C-790,i2404-C-790,24.4,0.0,0.0,0.0,2,23.0,27.0,2,24.4,0.0,0.0,0.0,0.0,0.0,15
2023-05-09 22:16:29,i2404-C-790,i2404-C-790,24.4,0.0,0.0,0.0,2,23.0,26.5,1,24.4,0.0,0.0,0.0,0.0,0.0,15
2023-05-09 22:16:31,i2404-C-790,i2404-C-790,24.4,0.0,0.0,0.0,2,23.0,25.4,1,24.4,0.0,0.0,0.0,0.0,0.0,15
2023-05-09 22:16:36,i2404-C-790,i2404-C-790,24.4,0.0,0.0,0.0,1,23.0,25.4,1,24.4,0.0,0.0,0.0,0.0,0.0,15
2023-05-09 22:16:37,i2404-C-790,i2404-C-790,24.4,0.0,0.0,0.0,1,22.9,25.4,1,24.4,0.0,0.0,0.0,0.0,0.0,15
2023-05-09 22:16:43,i2404-C-790,i2404-C-790,24.4,0.0,0.0,0.0,1,22.3,26.1,2,24.4,0.0,0.0,0.0,0.0,0.0,15
2023-05-09 22:16:52,i2404-C-790,i2404-C-790,24.4,0.0,0.0,0.0,1,22.1,26.1,1,24.4,0.0,0.0,0.0,0.0,0.0,15
2023-05-09 22:16:54,i2404-C-790,i2404-C-790,24.4,0.0,0.0,0.0,1,4.4,0.0,0,24.4,0.0,0.0,0.0,0.0,0.0,15
2023-05-09 22:16:55,i2404-C-790,i2404-C-790,24.4,0.0,0.0,0.0,1,5.7,0.0,0,24.4,0.0,0.0,0.0,0.0,0.0,15
2023-05-09 22:16:55,i2404-C-790,i2404-C-790,24.4,0.0,0.0,0.0,10,5.8,0.0,0,24.4,0.0,0.0,0.0,0.0,0.0,15
2023-05-09 22:16:56,i2404-C-790,i2404-C-790,24.4,0.0,0.0,0.0,1,7.1,0.0,0,24.4,0.0,0.0,0.0,0.0,0.0,15
2023-05-09 22:16:56,i2404-C-790,i2404-C-790,24.4,0.0,0.0,0.0,10,7.2,0.0,0,24.4,0.0,0.0,0.0,0.0,0.0,15
2023-05-09 22:16:57,i2404-C-790,i2404-C-790,24.4,0.0,0.0,0.0,1,8.5,0.0,0,24.4,0.0,0.0,0.0,0.0,0.0,15
2023-05-09 22:16:57,i2404-C-790,i2404-C-790,24.4,0.0,0.0,0.0,10,8.6,0.0,0,24.4,0.0,0.0,0.0,0.0,0.0,15
2023-05-09 22:16:58,i2404-C-790,i2404-C-790,24.4,0.0,0.0,0.0,1,9.9,0.0,0,24.4,0.0,0.0,0.0,0.0,0.0,15
2023-05-09 22:16:58,i2404-C-790,i2404-C-790,24.4,0.0,0.0,0.0,10,10.0,0.0,0,24.4,0.0,0.0,0.0,0.0,0.0,15
2023-05-09 22:16:59,i2404-C-790,i2404-C-790,24.4,0.0,0.0,0.0,1,11.3,0.0,0,24.4,0.0,0.0,0.0,0.0,0.0,15
2023-05-09 22:16:59,i2404-C-790,i2404-C-790,24.4,0.0,0.0,0.0,10,11.4,0.0,0,24.4,0.0,0.0,0.0,0.0,0.0,15
2023-05-09 22:17:00,i2404-C-790,i2404-C-790,24.4,0.0,0.0,0.0,1,12.7,0.0,0,24.4,0.0,0.0,0.0,0.0,0.0,15
2023-05-09 22:17:00,i2404-C-790,i2404-C-790,24.4,0.0,0.0,0.0,10,12.8,0.0,0,24.4,0.0,0.0,0.0,0.0,0.0,15
2023-05-09 22:17:01,i2404-C-790,i2404-C-790,24.4,0.0,0.0,0.0,1,14.1,0.0,0,24.4,0.0,0.0,0.0,0.0,0.0,15
2023-05-09 22:17:01,i2404-C-790,i2404-C-790,24.4,0.0,0.0,0.0,10,14.2,0.0,0,24.4,0.0,0.0,0.0,0.0,0.0,15
2023-05-09 22:17:02,i2404-C-790,i2404-C-790,24.4,0.0,0.0,0.0,1,15.5,0.0,0,24.4,0.0,0.0,0.0,0.0,0.0,15
2023-05-09 22:17:02,i2404-C-790,i2404-C-790,24.4,0.0,0.0,0.0,10,15.6,0.0,0,24.4,0.0,0.0,0.0,0.0,0.0,15
2023-05-09 22:17:03,i2404-C-790,i2404-C-790,24.4,0.0,0.0,0.0,1,16.3,0.0,0,24.4,0.0,0.0,0.0,0.0,0.0,15
2023-05-09 22:17:03,i2404-C-790,i2404-C-790,24.4,0.0,0.0,0.0,10,16.4,0.0,0,24.4,0.0,0.0,0.0,0.0,0.0,15
2023-05-09 22:17:04,i2404-C-790,i2404-C-790,24.4,0.0,0.0,0.0,1,17.1,0.0,0,24.4,0.0,0.0,0.0,0.0,0.0,15
2023-05-09 22:17:04,i2404-C-790,i2404-C-790,24.4,0.0,0.0,0.0,10,17.2,0.0,0,24.4,0.0,0.0,0.0,0.0,0.0,15
2023-05-09 22:17:05,i2404-C-790,i2404-C-790,24.4,0.0,0.0,0.0,1,17.3,0.0,0,24.4,0.0,0.0,0.0,0.0,0.0,15
2023-05-09 22:17:05,i2404-C-790,i2404-C-790,24.4,0.0,0.0,0.0,10,17.4,0.0,0,24.4,0.0,0.0,0.0,0.0,0.0,15
2023-05-09 22:17:06,i2404-C-790,i2404-C-790,24.4,0.0,0.0,0.0,1,17.5,0.0,0,24.4,0.0,0.0,0.0,0.0,0.0,15
2023-05-09 22:17:06,i2404-C-790,i2404-C-790,24.4,0.0,0.0,0.0,10,17.6,0.0,0,24.4,0.0,0.0,0.0,0.0,0.0,15
2023-05-09 22:17:07,i2404-C-790,i2404-C-790,24.4,0.0,0.0,0.0,1,17.7,0.0,0,24.4,0.0,0.0,0.0,0.0,0.0,15
2023-05-09 22:17:07,i2404-C-790,i2404-C-790,24.4,0.0,0.0,0.0,10,17.8,0.0,0,24.4,0.0,0.0,0.0,0.0,0.0,15
2023-05-09 22:57:32,i2404-C-790,i2404-C-790,24.4,0.0,0.0,0.0,1,4.4,0.0,0,24.4,0.0,0.0,0.0,0.0,0.0,15
2023-05-09 22:58:58,i2404-C-790,i2404-C-790,24.4,0.0,0.0,0.0,1,4.3,0.0,0,24.4,0.0,0.0,0.0,0.0,0.0,15
2023-05-09 22:59:11,i2404-C-790,i2404-C-790,24.4,0.0,0.0,0.0,10,4.4,0.0,0,24.4,0.0,0.0,0.0,0.0,0.0,15
2023-05-09 22:59:55,i2404-C-790,i2404-C-790,24.4,0.0,0.0,0.0,1,4.3,0.0,0,24.4,0.0,0.0,0.0,0.0,0.0,15
2023-05-09 22:59:58,i2404-C-790,i2404-C-790,24.4,0.0,0.0,0.0,1,1.0,0.0,0,24.4,0.0,0.0,0.0,0.0,0.0,15
2023-05-10 09:00:02,i2404-C-790,i2404-C-790,24.4,0.0,0.0,0.0,10,0.6,0.0,0,24.4,0.0,0.0,0.0,0.0,0.0,15
2023-05-10 09:00:14,i2404-C-790,i2404-C-790,24.4,0.0,0.0,0.0,1,4.7,0.0,0,24.4,0.0,0.0,0.0,0.0,0.0,15
2023-05-10 09:00:14,i2404-C-790,i2404-C-790,24.4,0.0,0.0,0.0,10,4.8,0.0,0,24.4,0.0,0.0,0.0,0.0,0.0,15
2023-05-10 09:03:32,i2404-C-790,i2404-C-790,24.4,0.0,0.0,0.0,1,6.1,0.0,0,24.4,0.0,0.0,0.0,0.0,0.0,15
2023-05-10 09:03:32,i2404-C-790,i2404-C-790,24.4,0.0,0.0,0.0,10,6.2,0.0,0,24.4,0.0,0.0,0.0,0.0,0.0,15
2023-05-10 09:04:15,i2404-C-790,i2404-C-790,24.4,0.0,0.0,0.0,1,7.5,0.0,0,24.4,0.0,0.0,0.0,0.0,0.0,15
2023-05-10 09:04:15,i2404-C-790,i2404-C-790,24.4,0.0,0.0,0.0,10,7.6,0.0,0,24.4,0.0,0.0,0.0,0.0,0.0,15
2023-05-10 09:04:46,i2404-C-790,i2404-C-790,24.4,0.0,0.0,0.0,1,8.9,0.0,0,24.4,0.0,0.0,0.0,0.0,0.0,15
2023-05-10 09:04:46,i2404-C-790,i2404-C-790,24.4,0.0,0.0,0.0,10,9.0,0.0,0,24.4,0.0,0.0,0.0,0.0,0.0,15
2023-05-10 09:04:52,i2404-C-790,i2404-C-790,24.4,0.0,0.0,0.0,1,10.3,0.0,0,24.4,0.0,0.0,0.0,0.0,0.0,15
2023-05-10 09:04:52,i2404-C-790,i2404-C-790,24.4,0.0,0.0,0.0,10,10.4,0.0,0,24.4,0.0,0.0,0.0,0.0,0.0,15
2023-05-10 09:06:01,i2404-C-790,i2404-C-790,24.4,0.0,0.0,0.0,1,11.7,0.0,0,24.4,0.0,0.0,0.0,0.0,0.0,15
2023-05-10 09:06:01,i2404-C-790,i2404-C-790,24.4,0.0,0.0,0.0,10,11.8,0.0,0,24.4,0.0,0.0,0.0,0.0,0.0,15
2023-05-10 09:06:06,i2404-C-790,i2404-C-790,24.4,0.0,0.0,0.0,1,12.5,0.0,0,24.4,0.0,0.0,0.0,0.0,0.0,15
2023-05-10 09:06:06,i2404-C-790,i2404-C-790,24.4,0.0,0.0,0.0,10,12.6,0.0,0,24.4,0.0,0.0,0.0,0.0,0.0,15
2023-05-10 09:06:10,i2404-C-790,i2404-C-790,24.4,0.0,0.0,0.0,1,12.7,0.0,0,24.4,0.0,0.0,0.0,0.0,0.0,15
2023-05-10 09:06:10,i2404-C-790,i2404-C-790,24.4,0.0,0.0,0.0,10,12.8,0.0,0,24.4,0.0,0.0,0.0,0.0,0.0,15
2023-05-10 09:06:13,i2404-C-790,i2404-C-790,24.4,0.0,0.0,0.0,1,12.9,0.0,0,24.4,0.0,0.0,0.0,0.0,0.0,15
2023-05-10 09:06:13,i2404-C-790,i2404-C-790,24.4,0.0,0.0,0.0,10,13.0,0.0,0,24.4,0.0,0.0,0.0,0.0,0.0,15
2023-05-10 09:06:15,i2404-C-790,i2404-C-790,24.4,0.0,0.0,0.0,1,13.1,0.0,0,24.4,0.0,0.0,0.0,0.0,0.0,15
2023-05-10 09:06:15,i2404-C-790,i2404-C-790,24.4,0.0,0.0,0.0,10,13.2,0.0,0,24.4,0.0,0.0,0.0,0.0,0.0,15
2023-05-10 10:14:32,i2404-C-790,i2404-C-790,24.4,0.0,0.0,0.0,1,4.7,0.0,0,24.4,0.0,0.0,0.0,0.0,0.0,15
2023-05-10 10:30:05,i2404-C-790,i2404-C-790,24.4,0.0,0.0,0.0,10,4.8,0.0,0,24.4,0.0,0.0,0.0,0.0,0.0,15
2023-05-10 10:30:52,i2404-C-790,i2404-C-790,24.4,0.0,0.0,0.0,1,6.1,0.0,0,24.4,0.0,0.0,0.0,0.0,0.0,15
2023-05-10 10:30:52,i2404-C-790,i2404-C-790,24.4,0.0,0.0,0.0,10,6.2,0.0,0,24.4,0.0,0.0,0.0,0.0,0.0,15
2023-05-10 10:31:45,i2404-C-790,i2404-C-790,24.4,0.0,0.0,0.0,1,7.5,0.0,0,24.4,0.0,0.0,0.0,0.0,0.0,15
2023-05-10 10:31:45,i2404-C-790,i2404-C-790,24.4,0.0,0.0,0.0,10,7.6,0.0,0,24.4,0.0,0.0,0.0,0.0,0.0,15
2023-05-10 10:33:09,i2404-C-790,i2404-C-790,24.4,0.0,0.0,0.0,1,8.9,0.0,0,24.4,0.0,0.0,0.0,0.0,0.0,15
2023-05-10 10:33:09,i2404-C-790,i2404-C-790,24.4,0.0,0.0,0.0,10,9.0,0.0,0,24.4,0.0,0.0,0.0,0.0,0.0,15
2023-05-10 10:33:18,i2404-C-790,i2404-C-790,24.4,0.0,0.0,0.0,1,10.3,0.0,0,24.4,0.0,0.0,0.0,0.0,0.0,15
2023-05-10 10:33:18,i2404-C-790,i2404-C-790,24.4,0.0,0.0,0.0,10,10.4,0.0,0,24.4,0.0,0.0,0.0,0.0,0.0,15
2023-05-10 10:33:22,i2404-C-790,i2404-C-790,24.4,0.0,0.0,0.0,1,11.1,0.0,0,24.4,0.0,0.0,0.0,0.0,0.0,15
2023-05-10 10:33:22,i2404-C-790,i2404-C-790,24.4,0.0,0.0,0.0,10,11.2,0.0,0,24.4,0.0,0.0,0.0,0.0,0.0,15
2023-05-10 10:34:08,i2404-C-790,i2404-C-790,24.4,0.0,0.0,0.0,1,11.3,0.0,0,24.4,0.0,0.0,0.0,0.0,0.0,15
2023-05-10 10:34:08,i2404-C-790,i2404-C-790,24.4,0.0,0.0,0.0,10,11.4,0.0,0,24.4,0.0,0.0,0.0,0.0,0.0,15
2023-05-10 10:34:10,i2404-C-790,i2404-C-790,24.4,0.0,0.0,0.0,1,11.5,0.0,0,24.4,0.0,0.0,0.0,0.0,0.0,15
2023-05-10 10:34:10,i2404-C-790,i2404-C-790,24.4,0.0,0.0,0.0,10,11.6,0.0,0,24.4,0.0,0.0,0.0,0.0,0.0,15
2023-05-10 10:34:12,i2404-C-790,i2404-C-790,24.4,0.0,0.0,0.0,1,11.7,0.0,0,24.4,0.0,0.0,0.0,0.0,0.0,15
2023-05-10 10:34:12,i2404-C-790,i2404-C-790,24.4,0.0,0.0,0.0,10,11.8,0.0,0,24.4,0.0,0.0,0.0,0.0,0.0,15
2023-05-10 10:34:13,i2404-C-790,i2404-C-790,24.4,0.0,0.0,0.0,1,11.9,0.0,0,24.4,0.0,0.0,0.0,0.0,0.0,15
2023-05-10 10:34:13,i2404-C-790,i2404-C-790,24.4,0.0,0.0,0.0,10,12.0,0.0,0,24.4,0.0,0.0,0.0,0.0,0.0,15
2023-05-10 11:01:56,i2404-C-790,i2404-C-790,24.4,0.0,0.0,0.0,1,13.3,0.0,0,24.4,0.0,0.0,0.0,0.0,0.0,15
2023-05-10 11:01:56,i2404-C-790,i2404-C-790,24.4,0.0,0.0,0.0,10,13.4,0.0,0,24.4,0.0,0.0,0.0,0.0,0.0,15
2023-05-10 11:01:57,i2404-C-790,i2404-C-790,24.4,0.0,0.0,0.0,1,14.7,0.0,0,24.4,0.0,0.0,0.0,0.0,0.0,15
2023-05-10 11:01:57,i2404-C-790,i2404-C-790,24.4,0.0,0.0,0.0,10,14.8,0.0,0,24.4,0.0,0.0,0.0,0.0,0.0,15
2023-05-10 11:01:58,i2404-C-790,i2404-C-790,24.4,0.0,0.0,0.0,1,16.1,0.0,0,24.4,0.0,0.0,0.0,0.0,0.0,15
2023-05-10 11:01:58,i2404-C-790,i2404-C-790,24.4,0.0,0.0,0.0,10,16.2,0.0,0,24.4,0.0,0.0,0.0,0.0,0.0,15
2023-05-10 11:01:59,i2404-C-790,i2404-C-790,24.4,0.0,0.0,0.0,1,17.5,0.0,0,24.4,0.0,0.0,0.0,0.0,0.0,15
2023-05-10 11:01:59,i2404-C-790,i2404-C-790,24.4,0.0,0.0,0.0,10,17.6,0.0,0,24.4,0.0,0.0,0.0,0.0,0.0,15
2023-05-10 11:02:00,i2404-C-790,i2404-C-790,24.4,0.0,0.0,0.0,1,18.9,0.0,0,24.4,0.0,0.0,0.0,0.0,0.0,15
2023-05-10 11:02:00,i2404-C-790,i2404-C-790,24.4,0.0,0.0,0.0,10,19.0,0.0,0,24.4,0.0,0.0,0.0,0.0,0.0,15
2023-05-10 11:02:01,i2404-C-790,i2404-C-790,24.4,0.0,0.0,0.0,1,19.7,0.0,0,24.4,0.0,0.0,0.0,0.0,0.0,15
2023-05-10 11:02:01,i2404-C-790,i2404-C-790,24.4,0.0,0.0,0.0,10,19.8,0.0,0,24.4,0.0,0.0,0.0,0.0,0.0,15
2023-05-10 11:02:02,i2404-C-790,i2404-C-790,24.4,0.0,0.0,0.0,1,19.9,0.0,0,24.4,0.0,0.0,0.0,0.0,0.0,15
2023-05-10 11:02:02,i2404-C-790,i2404-C-790,24.4,0.0,0.0,0.0,10,20.0,0.0,0,24.4,0.0,0.0,0.0,0.0,0.0,15
2023-05-10 11:02:03,i2404-C-790,i2404-C-790,24.4,0.0,0.0,0.0,1,20.1,0.0,0,24.4,0.0,0.0,0.0,0.0,0.0,15
2023-05-10 11:02:03,i2404-C-790,i2404-C-790,24.4,0.0,0.0,0.0,10,20.2,0.0,0,24.4,0.0,0.0,0.0,0.0,0.0,15
2023-05-10 11:02:04,i2404-C-790,i2404-C-790,24.4,0.0,0.0,0.0,1,20.3,0.0,0,24.4,0.0,0.0,0.0,0.0,0.0,15
2023-05-10 11:02:04,i2404-C-790,i2404-C-790,24.4,0.0,0.0,0.0,10,20.4,0.0,0,24.4,0.0,0.0,0.0,0.0,0.0,15
2023-05-10 11:02:05,i2404-C-790,i2404-C-790,24.4,0.0,0.0,0.0,1,20.5,0.0,0,24.4,0.0,0.0,0.0,0.0,0.0,15
2023-05-10 11:02:05,i2404-C-790,i2404-C-790,24.4,0.0,0.0,0.0,11,20.5,0.0,0,24.4,0.0,0.0,0.0,0.0,0.0,15
2023-05-10 11:02:10,i2404-C-790,i2404-C-790,24.4,0.0,0.0,0.0,10,20.5,0.0,0,24.4,0.0,0.0,0.0,0.0,0.0,15
2023-05-10 11:02:37,i2404-C-790,i2404-C-790,24.4,0.0,0.0,0.0,1,4.7,0.0,0,24.4,0.0,0.0,0.0,0.0,0.0,15
2023-05-10 11:02:37,i2404-C-790,i2404-C-790,24.4,0.0,0.0,0.0,1,6.0,0.0,0,24.4,0.0,0.0,0.0,0.0,0.0,15
2023-05-10 11:02:37,i2404-C-790,i2404-C-790,24.4,0.0,0.0,0.0,10,6.1,0.0,0,24.4,0.0,0.0,0.0,0.0,0.0,15
2023-05-10 11:02:38,i2404-C-790,i2404-C-790,24.4,0.0,0.0,0.0,1,7.4,0.0,0,24.4,0.0,0.0,0.0,0.0,0.0,15
2023-05-10 11:02:38,i2404-C-790,i2404-C-790,24.4,0.0,0.0,0.0,10,7.5,0.0,0,24.4,0.0,0.0,0.0,0.0,0.0,15
2023-05-10 11:02:39,i2404-C-790,i2404-C-790,24.4,0.0,0.0,0.0,1,8.8,0.0,0,24.4,0.0,0.0,0.0,0.0,0.0,15
2023-05-10 11:02:39,i2404-C-790,i2404-C-790,24.4,0.0,0.0,0.0,10,8.9,0.0,0,24.4,0.0,0.0,0.0,0.0,0.0,15
2023-05-10 11:02:40,i2404-C-790,i2404-C-790,24.4,0.0,0.0,0.0,1,10.2,0.0,0,24.4,0.0,0.0,0.0,0.0,0.0,15
2023-05-10 11:02:40,i2404-C-790,i2404-C-790,24.4,0.0,0.0,0.0,10,10.3,0.0,0,24.4,0.0,0.0,0.0,0.0,0.0,15
2023-05-10 11:02:41,i2404-C-790,i2404-C-790,24.4,0.0,0.0,0.0,1,11.0,0.0,0,24.4,0.0,0.0,0.0,0.0,0.0,15
2023-05-10 11:02:41,i2404-C-790,i2404-C-790,24.4,0.0,0.0,0.0,10,11.1,0.0,0,24.4,0.0,0.0,0.0,0.0,0.0,15
2023-05-10 11:02:42,i2404-C-790,i2404-C-790,24.4,0.0,0.0,0.0,1,11.2,0.0,0,24.4,0.0,0.0,0.0,0.0,0.0,15
2023-05-10 11:02:42,i2404-C-790,i2404-C-790,24.4,0.0,0.0,0.0,10,11.3,0.0,0,24.4,0.0,0.0,0.0,0.0,0.0,15
2023-05-10 11:02:43,i2404-C-790,i2404-C-790,24.4,0.0,0.0,0.0,1,11.4,0.0,0,24.4,0.0,0.0,0.0,0.0,0.0,15
2023-05-10 11:02:43,i2404-C-790,i2404-C-790,24.4,0.0,0.0,0.0,10,11.5,0.0,0,24.4,0.0,0.0,0.0,0.0,0.0,15
2023-05-10 11:02:44,i2404-C-790,i2404-C-790,24.4,0.0,0.0,0.0,1,11.6,0.0,0,24.4,0.0,0.0,0.0,0.0,0.0,15
2023-05-10 11:02:44,i2404-C-790,i2404-C-790,24.4,0.0,0.0,0.0,10,11.7,0.0,0,24.4,0.0,0.0,0.0,0.0,0.0,15
2023-05-10 11:02:45,i2404-C-790,i2404-C-790,24.4,0.0,0.0,0.0,1,11.8,0.0,0,24.4,0.0,0.0,0.0,0.0,0.0,15
2023-05-10 11:02:45,i2404-C-790,i2404-C-790,24.4,0.0,0.0,0.0,10,11.9,0.0,0,24.4,0.0,0.0,0.0,0.0,0.0,15
2023-05-10 11:04:16,i2404-C-790,i2404-C-790,24.4,0.0,0.0,0.0,1,13.2,0.0,0,24.4,0.0,0.0,0.0,0.0,0.0,15
2023-05-10 11:04:16,i2404-C-790,i2404-C-790,24.4,0.0,0.0,0.0,10,13.3,0.0,0,24.4,0.0,0.0,0.0,0.0,0.0,15
2023-05-10 11:04:17,i2404-C-790,i2404-C-790,24.4,0.0,0.0,0.0,1,14.6,0.0,0,24.4,0.0,0.0,0.0,0.0,0.0,15
2023-05-10 11:04:17,i2404-C-790,i2404-C-790,24.4,0.0,0.0,0.0,10,14.7,0.0,0,24.4,0.0,0.0,0.0,0.0,0.0,15
2023-05-10 11:04:19,i2404-C-790,i2404-C-790,24.4,0.0,0.0,0.0,1,16.0,0.0,0,24.4,0.0,0.0,0.0,0.0,0.0,15
2023-05-10 11:04:19,i2404-C-790,i2404-C-790,24.4,0.0,0.0,0.0,10,16.1,0.0,0,24.4,0.0,0.0,0.0,0.0,0.0,15
2023-05-10 11:04:20,i2404-C-790,i2404-C-790,24.4,0.0,0.0,0.0,1,17.4,0.0,0,24.4,0.0,0.0,0.0,0.0,0.0,15
2023-05-10 11:04:20,i2404-C-790,i2404-C-790,24.4,0.0,0.0,0.0,10,17.5,0.0,0,24.4,0.0,0.0,0.0,0.0,0.0,15
2023-05-10 11:04:21,i2404-C-790,i2404-C-790,24.4,0.0,0.0,0.0,1,17.6,0.0,0,24.4,0.0,0.0,0.0,0.0,0.0,15
2023-05-10 11:04:21,i2404-C-790,i2404-C-790,24.4,0.0,0.0,0.0,10,17.7,0.0,0,24.4,0.0,0.0,0.0,0.0,0.0,15
2023-05-10 11:04:22,i2404-C-790,i2404-C-790,24.4,0.0,0.0,0.0,1,17.8,0.0,0,24.4,0.0,0.0,0.0,0.0,0.0,15
2023-05-10 11:04:22,i2404-C-790,i2404-C-790,24.4,0.0,0.0,0.0,10,17.9,0.0,0,24.4,0.0,0.0,0.0,0.0,0.0,15
2023-05-10 11:04:23,i2404-C-790,i2404-C-790,24.4,0.0,0.0,0.0,1,18.0,0.0,0,24.4,0.0,0.0,0.0,0.0,0.0,15
2023-05-10 11:04:23,i2404-C-790,i2404-C-790,24.4,0.0,0.0,0.0,10,18.1,0.0,0,24.4,0.0,0.0,0.0,0.0,0.0,15
2023-05-10 11:04:24,i2404-C-790,i2404-C-790,24.4,0.0,0.0,0.0,1,18.2,0.0,0,24.4,0.0,0.0,0.0,0.0,0.0,15
2023-05-10 11:04:24,i2404-C-790,i2404-C-790,24.4,0.0,0.0,0.0,10,18.3,0.0,0,24.4,0.0,0.0,0.0,0.0,0.0,15
2023-05-10 11:04:25,i2404-C-790,i2404-C-790,24.4,0.0,0.0,0.0,1,18.4,0.0,0,24.4,0.0,0.0,0.0,0.0,0.0,15
2023-05-10 11:04:25,i2404-C-790,i2404-C-790,24.4,0.0,0.0,0.0,10,18.5,0.0,0,24.4,0.0,0.0,0.0,0.0,0.0,15
2023-05-10 11:04:26,i2404-C-790,i2404-C-790,24.4,0.0,0.0,0.0,1,18.6,0.0,0,24.4,0.0,0.0,0.0,0.0,0.0,15
2023-05-10 11:04:26,i2404-C-790,i2404-C-790,24.4,0.0,0.0,0.0,10,18.7,0.0,0,24.4,0.0,0.0,0.0,0.0,0.0,15
2023-05-10 11:29:32,i2404-C-790,i2404-C-790,24.4,0.0,0.0,0.0,1,4.7,0.0,0,24.4,0.0,0.0,0.0,0.0,0.0,15
2023-05-10 13:30:02,i2404-C-790,i2404-C-790,24.4,0.0,0.0,0.0,10,4.8,0.0,0,24.4,0.0,0.0,0.0,0.0,0.0,15
2023-05-10 13:31:48,i2404-C-790,i2404-C-790,24.4,0.0,0.0,0.0,1,6.1,0.0,0,24.4,0.0,0.0,0.0,0.0,0.0,15
2023-05-10 13:31:48,i2404-C-790,i2404-C-790,24.4,0.0,0.0,0.0,10,6.2,0.0,0,24.4,0.0,0.0,0.0,0.0,0.0,15
2023-05-10 13:31:54,i2404-C-790,i2404-C-790,24.4,0.0,0.0,0.0,1,7.5,0.0,0,24.4,0.0,0.0,0.0,0.0,0.0,15
2023-05-10 13:31:54,i2404-C-790,i2404-C-790,24.4,0.0,0.0,0.0,10,7.6,0.0,0,24.4,0.0,0.0,0.0,0.0,0.0,15
2023-05-10 13:32:03,i2404-C-790,i2404-C-790,24.4,0.0,0.0,0.0,1,8.9,0.0,0,24.4,0.0,0.0,0.0,0.0,0.0,15
2023-05-10 13:32:03,i2404-C-790,i2404-C-790,24.4,0.0,0.0,0.0,10,9.0,0.0,0,24.4,0.0,0.0,0.0,0.0,0.0,15
2023-05-10 13:32:07,i2404-C-790,i2404-C-790,24.4,0.0,0.0,0.0,1,10.3,0.0,0,24.4,0.0,0.0,0.0,0.0,0.0,15
2023-05-10 13:32:07,i2404-C-790,i2404-C-790,24.4,0.0,0.0,0.0,10,10.4,0.0,0,24.4,0.0,0.0,0.0,0.0,0.0,15
2023-05-10 13:32:12,i2404-C-790,i2404-C-790,24.4,0.0,0.0,0.0,1,11.7,0.0,0,24.4,0.0,0.0,0.0,0.0,0.0,15
2023-05-10 13:32:12,i2404-C-790,i2404-C-790,24.4,0.0,0.0,0.0,10,11.8,0.0,0,24.4,0.0,0.0,0.0,0.0,0.0,15
2023-05-10 13:32:13,i2404-C-790,i2404-C-790,24.4,0.0,0.0,0.0,1,13.1,0.0,0,24.4,0.0,0.0,0.0,0.0,0.0,15
2023-05-10 13:32:13,i2404-C-790,i2404-C-790,24.4,0.0,0.0,0.0,10,13.2,0.0,0,24.4,0.0,0.0,0.0,0.0,0.0,15
2023-05-10 13:32:14,i2404-C-790,i2404-C-790,24.4,0.0,0.0,0.0,1,14.5,0.0,0,24.4,0.0,0.0,0.0,0.0,0.0,15
2023-05-10 13:32:14,i2404-C-790,i2404-C-790,24.4,0.0,0.0,0.0,10,14.6,0.0,0,24.4,0.0,0.0,0.0,0.0,0.0,15
2023-05-10 13:32:15,i2404-C-790,i2404-C-790,24.4,0.0,0.0,0.0,1,15.9,0.0,0,24.4,0.0,0.0,0.0,0.0,0.0,15
2023-05-10 13:32:15,i2404-C-790,i2404-C-790,24.4,0.0,0.0,0.0,10,16.0,0.0,0,24.4,0.0,0.0,0.0,0.0,0.0,15
2023-05-10 13:32:16,i2404-C-790,i2404-C-790,24.4,0.0,0.0,0.0,1,17.3,0.0,0,24.4,0.0,0.0,0.0,0.0,0.0,15
2023-05-10 13:32:16,i2404-C-790,i2404-C-790,24.4,0.0,0.0,0.0,10,17.4,0.0,0,24.4,0.0,0.0,0.0,0.0,0.0,15
2023-05-10 13:32:19,i2404-C-790,i2404-C-790,24.4,0.0,0.0,0.0,1,18.1,0.0,0,24.4,0.0,0.0,0.0,0.0,0.0,15
2023-05-10 13:32:19,i2404-C-790,i2404-C-790,24.4,0.0,0.0,0.0,10,18.2,0.0,0,24.4,0.0,0.0,0.0,0.0,0.0,15
2023-05-10 13:32:21,i2404-C-790,i2404-C-790,24.4,0.0,0.0,0.0,1,18.3,0.0,0,24.4,0.0,0.0,0.0,0.0,0.0,15
2023-05-10 13:32:21,i2404-C-790,i2404-C-790,24.4,0.0,0.0,0.0,10,18.4,0.0,0,24.4,0.0,0.0,0.0,0.0,0.0,15
2023-05-10 13:32:23,i2404-C-790,i2404-C-790,24.4,0.0,0.0,0.0,1,18.5,0.0,0,24.4,0.0,0.0,0.0,0.0,0.0,15
2023-05-10 13:32:23,i2404-C-790,i2404-C-790,24.4,0.0,0.0,0.0,10,18.6,0.0,0,24.4,0.0,0.0,0.0,0.0,0.0,15
2023-05-10 13:37:34,i2404-C-790,i2404-C-790,24.4,0.0,0.0,0.0,1,18.7,0.0,0,24.4,0.0,0.0,0.0,0.0,0.0,15
2023-05-10 13:37:34,i2404-C-790,i2404-C-790,24.4,0.0,0.0,0.0,10,18.8,0.0,0,24.4,0.0,0.0,0.0,0.0,0.0,15
2023-05-10 13:37:35,i2404-C-790,i2404-C-790,24.4,0.0,0.0,0.0,1,18.9,0.0,0,24.4,0.0,0.0,0.0,0.0,0.0,15
2023-05-10 13:37:35,i2404-C-790,i2404-C-790,24.4,0.0,0.0,0.0,10,19.0,0.0,0,24.4,0.0,0.0,0.0,0.0,0.0,15
2023-05-10 13:37:37,i2404-C-790,i2404-C-790,24.4,0.0,0.0,0.0,1,19.7,0.0,0,24.4,0.0,0.0,0.0,0.0,0.0,15
2023-05-10 13:37:37,i2404-C-790,i2404-C-790,24.4,0.0,0.0,0.0,10,19.8,0.0,0,24.4,0.0,0.0,0.0,0.0,0.0,15
2023-05-10 13:37:38,i2404-C-790,i2404-C-790,24.4,0.0,0.0,0.0,1,19.9,0.0,0,24.4,0.0,0.0,0.0,0.0,0.0,15
2023-05-10 13:37:38,i2404-C-790,i2404-C-790,24.4,0.0,0.0,0.0,10,20.0,0.0,0,24.4,0.0,0.0,0.0,0.0,0.0,15
2023-05-10 13:37:39,i2404-C-790,i2404-C-790,24.4,0.0,0.0,0.0,1,20.1,0.0,0,24.4,0.0,0.0,0.0,0.0,0.0,15
2023-05-10 13:37:39,i2404-C-790,i2404-C-790,24.4,0.0,0.0,0.0,10,20.2,0.0,0,24.4,0.0,0.0,0.0,0.0,0.0,15
2023-05-10 13:37:40,i2404-C-790,i2404-C-790,24.4,0.0,0.0,0.0,1,20.3,0.0,0,24.4,0.0,0.0,0.0,0.0,0.0,15
2023-05-10 13:37:40,i2404-C-790,i2404-C-790,24.4,0.0,0.0,0.0,10,20.4,0.0,0,24.4,0.0,0.0,0.0,0.0,0.0,15
2023-05-10 13:37:41,i2404-C-790,i2404-C-790,24.4,0.0,0.0,0.0,1,20.5,0.0,0,24.4,0.0,0.0,0.0,0.0,0.0,15
2023-05-10 13:37:48,i2404-C-790,i2404-C-790,24.4,0.0,0.0,0.0,1,4.7,0.0,0,24.4,0.0,0.0,0.0,0.0,0.0,15
2023-05-10 13:37:48,i2404-C-790,i2404-C-790,24.4,0.0,0.0,0.0,1,6.0,0.0,0,24.4,0.0,0.0,0.0,0.0,0.0,15
2023-05-10 13:37:48,i2404-C-790,i2404-C-790,24.4,0.0,0.0,0.0,10,6.1,0.0,0,24.4,0.0,0.0,0.0,0.0,0.0,15
2023-05-10 13:37:49,i2404-C-790,i2404-C-790,24.4,0.0,0.0,0.0,1,7.4,0.0,0,24.4,0.0,0.0,0.0,0.0,0.0,15
2023-05-10 13:37:49,i2404-C-790,i2404-C-790,24.4,0.0,0.0,0.0,10,7.5,0.0,0,24.4,0.0,0.0,0.0,0.0,0.0,15
2023-05-10 13:37:50,i2404-C-790,i2404-C-790,24.4,0.0,0.0,0.0,1,8.8,0.0,0,24.4,0.0,0.0,0.0,0.0,0.0,15
2023-05-10 13:37:50,i2404-C-790,i2404-C-790,24.4,0.0,0.0,0.0,10,8.9,0.0,0,24.4,0.0,0.0,0.0,0.0,0.0,15
2023-05-10 13:37:51,i2404-C-790,i2404-C-790,24.4,0.0,0.0,0.0,1,10.2,0.0,0,24.4,0.0,0.0,0.0,0.0,0.0,15
2023-05-10 13:37:51,i2404-C-790,i2404-C-790,24.4,0.0,0.0,0.0,10,10.3,0.0,0,24.4,0.0,0.0,0.0,0.0,0.0,15
2023-05-10 13:37:52,i2404-C-790,i2404-C-790,24.4,0.0,0.0,0.0,1,11.6,0.0,0,24.4,0.0,0.0,0.0,0.0,0.0,15
2023-05-10 13:37:52,i2404-C-790,i2404-C-790,24.4,0.0,0.0,0.0,10,11.7,0.0,0,24.4,0.0,0.0,0.0,0.0,0.0,15
2023-05-10 13:37:53,i2404-C-790,i2404-C-790,24.4,0.0,0.0,0.0,1,13.0,0.0,0,24.4,0.0,0.0,0.0,0.0,0.0,15
2023-05-10 13:37:53,i2404-C-790,i2404-C-790,24.4,0.0,0.0,0.0,10,13.1,0.0,0,24.4,0.0,0.0,0.0,0.0,0.0,15
2023-05-10 13:37:54,i2404-C-790,i2404-C-790,24.4,0.0,0.0,0.0,1,14.4,0.0,0,24.4,0.0,0.0,0.0,0.0,0.0,15
2023-05-10 13:37:54,i2404-C-790,i2404-C-790,24.4,0.0,0.0,0.0,10,14.5,0.0,0,24.4,0.0,0.0,0.0,0.0,0.0,15
2023-05-10 13:37:55,i2404-C-790,i2404-C-790,24.4,0.0,0.0,0.0,1,15.8,0.0,0,24.4,0.0,0.0,0.0,0.0,0.0,15
2023-05-10 13:37:55,i2404-C-790,i2404-C-790,24.4,0.0,0.0,0.0,10,15.9,0.0,0,24.4,0.0,0.0,0.0,0.0,0.0,15
2023-05-10 13:37:56,i2404-C-790,i2404-C-790,24.4,0.0,0.0,0.0,1,17.2,0.0,0,24.4,0.0,0.0,0.0,0.0,0.0,15
2023-05-10 13:37:56,i2404-C-790,i2404-C-790,24.4,0.0,0.0,0.0,10,17.3,0.0,0,24.4,0.0,0.0,0.0,0.0,0.0,15
2023-05-10 13:37:57,i2404-C-790,i2404-C-790,24.4,0.0,0.0,0.0,1,18.0,0.0,0,24.4,0.0,0.0,0.0,0.0,0.0,15
2023-05-10 13:37:57,i2404-C-790,i2404-C-790,24.4,0.0,0.0,0.0,10,18.1,0.0,0,24.4,0.0,0.0,0.0,0.0,0.0,15
2023-05-10 13:37:58,i2404-C-790,i2404-C-790,24.4,0.0,0.0,0.0,1,18.8,0.0,0,24.4,0.0,0.0,0.0,0.0,0.0,15
2023-05-10 13:37:58,i2404-C-790,i2404-C-790,24.4,0.0,0.0,0.0,10,18.9,0.0,0,24.4,0.0,0.0,0.0,0.0,0.0,15
2023-05-10 13:37:59,i2404-C-790,i2404-C-790,24.4,0.0,0.0,0.0,1,19.0,0.0,0,24.4,0.0,0.0,0.0,0.0,0.0,15
2023-05-10 13:37:59,i2404-C-790,i2404-C-790,24.4,0.0,0.0,0.0,10,19.1,0.0,0,24.4,0.0,0.0,0.0,0.0,0.0,15
2023-05-10 13:38:00,i2404-C-790,i2404-C-790,24.4,0.0,0.0,0.0,1,19.2,0.0,0,24.4,0.0,0.0,0.0,0.0,0.0,15
2023-05-10 13:38:00,i2404-C-790,i2404-C-790,24.4,0.0,0.0,0.0,10,19.3,0.0,0,24.4,0.0,0.0,0.0,0.0,0.0,15
2023-05-10 13:38:01,i2404-C-790,i2404-C-790,24.4,0.0,0.0,0.0,1,19.4,0.0,0,24.4,0.0,0.0,0.0,0.0,0.0,15
2023-05-10 13:38:01,i2404-C-790,i2404-C-790,24.4,0.0,0.0,0.0,10,19.5,0.0,0,24.4,0.0,0.0,0.0,0.0,0.0,15
2023-05-10 13:38:02,i2404-C-790,i2404-C-790,24.4,0.0,0.0,0.0,1,19.6,0.0,0,24.4,0.0,0.0,0.0,0.0,0.0,15
2023-05-10 13:38:02,i2404-C-790,i2404-C-790,24.4,0.0,0.0,0.0,10,19.7,0.0,0,24.4,0.0,0.0,0.0,0.0,0.0,15
2023-05-10 13:42:25,i2404-C-790,i2404-C-790,24.4,0.0,0.0,0.0,1,20.4,0.0,0,24.4,0.0,0.0,0.0,0.0,0.0,15
2023-05-10 13:42:25,i2404-C-790,i2404-C-790,24.4,0.0,0.0,0.0,10,20.5,0.0,0,24.4,0.0,0.0,0.0,0.0,0.0,15
2023-05-10 13:42:26,i2404-C-790,i2404-C-790,24.4,0.0,0.0,0.0,1,20.6,0.0,0,24.4,0.0,0.0,0.0,0.0,0.0,15
2023-05-10 13:42:36,i2404-C-790,i2404-C-790,24.4,0.0,0.0,0.0,10,4.8,0.0,0,24.4,0.0,0.0,0.0,0.0,0.0,15
2023-05-10 13:42:36,i2404-C-790,i2404-C-790,24.4,0.0,0.0,0.0,1,6.1,0.0,0,24.4,0.0,0.0,0.0,0.0,0.0,15
2023-05-10 13:42:36,i2404-C-790,i2404-C-790,24.4,0.0,0.0,0.0,10,6.2,0.0,0,24.4,0.0,0.0,0.0,0.0,0.0,15
2023-05-10 13:42:37,i2404-C-790,i2404-C-790,24.4,0.0,0.0,0.0,1,7.5,0.0,0,24.4,0.0,0.0,0.0,0.0,0.0,15
2023-05-10 13:42:37,i2404-C-790,i2404-C-790,24.4,0.0,0.0,0.0,10,7.6,0.0,0,24.4,0.0,0.0,0.0,0.0,0.0,15
2023-05-10 13:42:38,i2404-C-790,i2404-C-790,24.4,0.0,0.0,0.0,1,8.9,0.0,0,24.4,0.0,0.0,0.0,0.0,0.0,15
2023-05-10 13:42:38,i2404-C-790,i2404-C-790,24.4,0.0,0.0,0.0,10,9.0,0.0,0,24.4,0.0,0.0,0.0,0.0,0.0,15
2023-05-10 13:42:39,i2404-C-790,i2404-C-790,24.4,0.0,0.0,0.0,1,10.3,0.0,0,24.4,0.0,0.0,0.0,0.0,0.0,15
2023-05-10 13:42:39,i2404-C-790,i2404-C-790,24.4,0.0,0.0,0.0,10,10.4,0.0,0,24.4,0.0,0.0,0.0,0.0,0.0,15
2023-05-10 13:42:40,i2404-C-790,i2404-C-790,24.4,0.0,0.0,0.0,1,11.7,0.0,0,24.4,0.0,0.0,0.0,0.0,0.0,15
2023-05-10 13:42:40,i2404-C-790,i2404-C-790,24.4,0.0,0.0,0.0,10,11.8,0.0,0,24.4,0.0,0.0,0.0,0.0,0.0,15
2023-05-10 13:42:41,i2404-C-790,i2404-C-790,24.4,0.0,0.0,0.0,1,13.1,0.0,0,24.4,0.0,0.0,0.0,0.0,0.0,15
2023-05-10 13:42:41,i2404-C-790,i2404-C-790,24.4,0.0,0.0,0.0,10,13.2,0.0,0,24.4,0.0,0.0,0.0,0.0,0.0,15
2023-05-10 13:42:42,i2404-C-790,i2404-C-790,24.4,0.0,0.0,0.0,1,14.5,0.0,0,24.4,0.0,0.0,0.0,0.0,0.0,15
2023-05-10 13:42:42,i2404-C-790,i2404-C-790,24.4,0.0,0.0,0.0,10,14.6,0.0,0,24.4,0.0,0.0,0.0,0.0,0.0,15
2023-05-10 13:42:43,i2404-C-790,i2404-C-790,24.4,0.0,0.0,0.0,1,15.9,0.0,0,24.4,0.0,0.0,0.0,0.0,0.0,15
2023-05-10 13:42:43,i2404-C-790,i2404-C-790,24.4,0.0,0.0,0.0,10,16.0,0.0,0,24.4,0.0,0.0,0.0,0.0,0.0,15
2023-05-10 13:42:44,i2404-C-790,i2404-C-790,24.4,0.0,0.0,0.0,1,17.3,0.0,0,24.4,0.0,0.0,0.0,0.0,0.0,15
2023-05-10 13:42:44,i2404-C-790,i2404-C-790,24.4,0.0,0.0,0.0,10,17.4,0.0,0,24.4,0.0,0.0,0.0,0.0,0.0,15
2023-05-10 13:42:45,i2404-C-790,i2404-C-790,24.4,0.0,0.0,0.0,1,18.1,0.0,0,24.4,0.0,0.0,0.0,0.0,0.0,15
2023-05-10 13:42:45,i2404-C-790,i2404-C-790,24.4,0.0,0.0,0.0,10,18.2,0.0,0,24.4,0.0,0.0,0.0,0.0,0.0,15
2023-05-10 13:42:47,i2404-C-790,i2404-C-790,24.4,0.0,0.0,0.0,1,18.3,0.0,0,24.4,0.0,0.0,0.0,0.0,0.0,15
2023-05-10 13:42:47,i2404-C-790,i2404-C-790,24.4,0.0,0.0,0.0,10,18.4,0.0,0,24.4,0.0,0.0,0.0,0.0,0.0,15
2023-05-10 13:42:48,i2404-C-790,i2404-C-790,24.4,0.0,0.0,0.0,1,18.5,0.0,0,24.4,0.0,0.0,0.0,0.0,0.0,15
2023-05-10 13:42:48,i2404-C-790,i2404-C-790,24.4,0.0,0.0,0.0,10,18.6,0.0,0,24.4,0.0,0.0,0.0,0.0,0.0,15
2023-05-10 13:43:59,i2404-C-790,i2404-C-790,24.4,0.0,0.0,0.0,1,18.7,0.0,0,24.4,0.0,0.0,0.0,0.0,0.0,15
2023-05-10 13:43:59,i2404-C-790,i2404-C-790,24.4,0.0,0.0,0.0,10,18.8,0.0,0,24.4,0.0,0.0,0.0,0.0,0.0,15
2023-05-10 14:35:50,i2404-C-790,i2404-C-790,24.4,0.0,0.0,0.0,1,22.5,26.4,10,24.4,0.0,0.0,0.0,0.0,0.0,15
2023-05-10 14:35:51,i2404-C-790,i2404-C-790,24.4,0.0,0.0,0.0,2,22.5,26.4,11,24.4,0.0,0.0,0.0,0.0,0.0,15
2023-05-10 14:35:53,i2404-C-790,i2404-C-790,24.4,0.0,0.0,0.0,2,22.5,24.6,1,24.4,0.0,0.0,0.0,0.0,0.0,15
2023-05-10 14:36:02,i2404-C-790,i2404-C-790,24.4,0.0,0.0,0.0,1,22.5,24.6,1,24.4,0.0,0.0,0.0,0.0,0.0,15
2023-05-10 14:36:03,i2404-C-790,i2404-C-790,24.4,0.0,0.0,0.0,1,22.2,24.6,1,24.4,0.0,0.0,0.0,0.0,0.0,15
2023-05-10 14:36:04,i2404-C-790,i2404-C-790,24.4,0.0,0.0,0.0,1,21.6,25.2,1,24.4,0.0,0.0,0.0,0.0,0.0,15
2023-05-10 14:36:06,i2404-C-790,i2404-C-790,24.4,0.0,0.0,0.0,1,21.6,25.5,1,24.4,0.0,0.0,0.0,0.0,0.0,15
2023-05-10 14:36:07,i2404-C-790,i2404-C-790,24.4,0.0,0.0,0.0,10,4.8,0.0,0,24.4,0.0,0.0,0.0,0.0,0.0,15
2023-05-10 14:36:08,i2404-C-790,i2404-C-790,24.4,0.0,0.0,0.0,1,23.3,27.3,1,24.4,0.0,0.0,0.0,0.0,0.0,15
2023-05-10 14:36:08,i2404-C-790,i2404-C-790,24.4,0.0,0.0,0.0,1,23.3,27.2,10,24.4,0.0,0.0,0.0,0.0,0.0,15
2023-05-10 14:36:20,i2404-C-790,i2404-C-790,24.4,0.0,0.0,0.0,1,4.7,27.2,10,24.4,0.0,0.0,0.0,0.0,0.0,15
2023-05-10 14:36:20,i2404-C-790,i2404-C-790,24.4,0.0,0.0,0.0,1,6.0,27.2,10,24.4,0.0,0.0,0.0,0.0,0.0,15
2023-05-10 14:36:20,i2404-C-790,i2404-C-790,24.4,0.0,0.0,0.0,10,6.1,27.2,10,24.4,0.0,0.0,0.0,0.0,0.0,15
2023-05-10 14:36:21,i2404-C-790,i2404-C-790,24.4,0.0,0.0,0.0,1,7.4,27.2,10,24.4,0.0,0.0,0.0,0.0,0.0,15
2023-05-10 14:36:22,i2404-C-790,i2404-C-790,24.4,0.0,0.0,0.0,10,7.5,27.2,10,24.4,0.0,0.0,0.0,0.0,0.0,15
2023-05-10 14:36:22,i2404-C-790,i2404-C-790,24.4,0.0,0.0,0.0,1,8.8,27.2,10,24.4,0.0,0.0,0.0,0.0,0.0,15
2023-05-10 14:36:23,i2404-C-790,i2404-C-790,24.4,0.0,0.0,0.0,10,8.9,27.2,10,24.4,0.0,0.0,0.0,0.0,0.0,15
2023-05-10 14:36:23,i2404-C-790,i2404-C-790,24.4,0.0,0.0,0.0,1,10.2,27.2,10,24.4,0.0,0.0,0.0,0.0,0.0,15
2023-05-10 14:36:24,i2404-C-790,i2404-C-790,24.4,0.0,0.0,0.0,10,10.3,27.2,10,24.4,0.0,0.0,0.0,0.0,0.0,15
2023-05-10 14:36:24,i2404-C-790,i2404-C-790,24.4,0.0,0.0,0.0,1,11.6,27.2,10,24.4,0.0,0.0,0.0,0.0,0.0,15
2023-05-10 14:36:25,i2404-C-790,i2404-C-790,24.4,0.0,0.0,0.0,10,11.7,27.2,10,24.4,0.0,0.0,0.0,0.0,0.0,15
2023-05-10 14:36:25,i2404-C-790,i2404-C-790,24.4,0.0,0.0,0.0,1,13.0,27.2,10,24.4,0.0,0.0,0.0,0.0,0.0,15
2023-05-10 14:36:26,i2404-C-790,i2404-C-790,24.4,0.0,0.0,0.0,10,13.1,27.2,10,24.4,0.0,0.0,0.0,0.0,0.0,15
2023-05-10 14:36:26,i2404-C-790,i2404-C-790,24.4,0.0,0.0,0.0,1,14.4,27.2,10,24.4,0.0,0.0,0.0,0.0,0.0,15
2023-05-10 14:36:27,i2404-C-790,i2404-C-790,24.4,0.0,0.0,0.0,10,14.5,27.2,10,24.4,0.0,0.0,0.0,0.0,0.0,15
2023-05-10 14:36:27,i2404-C-790,i2404-C-790,24.4,0.0,0.0,0.0,1,15.8,27.2,10,24.4,0.0,0.0,0.0,0.0,0.0,15
2023-05-10 14:36:28,i2404-C-790,i2404-C-790,24.4,0.0,0.0,0.0,10,15.9,27.2,10,24.4,0.0,0.0,0.0,0.0,0.0,15
2023-05-10 14:36:28,i2404-C-790,i2404-C-790,24.4,0.0,0.0,0.0,1,17.2,27.2,10,24.4,0.0,0.0,0.0,0.0,0.0,15
2023-05-10 14:36:29,i2404-C-790,i2404-C-790,24.4,0.0,0.0,0.0,10,17.3,27.2,10,24.4,0.0,0.0,0.0,0.0,0.0,15
2023-05-10 14:36:29,i2404-C-790,i2404-C-790,24.4,0.0,0.0,0.0,1,18.0,27.2,10,24.4,0.0,0.0,0.0,0.0,0.0,15
2023-05-10 14:36:30,i2404-C-790,i2404-C-790,24.4,0.0,0.0,0.0,10,18.1,27.2,10,24.4,0.0,0.0,0.0,0.0,0.0,15
2023-05-10 14:36:30,i2404-C-790,i2404-C-790,24.4,0.0,0.0,0.0,1,18.2,27.2,10,24.4,0.0,0.0,0.0,0.0,0.0,15
2023-05-10 14:36:31,i2404-C-790,i2404-C-790,24.4,0.0,0.0,0.0,10,18.3,27.2,10,24.4,0.0,0.0,0.0,0.0,0.0,15
2023-05-10 14:36:31,i2404-C-790,i2404-C-790,24.4,0.0,0.0,0.0,1,18.4,27.2,10,24.4,0.0,0.0,0.0,0.0,0.0,15
2023-05-10 14:36:32,i2404-C-790,i2404-C-790,24.4,0.0,0.0,0.0,10,18.5,27.2,10,24.4,0.0,0.0,0.0,0.0,0.0,15
2023-05-10 14:36:32,i2404-C-790,i2404-C-790,24.4,0.0,0.0,0.0,1,18.6,27.2,10,24.4,0.0,0.0,0.0,0.0,0.0,15
2023-05-10 14:36:33,i2404-C-790,i2404-C-790,24.4,0.0,0.0,0.0,10,18.7,27.2,10,24.4,0.0,0.0,0.0,0.0,0.0,15
2023-05-10 14:59:01,i2404-C-790,i2404-C-790,24.4,0.0,0.0,0.0,1,4.7,0.0,0,24.4,0.0,0.0,0.0,0.0,0.0,15
2023-05-10 14:59:02,i2404-C-790,i2404-C-790,24.4,0.0,0.0,0.0,1,6.0,0.0,0,24.4,0.0,0.0,0.0,0.0,0.0,15
2023-05-10 15:01:14,i2404-C-790,i2404-C-790,24.4,0.0,0.0,0.0,1,6.0,0.0,0,24.4,0.0,0.0,0.0,0.0,0.0,15
