time,symbol_id,symbol_name,last,trade_volume,trade_amount,open_interest_change,bv1,bp1,ap1,av1,yesterday_close,today_open,today_high,today_low,volume,amount,open_interest
2023-05-09 21:00:15,i2401-C-620,i2401-C-620,89.2,0.0,0.0,0.0,1,39.7,0.0,0,89.2,0.0,0.0,0.0,0.0,0.0,5
2023-05-09 21:00:15,i2401-C-620,i2401-C-620,89.2,0.0,0.0,0.0,20,39.8,0.0,0,89.2,0.0,0.0,0.0,0.0,0.0,5
2023-05-09 21:01:05,i2401-C-620,i2401-C-620,89.2,0.0,0.0,0.0,1,39.9,0.0,0,89.2,0.0,0.0,0.0,0.0,0.0,5
2023-05-09 21:01:05,i2401-C-620,i2401-C-620,89.2,0.0,0.0,0.0,1,40.2,0.0,0,89.2,0.0,0.0,0.0,0.0,0.0,5
2023-05-09 21:01:05,i2401-C-620,i2401-C-620,89.2,0.0,0.0,0.0,20,40.3,0.0,0,89.2,0.0,0.0,0.0,0.0,0.0,5
2023-05-09 21:01:06,i2401-C-620,i2401-C-620,89.2,0.0,0.0,0.0,1,40.6,162.9,1,89.2,0.0,0.0,0.0,0.0,0.0,5
2023-05-09 21:01:07,i2401-C-620,i2401-C-620,89.2,0.0,0.0,0.0,20,40.7,162.8,20,89.2,0.0,0.0,0.0,0.0,0.0,5
2023-05-09 21:01:07,i2401-C-620,i2401-C-620,89.2,0.0,0.0,0.0,1,41.0,162.5,1,89.2,0.0,0.0,0.0,0.0,0.0,5
2023-05-09 21:01:08,i2401-C-620,i2401-C-620,89.2,0.0,0.0,0.0,20,41.1,162.4,20,89.2,0.0,0.0,0.0,0.0,0.0,5
2023-05-09 21:01:08,i2401-C-620,i2401-C-620,89.2,0.0,0.0,0.0,1,41.4,162.4,20,89.2,0.0,0.0,0.0,0.0,0.0,5
2023-05-09 21:01:09,i2401-C-620,i2401-C-620,89.2,0.0,0.0,0.0,20,41.5,162.1,1,89.2,0.0,0.0,0.0,0.0,0.0,5
2023-05-09 21:01:09,i2401-C-620,i2401-C-620,89.2,0.0,0.0,0.0,1,41.8,162.0,20,89.2,0.0,0.0,0.0,0.0,0.0,5
2023-05-09 21:01:10,i2401-C-620,i2401-C-620,89.2,0.0,0.0,0.0,20,41.9,161.7,1,89.2,0.0,0.0,0.0,0.0,0.0,5
2023-05-09 21:01:10,i2401-C-620,i2401-C-620,89.2,0.0,0.0,0.0,1,42.2,161.6,20,89.2,0.0,0.0,0.0,0.0,0.0,5
2023-05-09 21:01:11,i2401-C-620,i2401-C-620,89.2,0.0,0.0,0.0,20,42.3,161.3,1,89.2,0.0,0.0,0.0,0.0,0.0,5
2023-05-09 21:01:11,i2401-C-620,i2401-C-620,89.2,0.0,0.0,0.0,1,42.6,161.2,20,89.2,0.0,0.0,0.0,0.0,0.0,5
2023-05-09 21:01:12,i2401-C-620,i2401-C-620,89.2,0.0,0.0,0.0,20,42.7,161.2,20,89.2,0.0,0.0,0.0,0.0,0.0,5
2023-05-09 21:01:12,i2401-C-620,i2401-C-620,89.2,0.0,0.0,0.0,1,43.0,160.9,1,89.2,0.0,0.0,0.0,0.0,0.0,5
2023-05-09 21:01:13,i2401-C-620,i2401-C-620,89.2,0.0,0.0,0.0,20,43.1,160.8,20,89.2,0.0,0.0,0.0,0.0,0.0,5
2023-05-09 21:01:14,i2401-C-620,i2401-C-620,89.2,0.0,0.0,0.0,1,43.4,160.5,1,89.2,0.0,0.0,0.0,0.0,0.0,5
2023-05-09 21:01:15,i2401-C-620,i2401-C-620,89.2,0.0,0.0,0.0,20,43.5,160.4,20,89.2,0.0,0.0,0.0,0.0,0.0,5
2023-05-09 21:01:16,i2401-C-620,i2401-C-620,89.2,0.0,0.0,0.0,1,43.8,160.4,20,89.2,0.0,0.0,0.0,0.0,0.0,5
2023-05-09 21:01:17,i2401-C-620,i2401-C-620,89.2,0.0,0.0,0.0,20,43.9,160.1,1,89.2,0.0,0.0,0.0,0.0,0.0,5
2023-05-09 21:01:17,i2401-C-620,i2401-C-620,89.2,0.0,0.0,0.0,1,44.2,160.0,20,89.2,0.0,0.0,0.0,0.0,0.0,5
2023-05-09 21:01:18,i2401-C-620,i2401-C-620,89.2,0.0,0.0,0.0,20,44.3,160.0,20,89.2,0.0,0.0,0.0,0.0,0.0,5
2023-05-09 21:01:18,i2401-C-620,i2401-C-620,89.2,0.0,0.0,0.0,1,44.6,159.7,1,89.2,0.0,0.0,0.0,0.0,0.0,5
2023-05-09 21:01:19,i2401-C-620,i2401-C-620,89.2,0.0,0.0,0.0,20,44.7,159.6,20,89.2,0.0,0.0,0.0,0.0,0.0,5
2023-05-09 21:01:19,i2401-C-620,i2401-C-620,89.2,0.0,0.0,0.0,1,45.0,159.3,1,89.2,0.0,0.0,0.0,0.0,0.0,5
2023-05-09 21:01:20,i2401-C-620,i2401-C-620,89.2,0.0,0.0,0.0,20,45.1,159.2,20,89.2,0.0,0.0,0.0,0.0,0.0,5
2023-05-09 21:01:20,i2401-C-620,i2401-C-620,89.2,0.0,0.0,0.0,1,45.4,159.2,20,89.2,0.0,0.0,0.0,0.0,0.0,5
2023-05-09 21:01:21,i2401-C-620,i2401-C-620,89.2,0.0,0.0,0.0,20,45.5,158.9,1,89.2,0.0,0.0,0.0,0.0,0.0,5
2023-05-09 21:01:21,i2401-C-620,i2401-C-620,89.2,0.0,0.0,0.0,1,45.8,158.8,20,89.2,0.0,0.0,0.0,0.0,0.0,5
2023-05-09 21:01:22,i2401-C-620,i2401-C-620,89.2,0.0,0.0,0.0,20,45.9,158.5,1,89.2,0.0,0.0,0.0,0.0,0.0,5
2023-05-09 21:01:22,i2401-C-620,i2401-C-620,89.2,0.0,0.0,0.0,20,45.9,158.4,20,89.2,0.0,0.0,0.0,0.0,0.0,5
2023-05-09 21:01:23,i2401-C-620,i2401-C-620,89.2,0.0,0.0,0.0,1,46.2,158.1,1,89.2,0.0,0.0,0.0,0.0,0.0,5
2023-05-09 21:01:23,i2401-C-620,i2401-C-620,89.2,0.0,0.0,0.0,20,46.3,158.0,20,89.2,0.0,0.0,0.0,0.0,0.0,5
2023-05-09 21:01:24,i2401-C-620,i2401-C-620,89.2,0.0,0.0,0.0,1,46.6,157.7,1,89.2,0.0,0.0,0.0,0.0,0.0,5
2023-05-09 21:01:24,i2401-C-620,i2401-C-620,89.2,0.0,0.0,0.0,20,46.7,157.6,20,89.2,0.0,0.0,0.0,0.0,0.0,5
2023-05-09 21:01:25,i2401-C-620,i2401-C-620,89.2,0.0,0.0,0.0,1,47.0,157.3,1,89.2,0.0,0.0,0.0,0.0,0.0,5
2023-05-09 21:01:25,i2401-C-620,i2401-C-620,89.2,0.0,0.0,0.0,20,47.1,157.2,20,89.2,0.0,0.0,0.0,0.0,0.0,5
2023-05-09 21:01:27,i2401-C-620,i2401-C-620,89.2,0.0,0.0,0.0,1,47.4,156.9,1,89.2,0.0,0.0,0.0,0.0,0.0,5
2023-05-09 21:01:27,i2401-C-620,i2401-C-620,89.2,0.0,0.0,0.0,20,47.5,156.8,20,89.2,0.0,0.0,0.0,0.0,0.0,5
2023-05-09 21:01:28,i2401-C-620,i2401-C-620,89.2,0.0,0.0,0.0,1,47.8,156.5,1,89.2,0.0,0.0,0.0,0.0,0.0,5
2023-05-09 21:01:28,i2401-C-620,i2401-C-620,89.2,0.0,0.0,0.0,20,47.9,156.4,20,89.2,0.0,0.0,0.0,0.0,0.0,5
2023-05-09 21:01:29,i2401-C-620,i2401-C-620,89.2,0.0,0.0,0.0,1,48.2,156.1,1,89.2,0.0,0.0,0.0,0.0,0.0,5
2023-05-09 21:01:29,i2401-C-620,i2401-C-620,89.2,0.0,0.0,0.0,20,48.3,156.0,20,89.2,0.0,0.0,0.0,0.0,0.0,5
2023-05-09 21:01:30,i2401-C-620,i2401-C-620,89.2,0.0,0.0,0.0,1,48.6,155.7,1,89.2,0.0,0.0,0.0,0.0,0.0,5
2023-05-09 21:01:30,i2401-C-620,i2401-C-620,89.2,0.0,0.0,0.0,20,48.7,155.6,20,89.2,0.0,0.0,0.0,0.0,0.0,5
2023-05-09 21:01:31,i2401-C-620,i2401-C-620,89.2,0.0,0.0,0.0,1,49.0,155.3,1,89.2,0.0,0.0,0.0,0.0,0.0,5
2023-05-09 21:01:31,i2401-C-620,i2401-C-620,89.2,0.0,0.0,0.0,20,49.1,155.2,20,89.2,0.0,0.0,0.0,0.0,0.0,5
2023-05-09 21:01:32,i2401-C-620,i2401-C-620,89.2,0.0,0.0,0.0,1,49.4,154.9,1,89.2,0.0,0.0,0.0,0.0,0.0,5
2023-05-09 21:01:32,i2401-C-620,i2401-C-620,89.2,0.0,0.0,0.0,20,49.5,154.8,20,89.2,0.0,0.0,0.0,0.0,0.0,5
2023-05-09 21:01:33,i2401-C-620,i2401-C-620,89.2,0.0,0.0,0.0,1,49.8,154.5,1,89.2,0.0,0.0,0.0,0.0,0.0,5
2023-05-09 21:01:33,i2401-C-620,i2401-C-620,89.2,0.0,0.0,0.0,20,49.9,154.4,20,89.2,0.0,0.0,0.0,0.0,0.0,5
2023-05-09 21:01:34,i2401-C-620,i2401-C-620,89.2,0.0,0.0,0.0,1,50.2,154.1,1,89.2,0.0,0.0,0.0,0.0,0.0,5
2023-05-09 21:01:34,i2401-C-620,i2401-C-620,89.2,0.0,0.0,0.0,20,50.3,154.0,20,89.2,0.0,0.0,0.0,0.0,0.0,5
2023-05-09 21:01:35,i2401-C-620,i2401-C-620,89.2,0.0,0.0,0.0,1,50.6,153.7,1,89.2,0.0,0.0,0.0,0.0,0.0,5
2023-05-09 21:01:35,i2401-C-620,i2401-C-620,89.2,0.0,0.0,0.0,20,50.7,153.6,20,89.2,0.0,0.0,0.0,0.0,0.0,5
2023-05-09 21:01:36,i2401-C-620,i2401-C-620,89.2,0.0,0.0,0.0,1,51.0,153.3,1,89.2,0.0,0.0,0.0,0.0,0.0,5
2023-05-09 21:01:36,i2401-C-620,i2401-C-620,89.2,0.0,0.0,0.0,20,51.1,153.2,20,89.2,0.0,0.0,0.0,0.0,0.0,5
2023-05-09 21:01:37,i2401-C-620,i2401-C-620,89.2,0.0,0.0,0.0,1,51.4,152.9,1,89.2,0.0,0.0,0.0,0.0,0.0,5
2023-05-09 21:01:37,i2401-C-620,i2401-C-620,89.2,0.0,0.0,0.0,20,51.5,152.8,20,89.2,0.0,0.0,0.0,0.0,0.0,5
2023-05-09 21:01:38,i2401-C-620,i2401-C-620,89.2,0.0,0.0,0.0,1,51.8,152.5,1,89.2,0.0,0.0,0.0,0.0,0.0,5
2023-05-09 21:01:38,i2401-C-620,i2401-C-620,89.2,0.0,0.0,0.0,20,51.9,152.4,20,89.2,0.0,0.0,0.0,0.0,0.0,5
2023-05-09 21:01:39,i2401-C-620,i2401-C-620,89.2,0.0,0.0,0.0,1,52.2,152.1,1,89.2,0.0,0.0,0.0,0.0,0.0,5
2023-05-09 21:01:39,i2401-C-620,i2401-C-620,89.2,0.0,0.0,0.0,20,52.3,152.0,20,89.2,0.0,0.0,0.0,0.0,0.0,5
2023-05-09 21:01:40,i2401-C-620,i2401-C-620,89.2,0.0,0.0,0.0,1,52.6,151.7,1,89.2,0.0,0.0,0.0,0.0,0.0,5
2023-05-09 21:01:40,i2401-C-620,i2401-C-620,89.2,0.0,0.0,0.0,20,52.7,151.6,20,89.2,0.0,0.0,0.0,0.0,0.0,5
2023-05-09 21:01:41,i2401-C-620,i2401-C-620,89.2,0.0,0.0,0.0,1,53.0,151.3,1,89.2,0.0,0.0,0.0,0.0,0.0,5
2023-05-09 21:01:41,i2401-C-620,i2401-C-620,89.2,0.0,0.0,0.0,20,53.1,151.2,20,89.2,0.0,0.0,0.0,0.0,0.0,5
2023-05-09 21:01:43,i2401-C-620,i2401-C-620,89.2,0.0,0.0,0.0,1,53.4,150.9,1,89.2,0.0,0.0,0.0,0.0,0.0,5
2023-05-09 21:01:43,i2401-C-620,i2401-C-620,89.2,0.0,0.0,0.0,20,53.5,150.8,20,89.2,0.0,0.0,0.0,0.0,0.0,5
2023-05-09 21:01:44,i2401-C-620,i2401-C-620,89.2,0.0,0.0,0.0,1,53.8,150.5,1,89.2,0.0,0.0,0.0,0.0,0.0,5
2023-05-09 21:01:44,i2401-C-620,i2401-C-620,89.2,0.0,0.0,0.0,20,53.9,150.4,20,89.2,0.0,0.0,0.0,0.0,0.0,5
2023-05-09 21:01:45,i2401-C-620,i2401-C-620,89.2,0.0,0.0,0.0,1,54.2,150.1,1,89.2,0.0,0.0,0.0,0.0,0.0,5
2023-05-09 21:01:45,i2401-C-620,i2401-C-620,89.2,0.0,0.0,0.0,20,54.3,150.0,20,89.2,0.0,0.0,0.0,0.0,0.0,5
2023-05-09 21:01:46,i2401-C-620,i2401-C-620,89.2,0.0,0.0,0.0,1,54.6,149.7,1,89.2,0.0,0.0,0.0,0.0,0.0,5
2023-05-09 21:01:46,i2401-C-620,i2401-C-620,89.2,0.0,0.0,0.0,20,54.7,149.6,20,89.2,0.0,0.0,0.0,0.0,0.0,5
2023-05-09 21:01:47,i2401-C-620,i2401-C-620,89.2,0.0,0.0,0.0,1,55.0,149.3,1,89.2,0.0,0.0,0.0,0.0,0.0,5
2023-05-09 21:01:47,i2401-C-620,i2401-C-620,89.2,0.0,0.0,0.0,20,55.1,149.2,20,89.2,0.0,0.0,0.0,0.0,0.0,5
2023-05-09 21:01:48,i2401-C-620,i2401-C-620,89.2,0.0,0.0,0.0,1,55.4,148.9,1,89.2,0.0,0.0,0.0,0.0,0.0,5
2023-05-09 21:01:48,i2401-C-620,i2401-C-620,89.2,0.0,0.0,0.0,20,55.5,148.8,20,89.2,0.0,0.0,0.0,0.0,0.0,5
2023-05-09 21:01:49,i2401-C-620,i2401-C-620,89.2,0.0,0.0,0.0,1,55.8,148.5,1,89.2,0.0,0.0,0.0,0.0,0.0,5
2023-05-09 21:01:49,i2401-C-620,i2401-C-620,89.2,0.0,0.0,0.0,20,55.9,148.4,20,89.2,0.0,0.0,0.0,0.0,0.0,5
2023-05-09 21:01:50,i2401-C-620,i2401-C-620,89.2,0.0,0.0,0.0,1,56.2,148.1,1,89.2,0.0,0.0,0.0,0.0,0.0,5
2023-05-09 21:01:50,i2401-C-620,i2401-C-620,89.2,0.0,0.0,0.0,20,56.3,148.0,20,89.2,0.0,0.0,0.0,0.0,0.0,5
2023-05-09 21:01:51,i2401-C-620,i2401-C-620,89.2,0.0,0.0,0.0,1,56.6,147.7,1,89.2,0.0,0.0,0.0,0.0,0.0,5
2023-05-09 21:01:51,i2401-C-620,i2401-C-620,89.2,0.0,0.0,0.0,20,56.7,147.6,20,89.2,0.0,0.0,0.0,0.0,0.0,5
2023-05-09 21:01:52,i2401-C-620,i2401-C-620,89.2,0.0,0.0,0.0,1,57.0,147.3,1,89.2,0.0,0.0,0.0,0.0,0.0,5
2023-05-09 21:01:52,i2401-C-620,i2401-C-620,89.2,0.0,0.0,0.0,20,57.1,147.2,20,89.2,0.0,0.0,0.0,0.0,0.0,5
2023-05-09 21:01:53,i2401-C-620,i2401-C-620,89.2,0.0,0.0,0.0,1,57.4,146.9,1,89.2,0.0,0.0,0.0,0.0,0.0,5
2023-05-09 21:01:53,i2401-C-620,i2401-C-620,89.2,0.0,0.0,0.0,20,57.5,146.8,20,89.2,0.0,0.0,0.0,0.0,0.0,5
2023-05-09 21:01:54,i2401-C-620,i2401-C-620,89.2,0.0,0.0,0.0,1,57.8,146.5,1,89.2,0.0,0.0,0.0,0.0,0.0,5
2023-05-09 21:01:54,i2401-C-620,i2401-C-620,89.2,0.0,0.0,0.0,20,57.9,146.4,20,89.2,0.0,0.0,0.0,0.0,0.0,5
2023-05-09 21:01:55,i2401-C-620,i2401-C-620,89.2,0.0,0.0,0.0,1,58.2,146.1,1,89.2,0.0,0.0,0.0,0.0,0.0,5
2023-05-09 21:01:55,i2401-C-620,i2401-C-620,89.2,0.0,0.0,0.0,20,58.3,146.0,20,89.2,0.0,0.0,0.0,0.0,0.0,5
2023-05-09 21:01:56,i2401-C-620,i2401-C-620,89.2,0.0,0.0,0.0,1,58.6,145.7,1,89.2,0.0,0.0,0.0,0.0,0.0,5
2023-05-09 21:01:56,i2401-C-620,i2401-C-620,89.2,0.0,0.0,0.0,20,58.7,145.6,20,89.2,0.0,0.0,0.0,0.0,0.0,5
2023-05-09 21:01:57,i2401-C-620,i2401-C-620,89.2,0.0,0.0,0.0,1,59.0,145.3,1,89.2,0.0,0.0,0.0,0.0,0.0,5
2023-05-09 21:01:57,i2401-C-620,i2401-C-620,89.2,0.0,0.0,0.0,20,59.1,145.2,20,89.2,0.0,0.0,0.0,0.0,0.0,5
2023-05-09 21:01:58,i2401-C-620,i2401-C-620,89.2,0.0,0.0,0.0,1,59.4,144.9,1,89.2,0.0,0.0,0.0,0.0,0.0,5
2023-05-09 21:01:58,i2401-C-620,i2401-C-620,89.2,0.0,0.0,0.0,20,59.5,144.8,20,89.2,0.0,0.0,0.0,0.0,0.0,5
2023-05-09 21:01:59,i2401-C-620,i2401-C-620,89.2,0.0,0.0,0.0,1,59.8,144.5,1,89.2,0.0,0.0,0.0,0.0,0.0,5
2023-05-09 21:01:59,i2401-C-620,i2401-C-620,89.2,0.0,0.0,0.0,20,59.9,144.4,20,89.2,0.0,0.0,0.0,0.0,0.0,5
2023-05-09 21:02:00,i2401-C-620,i2401-C-620,89.2,0.0,0.0,0.0,1,60.2,144.1,1,89.2,0.0,0.0,0.0,0.0,0.0,5
2023-05-09 21:02:00,i2401-C-620,i2401-C-620,89.2,0.0,0.0,0.0,20,60.3,144.0,20,89.2,0.0,0.0,0.0,0.0,0.0,5
2023-05-09 21:02:01,i2401-C-620,i2401-C-620,89.2,0.0,0.0,0.0,1,60.6,143.7,1,89.2,0.0,0.0,0.0,0.0,0.0,5
2023-05-09 21:02:01,i2401-C-620,i2401-C-620,89.2,0.0,0.0,0.0,20,60.7,143.6,20,89.2,0.0,0.0,0.0,0.0,0.0,5
2023-05-09 21:02:02,i2401-C-620,i2401-C-620,89.2,0.0,0.0,0.0,1,61.0,143.3,1,89.2,0.0,0.0,0.0,0.0,0.0,5
2023-05-09 21:02:02,i2401-C-620,i2401-C-620,89.2,0.0,0.0,0.0,20,61.1,143.2,20,89.2,0.0,0.0,0.0,0.0,0.0,5
2023-05-09 21:02:04,i2401-C-620,i2401-C-620,89.2,0.0,0.0,0.0,1,61.4,143.2,20,89.2,0.0,0.0,0.0,0.0,0.0,5
2023-05-09 21:02:04,i2401-C-620,i2401-C-620,89.2,0.0,0.0,0.0,20,61.5,142.9,1,89.2,0.0,0.0,0.0,0.0,0.0,5
2023-05-09 21:02:05,i2401-C-620,i2401-C-620,89.2,0.0,0.0,0.0,1,61.8,142.8,20,89.2,0.0,0.0,0.0,0.0,0.0,5
2023-05-09 21:02:05,i2401-C-620,i2401-C-620,89.2,0.0,0.0,0.0,20,61.9,142.5,1,89.2,0.0,0.0,0.0,0.0,0.0,5
2023-05-09 21:02:06,i2401-C-620,i2401-C-620,89.2,0.0,0.0,0.0,1,62.2,142.4,20,89.2,0.0,0.0,0.0,0.0,0.0,5
2023-05-09 21:02:06,i2401-C-620,i2401-C-620,89.2,0.0,0.0,0.0,20,62.3,142.4,20,89.2,0.0,0.0,0.0,0.0,0.0,5
2023-05-09 21:02:07,i2401-C-620,i2401-C-620,89.2,0.0,0.0,0.0,1,62.6,142.1,1,89.2,0.0,0.0,0.0,0.0,0.0,5
2023-05-09 21:02:07,i2401-C-620,i2401-C-620,89.2,0.0,0.0,0.0,1,62.6,142.0,20,89.2,0.0,0.0,0.0,0.0,0.0,5
2023-05-09 21:02:09,i2401-C-620,i2401-C-620,89.2,0.0,0.0,0.0,1,62.6,141.7,1,89.2,0.0,0.0,0.0,0.0,0.0,5
2023-05-09 21:02:10,i2401-C-620,i2401-C-620,89.2,0.0,0.0,0.0,1,62.6,141.6,20,89.2,0.0,0.0,0.0,0.0,0.0,5
2023-05-09 21:02:10,i2401-C-620,i2401-C-620,89.2,0.0,0.0,0.0,1,62.6,141.3,1,89.2,0.0,0.0,0.0,0.0,0.0,5
2023-05-09 21:02:10,i2401-C-620,i2401-C-620,89.2,0.0,0.0,0.0,1,62.6,141.2,20,89.2,0.0,0.0,0.0,0.0,0.0,5
2023-05-09 21:02:11,i2401-C-620,i2401-C-620,89.2,0.0,0.0,0.0,1,62.6,140.9,1,89.2,0.0,0.0,0.0,0.0,0.0,5
2023-05-09 21:02:12,i2401-C-620,i2401-C-620,89.2,0.0,0.0,0.0,1,62.6,140.8,20,89.2,0.0,0.0,0.0,0.0,0.0,5
2023-05-09 21:02:13,i2401-C-620,i2401-C-620,89.2,0.0,0.0,0.0,1,62.6,140.5,1,89.2,0.0,0.0,0.0,0.0,0.0,5
2023-05-09 21:02:14,i2401-C-620,i2401-C-620,89.2,0.0,0.0,0.0,1,62.6,140.4,20,89.2,0.0,0.0,0.0,0.0,0.0,5
2023-05-09 21:02:14,i2401-C-620,i2401-C-620,89.2,0.0,0.0,0.0,1,62.6,140.1,1,89.2,0.0,0.0,0.0,0.0,0.0,5
2023-05-09 21:02:15,i2401-C-620,i2401-C-620,89.2,0.0,0.0,0.0,20,62.7,140.0,20,89.2,0.0,0.0,0.0,0.0,0.0,5
2023-05-09 21:02:15,i2401-C-620,i2401-C-620,89.2,0.0,0.0,0.0,1,63.0,139.7,1,89.2,0.0,0.0,0.0,0.0,0.0,5
2023-05-09 21:02:16,i2401-C-620,i2401-C-620,89.2,0.0,0.0,0.0,1,63.0,139.6,20,89.2,0.0,0.0,0.0,0.0,0.0,5
2023-05-09 21:02:16,i2401-C-620,i2401-C-620,89.2,0.0,0.0,0.0,1,63.0,139.3,1,89.2,0.0,0.0,0.0,0.0,0.0,5
2023-05-09 21:02:17,i2401-C-620,i2401-C-620,89.2,0.0,0.0,0.0,1,63.0,139.2,20,89.2,0.0,0.0,0.0,0.0,0.0,5
2023-05-09 21:02:17,i2401-C-620,i2401-C-620,89.2,0.0,0.0,0.0,1,63.0,138.9,1,89.2,0.0,0.0,0.0,0.0,0.0,5
2023-05-09 21:02:18,i2401-C-620,i2401-C-620,89.2,0.0,0.0,0.0,1,63.0,138.8,20,89.2,0.0,0.0,0.0,0.0,0.0,5
2023-05-09 21:02:18,i2401-C-620,i2401-C-620,89.2,0.0,0.0,0.0,1,63.0,138.5,1,89.2,0.0,0.0,0.0,0.0,0.0,5
2023-05-09 21:02:19,i2401-C-620,i2401-C-620,89.2,0.0,0.0,0.0,1,63.0,138.4,20,89.2,0.0,0.0,0.0,0.0,0.0,5
2023-05-09 21:02:19,i2401-C-620,i2401-C-620,89.2,0.0,0.0,0.0,1,63.0,138.1,1,89.2,0.0,0.0,0.0,0.0,0.0,5
2023-05-09 21:02:19,i2401-C-620,i2401-C-620,89.2,0.0,0.0,0.0,1,63.0,138.0,20,89.2,0.0,0.0,0.0,0.0,0.0,5
2023-05-09 21:02:20,i2401-C-620,i2401-C-620,89.2,0.0,0.0,0.0,1,63.0,137.7,1,89.2,0.0,0.0,0.0,0.0,0.0,5
2023-05-09 21:02:20,i2401-C-620,i2401-C-620,89.2,0.0,0.0,0.0,1,63.0,137.6,20,89.2,0.0,0.0,0.0,0.0,0.0,5
2023-05-09 21:02:21,i2401-C-620,i2401-C-620,89.2,0.0,0.0,0.0,1,63.0,137.3,1,89.2,0.0,0.0,0.0,0.0,0.0,5
2023-05-09 21:02:22,i2401-C-620,i2401-C-620,89.2,0.0,0.0,0.0,1,63.0,137.2,20,89.2,0.0,0.0,0.0,0.0,0.0,5
2023-05-09 21:02:22,i2401-C-620,i2401-C-620,89.2,0.0,0.0,0.0,1,63.0,136.9,1,89.2,0.0,0.0,0.0,0.0,0.0,5
2023-05-09 21:02:23,i2401-C-620,i2401-C-620,89.2,0.0,0.0,0.0,1,63.0,136.8,20,89.2,0.0,0.0,0.0,0.0,0.0,5
2023-05-09 21:02:23,i2401-C-620,i2401-C-620,89.2,0.0,0.0,0.0,1,63.0,136.5,1,89.2,0.0,0.0,0.0,0.0,0.0,5
2023-05-09 21:02:23,i2401-C-620,i2401-C-620,89.2,0.0,0.0,0.0,1,63.0,136.4,20,89.2,0.0,0.0,0.0,0.0,0.0,5
2023-05-09 21:02:24,i2401-C-620,i2401-C-620,89.2,0.0,0.0,0.0,1,63.0,136.1,1,89.2,0.0,0.0,0.0,0.0,0.0,5
2023-05-09 21:02:25,i2401-C-620,i2401-C-620,89.2,0.0,0.0,0.0,1,63.0,136.0,20,89.2,0.0,0.0,0.0,0.0,0.0,5
2023-05-09 21:02:25,i2401-C-620,i2401-C-620,89.2,0.0,0.0,0.0,1,63.0,135.7,1,89.2,0.0,0.0,0.0,0.0,0.0,5
2023-05-09 21:02:26,i2401-C-620,i2401-C-620,89.2,0.0,0.0,0.0,1,63.0,135.6,20,89.2,0.0,0.0,0.0,0.0,0.0,5
2023-05-09 21:02:26,i2401-C-620,i2401-C-620,89.2,0.0,0.0,0.0,1,63.0,135.3,1,89.2,0.0,0.0,0.0,0.0,0.0,5
2023-05-09 21:02:27,i2401-C-620,i2401-C-620,89.2,0.0,0.0,0.0,1,63.0,135.2,20,89.2,0.0,0.0,0.0,0.0,0.0,5
2023-05-09 21:02:27,i2401-C-620,i2401-C-620,89.2,0.0,0.0,0.0,1,63.0,134.9,1,89.2,0.0,0.0,0.0,0.0,0.0,5
2023-05-09 21:02:28,i2401-C-620,i2401-C-620,89.2,0.0,0.0,0.0,1,63.0,134.8,20,89.2,0.0,0.0,0.0,0.0,0.0,5
2023-05-09 21:02:28,i2401-C-620,i2401-C-620,89.2,0.0,0.0,0.0,1,63.0,134.5,1,89.2,0.0,0.0,0.0,0.0,0.0,5
2023-05-09 21:02:29,i2401-C-620,i2401-C-620,89.2,0.0,0.0,0.0,1,63.0,134.4,20,89.2,0.0,0.0,0.0,0.0,0.0,5
2023-05-09 21:02:29,i2401-C-620,i2401-C-620,89.2,0.0,0.0,0.0,1,63.0,134.1,1,89.2,0.0,0.0,0.0,0.0,0.0,5
2023-05-09 21:02:30,i2401-C-620,i2401-C-620,89.2,0.0,0.0,0.0,1,63.0,134.0,20,89.2,0.0,0.0,0.0,0.0,0.0,5
2023-05-09 21:02:30,i2401-C-620,i2401-C-620,89.2,0.0,0.0,0.0,1,63.0,133.7,1,89.2,0.0,0.0,0.0,0.0,0.0,5
2023-05-09 21:02:31,i2401-C-620,i2401-C-620,89.2,0.0,0.0,0.0,1,63.0,133.6,20,89.2,0.0,0.0,0.0,0.0,0.0,5
2023-05-09 21:02:31,i2401-C-620,i2401-C-620,89.2,0.0,0.0,0.0,1,63.0,133.3,1,89.2,0.0,0.0,0.0,0.0,0.0,5
2023-05-09 21:02:32,i2401-C-620,i2401-C-620,89.2,0.0,0.0,0.0,1,63.0,133.2,20,89.2,0.0,0.0,0.0,0.0,0.0,5
2023-05-09 21:02:33,i2401-C-620,i2401-C-620,89.2,0.0,0.0,0.0,1,63.0,132.9,1,89.2,0.0,0.0,0.0,0.0,0.0,5
2023-05-09 21:02:34,i2401-C-620,i2401-C-620,89.2,0.0,0.0,0.0,1,63.0,132.8,20,89.2,0.0,0.0,0.0,0.0,0.0,5
2023-05-09 21:02:34,i2401-C-620,i2401-C-620,89.2,0.0,0.0,0.0,1,63.0,132.5,1,89.2,0.0,0.0,0.0,0.0,0.0,5
2023-05-09 21:02:34,i2401-C-620,i2401-C-620,89.2,0.0,0.0,0.0,1,63.0,132.4,20,89.2,0.0,0.0,0.0,0.0,0.0,5
2023-05-09 21:02:35,i2401-C-620,i2401-C-620,89.2,0.0,0.0,0.0,1,63.0,132.1,1,89.2,0.0,0.0,0.0,0.0,0.0,5
2023-05-09 21:02:35,i2401-C-620,i2401-C-620,89.2,0.0,0.0,0.0,1,63.0,132.0,20,89.2,0.0,0.0,0.0,0.0,0.0,5
2023-05-09 21:02:36,i2401-C-620,i2401-C-620,89.2,0.0,0.0,0.0,1,63.0,131.7,1,89.2,0.0,0.0,0.0,0.0,0.0,5
2023-05-09 21:02:36,i2401-C-620,i2401-C-620,89.2,0.0,0.0,0.0,1,63.0,131.6,20,89.2,0.0,0.0,0.0,0.0,0.0,5
2023-05-09 21:02:37,i2401-C-620,i2401-C-620,89.2,0.0,0.0,0.0,1,63.0,131.3,1,89.2,0.0,0.0,0.0,0.0,0.0,5
2023-05-09 21:02:37,i2401-C-620,i2401-C-620,89.2,0.0,0.0,0.0,1,63.0,131.2,20,89.2,0.0,0.0,0.0,0.0,0.0,5
2023-05-09 21:02:38,i2401-C-620,i2401-C-620,89.2,0.0,0.0,0.0,1,63.0,130.9,1,89.2,0.0,0.0,0.0,0.0,0.0,5
2023-05-09 21:02:38,i2401-C-620,i2401-C-620,89.2,0.0,0.0,0.0,1,63.0,130.8,20,89.2,0.0,0.0,0.0,0.0,0.0,5
2023-05-09 21:02:39,i2401-C-620,i2401-C-620,89.2,0.0,0.0,0.0,1,63.0,130.5,1,89.2,0.0,0.0,0.0,0.0,0.0,5
2023-05-09 21:02:40,i2401-C-620,i2401-C-620,89.2,0.0,0.0,0.0,1,63.0,130.4,20,89.2,0.0,0.0,0.0,0.0,0.0,5
2023-05-09 21:02:40,i2401-C-620,i2401-C-620,89.2,0.0,0.0,0.0,1,63.0,130.1,1,89.2,0.0,0.0,0.0,0.0,0.0,5
2023-05-09 21:02:40,i2401-C-620,i2401-C-620,89.2,0.0,0.0,0.0,1,63.0,130.0,20,89.2,0.0,0.0,0.0,0.0,0.0,5
2023-05-09 21:02:41,i2401-C-620,i2401-C-620,89.2,0.0,0.0,0.0,1,63.0,129.7,1,89.2,0.0,0.0,0.0,0.0,0.0,5
2023-05-09 21:02:41,i2401-C-620,i2401-C-620,89.2,0.0,0.0,0.0,1,63.0,129.6,20,89.2,0.0,0.0,0.0,0.0,0.0,5
2023-05-09 21:02:42,i2401-C-620,i2401-C-620,89.2,0.0,0.0,0.0,1,63.0,129.3,1,89.2,0.0,0.0,0.0,0.0,0.0,5
2023-05-09 21:02:43,i2401-C-620,i2401-C-620,89.2,0.0,0.0,0.0,1,63.0,129.2,20,89.2,0.0,0.0,0.0,0.0,0.0,5
2023-05-09 21:02:43,i2401-C-620,i2401-C-620,89.2,0.0,0.0,0.0,1,63.0,128.9,1,89.2,0.0,0.0,0.0,0.0,0.0,5
2023-05-09 21:02:44,i2401-C-620,i2401-C-620,89.2,0.0,0.0,0.0,1,63.0,128.8,20,89.2,0.0,0.0,0.0,0.0,0.0,5
2023-05-09 21:02:44,i2401-C-620,i2401-C-620,89.2,0.0,0.0,0.0,1,63.0,128.5,1,89.2,0.0,0.0,0.0,0.0,0.0,5
2023-05-09 21:02:44,i2401-C-620,i2401-C-620,89.2,0.0,0.0,0.0,1,63.0,128.4,20,89.2,0.0,0.0,0.0,0.0,0.0,5
2023-05-09 21:02:45,i2401-C-620,i2401-C-620,89.2,0.0,0.0,0.0,1,63.0,128.1,1,89.2,0.0,0.0,0.0,0.0,0.0,5
2023-05-09 21:02:45,i2401-C-620,i2401-C-620,89.2,0.0,0.0,0.0,1,63.0,128.0,20,89.2,0.0,0.0,0.0,0.0,0.0,5
2023-05-09 21:02:46,i2401-C-620,i2401-C-620,89.2,0.0,0.0,0.0,1,63.0,127.7,1,89.2,0.0,0.0,0.0,0.0,0.0,5
2023-05-09 21:02:46,i2401-C-620,i2401-C-620,89.2,0.0,0.0,0.0,1,63.0,127.6,20,89.2,0.0,0.0,0.0,0.0,0.0,5
2023-05-09 21:02:47,i2401-C-620,i2401-C-620,89.2,0.0,0.0,0.0,1,63.0,127.3,1,89.2,0.0,0.0,0.0,0.0,0.0,5
2023-05-09 21:02:47,i2401-C-620,i2401-C-620,89.2,0.0,0.0,0.0,1,63.0,127.2,20,89.2,0.0,0.0,0.0,0.0,0.0,5
2023-05-09 21:02:48,i2401-C-620,i2401-C-620,89.2,0.0,0.0,0.0,1,63.0,126.9,1,89.2,0.0,0.0,0.0,0.0,0.0,5
2023-05-09 21:02:48,i2401-C-620,i2401-C-620,89.2,0.0,0.0,0.0,1,63.0,126.8,20,89.2,0.0,0.0,0.0,0.0,0.0,5
2023-05-09 21:02:49,i2401-C-620,i2401-C-620,89.2,0.0,0.0,0.0,1,63.0,126.5,1,89.2,0.0,0.0,0.0,0.0,0.0,5
2023-05-09 21:02:49,i2401-C-620,i2401-C-620,89.2,0.0,0.0,0.0,1,63.0,126.4,20,89.2,0.0,0.0,0.0,0.0,0.0,5
2023-05-09 21:02:50,i2401-C-620,i2401-C-620,89.2,0.0,0.0,0.0,1,63.0,126.1,1,89.2,0.0,0.0,0.0,0.0,0.0,5
2023-05-09 21:02:50,i2401-C-620,i2401-C-620,89.2,0.0,0.0,0.0,1,63.0,126.0,20,89.2,0.0,0.0,0.0,0.0,0.0,5
2023-05-09 21:02:51,i2401-C-620,i2401-C-620,89.2,0.0,0.0,0.0,1,63.0,125.7,1,89.2,0.0,0.0,0.0,0.0,0.0,5
2023-05-09 21:02:51,i2401-C-620,i2401-C-620,89.2,0.0,0.0,0.0,1,63.0,125.6,20,89.2,0.0,0.0,0.0,0.0,0.0,5
2023-05-09 21:02:52,i2401-C-620,i2401-C-620,89.2,0.0,0.0,0.0,1,63.0,125.3,1,89.2,0.0,0.0,0.0,0.0,0.0,5
2023-05-09 21:02:53,i2401-C-620,i2401-C-620,89.2,0.0,0.0,0.0,20,63.1,125.2,20,89.2,0.0,0.0,0.0,0.0,0.0,5
2023-05-09 21:02:53,i2401-C-620,i2401-C-620,89.2,0.0,0.0,0.0,1,63.4,124.9,1,89.2,0.0,0.0,0.0,0.0,0.0,5
2023-05-09 21:02:53,i2401-C-620,i2401-C-620,89.2,0.0,0.0,0.0,20,63.5,124.8,20,89.2,0.0,0.0,0.0,0.0,0.0,5
2023-05-09 21:02:54,i2401-C-620,i2401-C-620,89.2,0.0,0.0,0.0,1,63.8,124.5,1,89.2,0.0,0.0,0.0,0.0,0.0,5
2023-05-09 21:02:54,i2401-C-620,i2401-C-620,89.2,0.0,0.0,0.0,20,63.9,124.4,20,89.2,0.0,0.0,0.0,0.0,0.0,5
2023-05-09 21:02:55,i2401-C-620,i2401-C-620,89.2,0.0,0.0,0.0,1,64.2,124.1,1,89.2,0.0,0.0,0.0,0.0,0.0,5
2023-05-09 21:02:56,i2401-C-620,i2401-C-620,89.2,0.0,0.0,0.0,20,64.3,124.0,20,89.2,0.0,0.0,0.0,0.0,0.0,5
2023-05-09 21:02:56,i2401-C-620,i2401-C-620,89.2,0.0,0.0,0.0,1,64.6,123.7,1,89.2,0.0,0.0,0.0,0.0,0.0,5
2023-05-09 21:02:56,i2401-C-620,i2401-C-620,89.2,0.0,0.0,0.0,20,64.7,123.6,20,89.2,0.0,0.0,0.0,0.0,0.0,5
2023-05-09 21:02:57,i2401-C-620,i2401-C-620,89.2,0.0,0.0,0.0,20,64.7,123.3,1,89.2,0.0,0.0,0.0,0.0,0.0,5
2023-05-09 21:02:57,i2401-C-620,i2401-C-620,89.2,0.0,0.0,0.0,20,64.7,123.2,20,89.2,0.0,0.0,0.0,0.0,0.0,5
2023-05-09 21:02:58,i2401-C-620,i2401-C-620,89.2,0.0,0.0,0.0,20,64.7,122.9,1,89.2,0.0,0.0,0.0,0.0,0.0,5
2023-05-09 21:02:58,i2401-C-620,i2401-C-620,89.2,0.0,0.0,0.0,20,64.7,122.8,20,89.2,0.0,0.0,0.0,0.0,0.0,5
2023-05-09 21:02:59,i2401-C-620,i2401-C-620,89.2,0.0,0.0,0.0,20,64.7,122.5,1,89.2,0.0,0.0,0.0,0.0,0.0,5
2023-05-09 21:02:59,i2401-C-620,i2401-C-620,89.2,0.0,0.0,0.0,20,64.7,122.4,20,89.2,0.0,0.0,0.0,0.0,0.0,5
2023-05-09 21:03:00,i2401-C-620,i2401-C-620,89.2,0.0,0.0,0.0,20,64.7,122.1,1,89.2,0.0,0.0,0.0,0.0,0.0,5
2023-05-09 21:03:00,i2401-C-620,i2401-C-620,89.2,0.0,0.0,0.0,20,64.7,122.0,20,89.2,0.0,0.0,0.0,0.0,0.0,5
2023-05-09 21:03:01,i2401-C-620,i2401-C-620,89.2,0.0,0.0,0.0,20,64.7,121.7,1,89.2,0.0,0.0,0.0,0.0,0.0,5
2023-05-09 21:03:01,i2401-C-620,i2401-C-620,89.2,0.0,0.0,0.0,20,64.7,121.6,20,89.2,0.0,0.0,0.0,0.0,0.0,5
2023-05-09 21:03:02,i2401-C-620,i2401-C-620,89.2,0.0,0.0,0.0,20,64.7,121.3,1,89.2,0.0,0.0,0.0,0.0,0.0,5
2023-05-09 21:03:02,i2401-C-620,i2401-C-620,89.2,0.0,0.0,0.0,20,64.7,121.2,20,89.2,0.0,0.0,0.0,0.0,0.0,5
2023-05-09 21:03:03,i2401-C-620,i2401-C-620,89.2,0.0,0.0,0.0,20,64.7,120.9,1,89.2,0.0,0.0,0.0,0.0,0.0,5
2023-05-09 21:03:03,i2401-C-620,i2401-C-620,89.2,0.0,0.0,0.0,20,64.7,120.8,20,89.2,0.0,0.0,0.0,0.0,0.0,5
2023-05-09 21:03:04,i2401-C-620,i2401-C-620,89.2,0.0,0.0,0.0,20,64.7,120.5,1,89.2,0.0,0.0,0.0,0.0,0.0,5
2023-05-09 21:03:04,i2401-C-620,i2401-C-620,89.2,0.0,0.0,0.0,20,64.7,120.4,20,89.2,0.0,0.0,0.0,0.0,0.0,5
2023-05-09 21:03:05,i2401-C-620,i2401-C-620,89.2,0.0,0.0,0.0,20,64.7,120.1,1,89.2,0.0,0.0,0.0,0.0,0.0,5
2023-05-09 21:03:05,i2401-C-620,i2401-C-620,89.2,0.0,0.0,0.0,20,64.7,120.0,20,89.2,0.0,0.0,0.0,0.0,0.0,5
2023-05-09 21:03:06,i2401-C-620,i2401-C-620,89.2,0.0,0.0,0.0,20,64.7,119.7,1,89.2,0.0,0.0,0.0,0.0,0.0,5
2023-05-09 21:03:07,i2401-C-620,i2401-C-620,89.2,0.0,0.0,0.0,20,64.7,119.6,20,89.2,0.0,0.0,0.0,0.0,0.0,5
2023-05-09 21:03:07,i2401-C-620,i2401-C-620,89.2,0.0,0.0,0.0,20,64.7,119.3,1,89.2,0.0,0.0,0.0,0.0,0.0,5
2023-05-09 21:03:07,i2401-C-620,i2401-C-620,89.2,0.0,0.0,0.0,20,64.7,119.2,20,89.2,0.0,0.0,0.0,0.0,0.0,5
2023-05-09 21:03:08,i2401-C-620,i2401-C-620,89.2,0.0,0.0,0.0,20,64.7,118.9,1,89.2,0.0,0.0,0.0,0.0,0.0,5
2023-05-09 21:03:08,i2401-C-620,i2401-C-620,89.2,0.0,0.0,0.0,20,64.7,118.8,20,89.2,0.0,0.0,0.0,0.0,0.0,5
2023-05-09 21:03:09,i2401-C-620,i2401-C-620,89.2,0.0,0.0,0.0,20,64.7,118.5,1,89.2,0.0,0.0,0.0,0.0,0.0,5
2023-05-09 21:03:09,i2401-C-620,i2401-C-620,89.2,0.0,0.0,0.0,20,64.7,118.4,20,89.2,0.0,0.0,0.0,0.0,0.0,5
2023-05-09 21:03:10,i2401-C-620,i2401-C-620,89.2,0.0,0.0,0.0,20,64.7,118.1,1,89.2,0.0,0.0,0.0,0.0,0.0,5
2023-05-09 21:03:10,i2401-C-620,i2401-C-620,89.2,0.0,0.0,0.0,20,64.7,118.0,20,89.2,0.0,0.0,0.0,0.0,0.0,5
2023-05-09 21:03:11,i2401-C-620,i2401-C-620,89.2,0.0,0.0,0.0,20,64.7,117.7,1,89.2,0.0,0.0,0.0,0.0,0.0,5
2023-05-09 21:03:11,i2401-C-620,i2401-C-620,89.2,0.0,0.0,0.0,20,64.7,117.6,20,89.2,0.0,0.0,0.0,0.0,0.0,5
2023-05-09 21:03:12,i2401-C-620,i2401-C-620,89.2,0.0,0.0,0.0,20,64.7,117.3,1,89.2,0.0,0.0,0.0,0.0,0.0,5
2023-05-09 21:03:12,i2401-C-620,i2401-C-620,89.2,0.0,0.0,0.0,20,64.7,117.2,20,89.2,0.0,0.0,0.0,0.0,0.0,5
2023-05-09 21:03:13,i2401-C-620,i2401-C-620,89.2,0.0,0.0,0.0,20,64.7,116.9,1,89.2,0.0,0.0,0.0,0.0,0.0,5
2023-05-09 21:03:13,i2401-C-620,i2401-C-620,89.2,0.0,0.0,0.0,20,64.7,116.8,20,89.2,0.0,0.0,0.0,0.0,0.0,5
2023-05-09 21:03:14,i2401-C-620,i2401-C-620,89.2,0.0,0.0,0.0,20,64.7,116.5,1,89.2,0.0,0.0,0.0,0.0,0.0,5
2023-05-09 21:03:15,i2401-C-620,i2401-C-620,89.2,0.0,0.0,0.0,20,64.7,116.4,20,89.2,0.0,0.0,0.0,0.0,0.0,5
2023-05-09 21:03:15,i2401-C-620,i2401-C-620,89.2,0.0,0.0,0.0,20,64.7,116.1,1,89.2,0.0,0.0,0.0,0.0,0.0,5
2023-05-09 21:03:16,i2401-C-620,i2401-C-620,89.2,0.0,0.0,0.0,20,64.7,116.0,20,89.2,0.0,0.0,0.0,0.0,0.0,5
2023-05-09 21:03:16,i2401-C-620,i2401-C-620,89.2,0.0,0.0,0.0,20,64.7,115.7,1,89.2,0.0,0.0,0.0,0.0,0.0,5
2023-05-09 21:03:17,i2401-C-620,i2401-C-620,89.2,0.0,0.0,0.0,20,64.7,115.6,20,89.2,0.0,0.0,0.0,0.0,0.0,5
2023-05-09 21:03:17,i2401-C-620,i2401-C-620,89.2,0.0,0.0,0.0,20,64.7,115.3,1,89.2,0.0,0.0,0.0,0.0,0.0,5
2023-05-09 21:03:18,i2401-C-620,i2401-C-620,89.2,0.0,0.0,0.0,20,64.7,115.2,20,89.2,0.0,0.0,0.0,0.0,0.0,5
2023-05-09 21:22:24,i2401-C-620,i2401-C-620,89.2,0.0,0.0,0.0,1,65.0,114.9,1,89.2,0.0,0.0,0.0,0.0,0.0,5
2023-05-09 21:22:24,i2401-C-620,i2401-C-620,89.2,0.0,0.0,0.0,20,65.1,114.8,20,89.2,0.0,0.0,0.0,0.0,0.0,5
2023-05-09 21:22:25,i2401-C-620,i2401-C-620,89.2,0.0,0.0,0.0,1,65.4,114.5,1,89.2,0.0,0.0,0.0,0.0,0.0,5
2023-05-09 21:22:25,i2401-C-620,i2401-C-620,89.2,0.0,0.0,0.0,20,65.5,114.4,20,89.2,0.0,0.0,0.0,0.0,0.0,5
2023-05-09 21:22:26,i2401-C-620,i2401-C-620,89.2,0.0,0.0,0.0,1,65.8,114.1,1,89.2,0.0,0.0,0.0,0.0,0.0,5
2023-05-09 21:22:26,i2401-C-620,i2401-C-620,89.2,0.0,0.0,0.0,20,65.9,114.0,20,89.2,0.0,0.0,0.0,0.0,0.0,5
2023-05-09 21:22:27,i2401-C-620,i2401-C-620,89.2,0.0,0.0,0.0,1,66.2,113.7,1,89.2,0.0,0.0,0.0,0.0,0.0,5
2023-05-09 21:22:27,i2401-C-620,i2401-C-620,89.2,0.0,0.0,0.0,20,66.3,113.6,20,89.2,0.0,0.0,0.0,0.0,0.0,5
2023-05-09 21:22:28,i2401-C-620,i2401-C-620,89.2,0.0,0.0,0.0,1,66.6,113.3,1,89.2,0.0,0.0,0.0,0.0,0.0,5
2023-05-09 21:22:28,i2401-C-620,i2401-C-620,89.2,0.0,0.0,0.0,20,66.7,113.2,20,89.2,0.0,0.0,0.0,0.0,0.0,5
2023-05-09 21:22:29,i2401-C-620,i2401-C-620,89.2,0.0,0.0,0.0,20,66.7,112.9,1,89.2,0.0,0.0,0.0,0.0,0.0,5
2023-05-09 21:22:29,i2401-C-620,i2401-C-620,89.2,0.0,0.0,0.0,20,66.7,112.8,20,89.2,0.0,0.0,0.0,0.0,0.0,5
2023-05-09 21:31:05,i2401-C-620,i2401-C-620,89.2,0.0,0.0,0.0,1,66.8,112.8,20,89.2,0.0,0.0,0.0,0.0,0.0,5
2023-05-09 21:31:05,i2401-C-620,i2401-C-620,89.2,0.0,0.0,0.0,20,66.9,112.8,20,89.2,0.0,0.0,0.0,0.0,0.0,5
2023-05-09 21:42:24,i2401-C-620,i2401-C-620,89.2,0.0,0.0,0.0,1,67.2,112.5,1,89.2,0.0,0.0,0.0,0.0,0.0,5
2023-05-09 21:42:24,i2401-C-620,i2401-C-620,89.2,0.0,0.0,0.0,20,67.3,112.4,20,89.2,0.0,0.0,0.0,0.0,0.0,5
2023-05-09 21:42:25,i2401-C-620,i2401-C-620,89.2,0.0,0.0,0.0,1,67.6,112.1,1,89.2,0.0,0.0,0.0,0.0,0.0,5
2023-05-09 21:42:25,i2401-C-620,i2401-C-620,89.2,0.0,0.0,0.0,20,67.7,112.0,20,89.2,0.0,0.0,0.0,0.0,0.0,5
2023-05-09 21:42:26,i2401-C-620,i2401-C-620,89.2,0.0,0.0,0.0,1,68.0,111.7,1,89.2,0.0,0.0,0.0,0.0,0.0,5
2023-05-09 21:42:26,i2401-C-620,i2401-C-620,89.2,0.0,0.0,0.0,20,68.1,111.6,20,89.2,0.0,0.0,0.0,0.0,0.0,5
2023-05-09 21:42:27,i2401-C-620,i2401-C-620,89.2,0.0,0.0,0.0,20,68.1,111.3,1,89.2,0.0,0.0,0.0,0.0,0.0,5
2023-05-09 21:42:27,i2401-C-620,i2401-C-620,89.2,0.0,0.0,0.0,20,68.1,111.2,20,89.2,0.0,0.0,0.0,0.0,0.0,5
2023-05-09 21:42:28,i2401-C-620,i2401-C-620,89.2,0.0,0.0,0.0,20,68.1,110.9,1,89.2,0.0,0.0,0.0,0.0,0.0,5
2023-05-09 21:42:28,i2401-C-620,i2401-C-620,89.2,0.0,0.0,0.0,20,68.1,110.8,20,89.2,0.0,0.0,0.0,0.0,0.0,5
2023-05-09 21:42:29,i2401-C-620,i2401-C-620,89.2,0.0,0.0,0.0,20,68.1,110.5,1,89.2,0.0,0.0,0.0,0.0,0.0,5
2023-05-09 21:42:29,i2401-C-620,i2401-C-620,89.2,0.0,0.0,0.0,20,68.1,110.4,20,89.2,0.0,0.0,0.0,0.0,0.0,5
2023-05-09 22:01:05,i2401-C-620,i2401-C-620,89.2,0.0,0.0,0.0,1,68.2,110.4,20,89.2,0.0,0.0,0.0,0.0,0.0,5
2023-05-09 22:01:06,i2401-C-620,i2401-C-620,89.2,0.0,0.0,0.0,1,68.5,110.4,20,89.2,0.0,0.0,0.0,0.0,0.0,5
2023-05-09 22:01:06,i2401-C-620,i2401-C-620,89.2,0.0,0.0,0.0,20,68.6,110.4,20,89.2,0.0,0.0,0.0,0.0,0.0,5
2023-05-09 22:01:07,i2401-C-620,i2401-C-620,89.2,0.0,0.0,0.0,1,68.9,110.4,20,89.2,0.0,0.0,0.0,0.0,0.0,5
2023-05-09 22:01:07,i2401-C-620,i2401-C-620,89.2,0.0,0.0,0.0,20,69.0,110.4,20,89.2,0.0,0.0,0.0,0.0,0.0,5
2023-05-09 22:01:08,i2401-C-620,i2401-C-620,89.2,0.0,0.0,0.0,1,69.3,110.4,20,89.2,0.0,0.0,0.0,0.0,0.0,5
2023-05-09 22:01:08,i2401-C-620,i2401-C-620,89.2,0.0,0.0,0.0,20,69.4,110.4,20,89.2,0.0,0.0,0.0,0.0,0.0,5
2023-05-09 22:22:24,i2401-C-620,i2401-C-620,89.2,0.0,0.0,0.0,20,69.4,110.1,1,89.2,0.0,0.0,0.0,0.0,0.0,5
2023-05-09 22:22:24,i2401-C-620,i2401-C-620,89.2,0.0,0.0,0.0,20,69.4,110.0,20,89.2,0.0,0.0,0.0,0.0,0.0,5
2023-05-09 22:22:25,i2401-C-620,i2401-C-620,89.2,0.0,0.0,0.0,20,69.4,109.7,1,89.2,0.0,0.0,0.0,0.0,0.0,5
2023-05-09 22:22:25,i2401-C-620,i2401-C-620,89.2,0.0,0.0,0.0,20,69.4,109.6,20,89.2,0.0,0.0,0.0,0.0,0.0,5
2023-05-09 22:22:26,i2401-C-620,i2401-C-620,89.2,0.0,0.0,0.0,20,69.4,109.3,1,89.2,0.0,0.0,0.0,0.0,0.0,5
2023-05-09 22:22:26,i2401-C-620,i2401-C-620,89.2,0.0,0.0,0.0,20,69.4,109.2,20,89.2,0.0,0.0,0.0,0.0,0.0,5
2023-05-09 22:31:05,i2401-C-620,i2401-C-620,89.2,0.0,0.0,0.0,1,69.5,109.2,20,89.2,0.0,0.0,0.0,0.0,0.0,5
2023-05-09 22:31:06,i2401-C-620,i2401-C-620,89.2,0.0,0.0,0.0,20,69.6,108.9,1,89.2,0.0,0.0,0.0,0.0,0.0,5
2023-05-09 22:31:06,i2401-C-620,i2401-C-620,89.2,0.0,0.0,0.0,20,69.6,108.8,20,89.2,0.0,0.0,0.0,0.0,0.0,5
2023-05-09 22:31:07,i2401-C-620,i2401-C-620,89.2,0.0,0.0,0.0,20,69.6,108.5,1,89.2,0.0,0.0,0.0,0.0,0.0,5
2023-05-09 22:31:07,i2401-C-620,i2401-C-620,89.2,0.0,0.0,0.0,20,69.6,108.4,20,89.2,0.0,0.0,0.0,0.0,0.0,5
2023-05-09 22:31:08,i2401-C-620,i2401-C-620,89.2,0.0,0.0,0.0,20,69.6,108.1,1,89.2,0.0,0.0,0.0,0.0,0.0,5
2023-05-09 22:31:08,i2401-C-620,i2401-C-620,89.2,0.0,0.0,0.0,20,69.6,108.0,20,89.2,0.0,0.0,0.0,0.0,0.0,5
2023-05-09 22:57:32,i2401-C-620,i2401-C-620,89.2,0.0,0.0,0.0,1,69.5,0.0,0,89.2,0.0,0.0,0.0,0.0,0.0,5
2023-05-09 22:57:33,i2401-C-620,i2401-C-620,89.2,0.0,0.0,0.0,2,39.7,0.0,0,89.2,0.0,0.0,0.0,0.0,0.0,5
2023-05-09 22:57:34,i2401-C-620,i2401-C-620,89.2,0.0,0.0,0.0,1,40.0,162.9,1,89.2,0.0,0.0,0.0,0.0,0.0,5
2023-05-09 22:59:11,i2401-C-620,i2401-C-620,89.2,0.0,0.0,0.0,1,40.0,162.8,20,89.2,0.0,0.0,0.0,0.0,0.0,5
2023-05-09 22:59:20,i2401-C-620,i2401-C-620,89.2,0.0,0.0,0.0,1,40.0,162.5,1,89.2,0.0,0.0,0.0,0.0,0.0,5
2023-05-09 22:59:21,i2401-C-620,i2401-C-620,89.2,0.0,0.0,0.0,1,40.0,162.4,20,89.2,0.0,0.0,0.0,0.0,0.0,5
2023-05-09 22:59:26,i2401-C-620,i2401-C-620,89.2,0.0,0.0,0.0,1,40.0,162.1,1,89.2,0.0,0.0,0.0,0.0,0.0,5
2023-05-09 22:59:26,i2401-C-620,i2401-C-620,89.2,0.0,0.0,0.0,1,40.0,162.0,20,89.2,0.0,0.0,0.0,0.0,0.0,5
2023-05-09 22:59:29,i2401-C-620,i2401-C-620,89.2,0.0,0.0,0.0,1,40.0,161.7,1,89.2,0.0,0.0,0.0,0.0,0.0,5
2023-05-09 22:59:29,i2401-C-620,i2401-C-620,89.2,0.0,0.0,0.0,1,40.0,161.6,20,89.2,0.0,0.0,0.0,0.0,0.0,5
2023-05-09 22:59:31,i2401-C-620,i2401-C-620,89.2,0.0,0.0,0.0,1,40.0,161.3,1,89.2,0.0,0.0,0.0,0.0,0.0,5
2023-05-09 22:59:31,i2401-C-620,i2401-C-620,89.2,0.0,0.0,0.0,1,40.0,161.2,20,89.2,0.0,0.0,0.0,0.0,0.0,5
2023-05-09 22:59:33,i2401-C-620,i2401-C-620,89.2,0.0,0.0,0.0,1,40.0,160.9,1,89.2,0.0,0.0,0.0,0.0,0.0,5
2023-05-09 22:59:33,i2401-C-620,i2401-C-620,89.2,0.0,0.0,0.0,1,40.0,160.8,20,89.2,0.0,0.0,0.0,0.0,0.0,5
2023-05-09 22:59:35,i2401-C-620,i2401-C-620,89.2,0.0,0.0,0.0,1,40.0,160.5,1,89.2,0.0,0.0,0.0,0.0,0.0,5
2023-05-09 22:59:36,i2401-C-620,i2401-C-620,89.2,0.0,0.0,0.0,1,40.0,160.4,20,89.2,0.0,0.0,0.0,0.0,0.0,5
2023-05-09 22:59:42,i2401-C-620,i2401-C-620,89.2,0.0,0.0,0.0,1,40.0,160.1,1,89.2,0.0,0.0,0.0,0.0,0.0,5
2023-05-09 22:59:43,i2401-C-620,i2401-C-620,89.2,0.0,0.0,0.0,1,40.0,160.0,20,89.2,0.0,0.0,0.0,0.0,0.0,5
2023-05-09 22:59:55,i2401-C-620,i2401-C-620,89.2,0.0,0.0,0.0,1,40.0,0.0,0,89.2,0.0,0.0,0.0,0.0,0.0,5
2023-05-09 22:59:55,i2401-C-620,i2401-C-620,89.2,0.0,0.0,0.0,1,40.0,159.7,1,89.2,0.0,0.0,0.0,0.0,0.0,5
2023-05-10 09:00:10,i2401-C-620,i2401-C-620,89.2,0.0,0.0,0.0,20,40.1,159.6,20,89.2,0.0,0.0,0.0,0.0,0.0,5
2023-05-10 09:01:10,i2401-C-620,i2401-C-620,89.2,0.0,0.0,0.0,1,40.2,159.6,20,89.2,0.0,0.0,0.0,0.0,0.0,5
2023-05-10 09:01:11,i2401-C-620,i2401-C-620,89.2,0.0,0.0,0.0,1,40.5,159.3,1,89.2,0.0,0.0,0.0,0.0,0.0,5
2023-05-10 09:01:11,i2401-C-620,i2401-C-620,89.2,0.0,0.0,0.0,20,40.6,159.2,20,89.2,0.0,0.0,0.0,0.0,0.0,5
2023-05-10 09:01:12,i2401-C-620,i2401-C-620,89.2,0.0,0.0,0.0,1,40.9,158.9,1,89.2,0.0,0.0,0.0,0.0,0.0,5
2023-05-10 09:01:12,i2401-C-620,i2401-C-620,89.2,0.0,0.0,0.0,20,41.0,158.8,20,89.2,0.0,0.0,0.0,0.0,0.0,5
2023-05-10 09:01:13,i2401-C-620,i2401-C-620,89.2,0.0,0.0,0.0,1,41.3,158.5,1,89.2,0.0,0.0,0.0,0.0,0.0,5
2023-05-10 09:01:13,i2401-C-620,i2401-C-620,89.2,0.0,0.0,0.0,20,41.4,158.4,20,89.2,0.0,0.0,0.0,0.0,0.0,5
2023-05-10 09:01:14,i2401-C-620,i2401-C-620,89.2,0.0,0.0,0.0,1,41.7,158.1,1,89.2,0.0,0.0,0.0,0.0,0.0,5
2023-05-10 09:01:14,i2401-C-620,i2401-C-620,89.2,0.0,0.0,0.0,20,41.8,158.0,20,89.2,0.0,0.0,0.0,0.0,0.0,5
2023-05-10 09:01:15,i2401-C-620,i2401-C-620,89.2,0.0,0.0,0.0,1,42.1,157.7,1,89.2,0.0,0.0,0.0,0.0,0.0,5
2023-05-10 09:01:15,i2401-C-620,i2401-C-620,89.2,0.0,0.0,0.0,20,42.2,157.6,20,89.2,0.0,0.0,0.0,0.0,0.0,5
2023-05-10 09:01:16,i2401-C-620,i2401-C-620,89.2,0.0,0.0,0.0,1,42.5,157.3,1,89.2,0.0,0.0,0.0,0.0,0.0,5
2023-05-10 09:01:16,i2401-C-620,i2401-C-620,89.2,0.0,0.0,0.0,20,42.6,157.2,20,89.2,0.0,0.0,0.0,0.0,0.0,5
2023-05-10 09:01:17,i2401-C-620,i2401-C-620,89.2,0.0,0.0,0.0,1,42.9,156.9,1,89.2,0.0,0.0,0.0,0.0,0.0,5
2023-05-10 09:01:17,i2401-C-620,i2401-C-620,89.2,0.0,0.0,0.0,20,43.0,156.8,20,89.2,0.0,0.0,0.0,0.0,0.0,5
2023-05-10 09:01:18,i2401-C-620,i2401-C-620,89.2,0.0,0.0,0.0,1,43.3,156.5,1,89.2,0.0,0.0,0.0,0.0,0.0,5
2023-05-10 09:01:18,i2401-C-620,i2401-C-620,89.2,0.0,0.0,0.0,20,43.4,156.4,20,89.2,0.0,0.0,0.0,0.0,0.0,5
2023-05-10 09:01:19,i2401-C-620,i2401-C-620,89.2,0.0,0.0,0.0,1,43.7,156.1,1,89.2,0.0,0.0,0.0,0.0,0.0,5
2023-05-10 09:01:19,i2401-C-620,i2401-C-620,89.2,0.0,0.0,0.0,20,43.8,156.0,20,89.2,0.0,0.0,0.0,0.0,0.0,5
2023-05-10 09:01:20,i2401-C-620,i2401-C-620,89.2,0.0,0.0,0.0,1,44.1,155.7,1,89.2,0.0,0.0,0.0,0.0,0.0,5
2023-05-10 09:01:20,i2401-C-620,i2401-C-620,89.2,0.0,0.0,0.0,20,44.2,155.6,20,89.2,0.0,0.0,0.0,0.0,0.0,5
2023-05-10 09:01:21,i2401-C-620,i2401-C-620,89.2,0.0,0.0,0.0,1,44.5,155.3,1,89.2,0.0,0.0,0.0,0.0,0.0,5
2023-05-10 09:01:21,i2401-C-620,i2401-C-620,89.2,0.0,0.0,0.0,20,44.6,155.2,20,89.2,0.0,0.0,0.0,0.0,0.0,5
2023-05-10 09:01:22,i2401-C-620,i2401-C-620,89.2,0.0,0.0,0.0,1,44.9,154.9,1,89.2,0.0,0.0,0.0,0.0,0.0,5
2023-05-10 09:01:22,i2401-C-620,i2401-C-620,89.2,0.0,0.0,0.0,20,45.0,154.8,20,89.2,0.0,0.0,0.0,0.0,0.0,5
2023-05-10 09:01:23,i2401-C-620,i2401-C-620,89.2,0.0,0.0,0.0,1,45.3,154.5,1,89.2,0.0,0.0,0.0,0.0,0.0,5
2023-05-10 09:01:23,i2401-C-620,i2401-C-620,89.2,0.0,0.0,0.0,20,45.4,154.4,20,89.2,0.0,0.0,0.0,0.0,0.0,5
2023-05-10 09:01:24,i2401-C-620,i2401-C-620,89.2,0.0,0.0,0.0,1,45.7,154.1,1,89.2,0.0,0.0,0.0,0.0,0.0,5
2023-05-10 09:01:24,i2401-C-620,i2401-C-620,89.2,0.0,0.0,0.0,20,45.8,154.0,20,89.2,0.0,0.0,0.0,0.0,0.0,5
2023-05-10 09:01:25,i2401-C-620,i2401-C-620,89.2,0.0,0.0,0.0,1,46.1,153.7,1,89.2,0.0,0.0,0.0,0.0,0.0,5
2023-05-10 09:01:25,i2401-C-620,i2401-C-620,89.2,0.0,0.0,0.0,20,46.2,153.6,20,89.2,0.0,0.0,0.0,0.0,0.0,5
2023-05-10 09:01:26,i2401-C-620,i2401-C-620,89.2,0.0,0.0,0.0,1,46.5,153.3,1,89.2,0.0,0.0,0.0,0.0,0.0,5
2023-05-10 09:01:26,i2401-C-620,i2401-C-620,89.2,0.0,0.0,0.0,20,46.6,153.2,20,89.2,0.0,0.0,0.0,0.0,0.0,5
2023-05-10 09:01:27,i2401-C-620,i2401-C-620,89.2,0.0,0.0,0.0,1,46.9,152.9,1,89.2,0.0,0.0,0.0,0.0,0.0,5
2023-05-10 09:01:27,i2401-C-620,i2401-C-620,89.2,0.0,0.0,0.0,20,47.0,152.8,20,89.2,0.0,0.0,0.0,0.0,0.0,5
2023-05-10 09:01:28,i2401-C-620,i2401-C-620,89.2,0.0,0.0,0.0,1,47.3,152.5,1,89.2,0.0,0.0,0.0,0.0,0.0,5
2023-05-10 09:01:28,i2401-C-620,i2401-C-620,89.2,0.0,0.0,0.0,20,47.4,152.4,20,89.2,0.0,0.0,0.0,0.0,0.0,5
2023-05-10 09:01:29,i2401-C-620,i2401-C-620,89.2,0.0,0.0,0.0,1,47.7,152.1,1,89.2,0.0,0.0,0.0,0.0,0.0,5
2023-05-10 09:01:29,i2401-C-620,i2401-C-620,89.2,0.0,0.0,0.0,20,47.8,152.0,20,89.2,0.0,0.0,0.0,0.0,0.0,5
2023-05-10 09:01:30,i2401-C-620,i2401-C-620,89.2,0.0,0.0,0.0,1,48.1,151.7,1,89.2,0.0,0.0,0.0,0.0,0.0,5
2023-05-10 09:01:30,i2401-C-620,i2401-C-620,89.2,0.0,0.0,0.0,20,48.2,151.6,20,89.2,0.0,0.0,0.0,0.0,0.0,5
2023-05-10 09:01:31,i2401-C-620,i2401-C-620,89.2,0.0,0.0,0.0,1,48.5,151.3,1,89.2,0.0,0.0,0.0,0.0,0.0,5
2023-05-10 09:01:31,i2401-C-620,i2401-C-620,89.2,0.0,0.0,0.0,20,48.6,151.2,20,89.2,0.0,0.0,0.0,0.0,0.0,5
2023-05-10 09:01:32,i2401-C-620,i2401-C-620,89.2,0.0,0.0,0.0,1,48.9,150.9,1,89.2,0.0,0.0,0.0,0.0,0.0,5
2023-05-10 09:01:32,i2401-C-620,i2401-C-620,89.2,0.0,0.0,0.0,20,49.0,150.8,20,89.2,0.0,0.0,0.0,0.0,0.0,5
2023-05-10 09:01:33,i2401-C-620,i2401-C-620,89.2,0.0,0.0,0.0,1,49.3,150.5,1,89.2,0.0,0.0,0.0,0.0,0.0,5
2023-05-10 09:01:33,i2401-C-620,i2401-C-620,89.2,0.0,0.0,0.0,20,49.4,150.4,20,89.2,0.0,0.0,0.0,0.0,0.0,5
2023-05-10 09:01:34,i2401-C-620,i2401-C-620,89.2,0.0,0.0,0.0,1,49.7,150.1,1,89.2,0.0,0.0,0.0,0.0,0.0,5
2023-05-10 09:01:34,i2401-C-620,i2401-C-620,89.2,0.0,0.0,0.0,20,49.8,150.0,20,89.2,0.0,0.0,0.0,0.0,0.0,5
2023-05-10 09:01:35,i2401-C-620,i2401-C-620,89.2,0.0,0.0,0.0,1,50.1,149.7,1,89.2,0.0,0.0,0.0,0.0,0.0,5
2023-05-10 09:01:35,i2401-C-620,i2401-C-620,89.2,0.0,0.0,0.0,20,50.2,149.6,20,89.2,0.0,0.0,0.0,0.0,0.0,5
2023-05-10 09:01:36,i2401-C-620,i2401-C-620,89.2,0.0,0.0,0.0,1,50.5,149.3,1,89.2,0.0,0.0,0.0,0.0,0.0,5
2023-05-10 09:01:36,i2401-C-620,i2401-C-620,89.2,0.0,0.0,0.0,20,50.6,149.2,20,89.2,0.0,0.0,0.0,0.0,0.0,5
2023-05-10 09:01:37,i2401-C-620,i2401-C-620,89.2,0.0,0.0,0.0,1,50.9,148.9,1,89.2,0.0,0.0,0.0,0.0,0.0,5
2023-05-10 09:01:37,i2401-C-620,i2401-C-620,89.2,0.0,0.0,0.0,20,51.0,148.8,20,89.2,0.0,0.0,0.0,0.0,0.0,5
2023-05-10 09:01:38,i2401-C-620,i2401-C-620,89.2,0.0,0.0,0.0,1,51.3,148.5,1,89.2,0.0,0.0,0.0,0.0,0.0,5
2023-05-10 09:01:38,i2401-C-620,i2401-C-620,89.2,0.0,0.0,0.0,20,51.4,148.4,20,89.2,0.0,0.0,0.0,0.0,0.0,5
2023-05-10 09:01:39,i2401-C-620,i2401-C-620,89.2,0.0,0.0,0.0,1,51.7,148.1,1,89.2,0.0,0.0,0.0,0.0,0.0,5
2023-05-10 09:01:39,i2401-C-620,i2401-C-620,89.2,0.0,0.0,0.0,20,51.8,148.0,20,89.2,0.0,0.0,0.0,0.0,0.0,5
2023-05-10 09:01:40,i2401-C-620,i2401-C-620,89.2,0.0,0.0,0.0,1,52.1,147.7,1,89.2,0.0,0.0,0.0,0.0,0.0,5
2023-05-10 09:01:40,i2401-C-620,i2401-C-620,89.2,0.0,0.0,0.0,20,52.2,147.6,20,89.2,0.0,0.0,0.0,0.0,0.0,5
2023-05-10 09:01:41,i2401-C-620,i2401-C-620,89.2,0.0,0.0,0.0,1,52.5,147.3,1,89.2,0.0,0.0,0.0,0.0,0.0,5
2023-05-10 09:01:41,i2401-C-620,i2401-C-620,89.2,0.0,0.0,0.0,20,52.6,147.2,20,89.2,0.0,0.0,0.0,0.0,0.0,5
2023-05-10 09:01:42,i2401-C-620,i2401-C-620,89.2,0.0,0.0,0.0,1,52.9,146.9,1,89.2,0.0,0.0,0.0,0.0,0.0,5
2023-05-10 09:01:42,i2401-C-620,i2401-C-620,89.2,0.0,0.0,0.0,20,53.0,146.8,20,89.2,0.0,0.0,0.0,0.0,0.0,5
2023-05-10 09:01:43,i2401-C-620,i2401-C-620,89.2,0.0,0.0,0.0,1,53.3,146.5,1,89.2,0.0,0.0,0.0,0.0,0.0,5
2023-05-10 09:01:43,i2401-C-620,i2401-C-620,89.2,0.0,0.0,0.0,20,53.4,146.4,20,89.2,0.0,0.0,0.0,0.0,0.0,5
2023-05-10 09:01:44,i2401-C-620,i2401-C-620,89.2,0.0,0.0,0.0,1,53.7,146.1,1,89.2,0.0,0.0,0.0,0.0,0.0,5
2023-05-10 09:01:45,i2401-C-620,i2401-C-620,89.2,0.0,0.0,0.0,20,53.8,146.0,20,89.2,0.0,0.0,0.0,0.0,0.0,5
2023-05-10 09:01:45,i2401-C-620,i2401-C-620,89.2,0.0,0.0,0.0,1,54.1,145.7,1,89.2,0.0,0.0,0.0,0.0,0.0,5
2023-05-10 09:01:46,i2401-C-620,i2401-C-620,89.2,0.0,0.0,0.0,20,54.2,145.6,20,89.2,0.0,0.0,0.0,0.0,0.0,5
2023-05-10 09:01:46,i2401-C-620,i2401-C-620,89.2,0.0,0.0,0.0,1,54.5,145.3,1,89.2,0.0,0.0,0.0,0.0,0.0,5
2023-05-10 09:01:47,i2401-C-620,i2401-C-620,89.2,0.0,0.0,0.0,20,54.6,145.2,20,89.2,0.0,0.0,0.0,0.0,0.0,5
2023-05-10 09:01:50,i2401-C-620,i2401-C-620,89.2,0.0,0.0,0.0,1,54.9,144.9,1,89.2,0.0,0.0,0.0,0.0,0.0,5
2023-05-10 09:01:51,i2401-C-620,i2401-C-620,89.2,0.0,0.0,0.0,20,55.0,144.8,20,89.2,0.0,0.0,0.0,0.0,0.0,5
2023-05-10 09:01:51,i2401-C-620,i2401-C-620,89.2,0.0,0.0,0.0,1,55.3,144.5,1,89.2,0.0,0.0,0.0,0.0,0.0,5
2023-05-10 09:01:52,i2401-C-620,i2401-C-620,89.2,0.0,0.0,0.0,20,55.4,144.4,20,89.2,0.0,0.0,0.0,0.0,0.0,5
2023-05-10 09:01:53,i2401-C-620,i2401-C-620,89.2,0.0,0.0,0.0,1,55.7,144.1,1,89.2,0.0,0.0,0.0,0.0,0.0,5
2023-05-10 09:01:53,i2401-C-620,i2401-C-620,89.2,0.0,0.0,0.0,20,55.8,144.0,20,89.2,0.0,0.0,0.0,0.0,0.0,5
2023-05-10 09:01:54,i2401-C-620,i2401-C-620,89.2,0.0,0.0,0.0,1,56.1,143.7,1,89.2,0.0,0.0,0.0,0.0,0.0,5
2023-05-10 09:01:54,i2401-C-620,i2401-C-620,89.2,0.0,0.0,0.0,20,56.2,143.6,20,89.2,0.0,0.0,0.0,0.0,0.0,5
2023-05-10 09:01:55,i2401-C-620,i2401-C-620,89.2,0.0,0.0,0.0,1,56.5,143.3,1,89.2,0.0,0.0,0.0,0.0,0.0,5
2023-05-10 09:01:55,i2401-C-620,i2401-C-620,89.2,0.0,0.0,0.0,20,56.6,143.2,20,89.2,0.0,0.0,0.0,0.0,0.0,5
2023-05-10 09:01:56,i2401-C-620,i2401-C-620,89.2,0.0,0.0,0.0,1,56.9,142.9,1,89.2,0.0,0.0,0.0,0.0,0.0,5
2023-05-10 09:01:56,i2401-C-620,i2401-C-620,89.2,0.0,0.0,0.0,20,57.0,142.8,20,89.2,0.0,0.0,0.0,0.0,0.0,5
2023-05-10 09:01:57,i2401-C-620,i2401-C-620,89.2,0.0,0.0,0.0,1,57.3,142.5,1,89.2,0.0,0.0,0.0,0.0,0.0,5
2023-05-10 09:01:57,i2401-C-620,i2401-C-620,89.2,0.0,0.0,0.0,20,57.4,142.4,20,89.2,0.0,0.0,0.0,0.0,0.0,5
2023-05-10 09:01:58,i2401-C-620,i2401-C-620,89.2,0.0,0.0,0.0,1,57.7,142.1,1,89.2,0.0,0.0,0.0,0.0,0.0,5
2023-05-10 09:01:59,i2401-C-620,i2401-C-620,89.2,0.0,0.0,0.0,20,57.8,142.0,20,89.2,0.0,0.0,0.0,0.0,0.0,5
2023-05-10 09:01:59,i2401-C-620,i2401-C-620,89.2,0.0,0.0,0.0,1,58.1,141.7,1,89.2,0.0,0.0,0.0,0.0,0.0,5
2023-05-10 09:01:59,i2401-C-620,i2401-C-620,89.2,0.0,0.0,0.0,20,58.2,141.6,20,89.2,0.0,0.0,0.0,0.0,0.0,5
2023-05-10 09:02:00,i2401-C-620,i2401-C-620,89.2,0.0,0.0,0.0,1,58.5,141.3,1,89.2,0.0,0.0,0.0,0.0,0.0,5
2023-05-10 09:02:00,i2401-C-620,i2401-C-620,89.2,0.0,0.0,0.0,20,58.6,141.2,20,89.2,0.0,0.0,0.0,0.0,0.0,5
2023-05-10 09:02:02,i2401-C-620,i2401-C-620,89.2,0.0,0.0,0.0,1,58.9,140.9,1,89.2,0.0,0.0,0.0,0.0,0.0,5
2023-05-10 09:02:03,i2401-C-620,i2401-C-620,89.2,0.0,0.0,0.0,20,59.0,140.8,20,89.2,0.0,0.0,0.0,0.0,0.0,5
2023-05-10 09:02:03,i2401-C-620,i2401-C-620,89.2,0.0,0.0,0.0,1,59.3,140.8,20,89.2,0.0,0.0,0.0,0.0,0.0,5
2023-05-10 09:02:04,i2401-C-620,i2401-C-620,89.2,0.0,0.0,0.0,20,59.4,140.5,1,89.2,0.0,0.0,0.0,0.0,0.0,5
2023-05-10 09:02:04,i2401-C-620,i2401-C-620,89.2,0.0,0.0,0.0,1,59.7,140.4,20,89.2,0.0,0.0,0.0,0.0,0.0,5
2023-05-10 09:02:05,i2401-C-620,i2401-C-620,89.2,0.0,0.0,0.0,20,59.8,140.1,1,89.2,0.0,0.0,0.0,0.0,0.0,5
2023-05-10 09:02:05,i2401-C-620,i2401-C-620,89.2,0.0,0.0,0.0,20,59.8,140.0,20,89.2,0.0,0.0,0.0,0.0,0.0,5
2023-05-10 09:02:06,i2401-C-620,i2401-C-620,89.2,0.0,0.0,0.0,1,60.1,139.7,1,89.2,0.0,0.0,0.0,0.0,0.0,5
2023-05-10 09:02:06,i2401-C-620,i2401-C-620,89.2,0.0,0.0,0.0,20,60.2,139.6,20,89.2,0.0,0.0,0.0,0.0,0.0,5
2023-05-10 09:02:09,i2401-C-620,i2401-C-620,89.2,0.0,0.0,0.0,1,60.5,139.3,1,89.2,0.0,0.0,0.0,0.0,0.0,5
2023-05-10 09:02:09,i2401-C-620,i2401-C-620,89.2,0.0,0.0,0.0,20,60.6,139.2,20,89.2,0.0,0.0,0.0,0.0,0.0,5
2023-05-10 09:02:10,i2401-C-620,i2401-C-620,89.2,0.0,0.0,0.0,1,60.9,138.9,1,89.2,0.0,0.0,0.0,0.0,0.0,5
2023-05-10 09:02:10,i2401-C-620,i2401-C-620,89.2,0.0,0.0,0.0,20,61.0,138.8,20,89.2,0.0,0.0,0.0,0.0,0.0,5
2023-05-10 09:02:12,i2401-C-620,i2401-C-620,89.2,0.0,0.0,0.0,1,61.3,138.8,20,89.2,0.0,0.0,0.0,0.0,0.0,5
2023-05-10 09:02:12,i2401-C-620,i2401-C-620,89.2,0.0,0.0,0.0,20,61.4,138.5,1,89.2,0.0,0.0,0.0,0.0,0.0,5
2023-05-10 09:02:13,i2401-C-620,i2401-C-620,89.2,0.0,0.0,0.0,1,61.7,138.4,20,89.2,0.0,0.0,0.0,0.0,0.0,5
2023-05-10 09:02:13,i2401-C-620,i2401-C-620,89.2,0.0,0.0,0.0,20,61.8,138.1,1,89.2,0.0,0.0,0.0,0.0,0.0,5
2023-05-10 09:02:14,i2401-C-620,i2401-C-620,89.2,0.0,0.0,0.0,1,62.1,138.0,20,89.2,0.0,0.0,0.0,0.0,0.0,5
2023-05-10 09:02:14,i2401-C-620,i2401-C-620,89.2,0.0,0.0,0.0,20,62.2,137.7,1,89.2,0.0,0.0,0.0,0.0,0.0,5
2023-05-10 09:02:15,i2401-C-620,i2401-C-620,89.2,0.0,0.0,0.0,20,62.2,137.6,20,89.2,0.0,0.0,0.0,0.0,0.0,5
2023-05-10 09:02:15,i2401-C-620,i2401-C-620,89.2,0.0,0.0,0.0,1,62.5,137.3,1,89.2,0.0,0.0,0.0,0.0,0.0,5
2023-05-10 09:02:16,i2401-C-620,i2401-C-620,89.2,0.0,0.0,0.0,20,62.6,137.2,20,89.2,0.0,0.0,0.0,0.0,0.0,5
2023-05-10 09:02:16,i2401-C-620,i2401-C-620,89.2,0.0,0.0,0.0,1,62.9,136.9,1,89.2,0.0,0.0,0.0,0.0,0.0,5
2023-05-10 09:02:16,i2401-C-620,i2401-C-620,89.2,0.0,0.0,0.0,20,63.0,136.8,20,89.2,0.0,0.0,0.0,0.0,0.0,5
2023-05-10 09:02:18,i2401-C-620,i2401-C-620,89.2,0.0,0.0,0.0,1,63.3,136.5,1,89.2,0.0,0.0,0.0,0.0,0.0,5
2023-05-10 09:02:19,i2401-C-620,i2401-C-620,89.2,0.0,0.0,0.0,20,63.4,136.4,20,89.2,0.0,0.0,0.0,0.0,0.0,5
2023-05-10 09:02:20,i2401-C-620,i2401-C-620,89.2,0.0,0.0,0.0,1,63.7,136.1,1,89.2,0.0,0.0,0.0,0.0,0.0,5
2023-05-10 09:02:20,i2401-C-620,i2401-C-620,89.2,0.0,0.0,0.0,20,63.8,136.0,20,89.2,0.0,0.0,0.0,0.0,0.0,5
2023-05-10 09:02:22,i2401-C-620,i2401-C-620,89.2,0.0,0.0,0.0,1,64.1,135.7,1,89.2,0.0,0.0,0.0,0.0,0.0,5
2023-05-10 09:02:22,i2401-C-620,i2401-C-620,89.2,0.0,0.0,0.0,20,64.2,135.6,20,89.2,0.0,0.0,0.0,0.0,0.0,5
2023-05-10 09:02:23,i2401-C-620,i2401-C-620,89.2,0.0,0.0,0.0,1,64.5,135.3,1,89.2,0.0,0.0,0.0,0.0,0.0,5
2023-05-10 09:02:23,i2401-C-620,i2401-C-620,89.2,0.0,0.0,0.0,20,64.6,135.2,20,89.2,0.0,0.0,0.0,0.0,0.0,5
2023-05-10 09:02:24,i2401-C-620,i2401-C-620,89.2,0.0,0.0,0.0,1,64.9,134.9,1,89.2,0.0,0.0,0.0,0.0,0.0,5
2023-05-10 09:02:24,i2401-C-620,i2401-C-620,89.2,0.0,0.0,0.0,20,65.0,134.8,20,89.2,0.0,0.0,0.0,0.0,0.0,5
2023-05-10 09:02:25,i2401-C-620,i2401-C-620,89.2,0.0,0.0,0.0,1,65.3,134.5,1,89.2,0.0,0.0,0.0,0.0,0.0,5
2023-05-10 09:02:26,i2401-C-620,i2401-C-620,89.2,0.0,0.0,0.0,20,65.4,134.4,20,89.2,0.0,0.0,0.0,0.0,0.0,5
2023-05-10 09:02:26,i2401-C-620,i2401-C-620,89.2,0.0,0.0,0.0,1,65.7,134.1,1,89.2,0.0,0.0,0.0,0.0,0.0,5
2023-05-10 09:02:26,i2401-C-620,i2401-C-620,89.2,0.0,0.0,0.0,20,65.8,134.0,20,89.2,0.0,0.0,0.0,0.0,0.0,5
2023-05-10 09:02:28,i2401-C-620,i2401-C-620,89.2,0.0,0.0,0.0,1,66.1,133.7,1,89.2,0.0,0.0,0.0,0.0,0.0,5
2023-05-10 09:02:28,i2401-C-620,i2401-C-620,89.2,0.0,0.0,0.0,20,66.2,133.6,20,89.2,0.0,0.0,0.0,0.0,0.0,5
2023-05-10 09:02:29,i2401-C-620,i2401-C-620,89.2,0.0,0.0,0.0,1,66.5,133.3,1,89.2,0.0,0.0,0.0,0.0,0.0,5
2023-05-10 09:02:29,i2401-C-620,i2401-C-620,89.2,0.0,0.0,0.0,20,66.6,133.2,20,89.2,0.0,0.0,0.0,0.0,0.0,5
2023-05-10 09:02:32,i2401-C-620,i2401-C-620,89.2,0.0,0.0,0.0,1,66.9,132.9,1,89.2,0.0,0.0,0.0,0.0,0.0,5
2023-05-10 09:02:32,i2401-C-620,i2401-C-620,89.2,0.0,0.0,0.0,20,67.0,132.8,20,89.2,0.0,0.0,0.0,0.0,0.0,5
2023-05-10 09:02:34,i2401-C-620,i2401-C-620,89.2,0.0,0.0,0.0,1,67.3,132.8,20,89.2,0.0,0.0,0.0,0.0,0.0,5
2023-05-10 09:02:34,i2401-C-620,i2401-C-620,89.2,0.0,0.0,0.0,20,67.4,132.8,20,89.2,0.0,0.0,0.0,0.0,0.0,5
2023-05-10 09:02:35,i2401-C-620,i2401-C-620,89.2,0.0,0.0,0.0,1,67.7,132.5,1,89.2,0.0,0.0,0.0,0.0,0.0,5
2023-05-10 09:02:35,i2401-C-620,i2401-C-620,89.2,0.0,0.0,0.0,20,67.8,132.4,20,89.2,0.0,0.0,0.0,0.0,0.0,5
2023-05-10 09:02:36,i2401-C-620,i2401-C-620,89.2,0.0,0.0,0.0,1,68.1,132.1,1,89.2,0.0,0.0,0.0,0.0,0.0,5
2023-05-10 09:02:36,i2401-C-620,i2401-C-620,89.2,0.0,0.0,0.0,20,68.2,132.0,20,89.2,0.0,0.0,0.0,0.0,0.0,5
2023-05-10 09:02:37,i2401-C-620,i2401-C-620,89.2,0.0,0.0,0.0,1,68.5,131.7,1,89.2,0.0,0.0,0.0,0.0,0.0,5
2023-05-10 09:02:38,i2401-C-620,i2401-C-620,89.2,0.0,0.0,0.0,20,68.6,131.6,20,89.2,0.0,0.0,0.0,0.0,0.0,5
2023-05-10 09:02:38,i2401-C-620,i2401-C-620,89.2,0.0,0.0,0.0,1,68.9,131.3,1,89.2,0.0,0.0,0.0,0.0,0.0,5
2023-05-10 09:02:38,i2401-C-620,i2401-C-620,89.2,0.0,0.0,0.0,20,69.0,131.2,20,89.2,0.0,0.0,0.0,0.0,0.0,5
2023-05-10 09:02:40,i2401-C-620,i2401-C-620,89.2,0.0,0.0,0.0,1,69.3,130.9,1,89.2,0.0,0.0,0.0,0.0,0.0,5
2023-05-10 09:02:40,i2401-C-620,i2401-C-620,89.2,0.0,0.0,0.0,20,69.4,130.8,20,89.2,0.0,0.0,0.0,0.0,0.0,5
2023-05-10 09:02:41,i2401-C-620,i2401-C-620,89.2,0.0,0.0,0.0,21,69.7,130.4,20,89.2,0.0,0.0,0.0,0.0,0.0,5
2023-05-10 09:02:43,i2401-C-620,i2401-C-620,89.2,0.0,0.0,0.0,21,69.7,130.1,1,89.2,0.0,0.0,0.0,0.0,0.0,5
2023-05-10 09:02:43,i2401-C-620,i2401-C-620,89.2,0.0,0.0,0.0,21,69.7,130.0,20,89.2,0.0,0.0,0.0,0.0,0.0,5
2023-05-10 09:02:44,i2401-C-620,i2401-C-620,89.2,0.0,0.0,0.0,21,69.7,129.7,1,89.2,0.0,0.0,0.0,0.0,0.0,5
2023-05-10 09:02:44,i2401-C-620,i2401-C-620,89.2,0.0,0.0,0.0,21,69.7,129.6,20,89.2,0.0,0.0,0.0,0.0,0.0,5
2023-05-10 09:02:46,i2401-C-620,i2401-C-620,89.2,0.0,0.0,0.0,21,69.7,129.3,1,89.2,0.0,0.0,0.0,0.0,0.0,5
2023-05-10 09:02:46,i2401-C-620,i2401-C-620,89.2,0.0,0.0,0.0,1,69.7,129.2,20,89.2,0.0,0.0,0.0,0.0,0.0,5
2023-05-10 09:02:47,i2401-C-620,i2401-C-620,89.2,0.0,0.0,0.0,1,69.7,128.9,1,89.2,0.0,0.0,0.0,0.0,0.0,5
2023-05-10 09:02:47,i2401-C-620,i2401-C-620,89.2,0.0,0.0,0.0,1,69.7,128.8,20,89.2,0.0,0.0,0.0,0.0,0.0,5
2023-05-10 09:02:48,i2401-C-620,i2401-C-620,89.2,0.0,0.0,0.0,1,69.7,128.5,1,89.2,0.0,0.0,0.0,0.0,0.0,5
2023-05-10 09:02:48,i2401-C-620,i2401-C-620,89.2,0.0,0.0,0.0,21,69.7,128.4,20,89.2,0.0,0.0,0.0,0.0,0.0,5
2023-05-10 09:02:49,i2401-C-620,i2401-C-620,89.2,0.0,0.0,0.0,1,69.7,128.1,1,89.2,0.0,0.0,0.0,0.0,0.0,5
2023-05-10 09:02:49,i2401-C-620,i2401-C-620,89.2,0.0,0.0,0.0,1,69.7,128.0,20,89.2,0.0,0.0,0.0,0.0,0.0,5
2023-05-10 09:02:50,i2401-C-620,i2401-C-620,89.2,0.0,0.0,0.0,1,69.7,127.7,1,89.2,0.0,0.0,0.0,0.0,0.0,5
2023-05-10 09:02:50,i2401-C-620,i2401-C-620,89.2,0.0,0.0,0.0,1,69.7,127.6,20,89.2,0.0,0.0,0.0,0.0,0.0,5
2023-05-10 09:02:51,i2401-C-620,i2401-C-620,89.2,0.0,0.0,0.0,1,69.7,127.3,1,89.2,0.0,0.0,0.0,0.0,0.0,5
2023-05-10 09:02:51,i2401-C-620,i2401-C-620,89.2,0.0,0.0,0.0,1,69.7,127.2,20,89.2,0.0,0.0,0.0,0.0,0.0,5
2023-05-10 09:02:52,i2401-C-620,i2401-C-620,89.2,0.0,0.0,0.0,1,69.7,126.9,1,89.2,0.0,0.0,0.0,0.0,0.0,5
2023-05-10 09:02:52,i2401-C-620,i2401-C-620,89.2,0.0,0.0,0.0,1,69.7,126.8,20,89.2,0.0,0.0,0.0,0.0,0.0,5
2023-05-10 09:02:53,i2401-C-620,i2401-C-620,89.2,0.0,0.0,0.0,1,69.7,126.5,1,89.2,0.0,0.0,0.0,0.0,0.0,5
2023-05-10 09:02:53,i2401-C-620,i2401-C-620,89.2,0.0,0.0,0.0,1,69.7,126.4,20,89.2,0.0,0.0,0.0,0.0,0.0,5
2023-05-10 09:02:54,i2401-C-620,i2401-C-620,89.2,0.0,0.0,0.0,1,69.7,126.1,1,89.2,0.0,0.0,0.0,0.0,0.0,5
2023-05-10 09:02:54,i2401-C-620,i2401-C-620,89.2,0.0,0.0,0.0,1,69.7,126.0,20,89.2,0.0,0.0,0.0,0.0,0.0,5
2023-05-10 09:02:55,i2401-C-620,i2401-C-620,89.2,0.0,0.0,0.0,1,69.7,125.7,1,89.2,0.0,0.0,0.0,0.0,0.0,5
2023-05-10 09:02:55,i2401-C-620,i2401-C-620,89.2,0.0,0.0,0.0,1,69.7,125.6,20,89.2,0.0,0.0,0.0,0.0,0.0,5
2023-05-10 09:02:56,i2401-C-620,i2401-C-620,89.2,0.0,0.0,0.0,1,69.7,125.3,1,89.2,0.0,0.0,0.0,0.0,0.0,5
2023-05-10 09:02:56,i2401-C-620,i2401-C-620,89.2,0.0,0.0,0.0,1,69.7,125.2,20,89.2,0.0,0.0,0.0,0.0,0.0,5
2023-05-10 09:02:57,i2401-C-620,i2401-C-620,89.2,0.0,0.0,0.0,1,69.7,124.9,1,89.2,0.0,0.0,0.0,0.0,0.0,5
2023-05-10 09:02:57,i2401-C-620,i2401-C-620,89.2,0.0,0.0,0.0,1,69.7,124.8,20,89.2,0.0,0.0,0.0,0.0,0.0,5
2023-05-10 09:02:58,i2401-C-620,i2401-C-620,89.2,0.0,0.0,0.0,1,69.7,124.5,1,89.2,0.0,0.0,0.0,0.0,0.0,5
2023-05-10 09:02:58,i2401-C-620,i2401-C-620,89.2,0.0,0.0,0.0,1,69.7,124.4,20,89.2,0.0,0.0,0.0,0.0,0.0,5
2023-05-10 09:02:59,i2401-C-620,i2401-C-620,89.2,0.0,0.0,0.0,1,69.7,124.1,1,89.2,0.0,0.0,0.0,0.0,0.0,5
2023-05-10 09:03:00,i2401-C-620,i2401-C-620,89.2,0.0,0.0,0.0,1,69.7,124.0,20,89.2,0.0,0.0,0.0,0.0,0.0,5
2023-05-10 09:03:00,i2401-C-620,i2401-C-620,89.2,0.0,0.0,0.0,1,69.7,123.7,1,89.2,0.0,0.0,0.0,0.0,0.0,5
2023-05-10 09:03:00,i2401-C-620,i2401-C-620,89.2,0.0,0.0,0.0,1,69.7,123.6,20,89.2,0.0,0.0,0.0,0.0,0.0,5
2023-05-10 09:03:01,i2401-C-620,i2401-C-620,89.2,0.0,0.0,0.0,1,69.7,123.3,1,89.2,0.0,0.0,0.0,0.0,0.0,5
2023-05-10 09:03:01,i2401-C-620,i2401-C-620,89.2,0.0,0.0,0.0,1,69.7,123.2,20,89.2,0.0,0.0,0.0,0.0,0.0,5
2023-05-10 09:03:02,i2401-C-620,i2401-C-620,89.2,0.0,0.0,0.0,1,69.7,122.9,1,89.2,0.0,0.0,0.0,0.0,0.0,5
2023-05-10 09:03:02,i2401-C-620,i2401-C-620,89.2,0.0,0.0,0.0,1,69.7,122.8,20,89.2,0.0,0.0,0.0,0.0,0.0,5
2023-05-10 09:03:03,i2401-C-620,i2401-C-620,89.2,0.0,0.0,0.0,1,69.7,122.5,1,89.2,0.0,0.0,0.0,0.0,0.0,5
2023-05-10 09:03:04,i2401-C-620,i2401-C-620,89.2,0.0,0.0,0.0,1,69.7,122.4,20,89.2,0.0,0.0,0.0,0.0,0.0,5
2023-05-10 09:03:04,i2401-C-620,i2401-C-620,89.2,0.0,0.0,0.0,1,69.7,122.1,1,89.2,0.0,0.0,0.0,0.0,0.0,5
2023-05-10 09:03:04,i2401-C-620,i2401-C-620,89.2,0.0,0.0,0.0,1,69.7,122.0,20,89.2,0.0,0.0,0.0,0.0,0.0,5
2023-05-10 09:03:05,i2401-C-620,i2401-C-620,89.2,0.0,0.0,0.0,1,69.7,121.7,1,89.2,0.0,0.0,0.0,0.0,0.0,5
2023-05-10 09:03:05,i2401-C-620,i2401-C-620,89.2,0.0,0.0,0.0,21,69.7,121.6,20,89.2,0.0,0.0,0.0,0.0,0.0,5
2023-05-10 09:03:06,i2401-C-620,i2401-C-620,89.2,0.0,0.0,0.0,21,69.7,121.3,1,89.2,0.0,0.0,0.0,0.0,0.0,5
2023-05-10 09:03:07,i2401-C-620,i2401-C-620,89.2,0.0,0.0,0.0,1,69.7,121.2,20,89.2,0.0,0.0,0.0,0.0,0.0,5
2023-05-10 09:03:07,i2401-C-620,i2401-C-620,89.2,0.0,0.0,0.0,1,69.7,120.9,1,89.2,0.0,0.0,0.0,0.0,0.0,5
2023-05-10 09:03:07,i2401-C-620,i2401-C-620,89.2,0.0,0.0,0.0,1,69.7,120.8,20,89.2,0.0,0.0,0.0,0.0,0.0,5
2023-05-10 09:03:08,i2401-C-620,i2401-C-620,89.2,0.0,0.0,0.0,1,69.7,120.5,1,89.2,0.0,0.0,0.0,0.0,0.0,5
2023-05-10 09:03:08,i2401-C-620,i2401-C-620,89.2,0.0,0.0,0.0,1,69.7,120.4,20,89.2,0.0,0.0,0.0,0.0,0.0,5
2023-05-10 09:03:09,i2401-C-620,i2401-C-620,89.2,0.0,0.0,0.0,1,69.7,120.1,1,89.2,0.0,0.0,0.0,0.0,0.0,5
2023-05-10 09:03:10,i2401-C-620,i2401-C-620,89.2,0.0,0.0,0.0,20,69.8,120.0,20,89.2,0.0,0.0,0.0,0.0,0.0,5
2023-05-10 09:03:11,i2401-C-620,i2401-C-620,89.2,0.0,0.0,0.0,1,70.1,119.7,1,89.2,0.0,0.0,0.0,0.0,0.0,5
2023-05-10 09:03:12,i2401-C-620,i2401-C-620,89.2,0.0,0.0,0.0,20,70.2,119.6,20,89.2,0.0,0.0,0.0,0.0,0.0,5
2023-05-10 09:03:12,i2401-C-620,i2401-C-620,89.2,0.0,0.0,0.0,1,70.5,119.3,1,89.2,0.0,0.0,0.0,0.0,0.0,5
2023-05-10 09:03:13,i2401-C-620,i2401-C-620,89.2,0.0,0.0,0.0,20,70.6,119.2,20,89.2,0.0,0.0,0.0,0.0,0.0,5
2023-05-10 09:03:13,i2401-C-620,i2401-C-620,89.2,0.0,0.0,0.0,1,70.9,118.9,1,89.2,0.0,0.0,0.0,0.0,0.0,5
2023-05-10 09:03:14,i2401-C-620,i2401-C-620,89.2,0.0,0.0,0.0,20,71.0,118.8,20,89.2,0.0,0.0,0.0,0.0,0.0,5
2023-05-10 09:03:14,i2401-C-620,i2401-C-620,89.2,0.0,0.0,0.0,1,71.3,118.5,1,89.2,0.0,0.0,0.0,0.0,0.0,5
2023-05-10 09:03:15,i2401-C-620,i2401-C-620,89.2,0.0,0.0,0.0,20,71.4,118.4,20,89.2,0.0,0.0,0.0,0.0,0.0,5
2023-05-10 09:03:15,i2401-C-620,i2401-C-620,89.2,0.0,0.0,0.0,1,71.7,118.1,1,89.2,0.0,0.0,0.0,0.0,0.0,5
2023-05-10 09:03:15,i2401-C-620,i2401-C-620,89.2,0.0,0.0,0.0,20,71.8,118.0,20,89.2,0.0,0.0,0.0,0.0,0.0,5
2023-05-10 09:03:16,i2401-C-620,i2401-C-620,89.2,0.0,0.0,0.0,1,72.1,117.7,1,89.2,0.0,0.0,0.0,0.0,0.0,5
2023-05-10 09:03:16,i2401-C-620,i2401-C-620,89.2,0.0,0.0,0.0,20,72.2,117.6,20,89.2,0.0,0.0,0.0,0.0,0.0,5
2023-05-10 09:22:23,i2401-C-620,i2401-C-620,89.2,0.0,0.0,0.0,20,72.2,117.3,1,89.2,0.0,0.0,0.0,0.0,0.0,5
2023-05-10 09:22:24,i2401-C-620,i2401-C-620,89.2,0.0,0.0,0.0,20,72.2,117.2,20,89.2,0.0,0.0,0.0,0.0,0.0,5
2023-05-10 09:22:24,i2401-C-620,i2401-C-620,89.2,0.0,0.0,0.0,20,72.2,116.9,1,89.2,0.0,0.0,0.0,0.0,0.0,5
2023-05-10 09:22:24,i2401-C-620,i2401-C-620,89.2,0.0,0.0,0.0,20,72.2,116.8,20,89.2,0.0,0.0,0.0,0.0,0.0,5
2023-05-10 09:22:25,i2401-C-620,i2401-C-620,89.2,0.0,0.0,0.0,20,72.2,116.5,1,89.2,0.0,0.0,0.0,0.0,0.0,5
2023-05-10 09:22:25,i2401-C-620,i2401-C-620,89.2,0.0,0.0,0.0,20,72.2,116.4,20,89.2,0.0,0.0,0.0,0.0,0.0,5
2023-05-10 09:22:26,i2401-C-620,i2401-C-620,89.2,0.0,0.0,0.0,20,72.2,116.1,1,89.2,0.0,0.0,0.0,0.0,0.0,5
2023-05-10 09:22:26,i2401-C-620,i2401-C-620,89.2,0.0,0.0,0.0,20,72.2,116.0,20,89.2,0.0,0.0,0.0,0.0,0.0,5
2023-05-10 09:22:27,i2401-C-620,i2401-C-620,89.2,0.0,0.0,0.0,20,72.2,115.7,1,89.2,0.0,0.0,0.0,0.0,0.0,5
2023-05-10 09:22:28,i2401-C-620,i2401-C-620,89.2,0.0,0.0,0.0,20,72.2,115.6,20,89.2,0.0,0.0,0.0,0.0,0.0,5
2023-05-10 09:22:28,i2401-C-620,i2401-C-620,89.2,0.0,0.0,0.0,20,72.2,115.3,1,89.2,0.0,0.0,0.0,0.0,0.0,5
2023-05-10 09:22:28,i2401-C-620,i2401-C-620,89.2,0.0,0.0,0.0,20,72.2,115.2,20,89.2,0.0,0.0,0.0,0.0,0.0,5
2023-05-10 09:22:29,i2401-C-620,i2401-C-620,89.2,0.0,0.0,0.0,20,72.2,114.9,1,89.2,0.0,0.0,0.0,0.0,0.0,5
2023-05-10 09:22:29,i2401-C-620,i2401-C-620,89.2,0.0,0.0,0.0,20,72.2,114.8,20,89.2,0.0,0.0,0.0,0.0,0.0,5
2023-05-10 09:22:30,i2401-C-620,i2401-C-620,89.2,0.0,0.0,0.0,20,72.2,114.5,1,89.2,0.0,0.0,0.0,0.0,0.0,5
2023-05-10 09:22:30,i2401-C-620,i2401-C-620,89.2,0.0,0.0,0.0,20,72.2,114.4,20,89.2,0.0,0.0,0.0,0.0,0.0,5
2023-05-10 09:42:09,i2401-C-620,i2401-C-620,89.2,0.0,0.0,0.0,1,72.3,114.4,20,89.2,0.0,0.0,0.0,0.0,0.0,5
2023-05-10 09:42:10,i2401-C-620,i2401-C-620,89.2,0.0,0.0,0.0,20,72.4,114.1,1,89.2,0.0,0.0,0.0,0.0,0.0,5
2023-05-10 09:42:10,i2401-C-620,i2401-C-620,89.2,0.0,0.0,0.0,20,72.4,114.0,20,89.2,0.0,0.0,0.0,0.0,0.0,5
2023-05-10 09:42:11,i2401-C-620,i2401-C-620,89.2,0.0,0.0,0.0,20,72.4,113.7,1,89.2,0.0,0.0,0.0,0.0,0.0,5
2023-05-10 09:42:11,i2401-C-620,i2401-C-620,89.2,0.0,0.0,0.0,20,72.4,113.6,20,89.2,0.0,0.0,0.0,0.0,0.0,5
2023-05-10 09:42:12,i2401-C-620,i2401-C-620,89.2,0.0,0.0,0.0,20,72.4,113.3,1,89.2,0.0,0.0,0.0,0.0,0.0,5
2023-05-10 09:42:12,i2401-C-620,i2401-C-620,89.2,0.0,0.0,0.0,20,72.4,113.2,20,89.2,0.0,0.0,0.0,0.0,0.0,5
2023-05-10 09:42:13,i2401-C-620,i2401-C-620,89.2,0.0,0.0,0.0,20,72.4,112.9,1,89.2,0.0,0.0,0.0,0.0,0.0,5
2023-05-10 09:42:13,i2401-C-620,i2401-C-620,89.2,0.0,0.0,0.0,20,72.4,112.8,20,89.2,0.0,0.0,0.0,0.0,0.0,5
2023-05-10 09:42:14,i2401-C-620,i2401-C-620,89.2,0.0,0.0,0.0,20,72.4,112.5,1,89.2,0.0,0.0,0.0,0.0,0.0,5
2023-05-10 09:42:14,i2401-C-620,i2401-C-620,89.2,0.0,0.0,0.0,20,72.4,112.4,20,89.2,0.0,0.0,0.0,0.0,0.0,5
2023-05-10 09:42:15,i2401-C-620,i2401-C-620,89.2,0.0,0.0,0.0,20,72.4,112.1,1,89.2,0.0,0.0,0.0,0.0,0.0,5
2023-05-10 09:42:15,i2401-C-620,i2401-C-620,89.2,0.0,0.0,0.0,20,72.4,112.0,20,89.2,0.0,0.0,0.0,0.0,0.0,5
2023-05-10 09:42:16,i2401-C-620,i2401-C-620,89.2,0.0,0.0,0.0,20,72.4,111.7,1,89.2,0.0,0.0,0.0,0.0,0.0,5
2023-05-10 09:42:16,i2401-C-620,i2401-C-620,89.2,0.0,0.0,0.0,20,72.4,111.6,20,89.2,0.0,0.0,0.0,0.0,0.0,5
2023-05-10 09:42:17,i2401-C-620,i2401-C-620,89.2,0.0,0.0,0.0,20,72.4,111.3,1,89.2,0.0,0.0,0.0,0.0,0.0,5
2023-05-10 09:42:17,i2401-C-620,i2401-C-620,89.2,0.0,0.0,0.0,20,72.4,111.2,20,89.2,0.0,0.0,0.0,0.0,0.0,5
2023-05-10 10:14:32,i2401-C-620,i2401-C-620,89.2,0.0,0.0,0.0,1,72.3,0.0,0,89.2,0.0,0.0,0.0,0.0,0.0,5
2023-05-10 10:30:05,i2401-C-620,i2401-C-620,89.2,0.0,0.0,0.0,20,72.4,0.0,0,89.2,0.0,0.0,0.0,0.0,0.0,5
2023-05-10 10:31:59,i2401-C-620,i2401-C-620,89.2,0.0,0.0,0.0,20,72.4,162.8,20,89.2,0.0,0.0,0.0,0.0,0.0,5
2023-05-10 10:32:00,i2401-C-620,i2401-C-620,89.2,0.0,0.0,0.0,20,72.4,162.5,1,89.2,0.0,0.0,0.0,0.0,0.0,5
2023-05-10 10:32:00,i2401-C-620,i2401-C-620,89.2,0.0,0.0,0.0,20,72.4,162.4,20,89.2,0.0,0.0,0.0,0.0,0.0,5
2023-05-10 10:42:23,i2401-C-620,i2401-C-620,89.2,0.0,0.0,0.0,20,72.4,162.1,1,89.2,0.0,0.0,0.0,0.0,0.0,5
2023-05-10 10:42:23,i2401-C-620,i2401-C-620,89.2,0.0,0.0,0.0,20,72.4,162.0,20,89.2,0.0,0.0,0.0,0.0,0.0,5
2023-05-10 10:42:24,i2401-C-620,i2401-C-620,89.2,0.0,0.0,0.0,20,72.4,161.7,1,89.2,0.0,0.0,0.0,0.0,0.0,5
2023-05-10 10:42:24,i2401-C-620,i2401-C-620,89.2,0.0,0.0,0.0,20,72.4,161.6,20,89.2,0.0,0.0,0.0,0.0,0.0,5
2023-05-10 10:42:25,i2401-C-620,i2401-C-620,89.2,0.0,0.0,0.0,20,72.4,161.3,1,89.2,0.0,0.0,0.0,0.0,0.0,5
2023-05-10 10:42:25,i2401-C-620,i2401-C-620,89.2,0.0,0.0,0.0,20,72.4,161.2,20,89.2,0.0,0.0,0.0,0.0,0.0,5
2023-05-10 10:42:26,i2401-C-620,i2401-C-620,89.2,0.0,0.0,0.0,20,72.4,160.9,1,89.2,0.0,0.0,0.0,0.0,0.0,5
2023-05-10 10:42:26,i2401-C-620,i2401-C-620,89.2,0.0,0.0,0.0,20,72.4,160.8,20,89.2,0.0,0.0,0.0,0.0,0.0,5
2023-05-10 10:42:27,i2401-C-620,i2401-C-620,89.2,0.0,0.0,0.0,20,72.4,160.5,1,89.2,0.0,0.0,0.0,0.0,0.0,5
2023-05-10 10:42:27,i2401-C-620,i2401-C-620,89.2,0.0,0.0,0.0,20,72.4,160.4,20,89.2,0.0,0.0,0.0,0.0,0.0,5
2023-05-10 10:42:28,i2401-C-620,i2401-C-620,89.2,0.0,0.0,0.0,20,72.4,160.1,1,89.2,0.0,0.0,0.0,0.0,0.0,5
2023-05-10 10:42:28,i2401-C-620,i2401-C-620,89.2,0.0,0.0,0.0,20,72.4,160.0,20,89.2,0.0,0.0,0.0,0.0,0.0,5
2023-05-10 10:42:29,i2401-C-620,i2401-C-620,89.2,0.0,0.0,0.0,20,72.4,159.7,1,89.2,0.0,0.0,0.0,0.0,0.0,5
2023-05-10 10:42:29,i2401-C-620,i2401-C-620,89.2,0.0,0.0,0.0,20,72.4,159.6,20,89.2,0.0,0.0,0.0,0.0,0.0,5
2023-05-10 10:42:30,i2401-C-620,i2401-C-620,89.2,0.0,0.0,0.0,20,72.4,159.3,1,89.2,0.0,0.0,0.0,0.0,0.0,5
2023-05-10 10:42:30,i2401-C-620,i2401-C-620,89.2,0.0,0.0,0.0,20,72.4,159.2,20,89.2,0.0,0.0,0.0,0.0,0.0,5
2023-05-10 10:42:31,i2401-C-620,i2401-C-620,89.2,0.0,0.0,0.0,20,72.4,158.9,1,89.2,0.0,0.0,0.0,0.0,0.0,5
2023-05-10 10:42:31,i2401-C-620,i2401-C-620,89.2,0.0,0.0,0.0,20,72.4,158.8,20,89.2,0.0,0.0,0.0,0.0,0.0,5
2023-05-10 10:42:32,i2401-C-620,i2401-C-620,89.2,0.0,0.0,0.0,20,72.4,158.5,1,89.2,0.0,0.0,0.0,0.0,0.0,5
2023-05-10 10:42:32,i2401-C-620,i2401-C-620,89.2,0.0,0.0,0.0,20,72.4,158.4,20,89.2,0.0,0.0,0.0,0.0,0.0,5
2023-05-10 11:02:23,i2401-C-620,i2401-C-620,89.2,0.0,0.0,0.0,20,72.4,158.1,1,89.2,0.0,0.0,0.0,0.0,0.0,5
2023-05-10 11:02:23,i2401-C-620,i2401-C-620,89.2,0.0,0.0,0.0,20,72.4,158.0,20,89.2,0.0,0.0,0.0,0.0,0.0,5
2023-05-10 11:02:24,i2401-C-620,i2401-C-620,89.2,0.0,0.0,0.0,20,72.4,157.7,1,89.2,0.0,0.0,0.0,0.0,0.0,5
2023-05-10 11:02:24,i2401-C-620,i2401-C-620,89.2,0.0,0.0,0.0,20,72.4,157.6,20,89.2,0.0,0.0,0.0,0.0,0.0,5
2023-05-10 11:02:25,i2401-C-620,i2401-C-620,89.2,0.0,0.0,0.0,20,72.4,157.3,1,89.2,0.0,0.0,0.0,0.0,0.0,5
2023-05-10 11:02:25,i2401-C-620,i2401-C-620,89.2,0.0,0.0,0.0,20,72.4,157.2,20,89.2,0.0,0.0,0.0,0.0,0.0,5
2023-05-10 11:02:26,i2401-C-620,i2401-C-620,89.2,0.0,0.0,0.0,20,72.4,156.9,1,89.2,0.0,0.0,0.0,0.0,0.0,5
2023-05-10 11:02:26,i2401-C-620,i2401-C-620,89.2,0.0,0.0,0.0,20,72.4,156.8,20,89.2,0.0,0.0,0.0,0.0,0.0,5
2023-05-10 11:02:27,i2401-C-620,i2401-C-620,89.2,0.0,0.0,0.0,20,72.4,156.5,1,89.2,0.0,0.0,0.0,0.0,0.0,5
2023-05-10 11:02:27,i2401-C-620,i2401-C-620,89.2,0.0,0.0,0.0,20,72.4,156.4,20,89.2,0.0,0.0,0.0,0.0,0.0,5
2023-05-10 11:02:28,i2401-C-620,i2401-C-620,89.2,0.0,0.0,0.0,20,72.4,156.1,1,89.2,0.0,0.0,0.0,0.0,0.0,5
2023-05-10 11:02:28,i2401-C-620,i2401-C-620,89.2,0.0,0.0,0.0,20,72.4,156.0,20,89.2,0.0,0.0,0.0,0.0,0.0,5
2023-05-10 11:02:29,i2401-C-620,i2401-C-620,89.2,0.0,0.0,0.0,20,72.4,155.6,20,89.2,0.0,0.0,0.0,0.0,0.0,5
2023-05-10 11:02:30,i2401-C-620,i2401-C-620,89.2,0.0,0.0,0.0,20,72.4,155.3,1,89.2,0.0,0.0,0.0,0.0,0.0,5
2023-05-10 11:02:30,i2401-C-620,i2401-C-620,89.2,0.0,0.0,0.0,20,72.4,155.2,20,89.2,0.0,0.0,0.0,0.0,0.0,5
2023-05-10 11:02:31,i2401-C-620,i2401-C-620,89.2,0.0,0.0,0.0,20,72.4,154.9,1,89.2,0.0,0.0,0.0,0.0,0.0,5
2023-05-10 11:02:31,i2401-C-620,i2401-C-620,89.2,0.0,0.0,0.0,20,72.4,154.8,20,89.2,0.0,0.0,0.0,0.0,0.0,5
2023-05-10 11:06:48,i2401-C-620,i2401-C-620,89.2,0.0,0.0,0.0,1,72.5,154.8,20,89.2,0.0,0.0,0.0,0.0,0.0,5
2023-05-10 11:06:48,i2401-C-620,i2401-C-620,89.2,0.0,0.0,0.0,20,72.6,154.8,20,89.2,0.0,0.0,0.0,0.0,0.0,5
2023-05-10 11:29:32,i2401-C-620,i2401-C-620,89.2,0.0,0.0,0.0,1,72.5,0.0,0,89.2,0.0,0.0,0.0,0.0,0.0,5
2023-05-10 11:29:44,i2401-C-620,i2401-C-620,89.2,0.0,0.0,0.0,1,40.0,0.0,0,89.2,0.0,0.0,0.0,0.0,0.0,5
2023-05-10 13:30:02,i2401-C-620,i2401-C-620,89.2,0.0,0.0,0.0,20,40.1,0.0,0,89.2,0.0,0.0,0.0,0.0,0.0,5
2023-05-10 13:30:50,i2401-C-620,i2401-C-620,89.2,0.0,0.0,0.0,1,40.2,0.0,0,89.2,0.0,0.0,0.0,0.0,0.0,5
2023-05-10 13:30:50,i2401-C-620,i2401-C-620,89.2,0.0,0.0,0.0,20,40.3,0.0,0,89.2,0.0,0.0,0.0,0.0,0.0,5
2023-05-10 13:31:11,i2401-C-620,i2401-C-620,89.2,0.0,0.0,0.0,1,41.6,0.0,0,89.2,0.0,0.0,0.0,0.0,0.0,5
2023-05-10 13:31:11,i2401-C-620,i2401-C-620,89.2,0.0,0.0,0.0,20,41.7,0.0,0,89.2,0.0,0.0,0.0,0.0,0.0,5
2023-05-10 13:31:13,i2401-C-620,i2401-C-620,89.2,0.0,0.0,0.0,1,43.0,0.0,0,89.2,0.0,0.0,0.0,0.0,0.0,5
2023-05-10 13:31:13,i2401-C-620,i2401-C-620,89.2,0.0,0.0,0.0,20,43.1,0.0,0,89.2,0.0,0.0,0.0,0.0,0.0,5
2023-05-10 13:31:14,i2401-C-620,i2401-C-620,89.2,0.0,0.0,0.0,1,44.4,0.0,0,89.2,0.0,0.0,0.0,0.0,0.0,5
2023-05-10 13:31:14,i2401-C-620,i2401-C-620,89.2,0.0,0.0,0.0,20,44.5,0.0,0,89.2,0.0,0.0,0.0,0.0,0.0,5
2023-05-10 13:31:15,i2401-C-620,i2401-C-620,89.2,0.0,0.0,0.0,1,45.8,0.0,0,89.2,0.0,0.0,0.0,0.0,0.0,5
2023-05-10 13:31:15,i2401-C-620,i2401-C-620,89.2,0.0,0.0,0.0,20,45.9,0.0,0,89.2,0.0,0.0,0.0,0.0,0.0,5
2023-05-10 13:31:16,i2401-C-620,i2401-C-620,89.2,0.0,0.0,0.0,1,47.2,0.0,0,89.2,0.0,0.0,0.0,0.0,0.0,5
2023-05-10 13:31:16,i2401-C-620,i2401-C-620,89.2,0.0,0.0,0.0,20,47.3,0.0,0,89.2,0.0,0.0,0.0,0.0,0.0,5
2023-05-10 13:31:17,i2401-C-620,i2401-C-620,89.2,0.0,0.0,0.0,1,48.6,0.0,0,89.2,0.0,0.0,0.0,0.0,0.0,5
2023-05-10 13:31:17,i2401-C-620,i2401-C-620,89.2,0.0,0.0,0.0,20,48.7,0.0,0,89.2,0.0,0.0,0.0,0.0,0.0,5
2023-05-10 13:31:18,i2401-C-620,i2401-C-620,89.2,0.0,0.0,0.0,1,50.0,0.0,0,89.2,0.0,0.0,0.0,0.0,0.0,5
2023-05-10 13:31:18,i2401-C-620,i2401-C-620,89.2,0.0,0.0,0.0,20,50.1,0.0,0,89.2,0.0,0.0,0.0,0.0,0.0,5
2023-05-10 13:31:19,i2401-C-620,i2401-C-620,89.2,0.0,0.0,0.0,1,51.4,0.0,0,89.2,0.0,0.0,0.0,0.0,0.0,5
2023-05-10 13:31:19,i2401-C-620,i2401-C-620,89.2,0.0,0.0,0.0,20,51.5,0.0,0,89.2,0.0,0.0,0.0,0.0,0.0,5
2023-05-10 13:31:20,i2401-C-620,i2401-C-620,89.2,0.0,0.0,0.0,1,52.8,0.0,0,89.2,0.0,0.0,0.0,0.0,0.0,5
2023-05-10 13:31:20,i2401-C-620,i2401-C-620,89.2,0.0,0.0,0.0,20,52.9,0.0,0,89.2,0.0,0.0,0.0,0.0,0.0,5
2023-05-10 13:31:21,i2401-C-620,i2401-C-620,89.2,0.0,0.0,0.0,1,54.2,0.0,0,89.2,0.0,0.0,0.0,0.0,0.0,5
2023-05-10 13:31:21,i2401-C-620,i2401-C-620,89.2,0.0,0.0,0.0,20,54.3,0.0,0,89.2,0.0,0.0,0.0,0.0,0.0,5
2023-05-10 13:31:22,i2401-C-620,i2401-C-620,89.2,0.0,0.0,0.0,1,55.6,0.0,0,89.2,0.0,0.0,0.0,0.0,0.0,5
2023-05-10 13:31:22,i2401-C-620,i2401-C-620,89.2,0.0,0.0,0.0,20,55.7,0.0,0,89.2,0.0,0.0,0.0,0.0,0.0,5
2023-05-10 13:31:23,i2401-C-620,i2401-C-620,89.2,0.0,0.0,0.0,1,57.0,0.0,0,89.2,0.0,0.0,0.0,0.0,0.0,5
2023-05-10 13:31:23,i2401-C-620,i2401-C-620,89.2,0.0,0.0,0.0,20,57.1,0.0,0,89.2,0.0,0.0,0.0,0.0,0.0,5
2023-05-10 13:31:25,i2401-C-620,i2401-C-620,89.2,0.0,0.0,0.0,1,58.4,0.0,0,89.2,0.0,0.0,0.0,0.0,0.0,5
2023-05-10 13:31:25,i2401-C-620,i2401-C-620,89.2,0.0,0.0,0.0,20,58.5,0.0,0,89.2,0.0,0.0,0.0,0.0,0.0,5
2023-05-10 13:31:26,i2401-C-620,i2401-C-620,89.2,0.0,0.0,0.0,1,59.8,0.0,0,89.2,0.0,0.0,0.0,0.0,0.0,5
2023-05-10 13:31:26,i2401-C-620,i2401-C-620,89.2,0.0,0.0,0.0,20,59.9,0.0,0,89.2,0.0,0.0,0.0,0.0,0.0,5
2023-05-10 13:31:28,i2401-C-620,i2401-C-620,89.2,0.0,0.0,0.0,1,61.2,0.0,0,89.2,0.0,0.0,0.0,0.0,0.0,5
2023-05-10 13:31:28,i2401-C-620,i2401-C-620,89.2,0.0,0.0,0.0,20,61.3,0.0,0,89.2,0.0,0.0,0.0,0.0,0.0,5
2023-05-10 13:31:29,i2401-C-620,i2401-C-620,89.2,0.0,0.0,0.0,1,62.6,0.0,0,89.2,0.0,0.0,0.0,0.0,0.0,5
2023-05-10 13:31:29,i2401-C-620,i2401-C-620,89.2,0.0,0.0,0.0,20,62.7,0.0,0,89.2,0.0,0.0,0.0,0.0,0.0,5
2023-05-10 13:31:31,i2401-C-620,i2401-C-620,89.2,0.0,0.0,0.0,1,64.0,0.0,0,89.2,0.0,0.0,0.0,0.0,0.0,5
2023-05-10 13:31:31,i2401-C-620,i2401-C-620,89.2,0.0,0.0,0.0,20,64.1,0.0,0,89.2,0.0,0.0,0.0,0.0,0.0,5
2023-05-10 13:31:32,i2401-C-620,i2401-C-620,89.2,0.0,0.0,0.0,1,65.4,0.0,0,89.2,0.0,0.0,0.0,0.0,0.0,5
2023-05-10 13:31:32,i2401-C-620,i2401-C-620,89.2,0.0,0.0,0.0,20,65.5,0.0,0,89.2,0.0,0.0,0.0,0.0,0.0,5
2023-05-10 13:31:34,i2401-C-620,i2401-C-620,89.2,0.0,0.0,0.0,1,66.8,0.0,0,89.2,0.0,0.0,0.0,0.0,0.0,5
2023-05-10 13:31:34,i2401-C-620,i2401-C-620,89.2,0.0,0.0,0.0,20,66.9,0.0,0,89.2,0.0,0.0,0.0,0.0,0.0,5
2023-05-10 13:31:35,i2401-C-620,i2401-C-620,89.2,0.0,0.0,0.0,1,68.2,0.0,0,89.2,0.0,0.0,0.0,0.0,0.0,5
2023-05-10 13:32:05,i2401-C-620,i2401-C-620,89.2,0.0,0.0,0.0,20,68.3,0.0,0,89.2,0.0,0.0,0.0,0.0,0.0,5
2023-05-10 13:32:06,i2401-C-620,i2401-C-620,89.2,0.0,0.0,0.0,1,69.6,0.0,0,89.2,0.0,0.0,0.0,0.0,0.0,5
2023-05-10 13:32:06,i2401-C-620,i2401-C-620,89.2,0.0,0.0,0.0,20,69.7,0.0,0,89.2,0.0,0.0,0.0,0.0,0.0,5
2023-05-10 13:32:08,i2401-C-620,i2401-C-620,89.2,0.0,0.0,0.0,1,71.0,0.0,0,89.2,0.0,0.0,0.0,0.0,0.0,5
2023-05-10 13:32:08,i2401-C-620,i2401-C-620,89.2,0.0,0.0,0.0,20,71.1,0.0,0,89.2,0.0,0.0,0.0,0.0,0.0,5
2023-05-10 13:32:09,i2401-C-620,i2401-C-620,89.2,0.0,0.0,0.0,1,72.4,0.0,0,89.2,0.0,0.0,0.0,0.0,0.0,5
2023-05-10 13:32:09,i2401-C-620,i2401-C-620,89.2,0.0,0.0,0.0,20,72.5,0.0,0,89.2,0.0,0.0,0.0,0.0,0.0,5
2023-05-10 13:32:10,i2401-C-620,i2401-C-620,89.2,0.0,0.0,0.0,1,73.8,0.0,0,89.2,0.0,0.0,0.0,0.0,0.0,5
2023-05-10 13:32:10,i2401-C-620,i2401-C-620,89.2,0.0,0.0,0.0,20,73.9,0.0,0,89.2,0.0,0.0,0.0,0.0,0.0,5
2023-05-10 13:32:11,i2401-C-620,i2401-C-620,89.2,0.0,0.0,0.0,1,75.2,0.0,0,89.2,0.0,0.0,0.0,0.0,0.0,5
2023-05-10 13:32:11,i2401-C-620,i2401-C-620,89.2,0.0,0.0,0.0,20,75.3,0.0,0,89.2,0.0,0.0,0.0,0.0,0.0,5
2023-05-10 13:32:12,i2401-C-620,i2401-C-620,89.2,0.0,0.0,0.0,1,76.6,0.0,0,89.2,0.0,0.0,0.0,0.0,0.0,5
2023-05-10 13:32:12,i2401-C-620,i2401-C-620,89.2,0.0,0.0,0.0,20,76.7,0.0,0,89.2,0.0,0.0,0.0,0.0,0.0,5
2023-05-10 13:32:14,i2401-C-620,i2401-C-620,89.2,0.0,0.0,0.0,1,78.0,0.0,0,89.2,0.0,0.0,0.0,0.0,0.0,5
2023-05-10 13:32:14,i2401-C-620,i2401-C-620,89.2,0.0,0.0,0.0,20,78.1,0.0,0,89.2,0.0,0.0,0.0,0.0,0.0,5
2023-05-10 13:32:15,i2401-C-620,i2401-C-620,89.2,0.0,0.0,0.0,1,78.8,0.0,0,89.2,0.0,0.0,0.0,0.0,0.0,5
2023-05-10 13:32:15,i2401-C-620,i2401-C-620,89.2,0.0,0.0,0.0,20,78.9,0.0,0,89.2,0.0,0.0,0.0,0.0,0.0,5
2023-05-10 13:32:16,i2401-C-620,i2401-C-620,89.2,0.0,0.0,0.0,1,79.6,0.0,0,89.2,0.0,0.0,0.0,0.0,0.0,5
2023-05-10 13:32:17,i2401-C-620,i2401-C-620,89.2,0.0,0.0,0.0,20,79.7,0.0,0,89.2,0.0,0.0,0.0,0.0,0.0,5
2023-05-10 13:32:39,i2401-C-620,i2401-C-620,89.2,0.0,0.0,0.0,1,79.8,0.0,0,89.2,0.0,0.0,0.0,0.0,0.0,5
2023-05-10 13:32:39,i2401-C-620,i2401-C-620,89.2,0.0,0.0,0.0,20,79.9,0.0,0,89.2,0.0,0.0,0.0,0.0,0.0,5
2023-05-10 13:32:40,i2401-C-620,i2401-C-620,89.2,0.0,0.0,0.0,1,80.0,0.0,0,89.2,0.0,0.0,0.0,0.0,0.0,5
2023-05-10 13:32:40,i2401-C-620,i2401-C-620,89.2,0.0,0.0,0.0,20,80.1,0.0,0,89.2,0.0,0.0,0.0,0.0,0.0,5
2023-05-10 13:32:41,i2401-C-620,i2401-C-620,89.2,0.0,0.0,0.0,1,80.2,0.0,0,89.2,0.0,0.0,0.0,0.0,0.0,5
2023-05-10 13:32:41,i2401-C-620,i2401-C-620,89.2,0.0,0.0,0.0,20,80.3,0.0,0,89.2,0.0,0.0,0.0,0.0,0.0,5
2023-05-10 13:32:42,i2401-C-620,i2401-C-620,89.2,0.0,0.0,0.0,1,80.4,0.0,0,89.2,0.0,0.0,0.0,0.0,0.0,5
2023-05-10 13:32:42,i2401-C-620,i2401-C-620,89.2,0.0,0.0,0.0,20,80.5,0.0,0,89.2,0.0,0.0,0.0,0.0,0.0,5
2023-05-10 13:32:43,i2401-C-620,i2401-C-620,89.2,0.0,0.0,0.0,1,80.6,0.0,0,89.2,0.0,0.0,0.0,0.0,0.0,5
2023-05-10 13:32:43,i2401-C-620,i2401-C-620,89.2,0.0,0.0,0.0,20,80.7,0.0,0,89.2,0.0,0.0,0.0,0.0,0.0,5
2023-05-10 13:33:37,i2401-C-620,i2401-C-620,89.2,0.0,0.0,0.0,1,80.8,0.0,0,89.2,0.0,0.0,0.0,0.0,0.0,5
2023-05-10 13:33:37,i2401-C-620,i2401-C-620,89.2,0.0,0.0,0.0,20,80.9,0.0,0,89.2,0.0,0.0,0.0,0.0,0.0,5
2023-05-10 13:33:39,i2401-C-620,i2401-C-620,89.2,0.0,0.0,0.0,1,81.0,0.0,0,89.2,0.0,0.0,0.0,0.0,0.0,5
2023-05-10 13:33:39,i2401-C-620,i2401-C-620,89.2,0.0,0.0,0.0,20,81.1,0.0,0,89.2,0.0,0.0,0.0,0.0,0.0,5
2023-05-10 14:59:01,i2401-C-620,i2401-C-620,89.2,0.0,0.0,0.0,1,40.2,0.0,0,89.2,0.0,0.0,0.0,0.0,0.0,5
2023-05-10 15:01:15,i2401-C-620,i2401-C-620,89.2,0.0,0.0,0.0,1,40.2,0.0,0,89.2,0.0,0.0,0.0,0.0,0.0,5
