time,symbol_id,symbol_name,last,trade_volume,trade_amount,open_interest_change,bv1,bp1,ap1,av1,yesterday_close,today_open,today_high,today_low,volume,amount,open_interest
2023-05-09 20:56:26,i2401-C-740,i2401-C-740,33.8,0.0,0.0,0.0,25,10.0,0.0,0,33.8,30.2,0.0,0.0,0.0,0.0,350
2023-05-09 21:00:00,i2401-C-740,i2401-C-740,33.8,0.0,0.0,0.0,4,18.2,45.0,4,33.8,30.2,0.0,0.0,0.0,0.0,350
2023-05-09 21:00:02,i2401-C-740,i2401-C-740,33.8,0.0,0.0,0.0,1,19.5,45.0,4,33.8,30.2,0.0,0.0,0.0,0.0,350
2023-05-09 21:00:02,i2401-C-740,i2401-C-740,33.8,0.0,0.0,0.0,20,19.6,44.9,20,33.8,30.2,0.0,0.0,0.0,0.0,350
2023-05-09 21:00:03,i2401-C-740,i2401-C-740,33.8,0.0,0.0,0.0,4,23.5,41.0,4,33.8,30.2,0.0,0.0,0.0,0.0,350
2023-05-09 21:00:03,i2401-C-740,i2401-C-740,33.8,0.0,0.0,0.0,20,23.6,40.9,20,33.8,30.2,0.0,0.0,0.0,0.0,350
2023-05-09 21:00:05,i2401-C-740,i2401-C-740,33.8,0.0,0.0,0.0,4,27.5,37.0,4,33.8,30.2,0.0,0.0,0.0,0.0,350
2023-05-09 21:00:06,i2401-C-740,i2401-C-740,33.8,0.0,0.0,0.0,20,27.6,36.9,20,33.8,30.2,0.0,0.0,0.0,0.0,350
2023-05-09 21:00:06,i2401-C-740,i2401-C-740,33.8,0.0,0.0,0.0,4,30.5,36.9,20,33.8,30.2,0.0,0.0,0.0,0.0,350
2023-05-09 21:00:08,i2401-C-740,i2401-C-740,33.8,0.0,0.0,0.0,4,30.5,33.0,4,33.8,30.2,0.0,0.0,0.0,0.0,350
2023-05-09 21:00:12,i2401-C-740,i2401-C-740,33.8,0.0,0.0,0.0,4,17.8,33.0,4,33.8,30.2,0.0,0.0,0.0,0.0,350
2023-05-09 21:00:12,i2401-C-740,i2401-C-740,33.8,0.0,0.0,0.0,20,17.9,33.0,4,33.8,30.2,0.0,0.0,0.0,0.0,350
2023-05-09 21:00:13,i2401-C-740,i2401-C-740,33.8,0.0,0.0,0.0,4,23.0,33.0,24,33.8,30.2,0.0,0.0,0.0,0.0,350
2023-05-09 21:00:13,i2401-C-740,i2401-C-740,33.8,0.0,0.0,0.0,20,23.1,33.0,24,33.8,30.2,0.0,0.0,0.0,0.0,350
2023-05-09 21:00:14,i2401-C-740,i2401-C-740,33.8,0.0,0.0,0.0,4,27.0,32.2,4,33.8,30.2,0.0,0.0,0.0,0.0,350
2023-05-09 21:00:15,i2401-C-740,i2401-C-740,33.8,0.0,0.0,0.0,4,30.8,32.2,4,33.8,30.2,0.0,0.0,0.0,0.0,350
2023-05-09 21:00:20,i2401-C-740,i2401-C-740,33.8,0.0,0.0,0.0,25,10.0,32.2,4,33.8,30.2,0.0,0.0,0.0,0.0,350
2023-05-09 21:00:21,i2401-C-740,i2401-C-740,33.8,0.0,0.0,0.0,4,18.0,32.2,4,33.8,30.2,0.0,0.0,0.0,0.0,350
2023-05-09 21:00:21,i2401-C-740,i2401-C-740,33.8,0.0,0.0,0.0,4,22.0,32.2,4,33.8,30.2,0.0,0.0,0.0,0.0,350
2023-05-09 21:00:22,i2401-C-740,i2401-C-740,33.8,0.0,0.0,0.0,20,22.1,32.2,4,33.8,30.2,0.0,0.0,0.0,0.0,350
2023-05-09 21:00:22,i2401-C-740,i2401-C-740,33.8,0.0,0.0,0.0,1,23.4,32.2,4,33.8,30.2,0.0,0.0,0.0,0.0,350
2023-05-09 21:00:23,i2401-C-740,i2401-C-740,33.8,0.0,0.0,0.0,20,26.1,32.2,4,33.8,30.2,0.0,0.0,0.0,0.0,350
2023-05-09 21:00:23,i2401-C-740,i2401-C-740,33.8,0.0,0.0,0.0,4,30.0,32.2,4,33.8,30.2,0.0,0.0,0.0,0.0,350
2023-05-09 21:00:30,i2401-C-740,i2401-C-740,33.8,0.0,0.0,0.0,4,18.0,32.2,4,33.8,30.2,0.0,0.0,0.0,0.0,350
2023-05-09 21:00:30,i2401-C-740,i2401-C-740,33.8,0.0,0.0,0.0,1,19.3,32.2,4,33.8,30.2,0.0,0.0,0.0,0.0,350
2023-05-09 21:00:31,i2401-C-740,i2401-C-740,33.8,0.0,0.0,0.0,20,23.3,32.2,4,33.8,30.2,0.0,0.0,0.0,0.0,350
2023-05-09 21:00:31,i2401-C-740,i2401-C-740,33.8,0.0,0.0,0.0,4,27.2,32.2,4,33.8,30.2,0.0,0.0,0.0,0.0,350
2023-05-09 21:00:32,i2401-C-740,i2401-C-740,33.8,0.0,0.0,0.0,4,30.2,32.2,4,33.8,30.2,0.0,0.0,0.0,0.0,350
2023-05-09 21:00:38,i2401-C-740,i2401-C-740,33.8,0.0,0.0,0.0,4,17.7,32.2,4,33.8,30.2,0.0,0.0,0.0,0.0,350
2023-05-09 21:00:38,i2401-C-740,i2401-C-740,33.8,0.0,0.0,0.0,1,19.0,32.2,4,33.8,30.2,0.0,0.0,0.0,0.0,350
2023-05-09 21:00:39,i2401-C-740,i2401-C-740,33.8,0.0,0.0,0.0,20,21.8,32.2,4,33.8,30.2,0.0,0.0,0.0,0.0,350
2023-05-09 21:00:39,i2401-C-740,i2401-C-740,33.8,0.0,0.0,0.0,4,25.7,32.2,4,33.8,30.2,0.0,0.0,0.0,0.0,350
2023-05-09 21:00:40,i2401-C-740,i2401-C-740,33.8,0.0,0.0,0.0,4,29.7,32.2,4,33.8,30.2,0.0,0.0,0.0,0.0,350
2023-05-09 21:00:46,i2401-C-740,i2401-C-740,33.8,0.0,0.0,0.0,4,17.8,32.2,4,33.8,30.2,0.0,0.0,0.0,0.0,350
2023-05-09 21:00:46,i2401-C-740,i2401-C-740,33.8,0.0,0.0,0.0,4,21.8,32.2,4,33.8,30.2,0.0,0.0,0.0,0.0,350
2023-05-09 21:00:47,i2401-C-740,i2401-C-740,33.8,0.0,0.0,0.0,20,22.1,32.2,4,33.8,30.2,0.0,0.0,0.0,0.0,350
2023-05-09 21:00:47,i2401-C-740,i2401-C-740,33.8,0.0,0.0,0.0,4,25.9,32.2,4,33.8,30.2,0.0,0.0,0.0,0.0,350
2023-05-09 21:00:48,i2401-C-740,i2401-C-740,33.8,0.0,0.0,0.0,4,29.9,32.2,4,33.8,30.2,0.0,0.0,0.0,0.0,350
2023-05-09 21:00:54,i2401-C-740,i2401-C-740,33.8,0.0,0.0,0.0,4,17.7,32.2,4,33.8,30.2,0.0,0.0,0.0,0.0,350
2023-05-09 21:00:54,i2401-C-740,i2401-C-740,33.8,0.0,0.0,0.0,4,21.7,32.2,4,33.8,30.2,0.0,0.0,0.0,0.0,350
2023-05-09 21:00:55,i2401-C-740,i2401-C-740,33.8,0.0,0.0,0.0,6,21.9,32.2,4,33.8,30.2,0.0,0.0,0.0,0.0,350
2023-05-09 21:00:55,i2401-C-740,i2401-C-740,33.8,0.0,0.0,0.0,4,25.8,32.2,4,33.8,30.2,0.0,0.0,0.0,0.0,350
2023-05-09 21:00:56,i2401-C-740,i2401-C-740,33.8,0.0,0.0,0.0,10,30.6,31.6,10,33.8,30.2,0.0,0.0,0.0,0.0,350
2023-05-09 21:01:03,i2401-C-740,i2401-C-740,33.8,0.0,0.0,0.0,20,30.4,31.5,10,33.8,30.2,0.0,0.0,0.0,0.0,350
2023-05-09 21:01:09,i2401-C-740,i2401-C-740,33.8,0.0,0.0,0.0,10,30.4,31.5,10,33.8,30.2,0.0,0.0,0.0,0.0,350
2023-05-09 21:01:16,i2401-C-740,i2401-C-740,33.8,0.0,0.0,0.0,10,30.3,31.3,10,33.8,30.2,0.0,0.0,0.0,0.0,350
2023-05-09 21:01:28,i2401-C-740,i2401-C-740,33.8,0.0,0.0,0.0,10,30.3,31.3,20,33.8,30.2,0.0,0.0,0.0,0.0,350
2023-05-09 21:01:29,i2401-C-740,i2401-C-740,33.8,0.0,0.0,0.0,10,30.1,31.2,10,33.8,30.2,0.0,0.0,0.0,0.0,350
2023-05-09 21:01:30,i2401-C-740,i2401-C-740,33.8,0.0,0.0,0.0,10,30.1,31.2,14,33.8,30.2,0.0,0.0,0.0,0.0,350
2023-05-09 21:01:31,i2401-C-740,i2401-C-740,33.8,0.0,0.0,0.0,10,30.1,31.2,24,33.8,30.2,0.0,0.0,0.0,0.0,350
2023-05-09 21:01:33,i2401-C-740,i2401-C-740,33.8,0.0,0.0,0.0,20,30.1,31.2,24,33.8,30.2,0.0,0.0,0.0,0.0,350
2023-05-09 21:01:40,i2401-C-740,i2401-C-740,33.8,0.0,0.0,0.0,10,30.1,31.0,10,33.8,30.2,0.0,0.0,0.0,0.0,350
2023-05-09 21:01:45,i2401-C-740,i2401-C-740,33.8,0.0,0.0,0.0,20,30.0,31.0,10,33.8,30.2,0.0,0.0,0.0,0.0,350
2023-05-09 21:01:45,i2401-C-740,i2401-C-740,33.8,0.0,0.0,0.0,20,30.0,31.0,20,33.8,30.2,0.0,0.0,0.0,0.0,350
2023-05-09 21:01:51,i2401-C-740,i2401-C-740,33.8,0.0,0.0,0.0,10,30.0,31.0,20,33.8,30.2,0.0,0.0,0.0,0.0,350
2023-05-09 21:01:52,i2401-C-740,i2401-C-740,33.8,0.0,0.0,0.0,10,30.0,30.9,1,33.8,30.2,0.0,0.0,0.0,0.0,350
2023-05-09 21:01:54,i2401-C-740,i2401-C-740,33.8,0.0,0.0,0.0,20,30.0,30.9,1,33.8,30.2,0.0,0.0,0.0,0.0,350
2023-05-09 21:01:56,i2401-C-740,i2401-C-740,33.8,0.0,0.0,0.0,20,30.0,30.8,1,33.8,30.2,0.0,0.0,0.0,0.0,350
2023-05-09 21:01:56,i2401-C-740,i2401-C-740,33.8,0.0,0.0,0.0,20,30.0,30.7,1,33.8,30.2,0.0,0.0,0.0,0.0,350
2023-05-09 21:01:57,i2401-C-740,i2401-C-740,33.8,0.0,0.0,0.0,20,30.0,30.6,1,33.8,30.2,0.0,0.0,0.0,0.0,350
2023-05-09 21:01:59,i2401-C-740,i2401-C-740,33.8,0.0,0.0,0.0,20,30.0,30.5,1,33.8,30.2,0.0,0.0,0.0,0.0,350
2023-05-09 21:01:59,i2401-C-740,i2401-C-740,33.8,0.0,0.0,0.0,20,30.0,30.4,1,33.8,30.2,0.0,0.0,0.0,0.0,350
2023-05-09 21:02:00,i2401-C-740,i2401-C-740,33.8,0.0,0.0,0.0,20,30.0,30.3,1,33.8,30.2,0.0,0.0,0.0,0.0,350
2023-05-09 21:02:01,i2401-C-740,i2401-C-740,30.2,1.0,3020.0,1.0,4,30.1,30.3,1,33.8,30.2,30.2,30.2,1.0,3020.0,351
2023-05-09 21:02:06,i2401-C-740,i2401-C-740,30.3,1.0,3030.0,1.0,4,30.1,30.4,1,33.8,30.2,30.3,30.2,2.0,6050.0,352
2023-05-09 21:02:08,i2401-C-740,i2401-C-740,30.3,0.0,0.0,0.0,4,30.1,30.3,1,33.8,30.2,30.3,30.2,2.0,6050.0,352
2023-05-09 21:02:09,i2401-C-740,i2401-C-740,30.3,1.0,3030.0,1.0,4,30.1,30.4,1,33.8,30.2,30.3,30.2,3.0,9080.0,353
2023-05-09 21:02:13,i2401-C-740,i2401-C-740,30.4,1.0,3040.0,1.0,14,30.1,30.5,1,33.8,30.2,30.4,30.2,4.0,12120.0,354
2023-05-09 21:02:14,i2401-C-740,i2401-C-740,30.4,0.0,0.0,0.0,24,30.1,30.5,1,33.8,30.2,30.4,30.2,4.0,12120.0,354
2023-05-09 21:02:15,i2401-C-740,i2401-C-740,30.5,1.0,3050.0,1.0,4,30.2,30.6,1,33.8,30.2,30.5,30.2,5.0,15170.0,355
2023-05-09 21:02:16,i2401-C-740,i2401-C-740,30.5,0.0,0.0,0.0,4,30.2,30.7,5,33.8,30.2,30.5,30.2,5.0,15170.0,355
2023-05-09 21:02:17,i2401-C-740,i2401-C-740,30.5,0.0,0.0,0.0,4,30.2,30.7,4,33.8,30.2,30.5,30.2,5.0,15170.0,355
2023-05-09 21:02:22,i2401-C-740,i2401-C-740,30.5,0.0,0.0,0.0,4,30.2,30.8,4,33.8,30.2,30.5,30.2,5.0,15170.0,355
2023-05-09 21:02:27,i2401-C-740,i2401-C-740,30.5,0.0,0.0,0.0,10,30.4,31.2,14,33.8,30.2,30.5,30.2,5.0,15170.0,355
2023-05-09 21:02:28,i2401-C-740,i2401-C-740,30.5,0.0,0.0,0.0,20,30.4,31.2,4,33.8,30.2,30.5,30.2,5.0,15170.0,355
2023-05-09 21:02:38,i2401-C-740,i2401-C-740,30.5,0.0,0.0,0.0,20,30.4,31.2,14,33.8,30.2,30.5,30.2,5.0,15170.0,355
2023-05-09 21:02:42,i2401-C-740,i2401-C-740,30.5,0.0,0.0,0.0,10,30.4,31.2,24,33.8,30.2,30.5,30.2,5.0,15170.0,355
2023-05-09 21:02:44,i2401-C-740,i2401-C-740,30.5,0.0,0.0,0.0,20,30.4,31.2,24,33.8,30.2,30.5,30.2,5.0,15170.0,355
2023-05-09 21:02:45,i2401-C-740,i2401-C-740,30.5,0.0,0.0,0.0,10,30.4,31.2,24,33.8,30.2,30.5,30.2,5.0,15170.0,355
2023-05-09 21:02:48,i2401-C-740,i2401-C-740,30.5,0.0,0.0,0.0,20,30.4,31.2,24,33.8,30.2,30.5,30.2,5.0,15170.0,355
2023-05-09 21:02:49,i2401-C-740,i2401-C-740,30.5,0.0,0.0,0.0,10,30.4,31.2,24,33.8,30.2,30.5,30.2,5.0,15170.0,355
2023-05-09 21:02:53,i2401-C-740,i2401-C-740,30.5,0.0,0.0,0.0,10,30.4,30.9,20,33.8,30.2,30.5,30.2,5.0,15170.0,355
2023-05-09 21:03:02,i2401-C-740,i2401-C-740,30.5,0.0,0.0,0.0,10,30.4,30.7,10,33.8,30.2,30.5,30.2,5.0,15170.0,355
2023-05-09 21:03:05,i2401-C-740,i2401-C-740,30.5,0.0,0.0,0.0,10,30.4,30.7,20,33.8,30.2,30.5,30.2,5.0,15170.0,355
2023-05-09 21:03:07,i2401-C-740,i2401-C-740,30.5,0.0,0.0,0.0,10,30.4,30.7,10,33.8,30.2,30.5,30.2,5.0,15170.0,355
2023-05-09 21:03:15,i2401-C-740,i2401-C-740,30.5,0.0,0.0,0.0,10,30.4,30.8,10,33.8,30.2,30.5,30.2,5.0,15170.0,355
2023-05-09 21:03:16,i2401-C-740,i2401-C-740,30.5,0.0,0.0,0.0,10,30.4,30.9,10,33.8,30.2,30.5,30.2,5.0,15170.0,355
2023-05-09 21:03:18,i2401-C-740,i2401-C-740,30.5,0.0,0.0,0.0,10,30.4,30.9,20,33.8,30.2,30.5,30.2,5.0,15170.0,355
2023-05-09 21:03:21,i2401-C-740,i2401-C-740,30.5,0.0,0.0,0.0,10,30.6,31.0,10,33.8,30.2,30.5,30.2,5.0,15170.0,355
2023-05-09 21:03:25,i2401-C-740,i2401-C-740,30.5,0.0,0.0,0.0,10,30.6,31.2,14,33.8,30.2,30.5,30.2,5.0,15170.0,355
2023-05-09 21:03:27,i2401-C-740,i2401-C-740,30.5,0.0,0.0,0.0,10,30.6,31.2,24,33.8,30.2,30.5,30.2,5.0,15170.0,355
2023-05-09 21:03:39,i2401-C-740,i2401-C-740,30.5,0.0,0.0,0.0,10,30.5,31.2,24,33.8,30.2,30.5,30.2,5.0,15170.0,355
2023-05-09 21:03:39,i2401-C-740,i2401-C-740,30.5,0.0,0.0,0.0,10,30.5,31.0,10,33.8,30.2,30.5,30.2,5.0,15170.0,355
2023-05-09 21:03:44,i2401-C-740,i2401-C-740,30.5,1.0,3050.0,0.0,4,30.5,30.9,4,33.8,30.2,30.5,30.2,6.0,18220.0,355
2023-05-09 21:03:44,i2401-C-740,i2401-C-740,30.5,0.0,0.0,0.0,15,30.5,30.9,4,33.8,30.2,30.5,30.2,6.0,18220.0,355
2023-05-09 21:03:45,i2401-C-740,i2401-C-740,30.5,0.0,0.0,0.0,10,30.4,30.9,4,33.8,30.2,30.5,30.2,6.0,18220.0,355
2023-05-09 21:03:47,i2401-C-740,i2401-C-740,30.5,0.0,0.0,0.0,20,30.4,31.1,14,33.8,30.2,30.5,30.2,6.0,18220.0,355
2023-05-09 21:03:47,i2401-C-740,i2401-C-740,30.5,0.0,0.0,0.0,10,30.4,31.1,14,33.8,30.2,30.5,30.2,6.0,18220.0,355
2023-05-09 21:03:47,i2401-C-740,i2401-C-740,30.5,0.0,0.0,0.0,10,30.4,31.0,10,33.8,30.2,30.5,30.2,6.0,18220.0,355
2023-05-09 21:03:49,i2401-C-740,i2401-C-740,30.5,0.0,0.0,0.0,10,30.4,31.1,4,33.8,30.2,30.5,30.2,6.0,18220.0,355
2023-05-09 21:03:52,i2401-C-740,i2401-C-740,30.5,0.0,0.0,0.0,10,30.4,31.0,10,33.8,30.2,30.5,30.2,6.0,18220.0,355
2023-05-09 21:03:53,i2401-C-740,i2401-C-740,30.5,0.0,0.0,0.0,10,30.4,30.9,10,33.8,30.2,30.5,30.2,6.0,18220.0,355
2023-05-09 21:03:57,i2401-C-740,i2401-C-740,30.5,0.0,0.0,0.0,14,30.2,30.9,10,33.8,30.2,30.5,30.2,6.0,18220.0,355
2023-05-09 21:03:57,i2401-C-740,i2401-C-740,30.5,0.0,0.0,0.0,10,30.2,30.9,20,33.8,30.2,30.5,30.2,6.0,18220.0,355
2023-05-09 21:03:57,i2401-C-740,i2401-C-740,30.5,0.0,0.0,0.0,10,30.2,30.9,10,33.8,30.2,30.5,30.2,6.0,18220.0,355
2023-05-09 21:03:59,i2401-C-740,i2401-C-740,30.5,0.0,0.0,0.0,20,30.2,30.9,20,33.8,30.2,30.5,30.2,6.0,18220.0,355
2023-05-09 21:04:01,i2401-C-740,i2401-C-740,30.5,0.0,0.0,0.0,20,30.2,30.9,30,33.8,30.2,30.5,30.2,6.0,18220.0,355
2023-05-09 21:04:03,i2401-C-740,i2401-C-740,30.5,0.0,0.0,0.0,20,30.2,30.9,20,33.8,30.2,30.5,30.2,6.0,18220.0,355
2023-05-09 21:04:04,i2401-C-740,i2401-C-740,30.5,0.0,0.0,0.0,20,30.2,30.9,30,33.8,30.2,30.5,30.2,6.0,18220.0,355
2023-05-09 21:04:04,i2401-C-740,i2401-C-740,30.5,0.0,0.0,0.0,10,30.2,30.7,20,33.8,30.2,30.5,30.2,6.0,18220.0,355
2023-05-09 21:04:09,i2401-C-740,i2401-C-740,30.5,0.0,0.0,0.0,20,30.2,30.7,20,33.8,30.2,30.5,30.2,6.0,18220.0,355
2023-05-09 21:04:16,i2401-C-740,i2401-C-740,30.5,0.0,0.0,0.0,20,30.2,30.9,20,33.8,30.2,30.5,30.2,6.0,18220.0,355
2023-05-09 21:04:23,i2401-C-740,i2401-C-740,30.5,0.0,0.0,0.0,20,30.2,30.8,20,33.8,30.2,30.5,30.2,6.0,18220.0,355
2023-05-09 21:04:26,i2401-C-740,i2401-C-740,30.5,0.0,0.0,0.0,10,30.2,30.8,20,33.8,30.2,30.5,30.2,6.0,18220.0,355
2023-05-09 21:04:28,i2401-C-740,i2401-C-740,30.5,0.0,0.0,0.0,20,30.2,30.6,10,33.8,30.2,30.5,30.2,6.0,18220.0,355
2023-05-09 21:04:28,i2401-C-740,i2401-C-740,30.5,0.0,0.0,0.0,20,30.2,30.8,20,33.8,30.2,30.5,30.2,6.0,18220.0,355
2023-05-09 21:04:29,i2401-C-740,i2401-C-740,30.5,0.0,0.0,0.0,10,30.2,30.8,10,33.8,30.2,30.5,30.2,6.0,18220.0,355
2023-05-09 21:04:31,i2401-C-740,i2401-C-740,30.5,0.0,0.0,0.0,20,30.2,30.8,20,33.8,30.2,30.5,30.2,6.0,18220.0,355
2023-05-09 21:04:33,i2401-C-740,i2401-C-740,30.5,0.0,0.0,0.0,10,30.2,30.8,30,33.8,30.2,30.5,30.2,6.0,18220.0,355
2023-05-09 21:04:39,i2401-C-740,i2401-C-740,30.5,0.0,0.0,0.0,20,30.2,30.8,20,33.8,30.2,30.5,30.2,6.0,18220.0,355
2023-05-09 21:04:42,i2401-C-740,i2401-C-740,30.5,0.0,0.0,0.0,20,30.2,30.8,30,33.8,30.2,30.5,30.2,6.0,18220.0,355
2023-05-09 21:04:43,i2401-C-740,i2401-C-740,30.5,0.0,0.0,0.0,20,30.2,30.6,10,33.8,30.2,30.5,30.2,6.0,18220.0,355
2023-05-09 21:04:54,i2401-C-740,i2401-C-740,30.5,0.0,0.0,0.0,10,30.2,30.6,10,33.8,30.2,30.5,30.2,6.0,18220.0,355
2023-05-09 21:05:02,i2401-C-740,i2401-C-740,30.5,0.0,0.0,0.0,10,30.1,30.6,10,33.8,30.2,30.5,30.2,6.0,18220.0,355
2023-05-09 21:05:02,i2401-C-740,i2401-C-740,30.5,0.0,0.0,0.0,10,30.1,30.6,20,33.8,30.2,30.5,30.2,6.0,18220.0,355
2023-05-09 21:05:03,i2401-C-740,i2401-C-740,30.5,0.0,0.0,0.0,10,30.1,30.5,10,33.8,30.2,30.5,30.2,6.0,18220.0,355
2023-05-09 21:05:10,i2401-C-740,i2401-C-740,30.5,0.0,0.0,0.0,10,30.1,30.5,20,33.8,30.2,30.5,30.2,6.0,18220.0,355
2023-05-09 21:05:19,i2401-C-740,i2401-C-740,30.5,0.0,0.0,0.0,20,30.1,30.5,10,33.8,30.2,30.5,30.2,6.0,18220.0,355
2023-05-09 21:05:20,i2401-C-740,i2401-C-740,30.5,0.0,0.0,0.0,20,30.1,30.6,10,33.8,30.2,30.5,30.2,6.0,18220.0,355
2023-05-09 21:05:24,i2401-C-740,i2401-C-740,30.5,0.0,0.0,0.0,10,30.3,30.6,10,33.8,30.2,30.5,30.2,6.0,18220.0,355
2023-05-09 21:05:24,i2401-C-740,i2401-C-740,30.5,0.0,0.0,0.0,10,30.3,30.8,30,33.8,30.2,30.5,30.2,6.0,18220.0,355
2023-05-09 21:05:25,i2401-C-740,i2401-C-740,30.5,0.0,0.0,0.0,10,30.3,30.8,20,33.8,30.2,30.5,30.2,6.0,18220.0,355
2023-05-09 21:05:38,i2401-C-740,i2401-C-740,30.5,0.0,0.0,0.0,10,30.3,30.6,10,33.8,30.2,30.5,30.2,6.0,18220.0,355
2023-05-09 21:05:39,i2401-C-740,i2401-C-740,30.5,0.0,0.0,0.0,10,30.2,30.6,10,33.8,30.2,30.5,30.2,6.0,18220.0,355
2023-05-09 21:05:41,i2401-C-740,i2401-C-740,30.5,0.0,0.0,0.0,10,30.2,30.6,20,33.8,30.2,30.5,30.2,6.0,18220.0,355
2023-05-09 21:05:42,i2401-C-740,i2401-C-740,30.5,0.0,0.0,0.0,10,30.2,30.6,10,33.8,30.2,30.5,30.2,6.0,18220.0,355
2023-05-09 21:05:58,i2401-C-740,i2401-C-740,30.5,0.0,0.0,0.0,20,30.2,30.6,10,33.8,30.2,30.5,30.2,6.0,18220.0,355
2023-05-09 21:05:58,i2401-C-740,i2401-C-740,30.5,0.0,0.0,0.0,20,30.2,30.8,20,33.8,30.2,30.5,30.2,6.0,18220.0,355
2023-05-09 21:06:23,i2401-C-740,i2401-C-740,30.5,0.0,0.0,0.0,10,30.4,30.8,10,33.8,30.2,30.5,30.2,6.0,18220.0,355
2023-05-09 21:06:29,i2401-C-740,i2401-C-740,30.5,0.0,0.0,0.0,10,30.4,30.8,20,33.8,30.2,30.5,30.2,6.0,18220.0,355
2023-05-09 21:06:32,i2401-C-740,i2401-C-740,30.5,0.0,0.0,0.0,10,30.4,30.8,10,33.8,30.2,30.5,30.2,6.0,18220.0,355
2023-05-09 21:06:37,i2401-C-740,i2401-C-740,30.5,0.0,0.0,0.0,10,30.4,30.9,20,33.8,30.2,30.5,30.2,6.0,18220.0,355
2023-05-09 21:06:38,i2401-C-740,i2401-C-740,30.5,0.0,0.0,0.0,10,30.4,30.9,10,33.8,30.2,30.5,30.2,6.0,18220.0,355
2023-05-09 21:06:38,i2401-C-740,i2401-C-740,30.5,0.0,0.0,0.0,10,30.4,31.1,10,33.8,30.2,30.5,30.2,6.0,18220.0,355
2023-05-09 21:06:39,i2401-C-740,i2401-C-740,30.5,0.0,0.0,0.0,10,30.7,31.2,4,33.8,30.2,30.5,30.2,6.0,18220.0,355
2023-05-09 21:06:39,i2401-C-740,i2401-C-740,30.5,0.0,0.0,0.0,10,30.7,31.3,10,33.8,30.2,30.5,30.2,6.0,18220.0,355
2023-05-09 21:06:41,i2401-C-740,i2401-C-740,30.5,0.0,0.0,0.0,10,30.7,31.5,20,33.8,30.2,30.5,30.2,6.0,18220.0,355
2023-05-09 21:06:41,i2401-C-740,i2401-C-740,30.5,0.0,0.0,0.0,10,30.9,31.5,20,33.8,30.2,30.5,30.2,6.0,18220.0,355
2023-05-09 21:06:48,i2401-C-740,i2401-C-740,30.5,0.0,0.0,0.0,10,30.9,31.5,30,33.8,30.2,30.5,30.2,6.0,18220.0,355
2023-05-09 21:06:52,i2401-C-740,i2401-C-740,30.5,0.0,0.0,0.0,20,30.9,31.5,30,33.8,30.2,30.5,30.2,6.0,18220.0,355
2023-05-09 21:06:53,i2401-C-740,i2401-C-740,30.5,0.0,0.0,0.0,20,30.9,31.5,10,33.8,30.2,30.5,30.2,6.0,18220.0,355
2023-05-09 21:06:53,i2401-C-740,i2401-C-740,30.5,0.0,0.0,0.0,20,30.9,31.5,20,33.8,30.2,30.5,30.2,6.0,18220.0,355
2023-05-09 21:06:56,i2401-C-740,i2401-C-740,30.5,0.0,0.0,0.0,20,30.9,31.5,10,33.8,30.2,30.5,30.2,6.0,18220.0,355
2023-05-09 21:06:56,i2401-C-740,i2401-C-740,30.5,0.0,0.0,0.0,20,30.9,31.5,20,33.8,30.2,30.5,30.2,6.0,18220.0,355
2023-05-09 21:06:59,i2401-C-740,i2401-C-740,30.5,0.0,0.0,0.0,20,30.9,31.5,10,33.8,30.2,30.5,30.2,6.0,18220.0,355
2023-05-09 21:07:01,i2401-C-740,i2401-C-740,30.5,0.0,0.0,0.0,20,30.9,31.5,20,33.8,30.2,30.5,30.2,6.0,18220.0,355
2023-05-09 21:07:01,i2401-C-740,i2401-C-740,30.5,0.0,0.0,0.0,20,30.9,31.5,30,33.8,30.2,30.5,30.2,6.0,18220.0,355
2023-05-09 21:07:01,i2401-C-740,i2401-C-740,30.5,0.0,0.0,0.0,10,30.9,31.5,20,33.8,30.2,30.5,30.2,6.0,18220.0,355
2023-05-09 21:07:03,i2401-C-740,i2401-C-740,30.5,0.0,0.0,0.0,10,30.9,31.3,10,33.8,30.2,30.5,30.2,6.0,18220.0,355
2023-05-09 21:07:04,i2401-C-740,i2401-C-740,30.5,0.0,0.0,0.0,10,30.9,31.3,20,33.8,30.2,30.5,30.2,6.0,18220.0,355
2023-05-09 21:07:10,i2401-C-740,i2401-C-740,30.5,0.0,0.0,0.0,10,30.8,31.3,30,33.8,30.2,30.5,30.2,6.0,18220.0,355
2023-05-09 21:07:10,i2401-C-740,i2401-C-740,30.5,0.0,0.0,0.0,10,30.8,31.2,10,33.8,30.2,30.5,30.2,6.0,18220.0,355
2023-05-09 21:07:12,i2401-C-740,i2401-C-740,30.5,0.0,0.0,0.0,10,30.8,31.2,20,33.8,30.2,30.5,30.2,6.0,18220.0,355
2023-05-09 21:07:15,i2401-C-740,i2401-C-740,30.5,0.0,0.0,0.0,10,30.8,31.2,10,33.8,30.2,30.5,30.2,6.0,18220.0,355
2023-05-09 21:07:16,i2401-C-740,i2401-C-740,30.5,0.0,0.0,0.0,10,30.8,31.3,10,33.8,30.2,30.5,30.2,6.0,18220.0,355
2023-05-09 21:07:18,i2401-C-740,i2401-C-740,30.5,0.0,0.0,0.0,10,30.8,31.3,20,33.8,30.2,30.5,30.2,6.0,18220.0,355
2023-05-09 21:07:20,i2401-C-740,i2401-C-740,30.5,0.0,0.0,0.0,10,30.8,31.3,10,33.8,30.2,30.5,30.2,6.0,18220.0,355
2023-05-09 21:07:28,i2401-C-740,i2401-C-740,30.5,0.0,0.0,0.0,10,30.8,31.2,20,33.8,30.2,30.5,30.2,6.0,18220.0,355
2023-05-09 21:07:28,i2401-C-740,i2401-C-740,30.5,0.0,0.0,0.0,10,30.8,31.2,10,33.8,30.2,30.5,30.2,6.0,18220.0,355
2023-05-09 21:07:31,i2401-C-740,i2401-C-740,30.5,0.0,0.0,0.0,10,30.8,31.2,20,33.8,30.2,30.5,30.2,6.0,18220.0,355
2023-05-09 21:07:53,i2401-C-740,i2401-C-740,30.5,0.0,0.0,0.0,10,30.8,31.2,10,33.8,30.2,30.5,30.2,6.0,18220.0,355
2023-05-09 21:07:54,i2401-C-740,i2401-C-740,30.5,0.0,0.0,0.0,10,30.8,31.3,20,33.8,30.2,30.5,30.2,6.0,18220.0,355
2023-05-09 21:07:55,i2401-C-740,i2401-C-740,30.5,0.0,0.0,0.0,10,30.8,31.3,30,33.8,30.2,30.5,30.2,6.0,18220.0,355
2023-05-09 21:08:04,i2401-C-740,i2401-C-740,30.5,0.0,0.0,0.0,10,30.8,31.3,10,33.8,30.2,30.5,30.2,6.0,18220.0,355
2023-05-09 21:08:04,i2401-C-740,i2401-C-740,30.5,0.0,0.0,0.0,10,30.8,31.4,10,33.8,30.2,30.5,30.2,6.0,18220.0,355
2023-05-09 21:08:16,i2401-C-740,i2401-C-740,30.5,0.0,0.0,0.0,20,30.8,31.4,10,33.8,30.2,30.5,30.2,6.0,18220.0,355
2023-05-09 21:08:19,i2401-C-740,i2401-C-740,30.5,0.0,0.0,0.0,20,30.8,31.5,24,33.8,30.2,30.5,30.2,6.0,18220.0,355
2023-05-09 21:08:26,i2401-C-740,i2401-C-740,30.5,0.0,0.0,0.0,10,31.0,31.5,4,33.8,30.2,30.5,30.2,6.0,18220.0,355
2023-05-09 21:08:27,i2401-C-740,i2401-C-740,30.5,0.0,0.0,0.0,10,31.0,31.8,20,33.8,30.2,30.5,30.2,6.0,18220.0,355
2023-05-09 21:08:28,i2401-C-740,i2401-C-740,30.5,0.0,0.0,0.0,10,31.2,31.8,20,33.8,30.2,30.5,30.2,6.0,18220.0,355
2023-05-09 21:08:33,i2401-C-740,i2401-C-740,30.5,0.0,0.0,0.0,10,31.2,31.8,30,33.8,30.2,30.5,30.2,6.0,18220.0,355
2023-05-09 21:08:41,i2401-C-740,i2401-C-740,30.5,0.0,0.0,0.0,10,31.2,31.8,20,33.8,30.2,30.5,30.2,6.0,18220.0,355
2023-05-09 21:08:41,i2401-C-740,i2401-C-740,30.5,0.0,0.0,0.0,10,31.2,31.8,30,33.8,30.2,30.5,30.2,6.0,18220.0,355
2023-05-09 21:08:45,i2401-C-740,i2401-C-740,30.5,0.0,0.0,0.0,10,31.2,31.8,20,33.8,30.2,30.5,30.2,6.0,18220.0,355
2023-05-09 21:08:54,i2401-C-740,i2401-C-740,30.5,0.0,0.0,0.0,10,31.2,31.8,10,33.8,30.2,30.5,30.2,6.0,18220.0,355
2023-05-09 21:09:01,i2401-C-740,i2401-C-740,30.5,0.0,0.0,0.0,20,31.2,31.8,10,33.8,30.2,30.5,30.2,6.0,18220.0,355
2023-05-09 21:09:01,i2401-C-740,i2401-C-740,30.5,0.0,0.0,0.0,20,31.2,31.9,30,33.8,30.2,30.5,30.2,6.0,18220.0,355
2023-05-09 21:09:14,i2401-C-740,i2401-C-740,30.5,0.0,0.0,0.0,10,31.3,32.1,14,33.8,30.2,30.5,30.2,6.0,18220.0,355
2023-05-09 21:09:14,i2401-C-740,i2401-C-740,30.5,0.0,0.0,0.0,10,31.3,32.1,4,33.8,30.2,30.5,30.2,6.0,18220.0,355
2023-05-09 21:09:19,i2401-C-740,i2401-C-740,30.5,0.0,0.0,0.0,10,31.3,32.0,10,33.8,30.2,30.5,30.2,6.0,18220.0,355
2023-05-09 21:09:20,i2401-C-740,i2401-C-740,30.5,0.0,0.0,0.0,10,31.2,32.0,20,33.8,30.2,30.5,30.2,6.0,18220.0,355
2023-05-09 21:09:21,i2401-C-740,i2401-C-740,30.5,0.0,0.0,0.0,20,31.2,32.0,20,33.8,30.2,30.5,30.2,6.0,18220.0,355
2023-05-09 21:09:24,i2401-C-740,i2401-C-740,30.5,0.0,0.0,0.0,10,31.3,32.1,10,33.8,30.2,30.5,30.2,6.0,18220.0,355
2023-05-09 21:09:25,i2401-C-740,i2401-C-740,30.5,0.0,0.0,0.0,10,31.9,32.2,20,33.8,30.2,30.5,30.2,6.0,18220.0,355
2023-05-09 21:09:27,i2401-C-740,i2401-C-740,30.5,0.0,0.0,0.0,10,31.9,32.2,10,33.8,30.2,30.5,30.2,6.0,18220.0,355
2023-05-09 21:09:28,i2401-C-740,i2401-C-740,30.5,0.0,0.0,0.0,10,31.9,32.3,20,33.8,30.2,30.5,30.2,6.0,18220.0,355
2023-05-09 21:09:29,i2401-C-740,i2401-C-740,30.5,0.0,0.0,0.0,10,31.5,32.3,20,33.8,30.2,30.5,30.2,6.0,18220.0,355
2023-05-09 21:09:31,i2401-C-740,i2401-C-740,30.5,0.0,0.0,0.0,14,31.4,32.2,20,33.8,30.2,30.5,30.2,6.0,18220.0,355
2023-05-09 21:09:32,i2401-C-740,i2401-C-740,30.5,0.0,0.0,0.0,24,31.4,32.2,10,33.8,30.2,30.5,30.2,6.0,18220.0,355
2023-05-09 21:09:32,i2401-C-740,i2401-C-740,30.5,0.0,0.0,0.0,14,31.4,32.2,20,33.8,30.2,30.5,30.2,6.0,18220.0,355
2023-05-09 21:09:36,i2401-C-740,i2401-C-740,30.5,0.0,0.0,0.0,10,31.5,32.3,20,33.8,30.2,30.5,30.2,6.0,18220.0,355
2023-05-09 21:09:36,i2401-C-740,i2401-C-740,30.5,0.0,0.0,0.0,14,31.4,32.2,20,33.8,30.2,30.5,30.2,6.0,18220.0,355
2023-05-09 21:09:39,i2401-C-740,i2401-C-740,30.5,0.0,0.0,0.0,24,31.4,32.2,20,33.8,30.2,30.5,30.2,6.0,18220.0,355
2023-05-09 21:09:48,i2401-C-740,i2401-C-740,30.5,0.0,0.0,0.0,14,31.4,32.2,20,33.8,30.2,30.5,30.2,6.0,18220.0,355
2023-05-09 21:09:49,i2401-C-740,i2401-C-740,30.5,0.0,0.0,0.0,14,31.4,32.0,10,33.8,30.2,30.5,30.2,6.0,18220.0,355
2023-05-09 21:09:52,i2401-C-740,i2401-C-740,30.5,0.0,0.0,0.0,24,31.4,32.0,10,33.8,30.2,30.5,30.2,6.0,18220.0,355
2023-05-09 21:09:57,i2401-C-740,i2401-C-740,30.5,0.0,0.0,0.0,14,31.4,32.0,10,33.8,30.2,30.5,30.2,6.0,18220.0,355
2023-05-09 21:09:57,i2401-C-740,i2401-C-740,30.5,0.0,0.0,0.0,10,31.4,32.0,10,33.8,30.2,30.5,30.2,6.0,18220.0,355
2023-05-09 21:09:58,i2401-C-740,i2401-C-740,30.5,0.0,0.0,0.0,40,31.2,32.0,10,33.8,30.2,30.5,30.2,6.0,18220.0,355
2023-05-09 21:09:59,i2401-C-740,i2401-C-740,30.5,0.0,0.0,0.0,20,31.2,31.8,10,33.8,30.2,30.5,30.2,6.0,18220.0,355
2023-05-09 21:10:14,i2401-C-740,i2401-C-740,30.5,0.0,0.0,0.0,10,31.1,31.7,10,33.8,30.2,30.5,30.2,6.0,18220.0,355
2023-05-09 21:10:19,i2401-C-740,i2401-C-740,30.5,0.0,0.0,0.0,10,31.1,31.8,10,33.8,30.2,30.5,30.2,6.0,18220.0,355
2023-05-09 21:10:33,i2401-C-740,i2401-C-740,30.5,0.0,0.0,0.0,20,31.1,31.8,10,33.8,30.2,30.5,30.2,6.0,18220.0,355
2023-05-09 21:10:36,i2401-C-740,i2401-C-740,30.5,0.0,0.0,0.0,10,31.3,31.8,10,33.8,30.2,30.5,30.2,6.0,18220.0,355
2023-05-09 21:10:42,i2401-C-740,i2401-C-740,30.5,0.0,0.0,0.0,10,31.3,32.0,10,33.8,30.2,30.5,30.2,6.0,18220.0,355
2023-05-09 21:10:46,i2401-C-740,i2401-C-740,30.5,0.0,0.0,0.0,10,31.3,31.8,10,33.8,30.2,30.5,30.2,6.0,18220.0,355
2023-05-09 21:10:48,i2401-C-740,i2401-C-740,30.5,0.0,0.0,0.0,20,31.3,31.8,10,33.8,30.2,30.5,30.2,6.0,18220.0,355
2023-05-09 21:10:50,i2401-C-740,i2401-C-740,30.5,0.0,0.0,0.0,10,31.3,31.8,10,33.8,30.2,30.5,30.2,6.0,18220.0,355
2023-05-09 21:10:50,i2401-C-740,i2401-C-740,30.5,0.0,0.0,0.0,10,31.3,32.0,10,33.8,30.2,30.5,30.2,6.0,18220.0,355
2023-05-09 21:10:52,i2401-C-740,i2401-C-740,30.5,0.0,0.0,0.0,10,31.3,31.9,10,33.8,30.2,30.5,30.2,6.0,18220.0,355
2023-05-09 21:10:53,i2401-C-740,i2401-C-740,30.5,0.0,0.0,0.0,10,31.3,31.8,10,33.8,30.2,30.5,30.2,6.0,18220.0,355
2023-05-09 21:10:54,i2401-C-740,i2401-C-740,30.5,0.0,0.0,0.0,10,31.3,31.9,10,33.8,30.2,30.5,30.2,6.0,18220.0,355
2023-05-09 21:10:54,i2401-C-740,i2401-C-740,30.5,0.0,0.0,0.0,10,31.3,31.8,10,33.8,30.2,30.5,30.2,6.0,18220.0,355
2023-05-09 21:10:55,i2401-C-740,i2401-C-740,30.5,0.0,0.0,0.0,10,31.3,31.9,10,33.8,30.2,30.5,30.2,6.0,18220.0,355
2023-05-09 21:10:56,i2401-C-740,i2401-C-740,30.5,0.0,0.0,0.0,20,31.3,31.9,10,33.8,30.2,30.5,30.2,6.0,18220.0,355
2023-05-09 21:10:59,i2401-C-740,i2401-C-740,30.5,0.0,0.0,0.0,10,31.3,31.9,10,33.8,30.2,30.5,30.2,6.0,18220.0,355
2023-05-09 21:10:59,i2401-C-740,i2401-C-740,30.5,0.0,0.0,0.0,20,31.3,31.9,10,33.8,30.2,30.5,30.2,6.0,18220.0,355
2023-05-09 21:11:00,i2401-C-740,i2401-C-740,30.5,0.0,0.0,0.0,30,31.3,32.0,10,33.8,30.2,30.5,30.2,6.0,18220.0,355
2023-05-09 21:11:01,i2401-C-740,i2401-C-740,30.5,0.0,0.0,0.0,10,31.4,32.1,20,33.8,30.2,30.5,30.2,6.0,18220.0,355
2023-05-09 21:11:01,i2401-C-740,i2401-C-740,30.5,0.0,0.0,0.0,40,31.3,32.0,20,33.8,30.2,30.5,30.2,6.0,18220.0,355
2023-05-09 21:11:01,i2401-C-740,i2401-C-740,30.5,0.0,0.0,0.0,50,31.3,32.0,20,33.8,30.2,30.5,30.2,6.0,18220.0,355
2023-05-09 21:11:02,i2401-C-740,i2401-C-740,30.5,0.0,0.0,0.0,50,31.3,32.0,10,33.8,30.2,30.5,30.2,6.0,18220.0,355
2023-05-09 21:11:03,i2401-C-740,i2401-C-740,30.5,0.0,0.0,0.0,20,31.4,32.1,10,33.8,30.2,30.5,30.2,6.0,18220.0,355
2023-05-09 21:11:04,i2401-C-740,i2401-C-740,30.5,0.0,0.0,0.0,30,31.4,32.1,10,33.8,30.2,30.5,30.2,6.0,18220.0,355
2023-05-09 21:11:10,i2401-C-740,i2401-C-740,30.5,0.0,0.0,0.0,20,31.4,32.0,10,33.8,30.2,30.5,30.2,6.0,18220.0,355
2023-05-09 21:11:11,i2401-C-740,i2401-C-740,30.5,0.0,0.0,0.0,30,31.4,32.1,10,33.8,30.2,30.5,30.2,6.0,18220.0,355
2023-05-09 21:11:20,i2401-C-740,i2401-C-740,30.5,0.0,0.0,0.0,10,31.5,32.2,24,33.8,30.2,30.5,30.2,6.0,18220.0,355
2023-05-09 21:11:22,i2401-C-740,i2401-C-740,30.5,0.0,0.0,0.0,20,31.5,32.2,24,33.8,30.2,30.5,30.2,6.0,18220.0,355
2023-05-09 21:11:25,i2401-C-740,i2401-C-740,30.5,0.0,0.0,0.0,10,31.5,32.2,24,33.8,30.2,30.5,30.2,6.0,18220.0,355
2023-05-09 21:11:30,i2401-C-740,i2401-C-740,30.5,0.0,0.0,0.0,20,31.4,32.0,10,33.8,30.2,30.5,30.2,6.0,18220.0,355
2023-05-09 21:11:31,i2401-C-740,i2401-C-740,30.5,0.0,0.0,0.0,30,31.4,32.1,10,33.8,30.2,30.5,30.2,6.0,18220.0,355
2023-05-09 21:12:02,i2401-C-740,i2401-C-740,30.5,0.0,0.0,0.0,10,31.5,32.2,14,33.8,30.2,30.5,30.2,6.0,18220.0,355
2023-05-09 21:12:03,i2401-C-740,i2401-C-740,30.5,0.0,0.0,0.0,20,31.5,32.2,14,33.8,30.2,30.5,30.2,6.0,18220.0,355
2023-05-09 21:12:05,i2401-C-740,i2401-C-740,30.5,0.0,0.0,0.0,10,31.5,32.1,10,33.8,30.2,30.5,30.2,6.0,18220.0,355
2023-05-09 21:12:05,i2401-C-740,i2401-C-740,30.5,0.0,0.0,0.0,30,31.4,32.1,10,33.8,30.2,30.5,30.2,6.0,18220.0,355
2023-05-09 21:12:07,i2401-C-740,i2401-C-740,30.5,0.0,0.0,0.0,40,31.4,32.1,10,33.8,30.2,30.5,30.2,6.0,18220.0,355
2023-05-09 21:12:13,i2401-C-740,i2401-C-740,30.5,0.0,0.0,0.0,40,31.4,32.2,24,33.8,30.2,30.5,30.2,6.0,18220.0,355
2023-05-09 21:12:15,i2401-C-740,i2401-C-740,30.5,0.0,0.0,0.0,10,31.5,32.2,24,33.8,30.2,30.5,30.2,6.0,18220.0,355
2023-05-09 21:12:22,i2401-C-740,i2401-C-740,30.5,0.0,0.0,0.0,10,31.5,32.2,14,33.8,30.2,30.5,30.2,6.0,18220.0,355
2023-05-09 21:12:23,i2401-C-740,i2401-C-740,30.5,0.0,0.0,0.0,20,31.5,32.2,24,33.8,30.2,30.5,30.2,6.0,18220.0,355
2023-05-09 21:12:23,i2401-C-740,i2401-C-740,30.5,0.0,0.0,0.0,40,31.4,32.2,24,33.8,30.2,30.5,30.2,6.0,18220.0,355
2023-05-09 21:12:24,i2401-C-740,i2401-C-740,30.5,0.0,0.0,0.0,20,31.5,32.2,24,33.8,30.2,30.5,30.2,6.0,18220.0,355
2023-05-09 21:12:50,i2401-C-740,i2401-C-740,30.5,0.0,0.0,0.0,20,31.6,32.2,4,33.8,30.2,30.5,30.2,6.0,18220.0,355
2023-05-09 21:12:51,i2401-C-740,i2401-C-740,30.5,0.0,0.0,0.0,10,31.6,32.2,14,33.8,30.2,30.5,30.2,6.0,18220.0,355
2023-05-09 21:12:52,i2401-C-740,i2401-C-740,30.5,0.0,0.0,0.0,20,31.6,32.2,4,33.8,30.2,30.5,30.2,6.0,18220.0,355
2023-05-09 21:12:52,i2401-C-740,i2401-C-740,30.5,0.0,0.0,0.0,30,31.6,32.2,4,33.8,30.2,30.5,30.2,6.0,18220.0,355
2023-05-09 21:12:54,i2401-C-740,i2401-C-740,30.5,0.0,0.0,0.0,10,31.7,32.2,4,33.8,30.2,30.5,30.2,6.0,18220.0,355
2023-05-09 21:12:54,i2401-C-740,i2401-C-740,30.5,0.0,0.0,0.0,10,31.7,32.3,10,33.8,30.2,30.5,30.2,6.0,18220.0,355
2023-05-09 21:12:56,i2401-C-740,i2401-C-740,30.5,0.0,0.0,0.0,10,31.7,32.4,20,33.8,30.2,30.5,30.2,6.0,18220.0,355
2023-05-09 21:12:59,i2401-C-740,i2401-C-740,30.5,0.0,0.0,0.0,20,31.7,32.4,20,33.8,30.2,30.5,30.2,6.0,18220.0,355
2023-05-09 21:13:03,i2401-C-740,i2401-C-740,30.5,0.0,0.0,0.0,30,31.6,32.4,20,33.8,30.2,30.5,30.2,6.0,18220.0,355
2023-05-09 21:13:03,i2401-C-740,i2401-C-740,30.5,0.0,0.0,0.0,30,31.6,32.3,10,33.8,30.2,30.5,30.2,6.0,18220.0,355
2023-05-09 21:13:04,i2401-C-740,i2401-C-740,30.5,0.0,0.0,0.0,30,31.6,32.4,20,33.8,30.2,30.5,30.2,6.0,18220.0,355
2023-05-09 21:13:04,i2401-C-740,i2401-C-740,30.5,0.0,0.0,0.0,30,31.6,32.3,10,33.8,30.2,30.5,30.2,6.0,18220.0,355
2023-05-09 21:13:04,i2401-C-740,i2401-C-740,30.5,0.0,0.0,0.0,20,31.6,32.2,10,33.8,30.2,30.5,30.2,6.0,18220.0,355
2023-05-09 21:13:05,i2401-C-740,i2401-C-740,30.5,0.0,0.0,0.0,10,31.6,32.2,10,33.8,30.2,30.5,30.2,6.0,18220.0,355
2023-05-09 21:13:05,i2401-C-740,i2401-C-740,30.5,0.0,0.0,0.0,20,31.6,32.3,10,33.8,30.2,30.5,30.2,6.0,18220.0,355
2023-05-09 21:13:06,i2401-C-740,i2401-C-740,30.5,0.0,0.0,0.0,10,31.6,32.2,10,33.8,30.2,30.5,30.2,6.0,18220.0,355
2023-05-09 21:13:07,i2401-C-740,i2401-C-740,30.5,0.0,0.0,0.0,20,31.6,32.4,30,33.8,30.2,30.5,30.2,6.0,18220.0,355
2023-05-09 21:13:08,i2401-C-740,i2401-C-740,30.5,0.0,0.0,0.0,20,31.7,32.4,20,33.8,30.2,30.5,30.2,6.0,18220.0,355
2023-05-09 21:13:09,i2401-C-740,i2401-C-740,30.5,0.0,0.0,0.0,10,31.7,32.4,20,33.8,30.2,30.5,30.2,6.0,18220.0,355
2023-05-09 21:13:09,i2401-C-740,i2401-C-740,30.5,0.0,0.0,0.0,20,31.7,32.4,20,33.8,30.2,30.5,30.2,6.0,18220.0,355
2023-05-09 21:13:10,i2401-C-740,i2401-C-740,30.5,0.0,0.0,0.0,10,31.7,32.4,20,33.8,30.2,30.5,30.2,6.0,18220.0,355
2023-05-09 21:13:11,i2401-C-740,i2401-C-740,30.5,0.0,0.0,0.0,20,31.7,32.4,20,33.8,30.2,30.5,30.2,6.0,18220.0,355
2023-05-09 21:13:22,i2401-C-740,i2401-C-740,30.5,0.0,0.0,0.0,10,31.8,32.5,20,33.8,30.2,30.5,30.2,6.0,18220.0,355
2023-05-09 21:13:22,i2401-C-740,i2401-C-740,30.5,0.0,0.0,0.0,20,31.8,32.5,20,33.8,30.2,30.5,30.2,6.0,18220.0,355
2023-05-09 21:13:27,i2401-C-740,i2401-C-740,30.5,0.0,0.0,0.0,30,31.8,32.5,20,33.8,30.2,30.5,30.2,6.0,18220.0,355
2023-05-09 21:13:31,i2401-C-740,i2401-C-740,30.5,0.0,0.0,0.0,20,31.8,32.5,20,33.8,30.2,30.5,30.2,6.0,18220.0,355
2023-05-09 21:13:32,i2401-C-740,i2401-C-740,30.5,0.0,0.0,0.0,20,31.8,32.5,10,33.8,30.2,30.5,30.2,6.0,18220.0,355
2023-05-09 21:13:35,i2401-C-740,i2401-C-740,30.5,0.0,0.0,0.0,10,31.9,32.5,10,33.8,30.2,30.5,30.2,6.0,18220.0,355
2023-05-09 21:13:35,i2401-C-740,i2401-C-740,30.5,0.0,0.0,0.0,10,31.9,32.6,30,33.8,30.2,30.5,30.2,6.0,18220.0,355
2023-05-09 21:13:38,i2401-C-740,i2401-C-740,30.5,0.0,0.0,0.0,20,31.9,32.6,30,33.8,30.2,30.5,30.2,6.0,18220.0,355
2023-05-09 21:13:42,i2401-C-740,i2401-C-740,30.5,0.0,0.0,0.0,10,31.9,32.6,30,33.8,30.2,30.5,30.2,6.0,18220.0,355
2023-05-09 21:13:42,i2401-C-740,i2401-C-740,30.5,0.0,0.0,0.0,20,31.9,32.6,30,33.8,30.2,30.5,30.2,6.0,18220.0,355
2023-05-09 21:13:50,i2401-C-740,i2401-C-740,30.5,0.0,0.0,0.0,30,31.9,32.6,10,33.8,30.2,30.5,30.2,6.0,18220.0,355
2023-05-09 21:13:50,i2401-C-740,i2401-C-740,30.5,0.0,0.0,0.0,20,31.9,32.6,20,33.8,30.2,30.5,30.2,6.0,18220.0,355
2023-05-09 21:13:51,i2401-C-740,i2401-C-740,30.5,0.0,0.0,0.0,10,31.9,32.6,20,33.8,30.2,30.5,30.2,6.0,18220.0,355
2023-05-09 21:13:51,i2401-C-740,i2401-C-740,30.5,0.0,0.0,0.0,20,31.9,32.6,20,33.8,30.2,30.5,30.2,6.0,18220.0,355
2023-05-09 21:13:54,i2401-C-740,i2401-C-740,30.5,0.0,0.0,0.0,10,31.9,32.6,20,33.8,30.2,30.5,30.2,6.0,18220.0,355
2023-05-09 21:14:03,i2401-C-740,i2401-C-740,30.5,0.0,0.0,0.0,10,31.9,32.6,10,33.8,30.2,30.5,30.2,6.0,18220.0,355
2023-05-09 21:14:04,i2401-C-740,i2401-C-740,30.5,0.0,0.0,0.0,10,32.0,32.6,10,33.8,30.2,30.5,30.2,6.0,18220.0,355
2023-05-09 21:14:05,i2401-C-740,i2401-C-740,30.5,0.0,0.0,0.0,10,31.9,32.6,10,33.8,30.2,30.5,30.2,6.0,18220.0,355
2023-05-09 21:14:06,i2401-C-740,i2401-C-740,30.5,0.0,0.0,0.0,20,31.9,32.6,10,33.8,30.2,30.5,30.2,6.0,18220.0,355
2023-05-09 21:14:11,i2401-C-740,i2401-C-740,30.5,0.0,0.0,0.0,10,32.0,32.6,10,33.8,30.2,30.5,30.2,6.0,18220.0,355
2023-05-09 21:14:12,i2401-C-740,i2401-C-740,30.5,0.0,0.0,0.0,20,32.0,32.6,10,33.8,30.2,30.5,30.2,6.0,18220.0,355
2023-05-09 21:14:15,i2401-C-740,i2401-C-740,30.5,0.0,0.0,0.0,10,32.0,32.6,10,33.8,30.2,30.5,30.2,6.0,18220.0,355
2023-05-09 21:14:17,i2401-C-740,i2401-C-740,30.5,0.0,0.0,0.0,20,32.0,32.7,14,33.8,30.2,30.5,30.2,6.0,18220.0,355
2023-05-09 21:14:18,i2401-C-740,i2401-C-740,30.5,0.0,0.0,0.0,10,32.0,32.6,10,33.8,30.2,30.5,30.2,6.0,18220.0,355
2023-05-09 21:14:18,i2401-C-740,i2401-C-740,30.5,0.0,0.0,0.0,20,31.9,32.6,10,33.8,30.2,30.5,30.2,6.0,18220.0,355
2023-05-09 21:14:19,i2401-C-740,i2401-C-740,30.5,0.0,0.0,0.0,10,32.0,32.7,14,33.8,30.2,30.5,30.2,6.0,18220.0,355
2023-05-09 21:14:19,i2401-C-740,i2401-C-740,30.5,0.0,0.0,0.0,20,32.0,32.7,14,33.8,30.2,30.5,30.2,6.0,18220.0,355
2023-05-09 21:14:21,i2401-C-740,i2401-C-740,30.5,0.0,0.0,0.0,10,32.0,32.7,14,33.8,30.2,30.5,30.2,6.0,18220.0,355
2023-05-09 21:14:22,i2401-C-740,i2401-C-740,30.5,0.0,0.0,0.0,20,32.0,32.7,14,33.8,30.2,30.5,30.2,6.0,18220.0,355
2023-05-09 21:14:25,i2401-C-740,i2401-C-740,30.5,0.0,0.0,0.0,20,31.9,32.7,14,33.8,30.2,30.5,30.2,6.0,18220.0,355
2023-05-09 21:14:26,i2401-C-740,i2401-C-740,30.5,0.0,0.0,0.0,20,31.9,32.6,10,33.8,30.2,30.5,30.2,6.0,18220.0,355
2023-05-09 21:14:27,i2401-C-740,i2401-C-740,30.5,0.0,0.0,0.0,20,31.9,32.7,14,33.8,30.2,30.5,30.2,6.0,18220.0,355
2023-05-09 21:14:27,i2401-C-740,i2401-C-740,30.5,0.0,0.0,0.0,30,32.0,32.7,14,33.8,30.2,30.5,30.2,6.0,18220.0,355
2023-05-09 21:14:27,i2401-C-740,i2401-C-740,30.5,0.0,0.0,0.0,20,32.0,32.7,14,33.8,30.2,30.5,30.2,6.0,18220.0,355
2023-05-09 21:14:28,i2401-C-740,i2401-C-740,30.5,0.0,0.0,0.0,20,32.0,32.7,4,33.8,30.2,30.5,30.2,6.0,18220.0,355
2023-05-09 21:14:29,i2401-C-740,i2401-C-740,30.5,0.0,0.0,0.0,20,32.1,32.7,4,33.8,30.2,30.5,30.2,6.0,18220.0,355
2023-05-09 21:14:30,i2401-C-740,i2401-C-740,30.5,0.0,0.0,0.0,10,32.1,32.7,4,33.8,30.2,30.5,30.2,6.0,18220.0,355
2023-05-09 21:14:31,i2401-C-740,i2401-C-740,30.5,0.0,0.0,0.0,30,32.0,32.7,4,33.8,30.2,30.5,30.2,6.0,18220.0,355
2023-05-09 21:14:32,i2401-C-740,i2401-C-740,30.5,0.0,0.0,0.0,30,32.0,32.7,14,33.8,30.2,30.5,30.2,6.0,18220.0,355
2023-05-09 21:14:32,i2401-C-740,i2401-C-740,30.5,0.0,0.0,0.0,20,32.0,32.7,10,33.8,30.2,30.5,30.2,6.0,18220.0,355
2023-05-09 21:14:33,i2401-C-740,i2401-C-740,30.5,0.0,0.0,0.0,10,32.1,32.8,30,33.8,30.2,30.5,30.2,6.0,18220.0,355
2023-05-09 21:14:33,i2401-C-740,i2401-C-740,30.5,0.0,0.0,0.0,20,32.1,32.8,30,33.8,30.2,30.5,30.2,6.0,18220.0,355
2023-05-09 21:14:37,i2401-C-740,i2401-C-740,30.5,0.0,0.0,0.0,10,32.1,32.8,30,33.8,30.2,30.5,30.2,6.0,18220.0,355
2023-05-09 21:14:38,i2401-C-740,i2401-C-740,30.5,0.0,0.0,0.0,20,32.1,32.8,30,33.8,30.2,30.5,30.2,6.0,18220.0,355
2023-05-09 21:14:39,i2401-C-740,i2401-C-740,30.5,0.0,0.0,0.0,30,32.1,32.8,30,33.8,30.2,30.5,30.2,6.0,18220.0,355
2023-05-09 21:14:43,i2401-C-740,i2401-C-740,30.5,0.0,0.0,0.0,20,32.1,32.8,30,33.8,30.2,30.5,30.2,6.0,18220.0,355
2023-05-09 21:14:45,i2401-C-740,i2401-C-740,30.5,0.0,0.0,0.0,10,32.1,32.8,30,33.8,30.2,30.5,30.2,6.0,18220.0,355
2023-05-09 21:14:46,i2401-C-740,i2401-C-740,30.5,0.0,0.0,0.0,20,32.1,32.8,30,33.8,30.2,30.5,30.2,6.0,18220.0,355
2023-05-09 21:14:47,i2401-C-740,i2401-C-740,30.5,0.0,0.0,0.0,10,32.1,32.7,10,33.8,30.2,30.5,30.2,6.0,18220.0,355
2023-05-09 21:14:48,i2401-C-740,i2401-C-740,30.5,0.0,0.0,0.0,20,32.0,32.7,10,33.8,30.2,30.5,30.2,6.0,18220.0,355
2023-05-09 21:14:48,i2401-C-740,i2401-C-740,30.5,0.0,0.0,0.0,30,31.9,32.5,10,33.8,30.2,30.5,30.2,6.0,18220.0,355
2023-05-09 21:14:49,i2401-C-740,i2401-C-740,30.5,0.0,0.0,0.0,10,32.0,32.7,20,33.8,30.2,30.5,30.2,6.0,18220.0,355
2023-05-09 21:14:52,i2401-C-740,i2401-C-740,30.5,0.0,0.0,0.0,40,31.9,32.6,10,33.8,30.2,30.5,30.2,6.0,18220.0,355
2023-05-09 21:14:52,i2401-C-740,i2401-C-740,30.5,0.0,0.0,0.0,40,31.9,32.7,20,33.8,30.2,30.5,30.2,6.0,18220.0,355
2023-05-09 21:14:55,i2401-C-740,i2401-C-740,30.5,0.0,0.0,0.0,10,32.0,32.7,20,33.8,30.2,30.5,30.2,6.0,18220.0,355
2023-05-09 21:14:55,i2401-C-740,i2401-C-740,30.5,0.0,0.0,0.0,20,32.0,32.7,20,33.8,30.2,30.5,30.2,6.0,18220.0,355
2023-05-09 21:14:56,i2401-C-740,i2401-C-740,30.5,0.0,0.0,0.0,40,31.9,32.6,10,33.8,30.2,30.5,30.2,6.0,18220.0,355
2023-05-09 21:14:58,i2401-C-740,i2401-C-740,30.5,0.0,0.0,0.0,40,31.9,32.7,20,33.8,30.2,30.5,30.2,6.0,18220.0,355
2023-05-09 21:14:59,i2401-C-740,i2401-C-740,30.5,0.0,0.0,0.0,40,31.9,32.6,10,33.8,30.2,30.5,30.2,6.0,18220.0,355
2023-05-09 21:14:59,i2401-C-740,i2401-C-740,30.5,0.0,0.0,0.0,40,31.9,32.7,20,33.8,30.2,30.5,30.2,6.0,18220.0,355
2023-05-09 21:15:01,i2401-C-740,i2401-C-740,30.5,0.0,0.0,0.0,10,32.0,32.7,20,33.8,30.2,30.5,30.2,6.0,18220.0,355
2023-05-09 21:15:07,i2401-C-740,i2401-C-740,30.5,0.0,0.0,0.0,10,32.1,32.8,30,33.8,30.2,30.5,30.2,6.0,18220.0,355
2023-05-09 21:15:07,i2401-C-740,i2401-C-740,30.5,0.0,0.0,0.0,10,32.1,32.8,20,33.8,30.2,30.5,30.2,6.0,18220.0,355
2023-05-09 21:15:08,i2401-C-740,i2401-C-740,30.5,0.0,0.0,0.0,10,32.1,32.8,10,33.8,30.2,30.5,30.2,6.0,18220.0,355
2023-05-09 21:15:09,i2401-C-740,i2401-C-740,30.5,0.0,0.0,0.0,10,32.2,32.8,10,33.8,30.2,30.5,30.2,6.0,18220.0,355
2023-05-09 21:15:10,i2401-C-740,i2401-C-740,30.5,0.0,0.0,0.0,10,32.2,32.8,20,33.8,30.2,30.5,30.2,6.0,18220.0,355
2023-05-09 21:15:10,i2401-C-740,i2401-C-740,30.5,0.0,0.0,0.0,10,32.1,32.8,30,33.8,30.2,30.5,30.2,6.0,18220.0,355
2023-05-09 21:15:12,i2401-C-740,i2401-C-740,30.5,0.0,0.0,0.0,10,32.1,32.8,20,33.8,30.2,30.5,30.2,6.0,18220.0,355
2023-05-09 21:15:12,i2401-C-740,i2401-C-740,30.5,0.0,0.0,0.0,10,32.1,32.8,30,33.8,30.2,30.5,30.2,6.0,18220.0,355
2023-05-09 21:15:14,i2401-C-740,i2401-C-740,30.5,0.0,0.0,0.0,10,32.0,32.8,30,33.8,30.2,30.5,30.2,6.0,18220.0,355
2023-05-09 21:15:15,i2401-C-740,i2401-C-740,30.5,0.0,0.0,0.0,10,32.1,32.8,30,33.8,30.2,30.5,30.2,6.0,18220.0,355
2023-05-09 21:15:20,i2401-C-740,i2401-C-740,30.5,0.0,0.0,0.0,10,32.1,32.7,10,33.8,30.2,30.5,30.2,6.0,18220.0,355
2023-05-09 21:15:27,i2401-C-740,i2401-C-740,30.5,0.0,0.0,0.0,10,32.1,32.8,30,33.8,30.2,30.5,30.2,6.0,18220.0,355
2023-05-09 21:15:29,i2401-C-740,i2401-C-740,30.5,0.0,0.0,0.0,10,32.2,32.9,10,33.8,30.2,30.5,30.2,6.0,18220.0,355
2023-05-09 21:15:31,i2401-C-740,i2401-C-740,30.5,0.0,0.0,0.0,20,32.2,32.9,10,33.8,30.2,30.5,30.2,6.0,18220.0,355
2023-05-09 21:15:43,i2401-C-740,i2401-C-740,30.5,0.0,0.0,0.0,10,32.2,32.9,10,33.8,30.2,30.5,30.2,6.0,18220.0,355
2023-05-09 21:15:49,i2401-C-740,i2401-C-740,30.5,0.0,0.0,0.0,20,32.1,32.9,10,33.8,30.2,30.5,30.2,6.0,18220.0,355
2023-05-09 21:15:50,i2401-C-740,i2401-C-740,30.5,0.0,0.0,0.0,10,32.2,32.9,10,33.8,30.2,30.5,30.2,6.0,18220.0,355
2023-05-09 21:15:53,i2401-C-740,i2401-C-740,30.5,0.0,0.0,0.0,20,32.1,32.9,10,33.8,30.2,30.5,30.2,6.0,18220.0,355
2023-05-09 21:15:53,i2401-C-740,i2401-C-740,30.5,0.0,0.0,0.0,20,32.1,32.8,10,33.8,30.2,30.5,30.2,6.0,18220.0,355
2023-05-09 21:15:54,i2401-C-740,i2401-C-740,30.5,0.0,0.0,0.0,10,32.1,32.7,10,33.8,30.2,30.5,30.2,6.0,18220.0,355
2023-05-09 21:15:54,i2401-C-740,i2401-C-740,30.5,0.0,0.0,0.0,20,32.1,32.8,20,33.8,30.2,30.5,30.2,6.0,18220.0,355
2023-05-09 21:16:00,i2401-C-740,i2401-C-740,30.5,0.0,0.0,0.0,10,32.1,32.8,20,33.8,30.2,30.5,30.2,6.0,18220.0,355
2023-05-09 21:16:01,i2401-C-740,i2401-C-740,30.5,0.0,0.0,0.0,24,32.0,32.7,10,33.8,30.2,30.5,30.2,6.0,18220.0,355
2023-05-09 21:16:02,i2401-C-740,i2401-C-740,30.5,0.0,0.0,0.0,14,32.0,32.6,10,33.8,30.2,30.5,30.2,6.0,18220.0,355
2023-05-09 21:16:03,i2401-C-740,i2401-C-740,30.5,0.0,0.0,0.0,4,32.0,32.5,10,33.8,30.2,30.5,30.2,6.0,18220.0,355
2023-05-09 21:16:03,i2401-C-740,i2401-C-740,30.5,0.0,0.0,0.0,4,32.0,32.6,10,33.8,30.2,30.5,30.2,6.0,18220.0,355
2023-05-09 21:16:06,i2401-C-740,i2401-C-740,30.5,0.0,0.0,0.0,4,32.0,32.7,10,33.8,30.2,30.5,30.2,6.0,18220.0,355
2023-05-09 21:16:07,i2401-C-740,i2401-C-740,30.5,0.0,0.0,0.0,24,32.0,32.7,10,33.8,30.2,30.5,30.2,6.0,18220.0,355
2023-05-09 21:16:08,i2401-C-740,i2401-C-740,30.5,0.0,0.0,0.0,14,32.0,32.6,10,33.8,30.2,30.5,30.2,6.0,18220.0,355
2023-05-09 21:16:08,i2401-C-740,i2401-C-740,30.5,0.0,0.0,0.0,14,32.0,32.7,10,33.8,30.2,30.5,30.2,6.0,18220.0,355
2023-05-09 21:16:13,i2401-C-740,i2401-C-740,30.5,0.0,0.0,0.0,24,32.0,32.7,10,33.8,30.2,30.5,30.2,6.0,18220.0,355
2023-05-09 21:16:14,i2401-C-740,i2401-C-740,30.5,0.0,0.0,0.0,14,32.0,32.7,10,33.8,30.2,30.5,30.2,6.0,18220.0,355
2023-05-09 21:16:17,i2401-C-740,i2401-C-740,30.5,0.0,0.0,0.0,14,32.0,32.6,10,33.8,30.2,30.5,30.2,6.0,18220.0,355
2023-05-09 21:16:19,i2401-C-740,i2401-C-740,30.5,0.0,0.0,0.0,14,32.0,32.7,10,33.8,30.2,30.5,30.2,6.0,18220.0,355
2023-05-09 21:16:19,i2401-C-740,i2401-C-740,30.5,0.0,0.0,0.0,14,32.0,32.6,10,33.8,30.2,30.5,30.2,6.0,18220.0,355
2023-05-09 21:16:20,i2401-C-740,i2401-C-740,30.5,0.0,0.0,0.0,4,32.0,32.6,10,33.8,30.2,30.5,30.2,6.0,18220.0,355
2023-05-09 21:16:22,i2401-C-740,i2401-C-740,30.5,0.0,0.0,0.0,14,32.0,32.7,10,33.8,30.2,30.5,30.2,6.0,18220.0,355
2023-05-09 21:16:25,i2401-C-740,i2401-C-740,30.5,0.0,0.0,0.0,14,32.0,32.8,50,33.8,30.2,30.5,30.2,6.0,18220.0,355
2023-05-09 21:16:26,i2401-C-740,i2401-C-740,30.5,0.0,0.0,0.0,14,32.0,32.7,10,33.8,30.2,30.5,30.2,6.0,18220.0,355
2023-05-09 21:16:40,i2401-C-740,i2401-C-740,30.5,0.0,0.0,0.0,10,32.1,32.7,10,33.8,30.2,30.5,30.2,6.0,18220.0,355
2023-05-09 21:16:41,i2401-C-740,i2401-C-740,30.5,0.0,0.0,0.0,14,32.0,32.7,10,33.8,30.2,30.5,30.2,6.0,18220.0,355
2023-05-09 21:16:42,i2401-C-740,i2401-C-740,30.5,0.0,0.0,0.0,10,32.1,32.7,10,33.8,30.2,30.5,30.2,6.0,18220.0,355
2023-05-09 21:16:42,i2401-C-740,i2401-C-740,30.5,0.0,0.0,0.0,14,32.0,32.7,10,33.8,30.2,30.5,30.2,6.0,18220.0,355
2023-05-09 21:17:01,i2401-C-740,i2401-C-740,30.5,0.0,0.0,0.0,14,32.0,32.6,10,33.8,30.2,30.5,30.2,6.0,18220.0,355
2023-05-09 21:17:01,i2401-C-740,i2401-C-740,30.5,0.0,0.0,0.0,14,32.0,32.7,10,33.8,30.2,30.5,30.2,6.0,18220.0,355
2023-05-09 21:17:03,i2401-C-740,i2401-C-740,30.5,0.0,0.0,0.0,4,32.0,32.5,10,33.8,30.2,30.5,30.2,6.0,18220.0,355
2023-05-09 21:17:10,i2401-C-740,i2401-C-740,30.5,0.0,0.0,0.0,14,32.0,32.6,10,33.8,30.2,30.5,30.2,6.0,18220.0,355
2023-05-09 21:17:10,i2401-C-740,i2401-C-740,30.5,0.0,0.0,0.0,14,32.0,32.7,10,33.8,30.2,30.5,30.2,6.0,18220.0,355
2023-05-09 21:17:32,i2401-C-740,i2401-C-740,30.5,0.0,0.0,0.0,4,32.0,32.5,10,33.8,30.2,30.5,30.2,6.0,18220.0,355
2023-05-09 21:17:38,i2401-C-740,i2401-C-740,30.5,0.0,0.0,0.0,4,32.0,32.6,20,33.8,30.2,30.5,30.2,6.0,18220.0,355
2023-05-09 21:17:40,i2401-C-740,i2401-C-740,30.5,0.0,0.0,0.0,4,32.0,32.6,10,33.8,30.2,30.5,30.2,6.0,18220.0,355
2023-05-09 21:17:40,i2401-C-740,i2401-C-740,30.5,0.0,0.0,0.0,14,32.0,32.6,10,33.8,30.2,30.5,30.2,6.0,18220.0,355
2023-05-09 21:17:41,i2401-C-740,i2401-C-740,30.5,0.0,0.0,0.0,14,32.0,32.7,20,33.8,30.2,30.5,30.2,6.0,18220.0,355
2023-05-09 21:17:42,i2401-C-740,i2401-C-740,30.5,0.0,0.0,0.0,14,32.0,32.6,10,33.8,30.2,30.5,30.2,6.0,18220.0,355
2023-05-09 21:17:45,i2401-C-740,i2401-C-740,30.5,0.0,0.0,0.0,4,32.0,32.6,10,33.8,30.2,30.5,30.2,6.0,18220.0,355
2023-05-09 21:17:47,i2401-C-740,i2401-C-740,30.5,0.0,0.0,0.0,14,32.0,32.6,10,33.8,30.2,30.5,30.2,6.0,18220.0,355
2023-05-09 21:17:49,i2401-C-740,i2401-C-740,30.5,0.0,0.0,0.0,4,32.0,32.6,10,33.8,30.2,30.5,30.2,6.0,18220.0,355
2023-05-09 21:17:49,i2401-C-740,i2401-C-740,30.5,0.0,0.0,0.0,14,32.0,32.6,10,33.8,30.2,30.5,30.2,6.0,18220.0,355
2023-05-09 21:17:52,i2401-C-740,i2401-C-740,30.5,0.0,0.0,0.0,4,32.0,32.6,10,33.8,30.2,30.5,30.2,6.0,18220.0,355
2023-05-09 21:17:54,i2401-C-740,i2401-C-740,30.5,0.0,0.0,0.0,4,32.0,32.5,10,33.8,30.2,30.5,30.2,6.0,18220.0,355
2023-05-09 21:17:57,i2401-C-740,i2401-C-740,30.5,0.0,0.0,0.0,4,32.0,32.6,10,33.8,30.2,30.5,30.2,6.0,18220.0,355
2023-05-09 21:17:59,i2401-C-740,i2401-C-740,30.5,0.0,0.0,0.0,4,32.0,32.5,10,33.8,30.2,30.5,30.2,6.0,18220.0,355
2023-05-09 21:18:01,i2401-C-740,i2401-C-740,30.5,0.0,0.0,0.0,4,32.0,32.6,10,33.8,30.2,30.5,30.2,6.0,18220.0,355
2023-05-09 21:18:09,i2401-C-740,i2401-C-740,30.5,0.0,0.0,0.0,4,32.0,32.5,10,33.8,30.2,30.5,30.2,6.0,18220.0,355
2023-05-09 21:18:34,i2401-C-740,i2401-C-740,30.5,0.0,0.0,0.0,4,32.0,32.6,10,33.8,30.2,30.5,30.2,6.0,18220.0,355
2023-05-09 21:18:39,i2401-C-740,i2401-C-740,30.5,0.0,0.0,0.0,4,32.0,32.5,10,33.8,30.2,30.5,30.2,6.0,18220.0,355
2023-05-09 21:18:40,i2401-C-740,i2401-C-740,30.5,0.0,0.0,0.0,4,32.0,32.6,10,33.8,30.2,30.5,30.2,6.0,18220.0,355
2023-05-09 21:19:05,i2401-C-740,i2401-C-740,30.5,0.0,0.0,0.0,4,32.0,32.5,10,33.8,30.2,30.5,30.2,6.0,18220.0,355
2023-05-09 21:19:06,i2401-C-740,i2401-C-740,30.5,0.0,0.0,0.0,4,32.0,32.6,10,33.8,30.2,30.5,30.2,6.0,18220.0,355
2023-05-09 21:19:14,i2401-C-740,i2401-C-740,30.5,0.0,0.0,0.0,4,32.0,32.5,10,33.8,30.2,30.5,30.2,6.0,18220.0,355
2023-05-09 21:19:18,i2401-C-740,i2401-C-740,30.5,0.0,0.0,0.0,4,32.0,32.6,10,33.8,30.2,30.5,30.2,6.0,18220.0,355
2023-05-09 21:19:19,i2401-C-740,i2401-C-740,30.5,0.0,0.0,0.0,4,32.0,32.5,10,33.8,30.2,30.5,30.2,6.0,18220.0,355
2023-05-09 21:19:23,i2401-C-740,i2401-C-740,30.5,0.0,0.0,0.0,4,32.0,32.6,10,33.8,30.2,30.5,30.2,6.0,18220.0,355
2023-05-09 21:19:24,i2401-C-740,i2401-C-740,30.5,0.0,0.0,0.0,4,32.0,32.5,10,33.8,30.2,30.5,30.2,6.0,18220.0,355
2023-05-09 21:19:26,i2401-C-740,i2401-C-740,30.5,0.0,0.0,0.0,4,32.0,32.6,10,33.8,30.2,30.5,30.2,6.0,18220.0,355
2023-05-09 21:19:28,i2401-C-740,i2401-C-740,30.5,0.0,0.0,0.0,10,31.9,32.6,10,33.8,30.2,30.5,30.2,6.0,18220.0,355
2023-05-09 21:19:29,i2401-C-740,i2401-C-740,30.5,0.0,0.0,0.0,30,31.8,32.5,10,33.8,30.2,30.5,30.2,6.0,18220.0,355
2023-05-09 21:19:33,i2401-C-740,i2401-C-740,30.5,0.0,0.0,0.0,10,31.9,32.6,10,33.8,30.2,30.5,30.2,6.0,18220.0,355
2023-05-09 21:19:33,i2401-C-740,i2401-C-740,30.5,0.0,0.0,0.0,20,31.9,32.6,10,33.8,30.2,30.5,30.2,6.0,18220.0,355
2023-05-09 21:19:46,i2401-C-740,i2401-C-740,30.5,0.0,0.0,0.0,20,31.9,32.5,10,33.8,30.2,30.5,30.2,6.0,18220.0,355
2023-05-09 21:19:50,i2401-C-740,i2401-C-740,30.5,0.0,0.0,0.0,10,31.9,32.5,10,33.8,30.2,30.5,30.2,6.0,18220.0,355
2023-05-09 21:19:52,i2401-C-740,i2401-C-740,30.5,0.0,0.0,0.0,20,31.8,32.4,10,33.8,30.2,30.5,30.2,6.0,18220.0,355
2023-05-09 21:19:53,i2401-C-740,i2401-C-740,30.5,0.0,0.0,0.0,30,31.8,32.4,10,33.8,30.2,30.5,30.2,6.0,18220.0,355
2023-05-09 21:19:55,i2401-C-740,i2401-C-740,30.5,0.0,0.0,0.0,40,31.8,32.5,10,33.8,30.2,30.5,30.2,6.0,18220.0,355
2023-05-09 21:19:56,i2401-C-740,i2401-C-740,30.5,0.0,0.0,0.0,40,31.8,32.4,10,33.8,30.2,30.5,30.2,6.0,18220.0,355
2023-05-09 21:19:57,i2401-C-740,i2401-C-740,30.5,0.0,0.0,0.0,30,31.8,32.4,10,33.8,30.2,30.5,30.2,6.0,18220.0,355
2023-05-09 21:19:57,i2401-C-740,i2401-C-740,30.5,0.0,0.0,0.0,40,31.8,32.4,10,33.8,30.2,30.5,30.2,6.0,18220.0,355
2023-05-09 21:19:57,i2401-C-740,i2401-C-740,30.5,0.0,0.0,0.0,40,31.8,32.5,10,33.8,30.2,30.5,30.2,6.0,18220.0,355
2023-05-09 21:19:58,i2401-C-740,i2401-C-740,30.5,0.0,0.0,0.0,30,31.8,32.4,10,33.8,30.2,30.5,30.2,6.0,18220.0,355
2023-05-09 21:19:59,i2401-C-740,i2401-C-740,30.5,0.0,0.0,0.0,40,31.8,32.5,10,33.8,30.2,30.5,30.2,6.0,18220.0,355
2023-05-09 21:20:02,i2401-C-740,i2401-C-740,30.5,0.0,0.0,0.0,40,31.8,32.4,10,33.8,30.2,30.5,30.2,6.0,18220.0,355
2023-05-09 21:20:02,i2401-C-740,i2401-C-740,30.5,0.0,0.0,0.0,30,31.8,32.4,10,33.8,30.2,30.5,30.2,6.0,18220.0,355
2023-05-09 21:20:03,i2401-C-740,i2401-C-740,30.5,0.0,0.0,0.0,10,31.8,32.4,10,33.8,30.2,30.5,30.2,6.0,18220.0,355
2023-05-09 21:20:04,i2401-C-740,i2401-C-740,30.5,0.0,0.0,0.0,20,31.8,32.4,10,33.8,30.2,30.5,30.2,6.0,18220.0,355
2023-05-09 21:20:06,i2401-C-740,i2401-C-740,30.5,0.0,0.0,0.0,40,31.8,32.4,10,33.8,30.2,30.5,30.2,6.0,18220.0,355
2023-05-09 21:20:07,i2401-C-740,i2401-C-740,30.5,0.0,0.0,0.0,10,31.9,32.5,10,33.8,30.2,30.5,30.2,6.0,18220.0,355
2023-05-09 21:20:07,i2401-C-740,i2401-C-740,30.5,0.0,0.0,0.0,10,31.9,32.6,10,33.8,30.2,30.5,30.2,6.0,18220.0,355
2023-05-09 21:20:08,i2401-C-740,i2401-C-740,30.5,0.0,0.0,0.0,10,31.9,32.5,10,33.8,30.2,30.5,30.2,6.0,18220.0,355
2023-05-09 21:20:09,i2401-C-740,i2401-C-740,30.5,0.0,0.0,0.0,10,31.9,32.6,10,33.8,30.2,30.5,30.2,6.0,18220.0,355
2023-05-09 21:20:09,i2401-C-740,i2401-C-740,30.5,0.0,0.0,0.0,20,31.9,32.6,10,33.8,30.2,30.5,30.2,6.0,18220.0,355
2023-05-09 21:20:12,i2401-C-740,i2401-C-740,30.5,0.0,0.0,0.0,24,31.9,32.6,10,33.8,30.2,30.5,30.2,6.0,18220.0,355
2023-05-09 21:20:12,i2401-C-740,i2401-C-740,30.5,0.0,0.0,0.0,10,32.0,32.6,10,33.8,30.2,30.5,30.2,6.0,18220.0,355
2023-05-09 21:20:15,i2401-C-740,i2401-C-740,30.5,0.0,0.0,0.0,20,32.0,32.6,10,33.8,30.2,30.5,30.2,6.0,18220.0,355
2023-05-09 21:20:15,i2401-C-740,i2401-C-740,30.5,0.0,0.0,0.0,20,32.0,32.7,20,33.8,30.2,30.5,30.2,6.0,18220.0,355
2023-05-09 21:20:16,i2401-C-740,i2401-C-740,30.5,0.0,0.0,0.0,10,32.1,32.7,10,33.8,30.2,30.5,30.2,6.0,18220.0,355
2023-05-09 21:20:17,i2401-C-740,i2401-C-740,30.5,0.0,0.0,0.0,40,32.0,32.7,10,33.8,30.2,30.5,30.2,6.0,18220.0,355
2023-05-09 21:20:17,i2401-C-740,i2401-C-740,30.5,0.0,0.0,0.0,20,32.1,32.7,10,33.8,30.2,30.5,30.2,6.0,18220.0,355
2023-05-09 21:20:19,i2401-C-740,i2401-C-740,30.5,0.0,0.0,0.0,10,32.1,32.7,10,33.8,30.2,30.5,30.2,6.0,18220.0,355
2023-05-09 21:20:19,i2401-C-740,i2401-C-740,30.5,0.0,0.0,0.0,20,32.1,32.7,10,33.8,30.2,30.5,30.2,6.0,18220.0,355
2023-05-09 21:20:20,i2401-C-740,i2401-C-740,30.5,0.0,0.0,0.0,10,32.1,32.7,10,33.8,30.2,30.5,30.2,6.0,18220.0,355
2023-05-09 21:20:21,i2401-C-740,i2401-C-740,30.5,0.0,0.0,0.0,20,32.1,32.7,10,33.8,30.2,30.5,30.2,6.0,18220.0,355
2023-05-09 21:20:22,i2401-C-740,i2401-C-740,30.5,0.0,0.0,0.0,20,32.1,32.8,20,33.8,30.2,30.5,30.2,6.0,18220.0,355
2023-05-09 21:20:22,i2401-C-740,i2401-C-740,30.5,0.0,0.0,0.0,20,32.1,32.8,10,33.8,30.2,30.5,30.2,6.0,18220.0,355
2023-05-09 21:20:26,i2401-C-740,i2401-C-740,30.5,0.0,0.0,0.0,10,32.2,32.9,10,33.8,30.2,30.5,30.2,6.0,18220.0,355
2023-05-09 21:20:28,i2401-C-740,i2401-C-740,30.5,0.0,0.0,0.0,20,32.2,32.9,10,33.8,30.2,30.5,30.2,6.0,18220.0,355
2023-05-09 21:20:28,i2401-C-740,i2401-C-740,30.5,0.0,0.0,0.0,10,32.3,32.9,10,33.8,30.2,30.5,30.2,6.0,18220.0,355
2023-05-09 21:20:30,i2401-C-740,i2401-C-740,30.5,0.0,0.0,0.0,10,32.3,33.0,30,33.8,30.2,30.5,30.2,6.0,18220.0,355
2023-05-09 21:20:31,i2401-C-740,i2401-C-740,30.5,0.0,0.0,0.0,10,32.3,32.9,10,33.8,30.2,30.5,30.2,6.0,18220.0,355
2023-05-09 21:20:37,i2401-C-740,i2401-C-740,30.5,0.0,0.0,0.0,20,32.3,32.9,10,33.8,30.2,30.5,30.2,6.0,18220.0,355
2023-05-09 21:20:48,i2401-C-740,i2401-C-740,30.5,0.0,0.0,0.0,10,32.3,32.9,10,33.8,30.2,30.5,30.2,6.0,18220.0,355
2023-05-09 21:20:50,i2401-C-740,i2401-C-740,30.5,0.0,0.0,0.0,20,32.3,32.9,10,33.8,30.2,30.5,30.2,6.0,18220.0,355
2023-05-09 21:20:53,i2401-C-740,i2401-C-740,30.5,0.0,0.0,0.0,20,32.3,33.0,20,33.8,30.2,30.5,30.2,6.0,18220.0,355
2023-05-09 21:20:53,i2401-C-740,i2401-C-740,30.5,0.0,0.0,0.0,20,32.3,32.9,10,33.8,30.2,30.5,30.2,6.0,18220.0,355
2023-05-09 21:21:04,i2401-C-740,i2401-C-740,30.5,0.0,0.0,0.0,10,32.3,32.9,10,33.8,30.2,30.5,30.2,6.0,18220.0,355
2023-05-09 21:21:04,i2401-C-740,i2401-C-740,30.5,0.0,0.0,0.0,10,32.2,32.7,10,33.8,30.2,30.5,30.2,6.0,18220.0,355
2023-05-09 21:21:05,i2401-C-740,i2401-C-740,30.5,0.0,0.0,0.0,10,32.2,32.8,10,33.8,30.2,30.5,30.2,6.0,18220.0,355
2023-05-09 21:21:16,i2401-C-740,i2401-C-740,30.5,0.0,0.0,0.0,20,32.2,32.8,10,33.8,30.2,30.5,30.2,6.0,18220.0,355
2023-05-09 21:21:26,i2401-C-740,i2401-C-740,30.5,0.0,0.0,0.0,20,32.2,32.7,10,33.8,30.2,30.5,30.2,6.0,18220.0,355
2023-05-09 21:21:29,i2401-C-740,i2401-C-740,30.5,0.0,0.0,0.0,20,32.2,32.8,10,33.8,30.2,30.5,30.2,6.0,18220.0,355
2023-05-09 21:21:30,i2401-C-740,i2401-C-740,30.5,0.0,0.0,0.0,20,32.2,32.7,10,33.8,30.2,30.5,30.2,6.0,18220.0,355
2023-05-09 21:21:31,i2401-C-740,i2401-C-740,30.5,0.0,0.0,0.0,20,32.2,32.8,10,33.8,30.2,30.5,30.2,6.0,18220.0,355
2023-05-09 21:21:32,i2401-C-740,i2401-C-740,30.5,0.0,0.0,0.0,30,32.2,32.9,10,33.8,30.2,30.5,30.2,6.0,18220.0,355
2023-05-09 21:21:33,i2401-C-740,i2401-C-740,30.5,0.0,0.0,0.0,20,32.2,32.8,10,33.8,30.2,30.5,30.2,6.0,18220.0,355
2023-05-09 21:21:36,i2401-C-740,i2401-C-740,30.5,0.0,0.0,0.0,20,32.2,32.7,10,33.8,30.2,30.5,30.2,6.0,18220.0,355
2023-05-09 21:21:40,i2401-C-740,i2401-C-740,30.5,0.0,0.0,0.0,30,32.2,32.7,10,33.8,30.2,30.5,30.2,6.0,18220.0,355
2023-05-09 21:21:41,i2401-C-740,i2401-C-740,30.5,0.0,0.0,0.0,10,32.3,33.0,20,33.8,30.2,30.5,30.2,6.0,18220.0,355
2023-05-09 21:21:42,i2401-C-740,i2401-C-740,30.5,0.0,0.0,0.0,10,32.4,32.9,10,33.8,30.2,30.5,30.2,6.0,18220.0,355
2023-05-09 21:21:46,i2401-C-740,i2401-C-740,30.5,0.0,0.0,0.0,40,32.2,32.8,10,33.8,30.2,30.5,30.2,6.0,18220.0,355
2023-05-09 21:21:46,i2401-C-740,i2401-C-740,30.5,0.0,0.0,0.0,40,32.2,32.9,10,33.8,30.2,30.5,30.2,6.0,18220.0,355
2023-05-09 21:21:47,i2401-C-740,i2401-C-740,30.5,0.0,0.0,0.0,40,32.2,32.8,10,33.8,30.2,30.5,30.2,6.0,18220.0,355
2023-05-09 21:21:47,i2401-C-740,i2401-C-740,30.5,0.0,0.0,0.0,30,32.2,32.8,10,33.8,30.2,30.5,30.2,6.0,18220.0,355
2023-05-09 21:21:47,i2401-C-740,i2401-C-740,30.5,0.0,0.0,0.0,40,32.2,32.8,10,33.8,30.2,30.5,30.2,6.0,18220.0,355
2023-05-09 21:21:50,i2401-C-740,i2401-C-740,30.5,0.0,0.0,0.0,40,32.2,32.9,10,33.8,30.2,30.5,30.2,6.0,18220.0,355
2023-05-09 21:21:51,i2401-C-740,i2401-C-740,30.5,0.0,0.0,0.0,40,32.2,32.8,10,33.8,30.2,30.5,30.2,6.0,18220.0,355
2023-05-09 21:21:54,i2401-C-740,i2401-C-740,30.5,0.0,0.0,0.0,30,32.2,32.8,10,33.8,30.2,30.5,30.2,6.0,18220.0,355
2023-05-09 21:21:56,i2401-C-740,i2401-C-740,30.5,0.0,0.0,0.0,30,32.2,32.7,10,33.8,30.2,30.5,30.2,6.0,18220.0,355
2023-05-09 21:21:59,i2401-C-740,i2401-C-740,30.5,0.0,0.0,0.0,30,32.2,32.8,10,33.8,30.2,30.5,30.2,6.0,18220.0,355
2023-05-09 21:22:02,i2401-C-740,i2401-C-740,30.5,0.0,0.0,0.0,30,32.2,32.7,10,33.8,30.2,30.5,30.2,6.0,18220.0,355
2023-05-09 21:22:03,i2401-C-740,i2401-C-740,30.5,0.0,0.0,0.0,10,32.2,32.6,10,33.8,30.2,30.5,30.2,6.0,18220.0,355
2023-05-09 21:22:04,i2401-C-740,i2401-C-740,30.5,0.0,0.0,0.0,10,32.1,32.6,10,33.8,30.2,30.5,30.2,6.0,18220.0,355
2023-05-09 21:22:06,i2401-C-740,i2401-C-740,30.5,0.0,0.0,0.0,20,32.1,32.7,10,33.8,30.2,30.5,30.2,6.0,18220.0,355
2023-05-09 21:22:07,i2401-C-740,i2401-C-740,30.5,0.0,0.0,0.0,20,32.1,32.6,10,33.8,30.2,30.5,30.2,6.0,18220.0,355
2023-05-09 21:22:08,i2401-C-740,i2401-C-740,30.5,0.0,0.0,0.0,20,32.1,32.7,10,33.8,30.2,30.5,30.2,6.0,18220.0,355
2023-05-09 21:22:10,i2401-C-740,i2401-C-740,30.5,0.0,0.0,0.0,30,32.0,32.7,10,33.8,30.2,30.5,30.2,6.0,18220.0,355
2023-05-09 21:22:11,i2401-C-740,i2401-C-740,30.5,0.0,0.0,0.0,30,32.0,32.6,10,33.8,30.2,30.5,30.2,6.0,18220.0,355
2023-05-09 21:22:12,i2401-C-740,i2401-C-740,30.5,0.0,0.0,0.0,54,31.9,32.6,10,33.8,30.2,30.5,30.2,6.0,18220.0,355
2023-05-09 21:22:13,i2401-C-740,i2401-C-740,30.5,0.0,0.0,0.0,34,31.9,32.5,10,33.8,30.2,30.5,30.2,6.0,18220.0,355
2023-05-09 21:22:15,i2401-C-740,i2401-C-740,30.5,0.0,0.0,0.0,44,31.9,32.5,10,33.8,30.2,30.5,30.2,6.0,18220.0,355
2023-05-09 21:22:15,i2401-C-740,i2401-C-740,30.5,0.0,0.0,0.0,44,31.9,32.6,10,33.8,30.2,30.5,30.2,6.0,18220.0,355
2023-05-09 21:22:15,i2401-C-740,i2401-C-740,30.5,0.0,0.0,0.0,34,31.9,32.6,10,33.8,30.2,30.5,30.2,6.0,18220.0,355
2023-05-09 21:22:20,i2401-C-740,i2401-C-740,30.5,0.0,0.0,0.0,34,31.9,32.5,10,33.8,30.2,30.5,30.2,6.0,18220.0,355
2023-05-09 21:22:21,i2401-C-740,i2401-C-740,30.5,0.0,0.0,0.0,34,31.9,32.6,10,33.8,30.2,30.5,30.2,6.0,18220.0,355
2023-05-09 21:22:22,i2401-C-740,i2401-C-740,30.5,0.0,0.0,0.0,10,32.0,32.6,10,33.8,30.2,30.5,30.2,6.0,18220.0,355
2023-05-09 21:22:23,i2401-C-740,i2401-C-740,30.5,0.0,0.0,0.0,44,31.9,32.6,10,33.8,30.2,30.5,30.2,6.0,18220.0,355
2023-05-09 21:22:24,i2401-C-740,i2401-C-740,30.5,0.0,0.0,0.0,44,31.9,32.5,10,33.8,30.2,30.5,30.2,6.0,18220.0,355
2023-05-09 21:22:25,i2401-C-740,i2401-C-740,30.5,0.0,0.0,0.0,54,31.9,32.6,10,33.8,30.2,30.5,30.2,6.0,18220.0,355
2023-05-09 21:22:25,i2401-C-740,i2401-C-740,30.5,0.0,0.0,0.0,34,31.9,32.6,10,33.8,30.2,30.5,30.2,6.0,18220.0,355
2023-05-09 21:22:26,i2401-C-740,i2401-C-740,30.5,0.0,0.0,0.0,10,32.0,32.6,10,33.8,30.2,30.5,30.2,6.0,18220.0,355
2023-05-09 21:22:27,i2401-C-740,i2401-C-740,30.5,0.0,0.0,0.0,44,31.9,32.6,10,33.8,30.2,30.5,30.2,6.0,18220.0,355
2023-05-09 21:22:27,i2401-C-740,i2401-C-740,30.5,0.0,0.0,0.0,34,31.9,32.6,10,33.8,30.2,30.5,30.2,6.0,18220.0,355
2023-05-09 21:22:30,i2401-C-740,i2401-C-740,30.5,0.0,0.0,0.0,44,31.9,32.6,10,33.8,30.2,30.5,30.2,6.0,18220.0,355
2023-05-09 21:22:33,i2401-C-740,i2401-C-740,30.5,0.0,0.0,0.0,34,31.9,32.6,10,33.8,30.2,30.5,30.2,6.0,18220.0,355
2023-05-09 21:22:34,i2401-C-740,i2401-C-740,30.5,0.0,0.0,0.0,34,31.9,32.5,10,33.8,30.2,30.5,30.2,6.0,18220.0,355
2023-05-09 21:22:36,i2401-C-740,i2401-C-740,30.5,0.0,0.0,0.0,34,31.9,32.6,10,33.8,30.2,30.5,30.2,6.0,18220.0,355
2023-05-09 21:22:37,i2401-C-740,i2401-C-740,30.5,0.0,0.0,0.0,10,32.0,32.7,10,33.8,30.2,30.5,30.2,6.0,18220.0,355
2023-05-09 21:22:39,i2401-C-740,i2401-C-740,30.5,0.0,0.0,0.0,20,32.0,32.7,10,33.8,30.2,30.5,30.2,6.0,18220.0,355
2023-05-09 21:22:39,i2401-C-740,i2401-C-740,30.5,0.0,0.0,0.0,20,32.0,32.6,10,33.8,30.2,30.5,30.2,6.0,18220.0,355
2023-05-09 21:22:40,i2401-C-740,i2401-C-740,30.5,0.0,0.0,0.0,20,32.0,32.7,10,33.8,30.2,30.5,30.2,6.0,18220.0,355
2023-05-09 21:22:44,i2401-C-740,i2401-C-740,30.5,0.0,0.0,0.0,20,32.0,32.6,10,33.8,30.2,30.5,30.2,6.0,18220.0,355
2023-05-09 21:22:44,i2401-C-740,i2401-C-740,30.5,0.0,0.0,0.0,10,32.0,32.6,10,33.8,30.2,30.5,30.2,6.0,18220.0,355
2023-05-09 21:22:47,i2401-C-740,i2401-C-740,30.5,0.0,0.0,0.0,10,32.0,32.5,10,33.8,30.2,30.5,30.2,6.0,18220.0,355
2023-05-09 21:22:47,i2401-C-740,i2401-C-740,30.5,0.0,0.0,0.0,54,31.9,32.5,10,33.8,30.2,30.5,30.2,6.0,18220.0,355
2023-05-09 21:22:50,i2401-C-740,i2401-C-740,30.5,0.0,0.0,0.0,64,31.9,32.6,10,33.8,30.2,30.5,30.2,6.0,18220.0,355
2023-05-09 21:22:50,i2401-C-740,i2401-C-740,30.5,0.0,0.0,0.0,54,31.9,32.6,10,33.8,30.2,30.5,30.2,6.0,18220.0,355
2023-05-09 21:22:53,i2401-C-740,i2401-C-740,30.5,0.0,0.0,0.0,10,32.0,32.6,10,33.8,30.2,30.5,30.2,6.0,18220.0,355
2023-05-09 21:22:53,i2401-C-740,i2401-C-740,30.5,0.0,0.0,0.0,20,32.0,32.6,10,33.8,30.2,30.5,30.2,6.0,18220.0,355
2023-05-09 21:22:54,i2401-C-740,i2401-C-740,30.5,0.0,0.0,0.0,10,32.0,32.6,10,33.8,30.2,30.5,30.2,6.0,18220.0,355
2023-05-09 21:22:55,i2401-C-740,i2401-C-740,30.5,0.0,0.0,0.0,54,31.9,32.6,10,33.8,30.2,30.5,30.2,6.0,18220.0,355
2023-05-09 21:22:55,i2401-C-740,i2401-C-740,30.5,0.0,0.0,0.0,20,32.0,32.6,10,33.8,30.2,30.5,30.2,6.0,18220.0,355
2023-05-09 21:22:56,i2401-C-740,i2401-C-740,30.5,0.0,0.0,0.0,10,32.0,32.6,10,33.8,30.2,30.5,30.2,6.0,18220.0,355
2023-05-09 21:22:56,i2401-C-740,i2401-C-740,30.5,0.0,0.0,0.0,20,32.0,32.6,10,33.8,30.2,30.5,30.2,6.0,18220.0,355
2023-05-09 21:22:57,i2401-C-740,i2401-C-740,30.5,0.0,0.0,0.0,64,31.9,32.6,10,33.8,30.2,30.5,30.2,6.0,18220.0,355
2023-05-09 21:22:57,i2401-C-740,i2401-C-740,30.5,0.0,0.0,0.0,54,31.9,32.6,10,33.8,30.2,30.5,30.2,6.0,18220.0,355
2023-05-09 21:23:15,i2401-C-740,i2401-C-740,30.5,0.0,0.0,0.0,14,31.9,32.5,10,33.8,30.2,30.5,30.2,6.0,18220.0,355
2023-05-09 21:23:15,i2401-C-740,i2401-C-740,30.5,0.0,0.0,0.0,14,31.9,32.4,10,33.8,30.2,30.5,30.2,6.0,18220.0,355
2023-05-09 21:23:18,i2401-C-740,i2401-C-740,30.5,0.0,0.0,0.0,24,31.9,32.4,10,33.8,30.2,30.5,30.2,6.0,18220.0,355
2023-05-09 21:23:26,i2401-C-740,i2401-C-740,30.5,0.0,0.0,0.0,24,31.9,32.3,10,33.8,30.2,30.5,30.2,6.0,18220.0,355
2023-05-09 21:23:49,i2401-C-740,i2401-C-740,30.5,0.0,0.0,0.0,14,31.9,32.3,10,33.8,30.2,30.5,30.2,6.0,18220.0,355
2023-05-09 21:23:50,i2401-C-740,i2401-C-740,30.5,0.0,0.0,0.0,24,31.9,32.3,10,33.8,30.2,30.5,30.2,6.0,18220.0,355
2023-05-09 21:23:52,i2401-C-740,i2401-C-740,30.5,0.0,0.0,0.0,14,31.9,32.3,10,33.8,30.2,30.5,30.2,6.0,18220.0,355
2023-05-09 21:23:57,i2401-C-740,i2401-C-740,30.5,0.0,0.0,0.0,24,31.9,32.3,10,33.8,30.2,30.5,30.2,6.0,18220.0,355
2023-05-09 21:23:58,i2401-C-740,i2401-C-740,30.5,0.0,0.0,0.0,24,31.9,32.4,10,33.8,30.2,30.5,30.2,6.0,18220.0,355
2023-05-09 21:24:02,i2401-C-740,i2401-C-740,30.5,0.0,0.0,0.0,14,31.9,32.4,10,33.8,30.2,30.5,30.2,6.0,18220.0,355
2023-05-09 21:24:03,i2401-C-740,i2401-C-740,30.5,0.0,0.0,0.0,14,31.9,32.3,10,33.8,30.2,30.5,30.2,6.0,18220.0,355
2023-05-09 21:24:04,i2401-C-740,i2401-C-740,30.5,0.0,0.0,0.0,10,31.9,32.4,10,33.8,30.2,30.5,30.2,6.0,18220.0,355
2023-05-09 21:24:05,i2401-C-740,i2401-C-740,30.5,0.0,0.0,0.0,10,31.9,32.3,10,33.8,30.2,30.5,30.2,6.0,18220.0,355
2023-05-09 21:24:06,i2401-C-740,i2401-C-740,30.5,0.0,0.0,0.0,30,31.7,32.3,10,33.8,30.2,30.5,30.2,6.0,18220.0,355
2023-05-09 21:24:10,i2401-C-740,i2401-C-740,30.5,0.0,0.0,0.0,20,31.7,32.3,10,33.8,30.2,30.5,30.2,6.0,18220.0,355
2023-05-09 21:24:11,i2401-C-740,i2401-C-740,30.5,0.0,0.0,0.0,30,31.7,32.3,10,33.8,30.2,30.5,30.2,6.0,18220.0,355
2023-05-09 21:24:13,i2401-C-740,i2401-C-740,30.5,0.0,0.0,0.0,20,31.7,32.3,10,33.8,30.2,30.5,30.2,6.0,18220.0,355
2023-05-09 21:24:17,i2401-C-740,i2401-C-740,30.5,0.0,0.0,0.0,10,31.7,32.3,10,33.8,30.2,30.5,30.2,6.0,18220.0,355
2023-05-09 21:24:18,i2401-C-740,i2401-C-740,30.5,0.0,0.0,0.0,10,31.7,32.2,10,33.8,30.2,30.5,30.2,6.0,18220.0,355
2023-05-09 21:24:27,i2401-C-740,i2401-C-740,30.5,0.0,0.0,0.0,20,31.7,32.2,10,33.8,30.2,30.5,30.2,6.0,18220.0,355
2023-05-09 21:24:40,i2401-C-740,i2401-C-740,30.5,0.0,0.0,0.0,20,31.7,32.1,10,33.8,30.2,30.5,30.2,6.0,18220.0,355
2023-05-09 21:24:40,i2401-C-740,i2401-C-740,30.5,0.0,0.0,0.0,20,31.7,32.1,20,33.8,30.2,30.5,30.2,6.0,18220.0,355
2023-05-09 21:24:45,i2401-C-740,i2401-C-740,30.5,0.0,0.0,0.0,10,31.7,32.0,10,33.8,30.2,30.5,30.2,6.0,18220.0,355
2023-05-09 21:24:45,i2401-C-740,i2401-C-740,30.5,0.0,0.0,0.0,10,31.5,32.0,10,33.8,30.2,30.5,30.2,6.0,18220.0,355
2023-05-09 21:24:47,i2401-C-740,i2401-C-740,30.5,0.0,0.0,0.0,20,31.5,32.0,10,33.8,30.2,30.5,30.2,6.0,18220.0,355
2023-05-09 21:24:50,i2401-C-740,i2401-C-740,30.5,0.0,0.0,0.0,20,31.5,32.1,10,33.8,30.2,30.5,30.2,6.0,18220.0,355
2023-05-09 21:24:51,i2401-C-740,i2401-C-740,30.5,0.0,0.0,0.0,20,31.5,32.0,10,33.8,30.2,30.5,30.2,6.0,18220.0,355
2023-05-09 21:24:52,i2401-C-740,i2401-C-740,30.5,0.0,0.0,0.0,20,31.5,31.9,10,33.8,30.2,30.5,30.2,6.0,18220.0,355
2023-05-09 21:24:52,i2401-C-740,i2401-C-740,30.5,0.0,0.0,0.0,20,31.5,31.9,20,33.8,30.2,30.5,30.2,6.0,18220.0,355
2023-05-09 21:24:54,i2401-C-740,i2401-C-740,30.5,0.0,0.0,0.0,20,31.5,31.9,10,33.8,30.2,30.5,30.2,6.0,18220.0,355
2023-05-09 21:24:54,i2401-C-740,i2401-C-740,30.5,0.0,0.0,0.0,20,31.5,31.9,20,33.8,30.2,30.5,30.2,6.0,18220.0,355
2023-05-09 21:24:58,i2401-C-740,i2401-C-740,30.5,0.0,0.0,0.0,20,31.5,31.9,10,33.8,30.2,30.5,30.2,6.0,18220.0,355
2023-05-09 21:25:18,i2401-C-740,i2401-C-740,31.9,10.0,31900.0,10.0,4,31.6,32.0,10,33.8,30.2,31.9,30.2,16.0,50120.0,365
2023-05-09 21:25:32,i2401-C-740,i2401-C-740,31.9,0.0,0.0,0.0,4,31.6,31.9,10,33.8,30.2,31.9,30.2,16.0,50120.0,365
2023-05-09 21:25:33,i2401-C-740,i2401-C-740,31.9,0.0,0.0,0.0,4,31.6,32.0,10,33.8,30.2,31.9,30.2,16.0,50120.0,365
2023-05-09 21:25:34,i2401-C-740,i2401-C-740,31.9,0.0,0.0,0.0,4,31.6,31.9,10,33.8,30.2,31.9,30.2,16.0,50120.0,365
2023-05-09 21:25:35,i2401-C-740,i2401-C-740,31.9,0.0,0.0,0.0,4,31.6,32.0,10,33.8,30.2,31.9,30.2,16.0,50120.0,365
2023-05-09 21:25:54,i2401-C-740,i2401-C-740,31.9,0.0,0.0,0.0,4,31.6,31.9,10,33.8,30.2,31.9,30.2,16.0,50120.0,365
2023-05-09 21:25:56,i2401-C-740,i2401-C-740,31.9,0.0,0.0,0.0,4,31.6,32.1,10,33.8,30.2,31.9,30.2,16.0,50120.0,365
2023-05-09 21:26:06,i2401-C-740,i2401-C-740,31.9,0.0,0.0,0.0,24,31.6,32.2,14,33.8,30.2,31.9,30.2,16.0,50120.0,365
2023-05-09 21:26:07,i2401-C-740,i2401-C-740,31.9,0.0,0.0,0.0,14,31.6,32.2,14,33.8,30.2,31.9,30.2,16.0,50120.0,365
2023-05-09 21:26:07,i2401-C-740,i2401-C-740,31.9,0.0,0.0,0.0,4,31.6,32.1,10,33.8,30.2,31.9,30.2,16.0,50120.0,365
2023-05-09 21:26:08,i2401-C-740,i2401-C-740,31.9,0.0,0.0,0.0,4,31.6,32.2,14,33.8,30.2,31.9,30.2,16.0,50120.0,365
2023-05-09 21:26:09,i2401-C-740,i2401-C-740,31.9,0.0,0.0,0.0,4,31.6,32.1,10,33.8,30.2,31.9,30.2,16.0,50120.0,365
2023-05-09 21:26:09,i2401-C-740,i2401-C-740,31.9,0.0,0.0,0.0,4,31.6,32.2,14,33.8,30.2,31.9,30.2,16.0,50120.0,365
2023-05-09 21:26:32,i2401-C-740,i2401-C-740,31.9,0.0,0.0,0.0,10,31.7,32.2,14,33.8,30.2,31.9,30.2,16.0,50120.0,365
2023-05-09 21:26:36,i2401-C-740,i2401-C-740,31.9,0.0,0.0,0.0,20,31.7,32.2,14,33.8,30.2,31.9,30.2,16.0,50120.0,365
2023-05-09 21:26:37,i2401-C-740,i2401-C-740,31.9,0.0,0.0,0.0,20,31.7,32.2,4,33.8,30.2,31.9,30.2,16.0,50120.0,365
2023-05-09 21:26:37,i2401-C-740,i2401-C-740,31.9,0.0,0.0,0.0,20,31.7,32.2,14,33.8,30.2,31.9,30.2,16.0,50120.0,365
2023-05-09 21:26:45,i2401-C-740,i2401-C-740,31.9,0.0,0.0,0.0,20,31.7,32.2,4,33.8,30.2,31.9,30.2,16.0,50120.0,365
2023-05-09 21:26:57,i2401-C-740,i2401-C-740,31.9,0.0,0.0,0.0,20,31.7,32.2,14,33.8,30.2,31.9,30.2,16.0,50120.0,365
2023-05-09 21:27:29,i2401-C-740,i2401-C-740,31.9,0.0,0.0,0.0,20,31.7,32.2,10,33.8,30.2,31.9,30.2,16.0,50120.0,365
2023-05-09 21:27:30,i2401-C-740,i2401-C-740,31.9,0.0,0.0,0.0,20,31.7,32.3,10,33.8,30.2,31.9,30.2,16.0,50120.0,365
2023-05-09 21:27:31,i2401-C-740,i2401-C-740,31.9,0.0,0.0,0.0,30,31.7,32.3,10,33.8,30.2,31.9,30.2,16.0,50120.0,365
2023-05-09 21:27:31,i2401-C-740,i2401-C-740,31.9,0.0,0.0,0.0,30,31.7,32.4,20,33.8,30.2,31.9,30.2,16.0,50120.0,365
2023-05-09 21:27:31,i2401-C-740,i2401-C-740,31.9,0.0,0.0,0.0,30,31.7,32.4,10,33.8,30.2,31.9,30.2,16.0,50120.0,365
2023-05-09 21:27:33,i2401-C-740,i2401-C-740,31.9,0.0,0.0,0.0,30,31.7,32.3,10,33.8,30.2,31.9,30.2,16.0,50120.0,365
2023-05-09 21:27:39,i2401-C-740,i2401-C-740,31.9,0.0,0.0,0.0,20,31.7,32.3,10,33.8,30.2,31.9,30.2,16.0,50120.0,365
2023-05-09 21:27:39,i2401-C-740,i2401-C-740,31.9,0.0,0.0,0.0,20,31.7,32.2,10,33.8,30.2,31.9,30.2,16.0,50120.0,365
2023-05-09 21:27:43,i2401-C-740,i2401-C-740,31.9,0.0,0.0,0.0,20,31.7,32.3,10,33.8,30.2,31.9,30.2,16.0,50120.0,365
2023-05-09 21:27:44,i2401-C-740,i2401-C-740,31.9,0.0,0.0,0.0,30,31.7,32.4,10,33.8,30.2,31.9,30.2,16.0,50120.0,365
2023-05-09 21:27:46,i2401-C-740,i2401-C-740,31.9,0.0,0.0,0.0,20,31.7,32.4,10,33.8,30.2,31.9,30.2,16.0,50120.0,365
2023-05-09 21:27:47,i2401-C-740,i2401-C-740,31.9,0.0,0.0,0.0,20,31.7,32.3,10,33.8,30.2,31.9,30.2,16.0,50120.0,365
2023-05-09 21:27:50,i2401-C-740,i2401-C-740,31.9,0.0,0.0,0.0,30,31.7,32.3,10,33.8,30.2,31.9,30.2,16.0,50120.0,365
2023-05-09 21:27:53,i2401-C-740,i2401-C-740,31.9,0.0,0.0,0.0,20,31.7,32.3,10,33.8,30.2,31.9,30.2,16.0,50120.0,365
2023-05-09 21:28:03,i2401-C-740,i2401-C-740,31.9,0.0,0.0,0.0,30,31.7,32.3,10,33.8,30.2,31.9,30.2,16.0,50120.0,365
2023-05-09 21:28:04,i2401-C-740,i2401-C-740,31.9,0.0,0.0,0.0,30,31.7,32.4,10,33.8,30.2,31.9,30.2,16.0,50120.0,365
2023-05-09 21:28:05,i2401-C-740,i2401-C-740,31.9,0.0,0.0,0.0,10,31.8,32.4,10,33.8,30.2,31.9,30.2,16.0,50120.0,365
2023-05-09 21:28:05,i2401-C-740,i2401-C-740,31.9,0.0,0.0,0.0,30,31.7,32.4,10,33.8,30.2,31.9,30.2,16.0,50120.0,365
2023-05-09 21:28:06,i2401-C-740,i2401-C-740,31.9,0.0,0.0,0.0,20,31.7,32.4,10,33.8,30.2,31.9,30.2,16.0,50120.0,365
2023-05-09 21:28:06,i2401-C-740,i2401-C-740,31.9,0.0,0.0,0.0,30,31.7,32.4,10,33.8,30.2,31.9,30.2,16.0,50120.0,365
2023-05-09 21:28:07,i2401-C-740,i2401-C-740,31.9,0.0,0.0,0.0,30,31.7,32.3,10,33.8,30.2,31.9,30.2,16.0,50120.0,365
2023-05-09 21:28:10,i2401-C-740,i2401-C-740,31.9,0.0,0.0,0.0,20,31.7,32.3,10,33.8,30.2,31.9,30.2,16.0,50120.0,365
2023-05-09 21:28:12,i2401-C-740,i2401-C-740,31.9,0.0,0.0,0.0,30,31.7,32.3,10,33.8,30.2,31.9,30.2,16.0,50120.0,365
2023-05-09 21:28:21,i2401-C-740,i2401-C-740,31.9,0.0,0.0,0.0,20,31.7,32.3,10,33.8,30.2,31.9,30.2,16.0,50120.0,365
2023-05-09 21:28:22,i2401-C-740,i2401-C-740,31.9,0.0,0.0,0.0,30,31.7,32.3,10,33.8,30.2,31.9,30.2,16.0,50120.0,365
2023-05-09 21:28:22,i2401-C-740,i2401-C-740,31.9,0.0,0.0,0.0,20,31.7,32.3,10,33.8,30.2,31.9,30.2,16.0,50120.0,365
2023-05-09 21:28:29,i2401-C-740,i2401-C-740,31.9,0.0,0.0,0.0,20,31.7,32.2,10,33.8,30.2,31.9,30.2,16.0,50120.0,365
2023-05-09 21:28:30,i2401-C-740,i2401-C-740,31.9,0.0,0.0,0.0,20,31.7,32.3,10,33.8,30.2,31.9,30.2,16.0,50120.0,365
2023-05-09 21:28:36,i2401-C-740,i2401-C-740,31.9,0.0,0.0,0.0,30,31.7,32.3,10,33.8,30.2,31.9,30.2,16.0,50120.0,365
2023-05-09 21:28:37,i2401-C-740,i2401-C-740,31.9,0.0,0.0,0.0,30,31.7,32.4,10,33.8,30.2,31.9,30.2,16.0,50120.0,365
2023-05-09 21:28:40,i2401-C-740,i2401-C-740,31.9,0.0,0.0,0.0,30,31.7,32.3,10,33.8,30.2,31.9,30.2,16.0,50120.0,365
2023-05-09 21:28:59,i2401-C-740,i2401-C-740,31.9,0.0,0.0,0.0,20,31.7,32.3,10,33.8,30.2,31.9,30.2,16.0,50120.0,365
2023-05-09 21:28:59,i2401-C-740,i2401-C-740,31.9,0.0,0.0,0.0,10,31.7,32.3,10,33.8,30.2,31.9,30.2,16.0,50120.0,365
2023-05-09 21:29:05,i2401-C-740,i2401-C-740,31.9,0.0,0.0,0.0,20,31.7,32.3,10,33.8,30.2,31.9,30.2,16.0,50120.0,365
2023-05-09 21:29:06,i2401-C-740,i2401-C-740,31.9,0.0,0.0,0.0,20,31.7,32.2,10,33.8,30.2,31.9,30.2,16.0,50120.0,365
2023-05-09 21:29:06,i2401-C-740,i2401-C-740,31.9,0.0,0.0,0.0,10,31.7,32.1,10,33.8,30.2,31.9,30.2,16.0,50120.0,365
2023-05-09 21:29:07,i2401-C-740,i2401-C-740,31.9,0.0,0.0,0.0,20,31.6,32.1,10,33.8,30.2,31.9,30.2,16.0,50120.0,365
2023-05-09 21:29:17,i2401-C-740,i2401-C-740,31.9,0.0,0.0,0.0,10,31.6,32.1,10,33.8,30.2,31.9,30.2,16.0,50120.0,365
2023-05-09 21:29:30,i2401-C-740,i2401-C-740,31.9,0.0,0.0,0.0,10,31.6,32.2,10,33.8,30.2,31.9,30.2,16.0,50120.0,365
2023-05-09 21:29:37,i2401-C-740,i2401-C-740,31.9,0.0,0.0,0.0,20,31.6,32.2,10,33.8,30.2,31.9,30.2,16.0,50120.0,365
2023-05-09 21:29:44,i2401-C-740,i2401-C-740,31.9,0.0,0.0,0.0,20,31.6,32.1,10,33.8,30.2,31.9,30.2,16.0,50120.0,365
2023-05-09 21:29:50,i2401-C-740,i2401-C-740,31.9,0.0,0.0,0.0,20,31.6,32.2,10,33.8,30.2,31.9,30.2,16.0,50120.0,365
2023-05-09 21:29:51,i2401-C-740,i2401-C-740,31.9,0.0,0.0,0.0,20,31.6,32.1,10,33.8,30.2,31.9,30.2,16.0,50120.0,365
2023-05-09 21:29:56,i2401-C-740,i2401-C-740,31.9,0.0,0.0,0.0,20,31.6,32.2,10,33.8,30.2,31.9,30.2,16.0,50120.0,365
2023-05-09 21:29:57,i2401-C-740,i2401-C-740,31.9,0.0,0.0,0.0,20,31.6,32.1,10,33.8,30.2,31.9,30.2,16.0,50120.0,365
2023-05-09 21:30:00,i2401-C-740,i2401-C-740,31.9,0.0,0.0,0.0,20,31.6,32.2,10,33.8,30.2,31.9,30.2,16.0,50120.0,365
2023-05-09 21:30:01,i2401-C-740,i2401-C-740,31.9,0.0,0.0,0.0,20,31.6,32.1,10,33.8,30.2,31.9,30.2,16.0,50120.0,365
2023-05-09 21:30:02,i2401-C-740,i2401-C-740,31.9,0.0,0.0,0.0,20,31.6,32.0,10,33.8,30.2,31.9,30.2,16.0,50120.0,365
2023-05-09 21:30:03,i2401-C-740,i2401-C-740,31.9,0.0,0.0,0.0,20,31.6,31.9,10,33.8,30.2,31.9,30.2,16.0,50120.0,365
2023-05-09 21:30:04,i2401-C-740,i2401-C-740,31.9,0.0,0.0,0.0,10,31.6,32.0,10,33.8,30.2,31.9,30.2,16.0,50120.0,365
2023-05-09 21:30:06,i2401-C-740,i2401-C-740,31.9,0.0,0.0,0.0,20,31.6,32.0,10,33.8,30.2,31.9,30.2,16.0,50120.0,365
2023-05-09 21:30:16,i2401-C-740,i2401-C-740,31.9,0.0,0.0,0.0,10,31.6,32.0,10,33.8,30.2,31.9,30.2,16.0,50120.0,365
2023-05-09 21:30:20,i2401-C-740,i2401-C-740,31.9,0.0,0.0,0.0,10,31.6,31.9,10,33.8,30.2,31.9,30.2,16.0,50120.0,365
2023-05-09 21:30:20,i2401-C-740,i2401-C-740,31.9,0.0,0.0,0.0,24,31.4,31.9,10,33.8,30.2,31.9,30.2,16.0,50120.0,365
2023-05-09 21:30:25,i2401-C-740,i2401-C-740,31.9,0.0,0.0,0.0,14,31.4,31.9,10,33.8,30.2,31.9,30.2,16.0,50120.0,365
2023-05-09 21:30:31,i2401-C-740,i2401-C-740,31.9,0.0,0.0,0.0,14,31.4,32.0,10,33.8,30.2,31.9,30.2,16.0,50120.0,365
2023-05-09 21:30:32,i2401-C-740,i2401-C-740,31.9,0.0,0.0,0.0,14,31.4,31.9,10,33.8,30.2,31.9,30.2,16.0,50120.0,365
2023-05-09 21:30:33,i2401-C-740,i2401-C-740,31.9,0.0,0.0,0.0,24,31.4,31.9,10,33.8,30.2,31.9,30.2,16.0,50120.0,365
2023-05-09 21:30:34,i2401-C-740,i2401-C-740,31.9,0.0,0.0,0.0,14,31.4,31.9,10,33.8,30.2,31.9,30.2,16.0,50120.0,365
2023-05-09 21:30:35,i2401-C-740,i2401-C-740,31.9,0.0,0.0,0.0,24,31.4,31.9,10,33.8,30.2,31.9,30.2,16.0,50120.0,365
2023-05-09 21:31:02,i2401-C-740,i2401-C-740,31.9,0.0,0.0,0.0,24,31.4,31.8,10,33.8,30.2,31.9,30.2,16.0,50120.0,365
2023-05-09 21:31:04,i2401-C-740,i2401-C-740,31.9,0.0,0.0,0.0,14,31.4,31.8,10,33.8,30.2,31.9,30.2,16.0,50120.0,365
2023-05-09 21:31:08,i2401-C-740,i2401-C-740,31.9,0.0,0.0,0.0,14,31.4,31.9,10,33.8,30.2,31.9,30.2,16.0,50120.0,365
2023-05-09 21:31:11,i2401-C-740,i2401-C-740,31.9,0.0,0.0,0.0,24,31.4,31.9,10,33.8,30.2,31.9,30.2,16.0,50120.0,365
2023-05-09 21:31:14,i2401-C-740,i2401-C-740,31.9,0.0,0.0,0.0,14,31.4,31.9,10,33.8,30.2,31.9,30.2,16.0,50120.0,365
2023-05-09 21:31:16,i2401-C-740,i2401-C-740,31.9,0.0,0.0,0.0,34,31.4,32.0,10,33.8,30.2,31.9,30.2,16.0,50120.0,365
2023-05-09 21:31:16,i2401-C-740,i2401-C-740,31.9,0.0,0.0,0.0,44,31.4,32.0,10,33.8,30.2,31.9,30.2,16.0,50120.0,365
2023-05-09 21:31:17,i2401-C-740,i2401-C-740,31.9,0.0,0.0,0.0,44,31.4,32.1,10,33.8,30.2,31.9,30.2,16.0,50120.0,365
2023-05-09 21:31:25,i2401-C-740,i2401-C-740,31.9,0.0,0.0,0.0,44,31.4,32.0,10,33.8,30.2,31.9,30.2,16.0,50120.0,365
2023-05-09 21:31:26,i2401-C-740,i2401-C-740,31.9,0.0,0.0,0.0,34,31.4,31.9,10,33.8,30.2,31.9,30.2,16.0,50120.0,365
2023-05-09 21:31:26,i2401-C-740,i2401-C-740,31.9,0.0,0.0,0.0,24,31.4,32.0,10,33.8,30.2,31.9,30.2,16.0,50120.0,365
2023-05-09 21:31:27,i2401-C-740,i2401-C-740,31.9,0.0,0.0,0.0,34,31.4,31.9,10,33.8,30.2,31.9,30.2,16.0,50120.0,365
2023-05-09 21:31:27,i2401-C-740,i2401-C-740,31.9,0.0,0.0,0.0,34,31.4,32.0,10,33.8,30.2,31.9,30.2,16.0,50120.0,365
2023-05-09 21:31:30,i2401-C-740,i2401-C-740,31.9,0.0,0.0,0.0,24,31.4,32.0,10,33.8,30.2,31.9,30.2,16.0,50120.0,365
2023-05-09 21:31:35,i2401-C-740,i2401-C-740,31.9,0.0,0.0,0.0,34,31.4,32.0,10,33.8,30.2,31.9,30.2,16.0,50120.0,365
2023-05-09 21:31:36,i2401-C-740,i2401-C-740,31.9,0.0,0.0,0.0,44,31.4,32.0,10,33.8,30.2,31.9,30.2,16.0,50120.0,365
2023-05-09 21:31:37,i2401-C-740,i2401-C-740,31.9,0.0,0.0,0.0,34,31.4,32.0,10,33.8,30.2,31.9,30.2,16.0,50120.0,365
2023-05-09 21:31:38,i2401-C-740,i2401-C-740,31.9,0.0,0.0,0.0,44,31.4,32.0,10,33.8,30.2,31.9,30.2,16.0,50120.0,365
2023-05-09 21:31:45,i2401-C-740,i2401-C-740,31.9,0.0,0.0,0.0,44,31.4,32.1,10,33.8,30.2,31.9,30.2,16.0,50120.0,365
2023-05-09 21:31:46,i2401-C-740,i2401-C-740,31.9,0.0,0.0,0.0,44,31.4,32.0,10,33.8,30.2,31.9,30.2,16.0,50120.0,365
2023-05-09 21:31:48,i2401-C-740,i2401-C-740,31.9,0.0,0.0,0.0,44,31.4,32.1,10,33.8,30.2,31.9,30.2,16.0,50120.0,365
2023-05-09 21:31:49,i2401-C-740,i2401-C-740,31.9,0.0,0.0,0.0,44,31.4,32.0,10,33.8,30.2,31.9,30.2,16.0,50120.0,365
2023-05-09 21:31:51,i2401-C-740,i2401-C-740,31.9,0.0,0.0,0.0,34,31.4,32.0,10,33.8,30.2,31.9,30.2,16.0,50120.0,365
2023-05-09 21:31:51,i2401-C-740,i2401-C-740,31.9,0.0,0.0,0.0,44,31.4,32.0,10,33.8,30.2,31.9,30.2,16.0,50120.0,365
2023-05-09 21:31:54,i2401-C-740,i2401-C-740,31.9,0.0,0.0,0.0,34,31.4,32.0,10,33.8,30.2,31.9,30.2,16.0,50120.0,365
2023-05-09 21:31:56,i2401-C-740,i2401-C-740,31.9,0.0,0.0,0.0,44,31.4,32.0,10,33.8,30.2,31.9,30.2,16.0,50120.0,365
2023-05-09 21:31:57,i2401-C-740,i2401-C-740,31.9,0.0,0.0,0.0,34,31.4,32.0,10,33.8,30.2,31.9,30.2,16.0,50120.0,365
2023-05-09 21:31:58,i2401-C-740,i2401-C-740,31.9,0.0,0.0,0.0,24,31.4,32.0,10,33.8,30.2,31.9,30.2,16.0,50120.0,365
2023-05-09 21:31:59,i2401-C-740,i2401-C-740,31.9,0.0,0.0,0.0,34,31.4,32.0,10,33.8,30.2,31.9,30.2,16.0,50120.0,365
2023-05-09 21:32:00,i2401-C-740,i2401-C-740,31.9,0.0,0.0,0.0,44,31.4,32.0,10,33.8,30.2,31.9,30.2,16.0,50120.0,365
2023-05-09 21:32:01,i2401-C-740,i2401-C-740,31.9,0.0,0.0,0.0,34,31.4,32.0,10,33.8,30.2,31.9,30.2,16.0,50120.0,365
2023-05-09 21:32:09,i2401-C-740,i2401-C-740,31.9,0.0,0.0,0.0,44,31.4,32.0,10,33.8,30.2,31.9,30.2,16.0,50120.0,365
2023-05-09 21:32:12,i2401-C-740,i2401-C-740,31.9,0.0,0.0,0.0,10,31.5,32.1,10,33.8,30.2,31.9,30.2,16.0,50120.0,365
2023-05-09 21:32:12,i2401-C-740,i2401-C-740,31.9,0.0,0.0,0.0,20,31.5,32.1,10,33.8,30.2,31.9,30.2,16.0,50120.0,365
2023-05-09 21:32:13,i2401-C-740,i2401-C-740,31.9,0.0,0.0,0.0,30,31.5,32.1,10,33.8,30.2,31.9,30.2,16.0,50120.0,365
2023-05-09 21:32:14,i2401-C-740,i2401-C-740,31.9,0.0,0.0,0.0,10,31.5,32.0,10,33.8,30.2,31.9,30.2,16.0,50120.0,365
2023-05-09 21:32:15,i2401-C-740,i2401-C-740,31.9,0.0,0.0,0.0,20,31.5,32.0,10,33.8,30.2,31.9,30.2,16.0,50120.0,365
2023-05-09 21:32:19,i2401-C-740,i2401-C-740,31.9,0.0,0.0,0.0,20,31.5,32.1,10,33.8,30.2,31.9,30.2,16.0,50120.0,365
2023-05-09 21:32:21,i2401-C-740,i2401-C-740,31.9,0.0,0.0,0.0,20,31.5,32.0,10,33.8,30.2,31.9,30.2,16.0,50120.0,365
2023-05-09 21:32:21,i2401-C-740,i2401-C-740,31.9,0.0,0.0,0.0,10,31.5,32.0,10,33.8,30.2,31.9,30.2,16.0,50120.0,365
2023-05-09 21:32:24,i2401-C-740,i2401-C-740,31.9,0.0,0.0,0.0,20,31.5,32.0,10,33.8,30.2,31.9,30.2,16.0,50120.0,365
2023-05-09 21:32:26,i2401-C-740,i2401-C-740,31.9,0.0,0.0,0.0,20,31.5,32.1,10,33.8,30.2,31.9,30.2,16.0,50120.0,365
2023-05-09 21:32:26,i2401-C-740,i2401-C-740,31.9,0.0,0.0,0.0,20,31.5,32.0,10,33.8,30.2,31.9,30.2,16.0,50120.0,365
2023-05-09 21:32:31,i2401-C-740,i2401-C-740,31.9,0.0,0.0,0.0,10,31.5,32.0,10,33.8,30.2,31.9,30.2,16.0,50120.0,365
2023-05-09 21:32:32,i2401-C-740,i2401-C-740,31.9,0.0,0.0,0.0,20,31.5,32.0,10,33.8,30.2,31.9,30.2,16.0,50120.0,365
2023-05-09 21:32:34,i2401-C-740,i2401-C-740,31.9,0.0,0.0,0.0,20,31.5,32.1,10,33.8,30.2,31.9,30.2,16.0,50120.0,365
2023-05-09 21:32:34,i2401-C-740,i2401-C-740,31.9,0.0,0.0,0.0,20,31.5,32.0,10,33.8,30.2,31.9,30.2,16.0,50120.0,365
2023-05-09 21:32:37,i2401-C-740,i2401-C-740,31.9,0.0,0.0,0.0,20,31.5,32.1,10,33.8,30.2,31.9,30.2,16.0,50120.0,365
2023-05-09 21:32:38,i2401-C-740,i2401-C-740,31.9,0.0,0.0,0.0,20,31.5,32.0,10,33.8,30.2,31.9,30.2,16.0,50120.0,365
2023-05-09 21:32:39,i2401-C-740,i2401-C-740,31.9,0.0,0.0,0.0,20,31.5,32.1,10,33.8,30.2,31.9,30.2,16.0,50120.0,365
2023-05-09 21:32:48,i2401-C-740,i2401-C-740,31.9,0.0,0.0,0.0,30,31.5,32.2,10,33.8,30.2,31.9,30.2,16.0,50120.0,365
2023-05-09 21:33:06,i2401-C-740,i2401-C-740,31.9,0.0,0.0,0.0,10,31.7,32.2,10,33.8,30.2,31.9,30.2,16.0,50120.0,365
2023-05-09 21:33:06,i2401-C-740,i2401-C-740,31.9,0.0,0.0,0.0,20,31.7,32.2,10,33.8,30.2,31.9,30.2,16.0,50120.0,365
2023-05-09 21:33:07,i2401-C-740,i2401-C-740,31.9,0.0,0.0,0.0,10,31.7,32.3,10,33.8,30.2,31.9,30.2,16.0,50120.0,365
2023-05-09 21:33:07,i2401-C-740,i2401-C-740,31.9,0.0,0.0,0.0,10,31.8,32.5,10,33.8,30.2,31.9,30.2,16.0,50120.0,365
2023-05-09 21:33:08,i2401-C-740,i2401-C-740,31.9,0.0,0.0,0.0,20,31.7,32.3,10,33.8,30.2,31.9,30.2,16.0,50120.0,365
2023-05-09 21:33:09,i2401-C-740,i2401-C-740,31.9,0.0,0.0,0.0,30,31.7,32.3,10,33.8,30.2,31.9,30.2,16.0,50120.0,365
2023-05-09 21:33:11,i2401-C-740,i2401-C-740,31.9,0.0,0.0,0.0,30,31.7,32.4,10,33.8,30.2,31.9,30.2,16.0,50120.0,365
2023-05-09 21:33:55,i2401-C-740,i2401-C-740,31.9,0.0,0.0,0.0,4,31.8,32.4,10,33.8,30.2,31.9,30.2,16.0,50120.0,365
2023-05-09 21:33:56,i2401-C-740,i2401-C-740,31.9,0.0,0.0,0.0,14,31.8,32.4,10,33.8,30.2,31.9,30.2,16.0,50120.0,365
2023-05-09 21:33:56,i2401-C-740,i2401-C-740,31.9,0.0,0.0,0.0,20,31.9,32.5,10,33.8,30.2,31.9,30.2,16.0,50120.0,365
2023-05-09 21:33:57,i2401-C-740,i2401-C-740,31.9,0.0,0.0,0.0,20,31.9,32.6,20,33.8,30.2,31.9,30.2,16.0,50120.0,365
2023-05-09 21:33:57,i2401-C-740,i2401-C-740,31.9,0.0,0.0,0.0,20,31.9,32.5,10,33.8,30.2,31.9,30.2,16.0,50120.0,365
2023-05-09 21:34:01,i2401-C-740,i2401-C-740,31.9,0.0,0.0,0.0,10,31.9,32.5,10,33.8,30.2,31.9,30.2,16.0,50120.0,365
2023-05-09 21:34:05,i2401-C-740,i2401-C-740,31.9,0.0,0.0,0.0,20,31.9,32.5,10,33.8,30.2,31.9,30.2,16.0,50120.0,365
2023-05-09 21:34:06,i2401-C-740,i2401-C-740,31.9,0.0,0.0,0.0,10,31.9,32.5,10,33.8,30.2,31.9,30.2,16.0,50120.0,365
2023-05-09 21:34:11,i2401-C-740,i2401-C-740,31.9,0.0,0.0,0.0,20,32.0,32.6,10,33.8,30.2,31.9,30.2,16.0,50120.0,365
2023-05-09 21:34:11,i2401-C-740,i2401-C-740,31.9,0.0,0.0,0.0,10,32.0,32.6,10,33.8,30.2,31.9,30.2,16.0,50120.0,365
2023-05-09 21:34:24,i2401-C-740,i2401-C-740,31.9,0.0,0.0,0.0,20,32.0,32.6,10,33.8,30.2,31.9,30.2,16.0,50120.0,365
2023-05-09 21:34:29,i2401-C-740,i2401-C-740,32.6,10.0,32600.0,0.0,10,32.6,32.9,14,33.8,30.2,32.6,30.2,26.0,82720.0,365
2023-05-09 21:34:29,i2401-C-740,i2401-C-740,32.6,0.0,0.0,0.0,10,32.6,32.9,4,33.8,30.2,32.6,30.2,26.0,82720.0,365
2023-05-09 21:34:33,i2401-C-740,i2401-C-740,32.6,0.0,0.0,0.0,10,32.6,33.0,10,33.8,30.2,32.6,30.2,26.0,82720.0,365
2023-05-09 21:34:48,i2401-C-740,i2401-C-740,32.6,0.0,0.0,0.0,20,32.6,33.2,20,33.8,30.2,32.6,30.2,26.0,82720.0,365
2023-05-09 21:34:49,i2401-C-740,i2401-C-740,32.6,0.0,0.0,0.0,20,32.6,33.2,10,33.8,30.2,32.6,30.2,26.0,82720.0,365
2023-05-09 21:34:50,i2401-C-740,i2401-C-740,32.6,0.0,0.0,0.0,30,32.6,33.2,10,33.8,30.2,32.6,30.2,26.0,82720.0,365
2023-05-09 21:34:52,i2401-C-740,i2401-C-740,32.6,0.0,0.0,0.0,20,32.6,33.2,10,33.8,30.2,32.6,30.2,26.0,82720.0,365
2023-05-09 21:34:59,i2401-C-740,i2401-C-740,32.6,0.0,0.0,0.0,20,32.6,33.3,10,33.8,30.2,32.6,30.2,26.0,82720.0,365
2023-05-09 21:35:01,i2401-C-740,i2401-C-740,32.6,0.0,0.0,0.0,20,32.6,33.5,40,33.8,30.2,32.6,30.2,26.0,82720.0,365
2023-05-09 21:35:06,i2401-C-740,i2401-C-740,32.6,0.0,0.0,0.0,10,32.7,33.5,30,33.8,30.2,32.6,30.2,26.0,82720.0,365
2023-05-09 21:35:07,i2401-C-740,i2401-C-740,32.6,0.0,0.0,0.0,20,32.7,33.5,10,33.8,30.2,32.6,30.2,26.0,82720.0,365
2023-05-09 21:35:09,i2401-C-740,i2401-C-740,32.6,0.0,0.0,0.0,30,32.7,33.5,10,33.8,30.2,32.6,30.2,26.0,82720.0,365
2023-05-09 21:35:10,i2401-C-740,i2401-C-740,32.6,0.0,0.0,0.0,30,32.7,33.7,30,33.8,30.2,32.6,30.2,26.0,82720.0,365
2023-05-09 21:35:11,i2401-C-740,i2401-C-740,32.6,0.0,0.0,0.0,40,32.7,33.7,30,33.8,30.2,32.6,30.2,26.0,82720.0,365
2023-05-09 21:35:13,i2401-C-740,i2401-C-740,32.6,0.0,0.0,0.0,20,32.8,33.5,10,33.8,30.2,32.6,30.2,26.0,82720.0,365
2023-05-09 21:35:20,i2401-C-740,i2401-C-740,32.6,0.0,0.0,0.0,20,32.9,33.5,10,33.8,30.2,32.6,30.2,26.0,82720.0,365
2023-05-09 21:35:21,i2401-C-740,i2401-C-740,32.6,0.0,0.0,0.0,20,32.9,33.6,10,33.8,30.2,32.6,30.2,26.0,82720.0,365
2023-05-09 21:35:22,i2401-C-740,i2401-C-740,32.6,0.0,0.0,0.0,10,33.0,33.6,10,33.8,30.2,32.6,30.2,26.0,82720.0,365
2023-05-09 21:35:22,i2401-C-740,i2401-C-740,32.6,0.0,0.0,0.0,10,32.9,33.5,10,33.8,30.2,32.6,30.2,26.0,82720.0,365
2023-05-09 21:35:23,i2401-C-740,i2401-C-740,32.6,0.0,0.0,0.0,20,32.8,33.5,10,33.8,30.2,32.6,30.2,26.0,82720.0,365
2023-05-09 21:35:24,i2401-C-740,i2401-C-740,32.6,0.0,0.0,0.0,30,32.8,33.5,10,33.8,30.2,32.6,30.2,26.0,82720.0,365
2023-05-09 21:35:24,i2401-C-740,i2401-C-740,32.6,0.0,0.0,0.0,10,32.9,33.5,10,33.8,30.2,32.6,30.2,26.0,82720.0,365
2023-05-09 21:35:24,i2401-C-740,i2401-C-740,32.6,0.0,0.0,0.0,30,32.8,33.5,10,33.8,30.2,32.6,30.2,26.0,82720.0,365
2023-05-09 21:35:27,i2401-C-740,i2401-C-740,32.6,0.0,0.0,0.0,20,32.9,33.5,10,33.8,30.2,32.6,30.2,26.0,82720.0,365
2023-05-09 21:35:29,i2401-C-740,i2401-C-740,32.6,0.0,0.0,0.0,30,32.9,33.6,10,33.8,30.2,32.6,30.2,26.0,82720.0,365
2023-05-09 21:35:31,i2401-C-740,i2401-C-740,32.6,0.0,0.0,0.0,10,33.0,33.6,10,33.8,30.2,32.6,30.2,26.0,82720.0,365
2023-05-09 21:35:31,i2401-C-740,i2401-C-740,32.6,0.0,0.0,0.0,20,33.0,33.6,10,33.8,30.2,32.6,30.2,26.0,82720.0,365
2023-05-09 21:35:32,i2401-C-740,i2401-C-740,32.6,0.0,0.0,0.0,10,33.0,33.6,10,33.8,30.2,32.6,30.2,26.0,82720.0,365
2023-05-09 21:35:32,i2401-C-740,i2401-C-740,32.6,0.0,0.0,0.0,10,33.0,33.7,30,33.8,30.2,32.6,30.2,26.0,82720.0,365
2023-05-09 21:35:33,i2401-C-740,i2401-C-740,32.6,0.0,0.0,0.0,20,33.0,33.7,30,33.8,30.2,32.6,30.2,26.0,82720.0,365
2023-05-09 21:35:33,i2401-C-740,i2401-C-740,32.6,0.0,0.0,0.0,20,33.0,33.6,10,33.8,30.2,32.6,30.2,26.0,82720.0,365
2023-05-09 21:35:34,i2401-C-740,i2401-C-740,32.6,0.0,0.0,0.0,30,33.0,33.6,10,33.8,30.2,32.6,30.2,26.0,82720.0,365
2023-05-09 21:35:34,i2401-C-740,i2401-C-740,32.6,0.0,0.0,0.0,20,33.0,33.6,10,33.8,30.2,32.6,30.2,26.0,82720.0,365
2023-05-09 21:35:35,i2401-C-740,i2401-C-740,32.6,0.0,0.0,0.0,30,33.0,33.6,10,33.8,30.2,32.6,30.2,26.0,82720.0,365
2023-05-09 21:35:35,i2401-C-740,i2401-C-740,32.6,0.0,0.0,0.0,30,33.0,33.7,10,33.8,30.2,32.6,30.2,26.0,82720.0,365
2023-05-09 21:35:44,i2401-C-740,i2401-C-740,32.6,0.0,0.0,0.0,10,33.1,33.7,10,33.8,30.2,32.6,30.2,26.0,82720.0,365
2023-05-09 21:35:45,i2401-C-740,i2401-C-740,32.6,0.0,0.0,0.0,20,33.1,33.7,10,33.8,30.2,32.6,30.2,26.0,82720.0,365
2023-05-09 21:35:45,i2401-C-740,i2401-C-740,32.6,0.0,0.0,0.0,10,33.1,33.7,10,33.8,30.2,32.6,30.2,26.0,82720.0,365
2023-05-09 21:35:52,i2401-C-740,i2401-C-740,32.6,0.0,0.0,0.0,20,33.1,33.6,10,33.8,30.2,32.6,30.2,26.0,82720.0,365
2023-05-09 21:35:52,i2401-C-740,i2401-C-740,32.6,0.0,0.0,0.0,10,33.1,33.6,10,33.8,30.2,32.6,30.2,26.0,82720.0,365
2023-05-09 21:35:53,i2401-C-740,i2401-C-740,32.6,0.0,0.0,0.0,10,33.1,33.5,10,33.8,30.2,32.6,30.2,26.0,82720.0,365
2023-05-09 21:35:55,i2401-C-740,i2401-C-740,32.6,0.0,0.0,0.0,20,33.1,33.5,10,33.8,30.2,32.6,30.2,26.0,82720.0,365
2023-05-09 21:36:00,i2401-C-740,i2401-C-740,32.6,0.0,0.0,0.0,40,32.9,33.5,10,33.8,30.2,32.6,30.2,26.0,82720.0,365
2023-05-09 21:36:02,i2401-C-740,i2401-C-740,32.6,0.0,0.0,0.0,60,32.9,33.5,10,33.8,30.2,32.6,30.2,26.0,82720.0,365
2023-05-09 21:36:06,i2401-C-740,i2401-C-740,32.6,0.0,0.0,0.0,60,32.9,33.6,10,33.8,30.2,32.6,30.2,26.0,82720.0,365
2023-05-09 21:36:30,i2401-C-740,i2401-C-740,32.6,0.0,0.0,0.0,50,32.9,33.6,10,33.8,30.2,32.6,30.2,26.0,82720.0,365
2023-05-09 21:36:44,i2401-C-740,i2401-C-740,32.6,0.0,0.0,0.0,10,33.1,33.8,10,33.8,30.2,32.6,30.2,26.0,82720.0,365
2023-05-09 21:36:44,i2401-C-740,i2401-C-740,32.6,0.0,0.0,0.0,20,33.1,33.7,10,33.8,30.2,32.6,30.2,26.0,82720.0,365
2023-05-09 21:36:45,i2401-C-740,i2401-C-740,32.6,0.0,0.0,0.0,20,33.1,33.8,10,33.8,30.2,32.6,30.2,26.0,82720.0,365
2023-05-09 21:36:45,i2401-C-740,i2401-C-740,32.6,0.0,0.0,0.0,20,33.1,33.7,10,33.8,30.2,32.6,30.2,26.0,82720.0,365
2023-05-09 21:36:46,i2401-C-740,i2401-C-740,32.6,0.0,0.0,0.0,20,33.1,33.8,10,33.8,30.2,32.6,30.2,26.0,82720.0,365
2023-05-09 21:36:46,i2401-C-740,i2401-C-740,32.6,0.0,0.0,0.0,10,33.1,33.7,10,33.8,30.2,32.6,30.2,26.0,82720.0,365
2023-05-09 21:36:47,i2401-C-740,i2401-C-740,32.6,0.0,0.0,0.0,20,33.1,33.7,10,33.8,30.2,32.6,30.2,26.0,82720.0,365
2023-05-09 21:36:54,i2401-C-740,i2401-C-740,32.6,0.0,0.0,0.0,10,33.1,33.7,10,33.8,30.2,32.6,30.2,26.0,82720.0,365
2023-05-09 21:36:56,i2401-C-740,i2401-C-740,32.6,0.0,0.0,0.0,20,33.1,33.8,10,33.8,30.2,32.6,30.2,26.0,82720.0,365
2023-05-09 21:36:57,i2401-C-740,i2401-C-740,32.6,0.0,0.0,0.0,20,33.1,33.7,10,33.8,30.2,32.6,30.2,26.0,82720.0,365
2023-05-09 21:36:58,i2401-C-740,i2401-C-740,32.6,0.0,0.0,0.0,10,33.1,33.7,10,33.8,30.2,32.6,30.2,26.0,82720.0,365
2023-05-09 21:36:59,i2401-C-740,i2401-C-740,32.6,0.0,0.0,0.0,20,33.1,33.8,10,33.8,30.2,32.6,30.2,26.0,82720.0,365
2023-05-09 21:37:00,i2401-C-740,i2401-C-740,32.6,0.0,0.0,0.0,20,33.1,33.7,10,33.8,30.2,32.6,30.2,26.0,82720.0,365
2023-05-09 21:37:05,i2401-C-740,i2401-C-740,32.6,0.0,0.0,0.0,10,33.1,33.7,10,33.8,30.2,32.6,30.2,26.0,82720.0,365
2023-05-09 21:37:08,i2401-C-740,i2401-C-740,32.6,0.0,0.0,0.0,10,33.1,33.6,10,33.8,30.2,32.6,30.2,26.0,82720.0,365
2023-05-09 21:37:08,i2401-C-740,i2401-C-740,32.6,0.0,0.0,0.0,10,33.1,33.5,10,33.8,30.2,32.6,30.2,26.0,82720.0,365
2023-05-09 21:37:09,i2401-C-740,i2401-C-740,32.6,0.0,0.0,0.0,10,33.1,33.6,10,33.8,30.2,32.6,30.2,26.0,82720.0,365
2023-05-09 21:37:28,i2401-C-740,i2401-C-740,32.6,0.0,0.0,0.0,20,33.1,33.5,10,33.8,30.2,32.6,30.2,26.0,82720.0,365
2023-05-09 21:37:40,i2401-C-740,i2401-C-740,32.6,0.0,0.0,0.0,20,33.1,33.6,10,33.8,30.2,32.6,30.2,26.0,82720.0,365
2023-05-09 21:37:41,i2401-C-740,i2401-C-740,32.6,0.0,0.0,0.0,20,33.1,33.5,10,33.8,30.2,32.6,30.2,26.0,82720.0,365
2023-05-09 21:38:10,i2401-C-740,i2401-C-740,32.6,0.0,0.0,0.0,4,33.0,33.4,10,33.8,30.2,32.6,30.2,26.0,82720.0,365
2023-05-09 21:38:11,i2401-C-740,i2401-C-740,32.6,0.0,0.0,0.0,10,32.9,33.4,10,33.8,30.2,32.6,30.2,26.0,82720.0,365
2023-05-09 21:38:11,i2401-C-740,i2401-C-740,32.6,0.0,0.0,0.0,20,32.9,33.4,10,33.8,30.2,32.6,30.2,26.0,82720.0,365
2023-05-09 21:38:32,i2401-C-740,i2401-C-740,32.6,0.0,0.0,0.0,20,32.9,33.3,10,33.8,30.2,32.6,30.2,26.0,82720.0,365
2023-05-09 21:38:33,i2401-C-740,i2401-C-740,32.6,0.0,0.0,0.0,20,32.9,33.4,10,33.8,30.2,32.6,30.2,26.0,82720.0,365
2023-05-09 21:38:34,i2401-C-740,i2401-C-740,32.6,0.0,0.0,0.0,20,32.9,33.3,10,33.8,30.2,32.6,30.2,26.0,82720.0,365
2023-05-09 21:38:38,i2401-C-740,i2401-C-740,32.6,0.0,0.0,0.0,20,32.9,33.4,10,33.8,30.2,32.6,30.2,26.0,82720.0,365
2023-05-09 21:38:53,i2401-C-740,i2401-C-740,32.6,0.0,0.0,0.0,20,32.9,33.5,10,33.8,30.2,32.6,30.2,26.0,82720.0,365
2023-05-09 21:38:54,i2401-C-740,i2401-C-740,32.6,0.0,0.0,0.0,20,32.9,33.3,10,33.8,30.2,32.6,30.2,26.0,82720.0,365
2023-05-09 21:39:00,i2401-C-740,i2401-C-740,32.6,0.0,0.0,0.0,20,32.9,33.4,10,33.8,30.2,32.6,30.2,26.0,82720.0,365
2023-05-09 21:39:01,i2401-C-740,i2401-C-740,32.6,0.0,0.0,0.0,20,32.9,33.5,10,33.8,30.2,32.6,30.2,26.0,82720.0,365
2023-05-09 21:39:14,i2401-C-740,i2401-C-740,32.6,0.0,0.0,0.0,20,32.9,33.4,10,33.8,30.2,32.6,30.2,26.0,82720.0,365
2023-05-09 21:39:15,i2401-C-740,i2401-C-740,32.6,0.0,0.0,0.0,10,32.9,33.4,10,33.8,30.2,32.6,30.2,26.0,82720.0,365
2023-05-09 21:39:15,i2401-C-740,i2401-C-740,32.6,0.0,0.0,0.0,20,32.9,33.4,10,33.8,30.2,32.6,30.2,26.0,82720.0,365
2023-05-09 21:39:22,i2401-C-740,i2401-C-740,32.6,0.0,0.0,0.0,30,32.9,33.6,10,33.8,30.2,32.6,30.2,26.0,82720.0,365
2023-05-09 21:39:22,i2401-C-740,i2401-C-740,32.6,0.0,0.0,0.0,20,32.9,33.6,10,33.8,30.2,32.6,30.2,26.0,82720.0,365
2023-05-09 21:39:23,i2401-C-740,i2401-C-740,32.6,0.0,0.0,0.0,10,33.0,33.6,10,33.8,30.2,32.6,30.2,26.0,82720.0,365
2023-05-09 21:39:23,i2401-C-740,i2401-C-740,32.6,0.0,0.0,0.0,20,33.0,33.5,10,33.8,30.2,32.6,30.2,26.0,82720.0,365
2023-05-09 21:39:29,i2401-C-740,i2401-C-740,32.6,0.0,0.0,0.0,10,33.0,33.4,10,33.8,30.2,32.6,30.2,26.0,82720.0,365
2023-05-09 21:39:33,i2401-C-740,i2401-C-740,32.6,0.0,0.0,0.0,20,33.0,33.4,10,33.8,30.2,32.6,30.2,26.0,82720.0,365
2023-05-09 21:39:35,i2401-C-740,i2401-C-740,32.6,0.0,0.0,0.0,10,33.0,33.4,10,33.8,30.2,32.6,30.2,26.0,82720.0,365
2023-05-09 21:39:40,i2401-C-740,i2401-C-740,32.6,0.0,0.0,0.0,20,33.0,33.4,10,33.8,30.2,32.6,30.2,26.0,82720.0,365
2023-05-09 21:39:41,i2401-C-740,i2401-C-740,32.6,0.0,0.0,0.0,10,33.0,33.4,10,33.8,30.2,32.6,30.2,26.0,82720.0,365
2023-05-09 21:39:43,i2401-C-740,i2401-C-740,32.6,0.0,0.0,0.0,20,33.0,33.4,10,33.8,30.2,32.6,30.2,26.0,82720.0,365
2023-05-09 21:40:00,i2401-C-740,i2401-C-740,32.6,0.0,0.0,0.0,20,33.0,33.5,10,33.8,30.2,32.6,30.2,26.0,82720.0,365
2023-05-09 21:40:01,i2401-C-740,i2401-C-740,32.6,0.0,0.0,0.0,20,33.0,33.4,10,33.8,30.2,32.6,30.2,26.0,82720.0,365
2023-05-09 21:40:02,i2401-C-740,i2401-C-740,32.6,0.0,0.0,0.0,20,33.0,33.6,10,33.8,30.2,32.6,30.2,26.0,82720.0,365
2023-05-09 21:40:03,i2401-C-740,i2401-C-740,32.6,0.0,0.0,0.0,10,33.0,33.5,10,33.8,30.2,32.6,30.2,26.0,82720.0,365
2023-05-09 21:40:03,i2401-C-740,i2401-C-740,32.6,0.0,0.0,0.0,20,33.0,33.6,10,33.8,30.2,32.6,30.2,26.0,82720.0,365
2023-05-09 21:40:04,i2401-C-740,i2401-C-740,32.6,0.0,0.0,0.0,30,33.0,33.7,10,33.8,30.2,32.6,30.2,26.0,82720.0,365
2023-05-09 21:40:14,i2401-C-740,i2401-C-740,32.6,0.0,0.0,0.0,30,33.0,33.6,10,33.8,30.2,32.6,30.2,26.0,82720.0,365
2023-05-09 21:40:16,i2401-C-740,i2401-C-740,32.6,0.0,0.0,0.0,30,33.0,33.7,10,33.8,30.2,32.6,30.2,26.0,82720.0,365
2023-05-09 21:40:27,i2401-C-740,i2401-C-740,32.6,0.0,0.0,0.0,20,33.1,33.8,10,33.8,30.2,32.6,30.2,26.0,82720.0,365
2023-05-09 21:40:27,i2401-C-740,i2401-C-740,32.6,0.0,0.0,0.0,10,33.2,33.8,10,33.8,30.2,32.6,30.2,26.0,82720.0,365
2023-05-09 21:40:28,i2401-C-740,i2401-C-740,32.6,0.0,0.0,0.0,20,33.2,33.7,10,33.8,30.2,32.6,30.2,26.0,82720.0,365
2023-05-09 21:40:31,i2401-C-740,i2401-C-740,32.6,0.0,0.0,0.0,20,33.2,33.8,10,33.8,30.2,32.6,30.2,26.0,82720.0,365
2023-05-09 21:40:34,i2401-C-740,i2401-C-740,32.6,0.0,0.0,0.0,20,33.2,33.7,10,33.8,30.2,32.6,30.2,26.0,82720.0,365
2023-05-09 21:40:35,i2401-C-740,i2401-C-740,32.6,0.0,0.0,0.0,20,33.2,33.8,10,33.8,30.2,32.6,30.2,26.0,82720.0,365
2023-05-09 21:40:37,i2401-C-740,i2401-C-740,32.6,0.0,0.0,0.0,30,33.2,33.8,10,33.8,30.2,32.6,30.2,26.0,82720.0,365
2023-05-09 21:40:37,i2401-C-740,i2401-C-740,32.6,0.0,0.0,0.0,20,33.2,33.8,10,33.8,30.2,32.6,30.2,26.0,82720.0,365
2023-05-09 21:40:39,i2401-C-740,i2401-C-740,32.6,0.0,0.0,0.0,30,33.2,33.8,10,33.8,30.2,32.6,30.2,26.0,82720.0,365
2023-05-09 21:40:40,i2401-C-740,i2401-C-740,32.6,0.0,0.0,0.0,20,33.2,33.8,10,33.8,30.2,32.6,30.2,26.0,82720.0,365
2023-05-09 21:40:40,i2401-C-740,i2401-C-740,32.6,0.0,0.0,0.0,30,33.2,33.8,10,33.8,30.2,32.6,30.2,26.0,82720.0,365
2023-05-09 21:40:41,i2401-C-740,i2401-C-740,32.6,0.0,0.0,0.0,20,33.2,33.8,10,33.8,30.2,32.6,30.2,26.0,82720.0,365
2023-05-09 21:40:41,i2401-C-740,i2401-C-740,32.6,0.0,0.0,0.0,40,33.2,33.9,10,33.8,30.2,32.6,30.2,26.0,82720.0,365
2023-05-09 21:40:42,i2401-C-740,i2401-C-740,32.6,0.0,0.0,0.0,30,33.2,33.8,10,33.8,30.2,32.6,30.2,26.0,82720.0,365
2023-05-09 21:40:42,i2401-C-740,i2401-C-740,32.6,0.0,0.0,0.0,20,33.2,33.8,10,33.8,30.2,32.6,30.2,26.0,82720.0,365
2023-05-09 21:40:43,i2401-C-740,i2401-C-740,32.6,0.0,0.0,0.0,30,33.2,33.8,10,33.8,30.2,32.6,30.2,26.0,82720.0,365
2023-05-09 21:40:44,i2401-C-740,i2401-C-740,32.6,0.0,0.0,0.0,30,33.2,33.9,10,33.8,30.2,32.6,30.2,26.0,82720.0,365
2023-05-09 21:40:44,i2401-C-740,i2401-C-740,32.6,0.0,0.0,0.0,30,33.2,33.8,10,33.8,30.2,32.6,30.2,26.0,82720.0,365
2023-05-09 21:40:45,i2401-C-740,i2401-C-740,32.6,0.0,0.0,0.0,20,33.2,33.8,10,33.8,30.2,32.6,30.2,26.0,82720.0,365
2023-05-09 21:40:46,i2401-C-740,i2401-C-740,32.6,0.0,0.0,0.0,30,33.2,33.8,10,33.8,30.2,32.6,30.2,26.0,82720.0,365
2023-05-09 21:40:46,i2401-C-740,i2401-C-740,32.6,0.0,0.0,0.0,30,33.2,33.9,10,33.8,30.2,32.6,30.2,26.0,82720.0,365
2023-05-09 21:40:59,i2401-C-740,i2401-C-740,32.6,0.0,0.0,0.0,10,33.2,33.8,10,33.8,30.2,32.6,30.2,26.0,82720.0,365
2023-05-09 21:41:00,i2401-C-740,i2401-C-740,32.6,0.0,0.0,0.0,20,33.2,33.7,10,33.8,30.2,32.6,30.2,26.0,82720.0,365
2023-05-09 21:41:00,i2401-C-740,i2401-C-740,32.6,0.0,0.0,0.0,20,33.2,33.8,10,33.8,30.2,32.6,30.2,26.0,82720.0,365
2023-05-09 21:41:02,i2401-C-740,i2401-C-740,32.6,0.0,0.0,0.0,30,33.2,33.8,10,33.8,30.2,32.6,30.2,26.0,82720.0,365
2023-05-09 21:41:03,i2401-C-740,i2401-C-740,32.6,0.0,0.0,0.0,20,33.2,33.8,10,33.8,30.2,32.6,30.2,26.0,82720.0,365
2023-05-09 21:41:06,i2401-C-740,i2401-C-740,32.6,0.0,0.0,0.0,20,33.2,33.7,10,33.8,30.2,32.6,30.2,26.0,82720.0,365
2023-05-09 21:41:06,i2401-C-740,i2401-C-740,32.6,0.0,0.0,0.0,20,33.2,33.8,10,33.8,30.2,32.6,30.2,26.0,82720.0,365
2023-05-09 21:41:08,i2401-C-740,i2401-C-740,32.6,0.0,0.0,0.0,20,33.2,33.7,10,33.8,30.2,32.6,30.2,26.0,82720.0,365
2023-05-09 21:41:11,i2401-C-740,i2401-C-740,32.6,0.0,0.0,0.0,10,33.2,33.7,10,33.8,30.2,32.6,30.2,26.0,82720.0,365
2023-05-09 21:41:12,i2401-C-740,i2401-C-740,32.6,0.0,0.0,0.0,10,33.2,33.6,10,33.8,30.2,32.6,30.2,26.0,82720.0,365
2023-05-09 21:41:13,i2401-C-740,i2401-C-740,32.6,0.0,0.0,0.0,10,33.2,33.7,10,33.8,30.2,32.6,30.2,26.0,82720.0,365
2023-05-09 21:41:14,i2401-C-740,i2401-C-740,32.6,0.0,0.0,0.0,10,33.2,33.8,10,33.8,30.2,32.6,30.2,26.0,82720.0,365
2023-05-09 21:41:14,i2401-C-740,i2401-C-740,32.6,0.0,0.0,0.0,10,33.2,33.7,10,33.8,30.2,32.6,30.2,26.0,82720.0,365
2023-05-09 21:41:18,i2401-C-740,i2401-C-740,32.6,0.0,0.0,0.0,10,33.2,33.6,10,33.8,30.2,32.6,30.2,26.0,82720.0,365
2023-05-09 21:41:18,i2401-C-740,i2401-C-740,32.6,0.0,0.0,0.0,10,33.2,33.7,10,33.8,30.2,32.6,30.2,26.0,82720.0,365
2023-05-09 21:41:19,i2401-C-740,i2401-C-740,32.6,0.0,0.0,0.0,10,33.2,33.6,10,33.8,30.2,32.6,30.2,26.0,82720.0,365
2023-05-09 21:41:20,i2401-C-740,i2401-C-740,32.6,0.0,0.0,0.0,20,33.2,33.6,10,33.8,30.2,32.6,30.2,26.0,82720.0,365
2023-05-09 21:41:21,i2401-C-740,i2401-C-740,32.6,0.0,0.0,0.0,20,33.2,33.7,10,33.8,30.2,32.6,30.2,26.0,82720.0,365
2023-05-09 21:41:23,i2401-C-740,i2401-C-740,32.6,0.0,0.0,0.0,20,33.2,33.8,10,33.8,30.2,32.6,30.2,26.0,82720.0,365
2023-05-09 21:41:25,i2401-C-740,i2401-C-740,32.6,0.0,0.0,0.0,20,33.2,33.7,10,33.8,30.2,32.6,30.2,26.0,82720.0,365
2023-05-09 21:41:39,i2401-C-740,i2401-C-740,32.6,0.0,0.0,0.0,10,33.5,33.7,10,33.8,30.2,32.6,30.2,26.0,82720.0,365
2023-05-09 21:41:40,i2401-C-740,i2401-C-740,32.6,0.0,0.0,0.0,10,33.5,33.8,10,33.8,30.2,32.6,30.2,26.0,82720.0,365
2023-05-09 21:41:41,i2401-C-740,i2401-C-740,32.6,0.0,0.0,0.0,10,33.5,33.7,10,33.8,30.2,32.6,30.2,26.0,82720.0,365
2023-05-09 21:41:41,i2401-C-740,i2401-C-740,32.6,0.0,0.0,0.0,10,33.5,33.8,10,33.8,30.2,32.6,30.2,26.0,82720.0,365
2023-05-09 21:41:45,i2401-C-740,i2401-C-740,32.6,0.0,0.0,0.0,10,33.5,33.9,20,33.8,30.2,32.6,30.2,26.0,82720.0,365
2023-05-09 21:41:47,i2401-C-740,i2401-C-740,32.6,0.0,0.0,0.0,10,33.5,33.8,10,33.8,30.2,32.6,30.2,26.0,82720.0,365
2023-05-09 21:41:50,i2401-C-740,i2401-C-740,32.6,0.0,0.0,0.0,10,33.5,33.9,20,33.8,30.2,32.6,30.2,26.0,82720.0,365
2023-05-09 21:41:50,i2401-C-740,i2401-C-740,32.6,0.0,0.0,0.0,10,33.5,33.9,10,33.8,30.2,32.6,30.2,26.0,82720.0,365
2023-05-09 21:41:52,i2401-C-740,i2401-C-740,32.6,0.0,0.0,0.0,20,33.5,33.9,10,33.8,30.2,32.6,30.2,26.0,82720.0,365
2023-05-09 21:42:20,i2401-C-740,i2401-C-740,32.6,0.0,0.0,0.0,10,33.3,33.7,10,33.8,30.2,32.6,30.2,26.0,82720.0,365
2023-05-09 21:42:21,i2401-C-740,i2401-C-740,32.6,0.0,0.0,0.0,10,33.3,33.6,10,33.8,30.2,32.6,30.2,26.0,82720.0,365
2023-05-09 21:42:22,i2401-C-740,i2401-C-740,32.6,0.0,0.0,0.0,20,33.3,33.6,10,33.8,30.2,32.6,30.2,26.0,82720.0,365
2023-05-09 21:42:28,i2401-C-740,i2401-C-740,32.6,0.0,0.0,0.0,20,33.3,33.7,10,33.8,30.2,32.6,30.2,26.0,82720.0,365
2023-05-09 21:42:36,i2401-C-740,i2401-C-740,32.6,0.0,0.0,0.0,20,33.3,33.6,10,33.8,30.2,32.6,30.2,26.0,82720.0,365
2023-05-09 21:42:36,i2401-C-740,i2401-C-740,32.6,0.0,0.0,0.0,10,33.3,33.6,10,33.8,30.2,32.6,30.2,26.0,82720.0,365
2023-05-09 21:42:36,i2401-C-740,i2401-C-740,32.6,0.0,0.0,0.0,10,33.3,33.7,10,33.8,30.2,32.6,30.2,26.0,82720.0,365
2023-05-09 21:42:37,i2401-C-740,i2401-C-740,32.6,0.0,0.0,0.0,10,33.3,33.6,10,33.8,30.2,32.6,30.2,26.0,82720.0,365
2023-05-09 21:42:38,i2401-C-740,i2401-C-740,32.6,0.0,0.0,0.0,10,33.3,33.7,10,33.8,30.2,32.6,30.2,26.0,82720.0,365
2023-05-09 21:42:38,i2401-C-740,i2401-C-740,32.6,0.0,0.0,0.0,20,33.3,33.7,10,33.8,30.2,32.6,30.2,26.0,82720.0,365
2023-05-09 21:42:38,i2401-C-740,i2401-C-740,32.6,0.0,0.0,0.0,20,33.3,33.6,10,33.8,30.2,32.6,30.2,26.0,82720.0,365
2023-05-09 21:42:39,i2401-C-740,i2401-C-740,32.6,0.0,0.0,0.0,10,33.3,33.6,10,33.8,30.2,32.6,30.2,26.0,82720.0,365
2023-05-09 21:42:40,i2401-C-740,i2401-C-740,32.6,0.0,0.0,0.0,10,33.3,33.7,10,33.8,30.2,32.6,30.2,26.0,82720.0,365
2023-05-09 21:42:43,i2401-C-740,i2401-C-740,32.6,0.0,0.0,0.0,20,33.3,33.8,10,33.8,30.2,32.6,30.2,26.0,82720.0,365
2023-05-09 21:42:44,i2401-C-740,i2401-C-740,32.6,0.0,0.0,0.0,20,33.3,33.9,20,33.8,30.2,32.6,30.2,26.0,82720.0,365
2023-05-09 21:42:45,i2401-C-740,i2401-C-740,32.6,0.0,0.0,0.0,20,33.3,33.8,10,33.8,30.2,32.6,30.2,26.0,82720.0,365
2023-05-09 21:42:58,i2401-C-740,i2401-C-740,32.6,0.0,0.0,0.0,40,33.3,33.9,10,33.8,30.2,32.6,30.2,26.0,82720.0,365
2023-05-09 21:42:58,i2401-C-740,i2401-C-740,32.6,0.0,0.0,0.0,40,33.3,34.0,10,33.8,30.2,32.6,30.2,26.0,82720.0,365
2023-05-09 21:43:01,i2401-C-740,i2401-C-740,32.6,0.0,0.0,0.0,50,33.3,34.0,10,33.8,30.2,32.6,30.2,26.0,82720.0,365
2023-05-09 21:43:20,i2401-C-740,i2401-C-740,32.6,0.0,0.0,0.0,50,33.3,33.9,10,33.8,30.2,32.6,30.2,26.0,82720.0,365
2023-05-09 21:43:20,i2401-C-740,i2401-C-740,32.6,0.0,0.0,0.0,50,33.3,34.0,10,33.8,30.2,32.6,30.2,26.0,82720.0,365
2023-05-09 21:43:23,i2401-C-740,i2401-C-740,32.6,0.0,0.0,0.0,50,33.3,33.9,10,33.8,30.2,32.6,30.2,26.0,82720.0,365
2023-05-09 21:43:24,i2401-C-740,i2401-C-740,32.6,0.0,0.0,0.0,40,33.3,33.9,10,33.8,30.2,32.6,30.2,26.0,82720.0,365
2023-05-09 21:43:24,i2401-C-740,i2401-C-740,32.6,0.0,0.0,0.0,50,33.3,33.9,10,33.8,30.2,32.6,30.2,26.0,82720.0,365
2023-05-09 21:43:27,i2401-C-740,i2401-C-740,32.6,0.0,0.0,0.0,40,33.3,33.9,10,33.8,30.2,32.6,30.2,26.0,82720.0,365
2023-05-09 21:43:39,i2401-C-740,i2401-C-740,32.6,0.0,0.0,0.0,50,33.3,33.9,10,33.8,30.2,32.6,30.2,26.0,82720.0,365
2023-05-09 21:43:46,i2401-C-740,i2401-C-740,32.6,0.0,0.0,0.0,50,33.3,34.0,10,33.8,30.2,32.6,30.2,26.0,82720.0,365
2023-05-09 21:43:51,i2401-C-740,i2401-C-740,32.6,0.0,0.0,0.0,20,33.4,34.0,10,33.8,30.2,32.6,30.2,26.0,82720.0,365
2023-05-09 21:43:51,i2401-C-740,i2401-C-740,32.6,0.0,0.0,0.0,30,33.4,34.1,14,33.8,30.2,32.6,30.2,26.0,82720.0,365
