time,symbol_id,symbol_name,last,trade_volume,trade_amount,open_interest_change,bv1,bp1,ap1,av1,yesterday_close,today_open,today_high,today_low,volume,amount,open_interest
2023-05-09 20:56:16,i2403-P-590,i2403-P-590,28.1,0.0,0.0,0.0,1,0.1,0.0,0,28.1,0.0,0.0,0.0,0.0,0.0,18
2023-05-09 21:00:19,i2403-P-590,i2403-P-590,28.1,0.0,0.0,0.0,10,0.2,0.0,0,28.1,0.0,0.0,0.0,0.0,0.0,18
2023-05-09 21:01:12,i2403-P-590,i2403-P-590,28.1,0.0,0.0,0.0,1,8.4,0.0,0,28.1,0.0,0.0,0.0,0.0,0.0,18
2023-05-09 21:01:12,i2403-P-590,i2403-P-590,28.1,0.0,0.0,0.0,10,8.5,0.0,0,28.1,0.0,0.0,0.0,0.0,0.0,18
2023-05-09 21:01:15,i2403-P-590,i2403-P-590,28.1,0.0,0.0,0.0,1,8.6,0.0,0,28.1,0.0,0.0,0.0,0.0,0.0,18
2023-05-09 21:01:15,i2403-P-590,i2403-P-590,28.1,0.0,0.0,0.0,10,8.7,0.0,0,28.1,0.0,0.0,0.0,0.0,0.0,18
2023-05-09 21:03:18,i2403-P-590,i2403-P-590,28.1,0.0,0.0,0.0,1,8.8,0.0,0,28.1,0.0,0.0,0.0,0.0,0.0,18
2023-05-09 21:03:18,i2403-P-590,i2403-P-590,28.1,0.0,0.0,0.0,10,8.9,0.0,0,28.1,0.0,0.0,0.0,0.0,0.0,18
2023-05-09 21:04:03,i2403-P-590,i2403-P-590,28.1,0.0,0.0,0.0,1,9.0,0.0,0,28.1,0.0,0.0,0.0,0.0,0.0,18
2023-05-09 21:04:03,i2403-P-590,i2403-P-590,28.1,0.0,0.0,0.0,10,9.1,0.0,0,28.1,0.0,0.0,0.0,0.0,0.0,18
2023-05-09 21:04:54,i2403-P-590,i2403-P-590,28.1,0.0,0.0,0.0,1,9.2,0.0,0,28.1,0.0,0.0,0.0,0.0,0.0,18
2023-05-09 21:04:54,i2403-P-590,i2403-P-590,28.1,0.0,0.0,0.0,10,9.3,0.0,0,28.1,0.0,0.0,0.0,0.0,0.0,18
2023-05-09 21:06:45,i2403-P-590,i2403-P-590,28.1,0.0,0.0,0.0,1,9.4,0.0,0,28.1,0.0,0.0,0.0,0.0,0.0,18
2023-05-09 21:06:45,i2403-P-590,i2403-P-590,28.1,0.0,0.0,0.0,10,9.5,0.0,0,28.1,0.0,0.0,0.0,0.0,0.0,18
2023-05-09 21:07:36,i2403-P-590,i2403-P-590,28.1,0.0,0.0,0.0,1,9.6,0.0,0,28.1,0.0,0.0,0.0,0.0,0.0,18
2023-05-09 21:07:36,i2403-P-590,i2403-P-590,28.1,0.0,0.0,0.0,10,9.7,0.0,0,28.1,0.0,0.0,0.0,0.0,0.0,18
2023-05-09 21:07:42,i2403-P-590,i2403-P-590,28.1,0.0,0.0,0.0,1,9.8,0.0,0,28.1,0.0,0.0,0.0,0.0,0.0,18
2023-05-09 21:07:42,i2403-P-590,i2403-P-590,28.1,0.0,0.0,0.0,10,9.9,0.0,0,28.1,0.0,0.0,0.0,0.0,0.0,18
2023-05-09 21:07:46,i2403-P-590,i2403-P-590,28.1,0.0,0.0,0.0,1,10.0,0.0,0,28.1,0.0,0.0,0.0,0.0,0.0,18
2023-05-09 21:07:46,i2403-P-590,i2403-P-590,28.1,0.0,0.0,0.0,10,10.1,0.0,0,28.1,0.0,0.0,0.0,0.0,0.0,18
2023-05-09 21:08:14,i2403-P-590,i2403-P-590,28.1,0.0,0.0,0.0,1,10.2,0.0,0,28.1,0.0,0.0,0.0,0.0,0.0,18
2023-05-09 21:08:14,i2403-P-590,i2403-P-590,28.1,0.0,0.0,0.0,10,10.3,0.0,0,28.1,0.0,0.0,0.0,0.0,0.0,18
2023-05-09 21:10:12,i2403-P-590,i2403-P-590,28.1,0.0,0.0,0.0,1,10.4,0.0,0,28.1,0.0,0.0,0.0,0.0,0.0,18
2023-05-09 21:10:12,i2403-P-590,i2403-P-590,28.1,0.0,0.0,0.0,10,10.5,0.0,0,28.1,0.0,0.0,0.0,0.0,0.0,18
2023-05-09 21:11:08,i2403-P-590,i2403-P-590,28.1,0.0,0.0,0.0,1,10.6,0.0,0,28.1,0.0,0.0,0.0,0.0,0.0,18
2023-05-09 21:11:08,i2403-P-590,i2403-P-590,28.1,0.0,0.0,0.0,10,10.7,0.0,0,28.1,0.0,0.0,0.0,0.0,0.0,18
2023-05-09 21:12:16,i2403-P-590,i2403-P-590,28.1,0.0,0.0,0.0,1,10.8,0.0,0,28.1,0.0,0.0,0.0,0.0,0.0,18
2023-05-09 21:12:16,i2403-P-590,i2403-P-590,28.1,0.0,0.0,0.0,10,10.9,0.0,0,28.1,0.0,0.0,0.0,0.0,0.0,18
2023-05-09 21:12:18,i2403-P-590,i2403-P-590,28.1,0.0,0.0,0.0,1,11.0,0.0,0,28.1,0.0,0.0,0.0,0.0,0.0,18
2023-05-09 21:12:18,i2403-P-590,i2403-P-590,28.1,0.0,0.0,0.0,10,11.1,0.0,0,28.1,0.0,0.0,0.0,0.0,0.0,18
2023-05-09 21:12:38,i2403-P-590,i2403-P-590,28.1,0.0,0.0,0.0,1,11.2,0.0,0,28.1,0.0,0.0,0.0,0.0,0.0,18
2023-05-09 21:12:38,i2403-P-590,i2403-P-590,28.1,0.0,0.0,0.0,10,11.3,0.0,0,28.1,0.0,0.0,0.0,0.0,0.0,18
2023-05-09 21:15:43,i2403-P-590,i2403-P-590,28.1,0.0,0.0,0.0,1,11.4,0.0,0,28.1,0.0,0.0,0.0,0.0,0.0,18
2023-05-09 21:15:43,i2403-P-590,i2403-P-590,28.1,0.0,0.0,0.0,10,11.5,0.0,0,28.1,0.0,0.0,0.0,0.0,0.0,18
2023-05-09 21:15:45,i2403-P-590,i2403-P-590,28.1,0.0,0.0,0.0,1,11.6,0.0,0,28.1,0.0,0.0,0.0,0.0,0.0,18
2023-05-09 21:15:45,i2403-P-590,i2403-P-590,28.1,0.0,0.0,0.0,10,11.7,0.0,0,28.1,0.0,0.0,0.0,0.0,0.0,18
2023-05-09 21:15:46,i2403-P-590,i2403-P-590,28.1,0.0,0.0,0.0,1,11.8,0.0,0,28.1,0.0,0.0,0.0,0.0,0.0,18
2023-05-09 21:15:46,i2403-P-590,i2403-P-590,28.1,0.0,0.0,0.0,10,11.9,0.0,0,28.1,0.0,0.0,0.0,0.0,0.0,18
2023-05-09 21:15:48,i2403-P-590,i2403-P-590,28.1,0.0,0.0,0.0,1,12.0,0.0,0,28.1,0.0,0.0,0.0,0.0,0.0,18
2023-05-09 21:15:48,i2403-P-590,i2403-P-590,28.1,0.0,0.0,0.0,10,12.1,0.0,0,28.1,0.0,0.0,0.0,0.0,0.0,18
2023-05-09 21:15:49,i2403-P-590,i2403-P-590,28.1,0.0,0.0,0.0,1,12.2,0.0,0,28.1,0.0,0.0,0.0,0.0,0.0,18
2023-05-09 21:15:49,i2403-P-590,i2403-P-590,28.1,0.0,0.0,0.0,10,12.3,0.0,0,28.1,0.0,0.0,0.0,0.0,0.0,18
2023-05-09 21:15:51,i2403-P-590,i2403-P-590,28.1,0.0,0.0,0.0,1,12.4,0.0,0,28.1,0.0,0.0,0.0,0.0,0.0,18
2023-05-09 21:15:51,i2403-P-590,i2403-P-590,28.1,0.0,0.0,0.0,10,12.5,0.0,0,28.1,0.0,0.0,0.0,0.0,0.0,18
2023-05-09 21:15:52,i2403-P-590,i2403-P-590,28.1,0.0,0.0,0.0,1,12.6,0.0,0,28.1,0.0,0.0,0.0,0.0,0.0,18
2023-05-09 21:15:52,i2403-P-590,i2403-P-590,28.1,0.0,0.0,0.0,10,12.7,0.0,0,28.1,0.0,0.0,0.0,0.0,0.0,18
2023-05-09 21:15:53,i2403-P-590,i2403-P-590,28.1,0.0,0.0,0.0,1,12.8,0.0,0,28.1,0.0,0.0,0.0,0.0,0.0,18
2023-05-09 21:15:53,i2403-P-590,i2403-P-590,28.1,0.0,0.0,0.0,10,12.9,0.0,0,28.1,0.0,0.0,0.0,0.0,0.0,18
2023-05-09 21:15:54,i2403-P-590,i2403-P-590,28.1,0.0,0.0,0.0,1,13.0,0.0,0,28.1,0.0,0.0,0.0,0.0,0.0,18
2023-05-09 21:15:54,i2403-P-590,i2403-P-590,28.1,0.0,0.0,0.0,10,13.1,0.0,0,28.1,0.0,0.0,0.0,0.0,0.0,18
2023-05-09 21:15:55,i2403-P-590,i2403-P-590,28.1,0.0,0.0,0.0,1,13.2,0.0,0,28.1,0.0,0.0,0.0,0.0,0.0,18
2023-05-09 21:15:55,i2403-P-590,i2403-P-590,28.1,0.0,0.0,0.0,10,13.3,0.0,0,28.1,0.0,0.0,0.0,0.0,0.0,18
2023-05-09 21:15:57,i2403-P-590,i2403-P-590,28.1,0.0,0.0,0.0,1,13.4,0.0,0,28.1,0.0,0.0,0.0,0.0,0.0,18
2023-05-09 21:15:57,i2403-P-590,i2403-P-590,28.1,0.0,0.0,0.0,10,13.5,0.0,0,28.1,0.0,0.0,0.0,0.0,0.0,18
2023-05-09 21:15:58,i2403-P-590,i2403-P-590,28.1,0.0,0.0,0.0,1,13.6,0.0,0,28.1,0.0,0.0,0.0,0.0,0.0,18
2023-05-09 21:15:58,i2403-P-590,i2403-P-590,28.1,0.0,0.0,0.0,10,13.7,0.0,0,28.1,0.0,0.0,0.0,0.0,0.0,18
2023-05-09 21:15:59,i2403-P-590,i2403-P-590,28.1,0.0,0.0,0.0,1,13.8,0.0,0,28.1,0.0,0.0,0.0,0.0,0.0,18
2023-05-09 21:15:59,i2403-P-590,i2403-P-590,28.1,0.0,0.0,0.0,10,13.9,0.0,0,28.1,0.0,0.0,0.0,0.0,0.0,18
2023-05-09 21:16:00,i2403-P-590,i2403-P-590,28.1,0.0,0.0,0.0,1,14.0,0.0,0,28.1,0.0,0.0,0.0,0.0,0.0,18
2023-05-09 21:16:00,i2403-P-590,i2403-P-590,28.1,0.0,0.0,0.0,10,14.1,0.0,0,28.1,0.0,0.0,0.0,0.0,0.0,18
2023-05-09 21:31:15,i2403-P-590,i2403-P-590,28.1,0.0,0.0,0.0,1,14.2,0.0,0,28.1,0.0,0.0,0.0,0.0,0.0,18
2023-05-09 21:31:15,i2403-P-590,i2403-P-590,28.1,0.0,0.0,0.0,10,14.3,0.0,0,28.1,0.0,0.0,0.0,0.0,0.0,18
2023-05-09 22:15:38,i2403-P-590,i2403-P-590,28.1,0.0,0.0,0.0,1,14.4,0.0,0,28.1,0.0,0.0,0.0,0.0,0.0,18
2023-05-09 22:15:38,i2403-P-590,i2403-P-590,28.1,0.0,0.0,0.0,10,14.5,0.0,0,28.1,0.0,0.0,0.0,0.0,0.0,18
2023-05-09 22:45:42,i2403-P-590,i2403-P-590,28.1,0.0,0.0,0.0,1,14.6,0.0,0,28.1,0.0,0.0,0.0,0.0,0.0,18
2023-05-09 22:45:42,i2403-P-590,i2403-P-590,28.1,0.0,0.0,0.0,10,14.7,0.0,0,28.1,0.0,0.0,0.0,0.0,0.0,18
2023-05-09 22:57:32,i2403-P-590,i2403-P-590,28.1,0.0,0.0,0.0,1,14.6,0.0,0,28.1,0.0,0.0,0.0,0.0,0.0,18
2023-05-09 22:57:48,i2403-P-590,i2403-P-590,28.1,0.0,0.0,0.0,10,14.7,0.0,0,28.1,0.0,0.0,0.0,0.0,0.0,18
2023-05-09 22:58:55,i2403-P-590,i2403-P-590,28.1,0.0,0.0,0.0,1,14.6,0.0,0,28.1,0.0,0.0,0.0,0.0,0.0,18
2023-05-09 22:59:11,i2403-P-590,i2403-P-590,28.1,0.0,0.0,0.0,10,14.7,0.0,0,28.1,0.0,0.0,0.0,0.0,0.0,18
2023-05-09 22:59:55,i2403-P-590,i2403-P-590,28.1,0.0,0.0,0.0,1,14.6,0.0,0,28.1,0.0,0.0,0.0,0.0,0.0,18
2023-05-10 09:00:02,i2403-P-590,i2403-P-590,28.1,0.0,0.0,0.0,10,0.6,0.0,0,28.1,0.0,0.0,0.0,0.0,0.0,18
2023-05-10 09:01:13,i2403-P-590,i2403-P-590,28.1,0.0,0.0,0.0,1,7.3,0.0,0,28.1,0.0,0.0,0.0,0.0,0.0,18
2023-05-10 09:01:13,i2403-P-590,i2403-P-590,28.1,0.0,0.0,0.0,10,7.4,0.0,0,28.1,0.0,0.0,0.0,0.0,0.0,18
2023-05-10 09:01:17,i2403-P-590,i2403-P-590,28.1,0.0,0.0,0.0,1,7.5,0.0,0,28.1,0.0,0.0,0.0,0.0,0.0,18
2023-05-10 09:01:17,i2403-P-590,i2403-P-590,28.1,0.0,0.0,0.0,10,7.6,0.0,0,28.1,0.0,0.0,0.0,0.0,0.0,18
2023-05-10 09:01:20,i2403-P-590,i2403-P-590,28.1,0.0,0.0,0.0,1,7.7,0.0,0,28.1,0.0,0.0,0.0,0.0,0.0,18
2023-05-10 09:01:20,i2403-P-590,i2403-P-590,28.1,0.0,0.0,0.0,10,7.8,0.0,0,28.1,0.0,0.0,0.0,0.0,0.0,18
2023-05-10 09:01:55,i2403-P-590,i2403-P-590,28.1,0.0,0.0,0.0,1,7.9,0.0,0,28.1,0.0,0.0,0.0,0.0,0.0,18
2023-05-10 09:01:55,i2403-P-590,i2403-P-590,28.1,0.0,0.0,0.0,10,8.0,0.0,0,28.1,0.0,0.0,0.0,0.0,0.0,18
2023-05-10 09:03:43,i2403-P-590,i2403-P-590,28.1,0.0,0.0,0.0,1,8.1,0.0,0,28.1,0.0,0.0,0.0,0.0,0.0,18
2023-05-10 09:03:43,i2403-P-590,i2403-P-590,28.1,0.0,0.0,0.0,10,8.2,0.0,0,28.1,0.0,0.0,0.0,0.0,0.0,18
2023-05-10 09:04:17,i2403-P-590,i2403-P-590,28.1,0.0,0.0,0.0,1,8.3,0.0,0,28.1,0.0,0.0,0.0,0.0,0.0,18
2023-05-10 09:04:17,i2403-P-590,i2403-P-590,28.1,0.0,0.0,0.0,10,8.4,0.0,0,28.1,0.0,0.0,0.0,0.0,0.0,18
2023-05-10 09:05:22,i2403-P-590,i2403-P-590,28.1,0.0,0.0,0.0,1,8.5,0.0,0,28.1,0.0,0.0,0.0,0.0,0.0,18
2023-05-10 09:05:22,i2403-P-590,i2403-P-590,28.1,0.0,0.0,0.0,10,8.6,0.0,0,28.1,0.0,0.0,0.0,0.0,0.0,18
2023-05-10 09:05:28,i2403-P-590,i2403-P-590,28.1,0.0,0.0,0.0,1,8.7,0.0,0,28.1,0.0,0.0,0.0,0.0,0.0,18
2023-05-10 09:05:28,i2403-P-590,i2403-P-590,28.1,0.0,0.0,0.0,10,8.8,0.0,0,28.1,0.0,0.0,0.0,0.0,0.0,18
2023-05-10 09:05:45,i2403-P-590,i2403-P-590,28.1,0.0,0.0,0.0,1,8.9,0.0,0,28.1,0.0,0.0,0.0,0.0,0.0,18
2023-05-10 09:05:45,i2403-P-590,i2403-P-590,28.1,0.0,0.0,0.0,10,9.0,0.0,0,28.1,0.0,0.0,0.0,0.0,0.0,18
2023-05-10 09:05:49,i2403-P-590,i2403-P-590,28.1,0.0,0.0,0.0,1,9.1,0.0,0,28.1,0.0,0.0,0.0,0.0,0.0,18
2023-05-10 09:05:49,i2403-P-590,i2403-P-590,28.1,0.0,0.0,0.0,10,9.2,0.0,0,28.1,0.0,0.0,0.0,0.0,0.0,18
2023-05-10 09:05:51,i2403-P-590,i2403-P-590,28.1,0.0,0.0,0.0,1,9.3,0.0,0,28.1,0.0,0.0,0.0,0.0,0.0,18
2023-05-10 09:05:51,i2403-P-590,i2403-P-590,28.1,0.0,0.0,0.0,10,9.4,0.0,0,28.1,0.0,0.0,0.0,0.0,0.0,18
2023-05-10 09:05:53,i2403-P-590,i2403-P-590,28.1,0.0,0.0,0.0,1,9.5,0.0,0,28.1,0.0,0.0,0.0,0.0,0.0,18
2023-05-10 09:05:53,i2403-P-590,i2403-P-590,28.1,0.0,0.0,0.0,10,9.6,0.0,0,28.1,0.0,0.0,0.0,0.0,0.0,18
2023-05-10 09:05:55,i2403-P-590,i2403-P-590,28.1,0.0,0.0,0.0,1,9.7,0.0,0,28.1,0.0,0.0,0.0,0.0,0.0,18
2023-05-10 09:05:55,i2403-P-590,i2403-P-590,28.1,0.0,0.0,0.0,10,9.8,0.0,0,28.1,0.0,0.0,0.0,0.0,0.0,18
2023-05-10 09:05:57,i2403-P-590,i2403-P-590,28.1,0.0,0.0,0.0,1,9.9,0.0,0,28.1,0.0,0.0,0.0,0.0,0.0,18
2023-05-10 09:05:57,i2403-P-590,i2403-P-590,28.1,0.0,0.0,0.0,10,10.0,0.0,0,28.1,0.0,0.0,0.0,0.0,0.0,18
2023-05-10 09:06:00,i2403-P-590,i2403-P-590,28.1,0.0,0.0,0.0,1,10.1,0.0,0,28.1,0.0,0.0,0.0,0.0,0.0,18
2023-05-10 09:06:00,i2403-P-590,i2403-P-590,28.1,0.0,0.0,0.0,10,10.2,0.0,0,28.1,0.0,0.0,0.0,0.0,0.0,18
2023-05-10 09:06:02,i2403-P-590,i2403-P-590,28.1,0.0,0.0,0.0,1,10.3,0.0,0,28.1,0.0,0.0,0.0,0.0,0.0,18
2023-05-10 09:06:02,i2403-P-590,i2403-P-590,28.1,0.0,0.0,0.0,10,10.4,0.0,0,28.1,0.0,0.0,0.0,0.0,0.0,18
2023-05-10 09:06:05,i2403-P-590,i2403-P-590,28.1,0.0,0.0,0.0,1,10.5,0.0,0,28.1,0.0,0.0,0.0,0.0,0.0,18
2023-05-10 09:06:05,i2403-P-590,i2403-P-590,28.1,0.0,0.0,0.0,10,10.6,0.0,0,28.1,0.0,0.0,0.0,0.0,0.0,18
2023-05-10 09:06:11,i2403-P-590,i2403-P-590,28.1,0.0,0.0,0.0,1,10.7,0.0,0,28.1,0.0,0.0,0.0,0.0,0.0,18
2023-05-10 09:06:11,i2403-P-590,i2403-P-590,28.1,0.0,0.0,0.0,10,10.8,0.0,0,28.1,0.0,0.0,0.0,0.0,0.0,18
2023-05-10 09:06:13,i2403-P-590,i2403-P-590,28.1,0.0,0.0,0.0,1,10.9,0.0,0,28.1,0.0,0.0,0.0,0.0,0.0,18
2023-05-10 09:06:13,i2403-P-590,i2403-P-590,28.1,0.0,0.0,0.0,10,11.0,0.0,0,28.1,0.0,0.0,0.0,0.0,0.0,18
2023-05-10 09:06:24,i2403-P-590,i2403-P-590,28.1,0.0,0.0,0.0,1,11.1,0.0,0,28.1,0.0,0.0,0.0,0.0,0.0,18
2023-05-10 09:06:24,i2403-P-590,i2403-P-590,28.1,0.0,0.0,0.0,10,11.2,0.0,0,28.1,0.0,0.0,0.0,0.0,0.0,18
2023-05-10 09:06:28,i2403-P-590,i2403-P-590,28.1,0.0,0.0,0.0,1,11.3,0.0,0,28.1,0.0,0.0,0.0,0.0,0.0,18
2023-05-10 09:06:28,i2403-P-590,i2403-P-590,28.1,0.0,0.0,0.0,10,11.4,0.0,0,28.1,0.0,0.0,0.0,0.0,0.0,18
2023-05-10 09:06:38,i2403-P-590,i2403-P-590,28.1,0.0,0.0,0.0,1,11.5,0.0,0,28.1,0.0,0.0,0.0,0.0,0.0,18
2023-05-10 09:06:38,i2403-P-590,i2403-P-590,28.1,0.0,0.0,0.0,10,11.6,0.0,0,28.1,0.0,0.0,0.0,0.0,0.0,18
2023-05-10 09:07:37,i2403-P-590,i2403-P-590,28.1,0.0,0.0,0.0,1,11.7,0.0,0,28.1,0.0,0.0,0.0,0.0,0.0,18
2023-05-10 09:07:37,i2403-P-590,i2403-P-590,28.1,0.0,0.0,0.0,10,11.8,0.0,0,28.1,0.0,0.0,0.0,0.0,0.0,18
2023-05-10 09:07:38,i2403-P-590,i2403-P-590,28.1,0.0,0.0,0.0,1,11.9,0.0,0,28.1,0.0,0.0,0.0,0.0,0.0,18
2023-05-10 09:07:38,i2403-P-590,i2403-P-590,28.1,0.0,0.0,0.0,10,12.0,0.0,0,28.1,0.0,0.0,0.0,0.0,0.0,18
2023-05-10 09:07:44,i2403-P-590,i2403-P-590,28.1,0.0,0.0,0.0,1,12.1,0.0,0,28.1,0.0,0.0,0.0,0.0,0.0,18
2023-05-10 09:07:44,i2403-P-590,i2403-P-590,28.1,0.0,0.0,0.0,10,12.2,0.0,0,28.1,0.0,0.0,0.0,0.0,0.0,18
2023-05-10 09:07:46,i2403-P-590,i2403-P-590,28.1,0.0,0.0,0.0,1,12.3,0.0,0,28.1,0.0,0.0,0.0,0.0,0.0,18
2023-05-10 09:07:46,i2403-P-590,i2403-P-590,28.1,0.0,0.0,0.0,10,12.4,0.0,0,28.1,0.0,0.0,0.0,0.0,0.0,18
2023-05-10 09:08:59,i2403-P-590,i2403-P-590,28.1,0.0,0.0,0.0,1,12.5,0.0,0,28.1,0.0,0.0,0.0,0.0,0.0,18
2023-05-10 09:08:59,i2403-P-590,i2403-P-590,28.1,0.0,0.0,0.0,10,12.6,0.0,0,28.1,0.0,0.0,0.0,0.0,0.0,18
2023-05-10 09:09:00,i2403-P-590,i2403-P-590,28.1,0.0,0.0,0.0,1,12.7,0.0,0,28.1,0.0,0.0,0.0,0.0,0.0,18
2023-05-10 09:09:00,i2403-P-590,i2403-P-590,28.1,0.0,0.0,0.0,10,12.8,0.0,0,28.1,0.0,0.0,0.0,0.0,0.0,18
2023-05-10 09:09:02,i2403-P-590,i2403-P-590,28.1,0.0,0.0,0.0,1,12.9,0.0,0,28.1,0.0,0.0,0.0,0.0,0.0,18
2023-05-10 09:09:02,i2403-P-590,i2403-P-590,28.1,0.0,0.0,0.0,10,13.0,0.0,0,28.1,0.0,0.0,0.0,0.0,0.0,18
2023-05-10 09:09:03,i2403-P-590,i2403-P-590,28.1,0.0,0.0,0.0,1,13.1,0.0,0,28.1,0.0,0.0,0.0,0.0,0.0,18
2023-05-10 09:09:03,i2403-P-590,i2403-P-590,28.1,0.0,0.0,0.0,10,13.2,0.0,0,28.1,0.0,0.0,0.0,0.0,0.0,18
2023-05-10 09:09:09,i2403-P-590,i2403-P-590,28.1,0.0,0.0,0.0,1,13.3,0.0,0,28.1,0.0,0.0,0.0,0.0,0.0,18
2023-05-10 09:09:09,i2403-P-590,i2403-P-590,28.1,0.0,0.0,0.0,10,13.4,0.0,0,28.1,0.0,0.0,0.0,0.0,0.0,18
2023-05-10 09:10:01,i2403-P-590,i2403-P-590,28.1,0.0,0.0,0.0,1,13.5,0.0,0,28.1,0.0,0.0,0.0,0.0,0.0,18
2023-05-10 09:10:01,i2403-P-590,i2403-P-590,28.1,0.0,0.0,0.0,10,13.6,0.0,0,28.1,0.0,0.0,0.0,0.0,0.0,18
2023-05-10 09:10:02,i2403-P-590,i2403-P-590,28.1,0.0,0.0,0.0,1,13.7,0.0,0,28.1,0.0,0.0,0.0,0.0,0.0,18
2023-05-10 09:10:02,i2403-P-590,i2403-P-590,28.1,0.0,0.0,0.0,10,13.8,0.0,0,28.1,0.0,0.0,0.0,0.0,0.0,18
2023-05-10 09:11:21,i2403-P-590,i2403-P-590,28.1,0.0,0.0,0.0,1,13.9,0.0,0,28.1,0.0,0.0,0.0,0.0,0.0,18
2023-05-10 09:11:21,i2403-P-590,i2403-P-590,28.1,0.0,0.0,0.0,10,14.0,0.0,0,28.1,0.0,0.0,0.0,0.0,0.0,18
2023-05-10 09:42:16,i2403-P-590,i2403-P-590,28.1,0.0,0.0,0.0,1,14.1,0.0,0,28.1,0.0,0.0,0.0,0.0,0.0,18
2023-05-10 09:42:16,i2403-P-590,i2403-P-590,28.1,0.0,0.0,0.0,10,14.2,0.0,0,28.1,0.0,0.0,0.0,0.0,0.0,18
2023-05-10 10:14:32,i2403-P-590,i2403-P-590,28.1,0.0,0.0,0.0,1,14.1,0.0,0,28.1,0.0,0.0,0.0,0.0,0.0,18
2023-05-10 10:30:05,i2403-P-590,i2403-P-590,28.1,0.0,0.0,0.0,10,14.2,0.0,0,28.1,0.0,0.0,0.0,0.0,0.0,18
2023-05-10 10:33:13,i2403-P-590,i2403-P-590,28.1,0.0,0.0,0.0,1,15.8,0.0,0,28.1,0.0,0.0,0.0,0.0,0.0,18
2023-05-10 10:33:13,i2403-P-590,i2403-P-590,28.1,0.0,0.0,0.0,10,15.9,0.0,0,28.1,0.0,0.0,0.0,0.0,0.0,18
2023-05-10 10:33:23,i2403-P-590,i2403-P-590,28.1,0.0,0.0,0.0,1,17.5,0.0,0,28.1,0.0,0.0,0.0,0.0,0.0,18
2023-05-10 10:33:23,i2403-P-590,i2403-P-590,28.1,0.0,0.0,0.0,10,17.6,0.0,0,28.1,0.0,0.0,0.0,0.0,0.0,18
2023-05-10 10:34:02,i2403-P-590,i2403-P-590,28.1,0.0,0.0,0.0,1,19.2,0.0,0,28.1,0.0,0.0,0.0,0.0,0.0,18
2023-05-10 10:34:02,i2403-P-590,i2403-P-590,28.1,0.0,0.0,0.0,10,19.3,0.0,0,28.1,0.0,0.0,0.0,0.0,0.0,18
2023-05-10 10:34:29,i2403-P-590,i2403-P-590,28.1,0.0,0.0,0.0,1,20.9,0.0,0,28.1,0.0,0.0,0.0,0.0,0.0,18
2023-05-10 10:34:29,i2403-P-590,i2403-P-590,28.1,0.0,0.0,0.0,10,21.0,0.0,0,28.1,0.0,0.0,0.0,0.0,0.0,18
2023-05-10 10:34:35,i2403-P-590,i2403-P-590,28.1,0.0,0.0,0.0,1,22.6,0.0,0,28.1,0.0,0.0,0.0,0.0,0.0,18
2023-05-10 10:34:35,i2403-P-590,i2403-P-590,28.1,0.0,0.0,0.0,10,22.7,0.0,0,28.1,0.0,0.0,0.0,0.0,0.0,18
2023-05-10 10:34:37,i2403-P-590,i2403-P-590,28.1,0.0,0.0,0.0,1,23.5,0.0,0,28.1,0.0,0.0,0.0,0.0,0.0,18
2023-05-10 10:34:37,i2403-P-590,i2403-P-590,28.1,0.0,0.0,0.0,10,23.6,0.0,0,28.1,0.0,0.0,0.0,0.0,0.0,18
2023-05-10 10:34:39,i2403-P-590,i2403-P-590,28.1,0.0,0.0,0.0,1,23.7,0.0,0,28.1,0.0,0.0,0.0,0.0,0.0,18
2023-05-10 10:34:39,i2403-P-590,i2403-P-590,28.1,0.0,0.0,0.0,10,23.8,0.0,0,28.1,0.0,0.0,0.0,0.0,0.0,18
2023-05-10 10:34:41,i2403-P-590,i2403-P-590,28.1,0.0,0.0,0.0,1,23.9,0.0,0,28.1,0.0,0.0,0.0,0.0,0.0,18
2023-05-10 10:34:41,i2403-P-590,i2403-P-590,28.1,0.0,0.0,0.0,10,24.0,0.0,0,28.1,0.0,0.0,0.0,0.0,0.0,18
2023-05-10 10:35:18,i2403-P-590,i2403-P-590,28.1,0.0,0.0,0.0,1,24.8,0.0,0,28.1,0.0,0.0,0.0,0.0,0.0,18
2023-05-10 10:35:18,i2403-P-590,i2403-P-590,28.1,0.0,0.0,0.0,10,24.9,0.0,0,28.1,0.0,0.0,0.0,0.0,0.0,18
2023-05-10 10:35:20,i2403-P-590,i2403-P-590,28.1,0.0,0.0,0.0,1,25.0,0.0,0,28.1,0.0,0.0,0.0,0.0,0.0,18
2023-05-10 10:35:20,i2403-P-590,i2403-P-590,28.1,0.0,0.0,0.0,10,25.1,0.0,0,28.1,0.0,0.0,0.0,0.0,0.0,18
2023-05-10 10:35:21,i2403-P-590,i2403-P-590,28.1,0.0,0.0,0.0,1,25.2,0.0,0,28.1,0.0,0.0,0.0,0.0,0.0,18
2023-05-10 10:35:21,i2403-P-590,i2403-P-590,28.1,0.0,0.0,0.0,10,25.3,0.0,0,28.1,0.0,0.0,0.0,0.0,0.0,18
2023-05-10 10:35:22,i2403-P-590,i2403-P-590,28.1,0.0,0.0,0.0,1,25.4,0.0,0,28.1,0.0,0.0,0.0,0.0,0.0,18
2023-05-10 10:35:22,i2403-P-590,i2403-P-590,28.1,0.0,0.0,0.0,10,25.5,0.0,0,28.1,0.0,0.0,0.0,0.0,0.0,18
2023-05-10 10:35:24,i2403-P-590,i2403-P-590,28.1,0.0,0.0,0.0,1,25.6,0.0,0,28.1,0.0,0.0,0.0,0.0,0.0,18
2023-05-10 10:35:24,i2403-P-590,i2403-P-590,28.1,0.0,0.0,0.0,10,25.7,0.0,0,28.1,0.0,0.0,0.0,0.0,0.0,18
2023-05-10 10:35:25,i2403-P-590,i2403-P-590,28.1,0.0,0.0,0.0,1,25.8,0.0,0,28.1,0.0,0.0,0.0,0.0,0.0,18
2023-05-10 10:35:25,i2403-P-590,i2403-P-590,28.1,0.0,0.0,0.0,10,25.9,0.0,0,28.1,0.0,0.0,0.0,0.0,0.0,18
2023-05-10 10:35:26,i2403-P-590,i2403-P-590,28.1,0.0,0.0,0.0,1,26.0,0.0,0,28.1,0.0,0.0,0.0,0.0,0.0,18
2023-05-10 10:35:26,i2403-P-590,i2403-P-590,28.1,0.0,0.0,0.0,10,26.1,0.0,0,28.1,0.0,0.0,0.0,0.0,0.0,18
2023-05-10 10:35:28,i2403-P-590,i2403-P-590,28.1,0.0,0.0,0.0,1,26.2,0.0,0,28.1,0.0,0.0,0.0,0.0,0.0,18
2023-05-10 10:35:28,i2403-P-590,i2403-P-590,28.1,0.0,0.0,0.0,10,26.3,0.0,0,28.1,0.0,0.0,0.0,0.0,0.0,18
2023-05-10 10:35:29,i2403-P-590,i2403-P-590,28.1,0.0,0.0,0.0,1,26.4,0.0,0,28.1,0.0,0.0,0.0,0.0,0.0,18
2023-05-10 10:35:29,i2403-P-590,i2403-P-590,28.1,0.0,0.0,0.0,10,26.5,0.0,0,28.1,0.0,0.0,0.0,0.0,0.0,18
2023-05-10 10:35:30,i2403-P-590,i2403-P-590,28.1,0.0,0.0,0.0,1,26.6,0.0,0,28.1,0.0,0.0,0.0,0.0,0.0,18
2023-05-10 10:35:30,i2403-P-590,i2403-P-590,28.1,0.0,0.0,0.0,10,26.7,0.0,0,28.1,0.0,0.0,0.0,0.0,0.0,18
2023-05-10 11:15:48,i2403-P-590,i2403-P-590,28.1,0.0,0.0,0.0,10,26.7,100.0,1,28.1,0.0,0.0,0.0,0.0,0.0,18
2023-05-10 11:15:48,i2403-P-590,i2403-P-590,28.1,0.0,0.0,0.0,10,26.7,99.9,10,28.1,0.0,0.0,0.0,0.0,0.0,18
2023-05-10 11:15:51,i2403-P-590,i2403-P-590,28.1,0.0,0.0,0.0,10,26.7,98.8,1,28.1,0.0,0.0,0.0,0.0,0.0,18
2023-05-10 11:15:52,i2403-P-590,i2403-P-590,28.1,0.0,0.0,0.0,10,26.7,98.7,10,28.1,0.0,0.0,0.0,0.0,0.0,18
2023-05-10 11:15:54,i2403-P-590,i2403-P-590,28.1,0.0,0.0,0.0,10,26.7,97.6,1,28.1,0.0,0.0,0.0,0.0,0.0,18
2023-05-10 11:15:55,i2403-P-590,i2403-P-590,28.1,0.0,0.0,0.0,10,26.7,97.5,10,28.1,0.0,0.0,0.0,0.0,0.0,18
2023-05-10 11:15:58,i2403-P-590,i2403-P-590,28.1,0.0,0.0,0.0,10,26.7,96.4,1,28.1,0.0,0.0,0.0,0.0,0.0,18
2023-05-10 11:15:58,i2403-P-590,i2403-P-590,28.1,0.0,0.0,0.0,10,26.7,96.3,10,28.1,0.0,0.0,0.0,0.0,0.0,18
2023-05-10 11:16:01,i2403-P-590,i2403-P-590,28.1,0.0,0.0,0.0,10,26.7,95.2,1,28.1,0.0,0.0,0.0,0.0,0.0,18
2023-05-10 11:16:01,i2403-P-590,i2403-P-590,28.1,0.0,0.0,0.0,10,26.7,95.1,10,28.1,0.0,0.0,0.0,0.0,0.0,18
2023-05-10 11:16:04,i2403-P-590,i2403-P-590,28.1,0.0,0.0,0.0,10,26.7,94.0,1,28.1,0.0,0.0,0.0,0.0,0.0,18
2023-05-10 11:16:05,i2403-P-590,i2403-P-590,28.1,0.0,0.0,0.0,10,26.7,93.9,10,28.1,0.0,0.0,0.0,0.0,0.0,18
2023-05-10 11:16:07,i2403-P-590,i2403-P-590,28.1,0.0,0.0,0.0,10,26.7,92.8,1,28.1,0.0,0.0,0.0,0.0,0.0,18
2023-05-10 11:16:07,i2403-P-590,i2403-P-590,28.1,0.0,0.0,0.0,10,26.7,92.7,10,28.1,0.0,0.0,0.0,0.0,0.0,18
2023-05-10 11:16:10,i2403-P-590,i2403-P-590,28.1,0.0,0.0,0.0,10,26.7,91.6,1,28.1,0.0,0.0,0.0,0.0,0.0,18
2023-05-10 11:16:10,i2403-P-590,i2403-P-590,28.1,0.0,0.0,0.0,10,26.7,91.5,10,28.1,0.0,0.0,0.0,0.0,0.0,18
2023-05-10 11:16:12,i2403-P-590,i2403-P-590,28.1,0.0,0.0,0.0,10,26.7,90.4,1,28.1,0.0,0.0,0.0,0.0,0.0,18
2023-05-10 11:16:12,i2403-P-590,i2403-P-590,28.1,0.0,0.0,0.0,10,26.7,90.3,10,28.1,0.0,0.0,0.0,0.0,0.0,18
2023-05-10 11:16:14,i2403-P-590,i2403-P-590,28.1,0.0,0.0,0.0,10,26.7,89.2,1,28.1,0.0,0.0,0.0,0.0,0.0,18
2023-05-10 11:16:14,i2403-P-590,i2403-P-590,28.1,0.0,0.0,0.0,10,26.7,89.1,10,28.1,0.0,0.0,0.0,0.0,0.0,18
2023-05-10 11:16:17,i2403-P-590,i2403-P-590,28.1,0.0,0.0,0.0,10,26.7,88.0,1,28.1,0.0,0.0,0.0,0.0,0.0,18
2023-05-10 11:16:17,i2403-P-590,i2403-P-590,28.1,0.0,0.0,0.0,10,26.7,87.9,10,28.1,0.0,0.0,0.0,0.0,0.0,18
2023-05-10 11:16:19,i2403-P-590,i2403-P-590,28.1,0.0,0.0,0.0,10,26.7,86.8,1,28.1,0.0,0.0,0.0,0.0,0.0,18
2023-05-10 11:16:20,i2403-P-590,i2403-P-590,28.1,0.0,0.0,0.0,10,26.7,86.7,10,28.1,0.0,0.0,0.0,0.0,0.0,18
2023-05-10 11:16:21,i2403-P-590,i2403-P-590,28.1,0.0,0.0,0.0,10,26.7,85.6,1,28.1,0.0,0.0,0.0,0.0,0.0,18
2023-05-10 11:16:21,i2403-P-590,i2403-P-590,28.1,0.0,0.0,0.0,10,26.7,85.5,10,28.1,0.0,0.0,0.0,0.0,0.0,18
2023-05-10 11:16:23,i2403-P-590,i2403-P-590,28.1,0.0,0.0,0.0,10,26.7,84.4,1,28.1,0.0,0.0,0.0,0.0,0.0,18
2023-05-10 11:16:23,i2403-P-590,i2403-P-590,28.1,0.0,0.0,0.0,10,26.7,84.3,10,28.1,0.0,0.0,0.0,0.0,0.0,18
2023-05-10 11:16:25,i2403-P-590,i2403-P-590,28.1,0.0,0.0,0.0,10,26.7,83.2,1,28.1,0.0,0.0,0.0,0.0,0.0,18
2023-05-10 11:16:25,i2403-P-590,i2403-P-590,28.1,0.0,0.0,0.0,10,26.7,83.1,10,28.1,0.0,0.0,0.0,0.0,0.0,18
2023-05-10 11:16:27,i2403-P-590,i2403-P-590,28.1,0.0,0.0,0.0,10,26.7,82.0,1,28.1,0.0,0.0,0.0,0.0,0.0,18
2023-05-10 11:16:27,i2403-P-590,i2403-P-590,28.1,0.0,0.0,0.0,10,26.7,81.9,10,28.1,0.0,0.0,0.0,0.0,0.0,18
2023-05-10 11:16:28,i2403-P-590,i2403-P-590,28.1,0.0,0.0,0.0,10,26.7,80.8,1,28.1,0.0,0.0,0.0,0.0,0.0,18
2023-05-10 11:16:29,i2403-P-590,i2403-P-590,28.1,0.0,0.0,0.0,10,26.7,80.7,10,28.1,0.0,0.0,0.0,0.0,0.0,18
2023-05-10 11:16:30,i2403-P-590,i2403-P-590,28.1,0.0,0.0,0.0,10,26.7,79.6,1,28.1,0.0,0.0,0.0,0.0,0.0,18
2023-05-10 11:16:30,i2403-P-590,i2403-P-590,28.1,0.0,0.0,0.0,10,26.7,79.5,10,28.1,0.0,0.0,0.0,0.0,0.0,18
2023-05-10 11:16:32,i2403-P-590,i2403-P-590,28.1,0.0,0.0,0.0,10,26.7,78.4,1,28.1,0.0,0.0,0.0,0.0,0.0,18
2023-05-10 11:16:32,i2403-P-590,i2403-P-590,28.1,0.0,0.0,0.0,10,26.7,78.3,10,28.1,0.0,0.0,0.0,0.0,0.0,18
2023-05-10 11:16:33,i2403-P-590,i2403-P-590,28.1,0.0,0.0,0.0,10,26.7,77.2,1,28.1,0.0,0.0,0.0,0.0,0.0,18
2023-05-10 11:16:33,i2403-P-590,i2403-P-590,28.1,0.0,0.0,0.0,10,26.7,77.1,10,28.1,0.0,0.0,0.0,0.0,0.0,18
2023-05-10 11:16:36,i2403-P-590,i2403-P-590,28.1,0.0,0.0,0.0,10,26.7,76.0,1,28.1,0.0,0.0,0.0,0.0,0.0,18
2023-05-10 11:16:36,i2403-P-590,i2403-P-590,28.1,0.0,0.0,0.0,10,26.7,75.9,10,28.1,0.0,0.0,0.0,0.0,0.0,18
2023-05-10 11:16:38,i2403-P-590,i2403-P-590,28.1,0.0,0.0,0.0,10,26.7,74.8,1,28.1,0.0,0.0,0.0,0.0,0.0,18
2023-05-10 11:16:38,i2403-P-590,i2403-P-590,28.1,0.0,0.0,0.0,10,26.7,74.7,10,28.1,0.0,0.0,0.0,0.0,0.0,18
2023-05-10 11:16:40,i2403-P-590,i2403-P-590,28.1,0.0,0.0,0.0,10,26.7,73.6,1,28.1,0.0,0.0,0.0,0.0,0.0,18
2023-05-10 11:16:40,i2403-P-590,i2403-P-590,28.1,0.0,0.0,0.0,10,26.7,73.5,10,28.1,0.0,0.0,0.0,0.0,0.0,18
2023-05-10 11:16:43,i2403-P-590,i2403-P-590,28.1,0.0,0.0,0.0,10,26.7,72.4,1,28.1,0.0,0.0,0.0,0.0,0.0,18
2023-05-10 11:16:43,i2403-P-590,i2403-P-590,28.1,0.0,0.0,0.0,10,26.7,72.3,10,28.1,0.0,0.0,0.0,0.0,0.0,18
2023-05-10 11:16:46,i2403-P-590,i2403-P-590,28.1,0.0,0.0,0.0,10,26.7,71.2,1,28.1,0.0,0.0,0.0,0.0,0.0,18
2023-05-10 11:16:46,i2403-P-590,i2403-P-590,28.1,0.0,0.0,0.0,10,26.7,71.1,10,28.1,0.0,0.0,0.0,0.0,0.0,18
2023-05-10 11:16:48,i2403-P-590,i2403-P-590,28.1,0.0,0.0,0.0,10,26.7,70.0,1,28.1,0.0,0.0,0.0,0.0,0.0,18
2023-05-10 11:16:48,i2403-P-590,i2403-P-590,28.1,0.0,0.0,0.0,10,26.7,69.9,10,28.1,0.0,0.0,0.0,0.0,0.0,18
2023-05-10 11:16:50,i2403-P-590,i2403-P-590,28.1,0.0,0.0,0.0,10,26.7,68.8,1,28.1,0.0,0.0,0.0,0.0,0.0,18
2023-05-10 11:16:50,i2403-P-590,i2403-P-590,28.1,0.0,0.0,0.0,10,26.7,68.7,10,28.1,0.0,0.0,0.0,0.0,0.0,18
2023-05-10 11:16:51,i2403-P-590,i2403-P-590,28.1,0.0,0.0,0.0,10,26.7,67.6,1,28.1,0.0,0.0,0.0,0.0,0.0,18
2023-05-10 11:16:51,i2403-P-590,i2403-P-590,28.1,0.0,0.0,0.0,10,26.7,67.5,10,28.1,0.0,0.0,0.0,0.0,0.0,18
2023-05-10 11:16:52,i2403-P-590,i2403-P-590,28.1,0.0,0.0,0.0,10,26.7,66.4,1,28.1,0.0,0.0,0.0,0.0,0.0,18
2023-05-10 11:16:53,i2403-P-590,i2403-P-590,28.1,0.0,0.0,0.0,10,26.7,66.3,10,28.1,0.0,0.0,0.0,0.0,0.0,18
2023-05-10 11:16:54,i2403-P-590,i2403-P-590,28.1,0.0,0.0,0.0,10,26.7,65.2,1,28.1,0.0,0.0,0.0,0.0,0.0,18
2023-05-10 11:16:54,i2403-P-590,i2403-P-590,28.1,0.0,0.0,0.0,10,26.7,65.1,10,28.1,0.0,0.0,0.0,0.0,0.0,18
2023-05-10 11:16:55,i2403-P-590,i2403-P-590,28.1,0.0,0.0,0.0,10,26.7,64.0,1,28.1,0.0,0.0,0.0,0.0,0.0,18
2023-05-10 11:16:55,i2403-P-590,i2403-P-590,28.1,0.0,0.0,0.0,10,26.7,63.9,10,28.1,0.0,0.0,0.0,0.0,0.0,18
2023-05-10 11:16:57,i2403-P-590,i2403-P-590,28.1,0.0,0.0,0.0,10,26.7,62.8,1,28.1,0.0,0.0,0.0,0.0,0.0,18
2023-05-10 11:16:57,i2403-P-590,i2403-P-590,28.1,0.0,0.0,0.0,10,26.7,62.7,10,28.1,0.0,0.0,0.0,0.0,0.0,18
2023-05-10 11:16:58,i2403-P-590,i2403-P-590,28.1,0.0,0.0,0.0,10,26.7,61.6,1,28.1,0.0,0.0,0.0,0.0,0.0,18
2023-05-10 11:16:58,i2403-P-590,i2403-P-590,28.1,0.0,0.0,0.0,10,26.7,61.5,10,28.1,0.0,0.0,0.0,0.0,0.0,18
2023-05-10 11:16:59,i2403-P-590,i2403-P-590,28.1,0.0,0.0,0.0,10,26.7,60.4,1,28.1,0.0,0.0,0.0,0.0,0.0,18
2023-05-10 11:16:59,i2403-P-590,i2403-P-590,28.1,0.0,0.0,0.0,10,26.7,60.3,10,28.1,0.0,0.0,0.0,0.0,0.0,18
2023-05-10 11:17:01,i2403-P-590,i2403-P-590,28.1,0.0,0.0,0.0,10,26.7,59.2,1,28.1,0.0,0.0,0.0,0.0,0.0,18
2023-05-10 11:17:01,i2403-P-590,i2403-P-590,28.1,0.0,0.0,0.0,10,26.7,59.1,10,28.1,0.0,0.0,0.0,0.0,0.0,18
2023-05-10 11:17:02,i2403-P-590,i2403-P-590,28.1,0.0,0.0,0.0,10,26.7,58.0,1,28.1,0.0,0.0,0.0,0.0,0.0,18
2023-05-10 11:17:02,i2403-P-590,i2403-P-590,28.1,0.0,0.0,0.0,10,26.7,57.9,10,28.1,0.0,0.0,0.0,0.0,0.0,18
2023-05-10 11:17:04,i2403-P-590,i2403-P-590,28.1,0.0,0.0,0.0,10,26.7,56.8,1,28.1,0.0,0.0,0.0,0.0,0.0,18
2023-05-10 11:17:04,i2403-P-590,i2403-P-590,28.1,0.0,0.0,0.0,10,26.7,56.7,10,28.1,0.0,0.0,0.0,0.0,0.0,18
2023-05-10 11:17:05,i2403-P-590,i2403-P-590,28.1,0.0,0.0,0.0,10,26.7,55.6,1,28.1,0.0,0.0,0.0,0.0,0.0,18
2023-05-10 11:17:05,i2403-P-590,i2403-P-590,28.1,0.0,0.0,0.0,10,26.7,55.5,10,28.1,0.0,0.0,0.0,0.0,0.0,18
2023-05-10 11:17:06,i2403-P-590,i2403-P-590,28.1,0.0,0.0,0.0,10,26.7,54.4,1,28.1,0.0,0.0,0.0,0.0,0.0,18
2023-05-10 11:17:06,i2403-P-590,i2403-P-590,28.1,0.0,0.0,0.0,10,26.7,54.3,10,28.1,0.0,0.0,0.0,0.0,0.0,18
2023-05-10 11:17:08,i2403-P-590,i2403-P-590,28.1,0.0,0.0,0.0,10,26.7,53.2,1,28.1,0.0,0.0,0.0,0.0,0.0,18
2023-05-10 11:17:08,i2403-P-590,i2403-P-590,28.1,0.0,0.0,0.0,10,26.7,53.1,10,28.1,0.0,0.0,0.0,0.0,0.0,18
2023-05-10 11:17:09,i2403-P-590,i2403-P-590,28.1,0.0,0.0,0.0,10,26.7,52.0,1,28.1,0.0,0.0,0.0,0.0,0.0,18
2023-05-10 11:17:09,i2403-P-590,i2403-P-590,28.1,0.0,0.0,0.0,10,26.7,51.9,10,28.1,0.0,0.0,0.0,0.0,0.0,18
2023-05-10 11:17:11,i2403-P-590,i2403-P-590,28.1,0.0,0.0,0.0,10,26.7,50.8,1,28.1,0.0,0.0,0.0,0.0,0.0,18
2023-05-10 11:17:11,i2403-P-590,i2403-P-590,28.1,0.0,0.0,0.0,10,26.7,50.7,10,28.1,0.0,0.0,0.0,0.0,0.0,18
2023-05-10 11:17:12,i2403-P-590,i2403-P-590,28.1,0.0,0.0,0.0,10,26.7,49.6,1,28.1,0.0,0.0,0.0,0.0,0.0,18
2023-05-10 11:17:12,i2403-P-590,i2403-P-590,28.1,0.0,0.0,0.0,10,26.7,49.5,10,28.1,0.0,0.0,0.0,0.0,0.0,18
2023-05-10 11:17:13,i2403-P-590,i2403-P-590,28.1,0.0,0.0,0.0,10,26.7,48.3,10,28.1,0.0,0.0,0.0,0.0,0.0,18
2023-05-10 11:17:15,i2403-P-590,i2403-P-590,28.1,0.0,0.0,0.0,10,26.7,47.2,1,28.1,0.0,0.0,0.0,0.0,0.0,18
2023-05-10 11:17:15,i2403-P-590,i2403-P-590,28.1,0.0,0.0,0.0,10,26.7,47.1,10,28.1,0.0,0.0,0.0,0.0,0.0,18
2023-05-10 11:17:16,i2403-P-590,i2403-P-590,28.1,0.0,0.0,0.0,10,26.7,46.0,1,28.1,0.0,0.0,0.0,0.0,0.0,18
2023-05-10 11:17:16,i2403-P-590,i2403-P-590,28.1,0.0,0.0,0.0,10,26.7,45.9,10,28.1,0.0,0.0,0.0,0.0,0.0,18
2023-05-10 11:17:18,i2403-P-590,i2403-P-590,28.1,0.0,0.0,0.0,10,26.7,44.8,1,28.1,0.0,0.0,0.0,0.0,0.0,18
2023-05-10 11:17:18,i2403-P-590,i2403-P-590,28.1,0.0,0.0,0.0,10,26.7,44.7,10,28.1,0.0,0.0,0.0,0.0,0.0,18
2023-05-10 11:17:19,i2403-P-590,i2403-P-590,28.1,0.0,0.0,0.0,10,26.7,43.6,1,28.1,0.0,0.0,0.0,0.0,0.0,18
2023-05-10 11:17:19,i2403-P-590,i2403-P-590,28.1,0.0,0.0,0.0,10,26.7,43.5,10,28.1,0.0,0.0,0.0,0.0,0.0,18
2023-05-10 11:17:20,i2403-P-590,i2403-P-590,28.1,0.0,0.0,0.0,10,26.7,42.9,1,28.1,0.0,0.0,0.0,0.0,0.0,18
2023-05-10 11:17:21,i2403-P-590,i2403-P-590,28.1,0.0,0.0,0.0,10,26.7,42.8,10,28.1,0.0,0.0,0.0,0.0,0.0,18
2023-05-10 11:29:32,i2403-P-590,i2403-P-590,28.1,0.0,0.0,0.0,1,14.1,0.0,0,28.1,0.0,0.0,0.0,0.0,0.0,18
2023-05-10 11:29:46,i2403-P-590,i2403-P-590,28.1,0.0,0.0,0.0,1,7.3,0.0,0,28.1,0.0,0.0,0.0,0.0,0.0,18
2023-05-10 13:30:02,i2403-P-590,i2403-P-590,28.1,0.0,0.0,0.0,10,7.4,0.0,0,28.1,0.0,0.0,0.0,0.0,0.0,18
2023-05-10 13:30:53,i2403-P-590,i2403-P-590,28.1,0.0,0.0,0.0,1,7.5,0.0,0,28.1,0.0,0.0,0.0,0.0,0.0,18
2023-05-10 13:30:53,i2403-P-590,i2403-P-590,28.1,0.0,0.0,0.0,10,7.6,0.0,0,28.1,0.0,0.0,0.0,0.0,0.0,18
2023-05-10 13:32:34,i2403-P-590,i2403-P-590,28.1,0.0,0.0,0.0,1,7.7,0.0,0,28.1,0.0,0.0,0.0,0.0,0.0,18
2023-05-10 13:32:34,i2403-P-590,i2403-P-590,28.1,0.0,0.0,0.0,10,7.8,0.0,0,28.1,0.0,0.0,0.0,0.0,0.0,18
2023-05-10 13:34:26,i2403-P-590,i2403-P-590,28.1,0.0,0.0,0.0,1,7.9,0.0,0,28.1,0.0,0.0,0.0,0.0,0.0,18
2023-05-10 13:34:26,i2403-P-590,i2403-P-590,28.1,0.0,0.0,0.0,10,8.0,0.0,0,28.1,0.0,0.0,0.0,0.0,0.0,18
2023-05-10 13:34:29,i2403-P-590,i2403-P-590,28.1,0.0,0.0,0.0,1,8.1,0.0,0,28.1,0.0,0.0,0.0,0.0,0.0,18
2023-05-10 13:34:29,i2403-P-590,i2403-P-590,28.1,0.0,0.0,0.0,10,8.2,0.0,0,28.1,0.0,0.0,0.0,0.0,0.0,18
2023-05-10 13:34:32,i2403-P-590,i2403-P-590,28.1,0.0,0.0,0.0,1,8.3,0.0,0,28.1,0.0,0.0,0.0,0.0,0.0,18
2023-05-10 13:34:32,i2403-P-590,i2403-P-590,28.1,0.0,0.0,0.0,10,8.4,0.0,0,28.1,0.0,0.0,0.0,0.0,0.0,18
2023-05-10 13:34:34,i2403-P-590,i2403-P-590,28.1,0.0,0.0,0.0,1,8.5,0.0,0,28.1,0.0,0.0,0.0,0.0,0.0,18
2023-05-10 13:34:34,i2403-P-590,i2403-P-590,28.1,0.0,0.0,0.0,10,8.6,0.0,0,28.1,0.0,0.0,0.0,0.0,0.0,18
2023-05-10 13:34:36,i2403-P-590,i2403-P-590,28.1,0.0,0.0,0.0,1,8.7,0.0,0,28.1,0.0,0.0,0.0,0.0,0.0,18
2023-05-10 13:34:36,i2403-P-590,i2403-P-590,28.1,0.0,0.0,0.0,10,8.8,0.0,0,28.1,0.0,0.0,0.0,0.0,0.0,18
2023-05-10 13:34:54,i2403-P-590,i2403-P-590,28.1,0.0,0.0,0.0,1,8.9,0.0,0,28.1,0.0,0.0,0.0,0.0,0.0,18
2023-05-10 13:34:54,i2403-P-590,i2403-P-590,28.1,0.0,0.0,0.0,10,9.0,0.0,0,28.1,0.0,0.0,0.0,0.0,0.0,18
2023-05-10 13:34:57,i2403-P-590,i2403-P-590,28.1,0.0,0.0,0.0,1,9.1,0.0,0,28.1,0.0,0.0,0.0,0.0,0.0,18
2023-05-10 13:34:57,i2403-P-590,i2403-P-590,28.1,0.0,0.0,0.0,10,9.2,0.0,0,28.1,0.0,0.0,0.0,0.0,0.0,18
2023-05-10 13:34:59,i2403-P-590,i2403-P-590,28.1,0.0,0.0,0.0,1,9.3,0.0,0,28.1,0.0,0.0,0.0,0.0,0.0,18
2023-05-10 13:34:59,i2403-P-590,i2403-P-590,28.1,0.0,0.0,0.0,10,9.4,0.0,0,28.1,0.0,0.0,0.0,0.0,0.0,18
2023-05-10 13:35:01,i2403-P-590,i2403-P-590,28.1,0.0,0.0,0.0,1,9.5,0.0,0,28.1,0.0,0.0,0.0,0.0,0.0,18
2023-05-10 13:35:01,i2403-P-590,i2403-P-590,28.1,0.0,0.0,0.0,10,9.6,0.0,0,28.1,0.0,0.0,0.0,0.0,0.0,18
2023-05-10 13:35:03,i2403-P-590,i2403-P-590,28.1,0.0,0.0,0.0,1,9.7,0.0,0,28.1,0.0,0.0,0.0,0.0,0.0,18
2023-05-10 13:35:03,i2403-P-590,i2403-P-590,28.1,0.0,0.0,0.0,10,9.8,0.0,0,28.1,0.0,0.0,0.0,0.0,0.0,18
2023-05-10 13:35:04,i2403-P-590,i2403-P-590,28.1,0.0,0.0,0.0,1,9.9,0.0,0,28.1,0.0,0.0,0.0,0.0,0.0,18
2023-05-10 13:35:04,i2403-P-590,i2403-P-590,28.1,0.0,0.0,0.0,10,10.0,0.0,0,28.1,0.0,0.0,0.0,0.0,0.0,18
2023-05-10 13:35:07,i2403-P-590,i2403-P-590,28.1,0.0,0.0,0.0,1,10.1,0.0,0,28.1,0.0,0.0,0.0,0.0,0.0,18
2023-05-10 13:35:07,i2403-P-590,i2403-P-590,28.1,0.0,0.0,0.0,10,10.2,0.0,0,28.1,0.0,0.0,0.0,0.0,0.0,18
2023-05-10 13:35:08,i2403-P-590,i2403-P-590,28.1,0.0,0.0,0.0,1,10.3,0.0,0,28.1,0.0,0.0,0.0,0.0,0.0,18
2023-05-10 13:35:08,i2403-P-590,i2403-P-590,28.1,0.0,0.0,0.0,10,10.4,0.0,0,28.1,0.0,0.0,0.0,0.0,0.0,18
2023-05-10 13:35:11,i2403-P-590,i2403-P-590,28.1,0.0,0.0,0.0,1,10.5,0.0,0,28.1,0.0,0.0,0.0,0.0,0.0,18
2023-05-10 13:35:11,i2403-P-590,i2403-P-590,28.1,0.0,0.0,0.0,10,10.6,0.0,0,28.1,0.0,0.0,0.0,0.0,0.0,18
2023-05-10 13:35:13,i2403-P-590,i2403-P-590,28.1,0.0,0.0,0.0,1,10.7,0.0,0,28.1,0.0,0.0,0.0,0.0,0.0,18
2023-05-10 13:35:13,i2403-P-590,i2403-P-590,28.1,0.0,0.0,0.0,10,10.8,0.0,0,28.1,0.0,0.0,0.0,0.0,0.0,18
2023-05-10 13:35:14,i2403-P-590,i2403-P-590,28.1,0.0,0.0,0.0,1,10.9,0.0,0,28.1,0.0,0.0,0.0,0.0,0.0,18
2023-05-10 13:35:14,i2403-P-590,i2403-P-590,28.1,0.0,0.0,0.0,10,11.0,0.0,0,28.1,0.0,0.0,0.0,0.0,0.0,18
2023-05-10 13:35:18,i2403-P-590,i2403-P-590,28.1,0.0,0.0,0.0,1,11.1,0.0,0,28.1,0.0,0.0,0.0,0.0,0.0,18
2023-05-10 13:35:18,i2403-P-590,i2403-P-590,28.1,0.0,0.0,0.0,10,11.2,0.0,0,28.1,0.0,0.0,0.0,0.0,0.0,18
2023-05-10 13:35:20,i2403-P-590,i2403-P-590,28.1,0.0,0.0,0.0,1,11.3,0.0,0,28.1,0.0,0.0,0.0,0.0,0.0,18
2023-05-10 13:35:20,i2403-P-590,i2403-P-590,28.1,0.0,0.0,0.0,10,11.4,0.0,0,28.1,0.0,0.0,0.0,0.0,0.0,18
2023-05-10 13:35:22,i2403-P-590,i2403-P-590,28.1,0.0,0.0,0.0,1,11.5,0.0,0,28.1,0.0,0.0,0.0,0.0,0.0,18
2023-05-10 13:35:22,i2403-P-590,i2403-P-590,28.1,0.0,0.0,0.0,10,11.6,0.0,0,28.1,0.0,0.0,0.0,0.0,0.0,18
2023-05-10 13:35:25,i2403-P-590,i2403-P-590,28.1,0.0,0.0,0.0,1,11.7,0.0,0,28.1,0.0,0.0,0.0,0.0,0.0,18
2023-05-10 13:35:25,i2403-P-590,i2403-P-590,28.1,0.0,0.0,0.0,10,11.8,0.0,0,28.1,0.0,0.0,0.0,0.0,0.0,18
2023-05-10 13:35:27,i2403-P-590,i2403-P-590,28.1,0.0,0.0,0.0,1,11.9,0.0,0,28.1,0.0,0.0,0.0,0.0,0.0,18
2023-05-10 13:35:27,i2403-P-590,i2403-P-590,28.1,0.0,0.0,0.0,10,12.0,0.0,0,28.1,0.0,0.0,0.0,0.0,0.0,18
2023-05-10 13:35:28,i2403-P-590,i2403-P-590,28.1,0.0,0.0,0.0,1,12.1,0.0,0,28.1,0.0,0.0,0.0,0.0,0.0,18
2023-05-10 13:35:28,i2403-P-590,i2403-P-590,28.1,0.0,0.0,0.0,10,12.2,0.0,0,28.1,0.0,0.0,0.0,0.0,0.0,18
2023-05-10 13:35:30,i2403-P-590,i2403-P-590,28.1,0.0,0.0,0.0,1,12.3,0.0,0,28.1,0.0,0.0,0.0,0.0,0.0,18
2023-05-10 13:35:30,i2403-P-590,i2403-P-590,28.1,0.0,0.0,0.0,10,12.4,0.0,0,28.1,0.0,0.0,0.0,0.0,0.0,18
2023-05-10 13:35:32,i2403-P-590,i2403-P-590,28.1,0.0,0.0,0.0,1,12.5,0.0,0,28.1,0.0,0.0,0.0,0.0,0.0,18
2023-05-10 13:35:32,i2403-P-590,i2403-P-590,28.1,0.0,0.0,0.0,10,12.6,0.0,0,28.1,0.0,0.0,0.0,0.0,0.0,18
2023-05-10 13:35:33,i2403-P-590,i2403-P-590,28.1,0.0,0.0,0.0,1,12.7,0.0,0,28.1,0.0,0.0,0.0,0.0,0.0,18
2023-05-10 13:35:33,i2403-P-590,i2403-P-590,28.1,0.0,0.0,0.0,10,12.8,0.0,0,28.1,0.0,0.0,0.0,0.0,0.0,18
2023-05-10 13:35:34,i2403-P-590,i2403-P-590,28.1,0.0,0.0,0.0,1,12.9,0.0,0,28.1,0.0,0.0,0.0,0.0,0.0,18
2023-05-10 13:35:34,i2403-P-590,i2403-P-590,28.1,0.0,0.0,0.0,10,13.0,0.0,0,28.1,0.0,0.0,0.0,0.0,0.0,18
2023-05-10 13:35:35,i2403-P-590,i2403-P-590,28.1,0.0,0.0,0.0,1,13.1,0.0,0,28.1,0.0,0.0,0.0,0.0,0.0,18
2023-05-10 13:35:35,i2403-P-590,i2403-P-590,28.1,0.0,0.0,0.0,10,13.2,0.0,0,28.1,0.0,0.0,0.0,0.0,0.0,18
2023-05-10 13:35:37,i2403-P-590,i2403-P-590,28.1,0.0,0.0,0.0,1,13.3,0.0,0,28.1,0.0,0.0,0.0,0.0,0.0,18
2023-05-10 13:35:37,i2403-P-590,i2403-P-590,28.1,0.0,0.0,0.0,10,13.4,0.0,0,28.1,0.0,0.0,0.0,0.0,0.0,18
2023-05-10 13:35:38,i2403-P-590,i2403-P-590,28.1,0.0,0.0,0.0,1,13.5,0.0,0,28.1,0.0,0.0,0.0,0.0,0.0,18
2023-05-10 13:35:38,i2403-P-590,i2403-P-590,28.1,0.0,0.0,0.0,10,13.6,0.0,0,28.1,0.0,0.0,0.0,0.0,0.0,18
2023-05-10 13:35:39,i2403-P-590,i2403-P-590,28.1,0.0,0.0,0.0,1,13.7,0.0,0,28.1,0.0,0.0,0.0,0.0,0.0,18
2023-05-10 13:35:39,i2403-P-590,i2403-P-590,28.1,0.0,0.0,0.0,10,13.8,0.0,0,28.1,0.0,0.0,0.0,0.0,0.0,18
2023-05-10 13:35:40,i2403-P-590,i2403-P-590,28.1,0.0,0.0,0.0,1,13.9,0.0,0,28.1,0.0,0.0,0.0,0.0,0.0,18
2023-05-10 13:35:40,i2403-P-590,i2403-P-590,28.1,0.0,0.0,0.0,10,14.0,0.0,0,28.1,0.0,0.0,0.0,0.0,0.0,18
2023-05-10 13:35:42,i2403-P-590,i2403-P-590,28.1,0.0,0.0,0.0,1,14.1,0.0,0,28.1,0.0,0.0,0.0,0.0,0.0,18
2023-05-10 13:35:42,i2403-P-590,i2403-P-590,28.1,0.0,0.0,0.0,10,14.2,0.0,0,28.1,0.0,0.0,0.0,0.0,0.0,18
2023-05-10 13:42:33,i2403-P-590,i2403-P-590,28.1,0.0,0.0,0.0,1,15.0,0.0,0,28.1,0.0,0.0,0.0,0.0,0.0,18
2023-05-10 13:42:33,i2403-P-590,i2403-P-590,28.1,0.0,0.0,0.0,10,15.1,0.0,0,28.1,0.0,0.0,0.0,0.0,0.0,18
2023-05-10 13:42:34,i2403-P-590,i2403-P-590,28.1,0.0,0.0,0.0,1,15.2,0.0,0,28.1,0.0,0.0,0.0,0.0,0.0,18
2023-05-10 13:42:34,i2403-P-590,i2403-P-590,28.1,0.0,0.0,0.0,10,15.3,0.0,0,28.1,0.0,0.0,0.0,0.0,0.0,18
2023-05-10 13:42:35,i2403-P-590,i2403-P-590,28.1,0.0,0.0,0.0,1,15.4,0.0,0,28.1,0.0,0.0,0.0,0.0,0.0,18
2023-05-10 13:42:35,i2403-P-590,i2403-P-590,28.1,0.0,0.0,0.0,10,15.5,0.0,0,28.1,0.0,0.0,0.0,0.0,0.0,18
2023-05-10 13:42:36,i2403-P-590,i2403-P-590,28.1,0.0,0.0,0.0,1,15.6,0.0,0,28.1,0.0,0.0,0.0,0.0,0.0,18
2023-05-10 13:42:36,i2403-P-590,i2403-P-590,28.1,0.0,0.0,0.0,10,15.7,0.0,0,28.1,0.0,0.0,0.0,0.0,0.0,18
2023-05-10 13:42:47,i2403-P-590,i2403-P-590,28.1,0.0,0.0,0.0,1,16.5,0.0,0,28.1,0.0,0.0,0.0,0.0,0.0,18
2023-05-10 13:42:47,i2403-P-590,i2403-P-590,28.1,0.0,0.0,0.0,10,16.6,0.0,0,28.1,0.0,0.0,0.0,0.0,0.0,18
2023-05-10 13:42:49,i2403-P-590,i2403-P-590,28.1,0.0,0.0,0.0,1,17.4,0.0,0,28.1,0.0,0.0,0.0,0.0,0.0,18
2023-05-10 13:42:49,i2403-P-590,i2403-P-590,28.1,0.0,0.0,0.0,10,17.5,0.0,0,28.1,0.0,0.0,0.0,0.0,0.0,18
2023-05-10 13:42:51,i2403-P-590,i2403-P-590,28.1,0.0,0.0,0.0,1,17.6,0.0,0,28.1,0.0,0.0,0.0,0.0,0.0,18
2023-05-10 13:42:51,i2403-P-590,i2403-P-590,28.1,0.0,0.0,0.0,10,17.7,0.0,0,28.1,0.0,0.0,0.0,0.0,0.0,18
2023-05-10 13:42:52,i2403-P-590,i2403-P-590,28.1,0.0,0.0,0.0,1,17.8,0.0,0,28.1,0.0,0.0,0.0,0.0,0.0,18
2023-05-10 13:42:52,i2403-P-590,i2403-P-590,28.1,0.0,0.0,0.0,10,17.9,0.0,0,28.1,0.0,0.0,0.0,0.0,0.0,18
2023-05-10 13:42:53,i2403-P-590,i2403-P-590,28.1,0.0,0.0,0.0,1,18.0,0.0,0,28.1,0.0,0.0,0.0,0.0,0.0,18
2023-05-10 13:42:53,i2403-P-590,i2403-P-590,28.1,0.0,0.0,0.0,10,18.1,0.0,0,28.1,0.0,0.0,0.0,0.0,0.0,18
2023-05-10 13:42:59,i2403-P-590,i2403-P-590,28.1,0.0,0.0,0.0,1,18.9,0.0,0,28.1,0.0,0.0,0.0,0.0,0.0,18
2023-05-10 13:42:59,i2403-P-590,i2403-P-590,28.1,0.0,0.0,0.0,10,19.0,0.0,0,28.1,0.0,0.0,0.0,0.0,0.0,18
2023-05-10 13:43:00,i2403-P-590,i2403-P-590,28.1,0.0,0.0,0.0,1,19.8,0.0,0,28.1,0.0,0.0,0.0,0.0,0.0,18
2023-05-10 13:43:00,i2403-P-590,i2403-P-590,28.1,0.0,0.0,0.0,10,19.9,0.0,0,28.1,0.0,0.0,0.0,0.0,0.0,18
2023-05-10 13:43:01,i2403-P-590,i2403-P-590,28.1,0.0,0.0,0.0,1,20.0,0.0,0,28.1,0.0,0.0,0.0,0.0,0.0,18
2023-05-10 13:43:01,i2403-P-590,i2403-P-590,28.1,0.0,0.0,0.0,10,20.1,0.0,0,28.1,0.0,0.0,0.0,0.0,0.0,18
2023-05-10 13:43:02,i2403-P-590,i2403-P-590,28.1,0.0,0.0,0.0,1,20.2,0.0,0,28.1,0.0,0.0,0.0,0.0,0.0,18
2023-05-10 13:43:02,i2403-P-590,i2403-P-590,28.1,0.0,0.0,0.0,10,20.3,0.0,0,28.1,0.0,0.0,0.0,0.0,0.0,18
2023-05-10 13:43:03,i2403-P-590,i2403-P-590,28.1,0.0,0.0,0.0,1,20.4,0.0,0,28.1,0.0,0.0,0.0,0.0,0.0,18
2023-05-10 13:43:03,i2403-P-590,i2403-P-590,28.1,0.0,0.0,0.0,10,20.5,0.0,0,28.1,0.0,0.0,0.0,0.0,0.0,18
2023-05-10 13:43:04,i2403-P-590,i2403-P-590,28.1,0.0,0.0,0.0,1,21.3,0.0,0,28.1,0.0,0.0,0.0,0.0,0.0,18
2023-05-10 13:43:04,i2403-P-590,i2403-P-590,28.1,0.0,0.0,0.0,10,21.4,0.0,0,28.1,0.0,0.0,0.0,0.0,0.0,18
2023-05-10 13:43:06,i2403-P-590,i2403-P-590,28.1,0.0,0.0,0.0,1,22.2,0.0,0,28.1,0.0,0.0,0.0,0.0,0.0,18
2023-05-10 13:43:06,i2403-P-590,i2403-P-590,28.1,0.0,0.0,0.0,10,22.3,0.0,0,28.1,0.0,0.0,0.0,0.0,0.0,18
2023-05-10 13:43:07,i2403-P-590,i2403-P-590,28.1,0.0,0.0,0.0,1,22.4,0.0,0,28.1,0.0,0.0,0.0,0.0,0.0,18
2023-05-10 13:43:07,i2403-P-590,i2403-P-590,28.1,0.0,0.0,0.0,10,22.5,0.0,0,28.1,0.0,0.0,0.0,0.0,0.0,18
2023-05-10 13:43:09,i2403-P-590,i2403-P-590,28.1,0.0,0.0,0.0,1,22.6,0.0,0,28.1,0.0,0.0,0.0,0.0,0.0,18
2023-05-10 13:43:09,i2403-P-590,i2403-P-590,28.1,0.0,0.0,0.0,10,22.7,0.0,0,28.1,0.0,0.0,0.0,0.0,0.0,18
2023-05-10 13:43:10,i2403-P-590,i2403-P-590,28.1,0.0,0.0,0.0,1,22.8,0.0,0,28.1,0.0,0.0,0.0,0.0,0.0,18
2023-05-10 13:43:10,i2403-P-590,i2403-P-590,28.1,0.0,0.0,0.0,10,22.9,0.0,0,28.1,0.0,0.0,0.0,0.0,0.0,18
2023-05-10 13:43:11,i2403-P-590,i2403-P-590,28.1,0.0,0.0,0.0,1,23.0,0.0,0,28.1,0.0,0.0,0.0,0.0,0.0,18
2023-05-10 13:43:11,i2403-P-590,i2403-P-590,28.1,0.0,0.0,0.0,10,23.1,0.0,0,28.1,0.0,0.0,0.0,0.0,0.0,18
2023-05-10 13:43:13,i2403-P-590,i2403-P-590,28.1,0.0,0.0,0.0,1,23.2,0.0,0,28.1,0.0,0.0,0.0,0.0,0.0,18
2023-05-10 13:43:13,i2403-P-590,i2403-P-590,28.1,0.0,0.0,0.0,10,23.3,0.0,0,28.1,0.0,0.0,0.0,0.0,0.0,18
2023-05-10 13:43:14,i2403-P-590,i2403-P-590,28.1,0.0,0.0,0.0,1,23.4,0.0,0,28.1,0.0,0.0,0.0,0.0,0.0,18
2023-05-10 13:43:14,i2403-P-590,i2403-P-590,28.1,0.0,0.0,0.0,10,23.5,0.0,0,28.1,0.0,0.0,0.0,0.0,0.0,18
2023-05-10 13:43:15,i2403-P-590,i2403-P-590,28.1,0.0,0.0,0.0,1,23.6,0.0,0,28.1,0.0,0.0,0.0,0.0,0.0,18
2023-05-10 13:43:15,i2403-P-590,i2403-P-590,28.1,0.0,0.0,0.0,10,23.7,0.0,0,28.1,0.0,0.0,0.0,0.0,0.0,18
2023-05-10 13:43:16,i2403-P-590,i2403-P-590,28.1,0.0,0.0,0.0,1,23.8,0.0,0,28.1,0.0,0.0,0.0,0.0,0.0,18
2023-05-10 13:43:16,i2403-P-590,i2403-P-590,28.1,0.0,0.0,0.0,10,23.9,0.0,0,28.1,0.0,0.0,0.0,0.0,0.0,18
2023-05-10 13:43:18,i2403-P-590,i2403-P-590,28.1,0.0,0.0,0.0,1,25.5,0.0,0,28.1,0.0,0.0,0.0,0.0,0.0,18
2023-05-10 13:43:18,i2403-P-590,i2403-P-590,28.1,0.0,0.0,0.0,10,25.6,0.0,0,28.1,0.0,0.0,0.0,0.0,0.0,18
2023-05-10 13:43:19,i2403-P-590,i2403-P-590,28.1,0.0,0.0,0.0,1,25.7,0.0,0,28.1,0.0,0.0,0.0,0.0,0.0,18
2023-05-10 13:43:19,i2403-P-590,i2403-P-590,28.1,0.0,0.0,0.0,10,25.8,0.0,0,28.1,0.0,0.0,0.0,0.0,0.0,18
2023-05-10 13:43:20,i2403-P-590,i2403-P-590,28.1,0.0,0.0,0.0,1,25.9,0.0,0,28.1,0.0,0.0,0.0,0.0,0.0,18
2023-05-10 13:43:20,i2403-P-590,i2403-P-590,28.1,0.0,0.0,0.0,10,26.0,0.0,0,28.1,0.0,0.0,0.0,0.0,0.0,18
2023-05-10 13:43:22,i2403-P-590,i2403-P-590,28.1,0.0,0.0,0.0,1,26.1,0.0,0,28.1,0.0,0.0,0.0,0.0,0.0,18
2023-05-10 13:43:22,i2403-P-590,i2403-P-590,28.1,0.0,0.0,0.0,10,26.2,0.0,0,28.1,0.0,0.0,0.0,0.0,0.0,18
2023-05-10 13:43:23,i2403-P-590,i2403-P-590,28.1,0.0,0.0,0.0,1,26.3,0.0,0,28.1,0.0,0.0,0.0,0.0,0.0,18
2023-05-10 13:43:23,i2403-P-590,i2403-P-590,28.1,0.0,0.0,0.0,10,26.4,0.0,0,28.1,0.0,0.0,0.0,0.0,0.0,18
2023-05-10 13:43:24,i2403-P-590,i2403-P-590,28.1,0.0,0.0,0.0,1,26.5,0.0,0,28.1,0.0,0.0,0.0,0.0,0.0,18
2023-05-10 13:43:24,i2403-P-590,i2403-P-590,28.1,0.0,0.0,0.0,10,26.6,0.0,0,28.1,0.0,0.0,0.0,0.0,0.0,18
2023-05-10 13:43:25,i2403-P-590,i2403-P-590,28.1,0.0,0.0,0.0,1,26.7,0.0,0,28.1,0.0,0.0,0.0,0.0,0.0,18
2023-05-10 13:43:25,i2403-P-590,i2403-P-590,28.1,0.0,0.0,0.0,10,26.8,0.0,0,28.1,0.0,0.0,0.0,0.0,0.0,18
2023-05-10 13:43:27,i2403-P-590,i2403-P-590,28.1,0.0,0.0,0.0,1,26.9,0.0,0,28.1,0.0,0.0,0.0,0.0,0.0,18
2023-05-10 13:43:27,i2403-P-590,i2403-P-590,28.1,0.0,0.0,0.0,10,27.0,0.0,0,28.1,0.0,0.0,0.0,0.0,0.0,18
2023-05-10 13:51:51,i2403-P-590,i2403-P-590,28.1,0.0,0.0,0.0,10,27.0,100.0,1,28.1,0.0,0.0,0.0,0.0,0.0,18
2023-05-10 13:51:51,i2403-P-590,i2403-P-590,28.1,0.0,0.0,0.0,10,27.0,99.9,10,28.1,0.0,0.0,0.0,0.0,0.0,18
2023-05-10 13:51:53,i2403-P-590,i2403-P-590,28.1,0.0,0.0,0.0,10,27.0,98.8,1,28.1,0.0,0.0,0.0,0.0,0.0,18
2023-05-10 13:51:54,i2403-P-590,i2403-P-590,28.1,0.0,0.0,0.0,10,27.0,98.7,10,28.1,0.0,0.0,0.0,0.0,0.0,18
2023-05-10 13:52:00,i2403-P-590,i2403-P-590,28.1,0.0,0.0,0.0,10,27.0,97.6,1,28.1,0.0,0.0,0.0,0.0,0.0,18
2023-05-10 13:52:01,i2403-P-590,i2403-P-590,28.1,0.0,0.0,0.0,10,27.0,97.5,10,28.1,0.0,0.0,0.0,0.0,0.0,18
2023-05-10 13:52:10,i2403-P-590,i2403-P-590,28.1,0.0,0.0,0.0,10,27.0,96.4,1,28.1,0.0,0.0,0.0,0.0,0.0,18
2023-05-10 13:52:11,i2403-P-590,i2403-P-590,28.1,0.0,0.0,0.0,10,27.0,96.3,10,28.1,0.0,0.0,0.0,0.0,0.0,18
2023-05-10 13:52:15,i2403-P-590,i2403-P-590,28.1,0.0,0.0,0.0,10,27.0,95.2,1,28.1,0.0,0.0,0.0,0.0,0.0,18
2023-05-10 13:52:15,i2403-P-590,i2403-P-590,28.1,0.0,0.0,0.0,10,27.0,95.1,10,28.1,0.0,0.0,0.0,0.0,0.0,18
2023-05-10 14:36:32,i2403-P-590,i2403-P-590,28.1,0.0,0.0,0.0,10,27.0,94.0,1,28.1,0.0,0.0,0.0,0.0,0.0,18
2023-05-10 14:36:32,i2403-P-590,i2403-P-590,28.1,0.0,0.0,0.0,10,27.0,93.9,10,28.1,0.0,0.0,0.0,0.0,0.0,18
2023-05-10 14:36:33,i2403-P-590,i2403-P-590,28.1,0.0,0.0,0.0,10,27.0,92.8,1,28.1,0.0,0.0,0.0,0.0,0.0,18
2023-05-10 14:36:33,i2403-P-590,i2403-P-590,28.1,0.0,0.0,0.0,10,27.0,92.7,10,28.1,0.0,0.0,0.0,0.0,0.0,18
2023-05-10 14:36:34,i2403-P-590,i2403-P-590,28.1,0.0,0.0,0.0,10,27.0,91.6,1,28.1,0.0,0.0,0.0,0.0,0.0,18
2023-05-10 14:36:35,i2403-P-590,i2403-P-590,28.1,0.0,0.0,0.0,10,27.0,91.5,10,28.1,0.0,0.0,0.0,0.0,0.0,18
2023-05-10 14:36:36,i2403-P-590,i2403-P-590,28.1,0.0,0.0,0.0,10,27.0,90.4,1,28.1,0.0,0.0,0.0,0.0,0.0,18
2023-05-10 14:36:36,i2403-P-590,i2403-P-590,28.1,0.0,0.0,0.0,10,27.0,90.3,10,28.1,0.0,0.0,0.0,0.0,0.0,18
2023-05-10 14:36:37,i2403-P-590,i2403-P-590,28.1,0.0,0.0,0.0,10,27.0,89.2,1,28.1,0.0,0.0,0.0,0.0,0.0,18
2023-05-10 14:36:37,i2403-P-590,i2403-P-590,28.1,0.0,0.0,0.0,10,27.0,89.1,10,28.1,0.0,0.0,0.0,0.0,0.0,18
2023-05-10 14:36:38,i2403-P-590,i2403-P-590,28.1,0.0,0.0,0.0,10,27.0,88.0,1,28.1,0.0,0.0,0.0,0.0,0.0,18
2023-05-10 14:36:39,i2403-P-590,i2403-P-590,28.1,0.0,0.0,0.0,10,27.0,87.9,10,28.1,0.0,0.0,0.0,0.0,0.0,18
2023-05-10 14:36:40,i2403-P-590,i2403-P-590,28.1,0.0,0.0,0.0,10,27.0,86.8,1,28.1,0.0,0.0,0.0,0.0,0.0,18
2023-05-10 14:36:40,i2403-P-590,i2403-P-590,28.1,0.0,0.0,0.0,10,27.0,86.7,10,28.1,0.0,0.0,0.0,0.0,0.0,18
2023-05-10 14:36:41,i2403-P-590,i2403-P-590,28.1,0.0,0.0,0.0,10,27.0,85.6,1,28.1,0.0,0.0,0.0,0.0,0.0,18
2023-05-10 14:36:41,i2403-P-590,i2403-P-590,28.1,0.0,0.0,0.0,10,27.0,85.5,10,28.1,0.0,0.0,0.0,0.0,0.0,18
2023-05-10 14:36:42,i2403-P-590,i2403-P-590,28.1,0.0,0.0,0.0,10,27.0,84.4,1,28.1,0.0,0.0,0.0,0.0,0.0,18
2023-05-10 14:36:43,i2403-P-590,i2403-P-590,28.1,0.0,0.0,0.0,10,27.0,84.3,10,28.1,0.0,0.0,0.0,0.0,0.0,18
2023-05-10 14:36:44,i2403-P-590,i2403-P-590,28.1,0.0,0.0,0.0,10,27.0,83.1,10,28.1,0.0,0.0,0.0,0.0,0.0,18
2023-05-10 14:36:45,i2403-P-590,i2403-P-590,28.1,0.0,0.0,0.0,10,27.0,82.0,1,28.1,0.0,0.0,0.0,0.0,0.0,18
2023-05-10 14:36:45,i2403-P-590,i2403-P-590,28.1,0.0,0.0,0.0,10,27.0,81.9,10,28.1,0.0,0.0,0.0,0.0,0.0,18
2023-05-10 14:36:46,i2403-P-590,i2403-P-590,28.1,0.0,0.0,0.0,10,27.0,80.8,1,28.1,0.0,0.0,0.0,0.0,0.0,18
2023-05-10 14:36:46,i2403-P-590,i2403-P-590,28.1,0.0,0.0,0.0,10,27.0,80.7,10,28.1,0.0,0.0,0.0,0.0,0.0,18
2023-05-10 14:36:48,i2403-P-590,i2403-P-590,28.1,0.0,0.0,0.0,10,27.0,79.6,1,28.1,0.0,0.0,0.0,0.0,0.0,18
2023-05-10 14:36:48,i2403-P-590,i2403-P-590,28.1,0.0,0.0,0.0,10,27.0,79.5,10,28.1,0.0,0.0,0.0,0.0,0.0,18
2023-05-10 14:36:49,i2403-P-590,i2403-P-590,28.1,0.0,0.0,0.0,10,27.0,78.4,1,28.1,0.0,0.0,0.0,0.0,0.0,18
2023-05-10 14:36:49,i2403-P-590,i2403-P-590,28.1,0.0,0.0,0.0,10,27.0,78.3,10,28.1,0.0,0.0,0.0,0.0,0.0,18
2023-05-10 14:36:50,i2403-P-590,i2403-P-590,28.1,0.0,0.0,0.0,10,27.0,77.2,1,28.1,0.0,0.0,0.0,0.0,0.0,18
2023-05-10 14:36:50,i2403-P-590,i2403-P-590,28.1,0.0,0.0,0.0,10,27.0,77.1,10,28.1,0.0,0.0,0.0,0.0,0.0,18
2023-05-10 14:36:52,i2403-P-590,i2403-P-590,28.1,0.0,0.0,0.0,10,27.0,76.0,1,28.1,0.0,0.0,0.0,0.0,0.0,18
2023-05-10 14:36:52,i2403-P-590,i2403-P-590,28.1,0.0,0.0,0.0,10,27.0,75.9,10,28.1,0.0,0.0,0.0,0.0,0.0,18
2023-05-10 14:36:53,i2403-P-590,i2403-P-590,28.1,0.0,0.0,0.0,10,27.0,74.8,1,28.1,0.0,0.0,0.0,0.0,0.0,18
2023-05-10 14:36:53,i2403-P-590,i2403-P-590,28.1,0.0,0.0,0.0,10,27.0,74.7,10,28.1,0.0,0.0,0.0,0.0,0.0,18
2023-05-10 14:36:54,i2403-P-590,i2403-P-590,28.1,0.0,0.0,0.0,10,27.0,73.6,1,28.1,0.0,0.0,0.0,0.0,0.0,18
2023-05-10 14:36:54,i2403-P-590,i2403-P-590,28.1,0.0,0.0,0.0,10,27.0,73.5,10,28.1,0.0,0.0,0.0,0.0,0.0,18
2023-05-10 14:36:55,i2403-P-590,i2403-P-590,28.1,0.0,0.0,0.0,10,27.0,72.4,1,28.1,0.0,0.0,0.0,0.0,0.0,18
2023-05-10 14:36:56,i2403-P-590,i2403-P-590,28.1,0.0,0.0,0.0,10,27.0,72.3,10,28.1,0.0,0.0,0.0,0.0,0.0,18
2023-05-10 14:36:57,i2403-P-590,i2403-P-590,28.1,0.0,0.0,0.0,10,27.0,71.2,1,28.1,0.0,0.0,0.0,0.0,0.0,18
2023-05-10 14:36:57,i2403-P-590,i2403-P-590,28.1,0.0,0.0,0.0,10,27.0,71.1,10,28.1,0.0,0.0,0.0,0.0,0.0,18
2023-05-10 14:36:58,i2403-P-590,i2403-P-590,28.1,0.0,0.0,0.0,10,27.0,70.0,1,28.1,0.0,0.0,0.0,0.0,0.0,18
2023-05-10 14:36:58,i2403-P-590,i2403-P-590,28.1,0.0,0.0,0.0,10,27.0,69.9,10,28.1,0.0,0.0,0.0,0.0,0.0,18
2023-05-10 14:36:59,i2403-P-590,i2403-P-590,28.1,0.0,0.0,0.0,10,27.0,68.8,1,28.1,0.0,0.0,0.0,0.0,0.0,18
2023-05-10 14:37:00,i2403-P-590,i2403-P-590,28.1,0.0,0.0,0.0,10,27.0,68.7,10,28.1,0.0,0.0,0.0,0.0,0.0,18
2023-05-10 14:37:01,i2403-P-590,i2403-P-590,28.1,0.0,0.0,0.0,10,27.0,67.6,1,28.1,0.0,0.0,0.0,0.0,0.0,18
2023-05-10 14:37:01,i2403-P-590,i2403-P-590,28.1,0.0,0.0,0.0,10,27.0,67.5,10,28.1,0.0,0.0,0.0,0.0,0.0,18
2023-05-10 14:37:02,i2403-P-590,i2403-P-590,28.1,0.0,0.0,0.0,10,27.0,66.4,1,28.1,0.0,0.0,0.0,0.0,0.0,18
2023-05-10 14:37:02,i2403-P-590,i2403-P-590,28.1,0.0,0.0,0.0,10,27.0,66.3,10,28.1,0.0,0.0,0.0,0.0,0.0,18
2023-05-10 14:37:03,i2403-P-590,i2403-P-590,28.1,0.0,0.0,0.0,10,27.0,65.2,1,28.1,0.0,0.0,0.0,0.0,0.0,18
2023-05-10 14:37:04,i2403-P-590,i2403-P-590,28.1,0.0,0.0,0.0,10,27.0,65.1,10,28.1,0.0,0.0,0.0,0.0,0.0,18
2023-05-10 14:37:05,i2403-P-590,i2403-P-590,28.1,0.0,0.0,0.0,10,27.0,64.0,1,28.1,0.0,0.0,0.0,0.0,0.0,18
2023-05-10 14:37:05,i2403-P-590,i2403-P-590,28.1,0.0,0.0,0.0,10,27.0,63.9,10,28.1,0.0,0.0,0.0,0.0,0.0,18
2023-05-10 14:37:06,i2403-P-590,i2403-P-590,28.1,0.0,0.0,0.0,10,27.0,62.8,1,28.1,0.0,0.0,0.0,0.0,0.0,18
2023-05-10 14:37:06,i2403-P-590,i2403-P-590,28.1,0.0,0.0,0.0,10,27.0,62.7,10,28.1,0.0,0.0,0.0,0.0,0.0,18
2023-05-10 14:38:04,i2403-P-590,i2403-P-590,28.1,0.0,0.0,0.0,10,27.0,61.6,1,28.1,0.0,0.0,0.0,0.0,0.0,18
2023-05-10 14:38:04,i2403-P-590,i2403-P-590,28.1,0.0,0.0,0.0,10,27.0,61.5,10,28.1,0.0,0.0,0.0,0.0,0.0,18
2023-05-10 14:38:05,i2403-P-590,i2403-P-590,28.1,0.0,0.0,0.0,10,27.0,60.4,1,28.1,0.0,0.0,0.0,0.0,0.0,18
2023-05-10 14:38:06,i2403-P-590,i2403-P-590,28.1,0.0,0.0,0.0,10,27.0,60.3,10,28.1,0.0,0.0,0.0,0.0,0.0,18
2023-05-10 14:38:07,i2403-P-590,i2403-P-590,28.1,0.0,0.0,0.0,10,27.0,59.2,1,28.1,0.0,0.0,0.0,0.0,0.0,18
2023-05-10 14:38:07,i2403-P-590,i2403-P-590,28.1,0.0,0.0,0.0,10,27.0,59.1,10,28.1,0.0,0.0,0.0,0.0,0.0,18
2023-05-10 14:38:08,i2403-P-590,i2403-P-590,28.1,0.0,0.0,0.0,10,27.0,58.0,1,28.1,0.0,0.0,0.0,0.0,0.0,18
2023-05-10 14:38:08,i2403-P-590,i2403-P-590,28.1,0.0,0.0,0.0,10,27.0,57.9,10,28.1,0.0,0.0,0.0,0.0,0.0,18
2023-05-10 14:38:09,i2403-P-590,i2403-P-590,28.1,0.0,0.0,0.0,10,27.0,56.8,1,28.1,0.0,0.0,0.0,0.0,0.0,18
2023-05-10 14:38:10,i2403-P-590,i2403-P-590,28.1,0.0,0.0,0.0,10,27.0,56.7,10,28.1,0.0,0.0,0.0,0.0,0.0,18
2023-05-10 14:38:11,i2403-P-590,i2403-P-590,28.1,0.0,0.0,0.0,10,27.0,55.6,1,28.1,0.0,0.0,0.0,0.0,0.0,18
2023-05-10 14:38:11,i2403-P-590,i2403-P-590,28.1,0.0,0.0,0.0,10,27.0,55.5,10,28.1,0.0,0.0,0.0,0.0,0.0,18
2023-05-10 14:38:12,i2403-P-590,i2403-P-590,28.1,0.0,0.0,0.0,10,27.0,54.4,1,28.1,0.0,0.0,0.0,0.0,0.0,18
2023-05-10 14:38:12,i2403-P-590,i2403-P-590,28.1,0.0,0.0,0.0,10,27.0,54.3,10,28.1,0.0,0.0,0.0,0.0,0.0,18
2023-05-10 14:38:13,i2403-P-590,i2403-P-590,28.1,0.0,0.0,0.0,10,27.0,53.2,1,28.1,0.0,0.0,0.0,0.0,0.0,18
2023-05-10 14:38:13,i2403-P-590,i2403-P-590,28.1,0.0,0.0,0.0,10,27.0,53.1,10,28.1,0.0,0.0,0.0,0.0,0.0,18
2023-05-10 14:38:15,i2403-P-590,i2403-P-590,28.1,0.0,0.0,0.0,10,27.0,52.0,1,28.1,0.0,0.0,0.0,0.0,0.0,18
2023-05-10 14:38:15,i2403-P-590,i2403-P-590,28.1,0.0,0.0,0.0,10,27.0,51.9,10,28.1,0.0,0.0,0.0,0.0,0.0,18
2023-05-10 14:38:16,i2403-P-590,i2403-P-590,28.1,0.0,0.0,0.0,10,27.0,50.8,1,28.1,0.0,0.0,0.0,0.0,0.0,18
2023-05-10 14:38:16,i2403-P-590,i2403-P-590,28.1,0.0,0.0,0.0,10,27.0,50.7,10,28.1,0.0,0.0,0.0,0.0,0.0,18
2023-05-10 14:38:17,i2403-P-590,i2403-P-590,28.1,0.0,0.0,0.0,10,27.0,49.6,1,28.1,0.0,0.0,0.0,0.0,0.0,18
2023-05-10 14:38:17,i2403-P-590,i2403-P-590,28.1,0.0,0.0,0.0,10,27.0,49.5,10,28.1,0.0,0.0,0.0,0.0,0.0,18
2023-05-10 14:38:19,i2403-P-590,i2403-P-590,28.1,0.0,0.0,0.0,10,27.0,48.4,1,28.1,0.0,0.0,0.0,0.0,0.0,18
2023-05-10 14:38:19,i2403-P-590,i2403-P-590,28.1,0.0,0.0,0.0,10,27.0,48.3,10,28.1,0.0,0.0,0.0,0.0,0.0,18
2023-05-10 14:38:22,i2403-P-590,i2403-P-590,28.1,0.0,0.0,0.0,10,27.0,47.2,1,28.1,0.0,0.0,0.0,0.0,0.0,18
2023-05-10 14:38:23,i2403-P-590,i2403-P-590,28.1,0.0,0.0,0.0,10,27.0,47.1,10,28.1,0.0,0.0,0.0,0.0,0.0,18
2023-05-10 14:38:26,i2403-P-590,i2403-P-590,28.1,0.0,0.0,0.0,10,27.0,46.0,1,28.1,0.0,0.0,0.0,0.0,0.0,18
2023-05-10 14:38:26,i2403-P-590,i2403-P-590,28.1,0.0,0.0,0.0,10,27.0,45.9,10,28.1,0.0,0.0,0.0,0.0,0.0,18
2023-05-10 14:38:29,i2403-P-590,i2403-P-590,28.1,0.0,0.0,0.0,10,27.0,44.8,1,28.1,0.0,0.0,0.0,0.0,0.0,18
2023-05-10 14:38:29,i2403-P-590,i2403-P-590,28.1,0.0,0.0,0.0,10,27.0,44.7,10,28.1,0.0,0.0,0.0,0.0,0.0,18
2023-05-10 14:38:33,i2403-P-590,i2403-P-590,28.1,0.0,0.0,0.0,10,27.0,43.6,1,28.1,0.0,0.0,0.0,0.0,0.0,18
2023-05-10 14:38:33,i2403-P-590,i2403-P-590,28.1,0.0,0.0,0.0,10,27.0,43.5,10,28.1,0.0,0.0,0.0,0.0,0.0,18
2023-05-10 14:49:52,i2403-P-590,i2403-P-590,28.1,0.0,0.0,0.0,10,27.0,42.9,1,28.1,0.0,0.0,0.0,0.0,0.0,18
2023-05-10 14:49:53,i2403-P-590,i2403-P-590,28.1,0.0,0.0,0.0,10,27.0,42.8,10,28.1,0.0,0.0,0.0,0.0,0.0,18
2023-05-10 14:59:01,i2403-P-590,i2403-P-590,28.1,0.0,0.0,0.0,1,7.5,0.0,0,28.1,0.0,0.0,0.0,0.0,0.0,18
2023-05-10 14:59:02,i2403-P-590,i2403-P-590,28.1,0.0,0.0,0.0,1,7.6,0.0,0,28.1,0.0,0.0,0.0,0.0,0.0,18
2023-05-10 15:01:15,i2403-P-590,i2403-P-590,28.1,0.0,0.0,0.0,1,7.6,0.0,0,28.1,0.0,0.0,0.0,0.0,0.0,18
