time,symbol_id,symbol_name,last,trade_volume,trade_amount,open_interest_change,bv1,bp1,ap1,av1,yesterday_close,today_open,today_high,today_low,volume,amount,open_interest
2023-05-09 20:55:41,i2402-C-820,i2402-C-820,18.8,0.0,0.0,0.0,1,0.1,0.0,0,18.8,0.0,0.0,0.0,0.0,0.0,1
2023-05-09 21:01:07,i2402-C-820,i2402-C-820,18.8,0.0,0.0,0.0,1,0.2,0.0,0,18.8,0.0,0.0,0.0,0.0,0.0,1
2023-05-09 21:06:00,i2402-C-820,i2402-C-820,18.8,0.0,0.0,0.0,1,0.3,0.0,0,18.8,0.0,0.0,0.0,0.0,0.0,1
2023-05-09 21:06:00,i2402-C-820,i2402-C-820,18.8,0.0,0.0,0.0,1,0.4,0.0,0,18.8,0.0,0.0,0.0,0.0,0.0,1
2023-05-09 21:06:40,i2402-C-820,i2402-C-820,18.8,0.0,0.0,0.0,1,0.5,0.0,0,18.8,0.0,0.0,0.0,0.0,0.0,1
2023-05-09 21:06:41,i2402-C-820,i2402-C-820,18.8,0.0,0.0,0.0,1,0.6,0.0,0,18.8,0.0,0.0,0.0,0.0,0.0,1
2023-05-09 21:06:42,i2402-C-820,i2402-C-820,18.8,0.0,0.0,0.0,1,0.7,0.0,0,18.8,0.0,0.0,0.0,0.0,0.0,1
2023-05-09 21:06:50,i2402-C-820,i2402-C-820,18.8,0.0,0.0,0.0,1,0.8,0.0,0,18.8,0.0,0.0,0.0,0.0,0.0,1
2023-05-09 21:06:51,i2402-C-820,i2402-C-820,18.8,0.0,0.0,0.0,1,0.9,0.0,0,18.8,0.0,0.0,0.0,0.0,0.0,1
2023-05-09 21:07:00,i2402-C-820,i2402-C-820,18.8,0.0,0.0,0.0,1,1.0,0.0,0,18.8,0.0,0.0,0.0,0.0,0.0,1
2023-05-09 21:07:01,i2402-C-820,i2402-C-820,18.8,0.0,0.0,0.0,1,1.1,0.0,0,18.8,0.0,0.0,0.0,0.0,0.0,1
2023-05-09 21:08:26,i2402-C-820,i2402-C-820,18.8,0.0,0.0,0.0,1,1.2,0.0,0,18.8,0.0,0.0,0.0,0.0,0.0,1
2023-05-09 21:08:28,i2402-C-820,i2402-C-820,18.8,0.0,0.0,0.0,1,1.3,0.0,0,18.8,0.0,0.0,0.0,0.0,0.0,1
2023-05-09 21:12:53,i2402-C-820,i2402-C-820,18.8,0.0,0.0,0.0,1,1.6,0.0,0,18.8,0.0,0.0,0.0,0.0,0.0,1
2023-05-09 21:13:56,i2402-C-820,i2402-C-820,18.8,0.0,0.0,0.0,1,1.7,0.0,0,18.8,0.0,0.0,0.0,0.0,0.0,1
2023-05-09 21:38:26,i2402-C-820,i2402-C-820,18.8,0.0,0.0,0.0,1,1.8,0.0,0,18.8,0.0,0.0,0.0,0.0,0.0,1
2023-05-09 21:38:27,i2402-C-820,i2402-C-820,18.8,0.0,0.0,0.0,1,1.9,0.0,0,18.8,0.0,0.0,0.0,0.0,0.0,1
2023-05-09 22:08:33,i2402-C-820,i2402-C-820,18.8,0.0,0.0,0.0,1,2.0,0.0,0,18.8,0.0,0.0,0.0,0.0,0.0,1
2023-05-09 22:08:34,i2402-C-820,i2402-C-820,18.8,0.0,0.0,0.0,1,2.1,0.0,0,18.8,0.0,0.0,0.0,0.0,0.0,1
2023-05-09 22:57:31,i2402-C-820,i2402-C-820,18.8,0.0,0.0,0.0,1,2.0,0.0,0,18.8,0.0,0.0,0.0,0.0,0.0,1
2023-05-10 09:00:01,i2402-C-820,i2402-C-820,18.8,0.0,0.0,0.0,1,0.5,0.0,0,18.8,0.0,0.0,0.0,0.0,0.0,1
2023-05-10 09:01:11,i2402-C-820,i2402-C-820,18.8,0.0,0.0,0.0,1,0.6,0.0,0,18.8,0.0,0.0,0.0,0.0,0.0,1
2023-05-10 09:02:52,i2402-C-820,i2402-C-820,18.8,0.0,0.0,0.0,1,0.7,0.0,0,18.8,0.0,0.0,0.0,0.0,0.0,1
2023-05-10 09:35:27,i2402-C-820,i2402-C-820,18.8,0.0,0.0,0.0,1,1.6,0.0,0,18.8,0.0,0.0,0.0,0.0,0.0,1
2023-05-10 09:35:29,i2402-C-820,i2402-C-820,18.8,0.0,0.0,0.0,1,1.7,0.0,0,18.8,0.0,0.0,0.0,0.0,0.0,1
2023-05-10 09:37:44,i2402-C-820,i2402-C-820,18.8,0.0,0.0,0.0,1,1.8,0.0,0,18.8,0.0,0.0,0.0,0.0,0.0,1
2023-05-10 09:37:44,i2402-C-820,i2402-C-820,18.8,0.0,0.0,0.0,1,1.9,0.0,0,18.8,0.0,0.0,0.0,0.0,0.0,1
2023-05-10 09:42:10,i2402-C-820,i2402-C-820,18.8,0.0,0.0,0.0,1,2.0,0.0,0,18.8,0.0,0.0,0.0,0.0,0.0,1
2023-05-10 09:42:11,i2402-C-820,i2402-C-820,18.8,0.0,0.0,0.0,1,2.1,0.0,0,18.8,0.0,0.0,0.0,0.0,0.0,1
2023-05-10 10:12:25,i2402-C-820,i2402-C-820,18.8,0.0,0.0,0.0,1,2.0,0.0,0,18.8,0.0,0.0,0.0,0.0,0.0,1
2023-05-10 10:30:25,i2402-C-820,i2402-C-820,18.8,0.0,0.0,0.0,1,2.1,0.0,0,18.8,0.0,0.0,0.0,0.0,0.0,1
2023-05-10 11:27:24,i2402-C-820,i2402-C-820,18.8,0.0,0.0,0.0,1,2.0,0.0,0,18.8,0.0,0.0,0.0,0.0,0.0,1
2023-05-10 11:29:46,i2402-C-820,i2402-C-820,18.8,0.0,0.0,0.0,1,1.8,0.0,0,18.8,0.0,0.0,0.0,0.0,0.0,1
2023-05-10 13:32:32,i2402-C-820,i2402-C-820,18.8,0.0,0.0,0.0,1,1.9,0.0,0,18.8,0.0,0.0,0.0,0.0,0.0,1
2023-05-10 13:59:24,i2402-C-820,i2402-C-820,18.8,0.0,0.0,0.0,1,2.0,0.0,0,18.8,0.0,0.0,0.0,0.0,0.0,1
2023-05-10 13:59:25,i2402-C-820,i2402-C-820,18.8,0.0,0.0,0.0,1,2.1,0.0,0,18.8,0.0,0.0,0.0,0.0,0.0,1
2023-05-10 14:20:09,i2402-C-820,i2402-C-820,18.8,0.0,0.0,0.0,1,2.0,0.0,0,18.8,0.0,0.0,0.0,0.0,0.0,1
2023-05-10 14:21:04,i2402-C-820,i2402-C-820,18.8,0.0,0.0,0.0,1,2.1,0.0,0,18.8,0.0,0.0,0.0,0.0,0.0,1
2023-05-10 14:21:19,i2402-C-820,i2402-C-820,18.8,0.0,0.0,0.0,1,2.0,0.0,0,18.8,0.0,0.0,0.0,0.0,0.0,1
2023-05-10 14:23:09,i2402-C-820,i2402-C-820,18.8,0.0,0.0,0.0,1,2.1,0.0,0,18.8,0.0,0.0,0.0,0.0,0.0,1
2023-05-10 14:28:49,i2402-C-820,i2402-C-820,18.8,0.0,0.0,0.0,1,2.0,0.0,0,18.8,0.0,0.0,0.0,0.0,0.0,1
2023-05-10 14:30:54,i2402-C-820,i2402-C-820,18.8,0.0,0.0,0.0,1,2.1,0.0,0,18.8,0.0,0.0,0.0,0.0,0.0,1
2023-05-10 14:32:55,i2402-C-820,i2402-C-820,18.8,0.0,0.0,0.0,1,2.0,0.0,0,18.8,0.0,0.0,0.0,0.0,0.0,1
2023-05-10 14:35:30,i2402-C-820,i2402-C-820,18.8,0.0,0.0,0.0,1,2.1,0.0,0,18.8,0.0,0.0,0.0,0.0,0.0,1
2023-05-10 14:37:40,i2402-C-820,i2402-C-820,18.8,0.0,0.0,0.0,1,2.0,0.0,0,18.8,0.0,0.0,0.0,0.0,0.0,1
2023-05-10 14:38:30,i2402-C-820,i2402-C-820,18.8,0.0,0.0,0.0,1,2.1,0.0,0,18.8,0.0,0.0,0.0,0.0,0.0,1
2023-05-10 14:47:49,i2402-C-820,i2402-C-820,18.8,0.0,0.0,0.0,1,13.6,17.6,1,18.8,0.0,0.0,0.0,0.0,0.0,1
2023-05-10 14:47:54,i2402-C-820,i2402-C-820,18.8,0.0,0.0,0.0,1,14.9,17.6,1,18.8,0.0,0.0,0.0,0.0,0.0,1
2023-05-10 14:48:01,i2402-C-820,i2402-C-820,18.8,0.0,0.0,0.0,1,14.9,18.2,1,18.8,0.0,0.0,0.0,0.0,0.0,1
2023-05-10 14:48:01,i2402-C-820,i2402-C-820,18.8,0.0,0.0,0.0,2,14.9,18.2,2,18.8,0.0,0.0,0.0,0.0,0.0,1
2023-05-10 14:48:02,i2402-C-820,i2402-C-820,18.8,0.0,0.0,0.0,1,16.1,17.9,1,18.8,0.0,0.0,0.0,0.0,0.0,1
2023-05-10 14:48:13,i2402-C-820,i2402-C-820,18.8,0.0,0.0,0.0,1,15.8,18.2,2,18.8,0.0,0.0,0.0,0.0,0.0,1
2023-05-10 14:48:14,i2402-C-820,i2402-C-820,18.8,0.0,0.0,0.0,1,15.8,18.2,1,18.8,0.0,0.0,0.0,0.0,0.0,1
2023-05-10 14:48:16,i2402-C-820,i2402-C-820,18.8,0.0,0.0,0.0,1,15.8,19.8,1,18.8,0.0,0.0,0.0,0.0,0.0,1
2023-05-10 14:48:19,i2402-C-820,i2402-C-820,18.8,0.0,0.0,0.0,1,2.0,0.0,0,18.8,0.0,0.0,0.0,0.0,0.0,1
2023-05-10 14:48:19,i2402-C-820,i2402-C-820,18.8,0.0,0.0,0.0,1,2.1,0.0,0,18.8,0.0,0.0,0.0,0.0,0.0,1
2023-05-10 15:01:14,i2402-C-820,i2402-C-820,18.8,0.0,0.0,0.0,1,2.1,0.0,0,18.8,0.0,0.0,0.0,0.0,0.0,1
