time,symbol_id,symbol_name,last,trade_volume,trade_amount,open_interest_change,bv1,bp1,ap1,av1,yesterday_close,today_open,today_high,today_low,volume,amount,open_interest
2023-05-09 20:56:26,i2401-C-940,i2401-C-940,5.2,0.0,0.0,0.0,20,1.1,0.0,0,5.2,0.0,0.0,0.0,0.0,0.0,7
2023-05-09 21:00:00,i2401-C-940,i2401-C-940,5.2,0.0,0.0,0.0,1,4.2,0.0,0,5.2,0.0,0.0,0.0,0.0,0.0,7
2023-05-09 21:00:15,i2401-C-940,i2401-C-940,5.2,0.0,0.0,0.0,1,4.2,18.3,20,5.2,0.0,0.0,0.0,0.0,0.0,7
2023-05-09 21:00:16,i2401-C-940,i2401-C-940,5.2,0.0,0.0,0.0,1,4.2,14.4,1,5.2,0.0,0.0,0.0,0.0,0.0,7
2023-05-09 21:00:16,i2401-C-940,i2401-C-940,5.2,0.0,0.0,0.0,1,4.2,14.3,20,5.2,0.0,0.0,0.0,0.0,0.0,7
2023-05-09 21:00:17,i2401-C-940,i2401-C-940,5.2,0.0,0.0,0.0,1,4.2,10.4,1,5.2,0.0,0.0,0.0,0.0,0.0,7
2023-05-09 21:00:17,i2401-C-940,i2401-C-940,5.2,0.0,0.0,0.0,1,4.2,10.3,20,5.2,0.0,0.0,0.0,0.0,0.0,7
2023-05-09 21:00:18,i2401-C-940,i2401-C-940,5.2,0.0,0.0,0.0,1,4.2,6.7,1,5.2,0.0,0.0,0.0,0.0,0.0,7
2023-05-09 21:03:13,i2401-C-940,i2401-C-940,5.2,0.0,0.0,0.0,1,4.2,6.6,20,5.2,0.0,0.0,0.0,0.0,0.0,7
2023-05-09 21:11:39,i2401-C-940,i2401-C-940,5.2,0.0,0.0,0.0,21,4.2,6.6,20,5.2,0.0,0.0,0.0,0.0,0.0,7
2023-05-09 21:11:40,i2401-C-940,i2401-C-940,5.2,0.0,0.0,0.0,1,4.5,6.6,20,5.2,0.0,0.0,0.0,0.0,0.0,7
2023-05-09 21:35:17,i2401-C-940,i2401-C-940,5.2,0.0,0.0,0.0,21,4.5,6.6,20,5.2,0.0,0.0,0.0,0.0,0.0,7
2023-05-09 21:35:17,i2401-C-940,i2401-C-940,5.2,0.0,0.0,0.0,1,4.9,6.6,20,5.2,0.0,0.0,0.0,0.0,0.0,7
2023-05-09 21:49:27,i2401-C-940,i2401-C-940,5.2,0.0,0.0,0.0,21,4.9,6.6,20,5.2,0.0,0.0,0.0,0.0,0.0,7
2023-05-09 21:49:27,i2401-C-940,i2401-C-940,5.2,0.0,0.0,0.0,1,5.3,6.6,20,5.2,0.0,0.0,0.0,0.0,0.0,7
2023-05-09 22:20:22,i2401-C-940,i2401-C-940,5.2,0.0,0.0,0.0,20,4.6,6.6,20,5.2,0.0,0.0,0.0,0.0,0.0,7
2023-05-09 22:20:24,i2401-C-940,i2401-C-940,5.2,0.0,0.0,0.0,1,4.9,6.6,20,5.2,0.0,0.0,0.0,0.0,0.0,7
2023-05-09 22:56:29,i2401-C-940,i2401-C-940,5.2,0.0,0.0,0.0,20,1.1,6.6,20,5.2,0.0,0.0,0.0,0.0,0.0,7
2023-05-09 22:56:30,i2401-C-940,i2401-C-940,5.2,0.0,0.0,0.0,1,2.4,6.6,20,5.2,0.0,0.0,0.0,0.0,0.0,7
2023-05-09 22:56:30,i2401-C-940,i2401-C-940,5.2,0.0,0.0,0.0,20,2.5,6.6,20,5.2,0.0,0.0,0.0,0.0,0.0,7
2023-05-09 22:56:31,i2401-C-940,i2401-C-940,5.2,0.0,0.0,0.0,1,2.6,6.6,20,5.2,0.0,0.0,0.0,0.0,0.0,7
2023-05-09 22:56:31,i2401-C-940,i2401-C-940,5.2,0.0,0.0,0.0,20,2.7,6.6,20,5.2,0.0,0.0,0.0,0.0,0.0,7
2023-05-09 22:56:33,i2401-C-940,i2401-C-940,5.2,0.0,0.0,0.0,1,2.8,6.6,20,5.2,0.0,0.0,0.0,0.0,0.0,7
2023-05-09 22:56:33,i2401-C-940,i2401-C-940,5.2,0.0,0.0,0.0,20,2.9,6.6,20,5.2,0.0,0.0,0.0,0.0,0.0,7
2023-05-09 22:56:34,i2401-C-940,i2401-C-940,5.2,0.0,0.0,0.0,1,3.0,6.6,20,5.2,0.0,0.0,0.0,0.0,0.0,7
2023-05-09 22:56:35,i2401-C-940,i2401-C-940,5.2,0.0,0.0,0.0,20,3.1,6.6,20,5.2,0.0,0.0,0.0,0.0,0.0,7
2023-05-09 22:56:36,i2401-C-940,i2401-C-940,5.2,0.0,0.0,0.0,1,3.2,6.6,20,5.2,0.0,0.0,0.0,0.0,0.0,7
2023-05-09 22:56:36,i2401-C-940,i2401-C-940,5.2,0.0,0.0,0.0,20,3.3,6.6,20,5.2,0.0,0.0,0.0,0.0,0.0,7
2023-05-09 22:56:37,i2401-C-940,i2401-C-940,5.2,0.0,0.0,0.0,1,3.4,6.6,20,5.2,0.0,0.0,0.0,0.0,0.0,7
2023-05-09 22:56:38,i2401-C-940,i2401-C-940,5.2,0.0,0.0,0.0,20,3.5,6.6,20,5.2,0.0,0.0,0.0,0.0,0.0,7
2023-05-09 22:56:39,i2401-C-940,i2401-C-940,5.2,0.0,0.0,0.0,1,3.6,6.6,20,5.2,0.0,0.0,0.0,0.0,0.0,7
2023-05-09 22:56:39,i2401-C-940,i2401-C-940,5.2,0.0,0.0,0.0,20,3.7,6.6,20,5.2,0.0,0.0,0.0,0.0,0.0,7
2023-05-09 22:57:32,i2401-C-940,i2401-C-940,5.2,0.0,0.0,0.0,20,1.1,0.0,0,5.2,0.0,0.0,0.0,0.0,0.0,7
2023-05-09 22:57:39,i2401-C-940,i2401-C-940,5.2,0.0,0.0,0.0,20,1.1,78.9,1,5.2,0.0,0.0,0.0,0.0,0.0,7
2023-05-09 22:57:41,i2401-C-940,i2401-C-940,5.2,0.0,0.0,0.0,1,2.4,78.9,1,5.2,0.0,0.0,0.0,0.0,0.0,7
2023-05-09 22:59:11,i2401-C-940,i2401-C-940,5.2,0.0,0.0,0.0,1,2.4,78.8,20,5.2,0.0,0.0,0.0,0.0,0.0,7
2023-05-09 22:59:22,i2401-C-940,i2401-C-940,5.2,0.0,0.0,0.0,1,2.4,78.5,1,5.2,0.0,0.0,0.0,0.0,0.0,7
2023-05-09 22:59:23,i2401-C-940,i2401-C-940,5.2,0.0,0.0,0.0,1,2.4,78.4,20,5.2,0.0,0.0,0.0,0.0,0.0,7
2023-05-09 22:59:24,i2401-C-940,i2401-C-940,5.2,0.0,0.0,0.0,1,2.4,78.1,1,5.2,0.0,0.0,0.0,0.0,0.0,7
2023-05-09 22:59:25,i2401-C-940,i2401-C-940,5.2,0.0,0.0,0.0,1,2.4,78.0,20,5.2,0.0,0.0,0.0,0.0,0.0,7
2023-05-09 22:59:30,i2401-C-940,i2401-C-940,5.2,0.0,0.0,0.0,1,2.4,77.7,1,5.2,0.0,0.0,0.0,0.0,0.0,7
2023-05-09 22:59:30,i2401-C-940,i2401-C-940,5.2,0.0,0.0,0.0,1,2.4,77.6,20,5.2,0.0,0.0,0.0,0.0,0.0,7
2023-05-09 22:59:37,i2401-C-940,i2401-C-940,5.2,0.0,0.0,0.0,1,2.4,77.3,1,5.2,0.0,0.0,0.0,0.0,0.0,7
2023-05-09 22:59:37,i2401-C-940,i2401-C-940,5.2,0.0,0.0,0.0,1,2.4,77.2,20,5.2,0.0,0.0,0.0,0.0,0.0,7
2023-05-09 22:59:43,i2401-C-940,i2401-C-940,5.2,0.0,0.0,0.0,1,2.4,76.9,1,5.2,0.0,0.0,0.0,0.0,0.0,7
2023-05-09 22:59:43,i2401-C-940,i2401-C-940,5.2,0.0,0.0,0.0,1,2.4,76.8,20,5.2,0.0,0.0,0.0,0.0,0.0,7
2023-05-09 22:59:55,i2401-C-940,i2401-C-940,5.2,0.0,0.0,0.0,1,2.4,0.0,0,5.2,0.0,0.0,0.0,0.0,0.0,7
2023-05-09 22:59:57,i2401-C-940,i2401-C-940,5.2,0.0,0.0,0.0,1,2.4,76.5,1,5.2,0.0,0.0,0.0,0.0,0.0,7
2023-05-10 09:00:00,i2401-C-940,i2401-C-940,5.2,0.0,0.0,0.0,1,4.6,76.5,1,5.2,0.0,0.0,0.0,0.0,0.0,7
2023-05-10 09:00:02,i2401-C-940,i2401-C-940,5.2,0.0,0.0,0.0,1,5.1,76.5,1,5.2,0.0,0.0,0.0,0.0,0.0,7
2023-05-10 09:00:02,i2401-C-940,i2401-C-940,5.2,0.0,0.0,0.0,1,5.1,76.4,20,5.2,0.0,0.0,0.0,0.0,0.0,7
2023-05-10 09:00:11,i2401-C-940,i2401-C-940,5.2,0.0,0.0,0.0,1,5.1,19.1,1,5.2,0.0,0.0,0.0,0.0,0.0,7
2023-05-10 09:00:11,i2401-C-940,i2401-C-940,5.2,0.0,0.0,0.0,1,5.1,19.0,20,5.2,0.0,0.0,0.0,0.0,0.0,7
2023-05-10 09:00:12,i2401-C-940,i2401-C-940,5.2,0.0,0.0,0.0,1,5.1,15.0,1,5.2,0.0,0.0,0.0,0.0,0.0,7
2023-05-10 09:00:12,i2401-C-940,i2401-C-940,5.2,0.0,0.0,0.0,1,5.1,14.9,20,5.2,0.0,0.0,0.0,0.0,0.0,7
2023-05-10 09:00:13,i2401-C-940,i2401-C-940,5.2,0.0,0.0,0.0,1,5.1,10.9,1,5.2,0.0,0.0,0.0,0.0,0.0,7
2023-05-10 09:00:13,i2401-C-940,i2401-C-940,5.2,0.0,0.0,0.0,1,5.1,10.8,20,5.2,0.0,0.0,0.0,0.0,0.0,7
2023-05-10 09:00:14,i2401-C-940,i2401-C-940,5.2,0.0,0.0,0.0,1,5.1,7.8,1,5.2,0.0,0.0,0.0,0.0,0.0,7
2023-05-10 09:00:20,i2401-C-940,i2401-C-940,5.2,0.0,0.0,0.0,1,5.1,76.5,1,5.2,0.0,0.0,0.0,0.0,0.0,7
2023-05-10 09:00:20,i2401-C-940,i2401-C-940,5.2,0.0,0.0,0.0,1,5.1,76.4,20,5.2,0.0,0.0,0.0,0.0,0.0,7
2023-05-10 09:00:21,i2401-C-940,i2401-C-940,5.2,0.0,0.0,0.0,1,5.1,19.1,1,5.2,0.0,0.0,0.0,0.0,0.0,7
2023-05-10 09:00:21,i2401-C-940,i2401-C-940,5.2,0.0,0.0,0.0,1,5.1,19.0,20,5.2,0.0,0.0,0.0,0.0,0.0,7
2023-05-10 09:00:22,i2401-C-940,i2401-C-940,5.2,0.0,0.0,0.0,1,5.1,15.0,1,5.2,0.0,0.0,0.0,0.0,0.0,7
2023-05-10 09:00:22,i2401-C-940,i2401-C-940,5.2,0.0,0.0,0.0,1,5.1,14.9,20,5.2,0.0,0.0,0.0,0.0,0.0,7
2023-05-10 09:00:23,i2401-C-940,i2401-C-940,5.2,0.0,0.0,0.0,1,5.1,10.9,1,5.2,0.0,0.0,0.0,0.0,0.0,7
2023-05-10 09:00:23,i2401-C-940,i2401-C-940,5.2,0.0,0.0,0.0,1,5.1,10.8,20,5.2,0.0,0.0,0.0,0.0,0.0,7
2023-05-10 09:00:24,i2401-C-940,i2401-C-940,5.2,0.0,0.0,0.0,1,5.1,7.8,1,5.2,0.0,0.0,0.0,0.0,0.0,7
2023-05-10 09:03:28,i2401-C-940,i2401-C-940,5.2,0.0,0.0,0.0,1,5.1,7.7,20,5.2,0.0,0.0,0.0,0.0,0.0,7
2023-05-10 09:48:46,i2401-C-940,i2401-C-940,5.2,0.0,0.0,0.0,21,5.1,7.7,20,5.2,0.0,0.0,0.0,0.0,0.0,7
2023-05-10 09:48:46,i2401-C-940,i2401-C-940,5.2,0.0,0.0,0.0,1,5.1,7.7,20,5.2,0.0,0.0,0.0,0.0,0.0,7
2023-05-10 09:49:14,i2401-C-940,i2401-C-940,5.2,0.0,0.0,0.0,21,5.1,7.7,20,5.2,0.0,0.0,0.0,0.0,0.0,7
2023-05-10 09:49:22,i2401-C-940,i2401-C-940,5.2,0.0,0.0,0.0,1,5.1,7.7,20,5.2,0.0,0.0,0.0,0.0,0.0,7
2023-05-10 09:49:52,i2401-C-940,i2401-C-940,5.2,0.0,0.0,0.0,21,5.1,7.7,20,5.2,0.0,0.0,0.0,0.0,0.0,7
2023-05-10 09:50:09,i2401-C-940,i2401-C-940,5.2,0.0,0.0,0.0,1,5.1,7.7,20,5.2,0.0,0.0,0.0,0.0,0.0,7
2023-05-10 09:56:30,i2401-C-940,i2401-C-940,5.2,0.0,0.0,0.0,21,5.1,7.7,20,5.2,0.0,0.0,0.0,0.0,0.0,7
2023-05-10 09:57:09,i2401-C-940,i2401-C-940,5.2,0.0,0.0,0.0,1,5.1,7.7,20,5.2,0.0,0.0,0.0,0.0,0.0,7
2023-05-10 09:57:09,i2401-C-940,i2401-C-940,5.2,0.0,0.0,0.0,21,5.1,7.7,20,5.2,0.0,0.0,0.0,0.0,0.0,7
2023-05-10 09:57:45,i2401-C-940,i2401-C-940,5.2,0.0,0.0,0.0,1,5.1,7.7,20,5.2,0.0,0.0,0.0,0.0,0.0,7
2023-05-10 09:58:11,i2401-C-940,i2401-C-940,5.2,0.0,0.0,0.0,21,5.1,7.7,20,5.2,0.0,0.0,0.0,0.0,0.0,7
2023-05-10 10:00:05,i2401-C-940,i2401-C-940,5.2,0.0,0.0,0.0,1,5.4,7.7,20,5.2,0.0,0.0,0.0,0.0,0.0,7
2023-05-10 10:14:32,i2401-C-940,i2401-C-940,5.2,0.0,0.0,0.0,1,5.4,7.8,1,5.2,0.0,0.0,0.0,0.0,0.0,7
2023-05-10 10:30:05,i2401-C-940,i2401-C-940,5.2,0.0,0.0,0.0,1,5.4,7.7,20,5.2,0.0,0.0,0.0,0.0,0.0,7
2023-05-10 10:31:27,i2401-C-940,i2401-C-940,5.2,0.0,0.0,0.0,1,5.0,7.7,20,5.2,0.0,0.0,0.0,0.0,0.0,7
2023-05-10 11:29:32,i2401-C-940,i2401-C-940,5.2,0.0,0.0,0.0,1,5.0,7.8,1,5.2,0.0,0.0,0.0,0.0,0.0,7
2023-05-10 13:32:05,i2401-C-940,i2401-C-940,5.2,0.0,0.0,0.0,1,5.0,7.7,20,5.2,0.0,0.0,0.0,0.0,0.0,7
2023-05-10 14:33:54,i2401-C-940,i2401-C-940,5.2,0.0,0.0,0.0,1,5.0,6.8,1,5.2,0.0,0.0,0.0,0.0,0.0,7
2023-05-10 14:33:54,i2401-C-940,i2401-C-940,5.2,0.0,0.0,0.0,1,5.0,6.7,20,5.2,0.0,0.0,0.0,0.0,0.0,7
2023-05-10 14:59:01,i2401-C-940,i2401-C-940,5.2,0.0,0.0,0.0,1,5.0,6.8,1,5.2,0.0,0.0,0.0,0.0,0.0,7
2023-05-10 15:01:15,i2401-C-940,i2401-C-940,5.2,0.0,0.0,0.0,1,5.0,6.8,1,5.2,0.0,0.0,0.0,0.0,0.0,7
