time,symbol_id,symbol_name,last,trade_volume,trade_amount,open_interest_change,bv1,bp1,ap1,av1,yesterday_close,today_open,today_high,today_low,volume,amount,open_interest
2023-05-09 20:56:49,i2401-P-680,i2401-P-680,58.1,0.0,0.0,0.0,1,18.0,0.0,0,58.1,60.2,0.0,0.0,0.0,0.0,152
2023-05-09 21:00:01,i2401-P-680,i2401-P-680,58.1,0.0,0.0,0.0,1,47.3,74.1,1,58.1,60.2,0.0,0.0,0.0,0.0,152
2023-05-09 21:00:01,i2401-P-680,i2401-P-680,58.1,0.0,0.0,0.0,20,47.4,74.0,20,58.1,60.2,0.0,0.0,0.0,0.0,152
2023-05-09 21:00:06,i2401-P-680,i2401-P-680,58.1,0.0,0.0,0.0,20,47.4,70.1,1,58.1,60.2,0.0,0.0,0.0,0.0,152
2023-05-09 21:00:07,i2401-P-680,i2401-P-680,58.1,0.0,0.0,0.0,20,47.4,70.0,20,58.1,60.2,0.0,0.0,0.0,0.0,152
2023-05-09 21:00:09,i2401-P-680,i2401-P-680,58.1,0.0,0.0,0.0,20,47.4,66.1,1,58.1,60.2,0.0,0.0,0.0,0.0,152
2023-05-09 21:00:09,i2401-P-680,i2401-P-680,58.1,0.0,0.0,0.0,20,47.4,66.0,20,58.1,60.2,0.0,0.0,0.0,0.0,152
2023-05-09 21:00:10,i2401-P-680,i2401-P-680,58.1,0.0,0.0,0.0,20,47.4,62.1,1,58.1,60.2,0.0,0.0,0.0,0.0,152
2023-05-09 21:00:11,i2401-P-680,i2401-P-680,58.1,0.0,0.0,0.0,1,51.3,62.1,1,58.1,60.2,0.0,0.0,0.0,0.0,152
2023-05-09 21:00:11,i2401-P-680,i2401-P-680,58.1,0.0,0.0,0.0,20,51.4,62.1,1,58.1,60.2,0.0,0.0,0.0,0.0,152
2023-05-09 21:00:12,i2401-P-680,i2401-P-680,58.1,0.0,0.0,0.0,1,56.0,62.1,1,58.1,60.2,0.0,0.0,0.0,0.0,152
2023-05-09 21:00:12,i2401-P-680,i2401-P-680,58.1,0.0,0.0,0.0,20,56.1,62.1,1,58.1,60.2,0.0,0.0,0.0,0.0,152
2023-05-09 21:00:13,i2401-P-680,i2401-P-680,58.1,0.0,0.0,0.0,1,59.8,62.1,1,58.1,60.2,0.0,0.0,0.0,0.0,152
2023-05-09 21:00:20,i2401-P-680,i2401-P-680,58.1,0.0,0.0,0.0,20,18.1,62.1,1,58.1,60.2,0.0,0.0,0.0,0.0,152
2023-05-09 21:00:21,i2401-P-680,i2401-P-680,58.1,0.0,0.0,0.0,1,47.4,62.1,1,58.1,60.2,0.0,0.0,0.0,0.0,152
2023-05-09 21:00:21,i2401-P-680,i2401-P-680,58.1,0.0,0.0,0.0,20,47.5,62.1,1,58.1,60.2,0.0,0.0,0.0,0.0,152
2023-05-09 21:00:22,i2401-P-680,i2401-P-680,58.1,0.0,0.0,0.0,1,51.4,62.1,1,58.1,60.2,0.0,0.0,0.0,0.0,152
2023-05-09 21:00:22,i2401-P-680,i2401-P-680,58.1,0.0,0.0,0.0,20,51.5,62.1,1,58.1,60.2,0.0,0.0,0.0,0.0,152
2023-05-09 21:00:23,i2401-P-680,i2401-P-680,58.1,0.0,0.0,0.0,1,55.4,62.1,1,58.1,60.2,0.0,0.0,0.0,0.0,152
2023-05-09 21:00:23,i2401-P-680,i2401-P-680,58.1,0.0,0.0,0.0,20,55.5,62.1,1,58.1,60.2,0.0,0.0,0.0,0.0,152
2023-05-09 21:00:24,i2401-P-680,i2401-P-680,58.1,0.0,0.0,0.0,1,59.4,62.1,1,58.1,60.2,0.0,0.0,0.0,0.0,152
2023-05-09 21:00:30,i2401-P-680,i2401-P-680,58.1,0.0,0.0,0.0,1,47.5,62.1,1,58.1,60.2,0.0,0.0,0.0,0.0,152
2023-05-09 21:00:30,i2401-P-680,i2401-P-680,58.1,0.0,0.0,0.0,20,47.6,62.1,1,58.1,60.2,0.0,0.0,0.0,0.0,152
2023-05-09 21:00:31,i2401-P-680,i2401-P-680,58.1,0.0,0.0,0.0,1,51.5,62.1,1,58.1,60.2,0.0,0.0,0.0,0.0,152
2023-05-09 21:00:31,i2401-P-680,i2401-P-680,58.1,0.0,0.0,0.0,1,55.5,62.1,1,58.1,60.2,0.0,0.0,0.0,0.0,152
2023-05-09 21:00:32,i2401-P-680,i2401-P-680,58.1,0.0,0.0,0.0,20,55.6,62.1,1,58.1,60.2,0.0,0.0,0.0,0.0,152
2023-05-09 21:00:32,i2401-P-680,i2401-P-680,58.1,0.0,0.0,0.0,1,59.5,62.1,1,58.1,60.2,0.0,0.0,0.0,0.0,152
2023-05-09 21:00:38,i2401-P-680,i2401-P-680,58.1,0.0,0.0,0.0,1,48.1,62.1,1,58.1,60.2,0.0,0.0,0.0,0.0,152
2023-05-09 21:00:38,i2401-P-680,i2401-P-680,58.1,0.0,0.0,0.0,20,48.2,62.1,1,58.1,60.2,0.0,0.0,0.0,0.0,152
2023-05-09 21:00:39,i2401-P-680,i2401-P-680,58.1,0.0,0.0,0.0,1,52.1,62.1,1,58.1,60.2,0.0,0.0,0.0,0.0,152
2023-05-09 21:00:39,i2401-P-680,i2401-P-680,58.1,0.0,0.0,0.0,1,56.1,62.1,1,58.1,60.2,0.0,0.0,0.0,0.0,152
2023-05-09 21:00:40,i2401-P-680,i2401-P-680,58.1,0.0,0.0,0.0,20,56.2,62.1,1,58.1,60.2,0.0,0.0,0.0,0.0,152
2023-05-09 21:00:40,i2401-P-680,i2401-P-680,58.1,0.0,0.0,0.0,1,60.1,62.1,1,58.1,60.2,0.0,0.0,0.0,0.0,152
2023-05-09 21:00:46,i2401-P-680,i2401-P-680,58.1,0.0,0.0,0.0,1,47.8,62.1,1,58.1,60.2,0.0,0.0,0.0,0.0,152
2023-05-09 21:00:46,i2401-P-680,i2401-P-680,58.1,0.0,0.0,0.0,20,47.9,62.1,1,58.1,60.2,0.0,0.0,0.0,0.0,152
2023-05-09 21:00:47,i2401-P-680,i2401-P-680,58.1,0.0,0.0,0.0,1,51.8,62.1,1,58.1,60.2,0.0,0.0,0.0,0.0,152
2023-05-09 21:00:47,i2401-P-680,i2401-P-680,58.1,0.0,0.0,0.0,20,51.9,62.1,1,58.1,60.2,0.0,0.0,0.0,0.0,152
2023-05-09 21:00:48,i2401-P-680,i2401-P-680,58.1,0.0,0.0,0.0,1,55.8,62.1,1,58.1,60.2,0.0,0.0,0.0,0.0,152
2023-05-09 21:00:48,i2401-P-680,i2401-P-680,58.1,0.0,0.0,0.0,1,59.8,62.1,1,58.1,60.2,0.0,0.0,0.0,0.0,152
2023-05-09 21:00:54,i2401-P-680,i2401-P-680,58.1,0.0,0.0,0.0,20,48.1,62.1,1,58.1,60.2,0.0,0.0,0.0,0.0,152
2023-05-09 21:00:55,i2401-P-680,i2401-P-680,58.1,0.0,0.0,0.0,1,52.0,62.1,1,58.1,60.2,0.0,0.0,0.0,0.0,152
2023-05-09 21:00:55,i2401-P-680,i2401-P-680,58.1,0.0,0.0,0.0,20,52.1,62.1,1,58.1,60.2,0.0,0.0,0.0,0.0,152
2023-05-09 21:00:56,i2401-P-680,i2401-P-680,58.1,0.0,0.0,0.0,10,60.2,61.7,10,58.1,60.2,0.0,0.0,0.0,0.0,152
2023-05-09 21:00:56,i2401-P-680,i2401-P-680,58.1,0.0,0.0,0.0,11,60.2,61.7,10,58.1,60.2,0.0,0.0,0.0,0.0,152
2023-05-09 21:01:00,i2401-P-680,i2401-P-680,58.1,0.0,0.0,0.0,10,60.4,61.9,10,58.1,60.2,0.0,0.0,0.0,0.0,152
2023-05-09 21:01:14,i2401-P-680,i2401-P-680,58.1,0.0,0.0,0.0,10,60.6,62.0,10,58.1,60.2,0.0,0.0,0.0,0.0,152
2023-05-09 21:01:15,i2401-P-680,i2401-P-680,58.1,0.0,0.0,0.0,1,60.8,62.0,10,58.1,60.2,0.0,0.0,0.0,0.0,152
2023-05-09 21:01:17,i2401-P-680,i2401-P-680,58.1,0.0,0.0,0.0,10,60.9,62.1,1,58.1,60.2,0.0,0.0,0.0,0.0,152
2023-05-09 21:01:18,i2401-P-680,i2401-P-680,58.1,0.0,0.0,0.0,10,60.9,62.2,10,58.1,60.2,0.0,0.0,0.0,0.0,152
2023-05-09 21:01:25,i2401-P-680,i2401-P-680,58.1,0.0,0.0,0.0,10,61.0,62.5,10,58.1,60.2,0.0,0.0,0.0,0.0,152
2023-05-09 21:01:28,i2401-P-680,i2401-P-680,58.1,0.0,0.0,0.0,20,61.0,62.5,20,58.1,60.2,0.0,0.0,0.0,0.0,152
2023-05-09 21:01:29,i2401-P-680,i2401-P-680,58.1,0.0,0.0,0.0,10,61.2,62.5,10,58.1,60.2,0.0,0.0,0.0,0.0,152
2023-05-09 21:01:29,i2401-P-680,i2401-P-680,58.1,0.0,0.0,0.0,10,61.2,62.6,10,58.1,60.2,0.0,0.0,0.0,0.0,152
2023-05-09 21:01:32,i2401-P-680,i2401-P-680,58.1,0.0,0.0,0.0,20,61.2,62.6,20,58.1,60.2,0.0,0.0,0.0,0.0,152
2023-05-09 21:01:39,i2401-P-680,i2401-P-680,58.1,0.0,0.0,0.0,1,61.4,62.6,20,58.1,60.2,0.0,0.0,0.0,0.0,152
2023-05-09 21:02:14,i2401-P-680,i2401-P-680,58.1,0.0,0.0,0.0,10,61.1,62.5,10,58.1,60.2,0.0,0.0,0.0,0.0,152
2023-05-09 21:02:14,i2401-P-680,i2401-P-680,58.1,0.0,0.0,0.0,11,60.7,62.2,10,58.1,60.2,0.0,0.0,0.0,0.0,152
2023-05-09 21:02:16,i2401-P-680,i2401-P-680,58.1,0.0,0.0,0.0,21,60.7,62.2,20,58.1,60.2,0.0,0.0,0.0,0.0,152
2023-05-09 21:02:29,i2401-P-680,i2401-P-680,58.1,0.0,0.0,0.0,1,60.7,62.0,20,58.1,60.2,0.0,0.0,0.0,0.0,152
2023-05-09 21:02:53,i2401-P-680,i2401-P-680,58.1,0.0,0.0,0.0,11,60.7,61.7,10,58.1,60.2,0.0,0.0,0.0,0.0,152
2023-05-09 21:02:59,i2401-P-680,i2401-P-680,58.1,0.0,0.0,0.0,21,60.7,61.7,10,58.1,60.2,0.0,0.0,0.0,0.0,152
2023-05-09 21:03:02,i2401-P-680,i2401-P-680,58.1,0.0,0.0,0.0,10,60.8,61.8,20,58.1,60.2,0.0,0.0,0.0,0.0,152
2023-05-09 21:03:03,i2401-P-680,i2401-P-680,58.1,0.0,0.0,0.0,10,60.8,61.9,10,58.1,60.2,0.0,0.0,0.0,0.0,152
2023-05-09 21:03:03,i2401-P-680,i2401-P-680,58.1,0.0,0.0,0.0,20,60.8,61.9,10,58.1,60.2,0.0,0.0,0.0,0.0,152
2023-05-09 21:03:03,i2401-P-680,i2401-P-680,58.1,0.0,0.0,0.0,10,61.0,62.0,20,58.1,60.2,0.0,0.0,0.0,0.0,152
2023-05-09 21:03:05,i2401-P-680,i2401-P-680,58.1,0.0,0.0,0.0,10,61.0,62.0,30,58.1,60.2,0.0,0.0,0.0,0.0,152
2023-05-09 21:03:06,i2401-P-680,i2401-P-680,58.1,0.0,0.0,0.0,30,60.8,61.9,10,58.1,60.2,0.0,0.0,0.0,0.0,152
2023-05-09 21:03:16,i2401-P-680,i2401-P-680,58.1,0.0,0.0,0.0,10,60.8,61.7,10,58.1,60.2,0.0,0.0,0.0,0.0,152
2023-05-09 21:03:20,i2401-P-680,i2401-P-680,58.1,0.0,0.0,0.0,10,60.8,61.7,20,58.1,60.2,0.0,0.0,0.0,0.0,152
2023-05-09 21:03:20,i2401-P-680,i2401-P-680,58.1,0.0,0.0,0.0,11,60.7,61.7,20,58.1,60.2,0.0,0.0,0.0,0.0,152
2023-05-09 21:03:21,i2401-P-680,i2401-P-680,58.1,0.0,0.0,0.0,1,60.7,61.5,10,58.1,60.2,0.0,0.0,0.0,0.0,152
2023-05-09 21:03:25,i2401-P-680,i2401-P-680,58.1,0.0,0.0,0.0,1,60.7,61.4,10,58.1,60.2,0.0,0.0,0.0,0.0,152
2023-05-09 21:03:39,i2401-P-680,i2401-P-680,58.1,0.0,0.0,0.0,1,60.7,61.5,10,58.1,60.2,0.0,0.0,0.0,0.0,152
2023-05-09 21:03:46,i2401-P-680,i2401-P-680,58.1,0.0,0.0,0.0,1,60.7,61.4,20,58.1,60.2,0.0,0.0,0.0,0.0,152
2023-05-09 21:03:47,i2401-P-680,i2401-P-680,58.1,0.0,0.0,0.0,1,60.7,61.5,10,58.1,60.2,0.0,0.0,0.0,0.0,152
2023-05-09 21:03:49,i2401-P-680,i2401-P-680,58.1,0.0,0.0,0.0,1,60.7,61.3,10,58.1,60.2,0.0,0.0,0.0,0.0,152
2023-05-09 21:03:52,i2401-P-680,i2401-P-680,58.1,0.0,0.0,0.0,1,60.7,61.4,10,58.1,60.2,0.0,0.0,0.0,0.0,152
2023-05-09 21:03:53,i2401-P-680,i2401-P-680,58.1,0.0,0.0,0.0,1,60.7,61.5,10,58.1,60.2,0.0,0.0,0.0,0.0,152
2023-05-09 21:03:53,i2401-P-680,i2401-P-680,58.1,0.0,0.0,0.0,21,60.7,61.6,20,58.1,60.2,0.0,0.0,0.0,0.0,152
2023-05-09 21:03:54,i2401-P-680,i2401-P-680,58.1,0.0,0.0,0.0,31,60.7,61.6,10,58.1,60.2,0.0,0.0,0.0,0.0,152
2023-05-09 21:03:55,i2401-P-680,i2401-P-680,58.1,0.0,0.0,0.0,31,60.7,61.8,30,58.1,60.2,0.0,0.0,0.0,0.0,152
2023-05-09 21:03:55,i2401-P-680,i2401-P-680,58.1,0.0,0.0,0.0,31,60.7,61.8,20,58.1,60.2,0.0,0.0,0.0,0.0,152
2023-05-09 21:03:57,i2401-P-680,i2401-P-680,58.1,0.0,0.0,0.0,10,60.9,61.8,20,58.1,60.2,0.0,0.0,0.0,0.0,152
2023-05-09 21:04:00,i2401-P-680,i2401-P-680,58.1,0.0,0.0,0.0,10,60.9,61.8,30,58.1,60.2,0.0,0.0,0.0,0.0,152
2023-05-09 21:04:04,i2401-P-680,i2401-P-680,58.1,0.0,0.0,0.0,10,60.9,61.8,20,58.1,60.2,0.0,0.0,0.0,0.0,152
2023-05-09 21:04:04,i2401-P-680,i2401-P-680,58.1,0.0,0.0,0.0,10,60.9,61.8,10,58.1,60.2,0.0,0.0,0.0,0.0,152
2023-05-09 21:04:05,i2401-P-680,i2401-P-680,58.1,0.0,0.0,0.0,10,61.0,61.9,30,58.1,60.2,0.0,0.0,0.0,0.0,152
2023-05-09 21:04:05,i2401-P-680,i2401-P-680,58.1,0.0,0.0,0.0,10,61.0,61.9,20,58.1,60.2,0.0,0.0,0.0,0.0,152
2023-05-09 21:04:10,i2401-P-680,i2401-P-680,58.1,0.0,0.0,0.0,10,61.0,61.8,10,58.1,60.2,0.0,0.0,0.0,0.0,152
2023-05-09 21:04:13,i2401-P-680,i2401-P-680,58.1,0.0,0.0,0.0,20,60.9,61.8,10,58.1,60.2,0.0,0.0,0.0,0.0,152
2023-05-09 21:04:16,i2401-P-680,i2401-P-680,58.1,0.0,0.0,0.0,10,60.9,61.6,10,58.1,60.2,0.0,0.0,0.0,0.0,152
2023-05-09 21:04:16,i2401-P-680,i2401-P-680,58.1,0.0,0.0,0.0,21,60.7,61.6,10,58.1,60.2,0.0,0.0,0.0,0.0,152
2023-05-09 21:04:16,i2401-P-680,i2401-P-680,58.1,0.0,0.0,0.0,11,60.7,61.6,10,58.1,60.2,0.0,0.0,0.0,0.0,152
2023-05-09 21:04:23,i2401-P-680,i2401-P-680,58.1,0.0,0.0,0.0,41,60.7,61.7,10,58.1,60.2,0.0,0.0,0.0,0.0,152
2023-05-09 21:04:24,i2401-P-680,i2401-P-680,58.1,0.0,0.0,0.0,10,60.8,61.9,40,58.1,60.2,0.0,0.0,0.0,0.0,152
2023-05-09 21:04:24,i2401-P-680,i2401-P-680,58.1,0.0,0.0,0.0,10,60.8,61.9,30,58.1,60.2,0.0,0.0,0.0,0.0,152
2023-05-09 21:04:26,i2401-P-680,i2401-P-680,58.1,0.0,0.0,0.0,20,60.8,61.9,20,58.1,60.2,0.0,0.0,0.0,0.0,152
2023-05-09 21:04:28,i2401-P-680,i2401-P-680,58.1,0.0,0.0,0.0,10,60.8,61.9,30,58.1,60.2,0.0,0.0,0.0,0.0,152
2023-05-09 21:04:30,i2401-P-680,i2401-P-680,58.1,0.0,0.0,0.0,41,60.7,61.7,10,58.1,60.2,0.0,0.0,0.0,0.0,152
2023-05-09 21:04:33,i2401-P-680,i2401-P-680,58.1,0.0,0.0,0.0,10,60.9,61.9,20,58.1,60.2,0.0,0.0,0.0,0.0,152
2023-05-09 21:04:34,i2401-P-680,i2401-P-680,58.1,0.0,0.0,0.0,10,61.0,61.9,20,58.1,60.2,0.0,0.0,0.0,0.0,152
2023-05-09 21:05:02,i2401-P-680,i2401-P-680,58.1,0.0,0.0,0.0,20,61.1,61.9,10,58.1,60.2,0.0,0.0,0.0,0.0,152
2023-05-09 21:05:03,i2401-P-680,i2401-P-680,58.1,0.0,0.0,0.0,10,61.3,62.1,10,58.1,60.2,0.0,0.0,0.0,0.0,152
2023-05-09 21:05:05,i2401-P-680,i2401-P-680,58.1,0.0,0.0,0.0,10,61.3,62.2,10,58.1,60.2,0.0,0.0,0.0,0.0,152
2023-05-09 21:05:05,i2401-P-680,i2401-P-680,58.1,0.0,0.0,0.0,10,61.3,62.3,10,58.1,60.2,0.0,0.0,0.0,0.0,152
2023-05-09 21:05:10,i2401-P-680,i2401-P-680,58.1,0.0,0.0,0.0,10,61.3,62.3,20,58.1,60.2,0.0,0.0,0.0,0.0,152
2023-05-09 21:05:19,i2401-P-680,i2401-P-680,58.1,0.0,0.0,0.0,30,61.1,62.1,10,58.1,60.2,0.0,0.0,0.0,0.0,152
2023-05-09 21:05:21,i2401-P-680,i2401-P-680,58.1,0.0,0.0,0.0,30,61.1,62.1,20,58.1,60.2,0.0,0.0,0.0,0.0,152
2023-05-09 21:05:24,i2401-P-680,i2401-P-680,58.1,0.0,0.0,0.0,10,61.1,61.9,10,58.1,60.2,0.0,0.0,0.0,0.0,152
2023-05-09 21:05:24,i2401-P-680,i2401-P-680,58.1,0.0,0.0,0.0,20,60.9,61.9,10,58.1,60.2,0.0,0.0,0.0,0.0,152
2023-05-09 21:05:26,i2401-P-680,i2401-P-680,58.1,0.0,0.0,0.0,20,60.9,61.9,20,58.1,60.2,0.0,0.0,0.0,0.0,152
2023-05-09 21:05:38,i2401-P-680,i2401-P-680,58.1,0.0,0.0,0.0,20,61.1,61.9,10,58.1,60.2,0.0,0.0,0.0,0.0,152
2023-05-09 21:05:39,i2401-P-680,i2401-P-680,58.1,0.0,0.0,0.0,20,61.1,62.1,10,58.1,60.2,0.0,0.0,0.0,0.0,152
2023-05-09 21:05:41,i2401-P-680,i2401-P-680,58.1,0.0,0.0,0.0,20,61.1,62.1,20,58.1,60.2,0.0,0.0,0.0,0.0,152
2023-05-09 21:05:58,i2401-P-680,i2401-P-680,58.1,0.0,0.0,0.0,10,61.1,62.0,10,58.1,60.2,0.0,0.0,0.0,0.0,152
2023-05-09 21:05:59,i2401-P-680,i2401-P-680,58.1,0.0,0.0,0.0,10,60.9,61.8,10,58.1,60.2,0.0,0.0,0.0,0.0,152
2023-05-09 21:06:24,i2401-P-680,i2401-P-680,58.1,0.0,0.0,0.0,10,60.9,61.8,20,58.1,60.2,0.0,0.0,0.0,0.0,152
2023-05-09 21:06:26,i2401-P-680,i2401-P-680,58.1,0.0,0.0,0.0,20,60.8,61.8,20,58.1,60.2,0.0,0.0,0.0,0.0,152
2023-05-09 21:06:32,i2401-P-680,i2401-P-680,58.1,0.0,0.0,0.0,20,60.8,61.8,10,58.1,60.2,0.0,0.0,0.0,0.0,152
2023-05-09 21:06:38,i2401-P-680,i2401-P-680,58.1,0.0,0.0,0.0,1,60.7,61.4,10,58.1,60.2,0.0,0.0,0.0,0.0,152
2023-05-09 21:06:39,i2401-P-680,i2401-P-680,58.1,0.0,0.0,0.0,1,60.7,61.4,20,58.1,60.2,0.0,0.0,0.0,0.0,152
2023-05-09 21:06:40,i2401-P-680,i2401-P-680,58.1,0.0,0.0,0.0,1,60.7,61.3,10,58.1,60.2,0.0,0.0,0.0,0.0,152
2023-05-09 21:06:41,i2401-P-680,i2401-P-680,58.1,0.0,0.0,0.0,10,60.3,61.3,10,58.1,60.2,0.0,0.0,0.0,0.0,152
2023-05-09 21:06:41,i2401-P-680,i2401-P-680,58.1,0.0,0.0,0.0,20,60.1,61.0,10,58.1,60.2,0.0,0.0,0.0,0.0,152
2023-05-09 21:06:42,i2401-P-680,i2401-P-680,58.1,0.0,0.0,0.0,20,60.1,61.1,10,58.1,60.2,0.0,0.0,0.0,0.0,152
2023-05-09 21:06:48,i2401-P-680,i2401-P-680,58.1,0.0,0.0,0.0,20,60.1,61.1,20,58.1,60.2,0.0,0.0,0.0,0.0,152
2023-05-09 21:06:59,i2401-P-680,i2401-P-680,58.1,0.0,0.0,0.0,10,60.1,61.0,10,58.1,60.2,0.0,0.0,0.0,0.0,152
2023-05-09 21:07:01,i2401-P-680,i2401-P-680,58.1,0.0,0.0,0.0,20,60.1,61.1,10,58.1,60.2,0.0,0.0,0.0,0.0,152
2023-05-09 21:07:02,i2401-P-680,i2401-P-680,58.1,0.0,0.0,0.0,10,60.3,61.2,10,58.1,60.2,0.0,0.0,0.0,0.0,152
2023-05-09 21:07:03,i2401-P-680,i2401-P-680,58.1,0.0,0.0,0.0,20,60.3,61.3,10,58.1,60.2,0.0,0.0,0.0,0.0,152
2023-05-09 21:07:04,i2401-P-680,i2401-P-680,58.1,0.0,0.0,0.0,20,60.3,61.3,20,58.1,60.2,0.0,0.0,0.0,0.0,152
2023-05-09 21:07:10,i2401-P-680,i2401-P-680,58.1,0.0,0.0,0.0,10,60.5,61.3,10,58.1,60.2,0.0,0.0,0.0,0.0,152
2023-05-09 21:07:10,i2401-P-680,i2401-P-680,58.1,0.0,0.0,0.0,10,60.5,61.5,10,58.1,60.2,0.0,0.0,0.0,0.0,152
2023-05-09 21:07:12,i2401-P-680,i2401-P-680,58.1,0.0,0.0,0.0,10,60.5,61.5,20,58.1,60.2,0.0,0.0,0.0,0.0,152
2023-05-09 21:07:15,i2401-P-680,i2401-P-680,58.1,0.0,0.0,0.0,11,60.4,61.3,10,58.1,60.2,0.0,0.0,0.0,0.0,152
2023-05-09 21:07:16,i2401-P-680,i2401-P-680,58.1,0.0,0.0,0.0,1,60.4,61.3,10,58.1,60.2,0.0,0.0,0.0,0.0,152
2023-05-09 21:07:26,i2401-P-680,i2401-P-680,58.1,0.0,0.0,0.0,10,60.5,61.3,10,58.1,60.2,0.0,0.0,0.0,0.0,152
2023-05-09 21:07:28,i2401-P-680,i2401-P-680,58.1,0.0,0.0,0.0,10,60.7,61.4,10,58.1,60.2,0.0,0.0,0.0,0.0,152
2023-05-09 21:07:28,i2401-P-680,i2401-P-680,58.1,0.0,0.0,0.0,21,60.4,61.4,10,58.1,60.2,0.0,0.0,0.0,0.0,152
2023-05-09 21:07:28,i2401-P-680,i2401-P-680,58.1,0.0,0.0,0.0,10,60.7,61.4,10,58.1,60.2,0.0,0.0,0.0,0.0,152
2023-05-09 21:07:32,i2401-P-680,i2401-P-680,58.1,0.0,0.0,0.0,10,60.5,61.4,10,58.1,60.2,0.0,0.0,0.0,0.0,152
2023-05-09 21:07:33,i2401-P-680,i2401-P-680,58.1,0.0,0.0,0.0,10,60.5,61.5,30,58.1,60.2,0.0,0.0,0.0,0.0,152
2023-05-09 21:07:36,i2401-P-680,i2401-P-680,58.1,0.0,0.0,0.0,10,60.5,61.5,20,58.1,60.2,0.0,0.0,0.0,0.0,152
2023-05-09 21:07:51,i2401-P-680,i2401-P-680,58.1,0.0,0.0,0.0,10,60.6,61.5,20,58.1,60.2,0.0,0.0,0.0,0.0,152
2023-05-09 21:07:54,i2401-P-680,i2401-P-680,58.1,0.0,0.0,0.0,10,60.6,61.3,10,58.1,60.2,0.0,0.0,0.0,0.0,152
2023-05-09 21:08:04,i2401-P-680,i2401-P-680,58.1,0.0,0.0,0.0,11,60.4,61.3,10,58.1,60.2,0.0,0.0,0.0,0.0,152
2023-05-09 21:08:04,i2401-P-680,i2401-P-680,58.1,0.0,0.0,0.0,1,60.4,61.1,10,58.1,60.2,0.0,0.0,0.0,0.0,152
2023-05-09 21:08:19,i2401-P-680,i2401-P-680,58.1,0.0,0.0,0.0,1,60.4,61.1,20,58.1,60.2,0.0,0.0,0.0,0.0,152
2023-05-09 21:08:26,i2401-P-680,i2401-P-680,58.1,0.0,0.0,0.0,1,60.4,61.0,10,58.1,60.2,0.0,0.0,0.0,0.0,152
2023-05-09 21:08:27,i2401-P-680,i2401-P-680,58.1,0.0,0.0,0.0,10,60.1,60.8,10,58.1,60.2,0.0,0.0,0.0,0.0,152
2023-05-09 21:08:27,i2401-P-680,i2401-P-680,58.1,0.0,0.0,0.0,10,59.9,60.8,10,58.1,60.2,0.0,0.0,0.0,0.0,152
2023-05-09 21:08:41,i2401-P-680,i2401-P-680,58.1,0.0,0.0,0.0,10,59.9,60.8,20,58.1,60.2,0.0,0.0,0.0,0.0,152
2023-05-09 21:08:41,i2401-P-680,i2401-P-680,58.1,0.0,0.0,0.0,10,59.9,60.8,10,58.1,60.2,0.0,0.0,0.0,0.0,152
2023-05-09 21:08:45,i2401-P-680,i2401-P-680,58.1,0.0,0.0,0.0,20,59.8,60.8,10,58.1,60.2,0.0,0.0,0.0,0.0,152
2023-05-09 21:08:45,i2401-P-680,i2401-P-680,58.1,0.0,0.0,0.0,10,59.8,60.8,10,58.1,60.2,0.0,0.0,0.0,0.0,152
2023-05-09 21:08:54,i2401-P-680,i2401-P-680,58.1,0.0,0.0,0.0,11,59.7,60.7,10,58.1,60.2,0.0,0.0,0.0,0.0,152
2023-05-09 21:08:54,i2401-P-680,i2401-P-680,58.1,0.0,0.0,0.0,1,59.7,60.7,20,58.1,60.2,0.0,0.0,0.0,0.0,152
2023-05-09 21:08:55,i2401-P-680,i2401-P-680,58.1,0.0,0.0,0.0,11,59.7,60.7,10,58.1,60.2,0.0,0.0,0.0,0.0,152
2023-05-09 21:09:00,i2401-P-680,i2401-P-680,58.1,0.0,0.0,0.0,11,59.7,60.7,20,58.1,60.2,0.0,0.0,0.0,0.0,152
2023-05-09 21:09:03,i2401-P-680,i2401-P-680,58.1,0.0,0.0,0.0,21,59.7,60.7,10,58.1,60.2,0.0,0.0,0.0,0.0,152
2023-05-09 21:09:04,i2401-P-680,i2401-P-680,58.1,0.0,0.0,0.0,11,59.7,60.7,10,58.1,60.2,0.0,0.0,0.0,0.0,152
2023-05-09 21:09:08,i2401-P-680,i2401-P-680,58.1,0.0,0.0,0.0,11,59.7,60.5,10,58.1,60.2,0.0,0.0,0.0,0.0,152
2023-05-09 21:09:11,i2401-P-680,i2401-P-680,58.1,0.0,0.0,0.0,1,59.7,60.5,10,58.1,60.2,0.0,0.0,0.0,0.0,152
2023-05-09 21:09:14,i2401-P-680,i2401-P-680,58.1,0.0,0.0,0.0,1,59.7,60.3,10,58.1,60.2,0.0,0.0,0.0,0.0,152
2023-05-09 21:09:25,i2401-P-680,i2401-P-680,58.1,0.0,0.0,0.0,1,59.7,60.3,20,58.1,60.2,0.0,0.0,0.0,0.0,152
2023-05-09 21:09:25,i2401-P-680,i2401-P-680,60.2,1.0,6020.0,0.0,9,60.2,60.3,10,58.1,60.2,60.2,60.2,1.0,6020.0,152
2023-05-09 21:09:25,i2401-P-680,i2401-P-680,60.2,2.0,12040.0,0.0,7,60.2,60.3,10,58.1,60.2,60.2,60.2,3.0,18060.0,152
2023-05-09 21:09:26,i2401-P-680,i2401-P-680,60.2,0.0,0.0,0.0,1,59.7,60.3,10,58.1,60.2,60.2,60.2,3.0,18060.0,152
2023-05-09 21:09:31,i2401-P-680,i2401-P-680,60.2,0.0,0.0,0.0,1,59.7,60.5,10,58.1,60.2,60.2,60.2,3.0,18060.0,152
2023-05-09 21:09:32,i2401-P-680,i2401-P-680,60.2,0.0,0.0,0.0,1,59.7,60.5,20,58.1,60.2,60.2,60.2,3.0,18060.0,152
2023-05-09 21:09:32,i2401-P-680,i2401-P-680,60.2,0.0,0.0,0.0,1,59.7,60.5,10,58.1,60.2,60.2,60.2,3.0,18060.0,152
2023-05-09 21:09:35,i2401-P-680,i2401-P-680,60.2,0.0,0.0,0.0,1,59.7,60.4,10,58.1,60.2,60.2,60.2,3.0,18060.0,152
2023-05-09 21:09:37,i2401-P-680,i2401-P-680,60.2,0.0,0.0,0.0,1,59.7,60.5,10,58.1,60.2,60.2,60.2,3.0,18060.0,152
2023-05-09 21:09:37,i2401-P-680,i2401-P-680,60.2,0.0,0.0,0.0,1,59.7,60.4,10,58.1,60.2,60.2,60.2,3.0,18060.0,152
2023-05-09 21:09:47,i2401-P-680,i2401-P-680,60.2,0.0,0.0,0.0,11,59.7,60.6,20,58.1,60.2,60.2,60.2,3.0,18060.0,152
2023-05-09 21:09:48,i2401-P-680,i2401-P-680,60.2,0.0,0.0,0.0,11,59.7,60.6,10,58.1,60.2,60.2,60.2,3.0,18060.0,152
2023-05-09 21:09:54,i2401-P-680,i2401-P-680,60.2,0.0,0.0,0.0,1,59.7,60.6,20,58.1,60.2,60.2,60.2,3.0,18060.0,152
2023-05-09 21:09:54,i2401-P-680,i2401-P-680,60.2,0.0,0.0,0.0,10,59.8,60.6,10,58.1,60.2,60.2,60.2,3.0,18060.0,152
2023-05-09 21:09:55,i2401-P-680,i2401-P-680,60.2,0.0,0.0,0.0,10,59.8,60.7,10,58.1,60.2,60.2,60.2,3.0,18060.0,152
2023-05-09 21:09:59,i2401-P-680,i2401-P-680,60.2,0.0,0.0,0.0,10,60.0,60.7,10,58.1,60.2,60.2,60.2,3.0,18060.0,152
2023-05-09 21:10:00,i2401-P-680,i2401-P-680,60.2,0.0,0.0,0.0,10,60.0,60.9,10,58.1,60.2,60.2,60.2,3.0,18060.0,152
2023-05-09 21:10:14,i2401-P-680,i2401-P-680,60.2,0.0,0.0,0.0,10,60.2,61.1,21,58.1,60.2,60.2,60.2,3.0,18060.0,152
2023-05-09 21:10:17,i2401-P-680,i2401-P-680,60.2,0.0,0.0,0.0,10,60.2,61.1,10,58.1,60.2,60.2,60.2,3.0,18060.0,152
2023-05-09 21:10:19,i2401-P-680,i2401-P-680,60.2,0.0,0.0,0.0,30,60.0,61.1,10,58.1,60.2,60.2,60.2,3.0,18060.0,152
2023-05-09 21:10:19,i2401-P-680,i2401-P-680,60.2,0.0,0.0,0.0,20,60.0,60.9,10,58.1,60.2,60.2,60.2,3.0,18060.0,152
2023-05-09 21:10:28,i2401-P-680,i2401-P-680,60.2,0.0,0.0,0.0,30,60.0,61.1,10,58.1,60.2,60.2,60.2,3.0,18060.0,152
2023-05-09 21:10:30,i2401-P-680,i2401-P-680,60.2,0.0,0.0,0.0,20,60.0,60.9,10,58.1,60.2,60.2,60.2,3.0,18060.0,152
2023-05-09 21:10:42,i2401-P-680,i2401-P-680,60.2,0.0,0.0,0.0,10,60.0,60.9,20,58.1,60.2,60.2,60.2,3.0,18060.0,152
2023-05-09 21:10:46,i2401-P-680,i2401-P-680,60.2,0.0,0.0,0.0,20,60.0,60.9,10,58.1,60.2,60.2,60.2,3.0,18060.0,152
2023-05-09 21:10:46,i2401-P-680,i2401-P-680,60.2,0.0,0.0,0.0,30,60.0,61.1,10,58.1,60.2,60.2,60.2,3.0,18060.0,152
2023-05-09 21:10:50,i2401-P-680,i2401-P-680,60.2,0.0,0.0,0.0,20,60.0,60.9,10,58.1,60.2,60.2,60.2,3.0,18060.0,152
2023-05-09 21:10:53,i2401-P-680,i2401-P-680,60.2,0.0,0.0,0.0,10,60.1,60.9,10,58.1,60.2,60.2,60.2,3.0,18060.0,152
2023-05-09 21:11:01,i2401-P-680,i2401-P-680,60.2,0.0,0.0,0.0,10,59.9,60.8,10,58.1,60.2,60.2,60.2,3.0,18060.0,152
2023-05-09 21:11:01,i2401-P-680,i2401-P-680,60.2,0.0,0.0,0.0,10,60.0,60.8,10,58.1,60.2,60.2,60.2,3.0,18060.0,152
2023-05-09 21:11:02,i2401-P-680,i2401-P-680,60.2,0.0,0.0,0.0,10,59.9,60.8,10,58.1,60.2,60.2,60.2,3.0,18060.0,152
2023-05-09 21:11:04,i2401-P-680,i2401-P-680,60.2,0.0,0.0,0.0,20,59.8,60.6,10,58.1,60.2,60.2,60.2,3.0,18060.0,152
2023-05-09 21:11:11,i2401-P-680,i2401-P-680,60.2,0.0,0.0,0.0,10,59.9,60.8,10,58.1,60.2,60.2,60.2,3.0,18060.0,152
2023-05-09 21:11:12,i2401-P-680,i2401-P-680,60.2,0.0,0.0,0.0,10,59.9,60.8,20,58.1,60.2,60.2,60.2,3.0,18060.0,152
2023-05-09 21:11:14,i2401-P-680,i2401-P-680,60.2,0.0,0.0,0.0,20,59.8,60.6,10,58.1,60.2,60.2,60.2,3.0,18060.0,152
2023-05-09 21:11:30,i2401-P-680,i2401-P-680,60.2,0.0,0.0,0.0,10,60.0,60.8,10,58.1,60.2,60.2,60.2,3.0,18060.0,152
2023-05-09 21:11:30,i2401-P-680,i2401-P-680,60.2,0.0,0.0,0.0,20,60.0,60.8,10,58.1,60.2,60.2,60.2,3.0,18060.0,152
2023-05-09 21:12:02,i2401-P-680,i2401-P-680,60.2,0.0,0.0,0.0,30,59.8,60.7,10,58.1,60.2,60.2,60.2,3.0,18060.0,152
2023-05-09 21:12:05,i2401-P-680,i2401-P-680,60.2,0.0,0.0,0.0,10,60.0,60.8,20,58.1,60.2,60.2,60.2,3.0,18060.0,152
2023-05-09 21:12:18,i2401-P-680,i2401-P-680,60.2,0.0,0.0,0.0,30,59.8,60.6,10,58.1,60.2,60.2,60.2,3.0,18060.0,152
2023-05-09 21:12:50,i2401-P-680,i2401-P-680,60.2,0.0,0.0,0.0,20,59.8,60.6,10,58.1,60.2,60.2,60.2,3.0,18060.0,152
2023-05-09 21:12:54,i2401-P-680,i2401-P-680,60.2,0.0,0.0,0.0,10,59.8,60.5,10,58.1,60.2,60.2,60.2,3.0,18060.0,152
2023-05-09 21:13:04,i2401-P-680,i2401-P-680,60.2,0.0,0.0,0.0,20,59.8,60.6,10,58.1,60.2,60.2,60.2,3.0,18060.0,152
2023-05-09 21:13:05,i2401-P-680,i2401-P-680,60.2,0.0,0.0,0.0,10,59.9,60.8,20,58.1,60.2,60.2,60.2,3.0,18060.0,152
2023-05-09 21:13:05,i2401-P-680,i2401-P-680,60.2,0.0,0.0,0.0,10,60.0,60.8,20,58.1,60.2,60.2,60.2,3.0,18060.0,152
2023-05-09 21:13:07,i2401-P-680,i2401-P-680,60.2,0.0,0.0,0.0,20,59.8,60.6,10,58.1,60.2,60.2,60.2,3.0,18060.0,152
2023-05-09 21:13:22,i2401-P-680,i2401-P-680,60.2,0.0,0.0,0.0,10,59.8,60.5,10,58.1,60.2,60.2,60.2,3.0,18060.0,152
2023-05-09 21:13:23,i2401-P-680,i2401-P-680,60.2,0.0,0.0,0.0,11,59.7,60.5,10,58.1,60.2,60.2,60.2,3.0,18060.0,152
2023-05-09 21:13:31,i2401-P-680,i2401-P-680,60.2,0.0,0.0,0.0,1,59.7,60.5,10,58.1,60.2,60.2,60.2,3.0,18060.0,152
2023-05-09 21:13:40,i2401-P-680,i2401-P-680,60.2,0.0,0.0,0.0,1,59.7,60.3,10,58.1,60.2,60.2,60.2,3.0,18060.0,152
2023-05-09 21:13:42,i2401-P-680,i2401-P-680,60.2,0.0,0.0,0.0,1,59.7,60.5,10,58.1,60.2,60.2,60.2,3.0,18060.0,152
2023-05-09 21:13:50,i2401-P-680,i2401-P-680,60.2,0.0,0.0,0.0,1,59.7,60.5,20,58.1,60.2,60.2,60.2,3.0,18060.0,152
2023-05-09 21:13:50,i2401-P-680,i2401-P-680,60.2,0.0,0.0,0.0,1,59.7,60.5,10,58.1,60.2,60.2,60.2,3.0,18060.0,152
2023-05-09 21:14:28,i2401-P-680,i2401-P-680,60.2,0.0,0.0,0.0,1,59.7,60.3,10,58.1,60.2,60.2,60.2,3.0,18060.0,152
2023-05-09 21:14:32,i2401-P-680,i2401-P-680,60.2,0.0,0.0,0.0,11,59.7,60.3,10,58.1,60.2,60.2,60.2,3.0,18060.0,152
2023-05-09 21:14:33,i2401-P-680,i2401-P-680,60.2,0.0,0.0,0.0,1,59.7,60.3,10,58.1,60.2,60.2,60.2,3.0,18060.0,152
2023-05-09 21:14:45,i2401-P-680,i2401-P-680,60.2,0.0,0.0,0.0,1,59.7,60.5,10,58.1,60.2,60.2,60.2,3.0,18060.0,152
2023-05-09 21:14:48,i2401-P-680,i2401-P-680,60.2,0.0,0.0,0.0,20,59.8,60.7,20,58.1,60.2,60.2,60.2,3.0,18060.0,152
2023-05-09 21:14:49,i2401-P-680,i2401-P-680,60.2,0.0,0.0,0.0,10,59.8,60.5,10,58.1,60.2,60.2,60.2,3.0,18060.0,152
2023-05-09 21:14:56,i2401-P-680,i2401-P-680,60.2,0.0,0.0,0.0,20,59.8,60.6,10,58.1,60.2,60.2,60.2,3.0,18060.0,152
2023-05-09 21:15:06,i2401-P-680,i2401-P-680,60.2,0.0,0.0,0.0,10,59.8,60.6,10,58.1,60.2,60.2,60.2,3.0,18060.0,152
2023-05-09 21:15:06,i2401-P-680,i2401-P-680,60.2,0.0,0.0,0.0,1,59.7,60.4,10,58.1,60.2,60.2,60.2,3.0,18060.0,152
2023-05-09 21:15:29,i2401-P-680,i2401-P-680,60.2,0.0,0.0,0.0,1,59.7,60.2,10,58.1,60.2,60.2,60.2,3.0,18060.0,152
2023-05-09 21:15:29,i2401-P-680,i2401-P-680,60.2,0.0,0.0,0.0,10,59.5,60.2,10,58.1,60.2,60.2,60.2,3.0,18060.0,152
2023-05-09 21:15:54,i2401-P-680,i2401-P-680,60.2,0.0,0.0,0.0,10,59.7,60.4,10,58.1,60.2,60.2,60.2,3.0,18060.0,152
2023-05-09 21:16:01,i2401-P-680,i2401-P-680,60.2,0.0,0.0,0.0,20,59.7,60.5,20,58.1,60.2,60.2,60.2,3.0,18060.0,152
2023-05-09 21:16:02,i2401-P-680,i2401-P-680,60.2,0.0,0.0,0.0,20,59.7,60.5,10,58.1,60.2,60.2,60.2,3.0,18060.0,152
2023-05-09 21:16:02,i2401-P-680,i2401-P-680,60.2,0.0,0.0,0.0,20,59.9,60.7,20,58.1,60.2,60.2,60.2,3.0,18060.0,152
2023-05-09 21:16:06,i2401-P-680,i2401-P-680,60.2,0.0,0.0,0.0,10,59.8,60.5,10,58.1,60.2,60.2,60.2,3.0,18060.0,152
2023-05-09 21:16:20,i2401-P-680,i2401-P-680,60.2,0.0,0.0,0.0,30,59.8,60.7,20,58.1,60.2,60.2,60.2,3.0,18060.0,152
2023-05-09 21:16:21,i2401-P-680,i2401-P-680,60.2,0.0,0.0,0.0,20,59.8,60.7,20,58.1,60.2,60.2,60.2,3.0,18060.0,152
2023-05-09 21:16:22,i2401-P-680,i2401-P-680,60.2,0.0,0.0,0.0,10,59.8,60.7,20,58.1,60.2,60.2,60.2,3.0,18060.0,152
2023-05-09 21:16:24,i2401-P-680,i2401-P-680,60.2,0.0,0.0,0.0,10,59.7,60.5,10,58.1,60.2,60.2,60.2,3.0,18060.0,152
2023-05-09 21:17:03,i2401-P-680,i2401-P-680,60.2,0.0,0.0,0.0,10,59.9,60.5,10,58.1,60.2,60.2,60.2,3.0,18060.0,152
2023-05-09 21:17:03,i2401-P-680,i2401-P-680,60.2,0.0,0.0,0.0,20,59.9,60.6,10,58.1,60.2,60.2,60.2,3.0,18060.0,152
2023-05-09 21:17:10,i2401-P-680,i2401-P-680,60.2,0.0,0.0,0.0,20,59.7,60.5,10,58.1,60.2,60.2,60.2,3.0,18060.0,152
2023-05-09 21:17:32,i2401-P-680,i2401-P-680,60.2,0.0,0.0,0.0,20,59.9,60.6,10,58.1,60.2,60.2,60.2,3.0,18060.0,152
2023-05-09 21:17:39,i2401-P-680,i2401-P-680,60.2,0.0,0.0,0.0,10,59.9,60.6,10,58.1,60.2,60.2,60.2,3.0,18060.0,152
2023-05-09 21:17:40,i2401-P-680,i2401-P-680,60.2,0.0,0.0,0.0,10,59.7,60.5,10,58.1,60.2,60.2,60.2,3.0,18060.0,152
2023-05-09 21:17:53,i2401-P-680,i2401-P-680,60.2,0.0,0.0,0.0,10,59.9,60.6,10,58.1,60.2,60.2,60.2,3.0,18060.0,152
2023-05-09 21:17:57,i2401-P-680,i2401-P-680,60.2,0.0,0.0,0.0,10,60.0,60.8,20,58.1,60.2,60.2,60.2,3.0,18060.0,152
2023-05-09 21:18:09,i2401-P-680,i2401-P-680,60.2,0.0,0.0,0.0,20,60.0,60.8,20,58.1,60.2,60.2,60.2,3.0,18060.0,152
2023-05-09 21:18:37,i2401-P-680,i2401-P-680,60.2,0.0,0.0,0.0,20,60.0,60.8,10,58.1,60.2,60.2,60.2,3.0,18060.0,152
2023-05-09 21:19:26,i2401-P-680,i2401-P-680,60.2,0.0,0.0,0.0,10,60.2,60.9,10,58.1,60.2,60.2,60.2,3.0,18060.0,152
2023-05-09 21:19:29,i2401-P-680,i2401-P-680,60.2,0.0,0.0,0.0,10,60.3,61.1,20,58.1,60.2,60.2,60.2,3.0,18060.0,152
2023-05-09 21:19:33,i2401-P-680,i2401-P-680,60.2,0.0,0.0,0.0,10,60.3,61.1,10,58.1,60.2,60.2,60.2,3.0,18060.0,152
2023-05-09 21:19:34,i2401-P-680,i2401-P-680,60.2,0.0,0.0,0.0,20,60.2,60.9,10,58.1,60.2,60.2,60.2,3.0,18060.0,152
2023-05-09 21:19:52,i2401-P-680,i2401-P-680,60.2,0.0,0.0,0.0,10,60.4,61.1,10,58.1,60.2,60.2,60.2,3.0,18060.0,152
2023-05-09 21:20:03,i2401-P-680,i2401-P-680,60.2,0.0,0.0,0.0,10,60.5,61.2,21,58.1,60.2,60.2,60.2,3.0,18060.0,152
2023-05-09 21:20:04,i2401-P-680,i2401-P-680,60.2,0.0,0.0,0.0,10,60.5,61.2,11,58.1,60.2,60.2,60.2,3.0,18060.0,152
2023-05-09 21:20:05,i2401-P-680,i2401-P-680,60.2,0.0,0.0,0.0,10,60.5,61.2,10,58.1,60.2,60.2,60.2,3.0,18060.0,152
2023-05-09 21:20:07,i2401-P-680,i2401-P-680,60.2,0.0,0.0,0.0,10,60.3,61.1,10,58.1,60.2,60.2,60.2,3.0,18060.0,152
2023-05-09 21:20:16,i2401-P-680,i2401-P-680,60.2,0.0,0.0,0.0,20,60.1,60.9,10,58.1,60.2,60.2,60.2,3.0,18060.0,152
2023-05-09 21:20:20,i2401-P-680,i2401-P-680,60.2,0.0,0.0,0.0,30,60.1,60.9,10,58.1,60.2,60.2,60.2,3.0,18060.0,152
2023-05-09 21:20:26,i2401-P-680,i2401-P-680,60.2,0.0,0.0,0.0,10,60.1,60.9,10,58.1,60.2,60.2,60.2,3.0,18060.0,152
2023-05-09 21:20:30,i2401-P-680,i2401-P-680,60.2,0.0,0.0,0.0,11,60.0,60.7,10,58.1,60.2,60.2,60.2,3.0,18060.0,152
2023-05-09 21:20:37,i2401-P-680,i2401-P-680,60.2,0.0,0.0,0.0,21,60.0,60.7,10,58.1,60.2,60.2,60.2,3.0,18060.0,152
2023-05-09 21:21:04,i2401-P-680,i2401-P-680,60.2,0.0,0.0,0.0,10,60.1,60.9,10,58.1,60.2,60.2,60.2,3.0,18060.0,152
2023-05-09 21:21:04,i2401-P-680,i2401-P-680,60.2,0.0,0.0,0.0,20,60.3,61.0,10,58.1,60.2,60.2,60.2,3.0,18060.0,152
2023-05-09 21:21:10,i2401-P-680,i2401-P-680,60.2,0.0,0.0,0.0,10,60.3,61.0,10,58.1,60.2,60.2,60.2,3.0,18060.0,152
2023-05-09 21:21:37,i2401-P-680,i2401-P-680,60.2,0.0,0.0,0.0,10,60.4,61.2,20,58.1,60.2,60.2,60.2,3.0,18060.0,152
2023-05-09 21:21:41,i2401-P-680,i2401-P-680,60.2,0.0,0.0,0.0,10,60.1,60.8,10,58.1,60.2,60.2,60.2,3.0,18060.0,152
2023-05-09 21:21:45,i2401-P-680,i2401-P-680,60.2,0.0,0.0,0.0,10,60.2,60.8,10,58.1,60.2,60.2,60.2,3.0,18060.0,152
2023-05-09 21:21:50,i2401-P-680,i2401-P-680,60.2,0.0,0.0,0.0,20,60.2,61.0,10,58.1,60.2,60.2,60.2,3.0,18060.0,152
2023-05-09 21:21:57,i2401-P-680,i2401-P-680,60.2,0.0,0.0,0.0,10,60.4,61.1,10,58.1,60.2,60.2,60.2,3.0,18060.0,152
2023-05-09 21:22:03,i2401-P-680,i2401-P-680,60.2,0.0,0.0,0.0,10,60.5,61.3,20,58.1,60.2,60.2,60.2,3.0,18060.0,152
2023-05-09 21:22:04,i2401-P-680,i2401-P-680,60.2,0.0,0.0,0.0,10,60.5,61.3,10,58.1,60.2,60.2,60.2,3.0,18060.0,152
2023-05-09 21:22:12,i2401-P-680,i2401-P-680,60.2,0.0,0.0,0.0,10,60.7,61.5,20,58.1,60.2,60.2,60.2,3.0,18060.0,152
2023-05-09 21:22:16,i2401-P-680,i2401-P-680,60.2,0.0,0.0,0.0,20,60.6,61.3,10,58.1,60.2,60.2,60.2,3.0,18060.0,152
2023-05-09 21:22:25,i2401-P-680,i2401-P-680,60.2,0.0,0.0,0.0,10,60.6,61.3,10,58.1,60.2,60.2,60.2,3.0,18060.0,152
2023-05-09 21:22:25,i2401-P-680,i2401-P-680,60.2,0.0,0.0,0.0,20,60.6,61.3,10,58.1,60.2,60.2,60.2,3.0,18060.0,152
2023-05-09 21:22:48,i2401-P-680,i2401-P-680,60.2,0.0,0.0,0.0,10,60.7,61.5,20,58.1,60.2,60.2,60.2,3.0,18060.0,152
2023-05-09 21:23:15,i2401-P-680,i2401-P-680,60.2,0.0,0.0,0.0,10,60.7,61.5,10,58.1,60.2,60.2,60.2,3.0,18060.0,152
2023-05-09 21:23:17,i2401-P-680,i2401-P-680,60.2,0.0,0.0,0.0,20,60.7,61.5,10,58.1,60.2,60.2,60.2,3.0,18060.0,152
2023-05-09 21:23:23,i2401-P-680,i2401-P-680,60.2,0.0,0.0,0.0,10,60.8,61.5,10,58.1,60.2,60.2,60.2,3.0,18060.0,152
2023-05-09 21:23:39,i2401-P-680,i2401-P-680,60.2,0.0,0.0,0.0,10,60.9,61.6,10,58.1,60.2,60.2,60.2,3.0,18060.0,152
2023-05-09 21:23:48,i2401-P-680,i2401-P-680,60.2,0.0,0.0,0.0,10,60.8,61.5,10,58.1,60.2,60.2,60.2,3.0,18060.0,152
2023-05-09 21:23:59,i2401-P-680,i2401-P-680,60.2,0.0,0.0,0.0,10,60.7,61.5,10,58.1,60.2,60.2,60.2,3.0,18060.0,152
2023-05-09 21:24:05,i2401-P-680,i2401-P-680,60.2,0.0,0.0,0.0,10,60.7,61.2,10,58.1,60.2,60.2,60.2,3.0,18060.0,152
2023-05-09 21:24:07,i2401-P-680,i2401-P-680,60.2,0.0,0.0,0.0,10,60.7,61.5,10,58.1,60.2,60.2,60.2,3.0,18060.0,152
2023-05-09 21:24:16,i2401-P-680,i2401-P-680,60.2,0.0,0.0,0.0,10,60.7,61.5,20,58.1,60.2,60.2,60.2,3.0,18060.0,152
2023-05-09 21:24:26,i2401-P-680,i2401-P-680,60.2,0.0,0.0,0.0,10,60.6,61.3,10,58.1,60.2,60.2,60.2,3.0,18060.0,152
2023-05-09 21:24:27,i2401-P-680,i2401-P-680,60.2,0.0,0.0,0.0,20,60.6,61.3,10,58.1,60.2,60.2,60.2,3.0,18060.0,152
2023-05-09 21:24:33,i2401-P-680,i2401-P-680,60.2,0.0,0.0,0.0,20,60.6,61.3,20,58.1,60.2,60.2,60.2,3.0,18060.0,152
2023-05-09 21:24:50,i2401-P-680,i2401-P-680,60.2,0.0,0.0,0.0,10,60.6,61.3,20,58.1,60.2,60.2,60.2,3.0,18060.0,152
2023-05-09 21:25:08,i2401-P-680,i2401-P-680,60.2,0.0,0.0,0.0,20,60.5,61.2,10,58.1,60.2,60.2,60.2,3.0,18060.0,152
2023-05-09 21:25:54,i2401-P-680,i2401-P-680,60.2,0.0,0.0,0.0,10,60.5,61.2,10,58.1,60.2,60.2,60.2,3.0,18060.0,152
2023-05-09 21:25:54,i2401-P-680,i2401-P-680,60.2,0.0,0.0,0.0,10,60.6,61.3,10,58.1,60.2,60.2,60.2,3.0,18060.0,152
2023-05-09 21:25:55,i2401-P-680,i2401-P-680,60.2,0.0,0.0,0.0,20,60.5,61.2,10,58.1,60.2,60.2,60.2,3.0,18060.0,152
2023-05-09 21:25:56,i2401-P-680,i2401-P-680,60.2,0.0,0.0,0.0,10,60.5,61.2,10,58.1,60.2,60.2,60.2,3.0,18060.0,152
2023-05-09 21:26:06,i2401-P-680,i2401-P-680,60.2,0.0,0.0,0.0,1,60.4,61.0,10,58.1,60.2,60.2,60.2,3.0,18060.0,152
2023-05-09 21:26:45,i2401-P-680,i2401-P-680,60.2,0.0,0.0,0.0,1,60.4,60.9,10,58.1,60.2,60.2,60.2,3.0,18060.0,152
2023-05-09 21:27:01,i2401-P-680,i2401-P-680,60.2,0.0,0.0,0.0,1,60.4,61.0,10,58.1,60.2,60.2,60.2,3.0,18060.0,152
2023-05-09 21:27:16,i2401-P-680,i2401-P-680,60.2,0.0,0.0,0.0,11,60.4,61.2,10,58.1,60.2,60.2,60.2,3.0,18060.0,152
2023-05-09 21:27:17,i2401-P-680,i2401-P-680,60.2,0.0,0.0,0.0,1,60.4,61.0,10,58.1,60.2,60.2,60.2,3.0,18060.0,152
2023-05-09 21:27:30,i2401-P-680,i2401-P-680,60.2,0.0,0.0,0.0,10,60.2,60.9,10,58.1,60.2,60.2,60.2,3.0,18060.0,152
2023-05-09 21:27:31,i2401-P-680,i2401-P-680,60.2,0.0,0.0,0.0,20,60.1,60.9,10,58.1,60.2,60.2,60.2,3.0,18060.0,152
2023-05-09 21:27:39,i2401-P-680,i2401-P-680,60.2,0.0,0.0,0.0,30,60.1,60.9,10,58.1,60.2,60.2,60.2,3.0,18060.0,152
2023-05-09 21:27:43,i2401-P-680,i2401-P-680,60.2,0.0,0.0,0.0,20,60.1,60.9,10,58.1,60.2,60.2,60.2,3.0,18060.0,152
2023-05-09 21:27:47,i2401-P-680,i2401-P-680,60.2,0.0,0.0,0.0,30,60.1,60.9,10,58.1,60.2,60.2,60.2,3.0,18060.0,152
2023-05-09 21:27:50,i2401-P-680,i2401-P-680,60.2,0.0,0.0,0.0,20,60.1,60.9,10,58.1,60.2,60.2,60.2,3.0,18060.0,152
2023-05-09 21:29:04,i2401-P-680,i2401-P-680,60.2,0.0,0.0,0.0,30,60.1,60.9,10,58.1,60.2,60.2,60.2,3.0,18060.0,152
2023-05-09 21:29:06,i2401-P-680,i2401-P-680,60.2,0.0,0.0,0.0,10,60.3,61.0,10,58.1,60.2,60.2,60.2,3.0,18060.0,152
2023-05-09 21:29:06,i2401-P-680,i2401-P-680,60.2,0.0,0.0,0.0,10,60.4,61.2,10,58.1,60.2,60.2,60.2,3.0,18060.0,152
2023-05-09 21:29:43,i2401-P-680,i2401-P-680,60.2,0.0,0.0,0.0,20,60.3,61.0,10,58.1,60.2,60.2,60.2,3.0,18060.0,152
2023-05-09 21:30:02,i2401-P-680,i2401-P-680,61.0,10.0,61000.0,10.0,1,60.5,61.3,1,58.1,60.2,61.0,60.2,13.0,79060.0,162
2023-05-09 21:30:03,i2401-P-680,i2401-P-680,61.0,0.0,0.0,0.0,11,60.5,61.3,1,58.1,60.2,61.0,60.2,13.0,79060.0,162
2023-05-09 21:30:04,i2401-P-680,i2401-P-680,61.0,0.0,0.0,0.0,1,60.5,61.3,1,58.1,60.2,61.0,60.2,13.0,79060.0,162
2023-05-09 21:30:15,i2401-P-680,i2401-P-680,61.0,0.0,0.0,0.0,11,60.5,61.3,11,58.1,60.2,61.0,60.2,13.0,79060.0,162
2023-05-09 21:30:20,i2401-P-680,i2401-P-680,61.0,0.0,0.0,0.0,11,60.5,61.3,10,58.1,60.2,61.0,60.2,13.0,79060.0,162
2023-05-09 21:30:43,i2401-P-680,i2401-P-680,61.0,0.0,0.0,0.0,10,60.6,61.3,10,58.1,60.2,61.0,60.2,13.0,79060.0,162
2023-05-09 21:31:02,i2401-P-680,i2401-P-680,61.0,0.0,0.0,0.0,10,60.7,61.5,10,58.1,60.2,61.0,60.2,13.0,79060.0,162
2023-05-09 21:31:16,i2401-P-680,i2401-P-680,61.0,0.0,0.0,0.0,20,60.5,61.3,10,58.1,60.2,61.0,60.2,13.0,79060.0,162
2023-05-09 21:31:26,i2401-P-680,i2401-P-680,61.0,0.0,0.0,0.0,10,60.6,61.3,10,58.1,60.2,61.0,60.2,13.0,79060.0,162
2023-05-09 21:31:31,i2401-P-680,i2401-P-680,61.0,0.0,0.0,0.0,10,60.7,61.4,10,58.1,60.2,61.0,60.2,13.0,79060.0,162
2023-05-09 21:31:54,i2401-P-680,i2401-P-680,61.0,0.0,0.0,0.0,10,60.7,61.4,20,58.1,60.2,61.0,60.2,13.0,79060.0,162
2023-05-09 21:31:56,i2401-P-680,i2401-P-680,61.0,0.0,0.0,0.0,10,60.7,61.4,10,58.1,60.2,61.0,60.2,13.0,79060.0,162
2023-05-09 21:32:02,i2401-P-680,i2401-P-680,61.0,0.0,0.0,0.0,20,60.7,61.4,10,58.1,60.2,61.0,60.2,13.0,79060.0,162
2023-05-09 21:32:07,i2401-P-680,i2401-P-680,61.0,0.0,0.0,0.0,10,60.8,61.6,11,58.1,60.2,61.0,60.2,13.0,79060.0,162
2023-05-09 21:32:12,i2401-P-680,i2401-P-680,61.0,0.0,0.0,0.0,20,60.6,61.4,10,58.1,60.2,61.0,60.2,13.0,79060.0,162
2023-05-09 21:32:13,i2401-P-680,i2401-P-680,61.0,0.0,0.0,0.0,30,60.6,61.4,10,58.1,60.2,61.0,60.2,13.0,79060.0,162
2023-05-09 21:32:14,i2401-P-680,i2401-P-680,61.0,0.0,0.0,0.0,10,60.8,61.5,10,58.1,60.2,61.0,60.2,13.0,79060.0,162
2023-05-09 21:32:18,i2401-P-680,i2401-P-680,61.0,0.0,0.0,0.0,20,60.8,61.5,10,58.1,60.2,61.0,60.2,13.0,79060.0,162
2023-05-09 21:32:18,i2401-P-680,i2401-P-680,61.0,0.0,0.0,0.0,10,60.8,61.5,10,58.1,60.2,61.0,60.2,13.0,79060.0,162
2023-05-09 21:32:21,i2401-P-680,i2401-P-680,61.0,0.0,0.0,0.0,20,60.8,61.5,10,58.1,60.2,61.0,60.2,13.0,79060.0,162
2023-05-09 21:32:22,i2401-P-680,i2401-P-680,61.0,0.0,0.0,0.0,10,60.8,61.5,10,58.1,60.2,61.0,60.2,13.0,79060.0,162
2023-05-09 21:32:35,i2401-P-680,i2401-P-680,61.0,0.0,0.0,0.0,20,60.8,61.5,10,58.1,60.2,61.0,60.2,13.0,79060.0,162
2023-05-09 21:32:36,i2401-P-680,i2401-P-680,61.0,0.0,0.0,0.0,10,60.8,61.5,10,58.1,60.2,61.0,60.2,13.0,79060.0,162
2023-05-09 21:32:47,i2401-P-680,i2401-P-680,61.0,0.0,0.0,0.0,20,60.8,61.5,10,58.1,60.2,61.0,60.2,13.0,79060.0,162
2023-05-09 21:32:48,i2401-P-680,i2401-P-680,61.0,0.0,0.0,0.0,20,60.6,61.4,10,58.1,60.2,61.0,60.2,13.0,79060.0,162
2023-05-09 21:32:48,i2401-P-680,i2401-P-680,61.0,0.0,0.0,0.0,30,60.6,61.4,10,58.1,60.2,61.0,60.2,13.0,79060.0,162
2023-05-09 21:33:06,i2401-P-680,i2401-P-680,61.0,0.0,0.0,0.0,20,60.6,61.4,10,58.1,60.2,61.0,60.2,13.0,79060.0,162
2023-05-09 21:33:07,i2401-P-680,i2401-P-680,61.0,0.0,0.0,0.0,10,60.6,61.4,10,58.1,60.2,61.0,60.2,13.0,79060.0,162
2023-05-09 21:33:07,i2401-P-680,i2401-P-680,61.0,0.0,0.0,0.0,10,60.3,61.0,10,58.1,60.2,61.0,60.2,13.0,79060.0,162
2023-05-09 21:33:08,i2401-P-680,i2401-P-680,61.0,0.0,0.0,0.0,10,60.5,61.3,20,58.1,60.2,61.0,60.2,13.0,79060.0,162
2023-05-09 21:33:45,i2401-P-680,i2401-P-680,61.0,0.0,0.0,0.0,10,60.4,61.1,10,58.1,60.2,61.0,60.2,13.0,79060.0,162
2023-05-09 21:33:56,i2401-P-680,i2401-P-680,61.0,0.0,0.0,0.0,11,60.2,61.0,10,58.1,60.2,61.0,60.2,13.0,79060.0,162
2023-05-09 21:34:04,i2401-P-680,i2401-P-680,61.0,0.0,0.0,0.0,10,60.2,61.0,10,58.1,60.2,61.0,60.2,13.0,79060.0,162
2023-05-09 21:34:09,i2401-P-680,i2401-P-680,61.0,0.0,0.0,0.0,10,60.2,60.9,10,58.1,60.2,61.0,60.2,13.0,79060.0,162
2023-05-09 21:34:11,i2401-P-680,i2401-P-680,61.0,0.0,0.0,0.0,10,60.0,60.7,10,58.1,60.2,61.0,60.2,13.0,79060.0,162
2023-05-09 21:34:11,i2401-P-680,i2401-P-680,61.0,0.0,0.0,0.0,10,60.0,60.7,20,58.1,60.2,61.0,60.2,13.0,79060.0,162
2023-05-09 21:34:21,i2401-P-680,i2401-P-680,61.0,0.0,0.0,0.0,10,60.0,60.7,10,58.1,60.2,61.0,60.2,13.0,79060.0,162
2023-05-09 21:34:29,i2401-P-680,i2401-P-680,61.0,0.0,0.0,0.0,10,60.4,61.1,20,58.1,60.2,61.0,60.2,13.0,79060.0,162
2023-05-09 21:34:30,i2401-P-680,i2401-P-680,61.0,0.0,0.0,0.0,10,60.4,61.1,10,58.1,60.2,61.0,60.2,13.0,79060.0,162
2023-05-09 21:34:31,i2401-P-680,i2401-P-680,61.0,0.0,0.0,0.0,10,60.2,61.1,10,58.1,60.2,61.0,60.2,13.0,79060.0,162
2023-05-09 21:34:37,i2401-P-680,i2401-P-680,61.0,0.0,0.0,0.0,10,60.2,61.1,20,58.1,60.2,61.0,60.2,13.0,79060.0,162
2023-05-09 21:34:48,i2401-P-680,i2401-P-680,61.0,0.0,0.0,0.0,10,60.2,61.1,10,58.1,60.2,61.0,60.2,13.0,79060.0,162
2023-05-09 21:34:50,i2401-P-680,i2401-P-680,61.0,0.0,0.0,0.0,10,60.2,61.1,20,58.1,60.2,61.0,60.2,13.0,79060.0,162
2023-05-09 21:34:52,i2401-P-680,i2401-P-680,61.0,0.0,0.0,0.0,30,60.0,61.1,20,58.1,60.2,61.0,60.2,13.0,79060.0,162
2023-05-09 21:35:01,i2401-P-680,i2401-P-680,61.0,0.0,0.0,0.0,20,60.0,61.1,20,58.1,60.2,61.0,60.2,13.0,79060.0,162
2023-05-09 21:35:01,i2401-P-680,i2401-P-680,61.0,0.0,0.0,0.0,20,59.9,61.0,10,58.1,60.2,61.0,60.2,13.0,79060.0,162
2023-05-09 21:35:07,i2401-P-680,i2401-P-680,61.0,0.0,0.0,0.0,20,59.7,60.8,20,58.1,60.2,61.0,60.2,13.0,79060.0,162
2023-05-09 21:35:07,i2401-P-680,i2401-P-680,61.0,0.0,0.0,0.0,10,59.7,60.7,10,58.1,60.2,61.0,60.2,13.0,79060.0,162
2023-05-09 21:35:07,i2401-P-680,i2401-P-680,61.0,0.0,0.0,0.0,20,59.7,60.7,10,58.1,60.2,61.0,60.2,13.0,79060.0,162
2023-05-09 21:35:12,i2401-P-680,i2401-P-680,61.0,0.0,0.0,0.0,30,59.7,60.5,10,58.1,60.2,61.0,60.2,13.0,79060.0,162
2023-05-09 21:35:21,i2401-P-680,i2401-P-680,61.0,0.0,0.0,0.0,30,59.7,60.4,10,58.1,60.2,61.0,60.2,13.0,79060.0,162
2023-05-09 21:35:22,i2401-P-680,i2401-P-680,61.0,0.0,0.0,0.0,20,59.7,60.5,10,58.1,60.2,61.0,60.2,13.0,79060.0,162
2023-05-09 21:35:34,i2401-P-680,i2401-P-680,61.0,0.0,0.0,0.0,10,59.7,60.5,10,58.1,60.2,61.0,60.2,13.0,79060.0,162
2023-05-09 21:35:35,i2401-P-680,i2401-P-680,61.0,0.0,0.0,0.0,10,59.6,60.3,10,58.1,60.2,61.0,60.2,13.0,79060.0,162
2023-05-09 21:35:36,i2401-P-680,i2401-P-680,61.0,0.0,0.0,0.0,20,59.6,60.3,10,58.1,60.2,61.0,60.2,13.0,79060.0,162
2023-05-09 21:35:52,i2401-P-680,i2401-P-680,61.0,0.0,0.0,0.0,10,59.7,60.3,10,58.1,60.2,61.0,60.2,13.0,79060.0,162
2023-05-09 21:35:52,i2401-P-680,i2401-P-680,61.0,0.0,0.0,0.0,20,59.7,60.5,10,58.1,60.2,61.0,60.2,13.0,79060.0,162
2023-05-09 21:35:54,i2401-P-680,i2401-P-680,61.0,0.0,0.0,0.0,30,59.7,60.5,10,58.1,60.2,61.0,60.2,13.0,79060.0,162
2023-05-09 21:36:44,i2401-P-680,i2401-P-680,61.0,0.0,0.0,0.0,10,59.7,60.5,20,58.1,60.2,61.0,60.2,13.0,79060.0,162
2023-05-09 21:36:44,i2401-P-680,i2401-P-680,61.0,0.0,0.0,0.0,10,59.6,60.3,10,58.1,60.2,61.0,60.2,13.0,79060.0,162
2023-05-09 21:37:08,i2401-P-680,i2401-P-680,61.0,0.0,0.0,0.0,10,59.8,60.6,10,58.1,60.2,61.0,60.2,13.0,79060.0,162
2023-05-09 21:37:27,i2401-P-680,i2401-P-680,61.0,0.0,0.0,0.0,20,59.8,60.6,10,58.1,60.2,61.0,60.2,13.0,79060.0,162
2023-05-09 21:37:42,i2401-P-680,i2401-P-680,61.0,0.0,0.0,0.0,10,60.0,60.7,10,58.1,60.2,61.0,60.2,13.0,79060.0,162
2023-05-09 21:37:53,i2401-P-680,i2401-P-680,61.0,0.0,0.0,0.0,20,60.0,60.7,10,58.1,60.2,61.0,60.2,13.0,79060.0,162
2023-05-09 21:38:10,i2401-P-680,i2401-P-680,61.0,0.0,0.0,0.0,10,60.1,60.8,1,58.1,60.2,61.0,60.2,13.0,79060.0,162
2023-05-09 21:38:10,i2401-P-680,i2401-P-680,61.0,0.0,0.0,0.0,10,60.1,60.9,10,58.1,60.2,61.0,60.2,13.0,79060.0,162
2023-05-09 21:38:11,i2401-P-680,i2401-P-680,61.0,0.0,0.0,0.0,20,60.1,60.9,10,58.1,60.2,61.0,60.2,13.0,79060.0,162
2023-05-09 21:38:15,i2401-P-680,i2401-P-680,61.0,0.0,0.0,0.0,30,60.1,60.9,10,58.1,60.2,61.0,60.2,13.0,79060.0,162
2023-05-09 21:38:20,i2401-P-680,i2401-P-680,61.0,0.0,0.0,0.0,20,60.1,60.9,10,58.1,60.2,61.0,60.2,13.0,79060.0,162
2023-05-09 21:38:20,i2401-P-680,i2401-P-680,61.0,0.0,0.0,0.0,30,60.1,60.9,10,58.1,60.2,61.0,60.2,13.0,79060.0,162
2023-05-09 21:38:24,i2401-P-680,i2401-P-680,61.0,0.0,0.0,0.0,20,60.1,60.9,10,58.1,60.2,61.0,60.2,13.0,79060.0,162
2023-05-09 21:38:25,i2401-P-680,i2401-P-680,61.0,0.0,0.0,0.0,30,60.1,60.9,10,58.1,60.2,61.0,60.2,13.0,79060.0,162
2023-05-09 21:38:32,i2401-P-680,i2401-P-680,61.0,0.0,0.0,0.0,10,60.3,61.0,30,58.1,60.2,61.0,60.2,13.0,79060.0,162
2023-05-09 21:38:47,i2401-P-680,i2401-P-680,61.0,0.0,0.0,0.0,20,60.3,61.0,30,58.1,60.2,61.0,60.2,13.0,79060.0,162
2023-05-09 21:38:50,i2401-P-680,i2401-P-680,61.0,0.0,0.0,0.0,10,60.3,61.0,30,58.1,60.2,61.0,60.2,13.0,79060.0,162
2023-05-09 21:38:54,i2401-P-680,i2401-P-680,61.0,0.0,0.0,0.0,20,60.3,61.0,30,58.1,60.2,61.0,60.2,13.0,79060.0,162
2023-05-09 21:38:55,i2401-P-680,i2401-P-680,61.0,0.0,0.0,0.0,10,60.3,61.0,30,58.1,60.2,61.0,60.2,13.0,79060.0,162
2023-05-09 21:39:01,i2401-P-680,i2401-P-680,61.0,0.0,0.0,0.0,20,60.3,61.0,30,58.1,60.2,61.0,60.2,13.0,79060.0,162
2023-05-09 21:39:22,i2401-P-680,i2401-P-680,61.0,0.0,0.0,0.0,10,60.3,60.8,10,58.1,60.2,61.0,60.2,13.0,79060.0,162
2023-05-09 21:39:22,i2401-P-680,i2401-P-680,61.0,0.0,0.0,0.0,20,60.0,60.8,10,58.1,60.2,61.0,60.2,13.0,79060.0,162
2023-05-09 21:39:29,i2401-P-680,i2401-P-680,61.0,0.0,0.0,0.0,10,60.2,61.0,30,58.1,60.2,61.0,60.2,13.0,79060.0,162
2023-05-09 21:39:31,i2401-P-680,i2401-P-680,61.0,0.0,0.0,0.0,20,60.2,61.0,30,58.1,60.2,61.0,60.2,13.0,79060.0,162
2023-05-09 21:40:02,i2401-P-680,i2401-P-680,61.0,0.0,0.0,0.0,10,60.2,60.8,10,58.1,60.2,61.0,60.2,13.0,79060.0,162
2023-05-09 21:40:03,i2401-P-680,i2401-P-680,61.0,0.0,0.0,0.0,10,60.1,60.8,10,58.1,60.2,61.0,60.2,13.0,79060.0,162
2023-05-09 21:40:03,i2401-P-680,i2401-P-680,61.0,0.0,0.0,0.0,20,60.1,60.8,10,58.1,60.2,61.0,60.2,13.0,79060.0,162
2023-05-09 21:40:04,i2401-P-680,i2401-P-680,61.0,0.0,0.0,0.0,10,60.1,60.7,10,58.1,60.2,61.0,60.2,13.0,79060.0,162
2023-05-09 21:40:04,i2401-P-680,i2401-P-680,61.0,0.0,0.0,0.0,20,59.9,60.7,10,58.1,60.2,61.0,60.2,13.0,79060.0,162
2023-05-09 21:40:27,i2401-P-680,i2401-P-680,61.0,0.0,0.0,0.0,10,59.9,60.5,10,58.1,60.2,61.0,60.2,13.0,79060.0,162
2023-05-09 21:40:27,i2401-P-680,i2401-P-680,61.0,0.0,0.0,0.0,20,59.7,60.5,10,58.1,60.2,61.0,60.2,13.0,79060.0,162
2023-05-09 21:40:28,i2401-P-680,i2401-P-680,61.0,0.0,0.0,0.0,30,59.7,60.5,10,58.1,60.2,61.0,60.2,13.0,79060.0,162
2023-05-09 21:40:41,i2401-P-680,i2401-P-680,61.0,0.0,0.0,0.0,30,59.7,60.5,20,58.1,60.2,61.0,60.2,13.0,79060.0,162
2023-05-09 21:40:42,i2401-P-680,i2401-P-680,61.0,0.0,0.0,0.0,20,59.7,60.5,10,58.1,60.2,61.0,60.2,13.0,79060.0,162
2023-05-09 21:40:59,i2401-P-680,i2401-P-680,61.0,0.0,0.0,0.0,10,59.9,60.6,10,58.1,60.2,61.0,60.2,13.0,79060.0,162
2023-05-09 21:41:08,i2401-P-680,i2401-P-680,61.0,0.0,0.0,0.0,10,60.0,60.8,20,58.1,60.2,61.0,60.2,13.0,79060.0,162
2023-05-09 21:41:12,i2401-P-680,i2401-P-680,61.0,0.0,0.0,0.0,20,60.0,60.8,20,58.1,60.2,61.0,60.2,13.0,79060.0,162
2023-05-09 21:41:12,i2401-P-680,i2401-P-680,61.0,0.0,0.0,0.0,10,60.0,60.8,20,58.1,60.2,61.0,60.2,13.0,79060.0,162
2023-05-09 21:41:14,i2401-P-680,i2401-P-680,61.0,0.0,0.0,0.0,20,60.0,60.8,20,58.1,60.2,61.0,60.2,13.0,79060.0,162
2023-05-09 21:41:20,i2401-P-680,i2401-P-680,61.0,0.0,0.0,0.0,10,60.0,60.8,20,58.1,60.2,61.0,60.2,13.0,79060.0,162
2023-05-09 21:41:21,i2401-P-680,i2401-P-680,61.0,0.0,0.0,0.0,10,60.0,60.8,10,58.1,60.2,61.0,60.2,13.0,79060.0,162
2023-05-09 21:41:23,i2401-P-680,i2401-P-680,61.0,0.0,0.0,0.0,20,60.0,60.8,10,58.1,60.2,61.0,60.2,13.0,79060.0,162
2023-05-09 21:41:42,i2401-P-680,i2401-P-680,61.0,0.0,0.0,0.0,10,60.0,60.8,10,58.1,60.2,61.0,60.2,13.0,79060.0,162
2023-05-09 21:41:59,i2401-P-680,i2401-P-680,61.0,0.0,0.0,0.0,20,60.0,60.8,10,58.1,60.2,61.0,60.2,13.0,79060.0,162
2023-05-09 21:42:03,i2401-P-680,i2401-P-680,61.0,0.0,0.0,0.0,10,60.0,60.8,10,58.1,60.2,61.0,60.2,13.0,79060.0,162
2023-05-09 21:42:04,i2401-P-680,i2401-P-680,61.0,0.0,0.0,0.0,20,60.0,60.8,10,58.1,60.2,61.0,60.2,13.0,79060.0,162
2023-05-09 21:42:07,i2401-P-680,i2401-P-680,61.0,0.0,0.0,0.0,10,60.0,60.8,10,58.1,60.2,61.0,60.2,13.0,79060.0,162
2023-05-09 21:42:14,i2401-P-680,i2401-P-680,61.0,0.0,0.0,0.0,20,60.0,60.8,10,58.1,60.2,61.0,60.2,13.0,79060.0,162
2023-05-09 21:42:20,i2401-P-680,i2401-P-680,61.0,0.0,0.0,0.0,10,60.2,61.0,31,58.1,60.2,61.0,60.2,13.0,79060.0,162
2023-05-09 21:42:21,i2401-P-680,i2401-P-680,61.0,0.0,0.0,0.0,10,60.4,61.0,21,58.1,60.2,61.0,60.2,13.0,79060.0,162
2023-05-09 21:42:36,i2401-P-680,i2401-P-680,61.0,0.0,0.0,0.0,20,60.4,61.0,11,58.1,60.2,61.0,60.2,13.0,79060.0,162
2023-05-09 21:42:36,i2401-P-680,i2401-P-680,61.0,0.0,0.0,0.0,20,60.4,61.0,1,58.1,60.2,61.0,60.2,13.0,79060.0,162
2023-05-09 21:42:43,i2401-P-680,i2401-P-680,61.0,0.0,0.0,0.0,10,60.4,61.0,1,58.1,60.2,61.0,60.2,13.0,79060.0,162
2023-05-09 21:42:43,i2401-P-680,i2401-P-680,61.0,0.0,0.0,0.0,10,60.2,61.0,11,58.1,60.2,61.0,60.2,13.0,79060.0,162
2023-05-09 21:42:45,i2401-P-680,i2401-P-680,61.0,0.0,0.0,0.0,20,60.2,61.0,11,58.1,60.2,61.0,60.2,13.0,79060.0,162
2023-05-09 21:42:58,i2401-P-680,i2401-P-680,61.0,0.0,0.0,0.0,10,60.2,60.8,10,58.1,60.2,61.0,60.2,13.0,79060.0,162
2023-05-09 21:42:58,i2401-P-680,i2401-P-680,61.0,0.0,0.0,0.0,10,60.1,60.8,10,58.1,60.2,61.0,60.2,13.0,79060.0,162
2023-05-09 21:43:28,i2401-P-680,i2401-P-680,61.0,0.0,0.0,0.0,20,60.1,60.8,10,58.1,60.2,61.0,60.2,13.0,79060.0,162
2023-05-09 21:43:29,i2401-P-680,i2401-P-680,61.0,0.0,0.0,0.0,10,60.2,61.0,21,58.1,60.2,61.0,60.2,13.0,79060.0,162
2023-05-09 21:43:51,i2401-P-680,i2401-P-680,61.0,0.0,0.0,0.0,10,60.2,61.0,31,58.1,60.2,61.0,60.2,13.0,79060.0,162
2023-05-09 21:44:04,i2401-P-680,i2401-P-680,61.0,0.0,0.0,0.0,20,60.1,60.8,10,58.1,60.2,61.0,60.2,13.0,79060.0,162
2023-05-09 21:44:07,i2401-P-680,i2401-P-680,61.0,0.0,0.0,0.0,10,60.1,60.8,10,58.1,60.2,61.0,60.2,13.0,79060.0,162
2023-05-09 21:44:08,i2401-P-680,i2401-P-680,61.0,0.0,0.0,0.0,20,60.1,60.8,10,58.1,60.2,61.0,60.2,13.0,79060.0,162
2023-05-09 21:44:09,i2401-P-680,i2401-P-680,61.0,0.0,0.0,0.0,10,60.1,60.8,10,58.1,60.2,61.0,60.2,13.0,79060.0,162
2023-05-09 21:44:22,i2401-P-680,i2401-P-680,61.0,0.0,0.0,0.0,20,60.1,60.8,10,58.1,60.2,61.0,60.2,13.0,79060.0,162
2023-05-09 21:45:16,i2401-P-680,i2401-P-680,61.0,0.0,0.0,0.0,30,60.1,60.8,10,58.1,60.2,61.0,60.2,13.0,79060.0,162
2023-05-09 21:45:17,i2401-P-680,i2401-P-680,61.0,0.0,0.0,0.0,10,60.4,61.0,11,58.1,60.2,61.0,60.2,13.0,79060.0,162
2023-05-09 21:45:17,i2401-P-680,i2401-P-680,61.0,0.0,0.0,0.0,10,60.4,61.0,1,58.1,60.2,61.0,60.2,13.0,79060.0,162
2023-05-09 21:45:19,i2401-P-680,i2401-P-680,61.0,0.0,0.0,0.0,20,60.4,61.0,1,58.1,60.2,61.0,60.2,13.0,79060.0,162
2023-05-09 21:45:37,i2401-P-680,i2401-P-680,61.0,0.0,0.0,0.0,10,60.4,61.0,1,58.1,60.2,61.0,60.2,13.0,79060.0,162
2023-05-09 21:45:38,i2401-P-680,i2401-P-680,61.0,0.0,0.0,0.0,10,60.2,60.9,10,58.1,60.2,61.0,60.2,13.0,79060.0,162
2023-05-09 21:45:59,i2401-P-680,i2401-P-680,61.0,0.0,0.0,0.0,10,60.3,61.0,1,58.1,60.2,61.0,60.2,13.0,79060.0,162
2023-05-09 21:46:06,i2401-P-680,i2401-P-680,61.0,0.0,0.0,0.0,20,60.3,61.0,1,58.1,60.2,61.0,60.2,13.0,79060.0,162
2023-05-09 21:46:07,i2401-P-680,i2401-P-680,61.0,0.0,0.0,0.0,10,60.5,61.0,1,58.1,60.2,61.0,60.2,13.0,79060.0,162
2023-05-09 21:46:08,i2401-P-680,i2401-P-680,61.0,0.0,0.0,0.0,10,60.3,61.0,1,58.1,60.2,61.0,60.2,13.0,79060.0,162
2023-05-09 21:46:11,i2401-P-680,i2401-P-680,61.0,0.0,0.0,0.0,20,60.3,61.0,1,58.1,60.2,61.0,60.2,13.0,79060.0,162
2023-05-09 21:46:37,i2401-P-680,i2401-P-680,61.0,0.0,0.0,0.0,10,60.3,61.0,1,58.1,60.2,61.0,60.2,13.0,79060.0,162
2023-05-09 21:46:38,i2401-P-680,i2401-P-680,61.0,0.0,0.0,0.0,20,60.0,60.8,10,58.1,60.2,61.0,60.2,13.0,79060.0,162
2023-05-09 21:46:38,i2401-P-680,i2401-P-680,61.0,0.0,0.0,0.0,10,60.0,60.8,10,58.1,60.2,61.0,60.2,13.0,79060.0,162
2023-05-09 21:46:40,i2401-P-680,i2401-P-680,61.0,0.0,0.0,0.0,20,60.0,60.8,10,58.1,60.2,61.0,60.2,13.0,79060.0,162
2023-05-09 21:47:02,i2401-P-680,i2401-P-680,61.0,0.0,0.0,0.0,10,59.9,60.6,10,58.1,60.2,61.0,60.2,13.0,79060.0,162
2023-05-09 21:47:05,i2401-P-680,i2401-P-680,61.0,0.0,0.0,0.0,10,59.8,60.5,10,58.1,60.2,61.0,60.2,13.0,79060.0,162
2023-05-09 21:47:15,i2401-P-680,i2401-P-680,61.0,0.0,0.0,0.0,10,59.9,60.6,10,58.1,60.2,61.0,60.2,13.0,79060.0,162
2023-05-09 21:47:16,i2401-P-680,i2401-P-680,61.0,0.0,0.0,0.0,10,60.0,60.7,10,58.1,60.2,61.0,60.2,13.0,79060.0,162
2023-05-09 21:47:21,i2401-P-680,i2401-P-680,61.0,0.0,0.0,0.0,10,59.9,60.6,10,58.1,60.2,61.0,60.2,13.0,79060.0,162
2023-05-09 21:47:25,i2401-P-680,i2401-P-680,61.0,0.0,0.0,0.0,30,59.7,60.5,10,58.1,60.2,61.0,60.2,13.0,79060.0,162
2023-05-09 21:47:25,i2401-P-680,i2401-P-680,61.0,0.0,0.0,0.0,40,59.7,60.5,10,58.1,60.2,61.0,60.2,13.0,79060.0,162
2023-05-09 21:47:39,i2401-P-680,i2401-P-680,61.0,0.0,0.0,0.0,10,59.7,60.3,10,58.1,60.2,61.0,60.2,13.0,79060.0,162
2023-05-09 21:47:40,i2401-P-680,i2401-P-680,61.0,0.0,0.0,0.0,10,59.6,60.3,10,58.1,60.2,61.0,60.2,13.0,79060.0,162
2023-05-09 21:47:40,i2401-P-680,i2401-P-680,61.0,0.0,0.0,0.0,20,59.6,60.3,10,58.1,60.2,61.0,60.2,13.0,79060.0,162
2023-05-09 21:47:53,i2401-P-680,i2401-P-680,61.0,0.0,0.0,0.0,20,59.6,60.3,20,58.1,60.2,61.0,60.2,13.0,79060.0,162
2023-05-09 21:47:56,i2401-P-680,i2401-P-680,61.0,0.0,0.0,0.0,20,59.6,60.3,10,58.1,60.2,61.0,60.2,13.0,79060.0,162
2023-05-09 21:47:57,i2401-P-680,i2401-P-680,61.0,0.0,0.0,0.0,20,59.6,60.3,20,58.1,60.2,61.0,60.2,13.0,79060.0,162
2023-05-09 21:47:58,i2401-P-680,i2401-P-680,61.0,0.0,0.0,0.0,20,59.6,60.3,10,58.1,60.2,61.0,60.2,13.0,79060.0,162
2023-05-09 21:48:02,i2401-P-680,i2401-P-680,61.0,0.0,0.0,0.0,1,59.5,60.2,10,58.1,60.2,61.0,60.2,13.0,79060.0,162
2023-05-09 21:49:21,i2401-P-680,i2401-P-680,61.0,0.0,0.0,0.0,20,59.4,60.2,10,58.1,60.2,61.0,60.2,13.0,79060.0,162
2023-05-09 21:49:22,i2401-P-680,i2401-P-680,61.0,0.0,0.0,0.0,30,59.4,60.2,10,58.1,60.2,61.0,60.2,13.0,79060.0,162
2023-05-09 21:49:24,i2401-P-680,i2401-P-680,61.0,0.0,0.0,0.0,20,59.4,60.2,10,58.1,60.2,61.0,60.2,13.0,79060.0,162
2023-05-09 21:49:24,i2401-P-680,i2401-P-680,61.0,0.0,0.0,0.0,20,59.3,60.0,10,58.1,60.2,61.0,60.2,13.0,79060.0,162
2023-05-09 21:49:25,i2401-P-680,i2401-P-680,61.0,0.0,0.0,0.0,30,59.3,60.0,10,58.1,60.2,61.0,60.2,13.0,79060.0,162
2023-05-09 21:49:27,i2401-P-680,i2401-P-680,61.0,0.0,0.0,0.0,10,59.1,59.9,10,58.1,60.2,61.0,60.2,13.0,79060.0,162
2023-05-09 21:49:32,i2401-P-680,i2401-P-680,61.0,0.0,0.0,0.0,10,59.4,60.1,10,58.1,60.2,61.0,60.2,13.0,79060.0,162
2023-05-09 21:49:36,i2401-P-680,i2401-P-680,61.0,0.0,0.0,0.0,10,59.2,60.0,10,58.1,60.2,61.0,60.2,13.0,79060.0,162
2023-05-09 21:49:37,i2401-P-680,i2401-P-680,61.0,0.0,0.0,0.0,10,59.4,60.1,20,58.1,60.2,61.0,60.2,13.0,79060.0,162
2023-05-09 21:49:52,i2401-P-680,i2401-P-680,61.0,0.0,0.0,0.0,10,59.3,60.0,10,58.1,60.2,61.0,60.2,13.0,79060.0,162
2023-05-09 21:49:52,i2401-P-680,i2401-P-680,61.0,0.0,0.0,0.0,10,59.2,60.0,10,58.1,60.2,61.0,60.2,13.0,79060.0,162
2023-05-09 21:49:58,i2401-P-680,i2401-P-680,61.0,0.0,0.0,0.0,20,59.2,60.0,10,58.1,60.2,61.0,60.2,13.0,79060.0,162
2023-05-09 21:49:59,i2401-P-680,i2401-P-680,61.0,0.0,0.0,0.0,10,59.3,60.0,10,58.1,60.2,61.0,60.2,13.0,79060.0,162
2023-05-09 21:49:59,i2401-P-680,i2401-P-680,61.0,0.0,0.0,0.0,10,59.4,60.1,20,58.1,60.2,61.0,60.2,13.0,79060.0,162
2023-05-09 21:50:00,i2401-P-680,i2401-P-680,61.0,0.0,0.0,0.0,10,59.3,60.0,10,58.1,60.2,61.0,60.2,13.0,79060.0,162
2023-05-09 21:50:01,i2401-P-680,i2401-P-680,61.0,0.0,0.0,0.0,10,59.2,60.0,10,58.1,60.2,61.0,60.2,13.0,79060.0,162
2023-05-09 21:50:01,i2401-P-680,i2401-P-680,61.0,0.0,0.0,0.0,10,59.3,60.0,10,58.1,60.2,61.0,60.2,13.0,79060.0,162
2023-05-09 21:50:03,i2401-P-680,i2401-P-680,61.0,0.0,0.0,0.0,20,59.3,60.0,10,58.1,60.2,61.0,60.2,13.0,79060.0,162
2023-05-09 21:50:04,i2401-P-680,i2401-P-680,61.0,0.0,0.0,0.0,10,59.3,60.0,10,58.1,60.2,61.0,60.2,13.0,79060.0,162
2023-05-09 21:50:07,i2401-P-680,i2401-P-680,61.0,0.0,0.0,0.0,20,59.3,60.0,10,58.1,60.2,61.0,60.2,13.0,79060.0,162
2023-05-09 21:50:13,i2401-P-680,i2401-P-680,61.0,0.0,0.0,0.0,10,59.2,60.0,10,58.1,60.2,61.0,60.2,13.0,79060.0,162
2023-05-09 21:50:15,i2401-P-680,i2401-P-680,61.0,0.0,0.0,0.0,20,59.2,60.0,10,58.1,60.2,61.0,60.2,13.0,79060.0,162
2023-05-09 21:50:16,i2401-P-680,i2401-P-680,61.0,0.0,0.0,0.0,10,59.3,60.0,10,58.1,60.2,61.0,60.2,13.0,79060.0,162
2023-05-09 21:50:17,i2401-P-680,i2401-P-680,61.0,0.0,0.0,0.0,20,59.3,60.0,10,58.1,60.2,61.0,60.2,13.0,79060.0,162
2023-05-09 21:50:17,i2401-P-680,i2401-P-680,61.0,0.0,0.0,0.0,10,59.3,60.0,10,58.1,60.2,61.0,60.2,13.0,79060.0,162
2023-05-09 21:50:24,i2401-P-680,i2401-P-680,61.0,0.0,0.0,0.0,10,59.2,60.0,10,58.1,60.2,61.0,60.2,13.0,79060.0,162
2023-05-09 21:50:29,i2401-P-680,i2401-P-680,61.0,0.0,0.0,0.0,30,59.1,59.8,10,58.1,60.2,61.0,60.2,13.0,79060.0,162
2023-05-09 21:50:30,i2401-P-680,i2401-P-680,61.0,0.0,0.0,0.0,20,59.1,59.8,10,58.1,60.2,61.0,60.2,13.0,79060.0,162
2023-05-09 21:50:31,i2401-P-680,i2401-P-680,61.0,0.0,0.0,0.0,30,59.1,59.8,10,58.1,60.2,61.0,60.2,13.0,79060.0,162
2023-05-09 21:50:32,i2401-P-680,i2401-P-680,61.0,0.0,0.0,0.0,20,59.1,59.8,10,58.1,60.2,61.0,60.2,13.0,79060.0,162
2023-05-09 21:50:32,i2401-P-680,i2401-P-680,61.0,0.0,0.0,0.0,30,59.1,59.8,10,58.1,60.2,61.0,60.2,13.0,79060.0,162
2023-05-09 21:50:33,i2401-P-680,i2401-P-680,61.0,0.0,0.0,0.0,20,59.1,59.8,10,58.1,60.2,61.0,60.2,13.0,79060.0,162
2023-05-09 21:50:34,i2401-P-680,i2401-P-680,61.0,0.0,0.0,0.0,10,59.1,59.8,10,58.1,60.2,61.0,60.2,13.0,79060.0,162
2023-05-09 21:50:36,i2401-P-680,i2401-P-680,61.0,0.0,0.0,0.0,20,59.1,59.8,10,58.1,60.2,61.0,60.2,13.0,79060.0,162
2023-05-09 21:50:38,i2401-P-680,i2401-P-680,61.0,0.0,0.0,0.0,20,59.1,59.8,20,58.1,60.2,61.0,60.2,13.0,79060.0,162
2023-05-09 21:50:54,i2401-P-680,i2401-P-680,61.0,0.0,0.0,0.0,10,59.2,59.8,10,58.1,60.2,61.0,60.2,13.0,79060.0,162
2023-05-09 21:50:56,i2401-P-680,i2401-P-680,61.0,0.0,0.0,0.0,20,59.2,59.8,10,58.1,60.2,61.0,60.2,13.0,79060.0,162
2023-05-09 21:50:59,i2401-P-680,i2401-P-680,61.0,0.0,0.0,0.0,10,59.2,59.8,10,58.1,60.2,61.0,60.2,13.0,79060.0,162
2023-05-09 21:51:04,i2401-P-680,i2401-P-680,61.0,0.0,0.0,0.0,10,59.1,59.8,20,58.1,60.2,61.0,60.2,13.0,79060.0,162
2023-05-09 21:51:10,i2401-P-680,i2401-P-680,61.0,0.0,0.0,0.0,20,59.1,59.8,20,58.1,60.2,61.0,60.2,13.0,79060.0,162
2023-05-09 21:51:43,i2401-P-680,i2401-P-680,61.0,0.0,0.0,0.0,10,59.1,59.8,20,58.1,60.2,61.0,60.2,13.0,79060.0,162
2023-05-09 21:52:04,i2401-P-680,i2401-P-680,61.0,0.0,0.0,0.0,10,59.2,59.8,10,58.1,60.2,61.0,60.2,13.0,79060.0,162
2023-05-09 21:52:06,i2401-P-680,i2401-P-680,61.0,0.0,0.0,0.0,20,59.2,59.8,10,58.1,60.2,61.0,60.2,13.0,79060.0,162
2023-05-09 21:54:02,i2401-P-680,i2401-P-680,61.0,0.0,0.0,0.0,10,59.2,59.8,10,58.1,60.2,61.0,60.2,13.0,79060.0,162
2023-05-09 21:54:11,i2401-P-680,i2401-P-680,61.0,0.0,0.0,0.0,20,59.1,59.8,20,58.1,60.2,61.0,60.2,13.0,79060.0,162
2023-05-09 21:55:01,i2401-P-680,i2401-P-680,61.0,0.0,0.0,0.0,10,59.1,59.6,10,58.1,60.2,61.0,60.2,13.0,79060.0,162
2023-05-09 21:55:01,i2401-P-680,i2401-P-680,61.0,0.0,0.0,0.0,11,58.8,59.6,10,58.1,60.2,61.0,60.2,13.0,79060.0,162
2023-05-09 21:55:02,i2401-P-680,i2401-P-680,61.0,0.0,0.0,0.0,21,58.8,59.6,10,58.1,60.2,61.0,60.2,13.0,79060.0,162
2023-05-09 21:55:04,i2401-P-680,i2401-P-680,61.0,0.0,0.0,0.0,11,58.8,59.6,10,58.1,60.2,61.0,60.2,13.0,79060.0,162
2023-05-09 21:55:06,i2401-P-680,i2401-P-680,61.0,0.0,0.0,0.0,21,58.8,59.6,10,58.1,60.2,61.0,60.2,13.0,79060.0,162
2023-05-09 21:55:08,i2401-P-680,i2401-P-680,61.0,0.0,0.0,0.0,10,59.0,59.7,10,58.1,60.2,61.0,60.2,13.0,79060.0,162
2023-05-09 21:55:15,i2401-P-680,i2401-P-680,61.0,0.0,0.0,0.0,20,59.0,59.7,10,58.1,60.2,61.0,60.2,13.0,79060.0,162
2023-05-09 21:55:21,i2401-P-680,i2401-P-680,61.0,0.0,0.0,0.0,10,59.0,59.7,10,58.1,60.2,61.0,60.2,13.0,79060.0,162
2023-05-09 21:55:21,i2401-P-680,i2401-P-680,61.0,0.0,0.0,0.0,10,59.1,59.8,20,58.1,60.2,61.0,60.2,13.0,79060.0,162
2023-05-09 21:55:24,i2401-P-680,i2401-P-680,61.0,0.0,0.0,0.0,10,59.1,59.8,10,58.1,60.2,61.0,60.2,13.0,79060.0,162
2023-05-09 21:55:27,i2401-P-680,i2401-P-680,61.0,0.0,0.0,0.0,10,59.0,59.7,10,58.1,60.2,61.0,60.2,13.0,79060.0,162
2023-05-09 21:55:28,i2401-P-680,i2401-P-680,61.0,0.0,0.0,0.0,10,58.9,59.6,10,58.1,60.2,61.0,60.2,13.0,79060.0,162
2023-05-09 21:55:36,i2401-P-680,i2401-P-680,61.0,0.0,0.0,0.0,20,58.9,59.6,10,58.1,60.2,61.0,60.2,13.0,79060.0,162
2023-05-09 21:55:38,i2401-P-680,i2401-P-680,61.0,0.0,0.0,0.0,10,58.9,59.6,10,58.1,60.2,61.0,60.2,13.0,79060.0,162
2023-05-09 21:55:41,i2401-P-680,i2401-P-680,61.0,0.0,0.0,0.0,11,58.8,59.6,10,58.1,60.2,61.0,60.2,13.0,79060.0,162
2023-05-09 21:55:41,i2401-P-680,i2401-P-680,61.0,0.0,0.0,0.0,21,58.8,59.6,10,58.1,60.2,61.0,60.2,13.0,79060.0,162
2023-05-09 21:55:45,i2401-P-680,i2401-P-680,61.0,0.0,0.0,0.0,10,58.9,59.6,10,58.1,60.2,61.0,60.2,13.0,79060.0,162
2023-05-09 21:55:45,i2401-P-680,i2401-P-680,61.0,0.0,0.0,0.0,10,59.0,59.7,10,58.1,60.2,61.0,60.2,13.0,79060.0,162
2023-05-09 21:55:46,i2401-P-680,i2401-P-680,61.0,0.0,0.0,0.0,20,59.0,59.7,10,58.1,60.2,61.0,60.2,13.0,79060.0,162
2023-05-09 21:56:01,i2401-P-680,i2401-P-680,61.0,0.0,0.0,0.0,10,59.0,59.7,10,58.1,60.2,61.0,60.2,13.0,79060.0,162
2023-05-09 21:56:02,i2401-P-680,i2401-P-680,61.0,0.0,0.0,0.0,20,59.0,59.7,10,58.1,60.2,61.0,60.2,13.0,79060.0,162
2023-05-09 21:56:40,i2401-P-680,i2401-P-680,61.0,0.0,0.0,0.0,10,59.1,59.8,10,58.1,60.2,61.0,60.2,13.0,79060.0,162
2023-05-09 21:56:40,i2401-P-680,i2401-P-680,61.0,0.0,0.0,0.0,10,59.2,59.9,10,58.1,60.2,61.0,60.2,13.0,79060.0,162
2023-05-09 21:56:43,i2401-P-680,i2401-P-680,61.0,0.0,0.0,0.0,20,59.2,59.9,10,58.1,60.2,61.0,60.2,13.0,79060.0,162
2023-05-09 21:56:57,i2401-P-680,i2401-P-680,61.0,0.0,0.0,0.0,10,59.2,59.9,10,58.1,60.2,61.0,60.2,13.0,79060.0,162
2023-05-09 21:57:11,i2401-P-680,i2401-P-680,61.0,0.0,0.0,0.0,10,59.3,60.0,10,58.1,60.2,61.0,60.2,13.0,79060.0,162
2023-05-09 21:57:16,i2401-P-680,i2401-P-680,61.0,0.0,0.0,0.0,10,59.2,59.9,10,58.1,60.2,61.0,60.2,13.0,79060.0,162
2023-05-09 21:57:16,i2401-P-680,i2401-P-680,61.0,0.0,0.0,0.0,20,59.0,59.7,10,58.1,60.2,61.0,60.2,13.0,79060.0,162
2023-05-09 21:57:16,i2401-P-680,i2401-P-680,61.0,0.0,0.0,0.0,10,59.1,59.9,10,58.1,60.2,61.0,60.2,13.0,79060.0,162
2023-05-09 21:57:19,i2401-P-680,i2401-P-680,61.0,0.0,0.0,0.0,20,59.1,59.9,10,58.1,60.2,61.0,60.2,13.0,79060.0,162
2023-05-09 21:57:21,i2401-P-680,i2401-P-680,61.0,0.0,0.0,0.0,10,59.1,59.9,10,58.1,60.2,61.0,60.2,13.0,79060.0,162
2023-05-09 21:57:23,i2401-P-680,i2401-P-680,61.0,0.0,0.0,0.0,20,59.1,59.9,10,58.1,60.2,61.0,60.2,13.0,79060.0,162
2023-05-09 21:57:25,i2401-P-680,i2401-P-680,61.0,0.0,0.0,0.0,10,59.1,59.9,10,58.1,60.2,61.0,60.2,13.0,79060.0,162
2023-05-09 21:57:27,i2401-P-680,i2401-P-680,61.0,0.0,0.0,0.0,20,59.1,59.9,10,58.1,60.2,61.0,60.2,13.0,79060.0,162
2023-05-09 21:57:39,i2401-P-680,i2401-P-680,61.0,0.0,0.0,0.0,10,59.1,59.9,10,58.1,60.2,61.0,60.2,13.0,79060.0,162
2023-05-09 21:57:45,i2401-P-680,i2401-P-680,61.0,0.0,0.0,0.0,20,59.0,59.7,10,58.1,60.2,61.0,60.2,13.0,79060.0,162
2023-05-09 21:57:55,i2401-P-680,i2401-P-680,61.0,0.0,0.0,0.0,30,59.0,59.7,10,58.1,60.2,61.0,60.2,13.0,79060.0,162
2023-05-09 21:58:00,i2401-P-680,i2401-P-680,61.0,0.0,0.0,0.0,20,59.0,59.7,10,58.1,60.2,61.0,60.2,13.0,79060.0,162
2023-05-09 21:58:01,i2401-P-680,i2401-P-680,61.0,0.0,0.0,0.0,10,59.0,59.7,10,58.1,60.2,61.0,60.2,13.0,79060.0,162
2023-05-09 21:58:02,i2401-P-680,i2401-P-680,61.0,0.0,0.0,0.0,20,59.0,59.7,10,58.1,60.2,61.0,60.2,13.0,79060.0,162
2023-05-09 21:58:03,i2401-P-680,i2401-P-680,61.0,0.0,0.0,0.0,30,59.0,59.7,10,58.1,60.2,61.0,60.2,13.0,79060.0,162
2023-05-09 21:58:04,i2401-P-680,i2401-P-680,61.0,0.0,0.0,0.0,20,59.0,59.7,10,58.1,60.2,61.0,60.2,13.0,79060.0,162
2023-05-09 21:58:11,i2401-P-680,i2401-P-680,61.0,0.0,0.0,0.0,21,58.8,59.6,10,58.1,60.2,61.0,60.2,13.0,79060.0,162
2023-05-09 21:58:13,i2401-P-680,i2401-P-680,61.0,0.0,0.0,0.0,31,58.8,59.6,10,58.1,60.2,61.0,60.2,13.0,79060.0,162
2023-05-09 21:58:31,i2401-P-680,i2401-P-680,61.0,0.0,0.0,0.0,21,58.8,59.6,10,58.1,60.2,61.0,60.2,13.0,79060.0,162
2023-05-09 21:58:32,i2401-P-680,i2401-P-680,61.0,0.0,0.0,0.0,1,58.8,59.4,10,58.1,60.2,61.0,60.2,13.0,79060.0,162
2023-05-09 21:58:32,i2401-P-680,i2401-P-680,61.0,0.0,0.0,0.0,10,58.9,59.7,10,58.1,60.2,61.0,60.2,13.0,79060.0,162
2023-05-09 21:58:32,i2401-P-680,i2401-P-680,61.0,0.0,0.0,0.0,11,58.8,59.5,10,58.1,60.2,61.0,60.2,13.0,79060.0,162
2023-05-09 21:58:47,i2401-P-680,i2401-P-680,61.0,0.0,0.0,0.0,10,59.0,59.8,30,58.1,60.2,61.0,60.2,13.0,79060.0,162
2023-05-09 21:58:59,i2401-P-680,i2401-P-680,61.0,0.0,0.0,0.0,20,58.9,59.6,10,58.1,60.2,61.0,60.2,13.0,79060.0,162
2023-05-09 21:59:01,i2401-P-680,i2401-P-680,61.0,0.0,0.0,0.0,10,59.0,59.8,20,58.1,60.2,61.0,60.2,13.0,79060.0,162
2023-05-09 21:59:10,i2401-P-680,i2401-P-680,61.0,0.0,0.0,0.0,20,59.2,59.8,10,58.1,60.2,61.0,60.2,13.0,79060.0,162
2023-05-09 21:59:14,i2401-P-680,i2401-P-680,61.0,0.0,0.0,0.0,10,59.2,59.8,10,58.1,60.2,61.0,60.2,13.0,79060.0,162
2023-05-09 21:59:17,i2401-P-680,i2401-P-680,61.0,0.0,0.0,0.0,20,59.0,59.8,20,58.1,60.2,61.0,60.2,13.0,79060.0,162
2023-05-09 21:59:17,i2401-P-680,i2401-P-680,61.0,0.0,0.0,0.0,10,59.0,59.8,20,58.1,60.2,61.0,60.2,13.0,79060.0,162
2023-05-09 21:59:21,i2401-P-680,i2401-P-680,61.0,0.0,0.0,0.0,10,59.2,59.8,10,58.1,60.2,61.0,60.2,13.0,79060.0,162
2023-05-09 21:59:23,i2401-P-680,i2401-P-680,61.0,0.0,0.0,0.0,11,58.8,59.6,10,58.1,60.2,61.0,60.2,13.0,79060.0,162
2023-05-09 21:59:24,i2401-P-680,i2401-P-680,61.0,0.0,0.0,0.0,10,59.0,59.8,10,58.1,60.2,61.0,60.2,13.0,79060.0,162
2023-05-09 21:59:25,i2401-P-680,i2401-P-680,61.0,0.0,0.0,0.0,10,59.2,59.9,10,58.1,60.2,61.0,60.2,13.0,79060.0,162
2023-05-09 21:59:29,i2401-P-680,i2401-P-680,61.0,0.0,0.0,0.0,10,59.3,60.0,21,58.1,60.2,61.0,60.2,13.0,79060.0,162
2023-05-09 21:59:29,i2401-P-680,i2401-P-680,61.0,0.0,0.0,0.0,10,59.3,60.0,11,58.1,60.2,61.0,60.2,13.0,79060.0,162
2023-05-09 21:59:32,i2401-P-680,i2401-P-680,61.0,0.0,0.0,0.0,10,59.2,59.9,10,58.1,60.2,61.0,60.2,13.0,79060.0,162
2023-05-09 21:59:53,i2401-P-680,i2401-P-680,61.0,0.0,0.0,0.0,20,59.2,59.9,10,58.1,60.2,61.0,60.2,13.0,79060.0,162
2023-05-09 22:00:00,i2401-P-680,i2401-P-680,61.0,0.0,0.0,0.0,10,59.1,59.8,10,58.1,60.2,61.0,60.2,13.0,79060.0,162
2023-05-09 22:00:01,i2401-P-680,i2401-P-680,61.0,0.0,0.0,0.0,20,59.0,59.8,10,58.1,60.2,61.0,60.2,13.0,79060.0,162
2023-05-09 22:00:03,i2401-P-680,i2401-P-680,61.0,0.0,0.0,0.0,10,59.0,59.8,10,58.1,60.2,61.0,60.2,13.0,79060.0,162
2023-05-09 22:00:05,i2401-P-680,i2401-P-680,61.0,0.0,0.0,0.0,20,59.0,59.8,10,58.1,60.2,61.0,60.2,13.0,79060.0,162
2023-05-09 22:00:07,i2401-P-680,i2401-P-680,61.0,0.0,0.0,0.0,10,59.2,59.9,10,58.1,60.2,61.0,60.2,13.0,79060.0,162
2023-05-09 22:00:10,i2401-P-680,i2401-P-680,61.0,0.0,0.0,0.0,20,59.2,59.9,10,58.1,60.2,61.0,60.2,13.0,79060.0,162
2023-05-09 22:00:20,i2401-P-680,i2401-P-680,61.0,0.0,0.0,0.0,10,59.3,60.0,11,58.1,60.2,61.0,60.2,13.0,79060.0,162
2023-05-09 22:00:20,i2401-P-680,i2401-P-680,61.0,0.0,0.0,0.0,20,59.3,60.0,11,58.1,60.2,61.0,60.2,13.0,79060.0,162
2023-05-09 22:00:27,i2401-P-680,i2401-P-680,61.0,0.0,0.0,0.0,10,59.3,60.0,11,58.1,60.2,61.0,60.2,13.0,79060.0,162
2023-05-09 22:00:30,i2401-P-680,i2401-P-680,61.0,0.0,0.0,0.0,20,59.3,60.0,11,58.1,60.2,61.0,60.2,13.0,79060.0,162
2023-05-09 22:00:38,i2401-P-680,i2401-P-680,61.0,0.0,0.0,0.0,20,59.3,60.0,10,58.1,60.2,61.0,60.2,13.0,79060.0,162
2023-05-09 22:00:41,i2401-P-680,i2401-P-680,61.0,0.0,0.0,0.0,10,59.5,60.0,10,58.1,60.2,61.0,60.2,13.0,79060.0,162
2023-05-09 22:01:05,i2401-P-680,i2401-P-680,61.0,0.0,0.0,0.0,30,59.3,60.0,10,58.1,60.2,61.0,60.2,13.0,79060.0,162
2023-05-09 22:01:09,i2401-P-680,i2401-P-680,61.0,0.0,0.0,0.0,30,59.3,60.1,10,58.1,60.2,61.0,60.2,13.0,79060.0,162
2023-05-09 22:01:10,i2401-P-680,i2401-P-680,61.0,0.0,0.0,0.0,10,59.5,60.2,10,58.1,60.2,61.0,60.2,13.0,79060.0,162
2023-05-09 22:01:29,i2401-P-680,i2401-P-680,61.0,0.0,0.0,0.0,20,59.3,60.1,10,58.1,60.2,61.0,60.2,13.0,79060.0,162
2023-05-09 22:01:31,i2401-P-680,i2401-P-680,61.0,0.0,0.0,0.0,10,59.6,60.3,20,58.1,60.2,61.0,60.2,13.0,79060.0,162
2023-05-09 22:02:04,i2401-P-680,i2401-P-680,61.0,0.0,0.0,0.0,20,59.6,60.3,20,58.1,60.2,61.0,60.2,13.0,79060.0,162
2023-05-09 22:02:06,i2401-P-680,i2401-P-680,61.0,0.0,0.0,0.0,10,59.7,60.3,10,58.1,60.2,61.0,60.2,13.0,79060.0,162
2023-05-09 22:02:16,i2401-P-680,i2401-P-680,61.0,0.0,0.0,0.0,10,59.6,60.0,10,58.1,60.2,61.0,60.2,13.0,79060.0,162
2023-05-09 22:02:25,i2401-P-680,i2401-P-680,61.0,0.0,0.0,0.0,20,59.4,60.0,10,58.1,60.2,61.0,60.2,13.0,79060.0,162
2023-05-09 22:02:38,i2401-P-680,i2401-P-680,61.0,0.0,0.0,0.0,10,59.4,60.0,10,58.1,60.2,61.0,60.2,13.0,79060.0,162
2023-05-09 22:02:53,i2401-P-680,i2401-P-680,61.0,0.0,0.0,0.0,10,59.4,60.3,10,58.1,60.2,61.0,60.2,13.0,79060.0,162
2023-05-09 22:02:55,i2401-P-680,i2401-P-680,61.0,0.0,0.0,0.0,20,59.4,60.3,10,58.1,60.2,61.0,60.2,13.0,79060.0,162
2023-05-09 22:03:01,i2401-P-680,i2401-P-680,61.0,0.0,0.0,0.0,10,59.6,60.3,10,58.1,60.2,61.0,60.2,13.0,79060.0,162
2023-05-09 22:03:05,i2401-P-680,i2401-P-680,61.0,0.0,0.0,0.0,20,59.4,60.3,10,58.1,60.2,61.0,60.2,13.0,79060.0,162
2023-05-09 22:03:12,i2401-P-680,i2401-P-680,61.0,0.0,0.0,0.0,10,59.4,60.3,10,58.1,60.2,61.0,60.2,13.0,79060.0,162
2023-05-09 22:03:13,i2401-P-680,i2401-P-680,61.0,0.0,0.0,0.0,10,59.5,60.3,10,58.1,60.2,61.0,60.2,13.0,79060.0,162
2023-05-09 22:03:37,i2401-P-680,i2401-P-680,61.0,0.0,0.0,0.0,10,59.6,60.3,20,58.1,60.2,61.0,60.2,13.0,79060.0,162
2023-05-09 22:03:43,i2401-P-680,i2401-P-680,61.0,0.0,0.0,0.0,20,59.6,60.3,20,58.1,60.2,61.0,60.2,13.0,79060.0,162
2023-05-09 22:03:45,i2401-P-680,i2401-P-680,61.0,0.0,0.0,0.0,10,59.6,60.3,20,58.1,60.2,61.0,60.2,13.0,79060.0,162
2023-05-09 22:03:51,i2401-P-680,i2401-P-680,61.0,0.0,0.0,0.0,10,59.5,60.2,10,58.1,60.2,61.0,60.2,13.0,79060.0,162
2023-05-09 22:03:54,i2401-P-680,i2401-P-680,61.0,0.0,0.0,0.0,10,59.6,60.3,20,58.1,60.2,61.0,60.2,13.0,79060.0,162
2023-05-09 22:03:55,i2401-P-680,i2401-P-680,61.0,0.0,0.0,0.0,10,59.5,60.2,10,58.1,60.2,61.0,60.2,13.0,79060.0,162
2023-05-09 22:03:59,i2401-P-680,i2401-P-680,61.0,0.0,0.0,0.0,20,59.4,60.2,10,58.1,60.2,61.0,60.2,13.0,79060.0,162
2023-05-09 22:04:09,i2401-P-680,i2401-P-680,61.0,0.0,0.0,0.0,10,59.3,60.0,10,58.1,60.2,61.0,60.2,13.0,79060.0,162
2023-05-09 22:04:14,i2401-P-680,i2401-P-680,61.0,0.0,0.0,0.0,20,59.3,60.0,10,58.1,60.2,61.0,60.2,13.0,79060.0,162
2023-05-09 22:04:16,i2401-P-680,i2401-P-680,61.0,0.0,0.0,0.0,10,59.4,60.2,10,58.1,60.2,61.0,60.2,13.0,79060.0,162
2023-05-09 22:04:18,i2401-P-680,i2401-P-680,61.0,0.0,0.0,0.0,20,59.4,60.2,10,58.1,60.2,61.0,60.2,13.0,79060.0,162
2023-05-09 22:04:38,i2401-P-680,i2401-P-680,61.0,0.0,0.0,0.0,10,59.4,60.2,10,58.1,60.2,61.0,60.2,13.0,79060.0,162
2023-05-09 22:04:39,i2401-P-680,i2401-P-680,61.0,0.0,0.0,0.0,20,59.4,60.2,10,58.1,60.2,61.0,60.2,13.0,79060.0,162
2023-05-09 22:04:43,i2401-P-680,i2401-P-680,61.0,0.0,0.0,0.0,10,59.4,60.2,10,58.1,60.2,61.0,60.2,13.0,79060.0,162
2023-05-09 22:04:55,i2401-P-680,i2401-P-680,61.0,0.0,0.0,0.0,20,59.4,60.2,10,58.1,60.2,61.0,60.2,13.0,79060.0,162
2023-05-09 22:05:02,i2401-P-680,i2401-P-680,61.0,0.0,0.0,0.0,30,59.4,60.2,10,58.1,60.2,61.0,60.2,13.0,79060.0,162
2023-05-09 22:05:02,i2401-P-680,i2401-P-680,61.0,0.0,0.0,0.0,20,59.4,60.2,10,58.1,60.2,61.0,60.2,13.0,79060.0,162
2023-05-09 22:05:03,i2401-P-680,i2401-P-680,61.0,0.0,0.0,0.0,10,59.4,60.2,10,58.1,60.2,61.0,60.2,13.0,79060.0,162
2023-05-09 22:05:05,i2401-P-680,i2401-P-680,61.0,0.0,0.0,0.0,20,59.4,60.2,10,58.1,60.2,61.0,60.2,13.0,79060.0,162
2023-05-09 22:05:10,i2401-P-680,i2401-P-680,61.0,0.0,0.0,0.0,10,59.4,60.0,10,58.1,60.2,61.0,60.2,13.0,79060.0,162
2023-05-09 22:05:20,i2401-P-680,i2401-P-680,61.0,0.0,0.0,0.0,10,59.2,60.3,20,58.1,60.2,61.0,60.2,13.0,79060.0,162
2023-05-09 22:05:35,i2401-P-680,i2401-P-680,61.0,0.0,0.0,0.0,10,59.1,60.2,10,58.1,60.2,61.0,60.2,13.0,79060.0,162
2023-05-09 22:05:40,i2401-P-680,i2401-P-680,61.0,0.0,0.0,0.0,10,59.2,60.3,20,58.1,60.2,61.0,60.2,13.0,79060.0,162
2023-05-09 22:05:57,i2401-P-680,i2401-P-680,61.0,0.0,0.0,0.0,20,59.2,60.3,20,58.1,60.2,61.0,60.2,13.0,79060.0,162
2023-05-09 22:05:58,i2401-P-680,i2401-P-680,61.0,0.0,0.0,0.0,20,59.4,60.3,10,58.1,60.2,61.0,60.2,13.0,79060.0,162
2023-05-09 22:06:03,i2401-P-680,i2401-P-680,61.0,0.0,0.0,0.0,30,59.4,60.1,10,58.1,60.2,61.0,60.2,13.0,79060.0,162
2023-05-09 22:06:18,i2401-P-680,i2401-P-680,61.0,0.0,0.0,0.0,20,59.5,60.3,20,58.1,60.2,61.0,60.2,13.0,79060.0,162
2023-05-09 22:06:24,i2401-P-680,i2401-P-680,61.0,0.0,0.0,0.0,10,59.5,60.1,10,58.1,60.2,61.0,60.2,13.0,79060.0,162
2023-05-09 22:06:24,i2401-P-680,i2401-P-680,61.0,0.0,0.0,0.0,10,59.4,60.1,10,58.1,60.2,61.0,60.2,13.0,79060.0,162
2023-05-09 22:06:27,i2401-P-680,i2401-P-680,61.0,0.0,0.0,0.0,20,59.4,60.1,10,58.1,60.2,61.0,60.2,13.0,79060.0,162
2023-05-09 22:06:59,i2401-P-680,i2401-P-680,61.0,0.0,0.0,0.0,10,59.5,60.3,20,58.1,60.2,61.0,60.2,13.0,79060.0,162
2023-05-09 22:06:59,i2401-P-680,i2401-P-680,61.0,0.0,0.0,0.0,20,59.5,60.3,20,58.1,60.2,61.0,60.2,13.0,79060.0,162
2023-05-09 22:07:28,i2401-P-680,i2401-P-680,61.0,0.0,0.0,0.0,20,59.5,60.3,30,58.1,60.2,61.0,60.2,13.0,79060.0,162
2023-05-09 22:07:29,i2401-P-680,i2401-P-680,61.0,0.0,0.0,0.0,10,59.4,60.1,10,58.1,60.2,61.0,60.2,13.0,79060.0,162
2023-05-09 22:07:29,i2401-P-680,i2401-P-680,61.0,0.0,0.0,0.0,10,59.5,60.3,20,58.1,60.2,61.0,60.2,13.0,79060.0,162
2023-05-09 22:07:32,i2401-P-680,i2401-P-680,61.0,0.0,0.0,0.0,20,59.5,60.3,20,58.1,60.2,61.0,60.2,13.0,79060.0,162
2023-05-09 22:08:30,i2401-P-680,i2401-P-680,61.0,0.0,0.0,0.0,20,59.5,60.3,10,58.1,60.2,61.0,60.2,13.0,79060.0,162
2023-05-09 22:08:30,i2401-P-680,i2401-P-680,61.0,0.0,0.0,0.0,10,59.5,60.1,10,58.1,60.2,61.0,60.2,13.0,79060.0,162
2023-05-09 22:08:36,i2401-P-680,i2401-P-680,61.0,0.0,0.0,0.0,20,59.5,60.1,10,58.1,60.2,61.0,60.2,13.0,79060.0,162
2023-05-09 22:08:36,i2401-P-680,i2401-P-680,61.0,0.0,0.0,0.0,20,59.5,60.3,10,58.1,60.2,61.0,60.2,13.0,79060.0,162
2023-05-09 22:09:31,i2401-P-680,i2401-P-680,61.0,0.0,0.0,0.0,10,59.5,60.3,10,58.1,60.2,61.0,60.2,13.0,79060.0,162
2023-05-09 22:10:13,i2401-P-680,i2401-P-680,61.0,0.0,0.0,0.0,10,59.6,60.3,10,58.1,60.2,61.0,60.2,13.0,79060.0,162
2023-05-09 22:10:13,i2401-P-680,i2401-P-680,61.0,0.0,0.0,0.0,10,59.5,60.3,10,58.1,60.2,61.0,60.2,13.0,79060.0,162
2023-05-09 22:10:31,i2401-P-680,i2401-P-680,61.0,0.0,0.0,0.0,11,59.5,60.3,10,58.1,60.2,61.0,60.2,13.0,79060.0,162
2023-05-09 22:10:33,i2401-P-680,i2401-P-680,61.0,0.0,0.0,0.0,10,59.7,60.4,10,58.1,60.2,61.0,60.2,13.0,79060.0,162
2023-05-09 22:10:39,i2401-P-680,i2401-P-680,61.0,0.0,0.0,0.0,20,59.7,60.4,10,58.1,60.2,61.0,60.2,13.0,79060.0,162
2023-05-09 22:11:08,i2401-P-680,i2401-P-680,61.0,0.0,0.0,0.0,10,59.7,60.4,10,58.1,60.2,61.0,60.2,13.0,79060.0,162
2023-05-09 22:11:09,i2401-P-680,i2401-P-680,61.0,0.0,0.0,0.0,20,59.6,60.3,10,58.1,60.2,61.0,60.2,13.0,79060.0,162
2023-05-09 22:11:15,i2401-P-680,i2401-P-680,61.0,0.0,0.0,0.0,10,59.7,60.4,10,58.1,60.2,61.0,60.2,13.0,79060.0,162
2023-05-09 22:11:15,i2401-P-680,i2401-P-680,61.0,0.0,0.0,0.0,20,59.7,60.4,10,58.1,60.2,61.0,60.2,13.0,79060.0,162
2023-05-09 22:11:17,i2401-P-680,i2401-P-680,61.0,0.0,0.0,0.0,10,59.7,60.4,10,58.1,60.2,61.0,60.2,13.0,79060.0,162
2023-05-09 22:11:27,i2401-P-680,i2401-P-680,61.0,0.0,0.0,0.0,20,59.7,60.4,10,58.1,60.2,61.0,60.2,13.0,79060.0,162
2023-05-09 22:12:13,i2401-P-680,i2401-P-680,61.0,0.0,0.0,0.0,10,59.8,60.5,10,58.1,60.2,61.0,60.2,13.0,79060.0,162
2023-05-09 22:12:23,i2401-P-680,i2401-P-680,61.0,0.0,0.0,0.0,10,59.8,60.6,10,58.1,60.2,61.0,60.2,13.0,79060.0,162
2023-05-09 22:12:24,i2401-P-680,i2401-P-680,61.0,0.0,0.0,0.0,20,59.8,60.6,10,58.1,60.2,61.0,60.2,13.0,79060.0,162
2023-05-09 22:12:33,i2401-P-680,i2401-P-680,61.0,0.0,0.0,0.0,10,59.7,60.4,10,58.1,60.2,61.0,60.2,13.0,79060.0,162
2023-05-09 22:12:35,i2401-P-680,i2401-P-680,61.0,0.0,0.0,0.0,20,59.7,60.4,10,58.1,60.2,61.0,60.2,13.0,79060.0,162
2023-05-09 22:12:39,i2401-P-680,i2401-P-680,61.0,0.0,0.0,0.0,10,59.7,60.4,10,58.1,60.2,61.0,60.2,13.0,79060.0,162
2023-05-09 22:12:45,i2401-P-680,i2401-P-680,61.0,0.0,0.0,0.0,10,59.8,60.6,10,58.1,60.2,61.0,60.2,13.0,79060.0,162
2023-05-09 22:12:49,i2401-P-680,i2401-P-680,61.0,0.0,0.0,0.0,10,60.0,60.7,21,58.1,60.2,61.0,60.2,13.0,79060.0,162
2023-05-09 22:12:53,i2401-P-680,i2401-P-680,61.0,0.0,0.0,0.0,10,60.0,60.7,11,58.1,60.2,61.0,60.2,13.0,79060.0,162
2023-05-09 22:13:03,i2401-P-680,i2401-P-680,61.0,0.0,0.0,0.0,20,60.0,60.7,11,58.1,60.2,61.0,60.2,13.0,79060.0,162
2023-05-09 22:13:03,i2401-P-680,i2401-P-680,61.0,0.0,0.0,0.0,10,60.1,60.7,1,58.1,60.2,61.0,60.2,13.0,79060.0,162
2023-05-09 22:13:18,i2401-P-680,i2401-P-680,61.0,0.0,0.0,0.0,20,60.1,60.7,1,58.1,60.2,61.0,60.2,13.0,79060.0,162
2023-05-09 22:13:31,i2401-P-680,i2401-P-680,61.0,0.0,0.0,0.0,10,59.9,60.7,11,58.1,60.2,61.0,60.2,13.0,79060.0,162
2023-05-09 22:13:32,i2401-P-680,i2401-P-680,61.0,0.0,0.0,0.0,20,59.9,60.7,11,58.1,60.2,61.0,60.2,13.0,79060.0,162
2023-05-09 22:14:59,i2401-P-680,i2401-P-680,61.0,0.0,0.0,0.0,10,59.7,60.5,10,58.1,60.2,61.0,60.2,13.0,79060.0,162
2023-05-09 22:15:00,i2401-P-680,i2401-P-680,61.0,0.0,0.0,0.0,20,59.7,60.5,10,58.1,60.2,61.0,60.2,13.0,79060.0,162
2023-05-09 22:15:03,i2401-P-680,i2401-P-680,61.0,0.0,0.0,0.0,10,59.7,60.5,10,58.1,60.2,61.0,60.2,13.0,79060.0,162
2023-05-09 22:15:05,i2401-P-680,i2401-P-680,61.0,0.0,0.0,0.0,20,59.7,60.5,10,58.1,60.2,61.0,60.2,13.0,79060.0,162
2023-05-09 22:15:06,i2401-P-680,i2401-P-680,61.0,0.0,0.0,0.0,10,59.9,60.6,10,58.1,60.2,61.0,60.2,13.0,79060.0,162
2023-05-09 22:15:07,i2401-P-680,i2401-P-680,61.0,0.0,0.0,0.0,20,59.9,60.6,10,58.1,60.2,61.0,60.2,13.0,79060.0,162
2023-05-09 22:15:14,i2401-P-680,i2401-P-680,61.0,0.0,0.0,0.0,20,60.0,60.7,11,58.1,60.2,61.0,60.2,13.0,79060.0,162
2023-05-09 22:15:14,i2401-P-680,i2401-P-680,61.0,0.0,0.0,0.0,20,60.0,60.7,1,58.1,60.2,61.0,60.2,13.0,79060.0,162
2023-05-09 22:15:37,i2401-P-680,i2401-P-680,61.0,0.0,0.0,0.0,30,60.0,60.7,1,58.1,60.2,61.0,60.2,13.0,79060.0,162
2023-05-09 22:15:42,i2401-P-680,i2401-P-680,61.0,0.0,0.0,0.0,20,60.0,60.7,1,58.1,60.2,61.0,60.2,13.0,79060.0,162
2023-05-09 22:15:44,i2401-P-680,i2401-P-680,61.0,0.0,0.0,0.0,30,60.0,60.7,1,58.1,60.2,61.0,60.2,13.0,79060.0,162
2023-05-09 22:16:09,i2401-P-680,i2401-P-680,61.0,0.0,0.0,0.0,20,59.8,60.6,10,58.1,60.2,61.0,60.2,13.0,79060.0,162
2023-05-09 22:16:09,i2401-P-680,i2401-P-680,61.0,0.0,0.0,0.0,10,59.8,60.6,10,58.1,60.2,61.0,60.2,13.0,79060.0,162
2023-05-09 22:16:11,i2401-P-680,i2401-P-680,61.0,0.0,0.0,0.0,30,59.8,60.6,10,58.1,60.2,61.0,60.2,13.0,79060.0,162
2023-05-09 22:16:13,i2401-P-680,i2401-P-680,61.0,0.0,0.0,0.0,20,59.8,60.6,10,58.1,60.2,61.0,60.2,13.0,79060.0,162
2023-05-09 22:16:14,i2401-P-680,i2401-P-680,61.0,0.0,0.0,0.0,10,59.8,60.6,10,58.1,60.2,61.0,60.2,13.0,79060.0,162
2023-05-09 22:16:14,i2401-P-680,i2401-P-680,61.0,0.0,0.0,0.0,10,59.8,60.6,20,58.1,60.2,61.0,60.2,13.0,79060.0,162
2023-05-09 22:16:16,i2401-P-680,i2401-P-680,61.0,0.0,0.0,0.0,10,59.7,60.4,10,58.1,60.2,61.0,60.2,13.0,79060.0,162
2023-05-09 22:16:18,i2401-P-680,i2401-P-680,61.0,0.0,0.0,0.0,20,59.7,60.4,10,58.1,60.2,61.0,60.2,13.0,79060.0,162
2023-05-09 22:16:19,i2401-P-680,i2401-P-680,61.0,0.0,0.0,0.0,10,59.7,60.4,10,58.1,60.2,61.0,60.2,13.0,79060.0,162
2023-05-09 22:16:24,i2401-P-680,i2401-P-680,61.0,0.0,0.0,0.0,20,59.7,60.4,10,58.1,60.2,61.0,60.2,13.0,79060.0,162
2023-05-09 22:16:28,i2401-P-680,i2401-P-680,61.0,0.0,0.0,0.0,10,59.7,60.4,10,58.1,60.2,61.0,60.2,13.0,79060.0,162
2023-05-09 22:16:28,i2401-P-680,i2401-P-680,61.0,0.0,0.0,0.0,20,59.7,60.4,10,58.1,60.2,61.0,60.2,13.0,79060.0,162
2023-05-09 22:16:45,i2401-P-680,i2401-P-680,61.0,0.0,0.0,0.0,10,59.7,60.4,10,58.1,60.2,61.0,60.2,13.0,79060.0,162
2023-05-09 22:16:48,i2401-P-680,i2401-P-680,61.0,0.0,0.0,0.0,20,59.7,60.4,10,58.1,60.2,61.0,60.2,13.0,79060.0,162
2023-05-09 22:18:47,i2401-P-680,i2401-P-680,61.0,0.0,0.0,0.0,10,59.8,60.5,10,58.1,60.2,61.0,60.2,13.0,79060.0,162
2023-05-09 22:18:48,i2401-P-680,i2401-P-680,61.0,0.0,0.0,0.0,20,59.8,60.5,10,58.1,60.2,61.0,60.2,13.0,79060.0,162
2023-05-09 22:18:53,i2401-P-680,i2401-P-680,61.0,0.0,0.0,0.0,10,59.8,60.5,10,58.1,60.2,61.0,60.2,13.0,79060.0,162
2023-05-09 22:19:13,i2401-P-680,i2401-P-680,61.0,0.0,0.0,0.0,20,59.8,60.5,10,58.1,60.2,61.0,60.2,13.0,79060.0,162
2023-05-09 22:19:15,i2401-P-680,i2401-P-680,61.0,0.0,0.0,0.0,10,59.6,60.4,10,58.1,60.2,61.0,60.2,13.0,79060.0,162
2023-05-09 22:19:15,i2401-P-680,i2401-P-680,61.0,0.0,0.0,0.0,20,59.6,60.4,10,58.1,60.2,61.0,60.2,13.0,79060.0,162
2023-05-09 22:19:16,i2401-P-680,i2401-P-680,61.0,0.0,0.0,0.0,10,59.6,60.4,10,58.1,60.2,61.0,60.2,13.0,79060.0,162
2023-05-09 22:19:16,i2401-P-680,i2401-P-680,61.0,0.0,0.0,0.0,20,59.6,60.4,10,58.1,60.2,61.0,60.2,13.0,79060.0,162
2023-05-09 22:19:28,i2401-P-680,i2401-P-680,61.0,0.0,0.0,0.0,10,59.8,60.4,10,58.1,60.2,61.0,60.2,13.0,79060.0,162
2023-05-09 22:19:28,i2401-P-680,i2401-P-680,61.0,0.0,0.0,0.0,20,59.6,60.4,10,58.1,60.2,61.0,60.2,13.0,79060.0,162
2023-05-09 22:19:29,i2401-P-680,i2401-P-680,61.0,0.0,0.0,0.0,10,59.8,60.5,10,58.1,60.2,61.0,60.2,13.0,79060.0,162
2023-05-09 22:19:29,i2401-P-680,i2401-P-680,61.0,0.0,0.0,0.0,20,59.8,60.5,10,58.1,60.2,61.0,60.2,13.0,79060.0,162
2023-05-09 22:19:39,i2401-P-680,i2401-P-680,61.0,0.0,0.0,0.0,30,59.8,60.5,10,58.1,60.2,61.0,60.2,13.0,79060.0,162
2023-05-09 22:20:12,i2401-P-680,i2401-P-680,61.0,0.0,0.0,0.0,10,60.0,60.7,11,58.1,60.2,61.0,60.2,13.0,79060.0,162
2023-05-09 22:20:12,i2401-P-680,i2401-P-680,61.0,0.0,0.0,0.0,10,60.0,60.7,10,58.1,60.2,61.0,60.2,13.0,79060.0,162
2023-05-09 22:20:13,i2401-P-680,i2401-P-680,61.0,0.0,0.0,0.0,20,60.0,60.7,10,58.1,60.2,61.0,60.2,13.0,79060.0,162
2023-05-09 22:20:14,i2401-P-680,i2401-P-680,61.0,0.0,0.0,0.0,30,60.0,60.7,10,58.1,60.2,61.0,60.2,13.0,79060.0,162
2023-05-09 22:20:21,i2401-P-680,i2401-P-680,61.0,0.0,0.0,0.0,20,60.0,60.7,10,58.1,60.2,61.0,60.2,13.0,79060.0,162
2023-05-09 22:20:21,i2401-P-680,i2401-P-680,61.0,0.0,0.0,0.0,30,60.0,60.7,10,58.1,60.2,61.0,60.2,13.0,79060.0,162
2023-05-09 22:20:23,i2401-P-680,i2401-P-680,61.0,0.0,0.0,0.0,10,60.0,60.8,10,58.1,60.2,61.0,60.2,13.0,79060.0,162
2023-05-09 22:20:38,i2401-P-680,i2401-P-680,61.0,0.0,0.0,0.0,20,60.0,60.8,10,58.1,60.2,61.0,60.2,13.0,79060.0,162
2023-05-09 22:20:54,i2401-P-680,i2401-P-680,61.0,0.0,0.0,0.0,20,60.0,61.1,20,58.1,60.2,61.0,60.2,13.0,79060.0,162
2023-05-09 22:20:58,i2401-P-680,i2401-P-680,61.0,0.0,0.0,0.0,10,60.3,61.1,30,58.1,60.2,61.0,60.2,13.0,79060.0,162
2023-05-09 22:20:58,i2401-P-680,i2401-P-680,61.0,0.0,0.0,0.0,20,60.3,61.1,30,58.1,60.2,61.0,60.2,13.0,79060.0,162
2023-05-09 22:21:06,i2401-P-680,i2401-P-680,61.0,0.0,0.0,0.0,20,60.3,61.1,20,58.1,60.2,61.0,60.2,13.0,79060.0,162
2023-05-09 22:21:07,i2401-P-680,i2401-P-680,61.0,0.0,0.0,0.0,10,60.1,60.9,10,58.1,60.2,61.0,60.2,13.0,79060.0,162
2023-05-09 22:21:08,i2401-P-680,i2401-P-680,61.0,0.0,0.0,0.0,20,60.1,60.9,10,58.1,60.2,61.0,60.2,13.0,79060.0,162
2023-05-09 22:21:10,i2401-P-680,i2401-P-680,61.0,0.0,0.0,0.0,10,60.3,61.1,20,58.1,60.2,61.0,60.2,13.0,79060.0,162
2023-05-09 22:21:12,i2401-P-680,i2401-P-680,61.0,0.0,0.0,0.0,10,60.5,61.1,10,58.1,60.2,61.0,60.2,13.0,79060.0,162
2023-05-09 22:21:12,i2401-P-680,i2401-P-680,61.0,0.0,0.0,0.0,20,60.5,61.1,10,58.1,60.2,61.0,60.2,13.0,79060.0,162
2023-05-09 22:21:16,i2401-P-680,i2401-P-680,61.0,0.0,0.0,0.0,20,60.5,61.2,10,58.1,60.2,61.0,60.2,13.0,79060.0,162
2023-05-09 22:21:16,i2401-P-680,i2401-P-680,61.0,0.0,0.0,0.0,10,60.5,61.2,10,58.1,60.2,61.0,60.2,13.0,79060.0,162
2023-05-09 22:21:17,i2401-P-680,i2401-P-680,61.0,0.0,0.0,0.0,10,60.7,61.2,10,58.1,60.2,61.0,60.2,13.0,79060.0,162
2023-05-09 22:21:19,i2401-P-680,i2401-P-680,61.0,0.0,0.0,0.0,10,60.8,61.5,10,58.1,60.2,61.0,60.2,13.0,79060.0,162
2023-05-09 22:21:26,i2401-P-680,i2401-P-680,61.0,0.0,0.0,0.0,20,60.8,61.5,10,58.1,60.2,61.0,60.2,13.0,79060.0,162
2023-05-09 22:21:27,i2401-P-680,i2401-P-680,61.0,0.0,0.0,0.0,10,60.8,61.5,10,58.1,60.2,61.0,60.2,13.0,79060.0,162
2023-05-09 22:21:29,i2401-P-680,i2401-P-680,61.0,0.0,0.0,0.0,10,61.0,61.8,20,58.1,60.2,61.0,60.2,13.0,79060.0,162
2023-05-09 22:21:29,i2401-P-680,i2401-P-680,61.0,0.0,0.0,0.0,20,61.0,61.8,20,58.1,60.2,61.0,60.2,13.0,79060.0,162
2023-05-09 22:21:31,i2401-P-680,i2401-P-680,61.0,0.0,0.0,0.0,10,61.0,61.8,20,58.1,60.2,61.0,60.2,13.0,79060.0,162
2023-05-09 22:21:31,i2401-P-680,i2401-P-680,61.0,0.0,0.0,0.0,20,61.0,61.8,20,58.1,60.2,61.0,60.2,13.0,79060.0,162
2023-05-09 22:21:41,i2401-P-680,i2401-P-680,61.0,0.0,0.0,0.0,10,61.0,61.8,20,58.1,60.2,61.0,60.2,13.0,79060.0,162
2023-05-09 22:21:45,i2401-P-680,i2401-P-680,61.0,0.0,0.0,0.0,20,61.0,61.8,20,58.1,60.2,61.0,60.2,13.0,79060.0,162
2023-05-09 22:21:52,i2401-P-680,i2401-P-680,61.0,0.0,0.0,0.0,10,61.0,61.8,20,58.1,60.2,61.0,60.2,13.0,79060.0,162
2023-05-09 22:21:53,i2401-P-680,i2401-P-680,61.0,0.0,0.0,0.0,10,60.9,61.6,10,58.1,60.2,61.0,60.2,13.0,79060.0,162
2023-05-09 22:21:57,i2401-P-680,i2401-P-680,61.0,0.0,0.0,0.0,20,60.9,61.6,10,58.1,60.2,61.0,60.2,13.0,79060.0,162
2023-05-09 22:21:59,i2401-P-680,i2401-P-680,61.0,0.0,0.0,0.0,10,60.9,61.4,10,58.1,60.2,61.0,60.2,13.0,79060.0,162
2023-05-09 22:21:59,i2401-P-680,i2401-P-680,61.0,0.0,0.0,0.0,20,60.6,61.4,10,58.1,60.2,61.0,60.2,13.0,79060.0,162
2023-05-09 22:22:08,i2401-P-680,i2401-P-680,61.0,0.0,0.0,0.0,30,60.6,61.4,10,58.1,60.2,61.0,60.2,13.0,79060.0,162
2023-05-09 22:22:09,i2401-P-680,i2401-P-680,61.0,0.0,0.0,0.0,20,60.6,61.4,10,58.1,60.2,61.0,60.2,13.0,79060.0,162
2023-05-09 22:22:10,i2401-P-680,i2401-P-680,61.0,0.0,0.0,0.0,10,60.8,61.5,10,58.1,60.2,61.0,60.2,13.0,79060.0,162
2023-05-09 22:22:30,i2401-P-680,i2401-P-680,61.0,0.0,0.0,0.0,20,60.8,61.6,10,58.1,60.2,61.0,60.2,13.0,79060.0,162
2023-05-09 22:22:35,i2401-P-680,i2401-P-680,61.0,0.0,0.0,0.0,10,61.0,61.7,20,58.1,60.2,61.0,60.2,13.0,79060.0,162
2023-05-09 22:22:38,i2401-P-680,i2401-P-680,61.0,0.0,0.0,0.0,10,61.1,61.8,10,58.1,60.2,61.0,60.2,13.0,79060.0,162
2023-05-09 22:22:48,i2401-P-680,i2401-P-680,61.0,0.0,0.0,0.0,10,60.9,61.7,10,58.1,60.2,61.0,60.2,13.0,79060.0,162
2023-05-09 22:22:54,i2401-P-680,i2401-P-680,61.0,0.0,0.0,0.0,10,61.1,61.8,10,58.1,60.2,61.0,60.2,13.0,79060.0,162
2023-05-09 22:22:55,i2401-P-680,i2401-P-680,61.0,0.0,0.0,0.0,10,61.1,61.9,20,58.1,60.2,61.0,60.2,13.0,79060.0,162
2023-05-09 22:23:07,i2401-P-680,i2401-P-680,61.0,0.0,0.0,0.0,20,61.1,61.9,20,58.1,60.2,61.0,60.2,13.0,79060.0,162
2023-05-09 22:23:07,i2401-P-680,i2401-P-680,61.0,0.0,0.0,0.0,20,61.1,61.9,10,58.1,60.2,61.0,60.2,13.0,79060.0,162
2023-05-09 22:23:19,i2401-P-680,i2401-P-680,61.0,0.0,0.0,0.0,10,61.3,62.0,10,58.1,60.2,61.0,60.2,13.0,79060.0,162
2023-05-09 22:23:20,i2401-P-680,i2401-P-680,61.0,0.0,0.0,0.0,20,61.1,61.9,10,58.1,60.2,61.0,60.2,13.0,79060.0,162
2023-05-09 22:23:28,i2401-P-680,i2401-P-680,61.0,0.0,0.0,0.0,10,61.3,62.1,20,58.1,60.2,61.0,60.2,13.0,79060.0,162
2023-05-09 22:23:29,i2401-P-680,i2401-P-680,61.0,0.0,0.0,0.0,20,61.3,62.1,20,58.1,60.2,61.0,60.2,13.0,79060.0,162
2023-05-09 22:23:31,i2401-P-680,i2401-P-680,61.0,0.0,0.0,0.0,20,61.3,62.1,10,58.1,60.2,61.0,60.2,13.0,79060.0,162
2023-05-09 22:23:31,i2401-P-680,i2401-P-680,61.0,0.0,0.0,0.0,30,61.3,62.1,10,58.1,60.2,61.0,60.2,13.0,79060.0,162
2023-05-09 22:23:39,i2401-P-680,i2401-P-680,61.0,0.0,0.0,0.0,10,61.5,62.2,11,58.1,60.2,61.0,60.2,13.0,79060.0,162
2023-05-09 22:23:39,i2401-P-680,i2401-P-680,61.0,0.0,0.0,0.0,20,61.5,62.2,11,58.1,60.2,61.0,60.2,13.0,79060.0,162
2023-05-09 22:23:41,i2401-P-680,i2401-P-680,61.0,0.0,0.0,0.0,10,61.5,62.2,11,58.1,60.2,61.0,60.2,13.0,79060.0,162
2023-05-09 22:23:46,i2401-P-680,i2401-P-680,61.0,0.0,0.0,0.0,10,61.3,62.2,1,58.1,60.2,61.0,60.2,13.0,79060.0,162
2023-05-09 22:23:47,i2401-P-680,i2401-P-680,61.0,0.0,0.0,0.0,10,61.6,62.2,1,58.1,60.2,61.0,60.2,13.0,79060.0,162
2023-05-09 22:23:51,i2401-P-680,i2401-P-680,61.0,0.0,0.0,0.0,10,61.4,62.2,1,58.1,60.2,61.0,60.2,13.0,79060.0,162
2023-05-09 22:23:53,i2401-P-680,i2401-P-680,61.0,0.0,0.0,0.0,10,61.3,62.2,1,58.1,60.2,61.0,60.2,13.0,79060.0,162
2023-05-09 22:24:12,i2401-P-680,i2401-P-680,61.0,0.0,0.0,0.0,10,61.3,62.2,11,58.1,60.2,61.0,60.2,13.0,79060.0,162
2023-05-09 22:24:13,i2401-P-680,i2401-P-680,61.0,0.0,0.0,0.0,10,61.2,62.2,11,58.1,60.2,61.0,60.2,13.0,79060.0,162
2023-05-09 22:24:19,i2401-P-680,i2401-P-680,61.0,0.0,0.0,0.0,10,61.2,62.1,10,58.1,60.2,61.0,60.2,13.0,79060.0,162
2023-05-09 22:24:26,i2401-P-680,i2401-P-680,61.0,0.0,0.0,0.0,20,61.2,62.1,10,58.1,60.2,61.0,60.2,13.0,79060.0,162
2023-05-09 22:24:30,i2401-P-680,i2401-P-680,61.0,0.0,0.0,0.0,20,61.2,62.1,20,58.1,60.2,61.0,60.2,13.0,79060.0,162
2023-05-09 22:24:33,i2401-P-680,i2401-P-680,61.0,0.0,0.0,0.0,10,61.2,62.1,20,58.1,60.2,61.0,60.2,13.0,79060.0,162
2023-05-09 22:24:42,i2401-P-680,i2401-P-680,61.0,0.0,0.0,0.0,10,61.2,62.1,30,58.1,60.2,61.0,60.2,13.0,79060.0,162
2023-05-09 22:24:46,i2401-P-680,i2401-P-680,61.0,0.0,0.0,0.0,10,61.2,61.8,10,58.1,60.2,61.0,60.2,13.0,79060.0,162
2023-05-09 22:24:46,i2401-P-680,i2401-P-680,61.0,0.0,0.0,0.0,10,61.2,61.8,20,58.1,60.2,61.0,60.2,13.0,79060.0,162
2023-05-09 22:24:51,i2401-P-680,i2401-P-680,61.0,0.0,0.0,0.0,10,61.1,61.8,20,58.1,60.2,61.0,60.2,13.0,79060.0,162
2023-05-09 22:24:56,i2401-P-680,i2401-P-680,61.0,0.0,0.0,0.0,10,61.2,61.8,10,58.1,60.2,61.0,60.2,13.0,79060.0,162
2023-05-09 22:24:57,i2401-P-680,i2401-P-680,61.0,0.0,0.0,0.0,10,61.1,61.8,20,58.1,60.2,61.0,60.2,13.0,79060.0,162
2023-05-09 22:25:00,i2401-P-680,i2401-P-680,61.0,0.0,0.0,0.0,10,61.0,61.8,20,58.1,60.2,61.0,60.2,13.0,79060.0,162
2023-05-09 22:25:01,i2401-P-680,i2401-P-680,61.0,0.0,0.0,0.0,10,61.2,61.8,10,58.1,60.2,61.0,60.2,13.0,79060.0,162
2023-05-09 22:25:05,i2401-P-680,i2401-P-680,61.0,0.0,0.0,0.0,20,61.0,61.8,20,58.1,60.2,61.0,60.2,13.0,79060.0,162
2023-05-09 22:25:05,i2401-P-680,i2401-P-680,61.0,0.0,0.0,0.0,10,61.0,61.8,20,58.1,60.2,61.0,60.2,13.0,79060.0,162
2023-05-09 22:25:06,i2401-P-680,i2401-P-680,61.0,0.0,0.0,0.0,20,61.0,61.8,20,58.1,60.2,61.0,60.2,13.0,79060.0,162
2023-05-09 22:25:20,i2401-P-680,i2401-P-680,61.0,0.0,0.0,0.0,10,61.0,61.8,20,58.1,60.2,61.0,60.2,13.0,79060.0,162
2023-05-09 22:25:24,i2401-P-680,i2401-P-680,61.0,0.0,0.0,0.0,10,61.0,61.8,30,58.1,60.2,61.0,60.2,13.0,79060.0,162
2023-05-09 22:25:25,i2401-P-680,i2401-P-680,61.0,0.0,0.0,0.0,10,61.0,61.8,20,58.1,60.2,61.0,60.2,13.0,79060.0,162
2023-05-09 22:25:47,i2401-P-680,i2401-P-680,61.0,0.0,0.0,0.0,10,61.2,61.8,10,58.1,60.2,61.0,60.2,13.0,79060.0,162
2023-05-09 22:25:48,i2401-P-680,i2401-P-680,61.0,0.0,0.0,0.0,30,61.0,61.7,10,58.1,60.2,61.0,60.2,13.0,79060.0,162
2023-05-09 22:25:48,i2401-P-680,i2401-P-680,61.0,0.0,0.0,0.0,10,61.1,61.8,10,58.1,60.2,61.0,60.2,13.0,79060.0,162
2023-05-09 22:26:07,i2401-P-680,i2401-P-680,61.0,0.0,0.0,0.0,10,61.0,61.7,10,58.1,60.2,61.0,60.2,13.0,79060.0,162
2023-05-09 22:26:19,i2401-P-680,i2401-P-680,61.0,0.0,0.0,0.0,10,60.9,61.7,10,58.1,60.2,61.0,60.2,13.0,79060.0,162
2023-05-09 22:26:20,i2401-P-680,i2401-P-680,61.0,0.0,0.0,0.0,20,60.9,61.7,10,58.1,60.2,61.0,60.2,13.0,79060.0,162
2023-05-09 22:26:30,i2401-P-680,i2401-P-680,61.0,0.0,0.0,0.0,11,60.7,61.5,10,58.1,60.2,61.0,60.2,13.0,79060.0,162
2023-05-09 22:26:31,i2401-P-680,i2401-P-680,61.0,0.0,0.0,0.0,21,60.7,61.5,10,58.1,60.2,61.0,60.2,13.0,79060.0,162
2023-05-09 22:26:44,i2401-P-680,i2401-P-680,61.0,0.0,0.0,0.0,11,60.7,61.5,20,58.1,60.2,61.0,60.2,13.0,79060.0,162
2023-05-09 22:26:45,i2401-P-680,i2401-P-680,61.0,0.0,0.0,0.0,21,60.7,61.5,20,58.1,60.2,61.0,60.2,13.0,79060.0,162
2023-05-09 22:27:14,i2401-P-680,i2401-P-680,61.0,0.0,0.0,0.0,11,60.7,61.3,10,58.1,60.2,61.0,60.2,13.0,79060.0,162
2023-05-09 22:27:15,i2401-P-680,i2401-P-680,61.0,0.0,0.0,0.0,10,60.6,61.3,10,58.1,60.2,61.0,60.2,13.0,79060.0,162
2023-05-09 22:27:16,i2401-P-680,i2401-P-680,61.0,0.0,0.0,0.0,10,60.5,61.2,10,58.1,60.2,61.0,60.2,13.0,79060.0,162
2023-05-09 22:27:19,i2401-P-680,i2401-P-680,61.0,0.0,0.0,0.0,10,60.4,61.2,10,58.1,60.2,61.0,60.2,13.0,79060.0,162
2023-05-09 22:27:59,i2401-P-680,i2401-P-680,61.0,0.0,0.0,0.0,10,60.4,61.2,20,58.1,60.2,61.0,60.2,13.0,79060.0,162
2023-05-09 22:28:36,i2401-P-680,i2401-P-680,61.0,0.0,0.0,0.0,20,60.4,61.2,20,58.1,60.2,61.0,60.2,13.0,79060.0,162
2023-05-09 22:28:37,i2401-P-680,i2401-P-680,61.0,0.0,0.0,0.0,10,60.4,61.2,20,58.1,60.2,61.0,60.2,13.0,79060.0,162
2023-05-09 22:28:37,i2401-P-680,i2401-P-680,61.0,0.0,0.0,0.0,10,60.4,61.2,10,58.1,60.2,61.0,60.2,13.0,79060.0,162
2023-05-09 22:28:38,i2401-P-680,i2401-P-680,61.0,0.0,0.0,0.0,10,60.6,61.3,10,58.1,60.2,61.0,60.2,13.0,79060.0,162
2023-05-09 22:29:14,i2401-P-680,i2401-P-680,61.0,0.0,0.0,0.0,10,60.7,61.5,20,58.1,60.2,61.0,60.2,13.0,79060.0,162
2023-05-09 22:29:24,i2401-P-680,i2401-P-680,61.0,0.0,0.0,0.0,10,60.7,61.5,10,58.1,60.2,61.0,60.2,13.0,79060.0,162
2023-05-09 22:29:32,i2401-P-680,i2401-P-680,61.0,0.0,0.0,0.0,10,60.7,61.5,20,58.1,60.2,61.0,60.2,13.0,79060.0,162
2023-05-09 22:29:32,i2401-P-680,i2401-P-680,61.0,0.0,0.0,0.0,10,60.7,61.5,10,58.1,60.2,61.0,60.2,13.0,79060.0,162
2023-05-09 22:29:33,i2401-P-680,i2401-P-680,61.0,0.0,0.0,0.0,10,60.6,61.3,10,58.1,60.2,61.0,60.2,13.0,79060.0,162
2023-05-09 22:29:55,i2401-P-680,i2401-P-680,61.0,0.0,0.0,0.0,10,60.7,61.5,10,58.1,60.2,61.0,60.2,13.0,79060.0,162
2023-05-09 22:30:13,i2401-P-680,i2401-P-680,61.0,0.0,0.0,0.0,20,60.7,61.5,10,58.1,60.2,61.0,60.2,13.0,79060.0,162
2023-05-09 22:30:15,i2401-P-680,i2401-P-680,61.0,0.0,0.0,0.0,10,60.9,61.6,10,58.1,60.2,61.0,60.2,13.0,79060.0,162
2023-05-09 22:30:16,i2401-P-680,i2401-P-680,61.0,0.0,0.0,0.0,10,61.0,61.7,1,58.1,60.2,61.0,60.2,13.0,79060.0,162
2023-05-09 22:30:32,i2401-P-680,i2401-P-680,61.0,0.0,0.0,0.0,10,61.0,61.8,10,58.1,60.2,61.0,60.2,13.0,79060.0,162
2023-05-09 22:30:35,i2401-P-680,i2401-P-680,61.0,0.0,0.0,0.0,20,61.0,61.8,10,58.1,60.2,61.0,60.2,13.0,79060.0,162
2023-05-09 22:30:37,i2401-P-680,i2401-P-680,61.0,0.0,0.0,0.0,30,61.0,61.8,10,58.1,60.2,61.0,60.2,13.0,79060.0,162
2023-05-09 22:30:41,i2401-P-680,i2401-P-680,61.0,0.0,0.0,0.0,20,61.0,61.8,10,58.1,60.2,61.0,60.2,13.0,79060.0,162
2023-05-09 22:30:44,i2401-P-680,i2401-P-680,61.0,0.0,0.0,0.0,30,61.0,61.8,10,58.1,60.2,61.0,60.2,13.0,79060.0,162
2023-05-09 22:30:46,i2401-P-680,i2401-P-680,61.0,0.0,0.0,0.0,20,61.0,61.8,10,58.1,60.2,61.0,60.2,13.0,79060.0,162
2023-05-09 22:30:46,i2401-P-680,i2401-P-680,61.0,0.0,0.0,0.0,30,61.0,61.8,10,58.1,60.2,61.0,60.2,13.0,79060.0,162
2023-05-09 22:30:53,i2401-P-680,i2401-P-680,61.0,0.0,0.0,0.0,10,61.2,62.0,30,58.1,60.2,61.0,60.2,13.0,79060.0,162
2023-05-09 22:30:53,i2401-P-680,i2401-P-680,61.0,0.0,0.0,0.0,10,61.2,62.0,20,58.1,60.2,61.0,60.2,13.0,79060.0,162
2023-05-09 22:31:09,i2401-P-680,i2401-P-680,61.0,0.0,0.0,0.0,20,61.2,62.0,20,58.1,60.2,61.0,60.2,13.0,79060.0,162
2023-05-09 22:31:18,i2401-P-680,i2401-P-680,61.0,0.0,0.0,0.0,10,61.1,61.8,10,58.1,60.2,61.0,60.2,13.0,79060.0,162
2023-05-09 22:31:18,i2401-P-680,i2401-P-680,61.0,0.0,0.0,0.0,10,61.0,61.7,10,58.1,60.2,61.0,60.2,13.0,79060.0,162
2023-05-09 22:31:23,i2401-P-680,i2401-P-680,61.0,0.0,0.0,0.0,10,61.1,61.8,10,58.1,60.2,61.0,60.2,13.0,79060.0,162
2023-05-09 22:31:23,i2401-P-680,i2401-P-680,61.0,0.0,0.0,0.0,10,61.0,61.7,10,58.1,60.2,61.0,60.2,13.0,79060.0,162
2023-05-09 22:31:25,i2401-P-680,i2401-P-680,61.0,0.0,0.0,0.0,10,60.9,61.7,10,58.1,60.2,61.0,60.2,13.0,79060.0,162
2023-05-09 22:31:31,i2401-P-680,i2401-P-680,61.0,0.0,0.0,0.0,20,60.9,61.7,10,58.1,60.2,61.0,60.2,13.0,79060.0,162
2023-05-09 22:31:32,i2401-P-680,i2401-P-680,61.0,0.0,0.0,0.0,10,60.9,61.7,10,58.1,60.2,61.0,60.2,13.0,79060.0,162
2023-05-09 22:31:36,i2401-P-680,i2401-P-680,61.0,0.0,0.0,0.0,10,61.1,61.9,20,58.1,60.2,61.0,60.2,13.0,79060.0,162
2023-05-09 22:31:38,i2401-P-680,i2401-P-680,61.0,0.0,0.0,0.0,10,61.0,61.7,10,58.1,60.2,61.0,60.2,13.0,79060.0,162
2023-05-09 22:31:52,i2401-P-680,i2401-P-680,61.0,0.0,0.0,0.0,10,61.1,61.9,20,58.1,60.2,61.0,60.2,13.0,79060.0,162
2023-05-09 22:31:54,i2401-P-680,i2401-P-680,61.0,0.0,0.0,0.0,10,61.1,61.9,30,58.1,60.2,61.0,60.2,13.0,79060.0,162
2023-05-09 22:31:55,i2401-P-680,i2401-P-680,61.0,0.0,0.0,0.0,10,61.1,61.9,20,58.1,60.2,61.0,60.2,13.0,79060.0,162
2023-05-09 22:31:55,i2401-P-680,i2401-P-680,61.0,0.0,0.0,0.0,10,61.0,61.7,10,58.1,60.2,61.0,60.2,13.0,79060.0,162
2023-05-09 22:32:07,i2401-P-680,i2401-P-680,61.0,0.0,0.0,0.0,10,60.7,61.5,10,58.1,60.2,61.0,60.2,13.0,79060.0,162
2023-05-09 22:32:11,i2401-P-680,i2401-P-680,61.0,0.0,0.0,0.0,10,60.9,61.7,10,58.1,60.2,61.0,60.2,13.0,79060.0,162
2023-05-09 22:32:22,i2401-P-680,i2401-P-680,61.0,0.0,0.0,0.0,10,61.1,61.9,31,58.1,60.2,61.0,60.2,13.0,79060.0,162
2023-05-09 22:32:25,i2401-P-680,i2401-P-680,61.0,0.0,0.0,0.0,10,61.1,61.9,21,58.1,60.2,61.0,60.2,13.0,79060.0,162
2023-05-09 22:32:26,i2401-P-680,i2401-P-680,61.0,0.0,0.0,0.0,10,61.1,61.9,11,58.1,60.2,61.0,60.2,13.0,79060.0,162
2023-05-09 22:32:38,i2401-P-680,i2401-P-680,61.0,0.0,0.0,0.0,20,61.1,61.9,11,58.1,60.2,61.0,60.2,13.0,79060.0,162
2023-05-09 22:32:42,i2401-P-680,i2401-P-680,61.0,0.0,0.0,0.0,10,61.1,61.9,10,58.1,60.2,61.0,60.2,13.0,79060.0,162
2023-05-09 22:32:43,i2401-P-680,i2401-P-680,61.0,0.0,0.0,0.0,10,61.3,62.1,10,58.1,60.2,61.0,60.2,13.0,79060.0,162
2023-05-09 22:32:43,i2401-P-680,i2401-P-680,61.0,0.0,0.0,0.0,10,61.5,62.2,20,58.1,60.2,61.0,60.2,13.0,79060.0,162
2023-05-09 22:32:46,i2401-P-680,i2401-P-680,61.0,0.0,0.0,0.0,20,61.4,62.1,10,58.1,60.2,61.0,60.2,13.0,79060.0,162
2023-05-09 22:33:05,i2401-P-680,i2401-P-680,61.0,0.0,0.0,0.0,10,61.4,62.1,10,58.1,60.2,61.0,60.2,13.0,79060.0,162
2023-05-09 22:33:06,i2401-P-680,i2401-P-680,61.0,0.0,0.0,0.0,10,61.1,61.9,10,58.1,60.2,61.0,60.2,13.0,79060.0,162
2023-05-09 22:33:06,i2401-P-680,i2401-P-680,61.0,0.0,0.0,0.0,21,61.0,61.7,10,58.1,60.2,61.0,60.2,13.0,79060.0,162
2023-05-09 22:33:07,i2401-P-680,i2401-P-680,61.0,0.0,0.0,0.0,31,61.0,61.7,10,58.1,60.2,61.0,60.2,13.0,79060.0,162
2023-05-09 22:33:07,i2401-P-680,i2401-P-680,61.0,0.0,0.0,0.0,10,61.1,61.9,10,58.1,60.2,61.0,60.2,13.0,79060.0,162
2023-05-09 22:33:26,i2401-P-680,i2401-P-680,61.0,0.0,0.0,0.0,10,61.3,62.0,10,58.1,60.2,61.0,60.2,13.0,79060.0,162
2023-05-09 22:33:32,i2401-P-680,i2401-P-680,61.0,0.0,0.0,0.0,10,61.4,62.2,30,58.1,60.2,61.0,60.2,13.0,79060.0,162
2023-05-09 22:33:40,i2401-P-680,i2401-P-680,61.0,0.0,0.0,0.0,10,61.4,62.2,40,58.1,60.2,61.0,60.2,13.0,79060.0,162
2023-05-09 22:33:40,i2401-P-680,i2401-P-680,61.0,0.0,0.0,0.0,20,61.2,62.0,10,58.1,60.2,61.0,60.2,13.0,79060.0,162
2023-05-09 22:33:41,i2401-P-680,i2401-P-680,61.0,0.0,0.0,0.0,30,61.2,62.0,10,58.1,60.2,61.0,60.2,13.0,79060.0,162
2023-05-09 22:33:43,i2401-P-680,i2401-P-680,61.0,0.0,0.0,0.0,10,61.2,61.8,10,58.1,60.2,61.0,60.2,13.0,79060.0,162
2023-05-09 22:33:43,i2401-P-680,i2401-P-680,61.0,0.0,0.0,0.0,21,61.0,61.8,10,58.1,60.2,61.0,60.2,13.0,79060.0,162
2023-05-09 22:33:45,i2401-P-680,i2401-P-680,61.0,0.0,0.0,0.0,10,61.2,61.9,10,58.1,60.2,61.0,60.2,13.0,79060.0,162
2023-05-09 22:33:47,i2401-P-680,i2401-P-680,61.0,0.0,0.0,0.0,10,61.2,61.9,20,58.1,60.2,61.0,60.2,13.0,79060.0,162
2023-05-09 22:33:59,i2401-P-680,i2401-P-680,61.0,0.0,0.0,0.0,10,61.2,61.9,30,58.1,60.2,61.0,60.2,13.0,79060.0,162
2023-05-09 22:33:59,i2401-P-680,i2401-P-680,61.0,0.0,0.0,0.0,21,61.0,61.8,10,58.1,60.2,61.0,60.2,13.0,79060.0,162
2023-05-09 22:34:02,i2401-P-680,i2401-P-680,61.0,0.0,0.0,0.0,11,61.0,61.8,10,58.1,60.2,61.0,60.2,13.0,79060.0,162
2023-05-09 22:34:16,i2401-P-680,i2401-P-680,61.0,0.0,0.0,0.0,20,60.9,61.6,10,58.1,60.2,61.0,60.2,13.0,79060.0,162
2023-05-09 22:34:16,i2401-P-680,i2401-P-680,61.0,0.0,0.0,0.0,10,60.9,61.6,10,58.1,60.2,61.0,60.2,13.0,79060.0,162
2023-05-09 22:34:17,i2401-P-680,i2401-P-680,61.0,0.0,0.0,0.0,10,60.8,61.5,20,58.1,60.2,61.0,60.2,13.0,79060.0,162
2023-05-09 22:34:47,i2401-P-680,i2401-P-680,61.0,0.0,0.0,0.0,20,60.7,61.5,20,58.1,60.2,61.0,60.2,13.0,79060.0,162
2023-05-09 22:35:18,i2401-P-680,i2401-P-680,61.0,0.0,0.0,0.0,10,60.7,61.5,20,58.1,60.2,61.0,60.2,13.0,79060.0,162
2023-05-09 22:35:18,i2401-P-680,i2401-P-680,61.0,0.0,0.0,0.0,20,60.7,61.5,20,58.1,60.2,61.0,60.2,13.0,79060.0,162
2023-05-09 22:36:10,i2401-P-680,i2401-P-680,61.0,0.0,0.0,0.0,20,60.6,61.3,10,58.1,60.2,61.0,60.2,13.0,79060.0,162
2023-05-09 22:36:10,i2401-P-680,i2401-P-680,61.0,0.0,0.0,0.0,10,60.6,61.3,10,58.1,60.2,61.0,60.2,13.0,79060.0,162
2023-05-09 22:36:22,i2401-P-680,i2401-P-680,61.0,0.0,0.0,0.0,10,60.6,61.3,20,58.1,60.2,61.0,60.2,13.0,79060.0,162
2023-05-09 22:36:37,i2401-P-680,i2401-P-680,61.0,0.0,0.0,0.0,10,60.5,61.2,20,58.1,60.2,61.0,60.2,13.0,79060.0,162
2023-05-09 22:36:47,i2401-P-680,i2401-P-680,61.0,0.0,0.0,0.0,20,60.4,61.2,20,58.1,60.2,61.0,60.2,13.0,79060.0,162
2023-05-09 22:36:47,i2401-P-680,i2401-P-680,61.0,0.0,0.0,0.0,30,60.4,61.2,20,58.1,60.2,61.0,60.2,13.0,79060.0,162
2023-05-09 22:36:48,i2401-P-680,i2401-P-680,61.0,0.0,0.0,0.0,20,60.4,61.2,20,58.1,60.2,61.0,60.2,13.0,79060.0,162
2023-05-09 22:36:49,i2401-P-680,i2401-P-680,61.0,0.0,0.0,0.0,10,60.4,61.2,20,58.1,60.2,61.0,60.2,13.0,79060.0,162
2023-05-09 22:36:49,i2401-P-680,i2401-P-680,61.0,0.0,0.0,0.0,10,60.4,61.2,30,58.1,60.2,61.0,60.2,13.0,79060.0,162
2023-05-09 22:36:56,i2401-P-680,i2401-P-680,61.0,0.0,0.0,0.0,21,60.3,61.0,10,58.1,60.2,61.0,60.2,13.0,79060.0,162
2023-05-09 22:37:26,i2401-P-680,i2401-P-680,61.0,0.0,0.0,0.0,1,60.3,60.9,10,58.1,60.2,61.0,60.2,13.0,79060.0,162
2023-05-09 22:37:28,i2401-P-680,i2401-P-680,61.0,0.0,0.0,0.0,11,60.3,61.0,10,58.1,60.2,61.0,60.2,13.0,79060.0,162
2023-05-09 22:37:56,i2401-P-680,i2401-P-680,61.0,0.0,0.0,0.0,21,60.3,61.0,10,58.1,60.2,61.0,60.2,13.0,79060.0,162
2023-05-09 22:37:58,i2401-P-680,i2401-P-680,61.0,0.0,0.0,0.0,11,60.3,60.9,10,58.1,60.2,61.0,60.2,13.0,79060.0,162
2023-05-09 22:38:14,i2401-P-680,i2401-P-680,61.0,0.0,0.0,0.0,21,60.3,61.1,10,58.1,60.2,61.0,60.2,13.0,79060.0,162
2023-05-09 22:38:14,i2401-P-680,i2401-P-680,61.0,0.0,0.0,0.0,10,60.5,61.3,10,58.1,60.2,61.0,60.2,13.0,79060.0,162
2023-05-09 22:38:20,i2401-P-680,i2401-P-680,61.0,0.0,0.0,0.0,10,60.4,61.1,10,58.1,60.2,61.0,60.2,13.0,79060.0,162
2023-05-09 22:38:20,i2401-P-680,i2401-P-680,61.0,0.0,0.0,0.0,11,60.3,61.1,10,58.1,60.2,61.0,60.2,13.0,79060.0,162
2023-05-09 22:38:32,i2401-P-680,i2401-P-680,61.0,0.0,0.0,0.0,10,60.5,61.3,10,58.1,60.2,61.0,60.2,13.0,79060.0,162
2023-05-09 22:38:48,i2401-P-680,i2401-P-680,61.0,0.0,0.0,0.0,20,60.5,61.3,10,58.1,60.2,61.0,60.2,13.0,79060.0,162
2023-05-09 22:38:48,i2401-P-680,i2401-P-680,61.0,0.0,0.0,0.0,10,60.7,61.5,20,58.1,60.2,61.0,60.2,13.0,79060.0,162
2023-05-09 22:38:55,i2401-P-680,i2401-P-680,61.0,0.0,0.0,0.0,10,60.7,61.5,10,58.1,60.2,61.0,60.2,13.0,79060.0,162
2023-05-09 22:39:01,i2401-P-680,i2401-P-680,61.0,0.0,0.0,0.0,10,60.9,61.6,11,58.1,60.2,61.0,60.2,13.0,79060.0,162
2023-05-09 22:39:06,i2401-P-680,i2401-P-680,61.0,0.0,0.0,0.0,10,60.7,61.5,10,58.1,60.2,61.0,60.2,13.0,79060.0,162
