time,symbol_id,symbol_name,last,trade_volume,trade_amount,open_interest_change,bv1,bp1,ap1,av1,yesterday_close,today_open,today_high,today_low,volume,amount,open_interest
2023-05-09 20:55:50,i2404-C-760,i2404-C-760,32.4,0.0,0.0,0.0,1,0.1,0.0,0,32.4,0.0,0.0,0.0,0.0,0.0,0
2023-05-09 21:00:12,i2404-C-760,i2404-C-760,32.4,0.0,0.0,0.0,1,7.9,0.0,0,32.4,0.0,0.0,0.0,0.0,0.0,0
2023-05-09 21:00:18,i2404-C-760,i2404-C-760,32.4,0.0,0.0,0.0,1,8.0,0.0,0,32.4,0.0,0.0,0.0,0.0,0.0,0
2023-05-09 21:01:16,i2404-C-760,i2404-C-760,32.4,0.0,0.0,0.0,1,8.1,0.0,0,32.4,0.0,0.0,0.0,0.0,0.0,0
2023-05-09 21:02:36,i2404-C-760,i2404-C-760,32.4,0.0,0.0,0.0,1,8.2,0.0,0,32.4,0.0,0.0,0.0,0.0,0.0,0
2023-05-09 21:31:16,i2404-C-760,i2404-C-760,32.4,0.0,0.0,0.0,1,8.3,0.0,0,32.4,0.0,0.0,0.0,0.0,0.0,0
2023-05-09 21:31:18,i2404-C-760,i2404-C-760,32.4,0.0,0.0,0.0,1,9.6,0.0,0,32.4,0.0,0.0,0.0,0.0,0.0,0
2023-05-09 22:01:17,i2404-C-760,i2404-C-760,32.4,0.0,0.0,0.0,1,9.7,0.0,0,32.4,0.0,0.0,0.0,0.0,0.0,0
2023-05-09 22:01:19,i2404-C-760,i2404-C-760,32.4,0.0,0.0,0.0,1,10.4,0.0,0,32.4,0.0,0.0,0.0,0.0,0.0,0
2023-05-09 22:57:38,i2404-C-760,i2404-C-760,32.4,0.0,0.0,0.0,1,9.7,0.0,0,32.4,0.0,0.0,0.0,0.0,0.0,0
2023-05-10 09:00:02,i2404-C-760,i2404-C-760,32.4,0.0,0.0,0.0,1,0.5,0.0,0,32.4,0.0,0.0,0.0,0.0,0.0,0
2023-05-10 09:00:14,i2404-C-760,i2404-C-760,32.4,0.0,0.0,0.0,1,8.4,0.0,0,32.4,0.0,0.0,0.0,0.0,0.0,0
2023-05-10 09:01:19,i2404-C-760,i2404-C-760,32.4,0.0,0.0,0.0,1,8.5,0.0,0,32.4,0.0,0.0,0.0,0.0,0.0,0
2023-05-10 09:03:29,i2404-C-760,i2404-C-760,32.4,0.0,0.0,0.0,1,9.8,0.0,0,32.4,0.0,0.0,0.0,0.0,0.0,0
2023-05-10 09:42:16,i2404-C-760,i2404-C-760,32.4,0.0,0.0,0.0,1,9.9,0.0,0,32.4,0.0,0.0,0.0,0.0,0.0,0
2023-05-10 09:42:17,i2404-C-760,i2404-C-760,32.4,0.0,0.0,0.0,1,11.2,0.0,0,32.4,0.0,0.0,0.0,0.0,0.0,0
2023-05-10 10:12:30,i2404-C-760,i2404-C-760,32.4,0.0,0.0,0.0,1,9.9,0.0,0,32.4,0.0,0.0,0.0,0.0,0.0,0
2023-05-10 10:30:51,i2404-C-760,i2404-C-760,32.4,0.0,0.0,0.0,1,10.6,0.0,0,32.4,0.0,0.0,0.0,0.0,0.0,0
2023-05-10 11:27:30,i2404-C-760,i2404-C-760,32.4,0.0,0.0,0.0,1,9.9,0.0,0,32.4,0.0,0.0,0.0,0.0,0.0,0
2023-05-10 11:29:47,i2404-C-760,i2404-C-760,32.4,0.0,0.0,0.0,1,8.4,0.0,0,32.4,0.0,0.0,0.0,0.0,0.0,0
2023-05-10 13:30:53,i2404-C-760,i2404-C-760,32.4,0.0,0.0,0.0,1,8.5,0.0,0,32.4,0.0,0.0,0.0,0.0,0.0,0
2023-05-10 13:31:41,i2404-C-760,i2404-C-760,32.4,0.0,0.0,0.0,1,9.8,0.0,0,32.4,0.0,0.0,0.0,0.0,0.0,0
2023-05-10 14:01:22,i2404-C-760,i2404-C-760,32.4,0.0,0.0,0.0,1,9.9,0.0,0,32.4,0.0,0.0,0.0,0.0,0.0,0
2023-05-10 14:01:29,i2404-C-760,i2404-C-760,32.4,0.0,0.0,0.0,1,11.2,0.0,0,32.4,0.0,0.0,0.0,0.0,0.0,0
2023-05-10 14:35:59,i2404-C-760,i2404-C-760,32.4,0.0,0.0,0.0,1,28.9,32.9,1,32.4,0.0,0.0,0.0,0.0,0.0,0
2023-05-10 14:36:00,i2404-C-760,i2404-C-760,32.4,0.0,0.0,0.0,2,28.9,32.9,2,32.4,0.0,0.0,0.0,0.0,0.0,0
2023-05-10 14:36:04,i2404-C-760,i2404-C-760,32.4,0.0,0.0,0.0,2,28.9,31.5,1,32.4,0.0,0.0,0.0,0.0,0.0,0
2023-05-10 14:36:05,i2404-C-760,i2404-C-760,32.4,0.0,0.0,0.0,3,28.9,31.5,1,32.4,0.0,0.0,0.0,0.0,0.0,0
2023-05-10 14:36:10,i2404-C-760,i2404-C-760,32.4,0.0,0.0,0.0,3,28.9,31.2,1,32.4,0.0,0.0,0.0,0.0,0.0,0
2023-05-10 14:36:11,i2404-C-760,i2404-C-760,32.4,0.0,0.0,0.0,2,28.9,31.2,1,32.4,0.0,0.0,0.0,0.0,0.0,0
2023-05-10 14:36:12,i2404-C-760,i2404-C-760,32.4,0.0,0.0,0.0,1,28.9,31.2,1,32.4,0.0,0.0,0.0,0.0,0.0,0
2023-05-10 14:36:16,i2404-C-760,i2404-C-760,32.4,0.0,0.0,0.0,1,28.0,31.2,1,32.4,0.0,0.0,0.0,0.0,0.0,0
2023-05-10 14:36:21,i2404-C-760,i2404-C-760,32.4,0.0,0.0,0.0,1,27.6,31.6,1,32.4,0.0,0.0,0.0,0.0,0.0,0
2023-05-10 14:36:29,i2404-C-760,i2404-C-760,32.4,0.0,0.0,0.0,1,9.9,0.0,0,32.4,0.0,0.0,0.0,0.0,0.0,0
2023-05-10 14:36:29,i2404-C-760,i2404-C-760,32.4,0.0,0.0,0.0,1,11.2,0.0,0,32.4,0.0,0.0,0.0,0.0,0.0,0
2023-05-10 15:01:14,i2404-C-760,i2404-C-760,32.4,0.0,0.0,0.0,1,11.2,0.0,0,32.4,0.0,0.0,0.0,0.0,0.0,0
