time,symbol_id,symbol_name,last,trade_volume,trade_amount,open_interest_change,bv1,bp1,ap1,av1,yesterday_close,today_open,today_high,today_low,volume,amount,open_interest
2023-05-09 21:00:15,i2401-C-610,i2401-C-610,95.4,0.0,0.0,0.0,1,40.0,0.0,0,95.4,0.0,0.0,0.0,0.0,0.0,4
2023-05-09 21:00:15,i2401-C-610,i2401-C-610,95.4,0.0,0.0,0.0,20,40.1,0.0,0,95.4,0.0,0.0,0.0,0.0,0.0,4
2023-05-09 21:00:25,i2401-C-610,i2401-C-610,95.4,0.0,0.0,0.0,1,44.1,0.0,0,95.4,0.0,0.0,0.0,0.0,0.0,4
2023-05-09 21:00:25,i2401-C-610,i2401-C-610,95.4,0.0,0.0,0.0,20,44.2,0.0,0,95.4,0.0,0.0,0.0,0.0,0.0,4
2023-05-09 21:01:05,i2401-C-610,i2401-C-610,95.4,0.0,0.0,0.0,1,44.3,0.0,0,95.4,0.0,0.0,0.0,0.0,0.0,4
2023-05-09 21:01:05,i2401-C-610,i2401-C-610,95.4,0.0,0.0,0.0,1,44.6,169.1,1,95.4,0.0,0.0,0.0,0.0,0.0,4
2023-05-09 21:01:06,i2401-C-610,i2401-C-610,95.4,0.0,0.0,0.0,20,44.7,169.0,20,95.4,0.0,0.0,0.0,0.0,0.0,4
2023-05-09 21:01:06,i2401-C-610,i2401-C-610,95.4,0.0,0.0,0.0,1,45.0,168.7,1,95.4,0.0,0.0,0.0,0.0,0.0,4
2023-05-09 21:01:07,i2401-C-610,i2401-C-610,95.4,0.0,0.0,0.0,20,45.1,168.6,20,95.4,0.0,0.0,0.0,0.0,0.0,4
2023-05-09 21:01:07,i2401-C-610,i2401-C-610,95.4,0.0,0.0,0.0,1,45.4,168.3,1,95.4,0.0,0.0,0.0,0.0,0.0,4
2023-05-09 21:01:08,i2401-C-610,i2401-C-610,95.4,0.0,0.0,0.0,20,45.5,168.2,20,95.4,0.0,0.0,0.0,0.0,0.0,4
2023-05-09 21:01:08,i2401-C-610,i2401-C-610,95.4,0.0,0.0,0.0,1,45.8,167.9,1,95.4,0.0,0.0,0.0,0.0,0.0,4
2023-05-09 21:01:09,i2401-C-610,i2401-C-610,95.4,0.0,0.0,0.0,20,45.9,167.8,20,95.4,0.0,0.0,0.0,0.0,0.0,4
2023-05-09 21:01:09,i2401-C-610,i2401-C-610,95.4,0.0,0.0,0.0,1,46.2,167.5,1,95.4,0.0,0.0,0.0,0.0,0.0,4
2023-05-09 21:01:10,i2401-C-610,i2401-C-610,95.4,0.0,0.0,0.0,20,46.3,167.4,20,95.4,0.0,0.0,0.0,0.0,0.0,4
2023-05-09 21:01:10,i2401-C-610,i2401-C-610,95.4,0.0,0.0,0.0,1,46.6,167.1,1,95.4,0.0,0.0,0.0,0.0,0.0,4
2023-05-09 21:01:11,i2401-C-610,i2401-C-610,95.4,0.0,0.0,0.0,20,46.7,167.0,20,95.4,0.0,0.0,0.0,0.0,0.0,4
2023-05-09 21:01:11,i2401-C-610,i2401-C-610,95.4,0.0,0.0,0.0,1,47.0,166.7,1,95.4,0.0,0.0,0.0,0.0,0.0,4
2023-05-09 21:01:12,i2401-C-610,i2401-C-610,95.4,0.0,0.0,0.0,20,47.1,166.6,20,95.4,0.0,0.0,0.0,0.0,0.0,4
2023-05-09 21:01:12,i2401-C-610,i2401-C-610,95.4,0.0,0.0,0.0,1,47.4,166.3,1,95.4,0.0,0.0,0.0,0.0,0.0,4
2023-05-09 21:01:13,i2401-C-610,i2401-C-610,95.4,0.0,0.0,0.0,20,47.5,166.2,20,95.4,0.0,0.0,0.0,0.0,0.0,4
2023-05-09 21:01:14,i2401-C-610,i2401-C-610,95.4,0.0,0.0,0.0,1,47.8,165.9,1,95.4,0.0,0.0,0.0,0.0,0.0,4
2023-05-09 21:01:15,i2401-C-610,i2401-C-610,95.4,0.0,0.0,0.0,20,47.9,165.8,20,95.4,0.0,0.0,0.0,0.0,0.0,4
2023-05-09 21:01:16,i2401-C-610,i2401-C-610,95.4,0.0,0.0,0.0,1,48.2,165.5,1,95.4,0.0,0.0,0.0,0.0,0.0,4
2023-05-09 21:01:17,i2401-C-610,i2401-C-610,95.4,0.0,0.0,0.0,20,48.3,165.4,20,95.4,0.0,0.0,0.0,0.0,0.0,4
2023-05-09 21:01:17,i2401-C-610,i2401-C-610,95.4,0.0,0.0,0.0,1,48.6,165.1,1,95.4,0.0,0.0,0.0,0.0,0.0,4
2023-05-09 21:01:18,i2401-C-610,i2401-C-610,95.4,0.0,0.0,0.0,20,48.7,165.0,20,95.4,0.0,0.0,0.0,0.0,0.0,4
2023-05-09 21:01:18,i2401-C-610,i2401-C-610,95.4,0.0,0.0,0.0,1,49.0,164.7,1,95.4,0.0,0.0,0.0,0.0,0.0,4
2023-05-09 21:01:19,i2401-C-610,i2401-C-610,95.4,0.0,0.0,0.0,20,49.1,164.6,20,95.4,0.0,0.0,0.0,0.0,0.0,4
2023-05-09 21:01:19,i2401-C-610,i2401-C-610,95.4,0.0,0.0,0.0,1,49.4,164.3,1,95.4,0.0,0.0,0.0,0.0,0.0,4
2023-05-09 21:01:20,i2401-C-610,i2401-C-610,95.4,0.0,0.0,0.0,20,49.5,164.2,20,95.4,0.0,0.0,0.0,0.0,0.0,4
2023-05-09 21:01:20,i2401-C-610,i2401-C-610,95.4,0.0,0.0,0.0,1,49.8,163.9,1,95.4,0.0,0.0,0.0,0.0,0.0,4
2023-05-09 21:01:21,i2401-C-610,i2401-C-610,95.4,0.0,0.0,0.0,20,49.9,163.8,20,95.4,0.0,0.0,0.0,0.0,0.0,4
2023-05-09 21:01:21,i2401-C-610,i2401-C-610,95.4,0.0,0.0,0.0,1,50.2,163.5,1,95.4,0.0,0.0,0.0,0.0,0.0,4
2023-05-09 21:01:22,i2401-C-610,i2401-C-610,95.4,0.0,0.0,0.0,20,50.3,163.4,20,95.4,0.0,0.0,0.0,0.0,0.0,4
2023-05-09 21:01:23,i2401-C-610,i2401-C-610,95.4,0.0,0.0,0.0,1,50.6,163.4,20,95.4,0.0,0.0,0.0,0.0,0.0,4
2023-05-09 21:01:24,i2401-C-610,i2401-C-610,95.4,0.0,0.0,0.0,20,50.7,163.1,1,95.4,0.0,0.0,0.0,0.0,0.0,4
2023-05-09 21:01:24,i2401-C-610,i2401-C-610,95.4,0.0,0.0,0.0,1,51.0,163.0,20,95.4,0.0,0.0,0.0,0.0,0.0,4
2023-05-09 21:01:25,i2401-C-610,i2401-C-610,95.4,0.0,0.0,0.0,20,51.1,162.7,1,95.4,0.0,0.0,0.0,0.0,0.0,4
2023-05-09 21:01:25,i2401-C-610,i2401-C-610,95.4,0.0,0.0,0.0,1,51.4,162.6,20,95.4,0.0,0.0,0.0,0.0,0.0,4
2023-05-09 21:01:26,i2401-C-610,i2401-C-610,95.4,0.0,0.0,0.0,20,51.5,162.6,20,95.4,0.0,0.0,0.0,0.0,0.0,4
2023-05-09 21:01:26,i2401-C-610,i2401-C-610,95.4,0.0,0.0,0.0,1,51.8,162.3,1,95.4,0.0,0.0,0.0,0.0,0.0,4
2023-05-09 21:01:27,i2401-C-610,i2401-C-610,95.4,0.0,0.0,0.0,20,51.9,162.2,20,95.4,0.0,0.0,0.0,0.0,0.0,4
2023-05-09 21:01:27,i2401-C-610,i2401-C-610,95.4,0.0,0.0,0.0,1,52.2,161.9,1,95.4,0.0,0.0,0.0,0.0,0.0,4
2023-05-09 21:01:28,i2401-C-610,i2401-C-610,95.4,0.0,0.0,0.0,20,52.3,161.8,20,95.4,0.0,0.0,0.0,0.0,0.0,4
2023-05-09 21:01:28,i2401-C-610,i2401-C-610,95.4,0.0,0.0,0.0,1,52.6,161.5,1,95.4,0.0,0.0,0.0,0.0,0.0,4
2023-05-09 21:01:29,i2401-C-610,i2401-C-610,95.4,0.0,0.0,0.0,20,52.7,161.4,20,95.4,0.0,0.0,0.0,0.0,0.0,4
2023-05-09 21:01:29,i2401-C-610,i2401-C-610,95.4,0.0,0.0,0.0,1,53.0,161.1,1,95.4,0.0,0.0,0.0,0.0,0.0,4
2023-05-09 21:01:30,i2401-C-610,i2401-C-610,95.4,0.0,0.0,0.0,20,53.1,161.0,20,95.4,0.0,0.0,0.0,0.0,0.0,4
2023-05-09 21:01:30,i2401-C-610,i2401-C-610,95.4,0.0,0.0,0.0,1,53.4,160.7,1,95.4,0.0,0.0,0.0,0.0,0.0,4
2023-05-09 21:01:31,i2401-C-610,i2401-C-610,95.4,0.0,0.0,0.0,20,53.5,160.6,20,95.4,0.0,0.0,0.0,0.0,0.0,4
2023-05-09 21:01:31,i2401-C-610,i2401-C-610,95.4,0.0,0.0,0.0,1,53.8,160.3,1,95.4,0.0,0.0,0.0,0.0,0.0,4
2023-05-09 21:01:32,i2401-C-610,i2401-C-610,95.4,0.0,0.0,0.0,20,53.9,160.2,20,95.4,0.0,0.0,0.0,0.0,0.0,4
2023-05-09 21:01:32,i2401-C-610,i2401-C-610,95.4,0.0,0.0,0.0,1,54.2,159.9,1,95.4,0.0,0.0,0.0,0.0,0.0,4
2023-05-09 21:01:33,i2401-C-610,i2401-C-610,95.4,0.0,0.0,0.0,20,54.3,159.8,20,95.4,0.0,0.0,0.0,0.0,0.0,4
2023-05-09 21:01:33,i2401-C-610,i2401-C-610,95.4,0.0,0.0,0.0,1,54.6,159.5,1,95.4,0.0,0.0,0.0,0.0,0.0,4
2023-05-09 21:01:34,i2401-C-610,i2401-C-610,95.4,0.0,0.0,0.0,20,54.7,159.4,20,95.4,0.0,0.0,0.0,0.0,0.0,4
2023-05-09 21:01:35,i2401-C-610,i2401-C-610,95.4,0.0,0.0,0.0,1,55.0,159.1,1,95.4,0.0,0.0,0.0,0.0,0.0,4
2023-05-09 21:01:36,i2401-C-610,i2401-C-610,95.4,0.0,0.0,0.0,20,55.1,159.0,20,95.4,0.0,0.0,0.0,0.0,0.0,4
2023-05-09 21:01:36,i2401-C-610,i2401-C-610,95.4,0.0,0.0,0.0,1,55.4,158.7,1,95.4,0.0,0.0,0.0,0.0,0.0,4
2023-05-09 21:01:37,i2401-C-610,i2401-C-610,95.4,0.0,0.0,0.0,20,55.5,158.6,20,95.4,0.0,0.0,0.0,0.0,0.0,4
2023-05-09 21:01:37,i2401-C-610,i2401-C-610,95.4,0.0,0.0,0.0,1,55.8,158.3,1,95.4,0.0,0.0,0.0,0.0,0.0,4
2023-05-09 21:01:38,i2401-C-610,i2401-C-610,95.4,0.0,0.0,0.0,20,55.9,158.2,20,95.4,0.0,0.0,0.0,0.0,0.0,4
2023-05-09 21:01:38,i2401-C-610,i2401-C-610,95.4,0.0,0.0,0.0,1,56.2,157.9,1,95.4,0.0,0.0,0.0,0.0,0.0,4
2023-05-09 21:01:39,i2401-C-610,i2401-C-610,95.4,0.0,0.0,0.0,20,56.3,157.8,20,95.4,0.0,0.0,0.0,0.0,0.0,4
2023-05-09 21:01:39,i2401-C-610,i2401-C-610,95.4,0.0,0.0,0.0,1,56.6,157.5,1,95.4,0.0,0.0,0.0,0.0,0.0,4
2023-05-09 21:01:40,i2401-C-610,i2401-C-610,95.4,0.0,0.0,0.0,20,56.7,157.4,20,95.4,0.0,0.0,0.0,0.0,0.0,4
2023-05-09 21:01:40,i2401-C-610,i2401-C-610,95.4,0.0,0.0,0.0,1,57.0,157.1,1,95.4,0.0,0.0,0.0,0.0,0.0,4
2023-05-09 21:01:41,i2401-C-610,i2401-C-610,95.4,0.0,0.0,0.0,20,57.1,157.0,20,95.4,0.0,0.0,0.0,0.0,0.0,4
2023-05-09 21:01:41,i2401-C-610,i2401-C-610,95.4,0.0,0.0,0.0,1,57.4,156.7,1,95.4,0.0,0.0,0.0,0.0,0.0,4
2023-05-09 21:01:42,i2401-C-610,i2401-C-610,95.4,0.0,0.0,0.0,20,57.5,156.6,20,95.4,0.0,0.0,0.0,0.0,0.0,4
2023-05-09 21:01:42,i2401-C-610,i2401-C-610,95.4,0.0,0.0,0.0,1,57.8,156.3,1,95.4,0.0,0.0,0.0,0.0,0.0,4
2023-05-09 21:01:43,i2401-C-610,i2401-C-610,95.4,0.0,0.0,0.0,20,57.9,156.2,20,95.4,0.0,0.0,0.0,0.0,0.0,4
2023-05-09 21:01:43,i2401-C-610,i2401-C-610,95.4,0.0,0.0,0.0,1,58.2,155.9,1,95.4,0.0,0.0,0.0,0.0,0.0,4
2023-05-09 21:01:44,i2401-C-610,i2401-C-610,95.4,0.0,0.0,0.0,20,58.3,155.8,20,95.4,0.0,0.0,0.0,0.0,0.0,4
2023-05-09 21:01:44,i2401-C-610,i2401-C-610,95.4,0.0,0.0,0.0,1,58.6,155.5,1,95.4,0.0,0.0,0.0,0.0,0.0,4
2023-05-09 21:01:45,i2401-C-610,i2401-C-610,95.4,0.0,0.0,0.0,20,58.7,155.4,20,95.4,0.0,0.0,0.0,0.0,0.0,4
2023-05-09 21:01:45,i2401-C-610,i2401-C-610,95.4,0.0,0.0,0.0,1,59.0,155.1,1,95.4,0.0,0.0,0.0,0.0,0.0,4
2023-05-09 21:01:46,i2401-C-610,i2401-C-610,95.4,0.0,0.0,0.0,20,59.1,155.0,20,95.4,0.0,0.0,0.0,0.0,0.0,4
2023-05-09 21:01:46,i2401-C-610,i2401-C-610,95.4,0.0,0.0,0.0,1,59.4,154.7,1,95.4,0.0,0.0,0.0,0.0,0.0,4
2023-05-09 21:01:47,i2401-C-610,i2401-C-610,95.4,0.0,0.0,0.0,20,59.5,154.6,20,95.4,0.0,0.0,0.0,0.0,0.0,4
2023-05-09 21:01:47,i2401-C-610,i2401-C-610,95.4,0.0,0.0,0.0,1,59.8,154.3,1,95.4,0.0,0.0,0.0,0.0,0.0,4
2023-05-09 21:01:48,i2401-C-610,i2401-C-610,95.4,0.0,0.0,0.0,20,59.9,154.2,20,95.4,0.0,0.0,0.0,0.0,0.0,4
2023-05-09 21:01:48,i2401-C-610,i2401-C-610,95.4,0.0,0.0,0.0,1,60.2,153.9,1,95.4,0.0,0.0,0.0,0.0,0.0,4
2023-05-09 21:01:49,i2401-C-610,i2401-C-610,95.4,0.0,0.0,0.0,20,60.3,153.8,20,95.4,0.0,0.0,0.0,0.0,0.0,4
2023-05-09 21:01:49,i2401-C-610,i2401-C-610,95.4,0.0,0.0,0.0,1,60.6,153.5,1,95.4,0.0,0.0,0.0,0.0,0.0,4
2023-05-09 21:01:50,i2401-C-610,i2401-C-610,95.4,0.0,0.0,0.0,20,60.7,153.4,20,95.4,0.0,0.0,0.0,0.0,0.0,4
2023-05-09 21:01:51,i2401-C-610,i2401-C-610,95.4,0.0,0.0,0.0,1,61.0,153.1,1,95.4,0.0,0.0,0.0,0.0,0.0,4
2023-05-09 21:01:52,i2401-C-610,i2401-C-610,95.4,0.0,0.0,0.0,20,61.1,153.0,20,95.4,0.0,0.0,0.0,0.0,0.0,4
2023-05-09 21:01:53,i2401-C-610,i2401-C-610,95.4,0.0,0.0,0.0,1,61.4,152.7,1,95.4,0.0,0.0,0.0,0.0,0.0,4
2023-05-09 21:01:54,i2401-C-610,i2401-C-610,95.4,0.0,0.0,0.0,20,61.5,152.6,20,95.4,0.0,0.0,0.0,0.0,0.0,4
2023-05-09 21:01:54,i2401-C-610,i2401-C-610,95.4,0.0,0.0,0.0,1,61.8,152.3,1,95.4,0.0,0.0,0.0,0.0,0.0,4
2023-05-09 21:01:55,i2401-C-610,i2401-C-610,95.4,0.0,0.0,0.0,20,61.9,152.2,20,95.4,0.0,0.0,0.0,0.0,0.0,4
2023-05-09 21:01:55,i2401-C-610,i2401-C-610,95.4,0.0,0.0,0.0,1,62.2,151.9,1,95.4,0.0,0.0,0.0,0.0,0.0,4
2023-05-09 21:01:56,i2401-C-610,i2401-C-610,95.4,0.0,0.0,0.0,20,62.3,151.8,20,95.4,0.0,0.0,0.0,0.0,0.0,4
2023-05-09 21:01:56,i2401-C-610,i2401-C-610,95.4,0.0,0.0,0.0,1,62.6,151.5,1,95.4,0.0,0.0,0.0,0.0,0.0,4
2023-05-09 21:01:57,i2401-C-610,i2401-C-610,95.4,0.0,0.0,0.0,20,62.7,151.4,20,95.4,0.0,0.0,0.0,0.0,0.0,4
2023-05-09 21:01:57,i2401-C-610,i2401-C-610,95.4,0.0,0.0,0.0,1,63.0,151.1,1,95.4,0.0,0.0,0.0,0.0,0.0,4
2023-05-09 21:01:58,i2401-C-610,i2401-C-610,95.4,0.0,0.0,0.0,20,63.1,151.0,20,95.4,0.0,0.0,0.0,0.0,0.0,4
2023-05-09 21:01:58,i2401-C-610,i2401-C-610,95.4,0.0,0.0,0.0,1,63.4,150.7,1,95.4,0.0,0.0,0.0,0.0,0.0,4
2023-05-09 21:01:58,i2401-C-610,i2401-C-610,95.4,0.0,0.0,0.0,20,63.5,150.6,20,95.4,0.0,0.0,0.0,0.0,0.0,4
2023-05-09 21:01:59,i2401-C-610,i2401-C-610,95.4,0.0,0.0,0.0,1,63.8,150.3,1,95.4,0.0,0.0,0.0,0.0,0.0,4
2023-05-09 21:01:59,i2401-C-610,i2401-C-610,95.4,0.0,0.0,0.0,20,63.9,150.2,20,95.4,0.0,0.0,0.0,0.0,0.0,4
2023-05-09 21:02:00,i2401-C-610,i2401-C-610,95.4,0.0,0.0,0.0,1,64.2,149.9,1,95.4,0.0,0.0,0.0,0.0,0.0,4
2023-05-09 21:02:00,i2401-C-610,i2401-C-610,95.4,0.0,0.0,0.0,20,64.3,149.8,20,95.4,0.0,0.0,0.0,0.0,0.0,4
2023-05-09 21:02:01,i2401-C-610,i2401-C-610,95.4,0.0,0.0,0.0,1,64.6,149.5,1,95.4,0.0,0.0,0.0,0.0,0.0,4
2023-05-09 21:02:01,i2401-C-610,i2401-C-610,95.4,0.0,0.0,0.0,20,64.7,149.4,20,95.4,0.0,0.0,0.0,0.0,0.0,4
2023-05-09 21:02:02,i2401-C-610,i2401-C-610,95.4,0.0,0.0,0.0,1,65.0,149.4,20,95.4,0.0,0.0,0.0,0.0,0.0,4
2023-05-09 21:02:03,i2401-C-610,i2401-C-610,95.4,0.0,0.0,0.0,20,65.1,149.4,20,95.4,0.0,0.0,0.0,0.0,0.0,4
2023-05-09 21:02:04,i2401-C-610,i2401-C-610,95.4,0.0,0.0,0.0,1,65.4,149.1,1,95.4,0.0,0.0,0.0,0.0,0.0,4
2023-05-09 21:02:04,i2401-C-610,i2401-C-610,95.4,0.0,0.0,0.0,20,65.5,149.0,20,95.4,0.0,0.0,0.0,0.0,0.0,4
2023-05-09 21:02:05,i2401-C-610,i2401-C-610,95.4,0.0,0.0,0.0,1,65.8,148.7,1,95.4,0.0,0.0,0.0,0.0,0.0,4
2023-05-09 21:02:05,i2401-C-610,i2401-C-610,95.4,0.0,0.0,0.0,20,65.9,148.6,20,95.4,0.0,0.0,0.0,0.0,0.0,4
2023-05-09 21:02:07,i2401-C-610,i2401-C-610,95.4,0.0,0.0,0.0,1,66.2,148.6,20,95.4,0.0,0.0,0.0,0.0,0.0,4
2023-05-09 21:02:08,i2401-C-610,i2401-C-610,95.4,0.0,0.0,0.0,20,66.3,148.3,1,95.4,0.0,0.0,0.0,0.0,0.0,4
2023-05-09 21:02:08,i2401-C-610,i2401-C-610,95.4,0.0,0.0,0.0,20,66.3,148.2,20,95.4,0.0,0.0,0.0,0.0,0.0,4
2023-05-09 21:02:09,i2401-C-610,i2401-C-610,95.4,0.0,0.0,0.0,1,66.6,148.2,20,95.4,0.0,0.0,0.0,0.0,0.0,4
2023-05-09 21:02:09,i2401-C-610,i2401-C-610,95.4,0.0,0.0,0.0,20,66.7,148.2,20,95.4,0.0,0.0,0.0,0.0,0.0,4
2023-05-09 21:02:11,i2401-C-610,i2401-C-610,95.4,0.0,0.0,0.0,20,66.7,147.9,1,95.4,0.0,0.0,0.0,0.0,0.0,4
2023-05-09 21:02:11,i2401-C-610,i2401-C-610,95.4,0.0,0.0,0.0,1,67.0,147.8,20,95.4,0.0,0.0,0.0,0.0,0.0,4
2023-05-09 21:02:12,i2401-C-610,i2401-C-610,95.4,0.0,0.0,0.0,20,67.1,147.5,1,95.4,0.0,0.0,0.0,0.0,0.0,4
2023-05-09 21:02:12,i2401-C-610,i2401-C-610,95.4,0.0,0.0,0.0,20,67.1,147.4,20,95.4,0.0,0.0,0.0,0.0,0.0,4
2023-05-09 21:02:14,i2401-C-610,i2401-C-610,95.4,0.0,0.0,0.0,1,67.4,147.1,1,95.4,0.0,0.0,0.0,0.0,0.0,4
2023-05-09 21:02:14,i2401-C-610,i2401-C-610,95.4,0.0,0.0,0.0,20,67.5,147.0,20,95.4,0.0,0.0,0.0,0.0,0.0,4
2023-05-09 21:02:15,i2401-C-610,i2401-C-610,95.4,0.0,0.0,0.0,1,67.8,146.7,1,95.4,0.0,0.0,0.0,0.0,0.0,4
2023-05-09 21:02:15,i2401-C-610,i2401-C-610,95.4,0.0,0.0,0.0,20,67.9,146.6,20,95.4,0.0,0.0,0.0,0.0,0.0,4
2023-05-09 21:02:16,i2401-C-610,i2401-C-610,95.4,0.0,0.0,0.0,1,68.2,146.3,1,95.4,0.0,0.0,0.0,0.0,0.0,4
2023-05-09 21:02:16,i2401-C-610,i2401-C-610,95.4,0.0,0.0,0.0,20,68.3,146.2,20,95.4,0.0,0.0,0.0,0.0,0.0,4
2023-05-09 21:02:17,i2401-C-610,i2401-C-610,95.4,0.0,0.0,0.0,1,68.6,145.9,1,95.4,0.0,0.0,0.0,0.0,0.0,4
2023-05-09 21:02:17,i2401-C-610,i2401-C-610,95.4,0.0,0.0,0.0,1,68.6,145.8,20,95.4,0.0,0.0,0.0,0.0,0.0,4
2023-05-09 21:02:18,i2401-C-610,i2401-C-610,95.4,0.0,0.0,0.0,21,68.6,145.5,1,95.4,0.0,0.0,0.0,0.0,0.0,4
2023-05-09 21:02:18,i2401-C-610,i2401-C-610,95.4,0.0,0.0,0.0,21,68.6,145.4,20,95.4,0.0,0.0,0.0,0.0,0.0,4
2023-05-09 21:02:19,i2401-C-610,i2401-C-610,95.4,0.0,0.0,0.0,21,68.6,145.1,1,95.4,0.0,0.0,0.0,0.0,0.0,4
2023-05-09 21:02:19,i2401-C-610,i2401-C-610,95.4,0.0,0.0,0.0,21,68.6,145.0,20,95.4,0.0,0.0,0.0,0.0,0.0,4
2023-05-09 21:02:20,i2401-C-610,i2401-C-610,95.4,0.0,0.0,0.0,21,68.6,144.7,1,95.4,0.0,0.0,0.0,0.0,0.0,4
2023-05-09 21:02:20,i2401-C-610,i2401-C-610,95.4,0.0,0.0,0.0,21,68.6,144.6,20,95.4,0.0,0.0,0.0,0.0,0.0,4
2023-05-09 21:02:21,i2401-C-610,i2401-C-610,95.4,0.0,0.0,0.0,21,68.6,144.3,1,95.4,0.0,0.0,0.0,0.0,0.0,4
2023-05-09 21:02:21,i2401-C-610,i2401-C-610,95.4,0.0,0.0,0.0,21,68.6,144.2,20,95.4,0.0,0.0,0.0,0.0,0.0,4
2023-05-09 21:02:22,i2401-C-610,i2401-C-610,95.4,0.0,0.0,0.0,21,68.6,143.9,1,95.4,0.0,0.0,0.0,0.0,0.0,4
2023-05-09 21:02:22,i2401-C-610,i2401-C-610,95.4,0.0,0.0,0.0,21,68.6,143.8,20,95.4,0.0,0.0,0.0,0.0,0.0,4
2023-05-09 21:02:24,i2401-C-610,i2401-C-610,95.4,0.0,0.0,0.0,21,68.6,143.5,1,95.4,0.0,0.0,0.0,0.0,0.0,4
2023-05-09 21:02:24,i2401-C-610,i2401-C-610,95.4,0.0,0.0,0.0,21,68.6,143.4,20,95.4,0.0,0.0,0.0,0.0,0.0,4
2023-05-09 21:02:25,i2401-C-610,i2401-C-610,95.4,0.0,0.0,0.0,21,68.6,143.1,1,95.4,0.0,0.0,0.0,0.0,0.0,4
2023-05-09 21:02:25,i2401-C-610,i2401-C-610,95.4,0.0,0.0,0.0,21,68.6,143.0,20,95.4,0.0,0.0,0.0,0.0,0.0,4
2023-05-09 21:02:26,i2401-C-610,i2401-C-610,95.4,0.0,0.0,0.0,21,68.6,142.7,1,95.4,0.0,0.0,0.0,0.0,0.0,4
2023-05-09 21:02:26,i2401-C-610,i2401-C-610,95.4,0.0,0.0,0.0,21,68.6,142.6,20,95.4,0.0,0.0,0.0,0.0,0.0,4
2023-05-09 21:02:27,i2401-C-610,i2401-C-610,95.4,0.0,0.0,0.0,21,68.6,142.3,1,95.4,0.0,0.0,0.0,0.0,0.0,4
2023-05-09 21:02:27,i2401-C-610,i2401-C-610,95.4,0.0,0.0,0.0,21,68.6,142.2,20,95.4,0.0,0.0,0.0,0.0,0.0,4
2023-05-09 21:02:28,i2401-C-610,i2401-C-610,95.4,0.0,0.0,0.0,21,68.6,141.9,1,95.4,0.0,0.0,0.0,0.0,0.0,4
2023-05-09 21:02:28,i2401-C-610,i2401-C-610,95.4,0.0,0.0,0.0,21,68.6,141.8,20,95.4,0.0,0.0,0.0,0.0,0.0,4
2023-05-09 21:02:29,i2401-C-610,i2401-C-610,95.4,0.0,0.0,0.0,21,68.6,141.5,1,95.4,0.0,0.0,0.0,0.0,0.0,4
2023-05-09 21:02:29,i2401-C-610,i2401-C-610,95.4,0.0,0.0,0.0,21,68.6,141.4,20,95.4,0.0,0.0,0.0,0.0,0.0,4
2023-05-09 21:02:30,i2401-C-610,i2401-C-610,95.4,0.0,0.0,0.0,21,68.6,141.1,1,95.4,0.0,0.0,0.0,0.0,0.0,4
2023-05-09 21:02:30,i2401-C-610,i2401-C-610,95.4,0.0,0.0,0.0,21,68.6,141.0,20,95.4,0.0,0.0,0.0,0.0,0.0,4
2023-05-09 21:02:31,i2401-C-610,i2401-C-610,95.4,0.0,0.0,0.0,21,68.6,140.7,1,95.4,0.0,0.0,0.0,0.0,0.0,4
2023-05-09 21:02:31,i2401-C-610,i2401-C-610,95.4,0.0,0.0,0.0,21,68.6,140.6,20,95.4,0.0,0.0,0.0,0.0,0.0,4
2023-05-09 21:02:32,i2401-C-610,i2401-C-610,95.4,0.0,0.0,0.0,21,68.6,140.3,1,95.4,0.0,0.0,0.0,0.0,0.0,4
2023-05-09 21:02:32,i2401-C-610,i2401-C-610,95.4,0.0,0.0,0.0,21,68.6,140.2,20,95.4,0.0,0.0,0.0,0.0,0.0,4
2023-05-09 21:02:33,i2401-C-610,i2401-C-610,95.4,0.0,0.0,0.0,21,68.6,139.9,1,95.4,0.0,0.0,0.0,0.0,0.0,4
2023-05-09 21:02:33,i2401-C-610,i2401-C-610,95.4,0.0,0.0,0.0,21,68.6,139.8,20,95.4,0.0,0.0,0.0,0.0,0.0,4
2023-05-09 21:02:34,i2401-C-610,i2401-C-610,95.4,0.0,0.0,0.0,21,68.6,139.5,1,95.4,0.0,0.0,0.0,0.0,0.0,4
2023-05-09 21:02:34,i2401-C-610,i2401-C-610,95.4,0.0,0.0,0.0,21,68.6,139.4,20,95.4,0.0,0.0,0.0,0.0,0.0,4
2023-05-09 21:02:35,i2401-C-610,i2401-C-610,95.4,0.0,0.0,0.0,21,68.6,139.1,1,95.4,0.0,0.0,0.0,0.0,0.0,4
2023-05-09 21:02:35,i2401-C-610,i2401-C-610,95.4,0.0,0.0,0.0,21,68.6,139.0,20,95.4,0.0,0.0,0.0,0.0,0.0,4
2023-05-09 21:02:36,i2401-C-610,i2401-C-610,95.4,0.0,0.0,0.0,21,68.6,138.7,1,95.4,0.0,0.0,0.0,0.0,0.0,4
2023-05-09 21:02:36,i2401-C-610,i2401-C-610,95.4,0.0,0.0,0.0,21,68.6,138.6,20,95.4,0.0,0.0,0.0,0.0,0.0,4
2023-05-09 21:02:37,i2401-C-610,i2401-C-610,95.4,0.0,0.0,0.0,21,68.6,138.3,1,95.4,0.0,0.0,0.0,0.0,0.0,4
2023-05-09 21:02:37,i2401-C-610,i2401-C-610,95.4,0.0,0.0,0.0,21,68.6,138.2,20,95.4,0.0,0.0,0.0,0.0,0.0,4
2023-05-09 21:02:38,i2401-C-610,i2401-C-610,95.4,0.0,0.0,0.0,21,68.6,137.9,1,95.4,0.0,0.0,0.0,0.0,0.0,4
2023-05-09 21:02:38,i2401-C-610,i2401-C-610,95.4,0.0,0.0,0.0,21,68.6,137.8,20,95.4,0.0,0.0,0.0,0.0,0.0,4
2023-05-09 21:02:39,i2401-C-610,i2401-C-610,95.4,0.0,0.0,0.0,21,68.6,137.5,1,95.4,0.0,0.0,0.0,0.0,0.0,4
2023-05-09 21:02:39,i2401-C-610,i2401-C-610,95.4,0.0,0.0,0.0,21,68.6,137.4,20,95.4,0.0,0.0,0.0,0.0,0.0,4
2023-05-09 21:02:40,i2401-C-610,i2401-C-610,95.4,0.0,0.0,0.0,21,68.6,137.1,1,95.4,0.0,0.0,0.0,0.0,0.0,4
2023-05-09 21:02:40,i2401-C-610,i2401-C-610,95.4,0.0,0.0,0.0,21,68.6,137.0,20,95.4,0.0,0.0,0.0,0.0,0.0,4
2023-05-09 21:02:41,i2401-C-610,i2401-C-610,95.4,0.0,0.0,0.0,21,68.6,136.7,1,95.4,0.0,0.0,0.0,0.0,0.0,4
2023-05-09 21:02:41,i2401-C-610,i2401-C-610,95.4,0.0,0.0,0.0,21,68.6,136.6,20,95.4,0.0,0.0,0.0,0.0,0.0,4
2023-05-09 21:02:42,i2401-C-610,i2401-C-610,95.4,0.0,0.0,0.0,21,68.6,136.3,1,95.4,0.0,0.0,0.0,0.0,0.0,4
2023-05-09 21:02:42,i2401-C-610,i2401-C-610,95.4,0.0,0.0,0.0,21,68.6,136.2,20,95.4,0.0,0.0,0.0,0.0,0.0,4
2023-05-09 21:02:43,i2401-C-610,i2401-C-610,95.4,0.0,0.0,0.0,21,68.6,135.9,1,95.4,0.0,0.0,0.0,0.0,0.0,4
2023-05-09 21:02:43,i2401-C-610,i2401-C-610,95.4,0.0,0.0,0.0,21,68.6,135.8,20,95.4,0.0,0.0,0.0,0.0,0.0,4
2023-05-09 21:02:44,i2401-C-610,i2401-C-610,95.4,0.0,0.0,0.0,21,68.6,135.5,1,95.4,0.0,0.0,0.0,0.0,0.0,4
2023-05-09 21:02:44,i2401-C-610,i2401-C-610,95.4,0.0,0.0,0.0,21,68.6,135.4,20,95.4,0.0,0.0,0.0,0.0,0.0,4
2023-05-09 21:02:45,i2401-C-610,i2401-C-610,95.4,0.0,0.0,0.0,21,68.6,135.1,1,95.4,0.0,0.0,0.0,0.0,0.0,4
2023-05-09 21:02:45,i2401-C-610,i2401-C-610,95.4,0.0,0.0,0.0,21,68.6,135.0,20,95.4,0.0,0.0,0.0,0.0,0.0,4
2023-05-09 21:02:46,i2401-C-610,i2401-C-610,95.4,0.0,0.0,0.0,21,68.6,134.7,1,95.4,0.0,0.0,0.0,0.0,0.0,4
2023-05-09 21:02:46,i2401-C-610,i2401-C-610,95.4,0.0,0.0,0.0,21,68.6,134.6,20,95.4,0.0,0.0,0.0,0.0,0.0,4
2023-05-09 21:02:47,i2401-C-610,i2401-C-610,95.4,0.0,0.0,0.0,21,68.6,134.3,1,95.4,0.0,0.0,0.0,0.0,0.0,4
2023-05-09 21:02:47,i2401-C-610,i2401-C-610,95.4,0.0,0.0,0.0,21,68.6,134.2,20,95.4,0.0,0.0,0.0,0.0,0.0,4
2023-05-09 21:02:48,i2401-C-610,i2401-C-610,95.4,0.0,0.0,0.0,21,68.6,133.9,1,95.4,0.0,0.0,0.0,0.0,0.0,4
2023-05-09 21:02:48,i2401-C-610,i2401-C-610,95.4,0.0,0.0,0.0,21,68.6,133.8,20,95.4,0.0,0.0,0.0,0.0,0.0,4
2023-05-09 21:02:49,i2401-C-610,i2401-C-610,95.4,0.0,0.0,0.0,21,68.6,133.5,1,95.4,0.0,0.0,0.0,0.0,0.0,4
2023-05-09 21:02:49,i2401-C-610,i2401-C-610,95.4,0.0,0.0,0.0,21,68.6,133.4,20,95.4,0.0,0.0,0.0,0.0,0.0,4
2023-05-09 21:02:50,i2401-C-610,i2401-C-610,95.4,0.0,0.0,0.0,21,68.6,133.1,1,95.4,0.0,0.0,0.0,0.0,0.0,4
2023-05-09 21:02:50,i2401-C-610,i2401-C-610,95.4,0.0,0.0,0.0,21,68.6,133.0,20,95.4,0.0,0.0,0.0,0.0,0.0,4
2023-05-09 21:02:51,i2401-C-610,i2401-C-610,95.4,0.0,0.0,0.0,21,68.6,132.7,1,95.4,0.0,0.0,0.0,0.0,0.0,4
2023-05-09 21:02:51,i2401-C-610,i2401-C-610,95.4,0.0,0.0,0.0,21,68.6,132.6,20,95.4,0.0,0.0,0.0,0.0,0.0,4
2023-05-09 21:02:52,i2401-C-610,i2401-C-610,95.4,0.0,0.0,0.0,21,68.6,132.3,1,95.4,0.0,0.0,0.0,0.0,0.0,4
2023-05-09 21:02:52,i2401-C-610,i2401-C-610,95.4,0.0,0.0,0.0,21,68.6,132.2,20,95.4,0.0,0.0,0.0,0.0,0.0,4
2023-05-09 21:02:53,i2401-C-610,i2401-C-610,95.4,0.0,0.0,0.0,21,68.6,131.9,1,95.4,0.0,0.0,0.0,0.0,0.0,4
2023-05-09 21:02:53,i2401-C-610,i2401-C-610,95.4,0.0,0.0,0.0,21,68.6,131.8,20,95.4,0.0,0.0,0.0,0.0,0.0,4
2023-05-09 21:02:54,i2401-C-610,i2401-C-610,95.4,0.0,0.0,0.0,21,68.6,131.5,1,95.4,0.0,0.0,0.0,0.0,0.0,4
2023-05-09 21:02:54,i2401-C-610,i2401-C-610,95.4,0.0,0.0,0.0,21,68.6,131.4,20,95.4,0.0,0.0,0.0,0.0,0.0,4
2023-05-09 21:02:55,i2401-C-610,i2401-C-610,95.4,0.0,0.0,0.0,21,68.6,131.1,1,95.4,0.0,0.0,0.0,0.0,0.0,4
2023-05-09 21:02:55,i2401-C-610,i2401-C-610,95.4,0.0,0.0,0.0,21,68.6,131.0,20,95.4,0.0,0.0,0.0,0.0,0.0,4
2023-05-09 21:02:56,i2401-C-610,i2401-C-610,95.4,0.0,0.0,0.0,21,68.6,130.7,1,95.4,0.0,0.0,0.0,0.0,0.0,4
2023-05-09 21:02:56,i2401-C-610,i2401-C-610,95.4,0.0,0.0,0.0,21,68.6,130.6,20,95.4,0.0,0.0,0.0,0.0,0.0,4
2023-05-09 21:02:57,i2401-C-610,i2401-C-610,95.4,0.0,0.0,0.0,21,68.6,130.3,1,95.4,0.0,0.0,0.0,0.0,0.0,4
2023-05-09 21:02:57,i2401-C-610,i2401-C-610,95.4,0.0,0.0,0.0,21,68.6,130.2,20,95.4,0.0,0.0,0.0,0.0,0.0,4
2023-05-09 21:02:58,i2401-C-610,i2401-C-610,95.4,0.0,0.0,0.0,21,68.6,129.9,1,95.4,0.0,0.0,0.0,0.0,0.0,4
2023-05-09 21:02:58,i2401-C-610,i2401-C-610,95.4,0.0,0.0,0.0,21,68.6,129.8,20,95.4,0.0,0.0,0.0,0.0,0.0,4
2023-05-09 21:02:59,i2401-C-610,i2401-C-610,95.4,0.0,0.0,0.0,21,68.6,129.5,1,95.4,0.0,0.0,0.0,0.0,0.0,4
2023-05-09 21:02:59,i2401-C-610,i2401-C-610,95.4,0.0,0.0,0.0,21,68.6,129.4,20,95.4,0.0,0.0,0.0,0.0,0.0,4
2023-05-09 21:03:00,i2401-C-610,i2401-C-610,95.4,0.0,0.0,0.0,21,68.6,129.1,1,95.4,0.0,0.0,0.0,0.0,0.0,4
2023-05-09 21:03:00,i2401-C-610,i2401-C-610,95.4,0.0,0.0,0.0,21,68.6,129.0,20,95.4,0.0,0.0,0.0,0.0,0.0,4
2023-05-09 21:03:01,i2401-C-610,i2401-C-610,95.4,0.0,0.0,0.0,21,68.6,128.7,1,95.4,0.0,0.0,0.0,0.0,0.0,4
2023-05-09 21:03:01,i2401-C-610,i2401-C-610,95.4,0.0,0.0,0.0,21,68.6,128.6,20,95.4,0.0,0.0,0.0,0.0,0.0,4
2023-05-09 21:03:02,i2401-C-610,i2401-C-610,95.4,0.0,0.0,0.0,21,68.6,128.3,1,95.4,0.0,0.0,0.0,0.0,0.0,4
2023-05-09 21:03:02,i2401-C-610,i2401-C-610,95.4,0.0,0.0,0.0,21,68.6,128.2,20,95.4,0.0,0.0,0.0,0.0,0.0,4
2023-05-09 21:03:03,i2401-C-610,i2401-C-610,95.4,0.0,0.0,0.0,21,68.6,127.9,1,95.4,0.0,0.0,0.0,0.0,0.0,4
2023-05-09 21:03:03,i2401-C-610,i2401-C-610,95.4,0.0,0.0,0.0,21,68.6,127.8,20,95.4,0.0,0.0,0.0,0.0,0.0,4
2023-05-09 21:03:04,i2401-C-610,i2401-C-610,95.4,0.0,0.0,0.0,21,68.6,127.5,1,95.4,0.0,0.0,0.0,0.0,0.0,4
2023-05-09 21:03:04,i2401-C-610,i2401-C-610,95.4,0.0,0.0,0.0,21,68.6,127.4,20,95.4,0.0,0.0,0.0,0.0,0.0,4
2023-05-09 21:03:05,i2401-C-610,i2401-C-610,95.4,0.0,0.0,0.0,21,68.6,127.1,1,95.4,0.0,0.0,0.0,0.0,0.0,4
2023-05-09 21:03:05,i2401-C-610,i2401-C-610,95.4,0.0,0.0,0.0,21,68.6,127.0,20,95.4,0.0,0.0,0.0,0.0,0.0,4
2023-05-09 21:03:06,i2401-C-610,i2401-C-610,95.4,0.0,0.0,0.0,21,68.6,126.7,1,95.4,0.0,0.0,0.0,0.0,0.0,4
2023-05-09 21:03:06,i2401-C-610,i2401-C-610,95.4,0.0,0.0,0.0,21,68.6,126.6,20,95.4,0.0,0.0,0.0,0.0,0.0,4
2023-05-09 21:03:07,i2401-C-610,i2401-C-610,95.4,0.0,0.0,0.0,21,68.6,126.3,1,95.4,0.0,0.0,0.0,0.0,0.0,4
2023-05-09 21:03:07,i2401-C-610,i2401-C-610,95.4,0.0,0.0,0.0,21,68.6,126.2,20,95.4,0.0,0.0,0.0,0.0,0.0,4
2023-05-09 21:03:08,i2401-C-610,i2401-C-610,95.4,0.0,0.0,0.0,21,68.6,125.9,1,95.4,0.0,0.0,0.0,0.0,0.0,4
2023-05-09 21:03:08,i2401-C-610,i2401-C-610,95.4,0.0,0.0,0.0,21,68.6,125.8,20,95.4,0.0,0.0,0.0,0.0,0.0,4
2023-05-09 21:03:09,i2401-C-610,i2401-C-610,95.4,0.0,0.0,0.0,21,68.6,125.5,1,95.4,0.0,0.0,0.0,0.0,0.0,4
2023-05-09 21:03:09,i2401-C-610,i2401-C-610,95.4,0.0,0.0,0.0,21,68.6,125.4,20,95.4,0.0,0.0,0.0,0.0,0.0,4
2023-05-09 21:03:10,i2401-C-610,i2401-C-610,95.4,0.0,0.0,0.0,21,68.6,125.1,1,95.4,0.0,0.0,0.0,0.0,0.0,4
2023-05-09 21:03:10,i2401-C-610,i2401-C-610,95.4,0.0,0.0,0.0,21,68.6,125.0,20,95.4,0.0,0.0,0.0,0.0,0.0,4
2023-05-09 21:03:11,i2401-C-610,i2401-C-610,95.4,0.0,0.0,0.0,21,68.6,124.7,1,95.4,0.0,0.0,0.0,0.0,0.0,4
2023-05-09 21:03:11,i2401-C-610,i2401-C-610,95.4,0.0,0.0,0.0,21,68.6,124.6,20,95.4,0.0,0.0,0.0,0.0,0.0,4
2023-05-09 21:03:12,i2401-C-610,i2401-C-610,95.4,0.0,0.0,0.0,21,68.6,124.3,1,95.4,0.0,0.0,0.0,0.0,0.0,4
2023-05-09 21:03:12,i2401-C-610,i2401-C-610,95.4,0.0,0.0,0.0,21,68.6,124.2,20,95.4,0.0,0.0,0.0,0.0,0.0,4
2023-05-09 21:03:13,i2401-C-610,i2401-C-610,95.4,0.0,0.0,0.0,21,68.6,123.9,1,95.4,0.0,0.0,0.0,0.0,0.0,4
2023-05-09 21:03:13,i2401-C-610,i2401-C-610,95.4,0.0,0.0,0.0,21,68.6,123.8,20,95.4,0.0,0.0,0.0,0.0,0.0,4
2023-05-09 21:03:14,i2401-C-610,i2401-C-610,95.4,0.0,0.0,0.0,21,68.6,123.5,1,95.4,0.0,0.0,0.0,0.0,0.0,4
2023-05-09 21:03:14,i2401-C-610,i2401-C-610,95.4,0.0,0.0,0.0,21,68.6,123.4,20,95.4,0.0,0.0,0.0,0.0,0.0,4
2023-05-09 21:03:15,i2401-C-610,i2401-C-610,95.4,0.0,0.0,0.0,21,68.6,123.1,1,95.4,0.0,0.0,0.0,0.0,0.0,4
2023-05-09 21:03:15,i2401-C-610,i2401-C-610,95.4,0.0,0.0,0.0,21,68.6,123.0,20,95.4,0.0,0.0,0.0,0.0,0.0,4
2023-05-09 21:03:16,i2401-C-610,i2401-C-610,95.4,0.0,0.0,0.0,21,68.6,122.7,1,95.4,0.0,0.0,0.0,0.0,0.0,4
2023-05-09 21:03:16,i2401-C-610,i2401-C-610,95.4,0.0,0.0,0.0,21,68.6,122.6,20,95.4,0.0,0.0,0.0,0.0,0.0,4
2023-05-09 21:03:17,i2401-C-610,i2401-C-610,95.4,0.0,0.0,0.0,21,68.6,122.3,1,95.4,0.0,0.0,0.0,0.0,0.0,4
2023-05-09 21:03:17,i2401-C-610,i2401-C-610,95.4,0.0,0.0,0.0,21,68.6,122.2,20,95.4,0.0,0.0,0.0,0.0,0.0,4
2023-05-09 21:03:18,i2401-C-610,i2401-C-610,95.4,0.0,0.0,0.0,21,68.6,121.9,1,95.4,0.0,0.0,0.0,0.0,0.0,4
2023-05-09 21:03:18,i2401-C-610,i2401-C-610,95.4,0.0,0.0,0.0,21,68.6,121.8,20,95.4,0.0,0.0,0.0,0.0,0.0,4
2023-05-09 21:03:19,i2401-C-610,i2401-C-610,95.4,0.0,0.0,0.0,21,68.6,121.5,1,95.4,0.0,0.0,0.0,0.0,0.0,4
2023-05-09 21:03:19,i2401-C-610,i2401-C-610,95.4,0.0,0.0,0.0,21,68.6,121.4,20,95.4,0.0,0.0,0.0,0.0,0.0,4
2023-05-09 21:03:20,i2401-C-610,i2401-C-610,95.4,0.0,0.0,0.0,21,68.6,121.1,1,95.4,0.0,0.0,0.0,0.0,0.0,4
2023-05-09 21:03:20,i2401-C-610,i2401-C-610,95.4,0.0,0.0,0.0,21,68.6,121.0,20,95.4,0.0,0.0,0.0,0.0,0.0,4
2023-05-09 21:03:21,i2401-C-610,i2401-C-610,95.4,0.0,0.0,0.0,21,68.6,120.7,1,95.4,0.0,0.0,0.0,0.0,0.0,4
2023-05-09 21:03:21,i2401-C-610,i2401-C-610,95.4,0.0,0.0,0.0,21,68.6,120.6,20,95.4,0.0,0.0,0.0,0.0,0.0,4
2023-05-09 21:22:22,i2401-C-610,i2401-C-610,95.4,0.0,0.0,0.0,21,68.6,120.3,1,95.4,0.0,0.0,0.0,0.0,0.0,4
2023-05-09 21:22:22,i2401-C-610,i2401-C-610,95.4,0.0,0.0,0.0,21,68.6,120.2,20,95.4,0.0,0.0,0.0,0.0,0.0,4
2023-05-09 21:22:23,i2401-C-610,i2401-C-610,95.4,0.0,0.0,0.0,21,68.6,119.9,1,95.4,0.0,0.0,0.0,0.0,0.0,4
2023-05-09 21:22:23,i2401-C-610,i2401-C-610,95.4,0.0,0.0,0.0,21,68.6,119.8,20,95.4,0.0,0.0,0.0,0.0,0.0,4
2023-05-09 21:22:24,i2401-C-610,i2401-C-610,95.4,0.0,0.0,0.0,21,68.6,119.5,1,95.4,0.0,0.0,0.0,0.0,0.0,4
2023-05-09 21:22:24,i2401-C-610,i2401-C-610,95.4,0.0,0.0,0.0,21,68.6,119.4,20,95.4,0.0,0.0,0.0,0.0,0.0,4
2023-05-09 21:22:25,i2401-C-610,i2401-C-610,95.4,0.0,0.0,0.0,21,68.6,119.1,1,95.4,0.0,0.0,0.0,0.0,0.0,4
2023-05-09 21:22:25,i2401-C-610,i2401-C-610,95.4,0.0,0.0,0.0,21,68.6,119.0,20,95.4,0.0,0.0,0.0,0.0,0.0,4
2023-05-09 21:22:26,i2401-C-610,i2401-C-610,95.4,0.0,0.0,0.0,21,68.6,118.7,1,95.4,0.0,0.0,0.0,0.0,0.0,4
2023-05-09 21:22:26,i2401-C-610,i2401-C-610,95.4,0.0,0.0,0.0,21,68.6,118.6,20,95.4,0.0,0.0,0.0,0.0,0.0,4
2023-05-09 21:22:27,i2401-C-610,i2401-C-610,95.4,0.0,0.0,0.0,21,68.6,118.3,1,95.4,0.0,0.0,0.0,0.0,0.0,4
2023-05-09 21:22:27,i2401-C-610,i2401-C-610,95.4,0.0,0.0,0.0,21,68.6,118.2,20,95.4,0.0,0.0,0.0,0.0,0.0,4
2023-05-09 21:22:28,i2401-C-610,i2401-C-610,95.4,0.0,0.0,0.0,21,68.6,117.9,1,95.4,0.0,0.0,0.0,0.0,0.0,4
2023-05-09 21:22:28,i2401-C-610,i2401-C-610,95.4,0.0,0.0,0.0,21,68.6,117.8,20,95.4,0.0,0.0,0.0,0.0,0.0,4
2023-05-09 21:22:29,i2401-C-610,i2401-C-610,95.4,0.0,0.0,0.0,21,68.6,117.5,1,95.4,0.0,0.0,0.0,0.0,0.0,4
2023-05-09 21:22:29,i2401-C-610,i2401-C-610,95.4,0.0,0.0,0.0,21,68.6,117.4,20,95.4,0.0,0.0,0.0,0.0,0.0,4
2023-05-09 21:22:30,i2401-C-610,i2401-C-610,95.4,0.0,0.0,0.0,21,68.6,117.1,1,95.4,0.0,0.0,0.0,0.0,0.0,4
2023-05-09 21:22:30,i2401-C-610,i2401-C-610,95.4,0.0,0.0,0.0,21,68.6,117.0,20,95.4,0.0,0.0,0.0,0.0,0.0,4
2023-05-09 21:22:31,i2401-C-610,i2401-C-610,95.4,0.0,0.0,0.0,21,68.6,116.7,1,95.4,0.0,0.0,0.0,0.0,0.0,4
2023-05-09 21:22:31,i2401-C-610,i2401-C-610,95.4,0.0,0.0,0.0,21,68.6,116.6,20,95.4,0.0,0.0,0.0,0.0,0.0,4
2023-05-09 21:31:05,i2401-C-610,i2401-C-610,95.4,0.0,0.0,0.0,1,68.7,116.6,20,95.4,0.0,0.0,0.0,0.0,0.0,4
2023-05-09 21:31:05,i2401-C-610,i2401-C-610,95.4,0.0,0.0,0.0,20,68.8,116.6,20,95.4,0.0,0.0,0.0,0.0,0.0,4
2023-05-09 21:42:22,i2401-C-610,i2401-C-610,95.4,0.0,0.0,0.0,1,69.1,116.3,1,95.4,0.0,0.0,0.0,0.0,0.0,4
2023-05-09 21:42:22,i2401-C-610,i2401-C-610,95.4,0.0,0.0,0.0,20,69.2,116.2,20,95.4,0.0,0.0,0.0,0.0,0.0,4
2023-05-09 21:42:23,i2401-C-610,i2401-C-610,95.4,0.0,0.0,0.0,1,69.5,116.2,20,95.4,0.0,0.0,0.0,0.0,0.0,4
2023-05-09 21:42:23,i2401-C-610,i2401-C-610,95.4,0.0,0.0,0.0,20,69.6,116.2,20,95.4,0.0,0.0,0.0,0.0,0.0,4
2023-05-09 21:42:24,i2401-C-610,i2401-C-610,95.4,0.0,0.0,0.0,1,69.9,116.2,20,95.4,0.0,0.0,0.0,0.0,0.0,4
2023-05-09 21:42:24,i2401-C-610,i2401-C-610,95.4,0.0,0.0,0.0,20,70.0,116.2,20,95.4,0.0,0.0,0.0,0.0,0.0,4
2023-05-09 21:42:25,i2401-C-610,i2401-C-610,95.4,0.0,0.0,0.0,1,70.3,116.2,20,95.4,0.0,0.0,0.0,0.0,0.0,4
2023-05-09 21:42:25,i2401-C-610,i2401-C-610,95.4,0.0,0.0,0.0,20,70.4,116.2,20,95.4,0.0,0.0,0.0,0.0,0.0,4
2023-05-09 21:42:26,i2401-C-610,i2401-C-610,95.4,0.0,0.0,0.0,1,70.7,116.2,20,95.4,0.0,0.0,0.0,0.0,0.0,4
2023-05-09 21:42:26,i2401-C-610,i2401-C-610,95.4,0.0,0.0,0.0,20,70.8,116.2,20,95.4,0.0,0.0,0.0,0.0,0.0,4
2023-05-09 21:42:27,i2401-C-610,i2401-C-610,95.4,0.0,0.0,0.0,1,71.1,116.2,20,95.4,0.0,0.0,0.0,0.0,0.0,4
2023-05-09 21:42:27,i2401-C-610,i2401-C-610,95.4,0.0,0.0,0.0,20,71.2,116.2,20,95.4,0.0,0.0,0.0,0.0,0.0,4
2023-05-09 21:42:28,i2401-C-610,i2401-C-610,95.4,0.0,0.0,0.0,1,71.5,116.2,20,95.4,0.0,0.0,0.0,0.0,0.0,4
2023-05-09 21:42:28,i2401-C-610,i2401-C-610,95.4,0.0,0.0,0.0,20,71.6,116.2,20,95.4,0.0,0.0,0.0,0.0,0.0,4
2023-05-09 21:42:29,i2401-C-610,i2401-C-610,95.4,0.0,0.0,0.0,1,71.9,116.2,20,95.4,0.0,0.0,0.0,0.0,0.0,4
2023-05-09 21:42:29,i2401-C-610,i2401-C-610,95.4,0.0,0.0,0.0,20,72.0,116.2,20,95.4,0.0,0.0,0.0,0.0,0.0,4
2023-05-09 22:01:05,i2401-C-610,i2401-C-610,95.4,0.0,0.0,0.0,1,72.1,116.2,20,95.4,0.0,0.0,0.0,0.0,0.0,4
2023-05-09 22:01:06,i2401-C-610,i2401-C-610,95.4,0.0,0.0,0.0,1,72.4,116.2,20,95.4,0.0,0.0,0.0,0.0,0.0,4
2023-05-09 22:01:06,i2401-C-610,i2401-C-610,95.4,0.0,0.0,0.0,20,72.5,116.2,20,95.4,0.0,0.0,0.0,0.0,0.0,4
2023-05-09 22:01:07,i2401-C-610,i2401-C-610,95.4,0.0,0.0,0.0,1,72.8,116.2,20,95.4,0.0,0.0,0.0,0.0,0.0,4
2023-05-09 22:01:07,i2401-C-610,i2401-C-610,95.4,0.0,0.0,0.0,20,72.9,116.2,20,95.4,0.0,0.0,0.0,0.0,0.0,4
2023-05-09 22:01:08,i2401-C-610,i2401-C-610,95.4,0.0,0.0,0.0,1,73.2,116.2,20,95.4,0.0,0.0,0.0,0.0,0.0,4
2023-05-09 22:01:08,i2401-C-610,i2401-C-610,95.4,0.0,0.0,0.0,20,73.3,116.2,20,95.4,0.0,0.0,0.0,0.0,0.0,4
2023-05-09 22:01:09,i2401-C-610,i2401-C-610,95.4,0.0,0.0,0.0,1,73.6,116.2,20,95.4,0.0,0.0,0.0,0.0,0.0,4
2023-05-09 22:01:09,i2401-C-610,i2401-C-610,95.4,0.0,0.0,0.0,20,73.7,116.2,20,95.4,0.0,0.0,0.0,0.0,0.0,4
2023-05-09 22:01:10,i2401-C-610,i2401-C-610,95.4,0.0,0.0,0.0,1,74.0,116.2,20,95.4,0.0,0.0,0.0,0.0,0.0,4
2023-05-09 22:01:10,i2401-C-610,i2401-C-610,95.4,0.0,0.0,0.0,20,74.1,116.2,20,95.4,0.0,0.0,0.0,0.0,0.0,4
2023-05-09 22:01:11,i2401-C-610,i2401-C-610,95.4,0.0,0.0,0.0,1,74.4,116.2,20,95.4,0.0,0.0,0.0,0.0,0.0,4
2023-05-09 22:01:11,i2401-C-610,i2401-C-610,95.4,0.0,0.0,0.0,20,74.5,116.2,20,95.4,0.0,0.0,0.0,0.0,0.0,4
2023-05-09 22:01:12,i2401-C-610,i2401-C-610,95.4,0.0,0.0,0.0,1,74.8,116.2,20,95.4,0.0,0.0,0.0,0.0,0.0,4
2023-05-09 22:01:12,i2401-C-610,i2401-C-610,95.4,0.0,0.0,0.0,20,74.9,116.2,20,95.4,0.0,0.0,0.0,0.0,0.0,4
2023-05-09 22:01:13,i2401-C-610,i2401-C-610,95.4,0.0,0.0,0.0,1,75.2,116.2,20,95.4,0.0,0.0,0.0,0.0,0.0,4
2023-05-09 22:01:13,i2401-C-610,i2401-C-610,95.4,0.0,0.0,0.0,20,75.3,116.2,20,95.4,0.0,0.0,0.0,0.0,0.0,4
2023-05-09 22:01:14,i2401-C-610,i2401-C-610,95.4,0.0,0.0,0.0,1,75.6,116.2,20,95.4,0.0,0.0,0.0,0.0,0.0,4
2023-05-09 22:01:14,i2401-C-610,i2401-C-610,95.4,0.0,0.0,0.0,20,75.7,116.2,20,95.4,0.0,0.0,0.0,0.0,0.0,4
2023-05-09 22:01:15,i2401-C-610,i2401-C-610,95.4,0.0,0.0,0.0,1,76.0,116.2,20,95.4,0.0,0.0,0.0,0.0,0.0,4
2023-05-09 22:01:15,i2401-C-610,i2401-C-610,95.4,0.0,0.0,0.0,20,76.1,116.2,20,95.4,0.0,0.0,0.0,0.0,0.0,4
2023-05-09 22:22:22,i2401-C-610,i2401-C-610,95.4,0.0,0.0,0.0,20,76.1,115.9,1,95.4,0.0,0.0,0.0,0.0,0.0,4
2023-05-09 22:22:22,i2401-C-610,i2401-C-610,95.4,0.0,0.0,0.0,20,76.1,115.8,20,95.4,0.0,0.0,0.0,0.0,0.0,4
2023-05-09 22:31:05,i2401-C-610,i2401-C-610,95.4,0.0,0.0,0.0,1,76.2,115.8,20,95.4,0.0,0.0,0.0,0.0,0.0,4
2023-05-09 22:31:06,i2401-C-610,i2401-C-610,95.4,0.0,0.0,0.0,20,76.3,115.5,1,95.4,0.0,0.0,0.0,0.0,0.0,4
2023-05-09 22:31:06,i2401-C-610,i2401-C-610,95.4,0.0,0.0,0.0,20,76.3,115.4,20,95.4,0.0,0.0,0.0,0.0,0.0,4
2023-05-09 22:31:07,i2401-C-610,i2401-C-610,95.4,0.0,0.0,0.0,20,76.3,115.1,1,95.4,0.0,0.0,0.0,0.0,0.0,4
2023-05-09 22:31:07,i2401-C-610,i2401-C-610,95.4,0.0,0.0,0.0,20,76.3,115.0,20,95.4,0.0,0.0,0.0,0.0,0.0,4
2023-05-09 22:31:08,i2401-C-610,i2401-C-610,95.4,0.0,0.0,0.0,20,76.3,114.7,1,95.4,0.0,0.0,0.0,0.0,0.0,4
2023-05-09 22:31:08,i2401-C-610,i2401-C-610,95.4,0.0,0.0,0.0,20,76.3,114.6,20,95.4,0.0,0.0,0.0,0.0,0.0,4
2023-05-09 22:31:09,i2401-C-610,i2401-C-610,95.4,0.0,0.0,0.0,20,76.3,114.3,1,95.4,0.0,0.0,0.0,0.0,0.0,4
2023-05-09 22:31:09,i2401-C-610,i2401-C-610,95.4,0.0,0.0,0.0,20,76.3,114.2,20,95.4,0.0,0.0,0.0,0.0,0.0,4
2023-05-09 22:57:32,i2401-C-610,i2401-C-610,95.4,0.0,0.0,0.0,1,76.2,0.0,0,95.4,0.0,0.0,0.0,0.0,0.0,4
2023-05-09 22:57:33,i2401-C-610,i2401-C-610,95.4,0.0,0.0,0.0,1,44.1,0.0,0,95.4,0.0,0.0,0.0,0.0,0.0,4
2023-05-09 22:57:34,i2401-C-610,i2401-C-610,95.4,0.0,0.0,0.0,1,44.4,169.1,1,95.4,0.0,0.0,0.0,0.0,0.0,4
2023-05-09 22:58:05,i2401-C-610,i2401-C-610,95.4,0.0,0.0,0.0,20,44.6,169.0,20,95.4,0.0,0.0,0.0,0.0,0.0,4
2023-05-09 22:58:08,i2401-C-610,i2401-C-610,95.4,0.0,0.0,0.0,1,44.9,168.7,1,95.4,0.0,0.0,0.0,0.0,0.0,4
2023-05-09 22:58:08,i2401-C-610,i2401-C-610,95.4,0.0,0.0,0.0,20,45.0,168.6,20,95.4,0.0,0.0,0.0,0.0,0.0,4
2023-05-09 22:58:09,i2401-C-610,i2401-C-610,95.4,0.0,0.0,0.0,1,45.3,168.3,1,95.4,0.0,0.0,0.0,0.0,0.0,4
2023-05-09 22:58:10,i2401-C-610,i2401-C-610,95.4,0.0,0.0,0.0,20,45.4,168.2,20,95.4,0.0,0.0,0.0,0.0,0.0,4
2023-05-09 22:58:55,i2401-C-610,i2401-C-610,95.4,0.0,0.0,0.0,1,40.0,0.0,0,95.4,0.0,0.0,0.0,0.0,0.0,4
2023-05-09 22:59:43,i2401-C-610,i2401-C-610,95.4,0.0,0.0,0.0,0,0.0,0.0,0,95.4,0.0,0.0,0.0,0.0,0.0,4
2023-05-10 09:00:17,i2401-C-610,i2401-C-610,95.4,0.0,0.0,0.0,1,40.0,0.0,0,95.4,0.0,0.0,0.0,0.0,0.0,4
2023-05-10 09:00:17,i2401-C-610,i2401-C-610,95.4,0.0,0.0,0.0,20,40.1,0.0,0,95.4,0.0,0.0,0.0,0.0,0.0,4
2023-05-10 09:01:10,i2401-C-610,i2401-C-610,95.4,0.0,0.0,0.0,1,40.2,0.0,0,95.4,0.0,0.0,0.0,0.0,0.0,4
2023-05-10 09:01:11,i2401-C-610,i2401-C-610,95.4,0.0,0.0,0.0,1,40.5,169.1,1,95.4,0.0,0.0,0.0,0.0,0.0,4
2023-05-10 09:01:11,i2401-C-610,i2401-C-610,95.4,0.0,0.0,0.0,20,40.6,169.0,20,95.4,0.0,0.0,0.0,0.0,0.0,4
2023-05-10 09:01:12,i2401-C-610,i2401-C-610,95.4,0.0,0.0,0.0,1,40.9,168.7,1,95.4,0.0,0.0,0.0,0.0,0.0,4
2023-05-10 09:01:12,i2401-C-610,i2401-C-610,95.4,0.0,0.0,0.0,20,41.0,168.6,20,95.4,0.0,0.0,0.0,0.0,0.0,4
2023-05-10 09:01:13,i2401-C-610,i2401-C-610,95.4,0.0,0.0,0.0,1,41.3,168.3,1,95.4,0.0,0.0,0.0,0.0,0.0,4
2023-05-10 09:01:13,i2401-C-610,i2401-C-610,95.4,0.0,0.0,0.0,20,41.4,168.2,20,95.4,0.0,0.0,0.0,0.0,0.0,4
2023-05-10 09:01:14,i2401-C-610,i2401-C-610,95.4,0.0,0.0,0.0,1,41.7,167.9,1,95.4,0.0,0.0,0.0,0.0,0.0,4
2023-05-10 09:01:14,i2401-C-610,i2401-C-610,95.4,0.0,0.0,0.0,20,41.8,167.8,20,95.4,0.0,0.0,0.0,0.0,0.0,4
2023-05-10 09:01:15,i2401-C-610,i2401-C-610,95.4,0.0,0.0,0.0,1,42.1,167.5,1,95.4,0.0,0.0,0.0,0.0,0.0,4
2023-05-10 09:01:15,i2401-C-610,i2401-C-610,95.4,0.0,0.0,0.0,20,42.2,167.4,20,95.4,0.0,0.0,0.0,0.0,0.0,4
2023-05-10 09:01:16,i2401-C-610,i2401-C-610,95.4,0.0,0.0,0.0,1,42.5,167.1,1,95.4,0.0,0.0,0.0,0.0,0.0,4
2023-05-10 09:01:16,i2401-C-610,i2401-C-610,95.4,0.0,0.0,0.0,20,42.6,167.0,20,95.4,0.0,0.0,0.0,0.0,0.0,4
2023-05-10 09:01:17,i2401-C-610,i2401-C-610,95.4,0.0,0.0,0.0,1,42.9,166.7,1,95.4,0.0,0.0,0.0,0.0,0.0,4
2023-05-10 09:01:17,i2401-C-610,i2401-C-610,95.4,0.0,0.0,0.0,20,43.0,166.6,20,95.4,0.0,0.0,0.0,0.0,0.0,4
2023-05-10 09:01:18,i2401-C-610,i2401-C-610,95.4,0.0,0.0,0.0,1,43.3,166.3,1,95.4,0.0,0.0,0.0,0.0,0.0,4
2023-05-10 09:01:18,i2401-C-610,i2401-C-610,95.4,0.0,0.0,0.0,20,43.4,166.2,20,95.4,0.0,0.0,0.0,0.0,0.0,4
2023-05-10 09:01:19,i2401-C-610,i2401-C-610,95.4,0.0,0.0,0.0,1,43.7,165.9,1,95.4,0.0,0.0,0.0,0.0,0.0,4
2023-05-10 09:01:19,i2401-C-610,i2401-C-610,95.4,0.0,0.0,0.0,20,43.8,165.8,20,95.4,0.0,0.0,0.0,0.0,0.0,4
2023-05-10 09:01:20,i2401-C-610,i2401-C-610,95.4,0.0,0.0,0.0,1,44.1,165.5,1,95.4,0.0,0.0,0.0,0.0,0.0,4
2023-05-10 09:01:20,i2401-C-610,i2401-C-610,95.4,0.0,0.0,0.0,20,44.2,165.4,20,95.4,0.0,0.0,0.0,0.0,0.0,4
2023-05-10 09:01:21,i2401-C-610,i2401-C-610,95.4,0.0,0.0,0.0,1,44.5,165.1,1,95.4,0.0,0.0,0.0,0.0,0.0,4
2023-05-10 09:01:21,i2401-C-610,i2401-C-610,95.4,0.0,0.0,0.0,20,44.6,165.0,20,95.4,0.0,0.0,0.0,0.0,0.0,4
2023-05-10 09:01:22,i2401-C-610,i2401-C-610,95.4,0.0,0.0,0.0,1,44.9,164.7,1,95.4,0.0,0.0,0.0,0.0,0.0,4
2023-05-10 09:01:22,i2401-C-610,i2401-C-610,95.4,0.0,0.0,0.0,20,45.0,164.6,20,95.4,0.0,0.0,0.0,0.0,0.0,4
2023-05-10 09:01:23,i2401-C-610,i2401-C-610,95.4,0.0,0.0,0.0,1,45.3,164.3,1,95.4,0.0,0.0,0.0,0.0,0.0,4
2023-05-10 09:01:23,i2401-C-610,i2401-C-610,95.4,0.0,0.0,0.0,20,45.4,164.2,20,95.4,0.0,0.0,0.0,0.0,0.0,4
2023-05-10 09:01:24,i2401-C-610,i2401-C-610,95.4,0.0,0.0,0.0,1,45.7,163.9,1,95.4,0.0,0.0,0.0,0.0,0.0,4
2023-05-10 09:01:24,i2401-C-610,i2401-C-610,95.4,0.0,0.0,0.0,20,45.8,163.8,20,95.4,0.0,0.0,0.0,0.0,0.0,4
2023-05-10 09:01:25,i2401-C-610,i2401-C-610,95.4,0.0,0.0,0.0,1,46.1,163.5,1,95.4,0.0,0.0,0.0,0.0,0.0,4
2023-05-10 09:01:25,i2401-C-610,i2401-C-610,95.4,0.0,0.0,0.0,20,46.2,163.4,20,95.4,0.0,0.0,0.0,0.0,0.0,4
2023-05-10 09:01:26,i2401-C-610,i2401-C-610,95.4,0.0,0.0,0.0,1,46.5,163.1,1,95.4,0.0,0.0,0.0,0.0,0.0,4
2023-05-10 09:01:26,i2401-C-610,i2401-C-610,95.4,0.0,0.0,0.0,20,46.6,163.0,20,95.4,0.0,0.0,0.0,0.0,0.0,4
2023-05-10 09:01:27,i2401-C-610,i2401-C-610,95.4,0.0,0.0,0.0,1,46.9,162.7,1,95.4,0.0,0.0,0.0,0.0,0.0,4
2023-05-10 09:01:27,i2401-C-610,i2401-C-610,95.4,0.0,0.0,0.0,20,47.0,162.6,20,95.4,0.0,0.0,0.0,0.0,0.0,4
2023-05-10 09:01:28,i2401-C-610,i2401-C-610,95.4,0.0,0.0,0.0,1,47.3,162.3,1,95.4,0.0,0.0,0.0,0.0,0.0,4
2023-05-10 09:01:28,i2401-C-610,i2401-C-610,95.4,0.0,0.0,0.0,20,47.4,162.2,20,95.4,0.0,0.0,0.0,0.0,0.0,4
2023-05-10 09:01:29,i2401-C-610,i2401-C-610,95.4,0.0,0.0,0.0,1,47.7,161.9,1,95.4,0.0,0.0,0.0,0.0,0.0,4
2023-05-10 09:01:29,i2401-C-610,i2401-C-610,95.4,0.0,0.0,0.0,20,47.8,161.8,20,95.4,0.0,0.0,0.0,0.0,0.0,4
2023-05-10 09:01:30,i2401-C-610,i2401-C-610,95.4,0.0,0.0,0.0,1,48.1,161.5,1,95.4,0.0,0.0,0.0,0.0,0.0,4
2023-05-10 09:01:30,i2401-C-610,i2401-C-610,95.4,0.0,0.0,0.0,20,48.2,161.4,20,95.4,0.0,0.0,0.0,0.0,0.0,4
2023-05-10 09:01:31,i2401-C-610,i2401-C-610,95.4,0.0,0.0,0.0,1,48.5,161.1,1,95.4,0.0,0.0,0.0,0.0,0.0,4
2023-05-10 09:01:31,i2401-C-610,i2401-C-610,95.4,0.0,0.0,0.0,20,48.6,161.0,20,95.4,0.0,0.0,0.0,0.0,0.0,4
2023-05-10 09:01:32,i2401-C-610,i2401-C-610,95.4,0.0,0.0,0.0,1,48.9,160.7,1,95.4,0.0,0.0,0.0,0.0,0.0,4
2023-05-10 09:01:32,i2401-C-610,i2401-C-610,95.4,0.0,0.0,0.0,20,49.0,160.6,20,95.4,0.0,0.0,0.0,0.0,0.0,4
2023-05-10 09:01:33,i2401-C-610,i2401-C-610,95.4,0.0,0.0,0.0,1,49.3,160.3,1,95.4,0.0,0.0,0.0,0.0,0.0,4
2023-05-10 09:01:33,i2401-C-610,i2401-C-610,95.4,0.0,0.0,0.0,20,49.4,160.2,20,95.4,0.0,0.0,0.0,0.0,0.0,4
2023-05-10 09:01:34,i2401-C-610,i2401-C-610,95.4,0.0,0.0,0.0,1,49.7,159.9,1,95.4,0.0,0.0,0.0,0.0,0.0,4
2023-05-10 09:01:34,i2401-C-610,i2401-C-610,95.4,0.0,0.0,0.0,20,49.8,159.8,20,95.4,0.0,0.0,0.0,0.0,0.0,4
2023-05-10 09:01:35,i2401-C-610,i2401-C-610,95.4,0.0,0.0,0.0,1,50.1,159.5,1,95.4,0.0,0.0,0.0,0.0,0.0,4
2023-05-10 09:01:35,i2401-C-610,i2401-C-610,95.4,0.0,0.0,0.0,20,50.2,159.4,20,95.4,0.0,0.0,0.0,0.0,0.0,4
2023-05-10 09:01:36,i2401-C-610,i2401-C-610,95.4,0.0,0.0,0.0,1,50.5,159.1,1,95.4,0.0,0.0,0.0,0.0,0.0,4
2023-05-10 09:01:36,i2401-C-610,i2401-C-610,95.4,0.0,0.0,0.0,20,50.6,159.0,20,95.4,0.0,0.0,0.0,0.0,0.0,4
2023-05-10 09:01:37,i2401-C-610,i2401-C-610,95.4,0.0,0.0,0.0,1,50.9,158.7,1,95.4,0.0,0.0,0.0,0.0,0.0,4
2023-05-10 09:01:37,i2401-C-610,i2401-C-610,95.4,0.0,0.0,0.0,20,51.0,158.6,20,95.4,0.0,0.0,0.0,0.0,0.0,4
2023-05-10 09:01:38,i2401-C-610,i2401-C-610,95.4,0.0,0.0,0.0,1,51.3,158.3,1,95.4,0.0,0.0,0.0,0.0,0.0,4
2023-05-10 09:01:38,i2401-C-610,i2401-C-610,95.4,0.0,0.0,0.0,20,51.4,158.2,20,95.4,0.0,0.0,0.0,0.0,0.0,4
2023-05-10 09:01:39,i2401-C-610,i2401-C-610,95.4,0.0,0.0,0.0,1,51.7,157.9,1,95.4,0.0,0.0,0.0,0.0,0.0,4
2023-05-10 09:01:39,i2401-C-610,i2401-C-610,95.4,0.0,0.0,0.0,20,51.8,157.8,20,95.4,0.0,0.0,0.0,0.0,0.0,4
2023-05-10 09:01:40,i2401-C-610,i2401-C-610,95.4,0.0,0.0,0.0,1,52.1,157.5,1,95.4,0.0,0.0,0.0,0.0,0.0,4
2023-05-10 09:01:40,i2401-C-610,i2401-C-610,95.4,0.0,0.0,0.0,20,52.2,157.4,20,95.4,0.0,0.0,0.0,0.0,0.0,4
2023-05-10 09:01:41,i2401-C-610,i2401-C-610,95.4,0.0,0.0,0.0,1,52.5,157.1,1,95.4,0.0,0.0,0.0,0.0,0.0,4
2023-05-10 09:01:41,i2401-C-610,i2401-C-610,95.4,0.0,0.0,0.0,20,52.6,157.0,20,95.4,0.0,0.0,0.0,0.0,0.0,4
2023-05-10 09:01:42,i2401-C-610,i2401-C-610,95.4,0.0,0.0,0.0,1,52.9,156.7,1,95.4,0.0,0.0,0.0,0.0,0.0,4
2023-05-10 09:01:42,i2401-C-610,i2401-C-610,95.4,0.0,0.0,0.0,20,53.0,156.6,20,95.4,0.0,0.0,0.0,0.0,0.0,4
2023-05-10 09:01:43,i2401-C-610,i2401-C-610,95.4,0.0,0.0,0.0,1,53.3,156.3,1,95.4,0.0,0.0,0.0,0.0,0.0,4
2023-05-10 09:01:43,i2401-C-610,i2401-C-610,95.4,0.0,0.0,0.0,20,53.4,156.2,20,95.4,0.0,0.0,0.0,0.0,0.0,4
2023-05-10 09:01:44,i2401-C-610,i2401-C-610,95.4,0.0,0.0,0.0,1,53.7,155.9,1,95.4,0.0,0.0,0.0,0.0,0.0,4
2023-05-10 09:01:45,i2401-C-610,i2401-C-610,95.4,0.0,0.0,0.0,20,53.8,155.8,20,95.4,0.0,0.0,0.0,0.0,0.0,4
2023-05-10 09:01:45,i2401-C-610,i2401-C-610,95.4,0.0,0.0,0.0,1,54.1,155.5,1,95.4,0.0,0.0,0.0,0.0,0.0,4
2023-05-10 09:01:46,i2401-C-610,i2401-C-610,95.4,0.0,0.0,0.0,20,54.2,155.4,20,95.4,0.0,0.0,0.0,0.0,0.0,4
2023-05-10 09:01:46,i2401-C-610,i2401-C-610,95.4,0.0,0.0,0.0,1,54.5,155.1,1,95.4,0.0,0.0,0.0,0.0,0.0,4
2023-05-10 09:01:47,i2401-C-610,i2401-C-610,95.4,0.0,0.0,0.0,20,54.6,155.0,20,95.4,0.0,0.0,0.0,0.0,0.0,4
2023-05-10 09:01:50,i2401-C-610,i2401-C-610,95.4,0.0,0.0,0.0,1,54.9,154.7,1,95.4,0.0,0.0,0.0,0.0,0.0,4
2023-05-10 09:01:51,i2401-C-610,i2401-C-610,95.4,0.0,0.0,0.0,20,55.0,154.6,20,95.4,0.0,0.0,0.0,0.0,0.0,4
2023-05-10 09:01:51,i2401-C-610,i2401-C-610,95.4,0.0,0.0,0.0,1,55.3,154.3,1,95.4,0.0,0.0,0.0,0.0,0.0,4
2023-05-10 09:01:52,i2401-C-610,i2401-C-610,95.4,0.0,0.0,0.0,20,55.4,154.2,20,95.4,0.0,0.0,0.0,0.0,0.0,4
2023-05-10 09:01:53,i2401-C-610,i2401-C-610,95.4,0.0,0.0,0.0,1,55.7,153.9,1,95.4,0.0,0.0,0.0,0.0,0.0,4
2023-05-10 09:01:53,i2401-C-610,i2401-C-610,95.4,0.0,0.0,0.0,20,55.8,153.8,20,95.4,0.0,0.0,0.0,0.0,0.0,4
2023-05-10 09:01:54,i2401-C-610,i2401-C-610,95.4,0.0,0.0,0.0,1,56.1,153.5,1,95.4,0.0,0.0,0.0,0.0,0.0,4
2023-05-10 09:01:54,i2401-C-610,i2401-C-610,95.4,0.0,0.0,0.0,20,56.2,153.4,20,95.4,0.0,0.0,0.0,0.0,0.0,4
2023-05-10 09:01:55,i2401-C-610,i2401-C-610,95.4,0.0,0.0,0.0,1,56.5,153.1,1,95.4,0.0,0.0,0.0,0.0,0.0,4
2023-05-10 09:01:55,i2401-C-610,i2401-C-610,95.4,0.0,0.0,0.0,20,56.6,153.0,20,95.4,0.0,0.0,0.0,0.0,0.0,4
2023-05-10 09:01:56,i2401-C-610,i2401-C-610,95.4,0.0,0.0,0.0,1,56.9,152.7,1,95.4,0.0,0.0,0.0,0.0,0.0,4
2023-05-10 09:01:56,i2401-C-610,i2401-C-610,95.4,0.0,0.0,0.0,20,57.0,152.6,20,95.4,0.0,0.0,0.0,0.0,0.0,4
2023-05-10 09:01:57,i2401-C-610,i2401-C-610,95.4,0.0,0.0,0.0,1,57.3,152.3,1,95.4,0.0,0.0,0.0,0.0,0.0,4
2023-05-10 09:01:57,i2401-C-610,i2401-C-610,95.4,0.0,0.0,0.0,20,57.4,152.2,20,95.4,0.0,0.0,0.0,0.0,0.0,4
2023-05-10 09:01:58,i2401-C-610,i2401-C-610,95.4,0.0,0.0,0.0,1,57.7,151.9,1,95.4,0.0,0.0,0.0,0.0,0.0,4
2023-05-10 09:01:59,i2401-C-610,i2401-C-610,95.4,0.0,0.0,0.0,20,57.8,151.8,20,95.4,0.0,0.0,0.0,0.0,0.0,4
2023-05-10 09:01:59,i2401-C-610,i2401-C-610,95.4,0.0,0.0,0.0,1,58.1,151.5,1,95.4,0.0,0.0,0.0,0.0,0.0,4
2023-05-10 09:01:59,i2401-C-610,i2401-C-610,95.4,0.0,0.0,0.0,20,58.2,151.4,20,95.4,0.0,0.0,0.0,0.0,0.0,4
2023-05-10 09:02:00,i2401-C-610,i2401-C-610,95.4,0.0,0.0,0.0,1,58.5,151.1,1,95.4,0.0,0.0,0.0,0.0,0.0,4
2023-05-10 09:02:00,i2401-C-610,i2401-C-610,95.4,0.0,0.0,0.0,20,58.6,151.0,20,95.4,0.0,0.0,0.0,0.0,0.0,4
2023-05-10 09:02:02,i2401-C-610,i2401-C-610,95.4,0.0,0.0,0.0,1,58.9,150.7,1,95.4,0.0,0.0,0.0,0.0,0.0,4
2023-05-10 09:02:03,i2401-C-610,i2401-C-610,95.4,0.0,0.0,0.0,20,59.0,150.6,20,95.4,0.0,0.0,0.0,0.0,0.0,4
2023-05-10 09:02:03,i2401-C-610,i2401-C-610,95.4,0.0,0.0,0.0,1,59.3,150.3,1,95.4,0.0,0.0,0.0,0.0,0.0,4
2023-05-10 09:02:04,i2401-C-610,i2401-C-610,95.4,0.0,0.0,0.0,20,59.4,150.2,20,95.4,0.0,0.0,0.0,0.0,0.0,4
2023-05-10 09:02:04,i2401-C-610,i2401-C-610,95.4,0.0,0.0,0.0,1,59.7,149.9,1,95.4,0.0,0.0,0.0,0.0,0.0,4
2023-05-10 09:02:04,i2401-C-610,i2401-C-610,95.4,0.0,0.0,0.0,20,59.8,149.8,20,95.4,0.0,0.0,0.0,0.0,0.0,4
2023-05-10 09:02:08,i2401-C-610,i2401-C-610,95.4,0.0,0.0,0.0,1,60.1,149.5,1,95.4,0.0,0.0,0.0,0.0,0.0,4
2023-05-10 09:02:08,i2401-C-610,i2401-C-610,95.4,0.0,0.0,0.0,20,60.2,149.4,20,95.4,0.0,0.0,0.0,0.0,0.0,4
2023-05-10 09:02:11,i2401-C-610,i2401-C-610,95.4,0.0,0.0,0.0,1,60.5,149.1,1,95.4,0.0,0.0,0.0,0.0,0.0,4
2023-05-10 09:02:11,i2401-C-610,i2401-C-610,95.4,0.0,0.0,0.0,20,60.6,149.0,20,95.4,0.0,0.0,0.0,0.0,0.0,4
2023-05-10 09:02:12,i2401-C-610,i2401-C-610,95.4,0.0,0.0,0.0,1,60.9,148.7,1,95.4,0.0,0.0,0.0,0.0,0.0,4
2023-05-10 09:02:12,i2401-C-610,i2401-C-610,95.4,0.0,0.0,0.0,20,61.0,148.6,20,95.4,0.0,0.0,0.0,0.0,0.0,4
2023-05-10 09:02:13,i2401-C-610,i2401-C-610,95.4,0.0,0.0,0.0,1,61.3,148.3,1,95.4,0.0,0.0,0.0,0.0,0.0,4
2023-05-10 09:02:13,i2401-C-610,i2401-C-610,95.4,0.0,0.0,0.0,20,61.4,148.2,20,95.4,0.0,0.0,0.0,0.0,0.0,4
2023-05-10 09:02:14,i2401-C-610,i2401-C-610,95.4,0.0,0.0,0.0,1,61.7,147.9,1,95.4,0.0,0.0,0.0,0.0,0.0,4
2023-05-10 09:02:15,i2401-C-610,i2401-C-610,95.4,0.0,0.0,0.0,20,61.8,147.8,20,95.4,0.0,0.0,0.0,0.0,0.0,4
2023-05-10 09:02:15,i2401-C-610,i2401-C-610,95.4,0.0,0.0,0.0,1,62.1,147.5,1,95.4,0.0,0.0,0.0,0.0,0.0,4
2023-05-10 09:02:16,i2401-C-610,i2401-C-610,95.4,0.0,0.0,0.0,20,62.2,147.4,20,95.4,0.0,0.0,0.0,0.0,0.0,4
2023-05-10 09:02:16,i2401-C-610,i2401-C-610,95.4,0.0,0.0,0.0,1,62.5,147.1,1,95.4,0.0,0.0,0.0,0.0,0.0,4
2023-05-10 09:02:16,i2401-C-610,i2401-C-610,95.4,0.0,0.0,0.0,20,62.6,147.0,20,95.4,0.0,0.0,0.0,0.0,0.0,4
2023-05-10 09:02:17,i2401-C-610,i2401-C-610,95.4,0.0,0.0,0.0,1,62.9,147.0,20,95.4,0.0,0.0,0.0,0.0,0.0,4
2023-05-10 09:02:18,i2401-C-610,i2401-C-610,95.4,0.0,0.0,0.0,20,63.0,146.7,1,95.4,0.0,0.0,0.0,0.0,0.0,4
2023-05-10 09:02:18,i2401-C-610,i2401-C-610,95.4,0.0,0.0,0.0,20,63.0,146.6,20,95.4,0.0,0.0,0.0,0.0,0.0,4
2023-05-10 09:02:19,i2401-C-610,i2401-C-610,95.4,0.0,0.0,0.0,1,63.3,146.3,1,95.4,0.0,0.0,0.0,0.0,0.0,4
2023-05-10 09:02:19,i2401-C-610,i2401-C-610,95.4,0.0,0.0,0.0,20,63.4,146.2,20,95.4,0.0,0.0,0.0,0.0,0.0,4
2023-05-10 09:02:20,i2401-C-610,i2401-C-610,95.4,0.0,0.0,0.0,1,63.7,145.9,1,95.4,0.0,0.0,0.0,0.0,0.0,4
2023-05-10 09:02:20,i2401-C-610,i2401-C-610,95.4,0.0,0.0,0.0,20,63.8,145.8,20,95.4,0.0,0.0,0.0,0.0,0.0,4
2023-05-10 09:02:21,i2401-C-610,i2401-C-610,95.4,0.0,0.0,0.0,1,64.1,145.5,1,95.4,0.0,0.0,0.0,0.0,0.0,4
2023-05-10 09:02:21,i2401-C-610,i2401-C-610,95.4,0.0,0.0,0.0,20,64.2,145.4,20,95.4,0.0,0.0,0.0,0.0,0.0,4
2023-05-10 09:02:23,i2401-C-610,i2401-C-610,95.4,0.0,0.0,0.0,1,64.5,145.1,1,95.4,0.0,0.0,0.0,0.0,0.0,4
2023-05-10 09:02:23,i2401-C-610,i2401-C-610,95.4,0.0,0.0,0.0,20,64.6,145.0,20,95.4,0.0,0.0,0.0,0.0,0.0,4
2023-05-10 09:02:24,i2401-C-610,i2401-C-610,95.4,0.0,0.0,0.0,1,64.9,144.7,1,95.4,0.0,0.0,0.0,0.0,0.0,4
2023-05-10 09:02:24,i2401-C-610,i2401-C-610,95.4,0.0,0.0,0.0,20,65.0,144.6,20,95.4,0.0,0.0,0.0,0.0,0.0,4
2023-05-10 09:02:25,i2401-C-610,i2401-C-610,95.4,0.0,0.0,0.0,1,65.3,144.3,1,95.4,0.0,0.0,0.0,0.0,0.0,4
2023-05-10 09:02:25,i2401-C-610,i2401-C-610,95.4,0.0,0.0,0.0,20,65.4,144.2,20,95.4,0.0,0.0,0.0,0.0,0.0,4
2023-05-10 09:02:26,i2401-C-610,i2401-C-610,95.4,0.0,0.0,0.0,1,65.7,143.9,1,95.4,0.0,0.0,0.0,0.0,0.0,4
2023-05-10 09:02:26,i2401-C-610,i2401-C-610,95.4,0.0,0.0,0.0,20,65.8,143.8,20,95.4,0.0,0.0,0.0,0.0,0.0,4
2023-05-10 09:02:27,i2401-C-610,i2401-C-610,95.4,0.0,0.0,0.0,1,66.1,143.5,1,95.4,0.0,0.0,0.0,0.0,0.0,4
2023-05-10 09:02:27,i2401-C-610,i2401-C-610,95.4,0.0,0.0,0.0,20,66.2,143.4,20,95.4,0.0,0.0,0.0,0.0,0.0,4
2023-05-10 09:02:28,i2401-C-610,i2401-C-610,95.4,0.0,0.0,0.0,1,66.5,143.1,1,95.4,0.0,0.0,0.0,0.0,0.0,4
2023-05-10 09:02:28,i2401-C-610,i2401-C-610,95.4,0.0,0.0,0.0,20,66.6,143.0,20,95.4,0.0,0.0,0.0,0.0,0.0,4
2023-05-10 09:02:29,i2401-C-610,i2401-C-610,95.4,0.0,0.0,0.0,1,66.9,142.7,1,95.4,0.0,0.0,0.0,0.0,0.0,4
2023-05-10 09:02:29,i2401-C-610,i2401-C-610,95.4,0.0,0.0,0.0,20,67.0,142.6,20,95.4,0.0,0.0,0.0,0.0,0.0,4
2023-05-10 09:02:30,i2401-C-610,i2401-C-610,95.4,0.0,0.0,0.0,1,67.3,142.3,1,95.4,0.0,0.0,0.0,0.0,0.0,4
2023-05-10 09:02:30,i2401-C-610,i2401-C-610,95.4,0.0,0.0,0.0,20,67.4,142.2,20,95.4,0.0,0.0,0.0,0.0,0.0,4
2023-05-10 09:02:31,i2401-C-610,i2401-C-610,95.4,0.0,0.0,0.0,1,67.7,141.9,1,95.4,0.0,0.0,0.0,0.0,0.0,4
2023-05-10 09:02:31,i2401-C-610,i2401-C-610,95.4,0.0,0.0,0.0,20,67.8,141.8,20,95.4,0.0,0.0,0.0,0.0,0.0,4
2023-05-10 09:02:32,i2401-C-610,i2401-C-610,95.4,0.0,0.0,0.0,1,68.1,141.5,1,95.4,0.0,0.0,0.0,0.0,0.0,4
2023-05-10 09:02:32,i2401-C-610,i2401-C-610,95.4,0.0,0.0,0.0,20,68.2,141.4,20,95.4,0.0,0.0,0.0,0.0,0.0,4
2023-05-10 09:02:33,i2401-C-610,i2401-C-610,95.4,0.0,0.0,0.0,1,68.5,141.1,1,95.4,0.0,0.0,0.0,0.0,0.0,4
2023-05-10 09:02:33,i2401-C-610,i2401-C-610,95.4,0.0,0.0,0.0,20,68.6,141.0,20,95.4,0.0,0.0,0.0,0.0,0.0,4
2023-05-10 09:02:34,i2401-C-610,i2401-C-610,95.4,0.0,0.0,0.0,1,68.9,140.7,1,95.4,0.0,0.0,0.0,0.0,0.0,4
2023-05-10 09:02:34,i2401-C-610,i2401-C-610,95.4,0.0,0.0,0.0,20,69.0,140.6,20,95.4,0.0,0.0,0.0,0.0,0.0,4
2023-05-10 09:02:36,i2401-C-610,i2401-C-610,95.4,0.0,0.0,0.0,1,69.3,140.3,1,95.4,0.0,0.0,0.0,0.0,0.0,4
2023-05-10 09:02:36,i2401-C-610,i2401-C-610,95.4,0.0,0.0,0.0,20,69.4,140.2,20,95.4,0.0,0.0,0.0,0.0,0.0,4
2023-05-10 09:02:37,i2401-C-610,i2401-C-610,95.4,0.0,0.0,0.0,1,69.7,139.9,1,95.4,0.0,0.0,0.0,0.0,0.0,4
2023-05-10 09:02:37,i2401-C-610,i2401-C-610,95.4,0.0,0.0,0.0,20,69.8,139.8,20,95.4,0.0,0.0,0.0,0.0,0.0,4
2023-05-10 09:02:38,i2401-C-610,i2401-C-610,95.4,0.0,0.0,0.0,1,70.1,139.5,1,95.4,0.0,0.0,0.0,0.0,0.0,4
2023-05-10 09:02:38,i2401-C-610,i2401-C-610,95.4,0.0,0.0,0.0,20,70.2,139.4,20,95.4,0.0,0.0,0.0,0.0,0.0,4
2023-05-10 09:02:39,i2401-C-610,i2401-C-610,95.4,0.0,0.0,0.0,1,70.5,139.1,1,95.4,0.0,0.0,0.0,0.0,0.0,4
2023-05-10 09:02:39,i2401-C-610,i2401-C-610,95.4,0.0,0.0,0.0,20,70.6,139.0,20,95.4,0.0,0.0,0.0,0.0,0.0,4
2023-05-10 09:02:40,i2401-C-610,i2401-C-610,95.4,0.0,0.0,0.0,1,70.9,138.7,1,95.4,0.0,0.0,0.0,0.0,0.0,4
2023-05-10 09:02:40,i2401-C-610,i2401-C-610,95.4,0.0,0.0,0.0,20,71.0,138.6,20,95.4,0.0,0.0,0.0,0.0,0.0,4
2023-05-10 09:02:41,i2401-C-610,i2401-C-610,95.4,0.0,0.0,0.0,20,71.4,138.2,20,95.4,0.0,0.0,0.0,0.0,0.0,4
2023-05-10 09:02:43,i2401-C-610,i2401-C-610,95.4,0.0,0.0,0.0,1,71.7,137.9,1,95.4,0.0,0.0,0.0,0.0,0.0,4
2023-05-10 09:02:43,i2401-C-610,i2401-C-610,95.4,0.0,0.0,0.0,20,71.8,137.8,20,95.4,0.0,0.0,0.0,0.0,0.0,4
2023-05-10 09:02:44,i2401-C-610,i2401-C-610,95.4,0.0,0.0,0.0,1,72.1,137.5,1,95.4,0.0,0.0,0.0,0.0,0.0,4
2023-05-10 09:02:44,i2401-C-610,i2401-C-610,95.4,0.0,0.0,0.0,20,72.2,137.4,20,95.4,0.0,0.0,0.0,0.0,0.0,4
2023-05-10 09:02:46,i2401-C-610,i2401-C-610,95.4,0.0,0.0,0.0,1,72.5,137.1,1,95.4,0.0,0.0,0.0,0.0,0.0,4
2023-05-10 09:02:46,i2401-C-610,i2401-C-610,95.4,0.0,0.0,0.0,20,72.6,137.0,20,95.4,0.0,0.0,0.0,0.0,0.0,4
2023-05-10 09:02:47,i2401-C-610,i2401-C-610,95.4,0.0,0.0,0.0,1,72.9,136.7,1,95.4,0.0,0.0,0.0,0.0,0.0,4
2023-05-10 09:02:47,i2401-C-610,i2401-C-610,95.4,0.0,0.0,0.0,20,73.0,136.6,20,95.4,0.0,0.0,0.0,0.0,0.0,4
2023-05-10 09:02:48,i2401-C-610,i2401-C-610,95.4,0.0,0.0,0.0,1,73.3,136.3,1,95.4,0.0,0.0,0.0,0.0,0.0,4
2023-05-10 09:02:48,i2401-C-610,i2401-C-610,95.4,0.0,0.0,0.0,20,73.4,136.2,20,95.4,0.0,0.0,0.0,0.0,0.0,4
2023-05-10 09:02:49,i2401-C-610,i2401-C-610,95.4,0.0,0.0,0.0,1,73.7,135.9,1,95.4,0.0,0.0,0.0,0.0,0.0,4
2023-05-10 09:02:49,i2401-C-610,i2401-C-610,95.4,0.0,0.0,0.0,20,73.8,135.8,20,95.4,0.0,0.0,0.0,0.0,0.0,4
2023-05-10 09:02:50,i2401-C-610,i2401-C-610,95.4,0.0,0.0,0.0,1,74.1,135.5,1,95.4,0.0,0.0,0.0,0.0,0.0,4
2023-05-10 09:02:50,i2401-C-610,i2401-C-610,95.4,0.0,0.0,0.0,20,74.2,135.4,20,95.4,0.0,0.0,0.0,0.0,0.0,4
2023-05-10 09:02:51,i2401-C-610,i2401-C-610,95.4,0.0,0.0,0.0,1,74.5,135.1,1,95.4,0.0,0.0,0.0,0.0,0.0,4
2023-05-10 09:02:51,i2401-C-610,i2401-C-610,95.4,0.0,0.0,0.0,20,74.6,135.0,20,95.4,0.0,0.0,0.0,0.0,0.0,4
2023-05-10 09:02:52,i2401-C-610,i2401-C-610,95.4,0.0,0.0,0.0,1,74.9,134.7,1,95.4,0.0,0.0,0.0,0.0,0.0,4
2023-05-10 09:02:52,i2401-C-610,i2401-C-610,95.4,0.0,0.0,0.0,20,75.0,134.6,20,95.4,0.0,0.0,0.0,0.0,0.0,4
2023-05-10 09:02:53,i2401-C-610,i2401-C-610,95.4,0.0,0.0,0.0,1,75.3,134.3,1,95.4,0.0,0.0,0.0,0.0,0.0,4
2023-05-10 09:02:53,i2401-C-610,i2401-C-610,95.4,0.0,0.0,0.0,20,75.4,134.2,20,95.4,0.0,0.0,0.0,0.0,0.0,4
2023-05-10 09:02:54,i2401-C-610,i2401-C-610,95.4,0.0,0.0,0.0,1,75.7,133.9,1,95.4,0.0,0.0,0.0,0.0,0.0,4
2023-05-10 09:02:54,i2401-C-610,i2401-C-610,95.4,0.0,0.0,0.0,1,75.7,133.8,20,95.4,0.0,0.0,0.0,0.0,0.0,4
2023-05-10 09:02:55,i2401-C-610,i2401-C-610,95.4,0.0,0.0,0.0,1,75.7,133.5,1,95.4,0.0,0.0,0.0,0.0,0.0,4
2023-05-10 09:02:55,i2401-C-610,i2401-C-610,95.4,0.0,0.0,0.0,21,75.7,133.4,20,95.4,0.0,0.0,0.0,0.0,0.0,4
2023-05-10 09:02:56,i2401-C-610,i2401-C-610,95.4,0.0,0.0,0.0,21,75.7,133.1,1,95.4,0.0,0.0,0.0,0.0,0.0,4
2023-05-10 09:02:56,i2401-C-610,i2401-C-610,95.4,0.0,0.0,0.0,21,75.7,133.0,20,95.4,0.0,0.0,0.0,0.0,0.0,4
2023-05-10 09:02:58,i2401-C-610,i2401-C-610,95.4,0.0,0.0,0.0,1,75.7,133.0,20,95.4,0.0,0.0,0.0,0.0,0.0,4
2023-05-10 09:03:28,i2401-C-610,i2401-C-610,95.4,0.0,0.0,0.0,20,75.8,133.0,20,95.4,0.0,0.0,0.0,0.0,0.0,4
2023-05-10 09:22:21,i2401-C-610,i2401-C-610,95.4,0.0,0.0,0.0,1,76.1,132.7,1,95.4,0.0,0.0,0.0,0.0,0.0,4
2023-05-10 09:22:21,i2401-C-610,i2401-C-610,95.4,0.0,0.0,0.0,20,76.2,132.6,20,95.4,0.0,0.0,0.0,0.0,0.0,4
2023-05-10 09:22:22,i2401-C-610,i2401-C-610,95.4,0.0,0.0,0.0,1,76.5,132.3,1,95.4,0.0,0.0,0.0,0.0,0.0,4
2023-05-10 09:22:22,i2401-C-610,i2401-C-610,95.4,0.0,0.0,0.0,20,76.6,132.2,20,95.4,0.0,0.0,0.0,0.0,0.0,4
2023-05-10 09:22:23,i2401-C-610,i2401-C-610,95.4,0.0,0.0,0.0,1,76.9,131.9,1,95.4,0.0,0.0,0.0,0.0,0.0,4
2023-05-10 09:22:23,i2401-C-610,i2401-C-610,95.4,0.0,0.0,0.0,20,77.0,131.8,20,95.4,0.0,0.0,0.0,0.0,0.0,4
2023-05-10 09:22:24,i2401-C-610,i2401-C-610,95.4,0.0,0.0,0.0,1,77.3,131.5,1,95.4,0.0,0.0,0.0,0.0,0.0,4
2023-05-10 09:22:24,i2401-C-610,i2401-C-610,95.4,0.0,0.0,0.0,20,77.4,131.4,20,95.4,0.0,0.0,0.0,0.0,0.0,4
2023-05-10 09:22:25,i2401-C-610,i2401-C-610,95.4,0.0,0.0,0.0,1,77.7,131.1,1,95.4,0.0,0.0,0.0,0.0,0.0,4
2023-05-10 09:22:25,i2401-C-610,i2401-C-610,95.4,0.0,0.0,0.0,20,77.8,131.0,20,95.4,0.0,0.0,0.0,0.0,0.0,4
2023-05-10 09:42:09,i2401-C-610,i2401-C-610,95.4,0.0,0.0,0.0,1,77.9,131.0,20,95.4,0.0,0.0,0.0,0.0,0.0,4
2023-05-10 09:42:10,i2401-C-610,i2401-C-610,95.4,0.0,0.0,0.0,20,78.0,130.7,1,95.4,0.0,0.0,0.0,0.0,0.0,4
2023-05-10 09:42:10,i2401-C-610,i2401-C-610,95.4,0.0,0.0,0.0,20,78.0,130.6,20,95.4,0.0,0.0,0.0,0.0,0.0,4
2023-05-10 09:42:11,i2401-C-610,i2401-C-610,95.4,0.0,0.0,0.0,20,78.0,130.3,1,95.4,0.0,0.0,0.0,0.0,0.0,4
2023-05-10 09:42:11,i2401-C-610,i2401-C-610,95.4,0.0,0.0,0.0,20,78.0,130.2,20,95.4,0.0,0.0,0.0,0.0,0.0,4
2023-05-10 09:42:12,i2401-C-610,i2401-C-610,95.4,0.0,0.0,0.0,20,78.0,129.9,1,95.4,0.0,0.0,0.0,0.0,0.0,4
2023-05-10 09:42:12,i2401-C-610,i2401-C-610,95.4,0.0,0.0,0.0,20,78.0,129.8,20,95.4,0.0,0.0,0.0,0.0,0.0,4
2023-05-10 09:42:13,i2401-C-610,i2401-C-610,95.4,0.0,0.0,0.0,20,78.0,129.5,1,95.4,0.0,0.0,0.0,0.0,0.0,4
2023-05-10 09:42:13,i2401-C-610,i2401-C-610,95.4,0.0,0.0,0.0,20,78.0,129.4,20,95.4,0.0,0.0,0.0,0.0,0.0,4
2023-05-10 09:42:14,i2401-C-610,i2401-C-610,95.4,0.0,0.0,0.0,20,78.0,129.1,1,95.4,0.0,0.0,0.0,0.0,0.0,4
2023-05-10 09:42:14,i2401-C-610,i2401-C-610,95.4,0.0,0.0,0.0,20,78.0,129.0,20,95.4,0.0,0.0,0.0,0.0,0.0,4
2023-05-10 09:42:15,i2401-C-610,i2401-C-610,95.4,0.0,0.0,0.0,20,78.0,128.7,1,95.4,0.0,0.0,0.0,0.0,0.0,4
2023-05-10 09:42:15,i2401-C-610,i2401-C-610,95.4,0.0,0.0,0.0,20,78.0,128.6,20,95.4,0.0,0.0,0.0,0.0,0.0,4
2023-05-10 09:42:16,i2401-C-610,i2401-C-610,95.4,0.0,0.0,0.0,20,78.0,128.3,1,95.4,0.0,0.0,0.0,0.0,0.0,4
2023-05-10 09:42:16,i2401-C-610,i2401-C-610,95.4,0.0,0.0,0.0,20,78.0,128.2,20,95.4,0.0,0.0,0.0,0.0,0.0,4
2023-05-10 09:42:17,i2401-C-610,i2401-C-610,95.4,0.0,0.0,0.0,20,78.0,127.9,1,95.4,0.0,0.0,0.0,0.0,0.0,4
2023-05-10 09:42:17,i2401-C-610,i2401-C-610,95.4,0.0,0.0,0.0,20,78.0,127.8,20,95.4,0.0,0.0,0.0,0.0,0.0,4
2023-05-10 09:42:18,i2401-C-610,i2401-C-610,95.4,0.0,0.0,0.0,20,78.0,127.5,1,95.4,0.0,0.0,0.0,0.0,0.0,4
2023-05-10 09:42:18,i2401-C-610,i2401-C-610,95.4,0.0,0.0,0.0,20,78.0,127.4,20,95.4,0.0,0.0,0.0,0.0,0.0,4
2023-05-10 09:52:21,i2401-C-610,i2401-C-610,95.4,0.0,0.0,0.0,20,78.0,127.1,1,95.4,0.0,0.0,0.0,0.0,0.0,4
2023-05-10 09:52:21,i2401-C-610,i2401-C-610,95.4,0.0,0.0,0.0,20,78.0,127.0,20,95.4,0.0,0.0,0.0,0.0,0.0,4
2023-05-10 09:52:22,i2401-C-610,i2401-C-610,95.4,0.0,0.0,0.0,20,78.0,126.7,1,95.4,0.0,0.0,0.0,0.0,0.0,4
2023-05-10 09:52:22,i2401-C-610,i2401-C-610,95.4,0.0,0.0,0.0,20,78.0,126.6,20,95.4,0.0,0.0,0.0,0.0,0.0,4
2023-05-10 09:52:23,i2401-C-610,i2401-C-610,95.4,0.0,0.0,0.0,20,78.0,126.3,1,95.4,0.0,0.0,0.0,0.0,0.0,4
2023-05-10 09:52:23,i2401-C-610,i2401-C-610,95.4,0.0,0.0,0.0,20,78.0,126.2,20,95.4,0.0,0.0,0.0,0.0,0.0,4
2023-05-10 09:52:24,i2401-C-610,i2401-C-610,95.4,0.0,0.0,0.0,20,78.0,125.9,1,95.4,0.0,0.0,0.0,0.0,0.0,4
2023-05-10 09:52:24,i2401-C-610,i2401-C-610,95.4,0.0,0.0,0.0,20,78.0,125.8,20,95.4,0.0,0.0,0.0,0.0,0.0,4
2023-05-10 09:52:25,i2401-C-610,i2401-C-610,95.4,0.0,0.0,0.0,20,78.0,125.5,1,95.4,0.0,0.0,0.0,0.0,0.0,4
2023-05-10 09:52:25,i2401-C-610,i2401-C-610,95.4,0.0,0.0,0.0,20,78.0,125.4,20,95.4,0.0,0.0,0.0,0.0,0.0,4
2023-05-10 09:52:26,i2401-C-610,i2401-C-610,95.4,0.0,0.0,0.0,20,78.0,125.1,1,95.4,0.0,0.0,0.0,0.0,0.0,4
2023-05-10 09:52:26,i2401-C-610,i2401-C-610,95.4,0.0,0.0,0.0,20,78.0,125.0,20,95.4,0.0,0.0,0.0,0.0,0.0,4
2023-05-10 09:52:27,i2401-C-610,i2401-C-610,95.4,0.0,0.0,0.0,20,78.0,124.7,1,95.4,0.0,0.0,0.0,0.0,0.0,4
2023-05-10 09:52:27,i2401-C-610,i2401-C-610,95.4,0.0,0.0,0.0,20,78.0,124.6,20,95.4,0.0,0.0,0.0,0.0,0.0,4
2023-05-10 09:52:28,i2401-C-610,i2401-C-610,95.4,0.0,0.0,0.0,20,78.0,124.3,1,95.4,0.0,0.0,0.0,0.0,0.0,4
2023-05-10 09:52:28,i2401-C-610,i2401-C-610,95.4,0.0,0.0,0.0,20,78.0,124.2,20,95.4,0.0,0.0,0.0,0.0,0.0,4
2023-05-10 09:52:29,i2401-C-610,i2401-C-610,95.4,0.0,0.0,0.0,20,78.0,123.9,1,95.4,0.0,0.0,0.0,0.0,0.0,4
2023-05-10 09:52:29,i2401-C-610,i2401-C-610,95.4,0.0,0.0,0.0,20,78.0,123.8,20,95.4,0.0,0.0,0.0,0.0,0.0,4
2023-05-10 09:52:30,i2401-C-610,i2401-C-610,95.4,0.0,0.0,0.0,20,78.0,123.5,1,95.4,0.0,0.0,0.0,0.0,0.0,4
2023-05-10 09:52:30,i2401-C-610,i2401-C-610,95.4,0.0,0.0,0.0,20,78.0,123.4,20,95.4,0.0,0.0,0.0,0.0,0.0,4
2023-05-10 10:12:21,i2401-C-610,i2401-C-610,95.4,0.0,0.0,0.0,20,78.0,123.1,1,95.4,0.0,0.0,0.0,0.0,0.0,4
2023-05-10 10:12:21,i2401-C-610,i2401-C-610,95.4,0.0,0.0,0.0,20,78.0,123.0,20,95.4,0.0,0.0,0.0,0.0,0.0,4
2023-05-10 10:12:22,i2401-C-610,i2401-C-610,95.4,0.0,0.0,0.0,20,78.0,122.7,1,95.4,0.0,0.0,0.0,0.0,0.0,4
2023-05-10 10:12:22,i2401-C-610,i2401-C-610,95.4,0.0,0.0,0.0,20,78.0,122.6,20,95.4,0.0,0.0,0.0,0.0,0.0,4
2023-05-10 10:12:23,i2401-C-610,i2401-C-610,95.4,0.0,0.0,0.0,20,78.0,122.3,1,95.4,0.0,0.0,0.0,0.0,0.0,4
2023-05-10 10:12:23,i2401-C-610,i2401-C-610,95.4,0.0,0.0,0.0,20,78.0,122.2,20,95.4,0.0,0.0,0.0,0.0,0.0,4
2023-05-10 10:12:24,i2401-C-610,i2401-C-610,95.4,0.0,0.0,0.0,20,78.0,121.9,1,95.4,0.0,0.0,0.0,0.0,0.0,4
2023-05-10 10:12:24,i2401-C-610,i2401-C-610,95.4,0.0,0.0,0.0,20,78.0,121.8,20,95.4,0.0,0.0,0.0,0.0,0.0,4
2023-05-10 10:12:25,i2401-C-610,i2401-C-610,95.4,0.0,0.0,0.0,20,78.0,121.5,1,95.4,0.0,0.0,0.0,0.0,0.0,4
2023-05-10 10:12:25,i2401-C-610,i2401-C-610,95.4,0.0,0.0,0.0,20,78.0,121.4,20,95.4,0.0,0.0,0.0,0.0,0.0,4
2023-05-10 10:12:26,i2401-C-610,i2401-C-610,95.4,0.0,0.0,0.0,20,78.0,121.1,1,95.4,0.0,0.0,0.0,0.0,0.0,4
2023-05-10 10:12:26,i2401-C-610,i2401-C-610,95.4,0.0,0.0,0.0,20,78.0,121.0,20,95.4,0.0,0.0,0.0,0.0,0.0,4
2023-05-10 10:12:27,i2401-C-610,i2401-C-610,95.4,0.0,0.0,0.0,20,78.0,120.7,1,95.4,0.0,0.0,0.0,0.0,0.0,4
2023-05-10 10:12:27,i2401-C-610,i2401-C-610,95.4,0.0,0.0,0.0,20,78.0,120.6,20,95.4,0.0,0.0,0.0,0.0,0.0,4
2023-05-10 10:12:28,i2401-C-610,i2401-C-610,95.4,0.0,0.0,0.0,20,78.0,120.3,1,95.4,0.0,0.0,0.0,0.0,0.0,4
2023-05-10 10:12:28,i2401-C-610,i2401-C-610,95.4,0.0,0.0,0.0,20,78.0,120.2,20,95.4,0.0,0.0,0.0,0.0,0.0,4
2023-05-10 10:12:29,i2401-C-610,i2401-C-610,95.4,0.0,0.0,0.0,20,78.0,119.9,1,95.4,0.0,0.0,0.0,0.0,0.0,4
2023-05-10 10:12:29,i2401-C-610,i2401-C-610,95.4,0.0,0.0,0.0,20,78.0,119.8,20,95.4,0.0,0.0,0.0,0.0,0.0,4
2023-05-10 10:12:30,i2401-C-610,i2401-C-610,95.4,0.0,0.0,0.0,20,78.0,119.5,1,95.4,0.0,0.0,0.0,0.0,0.0,4
2023-05-10 10:12:30,i2401-C-610,i2401-C-610,95.4,0.0,0.0,0.0,20,78.0,119.4,20,95.4,0.0,0.0,0.0,0.0,0.0,4
2023-05-10 10:14:32,i2401-C-610,i2401-C-610,95.4,0.0,0.0,0.0,1,77.9,0.0,0,95.4,0.0,0.0,0.0,0.0,0.0,4
2023-05-10 10:30:05,i2401-C-610,i2401-C-610,95.4,0.0,0.0,0.0,20,78.0,0.0,0,95.4,0.0,0.0,0.0,0.0,0.0,4
2023-05-10 10:56:37,i2401-C-610,i2401-C-610,95.4,0.0,0.0,0.0,1,78.1,0.0,0,95.4,0.0,0.0,0.0,0.0,0.0,4
2023-05-10 10:56:37,i2401-C-610,i2401-C-610,95.4,0.0,0.0,0.0,20,78.2,0.0,0,95.4,0.0,0.0,0.0,0.0,0.0,4
2023-05-10 11:29:32,i2401-C-610,i2401-C-610,95.4,0.0,0.0,0.0,1,78.1,0.0,0,95.4,0.0,0.0,0.0,0.0,0.0,4
2023-05-10 11:29:44,i2401-C-610,i2401-C-610,95.4,0.0,0.0,0.0,1,40.0,0.0,0,95.4,0.0,0.0,0.0,0.0,0.0,4
2023-05-10 13:30:02,i2401-C-610,i2401-C-610,95.4,0.0,0.0,0.0,20,40.1,0.0,0,95.4,0.0,0.0,0.0,0.0,0.0,4
2023-05-10 13:30:50,i2401-C-610,i2401-C-610,95.4,0.0,0.0,0.0,1,40.2,0.0,0,95.4,0.0,0.0,0.0,0.0,0.0,4
2023-05-10 13:30:50,i2401-C-610,i2401-C-610,95.4,0.0,0.0,0.0,20,40.3,0.0,0,95.4,0.0,0.0,0.0,0.0,0.0,4
2023-05-10 14:01:21,i2401-C-610,i2401-C-610,95.4,0.0,0.0,0.0,1,40.4,0.0,0,95.4,0.0,0.0,0.0,0.0,0.0,4
2023-05-10 14:01:21,i2401-C-610,i2401-C-610,95.4,0.0,0.0,0.0,20,40.5,0.0,0,95.4,0.0,0.0,0.0,0.0,0.0,4
2023-05-10 14:37:07,i2401-C-610,i2401-C-610,95.4,0.0,0.0,0.0,1,40.6,0.0,0,95.4,0.0,0.0,0.0,0.0,0.0,4
2023-05-10 14:37:07,i2401-C-610,i2401-C-610,95.4,0.0,0.0,0.0,20,40.7,0.0,0,95.4,0.0,0.0,0.0,0.0,0.0,4
2023-05-10 14:59:01,i2401-C-610,i2401-C-610,95.4,0.0,0.0,0.0,1,40.6,0.0,0,95.4,0.0,0.0,0.0,0.0,0.0,4
2023-05-10 15:01:14,i2401-C-610,i2401-C-610,95.4,0.0,0.0,0.0,1,40.6,0.0,0,95.4,0.0,0.0,0.0,0.0,0.0,4
