time,symbol_id,symbol_name,last,trade_volume,trade_amount,open_interest_change,bv1,bp1,ap1,av1,yesterday_close,today_open,today_high,today_low,volume,amount,open_interest
2023-05-09 20:56:19,i2404-P-620,i2404-P-620,44.0,0.0,0.0,0.0,1,0.1,0.0,0,44.0,0.0,0.0,0.0,0.0,0.0,1
2023-05-09 21:01:13,i2404-P-620,i2404-P-620,44.0,0.0,0.0,0.0,1,18.4,0.0,0,44.0,0.0,0.0,0.0,0.0,0.0,1
2023-05-09 21:01:16,i2404-P-620,i2404-P-620,44.0,0.0,0.0,0.0,1,18.5,0.0,0,44.0,0.0,0.0,0.0,0.0,0.0,1
2023-05-09 21:01:33,i2404-P-620,i2404-P-620,44.0,0.0,0.0,0.0,1,18.6,0.0,0,44.0,0.0,0.0,0.0,0.0,0.0,1
2023-05-09 21:02:40,i2404-P-620,i2404-P-620,44.0,0.0,0.0,0.0,1,18.7,0.0,0,44.0,0.0,0.0,0.0,0.0,0.0,1
2023-05-09 21:31:16,i2404-P-620,i2404-P-620,44.0,0.0,0.0,0.0,1,18.8,0.0,0,44.0,0.0,0.0,0.0,0.0,0.0,1
2023-05-09 21:31:18,i2404-P-620,i2404-P-620,44.0,0.0,0.0,0.0,1,20.4,0.0,0,44.0,0.0,0.0,0.0,0.0,0.0,1
2023-05-09 22:01:17,i2404-P-620,i2404-P-620,44.0,0.0,0.0,0.0,1,20.5,0.0,0,44.0,0.0,0.0,0.0,0.0,0.0,1
2023-05-09 22:01:20,i2404-P-620,i2404-P-620,44.0,0.0,0.0,0.0,1,22.1,0.0,0,44.0,0.0,0.0,0.0,0.0,0.0,1
2023-05-09 22:31:17,i2404-P-620,i2404-P-620,44.0,0.0,0.0,0.0,1,22.2,0.0,0,44.0,0.0,0.0,0.0,0.0,0.0,1
2023-05-09 22:31:18,i2404-P-620,i2404-P-620,44.0,0.0,0.0,0.0,1,23.8,0.0,0,44.0,0.0,0.0,0.0,0.0,0.0,1
2023-05-09 22:57:39,i2404-P-620,i2404-P-620,44.0,0.0,0.0,0.0,1,22.2,0.0,0,44.0,0.0,0.0,0.0,0.0,0.0,1
2023-05-10 09:00:02,i2404-P-620,i2404-P-620,44.0,0.0,0.0,0.0,1,0.5,0.0,0,44.0,0.0,0.0,0.0,0.0,0.0,1
2023-05-10 09:01:13,i2404-P-620,i2404-P-620,44.0,0.0,0.0,0.0,1,16.9,0.0,0,44.0,0.0,0.0,0.0,0.0,0.0,1
2023-05-10 09:01:20,i2404-P-620,i2404-P-620,44.0,0.0,0.0,0.0,1,17.0,0.0,0,44.0,0.0,0.0,0.0,0.0,0.0,1
2023-05-10 09:03:36,i2404-P-620,i2404-P-620,44.0,0.0,0.0,0.0,1,18.6,0.0,0,44.0,0.0,0.0,0.0,0.0,0.0,1
2023-05-10 09:42:16,i2404-P-620,i2404-P-620,44.0,0.0,0.0,0.0,1,18.7,0.0,0,44.0,0.0,0.0,0.0,0.0,0.0,1
2023-05-10 09:42:18,i2404-P-620,i2404-P-620,44.0,0.0,0.0,0.0,1,20.3,0.0,0,44.0,0.0,0.0,0.0,0.0,0.0,1
2023-05-10 10:12:31,i2404-P-620,i2404-P-620,44.0,0.0,0.0,0.0,1,18.7,0.0,0,44.0,0.0,0.0,0.0,0.0,0.0,1
2023-05-10 10:30:53,i2404-P-620,i2404-P-620,44.0,0.0,0.0,0.0,1,20.3,0.0,0,44.0,0.0,0.0,0.0,0.0,0.0,1
2023-05-10 10:57:16,i2404-P-620,i2404-P-620,44.0,0.0,0.0,0.0,1,18.7,0.0,0,44.0,0.0,0.0,0.0,0.0,0.0,1
2023-05-10 11:08:06,i2404-P-620,i2404-P-620,44.0,0.0,0.0,0.0,1,20.3,0.0,0,44.0,0.0,0.0,0.0,0.0,0.0,1
2023-05-10 11:08:10,i2404-P-620,i2404-P-620,44.0,0.0,0.0,0.0,1,18.7,0.0,0,44.0,0.0,0.0,0.0,0.0,0.0,1
2023-05-10 11:29:47,i2404-P-620,i2404-P-620,44.0,0.0,0.0,0.0,1,16.9,0.0,0,44.0,0.0,0.0,0.0,0.0,0.0,1
2023-05-10 13:30:54,i2404-P-620,i2404-P-620,44.0,0.0,0.0,0.0,1,17.0,0.0,0,44.0,0.0,0.0,0.0,0.0,0.0,1
2023-05-10 13:37:00,i2404-P-620,i2404-P-620,44.0,0.0,0.0,0.0,1,18.6,0.0,0,44.0,0.0,0.0,0.0,0.0,0.0,1
2023-05-10 13:37:56,i2404-P-620,i2404-P-620,44.0,0.0,0.0,0.0,1,17.0,0.0,0,44.0,0.0,0.0,0.0,0.0,0.0,1
2023-05-10 13:41:44,i2404-P-620,i2404-P-620,44.0,0.0,0.0,0.0,1,18.6,0.0,0,44.0,0.0,0.0,0.0,0.0,0.0,1
2023-05-10 13:42:27,i2404-P-620,i2404-P-620,44.0,0.0,0.0,0.0,1,17.0,0.0,0,44.0,0.0,0.0,0.0,0.0,0.0,1
2023-05-10 14:32:41,i2404-P-620,i2404-P-620,44.0,0.0,0.0,0.0,1,18.6,0.0,0,44.0,0.0,0.0,0.0,0.0,0.0,1
2023-05-10 14:33:11,i2404-P-620,i2404-P-620,44.0,0.0,0.0,0.0,1,17.0,0.0,0,44.0,0.0,0.0,0.0,0.0,0.0,1
2023-05-10 14:33:58,i2404-P-620,i2404-P-620,44.0,0.0,0.0,0.0,1,18.6,0.0,0,44.0,0.0,0.0,0.0,0.0,0.0,1
2023-05-10 14:34:16,i2404-P-620,i2404-P-620,44.0,0.0,0.0,0.0,1,17.0,0.0,0,44.0,0.0,0.0,0.0,0.0,0.0,1
2023-05-10 14:34:16,i2404-P-620,i2404-P-620,44.0,0.0,0.0,0.0,1,17.8,0.0,0,44.0,0.0,0.0,0.0,0.0,0.0,1
2023-05-10 14:34:28,i2404-P-620,i2404-P-620,44.0,0.0,0.0,0.0,1,17.0,0.0,0,44.0,0.0,0.0,0.0,0.0,0.0,1
2023-05-10 14:35:02,i2404-P-620,i2404-P-620,44.0,0.0,0.0,0.0,1,18.6,0.0,0,44.0,0.0,0.0,0.0,0.0,0.0,1
2023-05-10 14:35:32,i2404-P-620,i2404-P-620,44.0,0.0,0.0,0.0,1,17.0,0.0,0,44.0,0.0,0.0,0.0,0.0,0.0,1
2023-05-10 14:35:35,i2404-P-620,i2404-P-620,44.0,0.0,0.0,0.0,1,18.6,0.0,0,44.0,0.0,0.0,0.0,0.0,0.0,1
2023-05-10 14:36:05,i2404-P-620,i2404-P-620,44.0,0.0,0.0,0.0,1,17.0,0.0,0,44.0,0.0,0.0,0.0,0.0,0.0,1
2023-05-10 14:48:07,i2404-P-620,i2404-P-620,44.0,0.0,0.0,0.0,1,17.8,0.0,0,44.0,0.0,0.0,0.0,0.0,0.0,1
2023-05-10 14:48:37,i2404-P-620,i2404-P-620,44.0,0.0,0.0,0.0,1,17.0,0.0,0,44.0,0.0,0.0,0.0,0.0,0.0,1
2023-05-10 14:48:57,i2404-P-620,i2404-P-620,44.0,0.0,0.0,0.0,1,17.8,0.0,0,44.0,0.0,0.0,0.0,0.0,0.0,1
2023-05-10 14:49:27,i2404-P-620,i2404-P-620,44.0,0.0,0.0,0.0,1,17.0,0.0,0,44.0,0.0,0.0,0.0,0.0,0.0,1
2023-05-10 14:49:28,i2404-P-620,i2404-P-620,44.0,0.0,0.0,0.0,1,17.9,0.0,0,44.0,0.0,0.0,0.0,0.0,0.0,1
2023-05-10 14:49:28,i2404-P-620,i2404-P-620,44.0,0.0,0.0,0.0,1,18.0,0.0,0,44.0,0.0,0.0,0.0,0.0,0.0,1
2023-05-10 14:49:59,i2404-P-620,i2404-P-620,44.0,0.0,0.0,0.0,1,17.9,0.0,0,44.0,0.0,0.0,0.0,0.0,0.0,1
2023-05-10 15:01:14,i2404-P-620,i2404-P-620,44.0,0.0,0.0,0.0,1,17.9,0.0,0,44.0,0.0,0.0,0.0,0.0,0.0,1
