time,symbol_id,symbol_name,last,trade_volume,trade_amount,open_interest_change,bv1,bp1,ap1,av1,yesterday_close,today_open,today_high,today_low,volume,amount,open_interest
2023-05-09 20:56:49,i2401-P-700,i2401-P-700,72.0,0.0,0.0,0.0,1,21.0,0.0,0,72.0,71.2,0.0,0.0,0.0,0.0,456
2023-05-09 21:00:01,i2401-P-700,i2401-P-700,72.0,0.0,0.0,0.0,4,58.3,85.1,4,72.0,71.2,0.0,0.0,0.0,0.0,456
2023-05-09 21:00:01,i2401-P-700,i2401-P-700,72.0,0.0,0.0,0.0,20,58.4,85.0,20,72.0,71.2,0.0,0.0,0.0,0.0,456
2023-05-09 21:00:06,i2401-P-700,i2401-P-700,72.0,0.0,0.0,0.0,4,62.3,81.1,4,72.0,71.2,0.0,0.0,0.0,0.0,456
2023-05-09 21:00:07,i2401-P-700,i2401-P-700,72.0,0.0,0.0,0.0,20,62.4,81.0,20,72.0,71.2,0.0,0.0,0.0,0.0,456
2023-05-09 21:00:09,i2401-P-700,i2401-P-700,72.0,0.0,0.0,0.0,4,66.3,77.1,4,72.0,71.2,0.0,0.0,0.0,0.0,456
2023-05-09 21:00:09,i2401-P-700,i2401-P-700,72.0,0.0,0.0,0.0,20,66.4,77.0,20,72.0,71.2,0.0,0.0,0.0,0.0,456
2023-05-09 21:00:10,i2401-P-700,i2401-P-700,72.0,0.0,0.0,0.0,4,70.3,73.2,4,72.0,71.2,0.0,0.0,0.0,0.0,456
2023-05-09 21:00:16,i2401-P-700,i2401-P-700,72.0,0.0,0.0,0.0,20,58.2,73.2,4,72.0,71.2,0.0,0.0,0.0,0.0,456
2023-05-09 21:00:17,i2401-P-700,i2401-P-700,72.0,0.0,0.0,0.0,4,62.1,73.2,4,72.0,71.2,0.0,0.0,0.0,0.0,456
2023-05-09 21:00:17,i2401-P-700,i2401-P-700,72.0,0.0,0.0,0.0,20,62.2,73.2,4,72.0,71.2,0.0,0.0,0.0,0.0,456
2023-05-09 21:00:18,i2401-P-700,i2401-P-700,72.0,0.0,0.0,0.0,4,66.1,73.2,4,72.0,71.2,0.0,0.0,0.0,0.0,456
2023-05-09 21:00:19,i2401-P-700,i2401-P-700,72.0,0.0,0.0,0.0,20,66.2,73.2,4,72.0,71.2,0.0,0.0,0.0,0.0,456
2023-05-09 21:00:19,i2401-P-700,i2401-P-700,72.0,0.0,0.0,0.0,4,70.1,73.2,4,72.0,71.2,0.0,0.0,0.0,0.0,456
2023-05-09 21:00:25,i2401-P-700,i2401-P-700,72.0,0.0,0.0,0.0,20,58.4,73.2,4,72.0,71.2,0.0,0.0,0.0,0.0,456
2023-05-09 21:00:26,i2401-P-700,i2401-P-700,72.0,0.0,0.0,0.0,4,62.3,73.2,4,72.0,71.2,0.0,0.0,0.0,0.0,456
2023-05-09 21:00:26,i2401-P-700,i2401-P-700,72.0,0.0,0.0,0.0,4,66.3,73.2,4,72.0,71.2,0.0,0.0,0.0,0.0,456
2023-05-09 21:00:27,i2401-P-700,i2401-P-700,72.0,0.0,0.0,0.0,20,66.4,73.2,4,72.0,71.2,0.0,0.0,0.0,0.0,456
2023-05-09 21:00:27,i2401-P-700,i2401-P-700,72.0,0.0,0.0,0.0,4,70.3,73.2,4,72.0,71.2,0.0,0.0,0.0,0.0,456
2023-05-09 21:00:33,i2401-P-700,i2401-P-700,72.0,0.0,0.0,0.0,20,58.9,73.2,4,72.0,71.2,0.0,0.0,0.0,0.0,456
2023-05-09 21:00:34,i2401-P-700,i2401-P-700,72.0,0.0,0.0,0.0,4,62.8,73.2,4,72.0,71.2,0.0,0.0,0.0,0.0,456
2023-05-09 21:00:34,i2401-P-700,i2401-P-700,72.0,0.0,0.0,0.0,4,66.8,73.2,4,72.0,71.2,0.0,0.0,0.0,0.0,456
2023-05-09 21:00:35,i2401-P-700,i2401-P-700,72.0,0.0,0.0,0.0,20,66.9,73.2,4,72.0,71.2,0.0,0.0,0.0,0.0,456
2023-05-09 21:00:35,i2401-P-700,i2401-P-700,72.0,0.0,0.0,0.0,4,70.8,73.2,4,72.0,71.2,0.0,0.0,0.0,0.0,456
2023-05-09 21:00:42,i2401-P-700,i2401-P-700,72.0,0.0,0.0,0.0,4,58.9,73.2,4,72.0,71.2,0.0,0.0,0.0,0.0,456
2023-05-09 21:00:42,i2401-P-700,i2401-P-700,72.0,0.0,0.0,0.0,4,62.9,73.2,4,72.0,71.2,0.0,0.0,0.0,0.0,456
2023-05-09 21:00:43,i2401-P-700,i2401-P-700,72.0,0.0,0.0,0.0,20,63.0,73.2,4,72.0,71.2,0.0,0.0,0.0,0.0,456
2023-05-09 21:00:43,i2401-P-700,i2401-P-700,72.0,0.0,0.0,0.0,4,66.9,73.2,4,72.0,71.2,0.0,0.0,0.0,0.0,456
2023-05-09 21:00:44,i2401-P-700,i2401-P-700,72.0,0.0,0.0,0.0,20,67.0,73.2,4,72.0,71.2,0.0,0.0,0.0,0.0,456
2023-05-09 21:00:44,i2401-P-700,i2401-P-700,72.0,0.0,0.0,0.0,4,70.9,73.2,4,72.0,71.2,0.0,0.0,0.0,0.0,456
2023-05-09 21:00:50,i2401-P-700,i2401-P-700,72.0,0.0,0.0,0.0,20,59.0,73.2,4,72.0,71.2,0.0,0.0,0.0,0.0,456
2023-05-09 21:00:50,i2401-P-700,i2401-P-700,72.0,0.0,0.0,0.0,4,62.9,73.2,4,72.0,71.2,0.0,0.0,0.0,0.0,456
2023-05-09 21:00:51,i2401-P-700,i2401-P-700,72.0,0.0,0.0,0.0,4,66.9,73.2,4,72.0,71.2,0.0,0.0,0.0,0.0,456
2023-05-09 21:00:51,i2401-P-700,i2401-P-700,72.0,0.0,0.0,0.0,20,67.0,73.2,4,72.0,71.2,0.0,0.0,0.0,0.0,456
2023-05-09 21:00:52,i2401-P-700,i2401-P-700,72.0,0.0,0.0,0.0,4,70.9,73.2,4,72.0,71.2,0.0,0.0,0.0,0.0,456
2023-05-09 21:00:55,i2401-P-700,i2401-P-700,72.0,0.0,0.0,0.0,10,71.3,72.8,10,72.0,71.2,0.0,0.0,0.0,0.0,456
2023-05-09 21:01:00,i2401-P-700,i2401-P-700,72.0,0.0,0.0,0.0,10,71.6,73.0,10,72.0,71.2,0.0,0.0,0.0,0.0,456
2023-05-09 21:01:01,i2401-P-700,i2401-P-700,72.0,0.0,0.0,0.0,10,71.3,72.8,10,72.0,71.2,0.0,0.0,0.0,0.0,456
2023-05-09 21:01:03,i2401-P-700,i2401-P-700,72.0,0.0,0.0,0.0,10,71.6,73.0,10,72.0,71.2,0.0,0.0,0.0,0.0,456
2023-05-09 21:01:08,i2401-P-700,i2401-P-700,72.0,0.0,0.0,0.0,4,71.7,73.0,10,72.0,71.2,0.0,0.0,0.0,0.0,456
2023-05-09 21:01:14,i2401-P-700,i2401-P-700,72.0,0.0,0.0,0.0,10,71.9,73.2,4,72.0,71.2,0.0,0.0,0.0,0.0,456
2023-05-09 21:01:17,i2401-P-700,i2401-P-700,72.0,0.0,0.0,0.0,10,71.9,73.4,10,72.0,71.2,0.0,0.0,0.0,0.0,456
2023-05-09 21:01:22,i2401-P-700,i2401-P-700,72.0,0.0,0.0,0.0,10,72.2,73.6,10,72.0,71.2,0.0,0.0,0.0,0.0,456
2023-05-09 21:01:29,i2401-P-700,i2401-P-700,72.0,0.0,0.0,0.0,10,72.2,73.6,20,72.0,71.2,0.0,0.0,0.0,0.0,456
2023-05-09 21:01:29,i2401-P-700,i2401-P-700,72.0,0.0,0.0,0.0,20,72.2,73.9,20,72.0,71.2,0.0,0.0,0.0,0.0,456
2023-05-09 21:01:30,i2401-P-700,i2401-P-700,72.0,0.0,0.0,0.0,10,72.5,73.8,10,72.0,71.2,0.0,0.0,0.0,0.0,456
2023-05-09 21:01:51,i2401-P-700,i2401-P-700,72.0,0.0,0.0,0.0,10,72.5,74.2,14,72.0,71.2,0.0,0.0,0.0,0.0,456
2023-05-09 21:01:51,i2401-P-700,i2401-P-700,72.0,0.0,0.0,0.0,4,72.4,74.2,4,72.0,71.2,0.0,0.0,0.0,0.0,456
2023-05-09 21:02:10,i2401-P-700,i2401-P-700,72.0,0.0,0.0,0.0,4,72.4,73.7,10,72.0,71.2,0.0,0.0,0.0,0.0,456
2023-05-09 21:02:11,i2401-P-700,i2401-P-700,72.0,0.0,0.0,0.0,4,72.4,73.7,20,72.0,71.2,0.0,0.0,0.0,0.0,456
2023-05-09 21:02:14,i2401-P-700,i2401-P-700,72.0,0.0,0.0,0.0,4,72.4,73.4,10,72.0,71.2,0.0,0.0,0.0,0.0,456
2023-05-09 21:02:26,i2401-P-700,i2401-P-700,72.0,0.0,0.0,0.0,10,71.8,73.4,10,72.0,71.2,0.0,0.0,0.0,0.0,456
2023-05-09 21:02:28,i2401-P-700,i2401-P-700,72.0,0.0,0.0,0.0,20,71.7,73.1,10,72.0,71.2,0.0,0.0,0.0,0.0,456
2023-05-09 21:02:52,i2401-P-700,i2401-P-700,72.0,0.0,0.0,0.0,10,71.9,73.0,10,72.0,71.2,0.0,0.0,0.0,0.0,456
2023-05-09 21:03:02,i2401-P-700,i2401-P-700,72.0,0.0,0.0,0.0,10,72.1,73.2,20,72.0,71.2,0.0,0.0,0.0,0.0,456
2023-05-09 21:03:12,i2401-P-700,i2401-P-700,72.0,0.0,0.0,0.0,10,72.1,73.2,10,72.0,71.2,0.0,0.0,0.0,0.0,456
2023-05-09 21:03:16,i2401-P-700,i2401-P-700,72.0,0.0,0.0,0.0,20,71.9,73.0,10,72.0,71.2,0.0,0.0,0.0,0.0,456
2023-05-09 21:03:20,i2401-P-700,i2401-P-700,72.0,0.0,0.0,0.0,10,71.9,73.0,10,72.0,71.2,0.0,0.0,0.0,0.0,456
2023-05-09 21:03:21,i2401-P-700,i2401-P-700,72.0,0.0,0.0,0.0,20,71.7,72.8,10,72.0,71.2,0.0,0.0,0.0,0.0,456
2023-05-09 21:03:21,i2401-P-700,i2401-P-700,72.0,0.0,0.0,0.0,10,71.7,72.8,10,72.0,71.2,0.0,0.0,0.0,0.0,456
2023-05-09 21:03:24,i2401-P-700,i2401-P-700,72.0,0.0,0.0,0.0,14,71.5,72.7,10,72.0,71.2,0.0,0.0,0.0,0.0,456
2023-05-09 21:03:27,i2401-P-700,i2401-P-700,72.0,0.0,0.0,0.0,10,71.6,72.7,10,72.0,71.2,0.0,0.0,0.0,0.0,456
2023-05-09 21:03:39,i2401-P-700,i2401-P-700,72.0,0.0,0.0,0.0,20,71.6,72.7,10,72.0,71.2,0.0,0.0,0.0,0.0,456
2023-05-09 21:03:39,i2401-P-700,i2401-P-700,72.0,0.0,0.0,0.0,10,71.7,72.8,10,72.0,71.2,0.0,0.0,0.0,0.0,456
2023-05-09 21:03:45,i2401-P-700,i2401-P-700,72.0,0.0,0.0,0.0,20,71.7,72.8,10,72.0,71.2,0.0,0.0,0.0,0.0,456
2023-05-09 21:03:46,i2401-P-700,i2401-P-700,72.0,0.0,0.0,0.0,20,71.6,72.6,10,72.0,71.2,0.0,0.0,0.0,0.0,456
2023-05-09 21:03:46,i2401-P-700,i2401-P-700,72.0,0.0,0.0,0.0,10,71.6,72.6,10,72.0,71.2,0.0,0.0,0.0,0.0,456
2023-05-09 21:03:48,i2401-P-700,i2401-P-700,72.0,0.0,0.0,0.0,10,71.7,72.8,10,72.0,71.2,0.0,0.0,0.0,0.0,456
2023-05-09 21:03:49,i2401-P-700,i2401-P-700,72.0,0.0,0.0,0.0,10,71.6,72.6,10,72.0,71.2,0.0,0.0,0.0,0.0,456
2023-05-09 21:03:53,i2401-P-700,i2401-P-700,72.0,0.0,0.0,0.0,10,71.8,72.8,10,72.0,71.2,0.0,0.0,0.0,0.0,456
2023-05-09 21:03:53,i2401-P-700,i2401-P-700,72.0,0.0,0.0,0.0,10,71.9,72.9,10,72.0,71.2,0.0,0.0,0.0,0.0,456
2023-05-09 21:03:55,i2401-P-700,i2401-P-700,72.0,0.0,0.0,0.0,10,72.0,73.1,20,72.0,71.2,0.0,0.0,0.0,0.0,456
2023-05-09 21:03:59,i2401-P-700,i2401-P-700,72.0,0.0,0.0,0.0,10,72.0,73.1,10,72.0,71.2,0.0,0.0,0.0,0.0,456
2023-05-09 21:04:04,i2401-P-700,i2401-P-700,72.0,0.0,0.0,0.0,10,72.2,73.1,10,72.0,71.2,0.0,0.0,0.0,0.0,456
2023-05-09 21:04:09,i2401-P-700,i2401-P-700,72.0,0.0,0.0,0.0,10,72.2,73.2,10,72.0,71.2,0.0,0.0,0.0,0.0,456
2023-05-09 21:04:10,i2401-P-700,i2401-P-700,72.0,0.0,0.0,0.0,10,72.2,73.1,10,72.0,71.2,0.0,0.0,0.0,0.0,456
2023-05-09 21:04:16,i2401-P-700,i2401-P-700,72.0,0.0,0.0,0.0,10,72.0,72.8,10,72.0,71.2,0.0,0.0,0.0,0.0,456
2023-05-09 21:04:16,i2401-P-700,i2401-P-700,72.0,0.0,0.0,0.0,20,71.8,72.8,10,72.0,71.2,0.0,0.0,0.0,0.0,456
2023-05-09 21:04:16,i2401-P-700,i2401-P-700,72.0,0.0,0.0,0.0,10,71.8,72.8,10,72.0,71.2,0.0,0.0,0.0,0.0,456
2023-05-09 21:04:23,i2401-P-700,i2401-P-700,72.0,0.0,0.0,0.0,20,71.8,73.0,10,72.0,71.2,0.0,0.0,0.0,0.0,456
2023-05-09 21:04:23,i2401-P-700,i2401-P-700,72.0,0.0,0.0,0.0,30,71.8,73.0,10,72.0,71.2,0.0,0.0,0.0,0.0,456
2023-05-09 21:04:23,i2401-P-700,i2401-P-700,72.0,0.0,0.0,0.0,10,72.0,73.1,10,72.0,71.2,0.0,0.0,0.0,0.0,456
2023-05-09 21:04:26,i2401-P-700,i2401-P-700,72.0,0.0,0.0,0.0,20,72.0,73.1,10,72.0,71.2,0.0,0.0,0.0,0.0,456
2023-05-09 21:04:33,i2401-P-700,i2401-P-700,72.0,0.0,0.0,0.0,30,72.0,73.1,10,72.0,71.2,0.0,0.0,0.0,0.0,456
2023-05-09 21:04:42,i2401-P-700,i2401-P-700,72.0,0.0,0.0,0.0,10,72.2,73.1,10,72.0,71.2,0.0,0.0,0.0,0.0,456
2023-05-09 21:04:43,i2401-P-700,i2401-P-700,72.0,0.0,0.0,0.0,10,72.2,73.3,10,72.0,71.2,0.0,0.0,0.0,0.0,456
2023-05-09 21:05:02,i2401-P-700,i2401-P-700,72.0,0.0,0.0,0.0,10,72.3,73.3,10,72.0,71.2,0.0,0.0,0.0,0.0,456
2023-05-09 21:05:02,i2401-P-700,i2401-P-700,72.0,0.0,0.0,0.0,10,72.4,73.4,10,72.0,71.2,0.0,0.0,0.0,0.0,456
2023-05-09 21:05:04,i2401-P-700,i2401-P-700,72.0,0.0,0.0,0.0,20,72.4,73.6,20,72.0,71.2,0.0,0.0,0.0,0.0,456
2023-05-09 21:05:06,i2401-P-700,i2401-P-700,72.0,0.0,0.0,0.0,20,72.4,73.6,10,72.0,71.2,0.0,0.0,0.0,0.0,456
2023-05-09 21:05:19,i2401-P-700,i2401-P-700,72.0,0.0,0.0,0.0,10,72.4,73.6,20,72.0,71.2,0.0,0.0,0.0,0.0,456
2023-05-09 21:05:20,i2401-P-700,i2401-P-700,72.0,0.0,0.0,0.0,10,72.3,73.4,10,72.0,71.2,0.0,0.0,0.0,0.0,456
2023-05-09 21:05:24,i2401-P-700,i2401-P-700,72.0,0.0,0.0,0.0,10,72.2,73.3,10,72.0,71.2,0.0,0.0,0.0,0.0,456
2023-05-09 21:05:24,i2401-P-700,i2401-P-700,72.0,0.0,0.0,0.0,10,72.1,73.3,10,72.0,71.2,0.0,0.0,0.0,0.0,456
2023-05-09 21:05:26,i2401-P-700,i2401-P-700,72.0,0.0,0.0,0.0,10,72.0,73.1,10,72.0,71.2,0.0,0.0,0.0,0.0,456
2023-05-09 21:05:38,i2401-P-700,i2401-P-700,72.0,0.0,0.0,0.0,10,72.3,73.2,10,72.0,71.2,0.0,0.0,0.0,0.0,456
2023-05-09 21:05:39,i2401-P-700,i2401-P-700,72.0,0.0,0.0,0.0,10,72.3,73.4,30,72.0,71.2,0.0,0.0,0.0,0.0,456
2023-05-09 21:05:39,i2401-P-700,i2401-P-700,72.0,0.0,0.0,0.0,10,72.3,73.4,20,72.0,71.2,0.0,0.0,0.0,0.0,456
2023-05-09 21:05:42,i2401-P-700,i2401-P-700,72.0,0.0,0.0,0.0,10,72.3,73.4,10,72.0,71.2,0.0,0.0,0.0,0.0,456
2023-05-09 21:05:58,i2401-P-700,i2401-P-700,72.0,0.0,0.0,0.0,10,72.3,73.4,20,72.0,71.2,0.0,0.0,0.0,0.0,456
2023-05-09 21:05:59,i2401-P-700,i2401-P-700,72.0,0.0,0.0,0.0,10,72.2,73.2,10,72.0,71.2,0.0,0.0,0.0,0.0,456
2023-05-09 21:06:04,i2401-P-700,i2401-P-700,72.0,0.0,0.0,0.0,10,72.0,73.2,10,72.0,71.2,0.0,0.0,0.0,0.0,456
2023-05-09 21:06:24,i2401-P-700,i2401-P-700,72.0,0.0,0.0,0.0,10,72.0,73.2,20,72.0,71.2,0.0,0.0,0.0,0.0,456
2023-05-09 21:06:24,i2401-P-700,i2401-P-700,72.0,0.0,0.0,0.0,10,72.0,73.2,30,72.0,71.2,0.0,0.0,0.0,0.0,456
2023-05-09 21:06:27,i2401-P-700,i2401-P-700,72.0,0.0,0.0,0.0,20,71.9,73.0,10,72.0,71.2,0.0,0.0,0.0,0.0,456
2023-05-09 21:06:32,i2401-P-700,i2401-P-700,72.0,0.0,0.0,0.0,10,71.9,73.0,10,72.0,71.2,0.0,0.0,0.0,0.0,456
2023-05-09 21:06:38,i2401-P-700,i2401-P-700,72.0,0.0,0.0,0.0,10,71.7,72.8,10,72.0,71.2,0.0,0.0,0.0,0.0,456
2023-05-09 21:06:39,i2401-P-700,i2401-P-700,72.0,0.0,0.0,0.0,14,71.5,72.6,10,72.0,71.2,0.0,0.0,0.0,0.0,456
2023-05-09 21:06:41,i2401-P-700,i2401-P-700,72.0,0.0,0.0,0.0,4,71.5,72.4,10,72.0,71.2,0.0,0.0,0.0,0.0,456
2023-05-09 21:06:41,i2401-P-700,i2401-P-700,72.0,0.0,0.0,0.0,4,71.5,72.2,10,72.0,71.2,0.0,0.0,0.0,0.0,456
2023-05-09 21:06:41,i2401-P-700,i2401-P-700,72.0,0.0,0.0,0.0,30,71.1,72.2,10,72.0,71.2,0.0,0.0,0.0,0.0,456
2023-05-09 21:06:42,i2401-P-700,i2401-P-700,72.0,0.0,0.0,0.0,20,71.1,72.2,20,72.0,71.2,0.0,0.0,0.0,0.0,456
2023-05-09 21:06:49,i2401-P-700,i2401-P-700,72.0,0.0,0.0,0.0,20,71.1,72.2,10,72.0,71.2,0.0,0.0,0.0,0.0,456
2023-05-09 21:07:01,i2401-P-700,i2401-P-700,72.0,0.0,0.0,0.0,10,71.3,72.3,10,72.0,71.2,0.0,0.0,0.0,0.0,456
2023-05-09 21:07:01,i2401-P-700,i2401-P-700,72.0,0.0,0.0,0.0,10,71.3,72.4,10,72.0,71.2,0.0,0.0,0.0,0.0,456
2023-05-09 21:07:04,i2401-P-700,i2401-P-700,72.0,0.0,0.0,0.0,10,71.5,72.5,20,72.0,71.2,0.0,0.0,0.0,0.0,456
2023-05-09 21:07:10,i2401-P-700,i2401-P-700,72.0,0.0,0.0,0.0,20,71.5,72.6,10,72.0,71.2,0.0,0.0,0.0,0.0,456
2023-05-09 21:07:10,i2401-P-700,i2401-P-700,72.0,0.0,0.0,0.0,10,71.7,72.8,30,72.0,71.2,0.0,0.0,0.0,0.0,456
2023-05-09 21:07:12,i2401-P-700,i2401-P-700,72.0,0.0,0.0,0.0,10,71.7,72.8,20,72.0,71.2,0.0,0.0,0.0,0.0,456
2023-05-09 21:07:15,i2401-P-700,i2401-P-700,72.0,0.0,0.0,0.0,10,71.5,72.6,10,72.0,71.2,0.0,0.0,0.0,0.0,456
2023-05-09 21:07:27,i2401-P-700,i2401-P-700,72.0,0.0,0.0,0.0,10,71.6,72.6,10,72.0,71.2,0.0,0.0,0.0,0.0,456
2023-05-09 21:07:29,i2401-P-700,i2401-P-700,72.0,0.0,0.0,0.0,20,71.6,72.7,10,72.0,71.2,0.0,0.0,0.0,0.0,456
2023-05-09 21:07:29,i2401-P-700,i2401-P-700,72.0,0.0,0.0,0.0,20,71.6,72.8,30,72.0,71.2,0.0,0.0,0.0,0.0,456
2023-05-09 21:07:50,i2401-P-700,i2401-P-700,72.0,0.0,0.0,0.0,20,71.6,72.8,10,72.0,71.2,0.0,0.0,0.0,0.0,456
2023-05-09 21:07:53,i2401-P-700,i2401-P-700,72.0,0.0,0.0,0.0,10,71.6,72.6,10,72.0,71.2,0.0,0.0,0.0,0.0,456
2023-05-09 21:08:04,i2401-P-700,i2401-P-700,72.0,0.0,0.0,0.0,14,71.3,72.3,10,72.0,71.2,0.0,0.0,0.0,0.0,456
2023-05-09 21:08:23,i2401-P-700,i2401-P-700,72.0,0.0,0.0,0.0,4,71.3,72.3,10,72.0,71.2,0.0,0.0,0.0,0.0,456
2023-05-09 21:08:27,i2401-P-700,i2401-P-700,72.0,0.0,0.0,0.0,4,71.3,72.1,10,72.0,71.2,0.0,0.0,0.0,0.0,456
2023-05-09 21:08:27,i2401-P-700,i2401-P-700,72.0,0.0,0.0,0.0,4,71.3,72.1,20,72.0,71.2,0.0,0.0,0.0,0.0,456
2023-05-09 21:08:28,i2401-P-700,i2401-P-700,72.0,0.0,0.0,0.0,10,70.9,72.1,10,72.0,71.2,0.0,0.0,0.0,0.0,456
2023-05-09 21:08:31,i2401-P-700,i2401-P-700,72.0,0.0,0.0,0.0,20,70.8,71.9,10,72.0,71.2,0.0,0.0,0.0,0.0,456
2023-05-09 21:08:33,i2401-P-700,i2401-P-700,72.0,0.0,0.0,0.0,30,70.8,71.9,10,72.0,71.2,0.0,0.0,0.0,0.0,456
2023-05-09 21:08:45,i2401-P-700,i2401-P-700,72.0,0.0,0.0,0.0,20,70.8,71.9,10,72.0,71.2,0.0,0.0,0.0,0.0,456
2023-05-09 21:08:54,i2401-P-700,i2401-P-700,72.0,0.0,0.0,0.0,10,70.8,71.9,10,72.0,71.2,0.0,0.0,0.0,0.0,456
2023-05-09 21:08:55,i2401-P-700,i2401-P-700,72.0,0.0,0.0,0.0,20,70.8,71.9,10,72.0,71.2,0.0,0.0,0.0,0.0,456
2023-05-09 21:08:58,i2401-P-700,i2401-P-700,72.0,0.0,0.0,0.0,10,70.8,71.9,10,72.0,71.2,0.0,0.0,0.0,0.0,456
2023-05-09 21:09:00,i2401-P-700,i2401-P-700,72.0,0.0,0.0,0.0,10,70.8,71.9,20,72.0,71.2,0.0,0.0,0.0,0.0,456
2023-05-09 21:09:00,i2401-P-700,i2401-P-700,72.0,0.0,0.0,0.0,20,70.6,71.8,10,72.0,71.2,0.0,0.0,0.0,0.0,456
2023-05-09 21:09:03,i2401-P-700,i2401-P-700,72.0,0.0,0.0,0.0,30,70.6,71.8,10,72.0,71.2,0.0,0.0,0.0,0.0,456
2023-05-09 21:09:08,i2401-P-700,i2401-P-700,72.0,0.0,0.0,0.0,20,70.6,71.6,10,72.0,71.2,0.0,0.0,0.0,0.0,456
2023-05-09 21:09:08,i2401-P-700,i2401-P-700,72.0,0.0,0.0,0.0,10,70.6,71.6,10,72.0,71.2,0.0,0.0,0.0,0.0,456
2023-05-09 21:09:14,i2401-P-700,i2401-P-700,72.0,0.0,0.0,0.0,4,70.5,71.4,10,72.0,71.2,0.0,0.0,0.0,0.0,456
2023-05-09 21:09:25,i2401-P-700,i2401-P-700,71.2,1.0,7120.0,0.0,9,71.2,71.4,10,72.0,71.2,71.2,71.2,1.0,7120.0,456
2023-05-09 21:09:25,i2401-P-700,i2401-P-700,71.2,1.0,7120.0,0.0,8,71.2,71.4,10,72.0,71.2,71.2,71.2,2.0,14240.0,456
2023-05-09 21:09:26,i2401-P-700,i2401-P-700,71.2,0.0,0.0,0.0,8,70.5,71.4,10,72.0,71.2,71.2,71.2,2.0,14240.0,456
2023-05-09 21:09:31,i2401-P-700,i2401-P-700,71.2,0.0,0.0,0.0,10,70.6,71.6,20,72.0,71.2,71.2,71.2,2.0,14240.0,456
2023-05-09 21:09:32,i2401-P-700,i2401-P-700,71.2,0.0,0.0,0.0,18,70.5,71.6,20,72.0,71.2,71.2,71.2,2.0,14240.0,456
2023-05-09 21:09:35,i2401-P-700,i2401-P-700,71.2,0.0,0.0,0.0,8,70.5,71.4,10,72.0,71.2,71.2,71.2,2.0,14240.0,456
2023-05-09 21:09:36,i2401-P-700,i2401-P-700,71.2,0.0,0.0,0.0,18,70.5,71.6,20,72.0,71.2,71.2,71.2,2.0,14240.0,456
2023-05-09 21:09:37,i2401-P-700,i2401-P-700,71.2,0.0,0.0,0.0,8,70.5,71.5,10,72.0,71.2,71.2,71.2,2.0,14240.0,456
2023-05-09 21:09:47,i2401-P-700,i2401-P-700,71.2,0.0,0.0,0.0,18,70.5,71.6,20,72.0,71.2,71.2,71.2,2.0,14240.0,456
2023-05-09 21:09:47,i2401-P-700,i2401-P-700,71.2,0.0,0.0,0.0,10,70.6,71.6,20,72.0,71.2,71.2,71.2,2.0,14240.0,456
2023-05-09 21:09:48,i2401-P-700,i2401-P-700,71.2,0.0,0.0,0.0,10,70.6,71.6,10,72.0,71.2,71.2,71.2,2.0,14240.0,456
2023-05-09 21:09:51,i2401-P-700,i2401-P-700,71.2,0.0,0.0,0.0,10,70.7,71.8,30,72.0,71.2,71.2,71.2,2.0,14240.0,456
2023-05-09 21:09:53,i2401-P-700,i2401-P-700,71.2,0.0,0.0,0.0,10,70.6,71.6,10,72.0,71.2,71.2,71.2,2.0,14240.0,456
2023-05-09 21:09:54,i2401-P-700,i2401-P-700,71.2,0.0,0.0,0.0,10,70.7,71.8,30,72.0,71.2,71.2,71.2,2.0,14240.0,456
2023-05-09 21:09:57,i2401-P-700,i2401-P-700,71.2,0.0,0.0,0.0,10,70.7,71.8,20,72.0,71.2,71.2,71.2,2.0,14240.0,456
2023-05-09 21:09:58,i2401-P-700,i2401-P-700,71.2,0.0,0.0,0.0,10,70.7,71.8,10,72.0,71.2,71.2,71.2,2.0,14240.0,456
2023-05-09 21:09:59,i2401-P-700,i2401-P-700,71.2,0.0,0.0,0.0,20,70.9,72.0,10,72.0,71.2,71.2,71.2,2.0,14240.0,456
2023-05-09 21:10:14,i2401-P-700,i2401-P-700,71.2,0.0,0.0,0.0,10,71.1,72.2,10,72.0,71.2,71.2,71.2,2.0,14240.0,456
2023-05-09 21:10:16,i2401-P-700,i2401-P-700,71.2,0.0,0.0,0.0,10,71.2,72.3,14,72.0,71.2,71.2,71.2,2.0,14240.0,456
2023-05-09 21:10:19,i2401-P-700,i2401-P-700,71.2,0.0,0.0,0.0,10,71.1,72.1,10,72.0,71.2,71.2,71.2,2.0,14240.0,456
2023-05-09 21:10:42,i2401-P-700,i2401-P-700,71.2,0.0,0.0,0.0,10,70.9,71.9,10,72.0,71.2,71.2,71.2,2.0,14240.0,456
2023-05-09 21:10:43,i2401-P-700,i2401-P-700,71.2,0.0,0.0,0.0,20,70.9,72.1,10,72.0,71.2,71.2,71.2,2.0,14240.0,456
2023-05-09 21:10:46,i2401-P-700,i2401-P-700,71.2,0.0,0.0,0.0,10,71.1,72.2,20,72.0,71.2,71.2,71.2,2.0,14240.0,456
2023-05-09 21:10:52,i2401-P-700,i2401-P-700,71.2,0.0,0.0,0.0,10,71.1,72.0,10,72.0,71.2,71.2,71.2,2.0,14240.0,456
2023-05-09 21:10:59,i2401-P-700,i2401-P-700,71.2,0.0,0.0,0.0,10,71.1,72.0,20,72.0,71.2,71.2,71.2,2.0,14240.0,456
2023-05-09 21:11:01,i2401-P-700,i2401-P-700,71.2,0.0,0.0,0.0,10,70.9,71.8,10,72.0,71.2,71.2,71.2,2.0,14240.0,456
2023-05-09 21:11:30,i2401-P-700,i2401-P-700,71.2,0.0,0.0,0.0,10,71.1,71.9,10,72.0,71.2,71.2,71.2,2.0,14240.0,456
2023-05-09 21:11:59,i2401-P-700,i2401-P-700,71.2,0.0,0.0,0.0,10,71.1,72.0,30,72.0,71.2,71.2,71.2,2.0,14240.0,456
2023-05-09 21:12:02,i2401-P-700,i2401-P-700,71.2,0.0,0.0,0.0,10,70.9,71.8,10,72.0,71.2,71.2,71.2,2.0,14240.0,456
2023-05-09 21:12:06,i2401-P-700,i2401-P-700,71.2,0.0,0.0,0.0,10,71.1,72.0,30,72.0,71.2,71.2,71.2,2.0,14240.0,456
2023-05-09 21:12:18,i2401-P-700,i2401-P-700,71.2,0.0,0.0,0.0,10,70.9,71.8,10,72.0,71.2,71.2,71.2,2.0,14240.0,456
2023-05-09 21:12:50,i2401-P-700,i2401-P-700,71.2,0.0,0.0,0.0,10,70.9,71.8,20,72.0,71.2,71.2,71.2,2.0,14240.0,456
2023-05-09 21:12:52,i2401-P-700,i2401-P-700,71.2,0.0,0.0,0.0,20,70.7,71.7,10,72.0,71.2,71.2,71.2,2.0,14240.0,456
2023-05-09 21:13:04,i2401-P-700,i2401-P-700,71.2,0.0,0.0,0.0,10,71.0,71.8,10,72.0,71.2,71.2,71.2,2.0,14240.0,456
2023-05-09 21:13:05,i2401-P-700,i2401-P-700,71.2,0.0,0.0,0.0,10,71.0,71.9,20,72.0,71.2,71.2,71.2,2.0,14240.0,456
2023-05-09 21:13:07,i2401-P-700,i2401-P-700,71.2,0.0,0.0,0.0,10,70.8,71.7,10,72.0,71.2,71.2,71.2,2.0,14240.0,456
2023-05-09 21:13:22,i2401-P-700,i2401-P-700,71.2,0.0,0.0,0.0,10,70.7,71.5,10,72.0,71.2,71.2,71.2,2.0,14240.0,456
2023-05-09 21:13:31,i2401-P-700,i2401-P-700,71.2,0.0,0.0,0.0,10,70.6,71.5,10,72.0,71.2,71.2,71.2,2.0,14240.0,456
2023-05-09 21:13:35,i2401-P-700,i2401-P-700,71.2,0.0,0.0,0.0,20,70.6,71.5,10,72.0,71.2,71.2,71.2,2.0,14240.0,456
2023-05-09 21:13:36,i2401-P-700,i2401-P-700,71.2,0.0,0.0,0.0,20,70.6,71.5,20,72.0,71.2,71.2,71.2,2.0,14240.0,456
2023-05-09 21:13:54,i2401-P-700,i2401-P-700,71.2,0.0,0.0,0.0,10,70.6,71.5,20,72.0,71.2,71.2,71.2,2.0,14240.0,456
2023-05-09 21:14:20,i2401-P-700,i2401-P-700,71.2,0.0,0.0,0.0,10,70.6,71.5,10,72.0,71.2,71.2,71.2,2.0,14240.0,456
2023-05-09 21:14:32,i2401-P-700,i2401-P-700,71.2,0.0,0.0,0.0,20,70.6,71.5,10,72.0,71.2,71.2,71.2,2.0,14240.0,456
2023-05-09 21:14:33,i2401-P-700,i2401-P-700,71.2,0.0,0.0,0.0,10,70.6,71.5,10,72.0,71.2,71.2,71.2,2.0,14240.0,456
2023-05-09 21:14:33,i2401-P-700,i2401-P-700,71.2,0.0,0.0,0.0,14,70.5,71.3,10,72.0,71.2,71.2,71.2,2.0,14240.0,456
2023-05-09 21:14:45,i2401-P-700,i2401-P-700,71.2,0.0,0.0,0.0,10,70.6,71.5,10,72.0,71.2,71.2,71.2,2.0,14240.0,456
2023-05-09 21:14:48,i2401-P-700,i2401-P-700,71.2,0.0,0.0,0.0,10,70.8,71.6,10,72.0,71.2,71.2,71.2,2.0,14240.0,456
2023-05-09 21:14:49,i2401-P-700,i2401-P-700,71.2,0.0,0.0,0.0,10,70.7,71.6,20,72.0,71.2,71.2,71.2,2.0,14240.0,456
2023-05-09 21:15:08,i2401-P-700,i2401-P-700,71.2,0.0,0.0,0.0,34,70.5,71.4,10,72.0,71.2,71.2,71.2,2.0,14240.0,456
2023-05-09 21:15:09,i2401-P-700,i2401-P-700,71.2,0.0,0.0,0.0,24,70.5,71.4,10,72.0,71.2,71.2,71.2,2.0,14240.0,456
2023-05-09 21:15:29,i2401-P-700,i2401-P-700,71.2,0.0,0.0,0.0,4,70.5,71.2,10,72.0,71.2,71.2,71.2,2.0,14240.0,456
2023-05-09 21:15:54,i2401-P-700,i2401-P-700,71.2,0.0,0.0,0.0,10,70.6,71.4,10,72.0,71.2,71.2,71.2,2.0,14240.0,456
2023-05-09 21:16:01,i2401-P-700,i2401-P-700,71.2,0.0,0.0,0.0,10,70.7,71.6,30,72.0,71.2,71.2,71.2,2.0,14240.0,456
2023-05-09 21:16:03,i2401-P-700,i2401-P-700,71.2,0.0,0.0,0.0,10,70.9,71.8,10,72.0,71.2,71.2,71.2,2.0,14240.0,456
2023-05-09 21:16:03,i2401-P-700,i2401-P-700,71.2,0.0,0.0,0.0,10,70.9,71.9,20,72.0,71.2,71.2,71.2,2.0,14240.0,456
2023-05-09 21:16:05,i2401-P-700,i2401-P-700,71.2,0.0,0.0,0.0,10,70.8,71.7,10,72.0,71.2,71.2,71.2,2.0,14240.0,456
2023-05-09 21:16:30,i2401-P-700,i2401-P-700,71.2,0.0,0.0,0.0,30,70.6,71.5,10,72.0,71.2,71.2,71.2,2.0,14240.0,456
2023-05-09 21:17:03,i2401-P-700,i2401-P-700,71.2,0.0,0.0,0.0,10,70.8,71.7,10,72.0,71.2,71.2,71.2,2.0,14240.0,456
2023-05-09 21:17:06,i2401-P-700,i2401-P-700,71.2,0.0,0.0,0.0,10,71.0,71.8,10,72.0,71.2,71.2,71.2,2.0,14240.0,456
2023-05-09 21:17:10,i2401-P-700,i2401-P-700,71.2,0.0,0.0,0.0,10,70.7,71.6,10,72.0,71.2,71.2,71.2,2.0,14240.0,456
2023-05-09 21:17:32,i2401-P-700,i2401-P-700,71.2,0.0,0.0,0.0,10,70.9,71.7,10,72.0,71.2,71.2,71.2,2.0,14240.0,456
2023-05-09 21:17:40,i2401-P-700,i2401-P-700,71.2,0.0,0.0,0.0,10,70.7,71.6,10,72.0,71.2,71.2,71.2,2.0,14240.0,456
2023-05-09 21:17:53,i2401-P-700,i2401-P-700,71.2,0.0,0.0,0.0,10,70.9,71.7,10,72.0,71.2,71.2,71.2,2.0,14240.0,456
2023-05-09 21:17:57,i2401-P-700,i2401-P-700,71.2,0.0,0.0,0.0,10,71.0,71.9,20,72.0,71.2,71.2,71.2,2.0,14240.0,456
2023-05-09 21:18:24,i2401-P-700,i2401-P-700,71.2,0.0,0.0,0.0,10,71.0,71.9,10,72.0,71.2,71.2,71.2,2.0,14240.0,456
2023-05-09 21:18:26,i2401-P-700,i2401-P-700,71.2,0.0,0.0,0.0,10,71.2,72.0,10,72.0,71.2,71.2,71.2,2.0,14240.0,456
2023-05-09 21:19:29,i2401-P-700,i2401-P-700,71.2,0.0,0.0,0.0,10,71.3,72.1,10,72.0,71.2,71.2,71.2,2.0,14240.0,456
2023-05-09 21:19:34,i2401-P-700,i2401-P-700,71.2,0.0,0.0,0.0,10,71.2,72.0,10,72.0,71.2,71.2,71.2,2.0,14240.0,456
2023-05-09 21:19:52,i2401-P-700,i2401-P-700,71.2,0.0,0.0,0.0,10,71.4,72.1,10,72.0,71.2,71.2,71.2,2.0,14240.0,456
2023-05-09 21:19:53,i2401-P-700,i2401-P-700,71.2,0.0,0.0,0.0,10,71.4,72.2,20,72.0,71.2,71.2,71.2,2.0,14240.0,456
2023-05-09 21:20:03,i2401-P-700,i2401-P-700,71.2,0.0,0.0,0.0,10,71.6,72.2,10,72.0,71.2,71.2,71.2,2.0,14240.0,456
2023-05-09 21:20:04,i2401-P-700,i2401-P-700,71.2,0.0,0.0,0.0,10,71.6,72.3,4,72.0,71.2,71.2,71.2,2.0,14240.0,456
2023-05-09 21:20:07,i2401-P-700,i2401-P-700,71.2,0.0,0.0,0.0,10,71.4,72.2,10,72.0,71.2,71.2,71.2,2.0,14240.0,456
2023-05-09 21:20:16,i2401-P-700,i2401-P-700,71.2,0.0,0.0,0.0,10,71.2,72.1,10,72.0,71.2,71.2,71.2,2.0,14240.0,456
2023-05-09 21:20:26,i2401-P-700,i2401-P-700,71.2,0.0,0.0,0.0,10,71.1,71.9,10,72.0,71.2,71.2,71.2,2.0,14240.0,456
2023-05-09 21:20:30,i2401-P-700,i2401-P-700,71.2,0.0,0.0,0.0,10,70.9,71.8,10,72.0,71.2,71.2,71.2,2.0,14240.0,456
2023-05-09 21:21:04,i2401-P-700,i2401-P-700,71.2,0.0,0.0,0.0,10,71.1,71.9,10,72.0,71.2,71.2,71.2,2.0,14240.0,456
2023-05-09 21:21:04,i2401-P-700,i2401-P-700,71.2,0.0,0.0,0.0,20,71.3,72.1,10,72.0,71.2,71.2,71.2,2.0,14240.0,456
2023-05-09 21:21:22,i2401-P-700,i2401-P-700,71.2,0.0,0.0,0.0,10,71.3,72.1,10,72.0,71.2,71.2,71.2,2.0,14240.0,456
2023-05-09 21:21:37,i2401-P-700,i2401-P-700,71.2,0.0,0.0,0.0,10,71.4,72.2,10,72.0,71.2,71.2,71.2,2.0,14240.0,456
2023-05-09 21:21:41,i2401-P-700,i2401-P-700,71.2,0.0,0.0,0.0,10,71.1,71.9,10,72.0,71.2,71.2,71.2,2.0,14240.0,456
2023-05-09 21:21:42,i2401-P-700,i2401-P-700,71.2,0.0,0.0,0.0,20,71.0,71.8,10,72.0,71.2,71.2,71.2,2.0,14240.0,456
2023-05-09 21:21:45,i2401-P-700,i2401-P-700,71.2,0.0,0.0,0.0,20,71.1,72.0,10,72.0,71.2,71.2,71.2,2.0,14240.0,456
2023-05-09 21:21:54,i2401-P-700,i2401-P-700,71.2,0.0,0.0,0.0,10,71.3,72.1,10,72.0,71.2,71.2,71.2,2.0,14240.0,456
2023-05-09 21:22:02,i2401-P-700,i2401-P-700,71.2,0.0,0.0,0.0,10,71.4,72.2,10,72.0,71.2,71.2,71.2,2.0,14240.0,456
2023-05-09 21:22:03,i2401-P-700,i2401-P-700,71.2,0.0,0.0,0.0,10,71.4,72.3,14,72.0,71.2,71.2,71.2,2.0,14240.0,456
2023-05-09 21:22:03,i2401-P-700,i2401-P-700,71.2,0.0,0.0,0.0,10,71.6,72.3,4,72.0,71.2,71.2,71.2,2.0,14240.0,456
2023-05-09 21:22:10,i2401-P-700,i2401-P-700,71.2,0.0,0.0,0.0,10,71.6,72.4,10,72.0,71.2,71.2,71.2,2.0,14240.0,456
2023-05-09 21:22:12,i2401-P-700,i2401-P-700,71.2,0.0,0.0,0.0,10,71.7,72.5,10,72.0,71.2,71.2,71.2,2.0,14240.0,456
2023-05-09 21:22:14,i2401-P-700,i2401-P-700,71.2,0.0,0.0,0.0,10,71.7,72.6,10,72.0,71.2,71.2,71.2,2.0,14240.0,456
2023-05-09 21:22:22,i2401-P-700,i2401-P-700,71.2,0.0,0.0,0.0,10,71.6,72.4,10,72.0,71.2,71.2,71.2,2.0,14240.0,456
2023-05-09 21:22:23,i2401-P-700,i2401-P-700,71.2,0.0,0.0,0.0,20,71.6,72.4,10,72.0,71.2,71.2,71.2,2.0,14240.0,456
2023-05-09 21:22:24,i2401-P-700,i2401-P-700,71.2,0.0,0.0,0.0,10,71.7,72.6,10,72.0,71.2,71.2,71.2,2.0,14240.0,456
2023-05-09 21:22:26,i2401-P-700,i2401-P-700,71.2,0.0,0.0,0.0,10,71.6,72.4,10,72.0,71.2,71.2,71.2,2.0,14240.0,456
2023-05-09 21:22:34,i2401-P-700,i2401-P-700,71.2,0.0,0.0,0.0,10,71.7,72.6,10,72.0,71.2,71.2,71.2,2.0,14240.0,456
2023-05-09 21:22:36,i2401-P-700,i2401-P-700,71.2,0.0,0.0,0.0,10,71.6,72.4,10,72.0,71.2,71.2,71.2,2.0,14240.0,456
2023-05-09 21:22:47,i2401-P-700,i2401-P-700,71.2,0.0,0.0,0.0,10,71.7,72.6,10,72.0,71.2,71.2,71.2,2.0,14240.0,456
2023-05-09 21:23:15,i2401-P-700,i2401-P-700,71.2,0.0,0.0,0.0,10,71.9,72.7,10,72.0,71.2,71.2,71.2,2.0,14240.0,456
2023-05-09 21:23:58,i2401-P-700,i2401-P-700,71.2,0.0,0.0,0.0,10,71.7,72.6,10,72.0,71.2,71.2,71.2,2.0,14240.0,456
2023-05-09 21:24:05,i2401-P-700,i2401-P-700,71.2,0.0,0.0,0.0,10,71.7,72.2,10,72.0,71.2,71.2,71.2,2.0,14240.0,456
2023-05-09 21:24:07,i2401-P-700,i2401-P-700,71.2,0.0,0.0,0.0,10,71.7,72.6,10,72.0,71.2,71.2,71.2,2.0,14240.0,456
2023-05-09 21:24:16,i2401-P-700,i2401-P-700,71.2,0.0,0.0,0.0,10,71.7,72.6,20,72.0,71.2,71.2,71.2,2.0,14240.0,456
2023-05-09 21:24:40,i2401-P-700,i2401-P-700,71.2,0.0,0.0,0.0,10,71.6,72.4,10,72.0,71.2,71.2,71.2,2.0,14240.0,456
2023-05-09 21:24:40,i2401-P-700,i2401-P-700,71.2,0.0,0.0,0.0,10,71.6,72.4,20,72.0,71.2,71.2,71.2,2.0,14240.0,456
2023-05-09 21:24:45,i2401-P-700,i2401-P-700,71.2,0.0,0.0,0.0,10,71.7,72.4,10,72.0,71.2,71.2,71.2,2.0,14240.0,456
2023-05-09 21:24:50,i2401-P-700,i2401-P-700,71.2,0.0,0.0,0.0,20,71.6,72.4,20,72.0,71.2,71.2,71.2,2.0,14240.0,456
2023-05-09 21:24:51,i2401-P-700,i2401-P-700,71.2,0.0,0.0,0.0,10,71.7,72.4,10,72.0,71.2,71.2,71.2,2.0,14240.0,456
2023-05-09 21:25:05,i2401-P-700,i2401-P-700,71.2,0.0,0.0,0.0,10,71.6,72.4,20,72.0,71.2,71.2,71.2,2.0,14240.0,456
2023-05-09 21:26:06,i2401-P-700,i2401-P-700,71.2,0.0,0.0,0.0,10,71.4,72.2,10,72.0,71.2,71.2,71.2,2.0,14240.0,456
2023-05-09 21:26:45,i2401-P-700,i2401-P-700,71.2,0.0,0.0,0.0,10,71.4,72.0,10,72.0,71.2,71.2,71.2,2.0,14240.0,456
2023-05-09 21:27:01,i2401-P-700,i2401-P-700,71.2,0.0,0.0,0.0,10,71.4,72.2,10,72.0,71.2,71.2,71.2,2.0,14240.0,456
2023-05-09 21:27:16,i2401-P-700,i2401-P-700,71.2,0.0,0.0,0.0,10,71.5,72.3,10,72.0,71.2,71.2,71.2,2.0,14240.0,456
2023-05-09 21:27:16,i2401-P-700,i2401-P-700,71.2,0.0,0.0,0.0,10,71.4,72.2,10,72.0,71.2,71.2,71.2,2.0,14240.0,456
2023-05-09 21:27:30,i2401-P-700,i2401-P-700,71.2,0.0,0.0,0.0,10,71.2,72.0,10,72.0,71.2,71.2,71.2,2.0,14240.0,456
2023-05-09 21:28:04,i2401-P-700,i2401-P-700,71.2,0.0,0.0,0.0,4,71.1,71.9,10,72.0,71.2,71.2,71.2,2.0,14240.0,456
2023-05-09 21:28:07,i2401-P-700,i2401-P-700,71.2,0.0,0.0,0.0,10,71.2,72.0,10,72.0,71.2,71.2,71.2,2.0,14240.0,456
2023-05-09 21:29:04,i2401-P-700,i2401-P-700,71.2,0.0,0.0,0.0,20,71.2,72.0,10,72.0,71.2,71.2,71.2,2.0,14240.0,456
2023-05-09 21:29:06,i2401-P-700,i2401-P-700,71.2,0.0,0.0,0.0,10,71.3,72.1,10,72.0,71.2,71.2,71.2,2.0,14240.0,456
2023-05-09 21:29:06,i2401-P-700,i2401-P-700,71.2,0.0,0.0,0.0,10,71.5,72.3,10,72.0,71.2,71.2,71.2,2.0,14240.0,456
2023-05-09 21:29:43,i2401-P-700,i2401-P-700,71.2,0.0,0.0,0.0,20,71.3,72.2,10,72.0,71.2,71.2,71.2,2.0,14240.0,456
2023-05-09 21:30:02,i2401-P-700,i2401-P-700,71.2,0.0,0.0,0.0,10,71.5,72.3,10,72.0,71.2,71.2,71.2,2.0,14240.0,456
2023-05-09 21:30:03,i2401-P-700,i2401-P-700,71.2,0.0,0.0,0.0,10,71.6,72.4,10,72.0,71.2,71.2,71.2,2.0,14240.0,456
2023-05-09 21:30:04,i2401-P-700,i2401-P-700,71.2,0.0,0.0,0.0,10,71.5,72.3,10,72.0,71.2,71.2,71.2,2.0,14240.0,456
2023-05-09 21:30:20,i2401-P-700,i2401-P-700,71.2,0.0,0.0,0.0,10,71.6,72.4,10,72.0,71.2,71.2,71.2,2.0,14240.0,456
2023-05-09 21:30:38,i2401-P-700,i2401-P-700,71.2,0.0,0.0,0.0,10,71.6,72.5,10,72.0,71.2,71.2,71.2,2.0,14240.0,456
2023-05-09 21:31:02,i2401-P-700,i2401-P-700,71.2,0.0,0.0,0.0,10,71.8,72.6,14,72.0,71.2,71.2,71.2,2.0,14240.0,456
2023-05-09 21:31:16,i2401-P-700,i2401-P-700,71.2,0.0,0.0,0.0,10,71.6,72.4,10,72.0,71.2,71.2,71.2,2.0,14240.0,456
2023-05-09 21:31:28,i2401-P-700,i2401-P-700,71.2,0.0,0.0,0.0,10,71.7,72.6,14,72.0,71.2,71.2,71.2,2.0,14240.0,456
2023-05-09 21:31:56,i2401-P-700,i2401-P-700,71.2,0.0,0.0,0.0,10,71.7,72.6,24,72.0,71.2,71.2,71.2,2.0,14240.0,456
2023-05-09 21:31:57,i2401-P-700,i2401-P-700,71.2,0.0,0.0,0.0,10,71.7,72.6,14,72.0,71.2,71.2,71.2,2.0,14240.0,456
2023-05-09 21:32:04,i2401-P-700,i2401-P-700,71.2,0.0,0.0,0.0,10,71.9,72.6,4,72.0,71.2,71.2,71.2,2.0,14240.0,456
2023-05-09 21:32:12,i2401-P-700,i2401-P-700,71.2,0.0,0.0,0.0,10,71.7,72.6,14,72.0,71.2,71.2,71.2,2.0,14240.0,456
2023-05-09 21:32:14,i2401-P-700,i2401-P-700,71.2,0.0,0.0,0.0,10,71.9,72.6,4,72.0,71.2,71.2,71.2,2.0,14240.0,456
2023-05-09 21:32:21,i2401-P-700,i2401-P-700,71.2,0.0,0.0,0.0,10,71.9,72.7,10,72.0,71.2,71.2,71.2,2.0,14240.0,456
2023-05-09 21:32:48,i2401-P-700,i2401-P-700,71.2,0.0,0.0,0.0,10,71.7,72.6,10,72.0,71.2,71.2,71.2,2.0,14240.0,456
2023-05-09 21:33:07,i2401-P-700,i2401-P-700,71.2,0.0,0.0,0.0,10,71.4,72.1,10,72.0,71.2,71.2,71.2,2.0,14240.0,456
2023-05-09 21:33:08,i2401-P-700,i2401-P-700,71.2,0.0,0.0,0.0,10,71.6,72.4,10,72.0,71.2,71.2,71.2,2.0,14240.0,456
2023-05-09 21:33:27,i2401-P-700,i2401-P-700,71.2,0.0,0.0,0.0,20,71.4,72.3,10,72.0,71.2,71.2,71.2,2.0,14240.0,456
2023-05-09 21:33:56,i2401-P-700,i2401-P-700,71.2,0.0,0.0,0.0,10,71.4,72.1,10,72.0,71.2,71.2,71.2,2.0,14240.0,456
2023-05-09 21:33:56,i2401-P-700,i2401-P-700,71.2,0.0,0.0,0.0,10,71.3,72.1,10,72.0,71.2,71.2,71.2,2.0,14240.0,456
2023-05-09 21:33:57,i2401-P-700,i2401-P-700,71.2,0.0,0.0,0.0,14,71.1,72.0,10,72.0,71.2,71.2,71.2,2.0,14240.0,456
2023-05-09 21:34:11,i2401-P-700,i2401-P-700,71.2,0.0,0.0,0.0,4,71.1,71.8,10,72.0,71.2,71.2,71.2,2.0,14240.0,456
2023-05-09 21:34:11,i2401-P-700,i2401-P-700,71.2,0.0,0.0,0.0,10,70.9,71.8,20,72.0,71.2,71.2,71.2,2.0,14240.0,456
2023-05-09 21:34:29,i2401-P-700,i2401-P-700,71.2,0.0,0.0,0.0,10,71.5,72.2,20,72.0,71.2,71.2,71.2,2.0,14240.0,456
2023-05-09 21:34:31,i2401-P-700,i2401-P-700,71.2,0.0,0.0,0.0,20,70.8,72.2,20,72.0,71.2,71.2,71.2,2.0,14240.0,456
2023-05-09 21:34:35,i2401-P-700,i2401-P-700,71.2,0.0,0.0,0.0,10,71.0,72.2,20,72.0,71.2,71.2,71.2,2.0,14240.0,456
2023-05-09 21:34:38,i2401-P-700,i2401-P-700,71.2,0.0,0.0,0.0,10,71.0,72.2,30,72.0,71.2,71.2,71.2,2.0,14240.0,456
2023-05-09 21:34:52,i2401-P-700,i2401-P-700,71.2,0.0,0.0,0.0,10,70.9,72.2,30,72.0,71.2,71.2,71.2,2.0,14240.0,456
2023-05-09 21:35:01,i2401-P-700,i2401-P-700,71.2,0.0,0.0,0.0,10,70.8,72.2,30,72.0,71.2,71.2,71.2,2.0,14240.0,456
2023-05-09 21:35:04,i2401-P-700,i2401-P-700,71.2,0.0,0.0,0.0,20,70.7,72.2,30,72.0,71.2,71.2,71.2,2.0,14240.0,456
2023-05-09 21:35:07,i2401-P-700,i2401-P-700,71.2,0.0,0.0,0.0,10,70.7,72.1,20,72.0,71.2,71.2,71.2,2.0,14240.0,456
2023-05-09 21:35:07,i2401-P-700,i2401-P-700,71.2,0.0,0.0,0.0,4,70.4,71.9,20,72.0,71.2,71.2,71.2,2.0,14240.0,456
2023-05-09 21:35:07,i2401-P-700,i2401-P-700,71.2,0.0,0.0,0.0,4,70.4,71.9,30,72.0,71.2,71.2,71.2,2.0,14240.0,456
2023-05-09 21:35:09,i2401-P-700,i2401-P-700,71.2,0.0,0.0,0.0,14,70.4,71.9,30,72.0,71.2,71.2,71.2,2.0,14240.0,456
2023-05-09 21:35:12,i2401-P-700,i2401-P-700,71.2,0.0,0.0,0.0,14,70.4,71.8,24,72.0,71.2,71.2,71.2,2.0,14240.0,456
2023-05-09 21:35:13,i2401-P-700,i2401-P-700,71.2,0.0,0.0,0.0,10,70.6,71.5,10,72.0,71.2,71.2,71.2,2.0,14240.0,456
2023-05-09 21:35:29,i2401-P-700,i2401-P-700,71.2,0.0,0.0,0.0,10,70.6,71.5,20,72.0,71.2,71.2,71.2,2.0,14240.0,456
2023-05-09 21:35:32,i2401-P-700,i2401-P-700,71.2,0.0,0.0,0.0,10,70.5,71.3,10,72.0,71.2,71.2,71.2,2.0,14240.0,456
2023-05-09 21:35:34,i2401-P-700,i2401-P-700,71.2,0.0,0.0,0.0,10,70.7,71.5,20,72.0,71.2,71.2,71.2,2.0,14240.0,456
2023-05-09 21:35:35,i2401-P-700,i2401-P-700,71.2,0.0,0.0,0.0,10,70.5,71.4,10,72.0,71.2,71.2,71.2,2.0,14240.0,456
2023-05-09 21:35:53,i2401-P-700,i2401-P-700,71.2,0.0,0.0,0.0,10,70.7,71.5,20,72.0,71.2,71.2,71.2,2.0,14240.0,456
2023-05-09 21:36:44,i2401-P-700,i2401-P-700,71.2,0.0,0.0,0.0,10,70.5,71.3,10,72.0,71.2,71.2,71.2,2.0,14240.0,456
2023-05-09 21:37:08,i2401-P-700,i2401-P-700,71.2,0.0,0.0,0.0,10,70.7,71.5,10,72.0,71.2,71.2,71.2,2.0,14240.0,456
2023-05-09 21:37:28,i2401-P-700,i2401-P-700,71.2,0.0,0.0,0.0,10,70.7,71.6,10,72.0,71.2,71.2,71.2,2.0,14240.0,456
2023-05-09 21:37:40,i2401-P-700,i2401-P-700,71.2,0.0,0.0,0.0,10,70.9,71.7,10,72.0,71.2,71.2,71.2,2.0,14240.0,456
2023-05-09 21:38:10,i2401-P-700,i2401-P-700,71.2,0.0,0.0,0.0,10,71.1,71.8,4,72.0,71.2,71.2,71.2,2.0,14240.0,456
2023-05-09 21:38:10,i2401-P-700,i2401-P-700,71.2,0.0,0.0,0.0,10,71.1,71.9,20,72.0,71.2,71.2,71.2,2.0,14240.0,456
2023-05-09 21:38:32,i2401-P-700,i2401-P-700,71.2,0.0,0.0,0.0,10,71.3,71.9,10,72.0,71.2,71.2,71.2,2.0,14240.0,456
2023-05-09 21:38:33,i2401-P-700,i2401-P-700,71.2,0.0,0.0,0.0,10,71.1,71.9,10,72.0,71.2,71.2,71.2,2.0,14240.0,456
2023-05-09 21:38:35,i2401-P-700,i2401-P-700,71.2,0.0,0.0,0.0,10,71.3,71.9,10,72.0,71.2,71.2,71.2,2.0,14240.0,456
2023-05-09 21:38:39,i2401-P-700,i2401-P-700,71.2,0.0,0.0,0.0,10,71.1,71.9,10,72.0,71.2,71.2,71.2,2.0,14240.0,456
2023-05-09 21:38:54,i2401-P-700,i2401-P-700,71.2,0.0,0.0,0.0,10,71.3,71.9,10,72.0,71.2,71.2,71.2,2.0,14240.0,456
2023-05-09 21:39:01,i2401-P-700,i2401-P-700,71.2,0.0,0.0,0.0,10,71.1,71.9,10,72.0,71.2,71.2,71.2,2.0,14240.0,456
2023-05-09 21:39:22,i2401-P-700,i2401-P-700,71.2,0.0,0.0,0.0,20,71.0,71.8,10,72.0,71.2,71.2,71.2,2.0,14240.0,456
2023-05-09 21:39:29,i2401-P-700,i2401-P-700,71.2,0.0,0.0,0.0,10,71.2,71.9,10,72.0,71.2,71.2,71.2,2.0,14240.0,456
2023-05-09 21:40:02,i2401-P-700,i2401-P-700,71.2,0.0,0.0,0.0,10,71.0,71.8,10,72.0,71.2,71.2,71.2,2.0,14240.0,456
2023-05-09 21:40:04,i2401-P-700,i2401-P-700,71.2,0.0,0.0,0.0,10,70.9,71.7,10,72.0,71.2,71.2,71.2,2.0,14240.0,456
2023-05-09 21:40:15,i2401-P-700,i2401-P-700,71.2,0.0,0.0,0.0,10,70.8,71.7,10,72.0,71.2,71.2,71.2,2.0,14240.0,456
2023-05-09 21:40:27,i2401-P-700,i2401-P-700,71.2,0.0,0.0,0.0,20,70.6,71.4,10,72.0,71.2,71.2,71.2,2.0,14240.0,456
2023-05-09 21:40:30,i2401-P-700,i2401-P-700,71.2,0.0,0.0,0.0,10,70.6,71.4,10,72.0,71.2,71.2,71.2,2.0,14240.0,456
2023-05-09 21:40:59,i2401-P-700,i2401-P-700,71.2,0.0,0.0,0.0,10,70.8,71.6,30,72.0,71.2,71.2,71.2,2.0,14240.0,456
2023-05-09 21:40:59,i2401-P-700,i2401-P-700,71.2,0.0,0.0,0.0,10,70.8,71.6,20,72.0,71.2,71.2,71.2,2.0,14240.0,456
2023-05-09 21:41:08,i2401-P-700,i2401-P-700,71.2,0.0,0.0,0.0,10,70.9,71.6,10,72.0,71.2,71.2,71.2,2.0,14240.0,456
2023-05-09 21:41:11,i2401-P-700,i2401-P-700,71.2,0.0,0.0,0.0,10,70.9,71.8,10,72.0,71.2,71.2,71.2,2.0,14240.0,456
2023-05-09 21:41:12,i2401-P-700,i2401-P-700,71.2,0.0,0.0,0.0,10,71.1,71.9,20,72.0,71.2,71.2,71.2,2.0,14240.0,456
2023-05-09 21:41:13,i2401-P-700,i2401-P-700,71.2,0.0,0.0,0.0,10,70.9,71.8,10,72.0,71.2,71.2,71.2,2.0,14240.0,456
2023-05-09 21:41:20,i2401-P-700,i2401-P-700,71.2,0.0,0.0,0.0,10,71.1,71.9,20,72.0,71.2,71.2,71.2,2.0,14240.0,456
2023-05-09 21:41:22,i2401-P-700,i2401-P-700,71.2,0.0,0.0,0.0,10,70.9,71.8,10,72.0,71.2,71.2,71.2,2.0,14240.0,456
2023-05-09 21:41:50,i2401-P-700,i2401-P-700,71.2,0.0,0.0,0.0,10,70.8,71.6,10,72.0,71.2,71.2,71.2,2.0,14240.0,456
2023-05-09 21:41:50,i2401-P-700,i2401-P-700,71.2,0.0,0.0,0.0,10,70.9,71.8,10,72.0,71.2,71.2,71.2,2.0,14240.0,456
2023-05-09 21:41:51,i2401-P-700,i2401-P-700,71.2,0.0,0.0,0.0,10,70.8,71.6,10,72.0,71.2,71.2,71.2,2.0,14240.0,456
2023-05-09 21:41:57,i2401-P-700,i2401-P-700,71.2,0.0,0.0,0.0,10,70.9,71.8,20,72.0,71.2,71.2,71.2,2.0,14240.0,456
2023-05-09 21:42:18,i2401-P-700,i2401-P-700,71.2,0.0,0.0,0.0,10,70.9,71.8,10,72.0,71.2,71.2,71.2,2.0,14240.0,456
2023-05-09 21:42:20,i2401-P-700,i2401-P-700,71.2,0.0,0.0,0.0,10,71.1,71.9,10,72.0,71.2,71.2,71.2,2.0,14240.0,456
2023-05-09 21:42:21,i2401-P-700,i2401-P-700,71.2,0.0,0.0,0.0,10,71.3,71.9,10,72.0,71.2,71.2,71.2,2.0,14240.0,456
2023-05-09 21:42:36,i2401-P-700,i2401-P-700,71.2,0.0,0.0,0.0,10,71.4,72.1,4,72.0,71.2,71.2,71.2,2.0,14240.0,456
2023-05-09 21:42:43,i2401-P-700,i2401-P-700,71.2,0.0,0.0,0.0,10,71.2,72.1,14,72.0,71.2,71.2,71.2,2.0,14240.0,456
2023-05-09 21:42:51,i2401-P-700,i2401-P-700,71.2,0.0,0.0,0.0,10,71.2,72.1,24,72.0,71.2,71.2,71.2,2.0,14240.0,456
2023-05-09 21:42:58,i2401-P-700,i2401-P-700,71.2,0.0,0.0,0.0,10,71.0,71.8,10,72.0,71.2,71.2,71.2,2.0,14240.0,456
2023-05-09 21:43:28,i2401-P-700,i2401-P-700,71.2,0.0,0.0,0.0,10,71.1,71.9,20,72.0,71.2,71.2,71.2,2.0,14240.0,456
2023-05-09 21:44:03,i2401-P-700,i2401-P-700,71.2,0.0,0.0,0.0,10,71.1,71.9,10,72.0,71.2,71.2,71.2,2.0,14240.0,456
2023-05-09 21:44:04,i2401-P-700,i2401-P-700,71.2,0.0,0.0,0.0,10,71.0,71.8,10,72.0,71.2,71.2,71.2,2.0,14240.0,456
2023-05-09 21:45:17,i2401-P-700,i2401-P-700,71.2,0.0,0.0,0.0,10,71.3,71.9,10,72.0,71.2,71.2,71.2,2.0,14240.0,456
2023-05-09 21:45:17,i2401-P-700,i2401-P-700,71.2,0.0,0.0,0.0,10,71.3,72.1,4,72.0,71.2,71.2,71.2,2.0,14240.0,456
2023-05-09 21:45:38,i2401-P-700,i2401-P-700,71.2,0.0,0.0,0.0,10,71.1,71.9,10,72.0,71.2,71.2,71.2,2.0,14240.0,456
2023-05-09 21:45:59,i2401-P-700,i2401-P-700,71.2,0.0,0.0,0.0,10,71.3,72.1,14,72.0,71.2,71.2,71.2,2.0,14240.0,456
2023-05-09 21:46:07,i2401-P-700,i2401-P-700,71.2,0.0,0.0,0.0,10,71.4,72.1,4,72.0,71.2,71.2,71.2,2.0,14240.0,456
2023-05-09 21:46:08,i2401-P-700,i2401-P-700,71.2,0.0,0.0,0.0,10,71.3,72.1,14,72.0,71.2,71.2,71.2,2.0,14240.0,456
2023-05-09 21:46:08,i2401-P-700,i2401-P-700,71.2,0.0,0.0,0.0,10,71.3,72.1,24,72.0,71.2,71.2,71.2,2.0,14240.0,456
2023-05-09 21:46:09,i2401-P-700,i2401-P-700,71.2,0.0,0.0,0.0,10,71.3,72.1,14,72.0,71.2,71.2,71.2,2.0,14240.0,456
2023-05-09 21:46:37,i2401-P-700,i2401-P-700,71.2,0.0,0.0,0.0,10,71.3,72.1,24,72.0,71.2,71.2,71.2,2.0,14240.0,456
2023-05-09 21:46:38,i2401-P-700,i2401-P-700,71.2,0.0,0.0,0.0,10,71.0,71.8,10,72.0,71.2,71.2,71.2,2.0,14240.0,456
2023-05-09 21:46:38,i2401-P-700,i2401-P-700,71.2,0.0,0.0,0.0,10,71.0,71.8,20,72.0,71.2,71.2,71.2,2.0,14240.0,456
2023-05-09 21:46:43,i2401-P-700,i2401-P-700,71.2,0.0,0.0,0.0,10,70.9,71.7,10,72.0,71.2,71.2,71.2,2.0,14240.0,456
2023-05-09 21:46:45,i2401-P-700,i2401-P-700,71.2,0.0,0.0,0.0,10,70.8,71.7,10,72.0,71.2,71.2,71.2,2.0,14240.0,456
2023-05-09 21:46:58,i2401-P-700,i2401-P-700,71.2,0.0,0.0,0.0,10,70.8,71.7,20,72.0,71.2,71.2,71.2,2.0,14240.0,456
2023-05-09 21:47:02,i2401-P-700,i2401-P-700,71.2,0.0,0.0,0.0,20,70.7,71.5,10,72.0,71.2,71.2,71.2,2.0,14240.0,456
2023-05-09 21:47:03,i2401-P-700,i2401-P-700,71.2,0.0,0.0,0.0,10,70.7,71.5,10,72.0,71.2,71.2,71.2,2.0,14240.0,456
2023-05-09 21:47:14,i2401-P-700,i2401-P-700,71.2,0.0,0.0,0.0,10,70.7,71.0,2,72.0,71.2,71.2,71.2,2.0,14240.0,456
2023-05-09 21:47:16,i2401-P-700,i2401-P-700,71.0,2.0,14200.0,2.0,4,70.8,71.4,4,72.0,71.2,71.2,71.0,4.0,28440.0,458
2023-05-09 21:47:16,i2401-P-700,i2401-P-700,71.0,0.0,0.0,0.0,10,71.0,71.4,4,72.0,71.2,71.2,71.0,4.0,28440.0,458
2023-05-09 21:47:18,i2401-P-700,i2401-P-700,71.0,0.0,0.0,0.0,14,70.8,71.4,4,72.0,71.2,71.2,71.0,4.0,28440.0,458
2023-05-09 21:47:24,i2401-P-700,i2401-P-700,71.0,0.0,0.0,0.0,4,70.8,71.4,4,72.0,71.2,71.2,71.0,4.0,28440.0,458
2023-05-09 21:47:24,i2401-P-700,i2401-P-700,71.0,0.0,0.0,0.0,10,70.7,71.4,4,72.0,71.2,71.2,71.0,4.0,28440.0,458
2023-05-09 21:47:39,i2401-P-700,i2401-P-700,71.0,0.0,0.0,0.0,10,70.5,71.4,14,72.0,71.2,71.2,71.0,4.0,28440.0,458
2023-05-09 21:47:40,i2401-P-700,i2401-P-700,71.0,0.0,0.0,0.0,10,70.5,71.4,24,72.0,71.2,71.2,71.0,4.0,28440.0,458
2023-05-09 21:47:52,i2401-P-700,i2401-P-700,71.0,0.0,0.0,0.0,14,70.4,71.2,10,72.0,71.2,71.2,71.0,4.0,28440.0,458
2023-05-09 21:48:04,i2401-P-700,i2401-P-700,71.0,0.0,0.0,0.0,4,70.4,71.1,10,72.0,71.2,71.2,71.0,4.0,28440.0,458
2023-05-09 21:49:03,i2401-P-700,i2401-P-700,71.0,0.0,0.0,0.0,14,70.4,71.2,10,72.0,71.2,71.2,71.0,4.0,28440.0,458
2023-05-09 21:49:20,i2401-P-700,i2401-P-700,71.0,0.0,0.0,0.0,10,70.4,71.2,10,72.0,71.2,71.2,71.0,4.0,28440.0,458
2023-05-09 21:49:22,i2401-P-700,i2401-P-700,71.0,0.0,0.0,0.0,20,70.2,71.1,10,72.0,71.2,71.2,71.0,4.0,28440.0,458
2023-05-09 21:49:24,i2401-P-700,i2401-P-700,71.0,0.0,0.0,0.0,10,70.2,70.9,10,72.0,71.2,71.2,71.0,4.0,28440.0,458
2023-05-09 21:49:26,i2401-P-700,i2401-P-700,71.0,0.0,0.0,0.0,10,70.1,70.9,10,72.0,71.2,71.2,71.0,4.0,28440.0,458
2023-05-09 21:49:27,i2401-P-700,i2401-P-700,71.0,0.0,0.0,0.0,10,69.9,70.7,10,72.0,71.2,71.2,71.0,4.0,28440.0,458
2023-05-09 21:49:30,i2401-P-700,i2401-P-700,71.0,0.0,0.0,0.0,10,70.0,70.9,10,72.0,71.2,71.2,71.0,4.0,28440.0,458
2023-05-09 21:49:32,i2401-P-700,i2401-P-700,71.0,0.0,0.0,0.0,10,70.2,71.1,30,72.0,71.2,71.2,71.0,4.0,28440.0,458
2023-05-09 21:49:32,i2401-P-700,i2401-P-700,71.0,0.0,0.0,0.0,10,70.2,71.1,20,72.0,71.2,71.2,71.0,4.0,28440.0,458
2023-05-09 21:49:36,i2401-P-700,i2401-P-700,71.0,0.0,0.0,0.0,10,70.0,70.9,10,72.0,71.2,71.2,71.0,4.0,28440.0,458
2023-05-09 21:49:36,i2401-P-700,i2401-P-700,71.0,0.0,0.0,0.0,10,70.2,71.0,10,72.0,71.2,71.2,71.0,4.0,28440.0,458
2023-05-09 21:49:52,i2401-P-700,i2401-P-700,71.0,0.0,0.0,0.0,10,70.0,70.9,10,72.0,71.2,71.2,71.0,4.0,28440.0,458
2023-05-09 21:49:53,i2401-P-700,i2401-P-700,71.0,0.0,0.0,0.0,10,70.2,71.0,10,72.0,71.2,71.2,71.0,4.0,28440.0,458
2023-05-09 21:49:55,i2401-P-700,i2401-P-700,71.0,0.0,0.0,0.0,10,70.0,70.9,10,72.0,71.2,71.2,71.0,4.0,28440.0,458
2023-05-09 21:49:59,i2401-P-700,i2401-P-700,71.0,0.0,0.0,0.0,10,70.2,71.0,10,72.0,71.2,71.2,71.0,4.0,28440.0,458
2023-05-09 21:50:00,i2401-P-700,i2401-P-700,71.0,0.0,0.0,0.0,10,70.0,70.9,10,72.0,71.2,71.2,71.0,4.0,28440.0,458
2023-05-09 21:50:01,i2401-P-700,i2401-P-700,71.0,0.0,0.0,0.0,10,70.1,70.9,10,72.0,71.2,71.2,71.0,4.0,28440.0,458
2023-05-09 21:50:13,i2401-P-700,i2401-P-700,71.0,0.0,0.0,0.0,10,69.9,70.8,10,72.0,71.2,71.2,71.0,4.0,28440.0,458
2023-05-09 21:50:13,i2401-P-700,i2401-P-700,71.0,0.0,0.0,0.0,10,69.9,70.8,20,72.0,71.2,71.2,71.0,4.0,28440.0,458
2023-05-09 21:50:16,i2401-P-700,i2401-P-700,71.0,0.0,0.0,0.0,20,69.9,70.8,20,72.0,71.2,71.2,71.0,4.0,28440.0,458
2023-05-09 21:50:17,i2401-P-700,i2401-P-700,71.0,0.0,0.0,0.0,10,70.1,70.8,10,72.0,71.2,71.2,71.0,4.0,28440.0,458
2023-05-09 21:50:19,i2401-P-700,i2401-P-700,71.0,0.0,0.0,0.0,20,69.9,70.8,20,72.0,71.2,71.2,71.0,4.0,28440.0,458
2023-05-09 21:50:33,i2401-P-700,i2401-P-700,71.0,0.0,0.0,0.0,10,69.9,70.8,20,72.0,71.2,71.2,71.0,4.0,28440.0,458
2023-05-09 21:50:34,i2401-P-700,i2401-P-700,71.0,0.0,0.0,0.0,20,69.8,70.6,10,72.0,71.2,71.2,71.0,4.0,28440.0,458
2023-05-09 21:50:54,i2401-P-700,i2401-P-700,71.0,0.0,0.0,0.0,10,70.0,70.8,30,72.0,71.2,71.2,71.0,4.0,28440.0,458
2023-05-09 21:50:54,i2401-P-700,i2401-P-700,71.0,0.0,0.0,0.0,10,70.0,70.8,20,72.0,71.2,71.2,71.0,4.0,28440.0,458
2023-05-09 21:51:03,i2401-P-700,i2401-P-700,71.0,0.0,0.0,0.0,10,70.0,70.8,30,72.0,71.2,71.2,71.0,4.0,28440.0,458
2023-05-09 21:51:04,i2401-P-700,i2401-P-700,71.0,0.0,0.0,0.0,10,70.0,70.8,20,72.0,71.2,71.2,71.0,4.0,28440.0,458
2023-05-09 21:51:05,i2401-P-700,i2401-P-700,71.0,0.0,0.0,0.0,20,69.8,70.6,10,72.0,71.2,71.2,71.0,4.0,28440.0,458
2023-05-09 21:52:03,i2401-P-700,i2401-P-700,71.0,0.0,0.0,0.0,10,70.0,70.8,10,72.0,71.2,71.2,71.0,4.0,28440.0,458
2023-05-09 21:54:02,i2401-P-700,i2401-P-700,71.0,0.0,0.0,0.0,20,69.9,70.7,10,72.0,71.2,71.2,71.0,4.0,28440.0,458
2023-05-09 21:54:05,i2401-P-700,i2401-P-700,71.0,0.0,0.0,0.0,10,69.9,70.7,10,72.0,71.2,71.2,71.0,4.0,28440.0,458
2023-05-09 21:55:00,i2401-P-700,i2401-P-700,71.0,0.0,0.0,0.0,10,69.8,70.6,10,72.0,71.2,71.2,71.0,4.0,28440.0,458
2023-05-09 21:55:01,i2401-P-700,i2401-P-700,71.0,0.0,0.0,0.0,10,69.8,70.4,10,72.0,71.2,71.2,71.0,4.0,28440.0,458
2023-05-09 21:55:04,i2401-P-700,i2401-P-700,71.0,0.0,0.0,0.0,14,69.6,70.4,10,72.0,71.2,71.2,71.0,4.0,28440.0,458
2023-05-09 21:55:07,i2401-P-700,i2401-P-700,71.0,0.0,0.0,0.0,10,69.7,70.5,10,72.0,71.2,71.2,71.0,4.0,28440.0,458
2023-05-09 21:55:21,i2401-P-700,i2401-P-700,71.0,0.0,0.0,0.0,10,69.9,70.5,10,72.0,71.2,71.2,71.0,4.0,28440.0,458
2023-05-09 21:55:26,i2401-P-700,i2401-P-700,71.0,0.0,0.0,0.0,10,69.7,70.5,10,72.0,71.2,71.2,71.0,4.0,28440.0,458
2023-05-09 21:55:29,i2401-P-700,i2401-P-700,71.0,0.0,0.0,0.0,14,69.6,70.4,10,72.0,71.2,71.2,71.0,4.0,28440.0,458
2023-05-09 21:55:41,i2401-P-700,i2401-P-700,71.0,0.0,0.0,0.0,14,69.6,70.5,20,72.0,71.2,71.2,71.0,4.0,28440.0,458
2023-05-09 21:55:44,i2401-P-700,i2401-P-700,71.0,0.0,0.0,0.0,24,69.6,70.5,20,72.0,71.2,71.2,71.0,4.0,28440.0,458
2023-05-09 21:55:45,i2401-P-700,i2401-P-700,71.0,0.0,0.0,0.0,10,69.8,70.5,10,72.0,71.2,71.2,71.0,4.0,28440.0,458
2023-05-09 21:56:40,i2401-P-700,i2401-P-700,71.0,0.0,0.0,0.0,10,69.9,70.8,20,72.0,71.2,71.2,71.0,4.0,28440.0,458
2023-05-09 21:56:40,i2401-P-700,i2401-P-700,71.0,0.0,0.0,0.0,20,69.9,70.8,20,72.0,71.2,71.2,71.0,4.0,28440.0,458
2023-05-09 21:56:51,i2401-P-700,i2401-P-700,71.0,0.0,0.0,0.0,10,70.1,70.8,10,72.0,71.2,71.2,71.0,4.0,28440.0,458
2023-05-09 21:57:16,i2401-P-700,i2401-P-700,71.0,0.0,0.0,0.0,20,69.8,70.7,10,72.0,71.2,71.2,71.0,4.0,28440.0,458
2023-05-09 21:57:16,i2401-P-700,i2401-P-700,71.0,0.0,0.0,0.0,10,70.0,70.8,20,72.0,71.2,71.2,71.0,4.0,28440.0,458
2023-05-09 21:57:17,i2401-P-700,i2401-P-700,71.0,0.0,0.0,0.0,20,69.8,70.7,10,72.0,71.2,71.2,71.0,4.0,28440.0,458
2023-05-09 21:57:51,i2401-P-700,i2401-P-700,71.0,0.0,0.0,0.0,10,69.8,70.5,10,72.0,71.2,71.2,71.0,4.0,28440.0,458
2023-05-09 21:57:59,i2401-P-700,i2401-P-700,71.0,0.0,0.0,0.0,20,69.8,70.7,10,72.0,71.2,71.2,71.0,4.0,28440.0,458
2023-05-09 21:58:00,i2401-P-700,i2401-P-700,71.0,0.0,0.0,0.0,10,69.8,70.5,10,72.0,71.2,71.2,71.0,4.0,28440.0,458
2023-05-09 21:58:02,i2401-P-700,i2401-P-700,71.0,0.0,0.0,0.0,10,69.8,70.5,20,72.0,71.2,71.2,71.0,4.0,28440.0,458
2023-05-09 21:58:04,i2401-P-700,i2401-P-700,71.0,0.0,0.0,0.0,20,69.8,70.5,10,72.0,71.2,71.2,71.0,4.0,28440.0,458
2023-05-09 21:58:06,i2401-P-700,i2401-P-700,71.0,0.0,0.0,0.0,10,69.8,70.5,20,72.0,71.2,71.2,71.0,4.0,28440.0,458
2023-05-09 21:58:28,i2401-P-700,i2401-P-700,71.0,0.0,0.0,0.0,10,69.7,70.5,20,72.0,71.2,71.2,71.0,4.0,28440.0,458
2023-05-09 21:58:31,i2401-P-700,i2401-P-700,71.0,0.0,0.0,0.0,4,69.6,70.4,10,72.0,71.2,71.2,71.0,4.0,28440.0,458
2023-05-09 21:58:31,i2401-P-700,i2401-P-700,71.0,0.0,0.0,0.0,4,69.6,70.2,10,72.0,71.2,71.2,71.0,4.0,28440.0,458
2023-05-09 21:58:32,i2401-P-700,i2401-P-700,71.0,0.0,0.0,0.0,10,69.7,70.5,20,72.0,71.2,71.2,71.0,4.0,28440.0,458
2023-05-09 21:58:32,i2401-P-700,i2401-P-700,71.0,0.0,0.0,0.0,4,69.6,70.4,10,72.0,71.2,71.2,71.0,4.0,28440.0,458
2023-05-09 21:58:47,i2401-P-700,i2401-P-700,71.0,0.0,0.0,0.0,10,69.8,70.5,10,72.0,71.2,71.2,71.0,4.0,28440.0,458
2023-05-09 21:58:48,i2401-P-700,i2401-P-700,71.0,0.0,0.0,0.0,10,69.7,70.5,20,72.0,71.2,71.2,71.0,4.0,28440.0,458
2023-05-09 21:58:50,i2401-P-700,i2401-P-700,71.0,0.0,0.0,0.0,10,69.8,70.5,10,72.0,71.2,71.2,71.0,4.0,28440.0,458
2023-05-09 21:58:53,i2401-P-700,i2401-P-700,71.0,0.0,0.0,0.0,10,69.7,70.5,20,72.0,71.2,71.2,71.0,4.0,28440.0,458
2023-05-09 21:59:01,i2401-P-700,i2401-P-700,71.0,0.0,0.0,0.0,10,69.8,70.5,10,72.0,71.2,71.2,71.0,4.0,28440.0,458
2023-05-09 21:59:10,i2401-P-700,i2401-P-700,71.0,0.0,0.0,0.0,20,69.8,70.5,10,72.0,71.2,71.2,71.0,4.0,28440.0,458
2023-05-09 21:59:10,i2401-P-700,i2401-P-700,71.0,0.0,0.0,0.0,10,70.0,70.8,20,72.0,71.2,71.2,71.0,4.0,28440.0,458
2023-05-09 21:59:17,i2401-P-700,i2401-P-700,71.0,0.0,0.0,0.0,20,69.8,70.7,10,72.0,71.2,71.2,71.0,4.0,28440.0,458
2023-05-09 21:59:19,i2401-P-700,i2401-P-700,71.0,0.0,0.0,0.0,10,70.0,70.8,20,72.0,71.2,71.2,71.0,4.0,28440.0,458
2023-05-09 21:59:23,i2401-P-700,i2401-P-700,71.0,0.0,0.0,0.0,10,69.8,70.5,10,72.0,71.2,71.2,71.0,4.0,28440.0,458
2023-05-09 21:59:24,i2401-P-700,i2401-P-700,71.0,0.0,0.0,0.0,10,69.9,70.7,10,72.0,71.2,71.2,71.0,4.0,28440.0,458
2023-05-09 21:59:25,i2401-P-700,i2401-P-700,71.0,0.0,0.0,0.0,10,70.0,70.8,10,72.0,71.2,71.2,71.0,4.0,28440.0,458
2023-05-09 21:59:33,i2401-P-700,i2401-P-700,71.0,0.0,0.0,0.0,10,69.9,70.7,10,72.0,71.2,71.2,71.0,4.0,28440.0,458
2023-05-09 22:00:08,i2401-P-700,i2401-P-700,71.0,0.0,0.0,0.0,10,70.0,70.8,10,72.0,71.2,71.2,71.0,4.0,28440.0,458
2023-05-09 22:00:20,i2401-P-700,i2401-P-700,71.0,0.0,0.0,0.0,10,70.2,70.8,10,72.0,71.2,71.2,71.0,4.0,28440.0,458
2023-05-09 22:00:27,i2401-P-700,i2401-P-700,71.0,0.0,0.0,0.0,10,70.0,70.8,10,72.0,71.2,71.2,71.0,4.0,28440.0,458
2023-05-09 22:00:36,i2401-P-700,i2401-P-700,71.0,0.0,0.0,0.0,10,70.2,70.8,10,72.0,71.2,71.2,71.0,4.0,28440.0,458
2023-05-09 22:00:41,i2401-P-700,i2401-P-700,71.0,0.0,0.0,0.0,10,70.3,70.8,10,72.0,71.2,71.2,71.0,4.0,28440.0,458
2023-05-09 22:01:04,i2401-P-700,i2401-P-700,71.0,0.0,0.0,0.0,10,70.2,70.8,10,72.0,71.2,71.2,71.0,4.0,28440.0,458
2023-05-09 22:01:09,i2401-P-700,i2401-P-700,71.0,0.0,0.0,0.0,10,70.2,71.0,10,72.0,71.2,71.2,71.0,4.0,28440.0,458
2023-05-09 22:01:10,i2401-P-700,i2401-P-700,71.0,0.0,0.0,0.0,20,70.2,71.0,10,72.0,71.2,71.2,71.0,4.0,28440.0,458
2023-05-09 22:01:10,i2401-P-700,i2401-P-700,71.0,0.0,0.0,0.0,10,70.3,71.2,20,72.0,71.2,71.2,71.0,4.0,28440.0,458
2023-05-09 22:01:29,i2401-P-700,i2401-P-700,71.0,0.0,0.0,0.0,20,70.2,71.0,10,72.0,71.2,71.2,71.0,4.0,28440.0,458
2023-05-09 22:01:31,i2401-P-700,i2401-P-700,71.0,0.0,0.0,0.0,10,70.5,71.2,10,72.0,71.2,71.2,71.0,4.0,28440.0,458
2023-05-09 22:02:06,i2401-P-700,i2401-P-700,71.0,0.0,0.0,0.0,10,70.6,71.2,10,72.0,71.2,71.2,71.0,4.0,28440.0,458
2023-05-09 22:02:16,i2401-P-700,i2401-P-700,71.0,0.0,0.0,0.0,10,70.3,70.9,10,72.0,71.2,71.2,71.0,4.0,28440.0,458
2023-05-09 22:02:26,i2401-P-700,i2401-P-700,71.0,0.0,0.0,0.0,10,70.2,70.9,10,72.0,71.2,71.2,71.0,4.0,28440.0,458
2023-05-09 22:02:53,i2401-P-700,i2401-P-700,71.0,0.0,0.0,0.0,10,70.2,71.2,10,72.0,71.2,71.2,71.0,4.0,28440.0,458
2023-05-09 22:03:01,i2401-P-700,i2401-P-700,71.0,0.0,0.0,0.0,10,70.3,71.2,10,72.0,71.2,71.2,71.0,4.0,28440.0,458
2023-05-09 22:03:08,i2401-P-700,i2401-P-700,71.0,0.0,0.0,0.0,10,70.2,71.2,10,72.0,71.2,71.2,71.0,4.0,28440.0,458
2023-05-09 22:03:25,i2401-P-700,i2401-P-700,71.0,0.0,0.0,0.0,10,70.4,71.2,10,72.0,71.2,71.2,71.0,4.0,28440.0,458
2023-05-09 22:03:37,i2401-P-700,i2401-P-700,71.0,0.0,0.0,0.0,10,70.5,71.2,10,72.0,71.2,71.2,71.0,4.0,28440.0,458
2023-05-09 22:03:45,i2401-P-700,i2401-P-700,71.0,0.0,0.0,0.0,10,70.5,71.2,20,72.0,71.2,71.2,71.0,4.0,28440.0,458
2023-05-09 22:03:46,i2401-P-700,i2401-P-700,71.0,0.0,0.0,0.0,10,70.5,71.2,10,72.0,71.2,71.2,71.0,4.0,28440.0,458
2023-05-09 22:03:51,i2401-P-700,i2401-P-700,71.0,0.0,0.0,0.0,10,70.3,71.2,20,72.0,71.2,71.2,71.0,4.0,28440.0,458
2023-05-09 22:03:54,i2401-P-700,i2401-P-700,71.0,0.0,0.0,0.0,10,70.5,71.2,10,72.0,71.2,71.2,71.0,4.0,28440.0,458
2023-05-09 22:03:54,i2401-P-700,i2401-P-700,71.0,0.0,0.0,0.0,10,70.3,71.2,20,72.0,71.2,71.2,71.0,4.0,28440.0,458
2023-05-09 22:04:09,i2401-P-700,i2401-P-700,71.0,0.0,0.0,0.0,10,70.2,71.0,10,72.0,71.2,71.2,71.0,4.0,28440.0,458
2023-05-09 22:04:15,i2401-P-700,i2401-P-700,71.0,0.0,0.0,0.0,10,70.3,71.1,10,72.0,71.2,71.2,71.0,4.0,28440.0,458
2023-05-09 22:05:20,i2401-P-700,i2401-P-700,71.0,0.0,0.0,0.0,10,70.2,71.2,10,72.0,71.2,71.2,71.0,4.0,28440.0,458
2023-05-09 22:05:35,i2401-P-700,i2401-P-700,71.0,0.0,0.0,0.0,10,69.9,71.2,10,72.0,71.2,71.2,71.0,4.0,28440.0,458
2023-05-09 22:05:35,i2401-P-700,i2401-P-700,71.0,0.0,0.0,0.0,20,69.8,71.2,10,72.0,71.2,71.2,71.0,4.0,28440.0,458
2023-05-09 22:05:40,i2401-P-700,i2401-P-700,71.0,0.0,0.0,0.0,10,69.9,71.2,10,72.0,71.2,71.2,71.0,4.0,28440.0,458
2023-05-09 22:05:57,i2401-P-700,i2401-P-700,71.0,0.0,0.0,0.0,20,69.9,71.2,10,72.0,71.2,71.2,71.0,4.0,28440.0,458
2023-05-09 22:06:03,i2401-P-700,i2401-P-700,71.0,0.0,0.0,0.0,10,70.2,71.1,10,72.0,71.2,71.2,71.0,4.0,28440.0,458
2023-05-09 22:06:17,i2401-P-700,i2401-P-700,71.0,0.0,0.0,0.0,10,70.4,71.2,20,72.0,71.2,71.2,71.0,4.0,28440.0,458
2023-05-09 22:06:28,i2401-P-700,i2401-P-700,71.0,0.0,0.0,0.0,10,70.2,71.1,10,72.0,71.2,71.2,71.0,4.0,28440.0,458
2023-05-09 22:06:31,i2401-P-700,i2401-P-700,71.0,0.0,0.0,0.0,10,70.4,71.2,20,72.0,71.2,71.2,71.0,4.0,28440.0,458
2023-05-09 22:06:32,i2401-P-700,i2401-P-700,71.0,0.0,0.0,0.0,10,70.2,71.1,10,72.0,71.2,71.2,71.0,4.0,28440.0,458
2023-05-09 22:06:52,i2401-P-700,i2401-P-700,71.0,0.0,0.0,0.0,10,70.4,71.2,20,72.0,71.2,71.2,71.0,4.0,28440.0,458
2023-05-09 22:07:18,i2401-P-700,i2401-P-700,71.0,0.0,0.0,0.0,10,70.5,71.2,10,72.0,71.2,71.2,71.0,4.0,28440.0,458
2023-05-09 22:07:28,i2401-P-700,i2401-P-700,71.0,0.0,0.0,0.0,10,70.3,71.2,20,72.0,71.2,71.2,71.0,4.0,28440.0,458
2023-05-09 22:07:30,i2401-P-700,i2401-P-700,71.0,0.0,0.0,0.0,10,70.5,71.2,10,72.0,71.2,71.2,71.0,4.0,28440.0,458
2023-05-09 22:07:31,i2401-P-700,i2401-P-700,71.0,0.0,0.0,0.0,10,70.3,71.1,10,72.0,71.2,71.2,71.0,4.0,28440.0,458
2023-05-09 22:07:45,i2401-P-700,i2401-P-700,71.0,0.0,0.0,0.0,10,70.4,71.2,10,72.0,71.2,71.2,71.0,4.0,28440.0,458
2023-05-09 22:08:11,i2401-P-700,i2401-P-700,71.0,0.0,0.0,0.0,10,70.3,71.1,10,72.0,71.2,71.2,71.0,4.0,28440.0,458
2023-05-09 22:08:36,i2401-P-700,i2401-P-700,71.0,0.0,0.0,0.0,20,70.3,71.1,10,72.0,71.2,71.2,71.0,4.0,28440.0,458
2023-05-09 22:08:52,i2401-P-700,i2401-P-700,71.0,0.0,0.0,0.0,10,70.3,71.1,10,72.0,71.2,71.2,71.0,4.0,28440.0,458
2023-05-09 22:08:56,i2401-P-700,i2401-P-700,71.0,0.0,0.0,0.0,10,70.4,71.3,20,72.0,71.2,71.2,71.0,4.0,28440.0,458
2023-05-09 22:09:36,i2401-P-700,i2401-P-700,71.0,0.0,0.0,0.0,10,70.3,71.1,10,72.0,71.2,71.2,71.0,4.0,28440.0,458
2023-05-09 22:10:13,i2401-P-700,i2401-P-700,71.0,0.0,0.0,0.0,10,70.4,71.3,10,72.0,71.2,71.2,71.0,4.0,28440.0,458
2023-05-09 22:10:33,i2401-P-700,i2401-P-700,71.0,0.0,0.0,0.0,10,70.6,71.4,10,72.0,71.2,71.2,71.0,4.0,28440.0,458
2023-05-09 22:11:08,i2401-P-700,i2401-P-700,71.0,0.0,0.0,0.0,10,70.6,71.4,20,72.0,71.2,71.2,71.0,4.0,28440.0,458
2023-05-09 22:11:09,i2401-P-700,i2401-P-700,71.0,0.0,0.0,0.0,10,70.6,71.4,10,72.0,71.2,71.2,71.0,4.0,28440.0,458
2023-05-09 22:11:09,i2401-P-700,i2401-P-700,71.0,0.0,0.0,0.0,20,70.4,71.3,10,72.0,71.2,71.2,71.0,4.0,28440.0,458
2023-05-09 22:11:15,i2401-P-700,i2401-P-700,71.0,0.0,0.0,0.0,10,70.6,71.4,10,72.0,71.2,71.2,71.0,4.0,28440.0,458
2023-05-09 22:12:22,i2401-P-700,i2401-P-700,71.0,0.0,0.0,0.0,10,70.7,71.6,20,72.0,71.2,71.2,71.0,4.0,28440.0,458
2023-05-09 22:12:23,i2401-P-700,i2401-P-700,71.0,0.0,0.0,0.0,10,70.7,71.6,10,72.0,71.2,71.2,71.0,4.0,28440.0,458
2023-05-09 22:12:33,i2401-P-700,i2401-P-700,71.0,0.0,0.0,0.0,10,70.6,71.4,10,72.0,71.2,71.2,71.0,4.0,28440.0,458
2023-05-09 22:12:45,i2401-P-700,i2401-P-700,71.0,0.0,0.0,0.0,10,70.7,71.6,10,72.0,71.2,71.2,71.0,4.0,28440.0,458
2023-05-09 22:12:47,i2401-P-700,i2401-P-700,71.0,0.0,0.0,0.0,10,70.9,71.7,20,72.0,71.2,71.2,71.0,4.0,28440.0,458
2023-05-09 22:13:03,i2401-P-700,i2401-P-700,71.0,0.0,0.0,0.0,10,70.9,71.7,10,72.0,71.2,71.2,71.0,4.0,28440.0,458
2023-05-09 22:13:03,i2401-P-700,i2401-P-700,71.0,0.0,0.0,0.0,10,71.0,71.8,4,72.0,71.2,71.2,71.0,4.0,28440.0,458
2023-05-09 22:13:31,i2401-P-700,i2401-P-700,71.0,0.0,0.0,0.0,10,70.9,71.7,10,72.0,71.2,71.2,71.0,4.0,28440.0,458
2023-05-09 22:14:34,i2401-P-700,i2401-P-700,71.0,0.0,0.0,0.0,10,70.7,71.6,10,72.0,71.2,71.2,71.0,4.0,28440.0,458
2023-05-09 22:14:59,i2401-P-700,i2401-P-700,71.0,0.0,0.0,0.0,24,70.6,71.4,10,72.0,71.2,71.2,71.0,4.0,28440.0,458
2023-05-09 22:14:59,i2401-P-700,i2401-P-700,71.0,0.0,0.0,0.0,20,70.6,71.4,10,72.0,71.2,71.2,71.0,4.0,28440.0,458
2023-05-09 22:15:05,i2401-P-700,i2401-P-700,71.0,0.0,0.0,0.0,10,70.7,71.6,10,72.0,71.2,71.2,71.0,4.0,28440.0,458
2023-05-09 22:15:09,i2401-P-700,i2401-P-700,71.0,0.0,0.0,0.0,10,70.9,71.7,10,72.0,71.2,71.2,71.0,4.0,28440.0,458
2023-05-09 22:15:37,i2401-P-700,i2401-P-700,71.0,0.0,0.0,0.0,10,71.0,71.8,4,72.0,71.2,71.2,71.0,4.0,28440.0,458
2023-05-09 22:15:40,i2401-P-700,i2401-P-700,71.0,0.0,0.0,0.0,10,70.9,71.7,10,72.0,71.2,71.2,71.0,4.0,28440.0,458
2023-05-09 22:16:04,i2401-P-700,i2401-P-700,71.0,0.0,0.0,0.0,10,70.9,71.7,20,72.0,71.2,71.2,71.0,4.0,28440.0,458
2023-05-09 22:16:09,i2401-P-700,i2401-P-700,71.0,0.0,0.0,0.0,20,70.7,71.6,10,72.0,71.2,71.2,71.0,4.0,28440.0,458
2023-05-09 22:16:09,i2401-P-700,i2401-P-700,71.0,0.0,0.0,0.0,20,70.6,71.4,10,72.0,71.2,71.2,71.0,4.0,28440.0,458
2023-05-09 22:16:10,i2401-P-700,i2401-P-700,71.0,0.0,0.0,0.0,20,70.6,71.4,20,72.0,71.2,71.2,71.0,4.0,28440.0,458
2023-05-09 22:16:11,i2401-P-700,i2401-P-700,71.0,0.0,0.0,0.0,30,70.6,71.4,20,72.0,71.2,71.2,71.0,4.0,28440.0,458
2023-05-09 22:16:12,i2401-P-700,i2401-P-700,71.0,0.0,0.0,0.0,10,70.7,71.4,10,72.0,71.2,71.2,71.0,4.0,28440.0,458
2023-05-09 22:16:14,i2401-P-700,i2401-P-700,71.0,0.0,0.0,0.0,20,70.6,71.4,20,72.0,71.2,71.2,71.0,4.0,28440.0,458
2023-05-09 22:16:44,i2401-P-700,i2401-P-700,71.0,0.0,0.0,0.0,10,70.6,71.4,20,72.0,71.2,71.2,71.0,4.0,28440.0,458
2023-05-09 22:18:47,i2401-P-700,i2401-P-700,71.0,0.0,0.0,0.0,10,70.7,71.4,10,72.0,71.2,71.2,71.0,4.0,28440.0,458
2023-05-09 22:19:14,i2401-P-700,i2401-P-700,71.0,0.0,0.0,0.0,10,70.5,71.4,20,72.0,71.2,71.2,71.0,4.0,28440.0,458
2023-05-09 22:19:28,i2401-P-700,i2401-P-700,71.0,0.0,0.0,0.0,10,70.7,71.4,10,72.0,71.2,71.2,71.0,4.0,28440.0,458
2023-05-09 22:19:30,i2401-P-700,i2401-P-700,71.0,0.0,0.0,0.0,10,70.8,71.4,10,72.0,71.2,71.2,71.0,4.0,28440.0,458
2023-05-09 22:20:12,i2401-P-700,i2401-P-700,71.0,0.0,0.0,0.0,10,70.8,71.7,30,72.0,71.2,71.2,71.0,4.0,28440.0,458
2023-05-09 22:20:12,i2401-P-700,i2401-P-700,71.0,0.0,0.0,0.0,10,70.8,71.7,20,72.0,71.2,71.2,71.0,4.0,28440.0,458
2023-05-09 22:20:13,i2401-P-700,i2401-P-700,71.0,0.0,0.0,0.0,10,71.0,71.7,10,72.0,71.2,71.2,71.0,4.0,28440.0,458
2023-05-09 22:20:23,i2401-P-700,i2401-P-700,71.0,0.0,0.0,0.0,10,70.7,71.7,10,72.0,71.2,71.2,71.0,4.0,28440.0,458
2023-05-09 22:20:25,i2401-P-700,i2401-P-700,71.0,0.0,0.0,0.0,10,70.9,71.7,10,72.0,71.2,71.2,71.0,4.0,28440.0,458
2023-05-09 22:20:27,i2401-P-700,i2401-P-700,71.0,0.0,0.0,0.0,10,70.8,71.7,10,72.0,71.2,71.2,71.0,4.0,28440.0,458
2023-05-09 22:20:51,i2401-P-700,i2401-P-700,71.0,0.0,0.0,0.0,10,70.8,71.8,4,72.0,71.2,71.2,71.0,4.0,28440.0,458
2023-05-09 22:20:54,i2401-P-700,i2401-P-700,71.0,0.0,0.0,0.0,10,70.8,72.0,10,72.0,71.2,71.2,71.0,4.0,28440.0,458
2023-05-09 22:20:57,i2401-P-700,i2401-P-700,71.0,0.0,0.0,0.0,20,70.8,72.0,10,72.0,71.2,71.2,71.0,4.0,28440.0,458
2023-05-09 22:20:57,i2401-P-700,i2401-P-700,71.0,0.0,0.0,0.0,10,71.3,72.0,10,72.0,71.2,71.2,71.0,4.0,28440.0,458
2023-05-09 22:21:07,i2401-P-700,i2401-P-700,71.0,0.0,0.0,0.0,10,71.1,71.9,10,72.0,71.2,71.2,71.0,4.0,28440.0,458
2023-05-09 22:21:10,i2401-P-700,i2401-P-700,71.0,0.0,0.0,0.0,10,71.2,72.0,10,72.0,71.2,71.2,71.0,4.0,28440.0,458
2023-05-09 22:21:10,i2401-P-700,i2401-P-700,71.0,0.0,0.0,0.0,10,71.4,72.0,10,72.0,71.2,71.2,71.0,4.0,28440.0,458
2023-05-09 22:21:11,i2401-P-700,i2401-P-700,71.0,0.0,0.0,0.0,10,71.4,72.1,10,72.0,71.2,71.2,71.0,4.0,28440.0,458
2023-05-09 22:21:12,i2401-P-700,i2401-P-700,71.0,0.0,0.0,0.0,10,71.5,72.4,30,72.0,71.2,71.2,71.0,4.0,28440.0,458
2023-05-09 22:21:13,i2401-P-700,i2401-P-700,71.0,0.0,0.0,0.0,10,71.5,72.4,40,72.0,71.2,71.2,71.0,4.0,28440.0,458
2023-05-09 22:21:13,i2401-P-700,i2401-P-700,71.0,0.0,0.0,0.0,10,71.5,72.4,30,72.0,71.2,71.2,71.0,4.0,28440.0,458
2023-05-09 22:21:16,i2401-P-700,i2401-P-700,71.0,0.0,0.0,0.0,10,71.5,72.4,20,72.0,71.2,71.2,71.0,4.0,28440.0,458
2023-05-09 22:21:17,i2401-P-700,i2401-P-700,71.0,0.0,0.0,0.0,10,71.7,72.4,10,72.0,71.2,71.2,71.0,4.0,28440.0,458
2023-05-09 22:21:19,i2401-P-700,i2401-P-700,71.0,0.0,0.0,0.0,10,71.9,72.5,14,72.0,71.2,71.2,71.0,4.0,28440.0,458
2023-05-09 22:21:19,i2401-P-700,i2401-P-700,71.0,0.0,0.0,0.0,10,71.9,72.5,10,72.0,71.2,71.2,71.0,4.0,28440.0,458
2023-05-09 22:21:24,i2401-P-700,i2401-P-700,71.0,0.0,0.0,0.0,10,71.9,72.7,10,72.0,71.2,71.2,71.0,4.0,28440.0,458
2023-05-09 22:21:29,i2401-P-700,i2401-P-700,71.0,0.0,0.0,0.0,10,72.1,72.8,10,72.0,71.2,71.2,71.0,4.0,28440.0,458
2023-05-09 22:21:53,i2401-P-700,i2401-P-700,71.0,0.0,0.0,0.0,10,71.9,72.8,20,72.0,71.2,71.2,71.0,4.0,28440.0,458
2023-05-09 22:21:59,i2401-P-700,i2401-P-700,71.0,0.0,0.0,0.0,10,71.7,72.5,10,72.0,71.2,71.2,71.0,4.0,28440.0,458
2023-05-09 22:22:00,i2401-P-700,i2401-P-700,71.0,0.0,0.0,0.0,10,71.7,72.5,20,72.0,71.2,71.2,71.0,4.0,28440.0,458
2023-05-09 22:22:10,i2401-P-700,i2401-P-700,71.0,0.0,0.0,0.0,10,71.9,72.5,10,72.0,71.2,71.2,71.0,4.0,28440.0,458
2023-05-09 22:22:16,i2401-P-700,i2401-P-700,71.0,0.0,0.0,0.0,10,71.9,72.7,10,72.0,71.2,71.2,71.0,4.0,28440.0,458
2023-05-09 22:22:32,i2401-P-700,i2401-P-700,71.0,0.0,0.0,0.0,10,72.0,72.8,10,72.0,71.2,71.2,71.0,4.0,28440.0,458
2023-05-09 22:22:36,i2401-P-700,i2401-P-700,71.0,0.0,0.0,0.0,10,72.0,72.9,20,72.0,71.2,71.2,71.0,4.0,28440.0,458
2023-05-09 22:22:37,i2401-P-700,i2401-P-700,71.0,0.0,0.0,0.0,10,72.2,72.9,10,72.0,71.2,71.2,71.0,4.0,28440.0,458
2023-05-09 22:22:48,i2401-P-700,i2401-P-700,71.0,0.0,0.0,0.0,10,72.0,72.9,20,72.0,71.2,71.2,71.0,4.0,28440.0,458
2023-05-09 22:22:50,i2401-P-700,i2401-P-700,71.0,0.0,0.0,0.0,10,72.0,72.9,10,72.0,71.2,71.2,71.0,4.0,28440.0,458
2023-05-09 22:22:51,i2401-P-700,i2401-P-700,71.0,0.0,0.0,0.0,10,72.2,73.0,10,72.0,71.2,71.2,71.0,4.0,28440.0,458
2023-05-09 22:22:54,i2401-P-700,i2401-P-700,71.0,0.0,0.0,0.0,10,72.3,73.1,10,72.0,71.2,71.2,71.0,4.0,28440.0,458
2023-05-09 22:23:06,i2401-P-700,i2401-P-700,71.0,0.0,0.0,0.0,10,72.2,73.0,10,72.0,71.2,71.2,71.0,4.0,28440.0,458
2023-05-09 22:23:07,i2401-P-700,i2401-P-700,71.0,0.0,0.0,0.0,10,72.3,73.1,10,72.0,71.2,71.2,71.0,4.0,28440.0,458
2023-05-09 22:23:28,i2401-P-700,i2401-P-700,71.0,0.0,0.0,0.0,20,72.3,73.1,10,72.0,71.2,71.2,71.0,4.0,28440.0,458
2023-05-09 22:23:29,i2401-P-700,i2401-P-700,71.0,0.0,0.0,0.0,10,72.3,73.1,10,72.0,71.2,71.2,71.0,4.0,28440.0,458
2023-05-09 22:23:29,i2401-P-700,i2401-P-700,71.0,0.0,0.0,0.0,10,72.3,73.2,10,72.0,71.2,71.2,71.0,4.0,28440.0,458
2023-05-09 22:23:30,i2401-P-700,i2401-P-700,71.0,0.0,0.0,0.0,10,72.5,73.3,14,72.0,71.2,71.2,71.0,4.0,28440.0,458
2023-05-09 22:23:39,i2401-P-700,i2401-P-700,71.0,0.0,0.0,0.0,10,72.6,73.3,4,72.0,71.2,71.2,71.0,4.0,28440.0,458
2023-05-09 22:23:46,i2401-P-700,i2401-P-700,71.0,0.0,0.0,0.0,20,72.4,73.3,4,72.0,71.2,71.2,71.0,4.0,28440.0,458
2023-05-09 22:23:47,i2401-P-700,i2401-P-700,71.0,0.0,0.0,0.0,10,72.7,73.3,4,72.0,71.2,71.2,71.0,4.0,28440.0,458
2023-05-09 22:23:48,i2401-P-700,i2401-P-700,71.0,0.0,0.0,0.0,10,72.7,73.4,10,72.0,71.2,71.2,71.0,4.0,28440.0,458
2023-05-09 22:23:52,i2401-P-700,i2401-P-700,71.0,0.0,0.0,0.0,20,72.4,73.4,10,72.0,71.2,71.2,71.0,4.0,28440.0,458
2023-05-09 22:23:53,i2401-P-700,i2401-P-700,71.0,0.0,0.0,0.0,10,72.4,73.4,10,72.0,71.2,71.2,71.0,4.0,28440.0,458
2023-05-09 22:24:32,i2401-P-700,i2401-P-700,71.0,0.0,0.0,0.0,20,72.0,73.4,10,72.0,71.2,71.2,71.0,4.0,28440.0,458
2023-05-09 22:24:42,i2401-P-700,i2401-P-700,71.0,0.0,0.0,0.0,20,72.0,73.4,20,72.0,71.2,71.2,71.0,4.0,28440.0,458
2023-05-09 22:24:46,i2401-P-700,i2401-P-700,71.0,0.0,0.0,0.0,10,72.2,73.0,10,72.0,71.2,71.2,71.0,4.0,28440.0,458
2023-05-09 22:24:46,i2401-P-700,i2401-P-700,71.0,0.0,0.0,0.0,10,72.2,73.0,20,72.0,71.2,71.2,71.0,4.0,28440.0,458
2023-05-09 22:25:01,i2401-P-700,i2401-P-700,71.0,0.0,0.0,0.0,10,72.3,73.0,10,72.0,71.2,71.2,71.0,4.0,28440.0,458
2023-05-09 22:25:05,i2401-P-700,i2401-P-700,71.0,0.0,0.0,0.0,10,72.2,73.0,20,72.0,71.2,71.2,71.0,4.0,28440.0,458
2023-05-09 22:25:07,i2401-P-700,i2401-P-700,71.0,0.0,0.0,0.0,20,72.0,72.9,10,72.0,71.2,71.2,71.0,4.0,28440.0,458
2023-05-09 22:25:08,i2401-P-700,i2401-P-700,71.0,0.0,0.0,0.0,10,72.2,73.0,20,72.0,71.2,71.2,71.0,4.0,28440.0,458
2023-05-09 22:25:47,i2401-P-700,i2401-P-700,71.0,0.0,0.0,0.0,10,72.3,73.0,10,72.0,71.2,71.2,71.0,4.0,28440.0,458
2023-05-09 22:25:48,i2401-P-700,i2401-P-700,71.0,0.0,0.0,0.0,10,72.1,72.9,10,72.0,71.2,71.2,71.0,4.0,28440.0,458
2023-05-09 22:25:48,i2401-P-700,i2401-P-700,71.0,0.0,0.0,0.0,10,72.2,73.0,10,72.0,71.2,71.2,71.0,4.0,28440.0,458
2023-05-09 22:26:07,i2401-P-700,i2401-P-700,71.0,0.0,0.0,0.0,20,72.0,72.9,10,72.0,71.2,71.2,71.0,4.0,28440.0,458
2023-05-09 22:26:20,i2401-P-700,i2401-P-700,71.0,0.0,0.0,0.0,10,72.0,72.9,10,72.0,71.2,71.2,71.0,4.0,28440.0,458
2023-05-09 22:26:30,i2401-P-700,i2401-P-700,71.0,0.0,0.0,0.0,34,71.8,72.6,10,72.0,71.2,71.2,71.0,4.0,28440.0,458
2023-05-09 22:26:30,i2401-P-700,i2401-P-700,71.0,0.0,0.0,0.0,24,71.8,72.6,10,72.0,71.2,71.2,71.0,4.0,28440.0,458
2023-05-09 22:26:37,i2401-P-700,i2401-P-700,71.0,0.0,0.0,0.0,10,71.9,72.7,10,72.0,71.2,71.2,71.0,4.0,28440.0,458
2023-05-09 22:26:45,i2401-P-700,i2401-P-700,71.0,0.0,0.0,0.0,24,71.8,72.6,10,72.0,71.2,71.2,71.0,4.0,28440.0,458
2023-05-09 22:27:12,i2401-P-700,i2401-P-700,71.0,0.0,0.0,0.0,24,71.8,72.6,20,72.0,71.2,71.2,71.0,4.0,28440.0,458
2023-05-09 22:27:15,i2401-P-700,i2401-P-700,71.0,0.0,0.0,0.0,4,71.8,72.5,20,72.0,71.2,71.2,71.0,4.0,28440.0,458
2023-05-09 22:27:15,i2401-P-700,i2401-P-700,71.0,0.0,0.0,0.0,10,71.6,72.5,20,72.0,71.2,71.2,71.0,4.0,28440.0,458
2023-05-09 22:27:16,i2401-P-700,i2401-P-700,71.0,0.0,0.0,0.0,10,71.5,72.3,10,72.0,71.2,71.2,71.0,4.0,28440.0,458
2023-05-09 22:27:50,i2401-P-700,i2401-P-700,71.0,0.0,0.0,0.0,10,71.6,72.5,20,72.0,71.2,71.2,71.0,4.0,28440.0,458
2023-05-09 22:28:00,i2401-P-700,i2401-P-700,71.0,0.0,0.0,0.0,10,71.5,72.3,10,72.0,71.2,71.2,71.0,4.0,28440.0,458
2023-05-09 22:28:04,i2401-P-700,i2401-P-700,71.0,0.0,0.0,0.0,10,71.5,72.3,20,72.0,71.2,71.2,71.0,4.0,28440.0,458
2023-05-09 22:28:12,i2401-P-700,i2401-P-700,71.0,0.0,0.0,0.0,10,71.3,72.2,10,72.0,71.2,71.2,71.0,4.0,28440.0,458
2023-05-09 22:28:12,i2401-P-700,i2401-P-700,71.0,0.0,0.0,0.0,10,71.3,72.2,20,72.0,71.2,71.2,71.0,4.0,28440.0,458
2023-05-09 22:28:22,i2401-P-700,i2401-P-700,71.0,0.0,0.0,0.0,10,71.5,72.2,10,72.0,71.2,71.2,71.0,4.0,28440.0,458
2023-05-09 22:28:37,i2401-P-700,i2401-P-700,71.0,0.0,0.0,0.0,10,71.5,72.4,10,72.0,71.2,71.2,71.0,4.0,28440.0,458
2023-05-09 22:28:38,i2401-P-700,i2401-P-700,71.0,0.0,0.0,0.0,10,71.7,72.5,10,72.0,71.2,71.2,71.0,4.0,28440.0,458
2023-05-09 22:29:15,i2401-P-700,i2401-P-700,71.0,0.0,0.0,0.0,10,71.8,72.7,30,72.0,71.2,71.2,71.0,4.0,28440.0,458
2023-05-09 22:29:32,i2401-P-700,i2401-P-700,71.0,0.0,0.0,0.0,10,71.8,72.7,40,72.0,71.2,71.2,71.0,4.0,28440.0,458
2023-05-09 22:29:32,i2401-P-700,i2401-P-700,71.0,0.0,0.0,0.0,10,71.7,72.5,10,72.0,71.2,71.2,71.0,4.0,28440.0,458
2023-05-09 22:29:57,i2401-P-700,i2401-P-700,71.0,0.0,0.0,0.0,10,71.8,72.7,20,72.0,71.2,71.2,71.0,4.0,28440.0,458
2023-05-09 22:30:15,i2401-P-700,i2401-P-700,71.0,0.0,0.0,0.0,10,72.0,72.8,14,72.0,71.2,71.2,71.0,4.0,28440.0,458
2023-05-09 22:30:16,i2401-P-700,i2401-P-700,71.0,0.0,0.0,0.0,10,72.1,72.8,4,72.0,71.2,71.2,71.0,4.0,28440.0,458
2023-05-09 22:30:33,i2401-P-700,i2401-P-700,71.0,0.0,0.0,0.0,10,72.1,73.0,21,72.0,71.2,71.2,71.0,4.0,28440.0,458
2023-05-09 22:30:47,i2401-P-700,i2401-P-700,71.0,0.0,0.0,0.0,10,72.3,73.0,11,72.0,71.2,71.2,71.0,4.0,28440.0,458
2023-05-09 22:30:51,i2401-P-700,i2401-P-700,71.0,0.0,0.0,0.0,10,72.3,73.0,1,72.0,71.2,71.2,71.0,4.0,28440.0,458
2023-05-09 22:31:18,i2401-P-700,i2401-P-700,71.0,0.0,0.0,0.0,10,72.1,73.0,11,72.0,71.2,71.2,71.0,4.0,28440.0,458
2023-05-09 22:31:22,i2401-P-700,i2401-P-700,71.0,0.0,0.0,0.0,10,72.1,73.0,21,72.0,71.2,71.2,71.0,4.0,28440.0,458
2023-05-09 22:31:23,i2401-P-700,i2401-P-700,71.0,0.0,0.0,0.0,20,72.1,73.0,21,72.0,71.2,71.2,71.0,4.0,28440.0,458
2023-05-09 22:31:25,i2401-P-700,i2401-P-700,71.0,0.0,0.0,0.0,10,72.0,72.8,10,72.0,71.2,71.2,71.0,4.0,28440.0,458
2023-05-09 22:31:32,i2401-P-700,i2401-P-700,71.0,0.0,0.0,0.0,10,72.1,73.0,21,72.0,71.2,71.2,71.0,4.0,28440.0,458
2023-05-09 22:31:36,i2401-P-700,i2401-P-700,71.0,0.0,0.0,0.0,10,72.3,73.0,11,72.0,71.2,71.2,71.0,4.0,28440.0,458
2023-05-09 22:31:37,i2401-P-700,i2401-P-700,71.0,0.0,0.0,0.0,10,72.1,73.0,21,72.0,71.2,71.2,71.0,4.0,28440.0,458
2023-05-09 22:31:52,i2401-P-700,i2401-P-700,71.0,0.0,0.0,0.0,10,72.3,73.0,11,72.0,71.2,71.2,71.0,4.0,28440.0,458
2023-05-09 22:31:54,i2401-P-700,i2401-P-700,71.0,0.0,0.0,0.0,10,72.1,73.0,21,72.0,71.2,71.2,71.0,4.0,28440.0,458
2023-05-09 22:32:06,i2401-P-700,i2401-P-700,71.0,0.0,0.0,0.0,10,72.0,72.8,10,72.0,71.2,71.2,71.0,4.0,28440.0,458
2023-05-09 22:32:06,i2401-P-700,i2401-P-700,71.0,0.0,0.0,0.0,20,71.8,72.7,10,72.0,71.2,71.2,71.0,4.0,28440.0,458
2023-05-09 22:32:10,i2401-P-700,i2401-P-700,71.0,0.0,0.0,0.0,10,72.0,72.8,10,72.0,71.2,71.2,71.0,4.0,28440.0,458
2023-05-09 22:32:12,i2401-P-700,i2401-P-700,71.0,0.0,0.0,0.0,10,72.1,73.0,25,72.0,71.2,71.2,71.0,4.0,28440.0,458
2023-05-09 22:32:22,i2401-P-700,i2401-P-700,71.0,0.0,0.0,0.0,10,72.3,73.0,15,72.0,71.2,71.2,71.0,4.0,28440.0,458
2023-05-09 22:32:25,i2401-P-700,i2401-P-700,71.0,0.0,0.0,0.0,10,72.3,73.0,5,72.0,71.2,71.2,71.0,4.0,28440.0,458
2023-05-09 22:32:42,i2401-P-700,i2401-P-700,71.0,0.0,0.0,0.0,10,72.3,73.0,1,72.0,71.2,71.2,71.0,4.0,28440.0,458
2023-05-09 22:32:42,i2401-P-700,i2401-P-700,71.0,0.0,0.0,0.0,10,72.4,73.0,1,72.0,71.2,71.2,71.0,4.0,28440.0,458
2023-05-09 22:32:43,i2401-P-700,i2401-P-700,71.0,0.0,0.0,0.0,10,72.7,73.0,1,72.0,71.2,71.2,71.0,4.0,28440.0,458
2023-05-09 22:32:59,i2401-P-700,i2401-P-700,71.0,0.0,0.0,0.0,10,72.5,73.0,1,72.0,71.2,71.2,71.0,4.0,28440.0,458
2023-05-09 22:33:06,i2401-P-700,i2401-P-700,71.0,0.0,0.0,0.0,10,72.3,73.0,1,72.0,71.2,71.2,71.0,4.0,28440.0,458
2023-05-09 22:33:06,i2401-P-700,i2401-P-700,71.0,0.0,0.0,0.0,10,72.3,72.9,10,72.0,71.2,71.2,71.0,4.0,28440.0,458
2023-05-09 22:33:07,i2401-P-700,i2401-P-700,71.0,0.0,0.0,0.0,10,72.3,73.0,1,72.0,71.2,71.2,71.0,4.0,28440.0,458
2023-05-09 22:33:22,i2401-P-700,i2401-P-700,71.0,0.0,0.0,0.0,10,72.4,73.0,1,72.0,71.2,71.2,71.0,4.0,28440.0,458
2023-05-09 22:33:27,i2401-P-700,i2401-P-700,71.0,0.0,0.0,0.0,10,72.5,73.0,1,72.0,71.2,71.2,71.0,4.0,28440.0,458
2023-05-09 22:33:29,i2401-P-700,i2401-P-700,71.0,0.0,0.0,0.0,10,72.4,73.0,1,72.0,71.2,71.2,71.0,4.0,28440.0,458
2023-05-09 22:33:32,i2401-P-700,i2401-P-700,71.0,0.0,0.0,0.0,10,72.5,73.0,1,72.0,71.2,71.2,71.0,4.0,28440.0,458
2023-05-09 22:33:40,i2401-P-700,i2401-P-700,71.0,0.0,0.0,0.0,10,72.4,73.0,1,72.0,71.2,71.2,71.0,4.0,28440.0,458
2023-05-09 22:33:43,i2401-P-700,i2401-P-700,71.0,0.0,0.0,0.0,10,72.3,73.0,1,72.0,71.2,71.2,71.0,4.0,28440.0,458
2023-05-09 22:33:50,i2401-P-700,i2401-P-700,71.0,0.0,0.0,0.0,10,72.3,73.0,11,72.0,71.2,71.2,71.0,4.0,28440.0,458
2023-05-09 22:34:11,i2401-P-700,i2401-P-700,71.0,0.0,0.0,0.0,10,72.1,72.9,10,72.0,71.2,71.2,71.0,4.0,28440.0,458
2023-05-09 22:34:16,i2401-P-700,i2401-P-700,71.0,0.0,0.0,0.0,4,72.0,72.8,10,72.0,71.2,71.2,71.0,4.0,28440.0,458
2023-05-09 22:34:17,i2401-P-700,i2401-P-700,71.0,0.0,0.0,0.0,4,72.0,72.8,20,72.0,71.2,71.2,71.0,4.0,28440.0,458
2023-05-09 22:34:21,i2401-P-700,i2401-P-700,71.0,0.0,0.0,0.0,20,71.9,72.8,20,72.0,71.2,71.2,71.0,4.0,28440.0,458
2023-05-09 22:34:44,i2401-P-700,i2401-P-700,71.0,0.0,0.0,0.0,10,71.9,72.8,20,72.0,71.2,71.2,71.0,4.0,28440.0,458
2023-05-09 22:35:00,i2401-P-700,i2401-P-700,71.0,0.0,0.0,0.0,10,71.8,72.6,20,72.0,71.2,71.2,71.0,4.0,28440.0,458
2023-05-09 22:36:10,i2401-P-700,i2401-P-700,71.0,0.0,0.0,0.0,30,71.6,72.5,10,72.0,71.2,71.2,71.0,4.0,28440.0,458
2023-05-09 22:36:10,i2401-P-700,i2401-P-700,71.0,0.0,0.0,0.0,20,71.6,72.5,10,72.0,71.2,71.2,71.0,4.0,28440.0,458
2023-05-09 22:36:11,i2401-P-700,i2401-P-700,71.0,0.0,0.0,0.0,20,71.6,72.5,20,72.0,71.2,71.2,71.0,4.0,28440.0,458
2023-05-09 22:36:32,i2401-P-700,i2401-P-700,71.0,0.0,0.0,0.0,10,71.6,72.5,20,72.0,71.2,71.2,71.0,4.0,28440.0,458
2023-05-09 22:36:42,i2401-P-700,i2401-P-700,71.0,0.0,0.0,0.0,10,71.5,72.3,10,72.0,71.2,71.2,71.0,4.0,28440.0,458
2023-05-09 22:36:42,i2401-P-700,i2401-P-700,71.0,0.0,0.0,0.0,10,71.5,72.3,20,72.0,71.2,71.2,71.0,4.0,28440.0,458
2023-05-09 22:36:56,i2401-P-700,i2401-P-700,71.0,0.0,0.0,0.0,14,71.3,72.2,20,72.0,71.2,71.2,71.0,4.0,28440.0,458
2023-05-09 22:37:26,i2401-P-700,i2401-P-700,71.0,0.0,0.0,0.0,4,71.3,72.0,20,72.0,71.2,71.2,71.0,4.0,28440.0,458
2023-05-09 22:37:29,i2401-P-700,i2401-P-700,71.0,0.0,0.0,0.0,14,71.3,72.0,10,72.0,71.2,71.2,71.0,4.0,28440.0,458
2023-05-09 22:37:30,i2401-P-700,i2401-P-700,71.0,0.0,0.0,0.0,4,71.3,72.0,20,72.0,71.2,71.2,71.0,4.0,28440.0,458
2023-05-09 22:37:56,i2401-P-700,i2401-P-700,71.0,0.0,0.0,0.0,10,71.4,72.0,10,72.0,71.2,71.2,71.0,4.0,28440.0,458
2023-05-09 22:37:57,i2401-P-700,i2401-P-700,71.0,0.0,0.0,0.0,4,71.3,72.0,10,72.0,71.2,71.2,71.0,4.0,28440.0,458
2023-05-09 22:38:14,i2401-P-700,i2401-P-700,71.0,0.0,0.0,0.0,10,71.4,72.2,10,72.0,71.2,71.2,71.0,4.0,28440.0,458
2023-05-09 22:38:14,i2401-P-700,i2401-P-700,71.0,0.0,0.0,0.0,10,71.6,72.4,10,72.0,71.2,71.2,71.0,4.0,28440.0,458
2023-05-09 22:38:20,i2401-P-700,i2401-P-700,71.0,0.0,0.0,0.0,24,71.3,72.2,10,72.0,71.2,71.2,71.0,4.0,28440.0,458
2023-05-09 22:38:21,i2401-P-700,i2401-P-700,71.0,0.0,0.0,0.0,10,71.5,72.3,10,72.0,71.2,71.2,71.0,4.0,28440.0,458
2023-05-09 22:38:45,i2401-P-700,i2401-P-700,71.0,0.0,0.0,0.0,10,71.6,72.5,20,72.0,71.2,71.2,71.0,4.0,28440.0,458
2023-05-09 22:38:48,i2401-P-700,i2401-P-700,71.0,0.0,0.0,0.0,10,71.8,72.6,4,72.0,71.2,71.2,71.0,4.0,28440.0,458
2023-05-09 22:39:01,i2401-P-700,i2401-P-700,71.0,0.0,0.0,0.0,10,72.0,72.6,4,72.0,71.2,71.2,71.0,4.0,28440.0,458
2023-05-09 22:39:02,i2401-P-700,i2401-P-700,71.0,0.0,0.0,0.0,10,72.0,72.8,20,72.0,71.2,71.2,71.0,4.0,28440.0,458
2023-05-09 22:39:06,i2401-P-700,i2401-P-700,71.0,0.0,0.0,0.0,10,71.8,72.7,10,72.0,71.2,71.2,71.0,4.0,28440.0,458
2023-05-09 22:39:24,i2401-P-700,i2401-P-700,71.0,0.0,0.0,0.0,20,71.7,72.5,10,72.0,71.2,71.2,71.0,4.0,28440.0,458
2023-05-09 22:39:53,i2401-P-700,i2401-P-700,71.0,0.0,0.0,0.0,10,71.7,72.5,10,72.0,71.2,71.2,71.0,4.0,28440.0,458
2023-05-09 22:40:13,i2401-P-700,i2401-P-700,71.0,0.0,0.0,0.0,10,71.8,72.7,10,72.0,71.2,71.2,71.0,4.0,28440.0,458
2023-05-09 22:40:15,i2401-P-700,i2401-P-700,71.0,0.0,0.0,0.0,10,72.0,72.8,30,72.0,71.2,71.2,71.0,4.0,28440.0,458
2023-05-09 22:40:15,i2401-P-700,i2401-P-700,71.0,0.0,0.0,0.0,10,72.0,72.8,20,72.0,71.2,71.2,71.0,4.0,28440.0,458
2023-05-09 22:40:31,i2401-P-700,i2401-P-700,71.0,0.0,0.0,0.0,10,71.8,72.6,10,72.0,71.2,71.2,71.0,4.0,28440.0,458
2023-05-09 22:40:42,i2401-P-700,i2401-P-700,71.0,0.0,0.0,0.0,10,71.8,72.6,20,72.0,71.2,71.2,71.0,4.0,28440.0,458
2023-05-09 22:40:43,i2401-P-700,i2401-P-700,71.0,0.0,0.0,0.0,10,71.8,72.6,10,72.0,71.2,71.2,71.0,4.0,28440.0,458
2023-05-09 22:40:55,i2401-P-700,i2401-P-700,71.0,0.0,0.0,0.0,10,71.7,72.5,10,72.0,71.2,71.2,71.0,4.0,28440.0,458
2023-05-09 22:41:11,i2401-P-700,i2401-P-700,71.0,0.0,0.0,0.0,10,71.6,72.5,10,72.0,71.2,71.2,71.0,4.0,28440.0,458
2023-05-09 22:41:29,i2401-P-700,i2401-P-700,71.0,0.0,0.0,0.0,10,71.6,72.5,20,72.0,71.2,71.2,71.0,4.0,28440.0,458
2023-05-09 22:42:10,i2401-P-700,i2401-P-700,71.0,0.0,0.0,0.0,10,71.4,72.3,10,72.0,71.2,71.2,71.0,4.0,28440.0,458
2023-05-09 22:42:16,i2401-P-700,i2401-P-700,71.0,0.0,0.0,0.0,10,71.6,72.4,10,72.0,71.2,71.2,71.0,4.0,28440.0,458
2023-05-09 22:42:46,i2401-P-700,i2401-P-700,71.0,0.0,0.0,0.0,10,71.4,72.3,10,72.0,71.2,71.2,71.0,4.0,28440.0,458
2023-05-09 22:44:09,i2401-P-700,i2401-P-700,71.0,0.0,0.0,0.0,14,71.3,72.1,10,72.0,71.2,71.2,71.0,4.0,28440.0,458
2023-05-09 22:44:12,i2401-P-700,i2401-P-700,71.0,0.0,0.0,0.0,10,71.4,72.3,10,72.0,71.2,71.2,71.0,4.0,28440.0,458
2023-05-09 22:44:32,i2401-P-700,i2401-P-700,71.0,0.0,0.0,0.0,10,71.4,72.3,20,72.0,71.2,71.2,71.0,4.0,28440.0,458
2023-05-09 22:44:33,i2401-P-700,i2401-P-700,71.0,0.0,0.0,0.0,10,71.3,72.1,20,72.0,71.2,71.2,71.0,4.0,28440.0,458
2023-05-09 22:44:34,i2401-P-700,i2401-P-700,71.0,0.0,0.0,0.0,10,71.1,71.9,10,72.0,71.2,71.2,71.0,4.0,28440.0,458
2023-05-09 22:44:52,i2401-P-700,i2401-P-700,71.0,0.0,0.0,0.0,10,70.9,71.8,10,72.0,71.2,71.2,71.0,4.0,28440.0,458
2023-05-09 22:45:02,i2401-P-700,i2401-P-700,71.0,0.0,0.0,0.0,10,70.9,71.8,20,72.0,71.2,71.2,71.0,4.0,28440.0,458
2023-05-09 22:45:18,i2401-P-700,i2401-P-700,71.0,0.0,0.0,0.0,10,70.8,71.6,10,72.0,71.2,71.2,71.0,4.0,28440.0,458
2023-05-09 22:45:20,i2401-P-700,i2401-P-700,71.0,0.0,0.0,0.0,10,71.0,71.8,10,72.0,71.2,71.2,71.0,4.0,28440.0,458
2023-05-09 22:45:20,i2401-P-700,i2401-P-700,71.0,0.0,0.0,0.0,20,70.8,71.7,10,72.0,71.2,71.2,71.0,4.0,28440.0,458
2023-05-09 22:45:41,i2401-P-700,i2401-P-700,71.0,0.0,0.0,0.0,10,71.0,71.8,20,72.0,71.2,71.2,71.0,4.0,28440.0,458
2023-05-09 22:45:44,i2401-P-700,i2401-P-700,71.0,0.0,0.0,0.0,10,70.8,71.8,10,72.0,71.2,71.2,71.0,4.0,28440.0,458
2023-05-09 22:46:04,i2401-P-700,i2401-P-700,71.0,0.0,0.0,0.0,10,71.2,72.1,10,72.0,71.2,71.2,71.0,4.0,28440.0,458
2023-05-09 22:46:20,i2401-P-700,i2401-P-700,71.0,0.0,0.0,0.0,10,71.4,72.1,10,72.0,71.2,71.2,71.0,4.0,28440.0,458
2023-05-09 22:46:43,i2401-P-700,i2401-P-700,71.0,0.0,0.0,0.0,10,71.5,72.1,10,72.0,71.2,71.2,71.0,4.0,28440.0,458
2023-05-09 22:46:44,i2401-P-700,i2401-P-700,71.0,0.0,0.0,0.0,10,71.5,72.4,30,72.0,71.2,71.2,71.0,4.0,28440.0,458
2023-05-09 22:46:47,i2401-P-700,i2401-P-700,71.0,0.0,0.0,0.0,10,71.5,72.4,20,72.0,71.2,71.2,71.0,4.0,28440.0,458
2023-05-09 22:46:48,i2401-P-700,i2401-P-700,71.0,0.0,0.0,0.0,10,71.7,72.4,10,72.0,71.2,71.2,71.0,4.0,28440.0,458
2023-05-09 22:47:18,i2401-P-700,i2401-P-700,71.0,0.0,0.0,0.0,10,71.8,72.4,10,72.0,71.2,71.2,71.0,4.0,28440.0,458
2023-05-09 22:47:18,i2401-P-700,i2401-P-700,71.0,0.0,0.0,0.0,10,71.8,72.7,10,72.0,71.2,71.2,71.0,4.0,28440.0,458
2023-05-09 22:47:26,i2401-P-700,i2401-P-700,71.0,0.0,0.0,0.0,10,71.7,72.5,10,72.0,71.2,71.2,71.0,4.0,28440.0,458
2023-05-09 22:47:39,i2401-P-700,i2401-P-700,71.0,0.0,0.0,0.0,10,71.7,72.5,20,72.0,71.2,71.2,71.0,4.0,28440.0,458
2023-05-09 22:48:08,i2401-P-700,i2401-P-700,71.0,0.0,0.0,0.0,10,71.8,72.5,10,72.0,71.2,71.2,71.0,4.0,28440.0,458
2023-05-09 22:49:18,i2401-P-700,i2401-P-700,71.0,0.0,0.0,0.0,10,72.0,72.5,10,72.0,71.2,71.2,71.0,4.0,28440.0,458
2023-05-09 22:49:18,i2401-P-700,i2401-P-700,71.0,0.0,0.0,0.0,10,72.0,72.8,20,72.0,71.2,71.2,71.0,4.0,28440.0,458
2023-05-09 22:49:20,i2401-P-700,i2401-P-700,71.0,0.0,0.0,0.0,10,72.1,72.8,10,72.0,71.2,71.2,71.0,4.0,28440.0,458
2023-05-09 22:49:26,i2401-P-700,i2401-P-700,71.0,0.0,0.0,0.0,10,72.0,72.8,20,72.0,71.2,71.2,71.0,4.0,28440.0,458
2023-05-09 22:49:28,i2401-P-700,i2401-P-700,71.0,0.0,0.0,0.0,10,72.1,72.8,10,72.0,71.2,71.2,71.0,4.0,28440.0,458
2023-05-09 22:49:48,i2401-P-700,i2401-P-700,71.0,0.0,0.0,0.0,10,71.9,72.7,10,72.0,71.2,71.2,71.0,4.0,28440.0,458
2023-05-09 22:49:50,i2401-P-700,i2401-P-700,71.0,0.0,0.0,0.0,10,72.0,72.8,10,72.0,71.2,71.2,71.0,4.0,28440.0,458
2023-05-09 22:50:01,i2401-P-700,i2401-P-700,71.0,0.0,0.0,0.0,10,72.3,72.8,10,72.0,71.2,71.2,71.0,4.0,28440.0,458
2023-05-09 22:50:02,i2401-P-700,i2401-P-700,71.0,0.0,0.0,0.0,10,72.3,73.0,1,72.0,71.2,71.2,71.0,4.0,28440.0,458
2023-05-09 22:51:10,i2401-P-700,i2401-P-700,71.0,0.0,0.0,0.0,10,72.1,73.0,11,72.0,71.2,71.2,71.0,4.0,28440.0,458
2023-05-09 22:51:17,i2401-P-700,i2401-P-700,71.0,0.0,0.0,0.0,10,72.3,73.0,1,72.0,71.2,71.2,71.0,4.0,28440.0,458
2023-05-09 22:52:32,i2401-P-700,i2401-P-700,71.0,0.0,0.0,0.0,10,72.3,73.0,11,72.0,71.2,71.2,71.0,4.0,28440.0,458
2023-05-09 22:53:06,i2401-P-700,i2401-P-700,71.0,0.0,0.0,0.0,10,72.1,73.0,21,72.0,71.2,71.2,71.0,4.0,28440.0,458
2023-05-09 22:54:03,i2401-P-700,i2401-P-700,71.0,0.0,0.0,0.0,10,72.3,73.0,11,72.0,71.2,71.2,71.0,4.0,28440.0,458
2023-05-09 22:54:42,i2401-P-700,i2401-P-700,71.0,0.0,0.0,0.0,10,72.2,73.0,21,72.0,71.2,71.2,71.0,4.0,28440.0,458
2023-05-09 22:55:03,i2401-P-700,i2401-P-700,71.0,0.0,0.0,0.0,10,72.0,72.9,10,72.0,71.2,71.2,71.0,4.0,28440.0,458
2023-05-09 22:55:05,i2401-P-700,i2401-P-700,71.0,0.0,0.0,0.0,10,71.9,72.7,10,72.0,71.2,71.2,71.0,4.0,28440.0,458
2023-05-09 22:55:10,i2401-P-700,i2401-P-700,71.0,0.0,0.0,0.0,4,71.8,72.6,10,72.0,71.2,71.2,71.0,4.0,28440.0,458
2023-05-09 22:55:10,i2401-P-700,i2401-P-700,71.0,0.0,0.0,0.0,10,71.9,72.7,20,72.0,71.2,71.2,71.0,4.0,28440.0,458
2023-05-09 22:55:12,i2401-P-700,i2401-P-700,71.0,0.0,0.0,0.0,4,71.8,72.6,10,72.0,71.2,71.2,71.0,4.0,28440.0,458
2023-05-09 22:56:29,i2401-P-700,i2401-P-700,71.0,0.0,0.0,0.0,20,71.7,72.6,10,72.0,71.2,71.2,71.0,4.0,28440.0,458
2023-05-09 22:56:33,i2401-P-700,i2401-P-700,71.0,0.0,0.0,0.0,10,71.7,72.6,10,72.0,71.2,71.2,71.0,4.0,28440.0,458
2023-05-09 22:56:34,i2401-P-700,i2401-P-700,71.0,0.0,0.0,0.0,10,71.6,72.4,10,72.0,71.2,71.2,71.0,4.0,28440.0,458
2023-05-09 22:56:55,i2401-P-700,i2401-P-700,71.0,0.0,0.0,0.0,10,71.6,72.4,20,72.0,71.2,71.2,71.0,4.0,28440.0,458
2023-05-09 22:56:58,i2401-P-700,i2401-P-700,71.0,0.0,0.0,0.0,10,71.5,72.3,10,72.0,71.2,71.2,71.0,4.0,28440.0,458
2023-05-09 22:57:15,i2401-P-700,i2401-P-700,71.0,0.0,0.0,0.0,20,71.3,72.2,10,72.0,71.2,71.2,71.0,4.0,28440.0,458
2023-05-09 22:57:30,i2401-P-700,i2401-P-700,71.0,0.0,0.0,0.0,10,71.3,72.4,20,72.0,71.2,71.2,71.0,4.0,28440.0,458
2023-05-09 22:57:46,i2401-P-700,i2401-P-700,71.0,0.0,0.0,0.0,20,71.3,72.2,10,72.0,71.2,71.2,71.0,4.0,28440.0,458
2023-05-09 22:58:16,i2401-P-700,i2401-P-700,71.0,0.0,0.0,0.0,10,71.1,71.9,10,72.0,71.2,71.2,71.0,4.0,28440.0,458
2023-05-09 22:58:17,i2401-P-700,i2401-P-700,71.0,0.0,0.0,0.0,10,71.2,72.1,20,72.0,71.2,71.2,71.0,4.0,28440.0,458
2023-05-09 22:58:25,i2401-P-700,i2401-P-700,71.0,0.0,0.0,0.0,10,71.1,71.9,10,72.0,71.2,71.2,71.0,4.0,28440.0,458
2023-05-09 22:58:47,i2401-P-700,i2401-P-700,71.0,0.0,0.0,0.0,10,71.2,72.1,20,72.0,71.2,71.2,71.0,4.0,28440.0,458
2023-05-09 22:58:53,i2401-P-700,i2401-P-700,71.0,0.0,0.0,0.0,10,70.9,72.1,10,72.0,71.2,71.2,71.0,4.0,28440.0,458
2023-05-09 22:59:00,i2401-P-700,i2401-P-700,71.0,0.0,0.0,0.0,20,69.8,72.5,20,72.0,71.2,71.2,71.0,4.0,28440.0,458
2023-05-09 22:59:00,i2401-P-700,i2401-P-700,71.0,0.0,0.0,0.0,1,15.0,73.0,1,72.0,71.2,71.2,71.0,4.0,28440.0,458
2023-05-09 22:59:00,i2401-P-700,i2401-P-700,71.0,0.0,0.0,0.0,6,15.2,73.0,1,72.0,71.2,71.2,71.0,4.0,28440.0,458
2023-05-09 22:59:01,i2401-P-700,i2401-P-700,71.0,0.0,0.0,0.0,1,16.6,73.0,1,72.0,71.2,71.2,71.0,4.0,28440.0,458
2023-05-09 22:59:01,i2401-P-700,i2401-P-700,71.0,0.0,0.0,0.0,1,16.9,73.0,1,72.0,71.2,71.2,71.0,4.0,28440.0,458
2023-05-09 22:59:02,i2401-P-700,i2401-P-700,71.0,0.0,0.0,0.0,6,17.1,73.0,1,72.0,71.2,71.2,71.0,4.0,28440.0,458
2023-05-09 22:59:03,i2401-P-700,i2401-P-700,71.0,0.0,0.0,0.0,1,17.4,73.0,1,72.0,71.2,71.2,71.0,4.0,28440.0,458
2023-05-09 22:59:03,i2401-P-700,i2401-P-700,71.0,0.0,0.0,0.0,6,17.6,73.0,1,72.0,71.2,71.2,71.0,4.0,28440.0,458
2023-05-09 22:59:04,i2401-P-700,i2401-P-700,71.0,0.0,0.0,0.0,1,17.9,73.0,1,72.0,71.2,71.2,71.0,4.0,28440.0,458
2023-05-09 22:59:04,i2401-P-700,i2401-P-700,71.0,0.0,0.0,0.0,6,18.1,73.0,1,72.0,71.2,71.2,71.0,4.0,28440.0,458
2023-05-09 22:59:05,i2401-P-700,i2401-P-700,71.0,0.0,0.0,0.0,1,18.4,73.0,1,72.0,71.2,71.2,71.0,4.0,28440.0,458
2023-05-09 22:59:05,i2401-P-700,i2401-P-700,71.0,0.0,0.0,0.0,6,18.6,73.0,1,72.0,71.2,71.2,71.0,4.0,28440.0,458
2023-05-09 22:59:06,i2401-P-700,i2401-P-700,71.0,0.0,0.0,0.0,1,18.9,73.0,1,72.0,71.2,71.2,71.0,4.0,28440.0,458
2023-05-09 22:59:11,i2401-P-700,i2401-P-700,71.0,0.0,0.0,0.0,1,20.5,73.0,1,72.0,71.2,71.2,71.0,4.0,28440.0,458
2023-05-09 22:59:12,i2401-P-700,i2401-P-700,71.0,0.0,0.0,0.0,20,20.8,73.0,1,72.0,71.2,71.2,71.0,4.0,28440.0,458
2023-05-09 22:59:12,i2401-P-700,i2401-P-700,71.0,0.0,0.0,0.0,6,21.0,73.0,1,72.0,71.2,71.2,71.0,4.0,28440.0,458
2023-05-09 22:59:13,i2401-P-700,i2401-P-700,71.0,0.0,0.0,0.0,1,21.3,73.0,1,72.0,71.2,71.2,71.0,4.0,28440.0,458
2023-05-09 22:59:13,i2401-P-700,i2401-P-700,71.0,0.0,0.0,0.0,20,21.4,73.0,1,72.0,71.2,71.2,71.0,4.0,28440.0,458
2023-05-09 22:59:15,i2401-P-700,i2401-P-700,71.0,0.0,0.0,0.0,1,23.0,73.0,1,72.0,71.2,71.2,71.0,4.0,28440.0,458
2023-05-09 22:59:15,i2401-P-700,i2401-P-700,71.0,0.0,0.0,0.0,20,23.3,73.0,1,72.0,71.2,71.2,71.0,4.0,28440.0,458
2023-05-09 22:59:16,i2401-P-700,i2401-P-700,71.0,0.0,0.0,0.0,6,23.5,73.0,1,72.0,71.2,71.2,71.0,4.0,28440.0,458
2023-05-09 22:59:16,i2401-P-700,i2401-P-700,71.0,0.0,0.0,0.0,20,23.6,73.0,1,72.0,71.2,71.2,71.0,4.0,28440.0,458
2023-05-09 22:59:17,i2401-P-700,i2401-P-700,71.0,0.0,0.0,0.0,6,23.8,73.0,1,72.0,71.2,71.2,71.0,4.0,28440.0,458
2023-05-09 22:59:17,i2401-P-700,i2401-P-700,71.0,0.0,0.0,0.0,20,23.9,73.0,1,72.0,71.2,71.2,71.0,4.0,28440.0,458
2023-05-09 22:59:18,i2401-P-700,i2401-P-700,71.0,0.0,0.0,0.0,1,24.2,73.0,1,72.0,71.2,71.2,71.0,4.0,28440.0,458
2023-05-09 22:59:18,i2401-P-700,i2401-P-700,71.0,0.0,0.0,0.0,6,24.4,73.0,1,72.0,71.2,71.2,71.0,4.0,28440.0,458
2023-05-09 22:59:19,i2401-P-700,i2401-P-700,71.0,0.0,0.0,0.0,1,26.0,73.0,1,72.0,71.2,71.2,71.0,4.0,28440.0,458
2023-05-09 22:59:19,i2401-P-700,i2401-P-700,71.0,0.0,0.0,0.0,20,26.3,73.0,1,72.0,71.2,71.2,71.0,4.0,28440.0,458
2023-05-09 22:59:20,i2401-P-700,i2401-P-700,71.0,0.0,0.0,0.0,6,26.5,73.0,1,72.0,71.2,71.2,71.0,4.0,28440.0,458
2023-05-09 22:59:20,i2401-P-700,i2401-P-700,71.0,0.0,0.0,0.0,20,26.6,73.0,1,72.0,71.2,71.2,71.0,4.0,28440.0,458
2023-05-09 22:59:21,i2401-P-700,i2401-P-700,71.0,0.0,0.0,0.0,6,26.8,73.0,1,72.0,71.2,71.2,71.0,4.0,28440.0,458
2023-05-09 22:59:21,i2401-P-700,i2401-P-700,71.0,0.0,0.0,0.0,20,26.9,73.0,1,72.0,71.2,71.2,71.0,4.0,28440.0,458
2023-05-09 22:59:22,i2401-P-700,i2401-P-700,71.0,0.0,0.0,0.0,6,27.1,73.0,1,72.0,71.2,71.2,71.0,4.0,28440.0,458
2023-05-09 22:59:22,i2401-P-700,i2401-P-700,71.0,0.0,0.0,0.0,6,27.3,73.0,1,72.0,71.2,71.2,71.0,4.0,28440.0,458
2023-05-09 22:59:23,i2401-P-700,i2401-P-700,71.0,0.0,0.0,0.0,21,27.4,73.0,1,72.0,71.2,71.2,71.0,4.0,28440.0,458
2023-05-09 22:59:23,i2401-P-700,i2401-P-700,71.0,0.0,0.0,0.0,6,27.6,73.0,1,72.0,71.2,71.2,71.0,4.0,28440.0,458
2023-05-09 22:59:24,i2401-P-700,i2401-P-700,71.0,0.0,0.0,0.0,6,27.8,73.0,1,72.0,71.2,71.2,71.0,4.0,28440.0,458
2023-05-09 22:59:24,i2401-P-700,i2401-P-700,71.0,0.0,0.0,0.0,20,27.9,73.0,1,72.0,71.2,71.2,71.0,4.0,28440.0,458
2023-05-09 22:59:25,i2401-P-700,i2401-P-700,71.0,0.0,0.0,0.0,6,28.1,73.0,1,72.0,71.2,71.2,71.0,4.0,28440.0,458
2023-05-09 22:59:25,i2401-P-700,i2401-P-700,71.0,0.0,0.0,0.0,6,28.3,73.0,1,72.0,71.2,71.2,71.0,4.0,28440.0,458
2023-05-09 22:59:25,i2401-P-700,i2401-P-700,71.0,0.0,0.0,0.0,20,28.4,73.0,1,72.0,71.2,71.2,71.0,4.0,28440.0,458
2023-05-09 22:59:26,i2401-P-700,i2401-P-700,71.0,0.0,0.0,0.0,7,28.6,73.0,1,72.0,71.2,71.2,71.0,4.0,28440.0,458
2023-05-09 22:59:27,i2401-P-700,i2401-P-700,71.0,0.0,0.0,0.0,6,28.8,73.0,1,72.0,71.2,71.2,71.0,4.0,28440.0,458
2023-05-09 22:59:27,i2401-P-700,i2401-P-700,71.0,0.0,0.0,0.0,1,30.4,73.0,1,72.0,71.2,71.2,71.0,4.0,28440.0,458
2023-05-09 22:59:28,i2401-P-700,i2401-P-700,71.0,0.0,0.0,0.0,20,30.7,73.0,1,72.0,71.2,71.2,71.0,4.0,28440.0,458
2023-05-09 22:59:28,i2401-P-700,i2401-P-700,71.0,0.0,0.0,0.0,6,30.9,73.0,1,72.0,71.2,71.2,71.0,4.0,28440.0,458
2023-05-09 22:59:29,i2401-P-700,i2401-P-700,71.0,0.0,0.0,0.0,20,31.0,73.0,1,72.0,71.2,71.2,71.0,4.0,28440.0,458
2023-05-09 22:59:29,i2401-P-700,i2401-P-700,71.0,0.0,0.0,0.0,1,32.5,73.0,1,72.0,71.2,71.2,71.0,4.0,28440.0,458
2023-05-09 22:59:30,i2401-P-700,i2401-P-700,71.0,0.0,0.0,0.0,6,32.7,73.0,1,72.0,71.2,71.2,71.0,4.0,28440.0,458
2023-05-09 22:59:30,i2401-P-700,i2401-P-700,71.0,0.0,0.0,0.0,20,32.8,73.0,1,72.0,71.2,71.2,71.0,4.0,28440.0,458
2023-05-09 22:59:31,i2401-P-700,i2401-P-700,71.0,0.0,0.0,0.0,7,33.0,73.0,1,72.0,71.2,71.2,71.0,4.0,28440.0,458
2023-05-09 22:59:31,i2401-P-700,i2401-P-700,71.0,0.0,0.0,0.0,20,33.1,73.0,1,72.0,71.2,71.2,71.0,4.0,28440.0,458
2023-05-09 22:59:32,i2401-P-700,i2401-P-700,71.0,0.0,0.0,0.0,6,33.3,73.0,1,72.0,71.2,71.2,71.0,4.0,28440.0,458
2023-05-09 22:59:32,i2401-P-700,i2401-P-700,71.0,0.0,0.0,0.0,20,33.4,73.0,1,72.0,71.2,71.2,71.0,4.0,28440.0,458
2023-05-09 22:59:33,i2401-P-700,i2401-P-700,71.0,0.0,0.0,0.0,6,33.6,73.0,1,72.0,71.2,71.2,71.0,4.0,28440.0,458
2023-05-09 22:59:33,i2401-P-700,i2401-P-700,71.0,0.0,0.0,0.0,20,33.7,73.0,1,72.0,71.2,71.2,71.0,4.0,28440.0,458
2023-05-09 22:59:34,i2401-P-700,i2401-P-700,71.0,0.0,0.0,0.0,6,33.9,73.0,1,72.0,71.2,71.2,71.0,4.0,28440.0,458
2023-05-09 22:59:34,i2401-P-700,i2401-P-700,71.0,0.0,0.0,0.0,20,34.0,73.0,1,72.0,71.2,71.2,71.0,4.0,28440.0,458
2023-05-09 22:59:35,i2401-P-700,i2401-P-700,71.0,0.0,0.0,0.0,6,34.2,73.0,1,72.0,71.2,71.2,71.0,4.0,28440.0,458
2023-05-09 22:59:36,i2401-P-700,i2401-P-700,71.0,0.0,0.0,0.0,20,34.3,73.0,1,72.0,71.2,71.2,71.0,4.0,28440.0,458
2023-05-09 22:59:36,i2401-P-700,i2401-P-700,71.0,0.0,0.0,0.0,6,34.5,73.0,1,72.0,71.2,71.2,71.0,4.0,28440.0,458
2023-05-09 22:59:37,i2401-P-700,i2401-P-700,71.0,0.0,0.0,0.0,20,34.6,73.0,1,72.0,71.2,71.2,71.0,4.0,28440.0,458
2023-05-09 22:59:44,i2401-P-700,i2401-P-700,71.0,0.0,0.0,0.0,1,34.9,73.0,1,72.0,71.2,71.2,71.0,4.0,28440.0,458
2023-05-09 22:59:44,i2401-P-700,i2401-P-700,71.0,0.0,0.0,0.0,20,35.2,73.0,1,72.0,71.2,71.2,71.0,4.0,28440.0,458
2023-05-09 22:59:45,i2401-P-700,i2401-P-700,71.0,0.0,0.0,0.0,6,35.4,73.0,1,72.0,71.2,71.2,71.0,4.0,28440.0,458
2023-05-09 22:59:45,i2401-P-700,i2401-P-700,71.0,0.0,0.0,0.0,20,35.5,73.0,1,72.0,71.2,71.2,71.0,4.0,28440.0,458
2023-05-09 22:59:46,i2401-P-700,i2401-P-700,71.0,0.0,0.0,0.0,6,35.7,73.0,1,72.0,71.2,71.2,71.0,4.0,28440.0,458
2023-05-09 22:59:46,i2401-P-700,i2401-P-700,71.0,0.0,0.0,0.0,20,35.8,73.0,1,72.0,71.2,71.2,71.0,4.0,28440.0,458
2023-05-09 22:59:47,i2401-P-700,i2401-P-700,71.0,0.0,0.0,0.0,6,36.0,73.0,1,72.0,71.2,71.2,71.0,4.0,28440.0,458
2023-05-09 22:59:47,i2401-P-700,i2401-P-700,71.0,0.0,0.0,0.0,20,36.1,73.0,1,72.0,71.2,71.2,71.0,4.0,28440.0,458
2023-05-09 22:59:48,i2401-P-700,i2401-P-700,71.0,0.0,0.0,0.0,6,36.3,73.0,1,72.0,71.2,71.2,71.0,4.0,28440.0,458
2023-05-09 22:59:48,i2401-P-700,i2401-P-700,71.0,0.0,0.0,0.0,20,36.4,73.0,1,72.0,71.2,71.2,71.0,4.0,28440.0,458
2023-05-09 22:59:49,i2401-P-700,i2401-P-700,71.0,0.0,0.0,0.0,6,36.6,73.0,1,72.0,71.2,71.2,71.0,4.0,28440.0,458
2023-05-09 22:59:49,i2401-P-700,i2401-P-700,71.0,0.0,0.0,0.0,20,36.7,73.0,1,72.0,71.2,71.2,71.0,4.0,28440.0,458
2023-05-09 22:59:50,i2401-P-700,i2401-P-700,71.0,0.0,0.0,0.0,6,36.9,73.0,1,72.0,71.2,71.2,71.0,4.0,28440.0,458
2023-05-09 22:59:50,i2401-P-700,i2401-P-700,71.0,0.0,0.0,0.0,20,37.0,73.0,1,72.0,71.2,71.2,71.0,4.0,28440.0,458
2023-05-09 22:59:51,i2401-P-700,i2401-P-700,71.0,0.0,0.0,0.0,6,37.2,73.0,1,72.0,71.2,71.2,71.0,4.0,28440.0,458
2023-05-09 22:59:51,i2401-P-700,i2401-P-700,71.0,0.0,0.0,0.0,20,37.3,73.0,1,72.0,71.2,71.2,71.0,4.0,28440.0,458
2023-05-09 22:59:52,i2401-P-700,i2401-P-700,71.0,0.0,0.0,0.0,6,37.5,73.0,1,72.0,71.2,71.2,71.0,4.0,28440.0,458
2023-05-09 22:59:52,i2401-P-700,i2401-P-700,71.0,0.0,0.0,0.0,20,37.6,73.0,1,72.0,71.2,71.2,71.0,4.0,28440.0,458
2023-05-09 22:59:55,i2401-P-700,i2401-P-700,71.0,0.0,0.0,0.0,1,36.4,73.0,1,72.0,71.2,71.2,71.0,4.0,28440.0,458
2023-05-09 22:59:57,i2401-P-700,i2401-P-700,71.0,0.0,0.0,0.0,1,32.5,73.0,1,72.0,71.2,71.2,71.0,4.0,28440.0,458
2023-05-09 22:59:59,i2401-P-700,i2401-P-700,71.0,0.0,0.0,0.0,1,37.9,73.0,1,72.0,71.2,71.2,71.0,4.0,28440.0,458
2023-05-10 09:00:01,i2401-P-700,i2401-P-700,71.0,0.0,0.0,0.0,20,38.0,72.1,4,72.0,71.2,71.2,71.0,4.0,28440.0,458
2023-05-10 09:00:07,i2401-P-700,i2401-P-700,71.0,0.0,0.0,0.0,4,57.3,72.1,4,72.0,71.2,71.2,71.0,4.0,28440.0,458
2023-05-10 09:00:07,i2401-P-700,i2401-P-700,71.0,0.0,0.0,0.0,20,57.4,72.1,4,72.0,71.2,71.2,71.0,4.0,28440.0,458
2023-05-10 09:00:08,i2401-P-700,i2401-P-700,71.0,0.0,0.0,0.0,4,61.4,72.1,4,72.0,71.2,71.2,71.0,4.0,28440.0,458
2023-05-10 09:00:08,i2401-P-700,i2401-P-700,71.0,0.0,0.0,0.0,20,61.5,72.1,4,72.0,71.2,71.2,71.0,4.0,28440.0,458
2023-05-10 09:00:10,i2401-P-700,i2401-P-700,71.0,0.0,0.0,0.0,4,65.5,72.1,4,72.0,71.2,71.2,71.0,4.0,28440.0,458
2023-05-10 09:00:10,i2401-P-700,i2401-P-700,71.0,0.0,0.0,0.0,20,65.6,72.1,4,72.0,71.2,71.2,71.0,4.0,28440.0,458
2023-05-10 09:00:12,i2401-P-700,i2401-P-700,71.0,0.0,0.0,0.0,4,69.2,72.1,4,72.0,71.2,71.2,71.0,4.0,28440.0,458
2023-05-10 09:00:17,i2401-P-700,i2401-P-700,71.0,0.0,0.0,0.0,1,37.9,72.1,4,72.0,71.2,71.2,71.0,4.0,28440.0,458
2023-05-10 09:00:18,i2401-P-700,i2401-P-700,71.0,0.0,0.0,0.0,4,57.2,72.1,4,72.0,71.2,71.2,71.0,4.0,28440.0,458
2023-05-10 09:00:18,i2401-P-700,i2401-P-700,71.0,0.0,0.0,0.0,20,57.3,72.1,4,72.0,71.2,71.2,71.0,4.0,28440.0,458
2023-05-10 09:00:19,i2401-P-700,i2401-P-700,71.0,0.0,0.0,0.0,1,58.9,72.1,4,72.0,71.2,71.2,71.0,4.0,28440.0,458
2023-05-10 09:00:19,i2401-P-700,i2401-P-700,71.0,0.0,0.0,0.0,20,59.0,72.1,4,72.0,71.2,71.2,71.0,4.0,28440.0,458
2023-05-10 09:00:20,i2401-P-700,i2401-P-700,71.0,0.0,0.0,0.0,4,63.0,72.1,4,72.0,71.2,71.2,71.0,4.0,28440.0,458
2023-05-10 09:00:20,i2401-P-700,i2401-P-700,71.0,0.0,0.0,0.0,20,63.1,72.1,4,72.0,71.2,71.2,71.0,4.0,28440.0,458
2023-05-10 09:00:21,i2401-P-700,i2401-P-700,71.0,0.0,0.0,0.0,4,67.1,72.1,4,72.0,71.2,71.2,71.0,4.0,28440.0,458
2023-05-10 09:00:21,i2401-P-700,i2401-P-700,71.0,0.0,0.0,0.0,20,67.2,72.1,4,72.0,71.2,71.2,71.0,4.0,28440.0,458
2023-05-10 09:00:22,i2401-P-700,i2401-P-700,71.0,0.0,0.0,0.0,4,69.2,72.1,4,72.0,71.2,71.2,71.0,4.0,28440.0,458
2023-05-10 09:00:28,i2401-P-700,i2401-P-700,71.0,0.0,0.0,0.0,1,38.0,72.1,4,72.0,71.2,71.2,71.0,4.0,28440.0,458
2023-05-10 09:00:28,i2401-P-700,i2401-P-700,71.0,0.0,0.0,0.0,4,56.7,72.1,4,72.0,71.2,71.2,71.0,4.0,28440.0,458
2023-05-10 09:00:29,i2401-P-700,i2401-P-700,71.0,0.0,0.0,0.0,1,58.3,72.1,4,72.0,71.2,71.2,71.0,4.0,28440.0,458
2023-05-10 09:00:29,i2401-P-700,i2401-P-700,71.0,0.0,0.0,0.0,20,58.4,72.1,4,72.0,71.2,71.2,71.0,4.0,28440.0,458
2023-05-10 09:00:30,i2401-P-700,i2401-P-700,71.0,0.0,0.0,0.0,4,62.4,72.1,4,72.0,71.2,71.2,71.0,4.0,28440.0,458
2023-05-10 09:00:30,i2401-P-700,i2401-P-700,71.0,0.0,0.0,0.0,20,62.5,72.1,4,72.0,71.2,71.2,71.0,4.0,28440.0,458
2023-05-10 09:00:31,i2401-P-700,i2401-P-700,71.0,0.0,0.0,0.0,4,66.5,72.1,4,72.0,71.2,71.2,71.0,4.0,28440.0,458
2023-05-10 09:00:31,i2401-P-700,i2401-P-700,71.0,0.0,0.0,0.0,20,66.6,72.1,4,72.0,71.2,71.2,71.0,4.0,28440.0,458
2023-05-10 09:00:32,i2401-P-700,i2401-P-700,71.0,0.0,0.0,0.0,4,68.8,72.1,4,72.0,71.2,71.2,71.0,4.0,28440.0,458
2023-05-10 09:00:38,i2401-P-700,i2401-P-700,71.0,0.0,0.0,0.0,1,38.0,72.1,4,72.0,71.2,71.2,71.0,4.0,28440.0,458
2023-05-10 09:00:38,i2401-P-700,i2401-P-700,71.0,0.0,0.0,0.0,4,56.0,72.1,4,72.0,71.2,71.2,71.0,4.0,28440.0,458
2023-05-10 09:00:38,i2401-P-700,i2401-P-700,71.0,0.0,0.0,0.0,20,56.1,71.0,4,72.0,71.2,71.2,71.0,4.0,28440.0,458
2023-05-10 09:00:39,i2401-P-700,i2401-P-700,71.0,0.0,0.0,0.0,4,60.1,71.0,4,72.0,71.2,71.2,71.0,4.0,28440.0,458
2023-05-10 09:00:40,i2401-P-700,i2401-P-700,71.0,0.0,0.0,0.0,20,60.2,71.0,4,72.0,71.2,71.2,71.0,4.0,28440.0,458
2023-05-10 09:00:40,i2401-P-700,i2401-P-700,71.0,0.0,0.0,0.0,4,64.2,71.0,4,72.0,71.2,71.2,71.0,4.0,28440.0,458
2023-05-10 09:00:41,i2401-P-700,i2401-P-700,71.0,0.0,0.0,0.0,4,68.3,71.0,4,72.0,71.2,71.2,71.0,4.0,28440.0,458
2023-05-10 09:00:47,i2401-P-700,i2401-P-700,71.0,0.0,0.0,0.0,4,56.5,71.0,4,72.0,71.2,71.2,71.0,4.0,28440.0,458
2023-05-10 09:00:47,i2401-P-700,i2401-P-700,71.0,0.0,0.0,0.0,4,60.6,71.0,4,72.0,71.2,71.2,71.0,4.0,28440.0,458
2023-05-10 09:00:48,i2401-P-700,i2401-P-700,71.0,0.0,0.0,0.0,20,60.7,71.0,4,72.0,71.2,71.2,71.0,4.0,28440.0,458
2023-05-10 09:00:48,i2401-P-700,i2401-P-700,71.0,0.0,0.0,0.0,4,64.7,71.0,4,72.0,71.2,71.2,71.0,4.0,28440.0,458
2023-05-10 09:00:49,i2401-P-700,i2401-P-700,71.0,0.0,0.0,0.0,4,68.4,71.0,4,72.0,71.2,71.2,71.0,4.0,28440.0,458
2023-05-10 09:00:55,i2401-P-700,i2401-P-700,71.0,0.0,0.0,0.0,4,56.2,71.0,4,72.0,71.2,71.2,71.0,4.0,28440.0,458
2023-05-10 09:00:55,i2401-P-700,i2401-P-700,71.0,0.0,0.0,0.0,21,56.3,71.0,4,72.0,71.2,71.2,71.0,4.0,28440.0,458
2023-05-10 09:00:56,i2401-P-700,i2401-P-700,71.0,0.0,0.0,0.0,4,60.3,71.0,4,72.0,71.2,71.2,71.0,4.0,28440.0,458
2023-05-10 09:00:56,i2401-P-700,i2401-P-700,71.0,0.0,0.0,0.0,20,60.4,71.0,4,72.0,71.2,71.2,71.0,4.0,28440.0,458
2023-05-10 09:00:57,i2401-P-700,i2401-P-700,71.0,0.0,0.0,0.0,4,64.4,71.0,4,72.0,71.2,71.2,71.0,4.0,28440.0,458
2023-05-10 09:00:57,i2401-P-700,i2401-P-700,71.0,0.0,0.0,0.0,20,64.5,71.0,4,72.0,71.2,71.2,71.0,4.0,28440.0,458
2023-05-10 09:00:58,i2401-P-700,i2401-P-700,71.0,0.0,0.0,0.0,4,68.3,71.0,4,72.0,71.2,71.2,71.0,4.0,28440.0,458
2023-05-10 09:01:05,i2401-P-700,i2401-P-700,71.0,0.0,0.0,0.0,20,56.5,71.0,4,72.0,71.2,71.2,71.0,4.0,28440.0,458
2023-05-10 09:01:05,i2401-P-700,i2401-P-700,71.0,0.0,0.0,0.0,4,60.5,71.0,4,72.0,71.2,71.2,71.0,4.0,28440.0,458
2023-05-10 09:01:05,i2401-P-700,i2401-P-700,71.0,0.0,0.0,0.0,20,60.6,71.0,4,72.0,71.2,71.2,71.0,4.0,28440.0,458
2023-05-10 09:01:06,i2401-P-700,i2401-P-700,71.0,0.0,0.0,0.0,4,64.6,71.0,4,72.0,71.2,71.2,71.0,4.0,28440.0,458
2023-05-10 09:01:07,i2401-P-700,i2401-P-700,71.0,0.0,0.0,0.0,4,68.1,71.0,4,72.0,71.2,71.2,71.0,4.0,28440.0,458
2023-05-10 09:01:12,i2401-P-700,i2401-P-700,71.0,0.0,0.0,0.0,4,56.1,71.0,4,72.0,71.2,71.2,71.0,4.0,28440.0,458
2023-05-10 09:01:13,i2401-P-700,i2401-P-700,71.0,0.0,0.0,0.0,4,60.2,71.0,4,72.0,71.2,71.2,71.0,4.0,28440.0,458
2023-05-10 09:01:13,i2401-P-700,i2401-P-700,71.0,0.0,0.0,0.0,20,60.3,71.0,4,72.0,71.2,71.2,71.0,4.0,28440.0,458
2023-05-10 09:01:14,i2401-P-700,i2401-P-700,71.0,0.0,0.0,0.0,4,64.3,71.0,4,72.0,71.2,71.2,71.0,4.0,28440.0,458
2023-05-10 09:01:14,i2401-P-700,i2401-P-700,71.0,0.0,0.0,0.0,4,68.4,71.0,4,72.0,71.2,71.2,71.0,4.0,28440.0,458
2023-05-10 09:01:45,i2401-P-700,i2401-P-700,71.0,0.0,0.0,0.0,1,38.0,71.0,4,72.0,71.2,71.2,71.0,4.0,28440.0,458
2023-05-10 09:01:45,i2401-P-700,i2401-P-700,71.0,0.0,0.0,0.0,20,38.1,71.0,4,72.0,71.2,71.2,71.0,4.0,28440.0,458
2023-05-10 09:01:46,i2401-P-700,i2401-P-700,71.0,0.0,0.0,0.0,1,39.6,71.0,4,72.0,71.2,71.2,71.0,4.0,28440.0,458
2023-05-10 09:01:46,i2401-P-700,i2401-P-700,71.0,0.0,0.0,0.0,20,39.7,71.0,4,72.0,71.2,71.2,71.0,4.0,28440.0,458
2023-05-10 09:01:48,i2401-P-700,i2401-P-700,71.0,0.0,0.0,0.0,1,39.8,71.0,4,72.0,71.2,71.2,71.0,4.0,28440.0,458
2023-05-10 09:01:48,i2401-P-700,i2401-P-700,71.0,0.0,0.0,0.0,20,39.9,71.0,4,72.0,71.2,71.2,71.0,4.0,28440.0,458
2023-05-10 09:01:49,i2401-P-700,i2401-P-700,71.0,0.0,0.0,0.0,1,40.2,71.0,4,72.0,71.2,71.2,71.0,4.0,28440.0,458
2023-05-10 09:01:49,i2401-P-700,i2401-P-700,71.0,0.0,0.0,0.0,20,41.6,71.0,4,72.0,71.2,71.2,71.0,4.0,28440.0,458
2023-05-10 09:01:50,i2401-P-700,i2401-P-700,71.0,0.0,0.0,0.0,4,55.0,71.0,4,72.0,71.2,71.2,71.0,4.0,28440.0,458
2023-05-10 09:01:50,i2401-P-700,i2401-P-700,71.0,0.0,0.0,0.0,20,55.1,71.0,4,72.0,71.2,71.2,71.0,4.0,28440.0,458
2023-05-10 09:01:52,i2401-P-700,i2401-P-700,71.0,0.0,0.0,0.0,4,61.8,71.0,4,72.0,71.2,71.2,71.0,4.0,28440.0,458
2023-05-10 09:01:52,i2401-P-700,i2401-P-700,71.0,0.0,0.0,0.0,20,61.9,71.0,4,72.0,71.2,71.2,71.0,4.0,28440.0,458
2023-05-10 09:01:53,i2401-P-700,i2401-P-700,71.0,0.0,0.0,0.0,4,67.4,71.0,4,72.0,71.2,71.2,71.0,4.0,28440.0,458
2023-05-10 09:02:00,i2401-P-700,i2401-P-700,71.0,0.0,0.0,0.0,4,67.4,70.1,4,72.0,71.2,71.2,71.0,4.0,28440.0,458
2023-05-10 09:02:34,i2401-P-700,i2401-P-700,71.0,0.0,0.0,0.0,14,67.4,70.0,10,72.0,71.2,71.2,71.0,4.0,28440.0,458
2023-05-10 09:03:10,i2401-P-700,i2401-P-700,71.0,0.0,0.0,0.0,4,67.4,69.6,20,72.0,71.2,71.2,71.0,4.0,28440.0,458
2023-05-10 09:03:11,i2401-P-700,i2401-P-700,71.0,0.0,0.0,0.0,4,67.4,69.2,20,72.0,71.2,71.2,71.0,4.0,28440.0,458
2023-05-10 09:03:12,i2401-P-700,i2401-P-700,71.0,0.0,0.0,0.0,10,67.6,68.7,10,72.0,71.2,71.2,71.0,4.0,28440.0,458
2023-05-10 09:03:12,i2401-P-700,i2401-P-700,71.0,0.0,0.0,0.0,10,67.8,68.9,10,72.0,71.2,71.2,71.0,4.0,28440.0,458
2023-05-10 09:03:13,i2401-P-700,i2401-P-700,71.0,0.0,0.0,0.0,10,67.7,68.8,10,72.0,71.2,71.2,71.0,4.0,28440.0,458
2023-05-10 09:03:14,i2401-P-700,i2401-P-700,71.0,0.0,0.0,0.0,10,67.5,68.6,10,72.0,71.2,71.2,71.0,4.0,28440.0,458
2023-05-10 09:03:16,i2401-P-700,i2401-P-700,71.0,0.0,0.0,0.0,4,67.4,68.3,10,72.0,71.2,71.2,71.0,4.0,28440.0,458
