time,symbol_id,symbol_name,last,trade_volume,trade_amount,open_interest_change,bv1,bp1,ap1,av1,yesterday_close,today_open,today_high,today_low,volume,amount,open_interest
2023-05-09 20:56:26,i2401-C-930,i2401-C-930,5.8,0.0,0.0,0.0,20,1.1,0.0,0,5.8,0.0,0.0,0.0,0.0,0.0,6
2023-05-09 21:00:00,i2401-C-930,i2401-C-930,5.8,0.0,0.0,0.0,1,4.6,0.0,0,5.8,0.0,0.0,0.0,0.0,0.0,6
2023-05-09 21:00:15,i2401-C-930,i2401-C-930,5.8,0.0,0.0,0.0,1,4.6,18.7,20,5.8,0.0,0.0,0.0,0.0,0.0,6
2023-05-09 21:00:16,i2401-C-930,i2401-C-930,5.8,0.0,0.0,0.0,1,4.6,14.8,1,5.8,0.0,0.0,0.0,0.0,0.0,6
2023-05-09 21:00:16,i2401-C-930,i2401-C-930,5.8,0.0,0.0,0.0,1,4.6,14.7,20,5.8,0.0,0.0,0.0,0.0,0.0,6
2023-05-09 21:00:17,i2401-C-930,i2401-C-930,5.8,0.0,0.0,0.0,1,4.6,10.8,1,5.8,0.0,0.0,0.0,0.0,0.0,6
2023-05-09 21:00:17,i2401-C-930,i2401-C-930,5.8,0.0,0.0,0.0,1,4.6,10.7,20,5.8,0.0,0.0,0.0,0.0,0.0,6
2023-05-09 21:00:18,i2401-C-930,i2401-C-930,5.8,0.0,0.0,0.0,1,4.6,7.8,1,5.8,0.0,0.0,0.0,0.0,0.0,6
2023-05-09 21:03:13,i2401-C-930,i2401-C-930,5.8,0.0,0.0,0.0,1,4.6,7.7,20,5.8,0.0,0.0,0.0,0.0,0.0,6
2023-05-09 21:11:39,i2401-C-930,i2401-C-930,5.8,0.0,0.0,0.0,21,4.6,7.7,20,5.8,0.0,0.0,0.0,0.0,0.0,6
2023-05-09 21:15:07,i2401-C-930,i2401-C-930,5.8,0.0,0.0,0.0,1,4.9,7.7,20,5.8,0.0,0.0,0.0,0.0,0.0,6
2023-05-09 21:35:17,i2401-C-930,i2401-C-930,5.8,0.0,0.0,0.0,20,5.0,7.7,20,5.8,0.0,0.0,0.0,0.0,0.0,6
2023-05-09 21:35:25,i2401-C-930,i2401-C-930,5.8,0.0,0.0,0.0,1,5.2,7.7,20,5.8,0.0,0.0,0.0,0.0,0.0,6
2023-05-09 21:44:21,i2401-C-930,i2401-C-930,5.8,0.0,0.0,0.0,21,5.2,7.7,20,5.8,0.0,0.0,0.0,0.0,0.0,6
2023-05-09 21:45:17,i2401-C-930,i2401-C-930,5.8,0.0,0.0,0.0,1,5.2,7.7,20,5.8,0.0,0.0,0.0,0.0,0.0,6
2023-05-09 21:46:17,i2401-C-930,i2401-C-930,5.8,0.0,0.0,0.0,21,5.2,7.7,20,5.8,0.0,0.0,0.0,0.0,0.0,6
2023-05-09 21:47:04,i2401-C-930,i2401-C-930,5.8,0.0,0.0,0.0,1,5.5,7.7,20,5.8,0.0,0.0,0.0,0.0,0.0,6
2023-05-09 21:55:48,i2401-C-930,i2401-C-930,5.8,0.0,0.0,0.0,21,5.5,7.7,20,5.8,0.0,0.0,0.0,0.0,0.0,6
2023-05-09 21:55:48,i2401-C-930,i2401-C-930,5.8,0.0,0.0,0.0,1,5.5,7.7,20,5.8,0.0,0.0,0.0,0.0,0.0,6
2023-05-09 22:23:45,i2401-C-930,i2401-C-930,5.8,0.0,0.0,0.0,1,4.7,7.7,20,5.8,0.0,0.0,0.0,0.0,0.0,6
2023-05-09 22:23:45,i2401-C-930,i2401-C-930,5.8,0.0,0.0,0.0,21,4.8,7.7,20,5.8,0.0,0.0,0.0,0.0,0.0,6
2023-05-09 22:24:46,i2401-C-930,i2401-C-930,5.8,0.0,0.0,0.0,1,5.1,7.7,20,5.8,0.0,0.0,0.0,0.0,0.0,6
2023-05-09 22:36:32,i2401-C-930,i2401-C-930,5.8,0.0,0.0,0.0,21,5.1,7.7,20,5.8,0.0,0.0,0.0,0.0,0.0,6
2023-05-09 22:38:14,i2401-C-930,i2401-C-930,5.8,0.0,0.0,0.0,1,5.1,7.7,20,5.8,0.0,0.0,0.0,0.0,0.0,6
2023-05-09 22:39:51,i2401-C-930,i2401-C-930,5.8,0.0,0.0,0.0,21,5.1,7.7,20,5.8,0.0,0.0,0.0,0.0,0.0,6
2023-05-09 22:40:12,i2401-C-930,i2401-C-930,5.8,0.0,0.0,0.0,1,5.1,7.7,20,5.8,0.0,0.0,0.0,0.0,0.0,6
2023-05-09 22:40:13,i2401-C-930,i2401-C-930,5.8,0.0,0.0,0.0,21,5.1,7.7,20,5.8,0.0,0.0,0.0,0.0,0.0,6
2023-05-09 22:40:15,i2401-C-930,i2401-C-930,5.8,0.0,0.0,0.0,1,5.1,7.7,20,5.8,0.0,0.0,0.0,0.0,0.0,6
2023-05-09 22:40:47,i2401-C-930,i2401-C-930,5.8,0.0,0.0,0.0,21,5.1,7.7,20,5.8,0.0,0.0,0.0,0.0,0.0,6
2023-05-09 22:47:26,i2401-C-930,i2401-C-930,5.8,0.0,0.0,0.0,1,5.4,7.7,20,5.8,0.0,0.0,0.0,0.0,0.0,6
2023-05-09 22:56:29,i2401-C-930,i2401-C-930,5.8,0.0,0.0,0.0,20,1.1,7.7,20,5.8,0.0,0.0,0.0,0.0,0.0,6
2023-05-09 22:56:30,i2401-C-930,i2401-C-930,5.8,0.0,0.0,0.0,1,2.4,7.7,20,5.8,0.0,0.0,0.0,0.0,0.0,6
2023-05-09 22:56:30,i2401-C-930,i2401-C-930,5.8,0.0,0.0,0.0,20,2.5,7.7,20,5.8,0.0,0.0,0.0,0.0,0.0,6
2023-05-09 22:56:31,i2401-C-930,i2401-C-930,5.8,0.0,0.0,0.0,1,2.6,7.7,20,5.8,0.0,0.0,0.0,0.0,0.0,6
2023-05-09 22:56:31,i2401-C-930,i2401-C-930,5.8,0.0,0.0,0.0,20,2.7,7.7,20,5.8,0.0,0.0,0.0,0.0,0.0,6
2023-05-09 22:56:33,i2401-C-930,i2401-C-930,5.8,0.0,0.0,0.0,1,2.8,7.7,20,5.8,0.0,0.0,0.0,0.0,0.0,6
2023-05-09 22:56:33,i2401-C-930,i2401-C-930,5.8,0.0,0.0,0.0,20,2.9,7.7,20,5.8,0.0,0.0,0.0,0.0,0.0,6
2023-05-09 22:56:34,i2401-C-930,i2401-C-930,5.8,0.0,0.0,0.0,1,3.0,7.7,20,5.8,0.0,0.0,0.0,0.0,0.0,6
2023-05-09 22:56:35,i2401-C-930,i2401-C-930,5.8,0.0,0.0,0.0,20,3.1,7.7,20,5.8,0.0,0.0,0.0,0.0,0.0,6
2023-05-09 22:56:36,i2401-C-930,i2401-C-930,5.8,0.0,0.0,0.0,1,3.2,7.7,20,5.8,0.0,0.0,0.0,0.0,0.0,6
2023-05-09 22:56:36,i2401-C-930,i2401-C-930,5.8,0.0,0.0,0.0,20,3.3,7.7,20,5.8,0.0,0.0,0.0,0.0,0.0,6
2023-05-09 22:56:37,i2401-C-930,i2401-C-930,5.8,0.0,0.0,0.0,1,3.4,7.7,20,5.8,0.0,0.0,0.0,0.0,0.0,6
2023-05-09 22:56:37,i2401-C-930,i2401-C-930,5.8,0.0,0.0,0.0,20,3.5,7.7,20,5.8,0.0,0.0,0.0,0.0,0.0,6
2023-05-09 22:56:39,i2401-C-930,i2401-C-930,5.8,0.0,0.0,0.0,1,3.6,7.7,20,5.8,0.0,0.0,0.0,0.0,0.0,6
2023-05-09 22:56:39,i2401-C-930,i2401-C-930,5.8,0.0,0.0,0.0,20,3.7,7.7,20,5.8,0.0,0.0,0.0,0.0,0.0,6
2023-05-09 22:57:32,i2401-C-930,i2401-C-930,5.8,0.0,0.0,0.0,20,1.1,0.0,0,5.8,0.0,0.0,0.0,0.0,0.0,6
2023-05-09 22:57:39,i2401-C-930,i2401-C-930,5.8,0.0,0.0,0.0,20,1.1,79.5,1,5.8,0.0,0.0,0.0,0.0,0.0,6
2023-05-09 22:57:41,i2401-C-930,i2401-C-930,5.8,0.0,0.0,0.0,1,2.4,79.5,1,5.8,0.0,0.0,0.0,0.0,0.0,6
2023-05-09 22:59:11,i2401-C-930,i2401-C-930,5.8,0.0,0.0,0.0,1,2.4,79.4,20,5.8,0.0,0.0,0.0,0.0,0.0,6
2023-05-09 22:59:22,i2401-C-930,i2401-C-930,5.8,0.0,0.0,0.0,1,2.4,79.1,1,5.8,0.0,0.0,0.0,0.0,0.0,6
2023-05-09 22:59:22,i2401-C-930,i2401-C-930,5.8,0.0,0.0,0.0,1,2.4,79.0,20,5.8,0.0,0.0,0.0,0.0,0.0,6
2023-05-09 22:59:29,i2401-C-930,i2401-C-930,5.8,0.0,0.0,0.0,1,2.4,78.7,1,5.8,0.0,0.0,0.0,0.0,0.0,6
2023-05-09 22:59:30,i2401-C-930,i2401-C-930,5.8,0.0,0.0,0.0,1,2.4,78.6,20,5.8,0.0,0.0,0.0,0.0,0.0,6
2023-05-09 22:59:39,i2401-C-930,i2401-C-930,5.8,0.0,0.0,0.0,1,2.4,78.3,1,5.8,0.0,0.0,0.0,0.0,0.0,6
2023-05-09 22:59:40,i2401-C-930,i2401-C-930,5.8,0.0,0.0,0.0,1,2.4,78.2,20,5.8,0.0,0.0,0.0,0.0,0.0,6
2023-05-09 22:59:52,i2401-C-930,i2401-C-930,5.8,0.0,0.0,0.0,1,2.4,77.9,1,5.8,0.0,0.0,0.0,0.0,0.0,6
2023-05-09 22:59:53,i2401-C-930,i2401-C-930,5.8,0.0,0.0,0.0,1,2.4,77.8,20,5.8,0.0,0.0,0.0,0.0,0.0,6
2023-05-09 22:59:55,i2401-C-930,i2401-C-930,5.8,0.0,0.0,0.0,1,2.4,77.9,1,5.8,0.0,0.0,0.0,0.0,0.0,6
2023-05-10 09:00:00,i2401-C-930,i2401-C-930,5.8,0.0,0.0,0.0,1,4.8,77.9,1,5.8,0.0,0.0,0.0,0.0,0.0,6
2023-05-10 09:00:01,i2401-C-930,i2401-C-930,5.8,0.0,0.0,0.0,1,5.3,77.9,1,5.8,0.0,0.0,0.0,0.0,0.0,6
2023-05-10 09:00:01,i2401-C-930,i2401-C-930,5.8,0.0,0.0,0.0,1,5.3,77.8,20,5.8,0.0,0.0,0.0,0.0,0.0,6
2023-05-10 09:00:11,i2401-C-930,i2401-C-930,5.8,0.0,0.0,0.0,1,5.3,19.6,1,5.8,0.0,0.0,0.0,0.0,0.0,6
2023-05-10 09:00:11,i2401-C-930,i2401-C-930,5.8,0.0,0.0,0.0,1,5.3,19.5,20,5.8,0.0,0.0,0.0,0.0,0.0,6
2023-05-10 09:00:12,i2401-C-930,i2401-C-930,5.8,0.0,0.0,0.0,1,5.3,15.5,1,5.8,0.0,0.0,0.0,0.0,0.0,6
2023-05-10 09:00:12,i2401-C-930,i2401-C-930,5.8,0.0,0.0,0.0,1,5.3,15.4,20,5.8,0.0,0.0,0.0,0.0,0.0,6
2023-05-10 09:00:13,i2401-C-930,i2401-C-930,5.8,0.0,0.0,0.0,1,5.3,11.4,1,5.8,0.0,0.0,0.0,0.0,0.0,6
2023-05-10 09:00:13,i2401-C-930,i2401-C-930,5.8,0.0,0.0,0.0,1,5.3,11.3,20,5.8,0.0,0.0,0.0,0.0,0.0,6
2023-05-10 09:00:14,i2401-C-930,i2401-C-930,5.8,0.0,0.0,0.0,1,5.3,8.0,1,5.8,0.0,0.0,0.0,0.0,0.0,6
2023-05-10 09:00:20,i2401-C-930,i2401-C-930,5.8,0.0,0.0,0.0,1,5.3,77.9,1,5.8,0.0,0.0,0.0,0.0,0.0,6
2023-05-10 09:00:20,i2401-C-930,i2401-C-930,5.8,0.0,0.0,0.0,1,5.3,77.8,20,5.8,0.0,0.0,0.0,0.0,0.0,6
2023-05-10 09:00:21,i2401-C-930,i2401-C-930,5.8,0.0,0.0,0.0,1,5.3,19.5,1,5.8,0.0,0.0,0.0,0.0,0.0,6
2023-05-10 09:00:21,i2401-C-930,i2401-C-930,5.8,0.0,0.0,0.0,1,5.3,19.4,20,5.8,0.0,0.0,0.0,0.0,0.0,6
2023-05-10 09:00:22,i2401-C-930,i2401-C-930,5.8,0.0,0.0,0.0,1,5.3,15.4,1,5.8,0.0,0.0,0.0,0.0,0.0,6
2023-05-10 09:00:22,i2401-C-930,i2401-C-930,5.8,0.0,0.0,0.0,1,5.3,15.3,20,5.8,0.0,0.0,0.0,0.0,0.0,6
2023-05-10 09:00:23,i2401-C-930,i2401-C-930,5.8,0.0,0.0,0.0,1,5.3,11.3,1,5.8,0.0,0.0,0.0,0.0,0.0,6
2023-05-10 09:00:23,i2401-C-930,i2401-C-930,5.8,0.0,0.0,0.0,1,5.3,11.2,20,5.8,0.0,0.0,0.0,0.0,0.0,6
2023-05-10 09:00:24,i2401-C-930,i2401-C-930,5.8,0.0,0.0,0.0,1,5.3,8.0,1,5.8,0.0,0.0,0.0,0.0,0.0,6
2023-05-10 09:00:55,i2401-C-930,i2401-C-930,5.8,0.0,0.0,0.0,1,5.1,8.0,1,5.8,0.0,0.0,0.0,0.0,0.0,6
2023-05-10 09:03:28,i2401-C-930,i2401-C-930,5.8,0.0,0.0,0.0,20,5.2,7.9,20,5.8,0.0,0.0,0.0,0.0,0.0,6
2023-05-10 09:03:30,i2401-C-930,i2401-C-930,5.8,0.0,0.0,0.0,1,5.9,7.9,20,5.8,0.0,0.0,0.0,0.0,0.0,6
2023-05-10 10:14:32,i2401-C-930,i2401-C-930,5.8,0.0,0.0,0.0,1,5.9,8.0,1,5.8,0.0,0.0,0.0,0.0,0.0,6
2023-05-10 10:30:05,i2401-C-930,i2401-C-930,5.8,0.0,0.0,0.0,1,5.9,7.9,20,5.8,0.0,0.0,0.0,0.0,0.0,6
2023-05-10 10:31:21,i2401-C-930,i2401-C-930,5.8,0.0,0.0,0.0,1,5.5,7.9,20,5.8,0.0,0.0,0.0,0.0,0.0,6
2023-05-10 11:29:32,i2401-C-930,i2401-C-930,5.8,0.0,0.0,0.0,1,5.5,8.0,1,5.8,0.0,0.0,0.0,0.0,0.0,6
2023-05-10 11:29:34,i2401-C-930,i2401-C-930,5.8,0.0,0.0,0.0,1,5.1,8.0,1,5.8,0.0,0.0,0.0,0.0,0.0,6
2023-05-10 13:32:05,i2401-C-930,i2401-C-930,5.8,0.0,0.0,0.0,1,5.1,7.9,20,5.8,0.0,0.0,0.0,0.0,0.0,6
2023-05-10 13:32:17,i2401-C-930,i2401-C-930,5.8,0.0,0.0,0.0,21,5.1,7.9,20,5.8,0.0,0.0,0.0,0.0,0.0,6
2023-05-10 13:32:38,i2401-C-930,i2401-C-930,5.8,0.0,0.0,0.0,1,5.1,7.9,20,5.8,0.0,0.0,0.0,0.0,0.0,6
2023-05-10 13:34:34,i2401-C-930,i2401-C-930,5.8,0.0,0.0,0.0,21,5.1,7.9,20,5.8,0.0,0.0,0.0,0.0,0.0,6
2023-05-10 13:38:07,i2401-C-930,i2401-C-930,5.8,0.0,0.0,0.0,1,5.1,7.9,20,5.8,0.0,0.0,0.0,0.0,0.0,6
2023-05-10 13:38:08,i2401-C-930,i2401-C-930,5.8,0.0,0.0,0.0,21,5.1,7.9,20,5.8,0.0,0.0,0.0,0.0,0.0,6
2023-05-10 13:38:38,i2401-C-930,i2401-C-930,5.8,0.0,0.0,0.0,1,5.4,7.9,20,5.8,0.0,0.0,0.0,0.0,0.0,6
2023-05-10 14:00:31,i2401-C-930,i2401-C-930,5.8,0.0,0.0,0.0,21,5.4,7.9,20,5.8,0.0,0.0,0.0,0.0,0.0,6
2023-05-10 14:00:33,i2401-C-930,i2401-C-930,5.8,0.0,0.0,0.0,1,5.4,7.9,20,5.8,0.0,0.0,0.0,0.0,0.0,6
2023-05-10 14:59:01,i2401-C-930,i2401-C-930,5.8,0.0,0.0,0.0,1,5.4,8.0,1,5.8,0.0,0.0,0.0,0.0,0.0,6
2023-05-10 14:59:18,i2401-C-930,i2401-C-930,5.8,0.0,0.0,0.0,1,5.1,8.0,1,5.8,0.0,0.0,0.0,0.0,0.0,6
2023-05-10 15:01:15,i2401-C-930,i2401-C-930,5.8,0.0,0.0,0.0,1,5.1,8.0,1,5.8,0.0,0.0,0.0,0.0,0.0,6
