time,symbol_id,symbol_name,last,trade_volume,trade_amount,open_interest_change,bv1,bp1,ap1,av1,yesterday_close,today_open,today_high,today_low,volume,amount,open_interest
2023-05-10 19:12:58,CF311P13600,CF311P13600,63.0,0.0,0.0,0.0,0,0.0,0.0,0,63.0,73.0,0.0,0.0,0.0,0.0,79
2023-05-10 20:59:00,CF311P13600,CF311P13600,63.0,0.0,0.0,0.0,18,18.0,0.0,0,63.0,73.0,0.0,0.0,0.0,0.0,79
2023-05-10 21:00:02,CF311P13600,CF311P13600,63.0,0.0,0.0,0.0,10,19.0,0.0,0,63.0,73.0,0.0,0.0,0.0,0.0,79
2023-05-10 21:01:16,CF311P13600,CF311P13600,63.0,0.0,0.0,0.0,2,20.0,0.0,0,63.0,73.0,0.0,0.0,0.0,0.0,79
2023-05-10 21:01:17,CF311P13600,CF311P13600,63.0,0.0,0.0,0.0,10,21.0,0.0,0,63.0,73.0,0.0,0.0,0.0,0.0,79
2023-05-10 21:01:18,CF311P13600,CF311P13600,63.0,0.0,0.0,0.0,10,21.0,1021.0,10,63.0,73.0,0.0,0.0,0.0,0.0,79
2023-05-10 21:01:20,CF311P13600,CF311P13600,63.0,0.0,0.0,0.0,10,21.0,1018.0,1,63.0,73.0,0.0,0.0,0.0,0.0,79
2023-05-10 21:01:20,CF311P13600,CF311P13600,63.0,0.0,0.0,0.0,10,21.0,1017.0,10,63.0,73.0,0.0,0.0,0.0,0.0,79
2023-05-10 21:01:22,CF311P13600,CF311P13600,63.0,0.0,0.0,0.0,10,21.0,1014.0,1,63.0,73.0,0.0,0.0,0.0,0.0,79
2023-05-10 21:01:22,CF311P13600,CF311P13600,63.0,0.0,0.0,0.0,10,21.0,1013.0,10,63.0,73.0,0.0,0.0,0.0,0.0,79
2023-05-10 21:01:24,CF311P13600,CF311P13600,63.0,0.0,0.0,0.0,10,21.0,1010.0,1,63.0,73.0,0.0,0.0,0.0,0.0,79
2023-05-10 21:01:24,CF311P13600,CF311P13600,63.0,0.0,0.0,0.0,10,21.0,1009.0,10,63.0,73.0,0.0,0.0,0.0,0.0,79
2023-05-10 21:01:27,CF311P13600,CF311P13600,63.0,0.0,0.0,0.0,10,21.0,1006.0,1,63.0,73.0,0.0,0.0,0.0,0.0,79
2023-05-10 21:01:27,CF311P13600,CF311P13600,63.0,0.0,0.0,0.0,10,21.0,1005.0,10,63.0,73.0,0.0,0.0,0.0,0.0,79
2023-05-10 21:01:29,CF311P13600,CF311P13600,63.0,0.0,0.0,0.0,10,21.0,1002.0,1,63.0,73.0,0.0,0.0,0.0,0.0,79
2023-05-10 21:01:29,CF311P13600,CF311P13600,63.0,0.0,0.0,0.0,10,21.0,1001.0,10,63.0,73.0,0.0,0.0,0.0,0.0,79
2023-05-10 21:01:32,CF311P13600,CF311P13600,63.0,0.0,0.0,0.0,10,21.0,998.0,1,63.0,73.0,0.0,0.0,0.0,0.0,79
2023-05-10 21:01:32,CF311P13600,CF311P13600,63.0,0.0,0.0,0.0,10,21.0,997.0,10,63.0,73.0,0.0,0.0,0.0,0.0,79
2023-05-10 21:01:34,CF311P13600,CF311P13600,63.0,0.0,0.0,0.0,10,21.0,994.0,1,63.0,73.0,0.0,0.0,0.0,0.0,79
2023-05-10 21:01:34,CF311P13600,CF311P13600,63.0,0.0,0.0,0.0,10,21.0,993.0,10,63.0,73.0,0.0,0.0,0.0,0.0,79
2023-05-10 21:01:37,CF311P13600,CF311P13600,63.0,0.0,0.0,0.0,10,21.0,990.0,1,63.0,73.0,0.0,0.0,0.0,0.0,79
2023-05-10 21:01:37,CF311P13600,CF311P13600,63.0,0.0,0.0,0.0,10,21.0,989.0,10,63.0,73.0,0.0,0.0,0.0,0.0,79
2023-05-10 21:01:39,CF311P13600,CF311P13600,63.0,0.0,0.0,0.0,10,21.0,986.0,1,63.0,73.0,0.0,0.0,0.0,0.0,79
2023-05-10 21:01:39,CF311P13600,CF311P13600,63.0,0.0,0.0,0.0,10,21.0,985.0,10,63.0,73.0,0.0,0.0,0.0,0.0,79
2023-05-10 21:01:41,CF311P13600,CF311P13600,63.0,0.0,0.0,0.0,10,21.0,982.0,1,63.0,73.0,0.0,0.0,0.0,0.0,79
2023-05-10 21:01:41,CF311P13600,CF311P13600,63.0,0.0,0.0,0.0,10,21.0,981.0,10,63.0,73.0,0.0,0.0,0.0,0.0,79
2023-05-10 21:01:45,CF311P13600,CF311P13600,63.0,0.0,0.0,0.0,10,21.0,978.0,1,63.0,73.0,0.0,0.0,0.0,0.0,79
2023-05-10 21:01:45,CF311P13600,CF311P13600,63.0,0.0,0.0,0.0,10,21.0,977.0,10,63.0,73.0,0.0,0.0,0.0,0.0,79
2023-05-10 21:01:53,CF311P13600,CF311P13600,63.0,0.0,0.0,0.0,10,21.0,974.0,1,63.0,73.0,0.0,0.0,0.0,0.0,79
2023-05-10 21:01:53,CF311P13600,CF311P13600,63.0,0.0,0.0,0.0,10,21.0,973.0,10,63.0,73.0,0.0,0.0,0.0,0.0,79
2023-05-10 21:01:56,CF311P13600,CF311P13600,63.0,0.0,0.0,0.0,10,21.0,970.0,1,63.0,73.0,0.0,0.0,0.0,0.0,79
2023-05-10 21:01:56,CF311P13600,CF311P13600,63.0,0.0,0.0,0.0,10,21.0,969.0,10,63.0,73.0,0.0,0.0,0.0,0.0,79
2023-05-10 21:01:58,CF311P13600,CF311P13600,63.0,0.0,0.0,0.0,10,21.0,966.0,1,63.0,73.0,0.0,0.0,0.0,0.0,79
2023-05-10 21:01:58,CF311P13600,CF311P13600,63.0,0.0,0.0,0.0,10,21.0,965.0,10,63.0,73.0,0.0,0.0,0.0,0.0,79
2023-05-10 21:02:02,CF311P13600,CF311P13600,63.0,0.0,0.0,0.0,10,21.0,962.0,1,63.0,73.0,0.0,0.0,0.0,0.0,79
2023-05-10 21:02:02,CF311P13600,CF311P13600,63.0,0.0,0.0,0.0,10,21.0,961.0,10,63.0,73.0,0.0,0.0,0.0,0.0,79
2023-05-10 21:02:03,CF311P13600,CF311P13600,63.0,0.0,0.0,0.0,10,21.0,958.0,1,63.0,73.0,0.0,0.0,0.0,0.0,79
2023-05-10 21:02:03,CF311P13600,CF311P13600,63.0,0.0,0.0,0.0,10,21.0,957.0,10,63.0,73.0,0.0,0.0,0.0,0.0,79
2023-05-10 21:02:08,CF311P13600,CF311P13600,63.0,0.0,0.0,0.0,10,21.0,954.0,1,63.0,73.0,0.0,0.0,0.0,0.0,79
2023-05-10 21:02:08,CF311P13600,CF311P13600,63.0,0.0,0.0,0.0,10,21.0,953.0,10,63.0,73.0,0.0,0.0,0.0,0.0,79
2023-05-10 21:02:11,CF311P13600,CF311P13600,63.0,0.0,0.0,0.0,2,29.0,950.0,1,63.0,73.0,0.0,0.0,0.0,0.0,79
2023-05-10 21:02:11,CF311P13600,CF311P13600,63.0,0.0,0.0,0.0,10,30.0,949.0,10,63.0,73.0,0.0,0.0,0.0,0.0,79
2023-05-10 21:02:15,CF311P13600,CF311P13600,63.0,0.0,0.0,0.0,10,30.0,946.0,1,63.0,73.0,0.0,0.0,0.0,0.0,79
2023-05-10 21:02:15,CF311P13600,CF311P13600,63.0,0.0,0.0,0.0,10,30.0,945.0,10,63.0,73.0,0.0,0.0,0.0,0.0,79
2023-05-10 21:02:17,CF311P13600,CF311P13600,63.0,0.0,0.0,0.0,10,30.0,942.0,1,63.0,73.0,0.0,0.0,0.0,0.0,79
2023-05-10 21:02:17,CF311P13600,CF311P13600,63.0,0.0,0.0,0.0,10,30.0,941.0,10,63.0,73.0,0.0,0.0,0.0,0.0,79
2023-05-10 21:02:18,CF311P13600,CF311P13600,63.0,0.0,0.0,0.0,2,31.0,941.0,10,63.0,73.0,0.0,0.0,0.0,0.0,79
2023-05-10 21:02:18,CF311P13600,CF311P13600,63.0,0.0,0.0,0.0,10,32.0,941.0,10,63.0,73.0,0.0,0.0,0.0,0.0,79
2023-05-10 21:02:20,CF311P13600,CF311P13600,63.0,0.0,0.0,0.0,10,32.0,938.0,1,63.0,73.0,0.0,0.0,0.0,0.0,79
2023-05-10 21:02:20,CF311P13600,CF311P13600,63.0,0.0,0.0,0.0,10,32.0,937.0,10,63.0,73.0,0.0,0.0,0.0,0.0,79
2023-05-10 21:02:22,CF311P13600,CF311P13600,63.0,0.0,0.0,0.0,2,33.0,937.0,10,63.0,73.0,0.0,0.0,0.0,0.0,79
2023-05-10 21:02:23,CF311P13600,CF311P13600,63.0,0.0,0.0,0.0,10,34.0,937.0,10,63.0,73.0,0.0,0.0,0.0,0.0,79
2023-05-10 21:02:23,CF311P13600,CF311P13600,63.0,0.0,0.0,0.0,10,34.0,934.0,1,63.0,73.0,0.0,0.0,0.0,0.0,79
2023-05-10 21:02:24,CF311P13600,CF311P13600,63.0,0.0,0.0,0.0,10,34.0,933.0,10,63.0,73.0,0.0,0.0,0.0,0.0,79
2023-05-10 21:02:25,CF311P13600,CF311P13600,63.0,0.0,0.0,0.0,10,34.0,930.0,1,63.0,73.0,0.0,0.0,0.0,0.0,79
2023-05-10 21:02:26,CF311P13600,CF311P13600,63.0,0.0,0.0,0.0,10,34.0,929.0,10,63.0,73.0,0.0,0.0,0.0,0.0,79
2023-05-10 21:02:31,CF311P13600,CF311P13600,63.0,0.0,0.0,0.0,10,34.0,926.0,1,63.0,73.0,0.0,0.0,0.0,0.0,79
2023-05-10 21:02:32,CF311P13600,CF311P13600,63.0,0.0,0.0,0.0,10,34.0,925.0,10,63.0,73.0,0.0,0.0,0.0,0.0,79
2023-05-10 21:02:32,CF311P13600,CF311P13600,63.0,0.0,0.0,0.0,10,34.0,922.0,1,63.0,73.0,0.0,0.0,0.0,0.0,79
2023-05-10 21:02:33,CF311P13600,CF311P13600,63.0,0.0,0.0,0.0,10,34.0,921.0,10,63.0,73.0,0.0,0.0,0.0,0.0,79
2023-05-10 21:02:35,CF311P13600,CF311P13600,63.0,0.0,0.0,0.0,10,34.0,918.0,1,63.0,73.0,0.0,0.0,0.0,0.0,79
2023-05-10 21:02:36,CF311P13600,CF311P13600,63.0,0.0,0.0,0.0,10,34.0,917.0,10,63.0,73.0,0.0,0.0,0.0,0.0,79
2023-05-10 21:02:38,CF311P13600,CF311P13600,63.0,0.0,0.0,0.0,10,34.0,914.0,1,63.0,73.0,0.0,0.0,0.0,0.0,79
2023-05-10 21:02:39,CF311P13600,CF311P13600,63.0,0.0,0.0,0.0,10,34.0,913.0,10,63.0,73.0,0.0,0.0,0.0,0.0,79
2023-05-10 21:02:42,CF311P13600,CF311P13600,63.0,0.0,0.0,0.0,10,34.0,910.0,1,63.0,73.0,0.0,0.0,0.0,0.0,79
2023-05-10 21:02:43,CF311P13600,CF311P13600,63.0,0.0,0.0,0.0,10,34.0,909.0,10,63.0,73.0,0.0,0.0,0.0,0.0,79
2023-05-10 21:02:43,CF311P13600,CF311P13600,63.0,0.0,0.0,0.0,10,34.0,906.0,1,63.0,73.0,0.0,0.0,0.0,0.0,79
2023-05-10 21:02:44,CF311P13600,CF311P13600,63.0,0.0,0.0,0.0,10,34.0,905.0,10,63.0,73.0,0.0,0.0,0.0,0.0,79
2023-05-10 21:02:44,CF311P13600,CF311P13600,63.0,0.0,0.0,0.0,10,34.0,902.0,1,63.0,73.0,0.0,0.0,0.0,0.0,79
2023-05-10 21:02:45,CF311P13600,CF311P13600,63.0,0.0,0.0,0.0,10,34.0,901.0,10,63.0,73.0,0.0,0.0,0.0,0.0,79
2023-05-10 21:02:47,CF311P13600,CF311P13600,63.0,0.0,0.0,0.0,10,34.0,898.0,1,63.0,73.0,0.0,0.0,0.0,0.0,79
2023-05-10 21:02:48,CF311P13600,CF311P13600,63.0,0.0,0.0,0.0,10,34.0,897.0,10,63.0,73.0,0.0,0.0,0.0,0.0,79
2023-05-10 21:02:48,CF311P13600,CF311P13600,63.0,0.0,0.0,0.0,10,34.0,894.0,1,63.0,73.0,0.0,0.0,0.0,0.0,79
2023-05-10 21:02:49,CF311P13600,CF311P13600,63.0,0.0,0.0,0.0,10,34.0,893.0,10,63.0,73.0,0.0,0.0,0.0,0.0,79
2023-05-10 21:02:49,CF311P13600,CF311P13600,63.0,0.0,0.0,0.0,10,34.0,890.0,1,63.0,73.0,0.0,0.0,0.0,0.0,79
2023-05-10 21:02:50,CF311P13600,CF311P13600,63.0,0.0,0.0,0.0,10,34.0,889.0,10,63.0,73.0,0.0,0.0,0.0,0.0,79
2023-05-10 21:02:50,CF311P13600,CF311P13600,63.0,0.0,0.0,0.0,10,34.0,886.0,1,63.0,73.0,0.0,0.0,0.0,0.0,79
2023-05-10 21:02:51,CF311P13600,CF311P13600,63.0,0.0,0.0,0.0,10,34.0,885.0,10,63.0,73.0,0.0,0.0,0.0,0.0,79
2023-05-10 21:02:51,CF311P13600,CF311P13600,63.0,0.0,0.0,0.0,10,34.0,882.0,1,63.0,73.0,0.0,0.0,0.0,0.0,79
2023-05-10 21:02:52,CF311P13600,CF311P13600,63.0,0.0,0.0,0.0,10,34.0,881.0,10,63.0,73.0,0.0,0.0,0.0,0.0,79
2023-05-10 21:02:55,CF311P13600,CF311P13600,63.0,0.0,0.0,0.0,10,34.0,878.0,1,63.0,73.0,0.0,0.0,0.0,0.0,79
2023-05-10 21:02:56,CF311P13600,CF311P13600,63.0,0.0,0.0,0.0,10,34.0,877.0,10,63.0,73.0,0.0,0.0,0.0,0.0,79
2023-05-10 21:03:01,CF311P13600,CF311P13600,63.0,0.0,0.0,0.0,10,34.0,874.0,1,63.0,73.0,0.0,0.0,0.0,0.0,79
2023-05-10 21:03:02,CF311P13600,CF311P13600,63.0,0.0,0.0,0.0,10,34.0,873.0,10,63.0,73.0,0.0,0.0,0.0,0.0,79
2023-05-10 21:03:05,CF311P13600,CF311P13600,63.0,0.0,0.0,0.0,10,34.0,870.0,1,63.0,73.0,0.0,0.0,0.0,0.0,79
2023-05-10 21:03:06,CF311P13600,CF311P13600,63.0,0.0,0.0,0.0,10,34.0,869.0,10,63.0,73.0,0.0,0.0,0.0,0.0,79
2023-05-10 21:03:07,CF311P13600,CF311P13600,63.0,0.0,0.0,0.0,10,34.0,866.0,1,63.0,73.0,0.0,0.0,0.0,0.0,79
2023-05-10 21:03:08,CF311P13600,CF311P13600,63.0,0.0,0.0,0.0,10,34.0,865.0,10,63.0,73.0,0.0,0.0,0.0,0.0,79
2023-05-10 21:03:11,CF311P13600,CF311P13600,63.0,0.0,0.0,0.0,10,34.0,862.0,1,63.0,73.0,0.0,0.0,0.0,0.0,79
2023-05-10 21:03:12,CF311P13600,CF311P13600,63.0,0.0,0.0,0.0,10,34.0,861.0,10,63.0,73.0,0.0,0.0,0.0,0.0,79
2023-05-10 21:03:12,CF311P13600,CF311P13600,63.0,0.0,0.0,0.0,10,34.0,858.0,1,63.0,73.0,0.0,0.0,0.0,0.0,79
2023-05-10 21:03:13,CF311P13600,CF311P13600,63.0,0.0,0.0,0.0,10,34.0,857.0,10,63.0,73.0,0.0,0.0,0.0,0.0,79
2023-05-10 21:03:16,CF311P13600,CF311P13600,63.0,0.0,0.0,0.0,10,34.0,854.0,1,63.0,73.0,0.0,0.0,0.0,0.0,79
2023-05-10 21:03:17,CF311P13600,CF311P13600,63.0,0.0,0.0,0.0,10,34.0,853.0,10,63.0,73.0,0.0,0.0,0.0,0.0,79
2023-05-10 21:03:18,CF311P13600,CF311P13600,63.0,0.0,0.0,0.0,10,34.0,850.0,1,63.0,73.0,0.0,0.0,0.0,0.0,79
2023-05-10 21:03:19,CF311P13600,CF311P13600,63.0,0.0,0.0,0.0,10,34.0,849.0,10,63.0,73.0,0.0,0.0,0.0,0.0,79
2023-05-10 21:03:22,CF311P13600,CF311P13600,63.0,0.0,0.0,0.0,10,34.0,846.0,1,63.0,73.0,0.0,0.0,0.0,0.0,79
2023-05-10 21:03:23,CF311P13600,CF311P13600,63.0,0.0,0.0,0.0,10,34.0,845.0,10,63.0,73.0,0.0,0.0,0.0,0.0,79
2023-05-10 21:03:26,CF311P13600,CF311P13600,63.0,0.0,0.0,0.0,10,34.0,842.0,1,63.0,73.0,0.0,0.0,0.0,0.0,79
2023-05-10 21:03:27,CF311P13600,CF311P13600,63.0,0.0,0.0,0.0,10,34.0,841.0,10,63.0,73.0,0.0,0.0,0.0,0.0,79
2023-05-10 21:03:31,CF311P13600,CF311P13600,63.0,0.0,0.0,0.0,10,34.0,838.0,1,63.0,73.0,0.0,0.0,0.0,0.0,79
2023-05-10 21:03:32,CF311P13600,CF311P13600,63.0,0.0,0.0,0.0,10,34.0,837.0,10,63.0,73.0,0.0,0.0,0.0,0.0,79
2023-05-10 21:03:32,CF311P13600,CF311P13600,63.0,0.0,0.0,0.0,10,34.0,834.0,1,63.0,73.0,0.0,0.0,0.0,0.0,79
2023-05-10 21:03:33,CF311P13600,CF311P13600,63.0,0.0,0.0,0.0,10,34.0,833.0,10,63.0,73.0,0.0,0.0,0.0,0.0,79
2023-05-10 21:03:33,CF311P13600,CF311P13600,63.0,0.0,0.0,0.0,10,34.0,830.0,1,63.0,73.0,0.0,0.0,0.0,0.0,79
2023-05-10 21:03:34,CF311P13600,CF311P13600,63.0,0.0,0.0,0.0,10,34.0,829.0,10,63.0,73.0,0.0,0.0,0.0,0.0,79
2023-05-10 21:03:37,CF311P13600,CF311P13600,63.0,0.0,0.0,0.0,10,34.0,826.0,1,63.0,73.0,0.0,0.0,0.0,0.0,79
2023-05-10 21:03:38,CF311P13600,CF311P13600,63.0,0.0,0.0,0.0,10,34.0,825.0,10,63.0,73.0,0.0,0.0,0.0,0.0,79
2023-05-10 21:03:38,CF311P13600,CF311P13600,63.0,0.0,0.0,0.0,10,34.0,822.0,1,63.0,73.0,0.0,0.0,0.0,0.0,79
2023-05-10 21:03:39,CF311P13600,CF311P13600,63.0,0.0,0.0,0.0,10,34.0,821.0,10,63.0,73.0,0.0,0.0,0.0,0.0,79
2023-05-10 21:03:40,CF311P13600,CF311P13600,63.0,0.0,0.0,0.0,10,34.0,818.0,1,63.0,73.0,0.0,0.0,0.0,0.0,79
2023-05-10 21:03:41,CF311P13600,CF311P13600,63.0,0.0,0.0,0.0,10,34.0,817.0,10,63.0,73.0,0.0,0.0,0.0,0.0,79
2023-05-10 21:03:41,CF311P13600,CF311P13600,63.0,0.0,0.0,0.0,10,34.0,814.0,1,63.0,73.0,0.0,0.0,0.0,0.0,79
2023-05-10 21:03:42,CF311P13600,CF311P13600,63.0,0.0,0.0,0.0,10,34.0,813.0,10,63.0,73.0,0.0,0.0,0.0,0.0,79
2023-05-10 21:03:45,CF311P13600,CF311P13600,63.0,0.0,0.0,0.0,10,34.0,810.0,1,63.0,73.0,0.0,0.0,0.0,0.0,79
2023-05-10 21:03:46,CF311P13600,CF311P13600,63.0,0.0,0.0,0.0,10,34.0,809.0,10,63.0,73.0,0.0,0.0,0.0,0.0,79
2023-05-10 21:03:49,CF311P13600,CF311P13600,63.0,0.0,0.0,0.0,10,34.0,806.0,1,63.0,73.0,0.0,0.0,0.0,0.0,79
2023-05-10 21:03:50,CF311P13600,CF311P13600,63.0,0.0,0.0,0.0,10,34.0,805.0,10,63.0,73.0,0.0,0.0,0.0,0.0,79
2023-05-10 21:03:52,CF311P13600,CF311P13600,63.0,0.0,0.0,0.0,10,34.0,802.0,1,63.0,73.0,0.0,0.0,0.0,0.0,79
2023-05-10 21:03:53,CF311P13600,CF311P13600,63.0,0.0,0.0,0.0,10,34.0,801.0,10,63.0,73.0,0.0,0.0,0.0,0.0,79
2023-05-10 21:03:54,CF311P13600,CF311P13600,63.0,0.0,0.0,0.0,10,34.0,798.0,1,63.0,73.0,0.0,0.0,0.0,0.0,79
2023-05-10 21:03:55,CF311P13600,CF311P13600,63.0,0.0,0.0,0.0,10,34.0,797.0,10,63.0,73.0,0.0,0.0,0.0,0.0,79
2023-05-10 21:03:55,CF311P13600,CF311P13600,63.0,0.0,0.0,0.0,10,34.0,794.0,1,63.0,73.0,0.0,0.0,0.0,0.0,79
2023-05-10 21:03:56,CF311P13600,CF311P13600,63.0,0.0,0.0,0.0,10,34.0,793.0,10,63.0,73.0,0.0,0.0,0.0,0.0,79
2023-05-10 21:03:59,CF311P13600,CF311P13600,63.0,0.0,0.0,0.0,10,34.0,790.0,1,63.0,73.0,0.0,0.0,0.0,0.0,79
2023-05-10 21:04:00,CF311P13600,CF311P13600,63.0,0.0,0.0,0.0,10,34.0,789.0,10,63.0,73.0,0.0,0.0,0.0,0.0,79
2023-05-10 21:04:02,CF311P13600,CF311P13600,63.0,0.0,0.0,0.0,10,34.0,786.0,1,63.0,73.0,0.0,0.0,0.0,0.0,79
2023-05-10 21:04:03,CF311P13600,CF311P13600,63.0,0.0,0.0,0.0,10,34.0,785.0,10,63.0,73.0,0.0,0.0,0.0,0.0,79
2023-05-10 21:04:03,CF311P13600,CF311P13600,63.0,0.0,0.0,0.0,10,34.0,782.0,1,63.0,73.0,0.0,0.0,0.0,0.0,79
2023-05-10 21:04:04,CF311P13600,CF311P13600,63.0,0.0,0.0,0.0,10,34.0,781.0,10,63.0,73.0,0.0,0.0,0.0,0.0,79
2023-05-10 21:04:04,CF311P13600,CF311P13600,63.0,0.0,0.0,0.0,10,34.0,778.0,1,63.0,73.0,0.0,0.0,0.0,0.0,79
2023-05-10 21:04:05,CF311P13600,CF311P13600,63.0,0.0,0.0,0.0,10,34.0,777.0,10,63.0,73.0,0.0,0.0,0.0,0.0,79
2023-05-10 21:04:05,CF311P13600,CF311P13600,63.0,0.0,0.0,0.0,10,34.0,774.0,1,63.0,73.0,0.0,0.0,0.0,0.0,79
2023-05-10 21:04:06,CF311P13600,CF311P13600,63.0,0.0,0.0,0.0,10,34.0,773.0,10,63.0,73.0,0.0,0.0,0.0,0.0,79
2023-05-10 21:04:06,CF311P13600,CF311P13600,63.0,0.0,0.0,0.0,10,34.0,770.0,1,63.0,73.0,0.0,0.0,0.0,0.0,79
2023-05-10 21:04:07,CF311P13600,CF311P13600,63.0,0.0,0.0,0.0,10,34.0,769.0,10,63.0,73.0,0.0,0.0,0.0,0.0,79
2023-05-10 21:04:07,CF311P13600,CF311P13600,63.0,0.0,0.0,0.0,10,34.0,766.0,1,63.0,73.0,0.0,0.0,0.0,0.0,79
2023-05-10 21:04:08,CF311P13600,CF311P13600,63.0,0.0,0.0,0.0,10,34.0,765.0,10,63.0,73.0,0.0,0.0,0.0,0.0,79
2023-05-10 21:04:09,CF311P13600,CF311P13600,63.0,0.0,0.0,0.0,10,34.0,762.0,1,63.0,73.0,0.0,0.0,0.0,0.0,79
2023-05-10 21:04:10,CF311P13600,CF311P13600,63.0,0.0,0.0,0.0,10,34.0,761.0,10,63.0,73.0,0.0,0.0,0.0,0.0,79
2023-05-10 21:04:11,CF311P13600,CF311P13600,63.0,0.0,0.0,0.0,10,34.0,758.0,1,63.0,73.0,0.0,0.0,0.0,0.0,79
2023-05-10 21:04:12,CF311P13600,CF311P13600,63.0,0.0,0.0,0.0,10,34.0,757.0,10,63.0,73.0,0.0,0.0,0.0,0.0,79
2023-05-10 21:04:14,CF311P13600,CF311P13600,63.0,0.0,0.0,0.0,10,34.0,754.0,1,63.0,73.0,0.0,0.0,0.0,0.0,79
2023-05-10 21:04:15,CF311P13600,CF311P13600,63.0,0.0,0.0,0.0,10,34.0,753.0,10,63.0,73.0,0.0,0.0,0.0,0.0,79
2023-05-10 21:04:15,CF311P13600,CF311P13600,63.0,0.0,0.0,0.0,10,34.0,750.0,1,63.0,73.0,0.0,0.0,0.0,0.0,79
2023-05-10 21:04:16,CF311P13600,CF311P13600,63.0,0.0,0.0,0.0,10,34.0,749.0,10,63.0,73.0,0.0,0.0,0.0,0.0,79
2023-05-10 21:04:18,CF311P13600,CF311P13600,63.0,0.0,0.0,0.0,10,34.0,746.0,1,63.0,73.0,0.0,0.0,0.0,0.0,79
2023-05-10 21:04:19,CF311P13600,CF311P13600,63.0,0.0,0.0,0.0,10,34.0,745.0,10,63.0,73.0,0.0,0.0,0.0,0.0,79
2023-05-10 21:04:21,CF311P13600,CF311P13600,63.0,0.0,0.0,0.0,10,34.0,742.0,1,63.0,73.0,0.0,0.0,0.0,0.0,79
2023-05-10 21:04:22,CF311P13600,CF311P13600,63.0,0.0,0.0,0.0,10,34.0,741.0,10,63.0,73.0,0.0,0.0,0.0,0.0,79
2023-05-10 21:04:22,CF311P13600,CF311P13600,63.0,0.0,0.0,0.0,10,34.0,738.0,1,63.0,73.0,0.0,0.0,0.0,0.0,79
2023-05-10 21:04:23,CF311P13600,CF311P13600,63.0,0.0,0.0,0.0,10,34.0,737.0,10,63.0,73.0,0.0,0.0,0.0,0.0,79
2023-05-10 21:04:27,CF311P13600,CF311P13600,63.0,0.0,0.0,0.0,10,34.0,734.0,1,63.0,73.0,0.0,0.0,0.0,0.0,79
2023-05-10 21:04:28,CF311P13600,CF311P13600,63.0,0.0,0.0,0.0,10,34.0,733.0,10,63.0,73.0,0.0,0.0,0.0,0.0,79
2023-05-10 21:04:30,CF311P13600,CF311P13600,63.0,0.0,0.0,0.0,10,34.0,730.0,1,63.0,73.0,0.0,0.0,0.0,0.0,79
2023-05-10 21:04:31,CF311P13600,CF311P13600,63.0,0.0,0.0,0.0,10,34.0,729.0,10,63.0,73.0,0.0,0.0,0.0,0.0,79
2023-05-10 21:04:31,CF311P13600,CF311P13600,63.0,0.0,0.0,0.0,10,34.0,726.0,1,63.0,73.0,0.0,0.0,0.0,0.0,79
2023-05-10 21:04:32,CF311P13600,CF311P13600,63.0,0.0,0.0,0.0,10,34.0,725.0,10,63.0,73.0,0.0,0.0,0.0,0.0,79
2023-05-10 21:04:34,CF311P13600,CF311P13600,63.0,0.0,0.0,0.0,10,34.0,722.0,1,63.0,73.0,0.0,0.0,0.0,0.0,79
2023-05-10 21:04:35,CF311P13600,CF311P13600,63.0,0.0,0.0,0.0,10,34.0,721.0,10,63.0,73.0,0.0,0.0,0.0,0.0,79
2023-05-10 21:04:35,CF311P13600,CF311P13600,63.0,0.0,0.0,0.0,10,34.0,718.0,1,63.0,73.0,0.0,0.0,0.0,0.0,79
2023-05-10 21:04:36,CF311P13600,CF311P13600,63.0,0.0,0.0,0.0,10,34.0,717.0,10,63.0,73.0,0.0,0.0,0.0,0.0,79
2023-05-10 21:04:37,CF311P13600,CF311P13600,63.0,0.0,0.0,0.0,10,34.0,714.0,1,63.0,73.0,0.0,0.0,0.0,0.0,79
2023-05-10 21:04:38,CF311P13600,CF311P13600,63.0,0.0,0.0,0.0,10,34.0,713.0,10,63.0,73.0,0.0,0.0,0.0,0.0,79
2023-05-10 21:04:38,CF311P13600,CF311P13600,63.0,0.0,0.0,0.0,10,34.0,710.0,1,63.0,73.0,0.0,0.0,0.0,0.0,79
2023-05-10 21:04:39,CF311P13600,CF311P13600,63.0,0.0,0.0,0.0,10,34.0,709.0,10,63.0,73.0,0.0,0.0,0.0,0.0,79
2023-05-10 21:04:41,CF311P13600,CF311P13600,63.0,0.0,0.0,0.0,10,34.0,706.0,1,63.0,73.0,0.0,0.0,0.0,0.0,79
2023-05-10 21:04:42,CF311P13600,CF311P13600,63.0,0.0,0.0,0.0,10,34.0,705.0,10,63.0,73.0,0.0,0.0,0.0,0.0,79
2023-05-10 21:04:46,CF311P13600,CF311P13600,63.0,0.0,0.0,0.0,10,34.0,702.0,1,63.0,73.0,0.0,0.0,0.0,0.0,79
2023-05-10 21:04:46,CF311P13600,CF311P13600,63.0,0.0,0.0,0.0,10,34.0,701.0,10,63.0,73.0,0.0,0.0,0.0,0.0,79
2023-05-10 21:04:49,CF311P13600,CF311P13600,63.0,0.0,0.0,0.0,10,34.0,698.0,1,63.0,73.0,0.0,0.0,0.0,0.0,79
2023-05-10 21:04:49,CF311P13600,CF311P13600,63.0,0.0,0.0,0.0,10,34.0,697.0,10,63.0,73.0,0.0,0.0,0.0,0.0,79
2023-05-10 21:04:50,CF311P13600,CF311P13600,63.0,0.0,0.0,0.0,10,34.0,694.0,1,63.0,73.0,0.0,0.0,0.0,0.0,79
2023-05-10 21:04:50,CF311P13600,CF311P13600,63.0,0.0,0.0,0.0,10,34.0,693.0,10,63.0,73.0,0.0,0.0,0.0,0.0,79
2023-05-10 21:04:51,CF311P13600,CF311P13600,63.0,0.0,0.0,0.0,10,34.0,690.0,1,63.0,73.0,0.0,0.0,0.0,0.0,79
2023-05-10 21:04:51,CF311P13600,CF311P13600,63.0,0.0,0.0,0.0,10,34.0,689.0,10,63.0,73.0,0.0,0.0,0.0,0.0,79
2023-05-10 21:04:52,CF311P13600,CF311P13600,63.0,0.0,0.0,0.0,10,34.0,686.0,1,63.0,73.0,0.0,0.0,0.0,0.0,79
2023-05-10 21:04:52,CF311P13600,CF311P13600,63.0,0.0,0.0,0.0,10,34.0,685.0,10,63.0,73.0,0.0,0.0,0.0,0.0,79
2023-05-10 21:04:53,CF311P13600,CF311P13600,63.0,0.0,0.0,0.0,10,34.0,682.0,1,63.0,73.0,0.0,0.0,0.0,0.0,79
2023-05-10 21:04:53,CF311P13600,CF311P13600,63.0,0.0,0.0,0.0,10,34.0,681.0,10,63.0,73.0,0.0,0.0,0.0,0.0,79
2023-05-10 21:04:55,CF311P13600,CF311P13600,63.0,0.0,0.0,0.0,10,34.0,678.0,1,63.0,73.0,0.0,0.0,0.0,0.0,79
2023-05-10 21:04:55,CF311P13600,CF311P13600,63.0,0.0,0.0,0.0,10,34.0,677.0,10,63.0,73.0,0.0,0.0,0.0,0.0,79
2023-05-10 21:04:56,CF311P13600,CF311P13600,63.0,0.0,0.0,0.0,10,34.0,674.0,1,63.0,73.0,0.0,0.0,0.0,0.0,79
2023-05-10 21:04:56,CF311P13600,CF311P13600,63.0,0.0,0.0,0.0,10,34.0,673.0,10,63.0,73.0,0.0,0.0,0.0,0.0,79
2023-05-10 21:04:57,CF311P13600,CF311P13600,63.0,0.0,0.0,0.0,10,34.0,670.0,1,63.0,73.0,0.0,0.0,0.0,0.0,79
2023-05-10 21:04:57,CF311P13600,CF311P13600,63.0,0.0,0.0,0.0,10,34.0,669.0,10,63.0,73.0,0.0,0.0,0.0,0.0,79
2023-05-10 21:04:58,CF311P13600,CF311P13600,63.0,0.0,0.0,0.0,10,34.0,666.0,1,63.0,73.0,0.0,0.0,0.0,0.0,79
2023-05-10 21:04:58,CF311P13600,CF311P13600,63.0,0.0,0.0,0.0,10,34.0,665.0,10,63.0,73.0,0.0,0.0,0.0,0.0,79
2023-05-10 21:04:59,CF311P13600,CF311P13600,63.0,0.0,0.0,0.0,10,34.0,662.0,1,63.0,73.0,0.0,0.0,0.0,0.0,79
2023-05-10 21:04:59,CF311P13600,CF311P13600,63.0,0.0,0.0,0.0,10,34.0,661.0,10,63.0,73.0,0.0,0.0,0.0,0.0,79
2023-05-10 21:05:00,CF311P13600,CF311P13600,63.0,0.0,0.0,0.0,10,34.0,658.0,1,63.0,73.0,0.0,0.0,0.0,0.0,79
2023-05-10 21:05:00,CF311P13600,CF311P13600,63.0,0.0,0.0,0.0,10,34.0,657.0,10,63.0,73.0,0.0,0.0,0.0,0.0,79
2023-05-10 21:05:01,CF311P13600,CF311P13600,63.0,0.0,0.0,0.0,10,34.0,654.0,1,63.0,73.0,0.0,0.0,0.0,0.0,79
2023-05-10 21:05:01,CF311P13600,CF311P13600,63.0,0.0,0.0,0.0,10,34.0,653.0,10,63.0,73.0,0.0,0.0,0.0,0.0,79
2023-05-10 21:05:03,CF311P13600,CF311P13600,63.0,0.0,0.0,0.0,10,34.0,650.0,1,63.0,73.0,0.0,0.0,0.0,0.0,79
2023-05-10 21:05:03,CF311P13600,CF311P13600,63.0,0.0,0.0,0.0,10,34.0,649.0,10,63.0,73.0,0.0,0.0,0.0,0.0,79
2023-05-10 21:05:05,CF311P13600,CF311P13600,63.0,0.0,0.0,0.0,10,34.0,646.0,1,63.0,73.0,0.0,0.0,0.0,0.0,79
2023-05-10 21:05:05,CF311P13600,CF311P13600,63.0,0.0,0.0,0.0,10,34.0,645.0,10,63.0,73.0,0.0,0.0,0.0,0.0,79
2023-05-10 21:05:06,CF311P13600,CF311P13600,63.0,0.0,0.0,0.0,10,34.0,642.0,1,63.0,73.0,0.0,0.0,0.0,0.0,79
2023-05-10 21:05:06,CF311P13600,CF311P13600,63.0,0.0,0.0,0.0,10,34.0,641.0,10,63.0,73.0,0.0,0.0,0.0,0.0,79
2023-05-10 21:05:08,CF311P13600,CF311P13600,63.0,0.0,0.0,0.0,10,34.0,638.0,1,63.0,73.0,0.0,0.0,0.0,0.0,79
2023-05-10 21:05:08,CF311P13600,CF311P13600,63.0,0.0,0.0,0.0,10,34.0,637.0,10,63.0,73.0,0.0,0.0,0.0,0.0,79
2023-05-10 21:05:09,CF311P13600,CF311P13600,63.0,0.0,0.0,0.0,10,34.0,634.0,1,63.0,73.0,0.0,0.0,0.0,0.0,79
2023-05-10 21:05:09,CF311P13600,CF311P13600,63.0,0.0,0.0,0.0,10,34.0,633.0,10,63.0,73.0,0.0,0.0,0.0,0.0,79
2023-05-10 21:05:11,CF311P13600,CF311P13600,63.0,0.0,0.0,0.0,10,34.0,630.0,1,63.0,73.0,0.0,0.0,0.0,0.0,79
2023-05-10 21:05:11,CF311P13600,CF311P13600,63.0,0.0,0.0,0.0,10,34.0,629.0,10,63.0,73.0,0.0,0.0,0.0,0.0,79
2023-05-10 21:05:12,CF311P13600,CF311P13600,63.0,0.0,0.0,0.0,10,34.0,626.0,1,63.0,73.0,0.0,0.0,0.0,0.0,79
2023-05-10 21:05:12,CF311P13600,CF311P13600,63.0,0.0,0.0,0.0,10,34.0,625.0,10,63.0,73.0,0.0,0.0,0.0,0.0,79
2023-05-10 21:05:13,CF311P13600,CF311P13600,63.0,0.0,0.0,0.0,10,34.0,622.0,1,63.0,73.0,0.0,0.0,0.0,0.0,79
2023-05-10 21:05:13,CF311P13600,CF311P13600,63.0,0.0,0.0,0.0,10,34.0,621.0,10,63.0,73.0,0.0,0.0,0.0,0.0,79
2023-05-10 21:05:15,CF311P13600,CF311P13600,63.0,0.0,0.0,0.0,10,34.0,618.0,1,63.0,73.0,0.0,0.0,0.0,0.0,79
2023-05-10 21:05:15,CF311P13600,CF311P13600,63.0,0.0,0.0,0.0,10,34.0,617.0,10,63.0,73.0,0.0,0.0,0.0,0.0,79
2023-05-10 21:05:16,CF311P13600,CF311P13600,63.0,0.0,0.0,0.0,10,34.0,614.0,1,63.0,73.0,0.0,0.0,0.0,0.0,79
2023-05-10 21:05:16,CF311P13600,CF311P13600,63.0,0.0,0.0,0.0,10,34.0,613.0,10,63.0,73.0,0.0,0.0,0.0,0.0,79
2023-05-10 21:05:17,CF311P13600,CF311P13600,63.0,0.0,0.0,0.0,10,34.0,610.0,1,63.0,73.0,0.0,0.0,0.0,0.0,79
2023-05-10 21:05:17,CF311P13600,CF311P13600,63.0,0.0,0.0,0.0,10,34.0,609.0,10,63.0,73.0,0.0,0.0,0.0,0.0,79
2023-05-10 21:05:18,CF311P13600,CF311P13600,63.0,0.0,0.0,0.0,10,34.0,606.0,1,63.0,73.0,0.0,0.0,0.0,0.0,79
2023-05-10 21:05:18,CF311P13600,CF311P13600,63.0,0.0,0.0,0.0,10,34.0,605.0,10,63.0,73.0,0.0,0.0,0.0,0.0,79
2023-05-10 21:05:19,CF311P13600,CF311P13600,63.0,0.0,0.0,0.0,10,34.0,602.0,1,63.0,73.0,0.0,0.0,0.0,0.0,79
2023-05-10 21:05:19,CF311P13600,CF311P13600,63.0,0.0,0.0,0.0,10,34.0,601.0,10,63.0,73.0,0.0,0.0,0.0,0.0,79
2023-05-10 21:05:20,CF311P13600,CF311P13600,63.0,0.0,0.0,0.0,10,34.0,598.0,1,63.0,73.0,0.0,0.0,0.0,0.0,79
2023-05-10 21:05:20,CF311P13600,CF311P13600,63.0,0.0,0.0,0.0,10,34.0,597.0,10,63.0,73.0,0.0,0.0,0.0,0.0,79
2023-05-10 21:05:21,CF311P13600,CF311P13600,63.0,0.0,0.0,0.0,10,34.0,594.0,1,63.0,73.0,0.0,0.0,0.0,0.0,79
2023-05-10 21:05:21,CF311P13600,CF311P13600,63.0,0.0,0.0,0.0,10,34.0,593.0,10,63.0,73.0,0.0,0.0,0.0,0.0,79
2023-05-10 21:05:22,CF311P13600,CF311P13600,63.0,0.0,0.0,0.0,10,34.0,590.0,1,63.0,73.0,0.0,0.0,0.0,0.0,79
2023-05-10 21:05:22,CF311P13600,CF311P13600,63.0,0.0,0.0,0.0,10,34.0,589.0,10,63.0,73.0,0.0,0.0,0.0,0.0,79
2023-05-10 21:05:23,CF311P13600,CF311P13600,63.0,0.0,0.0,0.0,10,34.0,586.0,1,63.0,73.0,0.0,0.0,0.0,0.0,79
2023-05-10 21:05:23,CF311P13600,CF311P13600,63.0,0.0,0.0,0.0,10,34.0,585.0,10,63.0,73.0,0.0,0.0,0.0,0.0,79
2023-05-10 21:05:24,CF311P13600,CF311P13600,63.0,0.0,0.0,0.0,10,34.0,582.0,1,63.0,73.0,0.0,0.0,0.0,0.0,79
2023-05-10 21:05:24,CF311P13600,CF311P13600,63.0,0.0,0.0,0.0,10,34.0,581.0,10,63.0,73.0,0.0,0.0,0.0,0.0,79
2023-05-10 21:05:25,CF311P13600,CF311P13600,63.0,0.0,0.0,0.0,10,34.0,578.0,1,63.0,73.0,0.0,0.0,0.0,0.0,79
2023-05-10 21:05:25,CF311P13600,CF311P13600,63.0,0.0,0.0,0.0,10,34.0,577.0,10,63.0,73.0,0.0,0.0,0.0,0.0,79
2023-05-10 21:05:26,CF311P13600,CF311P13600,63.0,0.0,0.0,0.0,10,34.0,574.0,1,63.0,73.0,0.0,0.0,0.0,0.0,79
2023-05-10 21:05:26,CF311P13600,CF311P13600,63.0,0.0,0.0,0.0,10,34.0,573.0,10,63.0,73.0,0.0,0.0,0.0,0.0,79
2023-05-10 21:05:27,CF311P13600,CF311P13600,63.0,0.0,0.0,0.0,10,34.0,570.0,1,63.0,73.0,0.0,0.0,0.0,0.0,79
2023-05-10 21:05:27,CF311P13600,CF311P13600,63.0,0.0,0.0,0.0,10,34.0,569.0,10,63.0,73.0,0.0,0.0,0.0,0.0,79
2023-05-10 21:05:28,CF311P13600,CF311P13600,63.0,0.0,0.0,0.0,10,34.0,566.0,1,63.0,73.0,0.0,0.0,0.0,0.0,79
2023-05-10 21:05:28,CF311P13600,CF311P13600,63.0,0.0,0.0,0.0,10,34.0,565.0,10,63.0,73.0,0.0,0.0,0.0,0.0,79
2023-05-10 21:05:29,CF311P13600,CF311P13600,63.0,0.0,0.0,0.0,10,34.0,562.0,1,63.0,73.0,0.0,0.0,0.0,0.0,79
2023-05-10 21:05:29,CF311P13600,CF311P13600,63.0,0.0,0.0,0.0,10,34.0,561.0,10,63.0,73.0,0.0,0.0,0.0,0.0,79
2023-05-10 21:05:30,CF311P13600,CF311P13600,63.0,0.0,0.0,0.0,10,34.0,558.0,1,63.0,73.0,0.0,0.0,0.0,0.0,79
2023-05-10 21:05:30,CF311P13600,CF311P13600,63.0,0.0,0.0,0.0,10,34.0,557.0,10,63.0,73.0,0.0,0.0,0.0,0.0,79
2023-05-10 21:05:31,CF311P13600,CF311P13600,63.0,0.0,0.0,0.0,10,34.0,554.0,1,63.0,73.0,0.0,0.0,0.0,0.0,79
2023-05-10 21:05:31,CF311P13600,CF311P13600,63.0,0.0,0.0,0.0,10,34.0,553.0,10,63.0,73.0,0.0,0.0,0.0,0.0,79
2023-05-10 21:05:32,CF311P13600,CF311P13600,63.0,0.0,0.0,0.0,10,34.0,550.0,1,63.0,73.0,0.0,0.0,0.0,0.0,79
2023-05-10 21:05:32,CF311P13600,CF311P13600,63.0,0.0,0.0,0.0,10,34.0,549.0,10,63.0,73.0,0.0,0.0,0.0,0.0,79
2023-05-10 21:05:33,CF311P13600,CF311P13600,63.0,0.0,0.0,0.0,10,34.0,546.0,1,63.0,73.0,0.0,0.0,0.0,0.0,79
2023-05-10 21:05:33,CF311P13600,CF311P13600,63.0,0.0,0.0,0.0,10,34.0,545.0,10,63.0,73.0,0.0,0.0,0.0,0.0,79
2023-05-10 21:05:34,CF311P13600,CF311P13600,63.0,0.0,0.0,0.0,10,34.0,542.0,1,63.0,73.0,0.0,0.0,0.0,0.0,79
2023-05-10 21:05:34,CF311P13600,CF311P13600,63.0,0.0,0.0,0.0,10,34.0,541.0,10,63.0,73.0,0.0,0.0,0.0,0.0,79
2023-05-10 21:05:35,CF311P13600,CF311P13600,63.0,0.0,0.0,0.0,10,34.0,538.0,1,63.0,73.0,0.0,0.0,0.0,0.0,79
2023-05-10 21:05:35,CF311P13600,CF311P13600,63.0,0.0,0.0,0.0,10,34.0,537.0,10,63.0,73.0,0.0,0.0,0.0,0.0,79
2023-05-10 21:05:36,CF311P13600,CF311P13600,63.0,0.0,0.0,0.0,10,34.0,534.0,1,63.0,73.0,0.0,0.0,0.0,0.0,79
2023-05-10 21:05:36,CF311P13600,CF311P13600,63.0,0.0,0.0,0.0,10,34.0,533.0,10,63.0,73.0,0.0,0.0,0.0,0.0,79
2023-05-10 21:05:37,CF311P13600,CF311P13600,63.0,0.0,0.0,0.0,10,34.0,530.0,1,63.0,73.0,0.0,0.0,0.0,0.0,79
2023-05-10 21:05:37,CF311P13600,CF311P13600,63.0,0.0,0.0,0.0,10,34.0,529.0,10,63.0,73.0,0.0,0.0,0.0,0.0,79
2023-05-10 21:05:38,CF311P13600,CF311P13600,63.0,0.0,0.0,0.0,10,34.0,526.0,1,63.0,73.0,0.0,0.0,0.0,0.0,79
2023-05-10 21:05:38,CF311P13600,CF311P13600,63.0,0.0,0.0,0.0,10,34.0,525.0,10,63.0,73.0,0.0,0.0,0.0,0.0,79
2023-05-10 21:05:39,CF311P13600,CF311P13600,63.0,0.0,0.0,0.0,10,34.0,522.0,1,63.0,73.0,0.0,0.0,0.0,0.0,79
2023-05-10 21:05:39,CF311P13600,CF311P13600,63.0,0.0,0.0,0.0,10,34.0,521.0,10,63.0,73.0,0.0,0.0,0.0,0.0,79
2023-05-10 21:05:40,CF311P13600,CF311P13600,63.0,0.0,0.0,0.0,10,34.0,518.0,1,63.0,73.0,0.0,0.0,0.0,0.0,79
2023-05-10 21:05:40,CF311P13600,CF311P13600,63.0,0.0,0.0,0.0,10,34.0,517.0,10,63.0,73.0,0.0,0.0,0.0,0.0,79
2023-05-10 21:05:41,CF311P13600,CF311P13600,63.0,0.0,0.0,0.0,10,34.0,514.0,1,63.0,73.0,0.0,0.0,0.0,0.0,79
2023-05-10 21:05:41,CF311P13600,CF311P13600,63.0,0.0,0.0,0.0,10,34.0,513.0,10,63.0,73.0,0.0,0.0,0.0,0.0,79
2023-05-10 21:05:42,CF311P13600,CF311P13600,63.0,0.0,0.0,0.0,10,34.0,510.0,1,63.0,73.0,0.0,0.0,0.0,0.0,79
2023-05-10 21:05:42,CF311P13600,CF311P13600,63.0,0.0,0.0,0.0,10,34.0,509.0,10,63.0,73.0,0.0,0.0,0.0,0.0,79
2023-05-10 21:05:43,CF311P13600,CF311P13600,63.0,0.0,0.0,0.0,10,34.0,506.0,1,63.0,73.0,0.0,0.0,0.0,0.0,79
2023-05-10 21:05:43,CF311P13600,CF311P13600,63.0,0.0,0.0,0.0,10,34.0,505.0,10,63.0,73.0,0.0,0.0,0.0,0.0,79
2023-05-10 21:05:44,CF311P13600,CF311P13600,63.0,0.0,0.0,0.0,10,34.0,502.0,1,63.0,73.0,0.0,0.0,0.0,0.0,79
2023-05-10 21:05:44,CF311P13600,CF311P13600,63.0,0.0,0.0,0.0,10,34.0,501.0,10,63.0,73.0,0.0,0.0,0.0,0.0,79
2023-05-10 21:05:45,CF311P13600,CF311P13600,63.0,0.0,0.0,0.0,10,34.0,498.0,1,63.0,73.0,0.0,0.0,0.0,0.0,79
2023-05-10 21:05:45,CF311P13600,CF311P13600,63.0,0.0,0.0,0.0,10,34.0,497.0,10,63.0,73.0,0.0,0.0,0.0,0.0,79
2023-05-10 21:05:46,CF311P13600,CF311P13600,63.0,0.0,0.0,0.0,10,34.0,494.0,1,63.0,73.0,0.0,0.0,0.0,0.0,79
2023-05-10 21:05:46,CF311P13600,CF311P13600,63.0,0.0,0.0,0.0,10,34.0,493.0,10,63.0,73.0,0.0,0.0,0.0,0.0,79
2023-05-10 21:05:47,CF311P13600,CF311P13600,63.0,0.0,0.0,0.0,10,34.0,490.0,1,63.0,73.0,0.0,0.0,0.0,0.0,79
2023-05-10 21:05:47,CF311P13600,CF311P13600,63.0,0.0,0.0,0.0,10,34.0,489.0,10,63.0,73.0,0.0,0.0,0.0,0.0,79
2023-05-10 21:05:48,CF311P13600,CF311P13600,63.0,0.0,0.0,0.0,10,34.0,486.0,1,63.0,73.0,0.0,0.0,0.0,0.0,79
2023-05-10 21:05:48,CF311P13600,CF311P13600,63.0,0.0,0.0,0.0,10,34.0,485.0,10,63.0,73.0,0.0,0.0,0.0,0.0,79
2023-05-10 21:05:49,CF311P13600,CF311P13600,63.0,0.0,0.0,0.0,10,34.0,482.0,1,63.0,73.0,0.0,0.0,0.0,0.0,79
2023-05-10 21:05:49,CF311P13600,CF311P13600,63.0,0.0,0.0,0.0,10,34.0,481.0,10,63.0,73.0,0.0,0.0,0.0,0.0,79
2023-05-10 21:05:50,CF311P13600,CF311P13600,63.0,0.0,0.0,0.0,10,34.0,478.0,1,63.0,73.0,0.0,0.0,0.0,0.0,79
2023-05-10 21:05:50,CF311P13600,CF311P13600,63.0,0.0,0.0,0.0,10,34.0,477.0,10,63.0,73.0,0.0,0.0,0.0,0.0,79
2023-05-10 21:05:51,CF311P13600,CF311P13600,63.0,0.0,0.0,0.0,10,34.0,474.0,1,63.0,73.0,0.0,0.0,0.0,0.0,79
2023-05-10 21:05:51,CF311P13600,CF311P13600,63.0,0.0,0.0,0.0,10,34.0,473.0,10,63.0,73.0,0.0,0.0,0.0,0.0,79
2023-05-10 21:05:52,CF311P13600,CF311P13600,63.0,0.0,0.0,0.0,10,34.0,470.0,1,63.0,73.0,0.0,0.0,0.0,0.0,79
2023-05-10 21:05:52,CF311P13600,CF311P13600,63.0,0.0,0.0,0.0,10,34.0,469.0,10,63.0,73.0,0.0,0.0,0.0,0.0,79
2023-05-10 21:05:53,CF311P13600,CF311P13600,63.0,0.0,0.0,0.0,10,34.0,466.0,1,63.0,73.0,0.0,0.0,0.0,0.0,79
2023-05-10 21:05:53,CF311P13600,CF311P13600,63.0,0.0,0.0,0.0,10,34.0,465.0,10,63.0,73.0,0.0,0.0,0.0,0.0,79
2023-05-10 21:05:54,CF311P13600,CF311P13600,63.0,0.0,0.0,0.0,10,34.0,462.0,1,63.0,73.0,0.0,0.0,0.0,0.0,79
2023-05-10 21:05:54,CF311P13600,CF311P13600,63.0,0.0,0.0,0.0,10,34.0,461.0,10,63.0,73.0,0.0,0.0,0.0,0.0,79
2023-05-10 21:05:55,CF311P13600,CF311P13600,63.0,0.0,0.0,0.0,10,34.0,458.0,1,63.0,73.0,0.0,0.0,0.0,0.0,79
2023-05-10 21:05:55,CF311P13600,CF311P13600,63.0,0.0,0.0,0.0,10,34.0,457.0,10,63.0,73.0,0.0,0.0,0.0,0.0,79
2023-05-10 21:05:56,CF311P13600,CF311P13600,63.0,0.0,0.0,0.0,10,34.0,454.0,1,63.0,73.0,0.0,0.0,0.0,0.0,79
2023-05-10 21:05:56,CF311P13600,CF311P13600,63.0,0.0,0.0,0.0,10,34.0,453.0,10,63.0,73.0,0.0,0.0,0.0,0.0,79
2023-05-10 21:05:57,CF311P13600,CF311P13600,63.0,0.0,0.0,0.0,10,34.0,450.0,1,63.0,73.0,0.0,0.0,0.0,0.0,79
2023-05-10 21:05:57,CF311P13600,CF311P13600,63.0,0.0,0.0,0.0,10,34.0,449.0,10,63.0,73.0,0.0,0.0,0.0,0.0,79
2023-05-10 21:05:58,CF311P13600,CF311P13600,63.0,0.0,0.0,0.0,10,34.0,446.0,1,63.0,73.0,0.0,0.0,0.0,0.0,79
2023-05-10 21:05:58,CF311P13600,CF311P13600,63.0,0.0,0.0,0.0,10,34.0,445.0,10,63.0,73.0,0.0,0.0,0.0,0.0,79
2023-05-10 21:05:59,CF311P13600,CF311P13600,63.0,0.0,0.0,0.0,10,34.0,442.0,1,63.0,73.0,0.0,0.0,0.0,0.0,79
2023-05-10 21:05:59,CF311P13600,CF311P13600,63.0,0.0,0.0,0.0,10,34.0,441.0,10,63.0,73.0,0.0,0.0,0.0,0.0,79
2023-05-10 21:06:00,CF311P13600,CF311P13600,63.0,0.0,0.0,0.0,10,34.0,438.0,1,63.0,73.0,0.0,0.0,0.0,0.0,79
2023-05-10 21:06:00,CF311P13600,CF311P13600,63.0,0.0,0.0,0.0,10,34.0,437.0,10,63.0,73.0,0.0,0.0,0.0,0.0,79
2023-05-10 21:06:01,CF311P13600,CF311P13600,63.0,0.0,0.0,0.0,10,34.0,434.0,1,63.0,73.0,0.0,0.0,0.0,0.0,79
2023-05-10 21:06:01,CF311P13600,CF311P13600,63.0,0.0,0.0,0.0,10,34.0,433.0,10,63.0,73.0,0.0,0.0,0.0,0.0,79
2023-05-10 21:06:02,CF311P13600,CF311P13600,63.0,0.0,0.0,0.0,10,34.0,430.0,1,63.0,73.0,0.0,0.0,0.0,0.0,79
2023-05-10 21:06:02,CF311P13600,CF311P13600,63.0,0.0,0.0,0.0,10,34.0,429.0,10,63.0,73.0,0.0,0.0,0.0,0.0,79
2023-05-10 21:06:03,CF311P13600,CF311P13600,63.0,0.0,0.0,0.0,10,34.0,426.0,1,63.0,73.0,0.0,0.0,0.0,0.0,79
2023-05-10 21:06:03,CF311P13600,CF311P13600,63.0,0.0,0.0,0.0,10,34.0,425.0,10,63.0,73.0,0.0,0.0,0.0,0.0,79
2023-05-10 21:06:04,CF311P13600,CF311P13600,63.0,0.0,0.0,0.0,10,34.0,422.0,1,63.0,73.0,0.0,0.0,0.0,0.0,79
2023-05-10 21:06:04,CF311P13600,CF311P13600,63.0,0.0,0.0,0.0,10,34.0,421.0,10,63.0,73.0,0.0,0.0,0.0,0.0,79
2023-05-10 21:06:05,CF311P13600,CF311P13600,63.0,0.0,0.0,0.0,10,34.0,418.0,1,63.0,73.0,0.0,0.0,0.0,0.0,79
2023-05-10 21:06:05,CF311P13600,CF311P13600,63.0,0.0,0.0,0.0,10,34.0,417.0,10,63.0,73.0,0.0,0.0,0.0,0.0,79
2023-05-10 21:06:06,CF311P13600,CF311P13600,63.0,0.0,0.0,0.0,10,34.0,414.0,1,63.0,73.0,0.0,0.0,0.0,0.0,79
2023-05-10 21:06:06,CF311P13600,CF311P13600,63.0,0.0,0.0,0.0,10,34.0,413.0,10,63.0,73.0,0.0,0.0,0.0,0.0,79
2023-05-10 21:06:07,CF311P13600,CF311P13600,63.0,0.0,0.0,0.0,10,34.0,410.0,1,63.0,73.0,0.0,0.0,0.0,0.0,79
2023-05-10 21:06:07,CF311P13600,CF311P13600,63.0,0.0,0.0,0.0,10,34.0,409.0,10,63.0,73.0,0.0,0.0,0.0,0.0,79
2023-05-10 21:06:08,CF311P13600,CF311P13600,63.0,0.0,0.0,0.0,10,34.0,406.0,1,63.0,73.0,0.0,0.0,0.0,0.0,79
2023-05-10 21:06:08,CF311P13600,CF311P13600,63.0,0.0,0.0,0.0,10,34.0,405.0,10,63.0,73.0,0.0,0.0,0.0,0.0,79
2023-05-10 21:06:09,CF311P13600,CF311P13600,63.0,0.0,0.0,0.0,10,34.0,402.0,1,63.0,73.0,0.0,0.0,0.0,0.0,79
2023-05-10 21:06:09,CF311P13600,CF311P13600,63.0,0.0,0.0,0.0,10,34.0,401.0,10,63.0,73.0,0.0,0.0,0.0,0.0,79
2023-05-10 21:06:10,CF311P13600,CF311P13600,63.0,0.0,0.0,0.0,10,34.0,398.0,1,63.0,73.0,0.0,0.0,0.0,0.0,79
2023-05-10 21:06:10,CF311P13600,CF311P13600,63.0,0.0,0.0,0.0,10,34.0,397.0,10,63.0,73.0,0.0,0.0,0.0,0.0,79
2023-05-10 21:06:11,CF311P13600,CF311P13600,63.0,0.0,0.0,0.0,10,34.0,394.0,1,63.0,73.0,0.0,0.0,0.0,0.0,79
2023-05-10 21:06:11,CF311P13600,CF311P13600,63.0,0.0,0.0,0.0,10,34.0,393.0,10,63.0,73.0,0.0,0.0,0.0,0.0,79
2023-05-10 21:06:12,CF311P13600,CF311P13600,63.0,0.0,0.0,0.0,10,34.0,390.0,1,63.0,73.0,0.0,0.0,0.0,0.0,79
2023-05-10 21:06:12,CF311P13600,CF311P13600,63.0,0.0,0.0,0.0,10,34.0,389.0,10,63.0,73.0,0.0,0.0,0.0,0.0,79
2023-05-10 21:06:13,CF311P13600,CF311P13600,63.0,0.0,0.0,0.0,10,34.0,386.0,1,63.0,73.0,0.0,0.0,0.0,0.0,79
2023-05-10 21:06:13,CF311P13600,CF311P13600,63.0,0.0,0.0,0.0,10,34.0,385.0,10,63.0,73.0,0.0,0.0,0.0,0.0,79
2023-05-10 21:06:14,CF311P13600,CF311P13600,63.0,0.0,0.0,0.0,10,34.0,382.0,1,63.0,73.0,0.0,0.0,0.0,0.0,79
2023-05-10 21:06:14,CF311P13600,CF311P13600,63.0,0.0,0.0,0.0,10,34.0,381.0,10,63.0,73.0,0.0,0.0,0.0,0.0,79
2023-05-10 21:06:15,CF311P13600,CF311P13600,63.0,0.0,0.0,0.0,10,34.0,378.0,1,63.0,73.0,0.0,0.0,0.0,0.0,79
2023-05-10 21:06:15,CF311P13600,CF311P13600,63.0,0.0,0.0,0.0,10,34.0,377.0,10,63.0,73.0,0.0,0.0,0.0,0.0,79
2023-05-10 21:06:16,CF311P13600,CF311P13600,63.0,0.0,0.0,0.0,10,34.0,374.0,1,63.0,73.0,0.0,0.0,0.0,0.0,79
2023-05-10 21:06:16,CF311P13600,CF311P13600,63.0,0.0,0.0,0.0,10,34.0,373.0,10,63.0,73.0,0.0,0.0,0.0,0.0,79
2023-05-10 21:06:17,CF311P13600,CF311P13600,63.0,0.0,0.0,0.0,10,34.0,370.0,1,63.0,73.0,0.0,0.0,0.0,0.0,79
2023-05-10 21:06:17,CF311P13600,CF311P13600,63.0,0.0,0.0,0.0,10,34.0,369.0,10,63.0,73.0,0.0,0.0,0.0,0.0,79
2023-05-10 21:06:18,CF311P13600,CF311P13600,63.0,0.0,0.0,0.0,10,34.0,366.0,1,63.0,73.0,0.0,0.0,0.0,0.0,79
2023-05-10 21:06:18,CF311P13600,CF311P13600,63.0,0.0,0.0,0.0,10,34.0,365.0,10,63.0,73.0,0.0,0.0,0.0,0.0,79
2023-05-10 21:06:19,CF311P13600,CF311P13600,63.0,0.0,0.0,0.0,10,34.0,362.0,1,63.0,73.0,0.0,0.0,0.0,0.0,79
2023-05-10 21:06:19,CF311P13600,CF311P13600,63.0,0.0,0.0,0.0,10,34.0,361.0,10,63.0,73.0,0.0,0.0,0.0,0.0,79
2023-05-10 21:06:20,CF311P13600,CF311P13600,63.0,0.0,0.0,0.0,10,34.0,358.0,1,63.0,73.0,0.0,0.0,0.0,0.0,79
2023-05-10 21:06:20,CF311P13600,CF311P13600,63.0,0.0,0.0,0.0,10,34.0,357.0,10,63.0,73.0,0.0,0.0,0.0,0.0,79
2023-05-10 21:06:21,CF311P13600,CF311P13600,63.0,0.0,0.0,0.0,10,34.0,354.0,1,63.0,73.0,0.0,0.0,0.0,0.0,79
2023-05-10 21:06:21,CF311P13600,CF311P13600,63.0,0.0,0.0,0.0,10,34.0,353.0,10,63.0,73.0,0.0,0.0,0.0,0.0,79
2023-05-10 21:06:22,CF311P13600,CF311P13600,63.0,0.0,0.0,0.0,10,34.0,350.0,1,63.0,73.0,0.0,0.0,0.0,0.0,79
2023-05-10 21:06:22,CF311P13600,CF311P13600,63.0,0.0,0.0,0.0,10,34.0,349.0,10,63.0,73.0,0.0,0.0,0.0,0.0,79
2023-05-10 21:06:23,CF311P13600,CF311P13600,63.0,0.0,0.0,0.0,10,34.0,346.0,1,63.0,73.0,0.0,0.0,0.0,0.0,79
2023-05-10 21:06:23,CF311P13600,CF311P13600,63.0,0.0,0.0,0.0,10,34.0,345.0,10,63.0,73.0,0.0,0.0,0.0,0.0,79
2023-05-10 21:06:24,CF311P13600,CF311P13600,63.0,0.0,0.0,0.0,10,34.0,342.0,1,63.0,73.0,0.0,0.0,0.0,0.0,79
2023-05-10 21:06:24,CF311P13600,CF311P13600,63.0,0.0,0.0,0.0,10,34.0,341.0,10,63.0,73.0,0.0,0.0,0.0,0.0,79
2023-05-10 21:06:25,CF311P13600,CF311P13600,63.0,0.0,0.0,0.0,10,34.0,338.0,1,63.0,73.0,0.0,0.0,0.0,0.0,79
2023-05-10 21:06:25,CF311P13600,CF311P13600,63.0,0.0,0.0,0.0,10,34.0,337.0,10,63.0,73.0,0.0,0.0,0.0,0.0,79
2023-05-10 21:06:44,CF311P13600,CF311P13600,63.0,0.0,0.0,0.0,10,34.0,336.0,1,63.0,73.0,0.0,0.0,0.0,0.0,79
2023-05-10 21:06:44,CF311P13600,CF311P13600,63.0,0.0,0.0,0.0,10,34.0,335.0,10,63.0,73.0,0.0,0.0,0.0,0.0,79
2023-05-10 21:07:11,CF311P13600,CF311P13600,63.0,0.0,0.0,0.0,10,34.0,334.0,1,63.0,73.0,0.0,0.0,0.0,0.0,79
2023-05-10 21:07:11,CF311P13600,CF311P13600,63.0,0.0,0.0,0.0,10,34.0,333.0,10,63.0,73.0,0.0,0.0,0.0,0.0,79
2023-05-10 21:07:32,CF311P13600,CF311P13600,63.0,0.0,0.0,0.0,10,34.0,332.0,1,63.0,73.0,0.0,0.0,0.0,0.0,79
2023-05-10 21:07:32,CF311P13600,CF311P13600,63.0,0.0,0.0,0.0,10,34.0,331.0,10,63.0,73.0,0.0,0.0,0.0,0.0,79
2023-05-10 21:07:44,CF311P13600,CF311P13600,63.0,0.0,0.0,0.0,10,34.0,330.0,1,63.0,73.0,0.0,0.0,0.0,0.0,79
2023-05-10 21:07:45,CF311P13600,CF311P13600,63.0,0.0,0.0,0.0,10,34.0,329.0,10,63.0,73.0,0.0,0.0,0.0,0.0,79
2023-05-10 21:07:54,CF311P13600,CF311P13600,63.0,0.0,0.0,0.0,10,34.0,328.0,1,63.0,73.0,0.0,0.0,0.0,0.0,79
2023-05-10 21:07:54,CF311P13600,CF311P13600,63.0,0.0,0.0,0.0,10,34.0,327.0,10,63.0,73.0,0.0,0.0,0.0,0.0,79
2023-05-10 21:08:04,CF311P13600,CF311P13600,63.0,0.0,0.0,0.0,10,34.0,326.0,1,63.0,73.0,0.0,0.0,0.0,0.0,79
2023-05-10 21:08:04,CF311P13600,CF311P13600,63.0,0.0,0.0,0.0,10,34.0,325.0,10,63.0,73.0,0.0,0.0,0.0,0.0,79
2023-05-10 21:08:13,CF311P13600,CF311P13600,63.0,0.0,0.0,0.0,10,34.0,324.0,1,63.0,73.0,0.0,0.0,0.0,0.0,79
2023-05-10 21:08:14,CF311P13600,CF311P13600,63.0,0.0,0.0,0.0,10,34.0,323.0,10,63.0,73.0,0.0,0.0,0.0,0.0,79
2023-05-10 21:08:22,CF311P13600,CF311P13600,63.0,0.0,0.0,0.0,10,34.0,322.0,1,63.0,73.0,0.0,0.0,0.0,0.0,79
2023-05-10 21:08:22,CF311P13600,CF311P13600,63.0,0.0,0.0,0.0,10,34.0,321.0,10,63.0,73.0,0.0,0.0,0.0,0.0,79
2023-05-10 21:08:28,CF311P13600,CF311P13600,63.0,0.0,0.0,0.0,10,34.0,320.0,1,63.0,73.0,0.0,0.0,0.0,0.0,79
2023-05-10 21:08:28,CF311P13600,CF311P13600,63.0,0.0,0.0,0.0,10,34.0,319.0,10,63.0,73.0,0.0,0.0,0.0,0.0,79
2023-05-10 21:08:40,CF311P13600,CF311P13600,63.0,0.0,0.0,0.0,10,34.0,318.0,1,63.0,73.0,0.0,0.0,0.0,0.0,79
2023-05-10 21:08:40,CF311P13600,CF311P13600,63.0,0.0,0.0,0.0,10,34.0,317.0,10,63.0,73.0,0.0,0.0,0.0,0.0,79
2023-05-10 21:08:45,CF311P13600,CF311P13600,63.0,0.0,0.0,0.0,10,34.0,316.0,1,63.0,73.0,0.0,0.0,0.0,0.0,79
2023-05-10 21:08:45,CF311P13600,CF311P13600,63.0,0.0,0.0,0.0,10,34.0,315.0,10,63.0,73.0,0.0,0.0,0.0,0.0,79
2023-05-10 21:08:53,CF311P13600,CF311P13600,63.0,0.0,0.0,0.0,10,34.0,314.0,1,63.0,73.0,0.0,0.0,0.0,0.0,79
2023-05-10 21:08:53,CF311P13600,CF311P13600,63.0,0.0,0.0,0.0,10,34.0,313.0,10,63.0,73.0,0.0,0.0,0.0,0.0,79
2023-05-10 21:08:58,CF311P13600,CF311P13600,63.0,0.0,0.0,0.0,10,34.0,312.0,1,63.0,73.0,0.0,0.0,0.0,0.0,79
2023-05-10 21:08:59,CF311P13600,CF311P13600,63.0,0.0,0.0,0.0,10,34.0,311.0,10,63.0,73.0,0.0,0.0,0.0,0.0,79
2023-05-10 21:09:06,CF311P13600,CF311P13600,63.0,0.0,0.0,0.0,10,34.0,310.0,1,63.0,73.0,0.0,0.0,0.0,0.0,79
2023-05-10 21:09:06,CF311P13600,CF311P13600,63.0,0.0,0.0,0.0,10,34.0,309.0,10,63.0,73.0,0.0,0.0,0.0,0.0,79
2023-05-10 21:09:11,CF311P13600,CF311P13600,63.0,0.0,0.0,0.0,10,34.0,308.0,1,63.0,73.0,0.0,0.0,0.0,0.0,79
2023-05-10 21:09:12,CF311P13600,CF311P13600,63.0,0.0,0.0,0.0,10,34.0,307.0,10,63.0,73.0,0.0,0.0,0.0,0.0,79
2023-05-10 21:09:20,CF311P13600,CF311P13600,63.0,0.0,0.0,0.0,10,34.0,306.0,1,63.0,73.0,0.0,0.0,0.0,0.0,79
2023-05-10 21:09:20,CF311P13600,CF311P13600,63.0,0.0,0.0,0.0,10,34.0,305.0,10,63.0,73.0,0.0,0.0,0.0,0.0,79
2023-05-10 21:09:27,CF311P13600,CF311P13600,63.0,0.0,0.0,0.0,10,34.0,304.0,1,63.0,73.0,0.0,0.0,0.0,0.0,79
2023-05-10 21:09:27,CF311P13600,CF311P13600,63.0,0.0,0.0,0.0,10,34.0,303.0,10,63.0,73.0,0.0,0.0,0.0,0.0,79
2023-05-10 21:09:31,CF311P13600,CF311P13600,63.0,0.0,0.0,0.0,10,34.0,302.0,1,63.0,73.0,0.0,0.0,0.0,0.0,79
2023-05-10 21:09:32,CF311P13600,CF311P13600,63.0,0.0,0.0,0.0,10,34.0,301.0,10,63.0,73.0,0.0,0.0,0.0,0.0,79
2023-05-10 21:09:36,CF311P13600,CF311P13600,63.0,0.0,0.0,0.0,10,34.0,300.0,1,63.0,73.0,0.0,0.0,0.0,0.0,79
2023-05-10 21:09:36,CF311P13600,CF311P13600,63.0,0.0,0.0,0.0,10,34.0,299.0,10,63.0,73.0,0.0,0.0,0.0,0.0,79
2023-05-10 21:24:44,CF311P13600,CF311P13600,63.0,0.0,0.0,0.0,10,34.0,296.0,1,63.0,73.0,0.0,0.0,0.0,0.0,79
2023-05-10 21:24:44,CF311P13600,CF311P13600,63.0,0.0,0.0,0.0,10,34.0,295.0,10,63.0,73.0,0.0,0.0,0.0,0.0,79
2023-05-10 21:24:45,CF311P13600,CF311P13600,63.0,0.0,0.0,0.0,10,34.0,292.0,1,63.0,73.0,0.0,0.0,0.0,0.0,79
2023-05-10 21:24:45,CF311P13600,CF311P13600,63.0,0.0,0.0,0.0,10,34.0,291.0,10,63.0,73.0,0.0,0.0,0.0,0.0,79
2023-05-10 21:24:46,CF311P13600,CF311P13600,63.0,0.0,0.0,0.0,10,34.0,288.0,1,63.0,73.0,0.0,0.0,0.0,0.0,79
2023-05-10 21:24:46,CF311P13600,CF311P13600,63.0,0.0,0.0,0.0,10,34.0,287.0,10,63.0,73.0,0.0,0.0,0.0,0.0,79
2023-05-10 21:24:47,CF311P13600,CF311P13600,63.0,0.0,0.0,0.0,10,34.0,284.0,1,63.0,73.0,0.0,0.0,0.0,0.0,79
2023-05-10 21:24:47,CF311P13600,CF311P13600,63.0,0.0,0.0,0.0,10,34.0,283.0,10,63.0,73.0,0.0,0.0,0.0,0.0,79
2023-05-10 21:24:48,CF311P13600,CF311P13600,63.0,0.0,0.0,0.0,10,34.0,280.0,1,63.0,73.0,0.0,0.0,0.0,0.0,79
2023-05-10 21:24:48,CF311P13600,CF311P13600,63.0,0.0,0.0,0.0,10,34.0,279.0,10,63.0,73.0,0.0,0.0,0.0,0.0,79
2023-05-10 21:24:49,CF311P13600,CF311P13600,63.0,0.0,0.0,0.0,10,34.0,276.0,1,63.0,73.0,0.0,0.0,0.0,0.0,79
2023-05-10 21:24:49,CF311P13600,CF311P13600,63.0,0.0,0.0,0.0,10,34.0,275.0,10,63.0,73.0,0.0,0.0,0.0,0.0,79
2023-05-10 21:24:50,CF311P13600,CF311P13600,63.0,0.0,0.0,0.0,10,34.0,272.0,1,63.0,73.0,0.0,0.0,0.0,0.0,79
2023-05-10 21:24:50,CF311P13600,CF311P13600,63.0,0.0,0.0,0.0,10,34.0,271.0,10,63.0,73.0,0.0,0.0,0.0,0.0,79
2023-05-10 21:24:51,CF311P13600,CF311P13600,63.0,0.0,0.0,0.0,10,34.0,268.0,1,63.0,73.0,0.0,0.0,0.0,0.0,79
2023-05-10 21:24:51,CF311P13600,CF311P13600,63.0,0.0,0.0,0.0,10,34.0,267.0,10,63.0,73.0,0.0,0.0,0.0,0.0,79
2023-05-10 21:24:52,CF311P13600,CF311P13600,63.0,0.0,0.0,0.0,10,34.0,264.0,1,63.0,73.0,0.0,0.0,0.0,0.0,79
2023-05-10 21:24:52,CF311P13600,CF311P13600,63.0,0.0,0.0,0.0,10,34.0,263.0,10,63.0,73.0,0.0,0.0,0.0,0.0,79
2023-05-10 21:24:53,CF311P13600,CF311P13600,63.0,0.0,0.0,0.0,10,34.0,260.0,1,63.0,73.0,0.0,0.0,0.0,0.0,79
2023-05-10 21:24:53,CF311P13600,CF311P13600,63.0,0.0,0.0,0.0,10,34.0,259.0,10,63.0,73.0,0.0,0.0,0.0,0.0,79
2023-05-10 21:44:44,CF311P13600,CF311P13600,63.0,0.0,0.0,0.0,10,34.0,256.0,1,63.0,73.0,0.0,0.0,0.0,0.0,79
2023-05-10 21:44:44,CF311P13600,CF311P13600,63.0,0.0,0.0,0.0,10,34.0,255.0,10,63.0,73.0,0.0,0.0,0.0,0.0,79
2023-05-10 21:44:45,CF311P13600,CF311P13600,63.0,0.0,0.0,0.0,10,34.0,252.0,1,63.0,73.0,0.0,0.0,0.0,0.0,79
2023-05-10 21:44:45,CF311P13600,CF311P13600,63.0,0.0,0.0,0.0,10,34.0,251.0,10,63.0,73.0,0.0,0.0,0.0,0.0,79
2023-05-10 21:44:46,CF311P13600,CF311P13600,63.0,0.0,0.0,0.0,10,34.0,248.0,1,63.0,73.0,0.0,0.0,0.0,0.0,79
2023-05-10 21:44:46,CF311P13600,CF311P13600,63.0,0.0,0.0,0.0,10,34.0,247.0,10,63.0,73.0,0.0,0.0,0.0,0.0,79
2023-05-10 21:44:47,CF311P13600,CF311P13600,63.0,0.0,0.0,0.0,10,34.0,244.0,1,63.0,73.0,0.0,0.0,0.0,0.0,79
2023-05-10 21:44:47,CF311P13600,CF311P13600,63.0,0.0,0.0,0.0,10,34.0,243.0,10,63.0,73.0,0.0,0.0,0.0,0.0,79
2023-05-10 21:44:48,CF311P13600,CF311P13600,63.0,0.0,0.0,0.0,10,34.0,240.0,1,63.0,73.0,0.0,0.0,0.0,0.0,79
2023-05-10 21:44:48,CF311P13600,CF311P13600,63.0,0.0,0.0,0.0,10,34.0,239.0,10,63.0,73.0,0.0,0.0,0.0,0.0,79
2023-05-10 21:44:49,CF311P13600,CF311P13600,63.0,0.0,0.0,0.0,10,34.0,236.0,1,63.0,73.0,0.0,0.0,0.0,0.0,79
2023-05-10 21:44:49,CF311P13600,CF311P13600,63.0,0.0,0.0,0.0,10,34.0,235.0,10,63.0,73.0,0.0,0.0,0.0,0.0,79
2023-05-10 21:44:50,CF311P13600,CF311P13600,63.0,0.0,0.0,0.0,10,34.0,232.0,1,63.0,73.0,0.0,0.0,0.0,0.0,79
2023-05-10 21:44:50,CF311P13600,CF311P13600,63.0,0.0,0.0,0.0,10,34.0,231.0,10,63.0,73.0,0.0,0.0,0.0,0.0,79
2023-05-10 21:44:51,CF311P13600,CF311P13600,63.0,0.0,0.0,0.0,10,34.0,228.0,1,63.0,73.0,0.0,0.0,0.0,0.0,79
2023-05-10 21:44:51,CF311P13600,CF311P13600,63.0,0.0,0.0,0.0,10,34.0,227.0,10,63.0,73.0,0.0,0.0,0.0,0.0,79
2023-05-10 21:44:52,CF311P13600,CF311P13600,63.0,0.0,0.0,0.0,10,34.0,224.0,1,63.0,73.0,0.0,0.0,0.0,0.0,79
2023-05-10 21:44:52,CF311P13600,CF311P13600,63.0,0.0,0.0,0.0,10,34.0,223.0,10,63.0,73.0,0.0,0.0,0.0,0.0,79
2023-05-10 21:44:53,CF311P13600,CF311P13600,63.0,0.0,0.0,0.0,10,34.0,220.0,1,63.0,73.0,0.0,0.0,0.0,0.0,79
2023-05-10 21:44:53,CF311P13600,CF311P13600,63.0,0.0,0.0,0.0,10,34.0,219.0,10,63.0,73.0,0.0,0.0,0.0,0.0,79
2023-05-10 22:04:44,CF311P13600,CF311P13600,63.0,0.0,0.0,0.0,10,34.0,216.0,1,63.0,73.0,0.0,0.0,0.0,0.0,79
2023-05-10 22:04:44,CF311P13600,CF311P13600,63.0,0.0,0.0,0.0,10,34.0,215.0,10,63.0,73.0,0.0,0.0,0.0,0.0,79
2023-05-10 22:04:45,CF311P13600,CF311P13600,63.0,0.0,0.0,0.0,10,34.0,212.0,1,63.0,73.0,0.0,0.0,0.0,0.0,79
2023-05-10 22:04:45,CF311P13600,CF311P13600,63.0,0.0,0.0,0.0,10,34.0,211.0,10,63.0,73.0,0.0,0.0,0.0,0.0,79
2023-05-10 22:04:46,CF311P13600,CF311P13600,63.0,0.0,0.0,0.0,10,34.0,208.0,1,63.0,73.0,0.0,0.0,0.0,0.0,79
2023-05-10 22:04:46,CF311P13600,CF311P13600,63.0,0.0,0.0,0.0,10,34.0,207.0,10,63.0,73.0,0.0,0.0,0.0,0.0,79
2023-05-10 22:26:43,CF311P13600,CF311P13600,63.0,0.0,0.0,0.0,2,42.0,207.0,10,63.0,73.0,0.0,0.0,0.0,0.0,79
2023-05-10 22:26:43,CF311P13600,CF311P13600,63.0,0.0,0.0,0.0,10,43.0,207.0,10,63.0,73.0,0.0,0.0,0.0,0.0,79
2023-05-10 22:26:44,CF311P13600,CF311P13600,63.0,0.0,0.0,0.0,2,44.0,207.0,10,63.0,73.0,0.0,0.0,0.0,0.0,79
2023-05-10 22:26:44,CF311P13600,CF311P13600,63.0,0.0,0.0,0.0,10,45.0,207.0,10,63.0,73.0,0.0,0.0,0.0,0.0,79
2023-05-10 22:26:45,CF311P13600,CF311P13600,63.0,0.0,0.0,0.0,2,46.0,207.0,10,63.0,73.0,0.0,0.0,0.0,0.0,79
2023-05-10 22:26:45,CF311P13600,CF311P13600,63.0,0.0,0.0,0.0,6,71.0,83.0,6,63.0,73.0,0.0,0.0,0.0,0.0,79
2023-05-10 22:26:46,CF311P13600,CF311P13600,63.0,0.0,0.0,0.0,12,71.0,83.0,12,63.0,73.0,0.0,0.0,0.0,0.0,79
2023-05-10 22:26:46,CF311P13600,CF311P13600,63.0,0.0,0.0,0.0,15,71.0,83.0,15,63.0,73.0,0.0,0.0,0.0,0.0,79
2023-05-10 22:26:47,CF311P13600,CF311P13600,63.0,0.0,0.0,0.0,21,71.0,83.0,21,63.0,73.0,0.0,0.0,0.0,0.0,79
2023-05-10 22:26:47,CF311P13600,CF311P13600,63.0,0.0,0.0,0.0,3,72.0,73.0,3,63.0,73.0,0.0,0.0,0.0,0.0,79
2023-05-10 22:26:50,CF311P13600,CF311P13600,63.0,0.0,0.0,0.0,6,72.0,73.0,6,63.0,73.0,0.0,0.0,0.0,0.0,79
2023-05-10 22:26:52,CF311P13600,CF311P13600,73.0,3.0,219.0,3.0,9,72.0,73.0,3,63.0,73.0,73.0,73.0,3.0,219.0,82
2023-05-10 22:26:57,CF311P13600,CF311P13600,73.0,0.0,0.0,0.0,15,72.0,73.0,6,63.0,73.0,73.0,73.0,3.0,219.0,82
2023-05-10 22:26:59,CF311P13600,CF311P13600,73.0,0.0,0.0,0.0,12,72.0,73.0,6,63.0,73.0,73.0,73.0,3.0,219.0,82
2023-05-10 22:27:02,CF311P13600,CF311P13600,73.0,0.0,0.0,0.0,6,72.0,73.0,3,63.0,73.0,73.0,73.0,3.0,219.0,82
2023-05-10 22:27:03,CF311P13600,CF311P13600,73.0,0.0,0.0,0.0,3,72.0,73.0,3,63.0,73.0,73.0,73.0,3.0,219.0,82
2023-05-10 22:27:08,CF311P13600,CF311P13600,73.0,0.0,0.0,0.0,10,19.0,0.0,0,63.0,73.0,73.0,73.0,3.0,219.0,82
2023-05-10 22:27:08,CF311P13600,CF311P13600,73.0,0.0,0.0,0.0,2,27.0,1021.0,10,63.0,73.0,73.0,73.0,3.0,219.0,82
2023-05-10 22:27:09,CF311P13600,CF311P13600,73.0,0.0,0.0,0.0,11,28.0,1018.0,1,63.0,73.0,73.0,73.0,3.0,219.0,82
2023-05-10 22:27:09,CF311P13600,CF311P13600,73.0,0.0,0.0,0.0,2,29.0,1017.0,11,63.0,73.0,73.0,73.0,3.0,219.0,82
2023-05-10 22:27:10,CF311P13600,CF311P13600,73.0,0.0,0.0,0.0,10,30.0,1014.0,1,63.0,73.0,73.0,73.0,3.0,219.0,82
2023-05-10 22:27:10,CF311P13600,CF311P13600,73.0,0.0,0.0,0.0,2,31.0,1013.0,11,63.0,73.0,73.0,73.0,3.0,219.0,82
2023-05-10 22:27:11,CF311P13600,CF311P13600,73.0,0.0,0.0,0.0,10,32.0,1010.0,1,63.0,73.0,73.0,73.0,3.0,219.0,82
2023-05-10 22:27:11,CF311P13600,CF311P13600,73.0,0.0,0.0,0.0,10,32.0,1009.0,12,63.0,73.0,73.0,73.0,3.0,219.0,82
2023-05-10 22:27:12,CF311P13600,CF311P13600,73.0,0.0,0.0,0.0,10,32.0,1006.0,1,63.0,73.0,73.0,73.0,3.0,219.0,82
2023-05-10 22:27:12,CF311P13600,CF311P13600,73.0,0.0,0.0,0.0,10,32.0,1005.0,11,63.0,73.0,73.0,73.0,3.0,219.0,82
2023-05-10 22:27:13,CF311P13600,CF311P13600,73.0,0.0,0.0,0.0,10,32.0,1002.0,1,63.0,73.0,73.0,73.0,3.0,219.0,82
2023-05-10 22:27:13,CF311P13600,CF311P13600,73.0,0.0,0.0,0.0,10,32.0,1001.0,11,63.0,73.0,73.0,73.0,3.0,219.0,82
2023-05-10 22:27:14,CF311P13600,CF311P13600,73.0,0.0,0.0,0.0,10,32.0,998.0,1,63.0,73.0,73.0,73.0,3.0,219.0,82
2023-05-10 22:27:14,CF311P13600,CF311P13600,73.0,0.0,0.0,0.0,10,32.0,997.0,12,63.0,73.0,73.0,73.0,3.0,219.0,82
2023-05-10 22:28:09,CF311P13600,CF311P13600,73.0,0.0,0.0,0.0,2,40.0,997.0,12,63.0,73.0,73.0,73.0,3.0,219.0,82
2023-05-10 22:28:09,CF311P13600,CF311P13600,73.0,0.0,0.0,0.0,10,41.0,997.0,12,63.0,73.0,73.0,73.0,3.0,219.0,82
2023-05-10 22:28:10,CF311P13600,CF311P13600,73.0,0.0,0.0,0.0,2,42.0,997.0,12,63.0,73.0,73.0,73.0,3.0,219.0,82
2023-05-10 22:28:10,CF311P13600,CF311P13600,73.0,0.0,0.0,0.0,10,43.0,997.0,12,63.0,73.0,73.0,73.0,3.0,219.0,82
2023-05-10 22:28:11,CF311P13600,CF311P13600,73.0,0.0,0.0,0.0,2,44.0,997.0,12,63.0,73.0,73.0,73.0,3.0,219.0,82
2023-05-10 22:28:11,CF311P13600,CF311P13600,73.0,0.0,0.0,0.0,10,45.0,997.0,12,63.0,73.0,73.0,73.0,3.0,219.0,82
2023-05-10 22:28:12,CF311P13600,CF311P13600,73.0,0.0,0.0,0.0,2,46.0,997.0,12,63.0,73.0,73.0,73.0,3.0,219.0,82
2023-05-10 22:28:12,CF311P13600,CF311P13600,73.0,0.0,0.0,0.0,10,47.0,997.0,12,63.0,73.0,73.0,73.0,3.0,219.0,82
2023-05-10 22:28:13,CF311P13600,CF311P13600,73.0,0.0,0.0,0.0,2,48.0,997.0,12,63.0,73.0,73.0,73.0,3.0,219.0,82
2023-05-10 22:28:13,CF311P13600,CF311P13600,73.0,0.0,0.0,0.0,10,49.0,997.0,12,63.0,73.0,73.0,73.0,3.0,219.0,82
2023-05-10 22:28:14,CF311P13600,CF311P13600,73.0,0.0,0.0,0.0,2,50.0,997.0,12,63.0,73.0,73.0,73.0,3.0,219.0,82
2023-05-10 22:28:14,CF311P13600,CF311P13600,73.0,0.0,0.0,0.0,10,51.0,997.0,12,63.0,73.0,73.0,73.0,3.0,219.0,82
2023-05-10 22:28:15,CF311P13600,CF311P13600,73.0,0.0,0.0,0.0,2,52.0,997.0,12,63.0,73.0,73.0,73.0,3.0,219.0,82
2023-05-10 22:28:15,CF311P13600,CF311P13600,73.0,0.0,0.0,0.0,10,53.0,997.0,12,63.0,73.0,73.0,73.0,3.0,219.0,82
2023-05-10 22:36:33,CF311P13600,CF311P13600,73.0,0.0,0.0,0.0,3,70.0,82.0,3,63.0,73.0,73.0,73.0,3.0,219.0,82
2023-05-10 22:36:33,CF311P13600,CF311P13600,73.0,0.0,0.0,0.0,12,70.0,82.0,12,63.0,73.0,73.0,73.0,3.0,219.0,82
2023-05-10 22:36:35,CF311P13600,CF311P13600,73.0,0.0,0.0,0.0,18,70.0,82.0,18,63.0,73.0,73.0,73.0,3.0,219.0,82
2023-05-10 22:36:35,CF311P13600,CF311P13600,73.0,0.0,0.0,0.0,21,70.0,82.0,21,63.0,73.0,73.0,73.0,3.0,219.0,82
2023-05-10 22:36:35,CF311P13600,CF311P13600,73.0,0.0,0.0,0.0,24,70.0,81.0,3,63.0,73.0,73.0,73.0,3.0,219.0,82
2023-05-10 22:36:36,CF311P13600,CF311P13600,73.0,0.0,0.0,0.0,24,70.0,81.0,6,63.0,73.0,73.0,73.0,3.0,219.0,82
2023-05-10 22:36:38,CF311P13600,CF311P13600,73.0,0.0,0.0,0.0,27,70.0,81.0,9,63.0,73.0,73.0,73.0,3.0,219.0,82
2023-05-10 22:36:39,CF311P13600,CF311P13600,70.0,3.0,213.0,3.0,24,70.0,81.0,12,63.0,73.0,73.0,70.0,6.0,432.0,85
2023-05-10 22:36:40,CF311P13600,CF311P13600,70.0,0.0,0.0,0.0,3,71.0,81.0,15,63.0,73.0,73.0,70.0,6.0,432.0,85
2023-05-10 22:36:40,CF311P13600,CF311P13600,70.0,0.0,0.0,0.0,6,73.0,81.0,15,63.0,73.0,73.0,70.0,6.0,432.0,85
2023-05-10 22:36:41,CF311P13600,CF311P13600,70.0,0.0,0.0,0.0,6,73.0,81.0,18,63.0,73.0,73.0,70.0,6.0,432.0,85
2023-05-10 22:36:42,CF311P13600,CF311P13600,70.0,0.0,0.0,0.0,9,73.0,81.0,21,63.0,73.0,73.0,70.0,6.0,432.0,85
2023-05-10 22:36:45,CF311P13600,CF311P13600,70.0,0.0,0.0,0.0,12,73.0,81.0,24,63.0,73.0,73.0,70.0,6.0,432.0,85
2023-05-10 22:36:45,CF311P13600,CF311P13600,70.0,0.0,0.0,0.0,15,73.0,81.0,27,63.0,73.0,73.0,70.0,6.0,432.0,85
2023-05-10 22:36:47,CF311P13600,CF311P13600,70.0,0.0,0.0,0.0,15,73.0,81.0,24,63.0,73.0,73.0,70.0,6.0,432.0,85
2023-05-10 22:36:51,CF311P13600,CF311P13600,70.0,0.0,0.0,0.0,15,73.0,81.0,15,63.0,73.0,73.0,70.0,6.0,432.0,85
2023-05-10 22:36:51,CF311P13600,CF311P13600,70.0,0.0,0.0,0.0,9,73.0,81.0,12,63.0,73.0,73.0,70.0,6.0,432.0,85
2023-05-10 22:36:52,CF311P13600,CF311P13600,70.0,0.0,0.0,0.0,6,73.0,81.0,9,63.0,73.0,73.0,70.0,6.0,432.0,85
2023-05-10 22:36:53,CF311P13600,CF311P13600,70.0,0.0,0.0,0.0,6,73.0,81.0,6,63.0,73.0,73.0,70.0,6.0,432.0,85
2023-05-10 22:36:53,CF311P13600,CF311P13600,70.0,0.0,0.0,0.0,3,73.0,81.0,3,63.0,73.0,73.0,70.0,6.0,432.0,85
2023-05-10 22:36:56,CF311P13600,CF311P13600,70.0,0.0,0.0,0.0,3,71.0,83.0,3,63.0,73.0,73.0,70.0,6.0,432.0,85
2023-05-10 22:36:57,CF311P13600,CF311P13600,70.0,0.0,0.0,0.0,10,29.0,996.0,10,63.0,73.0,73.0,70.0,6.0,432.0,85
2023-05-10 22:36:58,CF311P13600,CF311P13600,70.0,0.0,0.0,0.0,2,30.0,995.0,1,63.0,73.0,73.0,70.0,6.0,432.0,85
2023-05-10 22:36:58,CF311P13600,CF311P13600,70.0,0.0,0.0,0.0,10,31.0,994.0,10,63.0,73.0,73.0,70.0,6.0,432.0,85
2023-05-10 22:36:59,CF311P13600,CF311P13600,70.0,0.0,0.0,0.0,2,32.0,993.0,1,63.0,73.0,73.0,70.0,6.0,432.0,85
2023-05-10 22:36:59,CF311P13600,CF311P13600,70.0,0.0,0.0,0.0,10,33.0,992.0,10,63.0,73.0,73.0,70.0,6.0,432.0,85
2023-05-10 22:37:00,CF311P13600,CF311P13600,70.0,0.0,0.0,0.0,10,33.0,991.0,1,63.0,73.0,73.0,70.0,6.0,432.0,85
2023-05-10 22:37:01,CF311P13600,CF311P13600,70.0,0.0,0.0,0.0,10,33.0,990.0,10,63.0,73.0,73.0,70.0,6.0,432.0,85
2023-05-10 22:37:02,CF311P13600,CF311P13600,70.0,0.0,0.0,0.0,10,33.0,989.0,1,63.0,73.0,73.0,70.0,6.0,432.0,85
2023-05-10 22:37:02,CF311P13600,CF311P13600,70.0,0.0,0.0,0.0,10,33.0,988.0,10,63.0,73.0,73.0,70.0,6.0,432.0,85
2023-05-10 22:37:03,CF311P13600,CF311P13600,70.0,0.0,0.0,0.0,10,33.0,987.0,1,63.0,73.0,73.0,70.0,6.0,432.0,85
2023-05-10 22:37:03,CF311P13600,CF311P13600,70.0,0.0,0.0,0.0,10,33.0,986.0,10,63.0,73.0,73.0,70.0,6.0,432.0,85
2023-05-10 22:37:04,CF311P13600,CF311P13600,70.0,0.0,0.0,0.0,10,33.0,985.0,1,63.0,73.0,73.0,70.0,6.0,432.0,85
2023-05-10 22:37:05,CF311P13600,CF311P13600,70.0,0.0,0.0,0.0,10,33.0,984.0,10,63.0,73.0,73.0,70.0,6.0,432.0,85
2023-05-10 22:37:06,CF311P13600,CF311P13600,70.0,0.0,0.0,0.0,10,33.0,983.0,1,63.0,73.0,73.0,70.0,6.0,432.0,85
2023-05-10 22:37:06,CF311P13600,CF311P13600,70.0,0.0,0.0,0.0,10,33.0,982.0,10,63.0,73.0,73.0,70.0,6.0,432.0,85
2023-05-10 22:37:07,CF311P13600,CF311P13600,70.0,0.0,0.0,0.0,10,33.0,981.0,1,63.0,73.0,73.0,70.0,6.0,432.0,85
2023-05-10 22:37:07,CF311P13600,CF311P13600,70.0,0.0,0.0,0.0,10,33.0,980.0,10,63.0,73.0,73.0,70.0,6.0,432.0,85
2023-05-10 22:37:08,CF311P13600,CF311P13600,70.0,0.0,0.0,0.0,10,33.0,979.0,1,63.0,73.0,73.0,70.0,6.0,432.0,85
2023-05-10 22:37:09,CF311P13600,CF311P13600,70.0,0.0,0.0,0.0,10,33.0,978.0,10,63.0,73.0,73.0,70.0,6.0,432.0,85
2023-05-10 22:37:10,CF311P13600,CF311P13600,70.0,0.0,0.0,0.0,10,33.0,977.0,1,63.0,73.0,73.0,70.0,6.0,432.0,85
2023-05-10 22:37:10,CF311P13600,CF311P13600,70.0,0.0,0.0,0.0,10,33.0,976.0,10,63.0,73.0,73.0,70.0,6.0,432.0,85
2023-05-10 22:37:11,CF311P13600,CF311P13600,70.0,0.0,0.0,0.0,10,33.0,975.0,1,63.0,73.0,73.0,70.0,6.0,432.0,85
2023-05-10 22:37:12,CF311P13600,CF311P13600,70.0,0.0,0.0,0.0,10,33.0,974.0,10,63.0,73.0,73.0,70.0,6.0,432.0,85
2023-05-10 22:37:13,CF311P13600,CF311P13600,70.0,0.0,0.0,0.0,10,33.0,973.0,1,63.0,73.0,73.0,70.0,6.0,432.0,85
2023-05-10 22:37:13,CF311P13600,CF311P13600,70.0,0.0,0.0,0.0,10,33.0,972.0,10,63.0,73.0,73.0,70.0,6.0,432.0,85
2023-05-10 22:37:14,CF311P13600,CF311P13600,70.0,0.0,0.0,0.0,10,33.0,969.0,1,63.0,73.0,73.0,70.0,6.0,432.0,85
2023-05-10 22:37:14,CF311P13600,CF311P13600,70.0,0.0,0.0,0.0,10,33.0,968.0,10,63.0,73.0,73.0,70.0,6.0,432.0,85
2023-05-10 22:37:15,CF311P13600,CF311P13600,70.0,0.0,0.0,0.0,10,33.0,965.0,1,63.0,73.0,73.0,70.0,6.0,432.0,85
2023-05-10 22:37:15,CF311P13600,CF311P13600,70.0,0.0,0.0,0.0,10,33.0,964.0,11,63.0,73.0,73.0,70.0,6.0,432.0,85
2023-05-10 22:37:16,CF311P13600,CF311P13600,70.0,0.0,0.0,0.0,10,33.0,961.0,1,63.0,73.0,73.0,70.0,6.0,432.0,85
2023-05-10 22:37:17,CF311P13600,CF311P13600,70.0,0.0,0.0,0.0,10,33.0,960.0,11,63.0,73.0,73.0,70.0,6.0,432.0,85
2023-05-10 22:37:17,CF311P13600,CF311P13600,70.0,0.0,0.0,0.0,10,33.0,957.0,1,63.0,73.0,73.0,70.0,6.0,432.0,85
2023-05-10 22:37:17,CF311P13600,CF311P13600,70.0,0.0,0.0,0.0,10,33.0,956.0,10,63.0,73.0,73.0,70.0,6.0,432.0,85
2023-05-10 22:37:18,CF311P13600,CF311P13600,70.0,0.0,0.0,0.0,10,33.0,953.0,1,63.0,73.0,73.0,70.0,6.0,432.0,85
2023-05-10 22:37:18,CF311P13600,CF311P13600,70.0,0.0,0.0,0.0,10,33.0,952.0,10,63.0,73.0,73.0,70.0,6.0,432.0,85
2023-05-10 22:37:19,CF311P13600,CF311P13600,70.0,0.0,0.0,0.0,10,33.0,949.0,1,63.0,73.0,73.0,70.0,6.0,432.0,85
2023-05-10 22:37:19,CF311P13600,CF311P13600,70.0,0.0,0.0,0.0,10,33.0,948.0,10,63.0,73.0,73.0,70.0,6.0,432.0,85
2023-05-10 22:37:20,CF311P13600,CF311P13600,70.0,0.0,0.0,0.0,10,33.0,945.0,1,63.0,73.0,73.0,70.0,6.0,432.0,85
2023-05-10 22:37:20,CF311P13600,CF311P13600,70.0,0.0,0.0,0.0,10,33.0,944.0,10,63.0,73.0,73.0,70.0,6.0,432.0,85
2023-05-10 22:37:21,CF311P13600,CF311P13600,70.0,0.0,0.0,0.0,10,33.0,941.0,1,63.0,73.0,73.0,70.0,6.0,432.0,85
2023-05-10 22:37:21,CF311P13600,CF311P13600,70.0,0.0,0.0,0.0,10,33.0,940.0,10,63.0,73.0,73.0,70.0,6.0,432.0,85
2023-05-10 22:37:22,CF311P13600,CF311P13600,70.0,0.0,0.0,0.0,10,33.0,937.0,1,63.0,73.0,73.0,70.0,6.0,432.0,85
2023-05-10 22:37:22,CF311P13600,CF311P13600,70.0,0.0,0.0,0.0,10,33.0,936.0,10,63.0,73.0,73.0,70.0,6.0,432.0,85
2023-05-10 22:37:23,CF311P13600,CF311P13600,70.0,0.0,0.0,0.0,10,33.0,933.0,1,63.0,73.0,73.0,70.0,6.0,432.0,85
2023-05-10 22:37:23,CF311P13600,CF311P13600,70.0,0.0,0.0,0.0,10,33.0,932.0,10,63.0,73.0,73.0,70.0,6.0,432.0,85
2023-05-10 22:45:03,CF311P13600,CF311P13600,70.0,0.0,0.0,0.0,10,33.0,931.0,1,63.0,73.0,73.0,70.0,6.0,432.0,85
2023-05-10 22:45:04,CF311P13600,CF311P13600,70.0,0.0,0.0,0.0,10,33.0,930.0,10,63.0,73.0,73.0,70.0,6.0,432.0,85
2023-05-10 22:45:05,CF311P13600,CF311P13600,70.0,0.0,0.0,0.0,10,33.0,929.0,1,63.0,73.0,73.0,70.0,6.0,432.0,85
2023-05-10 22:45:06,CF311P13600,CF311P13600,70.0,0.0,0.0,0.0,10,33.0,928.0,10,63.0,73.0,73.0,70.0,6.0,432.0,85
2023-05-10 22:46:56,CF311P13600,CF311P13600,70.0,0.0,0.0,0.0,2,41.0,928.0,10,63.0,73.0,73.0,70.0,6.0,432.0,85
2023-05-10 22:46:56,CF311P13600,CF311P13600,70.0,0.0,0.0,0.0,10,42.0,928.0,10,63.0,73.0,73.0,70.0,6.0,432.0,85
2023-05-10 22:46:57,CF311P13600,CF311P13600,70.0,0.0,0.0,0.0,2,43.0,928.0,10,63.0,73.0,73.0,70.0,6.0,432.0,85
2023-05-10 22:46:57,CF311P13600,CF311P13600,70.0,0.0,0.0,0.0,10,44.0,928.0,10,63.0,73.0,73.0,70.0,6.0,432.0,85
2023-05-10 22:46:58,CF311P13600,CF311P13600,70.0,0.0,0.0,0.0,2,45.0,928.0,10,63.0,73.0,73.0,70.0,6.0,432.0,85
2023-05-10 22:46:58,CF311P13600,CF311P13600,70.0,0.0,0.0,0.0,10,46.0,928.0,10,63.0,73.0,73.0,70.0,6.0,432.0,85
2023-05-10 22:46:59,CF311P13600,CF311P13600,70.0,0.0,0.0,0.0,2,47.0,928.0,10,63.0,73.0,73.0,70.0,6.0,432.0,85
2023-05-10 22:46:59,CF311P13600,CF311P13600,70.0,0.0,0.0,0.0,10,48.0,928.0,10,63.0,73.0,73.0,70.0,6.0,432.0,85
2023-05-10 22:47:00,CF311P13600,CF311P13600,70.0,0.0,0.0,0.0,2,49.0,928.0,10,63.0,73.0,73.0,70.0,6.0,432.0,85
2023-05-10 22:47:00,CF311P13600,CF311P13600,70.0,0.0,0.0,0.0,10,50.0,928.0,10,63.0,73.0,73.0,70.0,6.0,432.0,85
2023-05-10 22:50:19,CF311P13600,CF311P13600,70.0,0.0,0.0,0.0,10,50.0,927.0,1,63.0,73.0,73.0,70.0,6.0,432.0,85
2023-05-10 22:50:19,CF311P13600,CF311P13600,70.0,0.0,0.0,0.0,10,50.0,926.0,10,63.0,73.0,73.0,70.0,6.0,432.0,85
2023-05-10 22:57:35,CF311P13600,CF311P13600,70.0,0.0,0.0,0.0,1,28.0,927.0,1,63.0,73.0,73.0,70.0,6.0,432.0,85
2023-05-10 22:57:41,CF311P13600,CF311P13600,70.0,0.0,0.0,0.0,18,18.0,927.0,1,63.0,73.0,73.0,70.0,6.0,432.0,85
2023-05-10 22:57:41,CF311P13600,CF311P13600,70.0,0.0,0.0,0.0,18,18.0,927.0,1,63.0,73.0,73.0,70.0,6.0,432.0,85
2023-05-11 09:00:10,CF311P13600,CF311P13600,70.0,0.0,0.0,0.0,10,19.0,926.0,10,63.0,73.0,73.0,70.0,6.0,432.0,85
2023-05-11 09:00:29,CF311P13600,CF311P13600,70.0,0.0,0.0,0.0,10,19.0,925.0,1,63.0,73.0,73.0,70.0,6.0,432.0,85
2023-05-11 09:00:29,CF311P13600,CF311P13600,70.0,0.0,0.0,0.0,10,19.0,924.0,10,63.0,73.0,73.0,70.0,6.0,432.0,85
2023-05-11 09:01:15,CF311P13600,CF311P13600,70.0,0.0,0.0,0.0,2,27.0,924.0,10,63.0,73.0,73.0,70.0,6.0,432.0,85
2023-05-11 09:01:15,CF311P13600,CF311P13600,70.0,0.0,0.0,0.0,10,28.0,924.0,10,63.0,73.0,73.0,70.0,6.0,432.0,85
2023-05-11 09:01:17,CF311P13600,CF311P13600,70.0,0.0,0.0,0.0,10,28.0,921.0,1,63.0,73.0,73.0,70.0,6.0,432.0,85
2023-05-11 09:01:18,CF311P13600,CF311P13600,70.0,0.0,0.0,0.0,10,28.0,920.0,10,63.0,73.0,73.0,70.0,6.0,432.0,85
2023-05-11 09:01:23,CF311P13600,CF311P13600,70.0,0.0,0.0,0.0,10,28.0,917.0,1,63.0,73.0,73.0,70.0,6.0,432.0,85
2023-05-11 09:01:23,CF311P13600,CF311P13600,70.0,0.0,0.0,0.0,10,28.0,916.0,10,63.0,73.0,73.0,70.0,6.0,432.0,85
2023-05-11 09:01:26,CF311P13600,CF311P13600,70.0,0.0,0.0,0.0,10,28.0,913.0,1,63.0,73.0,73.0,70.0,6.0,432.0,85
2023-05-11 09:01:27,CF311P13600,CF311P13600,70.0,0.0,0.0,0.0,10,28.0,912.0,10,63.0,73.0,73.0,70.0,6.0,432.0,85
2023-05-11 09:01:32,CF311P13600,CF311P13600,70.0,0.0,0.0,0.0,10,28.0,909.0,1,63.0,73.0,73.0,70.0,6.0,432.0,85
2023-05-11 09:01:33,CF311P13600,CF311P13600,70.0,0.0,0.0,0.0,10,28.0,908.0,10,63.0,73.0,73.0,70.0,6.0,432.0,85
2023-05-11 09:01:37,CF311P13600,CF311P13600,70.0,0.0,0.0,0.0,10,28.0,905.0,1,63.0,73.0,73.0,70.0,6.0,432.0,85
2023-05-11 09:01:38,CF311P13600,CF311P13600,70.0,0.0,0.0,0.0,10,28.0,904.0,10,63.0,73.0,73.0,70.0,6.0,432.0,85
2023-05-11 09:01:38,CF311P13600,CF311P13600,70.0,0.0,0.0,0.0,10,28.0,901.0,1,63.0,73.0,73.0,70.0,6.0,432.0,85
2023-05-11 09:01:39,CF311P13600,CF311P13600,70.0,0.0,0.0,0.0,10,28.0,900.0,10,63.0,73.0,73.0,70.0,6.0,432.0,85
2023-05-11 09:01:41,CF311P13600,CF311P13600,70.0,0.0,0.0,0.0,10,28.0,897.0,1,63.0,73.0,73.0,70.0,6.0,432.0,85
2023-05-11 09:01:41,CF311P13600,CF311P13600,70.0,0.0,0.0,0.0,10,28.0,896.0,10,63.0,73.0,73.0,70.0,6.0,432.0,85
2023-05-11 09:01:42,CF311P13600,CF311P13600,70.0,0.0,0.0,0.0,10,28.0,893.0,1,63.0,73.0,73.0,70.0,6.0,432.0,85
2023-05-11 09:01:43,CF311P13600,CF311P13600,70.0,0.0,0.0,0.0,10,28.0,892.0,10,63.0,73.0,73.0,70.0,6.0,432.0,85
2023-05-11 09:01:43,CF311P13600,CF311P13600,70.0,0.0,0.0,0.0,10,28.0,889.0,1,63.0,73.0,73.0,70.0,6.0,432.0,85
2023-05-11 09:01:44,CF311P13600,CF311P13600,70.0,0.0,0.0,0.0,10,28.0,888.0,10,63.0,73.0,73.0,70.0,6.0,432.0,85
2023-05-11 09:01:47,CF311P13600,CF311P13600,70.0,0.0,0.0,0.0,10,28.0,885.0,1,63.0,73.0,73.0,70.0,6.0,432.0,85
2023-05-11 09:01:48,CF311P13600,CF311P13600,70.0,0.0,0.0,0.0,10,28.0,884.0,10,63.0,73.0,73.0,70.0,6.0,432.0,85
2023-05-11 09:01:53,CF311P13600,CF311P13600,70.0,0.0,0.0,0.0,10,28.0,881.0,1,63.0,73.0,73.0,70.0,6.0,432.0,85
2023-05-11 09:01:53,CF311P13600,CF311P13600,70.0,0.0,0.0,0.0,10,28.0,880.0,10,63.0,73.0,73.0,70.0,6.0,432.0,85
2023-05-11 09:01:55,CF311P13600,CF311P13600,70.0,0.0,0.0,0.0,10,28.0,877.0,1,63.0,73.0,73.0,70.0,6.0,432.0,85
2023-05-11 09:01:55,CF311P13600,CF311P13600,70.0,0.0,0.0,0.0,10,28.0,876.0,10,63.0,73.0,73.0,70.0,6.0,432.0,85
2023-05-11 09:01:56,CF311P13600,CF311P13600,70.0,0.0,0.0,0.0,10,28.0,873.0,1,63.0,73.0,73.0,70.0,6.0,432.0,85
2023-05-11 09:01:57,CF311P13600,CF311P13600,70.0,0.0,0.0,0.0,10,28.0,872.0,10,63.0,73.0,73.0,70.0,6.0,432.0,85
2023-05-11 09:02:02,CF311P13600,CF311P13600,70.0,0.0,0.0,0.0,10,28.0,869.0,1,63.0,73.0,73.0,70.0,6.0,432.0,85
2023-05-11 09:02:03,CF311P13600,CF311P13600,70.0,0.0,0.0,0.0,10,28.0,868.0,10,63.0,73.0,73.0,70.0,6.0,432.0,85
2023-05-11 09:02:08,CF311P13600,CF311P13600,70.0,0.0,0.0,0.0,10,28.0,865.0,1,63.0,73.0,73.0,70.0,6.0,432.0,85
2023-05-11 09:02:09,CF311P13600,CF311P13600,70.0,0.0,0.0,0.0,10,28.0,864.0,10,63.0,73.0,73.0,70.0,6.0,432.0,85
2023-05-11 09:02:12,CF311P13600,CF311P13600,70.0,0.0,0.0,0.0,10,28.0,861.0,1,63.0,73.0,73.0,70.0,6.0,432.0,85
2023-05-11 09:02:12,CF311P13600,CF311P13600,70.0,0.0,0.0,0.0,10,28.0,860.0,10,63.0,73.0,73.0,70.0,6.0,432.0,85
2023-05-11 09:02:12,CF311P13600,CF311P13600,70.0,0.0,0.0,0.0,10,28.0,857.0,1,63.0,73.0,73.0,70.0,6.0,432.0,85
2023-05-11 09:02:13,CF311P13600,CF311P13600,70.0,0.0,0.0,0.0,10,28.0,856.0,10,63.0,73.0,73.0,70.0,6.0,432.0,85
2023-05-11 09:02:18,CF311P13600,CF311P13600,70.0,0.0,0.0,0.0,10,28.0,853.0,1,63.0,73.0,73.0,70.0,6.0,432.0,85
2023-05-11 09:02:19,CF311P13600,CF311P13600,70.0,0.0,0.0,0.0,10,28.0,852.0,10,63.0,73.0,73.0,70.0,6.0,432.0,85
2023-05-11 09:02:20,CF311P13600,CF311P13600,70.0,0.0,0.0,0.0,10,28.0,849.0,1,63.0,73.0,73.0,70.0,6.0,432.0,85
2023-05-11 09:02:21,CF311P13600,CF311P13600,70.0,0.0,0.0,0.0,10,28.0,848.0,10,63.0,73.0,73.0,70.0,6.0,432.0,85
2023-05-11 09:02:21,CF311P13600,CF311P13600,70.0,0.0,0.0,0.0,10,28.0,845.0,1,63.0,73.0,73.0,70.0,6.0,432.0,85
2023-05-11 09:02:22,CF311P13600,CF311P13600,70.0,0.0,0.0,0.0,10,28.0,844.0,10,63.0,73.0,73.0,70.0,6.0,432.0,85
2023-05-11 09:02:24,CF311P13600,CF311P13600,70.0,0.0,0.0,0.0,2,29.0,841.0,1,63.0,73.0,73.0,70.0,6.0,432.0,85
2023-05-11 09:02:25,CF311P13600,CF311P13600,70.0,0.0,0.0,0.0,10,30.0,840.0,10,63.0,73.0,73.0,70.0,6.0,432.0,85
2023-05-11 09:02:26,CF311P13600,CF311P13600,70.0,0.0,0.0,0.0,10,30.0,837.0,1,63.0,73.0,73.0,70.0,6.0,432.0,85
2023-05-11 09:02:27,CF311P13600,CF311P13600,70.0,0.0,0.0,0.0,10,30.0,836.0,10,63.0,73.0,73.0,70.0,6.0,432.0,85
2023-05-11 09:02:28,CF311P13600,CF311P13600,70.0,0.0,0.0,0.0,2,31.0,836.0,10,63.0,73.0,73.0,70.0,6.0,432.0,85
2023-05-11 09:02:28,CF311P13600,CF311P13600,70.0,0.0,0.0,0.0,10,32.0,836.0,10,63.0,73.0,73.0,70.0,6.0,432.0,85
2023-05-11 09:02:29,CF311P13600,CF311P13600,70.0,0.0,0.0,0.0,10,32.0,833.0,1,63.0,73.0,73.0,70.0,6.0,432.0,85
2023-05-11 09:02:30,CF311P13600,CF311P13600,70.0,0.0,0.0,0.0,10,32.0,832.0,10,63.0,73.0,73.0,70.0,6.0,432.0,85
2023-05-11 09:02:30,CF311P13600,CF311P13600,70.0,0.0,0.0,0.0,10,32.0,829.0,1,63.0,73.0,73.0,70.0,6.0,432.0,85
2023-05-11 09:02:31,CF311P13600,CF311P13600,70.0,0.0,0.0,0.0,10,32.0,828.0,10,63.0,73.0,73.0,70.0,6.0,432.0,85
2023-05-11 09:02:34,CF311P13600,CF311P13600,70.0,0.0,0.0,0.0,10,32.0,825.0,1,63.0,73.0,73.0,70.0,6.0,432.0,85
2023-05-11 09:02:35,CF311P13600,CF311P13600,70.0,0.0,0.0,0.0,10,32.0,824.0,10,63.0,73.0,73.0,70.0,6.0,432.0,85
2023-05-11 09:02:38,CF311P13600,CF311P13600,70.0,0.0,0.0,0.0,10,32.0,821.0,1,63.0,73.0,73.0,70.0,6.0,432.0,85
2023-05-11 09:02:39,CF311P13600,CF311P13600,70.0,0.0,0.0,0.0,10,32.0,820.0,10,63.0,73.0,73.0,70.0,6.0,432.0,85
2023-05-11 09:02:40,CF311P13600,CF311P13600,70.0,0.0,0.0,0.0,10,32.0,817.0,1,63.0,73.0,73.0,70.0,6.0,432.0,85
2023-05-11 09:02:41,CF311P13600,CF311P13600,70.0,0.0,0.0,0.0,10,32.0,816.0,10,63.0,73.0,73.0,70.0,6.0,432.0,85
2023-05-11 09:02:41,CF311P13600,CF311P13600,70.0,0.0,0.0,0.0,10,32.0,813.0,1,63.0,73.0,73.0,70.0,6.0,432.0,85
2023-05-11 09:02:42,CF311P13600,CF311P13600,70.0,0.0,0.0,0.0,10,32.0,812.0,10,63.0,73.0,73.0,70.0,6.0,432.0,85
2023-05-11 09:02:42,CF311P13600,CF311P13600,70.0,0.0,0.0,0.0,10,32.0,809.0,1,63.0,73.0,73.0,70.0,6.0,432.0,85
2023-05-11 09:02:43,CF311P13600,CF311P13600,70.0,0.0,0.0,0.0,10,32.0,808.0,10,63.0,73.0,73.0,70.0,6.0,432.0,85
2023-05-11 09:02:44,CF311P13600,CF311P13600,70.0,0.0,0.0,0.0,10,32.0,805.0,1,63.0,73.0,73.0,70.0,6.0,432.0,85
2023-05-11 09:02:44,CF311P13600,CF311P13600,70.0,0.0,0.0,0.0,10,32.0,804.0,10,63.0,73.0,73.0,70.0,6.0,432.0,85
2023-05-11 09:02:47,CF311P13600,CF311P13600,70.0,0.0,0.0,0.0,10,32.0,801.0,1,63.0,73.0,73.0,70.0,6.0,432.0,85
2023-05-11 09:02:48,CF311P13600,CF311P13600,70.0,0.0,0.0,0.0,10,32.0,800.0,10,63.0,73.0,73.0,70.0,6.0,432.0,85
2023-05-11 09:02:48,CF311P13600,CF311P13600,70.0,0.0,0.0,0.0,10,32.0,797.0,1,63.0,73.0,73.0,70.0,6.0,432.0,85
2023-05-11 09:02:49,CF311P13600,CF311P13600,70.0,0.0,0.0,0.0,10,32.0,796.0,10,63.0,73.0,73.0,70.0,6.0,432.0,85
2023-05-11 09:02:50,CF311P13600,CF311P13600,70.0,0.0,0.0,0.0,10,32.0,793.0,1,63.0,73.0,73.0,70.0,6.0,432.0,85
2023-05-11 09:02:50,CF311P13600,CF311P13600,70.0,0.0,0.0,0.0,10,32.0,792.0,10,63.0,73.0,73.0,70.0,6.0,432.0,85
2023-05-11 09:02:53,CF311P13600,CF311P13600,70.0,0.0,0.0,0.0,10,32.0,789.0,1,63.0,73.0,73.0,70.0,6.0,432.0,85
2023-05-11 09:02:54,CF311P13600,CF311P13600,70.0,0.0,0.0,0.0,10,32.0,788.0,10,63.0,73.0,73.0,70.0,6.0,432.0,85
2023-05-11 09:02:54,CF311P13600,CF311P13600,70.0,0.0,0.0,0.0,10,32.0,785.0,1,63.0,73.0,73.0,70.0,6.0,432.0,85
2023-05-11 09:02:55,CF311P13600,CF311P13600,70.0,0.0,0.0,0.0,10,32.0,784.0,10,63.0,73.0,73.0,70.0,6.0,432.0,85
2023-05-11 09:02:56,CF311P13600,CF311P13600,70.0,0.0,0.0,0.0,10,32.0,781.0,1,63.0,73.0,73.0,70.0,6.0,432.0,85
2023-05-11 09:02:56,CF311P13600,CF311P13600,70.0,0.0,0.0,0.0,10,32.0,780.0,10,63.0,73.0,73.0,70.0,6.0,432.0,85
2023-05-11 09:02:57,CF311P13600,CF311P13600,70.0,0.0,0.0,0.0,10,32.0,777.0,1,63.0,73.0,73.0,70.0,6.0,432.0,85
2023-05-11 09:02:57,CF311P13600,CF311P13600,70.0,0.0,0.0,0.0,10,32.0,776.0,10,63.0,73.0,73.0,70.0,6.0,432.0,85
2023-05-11 09:03:01,CF311P13600,CF311P13600,70.0,0.0,0.0,0.0,10,32.0,773.0,1,63.0,73.0,73.0,70.0,6.0,432.0,85
2023-05-11 09:03:01,CF311P13600,CF311P13600,70.0,0.0,0.0,0.0,10,32.0,772.0,10,63.0,73.0,73.0,70.0,6.0,432.0,85
2023-05-11 09:03:02,CF311P13600,CF311P13600,70.0,0.0,0.0,0.0,10,32.0,769.0,1,63.0,73.0,73.0,70.0,6.0,432.0,85
2023-05-11 09:03:02,CF311P13600,CF311P13600,70.0,0.0,0.0,0.0,10,32.0,768.0,10,63.0,73.0,73.0,70.0,6.0,432.0,85
2023-05-11 09:03:03,CF311P13600,CF311P13600,70.0,0.0,0.0,0.0,10,32.0,765.0,1,63.0,73.0,73.0,70.0,6.0,432.0,85
2023-05-11 09:03:03,CF311P13600,CF311P13600,70.0,0.0,0.0,0.0,10,32.0,764.0,10,63.0,73.0,73.0,70.0,6.0,432.0,85
2023-05-11 09:03:05,CF311P13600,CF311P13600,70.0,0.0,0.0,0.0,10,32.0,761.0,1,63.0,73.0,73.0,70.0,6.0,432.0,85
2023-05-11 09:03:05,CF311P13600,CF311P13600,70.0,0.0,0.0,0.0,10,32.0,760.0,10,63.0,73.0,73.0,70.0,6.0,432.0,85
2023-05-11 09:03:05,CF311P13600,CF311P13600,70.0,0.0,0.0,0.0,10,32.0,757.0,1,63.0,73.0,73.0,70.0,6.0,432.0,85
2023-05-11 09:03:06,CF311P13600,CF311P13600,70.0,0.0,0.0,0.0,10,32.0,756.0,10,63.0,73.0,73.0,70.0,6.0,432.0,85
2023-05-11 09:03:10,CF311P13600,CF311P13600,70.0,0.0,0.0,0.0,10,32.0,753.0,1,63.0,73.0,73.0,70.0,6.0,432.0,85
2023-05-11 09:03:10,CF311P13600,CF311P13600,70.0,0.0,0.0,0.0,10,32.0,752.0,10,63.0,73.0,73.0,70.0,6.0,432.0,85
2023-05-11 09:03:12,CF311P13600,CF311P13600,70.0,0.0,0.0,0.0,10,32.0,749.0,1,63.0,73.0,73.0,70.0,6.0,432.0,85
2023-05-11 09:03:12,CF311P13600,CF311P13600,70.0,0.0,0.0,0.0,10,32.0,748.0,10,63.0,73.0,73.0,70.0,6.0,432.0,85
2023-05-11 09:03:17,CF311P13600,CF311P13600,70.0,0.0,0.0,0.0,10,32.0,745.0,1,63.0,73.0,73.0,70.0,6.0,432.0,85
2023-05-11 09:03:17,CF311P13600,CF311P13600,70.0,0.0,0.0,0.0,10,32.0,744.0,10,63.0,73.0,73.0,70.0,6.0,432.0,85
2023-05-11 09:03:18,CF311P13600,CF311P13600,70.0,0.0,0.0,0.0,10,32.0,741.0,1,63.0,73.0,73.0,70.0,6.0,432.0,85
2023-05-11 09:03:18,CF311P13600,CF311P13600,70.0,0.0,0.0,0.0,10,32.0,740.0,10,63.0,73.0,73.0,70.0,6.0,432.0,85
2023-05-11 09:03:19,CF311P13600,CF311P13600,70.0,0.0,0.0,0.0,10,32.0,737.0,1,63.0,73.0,73.0,70.0,6.0,432.0,85
2023-05-11 09:03:19,CF311P13600,CF311P13600,70.0,0.0,0.0,0.0,10,32.0,736.0,10,63.0,73.0,73.0,70.0,6.0,432.0,85
2023-05-11 09:03:20,CF311P13600,CF311P13600,70.0,0.0,0.0,0.0,10,32.0,733.0,1,63.0,73.0,73.0,70.0,6.0,432.0,85
2023-05-11 09:03:20,CF311P13600,CF311P13600,70.0,0.0,0.0,0.0,10,32.0,732.0,10,63.0,73.0,73.0,70.0,6.0,432.0,85
2023-05-11 09:03:21,CF311P13600,CF311P13600,70.0,0.0,0.0,0.0,10,32.0,729.0,1,63.0,73.0,73.0,70.0,6.0,432.0,85
2023-05-11 09:03:21,CF311P13600,CF311P13600,70.0,0.0,0.0,0.0,10,32.0,728.0,10,63.0,73.0,73.0,70.0,6.0,432.0,85
2023-05-11 09:03:24,CF311P13600,CF311P13600,70.0,0.0,0.0,0.0,10,32.0,725.0,1,63.0,73.0,73.0,70.0,6.0,432.0,85
2023-05-11 09:03:24,CF311P13600,CF311P13600,70.0,0.0,0.0,0.0,10,32.0,724.0,10,63.0,73.0,73.0,70.0,6.0,432.0,85
2023-05-11 09:03:28,CF311P13600,CF311P13600,70.0,0.0,0.0,0.0,10,32.0,721.0,1,63.0,73.0,73.0,70.0,6.0,432.0,85
2023-05-11 09:03:28,CF311P13600,CF311P13600,70.0,0.0,0.0,0.0,10,32.0,720.0,10,63.0,73.0,73.0,70.0,6.0,432.0,85
2023-05-11 09:03:31,CF311P13600,CF311P13600,70.0,0.0,0.0,0.0,10,32.0,717.0,1,63.0,73.0,73.0,70.0,6.0,432.0,85
2023-05-11 09:03:31,CF311P13600,CF311P13600,70.0,0.0,0.0,0.0,10,32.0,716.0,10,63.0,73.0,73.0,70.0,6.0,432.0,85
2023-05-11 09:03:35,CF311P13600,CF311P13600,70.0,0.0,0.0,0.0,10,32.0,713.0,1,63.0,73.0,73.0,70.0,6.0,432.0,85
2023-05-11 09:03:35,CF311P13600,CF311P13600,70.0,0.0,0.0,0.0,10,32.0,712.0,10,63.0,73.0,73.0,70.0,6.0,432.0,85
2023-05-11 09:03:36,CF311P13600,CF311P13600,70.0,0.0,0.0,0.0,10,32.0,709.0,1,63.0,73.0,73.0,70.0,6.0,432.0,85
2023-05-11 09:03:36,CF311P13600,CF311P13600,70.0,0.0,0.0,0.0,10,32.0,708.0,10,63.0,73.0,73.0,70.0,6.0,432.0,85
2023-05-11 09:03:39,CF311P13600,CF311P13600,70.0,0.0,0.0,0.0,10,32.0,705.0,1,63.0,73.0,73.0,70.0,6.0,432.0,85
2023-05-11 09:03:39,CF311P13600,CF311P13600,70.0,0.0,0.0,0.0,10,32.0,704.0,10,63.0,73.0,73.0,70.0,6.0,432.0,85
2023-05-11 09:03:42,CF311P13600,CF311P13600,70.0,0.0,0.0,0.0,10,32.0,701.0,1,63.0,73.0,73.0,70.0,6.0,432.0,85
2023-05-11 09:03:42,CF311P13600,CF311P13600,70.0,0.0,0.0,0.0,10,32.0,700.0,10,63.0,73.0,73.0,70.0,6.0,432.0,85
2023-05-11 09:03:45,CF311P13600,CF311P13600,70.0,0.0,0.0,0.0,10,32.0,697.0,1,63.0,73.0,73.0,70.0,6.0,432.0,85
2023-05-11 09:03:45,CF311P13600,CF311P13600,70.0,0.0,0.0,0.0,10,32.0,696.0,10,63.0,73.0,73.0,70.0,6.0,432.0,85
2023-05-11 09:03:48,CF311P13600,CF311P13600,70.0,0.0,0.0,0.0,10,32.0,693.0,1,63.0,73.0,73.0,70.0,6.0,432.0,85
2023-05-11 09:03:48,CF311P13600,CF311P13600,70.0,0.0,0.0,0.0,10,32.0,692.0,10,63.0,73.0,73.0,70.0,6.0,432.0,85
2023-05-11 09:03:51,CF311P13600,CF311P13600,70.0,0.0,0.0,0.0,10,32.0,689.0,1,63.0,73.0,73.0,70.0,6.0,432.0,85
2023-05-11 09:03:51,CF311P13600,CF311P13600,70.0,0.0,0.0,0.0,10,32.0,688.0,10,63.0,73.0,73.0,70.0,6.0,432.0,85
2023-05-11 09:03:54,CF311P13600,CF311P13600,70.0,0.0,0.0,0.0,10,32.0,687.0,1,63.0,73.0,73.0,70.0,6.0,432.0,85
2023-05-11 09:03:54,CF311P13600,CF311P13600,70.0,0.0,0.0,0.0,10,32.0,683.0,10,63.0,73.0,73.0,70.0,6.0,432.0,85
2023-05-11 09:03:55,CF311P13600,CF311P13600,70.0,0.0,0.0,0.0,10,32.0,680.0,1,63.0,73.0,73.0,70.0,6.0,432.0,85
2023-05-11 09:03:55,CF311P13600,CF311P13600,70.0,0.0,0.0,0.0,10,32.0,679.0,10,63.0,73.0,73.0,70.0,6.0,432.0,85
2023-05-11 09:03:57,CF311P13600,CF311P13600,70.0,0.0,0.0,0.0,10,32.0,676.0,1,63.0,73.0,73.0,70.0,6.0,432.0,85
2023-05-11 09:03:57,CF311P13600,CF311P13600,70.0,0.0,0.0,0.0,10,32.0,675.0,10,63.0,73.0,73.0,70.0,6.0,432.0,85
2023-05-11 09:04:00,CF311P13600,CF311P13600,70.0,0.0,0.0,0.0,10,32.0,672.0,1,63.0,73.0,73.0,70.0,6.0,432.0,85
2023-05-11 09:04:00,CF311P13600,CF311P13600,70.0,0.0,0.0,0.0,10,32.0,671.0,10,63.0,73.0,73.0,70.0,6.0,432.0,85
2023-05-11 09:04:01,CF311P13600,CF311P13600,70.0,0.0,0.0,0.0,10,32.0,668.0,1,63.0,73.0,73.0,70.0,6.0,432.0,85
2023-05-11 09:04:02,CF311P13600,CF311P13600,70.0,0.0,0.0,0.0,10,32.0,667.0,10,63.0,73.0,73.0,70.0,6.0,432.0,85
2023-05-11 09:04:03,CF311P13600,CF311P13600,70.0,0.0,0.0,0.0,10,32.0,664.0,1,63.0,73.0,73.0,70.0,6.0,432.0,85
2023-05-11 09:04:03,CF311P13600,CF311P13600,70.0,0.0,0.0,0.0,10,32.0,663.0,10,63.0,73.0,73.0,70.0,6.0,432.0,85
2023-05-11 09:04:04,CF311P13600,CF311P13600,70.0,0.0,0.0,0.0,10,32.0,660.0,1,63.0,73.0,73.0,70.0,6.0,432.0,85
2023-05-11 09:04:04,CF311P13600,CF311P13600,70.0,0.0,0.0,0.0,10,32.0,659.0,10,63.0,73.0,73.0,70.0,6.0,432.0,85
2023-05-11 09:04:05,CF311P13600,CF311P13600,70.0,0.0,0.0,0.0,10,32.0,656.0,1,63.0,73.0,73.0,70.0,6.0,432.0,85
2023-05-11 09:04:05,CF311P13600,CF311P13600,70.0,0.0,0.0,0.0,10,32.0,655.0,10,63.0,73.0,73.0,70.0,6.0,432.0,85
2023-05-11 09:04:07,CF311P13600,CF311P13600,70.0,0.0,0.0,0.0,10,32.0,652.0,1,63.0,73.0,73.0,70.0,6.0,432.0,85
2023-05-11 09:04:07,CF311P13600,CF311P13600,70.0,0.0,0.0,0.0,10,32.0,651.0,10,63.0,73.0,73.0,70.0,6.0,432.0,85
2023-05-11 09:04:11,CF311P13600,CF311P13600,70.0,0.0,0.0,0.0,10,32.0,648.0,1,63.0,73.0,73.0,70.0,6.0,432.0,85
2023-05-11 09:04:11,CF311P13600,CF311P13600,70.0,0.0,0.0,0.0,10,32.0,647.0,10,63.0,73.0,73.0,70.0,6.0,432.0,85
2023-05-11 09:04:12,CF311P13600,CF311P13600,70.0,0.0,0.0,0.0,10,32.0,644.0,1,63.0,73.0,73.0,70.0,6.0,432.0,85
2023-05-11 09:04:12,CF311P13600,CF311P13600,70.0,0.0,0.0,0.0,10,32.0,643.0,10,63.0,73.0,73.0,70.0,6.0,432.0,85
2023-05-11 09:04:12,CF311P13600,CF311P13600,70.0,0.0,0.0,0.0,10,32.0,640.0,1,63.0,73.0,73.0,70.0,6.0,432.0,85
2023-05-11 09:04:13,CF311P13600,CF311P13600,70.0,0.0,0.0,0.0,10,32.0,639.0,10,63.0,73.0,73.0,70.0,6.0,432.0,85
2023-05-11 09:04:13,CF311P13600,CF311P13600,70.0,0.0,0.0,0.0,10,32.0,636.0,1,63.0,73.0,73.0,70.0,6.0,432.0,85
2023-05-11 09:04:14,CF311P13600,CF311P13600,70.0,0.0,0.0,0.0,10,32.0,635.0,10,63.0,73.0,73.0,70.0,6.0,432.0,85
2023-05-11 09:04:14,CF311P13600,CF311P13600,70.0,0.0,0.0,0.0,10,32.0,632.0,1,63.0,73.0,73.0,70.0,6.0,432.0,85
2023-05-11 09:04:15,CF311P13600,CF311P13600,70.0,0.0,0.0,0.0,10,32.0,631.0,10,63.0,73.0,73.0,70.0,6.0,432.0,85
2023-05-11 09:04:17,CF311P13600,CF311P13600,70.0,0.0,0.0,0.0,10,32.0,628.0,1,63.0,73.0,73.0,70.0,6.0,432.0,85
2023-05-11 09:04:17,CF311P13600,CF311P13600,70.0,0.0,0.0,0.0,10,32.0,627.0,10,63.0,73.0,73.0,70.0,6.0,432.0,85
2023-05-11 09:04:18,CF311P13600,CF311P13600,70.0,0.0,0.0,0.0,10,32.0,624.0,1,63.0,73.0,73.0,70.0,6.0,432.0,85
2023-05-11 09:04:18,CF311P13600,CF311P13600,70.0,0.0,0.0,0.0,10,32.0,623.0,10,63.0,73.0,73.0,70.0,6.0,432.0,85
2023-05-11 09:04:20,CF311P13600,CF311P13600,70.0,0.0,0.0,0.0,10,32.0,620.0,1,63.0,73.0,73.0,70.0,6.0,432.0,85
2023-05-11 09:04:20,CF311P13600,CF311P13600,70.0,0.0,0.0,0.0,10,32.0,619.0,10,63.0,73.0,73.0,70.0,6.0,432.0,85
2023-05-11 09:04:23,CF311P13600,CF311P13600,70.0,0.0,0.0,0.0,10,32.0,616.0,1,63.0,73.0,73.0,70.0,6.0,432.0,85
2023-05-11 09:04:23,CF311P13600,CF311P13600,70.0,0.0,0.0,0.0,10,32.0,615.0,10,63.0,73.0,73.0,70.0,6.0,432.0,85
2023-05-11 09:04:26,CF311P13600,CF311P13600,70.0,0.0,0.0,0.0,10,32.0,612.0,1,63.0,73.0,73.0,70.0,6.0,432.0,85
2023-05-11 09:04:26,CF311P13600,CF311P13600,70.0,0.0,0.0,0.0,10,32.0,611.0,10,63.0,73.0,73.0,70.0,6.0,432.0,85
2023-05-11 09:04:27,CF311P13600,CF311P13600,70.0,0.0,0.0,0.0,10,32.0,608.0,1,63.0,73.0,73.0,70.0,6.0,432.0,85
2023-05-11 09:04:27,CF311P13600,CF311P13600,70.0,0.0,0.0,0.0,10,32.0,607.0,10,63.0,73.0,73.0,70.0,6.0,432.0,85
2023-05-11 09:04:28,CF311P13600,CF311P13600,70.0,0.0,0.0,0.0,10,32.0,604.0,1,63.0,73.0,73.0,70.0,6.0,432.0,85
2023-05-11 09:04:28,CF311P13600,CF311P13600,70.0,0.0,0.0,0.0,10,32.0,603.0,10,63.0,73.0,73.0,70.0,6.0,432.0,85
2023-05-11 09:04:29,CF311P13600,CF311P13600,70.0,0.0,0.0,0.0,10,32.0,600.0,1,63.0,73.0,73.0,70.0,6.0,432.0,85
2023-05-11 09:04:29,CF311P13600,CF311P13600,70.0,0.0,0.0,0.0,10,32.0,599.0,10,63.0,73.0,73.0,70.0,6.0,432.0,85
2023-05-11 09:04:32,CF311P13600,CF311P13600,70.0,0.0,0.0,0.0,10,32.0,596.0,1,63.0,73.0,73.0,70.0,6.0,432.0,85
2023-05-11 09:04:32,CF311P13600,CF311P13600,70.0,0.0,0.0,0.0,10,32.0,595.0,10,63.0,73.0,73.0,70.0,6.0,432.0,85
2023-05-11 09:04:33,CF311P13600,CF311P13600,70.0,0.0,0.0,0.0,10,32.0,592.0,1,63.0,73.0,73.0,70.0,6.0,432.0,85
2023-05-11 09:04:33,CF311P13600,CF311P13600,70.0,0.0,0.0,0.0,10,32.0,591.0,10,63.0,73.0,73.0,70.0,6.0,432.0,85
2023-05-11 09:04:34,CF311P13600,CF311P13600,70.0,0.0,0.0,0.0,10,32.0,588.0,1,63.0,73.0,73.0,70.0,6.0,432.0,85
2023-05-11 09:04:34,CF311P13600,CF311P13600,70.0,0.0,0.0,0.0,10,32.0,587.0,10,63.0,73.0,73.0,70.0,6.0,432.0,85
2023-05-11 09:04:35,CF311P13600,CF311P13600,70.0,0.0,0.0,0.0,10,32.0,584.0,1,63.0,73.0,73.0,70.0,6.0,432.0,85
2023-05-11 09:04:35,CF311P13600,CF311P13600,70.0,0.0,0.0,0.0,10,32.0,583.0,10,63.0,73.0,73.0,70.0,6.0,432.0,85
2023-05-11 09:04:36,CF311P13600,CF311P13600,70.0,0.0,0.0,0.0,10,32.0,580.0,1,63.0,73.0,73.0,70.0,6.0,432.0,85
2023-05-11 09:04:36,CF311P13600,CF311P13600,70.0,0.0,0.0,0.0,10,32.0,579.0,10,63.0,73.0,73.0,70.0,6.0,432.0,85
2023-05-11 09:04:37,CF311P13600,CF311P13600,70.0,0.0,0.0,0.0,10,32.0,576.0,1,63.0,73.0,73.0,70.0,6.0,432.0,85
2023-05-11 09:04:37,CF311P13600,CF311P13600,70.0,0.0,0.0,0.0,10,32.0,575.0,10,63.0,73.0,73.0,70.0,6.0,432.0,85
2023-05-11 09:04:38,CF311P13600,CF311P13600,70.0,0.0,0.0,0.0,10,32.0,572.0,1,63.0,73.0,73.0,70.0,6.0,432.0,85
2023-05-11 09:04:38,CF311P13600,CF311P13600,70.0,0.0,0.0,0.0,10,32.0,571.0,10,63.0,73.0,73.0,70.0,6.0,432.0,85
2023-05-11 09:04:39,CF311P13600,CF311P13600,70.0,0.0,0.0,0.0,10,32.0,568.0,1,63.0,73.0,73.0,70.0,6.0,432.0,85
2023-05-11 09:04:39,CF311P13600,CF311P13600,70.0,0.0,0.0,0.0,10,32.0,567.0,10,63.0,73.0,73.0,70.0,6.0,432.0,85
2023-05-11 09:04:40,CF311P13600,CF311P13600,70.0,0.0,0.0,0.0,10,32.0,564.0,1,63.0,73.0,73.0,70.0,6.0,432.0,85
2023-05-11 09:04:40,CF311P13600,CF311P13600,70.0,0.0,0.0,0.0,10,32.0,563.0,10,63.0,73.0,73.0,70.0,6.0,432.0,85
2023-05-11 09:04:42,CF311P13600,CF311P13600,70.0,0.0,0.0,0.0,10,32.0,560.0,1,63.0,73.0,73.0,70.0,6.0,432.0,85
2023-05-11 09:04:42,CF311P13600,CF311P13600,70.0,0.0,0.0,0.0,10,32.0,559.0,10,63.0,73.0,73.0,70.0,6.0,432.0,85
2023-05-11 09:04:44,CF311P13600,CF311P13600,70.0,0.0,0.0,0.0,10,32.0,556.0,1,63.0,73.0,73.0,70.0,6.0,432.0,85
2023-05-11 09:04:44,CF311P13600,CF311P13600,70.0,0.0,0.0,0.0,10,32.0,555.0,10,63.0,73.0,73.0,70.0,6.0,432.0,85
2023-05-11 09:04:45,CF311P13600,CF311P13600,70.0,0.0,0.0,0.0,10,32.0,552.0,1,63.0,73.0,73.0,70.0,6.0,432.0,85
2023-05-11 09:04:45,CF311P13600,CF311P13600,70.0,0.0,0.0,0.0,10,32.0,551.0,10,63.0,73.0,73.0,70.0,6.0,432.0,85
2023-05-11 09:04:48,CF311P13600,CF311P13600,70.0,0.0,0.0,0.0,10,32.0,548.0,1,63.0,73.0,73.0,70.0,6.0,432.0,85
2023-05-11 09:04:48,CF311P13600,CF311P13600,70.0,0.0,0.0,0.0,10,32.0,547.0,10,63.0,73.0,73.0,70.0,6.0,432.0,85
2023-05-11 09:04:49,CF311P13600,CF311P13600,70.0,0.0,0.0,0.0,10,32.0,544.0,1,63.0,73.0,73.0,70.0,6.0,432.0,85
2023-05-11 09:04:49,CF311P13600,CF311P13600,70.0,0.0,0.0,0.0,10,32.0,543.0,10,63.0,73.0,73.0,70.0,6.0,432.0,85
2023-05-11 09:04:50,CF311P13600,CF311P13600,70.0,0.0,0.0,0.0,10,32.0,540.0,1,63.0,73.0,73.0,70.0,6.0,432.0,85
2023-05-11 09:04:50,CF311P13600,CF311P13600,70.0,0.0,0.0,0.0,10,32.0,539.0,10,63.0,73.0,73.0,70.0,6.0,432.0,85
2023-05-11 09:04:51,CF311P13600,CF311P13600,70.0,0.0,0.0,0.0,10,32.0,536.0,1,63.0,73.0,73.0,70.0,6.0,432.0,85
2023-05-11 09:04:51,CF311P13600,CF311P13600,70.0,0.0,0.0,0.0,10,32.0,535.0,10,63.0,73.0,73.0,70.0,6.0,432.0,85
2023-05-11 09:04:52,CF311P13600,CF311P13600,70.0,0.0,0.0,0.0,10,32.0,532.0,1,63.0,73.0,73.0,70.0,6.0,432.0,85
2023-05-11 09:04:52,CF311P13600,CF311P13600,70.0,0.0,0.0,0.0,10,32.0,531.0,10,63.0,73.0,73.0,70.0,6.0,432.0,85
2023-05-11 09:04:52,CF311P13600,CF311P13600,70.0,0.0,0.0,0.0,10,32.0,528.0,1,63.0,73.0,73.0,70.0,6.0,432.0,85
2023-05-11 09:04:53,CF311P13600,CF311P13600,70.0,0.0,0.0,0.0,10,32.0,527.0,10,63.0,73.0,73.0,70.0,6.0,432.0,85
2023-05-11 09:04:53,CF311P13600,CF311P13600,70.0,0.0,0.0,0.0,10,32.0,524.0,1,63.0,73.0,73.0,70.0,6.0,432.0,85
2023-05-11 09:04:54,CF311P13600,CF311P13600,70.0,0.0,0.0,0.0,10,32.0,523.0,10,63.0,73.0,73.0,70.0,6.0,432.0,85
2023-05-11 09:04:54,CF311P13600,CF311P13600,70.0,0.0,0.0,0.0,10,32.0,520.0,1,63.0,73.0,73.0,70.0,6.0,432.0,85
2023-05-11 09:04:55,CF311P13600,CF311P13600,70.0,0.0,0.0,0.0,10,32.0,519.0,10,63.0,73.0,73.0,70.0,6.0,432.0,85
2023-05-11 09:04:55,CF311P13600,CF311P13600,70.0,0.0,0.0,0.0,10,32.0,516.0,1,63.0,73.0,73.0,70.0,6.0,432.0,85
2023-05-11 09:04:56,CF311P13600,CF311P13600,70.0,0.0,0.0,0.0,10,32.0,515.0,10,63.0,73.0,73.0,70.0,6.0,432.0,85
2023-05-11 09:04:56,CF311P13600,CF311P13600,70.0,0.0,0.0,0.0,10,32.0,512.0,1,63.0,73.0,73.0,70.0,6.0,432.0,85
2023-05-11 09:04:57,CF311P13600,CF311P13600,70.0,0.0,0.0,0.0,10,32.0,511.0,10,63.0,73.0,73.0,70.0,6.0,432.0,85
2023-05-11 09:04:58,CF311P13600,CF311P13600,70.0,0.0,0.0,0.0,10,32.0,508.0,1,63.0,73.0,73.0,70.0,6.0,432.0,85
2023-05-11 09:04:58,CF311P13600,CF311P13600,70.0,0.0,0.0,0.0,10,32.0,507.0,10,63.0,73.0,73.0,70.0,6.0,432.0,85
2023-05-11 09:04:58,CF311P13600,CF311P13600,70.0,0.0,0.0,0.0,10,32.0,504.0,1,63.0,73.0,73.0,70.0,6.0,432.0,85
2023-05-11 09:04:59,CF311P13600,CF311P13600,70.0,0.0,0.0,0.0,10,32.0,503.0,10,63.0,73.0,73.0,70.0,6.0,432.0,85
2023-05-11 09:05:00,CF311P13600,CF311P13600,70.0,0.0,0.0,0.0,10,32.0,500.0,1,63.0,73.0,73.0,70.0,6.0,432.0,85
2023-05-11 09:05:00,CF311P13600,CF311P13600,70.0,0.0,0.0,0.0,10,32.0,499.0,10,63.0,73.0,73.0,70.0,6.0,432.0,85
2023-05-11 09:05:01,CF311P13600,CF311P13600,70.0,0.0,0.0,0.0,10,32.0,496.0,1,63.0,73.0,73.0,70.0,6.0,432.0,85
2023-05-11 09:05:01,CF311P13600,CF311P13600,70.0,0.0,0.0,0.0,10,32.0,495.0,10,63.0,73.0,73.0,70.0,6.0,432.0,85
2023-05-11 09:05:02,CF311P13600,CF311P13600,70.0,0.0,0.0,0.0,10,32.0,492.0,1,63.0,73.0,73.0,70.0,6.0,432.0,85
2023-05-11 09:05:02,CF311P13600,CF311P13600,70.0,0.0,0.0,0.0,10,32.0,491.0,10,63.0,73.0,73.0,70.0,6.0,432.0,85
2023-05-11 09:05:03,CF311P13600,CF311P13600,70.0,0.0,0.0,0.0,10,32.0,488.0,1,63.0,73.0,73.0,70.0,6.0,432.0,85
2023-05-11 09:05:03,CF311P13600,CF311P13600,70.0,0.0,0.0,0.0,10,32.0,487.0,10,63.0,73.0,73.0,70.0,6.0,432.0,85
2023-05-11 09:05:04,CF311P13600,CF311P13600,70.0,0.0,0.0,0.0,10,32.0,484.0,1,63.0,73.0,73.0,70.0,6.0,432.0,85
2023-05-11 09:05:04,CF311P13600,CF311P13600,70.0,0.0,0.0,0.0,10,32.0,483.0,10,63.0,73.0,73.0,70.0,6.0,432.0,85
2023-05-11 09:05:05,CF311P13600,CF311P13600,70.0,0.0,0.0,0.0,10,32.0,480.0,1,63.0,73.0,73.0,70.0,6.0,432.0,85
2023-05-11 09:05:05,CF311P13600,CF311P13600,70.0,0.0,0.0,0.0,10,32.0,479.0,10,63.0,73.0,73.0,70.0,6.0,432.0,85
2023-05-11 09:05:06,CF311P13600,CF311P13600,70.0,0.0,0.0,0.0,10,32.0,476.0,1,63.0,73.0,73.0,70.0,6.0,432.0,85
2023-05-11 09:05:06,CF311P13600,CF311P13600,70.0,0.0,0.0,0.0,10,32.0,475.0,10,63.0,73.0,73.0,70.0,6.0,432.0,85
2023-05-11 09:05:07,CF311P13600,CF311P13600,70.0,0.0,0.0,0.0,10,32.0,472.0,1,63.0,73.0,73.0,70.0,6.0,432.0,85
2023-05-11 09:05:07,CF311P13600,CF311P13600,70.0,0.0,0.0,0.0,10,32.0,471.0,10,63.0,73.0,73.0,70.0,6.0,432.0,85
2023-05-11 09:05:08,CF311P13600,CF311P13600,70.0,0.0,0.0,0.0,10,32.0,468.0,1,63.0,73.0,73.0,70.0,6.0,432.0,85
2023-05-11 09:05:08,CF311P13600,CF311P13600,70.0,0.0,0.0,0.0,10,32.0,467.0,10,63.0,73.0,73.0,70.0,6.0,432.0,85
2023-05-11 09:05:09,CF311P13600,CF311P13600,70.0,0.0,0.0,0.0,10,32.0,464.0,1,63.0,73.0,73.0,70.0,6.0,432.0,85
2023-05-11 09:05:09,CF311P13600,CF311P13600,70.0,0.0,0.0,0.0,10,32.0,463.0,10,63.0,73.0,73.0,70.0,6.0,432.0,85
2023-05-11 09:05:10,CF311P13600,CF311P13600,70.0,0.0,0.0,0.0,10,32.0,460.0,1,63.0,73.0,73.0,70.0,6.0,432.0,85
2023-05-11 09:05:10,CF311P13600,CF311P13600,70.0,0.0,0.0,0.0,10,32.0,459.0,10,63.0,73.0,73.0,70.0,6.0,432.0,85
2023-05-11 09:05:11,CF311P13600,CF311P13600,70.0,0.0,0.0,0.0,10,32.0,456.0,1,63.0,73.0,73.0,70.0,6.0,432.0,85
2023-05-11 09:05:11,CF311P13600,CF311P13600,70.0,0.0,0.0,0.0,10,32.0,455.0,10,63.0,73.0,73.0,70.0,6.0,432.0,85
2023-05-11 09:05:12,CF311P13600,CF311P13600,70.0,0.0,0.0,0.0,10,32.0,452.0,1,63.0,73.0,73.0,70.0,6.0,432.0,85
2023-05-11 09:05:12,CF311P13600,CF311P13600,70.0,0.0,0.0,0.0,10,32.0,451.0,10,63.0,73.0,73.0,70.0,6.0,432.0,85
2023-05-11 09:05:13,CF311P13600,CF311P13600,70.0,0.0,0.0,0.0,10,32.0,448.0,1,63.0,73.0,73.0,70.0,6.0,432.0,85
2023-05-11 09:05:13,CF311P13600,CF311P13600,70.0,0.0,0.0,0.0,10,32.0,447.0,10,63.0,73.0,73.0,70.0,6.0,432.0,85
2023-05-11 09:05:14,CF311P13600,CF311P13600,70.0,0.0,0.0,0.0,10,32.0,444.0,1,63.0,73.0,73.0,70.0,6.0,432.0,85
2023-05-11 09:05:14,CF311P13600,CF311P13600,70.0,0.0,0.0,0.0,10,32.0,443.0,10,63.0,73.0,73.0,70.0,6.0,432.0,85
2023-05-11 09:05:15,CF311P13600,CF311P13600,70.0,0.0,0.0,0.0,10,32.0,440.0,1,63.0,73.0,73.0,70.0,6.0,432.0,85
2023-05-11 09:05:15,CF311P13600,CF311P13600,70.0,0.0,0.0,0.0,10,32.0,439.0,10,63.0,73.0,73.0,70.0,6.0,432.0,85
2023-05-11 09:05:16,CF311P13600,CF311P13600,70.0,0.0,0.0,0.0,10,32.0,436.0,1,63.0,73.0,73.0,70.0,6.0,432.0,85
2023-05-11 09:05:16,CF311P13600,CF311P13600,70.0,0.0,0.0,0.0,10,32.0,435.0,10,63.0,73.0,73.0,70.0,6.0,432.0,85
2023-05-11 09:05:17,CF311P13600,CF311P13600,70.0,0.0,0.0,0.0,10,32.0,432.0,1,63.0,73.0,73.0,70.0,6.0,432.0,85
2023-05-11 09:05:17,CF311P13600,CF311P13600,70.0,0.0,0.0,0.0,10,32.0,431.0,10,63.0,73.0,73.0,70.0,6.0,432.0,85
2023-05-11 09:05:18,CF311P13600,CF311P13600,70.0,0.0,0.0,0.0,10,32.0,428.0,1,63.0,73.0,73.0,70.0,6.0,432.0,85
2023-05-11 09:05:18,CF311P13600,CF311P13600,70.0,0.0,0.0,0.0,10,32.0,427.0,10,63.0,73.0,73.0,70.0,6.0,432.0,85
2023-05-11 09:05:19,CF311P13600,CF311P13600,70.0,0.0,0.0,0.0,10,32.0,424.0,1,63.0,73.0,73.0,70.0,6.0,432.0,85
2023-05-11 09:05:19,CF311P13600,CF311P13600,70.0,0.0,0.0,0.0,10,32.0,423.0,10,63.0,73.0,73.0,70.0,6.0,432.0,85
2023-05-11 09:05:20,CF311P13600,CF311P13600,70.0,0.0,0.0,0.0,10,32.0,420.0,1,63.0,73.0,73.0,70.0,6.0,432.0,85
2023-05-11 09:05:20,CF311P13600,CF311P13600,70.0,0.0,0.0,0.0,10,32.0,419.0,10,63.0,73.0,73.0,70.0,6.0,432.0,85
2023-05-11 09:05:21,CF311P13600,CF311P13600,70.0,0.0,0.0,0.0,10,32.0,416.0,1,63.0,73.0,73.0,70.0,6.0,432.0,85
2023-05-11 09:05:21,CF311P13600,CF311P13600,70.0,0.0,0.0,0.0,10,32.0,415.0,10,63.0,73.0,73.0,70.0,6.0,432.0,85
2023-05-11 09:05:22,CF311P13600,CF311P13600,70.0,0.0,0.0,0.0,10,32.0,412.0,1,63.0,73.0,73.0,70.0,6.0,432.0,85
2023-05-11 09:05:22,CF311P13600,CF311P13600,70.0,0.0,0.0,0.0,10,32.0,411.0,10,63.0,73.0,73.0,70.0,6.0,432.0,85
2023-05-11 09:05:23,CF311P13600,CF311P13600,70.0,0.0,0.0,0.0,10,32.0,408.0,1,63.0,73.0,73.0,70.0,6.0,432.0,85
2023-05-11 09:05:23,CF311P13600,CF311P13600,70.0,0.0,0.0,0.0,10,32.0,407.0,10,63.0,73.0,73.0,70.0,6.0,432.0,85
2023-05-11 09:05:24,CF311P13600,CF311P13600,70.0,0.0,0.0,0.0,10,32.0,404.0,1,63.0,73.0,73.0,70.0,6.0,432.0,85
2023-05-11 09:05:24,CF311P13600,CF311P13600,70.0,0.0,0.0,0.0,10,32.0,403.0,10,63.0,73.0,73.0,70.0,6.0,432.0,85
2023-05-11 09:05:25,CF311P13600,CF311P13600,70.0,0.0,0.0,0.0,10,32.0,400.0,1,63.0,73.0,73.0,70.0,6.0,432.0,85
2023-05-11 09:05:25,CF311P13600,CF311P13600,70.0,0.0,0.0,0.0,10,32.0,399.0,10,63.0,73.0,73.0,70.0,6.0,432.0,85
2023-05-11 09:05:26,CF311P13600,CF311P13600,70.0,0.0,0.0,0.0,10,32.0,396.0,1,63.0,73.0,73.0,70.0,6.0,432.0,85
2023-05-11 09:05:26,CF311P13600,CF311P13600,70.0,0.0,0.0,0.0,10,32.0,395.0,10,63.0,73.0,73.0,70.0,6.0,432.0,85
2023-05-11 09:05:27,CF311P13600,CF311P13600,70.0,0.0,0.0,0.0,10,32.0,392.0,1,63.0,73.0,73.0,70.0,6.0,432.0,85
2023-05-11 09:05:27,CF311P13600,CF311P13600,70.0,0.0,0.0,0.0,10,32.0,391.0,10,63.0,73.0,73.0,70.0,6.0,432.0,85
2023-05-11 09:05:28,CF311P13600,CF311P13600,70.0,0.0,0.0,0.0,10,32.0,388.0,1,63.0,73.0,73.0,70.0,6.0,432.0,85
2023-05-11 09:05:28,CF311P13600,CF311P13600,70.0,0.0,0.0,0.0,10,32.0,387.0,10,63.0,73.0,73.0,70.0,6.0,432.0,85
2023-05-11 09:05:29,CF311P13600,CF311P13600,70.0,0.0,0.0,0.0,10,32.0,384.0,1,63.0,73.0,73.0,70.0,6.0,432.0,85
2023-05-11 09:05:29,CF311P13600,CF311P13600,70.0,0.0,0.0,0.0,10,32.0,383.0,10,63.0,73.0,73.0,70.0,6.0,432.0,85
2023-05-11 09:05:30,CF311P13600,CF311P13600,70.0,0.0,0.0,0.0,10,32.0,380.0,1,63.0,73.0,73.0,70.0,6.0,432.0,85
2023-05-11 09:05:30,CF311P13600,CF311P13600,70.0,0.0,0.0,0.0,10,32.0,379.0,10,63.0,73.0,73.0,70.0,6.0,432.0,85
2023-05-11 09:05:31,CF311P13600,CF311P13600,70.0,0.0,0.0,0.0,10,32.0,376.0,1,63.0,73.0,73.0,70.0,6.0,432.0,85
2023-05-11 09:05:31,CF311P13600,CF311P13600,70.0,0.0,0.0,0.0,10,32.0,375.0,10,63.0,73.0,73.0,70.0,6.0,432.0,85
2023-05-11 09:05:32,CF311P13600,CF311P13600,70.0,0.0,0.0,0.0,10,32.0,372.0,1,63.0,73.0,73.0,70.0,6.0,432.0,85
2023-05-11 09:05:32,CF311P13600,CF311P13600,70.0,0.0,0.0,0.0,10,32.0,371.0,10,63.0,73.0,73.0,70.0,6.0,432.0,85
2023-05-11 09:05:33,CF311P13600,CF311P13600,70.0,0.0,0.0,0.0,10,32.0,368.0,1,63.0,73.0,73.0,70.0,6.0,432.0,85
2023-05-11 09:05:33,CF311P13600,CF311P13600,70.0,0.0,0.0,0.0,10,32.0,367.0,10,63.0,73.0,73.0,70.0,6.0,432.0,85
2023-05-11 09:05:34,CF311P13600,CF311P13600,70.0,0.0,0.0,0.0,10,32.0,364.0,1,63.0,73.0,73.0,70.0,6.0,432.0,85
2023-05-11 09:05:34,CF311P13600,CF311P13600,70.0,0.0,0.0,0.0,10,32.0,363.0,10,63.0,73.0,73.0,70.0,6.0,432.0,85
2023-05-11 09:05:35,CF311P13600,CF311P13600,70.0,0.0,0.0,0.0,10,32.0,360.0,1,63.0,73.0,73.0,70.0,6.0,432.0,85
2023-05-11 09:05:35,CF311P13600,CF311P13600,70.0,0.0,0.0,0.0,10,32.0,359.0,10,63.0,73.0,73.0,70.0,6.0,432.0,85
2023-05-11 09:05:36,CF311P13600,CF311P13600,70.0,0.0,0.0,0.0,10,32.0,356.0,1,63.0,73.0,73.0,70.0,6.0,432.0,85
2023-05-11 09:05:36,CF311P13600,CF311P13600,70.0,0.0,0.0,0.0,10,32.0,355.0,10,63.0,73.0,73.0,70.0,6.0,432.0,85
2023-05-11 09:05:37,CF311P13600,CF311P13600,70.0,0.0,0.0,0.0,10,32.0,352.0,1,63.0,73.0,73.0,70.0,6.0,432.0,85
2023-05-11 09:05:37,CF311P13600,CF311P13600,70.0,0.0,0.0,0.0,10,32.0,351.0,10,63.0,73.0,73.0,70.0,6.0,432.0,85
2023-05-11 09:05:38,CF311P13600,CF311P13600,70.0,0.0,0.0,0.0,10,32.0,348.0,1,63.0,73.0,73.0,70.0,6.0,432.0,85
2023-05-11 09:05:38,CF311P13600,CF311P13600,70.0,0.0,0.0,0.0,10,32.0,347.0,10,63.0,73.0,73.0,70.0,6.0,432.0,85
2023-05-11 09:05:39,CF311P13600,CF311P13600,70.0,0.0,0.0,0.0,10,32.0,344.0,1,63.0,73.0,73.0,70.0,6.0,432.0,85
2023-05-11 09:05:39,CF311P13600,CF311P13600,70.0,0.0,0.0,0.0,10,32.0,343.0,10,63.0,73.0,73.0,70.0,6.0,432.0,85
2023-05-11 09:05:40,CF311P13600,CF311P13600,70.0,0.0,0.0,0.0,10,32.0,340.0,1,63.0,73.0,73.0,70.0,6.0,432.0,85
2023-05-11 09:05:40,CF311P13600,CF311P13600,70.0,0.0,0.0,0.0,10,32.0,339.0,10,63.0,73.0,73.0,70.0,6.0,432.0,85
2023-05-11 09:05:41,CF311P13600,CF311P13600,70.0,0.0,0.0,0.0,10,32.0,336.0,1,63.0,73.0,73.0,70.0,6.0,432.0,85
2023-05-11 09:05:41,CF311P13600,CF311P13600,70.0,0.0,0.0,0.0,10,32.0,335.0,10,63.0,73.0,73.0,70.0,6.0,432.0,85
2023-05-11 09:05:42,CF311P13600,CF311P13600,70.0,0.0,0.0,0.0,10,32.0,332.0,1,63.0,73.0,73.0,70.0,6.0,432.0,85
2023-05-11 09:05:42,CF311P13600,CF311P13600,70.0,0.0,0.0,0.0,10,32.0,331.0,10,63.0,73.0,73.0,70.0,6.0,432.0,85
2023-05-11 09:05:43,CF311P13600,CF311P13600,70.0,0.0,0.0,0.0,10,32.0,328.0,1,63.0,73.0,73.0,70.0,6.0,432.0,85
2023-05-11 09:05:43,CF311P13600,CF311P13600,70.0,0.0,0.0,0.0,10,32.0,327.0,10,63.0,73.0,73.0,70.0,6.0,432.0,85
2023-05-11 09:05:44,CF311P13600,CF311P13600,70.0,0.0,0.0,0.0,10,32.0,324.0,1,63.0,73.0,73.0,70.0,6.0,432.0,85
2023-05-11 09:05:44,CF311P13600,CF311P13600,70.0,0.0,0.0,0.0,10,32.0,323.0,10,63.0,73.0,73.0,70.0,6.0,432.0,85
2023-05-11 09:05:45,CF311P13600,CF311P13600,70.0,0.0,0.0,0.0,10,32.0,320.0,1,63.0,73.0,73.0,70.0,6.0,432.0,85
2023-05-11 09:05:45,CF311P13600,CF311P13600,70.0,0.0,0.0,0.0,10,32.0,319.0,10,63.0,73.0,73.0,70.0,6.0,432.0,85
2023-05-11 09:05:46,CF311P13600,CF311P13600,70.0,0.0,0.0,0.0,10,32.0,316.0,1,63.0,73.0,73.0,70.0,6.0,432.0,85
2023-05-11 09:05:46,CF311P13600,CF311P13600,70.0,0.0,0.0,0.0,10,32.0,315.0,10,63.0,73.0,73.0,70.0,6.0,432.0,85
2023-05-11 09:05:47,CF311P13600,CF311P13600,70.0,0.0,0.0,0.0,2,40.0,312.0,1,63.0,73.0,73.0,70.0,6.0,432.0,85
2023-05-11 09:05:47,CF311P13600,CF311P13600,70.0,0.0,0.0,0.0,10,41.0,311.0,10,63.0,73.0,73.0,70.0,6.0,432.0,85
2023-05-11 09:05:48,CF311P13600,CF311P13600,70.0,0.0,0.0,0.0,2,42.0,308.0,1,63.0,73.0,73.0,70.0,6.0,432.0,85
2023-05-11 09:05:48,CF311P13600,CF311P13600,70.0,0.0,0.0,0.0,10,43.0,307.0,10,63.0,73.0,73.0,70.0,6.0,432.0,85
2023-05-11 09:05:49,CF311P13600,CF311P13600,70.0,0.0,0.0,0.0,2,44.0,304.0,1,63.0,73.0,73.0,70.0,6.0,432.0,85
2023-05-11 09:05:49,CF311P13600,CF311P13600,70.0,0.0,0.0,0.0,10,45.0,303.0,10,63.0,73.0,73.0,70.0,6.0,432.0,85
2023-05-11 09:05:50,CF311P13600,CF311P13600,70.0,0.0,0.0,0.0,10,45.0,300.0,1,63.0,73.0,73.0,70.0,6.0,432.0,85
2023-05-11 09:05:50,CF311P13600,CF311P13600,70.0,0.0,0.0,0.0,10,45.0,299.0,10,63.0,73.0,73.0,70.0,6.0,432.0,85
2023-05-11 09:05:51,CF311P13600,CF311P13600,70.0,0.0,0.0,0.0,10,45.0,296.0,1,63.0,73.0,73.0,70.0,6.0,432.0,85
2023-05-11 09:05:51,CF311P13600,CF311P13600,70.0,0.0,0.0,0.0,10,45.0,295.0,10,63.0,73.0,73.0,70.0,6.0,432.0,85
2023-05-11 09:05:52,CF311P13600,CF311P13600,70.0,0.0,0.0,0.0,10,45.0,292.0,1,63.0,73.0,73.0,70.0,6.0,432.0,85
2023-05-11 09:05:52,CF311P13600,CF311P13600,70.0,0.0,0.0,0.0,10,45.0,291.0,10,63.0,73.0,73.0,70.0,6.0,432.0,85
2023-05-11 09:05:53,CF311P13600,CF311P13600,70.0,0.0,0.0,0.0,10,45.0,288.0,1,63.0,73.0,73.0,70.0,6.0,432.0,85
2023-05-11 09:05:53,CF311P13600,CF311P13600,70.0,0.0,0.0,0.0,2,46.0,287.0,10,63.0,73.0,73.0,70.0,6.0,432.0,85
2023-05-11 09:05:54,CF311P13600,CF311P13600,70.0,0.0,0.0,0.0,10,47.0,284.0,1,63.0,73.0,73.0,70.0,6.0,432.0,85
2023-05-11 09:05:54,CF311P13600,CF311P13600,70.0,0.0,0.0,0.0,2,48.0,283.0,10,63.0,73.0,73.0,70.0,6.0,432.0,85
2023-05-11 09:05:55,CF311P13600,CF311P13600,70.0,0.0,0.0,0.0,10,49.0,280.0,1,63.0,73.0,73.0,70.0,6.0,432.0,85
2023-05-11 09:05:55,CF311P13600,CF311P13600,70.0,0.0,0.0,0.0,10,49.0,279.0,10,63.0,73.0,73.0,70.0,6.0,432.0,85
2023-05-11 09:05:56,CF311P13600,CF311P13600,70.0,0.0,0.0,0.0,10,49.0,276.0,1,63.0,73.0,73.0,70.0,6.0,432.0,85
2023-05-11 09:05:56,CF311P13600,CF311P13600,70.0,0.0,0.0,0.0,10,49.0,275.0,10,63.0,73.0,73.0,70.0,6.0,432.0,85
2023-05-11 09:05:57,CF311P13600,CF311P13600,70.0,0.0,0.0,0.0,10,49.0,272.0,1,63.0,73.0,73.0,70.0,6.0,432.0,85
2023-05-11 09:05:57,CF311P13600,CF311P13600,70.0,0.0,0.0,0.0,10,49.0,271.0,10,63.0,73.0,73.0,70.0,6.0,432.0,85
2023-05-11 09:05:58,CF311P13600,CF311P13600,70.0,0.0,0.0,0.0,10,49.0,268.0,1,63.0,73.0,73.0,70.0,6.0,432.0,85
2023-05-11 09:05:58,CF311P13600,CF311P13600,70.0,0.0,0.0,0.0,10,49.0,267.0,10,63.0,73.0,73.0,70.0,6.0,432.0,85
2023-05-11 09:05:59,CF311P13600,CF311P13600,70.0,0.0,0.0,0.0,10,49.0,264.0,1,63.0,73.0,73.0,70.0,6.0,432.0,85
2023-05-11 09:05:59,CF311P13600,CF311P13600,70.0,0.0,0.0,0.0,10,49.0,263.0,10,63.0,73.0,73.0,70.0,6.0,432.0,85
2023-05-11 09:06:00,CF311P13600,CF311P13600,70.0,0.0,0.0,0.0,10,49.0,260.0,1,63.0,73.0,73.0,70.0,6.0,432.0,85
2023-05-11 09:06:00,CF311P13600,CF311P13600,70.0,0.0,0.0,0.0,10,49.0,259.0,10,63.0,73.0,73.0,70.0,6.0,432.0,85
2023-05-11 09:06:01,CF311P13600,CF311P13600,70.0,0.0,0.0,0.0,10,49.0,256.0,1,63.0,73.0,73.0,70.0,6.0,432.0,85
2023-05-11 09:06:01,CF311P13600,CF311P13600,70.0,0.0,0.0,0.0,10,49.0,255.0,10,63.0,73.0,73.0,70.0,6.0,432.0,85
2023-05-11 09:06:02,CF311P13600,CF311P13600,70.0,0.0,0.0,0.0,10,49.0,252.0,1,63.0,73.0,73.0,70.0,6.0,432.0,85
2023-05-11 09:06:02,CF311P13600,CF311P13600,70.0,0.0,0.0,0.0,10,49.0,251.0,10,63.0,73.0,73.0,70.0,6.0,432.0,85
2023-05-11 09:06:03,CF311P13600,CF311P13600,70.0,0.0,0.0,0.0,10,49.0,248.0,1,63.0,73.0,73.0,70.0,6.0,432.0,85
2023-05-11 09:06:03,CF311P13600,CF311P13600,70.0,0.0,0.0,0.0,10,49.0,247.0,10,63.0,73.0,73.0,70.0,6.0,432.0,85
2023-05-11 09:06:04,CF311P13600,CF311P13600,70.0,0.0,0.0,0.0,10,49.0,244.0,1,63.0,73.0,73.0,70.0,6.0,432.0,85
2023-05-11 09:06:04,CF311P13600,CF311P13600,70.0,0.0,0.0,0.0,10,49.0,243.0,10,63.0,73.0,73.0,70.0,6.0,432.0,85
2023-05-11 09:06:04,CF311P13600,CF311P13600,70.0,0.0,0.0,0.0,10,49.0,244.0,1,63.0,73.0,73.0,70.0,6.0,432.0,85
2023-05-11 09:06:04,CF311P13600,CF311P13600,70.0,0.0,0.0,0.0,10,49.0,243.0,10,63.0,73.0,73.0,70.0,6.0,432.0,85
2023-05-11 09:24:44,CF311P13600,CF311P13600,70.0,0.0,0.0,0.0,10,49.0,240.0,1,63.0,73.0,73.0,70.0,6.0,432.0,85
2023-05-11 09:24:44,CF311P13600,CF311P13600,70.0,0.0,0.0,0.0,10,49.0,239.0,10,63.0,73.0,73.0,70.0,6.0,432.0,85
2023-05-11 09:24:44,CF311P13600,CF311P13600,70.0,0.0,0.0,0.0,10,49.0,236.0,1,63.0,73.0,73.0,70.0,6.0,432.0,85
2023-05-11 09:24:45,CF311P13600,CF311P13600,70.0,0.0,0.0,0.0,10,49.0,235.0,10,63.0,73.0,73.0,70.0,6.0,432.0,85
2023-05-11 09:24:45,CF311P13600,CF311P13600,70.0,0.0,0.0,0.0,10,49.0,232.0,1,63.0,73.0,73.0,70.0,6.0,432.0,85
2023-05-11 09:24:46,CF311P13600,CF311P13600,70.0,0.0,0.0,0.0,10,49.0,231.0,10,63.0,73.0,73.0,70.0,6.0,432.0,85
