time,symbol_id,symbol_name,last,trade_volume,trade_amount,open_interest_change,bv1,bp1,ap1,av1,yesterday_close,today_open,today_high,today_low,volume,amount,open_interest
2023-05-10 19:12:58,CF311P15400,棉花2311沽15400,515.0,0.0,0.0,0.0,0,0.0,0.0,0,515.0,0.0,0.0,0.0,0.0,0.0,24
2023-05-10 20:59:00,CF311P15400,棉花2311沽15400,515.0,0.0,0.0,0.0,1,1.0,0.0,0,515.0,0.0,0.0,0.0,0.0,0.0,24
2023-05-10 21:00:20,CF311P15400,棉花2311沽15400,515.0,0.0,0.0,0.0,1,5.0,0.0,0,515.0,0.0,0.0,0.0,0.0,0.0,24
2023-05-10 21:00:51,CF311P15400,棉花2311沽15400,515.0,0.0,0.0,0.0,1,6.0,0.0,0,515.0,0.0,0.0,0.0,0.0,0.0,24
2023-05-10 21:01:14,CF311P15400,棉花2311沽15400,515.0,0.0,0.0,0.0,2,22.0,0.0,0,515.0,0.0,0.0,0.0,0.0,0.0,24
2023-05-10 21:01:16,CF311P15400,棉花2311沽15400,515.0,0.0,0.0,0.0,1,25.0,1467.0,1,515.0,0.0,0.0,0.0,0.0,0.0,24
2023-05-10 21:02:06,CF311P15400,棉花2311沽15400,515.0,0.0,0.0,0.0,2,33.0,1467.0,1,515.0,0.0,0.0,0.0,0.0,0.0,24
2023-05-10 21:02:10,CF311P15400,棉花2311沽15400,515.0,0.0,0.0,0.0,1,36.0,1467.0,1,515.0,0.0,0.0,0.0,0.0,0.0,24
2023-05-10 21:02:13,CF311P15400,棉花2311沽15400,515.0,0.0,0.0,0.0,2,37.0,1467.0,1,515.0,0.0,0.0,0.0,0.0,0.0,24
2023-05-10 21:02:14,CF311P15400,棉花2311沽15400,515.0,0.0,0.0,0.0,1,40.0,1467.0,1,515.0,0.0,0.0,0.0,0.0,0.0,24
2023-05-10 21:02:20,CF311P15400,棉花2311沽15400,515.0,0.0,0.0,0.0,2,41.0,1467.0,1,515.0,0.0,0.0,0.0,0.0,0.0,24
2023-05-10 21:02:22,CF311P15400,棉花2311沽15400,515.0,0.0,0.0,0.0,1,44.0,1467.0,1,515.0,0.0,0.0,0.0,0.0,0.0,24
2023-05-10 21:02:24,CF311P15400,棉花2311沽15400,515.0,0.0,0.0,0.0,2,45.0,1467.0,1,515.0,0.0,0.0,0.0,0.0,0.0,24
2023-05-10 21:02:25,CF311P15400,棉花2311沽15400,515.0,0.0,0.0,0.0,1,48.0,1467.0,1,515.0,0.0,0.0,0.0,0.0,0.0,24
2023-05-10 21:15:36,CF311P15400,棉花2311沽15400,515.0,0.0,0.0,0.0,1,48.0,1456.0,1,515.0,0.0,0.0,0.0,0.0,0.0,24
2023-05-10 21:15:36,CF311P15400,棉花2311沽15400,515.0,0.0,0.0,0.0,1,48.0,1453.0,1,515.0,0.0,0.0,0.0,0.0,0.0,24
2023-05-10 21:15:41,CF311P15400,棉花2311沽15400,515.0,0.0,0.0,0.0,1,48.0,1442.0,1,515.0,0.0,0.0,0.0,0.0,0.0,24
2023-05-10 21:15:41,CF311P15400,棉花2311沽15400,515.0,0.0,0.0,0.0,1,48.0,1439.0,1,515.0,0.0,0.0,0.0,0.0,0.0,24
2023-05-10 21:15:46,CF311P15400,棉花2311沽15400,515.0,0.0,0.0,0.0,1,48.0,1428.0,1,515.0,0.0,0.0,0.0,0.0,0.0,24
2023-05-10 21:15:46,CF311P15400,棉花2311沽15400,515.0,0.0,0.0,0.0,1,48.0,1425.0,1,515.0,0.0,0.0,0.0,0.0,0.0,24
2023-05-10 21:15:50,CF311P15400,棉花2311沽15400,515.0,0.0,0.0,0.0,1,48.0,1414.0,1,515.0,0.0,0.0,0.0,0.0,0.0,24
2023-05-10 21:15:51,CF311P15400,棉花2311沽15400,515.0,0.0,0.0,0.0,1,48.0,1411.0,1,515.0,0.0,0.0,0.0,0.0,0.0,24
2023-05-10 21:15:56,CF311P15400,棉花2311沽15400,515.0,0.0,0.0,0.0,1,48.0,1400.0,1,515.0,0.0,0.0,0.0,0.0,0.0,24
2023-05-10 21:15:57,CF311P15400,棉花2311沽15400,515.0,0.0,0.0,0.0,1,48.0,1397.0,1,515.0,0.0,0.0,0.0,0.0,0.0,24
2023-05-10 21:16:02,CF311P15400,棉花2311沽15400,515.0,0.0,0.0,0.0,1,48.0,1386.0,1,515.0,0.0,0.0,0.0,0.0,0.0,24
2023-05-10 21:16:02,CF311P15400,棉花2311沽15400,515.0,0.0,0.0,0.0,1,48.0,1383.0,1,515.0,0.0,0.0,0.0,0.0,0.0,24
2023-05-10 21:16:06,CF311P15400,棉花2311沽15400,515.0,0.0,0.0,0.0,1,48.0,1372.0,1,515.0,0.0,0.0,0.0,0.0,0.0,24
2023-05-10 21:16:06,CF311P15400,棉花2311沽15400,515.0,0.0,0.0,0.0,1,48.0,1369.0,1,515.0,0.0,0.0,0.0,0.0,0.0,24
2023-05-10 21:16:13,CF311P15400,棉花2311沽15400,515.0,0.0,0.0,0.0,1,48.0,1358.0,1,515.0,0.0,0.0,0.0,0.0,0.0,24
2023-05-10 21:16:13,CF311P15400,棉花2311沽15400,515.0,0.0,0.0,0.0,1,48.0,1355.0,1,515.0,0.0,0.0,0.0,0.0,0.0,24
2023-05-10 21:16:18,CF311P15400,棉花2311沽15400,515.0,0.0,0.0,0.0,1,48.0,1344.0,1,515.0,0.0,0.0,0.0,0.0,0.0,24
2023-05-10 21:16:18,CF311P15400,棉花2311沽15400,515.0,0.0,0.0,0.0,1,48.0,1341.0,1,515.0,0.0,0.0,0.0,0.0,0.0,24
2023-05-10 21:16:23,CF311P15400,棉花2311沽15400,515.0,0.0,0.0,0.0,1,48.0,1330.0,1,515.0,0.0,0.0,0.0,0.0,0.0,24
2023-05-10 21:16:23,CF311P15400,棉花2311沽15400,515.0,0.0,0.0,0.0,1,48.0,1327.0,1,515.0,0.0,0.0,0.0,0.0,0.0,24
2023-05-10 21:16:28,CF311P15400,棉花2311沽15400,515.0,0.0,0.0,0.0,1,48.0,1316.0,1,515.0,0.0,0.0,0.0,0.0,0.0,24
2023-05-10 21:16:28,CF311P15400,棉花2311沽15400,515.0,0.0,0.0,0.0,1,48.0,1313.0,1,515.0,0.0,0.0,0.0,0.0,0.0,24
2023-05-10 21:16:35,CF311P15400,棉花2311沽15400,515.0,0.0,0.0,0.0,1,48.0,1307.0,1,515.0,0.0,0.0,0.0,0.0,0.0,24
2023-05-10 21:16:35,CF311P15400,棉花2311沽15400,515.0,0.0,0.0,0.0,1,48.0,1304.0,1,515.0,0.0,0.0,0.0,0.0,0.0,24
2023-05-10 21:16:38,CF311P15400,棉花2311沽15400,515.0,0.0,0.0,0.0,1,48.0,1303.0,1,515.0,0.0,0.0,0.0,0.0,0.0,24
2023-05-10 21:16:39,CF311P15400,棉花2311沽15400,515.0,0.0,0.0,0.0,1,48.0,1300.0,1,515.0,0.0,0.0,0.0,0.0,0.0,24
2023-05-10 21:16:45,CF311P15400,棉花2311沽15400,515.0,0.0,0.0,0.0,1,48.0,1299.0,1,515.0,0.0,0.0,0.0,0.0,0.0,24
2023-05-10 21:16:45,CF311P15400,棉花2311沽15400,515.0,0.0,0.0,0.0,1,48.0,1296.0,1,515.0,0.0,0.0,0.0,0.0,0.0,24
2023-05-10 21:16:50,CF311P15400,棉花2311沽15400,515.0,0.0,0.0,0.0,1,48.0,1295.0,1,515.0,0.0,0.0,0.0,0.0,0.0,24
2023-05-10 21:16:50,CF311P15400,棉花2311沽15400,515.0,0.0,0.0,0.0,1,48.0,1292.0,1,515.0,0.0,0.0,0.0,0.0,0.0,24
2023-05-10 21:16:56,CF311P15400,棉花2311沽15400,515.0,0.0,0.0,0.0,1,48.0,1291.0,1,515.0,0.0,0.0,0.0,0.0,0.0,24
2023-05-10 21:16:56,CF311P15400,棉花2311沽15400,515.0,0.0,0.0,0.0,1,48.0,1288.0,1,515.0,0.0,0.0,0.0,0.0,0.0,24
2023-05-10 21:17:05,CF311P15400,棉花2311沽15400,515.0,0.0,0.0,0.0,1,48.0,1287.0,1,515.0,0.0,0.0,0.0,0.0,0.0,24
2023-05-10 21:17:05,CF311P15400,棉花2311沽15400,515.0,0.0,0.0,0.0,1,48.0,1284.0,1,515.0,0.0,0.0,0.0,0.0,0.0,24
2023-05-10 21:17:10,CF311P15400,棉花2311沽15400,515.0,0.0,0.0,0.0,1,48.0,1283.0,1,515.0,0.0,0.0,0.0,0.0,0.0,24
2023-05-10 21:17:10,CF311P15400,棉花2311沽15400,515.0,0.0,0.0,0.0,1,48.0,1280.0,1,515.0,0.0,0.0,0.0,0.0,0.0,24
2023-05-10 21:17:18,CF311P15400,棉花2311沽15400,515.0,0.0,0.0,0.0,1,48.0,1279.0,1,515.0,0.0,0.0,0.0,0.0,0.0,24
2023-05-10 21:17:18,CF311P15400,棉花2311沽15400,515.0,0.0,0.0,0.0,1,48.0,1276.0,1,515.0,0.0,0.0,0.0,0.0,0.0,24
2023-05-10 21:17:22,CF311P15400,棉花2311沽15400,515.0,0.0,0.0,0.0,1,48.0,1275.0,1,515.0,0.0,0.0,0.0,0.0,0.0,24
2023-05-10 21:17:22,CF311P15400,棉花2311沽15400,515.0,0.0,0.0,0.0,1,48.0,1272.0,1,515.0,0.0,0.0,0.0,0.0,0.0,24
2023-05-10 21:17:27,CF311P15400,棉花2311沽15400,515.0,0.0,0.0,0.0,1,48.0,1271.0,1,515.0,0.0,0.0,0.0,0.0,0.0,24
2023-05-10 21:17:27,CF311P15400,棉花2311沽15400,515.0,0.0,0.0,0.0,1,48.0,1268.0,1,515.0,0.0,0.0,0.0,0.0,0.0,24
2023-05-10 21:17:31,CF311P15400,棉花2311沽15400,515.0,0.0,0.0,0.0,1,48.0,1267.0,1,515.0,0.0,0.0,0.0,0.0,0.0,24
2023-05-10 21:17:32,CF311P15400,棉花2311沽15400,515.0,0.0,0.0,0.0,1,48.0,1264.0,1,515.0,0.0,0.0,0.0,0.0,0.0,24
2023-05-10 21:17:37,CF311P15400,棉花2311沽15400,515.0,0.0,0.0,0.0,1,48.0,1263.0,1,515.0,0.0,0.0,0.0,0.0,0.0,24
2023-05-10 21:17:37,CF311P15400,棉花2311沽15400,515.0,0.0,0.0,0.0,1,48.0,1260.0,1,515.0,0.0,0.0,0.0,0.0,0.0,24
2023-05-10 21:17:45,CF311P15400,棉花2311沽15400,515.0,0.0,0.0,0.0,1,48.0,1259.0,1,515.0,0.0,0.0,0.0,0.0,0.0,24
2023-05-10 21:17:45,CF311P15400,棉花2311沽15400,515.0,0.0,0.0,0.0,1,48.0,1256.0,1,515.0,0.0,0.0,0.0,0.0,0.0,24
2023-05-10 21:17:45,CF311P15400,棉花2311沽15400,515.0,0.0,0.0,0.0,1,48.0,1259.0,1,515.0,0.0,0.0,0.0,0.0,0.0,24
2023-05-10 21:17:45,CF311P15400,棉花2311沽15400,515.0,0.0,0.0,0.0,1,48.0,1256.0,1,515.0,0.0,0.0,0.0,0.0,0.0,24
2023-05-10 21:17:49,CF311P15400,棉花2311沽15400,515.0,0.0,0.0,0.0,1,48.0,1255.0,1,515.0,0.0,0.0,0.0,0.0,0.0,24
2023-05-10 21:17:50,CF311P15400,棉花2311沽15400,515.0,0.0,0.0,0.0,1,48.0,1252.0,1,515.0,0.0,0.0,0.0,0.0,0.0,24
2023-05-10 21:17:55,CF311P15400,棉花2311沽15400,515.0,0.0,0.0,0.0,1,48.0,1251.0,1,515.0,0.0,0.0,0.0,0.0,0.0,24
2023-05-10 21:17:55,CF311P15400,棉花2311沽15400,515.0,0.0,0.0,0.0,1,48.0,1248.0,1,515.0,0.0,0.0,0.0,0.0,0.0,24
2023-05-10 21:17:55,CF311P15400,棉花2311沽15400,515.0,0.0,0.0,0.0,1,48.0,1251.0,1,515.0,0.0,0.0,0.0,0.0,0.0,24
2023-05-10 21:17:55,CF311P15400,棉花2311沽15400,515.0,0.0,0.0,0.0,1,48.0,1248.0,1,515.0,0.0,0.0,0.0,0.0,0.0,24
2023-05-10 21:18:01,CF311P15400,棉花2311沽15400,515.0,0.0,0.0,0.0,1,48.0,1247.0,1,515.0,0.0,0.0,0.0,0.0,0.0,24
2023-05-10 21:18:01,CF311P15400,棉花2311沽15400,515.0,0.0,0.0,0.0,1,48.0,1244.0,1,515.0,0.0,0.0,0.0,0.0,0.0,24
2023-05-10 21:18:06,CF311P15400,棉花2311沽15400,515.0,0.0,0.0,0.0,1,48.0,1243.0,1,515.0,0.0,0.0,0.0,0.0,0.0,24
2023-05-10 21:18:06,CF311P15400,棉花2311沽15400,515.0,0.0,0.0,0.0,1,48.0,1240.0,1,515.0,0.0,0.0,0.0,0.0,0.0,24
2023-05-10 21:18:10,CF311P15400,棉花2311沽15400,515.0,0.0,0.0,0.0,1,48.0,1239.0,1,515.0,0.0,0.0,0.0,0.0,0.0,24
2023-05-10 21:18:10,CF311P15400,棉花2311沽15400,515.0,0.0,0.0,0.0,1,48.0,1236.0,1,515.0,0.0,0.0,0.0,0.0,0.0,24
2023-05-10 21:18:14,CF311P15400,棉花2311沽15400,515.0,0.0,0.0,0.0,1,48.0,1235.0,1,515.0,0.0,0.0,0.0,0.0,0.0,24
2023-05-10 21:18:14,CF311P15400,棉花2311沽15400,515.0,0.0,0.0,0.0,1,48.0,1232.0,1,515.0,0.0,0.0,0.0,0.0,0.0,24
2023-05-10 21:18:18,CF311P15400,棉花2311沽15400,515.0,0.0,0.0,0.0,1,48.0,1231.0,1,515.0,0.0,0.0,0.0,0.0,0.0,24
2023-05-10 21:18:18,CF311P15400,棉花2311沽15400,515.0,0.0,0.0,0.0,1,48.0,1228.0,1,515.0,0.0,0.0,0.0,0.0,0.0,24
2023-05-10 21:18:23,CF311P15400,棉花2311沽15400,515.0,0.0,0.0,0.0,1,48.0,1227.0,1,515.0,0.0,0.0,0.0,0.0,0.0,24
2023-05-10 21:18:23,CF311P15400,棉花2311沽15400,515.0,0.0,0.0,0.0,1,48.0,1224.0,1,515.0,0.0,0.0,0.0,0.0,0.0,24
2023-05-10 21:18:25,CF311P15400,棉花2311沽15400,515.0,0.0,0.0,0.0,1,48.0,1223.0,1,515.0,0.0,0.0,0.0,0.0,0.0,24
2023-05-10 21:18:25,CF311P15400,棉花2311沽15400,515.0,0.0,0.0,0.0,1,48.0,1220.0,1,515.0,0.0,0.0,0.0,0.0,0.0,24
2023-05-10 21:18:28,CF311P15400,棉花2311沽15400,515.0,0.0,0.0,0.0,1,48.0,1219.0,1,515.0,0.0,0.0,0.0,0.0,0.0,24
2023-05-10 21:18:28,CF311P15400,棉花2311沽15400,515.0,0.0,0.0,0.0,1,48.0,1216.0,1,515.0,0.0,0.0,0.0,0.0,0.0,24
2023-05-10 21:18:32,CF311P15400,棉花2311沽15400,515.0,0.0,0.0,0.0,1,48.0,1215.0,1,515.0,0.0,0.0,0.0,0.0,0.0,24
2023-05-10 21:18:32,CF311P15400,棉花2311沽15400,515.0,0.0,0.0,0.0,1,48.0,1212.0,1,515.0,0.0,0.0,0.0,0.0,0.0,24
2023-05-10 21:18:38,CF311P15400,棉花2311沽15400,515.0,0.0,0.0,0.0,1,48.0,1211.0,1,515.0,0.0,0.0,0.0,0.0,0.0,24
2023-05-10 21:18:38,CF311P15400,棉花2311沽15400,515.0,0.0,0.0,0.0,1,48.0,1208.0,1,515.0,0.0,0.0,0.0,0.0,0.0,24
2023-05-10 21:18:42,CF311P15400,棉花2311沽15400,515.0,0.0,0.0,0.0,1,48.0,1207.0,1,515.0,0.0,0.0,0.0,0.0,0.0,24
2023-05-10 21:18:42,CF311P15400,棉花2311沽15400,515.0,0.0,0.0,0.0,1,48.0,1204.0,1,515.0,0.0,0.0,0.0,0.0,0.0,24
2023-05-10 21:18:48,CF311P15400,棉花2311沽15400,515.0,0.0,0.0,0.0,1,48.0,1203.0,1,515.0,0.0,0.0,0.0,0.0,0.0,24
2023-05-10 21:18:48,CF311P15400,棉花2311沽15400,515.0,0.0,0.0,0.0,1,48.0,1200.0,1,515.0,0.0,0.0,0.0,0.0,0.0,24
2023-05-10 21:18:53,CF311P15400,棉花2311沽15400,515.0,0.0,0.0,0.0,1,48.0,1199.0,1,515.0,0.0,0.0,0.0,0.0,0.0,24
2023-05-10 21:18:54,CF311P15400,棉花2311沽15400,515.0,0.0,0.0,0.0,1,48.0,1196.0,1,515.0,0.0,0.0,0.0,0.0,0.0,24
2023-05-10 21:18:56,CF311P15400,棉花2311沽15400,515.0,0.0,0.0,0.0,1,48.0,1195.0,1,515.0,0.0,0.0,0.0,0.0,0.0,24
2023-05-10 21:18:57,CF311P15400,棉花2311沽15400,515.0,0.0,0.0,0.0,1,48.0,1192.0,1,515.0,0.0,0.0,0.0,0.0,0.0,24
2023-05-10 21:19:02,CF311P15400,棉花2311沽15400,515.0,0.0,0.0,0.0,1,48.0,1191.0,1,515.0,0.0,0.0,0.0,0.0,0.0,24
2023-05-10 21:19:02,CF311P15400,棉花2311沽15400,515.0,0.0,0.0,0.0,1,48.0,1188.0,1,515.0,0.0,0.0,0.0,0.0,0.0,24
2023-05-10 21:19:08,CF311P15400,棉花2311沽15400,515.0,0.0,0.0,0.0,1,48.0,1187.0,1,515.0,0.0,0.0,0.0,0.0,0.0,24
2023-05-10 21:19:08,CF311P15400,棉花2311沽15400,515.0,0.0,0.0,0.0,1,48.0,1184.0,1,515.0,0.0,0.0,0.0,0.0,0.0,24
2023-05-10 21:19:11,CF311P15400,棉花2311沽15400,515.0,0.0,0.0,0.0,1,48.0,1183.0,1,515.0,0.0,0.0,0.0,0.0,0.0,24
2023-05-10 21:19:11,CF311P15400,棉花2311沽15400,515.0,0.0,0.0,0.0,1,48.0,1180.0,1,515.0,0.0,0.0,0.0,0.0,0.0,24
2023-05-10 21:19:15,CF311P15400,棉花2311沽15400,515.0,0.0,0.0,0.0,1,48.0,1179.0,1,515.0,0.0,0.0,0.0,0.0,0.0,24
2023-05-10 21:19:15,CF311P15400,棉花2311沽15400,515.0,0.0,0.0,0.0,1,48.0,1176.0,1,515.0,0.0,0.0,0.0,0.0,0.0,24
2023-05-10 21:19:17,CF311P15400,棉花2311沽15400,515.0,0.0,0.0,0.0,1,48.0,1175.0,1,515.0,0.0,0.0,0.0,0.0,0.0,24
2023-05-10 21:19:18,CF311P15400,棉花2311沽15400,515.0,0.0,0.0,0.0,1,48.0,1172.0,1,515.0,0.0,0.0,0.0,0.0,0.0,24
2023-05-10 21:19:23,CF311P15400,棉花2311沽15400,515.0,0.0,0.0,0.0,1,48.0,1171.0,1,515.0,0.0,0.0,0.0,0.0,0.0,24
2023-05-10 21:19:24,CF311P15400,棉花2311沽15400,515.0,0.0,0.0,0.0,1,48.0,1168.0,1,515.0,0.0,0.0,0.0,0.0,0.0,24
2023-05-10 21:19:31,CF311P15400,棉花2311沽15400,515.0,0.0,0.0,0.0,1,48.0,1167.0,1,515.0,0.0,0.0,0.0,0.0,0.0,24
2023-05-10 21:19:32,CF311P15400,棉花2311沽15400,515.0,0.0,0.0,0.0,1,48.0,1164.0,1,515.0,0.0,0.0,0.0,0.0,0.0,24
2023-05-10 21:19:36,CF311P15400,棉花2311沽15400,515.0,0.0,0.0,0.0,1,48.0,1163.0,1,515.0,0.0,0.0,0.0,0.0,0.0,24
2023-05-10 21:19:37,CF311P15400,棉花2311沽15400,515.0,0.0,0.0,0.0,1,48.0,1160.0,1,515.0,0.0,0.0,0.0,0.0,0.0,24
2023-05-10 21:19:42,CF311P15400,棉花2311沽15400,515.0,0.0,0.0,0.0,1,48.0,1159.0,1,515.0,0.0,0.0,0.0,0.0,0.0,24
2023-05-10 21:19:42,CF311P15400,棉花2311沽15400,515.0,0.0,0.0,0.0,1,48.0,1156.0,1,515.0,0.0,0.0,0.0,0.0,0.0,24
2023-05-10 21:30:51,CF311P15400,棉花2311沽15400,515.0,0.0,0.0,0.0,1,49.0,1156.0,1,515.0,0.0,0.0,0.0,0.0,0.0,24
2023-05-10 21:30:51,CF311P15400,棉花2311沽15400,515.0,0.0,0.0,0.0,1,52.0,1156.0,1,515.0,0.0,0.0,0.0,0.0,0.0,24
2023-05-10 21:30:52,CF311P15400,棉花2311沽15400,515.0,0.0,0.0,0.0,2,53.0,1156.0,1,515.0,0.0,0.0,0.0,0.0,0.0,24
2023-05-10 21:30:52,CF311P15400,棉花2311沽15400,515.0,0.0,0.0,0.0,1,56.0,1156.0,1,515.0,0.0,0.0,0.0,0.0,0.0,24
2023-05-10 21:30:53,CF311P15400,棉花2311沽15400,515.0,0.0,0.0,0.0,2,57.0,1156.0,1,515.0,0.0,0.0,0.0,0.0,0.0,24
2023-05-10 21:30:54,CF311P15400,棉花2311沽15400,515.0,0.0,0.0,0.0,1,60.0,1156.0,1,515.0,0.0,0.0,0.0,0.0,0.0,24
2023-05-10 21:30:55,CF311P15400,棉花2311沽15400,515.0,0.0,0.0,0.0,2,61.0,1156.0,1,515.0,0.0,0.0,0.0,0.0,0.0,24
2023-05-10 21:30:56,CF311P15400,棉花2311沽15400,515.0,0.0,0.0,0.0,1,64.0,1156.0,1,515.0,0.0,0.0,0.0,0.0,0.0,24
2023-05-10 21:30:57,CF311P15400,棉花2311沽15400,515.0,0.0,0.0,0.0,2,65.0,1156.0,1,515.0,0.0,0.0,0.0,0.0,0.0,24
2023-05-10 21:30:57,CF311P15400,棉花2311沽15400,515.0,0.0,0.0,0.0,1,68.0,1156.0,1,515.0,0.0,0.0,0.0,0.0,0.0,24
2023-05-10 21:30:58,CF311P15400,棉花2311沽15400,515.0,0.0,0.0,0.0,2,69.0,1156.0,1,515.0,0.0,0.0,0.0,0.0,0.0,24
2023-05-10 21:30:58,CF311P15400,棉花2311沽15400,515.0,0.0,0.0,0.0,1,72.0,1156.0,1,515.0,0.0,0.0,0.0,0.0,0.0,24
2023-05-10 21:30:59,CF311P15400,棉花2311沽15400,515.0,0.0,0.0,0.0,2,73.0,1156.0,1,515.0,0.0,0.0,0.0,0.0,0.0,24
2023-05-10 21:30:59,CF311P15400,棉花2311沽15400,515.0,0.0,0.0,0.0,1,76.0,1156.0,1,515.0,0.0,0.0,0.0,0.0,0.0,24
2023-05-10 21:31:00,CF311P15400,棉花2311沽15400,515.0,0.0,0.0,0.0,2,77.0,1156.0,1,515.0,0.0,0.0,0.0,0.0,0.0,24
2023-05-10 21:31:00,CF311P15400,棉花2311沽15400,515.0,0.0,0.0,0.0,1,80.0,1156.0,1,515.0,0.0,0.0,0.0,0.0,0.0,24
2023-05-10 21:31:01,CF311P15400,棉花2311沽15400,515.0,0.0,0.0,0.0,2,81.0,1156.0,1,515.0,0.0,0.0,0.0,0.0,0.0,24
2023-05-10 21:31:01,CF311P15400,棉花2311沽15400,515.0,0.0,0.0,0.0,1,84.0,1156.0,1,515.0,0.0,0.0,0.0,0.0,0.0,24
2023-05-10 21:31:02,CF311P15400,棉花2311沽15400,515.0,0.0,0.0,0.0,2,85.0,1156.0,1,515.0,0.0,0.0,0.0,0.0,0.0,24
2023-05-10 21:31:02,CF311P15400,棉花2311沽15400,515.0,0.0,0.0,0.0,1,88.0,1156.0,1,515.0,0.0,0.0,0.0,0.0,0.0,24
2023-05-10 21:31:04,CF311P15400,棉花2311沽15400,515.0,0.0,0.0,0.0,2,89.0,1156.0,1,515.0,0.0,0.0,0.0,0.0,0.0,24
2023-05-10 21:31:04,CF311P15400,棉花2311沽15400,515.0,0.0,0.0,0.0,1,92.0,1156.0,1,515.0,0.0,0.0,0.0,0.0,0.0,24
2023-05-10 21:31:05,CF311P15400,棉花2311沽15400,515.0,0.0,0.0,0.0,2,93.0,1156.0,1,515.0,0.0,0.0,0.0,0.0,0.0,24
2023-05-10 21:31:06,CF311P15400,棉花2311沽15400,515.0,0.0,0.0,0.0,1,96.0,1156.0,1,515.0,0.0,0.0,0.0,0.0,0.0,24
2023-05-10 21:31:07,CF311P15400,棉花2311沽15400,515.0,0.0,0.0,0.0,2,97.0,1156.0,1,515.0,0.0,0.0,0.0,0.0,0.0,24
2023-05-10 21:31:07,CF311P15400,棉花2311沽15400,515.0,0.0,0.0,0.0,1,100.0,1156.0,1,515.0,0.0,0.0,0.0,0.0,0.0,24
2023-05-10 21:31:08,CF311P15400,棉花2311沽15400,515.0,0.0,0.0,0.0,2,101.0,1156.0,1,515.0,0.0,0.0,0.0,0.0,0.0,24
2023-05-10 21:31:09,CF311P15400,棉花2311沽15400,515.0,0.0,0.0,0.0,1,104.0,1156.0,1,515.0,0.0,0.0,0.0,0.0,0.0,24
2023-05-10 21:31:10,CF311P15400,棉花2311沽15400,515.0,0.0,0.0,0.0,2,105.0,1156.0,1,515.0,0.0,0.0,0.0,0.0,0.0,24
2023-05-10 21:31:10,CF311P15400,棉花2311沽15400,515.0,0.0,0.0,0.0,1,108.0,1156.0,1,515.0,0.0,0.0,0.0,0.0,0.0,24
2023-05-10 21:31:11,CF311P15400,棉花2311沽15400,515.0,0.0,0.0,0.0,2,109.0,1156.0,1,515.0,0.0,0.0,0.0,0.0,0.0,24
2023-05-10 21:31:11,CF311P15400,棉花2311沽15400,515.0,0.0,0.0,0.0,1,112.0,1156.0,1,515.0,0.0,0.0,0.0,0.0,0.0,24
2023-05-10 21:31:12,CF311P15400,棉花2311沽15400,515.0,0.0,0.0,0.0,2,113.0,1156.0,1,515.0,0.0,0.0,0.0,0.0,0.0,24
2023-05-10 21:31:12,CF311P15400,棉花2311沽15400,515.0,0.0,0.0,0.0,1,116.0,1156.0,1,515.0,0.0,0.0,0.0,0.0,0.0,24
2023-05-10 21:31:13,CF311P15400,棉花2311沽15400,515.0,0.0,0.0,0.0,2,117.0,1156.0,1,515.0,0.0,0.0,0.0,0.0,0.0,24
2023-05-10 21:31:13,CF311P15400,棉花2311沽15400,515.0,0.0,0.0,0.0,1,120.0,1156.0,1,515.0,0.0,0.0,0.0,0.0,0.0,24
2023-05-10 21:31:14,CF311P15400,棉花2311沽15400,515.0,0.0,0.0,0.0,2,121.0,1156.0,1,515.0,0.0,0.0,0.0,0.0,0.0,24
2023-05-10 21:31:14,CF311P15400,棉花2311沽15400,515.0,0.0,0.0,0.0,1,124.0,1156.0,1,515.0,0.0,0.0,0.0,0.0,0.0,24
2023-05-10 21:31:15,CF311P15400,棉花2311沽15400,515.0,0.0,0.0,0.0,2,125.0,1156.0,1,515.0,0.0,0.0,0.0,0.0,0.0,24
2023-05-10 21:31:15,CF311P15400,棉花2311沽15400,515.0,0.0,0.0,0.0,1,128.0,1156.0,1,515.0,0.0,0.0,0.0,0.0,0.0,24
2023-05-10 21:31:17,CF311P15400,棉花2311沽15400,515.0,0.0,0.0,0.0,2,129.0,1156.0,1,515.0,0.0,0.0,0.0,0.0,0.0,24
2023-05-10 21:31:17,CF311P15400,棉花2311沽15400,515.0,0.0,0.0,0.0,1,132.0,1156.0,1,515.0,0.0,0.0,0.0,0.0,0.0,24
2023-05-10 21:31:18,CF311P15400,棉花2311沽15400,515.0,0.0,0.0,0.0,2,133.0,1156.0,1,515.0,0.0,0.0,0.0,0.0,0.0,24
2023-05-10 21:31:18,CF311P15400,棉花2311沽15400,515.0,0.0,0.0,0.0,1,136.0,1156.0,1,515.0,0.0,0.0,0.0,0.0,0.0,24
2023-05-10 21:31:19,CF311P15400,棉花2311沽15400,515.0,0.0,0.0,0.0,2,137.0,1156.0,1,515.0,0.0,0.0,0.0,0.0,0.0,24
2023-05-10 21:31:19,CF311P15400,棉花2311沽15400,515.0,0.0,0.0,0.0,1,140.0,1156.0,1,515.0,0.0,0.0,0.0,0.0,0.0,24
2023-05-10 21:31:20,CF311P15400,棉花2311沽15400,515.0,0.0,0.0,0.0,2,141.0,1156.0,1,515.0,0.0,0.0,0.0,0.0,0.0,24
2023-05-10 21:31:20,CF311P15400,棉花2311沽15400,515.0,0.0,0.0,0.0,1,144.0,1156.0,1,515.0,0.0,0.0,0.0,0.0,0.0,24
2023-05-10 21:31:21,CF311P15400,棉花2311沽15400,515.0,0.0,0.0,0.0,2,145.0,1156.0,1,515.0,0.0,0.0,0.0,0.0,0.0,24
2023-05-10 21:31:21,CF311P15400,棉花2311沽15400,515.0,0.0,0.0,0.0,1,148.0,1156.0,1,515.0,0.0,0.0,0.0,0.0,0.0,24
2023-05-10 21:31:22,CF311P15400,棉花2311沽15400,515.0,0.0,0.0,0.0,2,149.0,1156.0,1,515.0,0.0,0.0,0.0,0.0,0.0,24
2023-05-10 21:31:22,CF311P15400,棉花2311沽15400,515.0,0.0,0.0,0.0,1,152.0,1156.0,1,515.0,0.0,0.0,0.0,0.0,0.0,24
2023-05-10 21:31:23,CF311P15400,棉花2311沽15400,515.0,0.0,0.0,0.0,2,153.0,1156.0,1,515.0,0.0,0.0,0.0,0.0,0.0,24
2023-05-10 21:31:23,CF311P15400,棉花2311沽15400,515.0,0.0,0.0,0.0,1,156.0,1156.0,1,515.0,0.0,0.0,0.0,0.0,0.0,24
2023-05-10 21:31:24,CF311P15400,棉花2311沽15400,515.0,0.0,0.0,0.0,2,157.0,1156.0,1,515.0,0.0,0.0,0.0,0.0,0.0,24
2023-05-10 21:31:24,CF311P15400,棉花2311沽15400,515.0,0.0,0.0,0.0,1,160.0,1156.0,1,515.0,0.0,0.0,0.0,0.0,0.0,24
2023-05-10 21:31:25,CF311P15400,棉花2311沽15400,515.0,0.0,0.0,0.0,2,161.0,1156.0,1,515.0,0.0,0.0,0.0,0.0,0.0,24
2023-05-10 21:31:25,CF311P15400,棉花2311沽15400,515.0,0.0,0.0,0.0,1,164.0,1156.0,1,515.0,0.0,0.0,0.0,0.0,0.0,24
2023-05-10 21:31:26,CF311P15400,棉花2311沽15400,515.0,0.0,0.0,0.0,2,165.0,1156.0,1,515.0,0.0,0.0,0.0,0.0,0.0,24
2023-05-10 21:31:26,CF311P15400,棉花2311沽15400,515.0,0.0,0.0,0.0,1,168.0,1156.0,1,515.0,0.0,0.0,0.0,0.0,0.0,24
2023-05-10 21:31:27,CF311P15400,棉花2311沽15400,515.0,0.0,0.0,0.0,2,169.0,1156.0,1,515.0,0.0,0.0,0.0,0.0,0.0,24
2023-05-10 21:31:27,CF311P15400,棉花2311沽15400,515.0,0.0,0.0,0.0,1,172.0,1156.0,1,515.0,0.0,0.0,0.0,0.0,0.0,24
2023-05-10 21:31:28,CF311P15400,棉花2311沽15400,515.0,0.0,0.0,0.0,2,173.0,1156.0,1,515.0,0.0,0.0,0.0,0.0,0.0,24
2023-05-10 21:31:28,CF311P15400,棉花2311沽15400,515.0,0.0,0.0,0.0,1,176.0,1156.0,1,515.0,0.0,0.0,0.0,0.0,0.0,24
2023-05-10 21:31:29,CF311P15400,棉花2311沽15400,515.0,0.0,0.0,0.0,2,177.0,1156.0,1,515.0,0.0,0.0,0.0,0.0,0.0,24
2023-05-10 21:31:29,CF311P15400,棉花2311沽15400,515.0,0.0,0.0,0.0,1,180.0,1156.0,1,515.0,0.0,0.0,0.0,0.0,0.0,24
2023-05-10 21:31:30,CF311P15400,棉花2311沽15400,515.0,0.0,0.0,0.0,2,181.0,1156.0,1,515.0,0.0,0.0,0.0,0.0,0.0,24
2023-05-10 21:31:30,CF311P15400,棉花2311沽15400,515.0,0.0,0.0,0.0,1,184.0,1156.0,1,515.0,0.0,0.0,0.0,0.0,0.0,24
2023-05-10 21:31:31,CF311P15400,棉花2311沽15400,515.0,0.0,0.0,0.0,2,185.0,1156.0,1,515.0,0.0,0.0,0.0,0.0,0.0,24
2023-05-10 21:31:31,CF311P15400,棉花2311沽15400,515.0,0.0,0.0,0.0,1,188.0,1156.0,1,515.0,0.0,0.0,0.0,0.0,0.0,24
2023-05-10 21:31:32,CF311P15400,棉花2311沽15400,515.0,0.0,0.0,0.0,2,189.0,1156.0,1,515.0,0.0,0.0,0.0,0.0,0.0,24
2023-05-10 21:31:32,CF311P15400,棉花2311沽15400,515.0,0.0,0.0,0.0,1,192.0,1156.0,1,515.0,0.0,0.0,0.0,0.0,0.0,24
2023-05-10 21:31:33,CF311P15400,棉花2311沽15400,515.0,0.0,0.0,0.0,2,193.0,1156.0,1,515.0,0.0,0.0,0.0,0.0,0.0,24
2023-05-10 21:31:33,CF311P15400,棉花2311沽15400,515.0,0.0,0.0,0.0,1,196.0,1156.0,1,515.0,0.0,0.0,0.0,0.0,0.0,24
2023-05-10 21:31:34,CF311P15400,棉花2311沽15400,515.0,0.0,0.0,0.0,2,197.0,1156.0,1,515.0,0.0,0.0,0.0,0.0,0.0,24
2023-05-10 21:31:34,CF311P15400,棉花2311沽15400,515.0,0.0,0.0,0.0,1,200.0,1156.0,1,515.0,0.0,0.0,0.0,0.0,0.0,24
2023-05-10 21:31:35,CF311P15400,棉花2311沽15400,515.0,0.0,0.0,0.0,2,201.0,1156.0,1,515.0,0.0,0.0,0.0,0.0,0.0,24
2023-05-10 21:31:35,CF311P15400,棉花2311沽15400,515.0,0.0,0.0,0.0,1,204.0,1156.0,1,515.0,0.0,0.0,0.0,0.0,0.0,24
2023-05-10 21:31:36,CF311P15400,棉花2311沽15400,515.0,0.0,0.0,0.0,2,205.0,1156.0,1,515.0,0.0,0.0,0.0,0.0,0.0,24
2023-05-10 21:31:36,CF311P15400,棉花2311沽15400,515.0,0.0,0.0,0.0,1,208.0,1156.0,1,515.0,0.0,0.0,0.0,0.0,0.0,24
2023-05-10 21:31:37,CF311P15400,棉花2311沽15400,515.0,0.0,0.0,0.0,2,209.0,1156.0,1,515.0,0.0,0.0,0.0,0.0,0.0,24
2023-05-10 21:31:37,CF311P15400,棉花2311沽15400,515.0,0.0,0.0,0.0,1,212.0,1156.0,1,515.0,0.0,0.0,0.0,0.0,0.0,24
2023-05-10 21:31:38,CF311P15400,棉花2311沽15400,515.0,0.0,0.0,0.0,2,213.0,1156.0,1,515.0,0.0,0.0,0.0,0.0,0.0,24
2023-05-10 21:31:38,CF311P15400,棉花2311沽15400,515.0,0.0,0.0,0.0,1,216.0,1156.0,1,515.0,0.0,0.0,0.0,0.0,0.0,24
2023-05-10 21:31:39,CF311P15400,棉花2311沽15400,515.0,0.0,0.0,0.0,2,217.0,1156.0,1,515.0,0.0,0.0,0.0,0.0,0.0,24
2023-05-10 21:31:39,CF311P15400,棉花2311沽15400,515.0,0.0,0.0,0.0,1,220.0,1156.0,1,515.0,0.0,0.0,0.0,0.0,0.0,24
2023-05-10 21:31:40,CF311P15400,棉花2311沽15400,515.0,0.0,0.0,0.0,2,221.0,1156.0,1,515.0,0.0,0.0,0.0,0.0,0.0,24
2023-05-10 21:31:40,CF311P15400,棉花2311沽15400,515.0,0.0,0.0,0.0,1,224.0,1156.0,1,515.0,0.0,0.0,0.0,0.0,0.0,24
2023-05-10 21:31:40,CF311P15400,棉花2311沽15400,515.0,0.0,0.0,0.0,2,221.0,1156.0,1,515.0,0.0,0.0,0.0,0.0,0.0,24
2023-05-10 21:31:40,CF311P15400,棉花2311沽15400,515.0,0.0,0.0,0.0,1,224.0,1156.0,1,515.0,0.0,0.0,0.0,0.0,0.0,24
2023-05-10 22:37:33,CF311P15400,棉花2311沽15400,515.0,0.0,0.0,0.0,2,232.0,1156.0,1,515.0,0.0,0.0,0.0,0.0,0.0,24
2023-05-10 22:37:33,CF311P15400,棉花2311沽15400,515.0,0.0,0.0,0.0,1,235.0,1156.0,1,515.0,0.0,0.0,0.0,0.0,0.0,24
2023-05-10 22:37:34,CF311P15400,棉花2311沽15400,515.0,0.0,0.0,0.0,2,236.0,1156.0,1,515.0,0.0,0.0,0.0,0.0,0.0,24
2023-05-10 22:37:34,CF311P15400,棉花2311沽15400,515.0,0.0,0.0,0.0,1,239.0,1156.0,1,515.0,0.0,0.0,0.0,0.0,0.0,24
2023-05-10 22:37:35,CF311P15400,棉花2311沽15400,515.0,0.0,0.0,0.0,2,240.0,1156.0,1,515.0,0.0,0.0,0.0,0.0,0.0,24
2023-05-10 22:37:35,CF311P15400,棉花2311沽15400,515.0,0.0,0.0,0.0,1,243.0,1156.0,1,515.0,0.0,0.0,0.0,0.0,0.0,24
2023-05-10 22:37:36,CF311P15400,棉花2311沽15400,515.0,0.0,0.0,0.0,2,244.0,1156.0,1,515.0,0.0,0.0,0.0,0.0,0.0,24
2023-05-10 22:37:36,CF311P15400,棉花2311沽15400,515.0,0.0,0.0,0.0,1,247.0,1156.0,1,515.0,0.0,0.0,0.0,0.0,0.0,24
2023-05-10 22:37:37,CF311P15400,棉花2311沽15400,515.0,0.0,0.0,0.0,2,263.0,1156.0,1,515.0,0.0,0.0,0.0,0.0,0.0,24
2023-05-10 22:37:37,CF311P15400,棉花2311沽15400,515.0,0.0,0.0,0.0,1,266.0,1156.0,1,515.0,0.0,0.0,0.0,0.0,0.0,24
2023-05-10 22:37:38,CF311P15400,棉花2311沽15400,515.0,0.0,0.0,0.0,2,282.0,1156.0,1,515.0,0.0,0.0,0.0,0.0,0.0,24
2023-05-10 22:37:38,CF311P15400,棉花2311沽15400,515.0,0.0,0.0,0.0,1,285.0,1156.0,1,515.0,0.0,0.0,0.0,0.0,0.0,24
2023-05-10 22:37:39,CF311P15400,棉花2311沽15400,515.0,0.0,0.0,0.0,2,293.0,1156.0,1,515.0,0.0,0.0,0.0,0.0,0.0,24
2023-05-10 22:37:39,CF311P15400,棉花2311沽15400,515.0,0.0,0.0,0.0,1,296.0,1156.0,1,515.0,0.0,0.0,0.0,0.0,0.0,24
2023-05-10 22:37:40,CF311P15400,棉花2311沽15400,515.0,0.0,0.0,0.0,2,297.0,1156.0,1,515.0,0.0,0.0,0.0,0.0,0.0,24
2023-05-10 22:37:40,CF311P15400,棉花2311沽15400,515.0,0.0,0.0,0.0,1,300.0,1156.0,1,515.0,0.0,0.0,0.0,0.0,0.0,24
2023-05-10 22:37:41,CF311P15400,棉花2311沽15400,515.0,0.0,0.0,0.0,2,301.0,1156.0,1,515.0,0.0,0.0,0.0,0.0,0.0,24
2023-05-10 22:37:41,CF311P15400,棉花2311沽15400,515.0,0.0,0.0,0.0,1,304.0,1156.0,1,515.0,0.0,0.0,0.0,0.0,0.0,24
2023-05-10 22:49:05,CF311P15400,棉花2311沽15400,515.0,0.0,0.0,0.0,1,49.0,1156.0,1,515.0,0.0,0.0,0.0,0.0,0.0,24
2023-05-10 22:49:06,CF311P15400,棉花2311沽15400,515.0,0.0,0.0,0.0,2,65.0,1156.0,1,515.0,0.0,0.0,0.0,0.0,0.0,24
2023-05-10 22:49:06,CF311P15400,棉花2311沽15400,515.0,0.0,0.0,0.0,1,68.0,1156.0,1,515.0,0.0,0.0,0.0,0.0,0.0,24
2023-05-10 22:49:07,CF311P15400,棉花2311沽15400,515.0,0.0,0.0,0.0,2,84.0,1156.0,1,515.0,0.0,0.0,0.0,0.0,0.0,24
2023-05-10 22:49:07,CF311P15400,棉花2311沽15400,515.0,0.0,0.0,0.0,1,87.0,1156.0,1,515.0,0.0,0.0,0.0,0.0,0.0,24
2023-05-10 22:49:08,CF311P15400,棉花2311沽15400,515.0,0.0,0.0,0.0,2,103.0,1156.0,1,515.0,0.0,0.0,0.0,0.0,0.0,24
2023-05-10 22:49:08,CF311P15400,棉花2311沽15400,515.0,0.0,0.0,0.0,1,106.0,1156.0,1,515.0,0.0,0.0,0.0,0.0,0.0,24
2023-05-10 22:49:09,CF311P15400,棉花2311沽15400,515.0,0.0,0.0,0.0,2,122.0,1156.0,1,515.0,0.0,0.0,0.0,0.0,0.0,24
2023-05-10 22:49:09,CF311P15400,棉花2311沽15400,515.0,0.0,0.0,0.0,1,125.0,1156.0,1,515.0,0.0,0.0,0.0,0.0,0.0,24
2023-05-10 22:49:10,CF311P15400,棉花2311沽15400,515.0,0.0,0.0,0.0,2,141.0,1156.0,1,515.0,0.0,0.0,0.0,0.0,0.0,24
2023-05-10 22:49:10,CF311P15400,棉花2311沽15400,515.0,0.0,0.0,0.0,1,144.0,1156.0,1,515.0,0.0,0.0,0.0,0.0,0.0,24
2023-05-10 22:49:11,CF311P15400,棉花2311沽15400,515.0,0.0,0.0,0.0,2,160.0,1156.0,1,515.0,0.0,0.0,0.0,0.0,0.0,24
2023-05-10 22:49:13,CF311P15400,棉花2311沽15400,515.0,0.0,0.0,0.0,1,163.0,1156.0,1,515.0,0.0,0.0,0.0,0.0,0.0,24
2023-05-10 22:49:13,CF311P15400,棉花2311沽15400,515.0,0.0,0.0,0.0,2,179.0,1156.0,1,515.0,0.0,0.0,0.0,0.0,0.0,24
2023-05-10 22:49:14,CF311P15400,棉花2311沽15400,515.0,0.0,0.0,0.0,1,182.0,1156.0,1,515.0,0.0,0.0,0.0,0.0,0.0,24
2023-05-10 22:49:14,CF311P15400,棉花2311沽15400,515.0,0.0,0.0,0.0,2,183.0,1156.0,1,515.0,0.0,0.0,0.0,0.0,0.0,24
2023-05-10 22:49:15,CF311P15400,棉花2311沽15400,515.0,0.0,0.0,0.0,1,186.0,1156.0,1,515.0,0.0,0.0,0.0,0.0,0.0,24
2023-05-10 22:49:15,CF311P15400,棉花2311沽15400,515.0,0.0,0.0,0.0,2,187.0,1156.0,1,515.0,0.0,0.0,0.0,0.0,0.0,24
2023-05-10 22:49:16,CF311P15400,棉花2311沽15400,515.0,0.0,0.0,0.0,1,190.0,1156.0,1,515.0,0.0,0.0,0.0,0.0,0.0,24
2023-05-10 22:49:16,CF311P15400,棉花2311沽15400,515.0,0.0,0.0,0.0,2,191.0,1156.0,1,515.0,0.0,0.0,0.0,0.0,0.0,24
2023-05-10 22:49:17,CF311P15400,棉花2311沽15400,515.0,0.0,0.0,0.0,1,194.0,1156.0,1,515.0,0.0,0.0,0.0,0.0,0.0,24
2023-05-10 22:49:52,CF311P15400,棉花2311沽15400,515.0,0.0,0.0,0.0,1,195.0,1156.0,1,515.0,0.0,0.0,0.0,0.0,0.0,24
2023-05-10 22:49:52,CF311P15400,棉花2311沽15400,515.0,0.0,0.0,0.0,1,198.0,1156.0,1,515.0,0.0,0.0,0.0,0.0,0.0,24
2023-05-10 22:49:53,CF311P15400,棉花2311沽15400,515.0,0.0,0.0,0.0,2,199.0,1156.0,1,515.0,0.0,0.0,0.0,0.0,0.0,24
2023-05-10 22:49:53,CF311P15400,棉花2311沽15400,515.0,0.0,0.0,0.0,1,202.0,1156.0,1,515.0,0.0,0.0,0.0,0.0,0.0,24
2023-05-10 22:49:54,CF311P15400,棉花2311沽15400,515.0,0.0,0.0,0.0,2,203.0,1156.0,1,515.0,0.0,0.0,0.0,0.0,0.0,24
2023-05-10 22:49:54,CF311P15400,棉花2311沽15400,515.0,0.0,0.0,0.0,1,206.0,1156.0,1,515.0,0.0,0.0,0.0,0.0,0.0,24
2023-05-10 22:49:55,CF311P15400,棉花2311沽15400,515.0,0.0,0.0,0.0,2,207.0,1156.0,1,515.0,0.0,0.0,0.0,0.0,0.0,24
2023-05-10 22:49:55,CF311P15400,棉花2311沽15400,515.0,0.0,0.0,0.0,1,210.0,1156.0,1,515.0,0.0,0.0,0.0,0.0,0.0,24
2023-05-10 22:49:56,CF311P15400,棉花2311沽15400,515.0,0.0,0.0,0.0,2,211.0,1156.0,1,515.0,0.0,0.0,0.0,0.0,0.0,24
2023-05-10 22:49:56,CF311P15400,棉花2311沽15400,515.0,0.0,0.0,0.0,1,214.0,1156.0,1,515.0,0.0,0.0,0.0,0.0,0.0,24
2023-05-10 22:49:57,CF311P15400,棉花2311沽15400,515.0,0.0,0.0,0.0,2,215.0,1156.0,1,515.0,0.0,0.0,0.0,0.0,0.0,24
2023-05-10 22:49:57,CF311P15400,棉花2311沽15400,515.0,0.0,0.0,0.0,1,218.0,1156.0,1,515.0,0.0,0.0,0.0,0.0,0.0,24
2023-05-10 22:49:58,CF311P15400,棉花2311沽15400,515.0,0.0,0.0,0.0,2,219.0,1156.0,1,515.0,0.0,0.0,0.0,0.0,0.0,24
2023-05-10 22:49:58,CF311P15400,棉花2311沽15400,515.0,0.0,0.0,0.0,1,222.0,1156.0,1,515.0,0.0,0.0,0.0,0.0,0.0,24
2023-05-10 22:59:54,CF311P15400,棉花2311沽15400,515.0,0.0,0.0,0.0,1,195.0,1441.0,1,515.0,0.0,0.0,0.0,0.0,0.0,24
2023-05-11 09:01:13,CF311P15400,棉花2311沽15400,515.0,0.0,0.0,0.0,2,196.0,1441.0,1,515.0,0.0,0.0,0.0,0.0,0.0,24
2023-05-11 09:01:16,CF311P15400,棉花2311沽15400,515.0,0.0,0.0,0.0,1,199.0,1438.0,1,515.0,0.0,0.0,0.0,0.0,0.0,24
2023-05-11 09:01:22,CF311P15400,棉花2311沽15400,515.0,0.0,0.0,0.0,1,200.0,1438.0,1,515.0,0.0,0.0,0.0,0.0,0.0,24
2023-05-11 09:01:24,CF311P15400,棉花2311沽15400,515.0,0.0,0.0,0.0,1,203.0,1438.0,1,515.0,0.0,0.0,0.0,0.0,0.0,24
2023-05-11 09:02:22,CF311P15400,棉花2311沽15400,515.0,0.0,0.0,0.0,2,204.0,1438.0,1,515.0,0.0,0.0,0.0,0.0,0.0,24
2023-05-11 09:02:22,CF311P15400,棉花2311沽15400,515.0,0.0,0.0,0.0,1,207.0,1438.0,1,515.0,0.0,0.0,0.0,0.0,0.0,24
2023-05-11 09:02:26,CF311P15400,棉花2311沽15400,515.0,0.0,0.0,0.0,2,208.0,1438.0,1,515.0,0.0,0.0,0.0,0.0,0.0,24
2023-05-11 09:02:28,CF311P15400,棉花2311沽15400,515.0,0.0,0.0,0.0,1,211.0,1438.0,1,515.0,0.0,0.0,0.0,0.0,0.0,24
2023-05-11 09:02:30,CF311P15400,棉花2311沽15400,515.0,0.0,0.0,0.0,2,212.0,1438.0,1,515.0,0.0,0.0,0.0,0.0,0.0,24
2023-05-11 09:02:31,CF311P15400,棉花2311沽15400,515.0,0.0,0.0,0.0,1,215.0,1438.0,1,515.0,0.0,0.0,0.0,0.0,0.0,24
2023-05-11 09:02:32,CF311P15400,棉花2311沽15400,515.0,0.0,0.0,0.0,2,216.0,1438.0,1,515.0,0.0,0.0,0.0,0.0,0.0,24
2023-05-11 09:02:36,CF311P15400,棉花2311沽15400,515.0,0.0,0.0,0.0,1,219.0,1438.0,1,515.0,0.0,0.0,0.0,0.0,0.0,24
2023-05-11 09:02:37,CF311P15400,棉花2311沽15400,515.0,0.0,0.0,0.0,2,220.0,1438.0,1,515.0,0.0,0.0,0.0,0.0,0.0,24
2023-05-11 09:02:39,CF311P15400,棉花2311沽15400,515.0,0.0,0.0,0.0,1,223.0,1438.0,1,515.0,0.0,0.0,0.0,0.0,0.0,24
2023-05-11 09:02:40,CF311P15400,棉花2311沽15400,515.0,0.0,0.0,0.0,2,224.0,1438.0,1,515.0,0.0,0.0,0.0,0.0,0.0,24
2023-05-11 09:02:43,CF311P15400,棉花2311沽15400,515.0,0.0,0.0,0.0,1,227.0,1438.0,1,515.0,0.0,0.0,0.0,0.0,0.0,24
2023-05-11 09:02:44,CF311P15400,棉花2311沽15400,515.0,0.0,0.0,0.0,2,228.0,1438.0,1,515.0,0.0,0.0,0.0,0.0,0.0,24
2023-05-11 09:02:44,CF311P15400,棉花2311沽15400,515.0,0.0,0.0,0.0,1,231.0,1438.0,1,515.0,0.0,0.0,0.0,0.0,0.0,24
2023-05-11 09:02:45,CF311P15400,棉花2311沽15400,515.0,0.0,0.0,0.0,2,232.0,1438.0,1,515.0,0.0,0.0,0.0,0.0,0.0,24
2023-05-11 09:02:48,CF311P15400,棉花2311沽15400,515.0,0.0,0.0,0.0,1,235.0,1438.0,1,515.0,0.0,0.0,0.0,0.0,0.0,24
2023-05-11 09:14:02,CF311P15400,棉花2311沽15400,515.0,0.0,0.0,0.0,1,235.0,1427.0,1,515.0,0.0,0.0,0.0,0.0,0.0,24
2023-05-11 09:14:02,CF311P15400,棉花2311沽15400,515.0,0.0,0.0,0.0,1,235.0,1424.0,1,515.0,0.0,0.0,0.0,0.0,0.0,24
2023-05-11 09:14:11,CF311P15400,棉花2311沽15400,515.0,0.0,0.0,0.0,1,235.0,1413.0,1,515.0,0.0,0.0,0.0,0.0,0.0,24
2023-05-11 09:14:11,CF311P15400,棉花2311沽15400,515.0,0.0,0.0,0.0,1,235.0,1410.0,1,515.0,0.0,0.0,0.0,0.0,0.0,24
2023-05-11 09:14:16,CF311P15400,棉花2311沽15400,515.0,0.0,0.0,0.0,1,235.0,1399.0,1,515.0,0.0,0.0,0.0,0.0,0.0,24
2023-05-11 09:14:16,CF311P15400,棉花2311沽15400,515.0,0.0,0.0,0.0,1,235.0,1396.0,1,515.0,0.0,0.0,0.0,0.0,0.0,24
2023-05-11 09:14:22,CF311P15400,棉花2311沽15400,515.0,0.0,0.0,0.0,1,235.0,1385.0,1,515.0,0.0,0.0,0.0,0.0,0.0,24
2023-05-11 09:14:23,CF311P15400,棉花2311沽15400,515.0,0.0,0.0,0.0,1,235.0,1382.0,1,515.0,0.0,0.0,0.0,0.0,0.0,24
2023-05-11 09:14:27,CF311P15400,棉花2311沽15400,515.0,0.0,0.0,0.0,1,235.0,1371.0,1,515.0,0.0,0.0,0.0,0.0,0.0,24
2023-05-11 09:14:28,CF311P15400,棉花2311沽15400,515.0,0.0,0.0,0.0,1,235.0,1368.0,1,515.0,0.0,0.0,0.0,0.0,0.0,24
2023-05-11 09:14:34,CF311P15400,棉花2311沽15400,515.0,0.0,0.0,0.0,1,235.0,1357.0,1,515.0,0.0,0.0,0.0,0.0,0.0,24
2023-05-11 09:14:34,CF311P15400,棉花2311沽15400,515.0,0.0,0.0,0.0,1,235.0,1354.0,1,515.0,0.0,0.0,0.0,0.0,0.0,24
2023-05-11 09:14:41,CF311P15400,棉花2311沽15400,515.0,0.0,0.0,0.0,1,235.0,1343.0,1,515.0,0.0,0.0,0.0,0.0,0.0,24
2023-05-11 09:14:41,CF311P15400,棉花2311沽15400,515.0,0.0,0.0,0.0,1,235.0,1340.0,1,515.0,0.0,0.0,0.0,0.0,0.0,24
2023-05-11 09:14:46,CF311P15400,棉花2311沽15400,515.0,0.0,0.0,0.0,1,235.0,1329.0,1,515.0,0.0,0.0,0.0,0.0,0.0,24
2023-05-11 09:14:47,CF311P15400,棉花2311沽15400,515.0,0.0,0.0,0.0,1,235.0,1326.0,1,515.0,0.0,0.0,0.0,0.0,0.0,24
2023-05-11 09:14:56,CF311P15400,棉花2311沽15400,515.0,0.0,0.0,0.0,1,235.0,1315.0,1,515.0,0.0,0.0,0.0,0.0,0.0,24
2023-05-11 09:14:56,CF311P15400,棉花2311沽15400,515.0,0.0,0.0,0.0,1,235.0,1312.0,1,515.0,0.0,0.0,0.0,0.0,0.0,24
2023-05-11 09:15:04,CF311P15400,棉花2311沽15400,515.0,0.0,0.0,0.0,1,235.0,1306.0,1,515.0,0.0,0.0,0.0,0.0,0.0,24
2023-05-11 09:15:04,CF311P15400,棉花2311沽15400,515.0,0.0,0.0,0.0,1,235.0,1303.0,1,515.0,0.0,0.0,0.0,0.0,0.0,24
2023-05-11 09:15:16,CF311P15400,棉花2311沽15400,515.0,0.0,0.0,0.0,1,235.0,1292.0,1,515.0,0.0,0.0,0.0,0.0,0.0,24
2023-05-11 09:15:16,CF311P15400,棉花2311沽15400,515.0,0.0,0.0,0.0,1,235.0,1289.0,1,515.0,0.0,0.0,0.0,0.0,0.0,24
2023-05-11 09:15:24,CF311P15400,棉花2311沽15400,515.0,0.0,0.0,0.0,1,235.0,1283.0,1,515.0,0.0,0.0,0.0,0.0,0.0,24
2023-05-11 09:15:24,CF311P15400,棉花2311沽15400,515.0,0.0,0.0,0.0,1,235.0,1280.0,1,515.0,0.0,0.0,0.0,0.0,0.0,24
2023-05-11 09:15:35,CF311P15400,棉花2311沽15400,515.0,0.0,0.0,0.0,1,235.0,1279.0,1,515.0,0.0,0.0,0.0,0.0,0.0,24
2023-05-11 09:15:35,CF311P15400,棉花2311沽15400,515.0,0.0,0.0,0.0,1,235.0,1276.0,1,515.0,0.0,0.0,0.0,0.0,0.0,24
2023-05-11 09:15:47,CF311P15400,棉花2311沽15400,515.0,0.0,0.0,0.0,1,235.0,1275.0,1,515.0,0.0,0.0,0.0,0.0,0.0,24
2023-05-11 09:15:47,CF311P15400,棉花2311沽15400,515.0,0.0,0.0,0.0,1,235.0,1272.0,1,515.0,0.0,0.0,0.0,0.0,0.0,24
2023-05-11 09:15:52,CF311P15400,棉花2311沽15400,515.0,0.0,0.0,0.0,1,235.0,1271.0,1,515.0,0.0,0.0,0.0,0.0,0.0,24
2023-05-11 09:15:52,CF311P15400,棉花2311沽15400,515.0,0.0,0.0,0.0,1,235.0,1268.0,1,515.0,0.0,0.0,0.0,0.0,0.0,24
2023-05-11 09:15:57,CF311P15400,棉花2311沽15400,515.0,0.0,0.0,0.0,1,235.0,1267.0,1,515.0,0.0,0.0,0.0,0.0,0.0,24
2023-05-11 09:15:57,CF311P15400,棉花2311沽15400,515.0,0.0,0.0,0.0,1,235.0,1264.0,1,515.0,0.0,0.0,0.0,0.0,0.0,24
2023-05-11 09:16:04,CF311P15400,棉花2311沽15400,515.0,0.0,0.0,0.0,1,235.0,1263.0,1,515.0,0.0,0.0,0.0,0.0,0.0,24
2023-05-11 09:16:04,CF311P15400,棉花2311沽15400,515.0,0.0,0.0,0.0,1,235.0,1260.0,1,515.0,0.0,0.0,0.0,0.0,0.0,24
2023-05-11 09:16:17,CF311P15400,棉花2311沽15400,515.0,0.0,0.0,0.0,1,235.0,1259.0,1,515.0,0.0,0.0,0.0,0.0,0.0,24
2023-05-11 09:16:17,CF311P15400,棉花2311沽15400,515.0,0.0,0.0,0.0,1,235.0,1256.0,1,515.0,0.0,0.0,0.0,0.0,0.0,24
2023-05-11 09:16:22,CF311P15400,棉花2311沽15400,515.0,0.0,0.0,0.0,1,235.0,1255.0,1,515.0,0.0,0.0,0.0,0.0,0.0,24
2023-05-11 09:16:22,CF311P15400,棉花2311沽15400,515.0,0.0,0.0,0.0,1,235.0,1252.0,1,515.0,0.0,0.0,0.0,0.0,0.0,24
2023-05-11 09:16:27,CF311P15400,棉花2311沽15400,515.0,0.0,0.0,0.0,1,235.0,1251.0,1,515.0,0.0,0.0,0.0,0.0,0.0,24
2023-05-11 09:16:27,CF311P15400,棉花2311沽15400,515.0,0.0,0.0,0.0,1,235.0,1248.0,1,515.0,0.0,0.0,0.0,0.0,0.0,24
2023-05-11 09:16:38,CF311P15400,棉花2311沽15400,515.0,0.0,0.0,0.0,1,235.0,1247.0,1,515.0,0.0,0.0,0.0,0.0,0.0,24
2023-05-11 09:16:38,CF311P15400,棉花2311沽15400,515.0,0.0,0.0,0.0,1,235.0,1244.0,1,515.0,0.0,0.0,0.0,0.0,0.0,24
2023-05-11 09:16:43,CF311P15400,棉花2311沽15400,515.0,0.0,0.0,0.0,1,235.0,1243.0,1,515.0,0.0,0.0,0.0,0.0,0.0,24
2023-05-11 09:16:43,CF311P15400,棉花2311沽15400,515.0,0.0,0.0,0.0,1,235.0,1240.0,1,515.0,0.0,0.0,0.0,0.0,0.0,24
2023-05-11 09:16:49,CF311P15400,棉花2311沽15400,515.0,0.0,0.0,0.0,1,235.0,1239.0,1,515.0,0.0,0.0,0.0,0.0,0.0,24
2023-05-11 09:16:49,CF311P15400,棉花2311沽15400,515.0,0.0,0.0,0.0,1,235.0,1236.0,1,515.0,0.0,0.0,0.0,0.0,0.0,24
2023-05-11 09:16:55,CF311P15400,棉花2311沽15400,515.0,0.0,0.0,0.0,1,235.0,1235.0,1,515.0,0.0,0.0,0.0,0.0,0.0,24
2023-05-11 09:16:55,CF311P15400,棉花2311沽15400,515.0,0.0,0.0,0.0,1,235.0,1232.0,1,515.0,0.0,0.0,0.0,0.0,0.0,24
2023-05-11 09:17:01,CF311P15400,棉花2311沽15400,515.0,0.0,0.0,0.0,1,235.0,1231.0,1,515.0,0.0,0.0,0.0,0.0,0.0,24
2023-05-11 09:17:01,CF311P15400,棉花2311沽15400,515.0,0.0,0.0,0.0,1,235.0,1228.0,1,515.0,0.0,0.0,0.0,0.0,0.0,24
2023-05-11 09:17:08,CF311P15400,棉花2311沽15400,515.0,0.0,0.0,0.0,1,235.0,1227.0,1,515.0,0.0,0.0,0.0,0.0,0.0,24
2023-05-11 09:17:08,CF311P15400,棉花2311沽15400,515.0,0.0,0.0,0.0,1,235.0,1224.0,1,515.0,0.0,0.0,0.0,0.0,0.0,24
2023-05-11 09:17:12,CF311P15400,棉花2311沽15400,515.0,0.0,0.0,0.0,1,235.0,1223.0,1,515.0,0.0,0.0,0.0,0.0,0.0,24
2023-05-11 09:17:12,CF311P15400,棉花2311沽15400,515.0,0.0,0.0,0.0,1,235.0,1220.0,1,515.0,0.0,0.0,0.0,0.0,0.0,24
2023-05-11 09:17:17,CF311P15400,棉花2311沽15400,515.0,0.0,0.0,0.0,1,235.0,1219.0,1,515.0,0.0,0.0,0.0,0.0,0.0,24
2023-05-11 09:17:17,CF311P15400,棉花2311沽15400,515.0,0.0,0.0,0.0,1,235.0,1216.0,1,515.0,0.0,0.0,0.0,0.0,0.0,24
2023-05-11 09:17:23,CF311P15400,棉花2311沽15400,515.0,0.0,0.0,0.0,1,235.0,1215.0,1,515.0,0.0,0.0,0.0,0.0,0.0,24
2023-05-11 09:17:23,CF311P15400,棉花2311沽15400,515.0,0.0,0.0,0.0,1,235.0,1212.0,1,515.0,0.0,0.0,0.0,0.0,0.0,24
2023-05-11 09:17:31,CF311P15400,棉花2311沽15400,515.0,0.0,0.0,0.0,1,235.0,1211.0,1,515.0,0.0,0.0,0.0,0.0,0.0,24
2023-05-11 09:17:31,CF311P15400,棉花2311沽15400,515.0,0.0,0.0,0.0,1,235.0,1208.0,1,515.0,0.0,0.0,0.0,0.0,0.0,24
2023-05-11 09:17:37,CF311P15400,棉花2311沽15400,515.0,0.0,0.0,0.0,1,235.0,1207.0,1,515.0,0.0,0.0,0.0,0.0,0.0,24
2023-05-11 09:17:37,CF311P15400,棉花2311沽15400,515.0,0.0,0.0,0.0,1,235.0,1204.0,1,515.0,0.0,0.0,0.0,0.0,0.0,24
2023-05-11 09:17:43,CF311P15400,棉花2311沽15400,515.0,0.0,0.0,0.0,1,235.0,1203.0,1,515.0,0.0,0.0,0.0,0.0,0.0,24
2023-05-11 09:17:43,CF311P15400,棉花2311沽15400,515.0,0.0,0.0,0.0,1,235.0,1200.0,1,515.0,0.0,0.0,0.0,0.0,0.0,24
2023-05-11 09:17:50,CF311P15400,棉花2311沽15400,515.0,0.0,0.0,0.0,1,235.0,1199.0,1,515.0,0.0,0.0,0.0,0.0,0.0,24
2023-05-11 09:17:50,CF311P15400,棉花2311沽15400,515.0,0.0,0.0,0.0,1,235.0,1196.0,1,515.0,0.0,0.0,0.0,0.0,0.0,24
2023-05-11 09:17:55,CF311P15400,棉花2311沽15400,515.0,0.0,0.0,0.0,1,235.0,1195.0,1,515.0,0.0,0.0,0.0,0.0,0.0,24
2023-05-11 09:17:55,CF311P15400,棉花2311沽15400,515.0,0.0,0.0,0.0,1,235.0,1192.0,1,515.0,0.0,0.0,0.0,0.0,0.0,24
2023-05-11 09:18:02,CF311P15400,棉花2311沽15400,515.0,0.0,0.0,0.0,1,235.0,1191.0,1,515.0,0.0,0.0,0.0,0.0,0.0,24
2023-05-11 09:18:03,CF311P15400,棉花2311沽15400,515.0,0.0,0.0,0.0,1,235.0,1188.0,1,515.0,0.0,0.0,0.0,0.0,0.0,24
2023-05-11 09:18:11,CF311P15400,棉花2311沽15400,515.0,0.0,0.0,0.0,1,235.0,1187.0,1,515.0,0.0,0.0,0.0,0.0,0.0,24
2023-05-11 09:18:11,CF311P15400,棉花2311沽15400,515.0,0.0,0.0,0.0,1,235.0,1184.0,1,515.0,0.0,0.0,0.0,0.0,0.0,24
2023-05-11 09:18:14,CF311P15400,棉花2311沽15400,515.0,0.0,0.0,0.0,1,235.0,1183.0,1,515.0,0.0,0.0,0.0,0.0,0.0,24
2023-05-11 09:18:15,CF311P15400,棉花2311沽15400,515.0,0.0,0.0,0.0,1,235.0,1180.0,1,515.0,0.0,0.0,0.0,0.0,0.0,24
2023-05-11 09:18:21,CF311P15400,棉花2311沽15400,515.0,0.0,0.0,0.0,1,235.0,1179.0,1,515.0,0.0,0.0,0.0,0.0,0.0,24
2023-05-11 09:18:21,CF311P15400,棉花2311沽15400,515.0,0.0,0.0,0.0,1,235.0,1176.0,1,515.0,0.0,0.0,0.0,0.0,0.0,24
2023-05-11 09:18:24,CF311P15400,棉花2311沽15400,515.0,0.0,0.0,0.0,1,235.0,1175.0,1,515.0,0.0,0.0,0.0,0.0,0.0,24
2023-05-11 09:18:24,CF311P15400,棉花2311沽15400,515.0,0.0,0.0,0.0,1,235.0,1172.0,1,515.0,0.0,0.0,0.0,0.0,0.0,24
2023-05-11 09:18:28,CF311P15400,棉花2311沽15400,515.0,0.0,0.0,0.0,1,235.0,1171.0,1,515.0,0.0,0.0,0.0,0.0,0.0,24
2023-05-11 09:18:28,CF311P15400,棉花2311沽15400,515.0,0.0,0.0,0.0,1,235.0,1168.0,1,515.0,0.0,0.0,0.0,0.0,0.0,24
2023-05-11 09:18:31,CF311P15400,棉花2311沽15400,515.0,0.0,0.0,0.0,1,235.0,1167.0,1,515.0,0.0,0.0,0.0,0.0,0.0,24
2023-05-11 09:18:31,CF311P15400,棉花2311沽15400,515.0,0.0,0.0,0.0,1,235.0,1164.0,1,515.0,0.0,0.0,0.0,0.0,0.0,24
2023-05-11 09:18:34,CF311P15400,棉花2311沽15400,515.0,0.0,0.0,0.0,1,235.0,1163.0,1,515.0,0.0,0.0,0.0,0.0,0.0,24
2023-05-11 09:18:35,CF311P15400,棉花2311沽15400,515.0,0.0,0.0,0.0,1,235.0,1160.0,1,515.0,0.0,0.0,0.0,0.0,0.0,24
2023-05-11 09:18:36,CF311P15400,棉花2311沽15400,515.0,0.0,0.0,0.0,1,235.0,1159.0,1,515.0,0.0,0.0,0.0,0.0,0.0,24
2023-05-11 09:18:37,CF311P15400,棉花2311沽15400,515.0,0.0,0.0,0.0,1,235.0,1156.0,1,515.0,0.0,0.0,0.0,0.0,0.0,24
2023-05-11 09:18:41,CF311P15400,棉花2311沽15400,515.0,0.0,0.0,0.0,1,235.0,1155.0,1,515.0,0.0,0.0,0.0,0.0,0.0,24
2023-05-11 09:18:42,CF311P15400,棉花2311沽15400,515.0,0.0,0.0,0.0,1,235.0,1152.0,1,515.0,0.0,0.0,0.0,0.0,0.0,24
2023-05-11 09:18:46,CF311P15400,棉花2311沽15400,515.0,0.0,0.0,0.0,1,235.0,1151.0,1,515.0,0.0,0.0,0.0,0.0,0.0,24
2023-05-11 09:18:46,CF311P15400,棉花2311沽15400,515.0,0.0,0.0,0.0,1,235.0,1148.0,1,515.0,0.0,0.0,0.0,0.0,0.0,24
2023-05-11 09:18:50,CF311P15400,棉花2311沽15400,515.0,0.0,0.0,0.0,1,235.0,1147.0,1,515.0,0.0,0.0,0.0,0.0,0.0,24
2023-05-11 09:18:50,CF311P15400,棉花2311沽15400,515.0,0.0,0.0,0.0,1,235.0,1144.0,1,515.0,0.0,0.0,0.0,0.0,0.0,24
2023-05-11 09:18:53,CF311P15400,棉花2311沽15400,515.0,0.0,0.0,0.0,1,235.0,1143.0,1,515.0,0.0,0.0,0.0,0.0,0.0,24
2023-05-11 09:18:53,CF311P15400,棉花2311沽15400,515.0,0.0,0.0,0.0,1,235.0,1140.0,1,515.0,0.0,0.0,0.0,0.0,0.0,24
2023-05-11 09:18:55,CF311P15400,棉花2311沽15400,515.0,0.0,0.0,0.0,1,235.0,1139.0,1,515.0,0.0,0.0,0.0,0.0,0.0,24
2023-05-11 09:18:55,CF311P15400,棉花2311沽15400,515.0,0.0,0.0,0.0,1,235.0,1136.0,1,515.0,0.0,0.0,0.0,0.0,0.0,24
2023-05-11 09:18:55,CF311P15400,棉花2311沽15400,515.0,0.0,0.0,0.0,1,235.0,1139.0,1,515.0,0.0,0.0,0.0,0.0,0.0,24
2023-05-11 09:18:59,CF311P15400,棉花2311沽15400,515.0,0.0,0.0,0.0,1,235.0,1135.0,1,515.0,0.0,0.0,0.0,0.0,0.0,24
2023-05-11 09:19:00,CF311P15400,棉花2311沽15400,515.0,0.0,0.0,0.0,1,235.0,1132.0,1,515.0,0.0,0.0,0.0,0.0,0.0,24
2023-05-11 09:46:48,CF311P15400,棉花2311沽15400,515.0,0.0,0.0,0.0,6,500.0,550.0,6,515.0,0.0,0.0,0.0,0.0,0.0,24
2023-05-11 09:46:49,CF311P15400,棉花2311沽15400,515.0,0.0,0.0,0.0,12,500.0,550.0,12,515.0,0.0,0.0,0.0,0.0,0.0,24
2023-05-11 09:46:49,CF311P15400,棉花2311沽15400,515.0,0.0,0.0,0.0,15,500.0,550.0,15,515.0,0.0,0.0,0.0,0.0,0.0,24
2023-05-11 09:46:50,CF311P15400,棉花2311沽15400,515.0,0.0,0.0,0.0,18,500.0,550.0,18,515.0,0.0,0.0,0.0,0.0,0.0,24
2023-05-11 09:46:50,CF311P15400,棉花2311沽15400,515.0,0.0,0.0,0.0,3,504.0,550.0,21,515.0,0.0,0.0,0.0,0.0,0.0,24
2023-05-11 09:46:51,CF311P15400,棉花2311沽15400,515.0,0.0,0.0,0.0,6,504.0,550.0,21,515.0,0.0,0.0,0.0,0.0,0.0,24
2023-05-11 09:46:52,CF311P15400,棉花2311沽15400,515.0,0.0,0.0,0.0,6,504.0,547.0,3,515.0,0.0,0.0,0.0,0.0,0.0,24
2023-05-11 09:46:53,CF311P15400,棉花2311沽15400,515.0,0.0,0.0,0.0,9,504.0,547.0,6,515.0,0.0,0.0,0.0,0.0,0.0,24
2023-05-11 09:46:54,CF311P15400,棉花2311沽15400,515.0,0.0,0.0,0.0,12,504.0,540.0,3,515.0,0.0,0.0,0.0,0.0,0.0,24
2023-05-11 09:46:55,CF311P15400,棉花2311沽15400,515.0,0.0,0.0,0.0,12,504.0,540.0,6,515.0,0.0,0.0,0.0,0.0,0.0,24
2023-05-11 09:46:55,CF311P15400,棉花2311沽15400,515.0,0.0,0.0,0.0,15,504.0,540.0,9,515.0,0.0,0.0,0.0,0.0,0.0,24
2023-05-11 09:46:56,CF311P15400,棉花2311沽15400,515.0,0.0,0.0,0.0,18,504.0,540.0,9,515.0,0.0,0.0,0.0,0.0,0.0,24
2023-05-11 09:46:58,CF311P15400,棉花2311沽15400,515.0,0.0,0.0,0.0,21,504.0,540.0,12,515.0,0.0,0.0,0.0,0.0,0.0,24
2023-05-11 09:47:00,CF311P15400,棉花2311沽15400,515.0,0.0,0.0,0.0,24,504.0,540.0,15,515.0,0.0,0.0,0.0,0.0,0.0,24
2023-05-11 09:47:02,CF311P15400,棉花2311沽15400,515.0,0.0,0.0,0.0,21,504.0,540.0,15,515.0,0.0,0.0,0.0,0.0,0.0,24
2023-05-11 09:47:05,CF311P15400,棉花2311沽15400,515.0,0.0,0.0,0.0,15,504.0,540.0,12,515.0,0.0,0.0,0.0,0.0,0.0,24
2023-05-11 09:47:06,CF311P15400,棉花2311沽15400,515.0,0.0,0.0,0.0,12,504.0,540.0,9,515.0,0.0,0.0,0.0,0.0,0.0,24
2023-05-11 09:47:08,CF311P15400,棉花2311沽15400,515.0,0.0,0.0,0.0,9,504.0,540.0,9,515.0,0.0,0.0,0.0,0.0,0.0,24
2023-05-11 09:47:08,CF311P15400,棉花2311沽15400,515.0,0.0,0.0,0.0,3,504.0,540.0,3,515.0,0.0,0.0,0.0,0.0,0.0,24
2023-05-11 09:47:11,CF311P15400,棉花2311沽15400,515.0,0.0,0.0,0.0,1,200.0,1441.0,1,515.0,0.0,0.0,0.0,0.0,0.0,24
2023-05-11 09:47:11,CF311P15400,棉花2311沽15400,515.0,0.0,0.0,0.0,1,203.0,1438.0,1,515.0,0.0,0.0,0.0,0.0,0.0,24
2023-05-11 09:47:12,CF311P15400,棉花2311沽15400,515.0,0.0,0.0,0.0,2,204.0,1438.0,1,515.0,0.0,0.0,0.0,0.0,0.0,24
2023-05-11 09:47:13,CF311P15400,棉花2311沽15400,515.0,0.0,0.0,0.0,1,207.0,1438.0,1,515.0,0.0,0.0,0.0,0.0,0.0,24
2023-05-11 09:47:14,CF311P15400,棉花2311沽15400,515.0,0.0,0.0,0.0,2,208.0,1438.0,1,515.0,0.0,0.0,0.0,0.0,0.0,24
2023-05-11 09:47:15,CF311P15400,棉花2311沽15400,515.0,0.0,0.0,0.0,1,211.0,1438.0,1,515.0,0.0,0.0,0.0,0.0,0.0,24
2023-05-11 09:47:17,CF311P15400,棉花2311沽15400,515.0,0.0,0.0,0.0,2,212.0,1438.0,1,515.0,0.0,0.0,0.0,0.0,0.0,24
2023-05-11 09:47:17,CF311P15400,棉花2311沽15400,515.0,0.0,0.0,0.0,1,215.0,1438.0,1,515.0,0.0,0.0,0.0,0.0,0.0,24
2023-05-11 09:47:19,CF311P15400,棉花2311沽15400,515.0,0.0,0.0,0.0,2,216.0,1438.0,1,515.0,0.0,0.0,0.0,0.0,0.0,24
2023-05-11 09:47:19,CF311P15400,棉花2311沽15400,515.0,0.0,0.0,0.0,1,219.0,1438.0,1,515.0,0.0,0.0,0.0,0.0,0.0,24
2023-05-11 09:47:21,CF311P15400,棉花2311沽15400,515.0,0.0,0.0,0.0,2,220.0,1438.0,1,515.0,0.0,0.0,0.0,0.0,0.0,24
2023-05-11 09:47:21,CF311P15400,棉花2311沽15400,515.0,0.0,0.0,0.0,1,223.0,1438.0,1,515.0,0.0,0.0,0.0,0.0,0.0,24
2023-05-11 09:47:23,CF311P15400,棉花2311沽15400,515.0,0.0,0.0,0.0,2,224.0,1438.0,1,515.0,0.0,0.0,0.0,0.0,0.0,24
2023-05-11 09:47:23,CF311P15400,棉花2311沽15400,515.0,0.0,0.0,0.0,1,227.0,1438.0,1,515.0,0.0,0.0,0.0,0.0,0.0,24
2023-05-11 09:47:24,CF311P15400,棉花2311沽15400,515.0,0.0,0.0,0.0,2,228.0,1438.0,1,515.0,0.0,0.0,0.0,0.0,0.0,24
2023-05-11 09:47:25,CF311P15400,棉花2311沽15400,515.0,0.0,0.0,0.0,1,231.0,1438.0,1,515.0,0.0,0.0,0.0,0.0,0.0,24
2023-05-11 09:47:25,CF311P15400,棉花2311沽15400,515.0,0.0,0.0,0.0,2,232.0,1438.0,1,515.0,0.0,0.0,0.0,0.0,0.0,24
2023-05-11 09:47:25,CF311P15400,棉花2311沽15400,515.0,0.0,0.0,0.0,1,235.0,1438.0,1,515.0,0.0,0.0,0.0,0.0,0.0,24
2023-05-11 10:30:00,CF311P15400,棉花2311沽15400,515.0,0.0,0.0,0.0,1,200.0,1441.0,1,515.0,0.0,0.0,0.0,0.0,0.0,24
2023-05-11 10:30:24,CF311P15400,棉花2311沽15400,515.0,0.0,0.0,0.0,2,201.0,1441.0,1,515.0,0.0,0.0,0.0,0.0,0.0,24
2023-05-11 10:32:03,CF311P15400,棉花2311沽15400,515.0,0.0,0.0,0.0,1,204.0,1441.0,1,515.0,0.0,0.0,0.0,0.0,0.0,24
2023-05-11 10:32:04,CF311P15400,棉花2311沽15400,515.0,0.0,0.0,0.0,1,204.0,1438.0,1,515.0,0.0,0.0,0.0,0.0,0.0,24
2023-05-11 10:32:05,CF311P15400,棉花2311沽15400,515.0,0.0,0.0,0.0,2,205.0,1438.0,1,515.0,0.0,0.0,0.0,0.0,0.0,24
2023-05-11 10:32:05,CF311P15400,棉花2311沽15400,515.0,0.0,0.0,0.0,1,208.0,1438.0,1,515.0,0.0,0.0,0.0,0.0,0.0,24
2023-05-11 10:32:12,CF311P15400,棉花2311沽15400,515.0,0.0,0.0,0.0,2,209.0,1438.0,1,515.0,0.0,0.0,0.0,0.0,0.0,24
2023-05-11 10:32:12,CF311P15400,棉花2311沽15400,515.0,0.0,0.0,0.0,1,212.0,1438.0,1,515.0,0.0,0.0,0.0,0.0,0.0,24
2023-05-11 10:32:15,CF311P15400,棉花2311沽15400,515.0,0.0,0.0,0.0,2,213.0,1438.0,1,515.0,0.0,0.0,0.0,0.0,0.0,24
2023-05-11 10:32:16,CF311P15400,棉花2311沽15400,515.0,0.0,0.0,0.0,1,216.0,1438.0,1,515.0,0.0,0.0,0.0,0.0,0.0,24
2023-05-11 10:32:18,CF311P15400,棉花2311沽15400,515.0,0.0,0.0,0.0,2,217.0,1438.0,1,515.0,0.0,0.0,0.0,0.0,0.0,24
2023-05-11 10:32:19,CF311P15400,棉花2311沽15400,515.0,0.0,0.0,0.0,1,220.0,1438.0,1,515.0,0.0,0.0,0.0,0.0,0.0,24
2023-05-11 10:32:21,CF311P15400,棉花2311沽15400,515.0,0.0,0.0,0.0,2,221.0,1438.0,1,515.0,0.0,0.0,0.0,0.0,0.0,24
2023-05-11 10:32:21,CF311P15400,棉花2311沽15400,515.0,0.0,0.0,0.0,1,224.0,1438.0,1,515.0,0.0,0.0,0.0,0.0,0.0,24
2023-05-11 10:32:23,CF311P15400,棉花2311沽15400,515.0,0.0,0.0,0.0,2,225.0,1438.0,1,515.0,0.0,0.0,0.0,0.0,0.0,24
2023-05-11 10:32:23,CF311P15400,棉花2311沽15400,515.0,0.0,0.0,0.0,1,228.0,1438.0,1,515.0,0.0,0.0,0.0,0.0,0.0,24
2023-05-11 10:32:25,CF311P15400,棉花2311沽15400,515.0,0.0,0.0,0.0,2,229.0,1438.0,1,515.0,0.0,0.0,0.0,0.0,0.0,24
2023-05-11 10:32:25,CF311P15400,棉花2311沽15400,515.0,0.0,0.0,0.0,1,232.0,1438.0,1,515.0,0.0,0.0,0.0,0.0,0.0,24
2023-05-11 10:32:26,CF311P15400,棉花2311沽15400,515.0,0.0,0.0,0.0,2,233.0,1438.0,1,515.0,0.0,0.0,0.0,0.0,0.0,24
2023-05-11 10:32:27,CF311P15400,棉花2311沽15400,515.0,0.0,0.0,0.0,1,236.0,1438.0,1,515.0,0.0,0.0,0.0,0.0,0.0,24
2023-05-11 10:43:42,CF311P15400,棉花2311沽15400,515.0,0.0,0.0,0.0,1,236.0,1437.0,1,515.0,0.0,0.0,0.0,0.0,0.0,24
2023-05-11 10:43:42,CF311P15400,棉花2311沽15400,515.0,0.0,0.0,0.0,1,236.0,1434.0,1,515.0,0.0,0.0,0.0,0.0,0.0,24
2023-05-11 10:43:50,CF311P15400,棉花2311沽15400,515.0,0.0,0.0,0.0,1,236.0,1433.0,1,515.0,0.0,0.0,0.0,0.0,0.0,24
2023-05-11 10:43:51,CF311P15400,棉花2311沽15400,515.0,0.0,0.0,0.0,1,236.0,1430.0,1,515.0,0.0,0.0,0.0,0.0,0.0,24
2023-05-11 10:43:55,CF311P15400,棉花2311沽15400,515.0,0.0,0.0,0.0,1,236.0,1429.0,1,515.0,0.0,0.0,0.0,0.0,0.0,24
2023-05-11 10:43:55,CF311P15400,棉花2311沽15400,515.0,0.0,0.0,0.0,1,236.0,1426.0,1,515.0,0.0,0.0,0.0,0.0,0.0,24
2023-05-11 10:44:00,CF311P15400,棉花2311沽15400,515.0,0.0,0.0,0.0,1,236.0,1425.0,1,515.0,0.0,0.0,0.0,0.0,0.0,24
2023-05-11 10:44:00,CF311P15400,棉花2311沽15400,515.0,0.0,0.0,0.0,1,236.0,1422.0,1,515.0,0.0,0.0,0.0,0.0,0.0,24
2023-05-11 10:44:08,CF311P15400,棉花2311沽15400,515.0,0.0,0.0,0.0,1,236.0,1421.0,1,515.0,0.0,0.0,0.0,0.0,0.0,24
2023-05-11 10:44:08,CF311P15400,棉花2311沽15400,515.0,0.0,0.0,0.0,1,236.0,1418.0,1,515.0,0.0,0.0,0.0,0.0,0.0,24
2023-05-11 10:44:17,CF311P15400,棉花2311沽15400,515.0,0.0,0.0,0.0,1,236.0,1417.0,1,515.0,0.0,0.0,0.0,0.0,0.0,24
2023-05-11 10:44:17,CF311P15400,棉花2311沽15400,515.0,0.0,0.0,0.0,1,236.0,1414.0,1,515.0,0.0,0.0,0.0,0.0,0.0,24
2023-05-11 10:44:23,CF311P15400,棉花2311沽15400,515.0,0.0,0.0,0.0,1,236.0,1413.0,1,515.0,0.0,0.0,0.0,0.0,0.0,24
2023-05-11 10:44:23,CF311P15400,棉花2311沽15400,515.0,0.0,0.0,0.0,1,236.0,1410.0,1,515.0,0.0,0.0,0.0,0.0,0.0,24
2023-05-11 10:44:30,CF311P15400,棉花2311沽15400,515.0,0.0,0.0,0.0,1,236.0,1409.0,1,515.0,0.0,0.0,0.0,0.0,0.0,24
2023-05-11 10:44:30,CF311P15400,棉花2311沽15400,515.0,0.0,0.0,0.0,1,236.0,1406.0,1,515.0,0.0,0.0,0.0,0.0,0.0,24
2023-05-11 10:44:37,CF311P15400,棉花2311沽15400,515.0,0.0,0.0,0.0,1,236.0,1405.0,1,515.0,0.0,0.0,0.0,0.0,0.0,24
2023-05-11 10:44:37,CF311P15400,棉花2311沽15400,515.0,0.0,0.0,0.0,1,236.0,1402.0,1,515.0,0.0,0.0,0.0,0.0,0.0,24
2023-05-11 10:44:44,CF311P15400,棉花2311沽15400,515.0,0.0,0.0,0.0,1,236.0,1401.0,1,515.0,0.0,0.0,0.0,0.0,0.0,24
2023-05-11 10:44:44,CF311P15400,棉花2311沽15400,515.0,0.0,0.0,0.0,1,236.0,1398.0,1,515.0,0.0,0.0,0.0,0.0,0.0,24
2023-05-11 10:44:51,CF311P15400,棉花2311沽15400,515.0,0.0,0.0,0.0,1,236.0,1397.0,1,515.0,0.0,0.0,0.0,0.0,0.0,24
2023-05-11 10:44:51,CF311P15400,棉花2311沽15400,515.0,0.0,0.0,0.0,1,236.0,1394.0,1,515.0,0.0,0.0,0.0,0.0,0.0,24
2023-05-11 10:44:57,CF311P15400,棉花2311沽15400,515.0,0.0,0.0,0.0,1,236.0,1393.0,1,515.0,0.0,0.0,0.0,0.0,0.0,24
2023-05-11 10:44:57,CF311P15400,棉花2311沽15400,515.0,0.0,0.0,0.0,1,236.0,1390.0,1,515.0,0.0,0.0,0.0,0.0,0.0,24
2023-05-11 10:45:08,CF311P15400,棉花2311沽15400,515.0,0.0,0.0,0.0,1,236.0,1389.0,1,515.0,0.0,0.0,0.0,0.0,0.0,24
2023-05-11 10:45:08,CF311P15400,棉花2311沽15400,515.0,0.0,0.0,0.0,1,236.0,1386.0,1,515.0,0.0,0.0,0.0,0.0,0.0,24
2023-05-11 10:45:17,CF311P15400,棉花2311沽15400,515.0,0.0,0.0,0.0,1,236.0,1385.0,1,515.0,0.0,0.0,0.0,0.0,0.0,24
2023-05-11 10:45:17,CF311P15400,棉花2311沽15400,515.0,0.0,0.0,0.0,1,236.0,1382.0,1,515.0,0.0,0.0,0.0,0.0,0.0,24
2023-05-11 10:45:25,CF311P15400,棉花2311沽15400,515.0,0.0,0.0,0.0,1,236.0,1381.0,1,515.0,0.0,0.0,0.0,0.0,0.0,24
2023-05-11 10:45:25,CF311P15400,棉花2311沽15400,515.0,0.0,0.0,0.0,1,236.0,1378.0,1,515.0,0.0,0.0,0.0,0.0,0.0,24
2023-05-11 10:45:30,CF311P15400,棉花2311沽15400,515.0,0.0,0.0,0.0,1,236.0,1377.0,1,515.0,0.0,0.0,0.0,0.0,0.0,24
2023-05-11 10:45:30,CF311P15400,棉花2311沽15400,515.0,0.0,0.0,0.0,1,236.0,1374.0,1,515.0,0.0,0.0,0.0,0.0,0.0,24
2023-05-11 10:45:34,CF311P15400,棉花2311沽15400,515.0,0.0,0.0,0.0,1,236.0,1373.0,1,515.0,0.0,0.0,0.0,0.0,0.0,24
2023-05-11 10:45:34,CF311P15400,棉花2311沽15400,515.0,0.0,0.0,0.0,1,236.0,1370.0,1,515.0,0.0,0.0,0.0,0.0,0.0,24
2023-05-11 10:45:39,CF311P15400,棉花2311沽15400,515.0,0.0,0.0,0.0,1,236.0,1369.0,1,515.0,0.0,0.0,0.0,0.0,0.0,24
2023-05-11 10:45:39,CF311P15400,棉花2311沽15400,515.0,0.0,0.0,0.0,1,236.0,1366.0,1,515.0,0.0,0.0,0.0,0.0,0.0,24
2023-05-11 10:45:43,CF311P15400,棉花2311沽15400,515.0,0.0,0.0,0.0,1,236.0,1365.0,1,515.0,0.0,0.0,0.0,0.0,0.0,24
2023-05-11 10:45:43,CF311P15400,棉花2311沽15400,515.0,0.0,0.0,0.0,1,236.0,1362.0,1,515.0,0.0,0.0,0.0,0.0,0.0,24
2023-05-11 10:45:48,CF311P15400,棉花2311沽15400,515.0,0.0,0.0,0.0,1,236.0,1361.0,1,515.0,0.0,0.0,0.0,0.0,0.0,24
2023-05-11 10:45:48,CF311P15400,棉花2311沽15400,515.0,0.0,0.0,0.0,1,236.0,1358.0,1,515.0,0.0,0.0,0.0,0.0,0.0,24
2023-05-11 10:45:51,CF311P15400,棉花2311沽15400,515.0,0.0,0.0,0.0,1,236.0,1357.0,1,515.0,0.0,0.0,0.0,0.0,0.0,24
2023-05-11 10:45:51,CF311P15400,棉花2311沽15400,515.0,0.0,0.0,0.0,1,236.0,1354.0,1,515.0,0.0,0.0,0.0,0.0,0.0,24
2023-05-11 10:45:56,CF311P15400,棉花2311沽15400,515.0,0.0,0.0,0.0,1,236.0,1353.0,1,515.0,0.0,0.0,0.0,0.0,0.0,24
2023-05-11 10:45:56,CF311P15400,棉花2311沽15400,515.0,0.0,0.0,0.0,1,236.0,1350.0,1,515.0,0.0,0.0,0.0,0.0,0.0,24
2023-05-11 10:46:00,CF311P15400,棉花2311沽15400,515.0,0.0,0.0,0.0,1,236.0,1349.0,1,515.0,0.0,0.0,0.0,0.0,0.0,24
2023-05-11 10:46:00,CF311P15400,棉花2311沽15400,515.0,0.0,0.0,0.0,1,236.0,1346.0,1,515.0,0.0,0.0,0.0,0.0,0.0,24
2023-05-11 10:46:06,CF311P15400,棉花2311沽15400,515.0,0.0,0.0,0.0,1,236.0,1345.0,1,515.0,0.0,0.0,0.0,0.0,0.0,24
2023-05-11 10:46:06,CF311P15400,棉花2311沽15400,515.0,0.0,0.0,0.0,1,236.0,1342.0,1,515.0,0.0,0.0,0.0,0.0,0.0,24
2023-05-11 10:46:10,CF311P15400,棉花2311沽15400,515.0,0.0,0.0,0.0,1,236.0,1341.0,1,515.0,0.0,0.0,0.0,0.0,0.0,24
2023-05-11 10:46:10,CF311P15400,棉花2311沽15400,515.0,0.0,0.0,0.0,1,236.0,1338.0,1,515.0,0.0,0.0,0.0,0.0,0.0,24
2023-05-11 10:46:15,CF311P15400,棉花2311沽15400,515.0,0.0,0.0,0.0,1,236.0,1337.0,1,515.0,0.0,0.0,0.0,0.0,0.0,24
2023-05-11 10:46:15,CF311P15400,棉花2311沽15400,515.0,0.0,0.0,0.0,1,236.0,1334.0,1,515.0,0.0,0.0,0.0,0.0,0.0,24
2023-05-11 10:46:19,CF311P15400,棉花2311沽15400,515.0,0.0,0.0,0.0,1,236.0,1333.0,1,515.0,0.0,0.0,0.0,0.0,0.0,24
2023-05-11 10:46:19,CF311P15400,棉花2311沽15400,515.0,0.0,0.0,0.0,1,236.0,1330.0,1,515.0,0.0,0.0,0.0,0.0,0.0,24
2023-05-11 10:46:23,CF311P15400,棉花2311沽15400,515.0,0.0,0.0,0.0,1,236.0,1329.0,1,515.0,0.0,0.0,0.0,0.0,0.0,24
2023-05-11 10:46:24,CF311P15400,棉花2311沽15400,515.0,0.0,0.0,0.0,1,236.0,1326.0,1,515.0,0.0,0.0,0.0,0.0,0.0,24
2023-05-11 10:46:30,CF311P15400,棉花2311沽15400,515.0,0.0,0.0,0.0,1,236.0,1325.0,1,515.0,0.0,0.0,0.0,0.0,0.0,24
2023-05-11 10:46:30,CF311P15400,棉花2311沽15400,515.0,0.0,0.0,0.0,1,236.0,1322.0,1,515.0,0.0,0.0,0.0,0.0,0.0,24
2023-05-11 10:46:35,CF311P15400,棉花2311沽15400,515.0,0.0,0.0,0.0,1,236.0,1321.0,1,515.0,0.0,0.0,0.0,0.0,0.0,24
2023-05-11 10:46:36,CF311P15400,棉花2311沽15400,515.0,0.0,0.0,0.0,1,236.0,1318.0,1,515.0,0.0,0.0,0.0,0.0,0.0,24
2023-05-11 10:46:40,CF311P15400,棉花2311沽15400,515.0,0.0,0.0,0.0,1,236.0,1317.0,1,515.0,0.0,0.0,0.0,0.0,0.0,24
2023-05-11 10:46:40,CF311P15400,棉花2311沽15400,515.0,0.0,0.0,0.0,1,236.0,1314.0,1,515.0,0.0,0.0,0.0,0.0,0.0,24
2023-05-11 10:46:47,CF311P15400,棉花2311沽15400,515.0,0.0,0.0,0.0,1,236.0,1313.0,1,515.0,0.0,0.0,0.0,0.0,0.0,24
2023-05-11 10:46:47,CF311P15400,棉花2311沽15400,515.0,0.0,0.0,0.0,1,236.0,1310.0,1,515.0,0.0,0.0,0.0,0.0,0.0,24
2023-05-11 10:46:51,CF311P15400,棉花2311沽15400,515.0,0.0,0.0,0.0,1,236.0,1309.0,1,515.0,0.0,0.0,0.0,0.0,0.0,24
2023-05-11 10:46:52,CF311P15400,棉花2311沽15400,515.0,0.0,0.0,0.0,1,236.0,1306.0,1,515.0,0.0,0.0,0.0,0.0,0.0,24
2023-05-11 10:46:58,CF311P15400,棉花2311沽15400,515.0,0.0,0.0,0.0,1,236.0,1305.0,1,515.0,0.0,0.0,0.0,0.0,0.0,24
2023-05-11 10:46:58,CF311P15400,棉花2311沽15400,515.0,0.0,0.0,0.0,1,236.0,1302.0,1,515.0,0.0,0.0,0.0,0.0,0.0,24
2023-05-11 10:47:04,CF311P15400,棉花2311沽15400,515.0,0.0,0.0,0.0,1,236.0,1301.0,1,515.0,0.0,0.0,0.0,0.0,0.0,24
2023-05-11 10:47:04,CF311P15400,棉花2311沽15400,515.0,0.0,0.0,0.0,1,236.0,1298.0,1,515.0,0.0,0.0,0.0,0.0,0.0,24
2023-05-11 10:47:08,CF311P15400,棉花2311沽15400,515.0,0.0,0.0,0.0,1,236.0,1297.0,1,515.0,0.0,0.0,0.0,0.0,0.0,24
2023-05-11 10:47:08,CF311P15400,棉花2311沽15400,515.0,0.0,0.0,0.0,1,236.0,1294.0,1,515.0,0.0,0.0,0.0,0.0,0.0,24
2023-05-11 10:47:16,CF311P15400,棉花2311沽15400,515.0,0.0,0.0,0.0,1,236.0,1293.0,1,515.0,0.0,0.0,0.0,0.0,0.0,24
2023-05-11 10:47:16,CF311P15400,棉花2311沽15400,515.0,0.0,0.0,0.0,1,236.0,1290.0,1,515.0,0.0,0.0,0.0,0.0,0.0,24
2023-05-11 10:47:21,CF311P15400,棉花2311沽15400,515.0,0.0,0.0,0.0,1,236.0,1289.0,1,515.0,0.0,0.0,0.0,0.0,0.0,24
2023-05-11 10:47:21,CF311P15400,棉花2311沽15400,515.0,0.0,0.0,0.0,1,236.0,1286.0,1,515.0,0.0,0.0,0.0,0.0,0.0,24
2023-05-11 10:47:21,CF311P15400,棉花2311沽15400,515.0,0.0,0.0,0.0,1,236.0,1289.0,1,515.0,0.0,0.0,0.0,0.0,0.0,24
2023-05-11 10:47:27,CF311P15400,棉花2311沽15400,515.0,0.0,0.0,0.0,1,236.0,1285.0,1,515.0,0.0,0.0,0.0,0.0,0.0,24
2023-05-11 10:47:27,CF311P15400,棉花2311沽15400,515.0,0.0,0.0,0.0,1,236.0,1282.0,1,515.0,0.0,0.0,0.0,0.0,0.0,24
2023-05-11 10:47:33,CF311P15400,棉花2311沽15400,515.0,0.0,0.0,0.0,1,236.0,1281.0,1,515.0,0.0,0.0,0.0,0.0,0.0,24
2023-05-11 10:47:33,CF311P15400,棉花2311沽15400,515.0,0.0,0.0,0.0,1,236.0,1278.0,1,515.0,0.0,0.0,0.0,0.0,0.0,24
2023-05-11 10:47:36,CF311P15400,棉花2311沽15400,515.0,0.0,0.0,0.0,1,236.0,1277.0,1,515.0,0.0,0.0,0.0,0.0,0.0,24
2023-05-11 10:47:36,CF311P15400,棉花2311沽15400,515.0,0.0,0.0,0.0,1,236.0,1274.0,1,515.0,0.0,0.0,0.0,0.0,0.0,24
2023-05-11 10:47:39,CF311P15400,棉花2311沽15400,515.0,0.0,0.0,0.0,1,236.0,1273.0,1,515.0,0.0,0.0,0.0,0.0,0.0,24
2023-05-11 10:47:39,CF311P15400,棉花2311沽15400,515.0,0.0,0.0,0.0,1,236.0,1270.0,1,515.0,0.0,0.0,0.0,0.0,0.0,24
2023-05-11 10:47:43,CF311P15400,棉花2311沽15400,515.0,0.0,0.0,0.0,1,236.0,1269.0,1,515.0,0.0,0.0,0.0,0.0,0.0,24
2023-05-11 10:47:43,CF311P15400,棉花2311沽15400,515.0,0.0,0.0,0.0,1,236.0,1266.0,1,515.0,0.0,0.0,0.0,0.0,0.0,24
2023-05-11 10:47:47,CF311P15400,棉花2311沽15400,515.0,0.0,0.0,0.0,1,236.0,1265.0,1,515.0,0.0,0.0,0.0,0.0,0.0,24
2023-05-11 10:47:47,CF311P15400,棉花2311沽15400,515.0,0.0,0.0,0.0,1,236.0,1262.0,1,515.0,0.0,0.0,0.0,0.0,0.0,24
2023-05-11 10:47:53,CF311P15400,棉花2311沽15400,515.0,0.0,0.0,0.0,1,236.0,1261.0,1,515.0,0.0,0.0,0.0,0.0,0.0,24
2023-05-11 10:47:53,CF311P15400,棉花2311沽15400,515.0,0.0,0.0,0.0,1,236.0,1258.0,1,515.0,0.0,0.0,0.0,0.0,0.0,24
2023-05-11 10:47:56,CF311P15400,棉花2311沽15400,515.0,0.0,0.0,0.0,1,236.0,1257.0,1,515.0,0.0,0.0,0.0,0.0,0.0,24
2023-05-11 10:47:56,CF311P15400,棉花2311沽15400,515.0,0.0,0.0,0.0,1,236.0,1254.0,1,515.0,0.0,0.0,0.0,0.0,0.0,24
2023-05-11 10:47:59,CF311P15400,棉花2311沽15400,515.0,0.0,0.0,0.0,1,236.0,1253.0,1,515.0,0.0,0.0,0.0,0.0,0.0,24
2023-05-11 10:47:59,CF311P15400,棉花2311沽15400,515.0,0.0,0.0,0.0,1,236.0,1250.0,1,515.0,0.0,0.0,0.0,0.0,0.0,24
2023-05-11 10:48:02,CF311P15400,棉花2311沽15400,515.0,0.0,0.0,0.0,1,236.0,1249.0,1,515.0,0.0,0.0,0.0,0.0,0.0,24
2023-05-11 10:48:02,CF311P15400,棉花2311沽15400,515.0,0.0,0.0,0.0,1,236.0,1246.0,1,515.0,0.0,0.0,0.0,0.0,0.0,24
2023-05-11 10:48:05,CF311P15400,棉花2311沽15400,515.0,0.0,0.0,0.0,1,236.0,1245.0,1,515.0,0.0,0.0,0.0,0.0,0.0,24
2023-05-11 10:48:05,CF311P15400,棉花2311沽15400,515.0,0.0,0.0,0.0,1,236.0,1242.0,1,515.0,0.0,0.0,0.0,0.0,0.0,24
2023-05-11 11:29:54,CF311P15400,棉花2311沽15400,515.0,0.0,0.0,0.0,1,20.0,1441.0,1,515.0,0.0,0.0,0.0,0.0,0.0,24
2023-05-11 13:30:47,CF311P15400,棉花2311沽15400,515.0,0.0,0.0,0.0,1,21.0,1441.0,1,515.0,0.0,0.0,0.0,0.0,0.0,24
2023-05-11 13:30:48,CF311P15400,棉花2311沽15400,515.0,0.0,0.0,0.0,1,24.0,1438.0,1,515.0,0.0,0.0,0.0,0.0,0.0,24
2023-05-11 13:31:28,CF311P15400,棉花2311沽15400,515.0,0.0,0.0,0.0,2,32.0,1438.0,1,515.0,0.0,0.0,0.0,0.0,0.0,24
2023-05-11 13:31:29,CF311P15400,棉花2311沽15400,515.0,0.0,0.0,0.0,1,35.0,1438.0,1,515.0,0.0,0.0,0.0,0.0,0.0,24
2023-05-11 13:32:50,CF311P15400,棉花2311沽15400,515.0,0.0,0.0,0.0,2,43.0,1438.0,1,515.0,0.0,0.0,0.0,0.0,0.0,24
2023-05-11 13:32:51,CF311P15400,棉花2311沽15400,515.0,0.0,0.0,0.0,1,46.0,1438.0,1,515.0,0.0,0.0,0.0,0.0,0.0,24
2023-05-11 13:32:57,CF311P15400,棉花2311沽15400,515.0,0.0,0.0,0.0,2,47.0,1438.0,1,515.0,0.0,0.0,0.0,0.0,0.0,24
2023-05-11 13:32:57,CF311P15400,棉花2311沽15400,515.0,0.0,0.0,0.0,1,50.0,1438.0,1,515.0,0.0,0.0,0.0,0.0,0.0,24
2023-05-11 13:33:01,CF311P15400,棉花2311沽15400,515.0,0.0,0.0,0.0,2,51.0,1438.0,1,515.0,0.0,0.0,0.0,0.0,0.0,24
2023-05-11 13:33:01,CF311P15400,棉花2311沽15400,515.0,0.0,0.0,0.0,1,54.0,1438.0,1,515.0,0.0,0.0,0.0,0.0,0.0,24
2023-05-11 13:33:04,CF311P15400,棉花2311沽15400,515.0,0.0,0.0,0.0,2,55.0,1438.0,1,515.0,0.0,0.0,0.0,0.0,0.0,24
2023-05-11 13:33:05,CF311P15400,棉花2311沽15400,515.0,0.0,0.0,0.0,1,58.0,1438.0,1,515.0,0.0,0.0,0.0,0.0,0.0,24
2023-05-11 13:33:08,CF311P15400,棉花2311沽15400,515.0,0.0,0.0,0.0,2,59.0,1438.0,1,515.0,0.0,0.0,0.0,0.0,0.0,24
2023-05-11 13:33:08,CF311P15400,棉花2311沽15400,515.0,0.0,0.0,0.0,1,62.0,1438.0,1,515.0,0.0,0.0,0.0,0.0,0.0,24
2023-05-11 13:33:10,CF311P15400,棉花2311沽15400,515.0,0.0,0.0,0.0,2,63.0,1438.0,1,515.0,0.0,0.0,0.0,0.0,0.0,24
2023-05-11 13:33:11,CF311P15400,棉花2311沽15400,515.0,0.0,0.0,0.0,1,66.0,1438.0,1,515.0,0.0,0.0,0.0,0.0,0.0,24
2023-05-11 13:33:13,CF311P15400,棉花2311沽15400,515.0,0.0,0.0,0.0,2,67.0,1438.0,1,515.0,0.0,0.0,0.0,0.0,0.0,24
2023-05-11 13:33:13,CF311P15400,棉花2311沽15400,515.0,0.0,0.0,0.0,1,70.0,1438.0,1,515.0,0.0,0.0,0.0,0.0,0.0,24
2023-05-11 13:33:13,CF311P15400,棉花2311沽15400,515.0,0.0,0.0,0.0,2,67.0,1438.0,1,515.0,0.0,0.0,0.0,0.0,0.0,24
2023-05-11 13:33:13,CF311P15400,棉花2311沽15400,515.0,0.0,0.0,0.0,1,70.0,1438.0,1,515.0,0.0,0.0,0.0,0.0,0.0,24
2023-05-11 13:33:15,CF311P15400,棉花2311沽15400,515.0,0.0,0.0,0.0,2,71.0,1438.0,1,515.0,0.0,0.0,0.0,0.0,0.0,24
2023-05-11 13:33:16,CF311P15400,棉花2311沽15400,515.0,0.0,0.0,0.0,1,74.0,1438.0,1,515.0,0.0,0.0,0.0,0.0,0.0,24
2023-05-11 13:33:18,CF311P15400,棉花2311沽15400,515.0,0.0,0.0,0.0,2,75.0,1438.0,1,515.0,0.0,0.0,0.0,0.0,0.0,24
2023-05-11 13:33:19,CF311P15400,棉花2311沽15400,515.0,0.0,0.0,0.0,1,78.0,1438.0,1,515.0,0.0,0.0,0.0,0.0,0.0,24
2023-05-11 13:33:21,CF311P15400,棉花2311沽15400,515.0,0.0,0.0,0.0,2,79.0,1438.0,1,515.0,0.0,0.0,0.0,0.0,0.0,24
2023-05-11 13:33:21,CF311P15400,棉花2311沽15400,515.0,0.0,0.0,0.0,1,82.0,1438.0,1,515.0,0.0,0.0,0.0,0.0,0.0,24
2023-05-11 13:33:23,CF311P15400,棉花2311沽15400,515.0,0.0,0.0,0.0,2,83.0,1438.0,1,515.0,0.0,0.0,0.0,0.0,0.0,24
2023-05-11 13:33:24,CF311P15400,棉花2311沽15400,515.0,0.0,0.0,0.0,1,86.0,1438.0,1,515.0,0.0,0.0,0.0,0.0,0.0,24
2023-05-11 13:33:27,CF311P15400,棉花2311沽15400,515.0,0.0,0.0,0.0,2,87.0,1438.0,1,515.0,0.0,0.0,0.0,0.0,0.0,24
2023-05-11 13:33:27,CF311P15400,棉花2311沽15400,515.0,0.0,0.0,0.0,1,90.0,1438.0,1,515.0,0.0,0.0,0.0,0.0,0.0,24
2023-05-11 13:33:29,CF311P15400,棉花2311沽15400,515.0,0.0,0.0,0.0,2,91.0,1438.0,1,515.0,0.0,0.0,0.0,0.0,0.0,24
2023-05-11 13:33:29,CF311P15400,棉花2311沽15400,515.0,0.0,0.0,0.0,1,94.0,1438.0,1,515.0,0.0,0.0,0.0,0.0,0.0,24
2023-05-11 13:33:32,CF311P15400,棉花2311沽15400,515.0,0.0,0.0,0.0,2,95.0,1438.0,1,515.0,0.0,0.0,0.0,0.0,0.0,24
2023-05-11 13:33:32,CF311P15400,棉花2311沽15400,515.0,0.0,0.0,0.0,1,98.0,1438.0,1,515.0,0.0,0.0,0.0,0.0,0.0,24
2023-05-11 13:33:34,CF311P15400,棉花2311沽15400,515.0,0.0,0.0,0.0,2,99.0,1438.0,1,515.0,0.0,0.0,0.0,0.0,0.0,24
2023-05-11 13:33:34,CF311P15400,棉花2311沽15400,515.0,0.0,0.0,0.0,1,102.0,1438.0,1,515.0,0.0,0.0,0.0,0.0,0.0,24
2023-05-11 13:33:36,CF311P15400,棉花2311沽15400,515.0,0.0,0.0,0.0,2,103.0,1438.0,1,515.0,0.0,0.0,0.0,0.0,0.0,24
2023-05-11 13:33:36,CF311P15400,棉花2311沽15400,515.0,0.0,0.0,0.0,1,106.0,1438.0,1,515.0,0.0,0.0,0.0,0.0,0.0,24
2023-05-11 13:33:37,CF311P15400,棉花2311沽15400,515.0,0.0,0.0,0.0,2,107.0,1438.0,1,515.0,0.0,0.0,0.0,0.0,0.0,24
2023-05-11 13:33:38,CF311P15400,棉花2311沽15400,515.0,0.0,0.0,0.0,1,110.0,1438.0,1,515.0,0.0,0.0,0.0,0.0,0.0,24
2023-05-11 13:33:39,CF311P15400,棉花2311沽15400,515.0,0.0,0.0,0.0,2,111.0,1438.0,1,515.0,0.0,0.0,0.0,0.0,0.0,24
2023-05-11 13:33:39,CF311P15400,棉花2311沽15400,515.0,0.0,0.0,0.0,1,114.0,1438.0,1,515.0,0.0,0.0,0.0,0.0,0.0,24
2023-05-11 13:33:40,CF311P15400,棉花2311沽15400,515.0,0.0,0.0,0.0,2,115.0,1438.0,1,515.0,0.0,0.0,0.0,0.0,0.0,24
2023-05-11 13:33:41,CF311P15400,棉花2311沽15400,515.0,0.0,0.0,0.0,1,118.0,1438.0,1,515.0,0.0,0.0,0.0,0.0,0.0,24
2023-05-11 13:33:42,CF311P15400,棉花2311沽15400,515.0,0.0,0.0,0.0,2,119.0,1438.0,1,515.0,0.0,0.0,0.0,0.0,0.0,24
2023-05-11 13:33:43,CF311P15400,棉花2311沽15400,515.0,0.0,0.0,0.0,1,122.0,1438.0,1,515.0,0.0,0.0,0.0,0.0,0.0,24
2023-05-11 13:33:44,CF311P15400,棉花2311沽15400,515.0,0.0,0.0,0.0,2,123.0,1438.0,1,515.0,0.0,0.0,0.0,0.0,0.0,24
2023-05-11 13:33:44,CF311P15400,棉花2311沽15400,515.0,0.0,0.0,0.0,1,126.0,1438.0,1,515.0,0.0,0.0,0.0,0.0,0.0,24
2023-05-11 13:33:46,CF311P15400,棉花2311沽15400,515.0,0.0,0.0,0.0,2,127.0,1438.0,1,515.0,0.0,0.0,0.0,0.0,0.0,24
2023-05-11 13:33:46,CF311P15400,棉花2311沽15400,515.0,0.0,0.0,0.0,1,130.0,1438.0,1,515.0,0.0,0.0,0.0,0.0,0.0,24
2023-05-11 13:33:47,CF311P15400,棉花2311沽15400,515.0,0.0,0.0,0.0,2,131.0,1438.0,1,515.0,0.0,0.0,0.0,0.0,0.0,24
2023-05-11 13:33:48,CF311P15400,棉花2311沽15400,515.0,0.0,0.0,0.0,1,134.0,1438.0,1,515.0,0.0,0.0,0.0,0.0,0.0,24
2023-05-11 13:33:49,CF311P15400,棉花2311沽15400,515.0,0.0,0.0,0.0,2,135.0,1438.0,1,515.0,0.0,0.0,0.0,0.0,0.0,24
2023-05-11 13:33:49,CF311P15400,棉花2311沽15400,515.0,0.0,0.0,0.0,1,138.0,1438.0,1,515.0,0.0,0.0,0.0,0.0,0.0,24
2023-05-11 13:33:50,CF311P15400,棉花2311沽15400,515.0,0.0,0.0,0.0,2,139.0,1438.0,1,515.0,0.0,0.0,0.0,0.0,0.0,24
2023-05-11 13:33:50,CF311P15400,棉花2311沽15400,515.0,0.0,0.0,0.0,1,142.0,1438.0,1,515.0,0.0,0.0,0.0,0.0,0.0,24
2023-05-11 13:33:51,CF311P15400,棉花2311沽15400,515.0,0.0,0.0,0.0,2,143.0,1438.0,1,515.0,0.0,0.0,0.0,0.0,0.0,24
2023-05-11 13:33:51,CF311P15400,棉花2311沽15400,515.0,0.0,0.0,0.0,1,146.0,1438.0,1,515.0,0.0,0.0,0.0,0.0,0.0,24
2023-05-11 13:33:53,CF311P15400,棉花2311沽15400,515.0,0.0,0.0,0.0,2,147.0,1438.0,1,515.0,0.0,0.0,0.0,0.0,0.0,24
2023-05-11 13:33:53,CF311P15400,棉花2311沽15400,515.0,0.0,0.0,0.0,1,150.0,1438.0,1,515.0,0.0,0.0,0.0,0.0,0.0,24
2023-05-11 13:33:54,CF311P15400,棉花2311沽15400,515.0,0.0,0.0,0.0,2,151.0,1438.0,1,515.0,0.0,0.0,0.0,0.0,0.0,24
2023-05-11 13:33:54,CF311P15400,棉花2311沽15400,515.0,0.0,0.0,0.0,1,154.0,1438.0,1,515.0,0.0,0.0,0.0,0.0,0.0,24
2023-05-11 13:33:56,CF311P15400,棉花2311沽15400,515.0,0.0,0.0,0.0,2,155.0,1438.0,1,515.0,0.0,0.0,0.0,0.0,0.0,24
2023-05-11 13:33:56,CF311P15400,棉花2311沽15400,515.0,0.0,0.0,0.0,1,158.0,1438.0,1,515.0,0.0,0.0,0.0,0.0,0.0,24
2023-05-11 13:33:57,CF311P15400,棉花2311沽15400,515.0,0.0,0.0,0.0,2,159.0,1438.0,1,515.0,0.0,0.0,0.0,0.0,0.0,24
2023-05-11 13:33:57,CF311P15400,棉花2311沽15400,515.0,0.0,0.0,0.0,1,162.0,1438.0,1,515.0,0.0,0.0,0.0,0.0,0.0,24
2023-05-11 13:33:59,CF311P15400,棉花2311沽15400,515.0,0.0,0.0,0.0,2,163.0,1438.0,1,515.0,0.0,0.0,0.0,0.0,0.0,24
2023-05-11 13:33:59,CF311P15400,棉花2311沽15400,515.0,0.0,0.0,0.0,1,166.0,1438.0,1,515.0,0.0,0.0,0.0,0.0,0.0,24
2023-05-11 13:34:00,CF311P15400,棉花2311沽15400,515.0,0.0,0.0,0.0,2,167.0,1438.0,1,515.0,0.0,0.0,0.0,0.0,0.0,24
2023-05-11 13:34:00,CF311P15400,棉花2311沽15400,515.0,0.0,0.0,0.0,1,170.0,1438.0,1,515.0,0.0,0.0,0.0,0.0,0.0,24
2023-05-11 13:34:01,CF311P15400,棉花2311沽15400,515.0,0.0,0.0,0.0,2,171.0,1438.0,1,515.0,0.0,0.0,0.0,0.0,0.0,24
2023-05-11 13:34:02,CF311P15400,棉花2311沽15400,515.0,0.0,0.0,0.0,1,174.0,1438.0,1,515.0,0.0,0.0,0.0,0.0,0.0,24
2023-05-11 13:34:03,CF311P15400,棉花2311沽15400,515.0,0.0,0.0,0.0,2,175.0,1438.0,1,515.0,0.0,0.0,0.0,0.0,0.0,24
2023-05-11 13:34:03,CF311P15400,棉花2311沽15400,515.0,0.0,0.0,0.0,1,178.0,1438.0,1,515.0,0.0,0.0,0.0,0.0,0.0,24
2023-05-11 13:34:04,CF311P15400,棉花2311沽15400,515.0,0.0,0.0,0.0,2,179.0,1438.0,1,515.0,0.0,0.0,0.0,0.0,0.0,24
2023-05-11 13:34:04,CF311P15400,棉花2311沽15400,515.0,0.0,0.0,0.0,1,182.0,1438.0,1,515.0,0.0,0.0,0.0,0.0,0.0,24
2023-05-11 13:34:05,CF311P15400,棉花2311沽15400,515.0,0.0,0.0,0.0,2,183.0,1438.0,1,515.0,0.0,0.0,0.0,0.0,0.0,24
2023-05-11 13:34:05,CF311P15400,棉花2311沽15400,515.0,0.0,0.0,0.0,1,186.0,1438.0,1,515.0,0.0,0.0,0.0,0.0,0.0,24
2023-05-11 13:34:06,CF311P15400,棉花2311沽15400,515.0,0.0,0.0,0.0,2,187.0,1438.0,1,515.0,0.0,0.0,0.0,0.0,0.0,24
2023-05-11 13:34:07,CF311P15400,棉花2311沽15400,515.0,0.0,0.0,0.0,1,190.0,1438.0,1,515.0,0.0,0.0,0.0,0.0,0.0,24
2023-05-11 13:34:08,CF311P15400,棉花2311沽15400,515.0,0.0,0.0,0.0,2,191.0,1438.0,1,515.0,0.0,0.0,0.0,0.0,0.0,24
2023-05-11 13:34:08,CF311P15400,棉花2311沽15400,515.0,0.0,0.0,0.0,1,194.0,1438.0,1,515.0,0.0,0.0,0.0,0.0,0.0,24
2023-05-11 13:34:09,CF311P15400,棉花2311沽15400,515.0,0.0,0.0,0.0,2,195.0,1438.0,1,515.0,0.0,0.0,0.0,0.0,0.0,24
2023-05-11 13:34:09,CF311P15400,棉花2311沽15400,515.0,0.0,0.0,0.0,1,198.0,1438.0,1,515.0,0.0,0.0,0.0,0.0,0.0,24
2023-05-11 13:34:10,CF311P15400,棉花2311沽15400,515.0,0.0,0.0,0.0,2,199.0,1438.0,1,515.0,0.0,0.0,0.0,0.0,0.0,24
2023-05-11 13:34:11,CF311P15400,棉花2311沽15400,515.0,0.0,0.0,0.0,1,202.0,1438.0,1,515.0,0.0,0.0,0.0,0.0,0.0,24
2023-05-11 13:34:12,CF311P15400,棉花2311沽15400,515.0,0.0,0.0,0.0,2,203.0,1438.0,1,515.0,0.0,0.0,0.0,0.0,0.0,24
2023-05-11 13:34:12,CF311P15400,棉花2311沽15400,515.0,0.0,0.0,0.0,1,206.0,1438.0,1,515.0,0.0,0.0,0.0,0.0,0.0,24
2023-05-11 13:34:13,CF311P15400,棉花2311沽15400,515.0,0.0,0.0,0.0,2,207.0,1438.0,1,515.0,0.0,0.0,0.0,0.0,0.0,24
2023-05-11 13:34:14,CF311P15400,棉花2311沽15400,515.0,0.0,0.0,0.0,1,210.0,1438.0,1,515.0,0.0,0.0,0.0,0.0,0.0,24
2023-05-11 13:34:15,CF311P15400,棉花2311沽15400,515.0,0.0,0.0,0.0,2,211.0,1438.0,1,515.0,0.0,0.0,0.0,0.0,0.0,24
2023-05-11 13:34:15,CF311P15400,棉花2311沽15400,515.0,0.0,0.0,0.0,1,214.0,1438.0,1,515.0,0.0,0.0,0.0,0.0,0.0,24
2023-05-11 13:34:16,CF311P15400,棉花2311沽15400,515.0,0.0,0.0,0.0,2,215.0,1438.0,1,515.0,0.0,0.0,0.0,0.0,0.0,24
2023-05-11 13:34:16,CF311P15400,棉花2311沽15400,515.0,0.0,0.0,0.0,1,218.0,1438.0,1,515.0,0.0,0.0,0.0,0.0,0.0,24
2023-05-11 13:34:17,CF311P15400,棉花2311沽15400,515.0,0.0,0.0,0.0,2,219.0,1438.0,1,515.0,0.0,0.0,0.0,0.0,0.0,24
2023-05-11 13:34:17,CF311P15400,棉花2311沽15400,515.0,0.0,0.0,0.0,1,222.0,1438.0,1,515.0,0.0,0.0,0.0,0.0,0.0,24
2023-05-11 13:34:18,CF311P15400,棉花2311沽15400,515.0,0.0,0.0,0.0,2,223.0,1438.0,1,515.0,0.0,0.0,0.0,0.0,0.0,24
2023-05-11 13:34:18,CF311P15400,棉花2311沽15400,515.0,0.0,0.0,0.0,1,226.0,1438.0,1,515.0,0.0,0.0,0.0,0.0,0.0,24
2023-05-11 13:34:19,CF311P15400,棉花2311沽15400,515.0,0.0,0.0,0.0,2,227.0,1438.0,1,515.0,0.0,0.0,0.0,0.0,0.0,24
2023-05-11 13:34:19,CF311P15400,棉花2311沽15400,515.0,0.0,0.0,0.0,1,230.0,1438.0,1,515.0,0.0,0.0,0.0,0.0,0.0,24
2023-05-11 13:34:20,CF311P15400,棉花2311沽15400,515.0,0.0,0.0,0.0,2,231.0,1438.0,1,515.0,0.0,0.0,0.0,0.0,0.0,24
2023-05-11 13:34:20,CF311P15400,棉花2311沽15400,515.0,0.0,0.0,0.0,1,234.0,1438.0,1,515.0,0.0,0.0,0.0,0.0,0.0,24
2023-05-11 13:34:20,CF311P15400,棉花2311沽15400,515.0,0.0,0.0,0.0,2,231.0,1438.0,1,515.0,0.0,0.0,0.0,0.0,0.0,24
2023-05-11 13:34:20,CF311P15400,棉花2311沽15400,515.0,0.0,0.0,0.0,1,234.0,1438.0,1,515.0,0.0,0.0,0.0,0.0,0.0,24
2023-05-11 13:48:06,CF311P15400,棉花2311沽15400,515.0,0.0,0.0,0.0,1,234.0,1437.0,1,515.0,0.0,0.0,0.0,0.0,0.0,24
2023-05-11 13:48:07,CF311P15400,棉花2311沽15400,515.0,0.0,0.0,0.0,1,234.0,1434.0,1,515.0,0.0,0.0,0.0,0.0,0.0,24
2023-05-11 13:48:12,CF311P15400,棉花2311沽15400,515.0,0.0,0.0,0.0,1,234.0,1433.0,1,515.0,0.0,0.0,0.0,0.0,0.0,24
2023-05-11 13:48:12,CF311P15400,棉花2311沽15400,515.0,0.0,0.0,0.0,1,234.0,1430.0,1,515.0,0.0,0.0,0.0,0.0,0.0,24
2023-05-11 13:48:21,CF311P15400,棉花2311沽15400,515.0,0.0,0.0,0.0,1,234.0,1429.0,1,515.0,0.0,0.0,0.0,0.0,0.0,24
2023-05-11 13:48:21,CF311P15400,棉花2311沽15400,515.0,0.0,0.0,0.0,1,234.0,1426.0,1,515.0,0.0,0.0,0.0,0.0,0.0,24
2023-05-11 13:48:28,CF311P15400,棉花2311沽15400,515.0,0.0,0.0,0.0,1,234.0,1425.0,1,515.0,0.0,0.0,0.0,0.0,0.0,24
2023-05-11 13:48:29,CF311P15400,棉花2311沽15400,515.0,0.0,0.0,0.0,1,234.0,1422.0,1,515.0,0.0,0.0,0.0,0.0,0.0,24
2023-05-11 13:48:32,CF311P15400,棉花2311沽15400,515.0,0.0,0.0,0.0,1,234.0,1421.0,1,515.0,0.0,0.0,0.0,0.0,0.0,24
2023-05-11 13:48:33,CF311P15400,棉花2311沽15400,515.0,0.0,0.0,0.0,1,234.0,1418.0,1,515.0,0.0,0.0,0.0,0.0,0.0,24
2023-05-11 13:48:37,CF311P15400,棉花2311沽15400,515.0,0.0,0.0,0.0,1,234.0,1417.0,1,515.0,0.0,0.0,0.0,0.0,0.0,24
2023-05-11 13:48:37,CF311P15400,棉花2311沽15400,515.0,0.0,0.0,0.0,1,234.0,1414.0,1,515.0,0.0,0.0,0.0,0.0,0.0,24
2023-05-11 13:48:41,CF311P15400,棉花2311沽15400,515.0,0.0,0.0,0.0,1,234.0,1413.0,1,515.0,0.0,0.0,0.0,0.0,0.0,24
2023-05-11 13:48:41,CF311P15400,棉花2311沽15400,515.0,0.0,0.0,0.0,1,234.0,1410.0,1,515.0,0.0,0.0,0.0,0.0,0.0,24
2023-05-11 13:48:45,CF311P15400,棉花2311沽15400,515.0,0.0,0.0,0.0,1,234.0,1409.0,1,515.0,0.0,0.0,0.0,0.0,0.0,24
2023-05-11 13:48:45,CF311P15400,棉花2311沽15400,515.0,0.0,0.0,0.0,1,234.0,1406.0,1,515.0,0.0,0.0,0.0,0.0,0.0,24
2023-05-11 13:48:49,CF311P15400,棉花2311沽15400,515.0,0.0,0.0,0.0,1,234.0,1405.0,1,515.0,0.0,0.0,0.0,0.0,0.0,24
2023-05-11 13:48:50,CF311P15400,棉花2311沽15400,515.0,0.0,0.0,0.0,1,234.0,1402.0,1,515.0,0.0,0.0,0.0,0.0,0.0,24
2023-05-11 13:48:56,CF311P15400,棉花2311沽15400,515.0,0.0,0.0,0.0,1,234.0,1401.0,1,515.0,0.0,0.0,0.0,0.0,0.0,24
2023-05-11 13:48:57,CF311P15400,棉花2311沽15400,515.0,0.0,0.0,0.0,1,234.0,1398.0,1,515.0,0.0,0.0,0.0,0.0,0.0,24
2023-05-11 13:49:06,CF311P15400,棉花2311沽15400,515.0,0.0,0.0,0.0,1,234.0,1397.0,1,515.0,0.0,0.0,0.0,0.0,0.0,24
2023-05-11 13:49:06,CF311P15400,棉花2311沽15400,515.0,0.0,0.0,0.0,1,234.0,1394.0,1,515.0,0.0,0.0,0.0,0.0,0.0,24
2023-05-11 13:49:09,CF311P15400,棉花2311沽15400,515.0,0.0,0.0,0.0,1,234.0,1393.0,1,515.0,0.0,0.0,0.0,0.0,0.0,24
2023-05-11 13:49:10,CF311P15400,棉花2311沽15400,515.0,0.0,0.0,0.0,1,234.0,1390.0,1,515.0,0.0,0.0,0.0,0.0,0.0,24
2023-05-11 13:49:15,CF311P15400,棉花2311沽15400,515.0,0.0,0.0,0.0,1,234.0,1389.0,1,515.0,0.0,0.0,0.0,0.0,0.0,24
2023-05-11 13:49:15,CF311P15400,棉花2311沽15400,515.0,0.0,0.0,0.0,1,234.0,1386.0,1,515.0,0.0,0.0,0.0,0.0,0.0,24
2023-05-11 13:49:22,CF311P15400,棉花2311沽15400,515.0,0.0,0.0,0.0,1,234.0,1385.0,1,515.0,0.0,0.0,0.0,0.0,0.0,24
2023-05-11 13:49:22,CF311P15400,棉花2311沽15400,515.0,0.0,0.0,0.0,1,234.0,1382.0,1,515.0,0.0,0.0,0.0,0.0,0.0,24
2023-05-11 13:49:25,CF311P15400,棉花2311沽15400,515.0,0.0,0.0,0.0,1,234.0,1381.0,1,515.0,0.0,0.0,0.0,0.0,0.0,24
2023-05-11 13:49:26,CF311P15400,棉花2311沽15400,515.0,0.0,0.0,0.0,1,234.0,1378.0,1,515.0,0.0,0.0,0.0,0.0,0.0,24
2023-05-11 13:49:30,CF311P15400,棉花2311沽15400,515.0,0.0,0.0,0.0,1,234.0,1377.0,1,515.0,0.0,0.0,0.0,0.0,0.0,24
2023-05-11 13:49:31,CF311P15400,棉花2311沽15400,515.0,0.0,0.0,0.0,1,234.0,1374.0,1,515.0,0.0,0.0,0.0,0.0,0.0,24
2023-05-11 13:49:36,CF311P15400,棉花2311沽15400,515.0,0.0,0.0,0.0,1,234.0,1373.0,1,515.0,0.0,0.0,0.0,0.0,0.0,24
2023-05-11 13:49:36,CF311P15400,棉花2311沽15400,515.0,0.0,0.0,0.0,1,234.0,1370.0,1,515.0,0.0,0.0,0.0,0.0,0.0,24
2023-05-11 13:49:40,CF311P15400,棉花2311沽15400,515.0,0.0,0.0,0.0,1,234.0,1369.0,1,515.0,0.0,0.0,0.0,0.0,0.0,24
2023-05-11 13:49:41,CF311P15400,棉花2311沽15400,515.0,0.0,0.0,0.0,1,234.0,1366.0,1,515.0,0.0,0.0,0.0,0.0,0.0,24
2023-05-11 13:49:45,CF311P15400,棉花2311沽15400,515.0,0.0,0.0,0.0,1,234.0,1365.0,1,515.0,0.0,0.0,0.0,0.0,0.0,24
2023-05-11 13:49:46,CF311P15400,棉花2311沽15400,515.0,0.0,0.0,0.0,1,234.0,1362.0,1,515.0,0.0,0.0,0.0,0.0,0.0,24
2023-05-11 13:49:50,CF311P15400,棉花2311沽15400,515.0,0.0,0.0,0.0,1,234.0,1361.0,1,515.0,0.0,0.0,0.0,0.0,0.0,24
2023-05-11 13:49:51,CF311P15400,棉花2311沽15400,515.0,0.0,0.0,0.0,1,234.0,1358.0,1,515.0,0.0,0.0,0.0,0.0,0.0,24
2023-05-11 13:49:54,CF311P15400,棉花2311沽15400,515.0,0.0,0.0,0.0,1,234.0,1357.0,1,515.0,0.0,0.0,0.0,0.0,0.0,24
2023-05-11 13:49:55,CF311P15400,棉花2311沽15400,515.0,0.0,0.0,0.0,1,234.0,1354.0,1,515.0,0.0,0.0,0.0,0.0,0.0,24
2023-05-11 13:50:00,CF311P15400,棉花2311沽15400,515.0,0.0,0.0,0.0,1,234.0,1353.0,1,515.0,0.0,0.0,0.0,0.0,0.0,24
2023-05-11 13:50:00,CF311P15400,棉花2311沽15400,515.0,0.0,0.0,0.0,1,234.0,1350.0,1,515.0,0.0,0.0,0.0,0.0,0.0,24
2023-05-11 13:50:07,CF311P15400,棉花2311沽15400,515.0,0.0,0.0,0.0,1,234.0,1349.0,1,515.0,0.0,0.0,0.0,0.0,0.0,24
2023-05-11 13:50:08,CF311P15400,棉花2311沽15400,515.0,0.0,0.0,0.0,1,234.0,1346.0,1,515.0,0.0,0.0,0.0,0.0,0.0,24
2023-05-11 13:50:13,CF311P15400,棉花2311沽15400,515.0,0.0,0.0,0.0,1,234.0,1345.0,1,515.0,0.0,0.0,0.0,0.0,0.0,24
2023-05-11 13:50:14,CF311P15400,棉花2311沽15400,515.0,0.0,0.0,0.0,1,234.0,1342.0,1,515.0,0.0,0.0,0.0,0.0,0.0,24
2023-05-11 13:50:18,CF311P15400,棉花2311沽15400,515.0,0.0,0.0,0.0,1,234.0,1341.0,1,515.0,0.0,0.0,0.0,0.0,0.0,24
2023-05-11 13:50:18,CF311P15400,棉花2311沽15400,515.0,0.0,0.0,0.0,1,234.0,1338.0,1,515.0,0.0,0.0,0.0,0.0,0.0,24
2023-05-11 13:50:24,CF311P15400,棉花2311沽15400,515.0,0.0,0.0,0.0,1,234.0,1337.0,1,515.0,0.0,0.0,0.0,0.0,0.0,24
2023-05-11 13:50:24,CF311P15400,棉花2311沽15400,515.0,0.0,0.0,0.0,1,234.0,1334.0,1,515.0,0.0,0.0,0.0,0.0,0.0,24
2023-05-11 13:50:27,CF311P15400,棉花2311沽15400,515.0,0.0,0.0,0.0,1,234.0,1333.0,1,515.0,0.0,0.0,0.0,0.0,0.0,24
2023-05-11 13:50:28,CF311P15400,棉花2311沽15400,515.0,0.0,0.0,0.0,1,234.0,1330.0,1,515.0,0.0,0.0,0.0,0.0,0.0,24
2023-05-11 13:50:36,CF311P15400,棉花2311沽15400,515.0,0.0,0.0,0.0,1,234.0,1329.0,1,515.0,0.0,0.0,0.0,0.0,0.0,24
2023-05-11 13:50:36,CF311P15400,棉花2311沽15400,515.0,0.0,0.0,0.0,1,234.0,1326.0,1,515.0,0.0,0.0,0.0,0.0,0.0,24
2023-05-11 13:50:41,CF311P15400,棉花2311沽15400,515.0,0.0,0.0,0.0,1,234.0,1325.0,1,515.0,0.0,0.0,0.0,0.0,0.0,24
2023-05-11 13:50:41,CF311P15400,棉花2311沽15400,515.0,0.0,0.0,0.0,1,234.0,1322.0,1,515.0,0.0,0.0,0.0,0.0,0.0,24
2023-05-11 13:50:44,CF311P15400,棉花2311沽15400,515.0,0.0,0.0,0.0,1,234.0,1321.0,1,515.0,0.0,0.0,0.0,0.0,0.0,24
2023-05-11 13:50:45,CF311P15400,棉花2311沽15400,515.0,0.0,0.0,0.0,1,234.0,1318.0,1,515.0,0.0,0.0,0.0,0.0,0.0,24
2023-05-11 13:50:49,CF311P15400,棉花2311沽15400,515.0,0.0,0.0,0.0,1,234.0,1317.0,1,515.0,0.0,0.0,0.0,0.0,0.0,24
2023-05-11 13:50:50,CF311P15400,棉花2311沽15400,515.0,0.0,0.0,0.0,1,234.0,1314.0,1,515.0,0.0,0.0,0.0,0.0,0.0,24
2023-05-11 13:50:55,CF311P15400,棉花2311沽15400,515.0,0.0,0.0,0.0,1,234.0,1313.0,1,515.0,0.0,0.0,0.0,0.0,0.0,24
2023-05-11 13:50:55,CF311P15400,棉花2311沽15400,515.0,0.0,0.0,0.0,1,234.0,1310.0,1,515.0,0.0,0.0,0.0,0.0,0.0,24
2023-05-11 13:50:57,CF311P15400,棉花2311沽15400,515.0,0.0,0.0,0.0,1,234.0,1309.0,1,515.0,0.0,0.0,0.0,0.0,0.0,24
2023-05-11 13:50:58,CF311P15400,棉花2311沽15400,515.0,0.0,0.0,0.0,1,234.0,1306.0,1,515.0,0.0,0.0,0.0,0.0,0.0,24
2023-05-11 13:51:03,CF311P15400,棉花2311沽15400,515.0,0.0,0.0,0.0,1,234.0,1305.0,1,515.0,0.0,0.0,0.0,0.0,0.0,24
2023-05-11 13:51:03,CF311P15400,棉花2311沽15400,515.0,0.0,0.0,0.0,1,234.0,1302.0,1,515.0,0.0,0.0,0.0,0.0,0.0,24
2023-05-11 13:51:08,CF311P15400,棉花2311沽15400,515.0,0.0,0.0,0.0,1,234.0,1301.0,1,515.0,0.0,0.0,0.0,0.0,0.0,24
2023-05-11 13:51:08,CF311P15400,棉花2311沽15400,515.0,0.0,0.0,0.0,1,234.0,1298.0,1,515.0,0.0,0.0,0.0,0.0,0.0,24
2023-05-11 13:51:11,CF311P15400,棉花2311沽15400,515.0,0.0,0.0,0.0,1,234.0,1297.0,1,515.0,0.0,0.0,0.0,0.0,0.0,24
2023-05-11 13:51:11,CF311P15400,棉花2311沽15400,515.0,0.0,0.0,0.0,1,234.0,1294.0,1,515.0,0.0,0.0,0.0,0.0,0.0,24
2023-05-11 13:51:15,CF311P15400,棉花2311沽15400,515.0,0.0,0.0,0.0,1,234.0,1293.0,1,515.0,0.0,0.0,0.0,0.0,0.0,24
2023-05-11 13:51:15,CF311P15400,棉花2311沽15400,515.0,0.0,0.0,0.0,1,234.0,1290.0,1,515.0,0.0,0.0,0.0,0.0,0.0,24
2023-05-11 13:51:19,CF311P15400,棉花2311沽15400,515.0,0.0,0.0,0.0,1,234.0,1289.0,1,515.0,0.0,0.0,0.0,0.0,0.0,24
2023-05-11 13:51:19,CF311P15400,棉花2311沽15400,515.0,0.0,0.0,0.0,1,234.0,1286.0,1,515.0,0.0,0.0,0.0,0.0,0.0,24
2023-05-11 13:51:23,CF311P15400,棉花2311沽15400,515.0,0.0,0.0,0.0,1,234.0,1285.0,1,515.0,0.0,0.0,0.0,0.0,0.0,24
2023-05-11 13:51:23,CF311P15400,棉花2311沽15400,515.0,0.0,0.0,0.0,1,234.0,1282.0,1,515.0,0.0,0.0,0.0,0.0,0.0,24
2023-05-11 13:51:26,CF311P15400,棉花2311沽15400,515.0,0.0,0.0,0.0,1,234.0,1281.0,1,515.0,0.0,0.0,0.0,0.0,0.0,24
2023-05-11 13:51:26,CF311P15400,棉花2311沽15400,515.0,0.0,0.0,0.0,1,234.0,1278.0,1,515.0,0.0,0.0,0.0,0.0,0.0,24
2023-05-11 13:51:30,CF311P15400,棉花2311沽15400,515.0,0.0,0.0,0.0,1,234.0,1277.0,1,515.0,0.0,0.0,0.0,0.0,0.0,24
2023-05-11 13:51:30,CF311P15400,棉花2311沽15400,515.0,0.0,0.0,0.0,1,234.0,1274.0,1,515.0,0.0,0.0,0.0,0.0,0.0,24
2023-05-11 13:51:35,CF311P15400,棉花2311沽15400,515.0,0.0,0.0,0.0,1,234.0,1273.0,1,515.0,0.0,0.0,0.0,0.0,0.0,24
2023-05-11 13:51:36,CF311P15400,棉花2311沽15400,515.0,0.0,0.0,0.0,1,234.0,1270.0,1,515.0,0.0,0.0,0.0,0.0,0.0,24
2023-05-11 13:51:41,CF311P15400,棉花2311沽15400,515.0,0.0,0.0,0.0,1,234.0,1269.0,1,515.0,0.0,0.0,0.0,0.0,0.0,24
2023-05-11 13:51:41,CF311P15400,棉花2311沽15400,515.0,0.0,0.0,0.0,1,234.0,1266.0,1,515.0,0.0,0.0,0.0,0.0,0.0,24
2023-05-11 13:51:47,CF311P15400,棉花2311沽15400,515.0,0.0,0.0,0.0,1,234.0,1265.0,1,515.0,0.0,0.0,0.0,0.0,0.0,24
2023-05-11 13:51:47,CF311P15400,棉花2311沽15400,515.0,0.0,0.0,0.0,1,234.0,1262.0,1,515.0,0.0,0.0,0.0,0.0,0.0,24
2023-05-11 13:51:50,CF311P15400,棉花2311沽15400,515.0,0.0,0.0,0.0,1,234.0,1261.0,1,515.0,0.0,0.0,0.0,0.0,0.0,24
2023-05-11 13:51:50,CF311P15400,棉花2311沽15400,515.0,0.0,0.0,0.0,1,234.0,1258.0,1,515.0,0.0,0.0,0.0,0.0,0.0,24
2023-05-11 13:51:53,CF311P15400,棉花2311沽15400,515.0,0.0,0.0,0.0,1,234.0,1257.0,1,515.0,0.0,0.0,0.0,0.0,0.0,24
2023-05-11 13:51:53,CF311P15400,棉花2311沽15400,515.0,0.0,0.0,0.0,1,234.0,1254.0,1,515.0,0.0,0.0,0.0,0.0,0.0,24
2023-05-11 13:51:57,CF311P15400,棉花2311沽15400,515.0,0.0,0.0,0.0,1,234.0,1253.0,1,515.0,0.0,0.0,0.0,0.0,0.0,24
2023-05-11 13:51:57,CF311P15400,棉花2311沽15400,515.0,0.0,0.0,0.0,1,234.0,1250.0,1,515.0,0.0,0.0,0.0,0.0,0.0,24
2023-05-11 13:52:01,CF311P15400,棉花2311沽15400,515.0,0.0,0.0,0.0,1,234.0,1249.0,1,515.0,0.0,0.0,0.0,0.0,0.0,24
2023-05-11 13:52:01,CF311P15400,棉花2311沽15400,515.0,0.0,0.0,0.0,1,234.0,1246.0,1,515.0,0.0,0.0,0.0,0.0,0.0,24
2023-05-11 13:52:03,CF311P15400,棉花2311沽15400,515.0,0.0,0.0,0.0,1,234.0,1245.0,1,515.0,0.0,0.0,0.0,0.0,0.0,24
2023-05-11 13:52:04,CF311P15400,棉花2311沽15400,515.0,0.0,0.0,0.0,1,234.0,1242.0,1,515.0,0.0,0.0,0.0,0.0,0.0,24
2023-05-11 14:11:53,CF311P15400,棉花2311沽15400,515.0,0.0,0.0,0.0,3,501.0,551.0,3,515.0,0.0,0.0,0.0,0.0,0.0,24
2023-05-11 14:11:53,CF311P15400,棉花2311沽15400,515.0,0.0,0.0,0.0,12,501.0,551.0,12,515.0,0.0,0.0,0.0,0.0,0.0,24
2023-05-11 14:11:54,CF311P15400,棉花2311沽15400,515.0,0.0,0.0,0.0,15,501.0,551.0,15,515.0,0.0,0.0,0.0,0.0,0.0,24
2023-05-11 14:11:54,CF311P15400,棉花2311沽15400,515.0,0.0,0.0,0.0,21,501.0,551.0,21,515.0,0.0,0.0,0.0,0.0,0.0,24
2023-05-11 14:11:55,CF311P15400,棉花2311沽15400,515.0,0.0,0.0,0.0,24,501.0,549.0,3,515.0,0.0,0.0,0.0,0.0,0.0,24
2023-05-11 14:11:58,CF311P15400,棉花2311沽15400,515.0,0.0,0.0,0.0,27,501.0,549.0,6,515.0,0.0,0.0,0.0,0.0,0.0,24
2023-05-11 14:11:59,CF311P15400,棉花2311沽15400,515.0,0.0,0.0,0.0,24,501.0,527.0,3,515.0,0.0,0.0,0.0,0.0,0.0,24
2023-05-11 14:11:59,CF311P15400,棉花2311沽15400,515.0,0.0,0.0,0.0,21,501.0,527.0,6,515.0,0.0,0.0,0.0,0.0,0.0,24
2023-05-11 14:12:00,CF311P15400,棉花2311沽15400,515.0,0.0,0.0,0.0,3,503.0,527.0,6,515.0,0.0,0.0,0.0,0.0,0.0,24
2023-05-11 14:12:00,CF311P15400,棉花2311沽15400,515.0,0.0,0.0,0.0,3,503.0,527.0,9,515.0,0.0,0.0,0.0,0.0,0.0,24
2023-05-11 14:12:03,CF311P15400,棉花2311沽15400,515.0,0.0,0.0,0.0,3,503.0,527.0,12,515.0,0.0,0.0,0.0,0.0,0.0,24
2023-05-11 14:12:05,CF311P15400,棉花2311沽15400,515.0,0.0,0.0,0.0,6,503.0,527.0,15,515.0,0.0,0.0,0.0,0.0,0.0,24
2023-05-11 14:12:10,CF311P15400,棉花2311沽15400,515.0,0.0,0.0,0.0,6,503.0,527.0,12,515.0,0.0,0.0,0.0,0.0,0.0,24
2023-05-11 14:12:11,CF311P15400,棉花2311沽15400,515.0,0.0,0.0,0.0,3,503.0,527.0,9,515.0,0.0,0.0,0.0,0.0,0.0,24
2023-05-11 14:12:13,CF311P15400,棉花2311沽15400,515.0,0.0,0.0,0.0,3,503.0,527.0,3,515.0,0.0,0.0,0.0,0.0,0.0,24
2023-05-11 14:12:15,CF311P15400,棉花2311沽15400,515.0,0.0,0.0,0.0,3,498.0,532.0,3,515.0,0.0,0.0,0.0,0.0,0.0,24
2023-05-11 14:12:19,CF311P15400,棉花2311沽15400,515.0,0.0,0.0,0.0,1,21.0,1441.0,1,515.0,0.0,0.0,0.0,0.0,0.0,24
2023-05-11 14:12:19,CF311P15400,棉花2311沽15400,515.0,0.0,0.0,0.0,2,37.0,1438.0,1,515.0,0.0,0.0,0.0,0.0,0.0,24
2023-05-11 14:12:19,CF311P15400,棉花2311沽15400,515.0,0.0,0.0,0.0,1,40.0,1438.0,1,515.0,0.0,0.0,0.0,0.0,0.0,24
2023-05-11 14:12:44,CF311P15400,棉花2311沽15400,515.0,0.0,0.0,0.0,2,56.0,1438.0,1,515.0,0.0,0.0,0.0,0.0,0.0,24
2023-05-11 14:12:44,CF311P15400,棉花2311沽15400,515.0,0.0,0.0,0.0,1,59.0,1438.0,1,515.0,0.0,0.0,0.0,0.0,0.0,24
2023-05-11 14:12:47,CF311P15400,棉花2311沽15400,515.0,0.0,0.0,0.0,2,75.0,1438.0,1,515.0,0.0,0.0,0.0,0.0,0.0,24
2023-05-11 14:12:48,CF311P15400,棉花2311沽15400,515.0,0.0,0.0,0.0,1,78.0,1438.0,1,515.0,0.0,0.0,0.0,0.0,0.0,24
2023-05-11 14:12:51,CF311P15400,棉花2311沽15400,515.0,0.0,0.0,0.0,2,94.0,1438.0,1,515.0,0.0,0.0,0.0,0.0,0.0,24
2023-05-11 14:12:51,CF311P15400,棉花2311沽15400,515.0,0.0,0.0,0.0,1,97.0,1438.0,1,515.0,0.0,0.0,0.0,0.0,0.0,24
2023-05-11 14:12:54,CF311P15400,棉花2311沽15400,515.0,0.0,0.0,0.0,2,113.0,1438.0,1,515.0,0.0,0.0,0.0,0.0,0.0,24
2023-05-11 14:12:54,CF311P15400,棉花2311沽15400,515.0,0.0,0.0,0.0,1,116.0,1438.0,1,515.0,0.0,0.0,0.0,0.0,0.0,24
2023-05-11 14:12:57,CF311P15400,棉花2311沽15400,515.0,0.0,0.0,0.0,2,132.0,1438.0,1,515.0,0.0,0.0,0.0,0.0,0.0,24
2023-05-11 14:12:57,CF311P15400,棉花2311沽15400,515.0,0.0,0.0,0.0,1,135.0,1438.0,1,515.0,0.0,0.0,0.0,0.0,0.0,24
2023-05-11 14:12:58,CF311P15400,棉花2311沽15400,515.0,0.0,0.0,0.0,2,151.0,1438.0,1,515.0,0.0,0.0,0.0,0.0,0.0,24
2023-05-11 14:12:59,CF311P15400,棉花2311沽15400,515.0,0.0,0.0,0.0,1,154.0,1438.0,1,515.0,0.0,0.0,0.0,0.0,0.0,24
2023-05-11 14:13:00,CF311P15400,棉花2311沽15400,515.0,0.0,0.0,0.0,2,170.0,1438.0,1,515.0,0.0,0.0,0.0,0.0,0.0,24
2023-05-11 14:13:00,CF311P15400,棉花2311沽15400,515.0,0.0,0.0,0.0,1,173.0,1438.0,1,515.0,0.0,0.0,0.0,0.0,0.0,24
2023-05-11 14:13:01,CF311P15400,棉花2311沽15400,515.0,0.0,0.0,0.0,2,189.0,1438.0,1,515.0,0.0,0.0,0.0,0.0,0.0,24
2023-05-11 14:13:02,CF311P15400,棉花2311沽15400,515.0,0.0,0.0,0.0,1,192.0,1438.0,1,515.0,0.0,0.0,0.0,0.0,0.0,24
2023-05-11 14:13:03,CF311P15400,棉花2311沽15400,515.0,0.0,0.0,0.0,2,193.0,1438.0,1,515.0,0.0,0.0,0.0,0.0,0.0,24
2023-05-11 14:13:03,CF311P15400,棉花2311沽15400,515.0,0.0,0.0,0.0,1,196.0,1438.0,1,515.0,0.0,0.0,0.0,0.0,0.0,24
2023-05-11 14:13:04,CF311P15400,棉花2311沽15400,515.0,0.0,0.0,0.0,2,197.0,1438.0,1,515.0,0.0,0.0,0.0,0.0,0.0,24
2023-05-11 14:13:04,CF311P15400,棉花2311沽15400,515.0,0.0,0.0,0.0,1,200.0,1438.0,1,515.0,0.0,0.0,0.0,0.0,0.0,24
2023-05-11 14:13:05,CF311P15400,棉花2311沽15400,515.0,0.0,0.0,0.0,2,201.0,1438.0,1,515.0,0.0,0.0,0.0,0.0,0.0,24
2023-05-11 14:13:05,CF311P15400,棉花2311沽15400,515.0,0.0,0.0,0.0,1,204.0,1438.0,1,515.0,0.0,0.0,0.0,0.0,0.0,24
2023-05-11 14:13:06,CF311P15400,棉花2311沽15400,515.0,0.0,0.0,0.0,2,205.0,1438.0,1,515.0,0.0,0.0,0.0,0.0,0.0,24
2023-05-11 14:13:06,CF311P15400,棉花2311沽15400,515.0,0.0,0.0,0.0,1,208.0,1438.0,1,515.0,0.0,0.0,0.0,0.0,0.0,24
2023-05-11 14:13:07,CF311P15400,棉花2311沽15400,515.0,0.0,0.0,0.0,2,209.0,1438.0,1,515.0,0.0,0.0,0.0,0.0,0.0,24
2023-05-11 14:13:07,CF311P15400,棉花2311沽15400,515.0,0.0,0.0,0.0,1,212.0,1438.0,1,515.0,0.0,0.0,0.0,0.0,0.0,24
2023-05-11 14:13:08,CF311P15400,棉花2311沽15400,515.0,0.0,0.0,0.0,2,213.0,1438.0,1,515.0,0.0,0.0,0.0,0.0,0.0,24
2023-05-11 14:13:09,CF311P15400,棉花2311沽15400,515.0,0.0,0.0,0.0,1,216.0,1438.0,1,515.0,0.0,0.0,0.0,0.0,0.0,24
2023-05-11 14:13:10,CF311P15400,棉花2311沽15400,515.0,0.0,0.0,0.0,2,217.0,1438.0,1,515.0,0.0,0.0,0.0,0.0,0.0,24
2023-05-11 14:13:10,CF311P15400,棉花2311沽15400,515.0,0.0,0.0,0.0,1,220.0,1438.0,1,515.0,0.0,0.0,0.0,0.0,0.0,24
2023-05-11 14:13:11,CF311P15400,棉花2311沽15400,515.0,0.0,0.0,0.0,2,221.0,1438.0,1,515.0,0.0,0.0,0.0,0.0,0.0,24
2023-05-11 14:13:11,CF311P15400,棉花2311沽15400,515.0,0.0,0.0,0.0,1,224.0,1438.0,1,515.0,0.0,0.0,0.0,0.0,0.0,24
2023-05-11 14:13:12,CF311P15400,棉花2311沽15400,515.0,0.0,0.0,0.0,2,225.0,1438.0,1,515.0,0.0,0.0,0.0,0.0,0.0,24
2023-05-11 14:13:12,CF311P15400,棉花2311沽15400,515.0,0.0,0.0,0.0,1,228.0,1438.0,1,515.0,0.0,0.0,0.0,0.0,0.0,24
2023-05-11 14:13:13,CF311P15400,棉花2311沽15400,515.0,0.0,0.0,0.0,2,229.0,1438.0,1,515.0,0.0,0.0,0.0,0.0,0.0,24
2023-05-11 14:13:13,CF311P15400,棉花2311沽15400,515.0,0.0,0.0,0.0,1,232.0,1438.0,1,515.0,0.0,0.0,0.0,0.0,0.0,24
2023-05-11 14:59:54,CF311P15400,棉花2311沽15400,515.0,0.0,0.0,0.0,1,21.0,1441.0,1,515.0,0.0,0.0,0.0,0.0,0.0,24
2023-05-11 14:59:58,CF311P15400,棉花2311沽15400,515.0,0.0,0.0,0.0,2,37.0,1441.0,1,515.0,0.0,0.0,0.0,0.0,0.0,24
