time,symbol_id,symbol_name,last,trade_volume,trade_amount,open_interest_change,bv1,bp1,ap1,av1,yesterday_close,today_open,today_high,today_low,volume,amount,open_interest
2023-05-10 19:12:58,CF311C15600,棉花2311购15600,890.0,0.0,0.0,0.0,0,0.0,0.0,0,890.0,0.0,0.0,0.0,0.0,0.0,23
2023-05-10 20:59:00,CF311C15600,棉花2311购15600,890.0,0.0,0.0,0.0,1,1.0,0.0,0,890.0,0.0,0.0,0.0,0.0,0.0,23
2023-05-10 21:00:02,CF311C15600,棉花2311购15600,890.0,0.0,0.0,0.0,10,2.0,0.0,0,890.0,0.0,0.0,0.0,0.0,0.0,23
2023-05-10 21:00:12,CF311C15600,棉花2311购15600,890.0,0.0,0.0,0.0,1,114.0,0.0,0,890.0,0.0,0.0,0.0,0.0,0.0,23
2023-05-10 21:00:12,CF311C15600,棉花2311购15600,890.0,0.0,0.0,0.0,10,115.0,0.0,0,890.0,0.0,0.0,0.0,0.0,0.0,23
2023-05-10 21:00:13,CF311C15600,棉花2311购15600,890.0,0.0,0.0,0.0,11,115.0,0.0,0,890.0,0.0,0.0,0.0,0.0,0.0,23
2023-05-10 21:00:51,CF311C15600,棉花2311购15600,890.0,0.0,0.0,0.0,1,116.0,0.0,0,890.0,0.0,0.0,0.0,0.0,0.0,23
2023-05-10 21:00:51,CF311C15600,棉花2311购15600,890.0,0.0,0.0,0.0,10,117.0,0.0,0,890.0,0.0,0.0,0.0,0.0,0.0,23
2023-05-10 21:01:12,CF311C15600,棉花2311购15600,890.0,0.0,0.0,0.0,2,130.0,0.0,0,890.0,0.0,0.0,0.0,0.0,0.0,23
2023-05-10 21:01:12,CF311C15600,棉花2311购15600,890.0,0.0,0.0,0.0,10,131.0,0.0,0,890.0,0.0,0.0,0.0,0.0,0.0,23
2023-05-10 21:01:14,CF311C15600,棉花2311购15600,890.0,0.0,0.0,0.0,1,134.0,1841.0,10,890.0,0.0,0.0,0.0,0.0,0.0,23
2023-05-10 21:01:14,CF311C15600,棉花2311购15600,890.0,0.0,0.0,0.0,10,135.0,1841.0,10,890.0,0.0,0.0,0.0,0.0,0.0,23
2023-05-10 21:01:15,CF311C15600,棉花2311购15600,890.0,0.0,0.0,0.0,2,148.0,1838.0,1,890.0,0.0,0.0,0.0,0.0,0.0,23
2023-05-10 21:01:15,CF311C15600,棉花2311购15600,890.0,0.0,0.0,0.0,10,149.0,1837.0,10,890.0,0.0,0.0,0.0,0.0,0.0,23
2023-05-10 21:01:18,CF311C15600,棉花2311购15600,890.0,0.0,0.0,0.0,2,162.0,1837.0,10,890.0,0.0,0.0,0.0,0.0,0.0,23
2023-05-10 21:01:18,CF311C15600,棉花2311购15600,890.0,0.0,0.0,0.0,10,163.0,1837.0,10,890.0,0.0,0.0,0.0,0.0,0.0,23
2023-05-10 21:01:20,CF311C15600,棉花2311购15600,890.0,0.0,0.0,0.0,2,176.0,1834.0,1,890.0,0.0,0.0,0.0,0.0,0.0,23
2023-05-10 21:01:20,CF311C15600,棉花2311购15600,890.0,0.0,0.0,0.0,10,177.0,1833.0,10,890.0,0.0,0.0,0.0,0.0,0.0,23
2023-05-10 21:01:21,CF311C15600,棉花2311购15600,890.0,0.0,0.0,0.0,1,180.0,1830.0,1,890.0,0.0,0.0,0.0,0.0,0.0,23
2023-05-10 21:01:21,CF311C15600,棉花2311购15600,890.0,0.0,0.0,0.0,10,181.0,1829.0,10,890.0,0.0,0.0,0.0,0.0,0.0,23
2023-05-10 21:01:22,CF311C15600,棉花2311购15600,890.0,0.0,0.0,0.0,2,194.0,1826.0,1,890.0,0.0,0.0,0.0,0.0,0.0,23
2023-05-10 21:01:22,CF311C15600,棉花2311购15600,890.0,0.0,0.0,0.0,10,195.0,1825.0,10,890.0,0.0,0.0,0.0,0.0,0.0,23
2023-05-10 21:01:23,CF311C15600,棉花2311购15600,890.0,0.0,0.0,0.0,1,198.0,1822.0,1,890.0,0.0,0.0,0.0,0.0,0.0,23
2023-05-10 21:01:23,CF311C15600,棉花2311购15600,890.0,0.0,0.0,0.0,10,199.0,1821.0,10,890.0,0.0,0.0,0.0,0.0,0.0,23
2023-05-10 21:01:24,CF311C15600,棉花2311购15600,890.0,0.0,0.0,0.0,2,212.0,1821.0,10,890.0,0.0,0.0,0.0,0.0,0.0,23
2023-05-10 21:01:25,CF311C15600,棉花2311购15600,890.0,0.0,0.0,0.0,10,213.0,1821.0,10,890.0,0.0,0.0,0.0,0.0,0.0,23
2023-05-10 21:01:25,CF311C15600,棉花2311购15600,890.0,0.0,0.0,0.0,1,216.0,1818.0,1,890.0,0.0,0.0,0.0,0.0,0.0,23
2023-05-10 21:01:26,CF311C15600,棉花2311购15600,890.0,0.0,0.0,0.0,10,217.0,1817.0,10,890.0,0.0,0.0,0.0,0.0,0.0,23
2023-05-10 21:01:26,CF311C15600,棉花2311购15600,890.0,0.0,0.0,0.0,2,230.0,1817.0,10,890.0,0.0,0.0,0.0,0.0,0.0,23
2023-05-10 21:01:27,CF311C15600,棉花2311购15600,890.0,0.0,0.0,0.0,10,231.0,1817.0,10,890.0,0.0,0.0,0.0,0.0,0.0,23
2023-05-10 21:01:28,CF311C15600,棉花2311购15600,890.0,0.0,0.0,0.0,2,244.0,1817.0,10,890.0,0.0,0.0,0.0,0.0,0.0,23
2023-05-10 21:01:29,CF311C15600,棉花2311购15600,890.0,0.0,0.0,0.0,10,245.0,1817.0,10,890.0,0.0,0.0,0.0,0.0,0.0,23
2023-05-10 21:01:29,CF311C15600,棉花2311购15600,890.0,0.0,0.0,0.0,1,248.0,1814.0,1,890.0,0.0,0.0,0.0,0.0,0.0,23
2023-05-10 21:01:30,CF311C15600,棉花2311购15600,890.0,0.0,0.0,0.0,10,249.0,1813.0,10,890.0,0.0,0.0,0.0,0.0,0.0,23
2023-05-10 21:01:30,CF311C15600,棉花2311购15600,890.0,0.0,0.0,0.0,2,262.0,1810.0,1,890.0,0.0,0.0,0.0,0.0,0.0,23
2023-05-10 21:01:31,CF311C15600,棉花2311购15600,890.0,0.0,0.0,0.0,10,263.0,1809.0,10,890.0,0.0,0.0,0.0,0.0,0.0,23
2023-05-10 21:01:32,CF311C15600,棉花2311购15600,890.0,0.0,0.0,0.0,2,276.0,1809.0,10,890.0,0.0,0.0,0.0,0.0,0.0,23
2023-05-10 21:01:33,CF311C15600,棉花2311购15600,890.0,0.0,0.0,0.0,10,277.0,1809.0,10,890.0,0.0,0.0,0.0,0.0,0.0,23
2023-05-10 21:01:34,CF311C15600,棉花2311购15600,890.0,0.0,0.0,0.0,2,290.0,1806.0,1,890.0,0.0,0.0,0.0,0.0,0.0,23
2023-05-10 21:01:35,CF311C15600,棉花2311购15600,890.0,0.0,0.0,0.0,10,291.0,1805.0,10,890.0,0.0,0.0,0.0,0.0,0.0,23
2023-05-10 21:01:35,CF311C15600,棉花2311购15600,890.0,0.0,0.0,0.0,1,294.0,1802.0,1,890.0,0.0,0.0,0.0,0.0,0.0,23
2023-05-10 21:01:36,CF311C15600,棉花2311购15600,890.0,0.0,0.0,0.0,10,295.0,1801.0,10,890.0,0.0,0.0,0.0,0.0,0.0,23
2023-05-10 21:01:36,CF311C15600,棉花2311购15600,890.0,0.0,0.0,0.0,2,308.0,1798.0,1,890.0,0.0,0.0,0.0,0.0,0.0,23
2023-05-10 21:01:37,CF311C15600,棉花2311购15600,890.0,0.0,0.0,0.0,10,309.0,1797.0,10,890.0,0.0,0.0,0.0,0.0,0.0,23
2023-05-10 21:01:38,CF311C15600,棉花2311购15600,890.0,0.0,0.0,0.0,2,322.0,1797.0,10,890.0,0.0,0.0,0.0,0.0,0.0,23
2023-05-10 21:01:39,CF311C15600,棉花2311购15600,890.0,0.0,0.0,0.0,10,323.0,1797.0,10,890.0,0.0,0.0,0.0,0.0,0.0,23
2023-05-10 21:01:40,CF311C15600,棉花2311购15600,890.0,0.0,0.0,0.0,2,336.0,1797.0,10,890.0,0.0,0.0,0.0,0.0,0.0,23
2023-05-10 21:01:41,CF311C15600,棉花2311购15600,890.0,0.0,0.0,0.0,10,337.0,1797.0,10,890.0,0.0,0.0,0.0,0.0,0.0,23
2023-05-10 21:01:42,CF311C15600,棉花2311购15600,890.0,0.0,0.0,0.0,2,350.0,1794.0,1,890.0,0.0,0.0,0.0,0.0,0.0,23
2023-05-10 21:01:43,CF311C15600,棉花2311购15600,890.0,0.0,0.0,0.0,10,351.0,1793.0,10,890.0,0.0,0.0,0.0,0.0,0.0,23
2023-05-10 21:01:43,CF311C15600,棉花2311购15600,890.0,0.0,0.0,0.0,1,354.0,1790.0,1,890.0,0.0,0.0,0.0,0.0,0.0,23
2023-05-10 21:01:44,CF311C15600,棉花2311购15600,890.0,0.0,0.0,0.0,10,355.0,1789.0,10,890.0,0.0,0.0,0.0,0.0,0.0,23
2023-05-10 21:01:44,CF311C15600,棉花2311购15600,890.0,0.0,0.0,0.0,2,368.0,1786.0,1,890.0,0.0,0.0,0.0,0.0,0.0,23
2023-05-10 21:01:45,CF311C15600,棉花2311购15600,890.0,0.0,0.0,0.0,10,369.0,1785.0,10,890.0,0.0,0.0,0.0,0.0,0.0,23
2023-05-10 21:01:45,CF311C15600,棉花2311购15600,890.0,0.0,0.0,0.0,1,372.0,1782.0,1,890.0,0.0,0.0,0.0,0.0,0.0,23
2023-05-10 21:01:46,CF311C15600,棉花2311购15600,890.0,0.0,0.0,0.0,10,373.0,1781.0,10,890.0,0.0,0.0,0.0,0.0,0.0,23
2023-05-10 21:01:46,CF311C15600,棉花2311购15600,890.0,0.0,0.0,0.0,2,386.0,1778.0,1,890.0,0.0,0.0,0.0,0.0,0.0,23
2023-05-10 21:01:47,CF311C15600,棉花2311购15600,890.0,0.0,0.0,0.0,10,387.0,1777.0,10,890.0,0.0,0.0,0.0,0.0,0.0,23
2023-05-10 21:01:47,CF311C15600,棉花2311购15600,890.0,0.0,0.0,0.0,1,390.0,1774.0,1,890.0,0.0,0.0,0.0,0.0,0.0,23
2023-05-10 21:01:48,CF311C15600,棉花2311购15600,890.0,0.0,0.0,0.0,2,403.0,1773.0,10,890.0,0.0,0.0,0.0,0.0,0.0,23
2023-05-10 21:01:48,CF311C15600,棉花2311购15600,890.0,0.0,0.0,0.0,10,407.0,1770.0,1,890.0,0.0,0.0,0.0,0.0,0.0,23
2023-05-10 21:01:49,CF311C15600,棉花2311购15600,890.0,0.0,0.0,0.0,10,407.0,1769.0,10,890.0,0.0,0.0,0.0,0.0,0.0,23
2023-05-10 21:01:50,CF311C15600,棉花2311购15600,890.0,0.0,0.0,0.0,2,420.0,1769.0,10,890.0,0.0,0.0,0.0,0.0,0.0,23
2023-05-10 21:01:50,CF311C15600,棉花2311购15600,890.0,0.0,0.0,0.0,10,424.0,1766.0,1,890.0,0.0,0.0,0.0,0.0,0.0,23
2023-05-10 21:01:51,CF311C15600,棉花2311购15600,890.0,0.0,0.0,0.0,10,424.0,1765.0,10,890.0,0.0,0.0,0.0,0.0,0.0,23
2023-05-10 21:01:52,CF311C15600,棉花2311购15600,890.0,0.0,0.0,0.0,2,437.0,1765.0,10,890.0,0.0,0.0,0.0,0.0,0.0,23
2023-05-10 21:01:53,CF311C15600,棉花2311购15600,890.0,0.0,0.0,0.0,10,438.0,1765.0,10,890.0,0.0,0.0,0.0,0.0,0.0,23
2023-05-10 21:01:54,CF311C15600,棉花2311购15600,890.0,0.0,0.0,0.0,2,451.0,1765.0,10,890.0,0.0,0.0,0.0,0.0,0.0,23
2023-05-10 21:01:54,CF311C15600,棉花2311购15600,890.0,0.0,0.0,0.0,10,452.0,1765.0,10,890.0,0.0,0.0,0.0,0.0,0.0,23
2023-05-10 21:01:56,CF311C15600,棉花2311购15600,890.0,0.0,0.0,0.0,2,465.0,1765.0,10,890.0,0.0,0.0,0.0,0.0,0.0,23
2023-05-10 21:01:56,CF311C15600,棉花2311购15600,890.0,0.0,0.0,0.0,10,466.0,1765.0,10,890.0,0.0,0.0,0.0,0.0,0.0,23
2023-05-10 21:01:58,CF311C15600,棉花2311购15600,890.0,0.0,0.0,0.0,2,479.0,1762.0,1,890.0,0.0,0.0,0.0,0.0,0.0,23
2023-05-10 21:01:58,CF311C15600,棉花2311购15600,890.0,0.0,0.0,0.0,10,480.0,1761.0,10,890.0,0.0,0.0,0.0,0.0,0.0,23
2023-05-10 21:01:59,CF311C15600,棉花2311购15600,890.0,0.0,0.0,0.0,2,493.0,1761.0,10,890.0,0.0,0.0,0.0,0.0,0.0,23
2023-05-10 21:02:00,CF311C15600,棉花2311购15600,890.0,0.0,0.0,0.0,10,494.0,1761.0,10,890.0,0.0,0.0,0.0,0.0,0.0,23
2023-05-10 21:02:01,CF311C15600,棉花2311购15600,890.0,0.0,0.0,0.0,2,507.0,1761.0,10,890.0,0.0,0.0,0.0,0.0,0.0,23
2023-05-10 21:02:02,CF311C15600,棉花2311购15600,890.0,0.0,0.0,0.0,10,508.0,1761.0,10,890.0,0.0,0.0,0.0,0.0,0.0,23
2023-05-10 21:02:03,CF311C15600,棉花2311购15600,890.0,0.0,0.0,0.0,2,521.0,1758.0,1,890.0,0.0,0.0,0.0,0.0,0.0,23
2023-05-10 21:02:03,CF311C15600,棉花2311购15600,890.0,0.0,0.0,0.0,1,524.0,1757.0,10,890.0,0.0,0.0,0.0,0.0,0.0,23
2023-05-10 21:02:03,CF311C15600,棉花2311购15600,890.0,0.0,0.0,0.0,10,525.0,1757.0,10,890.0,0.0,0.0,0.0,0.0,0.0,23
2023-05-10 21:02:04,CF311C15600,棉花2311购15600,890.0,0.0,0.0,0.0,2,538.0,1757.0,10,890.0,0.0,0.0,0.0,0.0,0.0,23
2023-05-10 21:02:04,CF311C15600,棉花2311购15600,890.0,0.0,0.0,0.0,10,539.0,1757.0,10,890.0,0.0,0.0,0.0,0.0,0.0,23
2023-05-10 21:02:05,CF311C15600,棉花2311购15600,890.0,0.0,0.0,0.0,2,552.0,1757.0,10,890.0,0.0,0.0,0.0,0.0,0.0,23
2023-05-10 21:02:05,CF311C15600,棉花2311购15600,890.0,0.0,0.0,0.0,10,553.0,1757.0,10,890.0,0.0,0.0,0.0,0.0,0.0,23
2023-05-10 21:02:06,CF311C15600,棉花2311购15600,890.0,0.0,0.0,0.0,2,566.0,1757.0,10,890.0,0.0,0.0,0.0,0.0,0.0,23
2023-05-10 21:02:06,CF311C15600,棉花2311购15600,890.0,0.0,0.0,0.0,10,570.0,1754.0,1,890.0,0.0,0.0,0.0,0.0,0.0,23
2023-05-10 21:02:07,CF311C15600,棉花2311购15600,890.0,0.0,0.0,0.0,10,570.0,1753.0,10,890.0,0.0,0.0,0.0,0.0,0.0,23
2023-05-10 21:02:07,CF311C15600,棉花2311购15600,890.0,0.0,0.0,0.0,2,583.0,1753.0,10,890.0,0.0,0.0,0.0,0.0,0.0,23
2023-05-10 21:02:08,CF311C15600,棉花2311购15600,890.0,0.0,0.0,0.0,10,584.0,1753.0,10,890.0,0.0,0.0,0.0,0.0,0.0,23
2023-05-10 21:02:09,CF311C15600,棉花2311购15600,890.0,0.0,0.0,0.0,2,591.0,1753.0,10,890.0,0.0,0.0,0.0,0.0,0.0,23
2023-05-10 21:02:09,CF311C15600,棉花2311购15600,890.0,0.0,0.0,0.0,10,592.0,1753.0,10,890.0,0.0,0.0,0.0,0.0,0.0,23
2023-05-10 21:02:10,CF311C15600,棉花2311购15600,890.0,0.0,0.0,0.0,2,593.0,1753.0,10,890.0,0.0,0.0,0.0,0.0,0.0,23
2023-05-10 21:02:10,CF311C15600,棉花2311购15600,890.0,0.0,0.0,0.0,10,594.0,1753.0,10,890.0,0.0,0.0,0.0,0.0,0.0,23
2023-05-10 21:02:11,CF311C15600,棉花2311购15600,890.0,0.0,0.0,0.0,2,595.0,1753.0,10,890.0,0.0,0.0,0.0,0.0,0.0,23
2023-05-10 21:02:11,CF311C15600,棉花2311购15600,890.0,0.0,0.0,0.0,10,596.0,1753.0,10,890.0,0.0,0.0,0.0,0.0,0.0,23
2023-05-10 21:02:12,CF311C15600,棉花2311购15600,890.0,0.0,0.0,0.0,2,597.0,1753.0,10,890.0,0.0,0.0,0.0,0.0,0.0,23
2023-05-10 21:02:12,CF311C15600,棉花2311购15600,890.0,0.0,0.0,0.0,10,598.0,1753.0,10,890.0,0.0,0.0,0.0,0.0,0.0,23
2023-05-10 21:02:13,CF311C15600,棉花2311购15600,890.0,0.0,0.0,0.0,2,599.0,1753.0,10,890.0,0.0,0.0,0.0,0.0,0.0,23
2023-05-10 21:02:14,CF311C15600,棉花2311购15600,890.0,0.0,0.0,0.0,10,600.0,1753.0,10,890.0,0.0,0.0,0.0,0.0,0.0,23
2023-05-10 21:02:18,CF311C15600,棉花2311购15600,890.0,0.0,0.0,0.0,1,603.0,1750.0,1,890.0,0.0,0.0,0.0,0.0,0.0,23
2023-05-10 21:02:19,CF311C15600,棉花2311购15600,890.0,0.0,0.0,0.0,10,604.0,1749.0,10,890.0,0.0,0.0,0.0,0.0,0.0,23
2023-05-10 21:02:22,CF311C15600,棉花2311购15600,890.0,0.0,0.0,0.0,1,607.0,1746.0,1,890.0,0.0,0.0,0.0,0.0,0.0,23
2023-05-10 21:02:23,CF311C15600,棉花2311购15600,890.0,0.0,0.0,0.0,10,608.0,1745.0,10,890.0,0.0,0.0,0.0,0.0,0.0,23
2023-05-10 21:02:23,CF311C15600,棉花2311购15600,890.0,0.0,0.0,0.0,1,611.0,1742.0,1,890.0,0.0,0.0,0.0,0.0,0.0,23
2023-05-10 21:02:24,CF311C15600,棉花2311购15600,890.0,0.0,0.0,0.0,10,612.0,1741.0,10,890.0,0.0,0.0,0.0,0.0,0.0,23
2023-05-10 21:02:24,CF311C15600,棉花2311购15600,890.0,0.0,0.0,0.0,10,612.0,1738.0,1,890.0,0.0,0.0,0.0,0.0,0.0,23
2023-05-10 21:02:25,CF311C15600,棉花2311购15600,890.0,0.0,0.0,0.0,10,612.0,1737.0,10,890.0,0.0,0.0,0.0,0.0,0.0,23
2023-05-10 21:02:25,CF311C15600,棉花2311购15600,890.0,0.0,0.0,0.0,10,612.0,1734.0,1,890.0,0.0,0.0,0.0,0.0,0.0,23
2023-05-10 21:02:26,CF311C15600,棉花2311购15600,890.0,0.0,0.0,0.0,10,612.0,1733.0,10,890.0,0.0,0.0,0.0,0.0,0.0,23
2023-05-10 21:02:31,CF311C15600,棉花2311购15600,890.0,0.0,0.0,0.0,10,612.0,1730.0,1,890.0,0.0,0.0,0.0,0.0,0.0,23
2023-05-10 21:02:32,CF311C15600,棉花2311购15600,890.0,0.0,0.0,0.0,10,612.0,1729.0,10,890.0,0.0,0.0,0.0,0.0,0.0,23
2023-05-10 21:02:32,CF311C15600,棉花2311购15600,890.0,0.0,0.0,0.0,10,612.0,1726.0,1,890.0,0.0,0.0,0.0,0.0,0.0,23
2023-05-10 21:02:33,CF311C15600,棉花2311购15600,890.0,0.0,0.0,0.0,10,612.0,1725.0,10,890.0,0.0,0.0,0.0,0.0,0.0,23
2023-05-10 21:02:35,CF311C15600,棉花2311购15600,890.0,0.0,0.0,0.0,10,612.0,1722.0,1,890.0,0.0,0.0,0.0,0.0,0.0,23
2023-05-10 21:02:36,CF311C15600,棉花2311购15600,890.0,0.0,0.0,0.0,10,612.0,1721.0,10,890.0,0.0,0.0,0.0,0.0,0.0,23
2023-05-10 21:02:36,CF311C15600,棉花2311购15600,890.0,0.0,0.0,0.0,10,612.0,1718.0,1,890.0,0.0,0.0,0.0,0.0,0.0,23
2023-05-10 21:02:37,CF311C15600,棉花2311购15600,890.0,0.0,0.0,0.0,10,612.0,1717.0,10,890.0,0.0,0.0,0.0,0.0,0.0,23
2023-05-10 21:02:37,CF311C15600,棉花2311购15600,890.0,0.0,0.0,0.0,10,612.0,1714.0,1,890.0,0.0,0.0,0.0,0.0,0.0,23
2023-05-10 21:02:38,CF311C15600,棉花2311购15600,890.0,0.0,0.0,0.0,10,612.0,1713.0,10,890.0,0.0,0.0,0.0,0.0,0.0,23
2023-05-10 21:02:41,CF311C15600,棉花2311购15600,890.0,0.0,0.0,0.0,10,612.0,1710.0,1,890.0,0.0,0.0,0.0,0.0,0.0,23
2023-05-10 21:02:42,CF311C15600,棉花2311购15600,890.0,0.0,0.0,0.0,10,612.0,1709.0,10,890.0,0.0,0.0,0.0,0.0,0.0,23
2023-05-10 21:02:42,CF311C15600,棉花2311购15600,890.0,0.0,0.0,0.0,10,612.0,1706.0,1,890.0,0.0,0.0,0.0,0.0,0.0,23
2023-05-10 21:02:43,CF311C15600,棉花2311购15600,890.0,0.0,0.0,0.0,10,612.0,1705.0,10,890.0,0.0,0.0,0.0,0.0,0.0,23
2023-05-10 21:02:43,CF311C15600,棉花2311购15600,890.0,0.0,0.0,0.0,10,612.0,1702.0,1,890.0,0.0,0.0,0.0,0.0,0.0,23
2023-05-10 21:02:44,CF311C15600,棉花2311购15600,890.0,0.0,0.0,0.0,10,612.0,1701.0,10,890.0,0.0,0.0,0.0,0.0,0.0,23
2023-05-10 21:02:47,CF311C15600,棉花2311购15600,890.0,0.0,0.0,0.0,10,612.0,1698.0,1,890.0,0.0,0.0,0.0,0.0,0.0,23
2023-05-10 21:02:48,CF311C15600,棉花2311购15600,890.0,0.0,0.0,0.0,10,612.0,1697.0,10,890.0,0.0,0.0,0.0,0.0,0.0,23
2023-05-10 21:02:48,CF311C15600,棉花2311购15600,890.0,0.0,0.0,0.0,10,612.0,1694.0,1,890.0,0.0,0.0,0.0,0.0,0.0,23
2023-05-10 21:02:49,CF311C15600,棉花2311购15600,890.0,0.0,0.0,0.0,10,612.0,1693.0,10,890.0,0.0,0.0,0.0,0.0,0.0,23
2023-05-10 21:02:49,CF311C15600,棉花2311购15600,890.0,0.0,0.0,0.0,10,612.0,1690.0,1,890.0,0.0,0.0,0.0,0.0,0.0,23
2023-05-10 21:02:50,CF311C15600,棉花2311购15600,890.0,0.0,0.0,0.0,10,612.0,1689.0,10,890.0,0.0,0.0,0.0,0.0,0.0,23
2023-05-10 21:02:50,CF311C15600,棉花2311购15600,890.0,0.0,0.0,0.0,10,612.0,1686.0,1,890.0,0.0,0.0,0.0,0.0,0.0,23
2023-05-10 21:02:51,CF311C15600,棉花2311购15600,890.0,0.0,0.0,0.0,10,612.0,1685.0,10,890.0,0.0,0.0,0.0,0.0,0.0,23
2023-05-10 21:02:51,CF311C15600,棉花2311购15600,890.0,0.0,0.0,0.0,10,612.0,1682.0,1,890.0,0.0,0.0,0.0,0.0,0.0,23
2023-05-10 21:02:52,CF311C15600,棉花2311购15600,890.0,0.0,0.0,0.0,10,612.0,1681.0,10,890.0,0.0,0.0,0.0,0.0,0.0,23
2023-05-10 21:02:53,CF311C15600,棉花2311购15600,890.0,0.0,0.0,0.0,10,612.0,1678.0,1,890.0,0.0,0.0,0.0,0.0,0.0,23
2023-05-10 21:02:54,CF311C15600,棉花2311购15600,890.0,0.0,0.0,0.0,10,612.0,1677.0,10,890.0,0.0,0.0,0.0,0.0,0.0,23
2023-05-10 21:02:55,CF311C15600,棉花2311购15600,890.0,0.0,0.0,0.0,10,612.0,1674.0,1,890.0,0.0,0.0,0.0,0.0,0.0,23
2023-05-10 21:02:56,CF311C15600,棉花2311购15600,890.0,0.0,0.0,0.0,10,612.0,1673.0,10,890.0,0.0,0.0,0.0,0.0,0.0,23
2023-05-10 21:03:00,CF311C15600,棉花2311购15600,890.0,0.0,0.0,0.0,10,612.0,1670.0,1,890.0,0.0,0.0,0.0,0.0,0.0,23
2023-05-10 21:03:01,CF311C15600,棉花2311购15600,890.0,0.0,0.0,0.0,10,612.0,1669.0,10,890.0,0.0,0.0,0.0,0.0,0.0,23
2023-05-10 21:03:01,CF311C15600,棉花2311购15600,890.0,0.0,0.0,0.0,10,612.0,1666.0,1,890.0,0.0,0.0,0.0,0.0,0.0,23
2023-05-10 21:03:02,CF311C15600,棉花2311购15600,890.0,0.0,0.0,0.0,10,612.0,1665.0,10,890.0,0.0,0.0,0.0,0.0,0.0,23
2023-05-10 21:03:05,CF311C15600,棉花2311购15600,890.0,0.0,0.0,0.0,10,612.0,1662.0,1,890.0,0.0,0.0,0.0,0.0,0.0,23
2023-05-10 21:03:06,CF311C15600,棉花2311购15600,890.0,0.0,0.0,0.0,10,612.0,1661.0,10,890.0,0.0,0.0,0.0,0.0,0.0,23
2023-05-10 21:03:06,CF311C15600,棉花2311购15600,890.0,0.0,0.0,0.0,10,612.0,1658.0,1,890.0,0.0,0.0,0.0,0.0,0.0,23
2023-05-10 21:03:07,CF311C15600,棉花2311购15600,890.0,0.0,0.0,0.0,10,612.0,1657.0,10,890.0,0.0,0.0,0.0,0.0,0.0,23
2023-05-10 21:03:08,CF311C15600,棉花2311购15600,890.0,0.0,0.0,0.0,10,612.0,1654.0,1,890.0,0.0,0.0,0.0,0.0,0.0,23
2023-05-10 21:03:09,CF311C15600,棉花2311购15600,890.0,0.0,0.0,0.0,10,612.0,1653.0,10,890.0,0.0,0.0,0.0,0.0,0.0,23
2023-05-10 21:03:10,CF311C15600,棉花2311购15600,890.0,0.0,0.0,0.0,10,612.0,1650.0,1,890.0,0.0,0.0,0.0,0.0,0.0,23
2023-05-10 21:03:11,CF311C15600,棉花2311购15600,890.0,0.0,0.0,0.0,10,612.0,1649.0,10,890.0,0.0,0.0,0.0,0.0,0.0,23
2023-05-10 21:03:11,CF311C15600,棉花2311购15600,890.0,0.0,0.0,0.0,10,612.0,1646.0,1,890.0,0.0,0.0,0.0,0.0,0.0,23
2023-05-10 21:03:12,CF311C15600,棉花2311购15600,890.0,0.0,0.0,0.0,10,612.0,1645.0,10,890.0,0.0,0.0,0.0,0.0,0.0,23
2023-05-10 21:03:12,CF311C15600,棉花2311购15600,890.0,0.0,0.0,0.0,10,612.0,1642.0,1,890.0,0.0,0.0,0.0,0.0,0.0,23
2023-05-10 21:03:13,CF311C15600,棉花2311购15600,890.0,0.0,0.0,0.0,10,612.0,1641.0,10,890.0,0.0,0.0,0.0,0.0,0.0,23
2023-05-10 21:03:16,CF311C15600,棉花2311购15600,890.0,0.0,0.0,0.0,10,612.0,1638.0,1,890.0,0.0,0.0,0.0,0.0,0.0,23
2023-05-10 21:03:17,CF311C15600,棉花2311购15600,890.0,0.0,0.0,0.0,10,612.0,1637.0,10,890.0,0.0,0.0,0.0,0.0,0.0,23
2023-05-10 21:03:17,CF311C15600,棉花2311购15600,890.0,0.0,0.0,0.0,10,612.0,1634.0,1,890.0,0.0,0.0,0.0,0.0,0.0,23
2023-05-10 21:03:18,CF311C15600,棉花2311购15600,890.0,0.0,0.0,0.0,10,612.0,1633.0,10,890.0,0.0,0.0,0.0,0.0,0.0,23
2023-05-10 21:03:20,CF311C15600,棉花2311购15600,890.0,0.0,0.0,0.0,10,612.0,1630.0,1,890.0,0.0,0.0,0.0,0.0,0.0,23
2023-05-10 21:03:21,CF311C15600,棉花2311购15600,890.0,0.0,0.0,0.0,10,612.0,1629.0,10,890.0,0.0,0.0,0.0,0.0,0.0,23
2023-05-10 21:03:22,CF311C15600,棉花2311购15600,890.0,0.0,0.0,0.0,10,612.0,1626.0,1,890.0,0.0,0.0,0.0,0.0,0.0,23
2023-05-10 21:03:23,CF311C15600,棉花2311购15600,890.0,0.0,0.0,0.0,10,612.0,1625.0,10,890.0,0.0,0.0,0.0,0.0,0.0,23
2023-05-10 21:03:26,CF311C15600,棉花2311购15600,890.0,0.0,0.0,0.0,10,612.0,1622.0,1,890.0,0.0,0.0,0.0,0.0,0.0,23
2023-05-10 21:03:27,CF311C15600,棉花2311购15600,890.0,0.0,0.0,0.0,10,612.0,1621.0,10,890.0,0.0,0.0,0.0,0.0,0.0,23
2023-05-10 21:03:29,CF311C15600,棉花2311购15600,890.0,0.0,0.0,0.0,10,612.0,1618.0,1,890.0,0.0,0.0,0.0,0.0,0.0,23
2023-05-10 21:03:30,CF311C15600,棉花2311购15600,890.0,0.0,0.0,0.0,10,612.0,1617.0,10,890.0,0.0,0.0,0.0,0.0,0.0,23
2023-05-10 21:03:30,CF311C15600,棉花2311购15600,890.0,0.0,0.0,0.0,10,612.0,1614.0,1,890.0,0.0,0.0,0.0,0.0,0.0,23
2023-05-10 21:03:31,CF311C15600,棉花2311购15600,890.0,0.0,0.0,0.0,10,612.0,1613.0,10,890.0,0.0,0.0,0.0,0.0,0.0,23
2023-05-10 21:03:31,CF311C15600,棉花2311购15600,890.0,0.0,0.0,0.0,10,612.0,1610.0,1,890.0,0.0,0.0,0.0,0.0,0.0,23
2023-05-10 21:03:32,CF311C15600,棉花2311购15600,890.0,0.0,0.0,0.0,10,612.0,1609.0,10,890.0,0.0,0.0,0.0,0.0,0.0,23
2023-05-10 21:03:32,CF311C15600,棉花2311购15600,890.0,0.0,0.0,0.0,10,612.0,1606.0,1,890.0,0.0,0.0,0.0,0.0,0.0,23
2023-05-10 21:03:33,CF311C15600,棉花2311购15600,890.0,0.0,0.0,0.0,10,612.0,1605.0,10,890.0,0.0,0.0,0.0,0.0,0.0,23
2023-05-10 21:03:33,CF311C15600,棉花2311购15600,890.0,0.0,0.0,0.0,10,612.0,1602.0,1,890.0,0.0,0.0,0.0,0.0,0.0,23
2023-05-10 21:03:34,CF311C15600,棉花2311购15600,890.0,0.0,0.0,0.0,10,612.0,1601.0,10,890.0,0.0,0.0,0.0,0.0,0.0,23
2023-05-10 21:03:37,CF311C15600,棉花2311购15600,890.0,0.0,0.0,0.0,10,612.0,1598.0,1,890.0,0.0,0.0,0.0,0.0,0.0,23
2023-05-10 21:03:38,CF311C15600,棉花2311购15600,890.0,0.0,0.0,0.0,10,612.0,1597.0,10,890.0,0.0,0.0,0.0,0.0,0.0,23
2023-05-10 21:03:40,CF311C15600,棉花2311购15600,890.0,0.0,0.0,0.0,10,612.0,1594.0,1,890.0,0.0,0.0,0.0,0.0,0.0,23
2023-05-10 21:03:41,CF311C15600,棉花2311购15600,890.0,0.0,0.0,0.0,10,612.0,1593.0,10,890.0,0.0,0.0,0.0,0.0,0.0,23
2023-05-10 21:03:41,CF311C15600,棉花2311购15600,890.0,0.0,0.0,0.0,10,612.0,1590.0,1,890.0,0.0,0.0,0.0,0.0,0.0,23
2023-05-10 21:03:42,CF311C15600,棉花2311购15600,890.0,0.0,0.0,0.0,10,612.0,1589.0,10,890.0,0.0,0.0,0.0,0.0,0.0,23
2023-05-10 21:03:45,CF311C15600,棉花2311购15600,890.0,0.0,0.0,0.0,10,612.0,1586.0,1,890.0,0.0,0.0,0.0,0.0,0.0,23
2023-05-10 21:03:46,CF311C15600,棉花2311购15600,890.0,0.0,0.0,0.0,10,612.0,1585.0,10,890.0,0.0,0.0,0.0,0.0,0.0,23
2023-05-10 21:03:48,CF311C15600,棉花2311购15600,890.0,0.0,0.0,0.0,10,612.0,1582.0,1,890.0,0.0,0.0,0.0,0.0,0.0,23
2023-05-10 21:03:49,CF311C15600,棉花2311购15600,890.0,0.0,0.0,0.0,10,612.0,1581.0,10,890.0,0.0,0.0,0.0,0.0,0.0,23
2023-05-10 21:03:49,CF311C15600,棉花2311购15600,890.0,0.0,0.0,0.0,10,612.0,1578.0,1,890.0,0.0,0.0,0.0,0.0,0.0,23
2023-05-10 21:03:50,CF311C15600,棉花2311购15600,890.0,0.0,0.0,0.0,10,612.0,1577.0,10,890.0,0.0,0.0,0.0,0.0,0.0,23
2023-05-10 21:03:50,CF311C15600,棉花2311购15600,890.0,0.0,0.0,0.0,10,612.0,1574.0,1,890.0,0.0,0.0,0.0,0.0,0.0,23
2023-05-10 21:03:51,CF311C15600,棉花2311购15600,890.0,0.0,0.0,0.0,10,612.0,1573.0,10,890.0,0.0,0.0,0.0,0.0,0.0,23
2023-05-10 21:03:51,CF311C15600,棉花2311购15600,890.0,0.0,0.0,0.0,10,612.0,1570.0,1,890.0,0.0,0.0,0.0,0.0,0.0,23
2023-05-10 21:03:52,CF311C15600,棉花2311购15600,890.0,0.0,0.0,0.0,10,612.0,1569.0,10,890.0,0.0,0.0,0.0,0.0,0.0,23
2023-05-10 21:03:52,CF311C15600,棉花2311购15600,890.0,0.0,0.0,0.0,10,612.0,1566.0,1,890.0,0.0,0.0,0.0,0.0,0.0,23
2023-05-10 21:03:53,CF311C15600,棉花2311购15600,890.0,0.0,0.0,0.0,10,612.0,1565.0,10,890.0,0.0,0.0,0.0,0.0,0.0,23
2023-05-10 21:03:54,CF311C15600,棉花2311购15600,890.0,0.0,0.0,0.0,10,612.0,1562.0,1,890.0,0.0,0.0,0.0,0.0,0.0,23
2023-05-10 21:03:55,CF311C15600,棉花2311购15600,890.0,0.0,0.0,0.0,10,612.0,1561.0,10,890.0,0.0,0.0,0.0,0.0,0.0,23
2023-05-10 21:03:55,CF311C15600,棉花2311购15600,890.0,0.0,0.0,0.0,10,612.0,1558.0,1,890.0,0.0,0.0,0.0,0.0,0.0,23
2023-05-10 21:03:56,CF311C15600,棉花2311购15600,890.0,0.0,0.0,0.0,10,612.0,1557.0,10,890.0,0.0,0.0,0.0,0.0,0.0,23
2023-05-10 21:03:57,CF311C15600,棉花2311购15600,890.0,0.0,0.0,0.0,10,612.0,1554.0,1,890.0,0.0,0.0,0.0,0.0,0.0,23
2023-05-10 21:03:58,CF311C15600,棉花2311购15600,890.0,0.0,0.0,0.0,10,612.0,1553.0,10,890.0,0.0,0.0,0.0,0.0,0.0,23
2023-05-10 21:03:59,CF311C15600,棉花2311购15600,890.0,0.0,0.0,0.0,10,612.0,1550.0,1,890.0,0.0,0.0,0.0,0.0,0.0,23
2023-05-10 21:04:00,CF311C15600,棉花2311购15600,890.0,0.0,0.0,0.0,10,612.0,1549.0,10,890.0,0.0,0.0,0.0,0.0,0.0,23
2023-05-10 21:04:02,CF311C15600,棉花2311购15600,890.0,0.0,0.0,0.0,10,612.0,1546.0,1,890.0,0.0,0.0,0.0,0.0,0.0,23
2023-05-10 21:04:03,CF311C15600,棉花2311购15600,890.0,0.0,0.0,0.0,10,612.0,1545.0,10,890.0,0.0,0.0,0.0,0.0,0.0,23
2023-05-10 21:04:03,CF311C15600,棉花2311购15600,890.0,0.0,0.0,0.0,10,612.0,1542.0,1,890.0,0.0,0.0,0.0,0.0,0.0,23
2023-05-10 21:04:04,CF311C15600,棉花2311购15600,890.0,0.0,0.0,0.0,10,612.0,1541.0,10,890.0,0.0,0.0,0.0,0.0,0.0,23
2023-05-10 21:04:04,CF311C15600,棉花2311购15600,890.0,0.0,0.0,0.0,10,612.0,1538.0,1,890.0,0.0,0.0,0.0,0.0,0.0,23
2023-05-10 21:04:05,CF311C15600,棉花2311购15600,890.0,0.0,0.0,0.0,10,612.0,1537.0,10,890.0,0.0,0.0,0.0,0.0,0.0,23
2023-05-10 21:04:05,CF311C15600,棉花2311购15600,890.0,0.0,0.0,0.0,10,612.0,1534.0,1,890.0,0.0,0.0,0.0,0.0,0.0,23
2023-05-10 21:04:06,CF311C15600,棉花2311购15600,890.0,0.0,0.0,0.0,10,612.0,1533.0,10,890.0,0.0,0.0,0.0,0.0,0.0,23
2023-05-10 21:04:06,CF311C15600,棉花2311购15600,890.0,0.0,0.0,0.0,10,612.0,1530.0,1,890.0,0.0,0.0,0.0,0.0,0.0,23
2023-05-10 21:04:07,CF311C15600,棉花2311购15600,890.0,0.0,0.0,0.0,10,612.0,1529.0,10,890.0,0.0,0.0,0.0,0.0,0.0,23
2023-05-10 21:04:09,CF311C15600,棉花2311购15600,890.0,0.0,0.0,0.0,10,612.0,1526.0,1,890.0,0.0,0.0,0.0,0.0,0.0,23
2023-05-10 21:04:10,CF311C15600,棉花2311购15600,890.0,0.0,0.0,0.0,10,612.0,1525.0,10,890.0,0.0,0.0,0.0,0.0,0.0,23
2023-05-10 21:04:12,CF311C15600,棉花2311购15600,890.0,0.0,0.0,0.0,10,612.0,1522.0,1,890.0,0.0,0.0,0.0,0.0,0.0,23
2023-05-10 21:04:13,CF311C15600,棉花2311购15600,890.0,0.0,0.0,0.0,10,612.0,1521.0,10,890.0,0.0,0.0,0.0,0.0,0.0,23
2023-05-10 21:04:13,CF311C15600,棉花2311购15600,890.0,0.0,0.0,0.0,10,612.0,1518.0,1,890.0,0.0,0.0,0.0,0.0,0.0,23
2023-05-10 21:04:14,CF311C15600,棉花2311购15600,890.0,0.0,0.0,0.0,10,612.0,1517.0,10,890.0,0.0,0.0,0.0,0.0,0.0,23
2023-05-10 21:04:14,CF311C15600,棉花2311购15600,890.0,0.0,0.0,0.0,10,612.0,1514.0,1,890.0,0.0,0.0,0.0,0.0,0.0,23
2023-05-10 21:04:15,CF311C15600,棉花2311购15600,890.0,0.0,0.0,0.0,10,612.0,1513.0,10,890.0,0.0,0.0,0.0,0.0,0.0,23
2023-05-10 21:04:15,CF311C15600,棉花2311购15600,890.0,0.0,0.0,0.0,10,612.0,1510.0,1,890.0,0.0,0.0,0.0,0.0,0.0,23
2023-05-10 21:04:16,CF311C15600,棉花2311购15600,890.0,0.0,0.0,0.0,10,612.0,1509.0,10,890.0,0.0,0.0,0.0,0.0,0.0,23
2023-05-10 21:04:18,CF311C15600,棉花2311购15600,890.0,0.0,0.0,0.0,10,612.0,1506.0,1,890.0,0.0,0.0,0.0,0.0,0.0,23
2023-05-10 21:04:19,CF311C15600,棉花2311购15600,890.0,0.0,0.0,0.0,10,612.0,1505.0,10,890.0,0.0,0.0,0.0,0.0,0.0,23
2023-05-10 21:04:21,CF311C15600,棉花2311购15600,890.0,0.0,0.0,0.0,10,612.0,1502.0,1,890.0,0.0,0.0,0.0,0.0,0.0,23
2023-05-10 21:04:22,CF311C15600,棉花2311购15600,890.0,0.0,0.0,0.0,10,612.0,1501.0,10,890.0,0.0,0.0,0.0,0.0,0.0,23
2023-05-10 21:04:22,CF311C15600,棉花2311购15600,890.0,0.0,0.0,0.0,10,612.0,1498.0,1,890.0,0.0,0.0,0.0,0.0,0.0,23
2023-05-10 21:04:23,CF311C15600,棉花2311购15600,890.0,0.0,0.0,0.0,10,612.0,1497.0,10,890.0,0.0,0.0,0.0,0.0,0.0,23
2023-05-10 21:04:24,CF311C15600,棉花2311购15600,890.0,0.0,0.0,0.0,10,612.0,1494.0,1,890.0,0.0,0.0,0.0,0.0,0.0,23
2023-05-10 21:04:25,CF311C15600,棉花2311购15600,890.0,0.0,0.0,0.0,10,612.0,1493.0,10,890.0,0.0,0.0,0.0,0.0,0.0,23
2023-05-10 21:04:25,CF311C15600,棉花2311购15600,890.0,0.0,0.0,0.0,10,612.0,1490.0,1,890.0,0.0,0.0,0.0,0.0,0.0,23
2023-05-10 21:04:26,CF311C15600,棉花2311购15600,890.0,0.0,0.0,0.0,10,612.0,1489.0,10,890.0,0.0,0.0,0.0,0.0,0.0,23
2023-05-10 21:04:26,CF311C15600,棉花2311购15600,890.0,0.0,0.0,0.0,10,612.0,1486.0,1,890.0,0.0,0.0,0.0,0.0,0.0,23
2023-05-10 21:04:27,CF311C15600,棉花2311购15600,890.0,0.0,0.0,0.0,10,612.0,1485.0,10,890.0,0.0,0.0,0.0,0.0,0.0,23
2023-05-10 21:04:27,CF311C15600,棉花2311购15600,890.0,0.0,0.0,0.0,10,612.0,1482.0,1,890.0,0.0,0.0,0.0,0.0,0.0,23
2023-05-10 21:04:28,CF311C15600,棉花2311购15600,890.0,0.0,0.0,0.0,10,612.0,1481.0,10,890.0,0.0,0.0,0.0,0.0,0.0,23
2023-05-10 21:04:28,CF311C15600,棉花2311购15600,890.0,0.0,0.0,0.0,10,612.0,1478.0,1,890.0,0.0,0.0,0.0,0.0,0.0,23
2023-05-10 21:04:29,CF311C15600,棉花2311购15600,890.0,0.0,0.0,0.0,10,612.0,1477.0,10,890.0,0.0,0.0,0.0,0.0,0.0,23
2023-05-10 21:04:29,CF311C15600,棉花2311购15600,890.0,0.0,0.0,0.0,10,612.0,1474.0,1,890.0,0.0,0.0,0.0,0.0,0.0,23
2023-05-10 21:04:30,CF311C15600,棉花2311购15600,890.0,0.0,0.0,0.0,10,612.0,1473.0,10,890.0,0.0,0.0,0.0,0.0,0.0,23
2023-05-10 21:04:30,CF311C15600,棉花2311购15600,890.0,0.0,0.0,0.0,10,612.0,1470.0,1,890.0,0.0,0.0,0.0,0.0,0.0,23
2023-05-10 21:04:31,CF311C15600,棉花2311购15600,890.0,0.0,0.0,0.0,10,612.0,1469.0,10,890.0,0.0,0.0,0.0,0.0,0.0,23
2023-05-10 21:04:31,CF311C15600,棉花2311购15600,890.0,0.0,0.0,0.0,10,612.0,1466.0,1,890.0,0.0,0.0,0.0,0.0,0.0,23
2023-05-10 21:04:32,CF311C15600,棉花2311购15600,890.0,0.0,0.0,0.0,10,612.0,1465.0,10,890.0,0.0,0.0,0.0,0.0,0.0,23
2023-05-10 21:04:33,CF311C15600,棉花2311购15600,890.0,0.0,0.0,0.0,10,612.0,1462.0,1,890.0,0.0,0.0,0.0,0.0,0.0,23
2023-05-10 21:04:34,CF311C15600,棉花2311购15600,890.0,0.0,0.0,0.0,10,612.0,1461.0,10,890.0,0.0,0.0,0.0,0.0,0.0,23
2023-05-10 21:04:34,CF311C15600,棉花2311购15600,890.0,0.0,0.0,0.0,10,612.0,1458.0,1,890.0,0.0,0.0,0.0,0.0,0.0,23
2023-05-10 21:04:35,CF311C15600,棉花2311购15600,890.0,0.0,0.0,0.0,10,612.0,1457.0,10,890.0,0.0,0.0,0.0,0.0,0.0,23
2023-05-10 21:04:35,CF311C15600,棉花2311购15600,890.0,0.0,0.0,0.0,10,612.0,1454.0,1,890.0,0.0,0.0,0.0,0.0,0.0,23
2023-05-10 21:04:36,CF311C15600,棉花2311购15600,890.0,0.0,0.0,0.0,10,612.0,1453.0,10,890.0,0.0,0.0,0.0,0.0,0.0,23
2023-05-10 21:04:36,CF311C15600,棉花2311购15600,890.0,0.0,0.0,0.0,10,612.0,1450.0,1,890.0,0.0,0.0,0.0,0.0,0.0,23
2023-05-10 21:04:37,CF311C15600,棉花2311购15600,890.0,0.0,0.0,0.0,10,612.0,1449.0,10,890.0,0.0,0.0,0.0,0.0,0.0,23
2023-05-10 21:04:37,CF311C15600,棉花2311购15600,890.0,0.0,0.0,0.0,10,612.0,1446.0,1,890.0,0.0,0.0,0.0,0.0,0.0,23
2023-05-10 21:04:38,CF311C15600,棉花2311购15600,890.0,0.0,0.0,0.0,10,612.0,1445.0,10,890.0,0.0,0.0,0.0,0.0,0.0,23
2023-05-10 21:04:38,CF311C15600,棉花2311购15600,890.0,0.0,0.0,0.0,10,612.0,1442.0,1,890.0,0.0,0.0,0.0,0.0,0.0,23
2023-05-10 21:04:39,CF311C15600,棉花2311购15600,890.0,0.0,0.0,0.0,10,612.0,1441.0,10,890.0,0.0,0.0,0.0,0.0,0.0,23
2023-05-10 21:04:39,CF311C15600,棉花2311购15600,890.0,0.0,0.0,0.0,10,612.0,1438.0,1,890.0,0.0,0.0,0.0,0.0,0.0,23
2023-05-10 21:04:40,CF311C15600,棉花2311购15600,890.0,0.0,0.0,0.0,10,612.0,1437.0,10,890.0,0.0,0.0,0.0,0.0,0.0,23
2023-05-10 21:04:42,CF311C15600,棉花2311购15600,890.0,0.0,0.0,0.0,10,612.0,1434.0,1,890.0,0.0,0.0,0.0,0.0,0.0,23
2023-05-10 21:04:43,CF311C15600,棉花2311购15600,890.0,0.0,0.0,0.0,10,612.0,1433.0,10,890.0,0.0,0.0,0.0,0.0,0.0,23
2023-05-10 21:04:44,CF311C15600,棉花2311购15600,890.0,0.0,0.0,0.0,10,612.0,1430.0,1,890.0,0.0,0.0,0.0,0.0,0.0,23
2023-05-10 21:04:45,CF311C15600,棉花2311购15600,890.0,0.0,0.0,0.0,10,612.0,1429.0,10,890.0,0.0,0.0,0.0,0.0,0.0,23
2023-05-10 21:04:46,CF311C15600,棉花2311购15600,890.0,0.0,0.0,0.0,10,612.0,1426.0,1,890.0,0.0,0.0,0.0,0.0,0.0,23
2023-05-10 21:04:47,CF311C15600,棉花2311购15600,890.0,0.0,0.0,0.0,10,612.0,1425.0,10,890.0,0.0,0.0,0.0,0.0,0.0,23
2023-05-10 21:04:47,CF311C15600,棉花2311购15600,890.0,0.0,0.0,0.0,10,612.0,1422.0,1,890.0,0.0,0.0,0.0,0.0,0.0,23
2023-05-10 21:04:48,CF311C15600,棉花2311购15600,890.0,0.0,0.0,0.0,10,612.0,1421.0,10,890.0,0.0,0.0,0.0,0.0,0.0,23
2023-05-10 21:04:49,CF311C15600,棉花2311购15600,890.0,0.0,0.0,0.0,10,612.0,1418.0,1,890.0,0.0,0.0,0.0,0.0,0.0,23
2023-05-10 21:04:50,CF311C15600,棉花2311购15600,890.0,0.0,0.0,0.0,10,612.0,1417.0,10,890.0,0.0,0.0,0.0,0.0,0.0,23
2023-05-10 21:04:50,CF311C15600,棉花2311购15600,890.0,0.0,0.0,0.0,10,612.0,1414.0,1,890.0,0.0,0.0,0.0,0.0,0.0,23
2023-05-10 21:04:51,CF311C15600,棉花2311购15600,890.0,0.0,0.0,0.0,10,612.0,1413.0,10,890.0,0.0,0.0,0.0,0.0,0.0,23
2023-05-10 21:04:52,CF311C15600,棉花2311购15600,890.0,0.0,0.0,0.0,10,612.0,1410.0,1,890.0,0.0,0.0,0.0,0.0,0.0,23
2023-05-10 21:04:53,CF311C15600,棉花2311购15600,890.0,0.0,0.0,0.0,10,612.0,1409.0,10,890.0,0.0,0.0,0.0,0.0,0.0,23
2023-05-10 21:04:53,CF311C15600,棉花2311购15600,890.0,0.0,0.0,0.0,10,612.0,1406.0,1,890.0,0.0,0.0,0.0,0.0,0.0,23
2023-05-10 21:04:54,CF311C15600,棉花2311购15600,890.0,0.0,0.0,0.0,10,612.0,1405.0,10,890.0,0.0,0.0,0.0,0.0,0.0,23
2023-05-10 21:04:54,CF311C15600,棉花2311购15600,890.0,0.0,0.0,0.0,10,612.0,1402.0,1,890.0,0.0,0.0,0.0,0.0,0.0,23
2023-05-10 21:04:55,CF311C15600,棉花2311购15600,890.0,0.0,0.0,0.0,10,612.0,1401.0,10,890.0,0.0,0.0,0.0,0.0,0.0,23
2023-05-10 21:04:55,CF311C15600,棉花2311购15600,890.0,0.0,0.0,0.0,10,612.0,1398.0,1,890.0,0.0,0.0,0.0,0.0,0.0,23
2023-05-10 21:04:56,CF311C15600,棉花2311购15600,890.0,0.0,0.0,0.0,10,612.0,1397.0,10,890.0,0.0,0.0,0.0,0.0,0.0,23
2023-05-10 21:04:56,CF311C15600,棉花2311购15600,890.0,0.0,0.0,0.0,10,612.0,1394.0,1,890.0,0.0,0.0,0.0,0.0,0.0,23
2023-05-10 21:04:57,CF311C15600,棉花2311购15600,890.0,0.0,0.0,0.0,10,612.0,1393.0,10,890.0,0.0,0.0,0.0,0.0,0.0,23
2023-05-10 21:04:58,CF311C15600,棉花2311购15600,890.0,0.0,0.0,0.0,10,612.0,1390.0,1,890.0,0.0,0.0,0.0,0.0,0.0,23
2023-05-10 21:04:59,CF311C15600,棉花2311购15600,890.0,0.0,0.0,0.0,10,612.0,1389.0,10,890.0,0.0,0.0,0.0,0.0,0.0,23
2023-05-10 21:04:59,CF311C15600,棉花2311购15600,890.0,0.0,0.0,0.0,10,612.0,1386.0,1,890.0,0.0,0.0,0.0,0.0,0.0,23
2023-05-10 21:05:00,CF311C15600,棉花2311购15600,890.0,0.0,0.0,0.0,10,612.0,1385.0,10,890.0,0.0,0.0,0.0,0.0,0.0,23
2023-05-10 21:05:00,CF311C15600,棉花2311购15600,890.0,0.0,0.0,0.0,10,612.0,1382.0,1,890.0,0.0,0.0,0.0,0.0,0.0,23
2023-05-10 21:05:01,CF311C15600,棉花2311购15600,890.0,0.0,0.0,0.0,10,612.0,1381.0,10,890.0,0.0,0.0,0.0,0.0,0.0,23
2023-05-10 21:05:01,CF311C15600,棉花2311购15600,890.0,0.0,0.0,0.0,10,612.0,1378.0,1,890.0,0.0,0.0,0.0,0.0,0.0,23
2023-05-10 21:05:02,CF311C15600,棉花2311购15600,890.0,0.0,0.0,0.0,10,612.0,1377.0,10,890.0,0.0,0.0,0.0,0.0,0.0,23
2023-05-10 21:05:02,CF311C15600,棉花2311购15600,890.0,0.0,0.0,0.0,10,612.0,1374.0,1,890.0,0.0,0.0,0.0,0.0,0.0,23
2023-05-10 21:05:03,CF311C15600,棉花2311购15600,890.0,0.0,0.0,0.0,10,612.0,1373.0,10,890.0,0.0,0.0,0.0,0.0,0.0,23
2023-05-10 21:05:03,CF311C15600,棉花2311购15600,890.0,0.0,0.0,0.0,10,612.0,1370.0,1,890.0,0.0,0.0,0.0,0.0,0.0,23
2023-05-10 21:05:04,CF311C15600,棉花2311购15600,890.0,0.0,0.0,0.0,10,612.0,1369.0,10,890.0,0.0,0.0,0.0,0.0,0.0,23
2023-05-10 21:05:04,CF311C15600,棉花2311购15600,890.0,0.0,0.0,0.0,10,612.0,1366.0,1,890.0,0.0,0.0,0.0,0.0,0.0,23
2023-05-10 21:05:05,CF311C15600,棉花2311购15600,890.0,0.0,0.0,0.0,10,612.0,1365.0,10,890.0,0.0,0.0,0.0,0.0,0.0,23
2023-05-10 21:05:05,CF311C15600,棉花2311购15600,890.0,0.0,0.0,0.0,10,612.0,1362.0,1,890.0,0.0,0.0,0.0,0.0,0.0,23
2023-05-10 21:05:06,CF311C15600,棉花2311购15600,890.0,0.0,0.0,0.0,10,612.0,1361.0,10,890.0,0.0,0.0,0.0,0.0,0.0,23
2023-05-10 21:05:06,CF311C15600,棉花2311购15600,890.0,0.0,0.0,0.0,10,612.0,1358.0,1,890.0,0.0,0.0,0.0,0.0,0.0,23
2023-05-10 21:05:07,CF311C15600,棉花2311购15600,890.0,0.0,0.0,0.0,10,612.0,1357.0,10,890.0,0.0,0.0,0.0,0.0,0.0,23
2023-05-10 21:05:07,CF311C15600,棉花2311购15600,890.0,0.0,0.0,0.0,10,612.0,1354.0,1,890.0,0.0,0.0,0.0,0.0,0.0,23
2023-05-10 21:05:08,CF311C15600,棉花2311购15600,890.0,0.0,0.0,0.0,10,612.0,1353.0,10,890.0,0.0,0.0,0.0,0.0,0.0,23
2023-05-10 21:05:08,CF311C15600,棉花2311购15600,890.0,0.0,0.0,0.0,10,612.0,1350.0,1,890.0,0.0,0.0,0.0,0.0,0.0,23
2023-05-10 21:05:09,CF311C15600,棉花2311购15600,890.0,0.0,0.0,0.0,10,612.0,1349.0,10,890.0,0.0,0.0,0.0,0.0,0.0,23
2023-05-10 21:05:09,CF311C15600,棉花2311购15600,890.0,0.0,0.0,0.0,10,612.0,1346.0,1,890.0,0.0,0.0,0.0,0.0,0.0,23
2023-05-10 21:05:10,CF311C15600,棉花2311购15600,890.0,0.0,0.0,0.0,10,612.0,1345.0,10,890.0,0.0,0.0,0.0,0.0,0.0,23
2023-05-10 21:05:10,CF311C15600,棉花2311购15600,890.0,0.0,0.0,0.0,10,612.0,1342.0,1,890.0,0.0,0.0,0.0,0.0,0.0,23
2023-05-10 21:05:11,CF311C15600,棉花2311购15600,890.0,0.0,0.0,0.0,10,612.0,1341.0,10,890.0,0.0,0.0,0.0,0.0,0.0,23
2023-05-10 21:05:11,CF311C15600,棉花2311购15600,890.0,0.0,0.0,0.0,10,612.0,1338.0,1,890.0,0.0,0.0,0.0,0.0,0.0,23
2023-05-10 21:05:12,CF311C15600,棉花2311购15600,890.0,0.0,0.0,0.0,10,612.0,1337.0,10,890.0,0.0,0.0,0.0,0.0,0.0,23
2023-05-10 21:05:13,CF311C15600,棉花2311购15600,890.0,0.0,0.0,0.0,10,612.0,1334.0,1,890.0,0.0,0.0,0.0,0.0,0.0,23
2023-05-10 21:05:14,CF311C15600,棉花2311购15600,890.0,0.0,0.0,0.0,10,612.0,1333.0,10,890.0,0.0,0.0,0.0,0.0,0.0,23
2023-05-10 21:05:14,CF311C15600,棉花2311购15600,890.0,0.0,0.0,0.0,10,612.0,1330.0,1,890.0,0.0,0.0,0.0,0.0,0.0,23
2023-05-10 21:05:15,CF311C15600,棉花2311购15600,890.0,0.0,0.0,0.0,10,612.0,1329.0,10,890.0,0.0,0.0,0.0,0.0,0.0,23
2023-05-10 21:05:15,CF311C15600,棉花2311购15600,890.0,0.0,0.0,0.0,10,612.0,1326.0,1,890.0,0.0,0.0,0.0,0.0,0.0,23
2023-05-10 21:05:16,CF311C15600,棉花2311购15600,890.0,0.0,0.0,0.0,10,612.0,1325.0,10,890.0,0.0,0.0,0.0,0.0,0.0,23
2023-05-10 21:05:16,CF311C15600,棉花2311购15600,890.0,0.0,0.0,0.0,10,612.0,1322.0,1,890.0,0.0,0.0,0.0,0.0,0.0,23
2023-05-10 21:05:17,CF311C15600,棉花2311购15600,890.0,0.0,0.0,0.0,10,612.0,1321.0,10,890.0,0.0,0.0,0.0,0.0,0.0,23
2023-05-10 21:05:17,CF311C15600,棉花2311购15600,890.0,0.0,0.0,0.0,10,612.0,1318.0,1,890.0,0.0,0.0,0.0,0.0,0.0,23
2023-05-10 21:05:18,CF311C15600,棉花2311购15600,890.0,0.0,0.0,0.0,10,612.0,1317.0,10,890.0,0.0,0.0,0.0,0.0,0.0,23
2023-05-10 21:05:18,CF311C15600,棉花2311购15600,890.0,0.0,0.0,0.0,10,612.0,1314.0,1,890.0,0.0,0.0,0.0,0.0,0.0,23
2023-05-10 21:05:19,CF311C15600,棉花2311购15600,890.0,0.0,0.0,0.0,10,612.0,1313.0,10,890.0,0.0,0.0,0.0,0.0,0.0,23
2023-05-10 21:05:19,CF311C15600,棉花2311购15600,890.0,0.0,0.0,0.0,10,612.0,1310.0,1,890.0,0.0,0.0,0.0,0.0,0.0,23
2023-05-10 21:05:20,CF311C15600,棉花2311购15600,890.0,0.0,0.0,0.0,10,612.0,1309.0,10,890.0,0.0,0.0,0.0,0.0,0.0,23
2023-05-10 21:05:20,CF311C15600,棉花2311购15600,890.0,0.0,0.0,0.0,10,612.0,1306.0,1,890.0,0.0,0.0,0.0,0.0,0.0,23
2023-05-10 21:05:21,CF311C15600,棉花2311购15600,890.0,0.0,0.0,0.0,10,612.0,1305.0,10,890.0,0.0,0.0,0.0,0.0,0.0,23
2023-05-10 21:05:21,CF311C15600,棉花2311购15600,890.0,0.0,0.0,0.0,10,612.0,1302.0,1,890.0,0.0,0.0,0.0,0.0,0.0,23
2023-05-10 21:05:22,CF311C15600,棉花2311购15600,890.0,0.0,0.0,0.0,10,612.0,1301.0,10,890.0,0.0,0.0,0.0,0.0,0.0,23
2023-05-10 21:05:22,CF311C15600,棉花2311购15600,890.0,0.0,0.0,0.0,10,612.0,1298.0,1,890.0,0.0,0.0,0.0,0.0,0.0,23
2023-05-10 21:05:23,CF311C15600,棉花2311购15600,890.0,0.0,0.0,0.0,10,612.0,1297.0,10,890.0,0.0,0.0,0.0,0.0,0.0,23
2023-05-10 21:05:23,CF311C15600,棉花2311购15600,890.0,0.0,0.0,0.0,10,612.0,1294.0,1,890.0,0.0,0.0,0.0,0.0,0.0,23
2023-05-10 21:05:24,CF311C15600,棉花2311购15600,890.0,0.0,0.0,0.0,10,612.0,1293.0,10,890.0,0.0,0.0,0.0,0.0,0.0,23
2023-05-10 21:05:24,CF311C15600,棉花2311购15600,890.0,0.0,0.0,0.0,10,612.0,1290.0,1,890.0,0.0,0.0,0.0,0.0,0.0,23
2023-05-10 21:05:25,CF311C15600,棉花2311购15600,890.0,0.0,0.0,0.0,10,612.0,1289.0,10,890.0,0.0,0.0,0.0,0.0,0.0,23
2023-05-10 21:05:25,CF311C15600,棉花2311购15600,890.0,0.0,0.0,0.0,10,612.0,1286.0,1,890.0,0.0,0.0,0.0,0.0,0.0,23
2023-05-10 21:05:26,CF311C15600,棉花2311购15600,890.0,0.0,0.0,0.0,10,612.0,1285.0,10,890.0,0.0,0.0,0.0,0.0,0.0,23
2023-05-10 21:05:26,CF311C15600,棉花2311购15600,890.0,0.0,0.0,0.0,10,612.0,1282.0,1,890.0,0.0,0.0,0.0,0.0,0.0,23
2023-05-10 21:05:27,CF311C15600,棉花2311购15600,890.0,0.0,0.0,0.0,10,612.0,1281.0,10,890.0,0.0,0.0,0.0,0.0,0.0,23
2023-05-10 21:05:27,CF311C15600,棉花2311购15600,890.0,0.0,0.0,0.0,10,612.0,1278.0,1,890.0,0.0,0.0,0.0,0.0,0.0,23
2023-05-10 21:05:28,CF311C15600,棉花2311购15600,890.0,0.0,0.0,0.0,10,612.0,1277.0,10,890.0,0.0,0.0,0.0,0.0,0.0,23
2023-05-10 21:15:42,CF311C15600,棉花2311购15600,890.0,0.0,0.0,0.0,10,612.0,1274.0,1,890.0,0.0,0.0,0.0,0.0,0.0,23
2023-05-10 21:15:43,CF311C15600,棉花2311购15600,890.0,0.0,0.0,0.0,10,612.0,1273.0,10,890.0,0.0,0.0,0.0,0.0,0.0,23
2023-05-10 21:15:43,CF311C15600,棉花2311购15600,890.0,0.0,0.0,0.0,10,612.0,1270.0,1,890.0,0.0,0.0,0.0,0.0,0.0,23
2023-05-10 21:15:43,CF311C15600,棉花2311购15600,890.0,0.0,0.0,0.0,10,612.0,1269.0,10,890.0,0.0,0.0,0.0,0.0,0.0,23
2023-05-10 21:15:44,CF311C15600,棉花2311购15600,890.0,0.0,0.0,0.0,10,612.0,1266.0,1,890.0,0.0,0.0,0.0,0.0,0.0,23
2023-05-10 21:15:44,CF311C15600,棉花2311购15600,890.0,0.0,0.0,0.0,10,612.0,1265.0,10,890.0,0.0,0.0,0.0,0.0,0.0,23
2023-05-10 21:15:45,CF311C15600,棉花2311购15600,890.0,0.0,0.0,0.0,10,612.0,1262.0,1,890.0,0.0,0.0,0.0,0.0,0.0,23
2023-05-10 21:15:45,CF311C15600,棉花2311购15600,890.0,0.0,0.0,0.0,10,612.0,1261.0,10,890.0,0.0,0.0,0.0,0.0,0.0,23
2023-05-10 21:15:46,CF311C15600,棉花2311购15600,890.0,0.0,0.0,0.0,10,612.0,1258.0,1,890.0,0.0,0.0,0.0,0.0,0.0,23
2023-05-10 21:15:46,CF311C15600,棉花2311购15600,890.0,0.0,0.0,0.0,10,612.0,1257.0,10,890.0,0.0,0.0,0.0,0.0,0.0,23
2023-05-10 21:15:47,CF311C15600,棉花2311购15600,890.0,0.0,0.0,0.0,10,612.0,1254.0,1,890.0,0.0,0.0,0.0,0.0,0.0,23
2023-05-10 21:15:47,CF311C15600,棉花2311购15600,890.0,0.0,0.0,0.0,10,612.0,1253.0,10,890.0,0.0,0.0,0.0,0.0,0.0,23
2023-05-10 21:15:48,CF311C15600,棉花2311购15600,890.0,0.0,0.0,0.0,10,612.0,1250.0,1,890.0,0.0,0.0,0.0,0.0,0.0,23
2023-05-10 21:15:48,CF311C15600,棉花2311购15600,890.0,0.0,0.0,0.0,10,612.0,1249.0,10,890.0,0.0,0.0,0.0,0.0,0.0,23
2023-05-10 21:15:49,CF311C15600,棉花2311购15600,890.0,0.0,0.0,0.0,10,612.0,1246.0,1,890.0,0.0,0.0,0.0,0.0,0.0,23
2023-05-10 21:15:49,CF311C15600,棉花2311购15600,890.0,0.0,0.0,0.0,10,612.0,1245.0,10,890.0,0.0,0.0,0.0,0.0,0.0,23
2023-05-10 21:15:50,CF311C15600,棉花2311购15600,890.0,0.0,0.0,0.0,10,612.0,1242.0,1,890.0,0.0,0.0,0.0,0.0,0.0,23
2023-05-10 21:15:50,CF311C15600,棉花2311购15600,890.0,0.0,0.0,0.0,10,612.0,1241.0,10,890.0,0.0,0.0,0.0,0.0,0.0,23
2023-05-10 21:15:51,CF311C15600,棉花2311购15600,890.0,0.0,0.0,0.0,10,612.0,1238.0,1,890.0,0.0,0.0,0.0,0.0,0.0,23
2023-05-10 21:15:51,CF311C15600,棉花2311购15600,890.0,0.0,0.0,0.0,10,612.0,1237.0,10,890.0,0.0,0.0,0.0,0.0,0.0,23
2023-05-10 21:35:42,CF311C15600,棉花2311购15600,890.0,0.0,0.0,0.0,10,612.0,1234.0,1,890.0,0.0,0.0,0.0,0.0,0.0,23
2023-05-10 21:35:43,CF311C15600,棉花2311购15600,890.0,0.0,0.0,0.0,10,612.0,1233.0,10,890.0,0.0,0.0,0.0,0.0,0.0,23
2023-05-10 21:35:43,CF311C15600,棉花2311购15600,890.0,0.0,0.0,0.0,10,612.0,1230.0,1,890.0,0.0,0.0,0.0,0.0,0.0,23
2023-05-10 21:35:43,CF311C15600,棉花2311购15600,890.0,0.0,0.0,0.0,10,612.0,1229.0,10,890.0,0.0,0.0,0.0,0.0,0.0,23
2023-05-10 21:35:44,CF311C15600,棉花2311购15600,890.0,0.0,0.0,0.0,10,612.0,1226.0,1,890.0,0.0,0.0,0.0,0.0,0.0,23
2023-05-10 21:35:44,CF311C15600,棉花2311购15600,890.0,0.0,0.0,0.0,10,612.0,1225.0,10,890.0,0.0,0.0,0.0,0.0,0.0,23
2023-05-10 21:35:45,CF311C15600,棉花2311购15600,890.0,0.0,0.0,0.0,10,612.0,1222.0,1,890.0,0.0,0.0,0.0,0.0,0.0,23
2023-05-10 21:35:45,CF311C15600,棉花2311购15600,890.0,0.0,0.0,0.0,10,612.0,1221.0,10,890.0,0.0,0.0,0.0,0.0,0.0,23
2023-05-10 21:35:46,CF311C15600,棉花2311购15600,890.0,0.0,0.0,0.0,10,612.0,1218.0,1,890.0,0.0,0.0,0.0,0.0,0.0,23
2023-05-10 21:35:46,CF311C15600,棉花2311购15600,890.0,0.0,0.0,0.0,10,612.0,1217.0,10,890.0,0.0,0.0,0.0,0.0,0.0,23
2023-05-10 21:35:47,CF311C15600,棉花2311购15600,890.0,0.0,0.0,0.0,10,612.0,1214.0,1,890.0,0.0,0.0,0.0,0.0,0.0,23
2023-05-10 21:35:47,CF311C15600,棉花2311购15600,890.0,0.0,0.0,0.0,10,612.0,1213.0,10,890.0,0.0,0.0,0.0,0.0,0.0,23
2023-05-10 21:35:48,CF311C15600,棉花2311购15600,890.0,0.0,0.0,0.0,10,612.0,1210.0,1,890.0,0.0,0.0,0.0,0.0,0.0,23
2023-05-10 21:35:48,CF311C15600,棉花2311购15600,890.0,0.0,0.0,0.0,10,612.0,1209.0,10,890.0,0.0,0.0,0.0,0.0,0.0,23
2023-05-10 21:35:49,CF311C15600,棉花2311购15600,890.0,0.0,0.0,0.0,10,612.0,1206.0,1,890.0,0.0,0.0,0.0,0.0,0.0,23
2023-05-10 21:35:49,CF311C15600,棉花2311购15600,890.0,0.0,0.0,0.0,10,612.0,1205.0,10,890.0,0.0,0.0,0.0,0.0,0.0,23
2023-05-10 21:35:50,CF311C15600,棉花2311购15600,890.0,0.0,0.0,0.0,10,612.0,1202.0,1,890.0,0.0,0.0,0.0,0.0,0.0,23
2023-05-10 21:35:50,CF311C15600,棉花2311购15600,890.0,0.0,0.0,0.0,10,612.0,1201.0,10,890.0,0.0,0.0,0.0,0.0,0.0,23
2023-05-10 21:35:51,CF311C15600,棉花2311购15600,890.0,0.0,0.0,0.0,10,612.0,1198.0,1,890.0,0.0,0.0,0.0,0.0,0.0,23
2023-05-10 21:35:51,CF311C15600,棉花2311购15600,890.0,0.0,0.0,0.0,10,612.0,1197.0,10,890.0,0.0,0.0,0.0,0.0,0.0,23
2023-05-10 21:55:42,CF311C15600,棉花2311购15600,890.0,0.0,0.0,0.0,10,612.0,1194.0,1,890.0,0.0,0.0,0.0,0.0,0.0,23
2023-05-10 21:55:43,CF311C15600,棉花2311购15600,890.0,0.0,0.0,0.0,10,612.0,1193.0,10,890.0,0.0,0.0,0.0,0.0,0.0,23
2023-05-10 21:55:43,CF311C15600,棉花2311购15600,890.0,0.0,0.0,0.0,10,612.0,1190.0,1,890.0,0.0,0.0,0.0,0.0,0.0,23
2023-05-10 21:55:43,CF311C15600,棉花2311购15600,890.0,0.0,0.0,0.0,10,612.0,1189.0,10,890.0,0.0,0.0,0.0,0.0,0.0,23
2023-05-10 21:55:44,CF311C15600,棉花2311购15600,890.0,0.0,0.0,0.0,10,612.0,1186.0,1,890.0,0.0,0.0,0.0,0.0,0.0,23
2023-05-10 21:55:44,CF311C15600,棉花2311购15600,890.0,0.0,0.0,0.0,10,612.0,1185.0,10,890.0,0.0,0.0,0.0,0.0,0.0,23
2023-05-10 21:55:45,CF311C15600,棉花2311购15600,890.0,0.0,0.0,0.0,10,612.0,1182.0,1,890.0,0.0,0.0,0.0,0.0,0.0,23
2023-05-10 21:55:45,CF311C15600,棉花2311购15600,890.0,0.0,0.0,0.0,10,612.0,1181.0,10,890.0,0.0,0.0,0.0,0.0,0.0,23
2023-05-10 21:55:46,CF311C15600,棉花2311购15600,890.0,0.0,0.0,0.0,10,612.0,1178.0,1,890.0,0.0,0.0,0.0,0.0,0.0,23
2023-05-10 21:55:46,CF311C15600,棉花2311购15600,890.0,0.0,0.0,0.0,10,612.0,1177.0,10,890.0,0.0,0.0,0.0,0.0,0.0,23
2023-05-10 21:55:47,CF311C15600,棉花2311购15600,890.0,0.0,0.0,0.0,10,612.0,1174.0,1,890.0,0.0,0.0,0.0,0.0,0.0,23
2023-05-10 21:55:47,CF311C15600,棉花2311购15600,890.0,0.0,0.0,0.0,10,612.0,1173.0,10,890.0,0.0,0.0,0.0,0.0,0.0,23
2023-05-10 21:55:48,CF311C15600,棉花2311购15600,890.0,0.0,0.0,0.0,10,612.0,1170.0,1,890.0,0.0,0.0,0.0,0.0,0.0,23
2023-05-10 21:55:48,CF311C15600,棉花2311购15600,890.0,0.0,0.0,0.0,10,612.0,1169.0,10,890.0,0.0,0.0,0.0,0.0,0.0,23
2023-05-10 21:55:49,CF311C15600,棉花2311购15600,890.0,0.0,0.0,0.0,10,612.0,1166.0,1,890.0,0.0,0.0,0.0,0.0,0.0,23
2023-05-10 21:55:49,CF311C15600,棉花2311购15600,890.0,0.0,0.0,0.0,10,612.0,1165.0,10,890.0,0.0,0.0,0.0,0.0,0.0,23
2023-05-10 22:05:42,CF311C15600,棉花2311购15600,890.0,0.0,0.0,0.0,10,612.0,1162.0,1,890.0,0.0,0.0,0.0,0.0,0.0,23
2023-05-10 22:05:43,CF311C15600,棉花2311购15600,890.0,0.0,0.0,0.0,10,612.0,1161.0,10,890.0,0.0,0.0,0.0,0.0,0.0,23
2023-05-10 22:05:43,CF311C15600,棉花2311购15600,890.0,0.0,0.0,0.0,10,612.0,1158.0,1,890.0,0.0,0.0,0.0,0.0,0.0,23
2023-05-10 22:05:43,CF311C15600,棉花2311购15600,890.0,0.0,0.0,0.0,10,612.0,1157.0,10,890.0,0.0,0.0,0.0,0.0,0.0,23
2023-05-10 22:25:42,CF311C15600,棉花2311购15600,890.0,0.0,0.0,0.0,10,612.0,1154.0,1,890.0,0.0,0.0,0.0,0.0,0.0,23
2023-05-10 22:25:43,CF311C15600,棉花2311购15600,890.0,0.0,0.0,0.0,10,612.0,1153.0,10,890.0,0.0,0.0,0.0,0.0,0.0,23
2023-05-10 22:25:43,CF311C15600,棉花2311购15600,890.0,0.0,0.0,0.0,10,612.0,1150.0,1,890.0,0.0,0.0,0.0,0.0,0.0,23
2023-05-10 22:25:43,CF311C15600,棉花2311购15600,890.0,0.0,0.0,0.0,10,612.0,1149.0,10,890.0,0.0,0.0,0.0,0.0,0.0,23
2023-05-10 22:25:44,CF311C15600,棉花2311购15600,890.0,0.0,0.0,0.0,10,612.0,1146.0,1,890.0,0.0,0.0,0.0,0.0,0.0,23
2023-05-10 22:25:44,CF311C15600,棉花2311购15600,890.0,0.0,0.0,0.0,10,612.0,1145.0,10,890.0,0.0,0.0,0.0,0.0,0.0,23
2023-05-10 22:25:45,CF311C15600,棉花2311购15600,890.0,0.0,0.0,0.0,10,612.0,1142.0,1,890.0,0.0,0.0,0.0,0.0,0.0,23
2023-05-10 22:25:45,CF311C15600,棉花2311购15600,890.0,0.0,0.0,0.0,10,612.0,1141.0,10,890.0,0.0,0.0,0.0,0.0,0.0,23
2023-05-10 22:25:46,CF311C15600,棉花2311购15600,890.0,0.0,0.0,0.0,10,612.0,1138.0,1,890.0,0.0,0.0,0.0,0.0,0.0,23
2023-05-10 22:25:46,CF311C15600,棉花2311购15600,890.0,0.0,0.0,0.0,10,612.0,1137.0,10,890.0,0.0,0.0,0.0,0.0,0.0,23
2023-05-10 22:25:47,CF311C15600,棉花2311购15600,890.0,0.0,0.0,0.0,10,612.0,1134.0,1,890.0,0.0,0.0,0.0,0.0,0.0,23
2023-05-10 22:25:47,CF311C15600,棉花2311购15600,890.0,0.0,0.0,0.0,10,612.0,1133.0,10,890.0,0.0,0.0,0.0,0.0,0.0,23
2023-05-10 22:57:35,CF311C15600,棉花2311购15600,890.0,0.0,0.0,0.0,1,116.0,0.0,0,890.0,0.0,0.0,0.0,0.0,0.0,23
2023-05-10 22:57:36,CF311C15600,棉花2311购15600,890.0,0.0,0.0,0.0,1,119.0,1842.0,1,890.0,0.0,0.0,0.0,0.0,0.0,23
2023-05-10 22:59:54,CF311C15600,棉花2311购15600,890.0,0.0,0.0,0.0,1,116.0,0.0,0,890.0,0.0,0.0,0.0,0.0,0.0,23
2023-05-11 09:00:10,CF311C15600,棉花2311购15600,890.0,0.0,0.0,0.0,10,117.0,0.0,0,890.0,0.0,0.0,0.0,0.0,0.0,23
2023-05-11 09:00:31,CF311C15600,棉花2311购15600,890.0,0.0,0.0,0.0,1,118.0,0.0,0,890.0,0.0,0.0,0.0,0.0,0.0,23
2023-05-11 09:00:32,CF311C15600,棉花2311购15600,890.0,0.0,0.0,0.0,10,119.0,0.0,0,890.0,0.0,0.0,0.0,0.0,0.0,23
2023-05-11 09:01:12,CF311C15600,棉花2311购15600,890.0,0.0,0.0,0.0,2,132.0,0.0,0,890.0,0.0,0.0,0.0,0.0,0.0,23
2023-05-11 09:01:12,CF311C15600,棉花2311购15600,890.0,0.0,0.0,0.0,10,133.0,0.0,0,890.0,0.0,0.0,0.0,0.0,0.0,23
2023-05-11 09:01:14,CF311C15600,棉花2311购15600,890.0,0.0,0.0,0.0,2,146.0,0.0,0,890.0,0.0,0.0,0.0,0.0,0.0,23
2023-05-11 09:01:14,CF311C15600,棉花2311购15600,890.0,0.0,0.0,0.0,10,147.0,0.0,0,890.0,0.0,0.0,0.0,0.0,0.0,23
2023-05-11 09:01:15,CF311C15600,棉花2311购15600,890.0,0.0,0.0,0.0,1,150.0,1841.0,10,890.0,0.0,0.0,0.0,0.0,0.0,23
2023-05-11 09:01:15,CF311C15600,棉花2311购15600,890.0,0.0,0.0,0.0,10,151.0,1838.0,1,890.0,0.0,0.0,0.0,0.0,0.0,23
2023-05-11 09:01:15,CF311C15600,棉花2311购15600,890.0,0.0,0.0,0.0,10,151.0,1837.0,10,890.0,0.0,0.0,0.0,0.0,0.0,23
2023-05-11 09:01:16,CF311C15600,棉花2311购15600,890.0,0.0,0.0,0.0,2,164.0,1837.0,10,890.0,0.0,0.0,0.0,0.0,0.0,23
2023-05-11 09:01:16,CF311C15600,棉花2311购15600,890.0,0.0,0.0,0.0,10,165.0,1837.0,10,890.0,0.0,0.0,0.0,0.0,0.0,23
2023-05-11 09:01:17,CF311C15600,棉花2311购15600,890.0,0.0,0.0,0.0,1,168.0,1834.0,1,890.0,0.0,0.0,0.0,0.0,0.0,23
2023-05-11 09:01:17,CF311C15600,棉花2311购15600,890.0,0.0,0.0,0.0,10,169.0,1833.0,10,890.0,0.0,0.0,0.0,0.0,0.0,23
2023-05-11 09:01:18,CF311C15600,棉花2311购15600,890.0,0.0,0.0,0.0,2,182.0,1833.0,10,890.0,0.0,0.0,0.0,0.0,0.0,23
2023-05-11 09:01:19,CF311C15600,棉花2311购15600,890.0,0.0,0.0,0.0,10,183.0,1833.0,10,890.0,0.0,0.0,0.0,0.0,0.0,23
2023-05-11 09:01:21,CF311C15600,棉花2311购15600,890.0,0.0,0.0,0.0,2,196.0,1833.0,10,890.0,0.0,0.0,0.0,0.0,0.0,23
2023-05-11 09:01:21,CF311C15600,棉花2311购15600,890.0,0.0,0.0,0.0,1,199.0,1830.0,1,890.0,0.0,0.0,0.0,0.0,0.0,23
2023-05-11 09:01:21,CF311C15600,棉花2311购15600,890.0,0.0,0.0,0.0,10,200.0,1829.0,10,890.0,0.0,0.0,0.0,0.0,0.0,23
2023-05-11 09:01:22,CF311C15600,棉花2311购15600,890.0,0.0,0.0,0.0,2,213.0,1829.0,10,890.0,0.0,0.0,0.0,0.0,0.0,23
2023-05-11 09:01:23,CF311C15600,棉花2311购15600,890.0,0.0,0.0,0.0,10,214.0,1829.0,10,890.0,0.0,0.0,0.0,0.0,0.0,23
2023-05-11 09:01:23,CF311C15600,棉花2311购15600,890.0,0.0,0.0,0.0,1,217.0,1826.0,1,890.0,0.0,0.0,0.0,0.0,0.0,23
2023-05-11 09:01:23,CF311C15600,棉花2311购15600,890.0,0.0,0.0,0.0,10,218.0,1825.0,10,890.0,0.0,0.0,0.0,0.0,0.0,23
2023-05-11 09:01:25,CF311C15600,棉花2311购15600,890.0,0.0,0.0,0.0,2,231.0,1822.0,1,890.0,0.0,0.0,0.0,0.0,0.0,23
2023-05-11 09:01:25,CF311C15600,棉花2311购15600,890.0,0.0,0.0,0.0,10,232.0,1821.0,10,890.0,0.0,0.0,0.0,0.0,0.0,23
2023-05-11 09:01:26,CF311C15600,棉花2311购15600,890.0,0.0,0.0,0.0,10,232.0,1818.0,1,890.0,0.0,0.0,0.0,0.0,0.0,23
2023-05-11 09:01:26,CF311C15600,棉花2311购15600,890.0,0.0,0.0,0.0,10,232.0,1817.0,10,890.0,0.0,0.0,0.0,0.0,0.0,23
2023-05-11 09:01:27,CF311C15600,棉花2311购15600,890.0,0.0,0.0,0.0,2,245.0,1817.0,10,890.0,0.0,0.0,0.0,0.0,0.0,23
2023-05-11 09:01:27,CF311C15600,棉花2311购15600,890.0,0.0,0.0,0.0,10,246.0,1817.0,10,890.0,0.0,0.0,0.0,0.0,0.0,23
2023-05-11 09:01:29,CF311C15600,棉花2311购15600,890.0,0.0,0.0,0.0,2,259.0,1817.0,10,890.0,0.0,0.0,0.0,0.0,0.0,23
2023-05-11 09:01:30,CF311C15600,棉花2311购15600,890.0,0.0,0.0,0.0,1,262.0,1814.0,1,890.0,0.0,0.0,0.0,0.0,0.0,23
2023-05-11 09:01:30,CF311C15600,棉花2311购15600,890.0,0.0,0.0,0.0,10,263.0,1813.0,10,890.0,0.0,0.0,0.0,0.0,0.0,23
2023-05-11 09:01:31,CF311C15600,棉花2311购15600,890.0,0.0,0.0,0.0,2,276.0,1813.0,10,890.0,0.0,0.0,0.0,0.0,0.0,23
2023-05-11 09:01:31,CF311C15600,棉花2311购15600,890.0,0.0,0.0,0.0,10,277.0,1813.0,10,890.0,0.0,0.0,0.0,0.0,0.0,23
2023-05-11 09:01:33,CF311C15600,棉花2311购15600,890.0,0.0,0.0,0.0,2,290.0,1813.0,10,890.0,0.0,0.0,0.0,0.0,0.0,23
2023-05-11 09:01:33,CF311C15600,棉花2311购15600,890.0,0.0,0.0,0.0,10,291.0,1813.0,10,890.0,0.0,0.0,0.0,0.0,0.0,23
2023-05-11 09:01:35,CF311C15600,棉花2311购15600,890.0,0.0,0.0,0.0,2,304.0,1813.0,10,890.0,0.0,0.0,0.0,0.0,0.0,23
2023-05-11 09:01:35,CF311C15600,棉花2311购15600,890.0,0.0,0.0,0.0,10,308.0,1810.0,1,890.0,0.0,0.0,0.0,0.0,0.0,23
2023-05-11 09:01:35,CF311C15600,棉花2311购15600,890.0,0.0,0.0,0.0,10,308.0,1809.0,10,890.0,0.0,0.0,0.0,0.0,0.0,23
2023-05-11 09:01:36,CF311C15600,棉花2311购15600,890.0,0.0,0.0,0.0,1,311.0,1806.0,1,890.0,0.0,0.0,0.0,0.0,0.0,23
2023-05-11 09:01:36,CF311C15600,棉花2311购15600,890.0,0.0,0.0,0.0,2,321.0,1805.0,10,890.0,0.0,0.0,0.0,0.0,0.0,23
2023-05-11 09:01:37,CF311C15600,棉花2311购15600,890.0,0.0,0.0,0.0,10,322.0,1805.0,10,890.0,0.0,0.0,0.0,0.0,0.0,23
2023-05-11 09:01:38,CF311C15600,棉花2311购15600,890.0,0.0,0.0,0.0,2,335.0,1805.0,10,890.0,0.0,0.0,0.0,0.0,0.0,23
2023-05-11 09:01:38,CF311C15600,棉花2311购15600,890.0,0.0,0.0,0.0,1,338.0,1802.0,1,890.0,0.0,0.0,0.0,0.0,0.0,23
2023-05-11 09:01:39,CF311C15600,棉花2311购15600,890.0,0.0,0.0,0.0,10,339.0,1801.0,10,890.0,0.0,0.0,0.0,0.0,0.0,23
2023-05-11 09:01:40,CF311C15600,棉花2311购15600,890.0,0.0,0.0,0.0,2,352.0,1798.0,1,890.0,0.0,0.0,0.0,0.0,0.0,23
2023-05-11 09:01:40,CF311C15600,棉花2311购15600,890.0,0.0,0.0,0.0,1,355.0,1797.0,10,890.0,0.0,0.0,0.0,0.0,0.0,23
2023-05-11 09:01:40,CF311C15600,棉花2311购15600,890.0,0.0,0.0,0.0,10,356.0,1797.0,10,890.0,0.0,0.0,0.0,0.0,0.0,23
2023-05-11 09:01:42,CF311C15600,棉花2311购15600,890.0,0.0,0.0,0.0,2,369.0,1797.0,10,890.0,0.0,0.0,0.0,0.0,0.0,23
2023-05-11 09:01:42,CF311C15600,棉花2311购15600,890.0,0.0,0.0,0.0,10,373.0,1794.0,1,890.0,0.0,0.0,0.0,0.0,0.0,23
2023-05-11 09:01:42,CF311C15600,棉花2311购15600,890.0,0.0,0.0,0.0,10,373.0,1793.0,10,890.0,0.0,0.0,0.0,0.0,0.0,23
2023-05-11 09:01:43,CF311C15600,棉花2311购15600,890.0,0.0,0.0,0.0,1,376.0,1790.0,1,890.0,0.0,0.0,0.0,0.0,0.0,23
2023-05-11 09:01:43,CF311C15600,棉花2311购15600,890.0,0.0,0.0,0.0,2,386.0,1789.0,10,890.0,0.0,0.0,0.0,0.0,0.0,23
2023-05-11 09:01:44,CF311C15600,棉花2311购15600,890.0,0.0,0.0,0.0,10,387.0,1786.0,1,890.0,0.0,0.0,0.0,0.0,0.0,23
2023-05-11 09:01:44,CF311C15600,棉花2311购15600,890.0,0.0,0.0,0.0,10,387.0,1785.0,10,890.0,0.0,0.0,0.0,0.0,0.0,23
2023-05-11 09:01:45,CF311C15600,棉花2311购15600,890.0,0.0,0.0,0.0,2,400.0,1782.0,1,890.0,0.0,0.0,0.0,0.0,0.0,23
2023-05-11 09:01:46,CF311C15600,棉花2311购15600,890.0,0.0,0.0,0.0,10,404.0,1781.0,10,890.0,0.0,0.0,0.0,0.0,0.0,23
2023-05-11 09:01:46,CF311C15600,棉花2311购15600,890.0,0.0,0.0,0.0,1,407.0,1778.0,1,890.0,0.0,0.0,0.0,0.0,0.0,23
2023-05-11 09:01:46,CF311C15600,棉花2311购15600,890.0,0.0,0.0,0.0,10,408.0,1777.0,10,890.0,0.0,0.0,0.0,0.0,0.0,23
2023-05-11 09:01:47,CF311C15600,棉花2311购15600,890.0,0.0,0.0,0.0,2,421.0,1777.0,10,890.0,0.0,0.0,0.0,0.0,0.0,23
2023-05-11 09:01:47,CF311C15600,棉花2311购15600,890.0,0.0,0.0,0.0,10,422.0,1777.0,10,890.0,0.0,0.0,0.0,0.0,0.0,23
2023-05-11 09:01:49,CF311C15600,棉花2311购15600,890.0,0.0,0.0,0.0,2,435.0,1774.0,1,890.0,0.0,0.0,0.0,0.0,0.0,23
2023-05-11 09:01:49,CF311C15600,棉花2311购15600,890.0,0.0,0.0,0.0,10,436.0,1773.0,10,890.0,0.0,0.0,0.0,0.0,0.0,23
2023-05-11 09:01:50,CF311C15600,棉花2311购15600,890.0,0.0,0.0,0.0,1,439.0,1770.0,1,890.0,0.0,0.0,0.0,0.0,0.0,23
2023-05-11 09:01:50,CF311C15600,棉花2311购15600,890.0,0.0,0.0,0.0,2,452.0,1769.0,10,890.0,0.0,0.0,0.0,0.0,0.0,23
2023-05-11 09:01:51,CF311C15600,棉花2311购15600,890.0,0.0,0.0,0.0,1,455.0,1766.0,1,890.0,0.0,0.0,0.0,0.0,0.0,23
2023-05-11 09:01:51,CF311C15600,棉花2311购15600,890.0,0.0,0.0,0.0,10,456.0,1765.0,10,890.0,0.0,0.0,0.0,0.0,0.0,23
2023-05-11 09:01:52,CF311C15600,棉花2311购15600,890.0,0.0,0.0,0.0,2,469.0,1765.0,10,890.0,0.0,0.0,0.0,0.0,0.0,23
2023-05-11 09:01:52,CF311C15600,棉花2311购15600,890.0,0.0,0.0,0.0,10,470.0,1765.0,10,890.0,0.0,0.0,0.0,0.0,0.0,23
2023-05-11 09:01:53,CF311C15600,棉花2311购15600,890.0,0.0,0.0,0.0,1,473.0,1762.0,1,890.0,0.0,0.0,0.0,0.0,0.0,23
2023-05-11 09:01:53,CF311C15600,棉花2311购15600,890.0,0.0,0.0,0.0,10,474.0,1761.0,10,890.0,0.0,0.0,0.0,0.0,0.0,23
2023-05-11 09:01:54,CF311C15600,棉花2311购15600,890.0,0.0,0.0,0.0,2,487.0,1761.0,10,890.0,0.0,0.0,0.0,0.0,0.0,23
2023-05-11 09:01:54,CF311C15600,棉花2311购15600,890.0,0.0,0.0,0.0,10,488.0,1761.0,10,890.0,0.0,0.0,0.0,0.0,0.0,23
2023-05-11 09:01:56,CF311C15600,棉花2311购15600,890.0,0.0,0.0,0.0,2,501.0,1761.0,10,890.0,0.0,0.0,0.0,0.0,0.0,23
2023-05-11 09:01:56,CF311C15600,棉花2311购15600,890.0,0.0,0.0,0.0,1,504.0,1758.0,1,890.0,0.0,0.0,0.0,0.0,0.0,23
2023-05-11 09:01:57,CF311C15600,棉花2311购15600,890.0,0.0,0.0,0.0,10,505.0,1757.0,10,890.0,0.0,0.0,0.0,0.0,0.0,23
2023-05-11 09:01:57,CF311C15600,棉花2311购15600,890.0,0.0,0.0,0.0,1,508.0,1757.0,10,890.0,0.0,0.0,0.0,0.0,0.0,23
2023-05-11 09:01:58,CF311C15600,棉花2311购15600,890.0,0.0,0.0,0.0,2,518.0,1754.0,1,890.0,0.0,0.0,0.0,0.0,0.0,23
2023-05-11 09:01:58,CF311C15600,棉花2311购15600,890.0,0.0,0.0,0.0,1,521.0,1753.0,10,890.0,0.0,0.0,0.0,0.0,0.0,23
2023-05-11 09:01:59,CF311C15600,棉花2311购15600,890.0,0.0,0.0,0.0,10,522.0,1753.0,10,890.0,0.0,0.0,0.0,0.0,0.0,23
2023-05-11 09:02:00,CF311C15600,棉花2311购15600,890.0,0.0,0.0,0.0,2,535.0,1753.0,10,890.0,0.0,0.0,0.0,0.0,0.0,23
2023-05-11 09:02:00,CF311C15600,棉花2311购15600,890.0,0.0,0.0,0.0,10,536.0,1753.0,10,890.0,0.0,0.0,0.0,0.0,0.0,23
2023-05-11 09:02:00,CF311C15600,棉花2311购15600,890.0,0.0,0.0,0.0,1,539.0,1750.0,1,890.0,0.0,0.0,0.0,0.0,0.0,23
2023-05-11 09:02:01,CF311C15600,棉花2311购15600,890.0,0.0,0.0,0.0,2,552.0,1749.0,10,890.0,0.0,0.0,0.0,0.0,0.0,23
2023-05-11 09:02:02,CF311C15600,棉花2311购15600,890.0,0.0,0.0,0.0,10,556.0,1746.0,1,890.0,0.0,0.0,0.0,0.0,0.0,23
2023-05-11 09:02:02,CF311C15600,棉花2311购15600,890.0,0.0,0.0,0.0,10,556.0,1745.0,10,890.0,0.0,0.0,0.0,0.0,0.0,23
2023-05-11 09:02:03,CF311C15600,棉花2311购15600,890.0,0.0,0.0,0.0,2,569.0,1745.0,10,890.0,0.0,0.0,0.0,0.0,0.0,23
2023-05-11 09:02:03,CF311C15600,棉花2311购15600,890.0,0.0,0.0,0.0,10,570.0,1745.0,10,890.0,0.0,0.0,0.0,0.0,0.0,23
2023-05-11 09:02:04,CF311C15600,棉花2311购15600,890.0,0.0,0.0,0.0,1,573.0,1742.0,1,890.0,0.0,0.0,0.0,0.0,0.0,23
2023-05-11 09:02:05,CF311C15600,棉花2311购15600,890.0,0.0,0.0,0.0,10,587.0,1741.0,10,890.0,0.0,0.0,0.0,0.0,0.0,23
2023-05-11 09:02:06,CF311C15600,棉花2311购15600,890.0,0.0,0.0,0.0,2,594.0,1741.0,10,890.0,0.0,0.0,0.0,0.0,0.0,23
2023-05-11 09:02:07,CF311C15600,棉花2311购15600,890.0,0.0,0.0,0.0,10,595.0,1741.0,10,890.0,0.0,0.0,0.0,0.0,0.0,23
2023-05-11 09:02:07,CF311C15600,棉花2311购15600,890.0,0.0,0.0,0.0,10,595.0,1738.0,1,890.0,0.0,0.0,0.0,0.0,0.0,23
2023-05-11 09:02:08,CF311C15600,棉花2311购15600,890.0,0.0,0.0,0.0,2,596.0,1737.0,10,890.0,0.0,0.0,0.0,0.0,0.0,23
2023-05-11 09:02:08,CF311C15600,棉花2311购15600,890.0,0.0,0.0,0.0,10,597.0,1734.0,1,890.0,0.0,0.0,0.0,0.0,0.0,23
2023-05-11 09:02:08,CF311C15600,棉花2311购15600,890.0,0.0,0.0,0.0,10,597.0,1733.0,10,890.0,0.0,0.0,0.0,0.0,0.0,23
2023-05-11 09:02:09,CF311C15600,棉花2311购15600,890.0,0.0,0.0,0.0,2,598.0,1730.0,1,890.0,0.0,0.0,0.0,0.0,0.0,23
2023-05-11 09:02:10,CF311C15600,棉花2311购15600,890.0,0.0,0.0,0.0,10,599.0,1729.0,10,890.0,0.0,0.0,0.0,0.0,0.0,23
2023-05-11 09:02:11,CF311C15600,棉花2311购15600,890.0,0.0,0.0,0.0,2,600.0,1729.0,10,890.0,0.0,0.0,0.0,0.0,0.0,23
2023-05-11 09:02:11,CF311C15600,棉花2311购15600,890.0,0.0,0.0,0.0,10,601.0,1729.0,10,890.0,0.0,0.0,0.0,0.0,0.0,23
2023-05-11 09:02:14,CF311C15600,棉花2311购15600,890.0,0.0,0.0,0.0,10,601.0,1726.0,1,890.0,0.0,0.0,0.0,0.0,0.0,23
2023-05-11 09:02:14,CF311C15600,棉花2311购15600,890.0,0.0,0.0,0.0,10,601.0,1725.0,10,890.0,0.0,0.0,0.0,0.0,0.0,23
2023-05-11 09:02:15,CF311C15600,棉花2311购15600,890.0,0.0,0.0,0.0,10,601.0,1722.0,1,890.0,0.0,0.0,0.0,0.0,0.0,23
2023-05-11 09:02:15,CF311C15600,棉花2311购15600,890.0,0.0,0.0,0.0,10,601.0,1721.0,10,890.0,0.0,0.0,0.0,0.0,0.0,23
2023-05-11 09:02:16,CF311C15600,棉花2311购15600,890.0,0.0,0.0,0.0,10,601.0,1718.0,1,890.0,0.0,0.0,0.0,0.0,0.0,23
2023-05-11 09:02:16,CF311C15600,棉花2311购15600,890.0,0.0,0.0,0.0,10,601.0,1717.0,10,890.0,0.0,0.0,0.0,0.0,0.0,23
2023-05-11 09:02:17,CF311C15600,棉花2311购15600,890.0,0.0,0.0,0.0,10,601.0,1714.0,1,890.0,0.0,0.0,0.0,0.0,0.0,23
2023-05-11 09:02:17,CF311C15600,棉花2311购15600,890.0,0.0,0.0,0.0,10,601.0,1713.0,10,890.0,0.0,0.0,0.0,0.0,0.0,23
2023-05-11 09:02:19,CF311C15600,棉花2311购15600,890.0,0.0,0.0,0.0,10,601.0,1710.0,1,890.0,0.0,0.0,0.0,0.0,0.0,23
2023-05-11 09:02:19,CF311C15600,棉花2311购15600,890.0,0.0,0.0,0.0,10,601.0,1709.0,10,890.0,0.0,0.0,0.0,0.0,0.0,23
2023-05-11 09:02:21,CF311C15600,棉花2311购15600,890.0,0.0,0.0,0.0,10,601.0,1706.0,1,890.0,0.0,0.0,0.0,0.0,0.0,23
2023-05-11 09:02:21,CF311C15600,棉花2311购15600,890.0,0.0,0.0,0.0,10,601.0,1705.0,10,890.0,0.0,0.0,0.0,0.0,0.0,23
2023-05-11 09:02:22,CF311C15600,棉花2311购15600,890.0,0.0,0.0,0.0,10,601.0,1702.0,1,890.0,0.0,0.0,0.0,0.0,0.0,23
2023-05-11 09:02:22,CF311C15600,棉花2311购15600,890.0,0.0,0.0,0.0,10,601.0,1701.0,10,890.0,0.0,0.0,0.0,0.0,0.0,23
2023-05-11 09:02:25,CF311C15600,棉花2311购15600,890.0,0.0,0.0,0.0,10,601.0,1698.0,1,890.0,0.0,0.0,0.0,0.0,0.0,23
2023-05-11 09:02:25,CF311C15600,棉花2311购15600,890.0,0.0,0.0,0.0,10,601.0,1697.0,10,890.0,0.0,0.0,0.0,0.0,0.0,23
2023-05-11 09:02:26,CF311C15600,棉花2311购15600,890.0,0.0,0.0,0.0,10,601.0,1694.0,1,890.0,0.0,0.0,0.0,0.0,0.0,23
2023-05-11 09:02:26,CF311C15600,棉花2311购15600,890.0,0.0,0.0,0.0,10,601.0,1693.0,10,890.0,0.0,0.0,0.0,0.0,0.0,23
2023-05-11 09:02:28,CF311C15600,棉花2311购15600,890.0,0.0,0.0,0.0,10,601.0,1690.0,1,890.0,0.0,0.0,0.0,0.0,0.0,23
2023-05-11 09:02:28,CF311C15600,棉花2311购15600,890.0,0.0,0.0,0.0,10,601.0,1689.0,10,890.0,0.0,0.0,0.0,0.0,0.0,23
2023-05-11 09:02:31,CF311C15600,棉花2311购15600,890.0,0.0,0.0,0.0,10,601.0,1686.0,1,890.0,0.0,0.0,0.0,0.0,0.0,23
2023-05-11 09:02:31,CF311C15600,棉花2311购15600,890.0,0.0,0.0,0.0,10,601.0,1685.0,10,890.0,0.0,0.0,0.0,0.0,0.0,23
2023-05-11 09:02:33,CF311C15600,棉花2311购15600,890.0,0.0,0.0,0.0,10,601.0,1682.0,1,890.0,0.0,0.0,0.0,0.0,0.0,23
2023-05-11 09:02:33,CF311C15600,棉花2311购15600,890.0,0.0,0.0,0.0,10,601.0,1681.0,10,890.0,0.0,0.0,0.0,0.0,0.0,23
2023-05-11 09:02:34,CF311C15600,棉花2311购15600,890.0,0.0,0.0,0.0,10,601.0,1678.0,1,890.0,0.0,0.0,0.0,0.0,0.0,23
2023-05-11 09:02:34,CF311C15600,棉花2311购15600,890.0,0.0,0.0,0.0,10,601.0,1677.0,10,890.0,0.0,0.0,0.0,0.0,0.0,23
2023-05-11 09:02:35,CF311C15600,棉花2311购15600,890.0,0.0,0.0,0.0,10,601.0,1674.0,1,890.0,0.0,0.0,0.0,0.0,0.0,23
2023-05-11 09:02:35,CF311C15600,棉花2311购15600,890.0,0.0,0.0,0.0,10,601.0,1673.0,10,890.0,0.0,0.0,0.0,0.0,0.0,23
2023-05-11 09:02:36,CF311C15600,棉花2311购15600,890.0,0.0,0.0,0.0,10,601.0,1670.0,1,890.0,0.0,0.0,0.0,0.0,0.0,23
2023-05-11 09:02:36,CF311C15600,棉花2311购15600,890.0,0.0,0.0,0.0,10,601.0,1669.0,10,890.0,0.0,0.0,0.0,0.0,0.0,23
2023-05-11 09:02:37,CF311C15600,棉花2311购15600,890.0,0.0,0.0,0.0,10,601.0,1666.0,1,890.0,0.0,0.0,0.0,0.0,0.0,23
2023-05-11 09:02:37,CF311C15600,棉花2311购15600,890.0,0.0,0.0,0.0,10,601.0,1665.0,10,890.0,0.0,0.0,0.0,0.0,0.0,23
2023-05-11 09:02:38,CF311C15600,棉花2311购15600,890.0,0.0,0.0,0.0,10,601.0,1662.0,1,890.0,0.0,0.0,0.0,0.0,0.0,23
2023-05-11 09:02:38,CF311C15600,棉花2311购15600,890.0,0.0,0.0,0.0,10,601.0,1661.0,10,890.0,0.0,0.0,0.0,0.0,0.0,23
2023-05-11 09:02:40,CF311C15600,棉花2311购15600,890.0,0.0,0.0,0.0,10,601.0,1658.0,1,890.0,0.0,0.0,0.0,0.0,0.0,23
2023-05-11 09:02:40,CF311C15600,棉花2311购15600,890.0,0.0,0.0,0.0,10,601.0,1657.0,10,890.0,0.0,0.0,0.0,0.0,0.0,23
2023-05-11 09:02:45,CF311C15600,棉花2311购15600,890.0,0.0,0.0,0.0,10,601.0,1654.0,1,890.0,0.0,0.0,0.0,0.0,0.0,23
2023-05-11 09:02:45,CF311C15600,棉花2311购15600,890.0,0.0,0.0,0.0,10,601.0,1653.0,10,890.0,0.0,0.0,0.0,0.0,0.0,23
2023-05-11 09:02:46,CF311C15600,棉花2311购15600,890.0,0.0,0.0,0.0,10,601.0,1650.0,1,890.0,0.0,0.0,0.0,0.0,0.0,23
2023-05-11 09:02:46,CF311C15600,棉花2311购15600,890.0,0.0,0.0,0.0,10,601.0,1649.0,10,890.0,0.0,0.0,0.0,0.0,0.0,23
2023-05-11 09:02:47,CF311C15600,棉花2311购15600,890.0,0.0,0.0,0.0,10,601.0,1646.0,1,890.0,0.0,0.0,0.0,0.0,0.0,23
2023-05-11 09:02:47,CF311C15600,棉花2311购15600,890.0,0.0,0.0,0.0,10,601.0,1645.0,10,890.0,0.0,0.0,0.0,0.0,0.0,23
2023-05-11 09:02:51,CF311C15600,棉花2311购15600,890.0,0.0,0.0,0.0,10,601.0,1642.0,1,890.0,0.0,0.0,0.0,0.0,0.0,23
2023-05-11 09:02:51,CF311C15600,棉花2311购15600,890.0,0.0,0.0,0.0,10,601.0,1641.0,10,890.0,0.0,0.0,0.0,0.0,0.0,23
2023-05-11 09:02:52,CF311C15600,棉花2311购15600,890.0,0.0,0.0,0.0,10,601.0,1638.0,1,890.0,0.0,0.0,0.0,0.0,0.0,23
2023-05-11 09:02:52,CF311C15600,棉花2311购15600,890.0,0.0,0.0,0.0,10,601.0,1637.0,10,890.0,0.0,0.0,0.0,0.0,0.0,23
2023-05-11 09:02:58,CF311C15600,棉花2311购15600,890.0,0.0,0.0,0.0,10,601.0,1634.0,1,890.0,0.0,0.0,0.0,0.0,0.0,23
2023-05-11 09:02:58,CF311C15600,棉花2311购15600,890.0,0.0,0.0,0.0,10,601.0,1633.0,10,890.0,0.0,0.0,0.0,0.0,0.0,23
2023-05-11 09:02:59,CF311C15600,棉花2311购15600,890.0,0.0,0.0,0.0,10,601.0,1630.0,1,890.0,0.0,0.0,0.0,0.0,0.0,23
2023-05-11 09:02:59,CF311C15600,棉花2311购15600,890.0,0.0,0.0,0.0,10,601.0,1629.0,10,890.0,0.0,0.0,0.0,0.0,0.0,23
2023-05-11 09:03:00,CF311C15600,棉花2311购15600,890.0,0.0,0.0,0.0,10,601.0,1626.0,1,890.0,0.0,0.0,0.0,0.0,0.0,23
2023-05-11 09:03:00,CF311C15600,棉花2311购15600,890.0,0.0,0.0,0.0,10,601.0,1625.0,10,890.0,0.0,0.0,0.0,0.0,0.0,23
2023-05-11 09:03:05,CF311C15600,棉花2311购15600,890.0,0.0,0.0,0.0,10,601.0,1622.0,1,890.0,0.0,0.0,0.0,0.0,0.0,23
2023-05-11 09:03:05,CF311C15600,棉花2311购15600,890.0,0.0,0.0,0.0,10,601.0,1621.0,10,890.0,0.0,0.0,0.0,0.0,0.0,23
2023-05-11 09:03:08,CF311C15600,棉花2311购15600,890.0,0.0,0.0,0.0,10,601.0,1618.0,1,890.0,0.0,0.0,0.0,0.0,0.0,23
2023-05-11 09:03:08,CF311C15600,棉花2311购15600,890.0,0.0,0.0,0.0,10,601.0,1617.0,10,890.0,0.0,0.0,0.0,0.0,0.0,23
2023-05-11 09:03:09,CF311C15600,棉花2311购15600,890.0,0.0,0.0,0.0,10,601.0,1614.0,1,890.0,0.0,0.0,0.0,0.0,0.0,23
2023-05-11 09:03:09,CF311C15600,棉花2311购15600,890.0,0.0,0.0,0.0,10,601.0,1613.0,10,890.0,0.0,0.0,0.0,0.0,0.0,23
2023-05-11 09:03:12,CF311C15600,棉花2311购15600,890.0,0.0,0.0,0.0,10,601.0,1610.0,1,890.0,0.0,0.0,0.0,0.0,0.0,23
2023-05-11 09:03:12,CF311C15600,棉花2311购15600,890.0,0.0,0.0,0.0,10,601.0,1609.0,10,890.0,0.0,0.0,0.0,0.0,0.0,23
2023-05-11 09:03:13,CF311C15600,棉花2311购15600,890.0,0.0,0.0,0.0,10,601.0,1606.0,1,890.0,0.0,0.0,0.0,0.0,0.0,23
2023-05-11 09:03:13,CF311C15600,棉花2311购15600,890.0,0.0,0.0,0.0,10,601.0,1605.0,10,890.0,0.0,0.0,0.0,0.0,0.0,23
2023-05-11 09:03:14,CF311C15600,棉花2311购15600,890.0,0.0,0.0,0.0,10,601.0,1602.0,1,890.0,0.0,0.0,0.0,0.0,0.0,23
2023-05-11 09:03:14,CF311C15600,棉花2311购15600,890.0,0.0,0.0,0.0,10,601.0,1601.0,10,890.0,0.0,0.0,0.0,0.0,0.0,23
2023-05-11 09:03:15,CF311C15600,棉花2311购15600,890.0,0.0,0.0,0.0,10,601.0,1598.0,1,890.0,0.0,0.0,0.0,0.0,0.0,23
2023-05-11 09:03:15,CF311C15600,棉花2311购15600,890.0,0.0,0.0,0.0,10,601.0,1597.0,10,890.0,0.0,0.0,0.0,0.0,0.0,23
2023-05-11 09:03:22,CF311C15600,棉花2311购15600,890.0,0.0,0.0,0.0,10,601.0,1594.0,1,890.0,0.0,0.0,0.0,0.0,0.0,23
2023-05-11 09:03:22,CF311C15600,棉花2311购15600,890.0,0.0,0.0,0.0,10,601.0,1593.0,10,890.0,0.0,0.0,0.0,0.0,0.0,23
2023-05-11 09:03:25,CF311C15600,棉花2311购15600,890.0,0.0,0.0,0.0,10,601.0,1590.0,1,890.0,0.0,0.0,0.0,0.0,0.0,23
2023-05-11 09:03:25,CF311C15600,棉花2311购15600,890.0,0.0,0.0,0.0,10,601.0,1589.0,10,890.0,0.0,0.0,0.0,0.0,0.0,23
2023-05-11 09:03:26,CF311C15600,棉花2311购15600,890.0,0.0,0.0,0.0,10,601.0,1586.0,1,890.0,0.0,0.0,0.0,0.0,0.0,23
2023-05-11 09:03:26,CF311C15600,棉花2311购15600,890.0,0.0,0.0,0.0,10,601.0,1585.0,10,890.0,0.0,0.0,0.0,0.0,0.0,23
2023-05-11 09:03:27,CF311C15600,棉花2311购15600,890.0,0.0,0.0,0.0,10,601.0,1582.0,1,890.0,0.0,0.0,0.0,0.0,0.0,23
2023-05-11 09:03:27,CF311C15600,棉花2311购15600,890.0,0.0,0.0,0.0,10,601.0,1581.0,10,890.0,0.0,0.0,0.0,0.0,0.0,23
2023-05-11 09:03:31,CF311C15600,棉花2311购15600,890.0,0.0,0.0,0.0,10,601.0,1578.0,1,890.0,0.0,0.0,0.0,0.0,0.0,23
2023-05-11 09:03:31,CF311C15600,棉花2311购15600,890.0,0.0,0.0,0.0,10,601.0,1577.0,10,890.0,0.0,0.0,0.0,0.0,0.0,23
2023-05-11 09:03:32,CF311C15600,棉花2311购15600,890.0,0.0,0.0,0.0,10,601.0,1574.0,1,890.0,0.0,0.0,0.0,0.0,0.0,23
2023-05-11 09:03:32,CF311C15600,棉花2311购15600,890.0,0.0,0.0,0.0,10,601.0,1573.0,10,890.0,0.0,0.0,0.0,0.0,0.0,23
2023-05-11 09:03:33,CF311C15600,棉花2311购15600,890.0,0.0,0.0,0.0,10,601.0,1570.0,1,890.0,0.0,0.0,0.0,0.0,0.0,23
2023-05-11 09:03:33,CF311C15600,棉花2311购15600,890.0,0.0,0.0,0.0,10,601.0,1569.0,10,890.0,0.0,0.0,0.0,0.0,0.0,23
2023-05-11 09:03:37,CF311C15600,棉花2311购15600,890.0,0.0,0.0,0.0,10,601.0,1566.0,1,890.0,0.0,0.0,0.0,0.0,0.0,23
2023-05-11 09:03:37,CF311C15600,棉花2311购15600,890.0,0.0,0.0,0.0,10,601.0,1565.0,10,890.0,0.0,0.0,0.0,0.0,0.0,23
2023-05-11 09:03:38,CF311C15600,棉花2311购15600,890.0,0.0,0.0,0.0,10,601.0,1562.0,1,890.0,0.0,0.0,0.0,0.0,0.0,23
2023-05-11 09:03:38,CF311C15600,棉花2311购15600,890.0,0.0,0.0,0.0,10,601.0,1561.0,10,890.0,0.0,0.0,0.0,0.0,0.0,23
2023-05-11 09:03:40,CF311C15600,棉花2311购15600,890.0,0.0,0.0,0.0,10,601.0,1558.0,1,890.0,0.0,0.0,0.0,0.0,0.0,23
2023-05-11 09:03:40,CF311C15600,棉花2311购15600,890.0,0.0,0.0,0.0,10,601.0,1557.0,10,890.0,0.0,0.0,0.0,0.0,0.0,23
2023-05-11 09:03:41,CF311C15600,棉花2311购15600,890.0,0.0,0.0,0.0,10,601.0,1554.0,1,890.0,0.0,0.0,0.0,0.0,0.0,23
2023-05-11 09:03:41,CF311C15600,棉花2311购15600,890.0,0.0,0.0,0.0,10,601.0,1553.0,10,890.0,0.0,0.0,0.0,0.0,0.0,23
2023-05-11 09:03:45,CF311C15600,棉花2311购15600,890.0,0.0,0.0,0.0,10,601.0,1550.0,1,890.0,0.0,0.0,0.0,0.0,0.0,23
2023-05-11 09:03:45,CF311C15600,棉花2311购15600,890.0,0.0,0.0,0.0,10,601.0,1549.0,10,890.0,0.0,0.0,0.0,0.0,0.0,23
2023-05-11 09:03:47,CF311C15600,棉花2311购15600,890.0,0.0,0.0,0.0,10,601.0,1546.0,1,890.0,0.0,0.0,0.0,0.0,0.0,23
2023-05-11 09:03:47,CF311C15600,棉花2311购15600,890.0,0.0,0.0,0.0,10,601.0,1545.0,10,890.0,0.0,0.0,0.0,0.0,0.0,23
2023-05-11 09:03:50,CF311C15600,棉花2311购15600,890.0,0.0,0.0,0.0,10,601.0,1542.0,1,890.0,0.0,0.0,0.0,0.0,0.0,23
2023-05-11 09:03:50,CF311C15600,棉花2311购15600,890.0,0.0,0.0,0.0,10,601.0,1541.0,10,890.0,0.0,0.0,0.0,0.0,0.0,23
2023-05-11 09:03:51,CF311C15600,棉花2311购15600,890.0,0.0,0.0,0.0,10,601.0,1538.0,1,890.0,0.0,0.0,0.0,0.0,0.0,23
2023-05-11 09:03:51,CF311C15600,棉花2311购15600,890.0,0.0,0.0,0.0,10,601.0,1537.0,10,890.0,0.0,0.0,0.0,0.0,0.0,23
2023-05-11 09:03:52,CF311C15600,棉花2311购15600,890.0,0.0,0.0,0.0,10,601.0,1534.0,1,890.0,0.0,0.0,0.0,0.0,0.0,23
2023-05-11 09:03:52,CF311C15600,棉花2311购15600,890.0,0.0,0.0,0.0,10,601.0,1533.0,10,890.0,0.0,0.0,0.0,0.0,0.0,23
2023-05-11 09:03:53,CF311C15600,棉花2311购15600,890.0,0.0,0.0,0.0,10,601.0,1530.0,1,890.0,0.0,0.0,0.0,0.0,0.0,23
2023-05-11 09:03:53,CF311C15600,棉花2311购15600,890.0,0.0,0.0,0.0,10,601.0,1529.0,10,890.0,0.0,0.0,0.0,0.0,0.0,23
2023-05-11 09:03:55,CF311C15600,棉花2311购15600,890.0,0.0,0.0,0.0,10,601.0,1526.0,1,890.0,0.0,0.0,0.0,0.0,0.0,23
2023-05-11 09:03:55,CF311C15600,棉花2311购15600,890.0,0.0,0.0,0.0,10,601.0,1525.0,10,890.0,0.0,0.0,0.0,0.0,0.0,23
2023-05-11 09:03:56,CF311C15600,棉花2311购15600,890.0,0.0,0.0,0.0,10,601.0,1522.0,1,890.0,0.0,0.0,0.0,0.0,0.0,23
2023-05-11 09:03:56,CF311C15600,棉花2311购15600,890.0,0.0,0.0,0.0,10,601.0,1521.0,10,890.0,0.0,0.0,0.0,0.0,0.0,23
2023-05-11 09:03:57,CF311C15600,棉花2311购15600,890.0,0.0,0.0,0.0,10,601.0,1518.0,1,890.0,0.0,0.0,0.0,0.0,0.0,23
2023-05-11 09:03:57,CF311C15600,棉花2311购15600,890.0,0.0,0.0,0.0,10,601.0,1517.0,10,890.0,0.0,0.0,0.0,0.0,0.0,23
2023-05-11 09:03:58,CF311C15600,棉花2311购15600,890.0,0.0,0.0,0.0,10,601.0,1514.0,1,890.0,0.0,0.0,0.0,0.0,0.0,23
2023-05-11 09:03:58,CF311C15600,棉花2311购15600,890.0,0.0,0.0,0.0,10,601.0,1513.0,10,890.0,0.0,0.0,0.0,0.0,0.0,23
2023-05-11 09:04:00,CF311C15600,棉花2311购15600,890.0,0.0,0.0,0.0,10,601.0,1510.0,1,890.0,0.0,0.0,0.0,0.0,0.0,23
2023-05-11 09:04:00,CF311C15600,棉花2311购15600,890.0,0.0,0.0,0.0,10,601.0,1509.0,10,890.0,0.0,0.0,0.0,0.0,0.0,23
2023-05-11 09:04:01,CF311C15600,棉花2311购15600,890.0,0.0,0.0,0.0,10,601.0,1506.0,1,890.0,0.0,0.0,0.0,0.0,0.0,23
2023-05-11 09:04:01,CF311C15600,棉花2311购15600,890.0,0.0,0.0,0.0,10,601.0,1505.0,10,890.0,0.0,0.0,0.0,0.0,0.0,23
2023-05-11 09:04:02,CF311C15600,棉花2311购15600,890.0,0.0,0.0,0.0,10,601.0,1502.0,1,890.0,0.0,0.0,0.0,0.0,0.0,23
2023-05-11 09:04:02,CF311C15600,棉花2311购15600,890.0,0.0,0.0,0.0,10,601.0,1501.0,10,890.0,0.0,0.0,0.0,0.0,0.0,23
2023-05-11 09:04:05,CF311C15600,棉花2311购15600,890.0,0.0,0.0,0.0,10,601.0,1498.0,1,890.0,0.0,0.0,0.0,0.0,0.0,23
2023-05-11 09:04:05,CF311C15600,棉花2311购15600,890.0,0.0,0.0,0.0,10,601.0,1497.0,10,890.0,0.0,0.0,0.0,0.0,0.0,23
2023-05-11 09:04:06,CF311C15600,棉花2311购15600,890.0,0.0,0.0,0.0,10,601.0,1494.0,1,890.0,0.0,0.0,0.0,0.0,0.0,23
2023-05-11 09:04:06,CF311C15600,棉花2311购15600,890.0,0.0,0.0,0.0,10,601.0,1493.0,10,890.0,0.0,0.0,0.0,0.0,0.0,23
2023-05-11 09:04:07,CF311C15600,棉花2311购15600,890.0,0.0,0.0,0.0,10,601.0,1490.0,1,890.0,0.0,0.0,0.0,0.0,0.0,23
2023-05-11 09:04:07,CF311C15600,棉花2311购15600,890.0,0.0,0.0,0.0,10,601.0,1489.0,10,890.0,0.0,0.0,0.0,0.0,0.0,23
2023-05-11 09:04:08,CF311C15600,棉花2311购15600,890.0,0.0,0.0,0.0,10,601.0,1486.0,1,890.0,0.0,0.0,0.0,0.0,0.0,23
2023-05-11 09:04:08,CF311C15600,棉花2311购15600,890.0,0.0,0.0,0.0,10,601.0,1485.0,10,890.0,0.0,0.0,0.0,0.0,0.0,23
2023-05-11 09:04:09,CF311C15600,棉花2311购15600,890.0,0.0,0.0,0.0,10,601.0,1482.0,1,890.0,0.0,0.0,0.0,0.0,0.0,23
2023-05-11 09:04:09,CF311C15600,棉花2311购15600,890.0,0.0,0.0,0.0,10,601.0,1481.0,10,890.0,0.0,0.0,0.0,0.0,0.0,23
2023-05-11 09:04:14,CF311C15600,棉花2311购15600,890.0,0.0,0.0,0.0,10,601.0,1478.0,1,890.0,0.0,0.0,0.0,0.0,0.0,23
2023-05-11 09:04:14,CF311C15600,棉花2311购15600,890.0,0.0,0.0,0.0,10,601.0,1477.0,10,890.0,0.0,0.0,0.0,0.0,0.0,23
2023-05-11 09:04:16,CF311C15600,棉花2311购15600,890.0,0.0,0.0,0.0,10,601.0,1474.0,1,890.0,0.0,0.0,0.0,0.0,0.0,23
2023-05-11 09:04:16,CF311C15600,棉花2311购15600,890.0,0.0,0.0,0.0,10,601.0,1473.0,10,890.0,0.0,0.0,0.0,0.0,0.0,23
2023-05-11 09:04:17,CF311C15600,棉花2311购15600,890.0,0.0,0.0,0.0,10,601.0,1470.0,1,890.0,0.0,0.0,0.0,0.0,0.0,23
2023-05-11 09:04:17,CF311C15600,棉花2311购15600,890.0,0.0,0.0,0.0,10,601.0,1469.0,10,890.0,0.0,0.0,0.0,0.0,0.0,23
2023-05-11 09:04:18,CF311C15600,棉花2311购15600,890.0,0.0,0.0,0.0,10,601.0,1466.0,1,890.0,0.0,0.0,0.0,0.0,0.0,23
2023-05-11 09:04:18,CF311C15600,棉花2311购15600,890.0,0.0,0.0,0.0,10,601.0,1465.0,10,890.0,0.0,0.0,0.0,0.0,0.0,23
2023-05-11 09:04:19,CF311C15600,棉花2311购15600,890.0,0.0,0.0,0.0,10,601.0,1462.0,1,890.0,0.0,0.0,0.0,0.0,0.0,23
2023-05-11 09:04:19,CF311C15600,棉花2311购15600,890.0,0.0,0.0,0.0,10,601.0,1461.0,10,890.0,0.0,0.0,0.0,0.0,0.0,23
2023-05-11 09:04:21,CF311C15600,棉花2311购15600,890.0,0.0,0.0,0.0,10,601.0,1458.0,1,890.0,0.0,0.0,0.0,0.0,0.0,23
2023-05-11 09:04:21,CF311C15600,棉花2311购15600,890.0,0.0,0.0,0.0,10,601.0,1457.0,10,890.0,0.0,0.0,0.0,0.0,0.0,23
2023-05-11 09:04:22,CF311C15600,棉花2311购15600,890.0,0.0,0.0,0.0,10,601.0,1454.0,1,890.0,0.0,0.0,0.0,0.0,0.0,23
2023-05-11 09:04:22,CF311C15600,棉花2311购15600,890.0,0.0,0.0,0.0,10,601.0,1453.0,10,890.0,0.0,0.0,0.0,0.0,0.0,23
2023-05-11 09:04:23,CF311C15600,棉花2311购15600,890.0,0.0,0.0,0.0,10,601.0,1450.0,1,890.0,0.0,0.0,0.0,0.0,0.0,23
2023-05-11 09:04:23,CF311C15600,棉花2311购15600,890.0,0.0,0.0,0.0,10,601.0,1449.0,10,890.0,0.0,0.0,0.0,0.0,0.0,23
2023-05-11 09:04:24,CF311C15600,棉花2311购15600,890.0,0.0,0.0,0.0,10,601.0,1446.0,1,890.0,0.0,0.0,0.0,0.0,0.0,23
2023-05-11 09:04:24,CF311C15600,棉花2311购15600,890.0,0.0,0.0,0.0,10,601.0,1445.0,10,890.0,0.0,0.0,0.0,0.0,0.0,23
2023-05-11 09:04:25,CF311C15600,棉花2311购15600,890.0,0.0,0.0,0.0,10,601.0,1442.0,1,890.0,0.0,0.0,0.0,0.0,0.0,23
2023-05-11 09:04:25,CF311C15600,棉花2311购15600,890.0,0.0,0.0,0.0,10,601.0,1441.0,10,890.0,0.0,0.0,0.0,0.0,0.0,23
2023-05-11 09:04:26,CF311C15600,棉花2311购15600,890.0,0.0,0.0,0.0,10,601.0,1438.0,1,890.0,0.0,0.0,0.0,0.0,0.0,23
2023-05-11 09:04:26,CF311C15600,棉花2311购15600,890.0,0.0,0.0,0.0,10,601.0,1437.0,10,890.0,0.0,0.0,0.0,0.0,0.0,23
2023-05-11 09:04:30,CF311C15600,棉花2311购15600,890.0,0.0,0.0,0.0,10,601.0,1434.0,1,890.0,0.0,0.0,0.0,0.0,0.0,23
2023-05-11 09:04:30,CF311C15600,棉花2311购15600,890.0,0.0,0.0,0.0,10,601.0,1433.0,10,890.0,0.0,0.0,0.0,0.0,0.0,23
2023-05-11 09:04:34,CF311C15600,棉花2311购15600,890.0,0.0,0.0,0.0,10,601.0,1430.0,1,890.0,0.0,0.0,0.0,0.0,0.0,23
2023-05-11 09:04:34,CF311C15600,棉花2311购15600,890.0,0.0,0.0,0.0,10,601.0,1429.0,10,890.0,0.0,0.0,0.0,0.0,0.0,23
2023-05-11 09:04:35,CF311C15600,棉花2311购15600,890.0,0.0,0.0,0.0,10,601.0,1426.0,1,890.0,0.0,0.0,0.0,0.0,0.0,23
2023-05-11 09:04:35,CF311C15600,棉花2311购15600,890.0,0.0,0.0,0.0,10,601.0,1425.0,10,890.0,0.0,0.0,0.0,0.0,0.0,23
2023-05-11 09:04:36,CF311C15600,棉花2311购15600,890.0,0.0,0.0,0.0,10,601.0,1422.0,1,890.0,0.0,0.0,0.0,0.0,0.0,23
2023-05-11 09:04:36,CF311C15600,棉花2311购15600,890.0,0.0,0.0,0.0,10,601.0,1421.0,10,890.0,0.0,0.0,0.0,0.0,0.0,23
2023-05-11 09:04:37,CF311C15600,棉花2311购15600,890.0,0.0,0.0,0.0,10,601.0,1418.0,1,890.0,0.0,0.0,0.0,0.0,0.0,23
2023-05-11 09:04:37,CF311C15600,棉花2311购15600,890.0,0.0,0.0,0.0,10,601.0,1417.0,10,890.0,0.0,0.0,0.0,0.0,0.0,23
2023-05-11 09:04:39,CF311C15600,棉花2311购15600,890.0,0.0,0.0,0.0,10,601.0,1414.0,1,890.0,0.0,0.0,0.0,0.0,0.0,23
2023-05-11 09:04:39,CF311C15600,棉花2311购15600,890.0,0.0,0.0,0.0,10,601.0,1413.0,10,890.0,0.0,0.0,0.0,0.0,0.0,23
2023-05-11 09:04:40,CF311C15600,棉花2311购15600,890.0,0.0,0.0,0.0,10,601.0,1410.0,1,890.0,0.0,0.0,0.0,0.0,0.0,23
2023-05-11 09:04:40,CF311C15600,棉花2311购15600,890.0,0.0,0.0,0.0,10,601.0,1409.0,10,890.0,0.0,0.0,0.0,0.0,0.0,23
2023-05-11 09:04:41,CF311C15600,棉花2311购15600,890.0,0.0,0.0,0.0,10,601.0,1406.0,1,890.0,0.0,0.0,0.0,0.0,0.0,23
2023-05-11 09:04:41,CF311C15600,棉花2311购15600,890.0,0.0,0.0,0.0,10,601.0,1405.0,10,890.0,0.0,0.0,0.0,0.0,0.0,23
2023-05-11 09:04:42,CF311C15600,棉花2311购15600,890.0,0.0,0.0,0.0,10,601.0,1402.0,1,890.0,0.0,0.0,0.0,0.0,0.0,23
2023-05-11 09:04:42,CF311C15600,棉花2311购15600,890.0,0.0,0.0,0.0,10,601.0,1401.0,10,890.0,0.0,0.0,0.0,0.0,0.0,23
2023-05-11 09:04:43,CF311C15600,棉花2311购15600,890.0,0.0,0.0,0.0,10,601.0,1398.0,1,890.0,0.0,0.0,0.0,0.0,0.0,23
2023-05-11 09:04:43,CF311C15600,棉花2311购15600,890.0,0.0,0.0,0.0,10,601.0,1397.0,10,890.0,0.0,0.0,0.0,0.0,0.0,23
2023-05-11 09:04:45,CF311C15600,棉花2311购15600,890.0,0.0,0.0,0.0,10,601.0,1394.0,1,890.0,0.0,0.0,0.0,0.0,0.0,23
2023-05-11 09:04:45,CF311C15600,棉花2311购15600,890.0,0.0,0.0,0.0,10,601.0,1393.0,10,890.0,0.0,0.0,0.0,0.0,0.0,23
2023-05-11 09:04:46,CF311C15600,棉花2311购15600,890.0,0.0,0.0,0.0,10,601.0,1390.0,1,890.0,0.0,0.0,0.0,0.0,0.0,23
2023-05-11 09:04:46,CF311C15600,棉花2311购15600,890.0,0.0,0.0,0.0,10,601.0,1389.0,10,890.0,0.0,0.0,0.0,0.0,0.0,23
2023-05-11 09:04:47,CF311C15600,棉花2311购15600,890.0,0.0,0.0,0.0,10,601.0,1386.0,1,890.0,0.0,0.0,0.0,0.0,0.0,23
2023-05-11 09:04:47,CF311C15600,棉花2311购15600,890.0,0.0,0.0,0.0,10,601.0,1385.0,10,890.0,0.0,0.0,0.0,0.0,0.0,23
2023-05-11 09:04:48,CF311C15600,棉花2311购15600,890.0,0.0,0.0,0.0,10,601.0,1382.0,1,890.0,0.0,0.0,0.0,0.0,0.0,23
2023-05-11 09:04:48,CF311C15600,棉花2311购15600,890.0,0.0,0.0,0.0,10,601.0,1381.0,10,890.0,0.0,0.0,0.0,0.0,0.0,23
2023-05-11 09:04:49,CF311C15600,棉花2311购15600,890.0,0.0,0.0,0.0,10,601.0,1378.0,1,890.0,0.0,0.0,0.0,0.0,0.0,23
2023-05-11 09:04:49,CF311C15600,棉花2311购15600,890.0,0.0,0.0,0.0,10,601.0,1377.0,10,890.0,0.0,0.0,0.0,0.0,0.0,23
2023-05-11 09:04:50,CF311C15600,棉花2311购15600,890.0,0.0,0.0,0.0,10,601.0,1374.0,1,890.0,0.0,0.0,0.0,0.0,0.0,23
2023-05-11 09:04:50,CF311C15600,棉花2311购15600,890.0,0.0,0.0,0.0,10,601.0,1373.0,10,890.0,0.0,0.0,0.0,0.0,0.0,23
2023-05-11 09:04:51,CF311C15600,棉花2311购15600,890.0,0.0,0.0,0.0,10,601.0,1370.0,1,890.0,0.0,0.0,0.0,0.0,0.0,23
2023-05-11 09:04:51,CF311C15600,棉花2311购15600,890.0,0.0,0.0,0.0,10,601.0,1369.0,10,890.0,0.0,0.0,0.0,0.0,0.0,23
2023-05-11 09:04:52,CF311C15600,棉花2311购15600,890.0,0.0,0.0,0.0,10,601.0,1366.0,1,890.0,0.0,0.0,0.0,0.0,0.0,23
2023-05-11 09:04:52,CF311C15600,棉花2311购15600,890.0,0.0,0.0,0.0,10,601.0,1365.0,10,890.0,0.0,0.0,0.0,0.0,0.0,23
2023-05-11 09:04:53,CF311C15600,棉花2311购15600,890.0,0.0,0.0,0.0,10,601.0,1362.0,1,890.0,0.0,0.0,0.0,0.0,0.0,23
2023-05-11 09:04:53,CF311C15600,棉花2311购15600,890.0,0.0,0.0,0.0,10,601.0,1361.0,10,890.0,0.0,0.0,0.0,0.0,0.0,23
2023-05-11 09:04:54,CF311C15600,棉花2311购15600,890.0,0.0,0.0,0.0,10,601.0,1358.0,1,890.0,0.0,0.0,0.0,0.0,0.0,23
2023-05-11 09:04:54,CF311C15600,棉花2311购15600,890.0,0.0,0.0,0.0,10,601.0,1357.0,10,890.0,0.0,0.0,0.0,0.0,0.0,23
2023-05-11 09:04:55,CF311C15600,棉花2311购15600,890.0,0.0,0.0,0.0,10,601.0,1354.0,1,890.0,0.0,0.0,0.0,0.0,0.0,23
2023-05-11 09:04:55,CF311C15600,棉花2311购15600,890.0,0.0,0.0,0.0,10,601.0,1353.0,10,890.0,0.0,0.0,0.0,0.0,0.0,23
2023-05-11 09:04:56,CF311C15600,棉花2311购15600,890.0,0.0,0.0,0.0,10,601.0,1350.0,1,890.0,0.0,0.0,0.0,0.0,0.0,23
2023-05-11 09:04:56,CF311C15600,棉花2311购15600,890.0,0.0,0.0,0.0,10,601.0,1349.0,10,890.0,0.0,0.0,0.0,0.0,0.0,23
2023-05-11 09:04:57,CF311C15600,棉花2311购15600,890.0,0.0,0.0,0.0,10,601.0,1346.0,1,890.0,0.0,0.0,0.0,0.0,0.0,23
2023-05-11 09:04:57,CF311C15600,棉花2311购15600,890.0,0.0,0.0,0.0,10,601.0,1345.0,10,890.0,0.0,0.0,0.0,0.0,0.0,23
2023-05-11 09:04:58,CF311C15600,棉花2311购15600,890.0,0.0,0.0,0.0,10,601.0,1342.0,1,890.0,0.0,0.0,0.0,0.0,0.0,23
2023-05-11 09:04:58,CF311C15600,棉花2311购15600,890.0,0.0,0.0,0.0,10,601.0,1341.0,10,890.0,0.0,0.0,0.0,0.0,0.0,23
2023-05-11 09:04:59,CF311C15600,棉花2311购15600,890.0,0.0,0.0,0.0,10,601.0,1338.0,1,890.0,0.0,0.0,0.0,0.0,0.0,23
2023-05-11 09:04:59,CF311C15600,棉花2311购15600,890.0,0.0,0.0,0.0,10,601.0,1337.0,10,890.0,0.0,0.0,0.0,0.0,0.0,23
2023-05-11 09:05:00,CF311C15600,棉花2311购15600,890.0,0.0,0.0,0.0,10,601.0,1334.0,1,890.0,0.0,0.0,0.0,0.0,0.0,23
2023-05-11 09:05:00,CF311C15600,棉花2311购15600,890.0,0.0,0.0,0.0,10,601.0,1333.0,10,890.0,0.0,0.0,0.0,0.0,0.0,23
2023-05-11 09:05:01,CF311C15600,棉花2311购15600,890.0,0.0,0.0,0.0,10,601.0,1330.0,1,890.0,0.0,0.0,0.0,0.0,0.0,23
2023-05-11 09:05:01,CF311C15600,棉花2311购15600,890.0,0.0,0.0,0.0,10,601.0,1329.0,10,890.0,0.0,0.0,0.0,0.0,0.0,23
2023-05-11 09:05:02,CF311C15600,棉花2311购15600,890.0,0.0,0.0,0.0,10,601.0,1326.0,1,890.0,0.0,0.0,0.0,0.0,0.0,23
2023-05-11 09:05:02,CF311C15600,棉花2311购15600,890.0,0.0,0.0,0.0,10,601.0,1325.0,10,890.0,0.0,0.0,0.0,0.0,0.0,23
2023-05-11 09:05:03,CF311C15600,棉花2311购15600,890.0,0.0,0.0,0.0,10,601.0,1322.0,1,890.0,0.0,0.0,0.0,0.0,0.0,23
2023-05-11 09:05:03,CF311C15600,棉花2311购15600,890.0,0.0,0.0,0.0,10,601.0,1321.0,10,890.0,0.0,0.0,0.0,0.0,0.0,23
2023-05-11 09:05:04,CF311C15600,棉花2311购15600,890.0,0.0,0.0,0.0,10,601.0,1318.0,1,890.0,0.0,0.0,0.0,0.0,0.0,23
2023-05-11 09:05:04,CF311C15600,棉花2311购15600,890.0,0.0,0.0,0.0,10,601.0,1317.0,10,890.0,0.0,0.0,0.0,0.0,0.0,23
2023-05-11 09:05:05,CF311C15600,棉花2311购15600,890.0,0.0,0.0,0.0,10,601.0,1314.0,1,890.0,0.0,0.0,0.0,0.0,0.0,23
2023-05-11 09:05:05,CF311C15600,棉花2311购15600,890.0,0.0,0.0,0.0,10,601.0,1313.0,10,890.0,0.0,0.0,0.0,0.0,0.0,23
2023-05-11 09:05:06,CF311C15600,棉花2311购15600,890.0,0.0,0.0,0.0,10,601.0,1310.0,1,890.0,0.0,0.0,0.0,0.0,0.0,23
2023-05-11 09:05:06,CF311C15600,棉花2311购15600,890.0,0.0,0.0,0.0,10,601.0,1309.0,10,890.0,0.0,0.0,0.0,0.0,0.0,23
2023-05-11 09:05:07,CF311C15600,棉花2311购15600,890.0,0.0,0.0,0.0,10,601.0,1306.0,1,890.0,0.0,0.0,0.0,0.0,0.0,23
2023-05-11 09:05:07,CF311C15600,棉花2311购15600,890.0,0.0,0.0,0.0,10,601.0,1305.0,10,890.0,0.0,0.0,0.0,0.0,0.0,23
2023-05-11 09:05:08,CF311C15600,棉花2311购15600,890.0,0.0,0.0,0.0,10,601.0,1302.0,1,890.0,0.0,0.0,0.0,0.0,0.0,23
2023-05-11 09:05:08,CF311C15600,棉花2311购15600,890.0,0.0,0.0,0.0,10,601.0,1301.0,10,890.0,0.0,0.0,0.0,0.0,0.0,23
2023-05-11 09:05:09,CF311C15600,棉花2311购15600,890.0,0.0,0.0,0.0,10,601.0,1298.0,1,890.0,0.0,0.0,0.0,0.0,0.0,23
2023-05-11 09:05:09,CF311C15600,棉花2311购15600,890.0,0.0,0.0,0.0,10,601.0,1297.0,10,890.0,0.0,0.0,0.0,0.0,0.0,23
2023-05-11 09:05:10,CF311C15600,棉花2311购15600,890.0,0.0,0.0,0.0,10,601.0,1294.0,1,890.0,0.0,0.0,0.0,0.0,0.0,23
2023-05-11 09:05:10,CF311C15600,棉花2311购15600,890.0,0.0,0.0,0.0,10,601.0,1293.0,10,890.0,0.0,0.0,0.0,0.0,0.0,23
2023-05-11 09:05:11,CF311C15600,棉花2311购15600,890.0,0.0,0.0,0.0,10,601.0,1290.0,1,890.0,0.0,0.0,0.0,0.0,0.0,23
2023-05-11 09:05:11,CF311C15600,棉花2311购15600,890.0,0.0,0.0,0.0,10,601.0,1289.0,10,890.0,0.0,0.0,0.0,0.0,0.0,23
2023-05-11 09:05:12,CF311C15600,棉花2311购15600,890.0,0.0,0.0,0.0,10,601.0,1286.0,1,890.0,0.0,0.0,0.0,0.0,0.0,23
2023-05-11 09:05:12,CF311C15600,棉花2311购15600,890.0,0.0,0.0,0.0,10,601.0,1285.0,10,890.0,0.0,0.0,0.0,0.0,0.0,23
2023-05-11 09:05:13,CF311C15600,棉花2311购15600,890.0,0.0,0.0,0.0,10,601.0,1282.0,1,890.0,0.0,0.0,0.0,0.0,0.0,23
2023-05-11 09:05:13,CF311C15600,棉花2311购15600,890.0,0.0,0.0,0.0,10,601.0,1281.0,10,890.0,0.0,0.0,0.0,0.0,0.0,23
2023-05-11 09:05:14,CF311C15600,棉花2311购15600,890.0,0.0,0.0,0.0,10,601.0,1278.0,1,890.0,0.0,0.0,0.0,0.0,0.0,23
2023-05-11 09:05:14,CF311C15600,棉花2311购15600,890.0,0.0,0.0,0.0,10,601.0,1277.0,10,890.0,0.0,0.0,0.0,0.0,0.0,23
2023-05-11 09:05:15,CF311C15600,棉花2311购15600,890.0,0.0,0.0,0.0,10,601.0,1274.0,1,890.0,0.0,0.0,0.0,0.0,0.0,23
2023-05-11 09:05:15,CF311C15600,棉花2311购15600,890.0,0.0,0.0,0.0,10,601.0,1273.0,10,890.0,0.0,0.0,0.0,0.0,0.0,23
2023-05-11 09:05:16,CF311C15600,棉花2311购15600,890.0,0.0,0.0,0.0,10,601.0,1270.0,1,890.0,0.0,0.0,0.0,0.0,0.0,23
2023-05-11 09:05:16,CF311C15600,棉花2311购15600,890.0,0.0,0.0,0.0,10,601.0,1269.0,10,890.0,0.0,0.0,0.0,0.0,0.0,23
2023-05-11 09:05:16,CF311C15600,棉花2311购15600,890.0,0.0,0.0,0.0,10,601.0,1270.0,1,890.0,0.0,0.0,0.0,0.0,0.0,23
2023-05-11 09:05:16,CF311C15600,棉花2311购15600,890.0,0.0,0.0,0.0,10,601.0,1269.0,10,890.0,0.0,0.0,0.0,0.0,0.0,23
2023-05-11 09:15:42,CF311C15600,棉花2311购15600,890.0,0.0,0.0,0.0,10,601.0,1266.0,1,890.0,0.0,0.0,0.0,0.0,0.0,23
2023-05-11 09:15:42,CF311C15600,棉花2311购15600,890.0,0.0,0.0,0.0,10,601.0,1265.0,10,890.0,0.0,0.0,0.0,0.0,0.0,23
2023-05-11 09:15:43,CF311C15600,棉花2311购15600,890.0,0.0,0.0,0.0,10,601.0,1262.0,1,890.0,0.0,0.0,0.0,0.0,0.0,23
2023-05-11 09:15:43,CF311C15600,棉花2311购15600,890.0,0.0,0.0,0.0,10,601.0,1261.0,10,890.0,0.0,0.0,0.0,0.0,0.0,23
2023-05-11 09:15:44,CF311C15600,棉花2311购15600,890.0,0.0,0.0,0.0,10,601.0,1258.0,1,890.0,0.0,0.0,0.0,0.0,0.0,23
2023-05-11 09:15:44,CF311C15600,棉花2311购15600,890.0,0.0,0.0,0.0,10,601.0,1257.0,10,890.0,0.0,0.0,0.0,0.0,0.0,23
2023-05-11 09:15:45,CF311C15600,棉花2311购15600,890.0,0.0,0.0,0.0,10,601.0,1254.0,1,890.0,0.0,0.0,0.0,0.0,0.0,23
2023-05-11 09:15:45,CF311C15600,棉花2311购15600,890.0,0.0,0.0,0.0,10,601.0,1253.0,10,890.0,0.0,0.0,0.0,0.0,0.0,23
2023-05-11 09:15:46,CF311C15600,棉花2311购15600,890.0,0.0,0.0,0.0,10,601.0,1250.0,1,890.0,0.0,0.0,0.0,0.0,0.0,23
2023-05-11 09:15:46,CF311C15600,棉花2311购15600,890.0,0.0,0.0,0.0,10,601.0,1249.0,10,890.0,0.0,0.0,0.0,0.0,0.0,23
2023-05-11 09:15:47,CF311C15600,棉花2311购15600,890.0,0.0,0.0,0.0,10,601.0,1246.0,1,890.0,0.0,0.0,0.0,0.0,0.0,23
2023-05-11 09:15:47,CF311C15600,棉花2311购15600,890.0,0.0,0.0,0.0,10,601.0,1245.0,10,890.0,0.0,0.0,0.0,0.0,0.0,23
2023-05-11 09:15:48,CF311C15600,棉花2311购15600,890.0,0.0,0.0,0.0,10,601.0,1242.0,1,890.0,0.0,0.0,0.0,0.0,0.0,23
2023-05-11 09:15:48,CF311C15600,棉花2311购15600,890.0,0.0,0.0,0.0,10,601.0,1241.0,10,890.0,0.0,0.0,0.0,0.0,0.0,23
2023-05-11 09:15:49,CF311C15600,棉花2311购15600,890.0,0.0,0.0,0.0,10,601.0,1238.0,1,890.0,0.0,0.0,0.0,0.0,0.0,23
2023-05-11 09:15:49,CF311C15600,棉花2311购15600,890.0,0.0,0.0,0.0,10,601.0,1237.0,10,890.0,0.0,0.0,0.0,0.0,0.0,23
2023-05-11 09:15:50,CF311C15600,棉花2311购15600,890.0,0.0,0.0,0.0,10,601.0,1234.0,1,890.0,0.0,0.0,0.0,0.0,0.0,23
2023-05-11 09:15:50,CF311C15600,棉花2311购15600,890.0,0.0,0.0,0.0,10,601.0,1233.0,10,890.0,0.0,0.0,0.0,0.0,0.0,23
2023-05-11 09:15:51,CF311C15600,棉花2311购15600,890.0,0.0,0.0,0.0,10,601.0,1230.0,1,890.0,0.0,0.0,0.0,0.0,0.0,23
2023-05-11 09:15:51,CF311C15600,棉花2311购15600,890.0,0.0,0.0,0.0,10,601.0,1229.0,10,890.0,0.0,0.0,0.0,0.0,0.0,23
2023-05-11 09:35:42,CF311C15600,棉花2311购15600,890.0,0.0,0.0,0.0,10,601.0,1226.0,1,890.0,0.0,0.0,0.0,0.0,0.0,23
2023-05-11 09:35:42,CF311C15600,棉花2311购15600,890.0,0.0,0.0,0.0,10,601.0,1225.0,10,890.0,0.0,0.0,0.0,0.0,0.0,23
2023-05-11 09:35:43,CF311C15600,棉花2311购15600,890.0,0.0,0.0,0.0,10,601.0,1222.0,1,890.0,0.0,0.0,0.0,0.0,0.0,23
2023-05-11 09:35:43,CF311C15600,棉花2311购15600,890.0,0.0,0.0,0.0,10,601.0,1221.0,10,890.0,0.0,0.0,0.0,0.0,0.0,23
2023-05-11 09:35:44,CF311C15600,棉花2311购15600,890.0,0.0,0.0,0.0,10,601.0,1218.0,1,890.0,0.0,0.0,0.0,0.0,0.0,23
2023-05-11 09:35:44,CF311C15600,棉花2311购15600,890.0,0.0,0.0,0.0,10,601.0,1217.0,10,890.0,0.0,0.0,0.0,0.0,0.0,23
2023-05-11 09:35:45,CF311C15600,棉花2311购15600,890.0,0.0,0.0,0.0,10,601.0,1214.0,1,890.0,0.0,0.0,0.0,0.0,0.0,23
2023-05-11 09:35:45,CF311C15600,棉花2311购15600,890.0,0.0,0.0,0.0,10,601.0,1213.0,10,890.0,0.0,0.0,0.0,0.0,0.0,23
2023-05-11 09:35:46,CF311C15600,棉花2311购15600,890.0,0.0,0.0,0.0,10,601.0,1210.0,1,890.0,0.0,0.0,0.0,0.0,0.0,23
2023-05-11 09:35:46,CF311C15600,棉花2311购15600,890.0,0.0,0.0,0.0,10,601.0,1209.0,10,890.0,0.0,0.0,0.0,0.0,0.0,23
2023-05-11 09:35:47,CF311C15600,棉花2311购15600,890.0,0.0,0.0,0.0,10,601.0,1206.0,1,890.0,0.0,0.0,0.0,0.0,0.0,23
2023-05-11 09:35:47,CF311C15600,棉花2311购15600,890.0,0.0,0.0,0.0,10,601.0,1205.0,10,890.0,0.0,0.0,0.0,0.0,0.0,23
2023-05-11 09:35:48,CF311C15600,棉花2311购15600,890.0,0.0,0.0,0.0,10,601.0,1202.0,1,890.0,0.0,0.0,0.0,0.0,0.0,23
2023-05-11 09:35:48,CF311C15600,棉花2311购15600,890.0,0.0,0.0,0.0,10,601.0,1201.0,10,890.0,0.0,0.0,0.0,0.0,0.0,23
2023-05-11 09:35:49,CF311C15600,棉花2311购15600,890.0,0.0,0.0,0.0,10,601.0,1198.0,1,890.0,0.0,0.0,0.0,0.0,0.0,23
2023-05-11 09:35:49,CF311C15600,棉花2311购15600,890.0,0.0,0.0,0.0,10,601.0,1197.0,10,890.0,0.0,0.0,0.0,0.0,0.0,23
2023-05-11 09:35:50,CF311C15600,棉花2311购15600,890.0,0.0,0.0,0.0,10,601.0,1194.0,1,890.0,0.0,0.0,0.0,0.0,0.0,23
2023-05-11 09:35:50,CF311C15600,棉花2311购15600,890.0,0.0,0.0,0.0,10,601.0,1193.0,10,890.0,0.0,0.0,0.0,0.0,0.0,23
2023-05-11 09:35:51,CF311C15600,棉花2311购15600,890.0,0.0,0.0,0.0,10,601.0,1190.0,1,890.0,0.0,0.0,0.0,0.0,0.0,23
2023-05-11 09:35:51,CF311C15600,棉花2311购15600,890.0,0.0,0.0,0.0,10,601.0,1189.0,10,890.0,0.0,0.0,0.0,0.0,0.0,23
2023-05-11 09:47:13,CF311C15600,棉花2311购15600,890.0,0.0,0.0,0.0,3,824.0,887.0,3,890.0,0.0,0.0,0.0,0.0,0.0,23
2023-05-11 09:47:14,CF311C15600,棉花2311购15600,890.0,0.0,0.0,0.0,9,824.0,887.0,6,890.0,0.0,0.0,0.0,0.0,0.0,23
2023-05-11 09:47:14,CF311C15600,棉花2311购15600,890.0,0.0,0.0,0.0,12,824.0,887.0,9,890.0,0.0,0.0,0.0,0.0,0.0,23
2023-05-11 09:47:15,CF311C15600,棉花2311购15600,890.0,0.0,0.0,0.0,15,824.0,887.0,9,890.0,0.0,0.0,0.0,0.0,0.0,23
2023-05-11 09:47:16,CF311C15600,棉花2311购15600,890.0,0.0,0.0,0.0,15,824.0,887.0,12,890.0,0.0,0.0,0.0,0.0,0.0,23
2023-05-11 09:47:19,CF311C15600,棉花2311购15600,890.0,0.0,0.0,0.0,18,824.0,887.0,15,890.0,0.0,0.0,0.0,0.0,0.0,23
2023-05-11 09:47:20,CF311C15600,棉花2311购15600,890.0,0.0,0.0,0.0,21,824.0,877.0,3,890.0,0.0,0.0,0.0,0.0,0.0,23
2023-05-11 09:47:21,CF311C15600,棉花2311购15600,890.0,0.0,0.0,0.0,18,824.0,877.0,6,890.0,0.0,0.0,0.0,0.0,0.0,23
2023-05-11 09:47:21,CF311C15600,棉花2311购15600,890.0,0.0,0.0,0.0,24,824.0,877.0,12,890.0,0.0,0.0,0.0,0.0,0.0,23
2023-05-11 09:47:22,CF311C15600,棉花2311购15600,890.0,0.0,0.0,0.0,27,824.0,877.0,12,890.0,0.0,0.0,0.0,0.0,0.0,23
2023-05-11 09:47:24,CF311C15600,棉花2311购15600,890.0,0.0,0.0,0.0,30,824.0,877.0,15,890.0,0.0,0.0,0.0,0.0,0.0,23
2023-05-11 09:47:24,CF311C15600,棉花2311购15600,890.0,0.0,0.0,0.0,27,824.0,877.0,15,890.0,0.0,0.0,0.0,0.0,0.0,23
2023-05-11 09:47:26,CF311C15600,棉花2311购15600,890.0,0.0,0.0,0.0,27,824.0,877.0,18,890.0,0.0,0.0,0.0,0.0,0.0,23
2023-05-11 09:47:31,CF311C15600,棉花2311购15600,890.0,0.0,0.0,0.0,24,824.0,877.0,18,890.0,0.0,0.0,0.0,0.0,0.0,23
2023-05-11 09:47:31,CF311C15600,棉花2311购15600,890.0,0.0,0.0,0.0,21,824.0,877.0,15,890.0,0.0,0.0,0.0,0.0,0.0,23
2023-05-11 09:47:32,CF311C15600,棉花2311购15600,890.0,0.0,0.0,0.0,18,824.0,877.0,12,890.0,0.0,0.0,0.0,0.0,0.0,23
2023-05-11 09:47:33,CF311C15600,棉花2311购15600,890.0,0.0,0.0,0.0,12,824.0,877.0,9,890.0,0.0,0.0,0.0,0.0,0.0,23
2023-05-11 09:47:34,CF311C15600,棉花2311购15600,890.0,0.0,0.0,0.0,9,824.0,877.0,9,890.0,0.0,0.0,0.0,0.0,0.0,23
2023-05-11 09:47:34,CF311C15600,棉花2311购15600,890.0,0.0,0.0,0.0,3,824.0,877.0,3,890.0,0.0,0.0,0.0,0.0,0.0,23
2023-05-11 09:47:37,CF311C15600,棉花2311购15600,890.0,0.0,0.0,0.0,10,119.0,0.0,0,890.0,0.0,0.0,0.0,0.0,0.0,23
2023-05-11 09:47:37,CF311C15600,棉花2311购15600,890.0,0.0,0.0,0.0,2,132.0,1841.0,10,890.0,0.0,0.0,0.0,0.0,0.0,23
2023-05-11 09:47:38,CF311C15600,棉花2311购15600,890.0,0.0,0.0,0.0,10,133.0,1841.0,10,890.0,0.0,0.0,0.0,0.0,0.0,23
2023-05-11 09:47:39,CF311C15600,棉花2311购15600,890.0,0.0,0.0,0.0,2,146.0,1838.0,1,890.0,0.0,0.0,0.0,0.0,0.0,23
2023-05-11 09:47:40,CF311C15600,棉花2311购15600,890.0,0.0,0.0,0.0,1,149.0,1837.0,10,890.0,0.0,0.0,0.0,0.0,0.0,23
2023-05-11 09:47:40,CF311C15600,棉花2311购15600,890.0,0.0,0.0,0.0,10,150.0,1837.0,10,890.0,0.0,0.0,0.0,0.0,0.0,23
2023-05-11 09:47:41,CF311C15600,棉花2311购15600,890.0,0.0,0.0,0.0,1,153.0,1834.0,1,890.0,0.0,0.0,0.0,0.0,0.0,23
2023-05-11 09:47:41,CF311C15600,棉花2311购15600,890.0,0.0,0.0,0.0,2,166.0,1833.0,10,890.0,0.0,0.0,0.0,0.0,0.0,23
2023-05-11 09:47:42,CF311C15600,棉花2311购15600,890.0,0.0,0.0,0.0,1,169.0,1830.0,1,890.0,0.0,0.0,0.0,0.0,0.0,23
2023-05-11 09:47:42,CF311C15600,棉花2311购15600,890.0,0.0,0.0,0.0,10,170.0,1829.0,10,890.0,0.0,0.0,0.0,0.0,0.0,23
2023-05-11 09:47:44,CF311C15600,棉花2311购15600,890.0,0.0,0.0,0.0,2,183.0,1829.0,10,890.0,0.0,0.0,0.0,0.0,0.0,23
2023-05-11 09:47:44,CF311C15600,棉花2311购15600,890.0,0.0,0.0,0.0,10,184.0,1829.0,10,890.0,0.0,0.0,0.0,0.0,0.0,23
2023-05-11 09:47:46,CF311C15600,棉花2311购15600,890.0,0.0,0.0,0.0,2,197.0,1829.0,10,890.0,0.0,0.0,0.0,0.0,0.0,23
2023-05-11 09:47:46,CF311C15600,棉花2311购15600,890.0,0.0,0.0,0.0,10,198.0,1829.0,10,890.0,0.0,0.0,0.0,0.0,0.0,23
2023-05-11 09:47:48,CF311C15600,棉花2311购15600,890.0,0.0,0.0,0.0,2,211.0,1829.0,10,890.0,0.0,0.0,0.0,0.0,0.0,23
2023-05-11 09:47:48,CF311C15600,棉花2311购15600,890.0,0.0,0.0,0.0,10,212.0,1829.0,10,890.0,0.0,0.0,0.0,0.0,0.0,23
2023-05-11 09:47:50,CF311C15600,棉花2311购15600,890.0,0.0,0.0,0.0,2,225.0,1829.0,10,890.0,0.0,0.0,0.0,0.0,0.0,23
2023-05-11 09:47:50,CF311C15600,棉花2311购15600,890.0,0.0,0.0,0.0,10,226.0,1829.0,10,890.0,0.0,0.0,0.0,0.0,0.0,23
2023-05-11 09:47:52,CF311C15600,棉花2311购15600,890.0,0.0,0.0,0.0,2,239.0,1829.0,10,890.0,0.0,0.0,0.0,0.0,0.0,23
2023-05-11 09:47:52,CF311C15600,棉花2311购15600,890.0,0.0,0.0,0.0,10,240.0,1829.0,10,890.0,0.0,0.0,0.0,0.0,0.0,23
2023-05-11 09:47:54,CF311C15600,棉花2311购15600,890.0,0.0,0.0,0.0,2,253.0,1829.0,10,890.0,0.0,0.0,0.0,0.0,0.0,23
2023-05-11 09:47:55,CF311C15600,棉花2311购15600,890.0,0.0,0.0,0.0,10,254.0,1829.0,10,890.0,0.0,0.0,0.0,0.0,0.0,23
2023-05-11 09:47:56,CF311C15600,棉花2311购15600,890.0,0.0,0.0,0.0,2,267.0,1829.0,10,890.0,0.0,0.0,0.0,0.0,0.0,23
2023-05-11 09:47:57,CF311C15600,棉花2311购15600,890.0,0.0,0.0,0.0,10,268.0,1829.0,10,890.0,0.0,0.0,0.0,0.0,0.0,23
2023-05-11 09:47:58,CF311C15600,棉花2311购15600,890.0,0.0,0.0,0.0,2,281.0,1829.0,10,890.0,0.0,0.0,0.0,0.0,0.0,23
2023-05-11 09:47:58,CF311C15600,棉花2311购15600,890.0,0.0,0.0,0.0,10,282.0,1829.0,10,890.0,0.0,0.0,0.0,0.0,0.0,23
2023-05-11 09:48:00,CF311C15600,棉花2311购15600,890.0,0.0,0.0,0.0,2,295.0,1829.0,10,890.0,0.0,0.0,0.0,0.0,0.0,23
2023-05-11 09:48:00,CF311C15600,棉花2311购15600,890.0,0.0,0.0,0.0,10,296.0,1829.0,10,890.0,0.0,0.0,0.0,0.0,0.0,23
2023-05-11 09:48:02,CF311C15600,棉花2311购15600,890.0,0.0,0.0,0.0,2,309.0,1829.0,10,890.0,0.0,0.0,0.0,0.0,0.0,23
2023-05-11 09:48:02,CF311C15600,棉花2311购15600,890.0,0.0,0.0,0.0,10,310.0,1829.0,10,890.0,0.0,0.0,0.0,0.0,0.0,23
2023-05-11 09:48:03,CF311C15600,棉花2311购15600,890.0,0.0,0.0,0.0,2,323.0,1829.0,10,890.0,0.0,0.0,0.0,0.0,0.0,23
2023-05-11 09:48:04,CF311C15600,棉花2311购15600,890.0,0.0,0.0,0.0,10,324.0,1829.0,10,890.0,0.0,0.0,0.0,0.0,0.0,23
2023-05-11 09:48:05,CF311C15600,棉花2311购15600,890.0,0.0,0.0,0.0,2,337.0,1829.0,10,890.0,0.0,0.0,0.0,0.0,0.0,23
2023-05-11 09:48:06,CF311C15600,棉花2311购15600,890.0,0.0,0.0,0.0,10,338.0,1829.0,10,890.0,0.0,0.0,0.0,0.0,0.0,23
2023-05-11 09:48:07,CF311C15600,棉花2311购15600,890.0,0.0,0.0,0.0,2,351.0,1829.0,10,890.0,0.0,0.0,0.0,0.0,0.0,23
2023-05-11 09:48:07,CF311C15600,棉花2311购15600,890.0,0.0,0.0,0.0,10,352.0,1829.0,10,890.0,0.0,0.0,0.0,0.0,0.0,23
2023-05-11 09:48:08,CF311C15600,棉花2311购15600,890.0,0.0,0.0,0.0,2,365.0,1829.0,10,890.0,0.0,0.0,0.0,0.0,0.0,23
2023-05-11 09:48:09,CF311C15600,棉花2311购15600,890.0,0.0,0.0,0.0,10,366.0,1829.0,10,890.0,0.0,0.0,0.0,0.0,0.0,23
2023-05-11 09:48:10,CF311C15600,棉花2311购15600,890.0,0.0,0.0,0.0,2,379.0,1829.0,10,890.0,0.0,0.0,0.0,0.0,0.0,23
2023-05-11 09:48:10,CF311C15600,棉花2311购15600,890.0,0.0,0.0,0.0,10,380.0,1829.0,10,890.0,0.0,0.0,0.0,0.0,0.0,23
2023-05-11 09:48:12,CF311C15600,棉花2311购15600,890.0,0.0,0.0,0.0,2,393.0,1829.0,10,890.0,0.0,0.0,0.0,0.0,0.0,23
2023-05-11 09:48:12,CF311C15600,棉花2311购15600,890.0,0.0,0.0,0.0,10,394.0,1829.0,10,890.0,0.0,0.0,0.0,0.0,0.0,23
2023-05-11 09:48:13,CF311C15600,棉花2311购15600,890.0,0.0,0.0,0.0,2,407.0,1829.0,10,890.0,0.0,0.0,0.0,0.0,0.0,23
2023-05-11 09:48:13,CF311C15600,棉花2311购15600,890.0,0.0,0.0,0.0,10,408.0,1829.0,10,890.0,0.0,0.0,0.0,0.0,0.0,23
2023-05-11 09:48:14,CF311C15600,棉花2311购15600,890.0,0.0,0.0,0.0,2,421.0,1829.0,10,890.0,0.0,0.0,0.0,0.0,0.0,23
2023-05-11 09:48:15,CF311C15600,棉花2311购15600,890.0,0.0,0.0,0.0,10,422.0,1829.0,10,890.0,0.0,0.0,0.0,0.0,0.0,23
2023-05-11 09:48:16,CF311C15600,棉花2311购15600,890.0,0.0,0.0,0.0,2,435.0,1829.0,10,890.0,0.0,0.0,0.0,0.0,0.0,23
2023-05-11 09:48:16,CF311C15600,棉花2311购15600,890.0,0.0,0.0,0.0,10,436.0,1829.0,10,890.0,0.0,0.0,0.0,0.0,0.0,23
2023-05-11 09:48:17,CF311C15600,棉花2311购15600,890.0,0.0,0.0,0.0,2,449.0,1829.0,10,890.0,0.0,0.0,0.0,0.0,0.0,23
2023-05-11 09:48:18,CF311C15600,棉花2311购15600,890.0,0.0,0.0,0.0,10,450.0,1829.0,10,890.0,0.0,0.0,0.0,0.0,0.0,23
2023-05-11 09:48:19,CF311C15600,棉花2311购15600,890.0,0.0,0.0,0.0,2,463.0,1829.0,10,890.0,0.0,0.0,0.0,0.0,0.0,23
2023-05-11 09:48:19,CF311C15600,棉花2311购15600,890.0,0.0,0.0,0.0,10,464.0,1829.0,10,890.0,0.0,0.0,0.0,0.0,0.0,23
2023-05-11 09:48:20,CF311C15600,棉花2311购15600,890.0,0.0,0.0,0.0,2,477.0,1829.0,10,890.0,0.0,0.0,0.0,0.0,0.0,23
2023-05-11 09:48:20,CF311C15600,棉花2311购15600,890.0,0.0,0.0,0.0,10,478.0,1829.0,10,890.0,0.0,0.0,0.0,0.0,0.0,23
2023-05-11 09:48:22,CF311C15600,棉花2311购15600,890.0,0.0,0.0,0.0,2,491.0,1829.0,10,890.0,0.0,0.0,0.0,0.0,0.0,23
2023-05-11 09:48:22,CF311C15600,棉花2311购15600,890.0,0.0,0.0,0.0,10,492.0,1829.0,10,890.0,0.0,0.0,0.0,0.0,0.0,23
2023-05-11 09:48:23,CF311C15600,棉花2311购15600,890.0,0.0,0.0,0.0,2,505.0,1829.0,10,890.0,0.0,0.0,0.0,0.0,0.0,23
2023-05-11 09:48:23,CF311C15600,棉花2311购15600,890.0,0.0,0.0,0.0,10,506.0,1829.0,10,890.0,0.0,0.0,0.0,0.0,0.0,23
2023-05-11 09:48:24,CF311C15600,棉花2311购15600,890.0,0.0,0.0,0.0,2,519.0,1829.0,10,890.0,0.0,0.0,0.0,0.0,0.0,23
2023-05-11 09:48:25,CF311C15600,棉花2311购15600,890.0,0.0,0.0,0.0,10,520.0,1829.0,10,890.0,0.0,0.0,0.0,0.0,0.0,23
2023-05-11 09:48:26,CF311C15600,棉花2311购15600,890.0,0.0,0.0,0.0,2,533.0,1829.0,10,890.0,0.0,0.0,0.0,0.0,0.0,23
2023-05-11 09:48:26,CF311C15600,棉花2311购15600,890.0,0.0,0.0,0.0,10,534.0,1829.0,10,890.0,0.0,0.0,0.0,0.0,0.0,23
2023-05-11 09:48:27,CF311C15600,棉花2311购15600,890.0,0.0,0.0,0.0,2,547.0,1829.0,10,890.0,0.0,0.0,0.0,0.0,0.0,23
2023-05-11 09:48:27,CF311C15600,棉花2311购15600,890.0,0.0,0.0,0.0,10,548.0,1829.0,10,890.0,0.0,0.0,0.0,0.0,0.0,23
2023-05-11 09:48:29,CF311C15600,棉花2311购15600,890.0,0.0,0.0,0.0,2,561.0,1829.0,10,890.0,0.0,0.0,0.0,0.0,0.0,23
2023-05-11 09:48:29,CF311C15600,棉花2311购15600,890.0,0.0,0.0,0.0,10,562.0,1829.0,10,890.0,0.0,0.0,0.0,0.0,0.0,23
2023-05-11 09:48:30,CF311C15600,棉花2311购15600,890.0,0.0,0.0,0.0,2,575.0,1829.0,10,890.0,0.0,0.0,0.0,0.0,0.0,23
2023-05-11 09:48:30,CF311C15600,棉花2311购15600,890.0,0.0,0.0,0.0,10,576.0,1829.0,10,890.0,0.0,0.0,0.0,0.0,0.0,23
2023-05-11 09:48:31,CF311C15600,棉花2311购15600,890.0,0.0,0.0,0.0,2,583.0,1829.0,10,890.0,0.0,0.0,0.0,0.0,0.0,23
2023-05-11 09:48:32,CF311C15600,棉花2311购15600,890.0,0.0,0.0,0.0,10,584.0,1829.0,10,890.0,0.0,0.0,0.0,0.0,0.0,23
2023-05-11 09:48:33,CF311C15600,棉花2311购15600,890.0,0.0,0.0,0.0,2,591.0,1829.0,10,890.0,0.0,0.0,0.0,0.0,0.0,23
2023-05-11 09:48:33,CF311C15600,棉花2311购15600,890.0,0.0,0.0,0.0,10,592.0,1829.0,10,890.0,0.0,0.0,0.0,0.0,0.0,23
2023-05-11 09:48:34,CF311C15600,棉花2311购15600,890.0,0.0,0.0,0.0,2,593.0,1829.0,10,890.0,0.0,0.0,0.0,0.0,0.0,23
2023-05-11 09:48:34,CF311C15600,棉花2311购15600,890.0,0.0,0.0,0.0,10,594.0,1829.0,10,890.0,0.0,0.0,0.0,0.0,0.0,23
2023-05-11 09:48:36,CF311C15600,棉花2311购15600,890.0,0.0,0.0,0.0,2,595.0,1829.0,10,890.0,0.0,0.0,0.0,0.0,0.0,23
2023-05-11 09:48:36,CF311C15600,棉花2311购15600,890.0,0.0,0.0,0.0,10,596.0,1829.0,10,890.0,0.0,0.0,0.0,0.0,0.0,23
2023-05-11 09:48:37,CF311C15600,棉花2311购15600,890.0,0.0,0.0,0.0,2,597.0,1829.0,10,890.0,0.0,0.0,0.0,0.0,0.0,23
2023-05-11 09:48:37,CF311C15600,棉花2311购15600,890.0,0.0,0.0,0.0,10,598.0,1829.0,10,890.0,0.0,0.0,0.0,0.0,0.0,23
2023-05-11 09:48:38,CF311C15600,棉花2311购15600,890.0,0.0,0.0,0.0,2,599.0,1829.0,10,890.0,0.0,0.0,0.0,0.0,0.0,23
2023-05-11 09:48:39,CF311C15600,棉花2311购15600,890.0,0.0,0.0,0.0,10,600.0,1829.0,10,890.0,0.0,0.0,0.0,0.0,0.0,23
2023-05-11 10:05:42,CF311C15600,棉花2311购15600,890.0,0.0,0.0,0.0,10,600.0,1826.0,1,890.0,0.0,0.0,0.0,0.0,0.0,23
2023-05-11 10:05:43,CF311C15600,棉花2311购15600,890.0,0.0,0.0,0.0,10,600.0,1825.0,10,890.0,0.0,0.0,0.0,0.0,0.0,23
2023-05-11 10:05:43,CF311C15600,棉花2311购15600,890.0,0.0,0.0,0.0,10,600.0,1822.0,1,890.0,0.0,0.0,0.0,0.0,0.0,23
2023-05-11 10:05:43,CF311C15600,棉花2311购15600,890.0,0.0,0.0,0.0,10,600.0,1821.0,10,890.0,0.0,0.0,0.0,0.0,0.0,23
2023-05-11 10:05:44,CF311C15600,棉花2311购15600,890.0,0.0,0.0,0.0,10,600.0,1818.0,1,890.0,0.0,0.0,0.0,0.0,0.0,23
2023-05-11 10:05:44,CF311C15600,棉花2311购15600,890.0,0.0,0.0,0.0,10,600.0,1817.0,10,890.0,0.0,0.0,0.0,0.0,0.0,23
2023-05-11 10:05:45,CF311C15600,棉花2311购15600,890.0,0.0,0.0,0.0,10,600.0,1814.0,1,890.0,0.0,0.0,0.0,0.0,0.0,23
2023-05-11 10:05:45,CF311C15600,棉花2311购15600,890.0,0.0,0.0,0.0,10,600.0,1813.0,10,890.0,0.0,0.0,0.0,0.0,0.0,23
2023-05-11 10:05:46,CF311C15600,棉花2311购15600,890.0,0.0,0.0,0.0,10,600.0,1810.0,1,890.0,0.0,0.0,0.0,0.0,0.0,23
2023-05-11 10:05:46,CF311C15600,棉花2311购15600,890.0,0.0,0.0,0.0,10,600.0,1809.0,10,890.0,0.0,0.0,0.0,0.0,0.0,23
2023-05-11 10:05:47,CF311C15600,棉花2311购15600,890.0,0.0,0.0,0.0,10,600.0,1806.0,1,890.0,0.0,0.0,0.0,0.0,0.0,23
2023-05-11 10:05:47,CF311C15600,棉花2311购15600,890.0,0.0,0.0,0.0,10,600.0,1805.0,10,890.0,0.0,0.0,0.0,0.0,0.0,23
2023-05-11 10:05:48,CF311C15600,棉花2311购15600,890.0,0.0,0.0,0.0,10,600.0,1802.0,1,890.0,0.0,0.0,0.0,0.0,0.0,23
2023-05-11 10:05:48,CF311C15600,棉花2311购15600,890.0,0.0,0.0,0.0,10,600.0,1801.0,10,890.0,0.0,0.0,0.0,0.0,0.0,23
2023-05-11 10:05:49,CF311C15600,棉花2311购15600,890.0,0.0,0.0,0.0,10,600.0,1798.0,1,890.0,0.0,0.0,0.0,0.0,0.0,23
2023-05-11 10:05:49,CF311C15600,棉花2311购15600,890.0,0.0,0.0,0.0,10,600.0,1797.0,10,890.0,0.0,0.0,0.0,0.0,0.0,23
2023-05-11 10:05:50,CF311C15600,棉花2311购15600,890.0,0.0,0.0,0.0,10,600.0,1794.0,1,890.0,0.0,0.0,0.0,0.0,0.0,23
2023-05-11 10:05:50,CF311C15600,棉花2311购15600,890.0,0.0,0.0,0.0,10,600.0,1793.0,10,890.0,0.0,0.0,0.0,0.0,0.0,23
2023-05-11 10:05:51,CF311C15600,棉花2311购15600,890.0,0.0,0.0,0.0,10,600.0,1790.0,1,890.0,0.0,0.0,0.0,0.0,0.0,23
2023-05-11 10:05:51,CF311C15600,棉花2311购15600,890.0,0.0,0.0,0.0,10,600.0,1789.0,10,890.0,0.0,0.0,0.0,0.0,0.0,23
2023-05-11 10:05:51,CF311C15600,棉花2311购15600,890.0,0.0,0.0,0.0,10,600.0,1790.0,1,890.0,0.0,0.0,0.0,0.0,0.0,23
