time,symbol_id,symbol_name,last,trade_volume,trade_amount,open_interest_change,bv1,bp1,ap1,av1,yesterday_close,today_open,today_high,today_low,volume,amount,open_interest
2023-05-10 19:12:58,CF311C15800,CF311C15800,795.0,0.0,0.0,0.0,0,0.0,0.0,0,795.0,0.0,0.0,0.0,0.0,0.0,35
2023-05-10 20:59:00,CF311C15800,CF311C15800,795.0,0.0,0.0,0.0,1,1.0,0.0,0,795.0,0.0,0.0,0.0,0.0,0.0,35
2023-05-10 21:00:02,CF311C15800,CF311C15800,795.0,0.0,0.0,0.0,10,2.0,0.0,0,795.0,0.0,0.0,0.0,0.0,0.0,35
2023-05-10 21:00:12,CF311C15800,CF311C15800,795.0,0.0,0.0,0.0,1,67.0,0.0,0,795.0,0.0,0.0,0.0,0.0,0.0,35
2023-05-10 21:00:12,CF311C15800,CF311C15800,795.0,0.0,0.0,0.0,10,68.0,0.0,0,795.0,0.0,0.0,0.0,0.0,0.0,35
2023-05-10 21:00:13,CF311C15800,CF311C15800,795.0,0.0,0.0,0.0,11,68.0,0.0,0,795.0,0.0,0.0,0.0,0.0,0.0,35
2023-05-10 21:00:51,CF311C15800,CF311C15800,795.0,0.0,0.0,0.0,1,69.0,0.0,0,795.0,0.0,0.0,0.0,0.0,0.0,35
2023-05-10 21:00:51,CF311C15800,CF311C15800,795.0,0.0,0.0,0.0,10,70.0,0.0,0,795.0,0.0,0.0,0.0,0.0,0.0,35
2023-05-10 21:01:12,CF311C15800,CF311C15800,795.0,0.0,0.0,0.0,2,83.0,0.0,0,795.0,0.0,0.0,0.0,0.0,0.0,35
2023-05-10 21:01:12,CF311C15800,CF311C15800,795.0,0.0,0.0,0.0,10,84.0,0.0,0,795.0,0.0,0.0,0.0,0.0,0.0,35
2023-05-10 21:01:14,CF311C15800,CF311C15800,795.0,0.0,0.0,0.0,1,87.0,1746.0,10,795.0,0.0,0.0,0.0,0.0,0.0,35
2023-05-10 21:01:14,CF311C15800,CF311C15800,795.0,0.0,0.0,0.0,10,88.0,1746.0,10,795.0,0.0,0.0,0.0,0.0,0.0,35
2023-05-10 21:01:15,CF311C15800,CF311C15800,795.0,0.0,0.0,0.0,1,91.0,1743.0,1,795.0,0.0,0.0,0.0,0.0,0.0,35
2023-05-10 21:01:15,CF311C15800,CF311C15800,795.0,0.0,0.0,0.0,2,101.0,1742.0,10,795.0,0.0,0.0,0.0,0.0,0.0,35
2023-05-10 21:01:16,CF311C15800,CF311C15800,795.0,0.0,0.0,0.0,10,102.0,1742.0,10,795.0,0.0,0.0,0.0,0.0,0.0,35
2023-05-10 21:01:16,CF311C15800,CF311C15800,795.0,0.0,0.0,0.0,1,105.0,1739.0,1,795.0,0.0,0.0,0.0,0.0,0.0,35
2023-05-10 21:01:17,CF311C15800,CF311C15800,795.0,0.0,0.0,0.0,10,106.0,1738.0,10,795.0,0.0,0.0,0.0,0.0,0.0,35
2023-05-10 21:01:18,CF311C15800,CF311C15800,795.0,0.0,0.0,0.0,2,119.0,1735.0,1,795.0,0.0,0.0,0.0,0.0,0.0,35
2023-05-10 21:01:19,CF311C15800,CF311C15800,795.0,0.0,0.0,0.0,10,120.0,1734.0,10,795.0,0.0,0.0,0.0,0.0,0.0,35
2023-05-10 21:01:20,CF311C15800,CF311C15800,795.0,0.0,0.0,0.0,2,133.0,1734.0,10,795.0,0.0,0.0,0.0,0.0,0.0,35
2023-05-10 21:01:21,CF311C15800,CF311C15800,795.0,0.0,0.0,0.0,1,136.0,1731.0,1,795.0,0.0,0.0,0.0,0.0,0.0,35
2023-05-10 21:01:21,CF311C15800,CF311C15800,795.0,0.0,0.0,0.0,10,137.0,1730.0,10,795.0,0.0,0.0,0.0,0.0,0.0,35
2023-05-10 21:01:22,CF311C15800,CF311C15800,795.0,0.0,0.0,0.0,1,140.0,1727.0,1,795.0,0.0,0.0,0.0,0.0,0.0,35
2023-05-10 21:01:22,CF311C15800,CF311C15800,795.0,0.0,0.0,0.0,2,150.0,1726.0,10,795.0,0.0,0.0,0.0,0.0,0.0,35
2023-05-10 21:01:23,CF311C15800,CF311C15800,795.0,0.0,0.0,0.0,1,153.0,1723.0,1,795.0,0.0,0.0,0.0,0.0,0.0,35
2023-05-10 21:01:23,CF311C15800,CF311C15800,795.0,0.0,0.0,0.0,10,154.0,1722.0,10,795.0,0.0,0.0,0.0,0.0,0.0,35
2023-05-10 21:01:24,CF311C15800,CF311C15800,795.0,0.0,0.0,0.0,2,167.0,1722.0,10,795.0,0.0,0.0,0.0,0.0,0.0,35
2023-05-10 21:01:25,CF311C15800,CF311C15800,795.0,0.0,0.0,0.0,10,168.0,1722.0,10,795.0,0.0,0.0,0.0,0.0,0.0,35
2023-05-10 21:01:25,CF311C15800,CF311C15800,795.0,0.0,0.0,0.0,1,171.0,1719.0,1,795.0,0.0,0.0,0.0,0.0,0.0,35
2023-05-10 21:01:26,CF311C15800,CF311C15800,795.0,0.0,0.0,0.0,10,172.0,1718.0,10,795.0,0.0,0.0,0.0,0.0,0.0,35
2023-05-10 21:01:27,CF311C15800,CF311C15800,795.0,0.0,0.0,0.0,2,185.0,1718.0,10,795.0,0.0,0.0,0.0,0.0,0.0,35
2023-05-10 21:01:27,CF311C15800,CF311C15800,795.0,0.0,0.0,0.0,10,186.0,1718.0,10,795.0,0.0,0.0,0.0,0.0,0.0,35
2023-05-10 21:01:28,CF311C15800,CF311C15800,795.0,0.0,0.0,0.0,1,189.0,1715.0,1,795.0,0.0,0.0,0.0,0.0,0.0,35
2023-05-10 21:01:28,CF311C15800,CF311C15800,795.0,0.0,0.0,0.0,10,190.0,1714.0,10,795.0,0.0,0.0,0.0,0.0,0.0,35
2023-05-10 21:01:29,CF311C15800,CF311C15800,795.0,0.0,0.0,0.0,2,202.0,1711.0,1,795.0,0.0,0.0,0.0,0.0,0.0,35
2023-05-10 21:01:29,CF311C15800,CF311C15800,795.0,0.0,0.0,0.0,10,203.0,1710.0,10,795.0,0.0,0.0,0.0,0.0,0.0,35
2023-05-10 21:01:30,CF311C15800,CF311C15800,795.0,0.0,0.0,0.0,1,206.0,1710.0,10,795.0,0.0,0.0,0.0,0.0,0.0,35
2023-05-10 21:01:30,CF311C15800,CF311C15800,795.0,0.0,0.0,0.0,10,207.0,1707.0,1,795.0,0.0,0.0,0.0,0.0,0.0,35
2023-05-10 21:01:31,CF311C15800,CF311C15800,795.0,0.0,0.0,0.0,2,220.0,1706.0,10,795.0,0.0,0.0,0.0,0.0,0.0,35
2023-05-10 21:01:31,CF311C15800,CF311C15800,795.0,0.0,0.0,0.0,10,221.0,1706.0,10,795.0,0.0,0.0,0.0,0.0,0.0,35
2023-05-10 21:01:33,CF311C15800,CF311C15800,795.0,0.0,0.0,0.0,2,234.0,1703.0,1,795.0,0.0,0.0,0.0,0.0,0.0,35
2023-05-10 21:01:33,CF311C15800,CF311C15800,795.0,0.0,0.0,0.0,10,235.0,1702.0,10,795.0,0.0,0.0,0.0,0.0,0.0,35
2023-05-10 21:01:35,CF311C15800,CF311C15800,795.0,0.0,0.0,0.0,2,248.0,1702.0,10,795.0,0.0,0.0,0.0,0.0,0.0,35
2023-05-10 21:01:35,CF311C15800,CF311C15800,795.0,0.0,0.0,0.0,10,252.0,1699.0,1,795.0,0.0,0.0,0.0,0.0,0.0,35
2023-05-10 21:01:36,CF311C15800,CF311C15800,795.0,0.0,0.0,0.0,10,252.0,1698.0,10,795.0,0.0,0.0,0.0,0.0,0.0,35
2023-05-10 21:01:36,CF311C15800,CF311C15800,795.0,0.0,0.0,0.0,1,255.0,1695.0,1,795.0,0.0,0.0,0.0,0.0,0.0,35
2023-05-10 21:01:37,CF311C15800,CF311C15800,795.0,0.0,0.0,0.0,2,268.0,1694.0,10,795.0,0.0,0.0,0.0,0.0,0.0,35
2023-05-10 21:01:37,CF311C15800,CF311C15800,795.0,0.0,0.0,0.0,10,269.0,1694.0,10,795.0,0.0,0.0,0.0,0.0,0.0,35
2023-05-10 21:01:38,CF311C15800,CF311C15800,795.0,0.0,0.0,0.0,1,272.0,1691.0,1,795.0,0.0,0.0,0.0,0.0,0.0,35
2023-05-10 21:01:38,CF311C15800,CF311C15800,795.0,0.0,0.0,0.0,10,273.0,1690.0,10,795.0,0.0,0.0,0.0,0.0,0.0,35
2023-05-10 21:01:39,CF311C15800,CF311C15800,795.0,0.0,0.0,0.0,2,286.0,1690.0,10,795.0,0.0,0.0,0.0,0.0,0.0,35
2023-05-10 21:01:39,CF311C15800,CF311C15800,795.0,0.0,0.0,0.0,10,287.0,1690.0,10,795.0,0.0,0.0,0.0,0.0,0.0,35
2023-05-10 21:01:40,CF311C15800,CF311C15800,795.0,0.0,0.0,0.0,1,290.0,1687.0,1,795.0,0.0,0.0,0.0,0.0,0.0,35
2023-05-10 21:01:40,CF311C15800,CF311C15800,795.0,0.0,0.0,0.0,10,291.0,1686.0,10,795.0,0.0,0.0,0.0,0.0,0.0,35
2023-05-10 21:01:41,CF311C15800,CF311C15800,795.0,0.0,0.0,0.0,2,304.0,1683.0,1,795.0,0.0,0.0,0.0,0.0,0.0,35
2023-05-10 21:01:41,CF311C15800,CF311C15800,795.0,0.0,0.0,0.0,10,305.0,1682.0,10,795.0,0.0,0.0,0.0,0.0,0.0,35
2023-05-10 21:01:43,CF311C15800,CF311C15800,795.0,0.0,0.0,0.0,2,318.0,1679.0,1,795.0,0.0,0.0,0.0,0.0,0.0,35
2023-05-10 21:01:43,CF311C15800,CF311C15800,795.0,0.0,0.0,0.0,10,319.0,1678.0,10,795.0,0.0,0.0,0.0,0.0,0.0,35
2023-05-10 21:01:45,CF311C15800,CF311C15800,795.0,0.0,0.0,0.0,2,332.0,1678.0,10,795.0,0.0,0.0,0.0,0.0,0.0,35
2023-05-10 21:01:45,CF311C15800,CF311C15800,795.0,0.0,0.0,0.0,1,335.0,1675.0,1,795.0,0.0,0.0,0.0,0.0,0.0,35
2023-05-10 21:01:46,CF311C15800,CF311C15800,795.0,0.0,0.0,0.0,10,336.0,1674.0,10,795.0,0.0,0.0,0.0,0.0,0.0,35
2023-05-10 21:01:46,CF311C15800,CF311C15800,795.0,0.0,0.0,0.0,1,339.0,1671.0,1,795.0,0.0,0.0,0.0,0.0,0.0,35
2023-05-10 21:01:47,CF311C15800,CF311C15800,795.0,0.0,0.0,0.0,2,349.0,1670.0,10,795.0,0.0,0.0,0.0,0.0,0.0,35
2023-05-10 21:01:47,CF311C15800,CF311C15800,795.0,0.0,0.0,0.0,1,352.0,1667.0,1,795.0,0.0,0.0,0.0,0.0,0.0,35
2023-05-10 21:01:48,CF311C15800,CF311C15800,795.0,0.0,0.0,0.0,10,353.0,1666.0,10,795.0,0.0,0.0,0.0,0.0,0.0,35
2023-05-10 21:01:48,CF311C15800,CF311C15800,795.0,0.0,0.0,0.0,2,366.0,1663.0,1,795.0,0.0,0.0,0.0,0.0,0.0,35
2023-05-10 21:01:49,CF311C15800,CF311C15800,795.0,0.0,0.0,0.0,10,367.0,1662.0,10,795.0,0.0,0.0,0.0,0.0,0.0,35
2023-05-10 21:01:49,CF311C15800,CF311C15800,795.0,0.0,0.0,0.0,1,370.0,1659.0,1,795.0,0.0,0.0,0.0,0.0,0.0,35
2023-05-10 21:01:50,CF311C15800,CF311C15800,795.0,0.0,0.0,0.0,10,371.0,1658.0,10,795.0,0.0,0.0,0.0,0.0,0.0,35
2023-05-10 21:01:50,CF311C15800,CF311C15800,795.0,0.0,0.0,0.0,2,384.0,1655.0,1,795.0,0.0,0.0,0.0,0.0,0.0,35
2023-05-10 21:01:51,CF311C15800,CF311C15800,795.0,0.0,0.0,0.0,10,385.0,1654.0,10,795.0,0.0,0.0,0.0,0.0,0.0,35
2023-05-10 21:01:52,CF311C15800,CF311C15800,795.0,0.0,0.0,0.0,2,398.0,1654.0,10,795.0,0.0,0.0,0.0,0.0,0.0,35
2023-05-10 21:01:53,CF311C15800,CF311C15800,795.0,0.0,0.0,0.0,10,399.0,1654.0,10,795.0,0.0,0.0,0.0,0.0,0.0,35
2023-05-10 21:01:54,CF311C15800,CF311C15800,795.0,0.0,0.0,0.0,2,412.0,1654.0,10,795.0,0.0,0.0,0.0,0.0,0.0,35
2023-05-10 21:01:55,CF311C15800,CF311C15800,795.0,0.0,0.0,0.0,10,413.0,1654.0,10,795.0,0.0,0.0,0.0,0.0,0.0,35
2023-05-10 21:01:56,CF311C15800,CF311C15800,795.0,0.0,0.0,0.0,2,426.0,1654.0,10,795.0,0.0,0.0,0.0,0.0,0.0,35
2023-05-10 21:01:57,CF311C15800,CF311C15800,795.0,0.0,0.0,0.0,10,427.0,1654.0,10,795.0,0.0,0.0,0.0,0.0,0.0,35
2023-05-10 21:01:58,CF311C15800,CF311C15800,795.0,0.0,0.0,0.0,2,440.0,1651.0,1,795.0,0.0,0.0,0.0,0.0,0.0,35
2023-05-10 21:01:59,CF311C15800,CF311C15800,795.0,0.0,0.0,0.0,10,441.0,1650.0,10,795.0,0.0,0.0,0.0,0.0,0.0,35
2023-05-10 21:02:00,CF311C15800,CF311C15800,795.0,0.0,0.0,0.0,2,454.0,1647.0,1,795.0,0.0,0.0,0.0,0.0,0.0,35
2023-05-10 21:02:00,CF311C15800,CF311C15800,795.0,0.0,0.0,0.0,10,455.0,1646.0,10,795.0,0.0,0.0,0.0,0.0,0.0,35
2023-05-10 21:02:02,CF311C15800,CF311C15800,795.0,0.0,0.0,0.0,2,468.0,1646.0,10,795.0,0.0,0.0,0.0,0.0,0.0,35
2023-05-10 21:02:02,CF311C15800,CF311C15800,795.0,0.0,0.0,0.0,10,469.0,1646.0,10,795.0,0.0,0.0,0.0,0.0,0.0,35
2023-05-10 21:02:03,CF311C15800,CF311C15800,795.0,0.0,0.0,0.0,2,482.0,1646.0,10,795.0,0.0,0.0,0.0,0.0,0.0,35
2023-05-10 21:02:03,CF311C15800,CF311C15800,795.0,0.0,0.0,0.0,10,483.0,1646.0,10,795.0,0.0,0.0,0.0,0.0,0.0,35
2023-05-10 21:02:04,CF311C15800,CF311C15800,795.0,0.0,0.0,0.0,2,496.0,1646.0,10,795.0,0.0,0.0,0.0,0.0,0.0,35
2023-05-10 21:02:05,CF311C15800,CF311C15800,795.0,0.0,0.0,0.0,10,497.0,1646.0,10,795.0,0.0,0.0,0.0,0.0,0.0,35
2023-05-10 21:02:06,CF311C15800,CF311C15800,795.0,0.0,0.0,0.0,2,510.0,1646.0,10,795.0,0.0,0.0,0.0,0.0,0.0,35
2023-05-10 21:02:06,CF311C15800,CF311C15800,795.0,0.0,0.0,0.0,10,511.0,1646.0,10,795.0,0.0,0.0,0.0,0.0,0.0,35
2023-05-10 21:02:07,CF311C15800,CF311C15800,795.0,0.0,0.0,0.0,2,524.0,1646.0,10,795.0,0.0,0.0,0.0,0.0,0.0,35
2023-05-10 21:02:07,CF311C15800,CF311C15800,795.0,0.0,0.0,0.0,10,525.0,1646.0,10,795.0,0.0,0.0,0.0,0.0,0.0,35
2023-05-10 21:02:08,CF311C15800,CF311C15800,795.0,0.0,0.0,0.0,2,538.0,1646.0,10,795.0,0.0,0.0,0.0,0.0,0.0,35
2023-05-10 21:02:08,CF311C15800,CF311C15800,795.0,0.0,0.0,0.0,10,539.0,1646.0,10,795.0,0.0,0.0,0.0,0.0,0.0,35
2023-05-10 21:02:09,CF311C15800,CF311C15800,795.0,0.0,0.0,0.0,2,552.0,1646.0,10,795.0,0.0,0.0,0.0,0.0,0.0,35
2023-05-10 21:02:09,CF311C15800,CF311C15800,795.0,0.0,0.0,0.0,10,553.0,1646.0,10,795.0,0.0,0.0,0.0,0.0,0.0,35
2023-05-10 21:02:10,CF311C15800,CF311C15800,795.0,0.0,0.0,0.0,10,553.0,1643.0,1,795.0,0.0,0.0,0.0,0.0,0.0,35
2023-05-10 21:02:10,CF311C15800,CF311C15800,795.0,0.0,0.0,0.0,2,566.0,1642.0,10,795.0,0.0,0.0,0.0,0.0,0.0,35
2023-05-10 21:02:11,CF311C15800,CF311C15800,795.0,0.0,0.0,0.0,10,567.0,1642.0,10,795.0,0.0,0.0,0.0,0.0,0.0,35
2023-05-10 21:02:12,CF311C15800,CF311C15800,795.0,0.0,0.0,0.0,2,580.0,1642.0,10,795.0,0.0,0.0,0.0,0.0,0.0,35
2023-05-10 21:02:12,CF311C15800,CF311C15800,795.0,0.0,0.0,0.0,10,581.0,1642.0,10,795.0,0.0,0.0,0.0,0.0,0.0,35
2023-05-10 21:02:13,CF311C15800,CF311C15800,795.0,0.0,0.0,0.0,2,588.0,1642.0,10,795.0,0.0,0.0,0.0,0.0,0.0,35
2023-05-10 21:02:13,CF311C15800,CF311C15800,795.0,0.0,0.0,0.0,10,589.0,1642.0,10,795.0,0.0,0.0,0.0,0.0,0.0,35
2023-05-10 21:02:13,CF311C15800,CF311C15800,795.0,0.0,0.0,0.0,10,589.0,1639.0,1,795.0,0.0,0.0,0.0,0.0,0.0,35
2023-05-10 21:02:14,CF311C15800,CF311C15800,795.0,0.0,0.0,0.0,2,590.0,1638.0,10,795.0,0.0,0.0,0.0,0.0,0.0,35
2023-05-10 21:02:14,CF311C15800,CF311C15800,795.0,0.0,0.0,0.0,10,591.0,1638.0,10,795.0,0.0,0.0,0.0,0.0,0.0,35
2023-05-10 21:02:15,CF311C15800,CF311C15800,795.0,0.0,0.0,0.0,2,592.0,1638.0,10,795.0,0.0,0.0,0.0,0.0,0.0,35
2023-05-10 21:02:15,CF311C15800,CF311C15800,795.0,0.0,0.0,0.0,10,593.0,1638.0,10,795.0,0.0,0.0,0.0,0.0,0.0,35
2023-05-10 21:02:16,CF311C15800,CF311C15800,795.0,0.0,0.0,0.0,2,594.0,1635.0,1,795.0,0.0,0.0,0.0,0.0,0.0,35
2023-05-10 21:02:16,CF311C15800,CF311C15800,795.0,0.0,0.0,0.0,10,595.0,1634.0,10,795.0,0.0,0.0,0.0,0.0,0.0,35
2023-05-10 21:02:17,CF311C15800,CF311C15800,795.0,0.0,0.0,0.0,2,596.0,1634.0,10,795.0,0.0,0.0,0.0,0.0,0.0,35
2023-05-10 21:02:17,CF311C15800,CF311C15800,795.0,0.0,0.0,0.0,10,597.0,1631.0,1,795.0,0.0,0.0,0.0,0.0,0.0,35
2023-05-10 21:02:18,CF311C15800,CF311C15800,795.0,0.0,0.0,0.0,2,598.0,1630.0,10,795.0,0.0,0.0,0.0,0.0,0.0,35
2023-05-10 21:02:18,CF311C15800,CF311C15800,795.0,0.0,0.0,0.0,10,599.0,1630.0,10,795.0,0.0,0.0,0.0,0.0,0.0,35
2023-05-10 21:02:19,CF311C15800,CF311C15800,795.0,0.0,0.0,0.0,2,600.0,1630.0,10,795.0,0.0,0.0,0.0,0.0,0.0,35
2023-05-10 21:02:19,CF311C15800,CF311C15800,795.0,0.0,0.0,0.0,10,601.0,1630.0,10,795.0,0.0,0.0,0.0,0.0,0.0,35
2023-05-10 21:02:21,CF311C15800,CF311C15800,795.0,0.0,0.0,0.0,10,601.0,1627.0,1,795.0,0.0,0.0,0.0,0.0,0.0,35
2023-05-10 21:02:21,CF311C15800,CF311C15800,795.0,0.0,0.0,0.0,10,601.0,1626.0,10,795.0,0.0,0.0,0.0,0.0,0.0,35
2023-05-10 21:02:23,CF311C15800,CF311C15800,795.0,0.0,0.0,0.0,10,601.0,1623.0,1,795.0,0.0,0.0,0.0,0.0,0.0,35
2023-05-10 21:02:23,CF311C15800,CF311C15800,795.0,0.0,0.0,0.0,10,601.0,1622.0,10,795.0,0.0,0.0,0.0,0.0,0.0,35
2023-05-10 21:02:27,CF311C15800,CF311C15800,795.0,0.0,0.0,0.0,10,601.0,1619.0,1,795.0,0.0,0.0,0.0,0.0,0.0,35
2023-05-10 21:02:27,CF311C15800,CF311C15800,795.0,0.0,0.0,0.0,10,601.0,1618.0,10,795.0,0.0,0.0,0.0,0.0,0.0,35
2023-05-10 21:02:28,CF311C15800,CF311C15800,795.0,0.0,0.0,0.0,10,601.0,1615.0,1,795.0,0.0,0.0,0.0,0.0,0.0,35
2023-05-10 21:02:28,CF311C15800,CF311C15800,795.0,0.0,0.0,0.0,10,601.0,1614.0,10,795.0,0.0,0.0,0.0,0.0,0.0,35
2023-05-10 21:02:29,CF311C15800,CF311C15800,795.0,0.0,0.0,0.0,10,601.0,1611.0,1,795.0,0.0,0.0,0.0,0.0,0.0,35
2023-05-10 21:02:29,CF311C15800,CF311C15800,795.0,0.0,0.0,0.0,10,601.0,1610.0,10,795.0,0.0,0.0,0.0,0.0,0.0,35
2023-05-10 21:02:30,CF311C15800,CF311C15800,795.0,0.0,0.0,0.0,10,601.0,1607.0,1,795.0,0.0,0.0,0.0,0.0,0.0,35
2023-05-10 21:02:30,CF311C15800,CF311C15800,795.0,0.0,0.0,0.0,10,601.0,1606.0,10,795.0,0.0,0.0,0.0,0.0,0.0,35
2023-05-10 21:02:34,CF311C15800,CF311C15800,795.0,0.0,0.0,0.0,10,601.0,1603.0,1,795.0,0.0,0.0,0.0,0.0,0.0,35
2023-05-10 21:02:34,CF311C15800,CF311C15800,795.0,0.0,0.0,0.0,10,601.0,1602.0,10,795.0,0.0,0.0,0.0,0.0,0.0,35
2023-05-10 21:02:35,CF311C15800,CF311C15800,795.0,0.0,0.0,0.0,10,601.0,1599.0,1,795.0,0.0,0.0,0.0,0.0,0.0,35
2023-05-10 21:02:35,CF311C15800,CF311C15800,795.0,0.0,0.0,0.0,10,601.0,1598.0,10,795.0,0.0,0.0,0.0,0.0,0.0,35
2023-05-10 21:02:39,CF311C15800,CF311C15800,795.0,0.0,0.0,0.0,10,601.0,1595.0,1,795.0,0.0,0.0,0.0,0.0,0.0,35
2023-05-10 21:02:39,CF311C15800,CF311C15800,795.0,0.0,0.0,0.0,10,601.0,1594.0,10,795.0,0.0,0.0,0.0,0.0,0.0,35
2023-05-10 21:02:40,CF311C15800,CF311C15800,795.0,0.0,0.0,0.0,10,601.0,1591.0,1,795.0,0.0,0.0,0.0,0.0,0.0,35
2023-05-10 21:02:40,CF311C15800,CF311C15800,795.0,0.0,0.0,0.0,10,601.0,1590.0,10,795.0,0.0,0.0,0.0,0.0,0.0,35
2023-05-10 21:02:46,CF311C15800,CF311C15800,795.0,0.0,0.0,0.0,10,601.0,1587.0,1,795.0,0.0,0.0,0.0,0.0,0.0,35
2023-05-10 21:02:46,CF311C15800,CF311C15800,795.0,0.0,0.0,0.0,10,601.0,1586.0,10,795.0,0.0,0.0,0.0,0.0,0.0,35
2023-05-10 21:02:53,CF311C15800,CF311C15800,795.0,0.0,0.0,0.0,10,601.0,1583.0,1,795.0,0.0,0.0,0.0,0.0,0.0,35
2023-05-10 21:02:53,CF311C15800,CF311C15800,795.0,0.0,0.0,0.0,10,601.0,1582.0,10,795.0,0.0,0.0,0.0,0.0,0.0,35
2023-05-10 21:02:57,CF311C15800,CF311C15800,795.0,0.0,0.0,0.0,10,601.0,1579.0,1,795.0,0.0,0.0,0.0,0.0,0.0,35
2023-05-10 21:02:57,CF311C15800,CF311C15800,795.0,0.0,0.0,0.0,10,601.0,1578.0,10,795.0,0.0,0.0,0.0,0.0,0.0,35
2023-05-10 21:02:58,CF311C15800,CF311C15800,795.0,0.0,0.0,0.0,10,601.0,1575.0,1,795.0,0.0,0.0,0.0,0.0,0.0,35
2023-05-10 21:02:58,CF311C15800,CF311C15800,795.0,0.0,0.0,0.0,10,601.0,1574.0,10,795.0,0.0,0.0,0.0,0.0,0.0,35
2023-05-10 21:03:03,CF311C15800,CF311C15800,795.0,0.0,0.0,0.0,10,601.0,1571.0,1,795.0,0.0,0.0,0.0,0.0,0.0,35
2023-05-10 21:03:03,CF311C15800,CF311C15800,795.0,0.0,0.0,0.0,10,601.0,1570.0,10,795.0,0.0,0.0,0.0,0.0,0.0,35
2023-05-10 21:03:04,CF311C15800,CF311C15800,795.0,0.0,0.0,0.0,10,601.0,1567.0,1,795.0,0.0,0.0,0.0,0.0,0.0,35
2023-05-10 21:03:04,CF311C15800,CF311C15800,795.0,0.0,0.0,0.0,10,601.0,1566.0,10,795.0,0.0,0.0,0.0,0.0,0.0,35
2023-05-10 21:03:08,CF311C15800,CF311C15800,795.0,0.0,0.0,0.0,10,601.0,1563.0,1,795.0,0.0,0.0,0.0,0.0,0.0,35
2023-05-10 21:03:08,CF311C15800,CF311C15800,795.0,0.0,0.0,0.0,10,601.0,1562.0,10,795.0,0.0,0.0,0.0,0.0,0.0,35
2023-05-10 21:03:09,CF311C15800,CF311C15800,795.0,0.0,0.0,0.0,10,601.0,1559.0,1,795.0,0.0,0.0,0.0,0.0,0.0,35
2023-05-10 21:03:09,CF311C15800,CF311C15800,795.0,0.0,0.0,0.0,10,601.0,1558.0,10,795.0,0.0,0.0,0.0,0.0,0.0,35
2023-05-10 21:03:13,CF311C15800,CF311C15800,795.0,0.0,0.0,0.0,10,601.0,1555.0,1,795.0,0.0,0.0,0.0,0.0,0.0,35
2023-05-10 21:03:13,CF311C15800,CF311C15800,795.0,0.0,0.0,0.0,10,601.0,1554.0,10,795.0,0.0,0.0,0.0,0.0,0.0,35
2023-05-10 21:03:14,CF311C15800,CF311C15800,795.0,0.0,0.0,0.0,10,601.0,1551.0,1,795.0,0.0,0.0,0.0,0.0,0.0,35
2023-05-10 21:03:14,CF311C15800,CF311C15800,795.0,0.0,0.0,0.0,10,601.0,1550.0,10,795.0,0.0,0.0,0.0,0.0,0.0,35
2023-05-10 21:03:15,CF311C15800,CF311C15800,795.0,0.0,0.0,0.0,10,601.0,1547.0,1,795.0,0.0,0.0,0.0,0.0,0.0,35
2023-05-10 21:03:15,CF311C15800,CF311C15800,795.0,0.0,0.0,0.0,10,601.0,1546.0,10,795.0,0.0,0.0,0.0,0.0,0.0,35
2023-05-10 21:03:18,CF311C15800,CF311C15800,795.0,0.0,0.0,0.0,10,601.0,1543.0,1,795.0,0.0,0.0,0.0,0.0,0.0,35
2023-05-10 21:03:18,CF311C15800,CF311C15800,795.0,0.0,0.0,0.0,10,601.0,1542.0,10,795.0,0.0,0.0,0.0,0.0,0.0,35
2023-05-10 21:03:20,CF311C15800,CF311C15800,795.0,0.0,0.0,0.0,10,601.0,1539.0,1,795.0,0.0,0.0,0.0,0.0,0.0,35
2023-05-10 21:03:20,CF311C15800,CF311C15800,795.0,0.0,0.0,0.0,10,601.0,1538.0,10,795.0,0.0,0.0,0.0,0.0,0.0,35
2023-05-10 21:03:21,CF311C15800,CF311C15800,795.0,0.0,0.0,0.0,10,601.0,1535.0,1,795.0,0.0,0.0,0.0,0.0,0.0,35
2023-05-10 21:03:21,CF311C15800,CF311C15800,795.0,0.0,0.0,0.0,10,601.0,1534.0,10,795.0,0.0,0.0,0.0,0.0,0.0,35
2023-05-10 21:03:22,CF311C15800,CF311C15800,795.0,0.0,0.0,0.0,10,601.0,1531.0,1,795.0,0.0,0.0,0.0,0.0,0.0,35
2023-05-10 21:03:22,CF311C15800,CF311C15800,795.0,0.0,0.0,0.0,10,601.0,1530.0,10,795.0,0.0,0.0,0.0,0.0,0.0,35
2023-05-10 21:03:23,CF311C15800,CF311C15800,795.0,0.0,0.0,0.0,10,601.0,1527.0,1,795.0,0.0,0.0,0.0,0.0,0.0,35
2023-05-10 21:03:23,CF311C15800,CF311C15800,795.0,0.0,0.0,0.0,10,601.0,1526.0,10,795.0,0.0,0.0,0.0,0.0,0.0,35
2023-05-10 21:03:24,CF311C15800,CF311C15800,795.0,0.0,0.0,0.0,10,601.0,1523.0,1,795.0,0.0,0.0,0.0,0.0,0.0,35
2023-05-10 21:03:24,CF311C15800,CF311C15800,795.0,0.0,0.0,0.0,10,601.0,1522.0,10,795.0,0.0,0.0,0.0,0.0,0.0,35
2023-05-10 21:03:25,CF311C15800,CF311C15800,795.0,0.0,0.0,0.0,10,601.0,1519.0,1,795.0,0.0,0.0,0.0,0.0,0.0,35
2023-05-10 21:03:25,CF311C15800,CF311C15800,795.0,0.0,0.0,0.0,10,601.0,1518.0,10,795.0,0.0,0.0,0.0,0.0,0.0,35
2023-05-10 21:03:28,CF311C15800,CF311C15800,795.0,0.0,0.0,0.0,10,601.0,1515.0,1,795.0,0.0,0.0,0.0,0.0,0.0,35
2023-05-10 21:03:28,CF311C15800,CF311C15800,795.0,0.0,0.0,0.0,10,601.0,1514.0,10,795.0,0.0,0.0,0.0,0.0,0.0,35
2023-05-10 21:03:29,CF311C15800,CF311C15800,795.0,0.0,0.0,0.0,10,601.0,1511.0,1,795.0,0.0,0.0,0.0,0.0,0.0,35
2023-05-10 21:03:29,CF311C15800,CF311C15800,795.0,0.0,0.0,0.0,10,601.0,1510.0,10,795.0,0.0,0.0,0.0,0.0,0.0,35
2023-05-10 21:03:30,CF311C15800,CF311C15800,795.0,0.0,0.0,0.0,10,601.0,1507.0,1,795.0,0.0,0.0,0.0,0.0,0.0,35
2023-05-10 21:03:30,CF311C15800,CF311C15800,795.0,0.0,0.0,0.0,10,601.0,1506.0,10,795.0,0.0,0.0,0.0,0.0,0.0,35
2023-05-10 21:03:35,CF311C15800,CF311C15800,795.0,0.0,0.0,0.0,10,601.0,1503.0,1,795.0,0.0,0.0,0.0,0.0,0.0,35
2023-05-10 21:03:35,CF311C15800,CF311C15800,795.0,0.0,0.0,0.0,10,601.0,1502.0,10,795.0,0.0,0.0,0.0,0.0,0.0,35
2023-05-10 21:03:36,CF311C15800,CF311C15800,795.0,0.0,0.0,0.0,10,601.0,1499.0,1,795.0,0.0,0.0,0.0,0.0,0.0,35
2023-05-10 21:03:36,CF311C15800,CF311C15800,795.0,0.0,0.0,0.0,10,601.0,1498.0,10,795.0,0.0,0.0,0.0,0.0,0.0,35
2023-05-10 21:03:39,CF311C15800,CF311C15800,795.0,0.0,0.0,0.0,10,601.0,1495.0,1,795.0,0.0,0.0,0.0,0.0,0.0,35
2023-05-10 21:03:39,CF311C15800,CF311C15800,795.0,0.0,0.0,0.0,10,601.0,1494.0,10,795.0,0.0,0.0,0.0,0.0,0.0,35
2023-05-10 21:03:43,CF311C15800,CF311C15800,795.0,0.0,0.0,0.0,10,601.0,1491.0,1,795.0,0.0,0.0,0.0,0.0,0.0,35
2023-05-10 21:03:43,CF311C15800,CF311C15800,795.0,0.0,0.0,0.0,10,601.0,1490.0,10,795.0,0.0,0.0,0.0,0.0,0.0,35
2023-05-10 21:03:44,CF311C15800,CF311C15800,795.0,0.0,0.0,0.0,10,601.0,1487.0,1,795.0,0.0,0.0,0.0,0.0,0.0,35
2023-05-10 21:03:44,CF311C15800,CF311C15800,795.0,0.0,0.0,0.0,10,601.0,1486.0,10,795.0,0.0,0.0,0.0,0.0,0.0,35
2023-05-10 21:03:47,CF311C15800,CF311C15800,795.0,0.0,0.0,0.0,10,601.0,1483.0,1,795.0,0.0,0.0,0.0,0.0,0.0,35
2023-05-10 21:03:47,CF311C15800,CF311C15800,795.0,0.0,0.0,0.0,10,601.0,1482.0,10,795.0,0.0,0.0,0.0,0.0,0.0,35
2023-05-10 21:03:48,CF311C15800,CF311C15800,795.0,0.0,0.0,0.0,10,601.0,1479.0,1,795.0,0.0,0.0,0.0,0.0,0.0,35
2023-05-10 21:03:48,CF311C15800,CF311C15800,795.0,0.0,0.0,0.0,10,601.0,1478.0,10,795.0,0.0,0.0,0.0,0.0,0.0,35
2023-05-10 21:03:51,CF311C15800,CF311C15800,795.0,0.0,0.0,0.0,10,601.0,1475.0,1,795.0,0.0,0.0,0.0,0.0,0.0,35
2023-05-10 21:03:51,CF311C15800,CF311C15800,795.0,0.0,0.0,0.0,10,601.0,1474.0,10,795.0,0.0,0.0,0.0,0.0,0.0,35
2023-05-10 21:03:52,CF311C15800,CF311C15800,795.0,0.0,0.0,0.0,10,601.0,1471.0,1,795.0,0.0,0.0,0.0,0.0,0.0,35
2023-05-10 21:03:52,CF311C15800,CF311C15800,795.0,0.0,0.0,0.0,10,601.0,1470.0,10,795.0,0.0,0.0,0.0,0.0,0.0,35
2023-05-10 21:03:57,CF311C15800,CF311C15800,795.0,0.0,0.0,0.0,10,601.0,1467.0,1,795.0,0.0,0.0,0.0,0.0,0.0,35
2023-05-10 21:03:57,CF311C15800,CF311C15800,795.0,0.0,0.0,0.0,10,601.0,1466.0,10,795.0,0.0,0.0,0.0,0.0,0.0,35
2023-05-10 21:03:58,CF311C15800,CF311C15800,795.0,0.0,0.0,0.0,10,601.0,1463.0,1,795.0,0.0,0.0,0.0,0.0,0.0,35
2023-05-10 21:03:58,CF311C15800,CF311C15800,795.0,0.0,0.0,0.0,10,601.0,1462.0,10,795.0,0.0,0.0,0.0,0.0,0.0,35
2023-05-10 21:04:01,CF311C15800,CF311C15800,795.0,0.0,0.0,0.0,10,601.0,1459.0,1,795.0,0.0,0.0,0.0,0.0,0.0,35
2023-05-10 21:04:01,CF311C15800,CF311C15800,795.0,0.0,0.0,0.0,10,601.0,1458.0,10,795.0,0.0,0.0,0.0,0.0,0.0,35
2023-05-10 21:04:02,CF311C15800,CF311C15800,795.0,0.0,0.0,0.0,10,601.0,1455.0,1,795.0,0.0,0.0,0.0,0.0,0.0,35
2023-05-10 21:04:02,CF311C15800,CF311C15800,795.0,0.0,0.0,0.0,10,601.0,1454.0,10,795.0,0.0,0.0,0.0,0.0,0.0,35
2023-05-10 21:04:08,CF311C15800,CF311C15800,795.0,0.0,0.0,0.0,10,601.0,1451.0,1,795.0,0.0,0.0,0.0,0.0,0.0,35
2023-05-10 21:04:08,CF311C15800,CF311C15800,795.0,0.0,0.0,0.0,10,601.0,1450.0,10,795.0,0.0,0.0,0.0,0.0,0.0,35
2023-05-10 21:04:11,CF311C15800,CF311C15800,795.0,0.0,0.0,0.0,10,601.0,1447.0,1,795.0,0.0,0.0,0.0,0.0,0.0,35
2023-05-10 21:04:11,CF311C15800,CF311C15800,795.0,0.0,0.0,0.0,10,601.0,1446.0,10,795.0,0.0,0.0,0.0,0.0,0.0,35
2023-05-10 21:04:12,CF311C15800,CF311C15800,795.0,0.0,0.0,0.0,10,601.0,1443.0,1,795.0,0.0,0.0,0.0,0.0,0.0,35
2023-05-10 21:04:12,CF311C15800,CF311C15800,795.0,0.0,0.0,0.0,10,601.0,1442.0,10,795.0,0.0,0.0,0.0,0.0,0.0,35
2023-05-10 21:04:14,CF311C15800,CF311C15800,795.0,0.0,0.0,0.0,10,601.0,1439.0,1,795.0,0.0,0.0,0.0,0.0,0.0,35
2023-05-10 21:04:14,CF311C15800,CF311C15800,795.0,0.0,0.0,0.0,10,601.0,1438.0,10,795.0,0.0,0.0,0.0,0.0,0.0,35
2023-05-10 21:04:16,CF311C15800,CF311C15800,795.0,0.0,0.0,0.0,10,601.0,1435.0,1,795.0,0.0,0.0,0.0,0.0,0.0,35
2023-05-10 21:04:16,CF311C15800,CF311C15800,795.0,0.0,0.0,0.0,10,601.0,1434.0,10,795.0,0.0,0.0,0.0,0.0,0.0,35
2023-05-10 21:04:17,CF311C15800,CF311C15800,795.0,0.0,0.0,0.0,10,601.0,1431.0,1,795.0,0.0,0.0,0.0,0.0,0.0,35
2023-05-10 21:04:17,CF311C15800,CF311C15800,795.0,0.0,0.0,0.0,10,601.0,1430.0,10,795.0,0.0,0.0,0.0,0.0,0.0,35
2023-05-10 21:04:20,CF311C15800,CF311C15800,795.0,0.0,0.0,0.0,10,601.0,1427.0,1,795.0,0.0,0.0,0.0,0.0,0.0,35
2023-05-10 21:04:20,CF311C15800,CF311C15800,795.0,0.0,0.0,0.0,10,601.0,1426.0,10,795.0,0.0,0.0,0.0,0.0,0.0,35
2023-05-10 21:04:21,CF311C15800,CF311C15800,795.0,0.0,0.0,0.0,10,601.0,1423.0,1,795.0,0.0,0.0,0.0,0.0,0.0,35
2023-05-10 21:04:21,CF311C15800,CF311C15800,795.0,0.0,0.0,0.0,10,601.0,1422.0,10,795.0,0.0,0.0,0.0,0.0,0.0,35
2023-05-10 21:04:25,CF311C15800,CF311C15800,795.0,0.0,0.0,0.0,10,601.0,1419.0,1,795.0,0.0,0.0,0.0,0.0,0.0,35
2023-05-10 21:04:25,CF311C15800,CF311C15800,795.0,0.0,0.0,0.0,10,601.0,1418.0,10,795.0,0.0,0.0,0.0,0.0,0.0,35
2023-05-10 21:04:26,CF311C15800,CF311C15800,795.0,0.0,0.0,0.0,10,601.0,1415.0,1,795.0,0.0,0.0,0.0,0.0,0.0,35
2023-05-10 21:04:26,CF311C15800,CF311C15800,795.0,0.0,0.0,0.0,10,601.0,1414.0,10,795.0,0.0,0.0,0.0,0.0,0.0,35
2023-05-10 21:04:29,CF311C15800,CF311C15800,795.0,0.0,0.0,0.0,10,601.0,1411.0,1,795.0,0.0,0.0,0.0,0.0,0.0,35
2023-05-10 21:04:29,CF311C15800,CF311C15800,795.0,0.0,0.0,0.0,10,601.0,1410.0,10,795.0,0.0,0.0,0.0,0.0,0.0,35
2023-05-10 21:04:30,CF311C15800,CF311C15800,795.0,0.0,0.0,0.0,10,601.0,1407.0,1,795.0,0.0,0.0,0.0,0.0,0.0,35
2023-05-10 21:04:30,CF311C15800,CF311C15800,795.0,0.0,0.0,0.0,10,601.0,1406.0,10,795.0,0.0,0.0,0.0,0.0,0.0,35
2023-05-10 21:04:33,CF311C15800,CF311C15800,795.0,0.0,0.0,0.0,10,601.0,1403.0,1,795.0,0.0,0.0,0.0,0.0,0.0,35
2023-05-10 21:04:33,CF311C15800,CF311C15800,795.0,0.0,0.0,0.0,10,601.0,1402.0,10,795.0,0.0,0.0,0.0,0.0,0.0,35
2023-05-10 21:04:34,CF311C15800,CF311C15800,795.0,0.0,0.0,0.0,10,601.0,1399.0,1,795.0,0.0,0.0,0.0,0.0,0.0,35
2023-05-10 21:04:34,CF311C15800,CF311C15800,795.0,0.0,0.0,0.0,10,601.0,1398.0,10,795.0,0.0,0.0,0.0,0.0,0.0,35
2023-05-10 21:04:35,CF311C15800,CF311C15800,795.0,0.0,0.0,0.0,10,601.0,1395.0,1,795.0,0.0,0.0,0.0,0.0,0.0,35
2023-05-10 21:04:35,CF311C15800,CF311C15800,795.0,0.0,0.0,0.0,10,601.0,1394.0,10,795.0,0.0,0.0,0.0,0.0,0.0,35
2023-05-10 21:04:37,CF311C15800,CF311C15800,795.0,0.0,0.0,0.0,10,601.0,1391.0,1,795.0,0.0,0.0,0.0,0.0,0.0,35
2023-05-10 21:04:37,CF311C15800,CF311C15800,795.0,0.0,0.0,0.0,10,601.0,1390.0,10,795.0,0.0,0.0,0.0,0.0,0.0,35
2023-05-10 21:04:38,CF311C15800,CF311C15800,795.0,0.0,0.0,0.0,10,601.0,1387.0,1,795.0,0.0,0.0,0.0,0.0,0.0,35
2023-05-10 21:04:38,CF311C15800,CF311C15800,795.0,0.0,0.0,0.0,10,601.0,1386.0,10,795.0,0.0,0.0,0.0,0.0,0.0,35
2023-05-10 21:04:39,CF311C15800,CF311C15800,795.0,0.0,0.0,0.0,10,601.0,1383.0,1,795.0,0.0,0.0,0.0,0.0,0.0,35
2023-05-10 21:04:39,CF311C15800,CF311C15800,795.0,0.0,0.0,0.0,10,601.0,1382.0,10,795.0,0.0,0.0,0.0,0.0,0.0,35
2023-05-10 21:04:40,CF311C15800,CF311C15800,795.0,0.0,0.0,0.0,10,601.0,1379.0,1,795.0,0.0,0.0,0.0,0.0,0.0,35
2023-05-10 21:04:40,CF311C15800,CF311C15800,795.0,0.0,0.0,0.0,10,601.0,1378.0,10,795.0,0.0,0.0,0.0,0.0,0.0,35
2023-05-10 21:04:41,CF311C15800,CF311C15800,795.0,0.0,0.0,0.0,10,601.0,1375.0,1,795.0,0.0,0.0,0.0,0.0,0.0,35
2023-05-10 21:04:41,CF311C15800,CF311C15800,795.0,0.0,0.0,0.0,10,601.0,1374.0,10,795.0,0.0,0.0,0.0,0.0,0.0,35
2023-05-10 21:04:43,CF311C15800,CF311C15800,795.0,0.0,0.0,0.0,10,601.0,1371.0,1,795.0,0.0,0.0,0.0,0.0,0.0,35
2023-05-10 21:04:43,CF311C15800,CF311C15800,795.0,0.0,0.0,0.0,10,601.0,1370.0,10,795.0,0.0,0.0,0.0,0.0,0.0,35
2023-05-10 21:04:44,CF311C15800,CF311C15800,795.0,0.0,0.0,0.0,10,601.0,1367.0,1,795.0,0.0,0.0,0.0,0.0,0.0,35
2023-05-10 21:04:44,CF311C15800,CF311C15800,795.0,0.0,0.0,0.0,10,601.0,1366.0,10,795.0,0.0,0.0,0.0,0.0,0.0,35
2023-05-10 21:04:45,CF311C15800,CF311C15800,795.0,0.0,0.0,0.0,10,601.0,1363.0,1,795.0,0.0,0.0,0.0,0.0,0.0,35
2023-05-10 21:04:45,CF311C15800,CF311C15800,795.0,0.0,0.0,0.0,10,601.0,1362.0,10,795.0,0.0,0.0,0.0,0.0,0.0,35
2023-05-10 21:04:46,CF311C15800,CF311C15800,795.0,0.0,0.0,0.0,10,601.0,1359.0,1,795.0,0.0,0.0,0.0,0.0,0.0,35
2023-05-10 21:04:46,CF311C15800,CF311C15800,795.0,0.0,0.0,0.0,10,601.0,1358.0,10,795.0,0.0,0.0,0.0,0.0,0.0,35
2023-05-10 21:04:48,CF311C15800,CF311C15800,795.0,0.0,0.0,0.0,10,601.0,1355.0,1,795.0,0.0,0.0,0.0,0.0,0.0,35
2023-05-10 21:04:48,CF311C15800,CF311C15800,795.0,0.0,0.0,0.0,10,601.0,1354.0,10,795.0,0.0,0.0,0.0,0.0,0.0,35
2023-05-10 21:04:49,CF311C15800,CF311C15800,795.0,0.0,0.0,0.0,10,601.0,1351.0,1,795.0,0.0,0.0,0.0,0.0,0.0,35
2023-05-10 21:04:49,CF311C15800,CF311C15800,795.0,0.0,0.0,0.0,10,601.0,1350.0,10,795.0,0.0,0.0,0.0,0.0,0.0,35
2023-05-10 21:04:50,CF311C15800,CF311C15800,795.0,0.0,0.0,0.0,10,601.0,1347.0,1,795.0,0.0,0.0,0.0,0.0,0.0,35
2023-05-10 21:04:50,CF311C15800,CF311C15800,795.0,0.0,0.0,0.0,10,601.0,1346.0,10,795.0,0.0,0.0,0.0,0.0,0.0,35
2023-05-10 21:04:51,CF311C15800,CF311C15800,795.0,0.0,0.0,0.0,10,601.0,1343.0,1,795.0,0.0,0.0,0.0,0.0,0.0,35
2023-05-10 21:04:51,CF311C15800,CF311C15800,795.0,0.0,0.0,0.0,10,601.0,1342.0,10,795.0,0.0,0.0,0.0,0.0,0.0,35
2023-05-10 21:04:52,CF311C15800,CF311C15800,795.0,0.0,0.0,0.0,10,601.0,1339.0,1,795.0,0.0,0.0,0.0,0.0,0.0,35
2023-05-10 21:04:52,CF311C15800,CF311C15800,795.0,0.0,0.0,0.0,10,601.0,1338.0,10,795.0,0.0,0.0,0.0,0.0,0.0,35
2023-05-10 21:04:53,CF311C15800,CF311C15800,795.0,0.0,0.0,0.0,10,601.0,1335.0,1,795.0,0.0,0.0,0.0,0.0,0.0,35
2023-05-10 21:04:53,CF311C15800,CF311C15800,795.0,0.0,0.0,0.0,10,601.0,1334.0,10,795.0,0.0,0.0,0.0,0.0,0.0,35
2023-05-10 21:04:55,CF311C15800,CF311C15800,795.0,0.0,0.0,0.0,10,601.0,1331.0,1,795.0,0.0,0.0,0.0,0.0,0.0,35
2023-05-10 21:04:55,CF311C15800,CF311C15800,795.0,0.0,0.0,0.0,10,601.0,1330.0,10,795.0,0.0,0.0,0.0,0.0,0.0,35
2023-05-10 21:04:56,CF311C15800,CF311C15800,795.0,0.0,0.0,0.0,10,601.0,1327.0,1,795.0,0.0,0.0,0.0,0.0,0.0,35
2023-05-10 21:04:56,CF311C15800,CF311C15800,795.0,0.0,0.0,0.0,10,601.0,1326.0,10,795.0,0.0,0.0,0.0,0.0,0.0,35
2023-05-10 21:04:57,CF311C15800,CF311C15800,795.0,0.0,0.0,0.0,10,601.0,1323.0,1,795.0,0.0,0.0,0.0,0.0,0.0,35
2023-05-10 21:04:57,CF311C15800,CF311C15800,795.0,0.0,0.0,0.0,10,601.0,1322.0,10,795.0,0.0,0.0,0.0,0.0,0.0,35
2023-05-10 21:04:58,CF311C15800,CF311C15800,795.0,0.0,0.0,0.0,10,601.0,1319.0,1,795.0,0.0,0.0,0.0,0.0,0.0,35
2023-05-10 21:04:58,CF311C15800,CF311C15800,795.0,0.0,0.0,0.0,10,601.0,1318.0,10,795.0,0.0,0.0,0.0,0.0,0.0,35
2023-05-10 21:04:59,CF311C15800,CF311C15800,795.0,0.0,0.0,0.0,10,601.0,1315.0,1,795.0,0.0,0.0,0.0,0.0,0.0,35
2023-05-10 21:04:59,CF311C15800,CF311C15800,795.0,0.0,0.0,0.0,10,601.0,1314.0,10,795.0,0.0,0.0,0.0,0.0,0.0,35
2023-05-10 21:05:00,CF311C15800,CF311C15800,795.0,0.0,0.0,0.0,10,601.0,1311.0,1,795.0,0.0,0.0,0.0,0.0,0.0,35
2023-05-10 21:05:00,CF311C15800,CF311C15800,795.0,0.0,0.0,0.0,10,601.0,1310.0,10,795.0,0.0,0.0,0.0,0.0,0.0,35
2023-05-10 21:05:01,CF311C15800,CF311C15800,795.0,0.0,0.0,0.0,10,601.0,1307.0,1,795.0,0.0,0.0,0.0,0.0,0.0,35
2023-05-10 21:05:01,CF311C15800,CF311C15800,795.0,0.0,0.0,0.0,10,601.0,1306.0,10,795.0,0.0,0.0,0.0,0.0,0.0,35
2023-05-10 21:05:02,CF311C15800,CF311C15800,795.0,0.0,0.0,0.0,10,601.0,1303.0,1,795.0,0.0,0.0,0.0,0.0,0.0,35
2023-05-10 21:05:02,CF311C15800,CF311C15800,795.0,0.0,0.0,0.0,10,601.0,1302.0,10,795.0,0.0,0.0,0.0,0.0,0.0,35
2023-05-10 21:05:04,CF311C15800,CF311C15800,795.0,0.0,0.0,0.0,10,601.0,1299.0,1,795.0,0.0,0.0,0.0,0.0,0.0,35
2023-05-10 21:05:04,CF311C15800,CF311C15800,795.0,0.0,0.0,0.0,10,601.0,1298.0,10,795.0,0.0,0.0,0.0,0.0,0.0,35
2023-05-10 21:05:05,CF311C15800,CF311C15800,795.0,0.0,0.0,0.0,10,601.0,1295.0,1,795.0,0.0,0.0,0.0,0.0,0.0,35
2023-05-10 21:05:05,CF311C15800,CF311C15800,795.0,0.0,0.0,0.0,10,601.0,1294.0,10,795.0,0.0,0.0,0.0,0.0,0.0,35
2023-05-10 21:05:06,CF311C15800,CF311C15800,795.0,0.0,0.0,0.0,10,601.0,1291.0,1,795.0,0.0,0.0,0.0,0.0,0.0,35
2023-05-10 21:05:06,CF311C15800,CF311C15800,795.0,0.0,0.0,0.0,10,601.0,1290.0,10,795.0,0.0,0.0,0.0,0.0,0.0,35
2023-05-10 21:05:08,CF311C15800,CF311C15800,795.0,0.0,0.0,0.0,10,601.0,1287.0,1,795.0,0.0,0.0,0.0,0.0,0.0,35
2023-05-10 21:05:08,CF311C15800,CF311C15800,795.0,0.0,0.0,0.0,10,601.0,1286.0,10,795.0,0.0,0.0,0.0,0.0,0.0,35
2023-05-10 21:05:10,CF311C15800,CF311C15800,795.0,0.0,0.0,0.0,10,601.0,1283.0,1,795.0,0.0,0.0,0.0,0.0,0.0,35
2023-05-10 21:05:10,CF311C15800,CF311C15800,795.0,0.0,0.0,0.0,10,601.0,1282.0,10,795.0,0.0,0.0,0.0,0.0,0.0,35
2023-05-10 21:05:11,CF311C15800,CF311C15800,795.0,0.0,0.0,0.0,10,601.0,1279.0,1,795.0,0.0,0.0,0.0,0.0,0.0,35
2023-05-10 21:05:11,CF311C15800,CF311C15800,795.0,0.0,0.0,0.0,10,601.0,1278.0,10,795.0,0.0,0.0,0.0,0.0,0.0,35
2023-05-10 21:05:12,CF311C15800,CF311C15800,795.0,0.0,0.0,0.0,10,601.0,1275.0,1,795.0,0.0,0.0,0.0,0.0,0.0,35
2023-05-10 21:05:12,CF311C15800,CF311C15800,795.0,0.0,0.0,0.0,10,601.0,1274.0,10,795.0,0.0,0.0,0.0,0.0,0.0,35
2023-05-10 21:05:13,CF311C15800,CF311C15800,795.0,0.0,0.0,0.0,10,601.0,1271.0,1,795.0,0.0,0.0,0.0,0.0,0.0,35
2023-05-10 21:05:13,CF311C15800,CF311C15800,795.0,0.0,0.0,0.0,10,601.0,1270.0,10,795.0,0.0,0.0,0.0,0.0,0.0,35
2023-05-10 21:05:14,CF311C15800,CF311C15800,795.0,0.0,0.0,0.0,10,601.0,1267.0,1,795.0,0.0,0.0,0.0,0.0,0.0,35
2023-05-10 21:05:14,CF311C15800,CF311C15800,795.0,0.0,0.0,0.0,10,601.0,1266.0,10,795.0,0.0,0.0,0.0,0.0,0.0,35
2023-05-10 21:05:15,CF311C15800,CF311C15800,795.0,0.0,0.0,0.0,10,601.0,1263.0,1,795.0,0.0,0.0,0.0,0.0,0.0,35
2023-05-10 21:05:15,CF311C15800,CF311C15800,795.0,0.0,0.0,0.0,10,601.0,1262.0,10,795.0,0.0,0.0,0.0,0.0,0.0,35
2023-05-10 21:05:16,CF311C15800,CF311C15800,795.0,0.0,0.0,0.0,10,601.0,1259.0,1,795.0,0.0,0.0,0.0,0.0,0.0,35
2023-05-10 21:05:16,CF311C15800,CF311C15800,795.0,0.0,0.0,0.0,10,601.0,1258.0,10,795.0,0.0,0.0,0.0,0.0,0.0,35
2023-05-10 21:05:17,CF311C15800,CF311C15800,795.0,0.0,0.0,0.0,10,601.0,1255.0,1,795.0,0.0,0.0,0.0,0.0,0.0,35
2023-05-10 21:05:17,CF311C15800,CF311C15800,795.0,0.0,0.0,0.0,10,601.0,1254.0,10,795.0,0.0,0.0,0.0,0.0,0.0,35
2023-05-10 21:05:18,CF311C15800,CF311C15800,795.0,0.0,0.0,0.0,10,601.0,1251.0,1,795.0,0.0,0.0,0.0,0.0,0.0,35
2023-05-10 21:05:18,CF311C15800,CF311C15800,795.0,0.0,0.0,0.0,10,601.0,1250.0,10,795.0,0.0,0.0,0.0,0.0,0.0,35
2023-05-10 21:05:19,CF311C15800,CF311C15800,795.0,0.0,0.0,0.0,10,601.0,1247.0,1,795.0,0.0,0.0,0.0,0.0,0.0,35
2023-05-10 21:05:19,CF311C15800,CF311C15800,795.0,0.0,0.0,0.0,10,601.0,1246.0,10,795.0,0.0,0.0,0.0,0.0,0.0,35
2023-05-10 21:05:20,CF311C15800,CF311C15800,795.0,0.0,0.0,0.0,10,601.0,1243.0,1,795.0,0.0,0.0,0.0,0.0,0.0,35
2023-05-10 21:05:20,CF311C15800,CF311C15800,795.0,0.0,0.0,0.0,10,601.0,1242.0,10,795.0,0.0,0.0,0.0,0.0,0.0,35
2023-05-10 21:05:21,CF311C15800,CF311C15800,795.0,0.0,0.0,0.0,10,601.0,1239.0,1,795.0,0.0,0.0,0.0,0.0,0.0,35
2023-05-10 21:05:21,CF311C15800,CF311C15800,795.0,0.0,0.0,0.0,10,601.0,1238.0,10,795.0,0.0,0.0,0.0,0.0,0.0,35
2023-05-10 21:05:22,CF311C15800,CF311C15800,795.0,0.0,0.0,0.0,10,601.0,1235.0,1,795.0,0.0,0.0,0.0,0.0,0.0,35
2023-05-10 21:05:22,CF311C15800,CF311C15800,795.0,0.0,0.0,0.0,10,601.0,1234.0,10,795.0,0.0,0.0,0.0,0.0,0.0,35
2023-05-10 21:05:23,CF311C15800,CF311C15800,795.0,0.0,0.0,0.0,10,601.0,1231.0,1,795.0,0.0,0.0,0.0,0.0,0.0,35
2023-05-10 21:05:23,CF311C15800,CF311C15800,795.0,0.0,0.0,0.0,10,601.0,1230.0,10,795.0,0.0,0.0,0.0,0.0,0.0,35
2023-05-10 21:05:24,CF311C15800,CF311C15800,795.0,0.0,0.0,0.0,10,601.0,1227.0,1,795.0,0.0,0.0,0.0,0.0,0.0,35
2023-05-10 21:05:24,CF311C15800,CF311C15800,795.0,0.0,0.0,0.0,10,601.0,1226.0,10,795.0,0.0,0.0,0.0,0.0,0.0,35
2023-05-10 21:05:25,CF311C15800,CF311C15800,795.0,0.0,0.0,0.0,10,601.0,1223.0,1,795.0,0.0,0.0,0.0,0.0,0.0,35
2023-05-10 21:05:25,CF311C15800,CF311C15800,795.0,0.0,0.0,0.0,10,601.0,1222.0,10,795.0,0.0,0.0,0.0,0.0,0.0,35
2023-05-10 21:05:26,CF311C15800,CF311C15800,795.0,0.0,0.0,0.0,10,601.0,1219.0,1,795.0,0.0,0.0,0.0,0.0,0.0,35
2023-05-10 21:05:26,CF311C15800,CF311C15800,795.0,0.0,0.0,0.0,10,601.0,1218.0,10,795.0,0.0,0.0,0.0,0.0,0.0,35
2023-05-10 21:05:27,CF311C15800,CF311C15800,795.0,0.0,0.0,0.0,10,601.0,1215.0,1,795.0,0.0,0.0,0.0,0.0,0.0,35
2023-05-10 21:05:27,CF311C15800,CF311C15800,795.0,0.0,0.0,0.0,10,601.0,1214.0,10,795.0,0.0,0.0,0.0,0.0,0.0,35
2023-05-10 21:05:28,CF311C15800,CF311C15800,795.0,0.0,0.0,0.0,10,601.0,1211.0,1,795.0,0.0,0.0,0.0,0.0,0.0,35
2023-05-10 21:05:28,CF311C15800,CF311C15800,795.0,0.0,0.0,0.0,10,601.0,1210.0,10,795.0,0.0,0.0,0.0,0.0,0.0,35
2023-05-10 21:05:29,CF311C15800,CF311C15800,795.0,0.0,0.0,0.0,10,601.0,1207.0,1,795.0,0.0,0.0,0.0,0.0,0.0,35
2023-05-10 21:05:29,CF311C15800,CF311C15800,795.0,0.0,0.0,0.0,10,601.0,1206.0,10,795.0,0.0,0.0,0.0,0.0,0.0,35
2023-05-10 21:05:30,CF311C15800,CF311C15800,795.0,0.0,0.0,0.0,10,601.0,1203.0,1,795.0,0.0,0.0,0.0,0.0,0.0,35
2023-05-10 21:05:30,CF311C15800,CF311C15800,795.0,0.0,0.0,0.0,10,601.0,1202.0,10,795.0,0.0,0.0,0.0,0.0,0.0,35
2023-05-10 21:05:31,CF311C15800,CF311C15800,795.0,0.0,0.0,0.0,10,601.0,1199.0,1,795.0,0.0,0.0,0.0,0.0,0.0,35
2023-05-10 21:05:31,CF311C15800,CF311C15800,795.0,0.0,0.0,0.0,10,601.0,1198.0,10,795.0,0.0,0.0,0.0,0.0,0.0,35
2023-05-10 21:05:32,CF311C15800,CF311C15800,795.0,0.0,0.0,0.0,10,601.0,1195.0,1,795.0,0.0,0.0,0.0,0.0,0.0,35
2023-05-10 21:05:32,CF311C15800,CF311C15800,795.0,0.0,0.0,0.0,10,601.0,1194.0,10,795.0,0.0,0.0,0.0,0.0,0.0,35
2023-05-10 21:05:33,CF311C15800,CF311C15800,795.0,0.0,0.0,0.0,10,601.0,1191.0,1,795.0,0.0,0.0,0.0,0.0,0.0,35
2023-05-10 21:05:33,CF311C15800,CF311C15800,795.0,0.0,0.0,0.0,10,601.0,1190.0,10,795.0,0.0,0.0,0.0,0.0,0.0,35
2023-05-10 21:05:34,CF311C15800,CF311C15800,795.0,0.0,0.0,0.0,10,601.0,1187.0,1,795.0,0.0,0.0,0.0,0.0,0.0,35
2023-05-10 21:05:34,CF311C15800,CF311C15800,795.0,0.0,0.0,0.0,10,601.0,1186.0,10,795.0,0.0,0.0,0.0,0.0,0.0,35
2023-05-10 21:05:35,CF311C15800,CF311C15800,795.0,0.0,0.0,0.0,10,601.0,1183.0,1,795.0,0.0,0.0,0.0,0.0,0.0,35
2023-05-10 21:05:35,CF311C15800,CF311C15800,795.0,0.0,0.0,0.0,10,601.0,1182.0,10,795.0,0.0,0.0,0.0,0.0,0.0,35
2023-05-10 21:05:36,CF311C15800,CF311C15800,795.0,0.0,0.0,0.0,10,601.0,1179.0,1,795.0,0.0,0.0,0.0,0.0,0.0,35
2023-05-10 21:05:36,CF311C15800,CF311C15800,795.0,0.0,0.0,0.0,10,601.0,1178.0,10,795.0,0.0,0.0,0.0,0.0,0.0,35
2023-05-10 21:05:37,CF311C15800,CF311C15800,795.0,0.0,0.0,0.0,10,601.0,1175.0,1,795.0,0.0,0.0,0.0,0.0,0.0,35
2023-05-10 21:05:37,CF311C15800,CF311C15800,795.0,0.0,0.0,0.0,10,601.0,1174.0,10,795.0,0.0,0.0,0.0,0.0,0.0,35
2023-05-10 21:05:38,CF311C15800,CF311C15800,795.0,0.0,0.0,0.0,10,601.0,1171.0,1,795.0,0.0,0.0,0.0,0.0,0.0,35
2023-05-10 21:05:38,CF311C15800,CF311C15800,795.0,0.0,0.0,0.0,10,601.0,1170.0,10,795.0,0.0,0.0,0.0,0.0,0.0,35
2023-05-10 21:05:39,CF311C15800,CF311C15800,795.0,0.0,0.0,0.0,10,601.0,1167.0,1,795.0,0.0,0.0,0.0,0.0,0.0,35
2023-05-10 21:05:39,CF311C15800,CF311C15800,795.0,0.0,0.0,0.0,10,601.0,1166.0,10,795.0,0.0,0.0,0.0,0.0,0.0,35
2023-05-10 21:05:40,CF311C15800,CF311C15800,795.0,0.0,0.0,0.0,10,601.0,1163.0,1,795.0,0.0,0.0,0.0,0.0,0.0,35
2023-05-10 21:05:40,CF311C15800,CF311C15800,795.0,0.0,0.0,0.0,10,601.0,1162.0,10,795.0,0.0,0.0,0.0,0.0,0.0,35
2023-05-10 21:05:40,CF311C15800,CF311C15800,795.0,0.0,0.0,0.0,10,601.0,1163.0,1,795.0,0.0,0.0,0.0,0.0,0.0,35
2023-05-10 21:05:40,CF311C15800,CF311C15800,795.0,0.0,0.0,0.0,10,601.0,1162.0,10,795.0,0.0,0.0,0.0,0.0,0.0,35
2023-05-10 21:25:40,CF311C15800,CF311C15800,795.0,0.0,0.0,0.0,10,601.0,1159.0,1,795.0,0.0,0.0,0.0,0.0,0.0,35
2023-05-10 21:25:40,CF311C15800,CF311C15800,795.0,0.0,0.0,0.0,10,601.0,1158.0,10,795.0,0.0,0.0,0.0,0.0,0.0,35
2023-05-10 21:25:41,CF311C15800,CF311C15800,795.0,0.0,0.0,0.0,10,601.0,1155.0,1,795.0,0.0,0.0,0.0,0.0,0.0,35
2023-05-10 21:25:41,CF311C15800,CF311C15800,795.0,0.0,0.0,0.0,10,601.0,1154.0,10,795.0,0.0,0.0,0.0,0.0,0.0,35
2023-05-10 21:25:42,CF311C15800,CF311C15800,795.0,0.0,0.0,0.0,10,601.0,1151.0,1,795.0,0.0,0.0,0.0,0.0,0.0,35
2023-05-10 21:25:42,CF311C15800,CF311C15800,795.0,0.0,0.0,0.0,10,601.0,1150.0,10,795.0,0.0,0.0,0.0,0.0,0.0,35
2023-05-10 21:25:43,CF311C15800,CF311C15800,795.0,0.0,0.0,0.0,10,601.0,1147.0,1,795.0,0.0,0.0,0.0,0.0,0.0,35
2023-05-10 21:25:43,CF311C15800,CF311C15800,795.0,0.0,0.0,0.0,10,601.0,1146.0,10,795.0,0.0,0.0,0.0,0.0,0.0,35
2023-05-10 21:25:44,CF311C15800,CF311C15800,795.0,0.0,0.0,0.0,10,601.0,1143.0,1,795.0,0.0,0.0,0.0,0.0,0.0,35
2023-05-10 21:25:44,CF311C15800,CF311C15800,795.0,0.0,0.0,0.0,10,601.0,1142.0,10,795.0,0.0,0.0,0.0,0.0,0.0,35
2023-05-10 21:25:45,CF311C15800,CF311C15800,795.0,0.0,0.0,0.0,10,601.0,1139.0,1,795.0,0.0,0.0,0.0,0.0,0.0,35
2023-05-10 21:25:45,CF311C15800,CF311C15800,795.0,0.0,0.0,0.0,10,601.0,1138.0,10,795.0,0.0,0.0,0.0,0.0,0.0,35
2023-05-10 21:25:46,CF311C15800,CF311C15800,795.0,0.0,0.0,0.0,10,601.0,1135.0,1,795.0,0.0,0.0,0.0,0.0,0.0,35
2023-05-10 21:25:46,CF311C15800,CF311C15800,795.0,0.0,0.0,0.0,10,601.0,1134.0,10,795.0,0.0,0.0,0.0,0.0,0.0,35
2023-05-10 21:25:47,CF311C15800,CF311C15800,795.0,0.0,0.0,0.0,10,601.0,1131.0,1,795.0,0.0,0.0,0.0,0.0,0.0,35
2023-05-10 21:25:47,CF311C15800,CF311C15800,795.0,0.0,0.0,0.0,10,601.0,1130.0,10,795.0,0.0,0.0,0.0,0.0,0.0,35
2023-05-10 21:25:48,CF311C15800,CF311C15800,795.0,0.0,0.0,0.0,10,601.0,1127.0,1,795.0,0.0,0.0,0.0,0.0,0.0,35
2023-05-10 21:25:48,CF311C15800,CF311C15800,795.0,0.0,0.0,0.0,10,601.0,1126.0,10,795.0,0.0,0.0,0.0,0.0,0.0,35
2023-05-10 21:25:49,CF311C15800,CF311C15800,795.0,0.0,0.0,0.0,10,601.0,1123.0,1,795.0,0.0,0.0,0.0,0.0,0.0,35
2023-05-10 21:25:49,CF311C15800,CF311C15800,795.0,0.0,0.0,0.0,10,601.0,1122.0,10,795.0,0.0,0.0,0.0,0.0,0.0,35
2023-05-10 21:45:40,CF311C15800,CF311C15800,795.0,0.0,0.0,0.0,10,601.0,1119.0,1,795.0,0.0,0.0,0.0,0.0,0.0,35
2023-05-10 21:45:40,CF311C15800,CF311C15800,795.0,0.0,0.0,0.0,10,601.0,1118.0,10,795.0,0.0,0.0,0.0,0.0,0.0,35
2023-05-10 21:45:41,CF311C15800,CF311C15800,795.0,0.0,0.0,0.0,10,601.0,1115.0,1,795.0,0.0,0.0,0.0,0.0,0.0,35
2023-05-10 21:45:41,CF311C15800,CF311C15800,795.0,0.0,0.0,0.0,10,601.0,1114.0,10,795.0,0.0,0.0,0.0,0.0,0.0,35
2023-05-10 21:45:42,CF311C15800,CF311C15800,795.0,0.0,0.0,0.0,10,601.0,1111.0,1,795.0,0.0,0.0,0.0,0.0,0.0,35
2023-05-10 21:45:42,CF311C15800,CF311C15800,795.0,0.0,0.0,0.0,10,601.0,1110.0,10,795.0,0.0,0.0,0.0,0.0,0.0,35
2023-05-10 21:45:43,CF311C15800,CF311C15800,795.0,0.0,0.0,0.0,10,601.0,1107.0,1,795.0,0.0,0.0,0.0,0.0,0.0,35
2023-05-10 21:45:43,CF311C15800,CF311C15800,795.0,0.0,0.0,0.0,10,601.0,1106.0,10,795.0,0.0,0.0,0.0,0.0,0.0,35
2023-05-10 21:45:44,CF311C15800,CF311C15800,795.0,0.0,0.0,0.0,10,601.0,1103.0,1,795.0,0.0,0.0,0.0,0.0,0.0,35
2023-05-10 21:45:44,CF311C15800,CF311C15800,795.0,0.0,0.0,0.0,10,601.0,1102.0,10,795.0,0.0,0.0,0.0,0.0,0.0,35
2023-05-10 21:45:45,CF311C15800,CF311C15800,795.0,0.0,0.0,0.0,10,601.0,1099.0,1,795.0,0.0,0.0,0.0,0.0,0.0,35
2023-05-10 21:45:45,CF311C15800,CF311C15800,795.0,0.0,0.0,0.0,10,601.0,1098.0,10,795.0,0.0,0.0,0.0,0.0,0.0,35
2023-05-10 21:45:46,CF311C15800,CF311C15800,795.0,0.0,0.0,0.0,10,601.0,1095.0,1,795.0,0.0,0.0,0.0,0.0,0.0,35
2023-05-10 21:45:46,CF311C15800,CF311C15800,795.0,0.0,0.0,0.0,10,601.0,1094.0,10,795.0,0.0,0.0,0.0,0.0,0.0,35
2023-05-10 21:45:47,CF311C15800,CF311C15800,795.0,0.0,0.0,0.0,10,601.0,1091.0,1,795.0,0.0,0.0,0.0,0.0,0.0,35
2023-05-10 21:45:47,CF311C15800,CF311C15800,795.0,0.0,0.0,0.0,10,601.0,1090.0,10,795.0,0.0,0.0,0.0,0.0,0.0,35
2023-05-10 21:45:48,CF311C15800,CF311C15800,795.0,0.0,0.0,0.0,10,601.0,1087.0,1,795.0,0.0,0.0,0.0,0.0,0.0,35
2023-05-10 21:45:48,CF311C15800,CF311C15800,795.0,0.0,0.0,0.0,10,601.0,1086.0,10,795.0,0.0,0.0,0.0,0.0,0.0,35
2023-05-10 21:45:49,CF311C15800,CF311C15800,795.0,0.0,0.0,0.0,10,601.0,1083.0,1,795.0,0.0,0.0,0.0,0.0,0.0,35
2023-05-10 21:45:49,CF311C15800,CF311C15800,795.0,0.0,0.0,0.0,10,601.0,1082.0,10,795.0,0.0,0.0,0.0,0.0,0.0,35
2023-05-10 22:05:40,CF311C15800,CF311C15800,795.0,0.0,0.0,0.0,10,601.0,1079.0,1,795.0,0.0,0.0,0.0,0.0,0.0,35
2023-05-10 22:05:40,CF311C15800,CF311C15800,795.0,0.0,0.0,0.0,10,601.0,1078.0,10,795.0,0.0,0.0,0.0,0.0,0.0,35
2023-05-10 22:05:41,CF311C15800,CF311C15800,795.0,0.0,0.0,0.0,10,601.0,1075.0,1,795.0,0.0,0.0,0.0,0.0,0.0,35
2023-05-10 22:05:41,CF311C15800,CF311C15800,795.0,0.0,0.0,0.0,10,601.0,1074.0,10,795.0,0.0,0.0,0.0,0.0,0.0,35
2023-05-10 22:05:42,CF311C15800,CF311C15800,795.0,0.0,0.0,0.0,10,601.0,1071.0,1,795.0,0.0,0.0,0.0,0.0,0.0,35
2023-05-10 22:05:42,CF311C15800,CF311C15800,795.0,0.0,0.0,0.0,10,601.0,1070.0,10,795.0,0.0,0.0,0.0,0.0,0.0,35
2023-05-10 22:05:43,CF311C15800,CF311C15800,795.0,0.0,0.0,0.0,10,601.0,1067.0,1,795.0,0.0,0.0,0.0,0.0,0.0,35
2023-05-10 22:05:43,CF311C15800,CF311C15800,795.0,0.0,0.0,0.0,10,601.0,1066.0,10,795.0,0.0,0.0,0.0,0.0,0.0,35
2023-05-10 22:15:40,CF311C15800,CF311C15800,795.0,0.0,0.0,0.0,10,601.0,1063.0,1,795.0,0.0,0.0,0.0,0.0,0.0,35
2023-05-10 22:15:40,CF311C15800,CF311C15800,795.0,0.0,0.0,0.0,10,601.0,1062.0,10,795.0,0.0,0.0,0.0,0.0,0.0,35
2023-05-10 22:25:40,CF311C15800,CF311C15800,795.0,0.0,0.0,0.0,10,601.0,1059.0,1,795.0,0.0,0.0,0.0,0.0,0.0,35
2023-05-10 22:25:40,CF311C15800,CF311C15800,795.0,0.0,0.0,0.0,10,601.0,1058.0,10,795.0,0.0,0.0,0.0,0.0,0.0,35
2023-05-10 22:25:40,CF311C15800,CF311C15800,795.0,0.0,0.0,0.0,10,601.0,1055.0,1,795.0,0.0,0.0,0.0,0.0,0.0,35
2023-05-10 22:25:41,CF311C15800,CF311C15800,795.0,0.0,0.0,0.0,10,601.0,1054.0,10,795.0,0.0,0.0,0.0,0.0,0.0,35
2023-05-10 22:25:41,CF311C15800,CF311C15800,795.0,0.0,0.0,0.0,10,601.0,1051.0,1,795.0,0.0,0.0,0.0,0.0,0.0,35
2023-05-10 22:25:42,CF311C15800,CF311C15800,795.0,0.0,0.0,0.0,10,601.0,1050.0,10,795.0,0.0,0.0,0.0,0.0,0.0,35
2023-05-10 22:25:43,CF311C15800,CF311C15800,795.0,0.0,0.0,0.0,10,601.0,1047.0,1,795.0,0.0,0.0,0.0,0.0,0.0,35
2023-05-10 22:25:43,CF311C15800,CF311C15800,795.0,0.0,0.0,0.0,10,601.0,1046.0,10,795.0,0.0,0.0,0.0,0.0,0.0,35
2023-05-10 22:25:44,CF311C15800,CF311C15800,795.0,0.0,0.0,0.0,10,601.0,1043.0,1,795.0,0.0,0.0,0.0,0.0,0.0,35
2023-05-10 22:25:44,CF311C15800,CF311C15800,795.0,0.0,0.0,0.0,10,601.0,1042.0,10,795.0,0.0,0.0,0.0,0.0,0.0,35
2023-05-10 22:57:35,CF311C15800,CF311C15800,795.0,0.0,0.0,0.0,1,69.0,0.0,0,795.0,0.0,0.0,0.0,0.0,0.0,35
2023-05-10 22:57:36,CF311C15800,CF311C15800,795.0,0.0,0.0,0.0,1,72.0,1747.0,1,795.0,0.0,0.0,0.0,0.0,0.0,35
2023-05-10 22:59:55,CF311C15800,CF311C15800,795.0,0.0,0.0,0.0,1,69.0,0.0,0,795.0,0.0,0.0,0.0,0.0,0.0,35
2023-05-11 09:00:10,CF311C15800,CF311C15800,795.0,0.0,0.0,0.0,10,70.0,0.0,0,795.0,0.0,0.0,0.0,0.0,0.0,35
2023-05-11 09:00:31,CF311C15800,CF311C15800,795.0,0.0,0.0,0.0,1,71.0,0.0,0,795.0,0.0,0.0,0.0,0.0,0.0,35
2023-05-11 09:00:32,CF311C15800,CF311C15800,795.0,0.0,0.0,0.0,10,72.0,0.0,0,795.0,0.0,0.0,0.0,0.0,0.0,35
2023-05-11 09:01:12,CF311C15800,CF311C15800,795.0,0.0,0.0,0.0,2,85.0,0.0,0,795.0,0.0,0.0,0.0,0.0,0.0,35
2023-05-11 09:01:12,CF311C15800,CF311C15800,795.0,0.0,0.0,0.0,10,86.0,0.0,0,795.0,0.0,0.0,0.0,0.0,0.0,35
2023-05-11 09:01:14,CF311C15800,CF311C15800,795.0,0.0,0.0,0.0,2,99.0,0.0,0,795.0,0.0,0.0,0.0,0.0,0.0,35
2023-05-11 09:01:14,CF311C15800,CF311C15800,795.0,0.0,0.0,0.0,10,100.0,0.0,0,795.0,0.0,0.0,0.0,0.0,0.0,35
2023-05-11 09:01:15,CF311C15800,CF311C15800,795.0,0.0,0.0,0.0,1,103.0,1746.0,10,795.0,0.0,0.0,0.0,0.0,0.0,35
2023-05-11 09:01:15,CF311C15800,CF311C15800,795.0,0.0,0.0,0.0,10,104.0,1746.0,10,795.0,0.0,0.0,0.0,0.0,0.0,35
2023-05-11 09:01:16,CF311C15800,CF311C15800,795.0,0.0,0.0,0.0,2,116.0,1746.0,10,795.0,0.0,0.0,0.0,0.0,0.0,35
2023-05-11 09:01:16,CF311C15800,CF311C15800,795.0,0.0,0.0,0.0,10,117.0,1746.0,10,795.0,0.0,0.0,0.0,0.0,0.0,35
2023-05-11 09:01:17,CF311C15800,CF311C15800,795.0,0.0,0.0,0.0,1,120.0,1743.0,1,795.0,0.0,0.0,0.0,0.0,0.0,35
2023-05-11 09:01:17,CF311C15800,CF311C15800,795.0,0.0,0.0,0.0,10,121.0,1742.0,10,795.0,0.0,0.0,0.0,0.0,0.0,35
2023-05-11 09:01:18,CF311C15800,CF311C15800,795.0,0.0,0.0,0.0,2,134.0,1742.0,10,795.0,0.0,0.0,0.0,0.0,0.0,35
2023-05-11 09:01:19,CF311C15800,CF311C15800,795.0,0.0,0.0,0.0,10,135.0,1742.0,10,795.0,0.0,0.0,0.0,0.0,0.0,35
2023-05-11 09:01:20,CF311C15800,CF311C15800,795.0,0.0,0.0,0.0,1,138.0,1739.0,1,795.0,0.0,0.0,0.0,0.0,0.0,35
2023-05-11 09:01:20,CF311C15800,CF311C15800,795.0,0.0,0.0,0.0,10,139.0,1738.0,10,795.0,0.0,0.0,0.0,0.0,0.0,35
2023-05-11 09:01:21,CF311C15800,CF311C15800,795.0,0.0,0.0,0.0,2,152.0,1738.0,10,795.0,0.0,0.0,0.0,0.0,0.0,35
2023-05-11 09:01:21,CF311C15800,CF311C15800,795.0,0.0,0.0,0.0,10,153.0,1738.0,10,795.0,0.0,0.0,0.0,0.0,0.0,35
2023-05-11 09:01:22,CF311C15800,CF311C15800,795.0,0.0,0.0,0.0,1,156.0,1735.0,1,795.0,0.0,0.0,0.0,0.0,0.0,35
2023-05-11 09:01:22,CF311C15800,CF311C15800,795.0,0.0,0.0,0.0,2,169.0,1734.0,10,795.0,0.0,0.0,0.0,0.0,0.0,35
2023-05-11 09:01:23,CF311C15800,CF311C15800,795.0,0.0,0.0,0.0,10,170.0,1734.0,10,795.0,0.0,0.0,0.0,0.0,0.0,35
2023-05-11 09:01:24,CF311C15800,CF311C15800,795.0,0.0,0.0,0.0,1,173.0,1731.0,1,795.0,0.0,0.0,0.0,0.0,0.0,35
2023-05-11 09:01:24,CF311C15800,CF311C15800,795.0,0.0,0.0,0.0,10,174.0,1730.0,10,795.0,0.0,0.0,0.0,0.0,0.0,35
2023-05-11 09:01:25,CF311C15800,CF311C15800,795.0,0.0,0.0,0.0,10,174.0,1727.0,1,795.0,0.0,0.0,0.0,0.0,0.0,35
2023-05-11 09:01:25,CF311C15800,CF311C15800,795.0,0.0,0.0,0.0,2,187.0,1726.0,10,795.0,0.0,0.0,0.0,0.0,0.0,35
2023-05-11 09:01:26,CF311C15800,CF311C15800,795.0,0.0,0.0,0.0,1,190.0,1723.0,1,795.0,0.0,0.0,0.0,0.0,0.0,35
2023-05-11 09:01:26,CF311C15800,CF311C15800,795.0,0.0,0.0,0.0,10,191.0,1722.0,10,795.0,0.0,0.0,0.0,0.0,0.0,35
2023-05-11 09:01:28,CF311C15800,CF311C15800,795.0,0.0,0.0,0.0,2,204.0,1722.0,10,795.0,0.0,0.0,0.0,0.0,0.0,35
2023-05-11 09:01:28,CF311C15800,CF311C15800,795.0,0.0,0.0,0.0,10,205.0,1722.0,10,795.0,0.0,0.0,0.0,0.0,0.0,35
2023-05-11 09:01:30,CF311C15800,CF311C15800,795.0,0.0,0.0,0.0,2,218.0,1722.0,10,795.0,0.0,0.0,0.0,0.0,0.0,35
2023-05-11 09:01:30,CF311C15800,CF311C15800,795.0,0.0,0.0,0.0,10,222.0,1719.0,1,795.0,0.0,0.0,0.0,0.0,0.0,35
2023-05-11 09:01:30,CF311C15800,CF311C15800,795.0,0.0,0.0,0.0,10,222.0,1718.0,10,795.0,0.0,0.0,0.0,0.0,0.0,35
2023-05-11 09:01:32,CF311C15800,CF311C15800,795.0,0.0,0.0,0.0,2,235.0,1718.0,10,795.0,0.0,0.0,0.0,0.0,0.0,35
2023-05-11 09:01:32,CF311C15800,CF311C15800,795.0,0.0,0.0,0.0,10,236.0,1718.0,10,795.0,0.0,0.0,0.0,0.0,0.0,35
2023-05-11 09:01:34,CF311C15800,CF311C15800,795.0,0.0,0.0,0.0,2,249.0,1718.0,10,795.0,0.0,0.0,0.0,0.0,0.0,35
2023-05-11 09:01:34,CF311C15800,CF311C15800,795.0,0.0,0.0,0.0,10,250.0,1718.0,10,795.0,0.0,0.0,0.0,0.0,0.0,35
2023-05-11 09:01:35,CF311C15800,CF311C15800,795.0,0.0,0.0,0.0,2,263.0,1718.0,10,795.0,0.0,0.0,0.0,0.0,0.0,35
2023-05-11 09:01:36,CF311C15800,CF311C15800,795.0,0.0,0.0,0.0,1,266.0,1715.0,1,795.0,0.0,0.0,0.0,0.0,0.0,35
2023-05-11 09:01:37,CF311C15800,CF311C15800,795.0,0.0,0.0,0.0,2,279.0,1714.0,10,795.0,0.0,0.0,0.0,0.0,0.0,35
2023-05-11 09:01:37,CF311C15800,CF311C15800,795.0,0.0,0.0,0.0,10,280.0,1714.0,10,795.0,0.0,0.0,0.0,0.0,0.0,35
2023-05-11 09:01:39,CF311C15800,CF311C15800,795.0,0.0,0.0,0.0,2,293.0,1714.0,10,795.0,0.0,0.0,0.0,0.0,0.0,35
2023-05-11 09:01:39,CF311C15800,CF311C15800,795.0,0.0,0.0,0.0,10,294.0,1714.0,10,795.0,0.0,0.0,0.0,0.0,0.0,35
2023-05-11 09:01:39,CF311C15800,CF311C15800,795.0,0.0,0.0,0.0,1,297.0,1714.0,10,795.0,0.0,0.0,0.0,0.0,0.0,35
2023-05-11 09:01:40,CF311C15800,CF311C15800,795.0,0.0,0.0,0.0,10,298.0,1714.0,10,795.0,0.0,0.0,0.0,0.0,0.0,35
2023-05-11 09:01:41,CF311C15800,CF311C15800,795.0,0.0,0.0,0.0,2,311.0,1711.0,1,795.0,0.0,0.0,0.0,0.0,0.0,35
2023-05-11 09:01:41,CF311C15800,CF311C15800,795.0,0.0,0.0,0.0,10,315.0,1710.0,10,795.0,0.0,0.0,0.0,0.0,0.0,35
2023-05-11 09:01:41,CF311C15800,CF311C15800,795.0,0.0,0.0,0.0,1,318.0,1707.0,1,795.0,0.0,0.0,0.0,0.0,0.0,35
2023-05-11 09:01:42,CF311C15800,CF311C15800,795.0,0.0,0.0,0.0,10,319.0,1706.0,10,795.0,0.0,0.0,0.0,0.0,0.0,35
2023-05-11 09:01:43,CF311C15800,CF311C15800,795.0,0.0,0.0,0.0,2,332.0,1706.0,10,795.0,0.0,0.0,0.0,0.0,0.0,35
2023-05-11 09:01:43,CF311C15800,CF311C15800,795.0,0.0,0.0,0.0,10,336.0,1703.0,1,795.0,0.0,0.0,0.0,0.0,0.0,35
2023-05-11 09:01:43,CF311C15800,CF311C15800,795.0,0.0,0.0,0.0,10,336.0,1702.0,10,795.0,0.0,0.0,0.0,0.0,0.0,35
2023-05-11 09:01:44,CF311C15800,CF311C15800,795.0,0.0,0.0,0.0,1,339.0,1699.0,1,795.0,0.0,0.0,0.0,0.0,0.0,35
2023-05-11 09:01:44,CF311C15800,CF311C15800,795.0,0.0,0.0,0.0,2,349.0,1698.0,10,795.0,0.0,0.0,0.0,0.0,0.0,35
2023-05-11 09:01:45,CF311C15800,CF311C15800,795.0,0.0,0.0,0.0,1,352.0,1695.0,1,795.0,0.0,0.0,0.0,0.0,0.0,35
2023-05-11 09:01:45,CF311C15800,CF311C15800,795.0,0.0,0.0,0.0,10,353.0,1694.0,10,795.0,0.0,0.0,0.0,0.0,0.0,35
2023-05-11 09:01:46,CF311C15800,CF311C15800,795.0,0.0,0.0,0.0,2,366.0,1691.0,1,795.0,0.0,0.0,0.0,0.0,0.0,35
2023-05-11 09:01:46,CF311C15800,CF311C15800,795.0,0.0,0.0,0.0,10,367.0,1690.0,10,795.0,0.0,0.0,0.0,0.0,0.0,35
2023-05-11 09:01:48,CF311C15800,CF311C15800,795.0,0.0,0.0,0.0,2,380.0,1690.0,10,795.0,0.0,0.0,0.0,0.0,0.0,35
2023-05-11 09:01:48,CF311C15800,CF311C15800,795.0,0.0,0.0,0.0,10,381.0,1690.0,10,795.0,0.0,0.0,0.0,0.0,0.0,35
2023-05-11 09:01:50,CF311C15800,CF311C15800,795.0,0.0,0.0,0.0,2,394.0,1690.0,10,795.0,0.0,0.0,0.0,0.0,0.0,35
2023-05-11 09:01:50,CF311C15800,CF311C15800,795.0,0.0,0.0,0.0,10,395.0,1690.0,10,795.0,0.0,0.0,0.0,0.0,0.0,35
2023-05-11 09:01:51,CF311C15800,CF311C15800,795.0,0.0,0.0,0.0,2,408.0,1690.0,10,795.0,0.0,0.0,0.0,0.0,0.0,35
2023-05-11 09:01:52,CF311C15800,CF311C15800,795.0,0.0,0.0,0.0,10,412.0,1687.0,1,795.0,0.0,0.0,0.0,0.0,0.0,35
2023-05-11 09:01:52,CF311C15800,CF311C15800,795.0,0.0,0.0,0.0,10,412.0,1686.0,10,795.0,0.0,0.0,0.0,0.0,0.0,35
2023-05-11 09:01:53,CF311C15800,CF311C15800,795.0,0.0,0.0,0.0,2,425.0,1686.0,10,795.0,0.0,0.0,0.0,0.0,0.0,35
2023-05-11 09:01:54,CF311C15800,CF311C15800,795.0,0.0,0.0,0.0,1,428.0,1683.0,1,795.0,0.0,0.0,0.0,0.0,0.0,35
2023-05-11 09:01:54,CF311C15800,CF311C15800,795.0,0.0,0.0,0.0,10,429.0,1682.0,10,795.0,0.0,0.0,0.0,0.0,0.0,35
2023-05-11 09:01:55,CF311C15800,CF311C15800,795.0,0.0,0.0,0.0,2,442.0,1682.0,10,795.0,0.0,0.0,0.0,0.0,0.0,35
2023-05-11 09:01:55,CF311C15800,CF311C15800,795.0,0.0,0.0,0.0,10,443.0,1682.0,10,795.0,0.0,0.0,0.0,0.0,0.0,35
2023-05-11 09:01:56,CF311C15800,CF311C15800,795.0,0.0,0.0,0.0,2,456.0,1682.0,10,795.0,0.0,0.0,0.0,0.0,0.0,35
2023-05-11 09:01:57,CF311C15800,CF311C15800,795.0,0.0,0.0,0.0,1,459.0,1679.0,1,795.0,0.0,0.0,0.0,0.0,0.0,35
2023-05-11 09:01:57,CF311C15800,CF311C15800,795.0,0.0,0.0,0.0,10,460.0,1678.0,10,795.0,0.0,0.0,0.0,0.0,0.0,35
2023-05-11 09:01:58,CF311C15800,CF311C15800,795.0,0.0,0.0,0.0,1,463.0,1678.0,10,795.0,0.0,0.0,0.0,0.0,0.0,35
2023-05-11 09:01:58,CF311C15800,CF311C15800,795.0,0.0,0.0,0.0,2,476.0,1678.0,10,795.0,0.0,0.0,0.0,0.0,0.0,35
2023-05-11 09:01:59,CF311C15800,CF311C15800,795.0,0.0,0.0,0.0,10,477.0,1678.0,10,795.0,0.0,0.0,0.0,0.0,0.0,35
2023-05-11 09:02:00,CF311C15800,CF311C15800,795.0,0.0,0.0,0.0,2,490.0,1678.0,10,795.0,0.0,0.0,0.0,0.0,0.0,35
2023-05-11 09:02:00,CF311C15800,CF311C15800,795.0,0.0,0.0,0.0,10,491.0,1675.0,1,795.0,0.0,0.0,0.0,0.0,0.0,35
2023-05-11 09:02:01,CF311C15800,CF311C15800,795.0,0.0,0.0,0.0,10,491.0,1674.0,10,795.0,0.0,0.0,0.0,0.0,0.0,35
2023-05-11 09:02:02,CF311C15800,CF311C15800,795.0,0.0,0.0,0.0,2,504.0,1674.0,10,795.0,0.0,0.0,0.0,0.0,0.0,35
2023-05-11 09:02:02,CF311C15800,CF311C15800,795.0,0.0,0.0,0.0,10,505.0,1674.0,10,795.0,0.0,0.0,0.0,0.0,0.0,35
2023-05-11 09:02:03,CF311C15800,CF311C15800,795.0,0.0,0.0,0.0,2,518.0,1674.0,10,795.0,0.0,0.0,0.0,0.0,0.0,35
2023-05-11 09:02:04,CF311C15800,CF311C15800,795.0,0.0,0.0,0.0,10,519.0,1674.0,10,795.0,0.0,0.0,0.0,0.0,0.0,35
2023-05-11 09:02:04,CF311C15800,CF311C15800,795.0,0.0,0.0,0.0,10,519.0,1671.0,1,795.0,0.0,0.0,0.0,0.0,0.0,35
2023-05-11 09:02:05,CF311C15800,CF311C15800,795.0,0.0,0.0,0.0,2,532.0,1670.0,10,795.0,0.0,0.0,0.0,0.0,0.0,35
2023-05-11 09:02:05,CF311C15800,CF311C15800,795.0,0.0,0.0,0.0,10,533.0,1670.0,10,795.0,0.0,0.0,0.0,0.0,0.0,35
2023-05-11 09:02:07,CF311C15800,CF311C15800,795.0,0.0,0.0,0.0,2,546.0,1667.0,1,795.0,0.0,0.0,0.0,0.0,0.0,35
2023-05-11 09:02:07,CF311C15800,CF311C15800,795.0,0.0,0.0,0.0,10,547.0,1666.0,10,795.0,0.0,0.0,0.0,0.0,0.0,35
2023-05-11 09:02:07,CF311C15800,CF311C15800,795.0,0.0,0.0,0.0,10,547.0,1663.0,1,795.0,0.0,0.0,0.0,0.0,0.0,35
2023-05-11 09:02:08,CF311C15800,CF311C15800,795.0,0.0,0.0,0.0,2,560.0,1662.0,10,795.0,0.0,0.0,0.0,0.0,0.0,35
2023-05-11 09:02:09,CF311C15800,CF311C15800,795.0,0.0,0.0,0.0,10,561.0,1662.0,10,795.0,0.0,0.0,0.0,0.0,0.0,35
2023-05-11 09:02:09,CF311C15800,CF311C15800,795.0,0.0,0.0,0.0,10,561.0,1659.0,1,795.0,0.0,0.0,0.0,0.0,0.0,35
2023-05-11 09:02:10,CF311C15800,CF311C15800,795.0,0.0,0.0,0.0,2,574.0,1658.0,10,795.0,0.0,0.0,0.0,0.0,0.0,35
2023-05-11 09:02:10,CF311C15800,CF311C15800,795.0,0.0,0.0,0.0,10,575.0,1658.0,10,795.0,0.0,0.0,0.0,0.0,0.0,35
2023-05-11 09:02:11,CF311C15800,CF311C15800,795.0,0.0,0.0,0.0,2,582.0,1658.0,10,795.0,0.0,0.0,0.0,0.0,0.0,35
2023-05-11 09:02:12,CF311C15800,CF311C15800,795.0,0.0,0.0,0.0,10,583.0,1658.0,10,795.0,0.0,0.0,0.0,0.0,0.0,35
2023-05-11 09:02:13,CF311C15800,CF311C15800,795.0,0.0,0.0,0.0,2,590.0,1658.0,10,795.0,0.0,0.0,0.0,0.0,0.0,35
2023-05-11 09:02:13,CF311C15800,CF311C15800,795.0,0.0,0.0,0.0,10,591.0,1658.0,10,795.0,0.0,0.0,0.0,0.0,0.0,35
2023-05-11 09:02:14,CF311C15800,CF311C15800,795.0,0.0,0.0,0.0,2,592.0,1658.0,10,795.0,0.0,0.0,0.0,0.0,0.0,35
2023-05-11 09:02:15,CF311C15800,CF311C15800,795.0,0.0,0.0,0.0,10,593.0,1655.0,1,795.0,0.0,0.0,0.0,0.0,0.0,35
2023-05-11 09:02:15,CF311C15800,CF311C15800,795.0,0.0,0.0,0.0,10,593.0,1654.0,10,795.0,0.0,0.0,0.0,0.0,0.0,35
2023-05-11 09:02:16,CF311C15800,CF311C15800,795.0,0.0,0.0,0.0,2,594.0,1651.0,1,795.0,0.0,0.0,0.0,0.0,0.0,35
2023-05-11 09:02:16,CF311C15800,CF311C15800,795.0,0.0,0.0,0.0,10,595.0,1650.0,10,795.0,0.0,0.0,0.0,0.0,0.0,35
2023-05-11 09:02:17,CF311C15800,CF311C15800,795.0,0.0,0.0,0.0,2,596.0,1650.0,10,795.0,0.0,0.0,0.0,0.0,0.0,35
2023-05-11 09:02:17,CF311C15800,CF311C15800,795.0,0.0,0.0,0.0,10,597.0,1650.0,10,795.0,0.0,0.0,0.0,0.0,0.0,35
2023-05-11 09:02:17,CF311C15800,CF311C15800,795.0,0.0,0.0,0.0,10,597.0,1647.0,1,795.0,0.0,0.0,0.0,0.0,0.0,35
2023-05-11 09:02:18,CF311C15800,CF311C15800,795.0,0.0,0.0,0.0,2,598.0,1646.0,10,795.0,0.0,0.0,0.0,0.0,0.0,35
2023-05-11 09:02:18,CF311C15800,CF311C15800,795.0,0.0,0.0,0.0,10,599.0,1646.0,10,795.0,0.0,0.0,0.0,0.0,0.0,35
2023-05-11 09:02:19,CF311C15800,CF311C15800,795.0,0.0,0.0,0.0,2,600.0,1643.0,1,795.0,0.0,0.0,0.0,0.0,0.0,35
2023-05-11 09:02:20,CF311C15800,CF311C15800,795.0,0.0,0.0,0.0,10,601.0,1642.0,10,795.0,0.0,0.0,0.0,0.0,0.0,35
2023-05-11 09:02:21,CF311C15800,CF311C15800,795.0,0.0,0.0,0.0,10,601.0,1639.0,1,795.0,0.0,0.0,0.0,0.0,0.0,35
2023-05-11 09:02:21,CF311C15800,CF311C15800,795.0,0.0,0.0,0.0,10,601.0,1638.0,10,795.0,0.0,0.0,0.0,0.0,0.0,35
2023-05-11 09:02:22,CF311C15800,CF311C15800,795.0,0.0,0.0,0.0,10,601.0,1635.0,1,795.0,0.0,0.0,0.0,0.0,0.0,35
2023-05-11 09:02:22,CF311C15800,CF311C15800,795.0,0.0,0.0,0.0,10,601.0,1634.0,10,795.0,0.0,0.0,0.0,0.0,0.0,35
2023-05-11 09:02:25,CF311C15800,CF311C15800,795.0,0.0,0.0,0.0,10,601.0,1631.0,1,795.0,0.0,0.0,0.0,0.0,0.0,35
2023-05-11 09:02:25,CF311C15800,CF311C15800,795.0,0.0,0.0,0.0,10,601.0,1630.0,10,795.0,0.0,0.0,0.0,0.0,0.0,35
2023-05-11 09:02:26,CF311C15800,CF311C15800,795.0,0.0,0.0,0.0,10,601.0,1627.0,1,795.0,0.0,0.0,0.0,0.0,0.0,35
2023-05-11 09:02:26,CF311C15800,CF311C15800,795.0,0.0,0.0,0.0,10,601.0,1626.0,10,795.0,0.0,0.0,0.0,0.0,0.0,35
2023-05-11 09:02:27,CF311C15800,CF311C15800,795.0,0.0,0.0,0.0,10,601.0,1623.0,1,795.0,0.0,0.0,0.0,0.0,0.0,35
2023-05-11 09:02:27,CF311C15800,CF311C15800,795.0,0.0,0.0,0.0,10,601.0,1622.0,10,795.0,0.0,0.0,0.0,0.0,0.0,35
2023-05-11 09:02:28,CF311C15800,CF311C15800,795.0,0.0,0.0,0.0,10,601.0,1619.0,1,795.0,0.0,0.0,0.0,0.0,0.0,35
2023-05-11 09:02:28,CF311C15800,CF311C15800,795.0,0.0,0.0,0.0,10,601.0,1618.0,10,795.0,0.0,0.0,0.0,0.0,0.0,35
2023-05-11 09:02:31,CF311C15800,CF311C15800,795.0,0.0,0.0,0.0,10,601.0,1615.0,1,795.0,0.0,0.0,0.0,0.0,0.0,35
2023-05-11 09:02:31,CF311C15800,CF311C15800,795.0,0.0,0.0,0.0,10,601.0,1614.0,10,795.0,0.0,0.0,0.0,0.0,0.0,35
2023-05-11 09:02:33,CF311C15800,CF311C15800,795.0,0.0,0.0,0.0,10,601.0,1611.0,1,795.0,0.0,0.0,0.0,0.0,0.0,35
2023-05-11 09:02:33,CF311C15800,CF311C15800,795.0,0.0,0.0,0.0,10,601.0,1610.0,10,795.0,0.0,0.0,0.0,0.0,0.0,35
2023-05-11 09:02:34,CF311C15800,CF311C15800,795.0,0.0,0.0,0.0,10,601.0,1607.0,1,795.0,0.0,0.0,0.0,0.0,0.0,35
2023-05-11 09:02:34,CF311C15800,CF311C15800,795.0,0.0,0.0,0.0,10,601.0,1606.0,10,795.0,0.0,0.0,0.0,0.0,0.0,35
2023-05-11 09:02:35,CF311C15800,CF311C15800,795.0,0.0,0.0,0.0,10,601.0,1603.0,1,795.0,0.0,0.0,0.0,0.0,0.0,35
2023-05-11 09:02:35,CF311C15800,CF311C15800,795.0,0.0,0.0,0.0,10,601.0,1602.0,10,795.0,0.0,0.0,0.0,0.0,0.0,35
2023-05-11 09:02:36,CF311C15800,CF311C15800,795.0,0.0,0.0,0.0,10,601.0,1599.0,1,795.0,0.0,0.0,0.0,0.0,0.0,35
2023-05-11 09:02:36,CF311C15800,CF311C15800,795.0,0.0,0.0,0.0,10,601.0,1598.0,10,795.0,0.0,0.0,0.0,0.0,0.0,35
2023-05-11 09:02:37,CF311C15800,CF311C15800,795.0,0.0,0.0,0.0,10,601.0,1595.0,1,795.0,0.0,0.0,0.0,0.0,0.0,35
2023-05-11 09:02:37,CF311C15800,CF311C15800,795.0,0.0,0.0,0.0,10,601.0,1594.0,10,795.0,0.0,0.0,0.0,0.0,0.0,35
2023-05-11 09:02:38,CF311C15800,CF311C15800,795.0,0.0,0.0,0.0,10,601.0,1591.0,1,795.0,0.0,0.0,0.0,0.0,0.0,35
2023-05-11 09:02:38,CF311C15800,CF311C15800,795.0,0.0,0.0,0.0,10,601.0,1590.0,10,795.0,0.0,0.0,0.0,0.0,0.0,35
2023-05-11 09:02:39,CF311C15800,CF311C15800,795.0,0.0,0.0,0.0,10,601.0,1587.0,1,795.0,0.0,0.0,0.0,0.0,0.0,35
2023-05-11 09:02:39,CF311C15800,CF311C15800,795.0,0.0,0.0,0.0,10,601.0,1586.0,10,795.0,0.0,0.0,0.0,0.0,0.0,35
2023-05-11 09:02:41,CF311C15800,CF311C15800,795.0,0.0,0.0,0.0,10,601.0,1583.0,1,795.0,0.0,0.0,0.0,0.0,0.0,35
2023-05-11 09:02:41,CF311C15800,CF311C15800,795.0,0.0,0.0,0.0,10,601.0,1582.0,10,795.0,0.0,0.0,0.0,0.0,0.0,35
2023-05-11 09:02:48,CF311C15800,CF311C15800,795.0,0.0,0.0,0.0,10,601.0,1579.0,1,795.0,0.0,0.0,0.0,0.0,0.0,35
2023-05-11 09:02:48,CF311C15800,CF311C15800,795.0,0.0,0.0,0.0,10,601.0,1578.0,10,795.0,0.0,0.0,0.0,0.0,0.0,35
2023-05-11 09:02:49,CF311C15800,CF311C15800,795.0,0.0,0.0,0.0,10,601.0,1575.0,1,795.0,0.0,0.0,0.0,0.0,0.0,35
2023-05-11 09:02:49,CF311C15800,CF311C15800,795.0,0.0,0.0,0.0,10,601.0,1574.0,10,795.0,0.0,0.0,0.0,0.0,0.0,35
2023-05-11 09:02:51,CF311C15800,CF311C15800,795.0,0.0,0.0,0.0,10,601.0,1571.0,1,795.0,0.0,0.0,0.0,0.0,0.0,35
2023-05-11 09:02:51,CF311C15800,CF311C15800,795.0,0.0,0.0,0.0,10,601.0,1570.0,10,795.0,0.0,0.0,0.0,0.0,0.0,35
2023-05-11 09:02:52,CF311C15800,CF311C15800,795.0,0.0,0.0,0.0,10,601.0,1567.0,1,795.0,0.0,0.0,0.0,0.0,0.0,35
2023-05-11 09:02:52,CF311C15800,CF311C15800,795.0,0.0,0.0,0.0,10,601.0,1566.0,10,795.0,0.0,0.0,0.0,0.0,0.0,35
2023-05-11 09:02:58,CF311C15800,CF311C15800,795.0,0.0,0.0,0.0,10,601.0,1563.0,1,795.0,0.0,0.0,0.0,0.0,0.0,35
2023-05-11 09:02:58,CF311C15800,CF311C15800,795.0,0.0,0.0,0.0,10,601.0,1562.0,10,795.0,0.0,0.0,0.0,0.0,0.0,35
2023-05-11 09:02:59,CF311C15800,CF311C15800,795.0,0.0,0.0,0.0,10,601.0,1559.0,1,795.0,0.0,0.0,0.0,0.0,0.0,35
2023-05-11 09:02:59,CF311C15800,CF311C15800,795.0,0.0,0.0,0.0,10,601.0,1558.0,10,795.0,0.0,0.0,0.0,0.0,0.0,35
2023-05-11 09:03:00,CF311C15800,CF311C15800,795.0,0.0,0.0,0.0,10,601.0,1555.0,1,795.0,0.0,0.0,0.0,0.0,0.0,35
2023-05-11 09:03:00,CF311C15800,CF311C15800,795.0,0.0,0.0,0.0,10,601.0,1554.0,10,795.0,0.0,0.0,0.0,0.0,0.0,35
2023-05-11 09:03:06,CF311C15800,CF311C15800,795.0,0.0,0.0,0.0,10,601.0,1551.0,1,795.0,0.0,0.0,0.0,0.0,0.0,35
2023-05-11 09:03:06,CF311C15800,CF311C15800,795.0,0.0,0.0,0.0,10,601.0,1550.0,10,795.0,0.0,0.0,0.0,0.0,0.0,35
2023-05-11 09:03:07,CF311C15800,CF311C15800,795.0,0.0,0.0,0.0,10,601.0,1547.0,1,795.0,0.0,0.0,0.0,0.0,0.0,35
2023-05-11 09:03:07,CF311C15800,CF311C15800,795.0,0.0,0.0,0.0,10,601.0,1546.0,10,795.0,0.0,0.0,0.0,0.0,0.0,35
2023-05-11 09:03:08,CF311C15800,CF311C15800,795.0,0.0,0.0,0.0,10,601.0,1543.0,1,795.0,0.0,0.0,0.0,0.0,0.0,35
2023-05-11 09:03:08,CF311C15800,CF311C15800,795.0,0.0,0.0,0.0,10,601.0,1542.0,10,795.0,0.0,0.0,0.0,0.0,0.0,35
2023-05-11 09:03:09,CF311C15800,CF311C15800,795.0,0.0,0.0,0.0,10,601.0,1539.0,1,795.0,0.0,0.0,0.0,0.0,0.0,35
2023-05-11 09:03:09,CF311C15800,CF311C15800,795.0,0.0,0.0,0.0,10,601.0,1538.0,10,795.0,0.0,0.0,0.0,0.0,0.0,35
2023-05-11 09:03:12,CF311C15800,CF311C15800,795.0,0.0,0.0,0.0,10,601.0,1535.0,1,795.0,0.0,0.0,0.0,0.0,0.0,35
2023-05-11 09:03:12,CF311C15800,CF311C15800,795.0,0.0,0.0,0.0,10,601.0,1534.0,10,795.0,0.0,0.0,0.0,0.0,0.0,35
2023-05-11 09:03:13,CF311C15800,CF311C15800,795.0,0.0,0.0,0.0,10,601.0,1531.0,1,795.0,0.0,0.0,0.0,0.0,0.0,35
2023-05-11 09:03:13,CF311C15800,CF311C15800,795.0,0.0,0.0,0.0,10,601.0,1530.0,10,795.0,0.0,0.0,0.0,0.0,0.0,35
2023-05-11 09:03:14,CF311C15800,CF311C15800,795.0,0.0,0.0,0.0,10,601.0,1527.0,1,795.0,0.0,0.0,0.0,0.0,0.0,35
2023-05-11 09:03:14,CF311C15800,CF311C15800,795.0,0.0,0.0,0.0,10,601.0,1526.0,10,795.0,0.0,0.0,0.0,0.0,0.0,35
2023-05-11 09:03:15,CF311C15800,CF311C15800,795.0,0.0,0.0,0.0,10,601.0,1523.0,1,795.0,0.0,0.0,0.0,0.0,0.0,35
2023-05-11 09:03:15,CF311C15800,CF311C15800,795.0,0.0,0.0,0.0,10,601.0,1522.0,10,795.0,0.0,0.0,0.0,0.0,0.0,35
2023-05-11 09:03:17,CF311C15800,CF311C15800,795.0,0.0,0.0,0.0,10,601.0,1519.0,1,795.0,0.0,0.0,0.0,0.0,0.0,35
2023-05-11 09:03:17,CF311C15800,CF311C15800,795.0,0.0,0.0,0.0,10,601.0,1518.0,10,795.0,0.0,0.0,0.0,0.0,0.0,35
2023-05-11 09:03:21,CF311C15800,CF311C15800,795.0,0.0,0.0,0.0,10,601.0,1515.0,1,795.0,0.0,0.0,0.0,0.0,0.0,35
2023-05-11 09:03:21,CF311C15800,CF311C15800,795.0,0.0,0.0,0.0,10,601.0,1514.0,10,795.0,0.0,0.0,0.0,0.0,0.0,35
2023-05-11 09:03:23,CF311C15800,CF311C15800,795.0,0.0,0.0,0.0,10,601.0,1511.0,1,795.0,0.0,0.0,0.0,0.0,0.0,35
2023-05-11 09:03:23,CF311C15800,CF311C15800,795.0,0.0,0.0,0.0,10,601.0,1510.0,10,795.0,0.0,0.0,0.0,0.0,0.0,35
2023-05-11 09:03:24,CF311C15800,CF311C15800,795.0,0.0,0.0,0.0,10,601.0,1507.0,1,795.0,0.0,0.0,0.0,0.0,0.0,35
2023-05-11 09:03:24,CF311C15800,CF311C15800,795.0,0.0,0.0,0.0,10,601.0,1506.0,10,795.0,0.0,0.0,0.0,0.0,0.0,35
2023-05-11 09:03:27,CF311C15800,CF311C15800,795.0,0.0,0.0,0.0,10,601.0,1503.0,1,795.0,0.0,0.0,0.0,0.0,0.0,35
2023-05-11 09:03:28,CF311C15800,CF311C15800,795.0,0.0,0.0,0.0,10,601.0,1502.0,10,795.0,0.0,0.0,0.0,0.0,0.0,35
2023-05-11 09:03:31,CF311C15800,CF311C15800,795.0,0.0,0.0,0.0,10,601.0,1499.0,1,795.0,0.0,0.0,0.0,0.0,0.0,35
2023-05-11 09:03:31,CF311C15800,CF311C15800,795.0,0.0,0.0,0.0,10,601.0,1498.0,10,795.0,0.0,0.0,0.0,0.0,0.0,35
2023-05-11 09:03:32,CF311C15800,CF311C15800,795.0,0.0,0.0,0.0,10,601.0,1495.0,1,795.0,0.0,0.0,0.0,0.0,0.0,35
2023-05-11 09:03:32,CF311C15800,CF311C15800,795.0,0.0,0.0,0.0,10,601.0,1494.0,10,795.0,0.0,0.0,0.0,0.0,0.0,35
2023-05-11 09:03:33,CF311C15800,CF311C15800,795.0,0.0,0.0,0.0,10,601.0,1491.0,1,795.0,0.0,0.0,0.0,0.0,0.0,35
2023-05-11 09:03:33,CF311C15800,CF311C15800,795.0,0.0,0.0,0.0,10,601.0,1490.0,10,795.0,0.0,0.0,0.0,0.0,0.0,35
2023-05-11 09:03:37,CF311C15800,CF311C15800,795.0,0.0,0.0,0.0,10,601.0,1487.0,1,795.0,0.0,0.0,0.0,0.0,0.0,35
2023-05-11 09:03:37,CF311C15800,CF311C15800,795.0,0.0,0.0,0.0,10,601.0,1486.0,10,795.0,0.0,0.0,0.0,0.0,0.0,35
2023-05-11 09:03:39,CF311C15800,CF311C15800,795.0,0.0,0.0,0.0,10,601.0,1483.0,1,795.0,0.0,0.0,0.0,0.0,0.0,35
2023-05-11 09:03:39,CF311C15800,CF311C15800,795.0,0.0,0.0,0.0,10,601.0,1482.0,10,795.0,0.0,0.0,0.0,0.0,0.0,35
2023-05-11 09:03:42,CF311C15800,CF311C15800,795.0,0.0,0.0,0.0,10,601.0,1479.0,1,795.0,0.0,0.0,0.0,0.0,0.0,35
2023-05-11 09:03:43,CF311C15800,CF311C15800,795.0,0.0,0.0,0.0,10,601.0,1478.0,10,795.0,0.0,0.0,0.0,0.0,0.0,35
2023-05-11 09:03:45,CF311C15800,CF311C15800,795.0,0.0,0.0,0.0,10,601.0,1475.0,1,795.0,0.0,0.0,0.0,0.0,0.0,35
2023-05-11 09:03:45,CF311C15800,CF311C15800,795.0,0.0,0.0,0.0,10,601.0,1474.0,10,795.0,0.0,0.0,0.0,0.0,0.0,35
2023-05-11 09:03:48,CF311C15800,CF311C15800,795.0,0.0,0.0,0.0,10,601.0,1471.0,1,795.0,0.0,0.0,0.0,0.0,0.0,35
2023-05-11 09:03:48,CF311C15800,CF311C15800,795.0,0.0,0.0,0.0,10,601.0,1470.0,10,795.0,0.0,0.0,0.0,0.0,0.0,35
2023-05-11 09:03:51,CF311C15800,CF311C15800,795.0,0.0,0.0,0.0,10,601.0,1467.0,1,795.0,0.0,0.0,0.0,0.0,0.0,35
2023-05-11 09:03:51,CF311C15800,CF311C15800,795.0,0.0,0.0,0.0,10,601.0,1466.0,10,795.0,0.0,0.0,0.0,0.0,0.0,35
2023-05-11 09:03:52,CF311C15800,CF311C15800,795.0,0.0,0.0,0.0,10,601.0,1463.0,1,795.0,0.0,0.0,0.0,0.0,0.0,35
2023-05-11 09:03:52,CF311C15800,CF311C15800,795.0,0.0,0.0,0.0,10,601.0,1462.0,10,795.0,0.0,0.0,0.0,0.0,0.0,35
2023-05-11 09:03:53,CF311C15800,CF311C15800,795.0,0.0,0.0,0.0,10,601.0,1459.0,1,795.0,0.0,0.0,0.0,0.0,0.0,35
2023-05-11 09:03:53,CF311C15800,CF311C15800,795.0,0.0,0.0,0.0,10,601.0,1458.0,10,795.0,0.0,0.0,0.0,0.0,0.0,35
2023-05-11 09:03:55,CF311C15800,CF311C15800,795.0,0.0,0.0,0.0,10,601.0,1455.0,1,795.0,0.0,0.0,0.0,0.0,0.0,35
2023-05-11 09:03:55,CF311C15800,CF311C15800,795.0,0.0,0.0,0.0,10,601.0,1454.0,10,795.0,0.0,0.0,0.0,0.0,0.0,35
2023-05-11 09:03:56,CF311C15800,CF311C15800,795.0,0.0,0.0,0.0,10,601.0,1451.0,1,795.0,0.0,0.0,0.0,0.0,0.0,35
2023-05-11 09:03:56,CF311C15800,CF311C15800,795.0,0.0,0.0,0.0,10,601.0,1450.0,10,795.0,0.0,0.0,0.0,0.0,0.0,35
2023-05-11 09:03:57,CF311C15800,CF311C15800,795.0,0.0,0.0,0.0,10,601.0,1447.0,1,795.0,0.0,0.0,0.0,0.0,0.0,35
2023-05-11 09:03:57,CF311C15800,CF311C15800,795.0,0.0,0.0,0.0,10,601.0,1446.0,10,795.0,0.0,0.0,0.0,0.0,0.0,35
2023-05-11 09:03:58,CF311C15800,CF311C15800,795.0,0.0,0.0,0.0,10,601.0,1443.0,1,795.0,0.0,0.0,0.0,0.0,0.0,35
2023-05-11 09:03:58,CF311C15800,CF311C15800,795.0,0.0,0.0,0.0,10,601.0,1442.0,10,795.0,0.0,0.0,0.0,0.0,0.0,35
2023-05-11 09:04:00,CF311C15800,CF311C15800,795.0,0.0,0.0,0.0,10,601.0,1439.0,1,795.0,0.0,0.0,0.0,0.0,0.0,35
2023-05-11 09:04:00,CF311C15800,CF311C15800,795.0,0.0,0.0,0.0,10,601.0,1438.0,10,795.0,0.0,0.0,0.0,0.0,0.0,35
2023-05-11 09:04:01,CF311C15800,CF311C15800,795.0,0.0,0.0,0.0,10,601.0,1435.0,1,795.0,0.0,0.0,0.0,0.0,0.0,35
2023-05-11 09:04:01,CF311C15800,CF311C15800,795.0,0.0,0.0,0.0,10,601.0,1434.0,10,795.0,0.0,0.0,0.0,0.0,0.0,35
2023-05-11 09:04:02,CF311C15800,CF311C15800,795.0,0.0,0.0,0.0,10,601.0,1431.0,1,795.0,0.0,0.0,0.0,0.0,0.0,35
2023-05-11 09:04:02,CF311C15800,CF311C15800,795.0,0.0,0.0,0.0,10,601.0,1430.0,10,795.0,0.0,0.0,0.0,0.0,0.0,35
2023-05-11 09:04:06,CF311C15800,CF311C15800,795.0,0.0,0.0,0.0,10,601.0,1427.0,1,795.0,0.0,0.0,0.0,0.0,0.0,35
2023-05-11 09:04:06,CF311C15800,CF311C15800,795.0,0.0,0.0,0.0,10,601.0,1426.0,10,795.0,0.0,0.0,0.0,0.0,0.0,35
2023-05-11 09:04:07,CF311C15800,CF311C15800,795.0,0.0,0.0,0.0,10,601.0,1423.0,1,795.0,0.0,0.0,0.0,0.0,0.0,35
2023-05-11 09:04:07,CF311C15800,CF311C15800,795.0,0.0,0.0,0.0,10,601.0,1422.0,10,795.0,0.0,0.0,0.0,0.0,0.0,35
2023-05-11 09:04:08,CF311C15800,CF311C15800,795.0,0.0,0.0,0.0,10,601.0,1419.0,1,795.0,0.0,0.0,0.0,0.0,0.0,35
2023-05-11 09:04:08,CF311C15800,CF311C15800,795.0,0.0,0.0,0.0,10,601.0,1418.0,10,795.0,0.0,0.0,0.0,0.0,0.0,35
2023-05-11 09:04:09,CF311C15800,CF311C15800,795.0,0.0,0.0,0.0,10,601.0,1415.0,1,795.0,0.0,0.0,0.0,0.0,0.0,35
2023-05-11 09:04:09,CF311C15800,CF311C15800,795.0,0.0,0.0,0.0,10,601.0,1414.0,10,795.0,0.0,0.0,0.0,0.0,0.0,35
2023-05-11 09:04:10,CF311C15800,CF311C15800,795.0,0.0,0.0,0.0,10,601.0,1411.0,1,795.0,0.0,0.0,0.0,0.0,0.0,35
2023-05-11 09:04:10,CF311C15800,CF311C15800,795.0,0.0,0.0,0.0,10,601.0,1410.0,10,795.0,0.0,0.0,0.0,0.0,0.0,35
2023-05-11 09:04:13,CF311C15800,CF311C15800,795.0,0.0,0.0,0.0,10,601.0,1407.0,1,795.0,0.0,0.0,0.0,0.0,0.0,35
2023-05-11 09:04:13,CF311C15800,CF311C15800,795.0,0.0,0.0,0.0,10,601.0,1406.0,10,795.0,0.0,0.0,0.0,0.0,0.0,35
2023-05-11 09:04:14,CF311C15800,CF311C15800,795.0,0.0,0.0,0.0,10,601.0,1403.0,1,795.0,0.0,0.0,0.0,0.0,0.0,35
2023-05-11 09:04:14,CF311C15800,CF311C15800,795.0,0.0,0.0,0.0,10,601.0,1402.0,10,795.0,0.0,0.0,0.0,0.0,0.0,35
2023-05-11 09:04:16,CF311C15800,CF311C15800,795.0,0.0,0.0,0.0,10,601.0,1399.0,1,795.0,0.0,0.0,0.0,0.0,0.0,35
2023-05-11 09:04:16,CF311C15800,CF311C15800,795.0,0.0,0.0,0.0,10,601.0,1398.0,10,795.0,0.0,0.0,0.0,0.0,0.0,35
2023-05-11 09:04:17,CF311C15800,CF311C15800,795.0,0.0,0.0,0.0,10,601.0,1395.0,1,795.0,0.0,0.0,0.0,0.0,0.0,35
2023-05-11 09:04:17,CF311C15800,CF311C15800,795.0,0.0,0.0,0.0,10,601.0,1394.0,10,795.0,0.0,0.0,0.0,0.0,0.0,35
2023-05-11 09:04:19,CF311C15800,CF311C15800,795.0,0.0,0.0,0.0,10,601.0,1391.0,1,795.0,0.0,0.0,0.0,0.0,0.0,35
2023-05-11 09:04:19,CF311C15800,CF311C15800,795.0,0.0,0.0,0.0,10,601.0,1390.0,10,795.0,0.0,0.0,0.0,0.0,0.0,35
2023-05-11 09:04:21,CF311C15800,CF311C15800,795.0,0.0,0.0,0.0,10,601.0,1387.0,1,795.0,0.0,0.0,0.0,0.0,0.0,35
2023-05-11 09:04:21,CF311C15800,CF311C15800,795.0,0.0,0.0,0.0,10,601.0,1386.0,10,795.0,0.0,0.0,0.0,0.0,0.0,35
2023-05-11 09:04:22,CF311C15800,CF311C15800,795.0,0.0,0.0,0.0,10,601.0,1383.0,1,795.0,0.0,0.0,0.0,0.0,0.0,35
2023-05-11 09:04:22,CF311C15800,CF311C15800,795.0,0.0,0.0,0.0,10,601.0,1382.0,10,795.0,0.0,0.0,0.0,0.0,0.0,35
2023-05-11 09:04:23,CF311C15800,CF311C15800,795.0,0.0,0.0,0.0,10,601.0,1379.0,1,795.0,0.0,0.0,0.0,0.0,0.0,35
2023-05-11 09:04:23,CF311C15800,CF311C15800,795.0,0.0,0.0,0.0,10,601.0,1378.0,10,795.0,0.0,0.0,0.0,0.0,0.0,35
2023-05-11 09:04:24,CF311C15800,CF311C15800,795.0,0.0,0.0,0.0,10,601.0,1375.0,1,795.0,0.0,0.0,0.0,0.0,0.0,35
2023-05-11 09:04:24,CF311C15800,CF311C15800,795.0,0.0,0.0,0.0,10,601.0,1374.0,10,795.0,0.0,0.0,0.0,0.0,0.0,35
2023-05-11 09:04:25,CF311C15800,CF311C15800,795.0,0.0,0.0,0.0,10,601.0,1371.0,1,795.0,0.0,0.0,0.0,0.0,0.0,35
2023-05-11 09:04:25,CF311C15800,CF311C15800,795.0,0.0,0.0,0.0,10,601.0,1370.0,10,795.0,0.0,0.0,0.0,0.0,0.0,35
2023-05-11 09:04:26,CF311C15800,CF311C15800,795.0,0.0,0.0,0.0,10,601.0,1367.0,1,795.0,0.0,0.0,0.0,0.0,0.0,35
2023-05-11 09:04:26,CF311C15800,CF311C15800,795.0,0.0,0.0,0.0,10,601.0,1366.0,10,795.0,0.0,0.0,0.0,0.0,0.0,35
2023-05-11 09:04:30,CF311C15800,CF311C15800,795.0,0.0,0.0,0.0,10,601.0,1363.0,1,795.0,0.0,0.0,0.0,0.0,0.0,35
2023-05-11 09:04:30,CF311C15800,CF311C15800,795.0,0.0,0.0,0.0,10,601.0,1362.0,10,795.0,0.0,0.0,0.0,0.0,0.0,35
2023-05-11 09:04:34,CF311C15800,CF311C15800,795.0,0.0,0.0,0.0,10,601.0,1359.0,1,795.0,0.0,0.0,0.0,0.0,0.0,35
2023-05-11 09:04:34,CF311C15800,CF311C15800,795.0,0.0,0.0,0.0,10,601.0,1358.0,10,795.0,0.0,0.0,0.0,0.0,0.0,35
2023-05-11 09:04:35,CF311C15800,CF311C15800,795.0,0.0,0.0,0.0,10,601.0,1355.0,1,795.0,0.0,0.0,0.0,0.0,0.0,35
2023-05-11 09:04:35,CF311C15800,CF311C15800,795.0,0.0,0.0,0.0,10,601.0,1354.0,10,795.0,0.0,0.0,0.0,0.0,0.0,35
2023-05-11 09:04:36,CF311C15800,CF311C15800,795.0,0.0,0.0,0.0,10,601.0,1351.0,1,795.0,0.0,0.0,0.0,0.0,0.0,35
2023-05-11 09:04:36,CF311C15800,CF311C15800,795.0,0.0,0.0,0.0,10,601.0,1350.0,10,795.0,0.0,0.0,0.0,0.0,0.0,35
2023-05-11 09:04:37,CF311C15800,CF311C15800,795.0,0.0,0.0,0.0,10,601.0,1347.0,1,795.0,0.0,0.0,0.0,0.0,0.0,35
2023-05-11 09:04:37,CF311C15800,CF311C15800,795.0,0.0,0.0,0.0,10,601.0,1346.0,10,795.0,0.0,0.0,0.0,0.0,0.0,35
2023-05-11 09:04:40,CF311C15800,CF311C15800,795.0,0.0,0.0,0.0,10,601.0,1343.0,1,795.0,0.0,0.0,0.0,0.0,0.0,35
2023-05-11 09:04:40,CF311C15800,CF311C15800,795.0,0.0,0.0,0.0,10,601.0,1342.0,10,795.0,0.0,0.0,0.0,0.0,0.0,35
2023-05-11 09:04:41,CF311C15800,CF311C15800,795.0,0.0,0.0,0.0,10,601.0,1339.0,1,795.0,0.0,0.0,0.0,0.0,0.0,35
2023-05-11 09:04:41,CF311C15800,CF311C15800,795.0,0.0,0.0,0.0,10,601.0,1338.0,10,795.0,0.0,0.0,0.0,0.0,0.0,35
2023-05-11 09:04:42,CF311C15800,CF311C15800,795.0,0.0,0.0,0.0,10,601.0,1335.0,1,795.0,0.0,0.0,0.0,0.0,0.0,35
2023-05-11 09:04:42,CF311C15800,CF311C15800,795.0,0.0,0.0,0.0,10,601.0,1334.0,10,795.0,0.0,0.0,0.0,0.0,0.0,35
2023-05-11 09:04:43,CF311C15800,CF311C15800,795.0,0.0,0.0,0.0,10,601.0,1331.0,1,795.0,0.0,0.0,0.0,0.0,0.0,35
2023-05-11 09:04:43,CF311C15800,CF311C15800,795.0,0.0,0.0,0.0,10,601.0,1330.0,10,795.0,0.0,0.0,0.0,0.0,0.0,35
2023-05-11 09:04:45,CF311C15800,CF311C15800,795.0,0.0,0.0,0.0,10,601.0,1327.0,1,795.0,0.0,0.0,0.0,0.0,0.0,35
2023-05-11 09:04:45,CF311C15800,CF311C15800,795.0,0.0,0.0,0.0,10,601.0,1326.0,10,795.0,0.0,0.0,0.0,0.0,0.0,35
2023-05-11 09:04:46,CF311C15800,CF311C15800,795.0,0.0,0.0,0.0,10,601.0,1323.0,1,795.0,0.0,0.0,0.0,0.0,0.0,35
2023-05-11 09:04:46,CF311C15800,CF311C15800,795.0,0.0,0.0,0.0,10,601.0,1322.0,10,795.0,0.0,0.0,0.0,0.0,0.0,35
2023-05-11 09:04:47,CF311C15800,CF311C15800,795.0,0.0,0.0,0.0,10,601.0,1319.0,1,795.0,0.0,0.0,0.0,0.0,0.0,35
2023-05-11 09:04:47,CF311C15800,CF311C15800,795.0,0.0,0.0,0.0,10,601.0,1318.0,10,795.0,0.0,0.0,0.0,0.0,0.0,35
2023-05-11 09:04:48,CF311C15800,CF311C15800,795.0,0.0,0.0,0.0,10,601.0,1315.0,1,795.0,0.0,0.0,0.0,0.0,0.0,35
2023-05-11 09:04:48,CF311C15800,CF311C15800,795.0,0.0,0.0,0.0,10,601.0,1314.0,10,795.0,0.0,0.0,0.0,0.0,0.0,35
2023-05-11 09:04:49,CF311C15800,CF311C15800,795.0,0.0,0.0,0.0,10,601.0,1311.0,1,795.0,0.0,0.0,0.0,0.0,0.0,35
2023-05-11 09:04:49,CF311C15800,CF311C15800,795.0,0.0,0.0,0.0,10,601.0,1310.0,10,795.0,0.0,0.0,0.0,0.0,0.0,35
2023-05-11 09:04:50,CF311C15800,CF311C15800,795.0,0.0,0.0,0.0,10,601.0,1307.0,1,795.0,0.0,0.0,0.0,0.0,0.0,35
2023-05-11 09:04:50,CF311C15800,CF311C15800,795.0,0.0,0.0,0.0,10,601.0,1306.0,10,795.0,0.0,0.0,0.0,0.0,0.0,35
2023-05-11 09:04:51,CF311C15800,CF311C15800,795.0,0.0,0.0,0.0,10,601.0,1303.0,1,795.0,0.0,0.0,0.0,0.0,0.0,35
2023-05-11 09:04:51,CF311C15800,CF311C15800,795.0,0.0,0.0,0.0,10,601.0,1302.0,10,795.0,0.0,0.0,0.0,0.0,0.0,35
2023-05-11 09:04:52,CF311C15800,CF311C15800,795.0,0.0,0.0,0.0,10,601.0,1299.0,1,795.0,0.0,0.0,0.0,0.0,0.0,35
2023-05-11 09:04:52,CF311C15800,CF311C15800,795.0,0.0,0.0,0.0,10,601.0,1298.0,10,795.0,0.0,0.0,0.0,0.0,0.0,35
2023-05-11 09:04:53,CF311C15800,CF311C15800,795.0,0.0,0.0,0.0,10,601.0,1295.0,1,795.0,0.0,0.0,0.0,0.0,0.0,35
2023-05-11 09:04:53,CF311C15800,CF311C15800,795.0,0.0,0.0,0.0,10,601.0,1294.0,10,795.0,0.0,0.0,0.0,0.0,0.0,35
2023-05-11 09:04:54,CF311C15800,CF311C15800,795.0,0.0,0.0,0.0,10,601.0,1291.0,1,795.0,0.0,0.0,0.0,0.0,0.0,35
2023-05-11 09:04:54,CF311C15800,CF311C15800,795.0,0.0,0.0,0.0,10,601.0,1290.0,10,795.0,0.0,0.0,0.0,0.0,0.0,35
2023-05-11 09:04:55,CF311C15800,CF311C15800,795.0,0.0,0.0,0.0,10,601.0,1287.0,1,795.0,0.0,0.0,0.0,0.0,0.0,35
2023-05-11 09:04:55,CF311C15800,CF311C15800,795.0,0.0,0.0,0.0,10,601.0,1286.0,10,795.0,0.0,0.0,0.0,0.0,0.0,35
2023-05-11 09:04:56,CF311C15800,CF311C15800,795.0,0.0,0.0,0.0,10,601.0,1283.0,1,795.0,0.0,0.0,0.0,0.0,0.0,35
2023-05-11 09:04:56,CF311C15800,CF311C15800,795.0,0.0,0.0,0.0,10,601.0,1282.0,10,795.0,0.0,0.0,0.0,0.0,0.0,35
2023-05-11 09:04:57,CF311C15800,CF311C15800,795.0,0.0,0.0,0.0,10,601.0,1279.0,1,795.0,0.0,0.0,0.0,0.0,0.0,35
2023-05-11 09:04:57,CF311C15800,CF311C15800,795.0,0.0,0.0,0.0,10,601.0,1278.0,10,795.0,0.0,0.0,0.0,0.0,0.0,35
2023-05-11 09:04:58,CF311C15800,CF311C15800,795.0,0.0,0.0,0.0,10,601.0,1275.0,1,795.0,0.0,0.0,0.0,0.0,0.0,35
2023-05-11 09:04:58,CF311C15800,CF311C15800,795.0,0.0,0.0,0.0,10,601.0,1274.0,10,795.0,0.0,0.0,0.0,0.0,0.0,35
2023-05-11 09:04:59,CF311C15800,CF311C15800,795.0,0.0,0.0,0.0,10,601.0,1271.0,1,795.0,0.0,0.0,0.0,0.0,0.0,35
2023-05-11 09:04:59,CF311C15800,CF311C15800,795.0,0.0,0.0,0.0,10,601.0,1270.0,10,795.0,0.0,0.0,0.0,0.0,0.0,35
2023-05-11 09:05:00,CF311C15800,CF311C15800,795.0,0.0,0.0,0.0,10,601.0,1267.0,1,795.0,0.0,0.0,0.0,0.0,0.0,35
2023-05-11 09:05:00,CF311C15800,CF311C15800,795.0,0.0,0.0,0.0,10,601.0,1266.0,10,795.0,0.0,0.0,0.0,0.0,0.0,35
2023-05-11 09:05:01,CF311C15800,CF311C15800,795.0,0.0,0.0,0.0,10,601.0,1263.0,1,795.0,0.0,0.0,0.0,0.0,0.0,35
2023-05-11 09:05:01,CF311C15800,CF311C15800,795.0,0.0,0.0,0.0,10,601.0,1262.0,10,795.0,0.0,0.0,0.0,0.0,0.0,35
2023-05-11 09:05:02,CF311C15800,CF311C15800,795.0,0.0,0.0,0.0,10,601.0,1259.0,1,795.0,0.0,0.0,0.0,0.0,0.0,35
2023-05-11 09:05:02,CF311C15800,CF311C15800,795.0,0.0,0.0,0.0,10,601.0,1258.0,10,795.0,0.0,0.0,0.0,0.0,0.0,35
2023-05-11 09:05:03,CF311C15800,CF311C15800,795.0,0.0,0.0,0.0,10,601.0,1255.0,1,795.0,0.0,0.0,0.0,0.0,0.0,35
2023-05-11 09:05:03,CF311C15800,CF311C15800,795.0,0.0,0.0,0.0,10,601.0,1254.0,10,795.0,0.0,0.0,0.0,0.0,0.0,35
2023-05-11 09:05:04,CF311C15800,CF311C15800,795.0,0.0,0.0,0.0,10,601.0,1251.0,1,795.0,0.0,0.0,0.0,0.0,0.0,35
2023-05-11 09:05:04,CF311C15800,CF311C15800,795.0,0.0,0.0,0.0,10,601.0,1250.0,10,795.0,0.0,0.0,0.0,0.0,0.0,35
2023-05-11 09:05:05,CF311C15800,CF311C15800,795.0,0.0,0.0,0.0,10,601.0,1247.0,1,795.0,0.0,0.0,0.0,0.0,0.0,35
2023-05-11 09:05:05,CF311C15800,CF311C15800,795.0,0.0,0.0,0.0,10,601.0,1246.0,10,795.0,0.0,0.0,0.0,0.0,0.0,35
2023-05-11 09:05:06,CF311C15800,CF311C15800,795.0,0.0,0.0,0.0,10,601.0,1243.0,1,795.0,0.0,0.0,0.0,0.0,0.0,35
2023-05-11 09:05:06,CF311C15800,CF311C15800,795.0,0.0,0.0,0.0,10,601.0,1242.0,10,795.0,0.0,0.0,0.0,0.0,0.0,35
2023-05-11 09:05:07,CF311C15800,CF311C15800,795.0,0.0,0.0,0.0,10,601.0,1239.0,1,795.0,0.0,0.0,0.0,0.0,0.0,35
2023-05-11 09:05:07,CF311C15800,CF311C15800,795.0,0.0,0.0,0.0,10,601.0,1238.0,10,795.0,0.0,0.0,0.0,0.0,0.0,35
2023-05-11 09:05:08,CF311C15800,CF311C15800,795.0,0.0,0.0,0.0,10,601.0,1235.0,1,795.0,0.0,0.0,0.0,0.0,0.0,35
2023-05-11 09:05:08,CF311C15800,CF311C15800,795.0,0.0,0.0,0.0,10,601.0,1234.0,10,795.0,0.0,0.0,0.0,0.0,0.0,35
2023-05-11 09:05:09,CF311C15800,CF311C15800,795.0,0.0,0.0,0.0,10,601.0,1231.0,1,795.0,0.0,0.0,0.0,0.0,0.0,35
2023-05-11 09:05:09,CF311C15800,CF311C15800,795.0,0.0,0.0,0.0,10,601.0,1230.0,10,795.0,0.0,0.0,0.0,0.0,0.0,35
2023-05-11 09:05:10,CF311C15800,CF311C15800,795.0,0.0,0.0,0.0,10,601.0,1227.0,1,795.0,0.0,0.0,0.0,0.0,0.0,35
2023-05-11 09:05:10,CF311C15800,CF311C15800,795.0,0.0,0.0,0.0,10,601.0,1226.0,10,795.0,0.0,0.0,0.0,0.0,0.0,35
2023-05-11 09:05:11,CF311C15800,CF311C15800,795.0,0.0,0.0,0.0,10,601.0,1223.0,1,795.0,0.0,0.0,0.0,0.0,0.0,35
2023-05-11 09:05:11,CF311C15800,CF311C15800,795.0,0.0,0.0,0.0,10,601.0,1222.0,10,795.0,0.0,0.0,0.0,0.0,0.0,35
2023-05-11 09:05:12,CF311C15800,CF311C15800,795.0,0.0,0.0,0.0,10,601.0,1219.0,1,795.0,0.0,0.0,0.0,0.0,0.0,35
2023-05-11 09:05:12,CF311C15800,CF311C15800,795.0,0.0,0.0,0.0,10,601.0,1218.0,10,795.0,0.0,0.0,0.0,0.0,0.0,35
2023-05-11 09:05:13,CF311C15800,CF311C15800,795.0,0.0,0.0,0.0,10,601.0,1215.0,1,795.0,0.0,0.0,0.0,0.0,0.0,35
2023-05-11 09:05:13,CF311C15800,CF311C15800,795.0,0.0,0.0,0.0,10,601.0,1214.0,10,795.0,0.0,0.0,0.0,0.0,0.0,35
2023-05-11 09:05:14,CF311C15800,CF311C15800,795.0,0.0,0.0,0.0,10,601.0,1211.0,1,795.0,0.0,0.0,0.0,0.0,0.0,35
2023-05-11 09:05:14,CF311C15800,CF311C15800,795.0,0.0,0.0,0.0,10,601.0,1210.0,10,795.0,0.0,0.0,0.0,0.0,0.0,35
2023-05-11 09:05:15,CF311C15800,CF311C15800,795.0,0.0,0.0,0.0,10,601.0,1207.0,1,795.0,0.0,0.0,0.0,0.0,0.0,35
2023-05-11 09:05:15,CF311C15800,CF311C15800,795.0,0.0,0.0,0.0,10,601.0,1206.0,10,795.0,0.0,0.0,0.0,0.0,0.0,35
2023-05-11 09:05:16,CF311C15800,CF311C15800,795.0,0.0,0.0,0.0,10,601.0,1203.0,1,795.0,0.0,0.0,0.0,0.0,0.0,35
2023-05-11 09:05:16,CF311C15800,CF311C15800,795.0,0.0,0.0,0.0,10,601.0,1202.0,10,795.0,0.0,0.0,0.0,0.0,0.0,35
2023-05-11 09:05:17,CF311C15800,CF311C15800,795.0,0.0,0.0,0.0,10,601.0,1199.0,1,795.0,0.0,0.0,0.0,0.0,0.0,35
2023-05-11 09:05:17,CF311C15800,CF311C15800,795.0,0.0,0.0,0.0,10,601.0,1198.0,10,795.0,0.0,0.0,0.0,0.0,0.0,35
2023-05-11 09:05:18,CF311C15800,CF311C15800,795.0,0.0,0.0,0.0,10,601.0,1195.0,1,795.0,0.0,0.0,0.0,0.0,0.0,35
2023-05-11 09:05:18,CF311C15800,CF311C15800,795.0,0.0,0.0,0.0,10,601.0,1194.0,10,795.0,0.0,0.0,0.0,0.0,0.0,35
2023-05-11 09:05:19,CF311C15800,CF311C15800,795.0,0.0,0.0,0.0,10,601.0,1191.0,1,795.0,0.0,0.0,0.0,0.0,0.0,35
2023-05-11 09:05:19,CF311C15800,CF311C15800,795.0,0.0,0.0,0.0,10,601.0,1190.0,10,795.0,0.0,0.0,0.0,0.0,0.0,35
2023-05-11 09:05:20,CF311C15800,CF311C15800,795.0,0.0,0.0,0.0,10,601.0,1187.0,1,795.0,0.0,0.0,0.0,0.0,0.0,35
2023-05-11 09:05:20,CF311C15800,CF311C15800,795.0,0.0,0.0,0.0,10,601.0,1186.0,10,795.0,0.0,0.0,0.0,0.0,0.0,35
2023-05-11 09:05:21,CF311C15800,CF311C15800,795.0,0.0,0.0,0.0,10,601.0,1183.0,1,795.0,0.0,0.0,0.0,0.0,0.0,35
2023-05-11 09:05:21,CF311C15800,CF311C15800,795.0,0.0,0.0,0.0,10,601.0,1182.0,10,795.0,0.0,0.0,0.0,0.0,0.0,35
2023-05-11 09:05:22,CF311C15800,CF311C15800,795.0,0.0,0.0,0.0,10,601.0,1179.0,1,795.0,0.0,0.0,0.0,0.0,0.0,35
2023-05-11 09:05:22,CF311C15800,CF311C15800,795.0,0.0,0.0,0.0,10,601.0,1178.0,10,795.0,0.0,0.0,0.0,0.0,0.0,35
2023-05-11 09:05:23,CF311C15800,CF311C15800,795.0,0.0,0.0,0.0,10,601.0,1175.0,1,795.0,0.0,0.0,0.0,0.0,0.0,35
2023-05-11 09:05:23,CF311C15800,CF311C15800,795.0,0.0,0.0,0.0,10,601.0,1174.0,10,795.0,0.0,0.0,0.0,0.0,0.0,35
2023-05-11 09:05:24,CF311C15800,CF311C15800,795.0,0.0,0.0,0.0,10,601.0,1171.0,1,795.0,0.0,0.0,0.0,0.0,0.0,35
2023-05-11 09:05:24,CF311C15800,CF311C15800,795.0,0.0,0.0,0.0,10,601.0,1170.0,10,795.0,0.0,0.0,0.0,0.0,0.0,35
2023-05-11 09:05:25,CF311C15800,CF311C15800,795.0,0.0,0.0,0.0,10,601.0,1167.0,1,795.0,0.0,0.0,0.0,0.0,0.0,35
2023-05-11 09:05:25,CF311C15800,CF311C15800,795.0,0.0,0.0,0.0,10,601.0,1166.0,10,795.0,0.0,0.0,0.0,0.0,0.0,35
2023-05-11 09:05:26,CF311C15800,CF311C15800,795.0,0.0,0.0,0.0,10,601.0,1163.0,1,795.0,0.0,0.0,0.0,0.0,0.0,35
2023-05-11 09:05:26,CF311C15800,CF311C15800,795.0,0.0,0.0,0.0,10,601.0,1162.0,10,795.0,0.0,0.0,0.0,0.0,0.0,35
2023-05-11 09:05:27,CF311C15800,CF311C15800,795.0,0.0,0.0,0.0,10,601.0,1159.0,1,795.0,0.0,0.0,0.0,0.0,0.0,35
2023-05-11 09:05:27,CF311C15800,CF311C15800,795.0,0.0,0.0,0.0,10,601.0,1158.0,10,795.0,0.0,0.0,0.0,0.0,0.0,35
2023-05-11 09:05:28,CF311C15800,CF311C15800,795.0,0.0,0.0,0.0,10,601.0,1155.0,1,795.0,0.0,0.0,0.0,0.0,0.0,35
2023-05-11 09:05:28,CF311C15800,CF311C15800,795.0,0.0,0.0,0.0,10,601.0,1154.0,10,795.0,0.0,0.0,0.0,0.0,0.0,35
2023-05-11 09:05:29,CF311C15800,CF311C15800,795.0,0.0,0.0,0.0,10,601.0,1151.0,1,795.0,0.0,0.0,0.0,0.0,0.0,35
2023-05-11 09:05:29,CF311C15800,CF311C15800,795.0,0.0,0.0,0.0,10,601.0,1150.0,10,795.0,0.0,0.0,0.0,0.0,0.0,35
2023-05-11 09:05:30,CF311C15800,CF311C15800,795.0,0.0,0.0,0.0,10,601.0,1147.0,1,795.0,0.0,0.0,0.0,0.0,0.0,35
2023-05-11 09:05:30,CF311C15800,CF311C15800,795.0,0.0,0.0,0.0,10,601.0,1146.0,10,795.0,0.0,0.0,0.0,0.0,0.0,35
2023-05-11 09:05:31,CF311C15800,CF311C15800,795.0,0.0,0.0,0.0,10,601.0,1143.0,1,795.0,0.0,0.0,0.0,0.0,0.0,35
2023-05-11 09:05:31,CF311C15800,CF311C15800,795.0,0.0,0.0,0.0,10,601.0,1142.0,10,795.0,0.0,0.0,0.0,0.0,0.0,35
2023-05-11 09:05:32,CF311C15800,CF311C15800,795.0,0.0,0.0,0.0,10,601.0,1139.0,1,795.0,0.0,0.0,0.0,0.0,0.0,35
2023-05-11 09:05:32,CF311C15800,CF311C15800,795.0,0.0,0.0,0.0,10,601.0,1138.0,10,795.0,0.0,0.0,0.0,0.0,0.0,35
2023-05-11 09:05:33,CF311C15800,CF311C15800,795.0,0.0,0.0,0.0,10,601.0,1135.0,1,795.0,0.0,0.0,0.0,0.0,0.0,35
2023-05-11 09:05:33,CF311C15800,CF311C15800,795.0,0.0,0.0,0.0,10,601.0,1134.0,10,795.0,0.0,0.0,0.0,0.0,0.0,35
2023-05-11 09:05:34,CF311C15800,CF311C15800,795.0,0.0,0.0,0.0,10,601.0,1131.0,1,795.0,0.0,0.0,0.0,0.0,0.0,35
2023-05-11 09:05:34,CF311C15800,CF311C15800,795.0,0.0,0.0,0.0,10,601.0,1130.0,10,795.0,0.0,0.0,0.0,0.0,0.0,35
2023-05-11 09:05:35,CF311C15800,CF311C15800,795.0,0.0,0.0,0.0,10,601.0,1127.0,1,795.0,0.0,0.0,0.0,0.0,0.0,35
2023-05-11 09:05:35,CF311C15800,CF311C15800,795.0,0.0,0.0,0.0,10,601.0,1126.0,10,795.0,0.0,0.0,0.0,0.0,0.0,35
2023-05-11 09:05:36,CF311C15800,CF311C15800,795.0,0.0,0.0,0.0,10,601.0,1123.0,1,795.0,0.0,0.0,0.0,0.0,0.0,35
2023-05-11 09:05:36,CF311C15800,CF311C15800,795.0,0.0,0.0,0.0,10,601.0,1122.0,10,795.0,0.0,0.0,0.0,0.0,0.0,35
2023-05-11 09:05:37,CF311C15800,CF311C15800,795.0,0.0,0.0,0.0,10,601.0,1119.0,1,795.0,0.0,0.0,0.0,0.0,0.0,35
2023-05-11 09:05:37,CF311C15800,CF311C15800,795.0,0.0,0.0,0.0,10,601.0,1118.0,10,795.0,0.0,0.0,0.0,0.0,0.0,35
2023-05-11 09:15:40,CF311C15800,CF311C15800,795.0,0.0,0.0,0.0,10,601.0,1115.0,1,795.0,0.0,0.0,0.0,0.0,0.0,35
2023-05-11 09:15:40,CF311C15800,CF311C15800,795.0,0.0,0.0,0.0,10,601.0,1114.0,10,795.0,0.0,0.0,0.0,0.0,0.0,35
2023-05-11 09:15:40,CF311C15800,CF311C15800,795.0,0.0,0.0,0.0,10,601.0,1111.0,1,795.0,0.0,0.0,0.0,0.0,0.0,35
2023-05-11 09:15:41,CF311C15800,CF311C15800,795.0,0.0,0.0,0.0,10,601.0,1110.0,10,795.0,0.0,0.0,0.0,0.0,0.0,35
2023-05-11 09:15:41,CF311C15800,CF311C15800,795.0,0.0,0.0,0.0,10,601.0,1107.0,1,795.0,0.0,0.0,0.0,0.0,0.0,35
2023-05-11 09:15:42,CF311C15800,CF311C15800,795.0,0.0,0.0,0.0,10,601.0,1106.0,10,795.0,0.0,0.0,0.0,0.0,0.0,35
2023-05-11 09:15:42,CF311C15800,CF311C15800,795.0,0.0,0.0,0.0,10,601.0,1103.0,1,795.0,0.0,0.0,0.0,0.0,0.0,35
2023-05-11 09:15:43,CF311C15800,CF311C15800,795.0,0.0,0.0,0.0,10,601.0,1102.0,10,795.0,0.0,0.0,0.0,0.0,0.0,35
2023-05-11 09:15:43,CF311C15800,CF311C15800,795.0,0.0,0.0,0.0,10,601.0,1099.0,1,795.0,0.0,0.0,0.0,0.0,0.0,35
2023-05-11 09:15:44,CF311C15800,CF311C15800,795.0,0.0,0.0,0.0,10,601.0,1098.0,10,795.0,0.0,0.0,0.0,0.0,0.0,35
2023-05-11 09:15:44,CF311C15800,CF311C15800,795.0,0.0,0.0,0.0,10,601.0,1095.0,1,795.0,0.0,0.0,0.0,0.0,0.0,35
2023-05-11 09:15:45,CF311C15800,CF311C15800,795.0,0.0,0.0,0.0,10,601.0,1094.0,10,795.0,0.0,0.0,0.0,0.0,0.0,35
2023-05-11 09:15:45,CF311C15800,CF311C15800,795.0,0.0,0.0,0.0,10,601.0,1091.0,1,795.0,0.0,0.0,0.0,0.0,0.0,35
2023-05-11 09:15:46,CF311C15800,CF311C15800,795.0,0.0,0.0,0.0,10,601.0,1090.0,10,795.0,0.0,0.0,0.0,0.0,0.0,35
2023-05-11 09:15:46,CF311C15800,CF311C15800,795.0,0.0,0.0,0.0,10,601.0,1087.0,1,795.0,0.0,0.0,0.0,0.0,0.0,35
2023-05-11 09:15:47,CF311C15800,CF311C15800,795.0,0.0,0.0,0.0,10,601.0,1086.0,10,795.0,0.0,0.0,0.0,0.0,0.0,35
2023-05-11 09:15:47,CF311C15800,CF311C15800,795.0,0.0,0.0,0.0,10,601.0,1083.0,1,795.0,0.0,0.0,0.0,0.0,0.0,35
2023-05-11 09:15:48,CF311C15800,CF311C15800,795.0,0.0,0.0,0.0,10,601.0,1082.0,10,795.0,0.0,0.0,0.0,0.0,0.0,35
2023-05-11 09:15:48,CF311C15800,CF311C15800,795.0,0.0,0.0,0.0,10,601.0,1079.0,1,795.0,0.0,0.0,0.0,0.0,0.0,35
2023-05-11 09:15:49,CF311C15800,CF311C15800,795.0,0.0,0.0,0.0,10,601.0,1078.0,10,795.0,0.0,0.0,0.0,0.0,0.0,35
2023-05-11 09:47:13,CF311C15800,CF311C15800,795.0,0.0,0.0,0.0,3,734.0,791.0,6,795.0,0.0,0.0,0.0,0.0,0.0,35
2023-05-11 09:47:14,CF311C15800,CF311C15800,795.0,0.0,0.0,0.0,3,735.0,791.0,12,795.0,0.0,0.0,0.0,0.0,0.0,35
2023-05-11 09:47:15,CF311C15800,CF311C15800,795.0,0.0,0.0,0.0,6,735.0,791.0,12,795.0,0.0,0.0,0.0,0.0,0.0,35
2023-05-11 09:47:16,CF311C15800,CF311C15800,795.0,0.0,0.0,0.0,6,735.0,791.0,15,795.0,0.0,0.0,0.0,0.0,0.0,35
2023-05-11 09:47:18,CF311C15800,CF311C15800,795.0,0.0,0.0,0.0,6,735.0,791.0,18,795.0,0.0,0.0,0.0,0.0,0.0,35
2023-05-11 09:47:18,CF311C15800,CF311C15800,795.0,0.0,0.0,0.0,6,735.0,791.0,21,795.0,0.0,0.0,0.0,0.0,0.0,35
2023-05-11 09:47:20,CF311C15800,CF311C15800,795.0,0.0,0.0,0.0,9,735.0,782.0,3,795.0,0.0,0.0,0.0,0.0,0.0,35
2023-05-11 09:47:21,CF311C15800,CF311C15800,795.0,0.0,0.0,0.0,9,735.0,782.0,6,795.0,0.0,0.0,0.0,0.0,0.0,35
2023-05-11 09:47:21,CF311C15800,CF311C15800,795.0,0.0,0.0,0.0,12,735.0,782.0,9,795.0,0.0,0.0,0.0,0.0,0.0,35
2023-05-11 09:47:22,CF311C15800,CF311C15800,795.0,0.0,0.0,0.0,15,735.0,782.0,9,795.0,0.0,0.0,0.0,0.0,0.0,35
2023-05-11 09:47:24,CF311C15800,CF311C15800,795.0,0.0,0.0,0.0,18,735.0,782.0,12,795.0,0.0,0.0,0.0,0.0,0.0,35
2023-05-11 09:47:26,CF311C15800,CF311C15800,795.0,0.0,0.0,0.0,18,735.0,782.0,15,795.0,0.0,0.0,0.0,0.0,0.0,35
2023-05-11 09:47:31,CF311C15800,CF311C15800,795.0,0.0,0.0,0.0,15,735.0,782.0,12,795.0,0.0,0.0,0.0,0.0,0.0,35
2023-05-11 09:47:32,CF311C15800,CF311C15800,795.0,0.0,0.0,0.0,12,735.0,782.0,9,795.0,0.0,0.0,0.0,0.0,0.0,35
2023-05-11 09:47:33,CF311C15800,CF311C15800,795.0,0.0,0.0,0.0,9,735.0,782.0,9,795.0,0.0,0.0,0.0,0.0,0.0,35
2023-05-11 09:47:34,CF311C15800,CF311C15800,795.0,0.0,0.0,0.0,3,735.0,782.0,3,795.0,0.0,0.0,0.0,0.0,0.0,35
2023-05-11 09:47:37,CF311C15800,CF311C15800,795.0,0.0,0.0,0.0,10,72.0,0.0,0,795.0,0.0,0.0,0.0,0.0,0.0,35
2023-05-11 09:47:37,CF311C15800,CF311C15800,795.0,0.0,0.0,0.0,2,85.0,1746.0,10,795.0,0.0,0.0,0.0,0.0,0.0,35
2023-05-11 09:47:38,CF311C15800,CF311C15800,795.0,0.0,0.0,0.0,10,86.0,1746.0,10,795.0,0.0,0.0,0.0,0.0,0.0,35
2023-05-11 09:47:38,CF311C15800,CF311C15800,795.0,0.0,0.0,0.0,10,86.0,1743.0,1,795.0,0.0,0.0,0.0,0.0,0.0,35
2023-05-11 09:47:39,CF311C15800,CF311C15800,795.0,0.0,0.0,0.0,1,89.0,1742.0,10,795.0,0.0,0.0,0.0,0.0,0.0,35
2023-05-11 09:47:39,CF311C15800,CF311C15800,795.0,0.0,0.0,0.0,2,99.0,1739.0,1,795.0,0.0,0.0,0.0,0.0,0.0,35
2023-05-11 09:47:40,CF311C15800,CF311C15800,795.0,0.0,0.0,0.0,1,102.0,1738.0,10,795.0,0.0,0.0,0.0,0.0,0.0,35
2023-05-11 09:47:40,CF311C15800,CF311C15800,795.0,0.0,0.0,0.0,10,103.0,1738.0,10,795.0,0.0,0.0,0.0,0.0,0.0,35
2023-05-11 09:47:41,CF311C15800,CF311C15800,795.0,0.0,0.0,0.0,1,106.0,1735.0,1,795.0,0.0,0.0,0.0,0.0,0.0,35
2023-05-11 09:47:41,CF311C15800,CF311C15800,795.0,0.0,0.0,0.0,2,119.0,1734.0,10,795.0,0.0,0.0,0.0,0.0,0.0,35
2023-05-11 09:47:42,CF311C15800,CF311C15800,795.0,0.0,0.0,0.0,1,122.0,1731.0,1,795.0,0.0,0.0,0.0,0.0,0.0,35
2023-05-11 09:47:42,CF311C15800,CF311C15800,795.0,0.0,0.0,0.0,10,123.0,1730.0,10,795.0,0.0,0.0,0.0,0.0,0.0,35
2023-05-11 09:47:44,CF311C15800,CF311C15800,795.0,0.0,0.0,0.0,2,136.0,1730.0,10,795.0,0.0,0.0,0.0,0.0,0.0,35
2023-05-11 09:47:44,CF311C15800,CF311C15800,795.0,0.0,0.0,0.0,10,137.0,1730.0,10,795.0,0.0,0.0,0.0,0.0,0.0,35
2023-05-11 09:47:46,CF311C15800,CF311C15800,795.0,0.0,0.0,0.0,2,150.0,1730.0,10,795.0,0.0,0.0,0.0,0.0,0.0,35
2023-05-11 09:47:46,CF311C15800,CF311C15800,795.0,0.0,0.0,0.0,10,151.0,1730.0,10,795.0,0.0,0.0,0.0,0.0,0.0,35
2023-05-11 09:47:48,CF311C15800,CF311C15800,795.0,0.0,0.0,0.0,2,164.0,1730.0,10,795.0,0.0,0.0,0.0,0.0,0.0,35
2023-05-11 09:47:49,CF311C15800,CF311C15800,795.0,0.0,0.0,0.0,10,165.0,1730.0,10,795.0,0.0,0.0,0.0,0.0,0.0,35
2023-05-11 09:47:50,CF311C15800,CF311C15800,795.0,0.0,0.0,0.0,2,178.0,1730.0,10,795.0,0.0,0.0,0.0,0.0,0.0,35
2023-05-11 09:47:51,CF311C15800,CF311C15800,795.0,0.0,0.0,0.0,10,179.0,1730.0,10,795.0,0.0,0.0,0.0,0.0,0.0,35
2023-05-11 09:47:52,CF311C15800,CF311C15800,795.0,0.0,0.0,0.0,2,192.0,1730.0,10,795.0,0.0,0.0,0.0,0.0,0.0,35
2023-05-11 09:47:53,CF311C15800,CF311C15800,795.0,0.0,0.0,0.0,10,193.0,1730.0,10,795.0,0.0,0.0,0.0,0.0,0.0,35
2023-05-11 09:47:54,CF311C15800,CF311C15800,795.0,0.0,0.0,0.0,2,206.0,1730.0,10,795.0,0.0,0.0,0.0,0.0,0.0,35
2023-05-11 09:47:55,CF311C15800,CF311C15800,795.0,0.0,0.0,0.0,10,207.0,1730.0,10,795.0,0.0,0.0,0.0,0.0,0.0,35
2023-05-11 09:47:56,CF311C15800,CF311C15800,795.0,0.0,0.0,0.0,2,220.0,1730.0,10,795.0,0.0,0.0,0.0,0.0,0.0,35
2023-05-11 09:47:57,CF311C15800,CF311C15800,795.0,0.0,0.0,0.0,10,221.0,1730.0,10,795.0,0.0,0.0,0.0,0.0,0.0,35
2023-05-11 09:47:58,CF311C15800,CF311C15800,795.0,0.0,0.0,0.0,2,234.0,1730.0,10,795.0,0.0,0.0,0.0,0.0,0.0,35
2023-05-11 09:47:58,CF311C15800,CF311C15800,795.0,0.0,0.0,0.0,10,235.0,1730.0,10,795.0,0.0,0.0,0.0,0.0,0.0,35
2023-05-11 09:48:00,CF311C15800,CF311C15800,795.0,0.0,0.0,0.0,2,248.0,1730.0,10,795.0,0.0,0.0,0.0,0.0,0.0,35
2023-05-11 09:48:00,CF311C15800,CF311C15800,795.0,0.0,0.0,0.0,10,249.0,1730.0,10,795.0,0.0,0.0,0.0,0.0,0.0,35
2023-05-11 09:48:02,CF311C15800,CF311C15800,795.0,0.0,0.0,0.0,2,262.0,1730.0,10,795.0,0.0,0.0,0.0,0.0,0.0,35
2023-05-11 09:48:02,CF311C15800,CF311C15800,795.0,0.0,0.0,0.0,10,263.0,1730.0,10,795.0,0.0,0.0,0.0,0.0,0.0,35
2023-05-11 09:48:03,CF311C15800,CF311C15800,795.0,0.0,0.0,0.0,2,276.0,1730.0,10,795.0,0.0,0.0,0.0,0.0,0.0,35
2023-05-11 09:48:04,CF311C15800,CF311C15800,795.0,0.0,0.0,0.0,10,277.0,1730.0,10,795.0,0.0,0.0,0.0,0.0,0.0,35
2023-05-11 09:48:05,CF311C15800,CF311C15800,795.0,0.0,0.0,0.0,2,290.0,1730.0,10,795.0,0.0,0.0,0.0,0.0,0.0,35
2023-05-11 09:48:06,CF311C15800,CF311C15800,795.0,0.0,0.0,0.0,10,291.0,1730.0,10,795.0,0.0,0.0,0.0,0.0,0.0,35
2023-05-11 09:48:07,CF311C15800,CF311C15800,795.0,0.0,0.0,0.0,2,304.0,1730.0,10,795.0,0.0,0.0,0.0,0.0,0.0,35
2023-05-11 09:48:07,CF311C15800,CF311C15800,795.0,0.0,0.0,0.0,10,305.0,1730.0,10,795.0,0.0,0.0,0.0,0.0,0.0,35
2023-05-11 09:48:09,CF311C15800,CF311C15800,795.0,0.0,0.0,0.0,2,318.0,1730.0,10,795.0,0.0,0.0,0.0,0.0,0.0,35
2023-05-11 09:48:09,CF311C15800,CF311C15800,795.0,0.0,0.0,0.0,10,319.0,1730.0,10,795.0,0.0,0.0,0.0,0.0,0.0,35
2023-05-11 09:48:11,CF311C15800,CF311C15800,795.0,0.0,0.0,0.0,2,332.0,1730.0,10,795.0,0.0,0.0,0.0,0.0,0.0,35
2023-05-11 09:48:11,CF311C15800,CF311C15800,795.0,0.0,0.0,0.0,10,333.0,1730.0,10,795.0,0.0,0.0,0.0,0.0,0.0,35
2023-05-11 09:48:12,CF311C15800,CF311C15800,795.0,0.0,0.0,0.0,2,346.0,1730.0,10,795.0,0.0,0.0,0.0,0.0,0.0,35
2023-05-11 09:48:12,CF311C15800,CF311C15800,795.0,0.0,0.0,0.0,10,347.0,1730.0,10,795.0,0.0,0.0,0.0,0.0,0.0,35
2023-05-11 09:48:13,CF311C15800,CF311C15800,795.0,0.0,0.0,0.0,2,360.0,1730.0,10,795.0,0.0,0.0,0.0,0.0,0.0,35
2023-05-11 09:48:14,CF311C15800,CF311C15800,795.0,0.0,0.0,0.0,10,361.0,1730.0,10,795.0,0.0,0.0,0.0,0.0,0.0,35
2023-05-11 09:48:15,CF311C15800,CF311C15800,795.0,0.0,0.0,0.0,2,374.0,1730.0,10,795.0,0.0,0.0,0.0,0.0,0.0,35
2023-05-11 09:48:15,CF311C15800,CF311C15800,795.0,0.0,0.0,0.0,10,375.0,1730.0,10,795.0,0.0,0.0,0.0,0.0,0.0,35
2023-05-11 09:48:16,CF311C15800,CF311C15800,795.0,0.0,0.0,0.0,2,388.0,1730.0,10,795.0,0.0,0.0,0.0,0.0,0.0,35
2023-05-11 09:48:17,CF311C15800,CF311C15800,795.0,0.0,0.0,0.0,10,389.0,1730.0,10,795.0,0.0,0.0,0.0,0.0,0.0,35
2023-05-11 09:48:18,CF311C15800,CF311C15800,795.0,0.0,0.0,0.0,2,402.0,1730.0,10,795.0,0.0,0.0,0.0,0.0,0.0,35
2023-05-11 09:48:18,CF311C15800,CF311C15800,795.0,0.0,0.0,0.0,10,403.0,1730.0,10,795.0,0.0,0.0,0.0,0.0,0.0,35
2023-05-11 09:48:19,CF311C15800,CF311C15800,795.0,0.0,0.0,0.0,2,416.0,1730.0,10,795.0,0.0,0.0,0.0,0.0,0.0,35
2023-05-11 09:48:19,CF311C15800,CF311C15800,795.0,0.0,0.0,0.0,10,417.0,1730.0,10,795.0,0.0,0.0,0.0,0.0,0.0,35
2023-05-11 09:48:21,CF311C15800,CF311C15800,795.0,0.0,0.0,0.0,2,430.0,1730.0,10,795.0,0.0,0.0,0.0,0.0,0.0,35
2023-05-11 09:48:21,CF311C15800,CF311C15800,795.0,0.0,0.0,0.0,10,431.0,1730.0,10,795.0,0.0,0.0,0.0,0.0,0.0,35
2023-05-11 09:48:22,CF311C15800,CF311C15800,795.0,0.0,0.0,0.0,2,444.0,1730.0,10,795.0,0.0,0.0,0.0,0.0,0.0,35
2023-05-11 09:48:22,CF311C15800,CF311C15800,795.0,0.0,0.0,0.0,10,445.0,1730.0,10,795.0,0.0,0.0,0.0,0.0,0.0,35
2023-05-11 09:48:23,CF311C15800,CF311C15800,795.0,0.0,0.0,0.0,2,458.0,1730.0,10,795.0,0.0,0.0,0.0,0.0,0.0,35
2023-05-11 09:48:24,CF311C15800,CF311C15800,795.0,0.0,0.0,0.0,10,459.0,1730.0,10,795.0,0.0,0.0,0.0,0.0,0.0,35
2023-05-11 09:48:25,CF311C15800,CF311C15800,795.0,0.0,0.0,0.0,2,472.0,1730.0,10,795.0,0.0,0.0,0.0,0.0,0.0,35
2023-05-11 09:48:25,CF311C15800,CF311C15800,795.0,0.0,0.0,0.0,10,473.0,1730.0,10,795.0,0.0,0.0,0.0,0.0,0.0,35
2023-05-11 09:48:26,CF311C15800,CF311C15800,795.0,0.0,0.0,0.0,2,486.0,1730.0,10,795.0,0.0,0.0,0.0,0.0,0.0,35
2023-05-11 09:48:26,CF311C15800,CF311C15800,795.0,0.0,0.0,0.0,10,487.0,1730.0,10,795.0,0.0,0.0,0.0,0.0,0.0,35
2023-05-11 09:48:28,CF311C15800,CF311C15800,795.0,0.0,0.0,0.0,2,500.0,1730.0,10,795.0,0.0,0.0,0.0,0.0,0.0,35
2023-05-11 09:48:28,CF311C15800,CF311C15800,795.0,0.0,0.0,0.0,10,501.0,1730.0,10,795.0,0.0,0.0,0.0,0.0,0.0,35
2023-05-11 09:48:29,CF311C15800,CF311C15800,795.0,0.0,0.0,0.0,2,514.0,1730.0,10,795.0,0.0,0.0,0.0,0.0,0.0,35
2023-05-11 09:48:29,CF311C15800,CF311C15800,795.0,0.0,0.0,0.0,10,515.0,1730.0,10,795.0,0.0,0.0,0.0,0.0,0.0,35
2023-05-11 09:48:30,CF311C15800,CF311C15800,795.0,0.0,0.0,0.0,2,528.0,1730.0,10,795.0,0.0,0.0,0.0,0.0,0.0,35
2023-05-11 09:48:31,CF311C15800,CF311C15800,795.0,0.0,0.0,0.0,10,529.0,1730.0,10,795.0,0.0,0.0,0.0,0.0,0.0,35
2023-05-11 09:48:32,CF311C15800,CF311C15800,795.0,0.0,0.0,0.0,2,542.0,1730.0,10,795.0,0.0,0.0,0.0,0.0,0.0,35
2023-05-11 09:48:32,CF311C15800,CF311C15800,795.0,0.0,0.0,0.0,10,543.0,1730.0,10,795.0,0.0,0.0,0.0,0.0,0.0,35
2023-05-11 09:48:33,CF311C15800,CF311C15800,795.0,0.0,0.0,0.0,2,556.0,1730.0,10,795.0,0.0,0.0,0.0,0.0,0.0,35
2023-05-11 09:48:33,CF311C15800,CF311C15800,795.0,0.0,0.0,0.0,10,557.0,1730.0,10,795.0,0.0,0.0,0.0,0.0,0.0,35
2023-05-11 09:48:35,CF311C15800,CF311C15800,795.0,0.0,0.0,0.0,2,570.0,1730.0,10,795.0,0.0,0.0,0.0,0.0,0.0,35
2023-05-11 09:48:35,CF311C15800,CF311C15800,795.0,0.0,0.0,0.0,10,571.0,1730.0,10,795.0,0.0,0.0,0.0,0.0,0.0,35
2023-05-11 09:48:36,CF311C15800,CF311C15800,795.0,0.0,0.0,0.0,2,584.0,1730.0,10,795.0,0.0,0.0,0.0,0.0,0.0,35
2023-05-11 09:48:36,CF311C15800,CF311C15800,795.0,0.0,0.0,0.0,10,585.0,1730.0,10,795.0,0.0,0.0,0.0,0.0,0.0,35
2023-05-11 09:48:37,CF311C15800,CF311C15800,795.0,0.0,0.0,0.0,2,592.0,1730.0,10,795.0,0.0,0.0,0.0,0.0,0.0,35
2023-05-11 09:48:38,CF311C15800,CF311C15800,795.0,0.0,0.0,0.0,10,593.0,1730.0,10,795.0,0.0,0.0,0.0,0.0,0.0,35
2023-05-11 09:48:39,CF311C15800,CF311C15800,795.0,0.0,0.0,0.0,2,594.0,1730.0,10,795.0,0.0,0.0,0.0,0.0,0.0,35
2023-05-11 09:48:39,CF311C15800,CF311C15800,795.0,0.0,0.0,0.0,10,595.0,1730.0,10,795.0,0.0,0.0,0.0,0.0,0.0,35
2023-05-11 09:48:40,CF311C15800,CF311C15800,795.0,0.0,0.0,0.0,2,596.0,1730.0,10,795.0,0.0,0.0,0.0,0.0,0.0,35
2023-05-11 09:48:40,CF311C15800,CF311C15800,795.0,0.0,0.0,0.0,10,597.0,1730.0,10,795.0,0.0,0.0,0.0,0.0,0.0,35
2023-05-11 09:48:41,CF311C15800,CF311C15800,795.0,0.0,0.0,0.0,2,598.0,1730.0,10,795.0,0.0,0.0,0.0,0.0,0.0,35
2023-05-11 09:48:42,CF311C15800,CF311C15800,795.0,0.0,0.0,0.0,10,599.0,1730.0,10,795.0,0.0,0.0,0.0,0.0,0.0,35
2023-05-11 09:48:43,CF311C15800,CF311C15800,795.0,0.0,0.0,0.0,2,600.0,1730.0,10,795.0,0.0,0.0,0.0,0.0,0.0,35
2023-05-11 09:48:43,CF311C15800,CF311C15800,795.0,0.0,0.0,0.0,10,601.0,1730.0,10,795.0,0.0,0.0,0.0,0.0,0.0,35
2023-05-11 10:04:47,CF311C15800,CF311C15800,795.0,0.0,0.0,0.0,10,601.0,1719.0,1,795.0,0.0,0.0,0.0,0.0,0.0,35
2023-05-11 10:04:47,CF311C15800,CF311C15800,795.0,0.0,0.0,0.0,10,601.0,1716.0,1,795.0,0.0,0.0,0.0,0.0,0.0,35
2023-05-11 10:04:48,CF311C15800,CF311C15800,795.0,0.0,0.0,0.0,10,601.0,1715.0,10,795.0,0.0,0.0,0.0,0.0,0.0,35
