time,symbol_id,symbol_name,last,trade_volume,trade_amount,open_interest_change,bv1,bp1,ap1,av1,yesterday_close,today_open,today_high,today_low,volume,amount,open_interest
2023-05-10 19:12:58,CF311C16200,CF311C16200,700.0,0.0,0.0,-1.0,0,0.0,0.0,0,700.0,0.0,0.0,0.0,0.0,0.0,112
2023-05-10 20:59:00,CF311C16200,CF311C16200,700.0,0.0,0.0,0.0,1,1.0,0.0,0,700.0,0.0,0.0,0.0,0.0,0.0,112
2023-05-10 21:00:00,CF311C16200,CF311C16200,700.0,0.0,0.0,0.0,10,7.0,0.0,0,700.0,0.0,0.0,0.0,0.0,0.0,112
2023-05-10 21:00:01,CF311C16200,CF311C16200,700.0,0.0,0.0,0.0,10,8.0,0.0,0,700.0,0.0,0.0,0.0,0.0,0.0,112
2023-05-10 21:00:02,CF311C16200,CF311C16200,700.0,0.0,0.0,0.0,10,14.0,0.0,0,700.0,0.0,0.0,0.0,0.0,0.0,112
2023-05-10 21:00:04,CF311C16200,CF311C16200,700.0,0.0,0.0,0.0,10,15.0,0.0,0,700.0,0.0,0.0,0.0,0.0,0.0,112
2023-05-10 21:00:05,CF311C16200,CF311C16200,700.0,0.0,0.0,0.0,10,21.0,0.0,0,700.0,0.0,0.0,0.0,0.0,0.0,112
2023-05-10 21:00:06,CF311C16200,CF311C16200,700.0,0.0,0.0,0.0,10,22.0,0.0,0,700.0,0.0,0.0,0.0,0.0,0.0,112
2023-05-10 21:00:06,CF311C16200,CF311C16200,700.0,0.0,0.0,0.0,10,28.0,0.0,0,700.0,0.0,0.0,0.0,0.0,0.0,112
2023-05-10 21:00:06,CF311C16200,CF311C16200,700.0,0.0,0.0,0.0,10,35.0,0.0,0,700.0,0.0,0.0,0.0,0.0,0.0,112
2023-05-10 21:00:07,CF311C16200,CF311C16200,700.0,0.0,0.0,0.0,10,36.0,0.0,0,700.0,0.0,0.0,0.0,0.0,0.0,112
2023-05-10 21:00:07,CF311C16200,CF311C16200,700.0,0.0,0.0,0.0,10,42.0,0.0,0,700.0,0.0,0.0,0.0,0.0,0.0,112
2023-05-10 21:00:08,CF311C16200,CF311C16200,700.0,0.0,0.0,0.0,10,49.0,0.0,0,700.0,0.0,0.0,0.0,0.0,0.0,112
2023-05-10 21:00:08,CF311C16200,CF311C16200,700.0,0.0,0.0,0.0,10,50.0,0.0,0,700.0,0.0,0.0,0.0,0.0,0.0,112
2023-05-10 21:00:09,CF311C16200,CF311C16200,700.0,0.0,0.0,0.0,10,56.0,0.0,0,700.0,0.0,0.0,0.0,0.0,0.0,112
2023-05-10 21:00:09,CF311C16200,CF311C16200,700.0,0.0,0.0,0.0,10,63.0,0.0,0,700.0,0.0,0.0,0.0,0.0,0.0,112
2023-05-10 21:00:10,CF311C16200,CF311C16200,700.0,0.0,0.0,0.0,10,64.0,0.0,0,700.0,0.0,0.0,0.0,0.0,0.0,112
2023-05-10 21:00:10,CF311C16200,CF311C16200,700.0,0.0,0.0,0.0,10,70.0,0.0,0,700.0,0.0,0.0,0.0,0.0,0.0,112
2023-05-10 21:00:11,CF311C16200,CF311C16200,700.0,0.0,0.0,0.0,10,77.0,0.0,0,700.0,0.0,0.0,0.0,0.0,0.0,112
2023-05-10 21:00:11,CF311C16200,CF311C16200,700.0,0.0,0.0,0.0,10,78.0,0.0,0,700.0,0.0,0.0,0.0,0.0,0.0,112
2023-05-10 21:00:12,CF311C16200,CF311C16200,700.0,0.0,0.0,0.0,10,84.0,0.0,0,700.0,0.0,0.0,0.0,0.0,0.0,112
2023-05-10 21:00:12,CF311C16200,CF311C16200,700.0,0.0,0.0,0.0,10,91.0,0.0,0,700.0,0.0,0.0,0.0,0.0,0.0,112
2023-05-10 21:00:13,CF311C16200,CF311C16200,700.0,0.0,0.0,0.0,10,92.0,0.0,0,700.0,0.0,0.0,0.0,0.0,0.0,112
2023-05-10 21:00:13,CF311C16200,CF311C16200,700.0,0.0,0.0,0.0,10,98.0,0.0,0,700.0,0.0,0.0,0.0,0.0,0.0,112
2023-05-10 21:00:14,CF311C16200,CF311C16200,700.0,0.0,0.0,0.0,10,105.0,0.0,0,700.0,0.0,0.0,0.0,0.0,0.0,112
2023-05-10 21:00:14,CF311C16200,CF311C16200,700.0,0.0,0.0,0.0,10,106.0,0.0,0,700.0,0.0,0.0,0.0,0.0,0.0,112
2023-05-10 21:00:15,CF311C16200,CF311C16200,700.0,0.0,0.0,0.0,10,112.0,0.0,0,700.0,0.0,0.0,0.0,0.0,0.0,112
2023-05-10 21:00:15,CF311C16200,CF311C16200,700.0,0.0,0.0,0.0,10,119.0,0.0,0,700.0,0.0,0.0,0.0,0.0,0.0,112
2023-05-10 21:00:16,CF311C16200,CF311C16200,700.0,0.0,0.0,0.0,10,120.0,0.0,0,700.0,0.0,0.0,0.0,0.0,0.0,112
2023-05-10 21:00:16,CF311C16200,CF311C16200,700.0,0.0,0.0,0.0,10,126.0,0.0,0,700.0,0.0,0.0,0.0,0.0,0.0,112
2023-05-10 21:00:17,CF311C16200,CF311C16200,700.0,0.0,0.0,0.0,10,133.0,0.0,0,700.0,0.0,0.0,0.0,0.0,0.0,112
2023-05-10 21:00:17,CF311C16200,CF311C16200,700.0,0.0,0.0,0.0,10,134.0,0.0,0,700.0,0.0,0.0,0.0,0.0,0.0,112
2023-05-10 21:00:18,CF311C16200,CF311C16200,700.0,0.0,0.0,0.0,10,140.0,0.0,0,700.0,0.0,0.0,0.0,0.0,0.0,112
2023-05-10 21:00:18,CF311C16200,CF311C16200,700.0,0.0,0.0,0.0,10,147.0,0.0,0,700.0,0.0,0.0,0.0,0.0,0.0,112
2023-05-10 21:00:19,CF311C16200,CF311C16200,700.0,0.0,0.0,0.0,10,148.0,0.0,0,700.0,0.0,0.0,0.0,0.0,0.0,112
2023-05-10 21:00:19,CF311C16200,CF311C16200,700.0,0.0,0.0,0.0,10,154.0,0.0,0,700.0,0.0,0.0,0.0,0.0,0.0,112
2023-05-10 21:00:20,CF311C16200,CF311C16200,700.0,0.0,0.0,0.0,10,161.0,0.0,0,700.0,0.0,0.0,0.0,0.0,0.0,112
2023-05-10 21:00:20,CF311C16200,CF311C16200,700.0,0.0,0.0,0.0,10,162.0,0.0,0,700.0,0.0,0.0,0.0,0.0,0.0,112
2023-05-10 21:00:21,CF311C16200,CF311C16200,700.0,0.0,0.0,0.0,10,168.0,0.0,0,700.0,0.0,0.0,0.0,0.0,0.0,112
2023-05-10 21:00:21,CF311C16200,CF311C16200,700.0,0.0,0.0,0.0,10,175.0,0.0,0,700.0,0.0,0.0,0.0,0.0,0.0,112
2023-05-10 21:00:22,CF311C16200,CF311C16200,700.0,0.0,0.0,0.0,10,176.0,0.0,0,700.0,0.0,0.0,0.0,0.0,0.0,112
2023-05-10 21:00:22,CF311C16200,CF311C16200,700.0,0.0,0.0,0.0,10,182.0,0.0,0,700.0,0.0,0.0,0.0,0.0,0.0,112
2023-05-10 21:00:23,CF311C16200,CF311C16200,700.0,0.0,0.0,0.0,10,189.0,0.0,0,700.0,0.0,0.0,0.0,0.0,0.0,112
2023-05-10 21:00:23,CF311C16200,CF311C16200,700.0,0.0,0.0,0.0,10,190.0,0.0,0,700.0,0.0,0.0,0.0,0.0,0.0,112
2023-05-10 21:00:24,CF311C16200,CF311C16200,700.0,0.0,0.0,0.0,10,196.0,0.0,0,700.0,0.0,0.0,0.0,0.0,0.0,112
2023-05-10 21:00:24,CF311C16200,CF311C16200,700.0,0.0,0.0,0.0,10,203.0,0.0,0,700.0,0.0,0.0,0.0,0.0,0.0,112
2023-05-10 21:00:25,CF311C16200,CF311C16200,700.0,0.0,0.0,0.0,10,204.0,0.0,0,700.0,0.0,0.0,0.0,0.0,0.0,112
2023-05-10 21:00:25,CF311C16200,CF311C16200,700.0,0.0,0.0,0.0,10,210.0,0.0,0,700.0,0.0,0.0,0.0,0.0,0.0,112
2023-05-10 21:00:26,CF311C16200,CF311C16200,700.0,0.0,0.0,0.0,10,217.0,0.0,0,700.0,0.0,0.0,0.0,0.0,0.0,112
2023-05-10 21:00:26,CF311C16200,CF311C16200,700.0,0.0,0.0,0.0,10,218.0,0.0,0,700.0,0.0,0.0,0.0,0.0,0.0,112
2023-05-10 21:00:27,CF311C16200,CF311C16200,700.0,0.0,0.0,0.0,10,224.0,0.0,0,700.0,0.0,0.0,0.0,0.0,0.0,112
2023-05-10 21:00:27,CF311C16200,CF311C16200,700.0,0.0,0.0,0.0,10,231.0,0.0,0,700.0,0.0,0.0,0.0,0.0,0.0,112
2023-05-10 21:00:28,CF311C16200,CF311C16200,700.0,0.0,0.0,0.0,10,232.0,0.0,0,700.0,0.0,0.0,0.0,0.0,0.0,112
2023-05-10 21:00:28,CF311C16200,CF311C16200,700.0,0.0,0.0,0.0,10,238.0,0.0,0,700.0,0.0,0.0,0.0,0.0,0.0,112
2023-05-10 21:00:29,CF311C16200,CF311C16200,700.0,0.0,0.0,0.0,10,245.0,0.0,0,700.0,0.0,0.0,0.0,0.0,0.0,112
2023-05-10 21:00:29,CF311C16200,CF311C16200,700.0,0.0,0.0,0.0,10,246.0,0.0,0,700.0,0.0,0.0,0.0,0.0,0.0,112
2023-05-10 21:00:30,CF311C16200,CF311C16200,700.0,0.0,0.0,0.0,10,252.0,0.0,0,700.0,0.0,0.0,0.0,0.0,0.0,112
2023-05-10 21:00:30,CF311C16200,CF311C16200,700.0,0.0,0.0,0.0,10,259.0,0.0,0,700.0,0.0,0.0,0.0,0.0,0.0,112
2023-05-10 21:00:31,CF311C16200,CF311C16200,700.0,0.0,0.0,0.0,10,260.0,0.0,0,700.0,0.0,0.0,0.0,0.0,0.0,112
2023-05-10 21:00:31,CF311C16200,CF311C16200,700.0,0.0,0.0,0.0,10,266.0,0.0,0,700.0,0.0,0.0,0.0,0.0,0.0,112
2023-05-10 21:00:32,CF311C16200,CF311C16200,700.0,0.0,0.0,0.0,10,273.0,0.0,0,700.0,0.0,0.0,0.0,0.0,0.0,112
2023-05-10 21:00:32,CF311C16200,CF311C16200,700.0,0.0,0.0,0.0,10,274.0,0.0,0,700.0,0.0,0.0,0.0,0.0,0.0,112
2023-05-10 21:00:33,CF311C16200,CF311C16200,700.0,0.0,0.0,0.0,10,280.0,0.0,0,700.0,0.0,0.0,0.0,0.0,0.0,112
2023-05-10 21:00:33,CF311C16200,CF311C16200,700.0,0.0,0.0,0.0,10,287.0,0.0,0,700.0,0.0,0.0,0.0,0.0,0.0,112
2023-05-10 21:00:34,CF311C16200,CF311C16200,700.0,0.0,0.0,0.0,10,288.0,0.0,0,700.0,0.0,0.0,0.0,0.0,0.0,112
2023-05-10 21:00:34,CF311C16200,CF311C16200,700.0,0.0,0.0,0.0,10,294.0,0.0,0,700.0,0.0,0.0,0.0,0.0,0.0,112
2023-05-10 21:00:35,CF311C16200,CF311C16200,700.0,0.0,0.0,0.0,10,301.0,0.0,0,700.0,0.0,0.0,0.0,0.0,0.0,112
2023-05-10 21:00:35,CF311C16200,CF311C16200,700.0,0.0,0.0,0.0,10,302.0,0.0,0,700.0,0.0,0.0,0.0,0.0,0.0,112
2023-05-10 21:00:36,CF311C16200,CF311C16200,700.0,0.0,0.0,0.0,10,308.0,0.0,0,700.0,0.0,0.0,0.0,0.0,0.0,112
2023-05-10 21:00:36,CF311C16200,CF311C16200,700.0,0.0,0.0,0.0,10,315.0,0.0,0,700.0,0.0,0.0,0.0,0.0,0.0,112
2023-05-10 21:00:37,CF311C16200,CF311C16200,700.0,0.0,0.0,0.0,10,316.0,0.0,0,700.0,0.0,0.0,0.0,0.0,0.0,112
2023-05-10 21:00:37,CF311C16200,CF311C16200,700.0,0.0,0.0,0.0,10,322.0,0.0,0,700.0,0.0,0.0,0.0,0.0,0.0,112
2023-05-10 21:00:38,CF311C16200,CF311C16200,700.0,0.0,0.0,0.0,10,329.0,0.0,0,700.0,0.0,0.0,0.0,0.0,0.0,112
2023-05-10 21:00:38,CF311C16200,CF311C16200,700.0,0.0,0.0,0.0,10,330.0,0.0,0,700.0,0.0,0.0,0.0,0.0,0.0,112
2023-05-10 21:00:39,CF311C16200,CF311C16200,700.0,0.0,0.0,0.0,10,336.0,0.0,0,700.0,0.0,0.0,0.0,0.0,0.0,112
2023-05-10 21:00:39,CF311C16200,CF311C16200,700.0,0.0,0.0,0.0,10,343.0,0.0,0,700.0,0.0,0.0,0.0,0.0,0.0,112
2023-05-10 21:00:40,CF311C16200,CF311C16200,700.0,0.0,0.0,0.0,10,344.0,0.0,0,700.0,0.0,0.0,0.0,0.0,0.0,112
2023-05-10 21:00:40,CF311C16200,CF311C16200,700.0,0.0,0.0,0.0,10,350.0,0.0,0,700.0,0.0,0.0,0.0,0.0,0.0,112
2023-05-10 21:00:41,CF311C16200,CF311C16200,700.0,0.0,0.0,0.0,10,357.0,0.0,0,700.0,0.0,0.0,0.0,0.0,0.0,112
2023-05-10 21:00:41,CF311C16200,CF311C16200,700.0,0.0,0.0,0.0,10,358.0,0.0,0,700.0,0.0,0.0,0.0,0.0,0.0,112
2023-05-10 21:00:42,CF311C16200,CF311C16200,700.0,0.0,0.0,0.0,10,364.0,0.0,0,700.0,0.0,0.0,0.0,0.0,0.0,112
2023-05-10 21:00:42,CF311C16200,CF311C16200,700.0,0.0,0.0,0.0,10,371.0,0.0,0,700.0,0.0,0.0,0.0,0.0,0.0,112
2023-05-10 21:00:43,CF311C16200,CF311C16200,700.0,0.0,0.0,0.0,10,372.0,0.0,0,700.0,0.0,0.0,0.0,0.0,0.0,112
2023-05-10 21:00:43,CF311C16200,CF311C16200,700.0,0.0,0.0,0.0,10,378.0,0.0,0,700.0,0.0,0.0,0.0,0.0,0.0,112
2023-05-10 21:00:44,CF311C16200,CF311C16200,700.0,0.0,0.0,0.0,10,385.0,0.0,0,700.0,0.0,0.0,0.0,0.0,0.0,112
2023-05-10 21:00:44,CF311C16200,CF311C16200,700.0,0.0,0.0,0.0,10,386.0,0.0,0,700.0,0.0,0.0,0.0,0.0,0.0,112
2023-05-10 21:00:45,CF311C16200,CF311C16200,700.0,0.0,0.0,0.0,10,392.0,0.0,0,700.0,0.0,0.0,0.0,0.0,0.0,112
2023-05-10 21:00:45,CF311C16200,CF311C16200,700.0,0.0,0.0,0.0,10,399.0,0.0,0,700.0,0.0,0.0,0.0,0.0,0.0,112
2023-05-10 21:00:46,CF311C16200,CF311C16200,700.0,0.0,0.0,0.0,10,400.0,0.0,0,700.0,0.0,0.0,0.0,0.0,0.0,112
2023-05-10 21:00:46,CF311C16200,CF311C16200,700.0,0.0,0.0,0.0,10,406.0,0.0,0,700.0,0.0,0.0,0.0,0.0,0.0,112
2023-05-10 21:00:47,CF311C16200,CF311C16200,700.0,0.0,0.0,0.0,10,413.0,0.0,0,700.0,0.0,0.0,0.0,0.0,0.0,112
2023-05-10 21:00:47,CF311C16200,CF311C16200,700.0,0.0,0.0,0.0,10,414.0,0.0,0,700.0,0.0,0.0,0.0,0.0,0.0,112
2023-05-10 21:00:48,CF311C16200,CF311C16200,700.0,0.0,0.0,0.0,10,420.0,0.0,0,700.0,0.0,0.0,0.0,0.0,0.0,112
2023-05-10 21:00:48,CF311C16200,CF311C16200,700.0,0.0,0.0,0.0,10,427.0,0.0,0,700.0,0.0,0.0,0.0,0.0,0.0,112
2023-05-10 21:00:49,CF311C16200,CF311C16200,700.0,0.0,0.0,0.0,10,428.0,0.0,0,700.0,0.0,0.0,0.0,0.0,0.0,112
2023-05-10 21:00:49,CF311C16200,CF311C16200,700.0,0.0,0.0,0.0,10,434.0,0.0,0,700.0,0.0,0.0,0.0,0.0,0.0,112
2023-05-10 21:00:50,CF311C16200,CF311C16200,700.0,0.0,0.0,0.0,10,441.0,0.0,0,700.0,0.0,0.0,0.0,0.0,0.0,112
2023-05-10 21:00:50,CF311C16200,CF311C16200,700.0,0.0,0.0,0.0,10,442.0,0.0,0,700.0,0.0,0.0,0.0,0.0,0.0,112
2023-05-10 21:00:51,CF311C16200,CF311C16200,700.0,0.0,0.0,0.0,10,448.0,0.0,0,700.0,0.0,0.0,0.0,0.0,0.0,112
2023-05-10 21:00:51,CF311C16200,CF311C16200,700.0,0.0,0.0,0.0,10,455.0,0.0,0,700.0,0.0,0.0,0.0,0.0,0.0,112
2023-05-10 21:00:52,CF311C16200,CF311C16200,700.0,0.0,0.0,0.0,10,456.0,0.0,0,700.0,0.0,0.0,0.0,0.0,0.0,112
2023-05-10 21:00:52,CF311C16200,CF311C16200,700.0,0.0,0.0,0.0,10,462.0,0.0,0,700.0,0.0,0.0,0.0,0.0,0.0,112
2023-05-10 21:00:53,CF311C16200,CF311C16200,700.0,0.0,0.0,0.0,10,469.0,0.0,0,700.0,0.0,0.0,0.0,0.0,0.0,112
2023-05-10 21:00:53,CF311C16200,CF311C16200,700.0,0.0,0.0,0.0,10,470.0,0.0,0,700.0,0.0,0.0,0.0,0.0,0.0,112
2023-05-10 21:00:54,CF311C16200,CF311C16200,700.0,0.0,0.0,0.0,10,476.0,0.0,0,700.0,0.0,0.0,0.0,0.0,0.0,112
2023-05-10 21:00:54,CF311C16200,CF311C16200,700.0,0.0,0.0,0.0,10,483.0,0.0,0,700.0,0.0,0.0,0.0,0.0,0.0,112
2023-05-10 21:00:55,CF311C16200,CF311C16200,700.0,0.0,0.0,0.0,10,484.0,0.0,0,700.0,0.0,0.0,0.0,0.0,0.0,112
2023-05-10 21:00:55,CF311C16200,CF311C16200,700.0,0.0,0.0,0.0,10,490.0,0.0,0,700.0,0.0,0.0,0.0,0.0,0.0,112
2023-05-10 21:00:56,CF311C16200,CF311C16200,700.0,0.0,0.0,0.0,10,497.0,0.0,0,700.0,0.0,0.0,0.0,0.0,0.0,112
2023-05-10 21:00:56,CF311C16200,CF311C16200,700.0,0.0,0.0,0.0,10,498.0,0.0,0,700.0,0.0,0.0,0.0,0.0,0.0,112
2023-05-10 21:00:57,CF311C16200,CF311C16200,700.0,0.0,0.0,0.0,10,504.0,0.0,0,700.0,0.0,0.0,0.0,0.0,0.0,112
2023-05-10 21:00:57,CF311C16200,CF311C16200,700.0,0.0,0.0,0.0,10,511.0,0.0,0,700.0,0.0,0.0,0.0,0.0,0.0,112
2023-05-10 21:00:58,CF311C16200,CF311C16200,700.0,0.0,0.0,0.0,10,512.0,0.0,0,700.0,0.0,0.0,0.0,0.0,0.0,112
2023-05-10 21:00:58,CF311C16200,CF311C16200,700.0,0.0,0.0,0.0,10,518.0,0.0,0,700.0,0.0,0.0,0.0,0.0,0.0,112
2023-05-10 21:00:59,CF311C16200,CF311C16200,700.0,0.0,0.0,0.0,10,525.0,0.0,0,700.0,0.0,0.0,0.0,0.0,0.0,112
2023-05-10 21:00:59,CF311C16200,CF311C16200,700.0,0.0,0.0,0.0,10,526.0,0.0,0,700.0,0.0,0.0,0.0,0.0,0.0,112
2023-05-10 21:01:00,CF311C16200,CF311C16200,700.0,0.0,0.0,0.0,10,532.0,1577.0,10,700.0,0.0,0.0,0.0,0.0,0.0,112
2023-05-10 21:01:00,CF311C16200,CF311C16200,700.0,0.0,0.0,0.0,10,539.0,1565.0,10,700.0,0.0,0.0,0.0,0.0,0.0,112
2023-05-10 21:01:01,CF311C16200,CF311C16200,700.0,0.0,0.0,0.0,10,540.0,1553.0,10,700.0,0.0,0.0,0.0,0.0,0.0,112
2023-05-10 21:01:01,CF311C16200,CF311C16200,700.0,0.0,0.0,0.0,10,546.0,1546.0,10,700.0,0.0,0.0,0.0,0.0,0.0,112
2023-05-10 21:01:02,CF311C16200,CF311C16200,700.0,0.0,0.0,0.0,10,553.0,1534.0,10,700.0,0.0,0.0,0.0,0.0,0.0,112
2023-05-10 21:01:02,CF311C16200,CF311C16200,700.0,0.0,0.0,0.0,10,554.0,1525.0,10,700.0,0.0,0.0,0.0,0.0,0.0,112
2023-05-10 21:01:03,CF311C16200,CF311C16200,700.0,0.0,0.0,0.0,10,554.0,1516.0,10,700.0,0.0,0.0,0.0,0.0,0.0,112
2023-05-10 21:01:03,CF311C16200,CF311C16200,700.0,0.0,0.0,0.0,10,554.0,1509.0,10,700.0,0.0,0.0,0.0,0.0,0.0,112
2023-05-10 21:01:04,CF311C16200,CF311C16200,700.0,0.0,0.0,0.0,10,554.0,1508.0,10,700.0,0.0,0.0,0.0,0.0,0.0,112
2023-05-10 21:01:04,CF311C16200,CF311C16200,700.0,0.0,0.0,0.0,10,554.0,1502.0,10,700.0,0.0,0.0,0.0,0.0,0.0,112
2023-05-10 21:01:05,CF311C16200,CF311C16200,700.0,0.0,0.0,0.0,10,554.0,1495.0,10,700.0,0.0,0.0,0.0,0.0,0.0,112
2023-05-10 21:01:05,CF311C16200,CF311C16200,700.0,0.0,0.0,0.0,10,554.0,1486.0,10,700.0,0.0,0.0,0.0,0.0,0.0,112
2023-05-10 21:01:06,CF311C16200,CF311C16200,700.0,0.0,0.0,0.0,10,554.0,1474.0,10,700.0,0.0,0.0,0.0,0.0,0.0,112
2023-05-10 21:01:06,CF311C16200,CF311C16200,700.0,0.0,0.0,0.0,10,554.0,1462.0,10,700.0,0.0,0.0,0.0,0.0,0.0,112
2023-05-10 21:01:07,CF311C16200,CF311C16200,700.0,0.0,0.0,0.0,10,554.0,1450.0,10,700.0,0.0,0.0,0.0,0.0,0.0,112
2023-05-10 21:01:07,CF311C16200,CF311C16200,700.0,0.0,0.0,0.0,10,554.0,1438.0,10,700.0,0.0,0.0,0.0,0.0,0.0,112
2023-05-10 21:01:08,CF311C16200,CF311C16200,700.0,0.0,0.0,0.0,10,554.0,1426.0,10,700.0,0.0,0.0,0.0,0.0,0.0,112
2023-05-10 21:01:08,CF311C16200,CF311C16200,700.0,0.0,0.0,0.0,10,554.0,1419.0,10,700.0,0.0,0.0,0.0,0.0,0.0,112
2023-05-10 21:01:09,CF311C16200,CF311C16200,700.0,0.0,0.0,0.0,10,554.0,1413.0,10,700.0,0.0,0.0,0.0,0.0,0.0,112
2023-05-10 21:01:09,CF311C16200,CF311C16200,700.0,0.0,0.0,0.0,10,554.0,1406.0,10,700.0,0.0,0.0,0.0,0.0,0.0,112
2023-05-10 21:01:10,CF311C16200,CF311C16200,700.0,0.0,0.0,0.0,10,554.0,1405.0,10,700.0,0.0,0.0,0.0,0.0,0.0,112
2023-05-10 21:01:10,CF311C16200,CF311C16200,700.0,0.0,0.0,0.0,10,554.0,1399.0,10,700.0,0.0,0.0,0.0,0.0,0.0,112
2023-05-10 21:01:11,CF311C16200,CF311C16200,700.0,0.0,0.0,0.0,10,554.0,1390.0,10,700.0,0.0,0.0,0.0,0.0,0.0,112
2023-05-10 21:01:11,CF311C16200,CF311C16200,700.0,0.0,0.0,0.0,10,554.0,1381.0,10,700.0,0.0,0.0,0.0,0.0,0.0,112
2023-05-10 21:01:12,CF311C16200,CF311C16200,700.0,0.0,0.0,0.0,10,554.0,1372.0,10,700.0,0.0,0.0,0.0,0.0,0.0,112
2023-05-10 21:01:12,CF311C16200,CF311C16200,700.0,0.0,0.0,0.0,10,554.0,1365.0,10,700.0,0.0,0.0,0.0,0.0,0.0,112
2023-05-10 21:01:13,CF311C16200,CF311C16200,700.0,0.0,0.0,0.0,10,554.0,1364.0,10,700.0,0.0,0.0,0.0,0.0,0.0,112
2023-05-10 21:01:13,CF311C16200,CF311C16200,700.0,0.0,0.0,0.0,10,554.0,1358.0,10,700.0,0.0,0.0,0.0,0.0,0.0,112
2023-05-10 21:01:14,CF311C16200,CF311C16200,700.0,0.0,0.0,0.0,10,554.0,1351.0,10,700.0,0.0,0.0,0.0,0.0,0.0,112
2023-05-10 21:01:14,CF311C16200,CF311C16200,700.0,0.0,0.0,0.0,10,554.0,1345.0,10,700.0,0.0,0.0,0.0,0.0,0.0,112
2023-05-10 21:01:15,CF311C16200,CF311C16200,700.0,0.0,0.0,0.0,10,554.0,1333.0,10,700.0,0.0,0.0,0.0,0.0,0.0,112
2023-05-10 21:01:15,CF311C16200,CF311C16200,700.0,0.0,0.0,0.0,10,554.0,1326.0,10,700.0,0.0,0.0,0.0,0.0,0.0,112
2023-05-10 21:01:16,CF311C16200,CF311C16200,700.0,0.0,0.0,0.0,10,554.0,1320.0,10,700.0,0.0,0.0,0.0,0.0,0.0,112
2023-05-10 21:01:16,CF311C16200,CF311C16200,700.0,0.0,0.0,0.0,10,554.0,1313.0,10,700.0,0.0,0.0,0.0,0.0,0.0,112
2023-05-10 21:01:17,CF311C16200,CF311C16200,700.0,0.0,0.0,0.0,10,554.0,1312.0,10,700.0,0.0,0.0,0.0,0.0,0.0,112
2023-05-10 21:01:17,CF311C16200,CF311C16200,700.0,0.0,0.0,0.0,10,554.0,1306.0,10,700.0,0.0,0.0,0.0,0.0,0.0,112
2023-05-10 21:01:18,CF311C16200,CF311C16200,700.0,0.0,0.0,0.0,10,554.0,1299.0,10,700.0,0.0,0.0,0.0,0.0,0.0,112
2023-05-10 21:01:18,CF311C16200,CF311C16200,700.0,0.0,0.0,0.0,10,554.0,1298.0,10,700.0,0.0,0.0,0.0,0.0,0.0,112
2023-05-10 21:01:19,CF311C16200,CF311C16200,700.0,0.0,0.0,0.0,10,554.0,1292.0,10,700.0,0.0,0.0,0.0,0.0,0.0,112
2023-05-10 21:01:19,CF311C16200,CF311C16200,700.0,0.0,0.0,0.0,10,554.0,1285.0,10,700.0,0.0,0.0,0.0,0.0,0.0,112
2023-05-10 21:01:20,CF311C16200,CF311C16200,700.0,0.0,0.0,0.0,10,554.0,1284.0,10,700.0,0.0,0.0,0.0,0.0,0.0,112
2023-05-10 21:01:20,CF311C16200,CF311C16200,700.0,0.0,0.0,0.0,10,554.0,1278.0,10,700.0,0.0,0.0,0.0,0.0,0.0,112
2023-05-10 21:01:21,CF311C16200,CF311C16200,700.0,0.0,0.0,0.0,10,554.0,1269.0,10,700.0,0.0,0.0,0.0,0.0,0.0,112
2023-05-10 21:01:21,CF311C16200,CF311C16200,700.0,0.0,0.0,0.0,10,554.0,1262.0,10,700.0,0.0,0.0,0.0,0.0,0.0,112
2023-05-10 21:01:22,CF311C16200,CF311C16200,700.0,0.0,0.0,0.0,10,554.0,1253.0,10,700.0,0.0,0.0,0.0,0.0,0.0,112
2023-05-10 21:01:22,CF311C16200,CF311C16200,700.0,0.0,0.0,0.0,10,554.0,1246.0,10,700.0,0.0,0.0,0.0,0.0,0.0,112
2023-05-10 21:01:23,CF311C16200,CF311C16200,700.0,0.0,0.0,0.0,10,554.0,1234.0,10,700.0,0.0,0.0,0.0,0.0,0.0,112
2023-05-10 21:01:23,CF311C16200,CF311C16200,700.0,0.0,0.0,0.0,10,554.0,1225.0,10,700.0,0.0,0.0,0.0,0.0,0.0,112
2023-05-10 21:01:24,CF311C16200,CF311C16200,700.0,0.0,0.0,0.0,10,554.0,1218.0,10,700.0,0.0,0.0,0.0,0.0,0.0,112
2023-05-10 21:01:24,CF311C16200,CF311C16200,700.0,0.0,0.0,0.0,10,554.0,1209.0,10,700.0,0.0,0.0,0.0,0.0,0.0,112
2023-05-10 21:01:25,CF311C16200,CF311C16200,700.0,0.0,0.0,0.0,10,554.0,1202.0,10,700.0,0.0,0.0,0.0,0.0,0.0,112
2023-05-10 21:01:25,CF311C16200,CF311C16200,700.0,0.0,0.0,0.0,10,554.0,1190.0,10,700.0,0.0,0.0,0.0,0.0,0.0,112
2023-05-10 21:01:26,CF311C16200,CF311C16200,700.0,0.0,0.0,0.0,10,554.0,1183.0,10,700.0,0.0,0.0,0.0,0.0,0.0,112
2023-05-10 21:01:26,CF311C16200,CF311C16200,700.0,0.0,0.0,0.0,10,554.0,1182.0,10,700.0,0.0,0.0,0.0,0.0,0.0,112
2023-05-10 21:01:27,CF311C16200,CF311C16200,700.0,0.0,0.0,0.0,10,554.0,1176.0,10,700.0,0.0,0.0,0.0,0.0,0.0,112
2023-05-10 21:01:27,CF311C16200,CF311C16200,700.0,0.0,0.0,0.0,10,554.0,1169.0,10,700.0,0.0,0.0,0.0,0.0,0.0,112
2023-05-10 21:01:28,CF311C16200,CF311C16200,700.0,0.0,0.0,0.0,10,554.0,1163.0,10,700.0,0.0,0.0,0.0,0.0,0.0,112
2023-05-10 21:01:28,CF311C16200,CF311C16200,700.0,0.0,0.0,0.0,10,554.0,1156.0,10,700.0,0.0,0.0,0.0,0.0,0.0,112
2023-05-10 21:01:29,CF311C16200,CF311C16200,700.0,0.0,0.0,0.0,10,554.0,1144.0,10,700.0,0.0,0.0,0.0,0.0,0.0,112
2023-05-10 21:01:29,CF311C16200,CF311C16200,700.0,0.0,0.0,0.0,10,554.0,1137.0,10,700.0,0.0,0.0,0.0,0.0,0.0,112
2023-05-10 21:01:30,CF311C16200,CF311C16200,700.0,0.0,0.0,0.0,10,554.0,1136.0,10,700.0,0.0,0.0,0.0,0.0,0.0,112
2023-05-10 21:01:30,CF311C16200,CF311C16200,700.0,0.0,0.0,0.0,10,554.0,1124.0,10,700.0,0.0,0.0,0.0,0.0,0.0,112
2023-05-10 21:01:31,CF311C16200,CF311C16200,700.0,0.0,0.0,0.0,10,554.0,1117.0,10,700.0,0.0,0.0,0.0,0.0,0.0,112
2023-05-10 21:01:31,CF311C16200,CF311C16200,700.0,0.0,0.0,0.0,10,554.0,1116.0,10,700.0,0.0,0.0,0.0,0.0,0.0,112
2023-05-10 21:01:32,CF311C16200,CF311C16200,700.0,0.0,0.0,0.0,10,554.0,1110.0,10,700.0,0.0,0.0,0.0,0.0,0.0,112
2023-05-10 21:01:32,CF311C16200,CF311C16200,700.0,0.0,0.0,0.0,10,554.0,1103.0,10,700.0,0.0,0.0,0.0,0.0,0.0,112
2023-05-10 21:01:33,CF311C16200,CF311C16200,700.0,0.0,0.0,0.0,10,554.0,1102.0,10,700.0,0.0,0.0,0.0,0.0,0.0,112
2023-05-10 21:01:33,CF311C16200,CF311C16200,700.0,0.0,0.0,0.0,10,554.0,1096.0,10,700.0,0.0,0.0,0.0,0.0,0.0,112
2023-05-10 21:01:34,CF311C16200,CF311C16200,700.0,0.0,0.0,0.0,10,554.0,1089.0,10,700.0,0.0,0.0,0.0,0.0,0.0,112
2023-05-10 21:01:34,CF311C16200,CF311C16200,700.0,0.0,0.0,0.0,10,554.0,1088.0,10,700.0,0.0,0.0,0.0,0.0,0.0,112
2023-05-10 21:01:35,CF311C16200,CF311C16200,700.0,0.0,0.0,0.0,10,554.0,1082.0,10,700.0,0.0,0.0,0.0,0.0,0.0,112
2023-05-10 21:01:35,CF311C16200,CF311C16200,700.0,0.0,0.0,0.0,10,554.0,1073.0,10,700.0,0.0,0.0,0.0,0.0,0.0,112
2023-05-10 21:01:36,CF311C16200,CF311C16200,700.0,0.0,0.0,0.0,10,554.0,1066.0,10,700.0,0.0,0.0,0.0,0.0,0.0,112
2023-05-10 21:01:36,CF311C16200,CF311C16200,700.0,0.0,0.0,0.0,10,554.0,1057.0,10,700.0,0.0,0.0,0.0,0.0,0.0,112
2023-05-10 21:01:37,CF311C16200,CF311C16200,700.0,0.0,0.0,0.0,10,554.0,1050.0,10,700.0,0.0,0.0,0.0,0.0,0.0,112
2023-05-10 21:01:37,CF311C16200,CF311C16200,700.0,0.0,0.0,0.0,10,554.0,1044.0,10,700.0,0.0,0.0,0.0,0.0,0.0,112
2023-05-10 21:01:38,CF311C16200,CF311C16200,700.0,0.0,0.0,0.0,10,554.0,1035.0,10,700.0,0.0,0.0,0.0,0.0,0.0,112
2023-05-10 21:01:38,CF311C16200,CF311C16200,700.0,0.0,0.0,0.0,10,554.0,1028.0,10,700.0,0.0,0.0,0.0,0.0,0.0,112
2023-05-10 21:01:39,CF311C16200,CF311C16200,700.0,0.0,0.0,0.0,10,554.0,1027.0,10,700.0,0.0,0.0,0.0,0.0,0.0,112
2023-05-10 21:01:39,CF311C16200,CF311C16200,700.0,0.0,0.0,0.0,10,554.0,1021.0,10,700.0,0.0,0.0,0.0,0.0,0.0,112
2023-05-10 21:01:40,CF311C16200,CF311C16200,700.0,0.0,0.0,0.0,10,554.0,1014.0,10,700.0,0.0,0.0,0.0,0.0,0.0,112
2023-05-10 21:01:40,CF311C16200,CF311C16200,700.0,0.0,0.0,0.0,10,554.0,1013.0,10,700.0,0.0,0.0,0.0,0.0,0.0,112
2023-05-10 21:01:41,CF311C16200,CF311C16200,700.0,0.0,0.0,0.0,10,554.0,1001.0,10,700.0,0.0,0.0,0.0,0.0,0.0,112
2023-05-10 21:01:41,CF311C16200,CF311C16200,700.0,0.0,0.0,0.0,10,554.0,994.0,10,700.0,0.0,0.0,0.0,0.0,0.0,112
2023-05-10 21:01:42,CF311C16200,CF311C16200,700.0,0.0,0.0,0.0,10,554.0,993.0,10,700.0,0.0,0.0,0.0,0.0,0.0,112
2023-05-10 21:01:42,CF311C16200,CF311C16200,700.0,0.0,0.0,0.0,10,554.0,987.0,10,700.0,0.0,0.0,0.0,0.0,0.0,112
2023-05-10 21:01:43,CF311C16200,CF311C16200,700.0,0.0,0.0,0.0,10,554.0,980.0,10,700.0,0.0,0.0,0.0,0.0,0.0,112
2023-05-10 21:01:43,CF311C16200,CF311C16200,700.0,0.0,0.0,0.0,10,554.0,979.0,10,700.0,0.0,0.0,0.0,0.0,0.0,112
2023-05-10 21:01:44,CF311C16200,CF311C16200,700.0,0.0,0.0,0.0,10,554.0,973.0,10,700.0,0.0,0.0,0.0,0.0,0.0,112
2023-05-10 21:01:44,CF311C16200,CF311C16200,700.0,0.0,0.0,0.0,10,554.0,966.0,10,700.0,0.0,0.0,0.0,0.0,0.0,112
2023-05-10 21:01:45,CF311C16200,CF311C16200,700.0,0.0,0.0,0.0,10,554.0,965.0,10,700.0,0.0,0.0,0.0,0.0,0.0,112
2023-05-10 21:01:45,CF311C16200,CF311C16200,700.0,0.0,0.0,0.0,10,554.0,953.0,10,700.0,0.0,0.0,0.0,0.0,0.0,112
2023-05-10 21:01:46,CF311C16200,CF311C16200,700.0,0.0,0.0,0.0,10,554.0,946.0,10,700.0,0.0,0.0,0.0,0.0,0.0,112
2023-05-10 21:01:46,CF311C16200,CF311C16200,700.0,0.0,0.0,0.0,10,554.0,945.0,10,700.0,0.0,0.0,0.0,0.0,0.0,112
2023-05-10 21:01:47,CF311C16200,CF311C16200,700.0,0.0,0.0,0.0,10,554.0,939.0,10,700.0,0.0,0.0,0.0,0.0,0.0,112
2023-05-10 21:01:47,CF311C16200,CF311C16200,700.0,0.0,0.0,0.0,10,554.0,930.0,10,700.0,0.0,0.0,0.0,0.0,0.0,112
2023-05-10 21:01:48,CF311C16200,CF311C16200,700.0,0.0,0.0,0.0,10,554.0,923.0,10,700.0,0.0,0.0,0.0,0.0,0.0,112
2023-05-10 21:01:48,CF311C16200,CF311C16200,700.0,0.0,0.0,0.0,10,554.0,922.0,10,700.0,0.0,0.0,0.0,0.0,0.0,112
2023-05-10 21:01:49,CF311C16200,CF311C16200,700.0,0.0,0.0,0.0,10,554.0,916.0,10,700.0,0.0,0.0,0.0,0.0,0.0,112
2023-05-10 21:01:49,CF311C16200,CF311C16200,700.0,0.0,0.0,0.0,10,554.0,909.0,10,700.0,0.0,0.0,0.0,0.0,0.0,112
2023-05-10 21:01:50,CF311C16200,CF311C16200,700.0,0.0,0.0,0.0,10,554.0,908.0,10,700.0,0.0,0.0,0.0,0.0,0.0,112
2023-05-10 21:01:50,CF311C16200,CF311C16200,700.0,0.0,0.0,0.0,10,554.0,902.0,10,700.0,0.0,0.0,0.0,0.0,0.0,112
2023-05-10 21:01:51,CF311C16200,CF311C16200,700.0,0.0,0.0,0.0,10,554.0,895.0,10,700.0,0.0,0.0,0.0,0.0,0.0,112
2023-05-10 21:01:51,CF311C16200,CF311C16200,700.0,0.0,0.0,0.0,10,554.0,894.0,10,700.0,0.0,0.0,0.0,0.0,0.0,112
2023-05-10 21:01:52,CF311C16200,CF311C16200,700.0,0.0,0.0,0.0,10,554.0,888.0,10,700.0,0.0,0.0,0.0,0.0,0.0,112
2023-05-10 21:01:52,CF311C16200,CF311C16200,700.0,0.0,0.0,0.0,10,554.0,881.0,10,700.0,0.0,0.0,0.0,0.0,0.0,112
2023-05-10 21:01:53,CF311C16200,CF311C16200,700.0,0.0,0.0,0.0,10,554.0,880.0,10,700.0,0.0,0.0,0.0,0.0,0.0,112
2023-05-10 21:01:53,CF311C16200,CF311C16200,700.0,0.0,0.0,0.0,10,554.0,874.0,10,700.0,0.0,0.0,0.0,0.0,0.0,112
2023-05-10 21:01:54,CF311C16200,CF311C16200,700.0,0.0,0.0,0.0,10,554.0,867.0,10,700.0,0.0,0.0,0.0,0.0,0.0,112
2023-05-10 21:01:54,CF311C16200,CF311C16200,700.0,0.0,0.0,0.0,10,554.0,866.0,10,700.0,0.0,0.0,0.0,0.0,0.0,112
2023-05-10 21:01:55,CF311C16200,CF311C16200,700.0,0.0,0.0,0.0,10,554.0,860.0,10,700.0,0.0,0.0,0.0,0.0,0.0,112
2023-05-10 21:01:55,CF311C16200,CF311C16200,700.0,0.0,0.0,0.0,10,554.0,853.0,10,700.0,0.0,0.0,0.0,0.0,0.0,112
2023-05-10 21:01:56,CF311C16200,CF311C16200,700.0,0.0,0.0,0.0,10,554.0,852.0,10,700.0,0.0,0.0,0.0,0.0,0.0,112
2023-05-10 21:01:56,CF311C16200,CF311C16200,700.0,0.0,0.0,0.0,10,554.0,846.0,10,700.0,0.0,0.0,0.0,0.0,0.0,112
2023-05-10 21:01:57,CF311C16200,CF311C16200,700.0,0.0,0.0,0.0,10,554.0,839.0,10,700.0,0.0,0.0,0.0,0.0,0.0,112
2023-05-10 21:01:57,CF311C16200,CF311C16200,700.0,0.0,0.0,0.0,10,554.0,838.0,10,700.0,0.0,0.0,0.0,0.0,0.0,112
2023-05-10 21:01:58,CF311C16200,CF311C16200,700.0,0.0,0.0,0.0,10,554.0,832.0,10,700.0,0.0,0.0,0.0,0.0,0.0,112
2023-05-10 21:01:58,CF311C16200,CF311C16200,700.0,0.0,0.0,0.0,10,554.0,825.0,10,700.0,0.0,0.0,0.0,0.0,0.0,112
2023-05-10 21:01:59,CF311C16200,CF311C16200,700.0,0.0,0.0,0.0,10,554.0,824.0,10,700.0,0.0,0.0,0.0,0.0,0.0,112
2023-05-10 21:01:59,CF311C16200,CF311C16200,700.0,0.0,0.0,0.0,10,554.0,818.0,10,700.0,0.0,0.0,0.0,0.0,0.0,112
2023-05-10 21:02:00,CF311C16200,CF311C16200,700.0,0.0,0.0,0.0,10,554.0,811.0,10,700.0,0.0,0.0,0.0,0.0,0.0,112
2023-05-10 21:02:00,CF311C16200,CF311C16200,700.0,0.0,0.0,0.0,10,554.0,810.0,10,700.0,0.0,0.0,0.0,0.0,0.0,112
2023-05-10 21:02:01,CF311C16200,CF311C16200,700.0,0.0,0.0,0.0,10,554.0,804.0,10,700.0,0.0,0.0,0.0,0.0,0.0,112
2023-05-10 21:02:01,CF311C16200,CF311C16200,700.0,0.0,0.0,0.0,10,554.0,797.0,10,700.0,0.0,0.0,0.0,0.0,0.0,112
2023-05-10 21:02:02,CF311C16200,CF311C16200,700.0,0.0,0.0,0.0,10,554.0,796.0,10,700.0,0.0,0.0,0.0,0.0,0.0,112
2023-05-10 21:02:02,CF311C16200,CF311C16200,700.0,0.0,0.0,0.0,10,554.0,790.0,10,700.0,0.0,0.0,0.0,0.0,0.0,112
2023-05-10 21:02:03,CF311C16200,CF311C16200,700.0,0.0,0.0,0.0,10,554.0,783.0,10,700.0,0.0,0.0,0.0,0.0,0.0,112
2023-05-10 21:02:03,CF311C16200,CF311C16200,700.0,0.0,0.0,0.0,10,554.0,782.0,10,700.0,0.0,0.0,0.0,0.0,0.0,112
2023-05-10 21:02:04,CF311C16200,CF311C16200,700.0,0.0,0.0,0.0,10,554.0,776.0,10,700.0,0.0,0.0,0.0,0.0,0.0,112
2023-05-10 21:02:04,CF311C16200,CF311C16200,700.0,0.0,0.0,0.0,10,554.0,769.0,10,700.0,0.0,0.0,0.0,0.0,0.0,112
2023-05-10 21:02:05,CF311C16200,CF311C16200,700.0,0.0,0.0,0.0,10,554.0,768.0,10,700.0,0.0,0.0,0.0,0.0,0.0,112
2023-05-10 21:02:05,CF311C16200,CF311C16200,700.0,0.0,0.0,0.0,10,554.0,762.0,10,700.0,0.0,0.0,0.0,0.0,0.0,112
2023-05-10 21:02:06,CF311C16200,CF311C16200,700.0,0.0,0.0,0.0,10,554.0,755.0,10,700.0,0.0,0.0,0.0,0.0,0.0,112
2023-05-10 21:02:06,CF311C16200,CF311C16200,700.0,0.0,0.0,0.0,10,554.0,754.0,10,700.0,0.0,0.0,0.0,0.0,0.0,112
2023-05-10 21:02:07,CF311C16200,CF311C16200,700.0,0.0,0.0,0.0,10,554.0,748.0,10,700.0,0.0,0.0,0.0,0.0,0.0,112
2023-05-10 21:02:07,CF311C16200,CF311C16200,700.0,0.0,0.0,0.0,10,554.0,741.0,10,700.0,0.0,0.0,0.0,0.0,0.0,112
2023-05-10 21:02:08,CF311C16200,CF311C16200,700.0,0.0,0.0,0.0,10,554.0,740.0,10,700.0,0.0,0.0,0.0,0.0,0.0,112
2023-05-10 21:02:08,CF311C16200,CF311C16200,700.0,0.0,0.0,0.0,10,554.0,734.0,10,700.0,0.0,0.0,0.0,0.0,0.0,112
2023-05-10 21:02:09,CF311C16200,CF311C16200,700.0,0.0,0.0,0.0,10,554.0,727.0,10,700.0,0.0,0.0,0.0,0.0,0.0,112
2023-05-10 21:02:09,CF311C16200,CF311C16200,700.0,0.0,0.0,0.0,10,554.0,726.0,10,700.0,0.0,0.0,0.0,0.0,0.0,112
2023-05-10 21:02:10,CF311C16200,CF311C16200,700.0,0.0,0.0,0.0,10,554.0,720.0,10,700.0,0.0,0.0,0.0,0.0,0.0,112
2023-05-10 21:02:10,CF311C16200,CF311C16200,700.0,0.0,0.0,0.0,10,554.0,713.0,10,700.0,0.0,0.0,0.0,0.0,0.0,112
2023-05-10 21:02:11,CF311C16200,CF311C16200,700.0,0.0,0.0,0.0,10,554.0,712.0,10,700.0,0.0,0.0,0.0,0.0,0.0,112
2023-05-10 21:02:11,CF311C16200,CF311C16200,700.0,0.0,0.0,0.0,10,554.0,706.0,10,700.0,0.0,0.0,0.0,0.0,0.0,112
2023-05-10 21:02:12,CF311C16200,CF311C16200,700.0,0.0,0.0,0.0,10,554.0,704.0,10,700.0,0.0,0.0,0.0,0.0,0.0,112
2023-05-10 21:02:12,CF311C16200,CF311C16200,700.0,0.0,0.0,0.0,10,554.0,703.0,10,700.0,0.0,0.0,0.0,0.0,0.0,112
2023-05-10 21:02:25,CF311C16200,CF311C16200,700.0,0.0,0.0,0.0,10,554.0,703.0,20,700.0,0.0,0.0,0.0,0.0,0.0,112
2023-05-10 21:03:41,CF311C16200,CF311C16200,700.0,0.0,0.0,0.0,10,554.0,703.0,10,700.0,0.0,0.0,0.0,0.0,0.0,112
2023-05-10 21:03:43,CF311C16200,CF311C16200,700.0,0.0,0.0,0.0,10,554.0,703.0,20,700.0,0.0,0.0,0.0,0.0,0.0,112
2023-05-10 21:04:37,CF311C16200,CF311C16200,700.0,0.0,0.0,0.0,10,554.0,703.0,10,700.0,0.0,0.0,0.0,0.0,0.0,112
2023-05-10 21:04:40,CF311C16200,CF311C16200,700.0,0.0,0.0,0.0,10,554.0,703.0,20,700.0,0.0,0.0,0.0,0.0,0.0,112
2023-05-10 21:04:46,CF311C16200,CF311C16200,700.0,0.0,0.0,0.0,10,554.0,703.0,10,700.0,0.0,0.0,0.0,0.0,0.0,112
2023-05-10 21:05:01,CF311C16200,CF311C16200,700.0,0.0,0.0,0.0,10,554.0,703.0,20,700.0,0.0,0.0,0.0,0.0,0.0,112
2023-05-10 21:05:01,CF311C16200,CF311C16200,700.0,0.0,0.0,0.0,10,554.0,703.0,10,700.0,0.0,0.0,0.0,0.0,0.0,112
2023-05-10 21:06:02,CF311C16200,CF311C16200,700.0,0.0,0.0,0.0,10,554.0,703.0,20,700.0,0.0,0.0,0.0,0.0,0.0,112
2023-05-10 21:06:07,CF311C16200,CF311C16200,700.0,0.0,0.0,0.0,10,554.0,703.0,10,700.0,0.0,0.0,0.0,0.0,0.0,112
2023-05-10 21:06:09,CF311C16200,CF311C16200,700.0,0.0,0.0,0.0,10,554.0,703.0,20,700.0,0.0,0.0,0.0,0.0,0.0,112
2023-05-10 21:17:06,CF311C16200,CF311C16200,700.0,0.0,0.0,0.0,10,13.0,703.0,20,700.0,0.0,0.0,0.0,0.0,0.0,112
2023-05-10 21:17:07,CF311C16200,CF311C16200,700.0,0.0,0.0,0.0,10,32.0,703.0,20,700.0,0.0,0.0,0.0,0.0,0.0,112
2023-05-10 21:17:07,CF311C16200,CF311C16200,700.0,0.0,0.0,0.0,2,45.0,703.0,20,700.0,0.0,0.0,0.0,0.0,0.0,112
2023-05-10 21:17:08,CF311C16200,CF311C16200,700.0,0.0,0.0,0.0,10,57.0,703.0,20,700.0,0.0,0.0,0.0,0.0,0.0,112
2023-05-10 21:17:08,CF311C16200,CF311C16200,700.0,0.0,0.0,0.0,2,70.0,703.0,20,700.0,0.0,0.0,0.0,0.0,0.0,112
2023-05-10 21:17:09,CF311C16200,CF311C16200,700.0,0.0,0.0,0.0,10,82.0,703.0,20,700.0,0.0,0.0,0.0,0.0,0.0,112
2023-05-10 21:17:09,CF311C16200,CF311C16200,700.0,0.0,0.0,0.0,2,95.0,703.0,20,700.0,0.0,0.0,0.0,0.0,0.0,112
2023-05-10 21:17:10,CF311C16200,CF311C16200,700.0,0.0,0.0,0.0,10,102.0,703.0,20,700.0,0.0,0.0,0.0,0.0,0.0,112
2023-05-10 21:17:10,CF311C16200,CF311C16200,700.0,0.0,0.0,0.0,2,115.0,703.0,20,700.0,0.0,0.0,0.0,0.0,0.0,112
2023-05-10 21:17:11,CF311C16200,CF311C16200,700.0,0.0,0.0,0.0,10,127.0,703.0,20,700.0,0.0,0.0,0.0,0.0,0.0,112
2023-05-10 21:17:11,CF311C16200,CF311C16200,700.0,0.0,0.0,0.0,2,140.0,703.0,20,700.0,0.0,0.0,0.0,0.0,0.0,112
2023-05-10 21:17:12,CF311C16200,CF311C16200,700.0,0.0,0.0,0.0,10,152.0,703.0,20,700.0,0.0,0.0,0.0,0.0,0.0,112
2023-05-10 21:17:12,CF311C16200,CF311C16200,700.0,0.0,0.0,0.0,2,165.0,703.0,20,700.0,0.0,0.0,0.0,0.0,0.0,112
2023-05-10 21:17:13,CF311C16200,CF311C16200,700.0,0.0,0.0,0.0,10,177.0,703.0,20,700.0,0.0,0.0,0.0,0.0,0.0,112
2023-05-10 21:17:13,CF311C16200,CF311C16200,700.0,0.0,0.0,0.0,2,190.0,703.0,20,700.0,0.0,0.0,0.0,0.0,0.0,112
2023-05-10 21:17:14,CF311C16200,CF311C16200,700.0,0.0,0.0,0.0,10,202.0,703.0,20,700.0,0.0,0.0,0.0,0.0,0.0,112
2023-05-10 21:17:14,CF311C16200,CF311C16200,700.0,0.0,0.0,0.0,2,215.0,703.0,20,700.0,0.0,0.0,0.0,0.0,0.0,112
2023-05-10 21:17:15,CF311C16200,CF311C16200,700.0,0.0,0.0,0.0,10,222.0,703.0,20,700.0,0.0,0.0,0.0,0.0,0.0,112
2023-05-10 21:17:15,CF311C16200,CF311C16200,700.0,0.0,0.0,0.0,2,235.0,703.0,20,700.0,0.0,0.0,0.0,0.0,0.0,112
2023-05-10 21:17:16,CF311C16200,CF311C16200,700.0,0.0,0.0,0.0,10,247.0,703.0,20,700.0,0.0,0.0,0.0,0.0,0.0,112
2023-05-10 21:17:16,CF311C16200,CF311C16200,700.0,0.0,0.0,0.0,2,260.0,703.0,20,700.0,0.0,0.0,0.0,0.0,0.0,112
2023-05-10 21:17:17,CF311C16200,CF311C16200,700.0,0.0,0.0,0.0,10,272.0,703.0,20,700.0,0.0,0.0,0.0,0.0,0.0,112
2023-05-10 21:17:17,CF311C16200,CF311C16200,700.0,0.0,0.0,0.0,10,281.0,703.0,20,700.0,0.0,0.0,0.0,0.0,0.0,112
2023-05-10 21:17:18,CF311C16200,CF311C16200,700.0,0.0,0.0,0.0,10,293.0,703.0,20,700.0,0.0,0.0,0.0,0.0,0.0,112
2023-05-10 21:17:18,CF311C16200,CF311C16200,700.0,0.0,0.0,0.0,10,305.0,703.0,20,700.0,0.0,0.0,0.0,0.0,0.0,112
2023-05-10 21:17:19,CF311C16200,CF311C16200,700.0,0.0,0.0,0.0,10,314.0,703.0,20,700.0,0.0,0.0,0.0,0.0,0.0,112
2023-05-10 21:17:19,CF311C16200,CF311C16200,700.0,0.0,0.0,0.0,10,321.0,703.0,20,700.0,0.0,0.0,0.0,0.0,0.0,112
2023-05-10 21:17:20,CF311C16200,CF311C16200,700.0,0.0,0.0,0.0,10,322.0,703.0,20,700.0,0.0,0.0,0.0,0.0,0.0,112
2023-05-10 21:17:20,CF311C16200,CF311C16200,700.0,0.0,0.0,0.0,10,328.0,703.0,20,700.0,0.0,0.0,0.0,0.0,0.0,112
2023-05-10 21:17:21,CF311C16200,CF311C16200,700.0,0.0,0.0,0.0,10,335.0,703.0,20,700.0,0.0,0.0,0.0,0.0,0.0,112
2023-05-10 21:17:21,CF311C16200,CF311C16200,700.0,0.0,0.0,0.0,10,344.0,703.0,20,700.0,0.0,0.0,0.0,0.0,0.0,112
2023-05-10 21:17:22,CF311C16200,CF311C16200,700.0,0.0,0.0,0.0,10,351.0,703.0,20,700.0,0.0,0.0,0.0,0.0,0.0,112
2023-05-10 21:17:22,CF311C16200,CF311C16200,700.0,0.0,0.0,0.0,10,357.0,703.0,20,700.0,0.0,0.0,0.0,0.0,0.0,112
2023-05-10 21:17:23,CF311C16200,CF311C16200,700.0,0.0,0.0,0.0,10,364.0,703.0,20,700.0,0.0,0.0,0.0,0.0,0.0,112
2023-05-10 21:17:23,CF311C16200,CF311C16200,700.0,0.0,0.0,0.0,10,365.0,703.0,20,700.0,0.0,0.0,0.0,0.0,0.0,112
2023-05-10 21:17:23,CF311C16200,CF311C16200,700.0,0.0,0.0,0.0,10,371.0,703.0,20,700.0,0.0,0.0,0.0,0.0,0.0,112
2023-05-10 21:17:24,CF311C16200,CF311C16200,700.0,0.0,0.0,0.0,10,378.0,703.0,20,700.0,0.0,0.0,0.0,0.0,0.0,112
2023-05-10 21:17:25,CF311C16200,CF311C16200,700.0,0.0,0.0,0.0,10,379.0,703.0,20,700.0,0.0,0.0,0.0,0.0,0.0,112
2023-05-10 21:17:25,CF311C16200,CF311C16200,700.0,0.0,0.0,0.0,10,385.0,703.0,20,700.0,0.0,0.0,0.0,0.0,0.0,112
2023-05-10 21:17:26,CF311C16200,CF311C16200,700.0,0.0,0.0,0.0,10,392.0,703.0,20,700.0,0.0,0.0,0.0,0.0,0.0,112
2023-05-10 21:17:26,CF311C16200,CF311C16200,700.0,0.0,0.0,0.0,10,393.0,703.0,20,700.0,0.0,0.0,0.0,0.0,0.0,112
2023-05-10 21:17:26,CF311C16200,CF311C16200,700.0,0.0,0.0,0.0,10,399.0,703.0,20,700.0,0.0,0.0,0.0,0.0,0.0,112
2023-05-10 21:17:27,CF311C16200,CF311C16200,700.0,0.0,0.0,0.0,10,406.0,703.0,20,700.0,0.0,0.0,0.0,0.0,0.0,112
2023-05-10 21:17:28,CF311C16200,CF311C16200,700.0,0.0,0.0,0.0,10,407.0,703.0,20,700.0,0.0,0.0,0.0,0.0,0.0,112
2023-05-10 21:17:28,CF311C16200,CF311C16200,700.0,0.0,0.0,0.0,10,413.0,703.0,20,700.0,0.0,0.0,0.0,0.0,0.0,112
2023-05-10 21:17:29,CF311C16200,CF311C16200,700.0,0.0,0.0,0.0,10,420.0,703.0,20,700.0,0.0,0.0,0.0,0.0,0.0,112
2023-05-10 21:17:29,CF311C16200,CF311C16200,700.0,0.0,0.0,0.0,10,421.0,703.0,20,700.0,0.0,0.0,0.0,0.0,0.0,112
2023-05-10 21:17:29,CF311C16200,CF311C16200,700.0,0.0,0.0,0.0,10,427.0,703.0,20,700.0,0.0,0.0,0.0,0.0,0.0,112
2023-05-10 21:17:30,CF311C16200,CF311C16200,700.0,0.0,0.0,0.0,10,434.0,703.0,20,700.0,0.0,0.0,0.0,0.0,0.0,112
2023-05-10 21:17:31,CF311C16200,CF311C16200,700.0,0.0,0.0,0.0,10,435.0,703.0,20,700.0,0.0,0.0,0.0,0.0,0.0,112
2023-05-10 21:17:31,CF311C16200,CF311C16200,700.0,0.0,0.0,0.0,10,441.0,703.0,20,700.0,0.0,0.0,0.0,0.0,0.0,112
2023-05-10 21:17:32,CF311C16200,CF311C16200,700.0,0.0,0.0,0.0,10,448.0,703.0,20,700.0,0.0,0.0,0.0,0.0,0.0,112
2023-05-10 21:17:32,CF311C16200,CF311C16200,700.0,0.0,0.0,0.0,10,449.0,703.0,20,700.0,0.0,0.0,0.0,0.0,0.0,112
2023-05-10 21:17:32,CF311C16200,CF311C16200,700.0,0.0,0.0,0.0,10,455.0,703.0,20,700.0,0.0,0.0,0.0,0.0,0.0,112
2023-05-10 21:17:33,CF311C16200,CF311C16200,700.0,0.0,0.0,0.0,10,462.0,703.0,20,700.0,0.0,0.0,0.0,0.0,0.0,112
2023-05-10 21:17:34,CF311C16200,CF311C16200,700.0,0.0,0.0,0.0,10,463.0,703.0,20,700.0,0.0,0.0,0.0,0.0,0.0,112
2023-05-10 21:17:34,CF311C16200,CF311C16200,700.0,0.0,0.0,0.0,10,469.0,703.0,20,700.0,0.0,0.0,0.0,0.0,0.0,112
2023-05-10 21:17:35,CF311C16200,CF311C16200,700.0,0.0,0.0,0.0,10,476.0,703.0,20,700.0,0.0,0.0,0.0,0.0,0.0,112
2023-05-10 21:17:35,CF311C16200,CF311C16200,700.0,0.0,0.0,0.0,10,477.0,703.0,20,700.0,0.0,0.0,0.0,0.0,0.0,112
2023-05-10 21:17:35,CF311C16200,CF311C16200,700.0,0.0,0.0,0.0,10,483.0,703.0,20,700.0,0.0,0.0,0.0,0.0,0.0,112
2023-05-10 21:17:36,CF311C16200,CF311C16200,700.0,0.0,0.0,0.0,10,490.0,703.0,20,700.0,0.0,0.0,0.0,0.0,0.0,112
2023-05-10 21:17:37,CF311C16200,CF311C16200,700.0,0.0,0.0,0.0,10,491.0,703.0,20,700.0,0.0,0.0,0.0,0.0,0.0,112
2023-05-10 21:17:37,CF311C16200,CF311C16200,700.0,0.0,0.0,0.0,10,497.0,703.0,20,700.0,0.0,0.0,0.0,0.0,0.0,112
2023-05-10 21:17:38,CF311C16200,CF311C16200,700.0,0.0,0.0,0.0,10,504.0,703.0,20,700.0,0.0,0.0,0.0,0.0,0.0,112
2023-05-10 21:17:38,CF311C16200,CF311C16200,700.0,0.0,0.0,0.0,10,505.0,703.0,20,700.0,0.0,0.0,0.0,0.0,0.0,112
2023-05-10 21:17:38,CF311C16200,CF311C16200,700.0,0.0,0.0,0.0,10,511.0,703.0,20,700.0,0.0,0.0,0.0,0.0,0.0,112
2023-05-10 21:17:39,CF311C16200,CF311C16200,700.0,0.0,0.0,0.0,10,517.0,703.0,20,700.0,0.0,0.0,0.0,0.0,0.0,112
2023-05-10 21:17:40,CF311C16200,CF311C16200,700.0,0.0,0.0,0.0,10,518.0,703.0,20,700.0,0.0,0.0,0.0,0.0,0.0,112
2023-05-10 22:54:55,CF311C16200,CF311C16200,700.0,0.0,0.0,0.0,10,518.0,697.0,10,700.0,0.0,0.0,0.0,0.0,0.0,112
2023-05-10 22:54:55,CF311C16200,CF311C16200,700.0,0.0,0.0,0.0,10,518.0,690.0,10,700.0,0.0,0.0,0.0,0.0,0.0,112
2023-05-10 22:54:56,CF311C16200,CF311C16200,700.0,0.0,0.0,0.0,10,518.0,683.0,10,700.0,0.0,0.0,0.0,0.0,0.0,112
2023-05-10 22:54:57,CF311C16200,CF311C16200,700.0,0.0,0.0,0.0,10,518.0,676.0,10,700.0,0.0,0.0,0.0,0.0,0.0,112
2023-05-10 22:54:57,CF311C16200,CF311C16200,700.0,0.0,0.0,0.0,10,518.0,675.0,10,700.0,0.0,0.0,0.0,0.0,0.0,112
2023-05-10 22:54:58,CF311C16200,CF311C16200,700.0,0.0,0.0,0.0,10,518.0,672.0,10,700.0,0.0,0.0,0.0,0.0,0.0,112
2023-05-10 22:54:58,CF311C16200,CF311C16200,700.0,0.0,0.0,0.0,10,518.0,671.0,10,700.0,0.0,0.0,0.0,0.0,0.0,112
2023-05-10 22:57:35,CF311C16200,CF311C16200,700.0,0.0,0.0,0.0,1,14.0,0.0,0,700.0,0.0,0.0,0.0,0.0,0.0,112
2023-05-10 22:57:36,CF311C16200,CF311C16200,700.0,0.0,0.0,0.0,1,17.0,1583.0,1,700.0,0.0,0.0,0.0,0.0,0.0,112
2023-05-10 22:59:54,CF311C16200,CF311C16200,700.0,0.0,0.0,0.0,1,14.0,0.0,0,700.0,0.0,0.0,0.0,0.0,0.0,112
2023-05-11 09:00:00,CF311C16200,CF311C16200,700.0,0.0,0.0,0.0,10,20.0,0.0,0,700.0,0.0,0.0,0.0,0.0,0.0,112
2023-05-11 09:00:10,CF311C16200,CF311C16200,700.0,0.0,0.0,0.0,10,21.0,0.0,0,700.0,0.0,0.0,0.0,0.0,0.0,112
2023-05-11 09:00:12,CF311C16200,CF311C16200,700.0,0.0,0.0,0.0,10,27.0,0.0,0,700.0,0.0,0.0,0.0,0.0,0.0,112
2023-05-11 09:00:13,CF311C16200,CF311C16200,700.0,0.0,0.0,0.0,10,28.0,0.0,0,700.0,0.0,0.0,0.0,0.0,0.0,112
2023-05-11 09:00:13,CF311C16200,CF311C16200,700.0,0.0,0.0,0.0,10,34.0,0.0,0,700.0,0.0,0.0,0.0,0.0,0.0,112
2023-05-11 09:00:14,CF311C16200,CF311C16200,700.0,0.0,0.0,0.0,10,41.0,0.0,0,700.0,0.0,0.0,0.0,0.0,0.0,112
2023-05-11 09:00:14,CF311C16200,CF311C16200,700.0,0.0,0.0,0.0,10,42.0,0.0,0,700.0,0.0,0.0,0.0,0.0,0.0,112
2023-05-11 09:00:14,CF311C16200,CF311C16200,700.0,0.0,0.0,0.0,10,48.0,0.0,0,700.0,0.0,0.0,0.0,0.0,0.0,112
2023-05-11 09:00:15,CF311C16200,CF311C16200,700.0,0.0,0.0,0.0,10,55.0,0.0,0,700.0,0.0,0.0,0.0,0.0,0.0,112
2023-05-11 09:00:16,CF311C16200,CF311C16200,700.0,0.0,0.0,0.0,10,56.0,0.0,0,700.0,0.0,0.0,0.0,0.0,0.0,112
2023-05-11 09:00:16,CF311C16200,CF311C16200,700.0,0.0,0.0,0.0,10,62.0,0.0,0,700.0,0.0,0.0,0.0,0.0,0.0,112
2023-05-11 09:00:17,CF311C16200,CF311C16200,700.0,0.0,0.0,0.0,10,69.0,0.0,0,700.0,0.0,0.0,0.0,0.0,0.0,112
2023-05-11 09:00:17,CF311C16200,CF311C16200,700.0,0.0,0.0,0.0,10,70.0,0.0,0,700.0,0.0,0.0,0.0,0.0,0.0,112
2023-05-11 09:00:17,CF311C16200,CF311C16200,700.0,0.0,0.0,0.0,10,76.0,0.0,0,700.0,0.0,0.0,0.0,0.0,0.0,112
2023-05-11 09:00:18,CF311C16200,CF311C16200,700.0,0.0,0.0,0.0,10,83.0,0.0,0,700.0,0.0,0.0,0.0,0.0,0.0,112
2023-05-11 09:00:19,CF311C16200,CF311C16200,700.0,0.0,0.0,0.0,10,84.0,0.0,0,700.0,0.0,0.0,0.0,0.0,0.0,112
2023-05-11 09:00:19,CF311C16200,CF311C16200,700.0,0.0,0.0,0.0,10,90.0,0.0,0,700.0,0.0,0.0,0.0,0.0,0.0,112
2023-05-11 09:00:20,CF311C16200,CF311C16200,700.0,0.0,0.0,0.0,10,97.0,0.0,0,700.0,0.0,0.0,0.0,0.0,0.0,112
2023-05-11 09:00:20,CF311C16200,CF311C16200,700.0,0.0,0.0,0.0,10,98.0,0.0,0,700.0,0.0,0.0,0.0,0.0,0.0,112
2023-05-11 09:00:20,CF311C16200,CF311C16200,700.0,0.0,0.0,0.0,10,104.0,0.0,0,700.0,0.0,0.0,0.0,0.0,0.0,112
2023-05-11 09:00:21,CF311C16200,CF311C16200,700.0,0.0,0.0,0.0,10,111.0,0.0,0,700.0,0.0,0.0,0.0,0.0,0.0,112
2023-05-11 09:00:22,CF311C16200,CF311C16200,700.0,0.0,0.0,0.0,10,112.0,0.0,0,700.0,0.0,0.0,0.0,0.0,0.0,112
2023-05-11 09:00:22,CF311C16200,CF311C16200,700.0,0.0,0.0,0.0,10,118.0,0.0,0,700.0,0.0,0.0,0.0,0.0,0.0,112
2023-05-11 09:00:23,CF311C16200,CF311C16200,700.0,0.0,0.0,0.0,10,125.0,0.0,0,700.0,0.0,0.0,0.0,0.0,0.0,112
2023-05-11 09:00:23,CF311C16200,CF311C16200,700.0,0.0,0.0,0.0,10,126.0,0.0,0,700.0,0.0,0.0,0.0,0.0,0.0,112
2023-05-11 09:00:23,CF311C16200,CF311C16200,700.0,0.0,0.0,0.0,10,132.0,0.0,0,700.0,0.0,0.0,0.0,0.0,0.0,112
2023-05-11 09:00:24,CF311C16200,CF311C16200,700.0,0.0,0.0,0.0,10,139.0,0.0,0,700.0,0.0,0.0,0.0,0.0,0.0,112
2023-05-11 09:00:25,CF311C16200,CF311C16200,700.0,0.0,0.0,0.0,10,140.0,0.0,0,700.0,0.0,0.0,0.0,0.0,0.0,112
2023-05-11 09:00:25,CF311C16200,CF311C16200,700.0,0.0,0.0,0.0,10,146.0,0.0,0,700.0,0.0,0.0,0.0,0.0,0.0,112
2023-05-11 09:00:26,CF311C16200,CF311C16200,700.0,0.0,0.0,0.0,10,153.0,0.0,0,700.0,0.0,0.0,0.0,0.0,0.0,112
2023-05-11 09:00:26,CF311C16200,CF311C16200,700.0,0.0,0.0,0.0,10,154.0,0.0,0,700.0,0.0,0.0,0.0,0.0,0.0,112
2023-05-11 09:00:26,CF311C16200,CF311C16200,700.0,0.0,0.0,0.0,10,160.0,0.0,0,700.0,0.0,0.0,0.0,0.0,0.0,112
2023-05-11 09:00:27,CF311C16200,CF311C16200,700.0,0.0,0.0,0.0,10,167.0,0.0,0,700.0,0.0,0.0,0.0,0.0,0.0,112
2023-05-11 09:00:28,CF311C16200,CF311C16200,700.0,0.0,0.0,0.0,10,168.0,0.0,0,700.0,0.0,0.0,0.0,0.0,0.0,112
2023-05-11 09:00:28,CF311C16200,CF311C16200,700.0,0.0,0.0,0.0,10,174.0,0.0,0,700.0,0.0,0.0,0.0,0.0,0.0,112
2023-05-11 09:00:29,CF311C16200,CF311C16200,700.0,0.0,0.0,0.0,10,181.0,0.0,0,700.0,0.0,0.0,0.0,0.0,0.0,112
2023-05-11 09:00:29,CF311C16200,CF311C16200,700.0,0.0,0.0,0.0,10,182.0,0.0,0,700.0,0.0,0.0,0.0,0.0,0.0,112
2023-05-11 09:00:29,CF311C16200,CF311C16200,700.0,0.0,0.0,0.0,10,188.0,0.0,0,700.0,0.0,0.0,0.0,0.0,0.0,112
2023-05-11 09:00:30,CF311C16200,CF311C16200,700.0,0.0,0.0,0.0,10,195.0,0.0,0,700.0,0.0,0.0,0.0,0.0,0.0,112
2023-05-11 09:00:31,CF311C16200,CF311C16200,700.0,0.0,0.0,0.0,10,196.0,0.0,0,700.0,0.0,0.0,0.0,0.0,0.0,112
2023-05-11 09:00:31,CF311C16200,CF311C16200,700.0,0.0,0.0,0.0,10,202.0,0.0,0,700.0,0.0,0.0,0.0,0.0,0.0,112
2023-05-11 09:00:32,CF311C16200,CF311C16200,700.0,0.0,0.0,0.0,10,209.0,0.0,0,700.0,0.0,0.0,0.0,0.0,0.0,112
2023-05-11 09:00:32,CF311C16200,CF311C16200,700.0,0.0,0.0,0.0,10,210.0,0.0,0,700.0,0.0,0.0,0.0,0.0,0.0,112
2023-05-11 09:00:32,CF311C16200,CF311C16200,700.0,0.0,0.0,0.0,10,216.0,0.0,0,700.0,0.0,0.0,0.0,0.0,0.0,112
2023-05-11 09:00:33,CF311C16200,CF311C16200,700.0,0.0,0.0,0.0,10,223.0,0.0,0,700.0,0.0,0.0,0.0,0.0,0.0,112
2023-05-11 09:00:34,CF311C16200,CF311C16200,700.0,0.0,0.0,0.0,10,224.0,0.0,0,700.0,0.0,0.0,0.0,0.0,0.0,112
2023-05-11 09:00:34,CF311C16200,CF311C16200,700.0,0.0,0.0,0.0,10,230.0,0.0,0,700.0,0.0,0.0,0.0,0.0,0.0,112
2023-05-11 09:00:35,CF311C16200,CF311C16200,700.0,0.0,0.0,0.0,10,237.0,0.0,0,700.0,0.0,0.0,0.0,0.0,0.0,112
2023-05-11 09:00:35,CF311C16200,CF311C16200,700.0,0.0,0.0,0.0,10,238.0,0.0,0,700.0,0.0,0.0,0.0,0.0,0.0,112
2023-05-11 09:00:35,CF311C16200,CF311C16200,700.0,0.0,0.0,0.0,10,244.0,0.0,0,700.0,0.0,0.0,0.0,0.0,0.0,112
2023-05-11 09:00:36,CF311C16200,CF311C16200,700.0,0.0,0.0,0.0,10,251.0,0.0,0,700.0,0.0,0.0,0.0,0.0,0.0,112
2023-05-11 09:00:37,CF311C16200,CF311C16200,700.0,0.0,0.0,0.0,10,252.0,0.0,0,700.0,0.0,0.0,0.0,0.0,0.0,112
2023-05-11 09:00:37,CF311C16200,CF311C16200,700.0,0.0,0.0,0.0,10,258.0,0.0,0,700.0,0.0,0.0,0.0,0.0,0.0,112
2023-05-11 09:00:38,CF311C16200,CF311C16200,700.0,0.0,0.0,0.0,10,265.0,0.0,0,700.0,0.0,0.0,0.0,0.0,0.0,112
2023-05-11 09:00:38,CF311C16200,CF311C16200,700.0,0.0,0.0,0.0,10,266.0,0.0,0,700.0,0.0,0.0,0.0,0.0,0.0,112
2023-05-11 09:00:38,CF311C16200,CF311C16200,700.0,0.0,0.0,0.0,10,272.0,0.0,0,700.0,0.0,0.0,0.0,0.0,0.0,112
2023-05-11 09:00:39,CF311C16200,CF311C16200,700.0,0.0,0.0,0.0,10,279.0,0.0,0,700.0,0.0,0.0,0.0,0.0,0.0,112
2023-05-11 09:00:40,CF311C16200,CF311C16200,700.0,0.0,0.0,0.0,10,280.0,0.0,0,700.0,0.0,0.0,0.0,0.0,0.0,112
2023-05-11 09:00:40,CF311C16200,CF311C16200,700.0,0.0,0.0,0.0,10,286.0,0.0,0,700.0,0.0,0.0,0.0,0.0,0.0,112
2023-05-11 09:00:41,CF311C16200,CF311C16200,700.0,0.0,0.0,0.0,10,293.0,0.0,0,700.0,0.0,0.0,0.0,0.0,0.0,112
2023-05-11 09:00:41,CF311C16200,CF311C16200,700.0,0.0,0.0,0.0,10,294.0,0.0,0,700.0,0.0,0.0,0.0,0.0,0.0,112
2023-05-11 09:00:41,CF311C16200,CF311C16200,700.0,0.0,0.0,0.0,10,300.0,0.0,0,700.0,0.0,0.0,0.0,0.0,0.0,112
2023-05-11 09:00:42,CF311C16200,CF311C16200,700.0,0.0,0.0,0.0,10,307.0,0.0,0,700.0,0.0,0.0,0.0,0.0,0.0,112
2023-05-11 09:00:43,CF311C16200,CF311C16200,700.0,0.0,0.0,0.0,10,308.0,0.0,0,700.0,0.0,0.0,0.0,0.0,0.0,112
2023-05-11 09:00:43,CF311C16200,CF311C16200,700.0,0.0,0.0,0.0,10,314.0,0.0,0,700.0,0.0,0.0,0.0,0.0,0.0,112
2023-05-11 09:00:44,CF311C16200,CF311C16200,700.0,0.0,0.0,0.0,10,321.0,0.0,0,700.0,0.0,0.0,0.0,0.0,0.0,112
2023-05-11 09:00:44,CF311C16200,CF311C16200,700.0,0.0,0.0,0.0,10,322.0,0.0,0,700.0,0.0,0.0,0.0,0.0,0.0,112
2023-05-11 09:00:44,CF311C16200,CF311C16200,700.0,0.0,0.0,0.0,10,328.0,0.0,0,700.0,0.0,0.0,0.0,0.0,0.0,112
2023-05-11 09:00:45,CF311C16200,CF311C16200,700.0,0.0,0.0,0.0,10,335.0,0.0,0,700.0,0.0,0.0,0.0,0.0,0.0,112
2023-05-11 09:00:46,CF311C16200,CF311C16200,700.0,0.0,0.0,0.0,10,336.0,0.0,0,700.0,0.0,0.0,0.0,0.0,0.0,112
2023-05-11 09:00:46,CF311C16200,CF311C16200,700.0,0.0,0.0,0.0,10,342.0,0.0,0,700.0,0.0,0.0,0.0,0.0,0.0,112
2023-05-11 09:00:47,CF311C16200,CF311C16200,700.0,0.0,0.0,0.0,10,349.0,0.0,0,700.0,0.0,0.0,0.0,0.0,0.0,112
2023-05-11 09:00:47,CF311C16200,CF311C16200,700.0,0.0,0.0,0.0,10,350.0,0.0,0,700.0,0.0,0.0,0.0,0.0,0.0,112
2023-05-11 09:00:47,CF311C16200,CF311C16200,700.0,0.0,0.0,0.0,10,356.0,0.0,0,700.0,0.0,0.0,0.0,0.0,0.0,112
2023-05-11 09:00:48,CF311C16200,CF311C16200,700.0,0.0,0.0,0.0,10,363.0,0.0,0,700.0,0.0,0.0,0.0,0.0,0.0,112
2023-05-11 09:00:49,CF311C16200,CF311C16200,700.0,0.0,0.0,0.0,10,364.0,0.0,0,700.0,0.0,0.0,0.0,0.0,0.0,112
2023-05-11 09:00:49,CF311C16200,CF311C16200,700.0,0.0,0.0,0.0,10,370.0,0.0,0,700.0,0.0,0.0,0.0,0.0,0.0,112
2023-05-11 09:00:50,CF311C16200,CF311C16200,700.0,0.0,0.0,0.0,10,377.0,0.0,0,700.0,0.0,0.0,0.0,0.0,0.0,112
2023-05-11 09:00:50,CF311C16200,CF311C16200,700.0,0.0,0.0,0.0,10,378.0,0.0,0,700.0,0.0,0.0,0.0,0.0,0.0,112
2023-05-11 09:00:50,CF311C16200,CF311C16200,700.0,0.0,0.0,0.0,10,384.0,0.0,0,700.0,0.0,0.0,0.0,0.0,0.0,112
2023-05-11 09:00:51,CF311C16200,CF311C16200,700.0,0.0,0.0,0.0,10,391.0,0.0,0,700.0,0.0,0.0,0.0,0.0,0.0,112
2023-05-11 09:00:52,CF311C16200,CF311C16200,700.0,0.0,0.0,0.0,10,392.0,0.0,0,700.0,0.0,0.0,0.0,0.0,0.0,112
2023-05-11 09:00:52,CF311C16200,CF311C16200,700.0,0.0,0.0,0.0,10,398.0,0.0,0,700.0,0.0,0.0,0.0,0.0,0.0,112
2023-05-11 09:00:53,CF311C16200,CF311C16200,700.0,0.0,0.0,0.0,10,405.0,0.0,0,700.0,0.0,0.0,0.0,0.0,0.0,112
2023-05-11 09:00:53,CF311C16200,CF311C16200,700.0,0.0,0.0,0.0,10,406.0,0.0,0,700.0,0.0,0.0,0.0,0.0,0.0,112
2023-05-11 09:00:53,CF311C16200,CF311C16200,700.0,0.0,0.0,0.0,10,412.0,0.0,0,700.0,0.0,0.0,0.0,0.0,0.0,112
2023-05-11 09:00:54,CF311C16200,CF311C16200,700.0,0.0,0.0,0.0,10,419.0,0.0,0,700.0,0.0,0.0,0.0,0.0,0.0,112
2023-05-11 09:00:55,CF311C16200,CF311C16200,700.0,0.0,0.0,0.0,10,420.0,0.0,0,700.0,0.0,0.0,0.0,0.0,0.0,112
2023-05-11 09:00:55,CF311C16200,CF311C16200,700.0,0.0,0.0,0.0,10,426.0,0.0,0,700.0,0.0,0.0,0.0,0.0,0.0,112
2023-05-11 09:00:56,CF311C16200,CF311C16200,700.0,0.0,0.0,0.0,10,433.0,0.0,0,700.0,0.0,0.0,0.0,0.0,0.0,112
2023-05-11 09:00:56,CF311C16200,CF311C16200,700.0,0.0,0.0,0.0,10,434.0,0.0,0,700.0,0.0,0.0,0.0,0.0,0.0,112
2023-05-11 09:00:56,CF311C16200,CF311C16200,700.0,0.0,0.0,0.0,10,440.0,0.0,0,700.0,0.0,0.0,0.0,0.0,0.0,112
2023-05-11 09:00:57,CF311C16200,CF311C16200,700.0,0.0,0.0,0.0,10,447.0,0.0,0,700.0,0.0,0.0,0.0,0.0,0.0,112
2023-05-11 09:00:58,CF311C16200,CF311C16200,700.0,0.0,0.0,0.0,10,448.0,0.0,0,700.0,0.0,0.0,0.0,0.0,0.0,112
2023-05-11 09:00:58,CF311C16200,CF311C16200,700.0,0.0,0.0,0.0,10,454.0,0.0,0,700.0,0.0,0.0,0.0,0.0,0.0,112
2023-05-11 09:00:59,CF311C16200,CF311C16200,700.0,0.0,0.0,0.0,10,461.0,0.0,0,700.0,0.0,0.0,0.0,0.0,0.0,112
2023-05-11 09:00:59,CF311C16200,CF311C16200,700.0,0.0,0.0,0.0,10,462.0,0.0,0,700.0,0.0,0.0,0.0,0.0,0.0,112
2023-05-11 09:00:59,CF311C16200,CF311C16200,700.0,0.0,0.0,0.0,10,468.0,0.0,0,700.0,0.0,0.0,0.0,0.0,0.0,112
2023-05-11 09:01:00,CF311C16200,CF311C16200,700.0,0.0,0.0,0.0,10,475.0,1577.0,10,700.0,0.0,0.0,0.0,0.0,0.0,112
2023-05-11 09:01:01,CF311C16200,CF311C16200,700.0,0.0,0.0,0.0,10,476.0,1570.0,10,700.0,0.0,0.0,0.0,0.0,0.0,112
2023-05-11 09:01:01,CF311C16200,CF311C16200,700.0,0.0,0.0,0.0,10,482.0,1564.0,10,700.0,0.0,0.0,0.0,0.0,0.0,112
2023-05-11 09:01:02,CF311C16200,CF311C16200,700.0,0.0,0.0,0.0,10,489.0,1555.0,10,700.0,0.0,0.0,0.0,0.0,0.0,112
2023-05-11 09:01:02,CF311C16200,CF311C16200,700.0,0.0,0.0,0.0,10,490.0,1546.0,10,700.0,0.0,0.0,0.0,0.0,0.0,112
2023-05-11 09:01:03,CF311C16200,CF311C16200,700.0,0.0,0.0,0.0,10,496.0,1537.0,10,700.0,0.0,0.0,0.0,0.0,0.0,112
2023-05-11 09:01:03,CF311C16200,CF311C16200,700.0,0.0,0.0,0.0,10,503.0,1530.0,10,700.0,0.0,0.0,0.0,0.0,0.0,112
2023-05-11 09:01:04,CF311C16200,CF311C16200,700.0,0.0,0.0,0.0,10,504.0,1529.0,10,700.0,0.0,0.0,0.0,0.0,0.0,112
2023-05-11 09:01:04,CF311C16200,CF311C16200,700.0,0.0,0.0,0.0,10,510.0,1523.0,10,700.0,0.0,0.0,0.0,0.0,0.0,112
2023-05-11 09:01:05,CF311C16200,CF311C16200,700.0,0.0,0.0,0.0,10,515.0,1516.0,10,700.0,0.0,0.0,0.0,0.0,0.0,112
2023-05-11 09:01:05,CF311C16200,CF311C16200,700.0,0.0,0.0,0.0,10,515.0,1507.0,10,700.0,0.0,0.0,0.0,0.0,0.0,112
2023-05-11 09:01:06,CF311C16200,CF311C16200,700.0,0.0,0.0,0.0,10,515.0,1495.0,10,700.0,0.0,0.0,0.0,0.0,0.0,112
2023-05-11 09:01:06,CF311C16200,CF311C16200,700.0,0.0,0.0,0.0,10,516.0,1483.0,10,700.0,0.0,0.0,0.0,0.0,0.0,112
2023-05-11 09:01:07,CF311C16200,CF311C16200,700.0,0.0,0.0,0.0,10,517.0,1471.0,10,700.0,0.0,0.0,0.0,0.0,0.0,112
2023-05-11 09:01:07,CF311C16200,CF311C16200,700.0,0.0,0.0,0.0,10,517.0,1459.0,10,700.0,0.0,0.0,0.0,0.0,0.0,112
2023-05-11 09:01:08,CF311C16200,CF311C16200,700.0,0.0,0.0,0.0,10,517.0,1452.0,10,700.0,0.0,0.0,0.0,0.0,0.0,112
2023-05-11 09:01:08,CF311C16200,CF311C16200,700.0,0.0,0.0,0.0,10,517.0,1446.0,10,700.0,0.0,0.0,0.0,0.0,0.0,112
2023-05-11 09:01:09,CF311C16200,CF311C16200,700.0,0.0,0.0,0.0,10,517.0,1439.0,10,700.0,0.0,0.0,0.0,0.0,0.0,112
2023-05-11 09:01:09,CF311C16200,CF311C16200,700.0,0.0,0.0,0.0,10,517.0,1438.0,10,700.0,0.0,0.0,0.0,0.0,0.0,112
2023-05-11 09:01:09,CF311C16200,CF311C16200,700.0,0.0,0.0,0.0,10,517.0,1432.0,10,700.0,0.0,0.0,0.0,0.0,0.0,112
2023-05-11 09:01:10,CF311C16200,CF311C16200,700.0,0.0,0.0,0.0,10,517.0,1423.0,10,700.0,0.0,0.0,0.0,0.0,0.0,112
2023-05-11 09:01:11,CF311C16200,CF311C16200,700.0,0.0,0.0,0.0,10,517.0,1414.0,10,700.0,0.0,0.0,0.0,0.0,0.0,112
2023-05-11 09:01:11,CF311C16200,CF311C16200,700.0,0.0,0.0,0.0,10,517.0,1407.0,10,700.0,0.0,0.0,0.0,0.0,0.0,112
2023-05-11 09:01:12,CF311C16200,CF311C16200,700.0,0.0,0.0,0.0,10,517.0,1398.0,10,700.0,0.0,0.0,0.0,0.0,0.0,112
2023-05-11 09:01:12,CF311C16200,CF311C16200,700.0,0.0,0.0,0.0,10,517.0,1391.0,10,700.0,0.0,0.0,0.0,0.0,0.0,112
2023-05-11 09:01:12,CF311C16200,CF311C16200,700.0,0.0,0.0,0.0,10,517.0,1385.0,10,700.0,0.0,0.0,0.0,0.0,0.0,112
2023-05-11 09:01:13,CF311C16200,CF311C16200,700.0,0.0,0.0,0.0,10,517.0,1378.0,10,700.0,0.0,0.0,0.0,0.0,0.0,112
2023-05-11 09:01:14,CF311C16200,CF311C16200,700.0,0.0,0.0,0.0,10,517.0,1377.0,10,700.0,0.0,0.0,0.0,0.0,0.0,112
2023-05-11 09:01:14,CF311C16200,CF311C16200,700.0,0.0,0.0,0.0,10,517.0,1365.0,10,700.0,0.0,0.0,0.0,0.0,0.0,112
2023-05-11 09:01:15,CF311C16200,CF311C16200,700.0,0.0,0.0,0.0,10,518.0,1358.0,10,700.0,0.0,0.0,0.0,0.0,0.0,112
2023-05-11 09:01:15,CF311C16200,CF311C16200,700.0,0.0,0.0,0.0,10,519.0,1349.0,10,700.0,0.0,0.0,0.0,0.0,0.0,112
2023-05-11 09:01:16,CF311C16200,CF311C16200,700.0,0.0,0.0,0.0,10,519.0,1342.0,10,700.0,0.0,0.0,0.0,0.0,0.0,112
2023-05-11 09:01:16,CF311C16200,CF311C16200,700.0,0.0,0.0,0.0,10,519.0,1336.0,10,700.0,0.0,0.0,0.0,0.0,0.0,112
2023-05-11 09:01:17,CF311C16200,CF311C16200,700.0,0.0,0.0,0.0,10,519.0,1329.0,10,700.0,0.0,0.0,0.0,0.0,0.0,112
2023-05-11 09:01:17,CF311C16200,CF311C16200,700.0,0.0,0.0,0.0,10,519.0,1320.0,10,700.0,0.0,0.0,0.0,0.0,0.0,112
2023-05-11 09:01:18,CF311C16200,CF311C16200,700.0,0.0,0.0,0.0,10,519.0,1313.0,10,700.0,0.0,0.0,0.0,0.0,0.0,112
2023-05-11 09:01:18,CF311C16200,CF311C16200,700.0,0.0,0.0,0.0,10,519.0,1307.0,10,700.0,0.0,0.0,0.0,0.0,0.0,112
2023-05-11 09:01:19,CF311C16200,CF311C16200,700.0,0.0,0.0,0.0,10,519.0,1300.0,10,700.0,0.0,0.0,0.0,0.0,0.0,112
2023-05-11 09:01:19,CF311C16200,CF311C16200,700.0,0.0,0.0,0.0,10,519.0,1299.0,10,700.0,0.0,0.0,0.0,0.0,0.0,112
2023-05-11 09:01:20,CF311C16200,CF311C16200,700.0,0.0,0.0,0.0,10,519.0,1287.0,10,700.0,0.0,0.0,0.0,0.0,0.0,112
2023-05-11 09:01:20,CF311C16200,CF311C16200,700.0,0.0,0.0,0.0,10,519.0,1280.0,10,700.0,0.0,0.0,0.0,0.0,0.0,112
2023-05-11 09:01:21,CF311C16200,CF311C16200,700.0,0.0,0.0,0.0,20,519.0,1279.0,10,700.0,0.0,0.0,0.0,0.0,0.0,112
2023-05-11 09:01:21,CF311C16200,CF311C16200,700.0,0.0,0.0,0.0,20,519.0,1273.0,10,700.0,0.0,0.0,0.0,0.0,0.0,112
2023-05-11 09:01:22,CF311C16200,CF311C16200,700.0,0.0,0.0,0.0,20,519.0,1266.0,10,700.0,0.0,0.0,0.0,0.0,0.0,112
2023-05-11 09:01:22,CF311C16200,CF311C16200,700.0,0.0,0.0,0.0,20,519.0,1265.0,10,700.0,0.0,0.0,0.0,0.0,0.0,112
2023-05-11 09:01:22,CF311C16200,CF311C16200,700.0,0.0,0.0,0.0,20,519.0,1259.0,10,700.0,0.0,0.0,0.0,0.0,0.0,112
2023-05-11 09:01:23,CF311C16200,CF311C16200,700.0,0.0,0.0,0.0,20,519.0,1252.0,10,700.0,0.0,0.0,0.0,0.0,0.0,112
2023-05-11 09:01:24,CF311C16200,CF311C16200,700.0,0.0,0.0,0.0,20,519.0,1251.0,10,700.0,0.0,0.0,0.0,0.0,0.0,112
2023-05-11 09:01:24,CF311C16200,CF311C16200,700.0,0.0,0.0,0.0,20,519.0,1245.0,10,700.0,0.0,0.0,0.0,0.0,0.0,112
2023-05-11 09:01:25,CF311C16200,CF311C16200,700.0,0.0,0.0,0.0,20,519.0,1238.0,10,700.0,0.0,0.0,0.0,0.0,0.0,112
2023-05-11 09:01:25,CF311C16200,CF311C16200,700.0,0.0,0.0,0.0,20,519.0,1229.0,10,700.0,0.0,0.0,0.0,0.0,0.0,112
2023-05-11 09:01:26,CF311C16200,CF311C16200,700.0,0.0,0.0,0.0,20,519.0,1222.0,10,700.0,0.0,0.0,0.0,0.0,0.0,112
2023-05-11 09:01:26,CF311C16200,CF311C16200,700.0,0.0,0.0,0.0,20,519.0,1210.0,10,700.0,0.0,0.0,0.0,0.0,0.0,112
2023-05-11 09:01:27,CF311C16200,CF311C16200,700.0,0.0,0.0,0.0,20,519.0,1203.0,10,700.0,0.0,0.0,0.0,0.0,0.0,112
2023-05-11 09:01:27,CF311C16200,CF311C16200,700.0,0.0,0.0,0.0,20,519.0,1202.0,10,700.0,0.0,0.0,0.0,0.0,0.0,112
2023-05-11 09:01:27,CF311C16200,CF311C16200,700.0,0.0,0.0,0.0,20,519.0,1196.0,10,700.0,0.0,0.0,0.0,0.0,0.0,112
2023-05-11 09:01:28,CF311C16200,CF311C16200,700.0,0.0,0.0,0.0,20,519.0,1189.0,10,700.0,0.0,0.0,0.0,0.0,0.0,112
2023-05-11 09:01:29,CF311C16200,CF311C16200,700.0,0.0,0.0,0.0,20,519.0,1188.0,10,700.0,0.0,0.0,0.0,0.0,0.0,112
2023-05-11 09:01:29,CF311C16200,CF311C16200,700.0,0.0,0.0,0.0,20,519.0,1182.0,10,700.0,0.0,0.0,0.0,0.0,0.0,112
2023-05-11 09:01:30,CF311C16200,CF311C16200,700.0,0.0,0.0,0.0,20,519.0,1175.0,10,700.0,0.0,0.0,0.0,0.0,0.0,112
2023-05-11 09:01:30,CF311C16200,CF311C16200,700.0,0.0,0.0,0.0,20,519.0,1174.0,10,700.0,0.0,0.0,0.0,0.0,0.0,112
2023-05-11 09:01:30,CF311C16200,CF311C16200,700.0,0.0,0.0,0.0,20,519.0,1168.0,10,700.0,0.0,0.0,0.0,0.0,0.0,112
2023-05-11 09:01:31,CF311C16200,CF311C16200,700.0,0.0,0.0,0.0,20,519.0,1161.0,10,700.0,0.0,0.0,0.0,0.0,0.0,112
2023-05-11 09:01:32,CF311C16200,CF311C16200,700.0,0.0,0.0,0.0,20,519.0,1160.0,10,700.0,0.0,0.0,0.0,0.0,0.0,112
2023-05-11 09:01:32,CF311C16200,CF311C16200,700.0,0.0,0.0,0.0,20,519.0,1154.0,10,700.0,0.0,0.0,0.0,0.0,0.0,112
2023-05-11 09:01:33,CF311C16200,CF311C16200,700.0,0.0,0.0,0.0,20,519.0,1147.0,10,700.0,0.0,0.0,0.0,0.0,0.0,112
2023-05-11 09:01:33,CF311C16200,CF311C16200,700.0,0.0,0.0,0.0,20,519.0,1146.0,10,700.0,0.0,0.0,0.0,0.0,0.0,112
2023-05-11 09:01:33,CF311C16200,CF311C16200,700.0,0.0,0.0,0.0,20,519.0,1140.0,10,700.0,0.0,0.0,0.0,0.0,0.0,112
2023-05-11 09:01:34,CF311C16200,CF311C16200,700.0,0.0,0.0,0.0,20,519.0,1133.0,10,700.0,0.0,0.0,0.0,0.0,0.0,112
2023-05-11 09:01:35,CF311C16200,CF311C16200,700.0,0.0,0.0,0.0,20,519.0,1132.0,10,700.0,0.0,0.0,0.0,0.0,0.0,112
2023-05-11 09:01:35,CF311C16200,CF311C16200,700.0,0.0,0.0,0.0,20,519.0,1126.0,10,700.0,0.0,0.0,0.0,0.0,0.0,112
2023-05-11 09:01:36,CF311C16200,CF311C16200,700.0,0.0,0.0,0.0,20,519.0,1119.0,10,700.0,0.0,0.0,0.0,0.0,0.0,112
2023-05-11 09:01:36,CF311C16200,CF311C16200,700.0,0.0,0.0,0.0,20,519.0,1118.0,10,700.0,0.0,0.0,0.0,0.0,0.0,112
2023-05-11 09:01:37,CF311C16200,CF311C16200,700.0,0.0,0.0,0.0,20,519.0,1106.0,10,700.0,0.0,0.0,0.0,0.0,0.0,112
2023-05-11 09:01:37,CF311C16200,CF311C16200,700.0,0.0,0.0,0.0,20,519.0,1099.0,10,700.0,0.0,0.0,0.0,0.0,0.0,112
2023-05-11 09:01:38,CF311C16200,CF311C16200,700.0,0.0,0.0,0.0,20,519.0,1098.0,10,700.0,0.0,0.0,0.0,0.0,0.0,112
2023-05-11 09:01:38,CF311C16200,CF311C16200,700.0,0.0,0.0,0.0,20,519.0,1092.0,10,700.0,0.0,0.0,0.0,0.0,0.0,112
2023-05-11 09:01:39,CF311C16200,CF311C16200,700.0,0.0,0.0,0.0,20,519.0,1083.0,10,700.0,0.0,0.0,0.0,0.0,0.0,112
2023-05-11 09:01:39,CF311C16200,CF311C16200,700.0,0.0,0.0,0.0,20,519.0,1076.0,10,700.0,0.0,0.0,0.0,0.0,0.0,112
2023-05-11 09:01:40,CF311C16200,CF311C16200,700.0,0.0,0.0,0.0,20,519.0,1075.0,10,700.0,0.0,0.0,0.0,0.0,0.0,112
2023-05-11 09:01:40,CF311C16200,CF311C16200,700.0,0.0,0.0,0.0,20,519.0,1069.0,10,700.0,0.0,0.0,0.0,0.0,0.0,112
2023-05-11 09:01:41,CF311C16200,CF311C16200,700.0,0.0,0.0,0.0,20,519.0,1060.0,10,700.0,0.0,0.0,0.0,0.0,0.0,112
2023-05-11 09:01:41,CF311C16200,CF311C16200,700.0,0.0,0.0,0.0,20,519.0,1051.0,10,700.0,0.0,0.0,0.0,0.0,0.0,112
2023-05-11 09:01:42,CF311C16200,CF311C16200,700.0,0.0,0.0,0.0,20,519.0,1042.0,10,700.0,0.0,0.0,0.0,0.0,0.0,112
2023-05-11 09:01:42,CF311C16200,CF311C16200,700.0,0.0,0.0,0.0,20,519.0,1033.0,10,700.0,0.0,0.0,0.0,0.0,0.0,112
2023-05-11 09:01:43,CF311C16200,CF311C16200,700.0,0.0,0.0,0.0,20,519.0,1024.0,10,700.0,0.0,0.0,0.0,0.0,0.0,112
2023-05-11 09:01:43,CF311C16200,CF311C16200,700.0,0.0,0.0,0.0,20,519.0,1017.0,10,700.0,0.0,0.0,0.0,0.0,0.0,112
2023-05-11 09:01:44,CF311C16200,CF311C16200,700.0,0.0,0.0,0.0,20,519.0,1016.0,10,700.0,0.0,0.0,0.0,0.0,0.0,112
2023-05-11 09:01:44,CF311C16200,CF311C16200,700.0,0.0,0.0,0.0,20,519.0,1010.0,10,700.0,0.0,0.0,0.0,0.0,0.0,112
2023-05-11 09:01:45,CF311C16200,CF311C16200,700.0,0.0,0.0,0.0,20,519.0,1003.0,10,700.0,0.0,0.0,0.0,0.0,0.0,112
2023-05-11 09:01:45,CF311C16200,CF311C16200,700.0,0.0,0.0,0.0,20,519.0,994.0,10,700.0,0.0,0.0,0.0,0.0,0.0,112
2023-05-11 09:01:46,CF311C16200,CF311C16200,700.0,0.0,0.0,0.0,20,519.0,987.0,10,700.0,0.0,0.0,0.0,0.0,0.0,112
2023-05-11 09:01:46,CF311C16200,CF311C16200,700.0,0.0,0.0,0.0,20,519.0,975.0,10,700.0,0.0,0.0,0.0,0.0,0.0,112
2023-05-11 09:01:47,CF311C16200,CF311C16200,700.0,0.0,0.0,0.0,20,519.0,968.0,10,700.0,0.0,0.0,0.0,0.0,0.0,112
2023-05-11 09:01:47,CF311C16200,CF311C16200,700.0,0.0,0.0,0.0,20,519.0,967.0,10,700.0,0.0,0.0,0.0,0.0,0.0,112
2023-05-11 09:01:47,CF311C16200,CF311C16200,700.0,0.0,0.0,0.0,20,519.0,961.0,10,700.0,0.0,0.0,0.0,0.0,0.0,112
2023-05-11 09:01:48,CF311C16200,CF311C16200,700.0,0.0,0.0,0.0,20,519.0,954.0,10,700.0,0.0,0.0,0.0,0.0,0.0,112
2023-05-11 09:01:49,CF311C16200,CF311C16200,700.0,0.0,0.0,0.0,20,519.0,953.0,10,700.0,0.0,0.0,0.0,0.0,0.0,112
2023-05-11 09:01:49,CF311C16200,CF311C16200,700.0,0.0,0.0,0.0,20,519.0,947.0,10,700.0,0.0,0.0,0.0,0.0,0.0,112
2023-05-11 09:01:50,CF311C16200,CF311C16200,700.0,0.0,0.0,0.0,20,519.0,940.0,10,700.0,0.0,0.0,0.0,0.0,0.0,112
2023-05-11 09:01:50,CF311C16200,CF311C16200,700.0,0.0,0.0,0.0,20,519.0,939.0,10,700.0,0.0,0.0,0.0,0.0,0.0,112
2023-05-11 09:01:50,CF311C16200,CF311C16200,700.0,0.0,0.0,0.0,20,519.0,933.0,10,700.0,0.0,0.0,0.0,0.0,0.0,112
2023-05-11 09:01:51,CF311C16200,CF311C16200,700.0,0.0,0.0,0.0,20,519.0,924.0,10,700.0,0.0,0.0,0.0,0.0,0.0,112
2023-05-11 09:01:52,CF311C16200,CF311C16200,700.0,0.0,0.0,0.0,20,519.0,915.0,10,700.0,0.0,0.0,0.0,0.0,0.0,112
2023-05-11 09:01:52,CF311C16200,CF311C16200,700.0,0.0,0.0,0.0,20,519.0,908.0,10,700.0,0.0,0.0,0.0,0.0,0.0,112
2023-05-11 09:01:53,CF311C16200,CF311C16200,700.0,0.0,0.0,0.0,20,519.0,907.0,10,700.0,0.0,0.0,0.0,0.0,0.0,112
2023-05-11 09:01:53,CF311C16200,CF311C16200,700.0,0.0,0.0,0.0,20,519.0,901.0,10,700.0,0.0,0.0,0.0,0.0,0.0,112
2023-05-11 09:01:54,CF311C16200,CF311C16200,700.0,0.0,0.0,0.0,20,519.0,894.0,10,700.0,0.0,0.0,0.0,0.0,0.0,112
2023-05-11 09:01:54,CF311C16200,CF311C16200,700.0,0.0,0.0,0.0,20,519.0,893.0,10,700.0,0.0,0.0,0.0,0.0,0.0,112
2023-05-11 09:01:54,CF311C16200,CF311C16200,700.0,0.0,0.0,0.0,20,519.0,887.0,10,700.0,0.0,0.0,0.0,0.0,0.0,112
2023-05-11 09:01:55,CF311C16200,CF311C16200,700.0,0.0,0.0,0.0,20,519.0,880.0,10,700.0,0.0,0.0,0.0,0.0,0.0,112
2023-05-11 09:01:56,CF311C16200,CF311C16200,700.0,0.0,0.0,0.0,20,519.0,879.0,10,700.0,0.0,0.0,0.0,0.0,0.0,112
2023-05-11 09:01:56,CF311C16200,CF311C16200,700.0,0.0,0.0,0.0,20,519.0,873.0,10,700.0,0.0,0.0,0.0,0.0,0.0,112
2023-05-11 09:01:57,CF311C16200,CF311C16200,700.0,0.0,0.0,0.0,20,519.0,866.0,10,700.0,0.0,0.0,0.0,0.0,0.0,112
2023-05-11 09:01:57,CF311C16200,CF311C16200,700.0,0.0,0.0,0.0,20,519.0,865.0,10,700.0,0.0,0.0,0.0,0.0,0.0,112
2023-05-11 09:01:57,CF311C16200,CF311C16200,700.0,0.0,0.0,0.0,20,519.0,859.0,10,700.0,0.0,0.0,0.0,0.0,0.0,112
2023-05-11 09:01:58,CF311C16200,CF311C16200,700.0,0.0,0.0,0.0,20,519.0,852.0,10,700.0,0.0,0.0,0.0,0.0,0.0,112
2023-05-11 09:01:59,CF311C16200,CF311C16200,700.0,0.0,0.0,0.0,20,519.0,851.0,10,700.0,0.0,0.0,0.0,0.0,0.0,112
2023-05-11 09:01:59,CF311C16200,CF311C16200,700.0,0.0,0.0,0.0,20,519.0,845.0,10,700.0,0.0,0.0,0.0,0.0,0.0,112
2023-05-11 09:02:00,CF311C16200,CF311C16200,700.0,0.0,0.0,0.0,20,519.0,838.0,10,700.0,0.0,0.0,0.0,0.0,0.0,112
2023-05-11 09:02:00,CF311C16200,CF311C16200,700.0,0.0,0.0,0.0,20,519.0,837.0,10,700.0,0.0,0.0,0.0,0.0,0.0,112
2023-05-11 09:02:00,CF311C16200,CF311C16200,700.0,0.0,0.0,0.0,20,519.0,831.0,10,700.0,0.0,0.0,0.0,0.0,0.0,112
2023-05-11 09:02:01,CF311C16200,CF311C16200,700.0,0.0,0.0,0.0,20,519.0,824.0,10,700.0,0.0,0.0,0.0,0.0,0.0,112
2023-05-11 09:02:02,CF311C16200,CF311C16200,700.0,0.0,0.0,0.0,20,519.0,823.0,10,700.0,0.0,0.0,0.0,0.0,0.0,112
2023-05-11 09:02:02,CF311C16200,CF311C16200,700.0,0.0,0.0,0.0,20,519.0,817.0,10,700.0,0.0,0.0,0.0,0.0,0.0,112
2023-05-11 09:02:03,CF311C16200,CF311C16200,700.0,0.0,0.0,0.0,20,519.0,810.0,10,700.0,0.0,0.0,0.0,0.0,0.0,112
2023-05-11 09:02:03,CF311C16200,CF311C16200,700.0,0.0,0.0,0.0,20,519.0,809.0,10,700.0,0.0,0.0,0.0,0.0,0.0,112
2023-05-11 09:02:03,CF311C16200,CF311C16200,700.0,0.0,0.0,0.0,20,519.0,803.0,10,700.0,0.0,0.0,0.0,0.0,0.0,112
2023-05-11 09:02:04,CF311C16200,CF311C16200,700.0,0.0,0.0,0.0,20,519.0,796.0,10,700.0,0.0,0.0,0.0,0.0,0.0,112
2023-05-11 09:02:05,CF311C16200,CF311C16200,700.0,0.0,0.0,0.0,20,519.0,795.0,10,700.0,0.0,0.0,0.0,0.0,0.0,112
2023-05-11 09:02:05,CF311C16200,CF311C16200,700.0,0.0,0.0,0.0,20,519.0,789.0,10,700.0,0.0,0.0,0.0,0.0,0.0,112
2023-05-11 09:02:06,CF311C16200,CF311C16200,700.0,0.0,0.0,0.0,20,519.0,782.0,10,700.0,0.0,0.0,0.0,0.0,0.0,112
2023-05-11 09:02:06,CF311C16200,CF311C16200,700.0,0.0,0.0,0.0,20,519.0,781.0,10,700.0,0.0,0.0,0.0,0.0,0.0,112
2023-05-11 09:02:06,CF311C16200,CF311C16200,700.0,0.0,0.0,0.0,20,519.0,775.0,10,700.0,0.0,0.0,0.0,0.0,0.0,112
2023-05-11 09:02:07,CF311C16200,CF311C16200,700.0,0.0,0.0,0.0,20,519.0,768.0,10,700.0,0.0,0.0,0.0,0.0,0.0,112
2023-05-11 09:02:08,CF311C16200,CF311C16200,700.0,0.0,0.0,0.0,20,519.0,767.0,10,700.0,0.0,0.0,0.0,0.0,0.0,112
2023-05-11 09:02:08,CF311C16200,CF311C16200,700.0,0.0,0.0,0.0,20,519.0,761.0,10,700.0,0.0,0.0,0.0,0.0,0.0,112
2023-05-11 09:02:09,CF311C16200,CF311C16200,700.0,0.0,0.0,0.0,20,519.0,754.0,10,700.0,0.0,0.0,0.0,0.0,0.0,112
2023-05-11 09:02:09,CF311C16200,CF311C16200,700.0,0.0,0.0,0.0,20,519.0,753.0,10,700.0,0.0,0.0,0.0,0.0,0.0,112
2023-05-11 09:02:09,CF311C16200,CF311C16200,700.0,0.0,0.0,0.0,20,519.0,747.0,10,700.0,0.0,0.0,0.0,0.0,0.0,112
2023-05-11 09:02:10,CF311C16200,CF311C16200,700.0,0.0,0.0,0.0,20,519.0,740.0,10,700.0,0.0,0.0,0.0,0.0,0.0,112
2023-05-11 09:02:11,CF311C16200,CF311C16200,700.0,0.0,0.0,0.0,20,519.0,739.0,10,700.0,0.0,0.0,0.0,0.0,0.0,112
2023-05-11 09:02:11,CF311C16200,CF311C16200,700.0,0.0,0.0,0.0,20,519.0,733.0,10,700.0,0.0,0.0,0.0,0.0,0.0,112
2023-05-11 09:02:12,CF311C16200,CF311C16200,700.0,0.0,0.0,0.0,20,519.0,726.0,10,700.0,0.0,0.0,0.0,0.0,0.0,112
2023-05-11 09:02:12,CF311C16200,CF311C16200,700.0,0.0,0.0,0.0,20,519.0,725.0,10,700.0,0.0,0.0,0.0,0.0,0.0,112
2023-05-11 09:02:12,CF311C16200,CF311C16200,700.0,0.0,0.0,0.0,20,519.0,719.0,10,700.0,0.0,0.0,0.0,0.0,0.0,112
2023-05-11 09:02:13,CF311C16200,CF311C16200,700.0,0.0,0.0,0.0,20,519.0,712.0,10,700.0,0.0,0.0,0.0,0.0,0.0,112
2023-05-11 09:02:14,CF311C16200,CF311C16200,700.0,0.0,0.0,0.0,20,519.0,711.0,10,700.0,0.0,0.0,0.0,0.0,0.0,112
2023-05-11 09:02:14,CF311C16200,CF311C16200,700.0,0.0,0.0,0.0,20,519.0,705.0,10,700.0,0.0,0.0,0.0,0.0,0.0,112
2023-05-11 09:02:15,CF311C16200,CF311C16200,700.0,0.0,0.0,0.0,20,519.0,698.0,10,700.0,0.0,0.0,0.0,0.0,0.0,112
2023-05-11 09:02:15,CF311C16200,CF311C16200,700.0,0.0,0.0,0.0,20,519.0,697.0,10,700.0,0.0,0.0,0.0,0.0,0.0,112
2023-05-11 09:02:15,CF311C16200,CF311C16200,700.0,0.0,0.0,0.0,20,519.0,691.0,10,700.0,0.0,0.0,0.0,0.0,0.0,112
2023-05-11 09:02:16,CF311C16200,CF311C16200,700.0,0.0,0.0,0.0,20,519.0,684.0,10,700.0,0.0,0.0,0.0,0.0,0.0,112
2023-05-11 09:02:17,CF311C16200,CF311C16200,700.0,0.0,0.0,0.0,20,519.0,683.0,10,700.0,0.0,0.0,0.0,0.0,0.0,112
2023-05-11 09:02:17,CF311C16200,CF311C16200,700.0,0.0,0.0,0.0,20,519.0,682.0,10,700.0,0.0,0.0,0.0,0.0,0.0,112
2023-05-11 09:02:17,CF311C16200,CF311C16200,700.0,0.0,0.0,0.0,20,519.0,681.0,10,700.0,0.0,0.0,0.0,0.0,0.0,112
2023-05-11 09:02:40,CF311C16200,CF311C16200,700.0,0.0,0.0,0.0,20,519.0,681.0,20,700.0,0.0,0.0,0.0,0.0,0.0,112
2023-05-11 09:02:41,CF311C16200,CF311C16200,700.0,0.0,0.0,0.0,10,519.0,681.0,20,700.0,0.0,0.0,0.0,0.0,0.0,112
2023-05-11 09:02:42,CF311C16200,CF311C16200,700.0,0.0,0.0,0.0,10,519.0,681.0,10,700.0,0.0,0.0,0.0,0.0,0.0,112
2023-05-11 09:02:42,CF311C16200,CF311C16200,700.0,0.0,0.0,0.0,20,519.0,681.0,20,700.0,0.0,0.0,0.0,0.0,0.0,112
2023-05-11 09:02:42,CF311C16200,CF311C16200,700.0,0.0,0.0,0.0,10,519.0,681.0,20,700.0,0.0,0.0,0.0,0.0,0.0,112
2023-05-11 09:02:49,CF311C16200,CF311C16200,700.0,0.0,0.0,0.0,20,519.0,681.0,10,700.0,0.0,0.0,0.0,0.0,0.0,112
2023-05-11 09:02:52,CF311C16200,CF311C16200,700.0,0.0,0.0,0.0,20,519.0,681.0,20,700.0,0.0,0.0,0.0,0.0,0.0,112
2023-05-11 09:02:53,CF311C16200,CF311C16200,700.0,0.0,0.0,0.0,10,519.0,681.0,20,700.0,0.0,0.0,0.0,0.0,0.0,112
2023-05-11 09:02:55,CF311C16200,CF311C16200,700.0,0.0,0.0,0.0,10,519.0,681.0,10,700.0,0.0,0.0,0.0,0.0,0.0,112
2023-05-11 09:02:55,CF311C16200,CF311C16200,700.0,0.0,0.0,0.0,20,519.0,681.0,10,700.0,0.0,0.0,0.0,0.0,0.0,112
2023-05-11 09:03:05,CF311C16200,CF311C16200,700.0,0.0,0.0,0.0,10,519.0,681.0,20,700.0,0.0,0.0,0.0,0.0,0.0,112
2023-05-11 09:03:06,CF311C16200,CF311C16200,700.0,0.0,0.0,0.0,10,520.0,681.0,10,700.0,0.0,0.0,0.0,0.0,0.0,112
2023-05-11 09:03:07,CF311C16200,CF311C16200,700.0,0.0,0.0,0.0,10,521.0,681.0,10,700.0,0.0,0.0,0.0,0.0,0.0,112
2023-05-11 09:03:19,CF311C16200,CF311C16200,700.0,0.0,0.0,0.0,10,521.0,681.0,20,700.0,0.0,0.0,0.0,0.0,0.0,112
2023-05-11 09:04:06,CF311C16200,CF311C16200,700.0,0.0,0.0,0.0,10,521.0,681.0,10,700.0,0.0,0.0,0.0,0.0,0.0,112
2023-05-11 09:04:19,CF311C16200,CF311C16200,700.0,0.0,0.0,0.0,10,521.0,681.0,20,700.0,0.0,0.0,0.0,0.0,0.0,112
2023-05-11 09:05:43,CF311C16200,CF311C16200,700.0,0.0,0.0,0.0,10,521.0,681.0,10,700.0,0.0,0.0,0.0,0.0,0.0,112
2023-05-11 09:06:22,CF311C16200,CF311C16200,700.0,0.0,0.0,0.0,10,521.0,681.0,20,700.0,0.0,0.0,0.0,0.0,0.0,112
2023-05-11 09:06:33,CF311C16200,CF311C16200,700.0,0.0,0.0,0.0,10,521.0,681.0,10,700.0,0.0,0.0,0.0,0.0,0.0,112
2023-05-11 09:06:36,CF311C16200,CF311C16200,700.0,0.0,0.0,0.0,10,521.0,681.0,20,700.0,0.0,0.0,0.0,0.0,0.0,112
2023-05-11 09:07:03,CF311C16200,CF311C16200,700.0,0.0,0.0,0.0,10,521.0,681.0,10,700.0,0.0,0.0,0.0,0.0,0.0,112
2023-05-11 09:07:06,CF311C16200,CF311C16200,700.0,0.0,0.0,0.0,10,521.0,681.0,20,700.0,0.0,0.0,0.0,0.0,0.0,112
2023-05-11 09:18:48,CF311C16200,CF311C16200,700.0,0.0,0.0,0.0,10,521.0,681.0,10,700.0,0.0,0.0,0.0,0.0,0.0,112
2023-05-11 09:19:02,CF311C16200,CF311C16200,700.0,0.0,0.0,0.0,10,521.0,681.0,20,700.0,0.0,0.0,0.0,0.0,0.0,112
2023-05-11 09:19:03,CF311C16200,CF311C16200,700.0,0.0,0.0,0.0,10,521.0,681.0,10,700.0,0.0,0.0,0.0,0.0,0.0,112
2023-05-11 09:19:08,CF311C16200,CF311C16200,700.0,0.0,0.0,0.0,10,521.0,681.0,20,700.0,0.0,0.0,0.0,0.0,0.0,112
2023-05-11 09:19:10,CF311C16200,CF311C16200,700.0,0.0,0.0,0.0,20,521.0,681.0,10,700.0,0.0,0.0,0.0,0.0,0.0,112
2023-05-11 09:19:16,CF311C16200,CF311C16200,700.0,0.0,0.0,0.0,10,521.0,681.0,10,700.0,0.0,0.0,0.0,0.0,0.0,112
2023-05-11 09:19:16,CF311C16200,CF311C16200,700.0,0.0,0.0,0.0,10,521.0,681.0,20,700.0,0.0,0.0,0.0,0.0,0.0,112
2023-05-11 09:19:18,CF311C16200,CF311C16200,700.0,0.0,0.0,0.0,10,521.0,681.0,10,700.0,0.0,0.0,0.0,0.0,0.0,112
2023-05-11 09:19:26,CF311C16200,CF311C16200,700.0,0.0,0.0,0.0,10,521.0,681.0,20,700.0,0.0,0.0,0.0,0.0,0.0,112
2023-05-11 09:20:05,CF311C16200,CF311C16200,700.0,0.0,0.0,0.0,10,521.0,681.0,10,700.0,0.0,0.0,0.0,0.0,0.0,112
2023-05-11 09:20:16,CF311C16200,CF311C16200,700.0,0.0,0.0,0.0,10,521.0,681.0,20,700.0,0.0,0.0,0.0,0.0,0.0,112
2023-05-11 09:20:17,CF311C16200,CF311C16200,700.0,0.0,0.0,0.0,10,521.0,681.0,10,700.0,0.0,0.0,0.0,0.0,0.0,112
2023-05-11 09:20:40,CF311C16200,CF311C16200,700.0,0.0,0.0,0.0,10,521.0,681.0,20,700.0,0.0,0.0,0.0,0.0,0.0,112
2023-05-11 09:20:41,CF311C16200,CF311C16200,700.0,0.0,0.0,0.0,10,521.0,681.0,10,700.0,0.0,0.0,0.0,0.0,0.0,112
2023-05-11 09:21:00,CF311C16200,CF311C16200,700.0,0.0,0.0,0.0,10,521.0,681.0,20,700.0,0.0,0.0,0.0,0.0,0.0,112
2023-05-11 09:21:06,CF311C16200,CF311C16200,700.0,0.0,0.0,0.0,10,521.0,681.0,10,700.0,0.0,0.0,0.0,0.0,0.0,112
2023-05-11 09:21:28,CF311C16200,CF311C16200,700.0,0.0,0.0,0.0,10,521.0,681.0,20,700.0,0.0,0.0,0.0,0.0,0.0,112
2023-05-11 09:21:30,CF311C16200,CF311C16200,700.0,0.0,0.0,0.0,10,521.0,681.0,10,700.0,0.0,0.0,0.0,0.0,0.0,112
2023-05-11 09:21:31,CF311C16200,CF311C16200,700.0,0.0,0.0,0.0,10,521.0,681.0,20,700.0,0.0,0.0,0.0,0.0,0.0,112
2023-05-11 09:21:36,CF311C16200,CF311C16200,700.0,0.0,0.0,0.0,10,521.0,681.0,10,700.0,0.0,0.0,0.0,0.0,0.0,112
2023-05-11 09:21:38,CF311C16200,CF311C16200,700.0,0.0,0.0,0.0,10,521.0,681.0,20,700.0,0.0,0.0,0.0,0.0,0.0,112
2023-05-11 09:23:14,CF311C16200,CF311C16200,700.0,0.0,0.0,0.0,10,521.0,681.0,10,700.0,0.0,0.0,0.0,0.0,0.0,112
2023-05-11 09:32:54,CF311C16200,CF311C16200,700.0,0.0,0.0,0.0,10,522.0,681.0,10,700.0,0.0,0.0,0.0,0.0,0.0,112
2023-05-11 09:32:55,CF311C16200,CF311C16200,700.0,0.0,0.0,0.0,10,523.0,681.0,10,700.0,0.0,0.0,0.0,0.0,0.0,112
2023-05-11 09:36:54,CF311C16200,CF311C16200,700.0,0.0,0.0,0.0,10,523.0,681.0,20,700.0,0.0,0.0,0.0,0.0,0.0,112
2023-05-11 09:37:04,CF311C16200,CF311C16200,700.0,0.0,0.0,0.0,10,523.0,681.0,10,700.0,0.0,0.0,0.0,0.0,0.0,112
2023-05-11 09:37:45,CF311C16200,CF311C16200,700.0,0.0,0.0,0.0,10,523.0,681.0,20,700.0,0.0,0.0,0.0,0.0,0.0,112
2023-05-11 09:38:11,CF311C16200,CF311C16200,700.0,0.0,0.0,0.0,10,523.0,681.0,10,700.0,0.0,0.0,0.0,0.0,0.0,112
2023-05-11 09:41:02,CF311C16200,CF311C16200,700.0,0.0,0.0,0.0,10,523.0,681.0,20,700.0,0.0,0.0,0.0,0.0,0.0,112
2023-05-11 09:41:34,CF311C16200,CF311C16200,700.0,0.0,0.0,0.0,10,523.0,681.0,10,700.0,0.0,0.0,0.0,0.0,0.0,112
2023-05-11 09:42:07,CF311C16200,CF311C16200,700.0,0.0,0.0,0.0,10,523.0,681.0,20,700.0,0.0,0.0,0.0,0.0,0.0,112
2023-05-11 09:42:07,CF311C16200,CF311C16200,700.0,0.0,0.0,0.0,10,523.0,681.0,10,700.0,0.0,0.0,0.0,0.0,0.0,112
2023-05-11 09:42:42,CF311C16200,CF311C16200,700.0,0.0,0.0,0.0,10,523.0,681.0,20,700.0,0.0,0.0,0.0,0.0,0.0,112
2023-05-11 09:43:14,CF311C16200,CF311C16200,700.0,0.0,0.0,0.0,10,523.0,681.0,10,700.0,0.0,0.0,0.0,0.0,0.0,112
2023-05-11 09:43:15,CF311C16200,CF311C16200,700.0,0.0,0.0,0.0,10,523.0,681.0,20,700.0,0.0,0.0,0.0,0.0,0.0,112
2023-05-11 09:44:01,CF311C16200,CF311C16200,700.0,0.0,0.0,0.0,10,523.0,681.0,10,700.0,0.0,0.0,0.0,0.0,0.0,112
2023-05-11 09:46:55,CF311C16200,CF311C16200,700.0,0.0,0.0,0.0,10,523.0,681.0,20,700.0,0.0,0.0,0.0,0.0,0.0,112
2023-05-11 09:47:14,CF311C16200,CF311C16200,700.0,0.0,0.0,0.0,6,581.0,631.0,6,700.0,0.0,0.0,0.0,0.0,0.0,112
2023-05-11 09:47:15,CF311C16200,CF311C16200,700.0,0.0,0.0,0.0,12,581.0,631.0,12,700.0,0.0,0.0,0.0,0.0,0.0,112
2023-05-11 09:47:16,CF311C16200,CF311C16200,700.0,0.0,0.0,0.0,15,581.0,631.0,15,700.0,0.0,0.0,0.0,0.0,0.0,112
2023-05-11 09:47:16,CF311C16200,CF311C16200,700.0,0.0,0.0,0.0,15,581.0,626.0,3,700.0,0.0,0.0,0.0,0.0,0.0,112
2023-05-11 09:47:17,CF311C16200,CF311C16200,700.0,0.0,0.0,0.0,15,581.0,626.0,6,700.0,0.0,0.0,0.0,0.0,0.0,112
2023-05-11 09:47:19,CF311C16200,CF311C16200,700.0,0.0,0.0,0.0,15,581.0,626.0,9,700.0,0.0,0.0,0.0,0.0,0.0,112
2023-05-11 09:47:20,CF311C16200,CF311C16200,700.0,0.0,0.0,0.0,18,581.0,622.0,3,700.0,0.0,0.0,0.0,0.0,0.0,112
2023-05-11 09:47:21,CF311C16200,CF311C16200,700.0,0.0,0.0,0.0,12,581.0,622.0,3,700.0,0.0,0.0,0.0,0.0,0.0,112
2023-05-11 09:47:21,CF311C16200,CF311C16200,700.0,0.0,0.0,0.0,15,581.0,622.0,6,700.0,0.0,0.0,0.0,0.0,0.0,112
2023-05-11 09:47:22,CF311C16200,CF311C16200,700.0,0.0,0.0,0.0,21,581.0,622.0,9,700.0,0.0,0.0,0.0,0.0,0.0,112
2023-05-11 09:47:24,CF311C16200,CF311C16200,700.0,0.0,0.0,0.0,24,581.0,622.0,12,700.0,0.0,0.0,0.0,0.0,0.0,112
2023-05-11 09:47:26,CF311C16200,CF311C16200,700.0,0.0,0.0,0.0,21,581.0,622.0,15,700.0,0.0,0.0,0.0,0.0,0.0,112
2023-05-11 09:47:27,CF311C16200,CF311C16200,700.0,0.0,0.0,0.0,18,581.0,622.0,15,700.0,0.0,0.0,0.0,0.0,0.0,112
2023-05-11 09:47:31,CF311C16200,CF311C16200,700.0,0.0,0.0,0.0,15,581.0,622.0,12,700.0,0.0,0.0,0.0,0.0,0.0,112
2023-05-11 09:47:33,CF311C16200,CF311C16200,700.0,0.0,0.0,0.0,9,581.0,622.0,9,700.0,0.0,0.0,0.0,0.0,0.0,112
2023-05-11 09:47:34,CF311C16200,CF311C16200,700.0,0.0,0.0,0.0,3,581.0,622.0,3,700.0,0.0,0.0,0.0,0.0,0.0,112
2023-05-11 09:47:37,CF311C16200,CF311C16200,700.0,0.0,0.0,0.0,10,204.0,0.0,0,700.0,0.0,0.0,0.0,0.0,0.0,112
2023-05-11 09:47:37,CF311C16200,CF311C16200,700.0,0.0,0.0,0.0,10,210.0,0.0,0,700.0,0.0,0.0,0.0,0.0,0.0,112
2023-05-11 09:47:38,CF311C16200,CF311C16200,700.0,0.0,0.0,0.0,10,222.0,0.0,0,700.0,0.0,0.0,0.0,0.0,0.0,112
2023-05-11 09:47:38,CF311C16200,CF311C16200,700.0,0.0,0.0,0.0,10,229.0,0.0,0,700.0,0.0,0.0,0.0,0.0,0.0,112
2023-05-11 09:47:39,CF311C16200,CF311C16200,700.0,0.0,0.0,0.0,10,238.0,1577.0,10,700.0,0.0,0.0,0.0,0.0,0.0,112
2023-05-11 09:47:39,CF311C16200,CF311C16200,700.0,0.0,0.0,0.0,10,244.0,1571.0,10,700.0,0.0,0.0,0.0,0.0,0.0,112
2023-05-11 09:47:40,CF311C16200,CF311C16200,700.0,0.0,0.0,0.0,10,256.0,1562.0,10,700.0,0.0,0.0,0.0,0.0,0.0,112
2023-05-11 09:47:40,CF311C16200,CF311C16200,700.0,0.0,0.0,0.0,10,263.0,1555.0,10,700.0,0.0,0.0,0.0,0.0,0.0,112
2023-05-11 09:47:41,CF311C16200,CF311C16200,700.0,0.0,0.0,0.0,10,272.0,1546.0,10,700.0,0.0,0.0,0.0,0.0,0.0,112
2023-05-11 09:47:42,CF311C16200,CF311C16200,700.0,0.0,0.0,0.0,10,279.0,1539.0,10,700.0,0.0,0.0,0.0,0.0,0.0,112
2023-05-11 09:47:42,CF311C16200,CF311C16200,700.0,0.0,0.0,0.0,10,280.0,1538.0,10,700.0,0.0,0.0,0.0,0.0,0.0,112
2023-05-11 09:47:42,CF311C16200,CF311C16200,700.0,0.0,0.0,0.0,10,286.0,1532.0,10,700.0,0.0,0.0,0.0,0.0,0.0,112
2023-05-11 09:47:43,CF311C16200,CF311C16200,700.0,0.0,0.0,0.0,10,295.0,1523.0,10,700.0,0.0,0.0,0.0,0.0,0.0,112
2023-05-11 09:47:44,CF311C16200,CF311C16200,700.0,0.0,0.0,0.0,10,304.0,1514.0,10,700.0,0.0,0.0,0.0,0.0,0.0,112
2023-05-11 09:47:44,CF311C16200,CF311C16200,700.0,0.0,0.0,0.0,10,316.0,1502.0,10,700.0,0.0,0.0,0.0,0.0,0.0,112
2023-05-11 09:47:45,CF311C16200,CF311C16200,700.0,0.0,0.0,0.0,10,323.0,1495.0,10,700.0,0.0,0.0,0.0,0.0,0.0,112
2023-05-11 09:47:46,CF311C16200,CF311C16200,700.0,0.0,0.0,0.0,10,324.0,1494.0,10,700.0,0.0,0.0,0.0,0.0,0.0,112
2023-05-11 09:47:46,CF311C16200,CF311C16200,700.0,0.0,0.0,0.0,10,330.0,1488.0,10,700.0,0.0,0.0,0.0,0.0,0.0,112
2023-05-11 09:47:47,CF311C16200,CF311C16200,700.0,0.0,0.0,0.0,10,342.0,1479.0,10,700.0,0.0,0.0,0.0,0.0,0.0,112
2023-05-11 09:47:47,CF311C16200,CF311C16200,700.0,0.0,0.0,0.0,10,342.0,1470.0,10,700.0,0.0,0.0,0.0,0.0,0.0,112
2023-05-11 09:47:48,CF311C16200,CF311C16200,700.0,0.0,0.0,0.0,10,343.0,1461.0,10,700.0,0.0,0.0,0.0,0.0,0.0,112
2023-05-11 09:47:48,CF311C16200,CF311C16200,700.0,0.0,0.0,0.0,10,349.0,1449.0,10,700.0,0.0,0.0,0.0,0.0,0.0,112
2023-05-11 09:47:49,CF311C16200,CF311C16200,700.0,0.0,0.0,0.0,10,350.0,1440.0,10,700.0,0.0,0.0,0.0,0.0,0.0,112
2023-05-11 09:47:49,CF311C16200,CF311C16200,700.0,0.0,0.0,0.0,10,356.0,1433.0,10,700.0,0.0,0.0,0.0,0.0,0.0,112
2023-05-11 09:47:50,CF311C16200,CF311C16200,700.0,0.0,0.0,0.0,10,363.0,1427.0,10,700.0,0.0,0.0,0.0,0.0,0.0,112
2023-05-11 09:47:50,CF311C16200,CF311C16200,700.0,0.0,0.0,0.0,10,364.0,1420.0,10,700.0,0.0,0.0,0.0,0.0,0.0,112
2023-05-11 09:47:50,CF311C16200,CF311C16200,700.0,0.0,0.0,0.0,10,370.0,1420.0,10,700.0,0.0,0.0,0.0,0.0,0.0,112
2023-05-11 09:47:51,CF311C16200,CF311C16200,700.0,0.0,0.0,0.0,10,371.0,1411.0,10,700.0,0.0,0.0,0.0,0.0,0.0,112
2023-05-11 09:47:52,CF311C16200,CF311C16200,700.0,0.0,0.0,0.0,10,377.0,1399.0,10,700.0,0.0,0.0,0.0,0.0,0.0,112
2023-05-11 09:47:52,CF311C16200,CF311C16200,700.0,0.0,0.0,0.0,10,384.0,1387.0,10,700.0,0.0,0.0,0.0,0.0,0.0,112
2023-05-11 09:47:53,CF311C16200,CF311C16200,700.0,0.0,0.0,0.0,10,385.0,1375.0,10,700.0,0.0,0.0,0.0,0.0,0.0,112
2023-05-11 09:47:53,CF311C16200,CF311C16200,700.0,0.0,0.0,0.0,10,391.0,1363.0,10,700.0,0.0,0.0,0.0,0.0,0.0,112
2023-05-11 09:47:54,CF311C16200,CF311C16200,700.0,0.0,0.0,0.0,10,398.0,1354.0,10,700.0,0.0,0.0,0.0,0.0,0.0,112
2023-05-11 09:47:54,CF311C16200,CF311C16200,700.0,0.0,0.0,0.0,10,399.0,1353.0,10,700.0,0.0,0.0,0.0,0.0,0.0,112
2023-05-11 09:47:54,CF311C16200,CF311C16200,700.0,0.0,0.0,0.0,10,405.0,1347.0,10,700.0,0.0,0.0,0.0,0.0,0.0,112
2023-05-11 09:47:55,CF311C16200,CF311C16200,700.0,0.0,0.0,0.0,10,412.0,1340.0,10,700.0,0.0,0.0,0.0,0.0,0.0,112
2023-05-11 09:47:56,CF311C16200,CF311C16200,700.0,0.0,0.0,0.0,10,413.0,1331.0,10,700.0,0.0,0.0,0.0,0.0,0.0,112
2023-05-11 09:47:57,CF311C16200,CF311C16200,700.0,0.0,0.0,0.0,10,419.0,1319.0,10,700.0,0.0,0.0,0.0,0.0,0.0,112
2023-05-11 09:47:57,CF311C16200,CF311C16200,700.0,0.0,0.0,0.0,10,426.0,1310.0,10,700.0,0.0,0.0,0.0,0.0,0.0,112
2023-05-11 09:47:58,CF311C16200,CF311C16200,700.0,0.0,0.0,0.0,10,427.0,1301.0,10,700.0,0.0,0.0,0.0,0.0,0.0,112
2023-05-11 09:47:58,CF311C16200,CF311C16200,700.0,0.0,0.0,0.0,10,433.0,1292.0,10,700.0,0.0,0.0,0.0,0.0,0.0,112
2023-05-11 09:47:59,CF311C16200,CF311C16200,700.0,0.0,0.0,0.0,10,440.0,1283.0,10,700.0,0.0,0.0,0.0,0.0,0.0,112
2023-05-11 09:47:59,CF311C16200,CF311C16200,700.0,0.0,0.0,0.0,10,441.0,1276.0,10,700.0,0.0,0.0,0.0,0.0,0.0,112
2023-05-11 09:48:00,CF311C16200,CF311C16200,700.0,0.0,0.0,0.0,10,447.0,1275.0,10,700.0,0.0,0.0,0.0,0.0,0.0,112
2023-05-11 09:48:00,CF311C16200,CF311C16200,700.0,0.0,0.0,0.0,10,454.0,1269.0,10,700.0,0.0,0.0,0.0,0.0,0.0,112
2023-05-11 09:48:01,CF311C16200,CF311C16200,700.0,0.0,0.0,0.0,10,455.0,1262.0,10,700.0,0.0,0.0,0.0,0.0,0.0,112
2023-05-11 09:48:01,CF311C16200,CF311C16200,700.0,0.0,0.0,0.0,10,461.0,1253.0,10,700.0,0.0,0.0,0.0,0.0,0.0,112
2023-05-11 09:48:02,CF311C16200,CF311C16200,700.0,0.0,0.0,0.0,10,468.0,1241.0,10,700.0,0.0,0.0,0.0,0.0,0.0,112
2023-05-11 09:48:02,CF311C16200,CF311C16200,700.0,0.0,0.0,0.0,10,469.0,1229.0,10,700.0,0.0,0.0,0.0,0.0,0.0,112
2023-05-11 09:48:03,CF311C16200,CF311C16200,700.0,0.0,0.0,0.0,10,475.0,1217.0,10,700.0,0.0,0.0,0.0,0.0,0.0,112
2023-05-11 09:48:03,CF311C16200,CF311C16200,700.0,0.0,0.0,0.0,10,482.0,1205.0,10,700.0,0.0,0.0,0.0,0.0,0.0,112
2023-05-11 09:48:04,CF311C16200,CF311C16200,700.0,0.0,0.0,0.0,10,483.0,1198.0,10,700.0,0.0,0.0,0.0,0.0,0.0,112
2023-05-11 09:48:04,CF311C16200,CF311C16200,700.0,0.0,0.0,0.0,10,489.0,1192.0,10,700.0,0.0,0.0,0.0,0.0,0.0,112
2023-05-11 09:48:05,CF311C16200,CF311C16200,700.0,0.0,0.0,0.0,10,496.0,1185.0,10,700.0,0.0,0.0,0.0,0.0,0.0,112
2023-05-11 09:48:05,CF311C16200,CF311C16200,700.0,0.0,0.0,0.0,10,497.0,1184.0,10,700.0,0.0,0.0,0.0,0.0,0.0,112
2023-05-11 09:48:05,CF311C16200,CF311C16200,700.0,0.0,0.0,0.0,10,503.0,1178.0,10,700.0,0.0,0.0,0.0,0.0,0.0,112
2023-05-11 09:48:06,CF311C16200,CF311C16200,700.0,0.0,0.0,0.0,10,510.0,1169.0,10,700.0,0.0,0.0,0.0,0.0,0.0,112
2023-05-11 09:48:07,CF311C16200,CF311C16200,700.0,0.0,0.0,0.0,10,511.0,1160.0,10,700.0,0.0,0.0,0.0,0.0,0.0,112
2023-05-11 09:48:07,CF311C16200,CF311C16200,700.0,0.0,0.0,0.0,10,517.0,1148.0,10,700.0,0.0,0.0,0.0,0.0,0.0,112
2023-05-11 09:48:08,CF311C16200,CF311C16200,700.0,0.0,0.0,0.0,10,518.0,1136.0,10,700.0,0.0,0.0,0.0,0.0,0.0,112
2023-05-11 09:48:08,CF311C16200,CF311C16200,700.0,0.0,0.0,0.0,10,518.0,1124.0,10,700.0,0.0,0.0,0.0,0.0,0.0,112
2023-05-11 09:48:09,CF311C16200,CF311C16200,700.0,0.0,0.0,0.0,10,518.0,1112.0,10,700.0,0.0,0.0,0.0,0.0,0.0,112
2023-05-11 09:48:09,CF311C16200,CF311C16200,700.0,0.0,0.0,0.0,10,518.0,1105.0,10,700.0,0.0,0.0,0.0,0.0,0.0,112
2023-05-11 09:48:10,CF311C16200,CF311C16200,700.0,0.0,0.0,0.0,10,518.0,1104.0,10,700.0,0.0,0.0,0.0,0.0,0.0,112
2023-05-11 09:48:10,CF311C16200,CF311C16200,700.0,0.0,0.0,0.0,10,518.0,1098.0,10,700.0,0.0,0.0,0.0,0.0,0.0,112
2023-05-11 09:48:11,CF311C16200,CF311C16200,700.0,0.0,0.0,0.0,10,518.0,1091.0,10,700.0,0.0,0.0,0.0,0.0,0.0,112
2023-05-11 09:48:11,CF311C16200,CF311C16200,700.0,0.0,0.0,0.0,10,518.0,1082.0,10,700.0,0.0,0.0,0.0,0.0,0.0,112
2023-05-11 09:48:12,CF311C16200,CF311C16200,700.0,0.0,0.0,0.0,10,518.0,1070.0,10,700.0,0.0,0.0,0.0,0.0,0.0,112
2023-05-11 09:48:12,CF311C16200,CF311C16200,700.0,0.0,0.0,0.0,10,518.0,1058.0,10,700.0,0.0,0.0,0.0,0.0,0.0,112
2023-05-11 09:48:13,CF311C16200,CF311C16200,700.0,0.0,0.0,0.0,10,518.0,1046.0,10,700.0,0.0,0.0,0.0,0.0,0.0,112
2023-05-11 09:48:13,CF311C16200,CF311C16200,700.0,0.0,0.0,0.0,10,518.0,1034.0,10,700.0,0.0,0.0,0.0,0.0,0.0,112
2023-05-11 09:48:14,CF311C16200,CF311C16200,700.0,0.0,0.0,0.0,10,518.0,1027.0,10,700.0,0.0,0.0,0.0,0.0,0.0,112
2023-05-11 09:48:14,CF311C16200,CF311C16200,700.0,0.0,0.0,0.0,10,518.0,1021.0,10,700.0,0.0,0.0,0.0,0.0,0.0,112
2023-05-11 09:48:15,CF311C16200,CF311C16200,700.0,0.0,0.0,0.0,10,518.0,1014.0,10,700.0,0.0,0.0,0.0,0.0,0.0,112
2023-05-11 09:48:15,CF311C16200,CF311C16200,700.0,0.0,0.0,0.0,10,518.0,1013.0,10,700.0,0.0,0.0,0.0,0.0,0.0,112
2023-05-11 09:48:15,CF311C16200,CF311C16200,700.0,0.0,0.0,0.0,10,518.0,1007.0,10,700.0,0.0,0.0,0.0,0.0,0.0,112
2023-05-11 09:48:16,CF311C16200,CF311C16200,700.0,0.0,0.0,0.0,10,518.0,998.0,10,700.0,0.0,0.0,0.0,0.0,0.0,112
2023-05-11 09:48:17,CF311C16200,CF311C16200,700.0,0.0,0.0,0.0,10,518.0,989.0,10,700.0,0.0,0.0,0.0,0.0,0.0,112
2023-05-11 09:48:17,CF311C16200,CF311C16200,700.0,0.0,0.0,0.0,10,518.0,980.0,10,700.0,0.0,0.0,0.0,0.0,0.0,112
2023-05-11 09:48:18,CF311C16200,CF311C16200,700.0,0.0,0.0,0.0,10,518.0,971.0,10,700.0,0.0,0.0,0.0,0.0,0.0,112
2023-05-11 09:48:18,CF311C16200,CF311C16200,700.0,0.0,0.0,0.0,10,518.0,962.0,10,700.0,0.0,0.0,0.0,0.0,0.0,112
2023-05-11 09:48:19,CF311C16200,CF311C16200,700.0,0.0,0.0,0.0,10,518.0,953.0,10,700.0,0.0,0.0,0.0,0.0,0.0,112
2023-05-11 09:48:19,CF311C16200,CF311C16200,700.0,0.0,0.0,0.0,10,518.0,946.0,10,700.0,0.0,0.0,0.0,0.0,0.0,112
2023-05-11 09:48:20,CF311C16200,CF311C16200,700.0,0.0,0.0,0.0,10,518.0,945.0,10,700.0,0.0,0.0,0.0,0.0,0.0,112
2023-05-11 09:48:20,CF311C16200,CF311C16200,700.0,0.0,0.0,0.0,10,518.0,939.0,10,700.0,0.0,0.0,0.0,0.0,0.0,112
2023-05-11 09:48:21,CF311C16200,CF311C16200,700.0,0.0,0.0,0.0,10,518.0,932.0,10,700.0,0.0,0.0,0.0,0.0,0.0,112
2023-05-11 09:48:21,CF311C16200,CF311C16200,700.0,0.0,0.0,0.0,10,518.0,923.0,10,700.0,0.0,0.0,0.0,0.0,0.0,112
2023-05-11 09:48:22,CF311C16200,CF311C16200,700.0,0.0,0.0,0.0,10,518.0,911.0,10,700.0,0.0,0.0,0.0,0.0,0.0,112
2023-05-11 09:48:22,CF311C16200,CF311C16200,700.0,0.0,0.0,0.0,10,518.0,899.0,10,700.0,0.0,0.0,0.0,0.0,0.0,112
2023-05-11 09:48:23,CF311C16200,CF311C16200,700.0,0.0,0.0,0.0,10,518.0,892.0,10,700.0,0.0,0.0,0.0,0.0,0.0,112
2023-05-11 09:48:23,CF311C16200,CF311C16200,700.0,0.0,0.0,0.0,10,518.0,886.0,10,700.0,0.0,0.0,0.0,0.0,0.0,112
2023-05-11 09:48:24,CF311C16200,CF311C16200,700.0,0.0,0.0,0.0,10,518.0,879.0,10,700.0,0.0,0.0,0.0,0.0,0.0,112
2023-05-11 09:48:24,CF311C16200,CF311C16200,700.0,0.0,0.0,0.0,10,518.0,878.0,10,700.0,0.0,0.0,0.0,0.0,0.0,112
2023-05-11 09:48:24,CF311C16200,CF311C16200,700.0,0.0,0.0,0.0,10,518.0,872.0,10,700.0,0.0,0.0,0.0,0.0,0.0,112
2023-05-11 09:48:25,CF311C16200,CF311C16200,700.0,0.0,0.0,0.0,10,518.0,865.0,10,700.0,0.0,0.0,0.0,0.0,0.0,112
2023-05-11 09:48:26,CF311C16200,CF311C16200,700.0,0.0,0.0,0.0,10,518.0,864.0,10,700.0,0.0,0.0,0.0,0.0,0.0,112
2023-05-11 09:48:26,CF311C16200,CF311C16200,700.0,0.0,0.0,0.0,10,518.0,858.0,10,700.0,0.0,0.0,0.0,0.0,0.0,112
2023-05-11 09:48:27,CF311C16200,CF311C16200,700.0,0.0,0.0,0.0,10,518.0,851.0,10,700.0,0.0,0.0,0.0,0.0,0.0,112
2023-05-11 09:48:27,CF311C16200,CF311C16200,700.0,0.0,0.0,0.0,10,518.0,850.0,10,700.0,0.0,0.0,0.0,0.0,0.0,112
2023-05-11 09:48:28,CF311C16200,CF311C16200,700.0,0.0,0.0,0.0,10,518.0,844.0,10,700.0,0.0,0.0,0.0,0.0,0.0,112
2023-05-11 09:48:28,CF311C16200,CF311C16200,700.0,0.0,0.0,0.0,10,518.0,837.0,10,700.0,0.0,0.0,0.0,0.0,0.0,112
2023-05-11 09:48:29,CF311C16200,CF311C16200,700.0,0.0,0.0,0.0,10,518.0,836.0,10,700.0,0.0,0.0,0.0,0.0,0.0,112
2023-05-11 09:48:29,CF311C16200,CF311C16200,700.0,0.0,0.0,0.0,10,518.0,830.0,10,700.0,0.0,0.0,0.0,0.0,0.0,112
2023-05-11 09:48:30,CF311C16200,CF311C16200,700.0,0.0,0.0,0.0,10,518.0,823.0,10,700.0,0.0,0.0,0.0,0.0,0.0,112
2023-05-11 09:48:30,CF311C16200,CF311C16200,700.0,0.0,0.0,0.0,10,518.0,822.0,10,700.0,0.0,0.0,0.0,0.0,0.0,112
2023-05-11 09:48:30,CF311C16200,CF311C16200,700.0,0.0,0.0,0.0,10,518.0,816.0,10,700.0,0.0,0.0,0.0,0.0,0.0,112
2023-05-11 09:48:31,CF311C16200,CF311C16200,700.0,0.0,0.0,0.0,10,518.0,809.0,10,700.0,0.0,0.0,0.0,0.0,0.0,112
2023-05-11 09:48:32,CF311C16200,CF311C16200,700.0,0.0,0.0,0.0,10,518.0,808.0,10,700.0,0.0,0.0,0.0,0.0,0.0,112
2023-05-11 09:48:32,CF311C16200,CF311C16200,700.0,0.0,0.0,0.0,10,518.0,802.0,10,700.0,0.0,0.0,0.0,0.0,0.0,112
2023-05-11 09:48:33,CF311C16200,CF311C16200,700.0,0.0,0.0,0.0,10,518.0,795.0,10,700.0,0.0,0.0,0.0,0.0,0.0,112
2023-05-11 09:48:33,CF311C16200,CF311C16200,700.0,0.0,0.0,0.0,10,518.0,794.0,10,700.0,0.0,0.0,0.0,0.0,0.0,112
2023-05-11 09:48:33,CF311C16200,CF311C16200,700.0,0.0,0.0,0.0,10,518.0,788.0,10,700.0,0.0,0.0,0.0,0.0,0.0,112
2023-05-11 09:48:34,CF311C16200,CF311C16200,700.0,0.0,0.0,0.0,10,518.0,781.0,10,700.0,0.0,0.0,0.0,0.0,0.0,112
2023-05-11 09:48:35,CF311C16200,CF311C16200,700.0,0.0,0.0,0.0,10,518.0,780.0,10,700.0,0.0,0.0,0.0,0.0,0.0,112
2023-05-11 09:48:35,CF311C16200,CF311C16200,700.0,0.0,0.0,0.0,10,518.0,774.0,10,700.0,0.0,0.0,0.0,0.0,0.0,112
2023-05-11 09:48:36,CF311C16200,CF311C16200,700.0,0.0,0.0,0.0,10,518.0,767.0,10,700.0,0.0,0.0,0.0,0.0,0.0,112
2023-05-11 09:48:36,CF311C16200,CF311C16200,700.0,0.0,0.0,0.0,10,518.0,766.0,10,700.0,0.0,0.0,0.0,0.0,0.0,112
2023-05-11 09:48:37,CF311C16200,CF311C16200,700.0,0.0,0.0,0.0,10,518.0,760.0,10,700.0,0.0,0.0,0.0,0.0,0.0,112
2023-05-11 09:48:37,CF311C16200,CF311C16200,700.0,0.0,0.0,0.0,10,518.0,753.0,10,700.0,0.0,0.0,0.0,0.0,0.0,112
2023-05-11 09:48:38,CF311C16200,CF311C16200,700.0,0.0,0.0,0.0,10,518.0,752.0,10,700.0,0.0,0.0,0.0,0.0,0.0,112
2023-05-11 09:48:38,CF311C16200,CF311C16200,700.0,0.0,0.0,0.0,10,518.0,746.0,10,700.0,0.0,0.0,0.0,0.0,0.0,112
2023-05-11 09:48:39,CF311C16200,CF311C16200,700.0,0.0,0.0,0.0,10,518.0,739.0,10,700.0,0.0,0.0,0.0,0.0,0.0,112
2023-05-11 09:48:39,CF311C16200,CF311C16200,700.0,0.0,0.0,0.0,10,518.0,738.0,10,700.0,0.0,0.0,0.0,0.0,0.0,112
2023-05-11 09:48:39,CF311C16200,CF311C16200,700.0,0.0,0.0,0.0,10,518.0,732.0,10,700.0,0.0,0.0,0.0,0.0,0.0,112
2023-05-11 09:48:40,CF311C16200,CF311C16200,700.0,0.0,0.0,0.0,10,518.0,725.0,10,700.0,0.0,0.0,0.0,0.0,0.0,112
2023-05-11 09:48:41,CF311C16200,CF311C16200,700.0,0.0,0.0,0.0,10,518.0,724.0,10,700.0,0.0,0.0,0.0,0.0,0.0,112
2023-05-11 09:48:41,CF311C16200,CF311C16200,700.0,0.0,0.0,0.0,10,518.0,718.0,10,700.0,0.0,0.0,0.0,0.0,0.0,112
2023-05-11 09:48:42,CF311C16200,CF311C16200,700.0,0.0,0.0,0.0,10,518.0,711.0,10,700.0,0.0,0.0,0.0,0.0,0.0,112
2023-05-11 09:48:42,CF311C16200,CF311C16200,700.0,0.0,0.0,0.0,10,518.0,710.0,10,700.0,0.0,0.0,0.0,0.0,0.0,112
2023-05-11 09:48:42,CF311C16200,CF311C16200,700.0,0.0,0.0,0.0,10,518.0,704.0,10,700.0,0.0,0.0,0.0,0.0,0.0,112
2023-05-11 09:48:43,CF311C16200,CF311C16200,700.0,0.0,0.0,0.0,10,518.0,697.0,10,700.0,0.0,0.0,0.0,0.0,0.0,112
2023-05-11 09:48:44,CF311C16200,CF311C16200,700.0,0.0,0.0,0.0,10,518.0,696.0,10,700.0,0.0,0.0,0.0,0.0,0.0,112
2023-05-11 09:48:44,CF311C16200,CF311C16200,700.0,0.0,0.0,0.0,10,518.0,690.0,10,700.0,0.0,0.0,0.0,0.0,0.0,112
2023-05-11 09:48:45,CF311C16200,CF311C16200,700.0,0.0,0.0,0.0,10,518.0,683.0,10,700.0,0.0,0.0,0.0,0.0,0.0,112
2023-05-11 09:48:46,CF311C16200,CF311C16200,700.0,0.0,0.0,0.0,10,518.0,679.0,10,700.0,0.0,0.0,0.0,0.0,0.0,112
2023-05-11 09:48:46,CF311C16200,CF311C16200,700.0,0.0,0.0,0.0,10,518.0,678.0,10,700.0,0.0,0.0,0.0,0.0,0.0,112
2023-05-11 09:50:42,CF311C16200,CF311C16200,700.0,0.0,0.0,0.0,10,519.0,678.0,10,700.0,0.0,0.0,0.0,0.0,0.0,112
2023-05-11 09:50:43,CF311C16200,CF311C16200,700.0,0.0,0.0,0.0,10,520.0,678.0,10,700.0,0.0,0.0,0.0,0.0,0.0,112
2023-05-11 09:53:11,CF311C16200,CF311C16200,700.0,0.0,0.0,0.0,10,520.0,678.0,20,700.0,0.0,0.0,0.0,0.0,0.0,112
2023-05-11 09:55:14,CF311C16200,CF311C16200,700.0,0.0,0.0,0.0,10,520.0,678.0,10,700.0,0.0,0.0,0.0,0.0,0.0,112
2023-05-11 09:55:28,CF311C16200,CF311C16200,700.0,0.0,0.0,0.0,10,520.0,678.0,20,700.0,0.0,0.0,0.0,0.0,0.0,112
2023-05-11 09:56:09,CF311C16200,CF311C16200,700.0,0.0,0.0,0.0,10,520.0,678.0,10,700.0,0.0,0.0,0.0,0.0,0.0,112
2023-05-11 09:57:23,CF311C16200,CF311C16200,700.0,0.0,0.0,0.0,10,520.0,678.0,20,700.0,0.0,0.0,0.0,0.0,0.0,112
2023-05-11 09:57:24,CF311C16200,CF311C16200,700.0,0.0,0.0,0.0,10,520.0,678.0,10,700.0,0.0,0.0,0.0,0.0,0.0,112
2023-05-11 09:57:24,CF311C16200,CF311C16200,700.0,0.0,0.0,0.0,10,520.0,678.0,20,700.0,0.0,0.0,0.0,0.0,0.0,112
2023-05-11 09:57:31,CF311C16200,CF311C16200,700.0,0.0,0.0,0.0,10,520.0,678.0,10,700.0,0.0,0.0,0.0,0.0,0.0,112
2023-05-11 09:57:33,CF311C16200,CF311C16200,700.0,0.0,0.0,0.0,10,520.0,678.0,20,700.0,0.0,0.0,0.0,0.0,0.0,112
2023-05-11 09:57:37,CF311C16200,CF311C16200,700.0,0.0,0.0,0.0,10,520.0,678.0,10,700.0,0.0,0.0,0.0,0.0,0.0,112
2023-05-11 09:57:38,CF311C16200,CF311C16200,700.0,0.0,0.0,0.0,10,520.0,678.0,20,700.0,0.0,0.0,0.0,0.0,0.0,112
2023-05-11 09:57:52,CF311C16200,CF311C16200,700.0,0.0,0.0,0.0,10,520.0,678.0,10,700.0,0.0,0.0,0.0,0.0,0.0,112
2023-05-11 09:57:52,CF311C16200,CF311C16200,700.0,0.0,0.0,0.0,10,520.0,678.0,20,700.0,0.0,0.0,0.0,0.0,0.0,112
2023-05-11 09:58:09,CF311C16200,CF311C16200,700.0,0.0,0.0,0.0,10,520.0,678.0,10,700.0,0.0,0.0,0.0,0.0,0.0,112
2023-05-11 09:58:25,CF311C16200,CF311C16200,700.0,0.0,0.0,0.0,10,520.0,678.0,20,700.0,0.0,0.0,0.0,0.0,0.0,112
2023-05-11 10:14:29,CF311C16200,CF311C16200,700.0,0.0,0.0,0.0,10,520.0,678.0,10,700.0,0.0,0.0,0.0,0.0,0.0,112
2023-05-11 10:14:33,CF311C16200,CF311C16200,700.0,0.0,0.0,0.0,1,197.0,0.0,0,700.0,0.0,0.0,0.0,0.0,0.0,112
2023-05-11 10:30:00,CF311C16200,CF311C16200,700.0,0.0,0.0,0.0,10,203.0,0.0,0,700.0,0.0,0.0,0.0,0.0,0.0,112
2023-05-11 10:30:05,CF311C16200,CF311C16200,700.0,0.0,0.0,0.0,10,204.0,0.0,0,700.0,0.0,0.0,0.0,0.0,0.0,112
2023-05-11 10:30:05,CF311C16200,CF311C16200,700.0,0.0,0.0,0.0,10,210.0,0.0,0,700.0,0.0,0.0,0.0,0.0,0.0,112
2023-05-11 10:30:06,CF311C16200,CF311C16200,700.0,0.0,0.0,0.0,10,217.0,0.0,0,700.0,0.0,0.0,0.0,0.0,0.0,112
2023-05-11 10:30:06,CF311C16200,CF311C16200,700.0,0.0,0.0,0.0,10,218.0,0.0,0,700.0,0.0,0.0,0.0,0.0,0.0,112
2023-05-11 10:30:06,CF311C16200,CF311C16200,700.0,0.0,0.0,0.0,10,224.0,0.0,0,700.0,0.0,0.0,0.0,0.0,0.0,112
2023-05-11 10:30:07,CF311C16200,CF311C16200,700.0,0.0,0.0,0.0,10,231.0,0.0,0,700.0,0.0,0.0,0.0,0.0,0.0,112
2023-05-11 10:30:08,CF311C16200,CF311C16200,700.0,0.0,0.0,0.0,10,232.0,0.0,0,700.0,0.0,0.0,0.0,0.0,0.0,112
2023-05-11 10:30:08,CF311C16200,CF311C16200,700.0,0.0,0.0,0.0,10,238.0,0.0,0,700.0,0.0,0.0,0.0,0.0,0.0,112
2023-05-11 10:30:08,CF311C16200,CF311C16200,700.0,0.0,0.0,0.0,10,232.0,0.0,0,700.0,0.0,0.0,0.0,0.0,0.0,112
2023-05-11 10:30:08,CF311C16200,CF311C16200,700.0,0.0,0.0,0.0,10,238.0,0.0,0,700.0,0.0,0.0,0.0,0.0,0.0,112
2023-05-11 10:30:09,CF311C16200,CF311C16200,700.0,0.0,0.0,0.0,10,245.0,0.0,0,700.0,0.0,0.0,0.0,0.0,0.0,112
2023-05-11 10:30:09,CF311C16200,CF311C16200,700.0,0.0,0.0,0.0,10,246.0,0.0,0,700.0,0.0,0.0,0.0,0.0,0.0,112
2023-05-11 10:30:09,CF311C16200,CF311C16200,700.0,0.0,0.0,0.0,10,252.0,0.0,0,700.0,0.0,0.0,0.0,0.0,0.0,112
2023-05-11 10:30:10,CF311C16200,CF311C16200,700.0,0.0,0.0,0.0,10,253.0,0.0,0,700.0,0.0,0.0,0.0,0.0,0.0,112
2023-05-11 10:30:10,CF311C16200,CF311C16200,700.0,0.0,0.0,0.0,10,259.0,0.0,0,700.0,0.0,0.0,0.0,0.0,0.0,112
2023-05-11 10:30:11,CF311C16200,CF311C16200,700.0,0.0,0.0,0.0,10,266.0,0.0,0,700.0,0.0,0.0,0.0,0.0,0.0,112
2023-05-11 10:30:12,CF311C16200,CF311C16200,700.0,0.0,0.0,0.0,10,267.0,0.0,0,700.0,0.0,0.0,0.0,0.0,0.0,112
2023-05-11 10:30:12,CF311C16200,CF311C16200,700.0,0.0,0.0,0.0,10,273.0,0.0,0,700.0,0.0,0.0,0.0,0.0,0.0,112
2023-05-11 10:30:13,CF311C16200,CF311C16200,700.0,0.0,0.0,0.0,10,280.0,0.0,0,700.0,0.0,0.0,0.0,0.0,0.0,112
2023-05-11 10:30:13,CF311C16200,CF311C16200,700.0,0.0,0.0,0.0,10,281.0,0.0,0,700.0,0.0,0.0,0.0,0.0,0.0,112
2023-05-11 10:30:13,CF311C16200,CF311C16200,700.0,0.0,0.0,0.0,10,287.0,0.0,0,700.0,0.0,0.0,0.0,0.0,0.0,112
2023-05-11 10:30:14,CF311C16200,CF311C16200,700.0,0.0,0.0,0.0,10,294.0,0.0,0,700.0,0.0,0.0,0.0,0.0,0.0,112
2023-05-11 10:30:15,CF311C16200,CF311C16200,700.0,0.0,0.0,0.0,10,295.0,0.0,0,700.0,0.0,0.0,0.0,0.0,0.0,112
2023-05-11 10:30:15,CF311C16200,CF311C16200,700.0,0.0,0.0,0.0,10,301.0,0.0,0,700.0,0.0,0.0,0.0,0.0,0.0,112
2023-05-11 10:30:16,CF311C16200,CF311C16200,700.0,0.0,0.0,0.0,10,308.0,0.0,0,700.0,0.0,0.0,0.0,0.0,0.0,112
2023-05-11 10:30:16,CF311C16200,CF311C16200,700.0,0.0,0.0,0.0,10,309.0,0.0,0,700.0,0.0,0.0,0.0,0.0,0.0,112
2023-05-11 10:30:16,CF311C16200,CF311C16200,700.0,0.0,0.0,0.0,10,315.0,0.0,0,700.0,0.0,0.0,0.0,0.0,0.0,112
2023-05-11 10:30:17,CF311C16200,CF311C16200,700.0,0.0,0.0,0.0,10,322.0,0.0,0,700.0,0.0,0.0,0.0,0.0,0.0,112
2023-05-11 10:30:18,CF311C16200,CF311C16200,700.0,0.0,0.0,0.0,10,323.0,0.0,0,700.0,0.0,0.0,0.0,0.0,0.0,112
2023-05-11 10:30:18,CF311C16200,CF311C16200,700.0,0.0,0.0,0.0,10,329.0,0.0,0,700.0,0.0,0.0,0.0,0.0,0.0,112
2023-05-11 10:30:19,CF311C16200,CF311C16200,700.0,0.0,0.0,0.0,10,336.0,0.0,0,700.0,0.0,0.0,0.0,0.0,0.0,112
2023-05-11 10:30:19,CF311C16200,CF311C16200,700.0,0.0,0.0,0.0,10,337.0,0.0,0,700.0,0.0,0.0,0.0,0.0,0.0,112
2023-05-11 10:30:19,CF311C16200,CF311C16200,700.0,0.0,0.0,0.0,10,343.0,0.0,0,700.0,0.0,0.0,0.0,0.0,0.0,112
2023-05-11 10:30:20,CF311C16200,CF311C16200,700.0,0.0,0.0,0.0,10,344.0,0.0,0,700.0,0.0,0.0,0.0,0.0,0.0,112
2023-05-11 10:30:20,CF311C16200,CF311C16200,700.0,0.0,0.0,0.0,10,350.0,0.0,0,700.0,0.0,0.0,0.0,0.0,0.0,112
2023-05-11 10:30:21,CF311C16200,CF311C16200,700.0,0.0,0.0,0.0,10,357.0,0.0,0,700.0,0.0,0.0,0.0,0.0,0.0,112
2023-05-11 10:30:22,CF311C16200,CF311C16200,700.0,0.0,0.0,0.0,10,358.0,0.0,0,700.0,0.0,0.0,0.0,0.0,0.0,112
2023-05-11 10:30:22,CF311C16200,CF311C16200,700.0,0.0,0.0,0.0,10,364.0,0.0,0,700.0,0.0,0.0,0.0,0.0,0.0,112
2023-05-11 10:30:23,CF311C16200,CF311C16200,700.0,0.0,0.0,0.0,10,371.0,0.0,0,700.0,0.0,0.0,0.0,0.0,0.0,112
2023-05-11 10:30:23,CF311C16200,CF311C16200,700.0,0.0,0.0,0.0,10,372.0,0.0,0,700.0,0.0,0.0,0.0,0.0,0.0,112
2023-05-11 10:30:23,CF311C16200,CF311C16200,700.0,0.0,0.0,0.0,10,378.0,0.0,0,700.0,0.0,0.0,0.0,0.0,0.0,112
2023-05-11 10:30:24,CF311C16200,CF311C16200,700.0,0.0,0.0,0.0,10,385.0,0.0,0,700.0,0.0,0.0,0.0,0.0,0.0,112
2023-05-11 10:30:25,CF311C16200,CF311C16200,700.0,0.0,0.0,0.0,10,386.0,0.0,0,700.0,0.0,0.0,0.0,0.0,0.0,112
2023-05-11 10:30:25,CF311C16200,CF311C16200,700.0,0.0,0.0,0.0,10,392.0,0.0,0,700.0,0.0,0.0,0.0,0.0,0.0,112
2023-05-11 10:30:26,CF311C16200,CF311C16200,700.0,0.0,0.0,0.0,10,399.0,0.0,0,700.0,0.0,0.0,0.0,0.0,0.0,112
2023-05-11 10:30:26,CF311C16200,CF311C16200,700.0,0.0,0.0,0.0,10,400.0,0.0,0,700.0,0.0,0.0,0.0,0.0,0.0,112
2023-05-11 10:30:26,CF311C16200,CF311C16200,700.0,0.0,0.0,0.0,10,406.0,0.0,0,700.0,0.0,0.0,0.0,0.0,0.0,112
2023-05-11 10:30:27,CF311C16200,CF311C16200,700.0,0.0,0.0,0.0,10,413.0,0.0,0,700.0,0.0,0.0,0.0,0.0,0.0,112
2023-05-11 10:30:28,CF311C16200,CF311C16200,700.0,0.0,0.0,0.0,10,414.0,0.0,0,700.0,0.0,0.0,0.0,0.0,0.0,112
2023-05-11 10:30:28,CF311C16200,CF311C16200,700.0,0.0,0.0,0.0,10,420.0,0.0,0,700.0,0.0,0.0,0.0,0.0,0.0,112
2023-05-11 10:30:29,CF311C16200,CF311C16200,700.0,0.0,0.0,0.0,10,427.0,0.0,0,700.0,0.0,0.0,0.0,0.0,0.0,112
2023-05-11 10:30:29,CF311C16200,CF311C16200,700.0,0.0,0.0,0.0,10,428.0,0.0,0,700.0,0.0,0.0,0.0,0.0,0.0,112
2023-05-11 10:30:30,CF311C16200,CF311C16200,700.0,0.0,0.0,0.0,10,434.0,1577.0,10,700.0,0.0,0.0,0.0,0.0,0.0,112
2023-05-11 10:30:30,CF311C16200,CF311C16200,700.0,0.0,0.0,0.0,10,441.0,1565.0,10,700.0,0.0,0.0,0.0,0.0,0.0,112
2023-05-11 10:30:31,CF311C16200,CF311C16200,700.0,0.0,0.0,0.0,10,442.0,1553.0,10,700.0,0.0,0.0,0.0,0.0,0.0,112
2023-05-11 10:30:31,CF311C16200,CF311C16200,700.0,0.0,0.0,0.0,10,448.0,1541.0,10,700.0,0.0,0.0,0.0,0.0,0.0,112
2023-05-11 10:30:32,CF311C16200,CF311C16200,700.0,0.0,0.0,0.0,10,455.0,1529.0,10,700.0,0.0,0.0,0.0,0.0,0.0,112
2023-05-11 10:30:32,CF311C16200,CF311C16200,700.0,0.0,0.0,0.0,10,456.0,1517.0,10,700.0,0.0,0.0,0.0,0.0,0.0,112
2023-05-11 10:30:33,CF311C16200,CF311C16200,700.0,0.0,0.0,0.0,10,462.0,1510.0,10,700.0,0.0,0.0,0.0,0.0,0.0,112
2023-05-11 10:30:33,CF311C16200,CF311C16200,700.0,0.0,0.0,0.0,10,469.0,1504.0,10,700.0,0.0,0.0,0.0,0.0,0.0,112
2023-05-11 10:30:34,CF311C16200,CF311C16200,700.0,0.0,0.0,0.0,10,470.0,1497.0,10,700.0,0.0,0.0,0.0,0.0,0.0,112
2023-05-11 10:30:34,CF311C16200,CF311C16200,700.0,0.0,0.0,0.0,10,476.0,1496.0,10,700.0,0.0,0.0,0.0,0.0,0.0,112
2023-05-11 10:30:35,CF311C16200,CF311C16200,700.0,0.0,0.0,0.0,10,483.0,1484.0,10,700.0,0.0,0.0,0.0,0.0,0.0,112
2023-05-11 10:30:35,CF311C16200,CF311C16200,700.0,0.0,0.0,0.0,10,484.0,1475.0,10,700.0,0.0,0.0,0.0,0.0,0.0,112
2023-05-11 10:30:36,CF311C16200,CF311C16200,700.0,0.0,0.0,0.0,10,490.0,1466.0,10,700.0,0.0,0.0,0.0,0.0,0.0,112
2023-05-11 10:30:36,CF311C16200,CF311C16200,700.0,0.0,0.0,0.0,10,497.0,1454.0,10,700.0,0.0,0.0,0.0,0.0,0.0,112
2023-05-11 10:30:37,CF311C16200,CF311C16200,700.0,0.0,0.0,0.0,10,498.0,1442.0,10,700.0,0.0,0.0,0.0,0.0,0.0,112
2023-05-11 10:30:37,CF311C16200,CF311C16200,700.0,0.0,0.0,0.0,10,503.0,1430.0,10,700.0,0.0,0.0,0.0,0.0,0.0,112
2023-05-11 10:30:38,CF311C16200,CF311C16200,700.0,0.0,0.0,0.0,10,504.0,1423.0,10,700.0,0.0,0.0,0.0,0.0,0.0,112
2023-05-11 10:30:38,CF311C16200,CF311C16200,700.0,0.0,0.0,0.0,10,504.0,1417.0,10,700.0,0.0,0.0,0.0,0.0,0.0,112
2023-05-11 10:30:39,CF311C16200,CF311C16200,700.0,0.0,0.0,0.0,10,504.0,1410.0,10,700.0,0.0,0.0,0.0,0.0,0.0,112
2023-05-11 10:30:39,CF311C16200,CF311C16200,700.0,0.0,0.0,0.0,10,504.0,1409.0,10,700.0,0.0,0.0,0.0,0.0,0.0,112
2023-05-11 10:30:40,CF311C16200,CF311C16200,700.0,0.0,0.0,0.0,10,504.0,1397.0,10,700.0,0.0,0.0,0.0,0.0,0.0,112
2023-05-11 10:30:40,CF311C16200,CF311C16200,700.0,0.0,0.0,0.0,10,504.0,1388.0,10,700.0,0.0,0.0,0.0,0.0,0.0,112
2023-05-11 10:30:41,CF311C16200,CF311C16200,700.0,0.0,0.0,0.0,10,504.0,1379.0,10,700.0,0.0,0.0,0.0,0.0,0.0,112
2023-05-11 10:30:41,CF311C16200,CF311C16200,700.0,0.0,0.0,0.0,10,504.0,1370.0,10,700.0,0.0,0.0,0.0,0.0,0.0,112
2023-05-11 10:30:42,CF311C16200,CF311C16200,700.0,0.0,0.0,0.0,10,504.0,1361.0,10,700.0,0.0,0.0,0.0,0.0,0.0,112
