time,symbol_id,symbol_name,last,trade_volume,trade_amount,open_interest_change,bv1,bp1,ap1,av1,yesterday_close,today_open,today_high,today_low,volume,amount,open_interest
2023-05-10 19:12:58,CF311P14000,CF311P14000,118.0,0.0,0.0,0.0,0,0.0,0.0,0,118.0,125.0,0.0,0.0,0.0,0.0,94
2023-05-10 20:59:00,CF311P14000,CF311P14000,118.0,0.0,0.0,0.0,1,1.0,0.0,0,118.0,125.0,0.0,0.0,0.0,0.0,94
2023-05-10 21:01:16,CF311P14000,CF311P14000,118.0,0.0,0.0,0.0,2,9.0,0.0,0,118.0,125.0,0.0,0.0,0.0,0.0,94
2023-05-10 21:01:17,CF311P14000,CF311P14000,118.0,0.0,0.0,0.0,1,12.0,1070.0,1,118.0,125.0,0.0,0.0,0.0,0.0,94
2023-05-10 21:02:09,CF311P14000,CF311P14000,118.0,0.0,0.0,0.0,2,20.0,1070.0,1,118.0,125.0,0.0,0.0,0.0,0.0,94
2023-05-10 21:02:11,CF311P14000,CF311P14000,118.0,0.0,0.0,0.0,1,23.0,1070.0,1,118.0,125.0,0.0,0.0,0.0,0.0,94
2023-05-10 21:02:17,CF311P14000,CF311P14000,118.0,0.0,0.0,0.0,2,24.0,1070.0,1,118.0,125.0,0.0,0.0,0.0,0.0,94
2023-05-10 21:02:29,CF311P14000,CF311P14000,118.0,0.0,0.0,0.0,2,24.0,1059.0,1,118.0,125.0,0.0,0.0,0.0,0.0,94
2023-05-10 21:02:30,CF311P14000,CF311P14000,118.0,0.0,0.0,0.0,2,24.0,1056.0,1,118.0,125.0,0.0,0.0,0.0,0.0,94
2023-05-10 21:05:37,CF311P14000,CF311P14000,118.0,0.0,0.0,0.0,2,24.0,1045.0,1,118.0,125.0,0.0,0.0,0.0,0.0,94
2023-05-10 21:05:38,CF311P14000,CF311P14000,118.0,0.0,0.0,0.0,2,24.0,1042.0,1,118.0,125.0,0.0,0.0,0.0,0.0,94
2023-05-10 21:06:22,CF311P14000,CF311P14000,118.0,0.0,0.0,0.0,2,24.0,1031.0,1,118.0,125.0,0.0,0.0,0.0,0.0,94
2023-05-10 21:06:22,CF311P14000,CF311P14000,118.0,0.0,0.0,0.0,2,24.0,1028.0,1,118.0,125.0,0.0,0.0,0.0,0.0,94
2023-05-10 21:06:45,CF311P14000,CF311P14000,118.0,0.0,0.0,0.0,2,24.0,1017.0,1,118.0,125.0,0.0,0.0,0.0,0.0,94
2023-05-10 21:06:45,CF311P14000,CF311P14000,118.0,0.0,0.0,0.0,2,24.0,1014.0,1,118.0,125.0,0.0,0.0,0.0,0.0,94
2023-05-10 21:07:18,CF311P14000,CF311P14000,118.0,0.0,0.0,0.0,2,24.0,1008.0,1,118.0,125.0,0.0,0.0,0.0,0.0,94
2023-05-10 21:07:19,CF311P14000,CF311P14000,118.0,0.0,0.0,0.0,1,27.0,1005.0,1,118.0,125.0,0.0,0.0,0.0,0.0,94
2023-05-10 21:07:20,CF311P14000,CF311P14000,118.0,0.0,0.0,0.0,2,28.0,1005.0,1,118.0,125.0,0.0,0.0,0.0,0.0,94
2023-05-10 21:07:38,CF311P14000,CF311P14000,118.0,0.0,0.0,0.0,2,28.0,1004.0,1,118.0,125.0,0.0,0.0,0.0,0.0,94
2023-05-10 21:07:38,CF311P14000,CF311P14000,118.0,0.0,0.0,0.0,2,28.0,1001.0,1,118.0,125.0,0.0,0.0,0.0,0.0,94
2023-05-10 21:07:46,CF311P14000,CF311P14000,118.0,0.0,0.0,0.0,2,28.0,1000.0,1,118.0,125.0,0.0,0.0,0.0,0.0,94
2023-05-10 21:07:46,CF311P14000,CF311P14000,118.0,0.0,0.0,0.0,2,28.0,997.0,1,118.0,125.0,0.0,0.0,0.0,0.0,94
2023-05-10 21:08:01,CF311P14000,CF311P14000,118.0,0.0,0.0,0.0,2,28.0,996.0,1,118.0,125.0,0.0,0.0,0.0,0.0,94
2023-05-10 21:08:02,CF311P14000,CF311P14000,118.0,0.0,0.0,0.0,2,28.0,993.0,1,118.0,125.0,0.0,0.0,0.0,0.0,94
2023-05-10 21:08:12,CF311P14000,CF311P14000,118.0,0.0,0.0,0.0,2,28.0,992.0,1,118.0,125.0,0.0,0.0,0.0,0.0,94
2023-05-10 21:08:12,CF311P14000,CF311P14000,118.0,0.0,0.0,0.0,2,28.0,989.0,1,118.0,125.0,0.0,0.0,0.0,0.0,94
2023-05-10 21:08:20,CF311P14000,CF311P14000,118.0,0.0,0.0,0.0,2,28.0,988.0,1,118.0,125.0,0.0,0.0,0.0,0.0,94
2023-05-10 21:08:20,CF311P14000,CF311P14000,118.0,0.0,0.0,0.0,2,28.0,985.0,1,118.0,125.0,0.0,0.0,0.0,0.0,94
2023-05-10 21:08:28,CF311P14000,CF311P14000,118.0,0.0,0.0,0.0,2,28.0,984.0,1,118.0,125.0,0.0,0.0,0.0,0.0,94
2023-05-10 21:08:28,CF311P14000,CF311P14000,118.0,0.0,0.0,0.0,2,28.0,981.0,1,118.0,125.0,0.0,0.0,0.0,0.0,94
2023-05-10 21:08:41,CF311P14000,CF311P14000,118.0,0.0,0.0,0.0,2,28.0,980.0,1,118.0,125.0,0.0,0.0,0.0,0.0,94
2023-05-10 21:08:41,CF311P14000,CF311P14000,118.0,0.0,0.0,0.0,2,28.0,977.0,1,118.0,125.0,0.0,0.0,0.0,0.0,94
2023-05-10 21:08:46,CF311P14000,CF311P14000,118.0,0.0,0.0,0.0,2,28.0,976.0,1,118.0,125.0,0.0,0.0,0.0,0.0,94
2023-05-10 21:08:46,CF311P14000,CF311P14000,118.0,0.0,0.0,0.0,2,28.0,973.0,1,118.0,125.0,0.0,0.0,0.0,0.0,94
2023-05-10 21:08:57,CF311P14000,CF311P14000,118.0,0.0,0.0,0.0,2,28.0,972.0,1,118.0,125.0,0.0,0.0,0.0,0.0,94
2023-05-10 21:08:57,CF311P14000,CF311P14000,118.0,0.0,0.0,0.0,2,28.0,969.0,1,118.0,125.0,0.0,0.0,0.0,0.0,94
2023-05-10 21:09:03,CF311P14000,CF311P14000,118.0,0.0,0.0,0.0,2,28.0,968.0,1,118.0,125.0,0.0,0.0,0.0,0.0,94
2023-05-10 21:09:04,CF311P14000,CF311P14000,118.0,0.0,0.0,0.0,2,28.0,965.0,1,118.0,125.0,0.0,0.0,0.0,0.0,94
2023-05-10 21:09:08,CF311P14000,CF311P14000,118.0,0.0,0.0,0.0,2,28.0,964.0,1,118.0,125.0,0.0,0.0,0.0,0.0,94
2023-05-10 21:09:09,CF311P14000,CF311P14000,118.0,0.0,0.0,0.0,2,28.0,961.0,1,118.0,125.0,0.0,0.0,0.0,0.0,94
2023-05-10 21:09:14,CF311P14000,CF311P14000,118.0,0.0,0.0,0.0,2,28.0,960.0,1,118.0,125.0,0.0,0.0,0.0,0.0,94
2023-05-10 21:09:14,CF311P14000,CF311P14000,118.0,0.0,0.0,0.0,2,28.0,957.0,1,118.0,125.0,0.0,0.0,0.0,0.0,94
2023-05-10 21:09:20,CF311P14000,CF311P14000,118.0,0.0,0.0,0.0,2,28.0,956.0,1,118.0,125.0,0.0,0.0,0.0,0.0,94
2023-05-10 21:09:21,CF311P14000,CF311P14000,118.0,0.0,0.0,0.0,2,28.0,953.0,1,118.0,125.0,0.0,0.0,0.0,0.0,94
2023-05-10 21:09:27,CF311P14000,CF311P14000,118.0,0.0,0.0,0.0,2,28.0,952.0,1,118.0,125.0,0.0,0.0,0.0,0.0,94
2023-05-10 21:09:28,CF311P14000,CF311P14000,118.0,0.0,0.0,0.0,2,28.0,949.0,1,118.0,125.0,0.0,0.0,0.0,0.0,94
2023-05-10 21:09:34,CF311P14000,CF311P14000,118.0,0.0,0.0,0.0,2,28.0,948.0,1,118.0,125.0,0.0,0.0,0.0,0.0,94
2023-05-10 21:09:34,CF311P14000,CF311P14000,118.0,0.0,0.0,0.0,2,28.0,945.0,1,118.0,125.0,0.0,0.0,0.0,0.0,94
2023-05-10 21:09:40,CF311P14000,CF311P14000,118.0,0.0,0.0,0.0,2,28.0,944.0,1,118.0,125.0,0.0,0.0,0.0,0.0,94
2023-05-10 21:09:40,CF311P14000,CF311P14000,118.0,0.0,0.0,0.0,2,28.0,941.0,1,118.0,125.0,0.0,0.0,0.0,0.0,94
2023-05-10 21:09:44,CF311P14000,CF311P14000,118.0,0.0,0.0,0.0,2,28.0,940.0,1,118.0,125.0,0.0,0.0,0.0,0.0,94
2023-05-10 21:09:45,CF311P14000,CF311P14000,118.0,0.0,0.0,0.0,2,28.0,937.0,1,118.0,125.0,0.0,0.0,0.0,0.0,94
2023-05-10 21:09:48,CF311P14000,CF311P14000,118.0,0.0,0.0,0.0,2,28.0,936.0,1,118.0,125.0,0.0,0.0,0.0,0.0,94
2023-05-10 21:09:48,CF311P14000,CF311P14000,118.0,0.0,0.0,0.0,2,28.0,933.0,1,118.0,125.0,0.0,0.0,0.0,0.0,94
2023-05-10 21:09:52,CF311P14000,CF311P14000,118.0,0.0,0.0,0.0,2,28.0,932.0,1,118.0,125.0,0.0,0.0,0.0,0.0,94
2023-05-10 21:09:53,CF311P14000,CF311P14000,118.0,0.0,0.0,0.0,2,28.0,929.0,1,118.0,125.0,0.0,0.0,0.0,0.0,94
2023-05-10 21:09:59,CF311P14000,CF311P14000,118.0,0.0,0.0,0.0,2,28.0,928.0,1,118.0,125.0,0.0,0.0,0.0,0.0,94
2023-05-10 21:09:59,CF311P14000,CF311P14000,118.0,0.0,0.0,0.0,2,28.0,925.0,1,118.0,125.0,0.0,0.0,0.0,0.0,94
2023-05-10 21:10:03,CF311P14000,CF311P14000,118.0,0.0,0.0,0.0,2,28.0,924.0,1,118.0,125.0,0.0,0.0,0.0,0.0,94
2023-05-10 21:10:04,CF311P14000,CF311P14000,118.0,0.0,0.0,0.0,2,28.0,921.0,1,118.0,125.0,0.0,0.0,0.0,0.0,94
2023-05-10 21:10:11,CF311P14000,CF311P14000,118.0,0.0,0.0,0.0,2,28.0,920.0,1,118.0,125.0,0.0,0.0,0.0,0.0,94
2023-05-10 21:10:11,CF311P14000,CF311P14000,118.0,0.0,0.0,0.0,2,28.0,917.0,1,118.0,125.0,0.0,0.0,0.0,0.0,94
2023-05-10 21:10:27,CF311P14000,CF311P14000,118.0,0.0,0.0,0.0,2,28.0,916.0,1,118.0,125.0,0.0,0.0,0.0,0.0,94
2023-05-10 21:10:27,CF311P14000,CF311P14000,118.0,0.0,0.0,0.0,2,28.0,913.0,1,118.0,125.0,0.0,0.0,0.0,0.0,94
2023-05-10 21:10:34,CF311P14000,CF311P14000,118.0,0.0,0.0,0.0,2,28.0,912.0,1,118.0,125.0,0.0,0.0,0.0,0.0,94
2023-05-10 21:10:34,CF311P14000,CF311P14000,118.0,0.0,0.0,0.0,2,28.0,909.0,1,118.0,125.0,0.0,0.0,0.0,0.0,94
2023-05-10 21:10:41,CF311P14000,CF311P14000,118.0,0.0,0.0,0.0,2,28.0,908.0,1,118.0,125.0,0.0,0.0,0.0,0.0,94
2023-05-10 21:10:41,CF311P14000,CF311P14000,118.0,0.0,0.0,0.0,2,28.0,905.0,1,118.0,125.0,0.0,0.0,0.0,0.0,94
2023-05-10 21:10:46,CF311P14000,CF311P14000,118.0,0.0,0.0,0.0,2,28.0,904.0,1,118.0,125.0,0.0,0.0,0.0,0.0,94
2023-05-10 21:10:46,CF311P14000,CF311P14000,118.0,0.0,0.0,0.0,2,28.0,901.0,1,118.0,125.0,0.0,0.0,0.0,0.0,94
2023-05-10 21:10:53,CF311P14000,CF311P14000,118.0,0.0,0.0,0.0,2,28.0,900.0,1,118.0,125.0,0.0,0.0,0.0,0.0,94
2023-05-10 21:10:53,CF311P14000,CF311P14000,118.0,0.0,0.0,0.0,2,28.0,897.0,1,118.0,125.0,0.0,0.0,0.0,0.0,94
2023-05-10 21:10:58,CF311P14000,CF311P14000,118.0,0.0,0.0,0.0,2,28.0,896.0,1,118.0,125.0,0.0,0.0,0.0,0.0,94
2023-05-10 21:10:58,CF311P14000,CF311P14000,118.0,0.0,0.0,0.0,2,28.0,893.0,1,118.0,125.0,0.0,0.0,0.0,0.0,94
2023-05-10 21:11:07,CF311P14000,CF311P14000,118.0,0.0,0.0,0.0,2,28.0,892.0,1,118.0,125.0,0.0,0.0,0.0,0.0,94
2023-05-10 21:11:07,CF311P14000,CF311P14000,118.0,0.0,0.0,0.0,2,28.0,889.0,1,118.0,125.0,0.0,0.0,0.0,0.0,94
2023-05-10 21:11:16,CF311P14000,CF311P14000,118.0,0.0,0.0,0.0,2,28.0,888.0,1,118.0,125.0,0.0,0.0,0.0,0.0,94
2023-05-10 21:11:16,CF311P14000,CF311P14000,118.0,0.0,0.0,0.0,2,28.0,885.0,1,118.0,125.0,0.0,0.0,0.0,0.0,94
2023-05-10 21:11:23,CF311P14000,CF311P14000,118.0,0.0,0.0,0.0,2,28.0,884.0,1,118.0,125.0,0.0,0.0,0.0,0.0,94
2023-05-10 21:11:23,CF311P14000,CF311P14000,118.0,0.0,0.0,0.0,2,28.0,881.0,1,118.0,125.0,0.0,0.0,0.0,0.0,94
2023-05-10 21:11:31,CF311P14000,CF311P14000,118.0,0.0,0.0,0.0,2,28.0,880.0,1,118.0,125.0,0.0,0.0,0.0,0.0,94
2023-05-10 21:11:31,CF311P14000,CF311P14000,118.0,0.0,0.0,0.0,2,28.0,877.0,1,118.0,125.0,0.0,0.0,0.0,0.0,94
2023-05-10 21:11:35,CF311P14000,CF311P14000,118.0,0.0,0.0,0.0,2,28.0,876.0,1,118.0,125.0,0.0,0.0,0.0,0.0,94
2023-05-10 21:11:35,CF311P14000,CF311P14000,118.0,0.0,0.0,0.0,2,28.0,873.0,1,118.0,125.0,0.0,0.0,0.0,0.0,94
2023-05-10 21:11:45,CF311P14000,CF311P14000,118.0,0.0,0.0,0.0,2,28.0,872.0,1,118.0,125.0,0.0,0.0,0.0,0.0,94
2023-05-10 21:11:45,CF311P14000,CF311P14000,118.0,0.0,0.0,0.0,2,28.0,869.0,1,118.0,125.0,0.0,0.0,0.0,0.0,94
2023-05-10 21:11:50,CF311P14000,CF311P14000,118.0,0.0,0.0,0.0,2,28.0,868.0,1,118.0,125.0,0.0,0.0,0.0,0.0,94
2023-05-10 21:11:50,CF311P14000,CF311P14000,118.0,0.0,0.0,0.0,2,28.0,865.0,1,118.0,125.0,0.0,0.0,0.0,0.0,94
2023-05-10 21:11:55,CF311P14000,CF311P14000,118.0,0.0,0.0,0.0,2,28.0,864.0,1,118.0,125.0,0.0,0.0,0.0,0.0,94
2023-05-10 21:11:55,CF311P14000,CF311P14000,118.0,0.0,0.0,0.0,2,28.0,861.0,1,118.0,125.0,0.0,0.0,0.0,0.0,94
2023-05-10 21:12:01,CF311P14000,CF311P14000,118.0,0.0,0.0,0.0,2,28.0,860.0,1,118.0,125.0,0.0,0.0,0.0,0.0,94
2023-05-10 21:12:01,CF311P14000,CF311P14000,118.0,0.0,0.0,0.0,2,28.0,857.0,1,118.0,125.0,0.0,0.0,0.0,0.0,94
2023-05-10 21:12:07,CF311P14000,CF311P14000,118.0,0.0,0.0,0.0,2,28.0,856.0,1,118.0,125.0,0.0,0.0,0.0,0.0,94
2023-05-10 21:12:07,CF311P14000,CF311P14000,118.0,0.0,0.0,0.0,2,28.0,853.0,1,118.0,125.0,0.0,0.0,0.0,0.0,94
2023-05-10 21:12:16,CF311P14000,CF311P14000,118.0,0.0,0.0,0.0,2,28.0,852.0,1,118.0,125.0,0.0,0.0,0.0,0.0,94
2023-05-10 21:12:16,CF311P14000,CF311P14000,118.0,0.0,0.0,0.0,2,28.0,849.0,1,118.0,125.0,0.0,0.0,0.0,0.0,94
2023-05-10 21:12:21,CF311P14000,CF311P14000,118.0,0.0,0.0,0.0,2,28.0,848.0,1,118.0,125.0,0.0,0.0,0.0,0.0,94
2023-05-10 21:12:21,CF311P14000,CF311P14000,118.0,0.0,0.0,0.0,2,28.0,845.0,1,118.0,125.0,0.0,0.0,0.0,0.0,94
2023-05-10 21:12:27,CF311P14000,CF311P14000,118.0,0.0,0.0,0.0,2,28.0,844.0,1,118.0,125.0,0.0,0.0,0.0,0.0,94
2023-05-10 21:12:28,CF311P14000,CF311P14000,118.0,0.0,0.0,0.0,2,28.0,841.0,1,118.0,125.0,0.0,0.0,0.0,0.0,94
2023-05-10 21:12:31,CF311P14000,CF311P14000,118.0,0.0,0.0,0.0,2,28.0,840.0,1,118.0,125.0,0.0,0.0,0.0,0.0,94
2023-05-10 21:12:31,CF311P14000,CF311P14000,118.0,0.0,0.0,0.0,2,28.0,837.0,1,118.0,125.0,0.0,0.0,0.0,0.0,94
2023-05-10 21:12:36,CF311P14000,CF311P14000,118.0,0.0,0.0,0.0,2,28.0,836.0,1,118.0,125.0,0.0,0.0,0.0,0.0,94
2023-05-10 21:12:36,CF311P14000,CF311P14000,118.0,0.0,0.0,0.0,2,28.0,833.0,1,118.0,125.0,0.0,0.0,0.0,0.0,94
2023-05-10 21:12:41,CF311P14000,CF311P14000,118.0,0.0,0.0,0.0,2,28.0,832.0,1,118.0,125.0,0.0,0.0,0.0,0.0,94
2023-05-10 21:12:42,CF311P14000,CF311P14000,118.0,0.0,0.0,0.0,2,28.0,829.0,1,118.0,125.0,0.0,0.0,0.0,0.0,94
2023-05-10 22:25:27,CF311P14000,CF311P14000,118.0,0.0,0.0,0.0,1,31.0,829.0,1,118.0,125.0,0.0,0.0,0.0,0.0,94
2023-05-10 22:25:28,CF311P14000,CF311P14000,118.0,0.0,0.0,0.0,2,32.0,829.0,1,118.0,125.0,0.0,0.0,0.0,0.0,94
2023-05-10 22:26:53,CF311P14000,CF311P14000,118.0,0.0,0.0,0.0,3,123.0,137.0,3,118.0,125.0,0.0,0.0,0.0,0.0,94
2023-05-10 22:26:54,CF311P14000,CF311P14000,118.0,0.0,0.0,0.0,12,123.0,137.0,12,118.0,125.0,0.0,0.0,0.0,0.0,94
2023-05-10 22:26:55,CF311P14000,CF311P14000,118.0,0.0,0.0,0.0,21,123.0,137.0,21,118.0,125.0,0.0,0.0,0.0,0.0,94
2023-05-10 22:26:56,CF311P14000,CF311P14000,118.0,0.0,0.0,0.0,3,124.0,137.0,21,118.0,125.0,0.0,0.0,0.0,0.0,94
2023-05-10 22:26:57,CF311P14000,CF311P14000,118.0,0.0,0.0,0.0,3,124.0,125.0,3,118.0,125.0,0.0,0.0,0.0,0.0,94
2023-05-10 22:27:00,CF311P14000,CF311P14000,125.0,3.0,375.0,0.0,6,124.0,125.0,3,118.0,125.0,125.0,125.0,3.0,375.0,94
2023-05-10 22:27:05,CF311P14000,CF311P14000,125.0,0.0,0.0,0.0,9,124.0,125.0,3,118.0,125.0,125.0,125.0,3.0,375.0,94
2023-05-10 22:27:08,CF311P14000,CF311P14000,125.0,0.0,0.0,0.0,6,124.0,125.0,3,118.0,125.0,125.0,125.0,3.0,375.0,94
2023-05-10 22:27:11,CF311P14000,CF311P14000,125.0,0.0,0.0,0.0,3,124.0,126.0,6,118.0,125.0,125.0,125.0,3.0,375.0,94
2023-05-10 22:27:13,CF311P14000,CF311P14000,125.0,0.0,0.0,0.0,3,124.0,126.0,3,118.0,125.0,125.0,125.0,3.0,375.0,94
2023-05-10 22:27:15,CF311P14000,CF311P14000,125.0,0.0,0.0,0.0,3,124.0,127.0,3,118.0,125.0,125.0,125.0,3.0,375.0,94
2023-05-10 22:27:16,CF311P14000,CF311P14000,125.0,0.0,0.0,0.0,10,10.0,0.0,0,118.0,125.0,125.0,125.0,3.0,375.0,94
2023-05-10 22:27:16,CF311P14000,CF311P14000,125.0,0.0,0.0,0.0,2,18.0,1070.0,1,118.0,125.0,125.0,125.0,3.0,375.0,94
2023-05-10 22:27:17,CF311P14000,CF311P14000,125.0,0.0,0.0,0.0,1,21.0,1069.0,1,118.0,125.0,125.0,125.0,3.0,375.0,94
2023-05-10 22:27:17,CF311P14000,CF311P14000,125.0,0.0,0.0,0.0,1,22.0,1066.0,1,118.0,125.0,125.0,125.0,3.0,375.0,94
2023-05-10 22:27:18,CF311P14000,CF311P14000,125.0,0.0,0.0,0.0,1,25.0,1065.0,1,118.0,125.0,125.0,125.0,3.0,375.0,94
2023-05-10 22:27:18,CF311P14000,CF311P14000,125.0,0.0,0.0,0.0,1,26.0,1062.0,1,118.0,125.0,125.0,125.0,3.0,375.0,94
2023-05-10 22:27:19,CF311P14000,CF311P14000,125.0,0.0,0.0,0.0,1,29.0,1061.0,1,118.0,125.0,125.0,125.0,3.0,375.0,94
2023-05-10 22:27:19,CF311P14000,CF311P14000,125.0,0.0,0.0,0.0,1,30.0,1058.0,1,118.0,125.0,125.0,125.0,3.0,375.0,94
2023-05-10 22:27:20,CF311P14000,CF311P14000,125.0,0.0,0.0,0.0,1,33.0,1057.0,1,118.0,125.0,125.0,125.0,3.0,375.0,94
2023-05-10 22:27:20,CF311P14000,CF311P14000,125.0,0.0,0.0,0.0,1,34.0,1054.0,1,118.0,125.0,125.0,125.0,3.0,375.0,94
2023-05-10 22:27:21,CF311P14000,CF311P14000,125.0,0.0,0.0,0.0,1,34.0,1053.0,1,118.0,125.0,125.0,125.0,3.0,375.0,94
2023-05-10 22:27:21,CF311P14000,CF311P14000,125.0,0.0,0.0,0.0,1,34.0,1050.0,1,118.0,125.0,125.0,125.0,3.0,375.0,94
2023-05-10 22:27:22,CF311P14000,CF311P14000,125.0,0.0,0.0,0.0,1,34.0,1049.0,1,118.0,125.0,125.0,125.0,3.0,375.0,94
2023-05-10 22:27:22,CF311P14000,CF311P14000,125.0,0.0,0.0,0.0,1,34.0,1046.0,1,118.0,125.0,125.0,125.0,3.0,375.0,94
2023-05-10 22:27:23,CF311P14000,CF311P14000,125.0,0.0,0.0,0.0,1,34.0,1045.0,1,118.0,125.0,125.0,125.0,3.0,375.0,94
2023-05-10 22:27:23,CF311P14000,CF311P14000,125.0,0.0,0.0,0.0,1,34.0,1042.0,1,118.0,125.0,125.0,125.0,3.0,375.0,94
2023-05-10 22:27:24,CF311P14000,CF311P14000,125.0,0.0,0.0,0.0,1,34.0,1041.0,1,118.0,125.0,125.0,125.0,3.0,375.0,94
2023-05-10 22:27:24,CF311P14000,CF311P14000,125.0,0.0,0.0,0.0,1,34.0,1038.0,1,118.0,125.0,125.0,125.0,3.0,375.0,94
2023-05-10 22:27:25,CF311P14000,CF311P14000,125.0,0.0,0.0,0.0,1,34.0,1037.0,1,118.0,125.0,125.0,125.0,3.0,375.0,94
2023-05-10 22:27:25,CF311P14000,CF311P14000,125.0,0.0,0.0,0.0,1,34.0,1034.0,1,118.0,125.0,125.0,125.0,3.0,375.0,94
2023-05-10 22:27:26,CF311P14000,CF311P14000,125.0,0.0,0.0,0.0,1,34.0,1033.0,1,118.0,125.0,125.0,125.0,3.0,375.0,94
2023-05-10 22:27:26,CF311P14000,CF311P14000,125.0,0.0,0.0,0.0,1,34.0,1030.0,1,118.0,125.0,125.0,125.0,3.0,375.0,94
2023-05-10 22:27:27,CF311P14000,CF311P14000,125.0,0.0,0.0,0.0,1,34.0,1029.0,1,118.0,125.0,125.0,125.0,3.0,375.0,94
2023-05-10 22:27:27,CF311P14000,CF311P14000,125.0,0.0,0.0,0.0,1,34.0,1026.0,1,118.0,125.0,125.0,125.0,3.0,375.0,94
2023-05-10 22:27:28,CF311P14000,CF311P14000,125.0,0.0,0.0,0.0,1,34.0,1025.0,1,118.0,125.0,125.0,125.0,3.0,375.0,94
2023-05-10 22:27:28,CF311P14000,CF311P14000,125.0,0.0,0.0,0.0,1,34.0,1022.0,1,118.0,125.0,125.0,125.0,3.0,375.0,94
2023-05-10 22:27:29,CF311P14000,CF311P14000,125.0,0.0,0.0,0.0,1,34.0,1021.0,1,118.0,125.0,125.0,125.0,3.0,375.0,94
2023-05-10 22:27:29,CF311P14000,CF311P14000,125.0,0.0,0.0,0.0,1,34.0,1018.0,1,118.0,125.0,125.0,125.0,3.0,375.0,94
2023-05-10 22:27:30,CF311P14000,CF311P14000,125.0,0.0,0.0,0.0,1,34.0,1017.0,1,118.0,125.0,125.0,125.0,3.0,375.0,94
2023-05-10 22:27:30,CF311P14000,CF311P14000,125.0,0.0,0.0,0.0,1,34.0,1014.0,1,118.0,125.0,125.0,125.0,3.0,375.0,94
2023-05-10 22:27:40,CF311P14000,CF311P14000,125.0,0.0,0.0,0.0,1,34.0,1013.0,1,118.0,125.0,125.0,125.0,3.0,375.0,94
2023-05-10 22:27:40,CF311P14000,CF311P14000,125.0,0.0,0.0,0.0,1,34.0,1010.0,1,118.0,125.0,125.0,125.0,3.0,375.0,94
2023-05-10 22:27:50,CF311P14000,CF311P14000,125.0,0.0,0.0,0.0,1,34.0,1009.0,1,118.0,125.0,125.0,125.0,3.0,375.0,94
2023-05-10 22:27:50,CF311P14000,CF311P14000,125.0,0.0,0.0,0.0,1,34.0,1006.0,1,118.0,125.0,125.0,125.0,3.0,375.0,94
2023-05-10 22:28:00,CF311P14000,CF311P14000,125.0,0.0,0.0,0.0,1,34.0,1005.0,1,118.0,125.0,125.0,125.0,3.0,375.0,94
2023-05-10 22:28:00,CF311P14000,CF311P14000,125.0,0.0,0.0,0.0,1,34.0,1002.0,1,118.0,125.0,125.0,125.0,3.0,375.0,94
2023-05-10 22:28:09,CF311P14000,CF311P14000,125.0,0.0,0.0,0.0,2,42.0,1002.0,1,118.0,125.0,125.0,125.0,3.0,375.0,94
2023-05-10 22:28:10,CF311P14000,CF311P14000,125.0,0.0,0.0,0.0,2,42.0,1001.0,1,118.0,125.0,125.0,125.0,3.0,375.0,94
2023-05-10 22:28:10,CF311P14000,CF311P14000,125.0,0.0,0.0,0.0,2,42.0,998.0,1,118.0,125.0,125.0,125.0,3.0,375.0,94
2023-05-10 22:28:20,CF311P14000,CF311P14000,125.0,0.0,0.0,0.0,2,42.0,997.0,1,118.0,125.0,125.0,125.0,3.0,375.0,94
2023-05-10 22:28:20,CF311P14000,CF311P14000,125.0,0.0,0.0,0.0,2,42.0,994.0,1,118.0,125.0,125.0,125.0,3.0,375.0,94
2023-05-10 22:28:30,CF311P14000,CF311P14000,125.0,0.0,0.0,0.0,2,42.0,993.0,1,118.0,125.0,125.0,125.0,3.0,375.0,94
2023-05-10 22:28:30,CF311P14000,CF311P14000,125.0,0.0,0.0,0.0,2,42.0,990.0,1,118.0,125.0,125.0,125.0,3.0,375.0,94
2023-05-10 22:28:40,CF311P14000,CF311P14000,125.0,0.0,0.0,0.0,2,42.0,989.0,1,118.0,125.0,125.0,125.0,3.0,375.0,94
2023-05-10 22:28:40,CF311P14000,CF311P14000,125.0,0.0,0.0,0.0,2,42.0,986.0,1,118.0,125.0,125.0,125.0,3.0,375.0,94
2023-05-10 22:28:51,CF311P14000,CF311P14000,125.0,0.0,0.0,0.0,2,42.0,985.0,1,118.0,125.0,125.0,125.0,3.0,375.0,94
2023-05-10 22:28:51,CF311P14000,CF311P14000,125.0,0.0,0.0,0.0,2,42.0,982.0,1,118.0,125.0,125.0,125.0,3.0,375.0,94
2023-05-10 22:29:01,CF311P14000,CF311P14000,125.0,0.0,0.0,0.0,2,42.0,981.0,1,118.0,125.0,125.0,125.0,3.0,375.0,94
2023-05-10 22:29:01,CF311P14000,CF311P14000,125.0,0.0,0.0,0.0,2,42.0,978.0,1,118.0,125.0,125.0,125.0,3.0,375.0,94
2023-05-10 22:29:13,CF311P14000,CF311P14000,125.0,0.0,0.0,0.0,2,42.0,977.0,1,118.0,125.0,125.0,125.0,3.0,375.0,94
2023-05-10 22:29:13,CF311P14000,CF311P14000,125.0,0.0,0.0,0.0,2,42.0,974.0,1,118.0,125.0,125.0,125.0,3.0,375.0,94
2023-05-10 22:36:40,CF311P14000,CF311P14000,125.0,0.0,0.0,0.0,3,121.0,135.0,3,118.0,125.0,125.0,125.0,3.0,375.0,94
2023-05-10 22:36:41,CF311P14000,CF311P14000,125.0,0.0,0.0,0.0,12,121.0,135.0,12,118.0,125.0,125.0,125.0,3.0,375.0,94
2023-05-10 22:36:42,CF311P14000,CF311P14000,125.0,0.0,0.0,0.0,18,121.0,135.0,18,118.0,125.0,125.0,125.0,3.0,375.0,94
2023-05-10 22:36:42,CF311P14000,CF311P14000,125.0,0.0,0.0,0.0,21,121.0,135.0,21,118.0,125.0,125.0,125.0,3.0,375.0,94
2023-05-10 22:36:42,CF311P14000,CF311P14000,125.0,0.0,0.0,0.0,3,122.0,135.0,21,118.0,125.0,125.0,125.0,3.0,375.0,94
2023-05-10 22:36:46,CF311P14000,CF311P14000,125.0,0.0,0.0,0.0,6,122.0,135.0,24,118.0,125.0,125.0,125.0,3.0,375.0,94
2023-05-10 22:36:47,CF311P14000,CF311P14000,125.0,0.0,0.0,0.0,9,122.0,132.0,3,118.0,125.0,125.0,125.0,3.0,375.0,94
2023-05-10 22:36:47,CF311P14000,CF311P14000,125.0,0.0,0.0,0.0,9,123.0,132.0,6,118.0,125.0,125.0,125.0,3.0,375.0,94
2023-05-10 22:36:48,CF311P14000,CF311P14000,125.0,0.0,0.0,0.0,12,123.0,132.0,6,118.0,125.0,125.0,125.0,3.0,375.0,94
2023-05-10 22:36:49,CF311P14000,CF311P14000,123.0,3.0,369.0,0.0,9,123.0,132.0,6,118.0,125.0,125.0,123.0,6.0,744.0,94
2023-05-10 22:36:52,CF311P14000,CF311P14000,123.0,0.0,0.0,0.0,12,123.0,132.0,9,118.0,125.0,125.0,123.0,6.0,744.0,94
2023-05-10 22:36:58,CF311P14000,CF311P14000,123.0,0.0,0.0,0.0,12,123.0,132.0,6,118.0,125.0,125.0,123.0,6.0,744.0,94
2023-05-10 22:36:58,CF311P14000,CF311P14000,123.0,0.0,0.0,0.0,6,123.0,132.0,3,118.0,125.0,125.0,123.0,6.0,744.0,94
2023-05-10 22:37:00,CF311P14000,CF311P14000,123.0,0.0,0.0,0.0,3,123.0,132.0,3,118.0,125.0,125.0,123.0,6.0,744.0,94
2023-05-10 22:37:03,CF311P14000,CF311P14000,123.0,0.0,0.0,0.0,3,120.0,134.0,3,118.0,125.0,125.0,123.0,6.0,744.0,94
2023-05-10 22:37:04,CF311P14000,CF311P14000,123.0,0.0,0.0,0.0,1,34.0,977.0,1,118.0,125.0,125.0,123.0,6.0,744.0,94
2023-05-10 22:37:05,CF311P14000,CF311P14000,123.0,0.0,0.0,0.0,1,34.0,974.0,1,118.0,125.0,125.0,123.0,6.0,744.0,94
2023-05-10 22:37:49,CF311P14000,CF311P14000,123.0,0.0,0.0,0.0,1,123.0,974.0,1,118.0,125.0,125.0,123.0,6.0,744.0,94
2023-05-10 22:37:51,CF311P14000,CF311P14000,123.0,1.0,124.0,0.0,3,113.0,123.0,2,118.0,125.0,125.0,123.0,7.0,868.0,94
2023-05-10 22:37:51,CF311P14000,CF311P14000,123.0,0.0,0.0,0.0,3,122.0,123.0,2,118.0,125.0,125.0,123.0,7.0,868.0,94
2023-05-10 22:37:58,CF311P14000,CF311P14000,123.0,3.0,372.0,1.0,6,122.0,123.0,2,118.0,125.0,125.0,123.0,10.0,1240.0,95
2023-05-10 22:38:03,CF311P14000,CF311P14000,123.0,0.0,0.0,0.0,3,122.0,123.0,2,118.0,125.0,125.0,123.0,10.0,1240.0,95
2023-05-10 22:38:09,CF311P14000,CF311P14000,123.0,0.0,0.0,0.0,3,121.0,124.0,6,118.0,125.0,125.0,123.0,10.0,1240.0,95
2023-05-10 22:38:11,CF311P14000,CF311P14000,123.0,0.0,0.0,0.0,3,120.0,125.0,3,118.0,125.0,125.0,123.0,10.0,1240.0,95
2023-05-10 22:38:13,CF311P14000,CF311P14000,123.0,0.0,0.0,0.0,3,117.0,128.0,3,118.0,125.0,125.0,123.0,10.0,1240.0,95
2023-05-10 22:38:15,CF311P14000,CF311P14000,123.0,0.0,0.0,0.0,1,34.0,977.0,1,118.0,125.0,125.0,123.0,10.0,1240.0,95
2023-05-10 22:38:16,CF311P14000,CF311P14000,123.0,0.0,0.0,0.0,1,34.0,974.0,1,118.0,125.0,125.0,123.0,10.0,1240.0,95
2023-05-10 22:39:00,CF311P14000,CF311P14000,123.0,0.0,0.0,0.0,1,34.0,125.0,1,118.0,125.0,125.0,123.0,10.0,1240.0,95
2023-05-10 22:39:02,CF311P14000,CF311P14000,123.0,0.0,0.0,0.0,3,121.0,125.0,1,118.0,125.0,125.0,123.0,10.0,1240.0,95
2023-05-10 22:39:06,CF311P14000,CF311P14000,123.0,0.0,0.0,0.0,3,121.0,123.0,3,118.0,125.0,125.0,123.0,10.0,1240.0,95
2023-05-10 22:39:07,CF311P14000,CF311P14000,123.0,0.0,0.0,0.0,6,121.0,123.0,6,118.0,125.0,125.0,123.0,10.0,1240.0,95
2023-05-10 22:39:09,CF311P14000,CF311P14000,123.0,0.0,0.0,0.0,3,122.0,123.0,6,118.0,125.0,125.0,123.0,10.0,1240.0,95
2023-05-10 22:39:14,CF311P14000,CF311P14000,123.0,0.0,0.0,0.0,6,122.0,123.0,6,118.0,125.0,125.0,123.0,10.0,1240.0,95
2023-05-10 22:39:17,CF311P14000,CF311P14000,123.0,0.0,0.0,0.0,6,122.0,123.0,3,118.0,125.0,125.0,123.0,10.0,1240.0,95
2023-05-10 22:39:18,CF311P14000,CF311P14000,123.0,0.0,0.0,0.0,6,122.0,124.0,9,118.0,125.0,125.0,123.0,10.0,1240.0,95
2023-05-10 22:39:20,CF311P14000,CF311P14000,123.0,0.0,0.0,0.0,3,122.0,124.0,9,118.0,125.0,125.0,123.0,10.0,1240.0,95
2023-05-10 22:39:21,CF311P14000,CF311P14000,123.0,0.0,0.0,0.0,3,122.0,124.0,6,118.0,125.0,125.0,123.0,10.0,1240.0,95
2023-05-10 22:39:22,CF311P14000,CF311P14000,123.0,0.0,0.0,0.0,3,122.0,124.0,3,118.0,125.0,125.0,123.0,10.0,1240.0,95
2023-05-10 22:39:24,CF311P14000,CF311P14000,123.0,0.0,0.0,0.0,3,122.0,125.0,4,118.0,125.0,125.0,123.0,10.0,1240.0,95
2023-05-10 22:39:25,CF311P14000,CF311P14000,123.0,0.0,0.0,0.0,3,117.0,125.0,1,118.0,125.0,125.0,123.0,10.0,1240.0,95
2023-05-10 22:39:26,CF311P14000,CF311P14000,123.0,0.0,0.0,0.0,1,34.0,125.0,1,118.0,125.0,125.0,123.0,10.0,1240.0,95
2023-05-10 22:41:27,CF311P14000,CF311P14000,123.0,0.0,0.0,0.0,1,34.0,977.0,1,118.0,125.0,125.0,123.0,10.0,1240.0,95
2023-05-10 22:41:27,CF311P14000,CF311P14000,123.0,0.0,0.0,0.0,1,34.0,974.0,1,118.0,125.0,125.0,123.0,10.0,1240.0,95
2023-05-10 22:41:34,CF311P14000,CF311P14000,123.0,0.0,0.0,0.0,3,120.0,134.0,3,118.0,125.0,125.0,123.0,10.0,1240.0,95
2023-05-10 22:41:34,CF311P14000,CF311P14000,123.0,0.0,0.0,0.0,12,120.0,134.0,12,118.0,125.0,125.0,123.0,10.0,1240.0,95
2023-05-10 22:41:36,CF311P14000,CF311P14000,123.0,0.0,0.0,0.0,18,120.0,122.0,3,118.0,125.0,125.0,123.0,10.0,1240.0,95
2023-05-10 22:41:36,CF311P14000,CF311P14000,123.0,0.0,0.0,0.0,9,120.0,122.0,3,118.0,125.0,125.0,123.0,10.0,1240.0,95
2023-05-10 22:41:36,CF311P14000,CF311P14000,123.0,0.0,0.0,0.0,6,120.0,122.0,3,118.0,125.0,125.0,123.0,10.0,1240.0,95
2023-05-10 22:41:41,CF311P14000,CF311P14000,122.0,3.0,359.0,0.0,6,120.0,124.0,3,118.0,125.0,125.0,122.0,13.0,1599.0,95
2023-05-10 22:41:41,CF311P14000,CF311P14000,122.0,0.0,0.0,0.0,3,120.0,124.0,3,118.0,125.0,125.0,122.0,13.0,1599.0,95
2023-05-10 22:41:42,CF311P14000,CF311P14000,122.0,0.0,0.0,0.0,3,120.0,124.0,6,118.0,125.0,125.0,122.0,13.0,1599.0,95
2023-05-10 22:41:44,CF311P14000,CF311P14000,122.0,0.0,0.0,0.0,6,120.0,124.0,9,118.0,125.0,125.0,122.0,13.0,1599.0,95
2023-05-10 22:41:46,CF311P14000,CF311P14000,122.0,0.0,0.0,0.0,6,120.0,124.0,12,118.0,125.0,125.0,122.0,13.0,1599.0,95
2023-05-10 22:41:48,CF311P14000,CF311P14000,122.0,0.0,0.0,0.0,6,120.0,124.0,9,118.0,125.0,125.0,122.0,13.0,1599.0,95
2023-05-10 22:41:55,CF311P14000,CF311P14000,122.0,0.0,0.0,0.0,6,120.0,124.0,6,118.0,125.0,125.0,122.0,13.0,1599.0,95
2023-05-10 22:41:55,CF311P14000,CF311P14000,122.0,0.0,0.0,0.0,3,120.0,124.0,3,118.0,125.0,125.0,122.0,13.0,1599.0,95
2023-05-10 22:41:57,CF311P14000,CF311P14000,122.0,0.0,0.0,0.0,1,34.0,977.0,1,118.0,125.0,125.0,122.0,13.0,1599.0,95
2023-05-10 22:41:57,CF311P14000,CF311P14000,122.0,0.0,0.0,0.0,1,34.0,974.0,1,118.0,125.0,125.0,122.0,13.0,1599.0,95
2023-05-10 22:44:42,CF311P14000,CF311P14000,122.0,0.0,0.0,0.0,3,120.0,134.0,3,118.0,125.0,125.0,122.0,13.0,1599.0,95
2023-05-10 22:44:42,CF311P14000,CF311P14000,122.0,0.0,0.0,0.0,9,120.0,134.0,9,118.0,125.0,125.0,122.0,13.0,1599.0,95
2023-05-10 22:44:42,CF311P14000,CF311P14000,122.0,0.0,0.0,0.0,12,120.0,134.0,12,118.0,125.0,125.0,122.0,13.0,1599.0,95
2023-05-10 22:44:43,CF311P14000,CF311P14000,122.0,0.0,0.0,0.0,15,120.0,134.0,15,118.0,125.0,125.0,122.0,13.0,1599.0,95
2023-05-10 22:44:44,CF311P14000,CF311P14000,122.0,0.0,0.0,0.0,18,120.0,134.0,18,118.0,125.0,125.0,122.0,13.0,1599.0,95
2023-05-10 22:44:44,CF311P14000,CF311P14000,122.0,0.0,0.0,0.0,3,121.0,134.0,21,118.0,125.0,125.0,122.0,13.0,1599.0,95
2023-05-10 22:44:47,CF311P14000,CF311P14000,122.0,0.0,0.0,0.0,6,121.0,134.0,24,118.0,125.0,125.0,122.0,13.0,1599.0,95
2023-05-10 22:44:48,CF311P14000,CF311P14000,122.0,0.0,0.0,0.0,3,123.0,134.0,27,118.0,125.0,125.0,122.0,13.0,1599.0,95
2023-05-10 22:44:49,CF311P14000,CF311P14000,122.0,0.0,0.0,0.0,6,123.0,132.0,3,118.0,125.0,125.0,122.0,13.0,1599.0,95
2023-05-10 22:44:49,CF311P14000,CF311P14000,122.0,0.0,0.0,0.0,12,123.0,132.0,3,118.0,125.0,125.0,122.0,13.0,1599.0,95
2023-05-10 22:44:49,CF311P14000,CF311P14000,122.0,0.0,0.0,0.0,15,123.0,132.0,3,118.0,125.0,125.0,122.0,13.0,1599.0,95
2023-05-10 22:44:52,CF311P14000,CF311P14000,122.0,3.0,369.0,3.0,12,123.0,132.0,3,118.0,125.0,125.0,122.0,16.0,1968.0,98
2023-05-10 22:44:54,CF311P14000,CF311P14000,122.0,0.0,0.0,0.0,15,123.0,132.0,6,118.0,125.0,125.0,122.0,16.0,1968.0,98
2023-05-10 22:45:00,CF311P14000,CF311P14000,122.0,0.0,0.0,0.0,12,123.0,132.0,3,118.0,125.0,125.0,122.0,16.0,1968.0,98
2023-05-10 22:45:00,CF311P14000,CF311P14000,122.0,0.0,0.0,0.0,9,123.0,132.0,3,118.0,125.0,125.0,122.0,16.0,1968.0,98
2023-05-10 22:45:01,CF311P14000,CF311P14000,122.0,0.0,0.0,0.0,6,123.0,132.0,3,118.0,125.0,125.0,122.0,16.0,1968.0,98
2023-05-10 22:45:01,CF311P14000,CF311P14000,122.0,0.0,0.0,0.0,3,123.0,132.0,3,118.0,125.0,125.0,122.0,16.0,1968.0,98
2023-05-10 22:45:04,CF311P14000,CF311P14000,122.0,0.0,0.0,0.0,3,120.0,134.0,3,118.0,125.0,125.0,122.0,16.0,1968.0,98
2023-05-10 22:45:06,CF311P14000,CF311P14000,122.0,0.0,0.0,0.0,1,34.0,977.0,1,118.0,125.0,125.0,122.0,16.0,1968.0,98
2023-05-10 22:45:06,CF311P14000,CF311P14000,122.0,0.0,0.0,0.0,1,34.0,974.0,1,118.0,125.0,125.0,122.0,16.0,1968.0,98
2023-05-10 22:45:06,CF311P14000,CF311P14000,122.0,0.0,0.0,0.0,1,34.0,973.0,1,118.0,125.0,125.0,122.0,16.0,1968.0,98
2023-05-10 22:45:07,CF311P14000,CF311P14000,122.0,0.0,0.0,0.0,1,34.0,970.0,1,118.0,125.0,125.0,122.0,16.0,1968.0,98
2023-05-10 22:45:07,CF311P14000,CF311P14000,122.0,0.0,0.0,0.0,1,34.0,969.0,1,118.0,125.0,125.0,122.0,16.0,1968.0,98
2023-05-10 22:45:08,CF311P14000,CF311P14000,34.0,1.0,38.0,0.0,1,30.0,121.0,1,118.0,125.0,125.0,34.0,17.0,2006.0,98
2023-05-10 22:45:08,CF311P14000,CF311P14000,34.0,0.0,0.0,0.0,1,35.0,121.0,1,118.0,125.0,125.0,34.0,17.0,2006.0,98
2023-05-10 22:46:56,CF311P14000,CF311P14000,34.0,0.0,0.0,0.0,2,43.0,121.0,1,118.0,125.0,125.0,34.0,17.0,2006.0,98
2023-05-10 22:54:39,CF311P14000,CF311P14000,34.0,0.0,0.0,0.0,3,116.0,121.0,1,118.0,125.0,125.0,34.0,17.0,2006.0,98
2023-05-10 22:54:46,CF311P14000,CF311P14000,34.0,0.0,0.0,0.0,3,118.0,121.0,4,118.0,125.0,125.0,34.0,17.0,2006.0,98
2023-05-10 22:54:47,CF311P14000,CF311P14000,34.0,0.0,0.0,0.0,3,118.0,119.0,3,118.0,125.0,125.0,34.0,17.0,2006.0,98
2023-05-10 22:54:47,CF311P14000,CF311P14000,117.0,1.0,118.0,0.0,2,118.0,119.0,3,118.0,125.0,125.0,34.0,18.0,2124.0,98
2023-05-10 22:54:47,CF311P14000,CF311P14000,117.0,0.0,0.0,0.0,5,118.0,119.0,3,118.0,125.0,125.0,34.0,18.0,2124.0,98
2023-05-10 22:54:51,CF311P14000,CF311P14000,117.0,0.0,0.0,0.0,8,118.0,119.0,6,118.0,125.0,125.0,34.0,18.0,2124.0,98
2023-05-10 22:54:57,CF311P14000,CF311P14000,117.0,0.0,0.0,0.0,6,118.0,119.0,6,118.0,125.0,125.0,34.0,18.0,2124.0,98
2023-05-10 22:54:58,CF311P14000,CF311P14000,117.0,0.0,0.0,0.0,6,118.0,119.0,3,118.0,125.0,125.0,34.0,18.0,2124.0,98
2023-05-10 22:54:59,CF311P14000,CF311P14000,117.0,0.0,0.0,0.0,3,118.0,119.0,3,118.0,125.0,125.0,34.0,18.0,2124.0,98
2023-05-10 22:55:02,CF311P14000,CF311P14000,117.0,0.0,0.0,0.0,3,113.0,124.0,3,118.0,125.0,125.0,34.0,18.0,2124.0,98
2023-05-10 22:55:04,CF311P14000,CF311P14000,117.0,0.0,0.0,0.0,1,35.0,969.0,1,118.0,125.0,125.0,34.0,18.0,2124.0,98
2023-05-10 22:55:05,CF311P14000,CF311P14000,117.0,0.0,0.0,0.0,2,43.0,966.0,1,118.0,125.0,125.0,34.0,18.0,2124.0,98
2023-05-10 22:57:09,CF311P14000,CF311P14000,117.0,0.0,0.0,0.0,1,35.0,966.0,1,118.0,125.0,125.0,34.0,18.0,2124.0,98
2023-05-10 22:57:41,CF311P14000,CF311P14000,117.0,0.0,0.0,0.0,10,10.0,966.0,1,118.0,125.0,125.0,34.0,18.0,2124.0,98
2023-05-10 22:57:42,CF311P14000,CF311P14000,117.0,0.0,0.0,0.0,1,13.0,966.0,1,118.0,125.0,125.0,34.0,18.0,2124.0,98
2023-05-10 22:57:59,CF311P14000,CF311P14000,117.0,0.0,0.0,0.0,10,10.0,966.0,1,118.0,125.0,125.0,34.0,18.0,2124.0,98
2023-05-10 22:59:55,CF311P14000,CF311P14000,117.0,0.0,0.0,0.0,10,10.0,969.0,1,118.0,125.0,125.0,34.0,18.0,2124.0,98
2023-05-10 22:59:55,CF311P14000,CF311P14000,117.0,0.0,0.0,0.0,10,10.0,969.0,1,118.0,125.0,125.0,34.0,18.0,2124.0,98
2023-05-11 09:01:14,CF311P14000,CF311P14000,117.0,0.0,0.0,0.0,2,11.0,969.0,1,118.0,125.0,125.0,34.0,18.0,2124.0,98
2023-05-11 09:01:16,CF311P14000,CF311P14000,117.0,0.0,0.0,0.0,1,14.0,966.0,1,118.0,125.0,125.0,34.0,18.0,2124.0,98
2023-05-11 09:01:22,CF311P14000,CF311P14000,117.0,0.0,0.0,0.0,1,14.0,965.0,1,118.0,125.0,125.0,34.0,18.0,2124.0,98
2023-05-11 09:01:24,CF311P14000,CF311P14000,117.0,0.0,0.0,0.0,1,14.0,962.0,1,118.0,125.0,125.0,34.0,18.0,2124.0,98
2023-05-11 09:02:24,CF311P14000,CF311P14000,117.0,0.0,0.0,0.0,2,15.0,962.0,1,118.0,125.0,125.0,34.0,18.0,2124.0,98
2023-05-11 09:02:30,CF311P14000,CF311P14000,117.0,0.0,0.0,0.0,1,18.0,962.0,1,118.0,125.0,125.0,34.0,18.0,2124.0,98
2023-05-11 09:02:30,CF311P14000,CF311P14000,117.0,0.0,0.0,0.0,2,19.0,962.0,1,118.0,125.0,125.0,34.0,18.0,2124.0,98
2023-05-11 09:02:30,CF311P14000,CF311P14000,117.0,0.0,0.0,0.0,1,22.0,962.0,1,118.0,125.0,125.0,34.0,18.0,2124.0,98
2023-05-11 09:02:32,CF311P14000,CF311P14000,117.0,0.0,0.0,0.0,2,23.0,962.0,1,118.0,125.0,125.0,34.0,18.0,2124.0,98
2023-05-11 09:02:34,CF311P14000,CF311P14000,117.0,0.0,0.0,0.0,1,26.0,962.0,1,118.0,125.0,125.0,34.0,18.0,2124.0,98
2023-05-11 09:02:35,CF311P14000,CF311P14000,117.0,0.0,0.0,0.0,2,27.0,962.0,1,118.0,125.0,125.0,34.0,18.0,2124.0,98
2023-05-11 09:04:00,CF311P14000,CF311P14000,117.0,0.0,0.0,0.0,2,27.0,951.0,1,118.0,125.0,125.0,34.0,18.0,2124.0,98
2023-05-11 09:04:00,CF311P14000,CF311P14000,117.0,0.0,0.0,0.0,2,27.0,948.0,1,118.0,125.0,125.0,34.0,18.0,2124.0,98
2023-05-11 09:05:20,CF311P14000,CF311P14000,117.0,0.0,0.0,0.0,2,27.0,942.0,1,118.0,125.0,125.0,34.0,18.0,2124.0,98
2023-05-11 09:05:20,CF311P14000,CF311P14000,117.0,0.0,0.0,0.0,2,27.0,939.0,1,118.0,125.0,125.0,34.0,18.0,2124.0,98
2023-05-11 09:05:57,CF311P14000,CF311P14000,117.0,0.0,0.0,0.0,2,27.0,938.0,1,118.0,125.0,125.0,34.0,18.0,2124.0,98
2023-05-11 09:05:58,CF311P14000,CF311P14000,117.0,0.0,0.0,0.0,2,27.0,935.0,1,118.0,125.0,125.0,34.0,18.0,2124.0,98
2023-05-11 09:06:06,CF311P14000,CF311P14000,117.0,0.0,0.0,0.0,2,27.0,934.0,1,118.0,125.0,125.0,34.0,18.0,2124.0,98
2023-05-11 09:06:06,CF311P14000,CF311P14000,117.0,0.0,0.0,0.0,2,27.0,931.0,1,118.0,125.0,125.0,34.0,18.0,2124.0,98
2023-05-11 09:06:17,CF311P14000,CF311P14000,117.0,0.0,0.0,0.0,2,27.0,930.0,1,118.0,125.0,125.0,34.0,18.0,2124.0,98
2023-05-11 09:06:18,CF311P14000,CF311P14000,117.0,0.0,0.0,0.0,2,27.0,927.0,1,118.0,125.0,125.0,34.0,18.0,2124.0,98
2023-05-11 09:06:27,CF311P14000,CF311P14000,117.0,0.0,0.0,0.0,2,27.0,926.0,1,118.0,125.0,125.0,34.0,18.0,2124.0,98
2023-05-11 09:06:27,CF311P14000,CF311P14000,117.0,0.0,0.0,0.0,2,27.0,923.0,1,118.0,125.0,125.0,34.0,18.0,2124.0,98
2023-05-11 09:06:35,CF311P14000,CF311P14000,117.0,0.0,0.0,0.0,2,27.0,922.0,1,118.0,125.0,125.0,34.0,18.0,2124.0,98
2023-05-11 09:06:35,CF311P14000,CF311P14000,117.0,0.0,0.0,0.0,2,27.0,919.0,1,118.0,125.0,125.0,34.0,18.0,2124.0,98
2023-05-11 09:06:46,CF311P14000,CF311P14000,117.0,0.0,0.0,0.0,2,27.0,918.0,1,118.0,125.0,125.0,34.0,18.0,2124.0,98
2023-05-11 09:06:47,CF311P14000,CF311P14000,117.0,0.0,0.0,0.0,2,27.0,915.0,1,118.0,125.0,125.0,34.0,18.0,2124.0,98
2023-05-11 09:06:55,CF311P14000,CF311P14000,117.0,0.0,0.0,0.0,2,27.0,914.0,1,118.0,125.0,125.0,34.0,18.0,2124.0,98
2023-05-11 09:06:55,CF311P14000,CF311P14000,117.0,0.0,0.0,0.0,2,27.0,911.0,1,118.0,125.0,125.0,34.0,18.0,2124.0,98
2023-05-11 09:07:03,CF311P14000,CF311P14000,117.0,0.0,0.0,0.0,2,27.0,910.0,1,118.0,125.0,125.0,34.0,18.0,2124.0,98
2023-05-11 09:07:04,CF311P14000,CF311P14000,117.0,0.0,0.0,0.0,2,27.0,907.0,1,118.0,125.0,125.0,34.0,18.0,2124.0,98
2023-05-11 09:07:19,CF311P14000,CF311P14000,117.0,0.0,0.0,0.0,2,27.0,906.0,1,118.0,125.0,125.0,34.0,18.0,2124.0,98
2023-05-11 09:07:19,CF311P14000,CF311P14000,117.0,0.0,0.0,0.0,2,27.0,903.0,1,118.0,125.0,125.0,34.0,18.0,2124.0,98
2023-05-11 09:07:36,CF311P14000,CF311P14000,117.0,0.0,0.0,0.0,2,27.0,902.0,1,118.0,125.0,125.0,34.0,18.0,2124.0,98
2023-05-11 09:07:37,CF311P14000,CF311P14000,117.0,0.0,0.0,0.0,2,27.0,899.0,1,118.0,125.0,125.0,34.0,18.0,2124.0,98
2023-05-11 09:07:51,CF311P14000,CF311P14000,117.0,0.0,0.0,0.0,2,27.0,898.0,1,118.0,125.0,125.0,34.0,18.0,2124.0,98
2023-05-11 09:07:52,CF311P14000,CF311P14000,117.0,0.0,0.0,0.0,2,27.0,895.0,1,118.0,125.0,125.0,34.0,18.0,2124.0,98
2023-05-11 09:07:58,CF311P14000,CF311P14000,117.0,0.0,0.0,0.0,2,27.0,894.0,1,118.0,125.0,125.0,34.0,18.0,2124.0,98
2023-05-11 09:07:59,CF311P14000,CF311P14000,117.0,0.0,0.0,0.0,2,27.0,891.0,1,118.0,125.0,125.0,34.0,18.0,2124.0,98
2023-05-11 09:08:07,CF311P14000,CF311P14000,117.0,0.0,0.0,0.0,2,27.0,890.0,1,118.0,125.0,125.0,34.0,18.0,2124.0,98
2023-05-11 09:08:08,CF311P14000,CF311P14000,117.0,0.0,0.0,0.0,2,27.0,887.0,1,118.0,125.0,125.0,34.0,18.0,2124.0,98
2023-05-11 09:08:16,CF311P14000,CF311P14000,117.0,0.0,0.0,0.0,2,27.0,886.0,1,118.0,125.0,125.0,34.0,18.0,2124.0,98
2023-05-11 09:08:17,CF311P14000,CF311P14000,117.0,0.0,0.0,0.0,2,27.0,883.0,1,118.0,125.0,125.0,34.0,18.0,2124.0,98
2023-05-11 09:08:28,CF311P14000,CF311P14000,117.0,0.0,0.0,0.0,2,27.0,882.0,1,118.0,125.0,125.0,34.0,18.0,2124.0,98
2023-05-11 09:08:28,CF311P14000,CF311P14000,117.0,0.0,0.0,0.0,2,27.0,879.0,1,118.0,125.0,125.0,34.0,18.0,2124.0,98
2023-05-11 09:08:40,CF311P14000,CF311P14000,117.0,0.0,0.0,0.0,2,27.0,878.0,1,118.0,125.0,125.0,34.0,18.0,2124.0,98
2023-05-11 09:08:41,CF311P14000,CF311P14000,117.0,0.0,0.0,0.0,2,27.0,875.0,1,118.0,125.0,125.0,34.0,18.0,2124.0,98
2023-05-11 09:08:49,CF311P14000,CF311P14000,117.0,0.0,0.0,0.0,2,27.0,874.0,1,118.0,125.0,125.0,34.0,18.0,2124.0,98
2023-05-11 09:08:49,CF311P14000,CF311P14000,117.0,0.0,0.0,0.0,2,27.0,871.0,1,118.0,125.0,125.0,34.0,18.0,2124.0,98
2023-05-11 09:08:58,CF311P14000,CF311P14000,117.0,0.0,0.0,0.0,2,27.0,870.0,1,118.0,125.0,125.0,34.0,18.0,2124.0,98
2023-05-11 09:08:59,CF311P14000,CF311P14000,117.0,0.0,0.0,0.0,2,27.0,867.0,1,118.0,125.0,125.0,34.0,18.0,2124.0,98
2023-05-11 09:09:11,CF311P14000,CF311P14000,117.0,0.0,0.0,0.0,2,27.0,866.0,1,118.0,125.0,125.0,34.0,18.0,2124.0,98
2023-05-11 09:09:12,CF311P14000,CF311P14000,117.0,0.0,0.0,0.0,2,27.0,863.0,1,118.0,125.0,125.0,34.0,18.0,2124.0,98
2023-05-11 09:09:18,CF311P14000,CF311P14000,117.0,0.0,0.0,0.0,2,27.0,862.0,1,118.0,125.0,125.0,34.0,18.0,2124.0,98
2023-05-11 09:09:18,CF311P14000,CF311P14000,117.0,0.0,0.0,0.0,2,27.0,859.0,1,118.0,125.0,125.0,34.0,18.0,2124.0,98
2023-05-11 09:09:31,CF311P14000,CF311P14000,117.0,0.0,0.0,0.0,2,27.0,858.0,1,118.0,125.0,125.0,34.0,18.0,2124.0,98
2023-05-11 09:09:31,CF311P14000,CF311P14000,117.0,0.0,0.0,0.0,1,30.0,855.0,1,118.0,125.0,125.0,34.0,18.0,2124.0,98
2023-05-11 09:09:31,CF311P14000,CF311P14000,117.0,0.0,0.0,0.0,2,38.0,855.0,1,118.0,125.0,125.0,34.0,18.0,2124.0,98
2023-05-11 09:09:46,CF311P14000,CF311P14000,117.0,0.0,0.0,0.0,2,38.0,854.0,1,118.0,125.0,125.0,34.0,18.0,2124.0,98
2023-05-11 09:09:46,CF311P14000,CF311P14000,117.0,0.0,0.0,0.0,2,38.0,851.0,1,118.0,125.0,125.0,34.0,18.0,2124.0,98
2023-05-11 09:09:56,CF311P14000,CF311P14000,117.0,0.0,0.0,0.0,2,38.0,850.0,1,118.0,125.0,125.0,34.0,18.0,2124.0,98
2023-05-11 09:09:56,CF311P14000,CF311P14000,117.0,0.0,0.0,0.0,2,38.0,847.0,1,118.0,125.0,125.0,34.0,18.0,2124.0,98
2023-05-11 09:10:07,CF311P14000,CF311P14000,117.0,0.0,0.0,0.0,2,38.0,846.0,1,118.0,125.0,125.0,34.0,18.0,2124.0,98
2023-05-11 09:10:07,CF311P14000,CF311P14000,117.0,0.0,0.0,0.0,2,38.0,843.0,1,118.0,125.0,125.0,34.0,18.0,2124.0,98
2023-05-11 09:10:18,CF311P14000,CF311P14000,117.0,0.0,0.0,0.0,2,38.0,842.0,1,118.0,125.0,125.0,34.0,18.0,2124.0,98
2023-05-11 09:10:18,CF311P14000,CF311P14000,117.0,0.0,0.0,0.0,2,38.0,839.0,1,118.0,125.0,125.0,34.0,18.0,2124.0,98
2023-05-11 09:10:30,CF311P14000,CF311P14000,117.0,0.0,0.0,0.0,2,38.0,838.0,1,118.0,125.0,125.0,34.0,18.0,2124.0,98
2023-05-11 09:10:30,CF311P14000,CF311P14000,117.0,0.0,0.0,0.0,2,38.0,835.0,1,118.0,125.0,125.0,34.0,18.0,2124.0,98
2023-05-11 09:10:38,CF311P14000,CF311P14000,117.0,0.0,0.0,0.0,2,38.0,834.0,1,118.0,125.0,125.0,34.0,18.0,2124.0,98
2023-05-11 09:10:39,CF311P14000,CF311P14000,117.0,0.0,0.0,0.0,2,38.0,831.0,1,118.0,125.0,125.0,34.0,18.0,2124.0,98
2023-05-11 09:10:49,CF311P14000,CF311P14000,117.0,0.0,0.0,0.0,2,38.0,830.0,1,118.0,125.0,125.0,34.0,18.0,2124.0,98
2023-05-11 09:10:50,CF311P14000,CF311P14000,117.0,0.0,0.0,0.0,2,38.0,827.0,1,118.0,125.0,125.0,34.0,18.0,2124.0,98
2023-05-11 09:10:57,CF311P14000,CF311P14000,117.0,0.0,0.0,0.0,2,38.0,826.0,1,118.0,125.0,125.0,34.0,18.0,2124.0,98
2023-05-11 09:10:57,CF311P14000,CF311P14000,117.0,0.0,0.0,0.0,2,38.0,823.0,1,118.0,125.0,125.0,34.0,18.0,2124.0,98
2023-05-11 09:11:07,CF311P14000,CF311P14000,117.0,0.0,0.0,0.0,2,38.0,822.0,1,118.0,125.0,125.0,34.0,18.0,2124.0,98
2023-05-11 09:11:07,CF311P14000,CF311P14000,117.0,0.0,0.0,0.0,2,38.0,819.0,1,118.0,125.0,125.0,34.0,18.0,2124.0,98
2023-05-11 09:11:18,CF311P14000,CF311P14000,117.0,0.0,0.0,0.0,2,38.0,818.0,1,118.0,125.0,125.0,34.0,18.0,2124.0,98
2023-05-11 09:11:18,CF311P14000,CF311P14000,117.0,0.0,0.0,0.0,2,38.0,815.0,1,118.0,125.0,125.0,34.0,18.0,2124.0,98
2023-05-11 09:11:25,CF311P14000,CF311P14000,117.0,0.0,0.0,0.0,2,38.0,814.0,1,118.0,125.0,125.0,34.0,18.0,2124.0,98
2023-05-11 09:11:26,CF311P14000,CF311P14000,117.0,0.0,0.0,0.0,2,38.0,811.0,1,118.0,125.0,125.0,34.0,18.0,2124.0,98
2023-05-11 09:11:39,CF311P14000,CF311P14000,117.0,0.0,0.0,0.0,2,38.0,810.0,1,118.0,125.0,125.0,34.0,18.0,2124.0,98
2023-05-11 09:11:40,CF311P14000,CF311P14000,117.0,0.0,0.0,0.0,2,38.0,807.0,1,118.0,125.0,125.0,34.0,18.0,2124.0,98
2023-05-11 09:11:48,CF311P14000,CF311P14000,117.0,0.0,0.0,0.0,2,38.0,806.0,1,118.0,125.0,125.0,34.0,18.0,2124.0,98
2023-05-11 09:11:48,CF311P14000,CF311P14000,117.0,0.0,0.0,0.0,2,38.0,803.0,1,118.0,125.0,125.0,34.0,18.0,2124.0,98
2023-05-11 09:11:59,CF311P14000,CF311P14000,117.0,0.0,0.0,0.0,2,38.0,802.0,1,118.0,125.0,125.0,34.0,18.0,2124.0,98
2023-05-11 09:11:59,CF311P14000,CF311P14000,117.0,0.0,0.0,0.0,2,38.0,799.0,1,118.0,125.0,125.0,34.0,18.0,2124.0,98
2023-05-11 09:12:07,CF311P14000,CF311P14000,117.0,0.0,0.0,0.0,2,38.0,798.0,1,118.0,125.0,125.0,34.0,18.0,2124.0,98
2023-05-11 09:12:08,CF311P14000,CF311P14000,117.0,0.0,0.0,0.0,2,38.0,795.0,1,118.0,125.0,125.0,34.0,18.0,2124.0,98
2023-05-11 09:12:17,CF311P14000,CF311P14000,117.0,0.0,0.0,0.0,2,38.0,794.0,1,118.0,125.0,125.0,34.0,18.0,2124.0,98
2023-05-11 09:12:17,CF311P14000,CF311P14000,117.0,0.0,0.0,0.0,2,38.0,791.0,1,118.0,125.0,125.0,34.0,18.0,2124.0,98
2023-05-11 09:12:24,CF311P14000,CF311P14000,117.0,0.0,0.0,0.0,2,38.0,790.0,1,118.0,125.0,125.0,34.0,18.0,2124.0,98
2023-05-11 09:12:24,CF311P14000,CF311P14000,117.0,0.0,0.0,0.0,2,38.0,787.0,1,118.0,125.0,125.0,34.0,18.0,2124.0,98
2023-05-11 09:12:31,CF311P14000,CF311P14000,117.0,0.0,0.0,0.0,2,38.0,786.0,1,118.0,125.0,125.0,34.0,18.0,2124.0,98
2023-05-11 09:12:31,CF311P14000,CF311P14000,117.0,0.0,0.0,0.0,2,38.0,783.0,1,118.0,125.0,125.0,34.0,18.0,2124.0,98
2023-05-11 09:12:37,CF311P14000,CF311P14000,117.0,0.0,0.0,0.0,2,38.0,782.0,1,118.0,125.0,125.0,34.0,18.0,2124.0,98
2023-05-11 09:12:37,CF311P14000,CF311P14000,117.0,0.0,0.0,0.0,2,38.0,779.0,1,118.0,125.0,125.0,34.0,18.0,2124.0,98
2023-05-11 09:12:42,CF311P14000,CF311P14000,117.0,0.0,0.0,0.0,2,38.0,778.0,1,118.0,125.0,125.0,34.0,18.0,2124.0,98
2023-05-11 09:12:42,CF311P14000,CF311P14000,117.0,0.0,0.0,0.0,2,38.0,775.0,1,118.0,125.0,125.0,34.0,18.0,2124.0,98
2023-05-11 09:12:50,CF311P14000,CF311P14000,117.0,0.0,0.0,0.0,2,38.0,774.0,1,118.0,125.0,125.0,34.0,18.0,2124.0,98
2023-05-11 09:12:50,CF311P14000,CF311P14000,117.0,0.0,0.0,0.0,2,38.0,771.0,1,118.0,125.0,125.0,34.0,18.0,2124.0,98
2023-05-11 09:12:56,CF311P14000,CF311P14000,117.0,0.0,0.0,0.0,2,38.0,770.0,1,118.0,125.0,125.0,34.0,18.0,2124.0,98
2023-05-11 09:12:56,CF311P14000,CF311P14000,117.0,0.0,0.0,0.0,2,38.0,767.0,1,118.0,125.0,125.0,34.0,18.0,2124.0,98
2023-05-11 09:13:02,CF311P14000,CF311P14000,117.0,0.0,0.0,0.0,2,38.0,766.0,1,118.0,125.0,125.0,34.0,18.0,2124.0,98
2023-05-11 09:13:03,CF311P14000,CF311P14000,117.0,0.0,0.0,0.0,2,38.0,763.0,1,118.0,125.0,125.0,34.0,18.0,2124.0,98
2023-05-11 09:13:09,CF311P14000,CF311P14000,117.0,0.0,0.0,0.0,2,38.0,762.0,1,118.0,125.0,125.0,34.0,18.0,2124.0,98
2023-05-11 09:13:10,CF311P14000,CF311P14000,117.0,0.0,0.0,0.0,2,38.0,759.0,1,118.0,125.0,125.0,34.0,18.0,2124.0,98
2023-05-11 09:13:13,CF311P14000,CF311P14000,117.0,0.0,0.0,0.0,2,38.0,758.0,1,118.0,125.0,125.0,34.0,18.0,2124.0,98
2023-05-11 09:13:13,CF311P14000,CF311P14000,117.0,0.0,0.0,0.0,2,38.0,755.0,1,118.0,125.0,125.0,34.0,18.0,2124.0,98
2023-05-11 09:13:21,CF311P14000,CF311P14000,117.0,0.0,0.0,0.0,2,38.0,754.0,1,118.0,125.0,125.0,34.0,18.0,2124.0,98
2023-05-11 09:13:22,CF311P14000,CF311P14000,117.0,0.0,0.0,0.0,2,38.0,751.0,1,118.0,125.0,125.0,34.0,18.0,2124.0,98
2023-05-11 09:31:24,CF311P14000,CF311P14000,117.0,0.0,0.0,0.0,2,38.0,750.0,1,118.0,125.0,125.0,34.0,18.0,2124.0,98
2023-05-11 09:31:24,CF311P14000,CF311P14000,117.0,0.0,0.0,0.0,2,38.0,747.0,1,118.0,125.0,125.0,34.0,18.0,2124.0,98
2023-05-11 09:45:13,CF311P14000,CF311P14000,117.0,0.0,0.0,0.0,2,38.0,746.0,1,118.0,125.0,125.0,34.0,18.0,2124.0,98
2023-05-11 09:45:14,CF311P14000,CF311P14000,117.0,0.0,0.0,0.0,2,38.0,743.0,1,118.0,125.0,125.0,34.0,18.0,2124.0,98
2023-05-11 09:46:20,CF311P14000,CF311P14000,117.0,0.0,0.0,0.0,2,38.0,742.0,1,118.0,125.0,125.0,34.0,18.0,2124.0,98
2023-05-11 09:46:21,CF311P14000,CF311P14000,117.0,0.0,0.0,0.0,2,38.0,739.0,1,118.0,125.0,125.0,34.0,18.0,2124.0,98
2023-05-11 09:46:48,CF311P14000,CF311P14000,117.0,0.0,0.0,0.0,6,109.0,123.0,6,118.0,125.0,125.0,34.0,18.0,2124.0,98
2023-05-11 09:46:49,CF311P14000,CF311P14000,117.0,0.0,0.0,0.0,12,109.0,123.0,12,118.0,125.0,125.0,34.0,18.0,2124.0,98
2023-05-11 09:46:49,CF311P14000,CF311P14000,117.0,0.0,0.0,0.0,15,109.0,123.0,15,118.0,125.0,125.0,34.0,18.0,2124.0,98
2023-05-11 09:46:50,CF311P14000,CF311P14000,117.0,0.0,0.0,0.0,18,109.0,123.0,18,118.0,125.0,125.0,34.0,18.0,2124.0,98
2023-05-11 09:46:50,CF311P14000,CF311P14000,117.0,0.0,0.0,0.0,3,112.0,123.0,21,118.0,125.0,125.0,34.0,18.0,2124.0,98
2023-05-11 09:46:51,CF311P14000,CF311P14000,117.0,0.0,0.0,0.0,6,112.0,123.0,21,118.0,125.0,125.0,34.0,18.0,2124.0,98
2023-05-11 09:46:53,CF311P14000,CF311P14000,117.0,0.0,0.0,0.0,9,112.0,123.0,24,118.0,125.0,125.0,34.0,18.0,2124.0,98
2023-05-11 09:46:54,CF311P14000,CF311P14000,117.0,0.0,0.0,0.0,15,112.0,119.0,3,118.0,125.0,125.0,34.0,18.0,2124.0,98
2023-05-11 09:46:55,CF311P14000,CF311P14000,117.0,0.0,0.0,0.0,3,114.0,119.0,6,118.0,125.0,125.0,34.0,18.0,2124.0,98
2023-05-11 09:46:55,CF311P14000,CF311P14000,117.0,0.0,0.0,0.0,6,114.0,119.0,9,118.0,125.0,125.0,34.0,18.0,2124.0,98
2023-05-11 09:47:00,CF311P14000,CF311P14000,117.0,0.0,0.0,0.0,9,114.0,119.0,12,118.0,125.0,125.0,34.0,18.0,2124.0,98
2023-05-11 09:47:05,CF311P14000,CF311P14000,117.0,0.0,0.0,0.0,9,114.0,119.0,9,118.0,125.0,125.0,34.0,18.0,2124.0,98
2023-05-11 09:47:06,CF311P14000,CF311P14000,117.0,0.0,0.0,0.0,6,114.0,119.0,9,118.0,125.0,125.0,34.0,18.0,2124.0,98
2023-05-11 09:47:06,CF311P14000,CF311P14000,117.0,0.0,0.0,0.0,6,114.0,119.0,6,118.0,125.0,125.0,34.0,18.0,2124.0,98
2023-05-11 09:47:08,CF311P14000,CF311P14000,117.0,0.0,0.0,0.0,3,114.0,119.0,3,118.0,125.0,125.0,34.0,18.0,2124.0,98
2023-05-11 09:47:11,CF311P14000,CF311P14000,117.0,0.0,0.0,0.0,3,110.0,124.0,3,118.0,125.0,125.0,34.0,18.0,2124.0,98
2023-05-11 09:47:13,CF311P14000,CF311P14000,117.0,0.0,0.0,0.0,11,10.0,742.0,1,118.0,125.0,125.0,34.0,18.0,2124.0,98
2023-05-11 09:47:13,CF311P14000,CF311P14000,117.0,0.0,0.0,0.0,1,13.0,739.0,1,118.0,125.0,125.0,34.0,18.0,2124.0,98
2023-05-11 09:47:15,CF311P14000,CF311P14000,117.0,0.0,0.0,0.0,2,21.0,739.0,1,118.0,125.0,125.0,34.0,18.0,2124.0,98
2023-05-11 09:47:16,CF311P14000,CF311P14000,117.0,0.0,0.0,0.0,1,24.0,739.0,1,118.0,125.0,125.0,34.0,18.0,2124.0,98
2023-05-11 09:47:17,CF311P14000,CF311P14000,117.0,0.0,0.0,0.0,2,25.0,739.0,1,118.0,125.0,125.0,34.0,18.0,2124.0,98
2023-05-11 09:47:18,CF311P14000,CF311P14000,117.0,0.0,0.0,0.0,1,28.0,739.0,1,118.0,125.0,125.0,34.0,18.0,2124.0,98
2023-05-11 09:47:19,CF311P14000,CF311P14000,117.0,0.0,0.0,0.0,2,29.0,739.0,1,118.0,125.0,125.0,34.0,18.0,2124.0,98
2023-05-11 10:01:04,CF311P14000,CF311P14000,117.0,0.0,0.0,0.0,3,113.0,123.0,3,118.0,125.0,125.0,34.0,18.0,2124.0,98
2023-05-11 10:01:04,CF311P14000,CF311P14000,117.0,0.0,0.0,0.0,3,116.0,123.0,3,118.0,125.0,125.0,34.0,18.0,2124.0,98
2023-05-11 10:01:07,CF311P14000,CF311P14000,117.0,0.0,0.0,0.0,6,116.0,123.0,3,118.0,125.0,125.0,34.0,18.0,2124.0,98
2023-05-11 10:01:10,CF311P14000,CF311P14000,117.0,0.0,0.0,0.0,3,117.0,123.0,3,118.0,125.0,125.0,34.0,18.0,2124.0,98
2023-05-11 10:01:10,CF311P14000,CF311P14000,117.0,0.0,0.0,0.0,3,117.0,122.0,3,118.0,125.0,125.0,34.0,18.0,2124.0,98
2023-05-11 10:01:11,CF311P14000,CF311P14000,117.0,0.0,0.0,0.0,6,117.0,122.0,6,118.0,125.0,125.0,34.0,18.0,2124.0,98
2023-05-11 10:01:11,CF311P14000,CF311P14000,117.0,0.0,0.0,0.0,9,117.0,122.0,6,118.0,125.0,125.0,34.0,18.0,2124.0,98
2023-05-11 10:01:16,CF311P14000,CF311P14000,117.0,0.0,0.0,0.0,12,117.0,122.0,9,118.0,125.0,125.0,34.0,18.0,2124.0,98
2023-05-11 10:01:21,CF311P14000,CF311P14000,117.0,0.0,0.0,0.0,9,117.0,122.0,9,118.0,125.0,125.0,34.0,18.0,2124.0,98
2023-05-11 10:01:21,CF311P14000,CF311P14000,117.0,0.0,0.0,0.0,9,117.0,122.0,6,118.0,125.0,125.0,34.0,18.0,2124.0,98
2023-05-11 10:01:24,CF311P14000,CF311P14000,117.0,0.0,0.0,0.0,6,117.0,122.0,3,118.0,125.0,125.0,34.0,18.0,2124.0,98
2023-05-11 10:01:24,CF311P14000,CF311P14000,117.0,0.0,0.0,0.0,3,117.0,122.0,3,118.0,125.0,125.0,34.0,18.0,2124.0,98
2023-05-11 10:01:26,CF311P14000,CF311P14000,117.0,0.0,0.0,0.0,3,113.0,127.0,3,118.0,125.0,125.0,34.0,18.0,2124.0,98
2023-05-11 10:01:29,CF311P14000,CF311P14000,117.0,0.0,0.0,0.0,11,10.0,742.0,1,118.0,125.0,125.0,34.0,18.0,2124.0,98
2023-05-11 10:01:29,CF311P14000,CF311P14000,117.0,0.0,0.0,0.0,1,13.0,739.0,1,118.0,125.0,125.0,34.0,18.0,2124.0,98
2023-05-11 10:01:30,CF311P14000,CF311P14000,117.0,0.0,0.0,0.0,2,21.0,739.0,1,118.0,125.0,125.0,34.0,18.0,2124.0,98
2023-05-11 10:01:30,CF311P14000,CF311P14000,117.0,0.0,0.0,0.0,1,24.0,739.0,1,118.0,125.0,125.0,34.0,18.0,2124.0,98
2023-05-11 10:01:31,CF311P14000,CF311P14000,117.0,0.0,0.0,0.0,2,25.0,739.0,1,118.0,125.0,125.0,34.0,18.0,2124.0,98
2023-05-11 10:01:31,CF311P14000,CF311P14000,117.0,0.0,0.0,0.0,1,28.0,739.0,1,118.0,125.0,125.0,34.0,18.0,2124.0,98
2023-05-11 10:01:32,CF311P14000,CF311P14000,117.0,0.0,0.0,0.0,2,29.0,739.0,1,118.0,125.0,125.0,34.0,18.0,2124.0,98
2023-05-11 10:12:11,CF311P14000,CF311P14000,117.0,0.0,0.0,0.0,11,10.0,739.0,1,118.0,125.0,125.0,34.0,18.0,2124.0,98
2023-05-11 10:12:12,CF311P14000,CF311P14000,117.0,0.0,0.0,0.0,1,13.0,739.0,1,118.0,125.0,125.0,34.0,18.0,2124.0,98
2023-05-11 10:12:59,CF311P14000,CF311P14000,117.0,0.0,0.0,0.0,11,10.0,739.0,1,118.0,125.0,125.0,34.0,18.0,2124.0,98
2023-05-11 10:30:00,CF311P14000,CF311P14000,117.0,0.0,0.0,0.0,11,10.0,742.0,1,118.0,125.0,125.0,34.0,18.0,2124.0,98
2023-05-11 10:30:26,CF311P14000,CF311P14000,117.0,0.0,0.0,0.0,2,11.0,742.0,1,118.0,125.0,125.0,34.0,18.0,2124.0,98
2023-05-11 10:31:54,CF311P14000,CF311P14000,117.0,0.0,0.0,0.0,2,11.0,741.0,1,118.0,125.0,125.0,34.0,18.0,2124.0,98
2023-05-11 10:31:55,CF311P14000,CF311P14000,117.0,0.0,0.0,0.0,1,14.0,738.0,1,118.0,125.0,125.0,34.0,18.0,2124.0,98
2023-05-11 10:32:06,CF311P14000,CF311P14000,117.0,0.0,0.0,0.0,2,22.0,738.0,1,118.0,125.0,125.0,34.0,18.0,2124.0,98
2023-05-11 10:32:06,CF311P14000,CF311P14000,117.0,0.0,0.0,0.0,1,25.0,738.0,1,118.0,125.0,125.0,34.0,18.0,2124.0,98
2023-05-11 10:32:13,CF311P14000,CF311P14000,117.0,0.0,0.0,0.0,2,26.0,738.0,1,118.0,125.0,125.0,34.0,18.0,2124.0,98
2023-05-11 10:32:13,CF311P14000,CF311P14000,117.0,0.0,0.0,0.0,1,29.0,738.0,1,118.0,125.0,125.0,34.0,18.0,2124.0,98
2023-05-11 10:32:16,CF311P14000,CF311P14000,117.0,0.0,0.0,0.0,2,30.0,738.0,1,118.0,125.0,125.0,34.0,18.0,2124.0,98
2023-05-11 10:34:19,CF311P14000,CF311P14000,117.0,0.0,0.0,0.0,2,30.0,737.0,1,118.0,125.0,125.0,34.0,18.0,2124.0,98
2023-05-11 10:34:20,CF311P14000,CF311P14000,117.0,0.0,0.0,0.0,2,30.0,734.0,1,118.0,125.0,125.0,34.0,18.0,2124.0,98
2023-05-11 10:35:03,CF311P14000,CF311P14000,117.0,0.0,0.0,0.0,2,30.0,733.0,1,118.0,125.0,125.0,34.0,18.0,2124.0,98
2023-05-11 10:35:04,CF311P14000,CF311P14000,117.0,0.0,0.0,0.0,2,30.0,730.0,1,118.0,125.0,125.0,34.0,18.0,2124.0,98
2023-05-11 10:35:31,CF311P14000,CF311P14000,117.0,0.0,0.0,0.0,2,30.0,729.0,1,118.0,125.0,125.0,34.0,18.0,2124.0,98
2023-05-11 10:35:31,CF311P14000,CF311P14000,117.0,0.0,0.0,0.0,2,30.0,726.0,1,118.0,125.0,125.0,34.0,18.0,2124.0,98
2023-05-11 10:36:16,CF311P14000,CF311P14000,117.0,0.0,0.0,0.0,2,30.0,725.0,1,118.0,125.0,125.0,34.0,18.0,2124.0,98
2023-05-11 10:36:17,CF311P14000,CF311P14000,117.0,0.0,0.0,0.0,2,30.0,722.0,1,118.0,125.0,125.0,34.0,18.0,2124.0,98
2023-05-11 10:36:34,CF311P14000,CF311P14000,117.0,0.0,0.0,0.0,2,30.0,721.0,1,118.0,125.0,125.0,34.0,18.0,2124.0,98
2023-05-11 10:36:34,CF311P14000,CF311P14000,117.0,0.0,0.0,0.0,2,30.0,718.0,1,118.0,125.0,125.0,34.0,18.0,2124.0,98
2023-05-11 10:36:44,CF311P14000,CF311P14000,117.0,0.0,0.0,0.0,2,30.0,717.0,1,118.0,125.0,125.0,34.0,18.0,2124.0,98
2023-05-11 10:36:44,CF311P14000,CF311P14000,117.0,0.0,0.0,0.0,2,30.0,714.0,1,118.0,125.0,125.0,34.0,18.0,2124.0,98
2023-05-11 10:36:50,CF311P14000,CF311P14000,117.0,0.0,0.0,0.0,2,30.0,713.0,1,118.0,125.0,125.0,34.0,18.0,2124.0,98
2023-05-11 10:36:50,CF311P14000,CF311P14000,117.0,0.0,0.0,0.0,2,30.0,710.0,1,118.0,125.0,125.0,34.0,18.0,2124.0,98
2023-05-11 10:36:56,CF311P14000,CF311P14000,117.0,0.0,0.0,0.0,2,30.0,709.0,1,118.0,125.0,125.0,34.0,18.0,2124.0,98
2023-05-11 10:36:56,CF311P14000,CF311P14000,117.0,0.0,0.0,0.0,2,30.0,706.0,1,118.0,125.0,125.0,34.0,18.0,2124.0,98
2023-05-11 10:37:04,CF311P14000,CF311P14000,117.0,0.0,0.0,0.0,2,30.0,705.0,1,118.0,125.0,125.0,34.0,18.0,2124.0,98
2023-05-11 10:37:04,CF311P14000,CF311P14000,117.0,0.0,0.0,0.0,2,30.0,702.0,1,118.0,125.0,125.0,34.0,18.0,2124.0,98
2023-05-11 10:37:12,CF311P14000,CF311P14000,117.0,0.0,0.0,0.0,2,30.0,701.0,1,118.0,125.0,125.0,34.0,18.0,2124.0,98
2023-05-11 10:37:12,CF311P14000,CF311P14000,117.0,0.0,0.0,0.0,2,30.0,698.0,1,118.0,125.0,125.0,34.0,18.0,2124.0,98
2023-05-11 10:37:21,CF311P14000,CF311P14000,117.0,0.0,0.0,0.0,2,30.0,697.0,1,118.0,125.0,125.0,34.0,18.0,2124.0,98
2023-05-11 10:37:21,CF311P14000,CF311P14000,117.0,0.0,0.0,0.0,2,30.0,694.0,1,118.0,125.0,125.0,34.0,18.0,2124.0,98
2023-05-11 10:37:28,CF311P14000,CF311P14000,117.0,0.0,0.0,0.0,2,30.0,693.0,1,118.0,125.0,125.0,34.0,18.0,2124.0,98
2023-05-11 10:37:29,CF311P14000,CF311P14000,117.0,0.0,0.0,0.0,2,30.0,690.0,1,118.0,125.0,125.0,34.0,18.0,2124.0,98
2023-05-11 10:37:36,CF311P14000,CF311P14000,117.0,0.0,0.0,0.0,2,30.0,689.0,1,118.0,125.0,125.0,34.0,18.0,2124.0,98
2023-05-11 10:37:36,CF311P14000,CF311P14000,117.0,0.0,0.0,0.0,2,30.0,686.0,1,118.0,125.0,125.0,34.0,18.0,2124.0,98
2023-05-11 10:37:43,CF311P14000,CF311P14000,117.0,0.0,0.0,0.0,2,30.0,685.0,1,118.0,125.0,125.0,34.0,18.0,2124.0,98
2023-05-11 10:37:43,CF311P14000,CF311P14000,117.0,0.0,0.0,0.0,2,30.0,682.0,1,118.0,125.0,125.0,34.0,18.0,2124.0,98
2023-05-11 10:37:54,CF311P14000,CF311P14000,117.0,0.0,0.0,0.0,2,30.0,681.0,1,118.0,125.0,125.0,34.0,18.0,2124.0,98
2023-05-11 10:37:55,CF311P14000,CF311P14000,117.0,0.0,0.0,0.0,2,30.0,678.0,1,118.0,125.0,125.0,34.0,18.0,2124.0,98
2023-05-11 10:38:00,CF311P14000,CF311P14000,117.0,0.0,0.0,0.0,2,30.0,677.0,1,118.0,125.0,125.0,34.0,18.0,2124.0,98
2023-05-11 10:38:01,CF311P14000,CF311P14000,117.0,0.0,0.0,0.0,2,30.0,674.0,1,118.0,125.0,125.0,34.0,18.0,2124.0,98
2023-05-11 10:38:06,CF311P14000,CF311P14000,117.0,0.0,0.0,0.0,2,30.0,673.0,1,118.0,125.0,125.0,34.0,18.0,2124.0,98
2023-05-11 10:38:06,CF311P14000,CF311P14000,117.0,0.0,0.0,0.0,2,30.0,670.0,1,118.0,125.0,125.0,34.0,18.0,2124.0,98
2023-05-11 10:38:13,CF311P14000,CF311P14000,117.0,0.0,0.0,0.0,2,30.0,669.0,1,118.0,125.0,125.0,34.0,18.0,2124.0,98
2023-05-11 10:38:13,CF311P14000,CF311P14000,117.0,0.0,0.0,0.0,2,30.0,666.0,1,118.0,125.0,125.0,34.0,18.0,2124.0,98
2023-05-11 10:38:20,CF311P14000,CF311P14000,117.0,0.0,0.0,0.0,2,30.0,665.0,1,118.0,125.0,125.0,34.0,18.0,2124.0,98
2023-05-11 10:38:20,CF311P14000,CF311P14000,117.0,0.0,0.0,0.0,2,30.0,662.0,1,118.0,125.0,125.0,34.0,18.0,2124.0,98
2023-05-11 10:38:26,CF311P14000,CF311P14000,117.0,0.0,0.0,0.0,2,30.0,661.0,1,118.0,125.0,125.0,34.0,18.0,2124.0,98
2023-05-11 10:38:27,CF311P14000,CF311P14000,117.0,0.0,0.0,0.0,2,30.0,658.0,1,118.0,125.0,125.0,34.0,18.0,2124.0,98
2023-05-11 10:38:33,CF311P14000,CF311P14000,117.0,0.0,0.0,0.0,2,30.0,657.0,1,118.0,125.0,125.0,34.0,18.0,2124.0,98
2023-05-11 10:38:34,CF311P14000,CF311P14000,117.0,0.0,0.0,0.0,2,30.0,654.0,1,118.0,125.0,125.0,34.0,18.0,2124.0,98
2023-05-11 10:38:40,CF311P14000,CF311P14000,117.0,0.0,0.0,0.0,2,30.0,653.0,1,118.0,125.0,125.0,34.0,18.0,2124.0,98
2023-05-11 10:38:41,CF311P14000,CF311P14000,117.0,0.0,0.0,0.0,2,30.0,650.0,1,118.0,125.0,125.0,34.0,18.0,2124.0,98
2023-05-11 10:38:47,CF311P14000,CF311P14000,117.0,0.0,0.0,0.0,2,30.0,649.0,1,118.0,125.0,125.0,34.0,18.0,2124.0,98
2023-05-11 10:38:48,CF311P14000,CF311P14000,117.0,0.0,0.0,0.0,2,30.0,646.0,1,118.0,125.0,125.0,34.0,18.0,2124.0,98
2023-05-11 10:38:54,CF311P14000,CF311P14000,117.0,0.0,0.0,0.0,2,30.0,645.0,1,118.0,125.0,125.0,34.0,18.0,2124.0,98
2023-05-11 10:38:55,CF311P14000,CF311P14000,117.0,0.0,0.0,0.0,2,30.0,642.0,1,118.0,125.0,125.0,34.0,18.0,2124.0,98
2023-05-11 10:39:02,CF311P14000,CF311P14000,117.0,0.0,0.0,0.0,2,30.0,641.0,1,118.0,125.0,125.0,34.0,18.0,2124.0,98
2023-05-11 10:39:03,CF311P14000,CF311P14000,117.0,0.0,0.0,0.0,2,30.0,638.0,1,118.0,125.0,125.0,34.0,18.0,2124.0,98
2023-05-11 10:39:08,CF311P14000,CF311P14000,117.0,0.0,0.0,0.0,2,30.0,637.0,1,118.0,125.0,125.0,34.0,18.0,2124.0,98
2023-05-11 10:39:09,CF311P14000,CF311P14000,117.0,0.0,0.0,0.0,2,30.0,634.0,1,118.0,125.0,125.0,34.0,18.0,2124.0,98
2023-05-11 10:39:20,CF311P14000,CF311P14000,117.0,0.0,0.0,0.0,2,30.0,633.0,1,118.0,125.0,125.0,34.0,18.0,2124.0,98
2023-05-11 10:39:20,CF311P14000,CF311P14000,117.0,0.0,0.0,0.0,2,30.0,630.0,1,118.0,125.0,125.0,34.0,18.0,2124.0,98
2023-05-11 10:39:25,CF311P14000,CF311P14000,117.0,0.0,0.0,0.0,2,30.0,629.0,1,118.0,125.0,125.0,34.0,18.0,2124.0,98
2023-05-11 10:39:26,CF311P14000,CF311P14000,117.0,0.0,0.0,0.0,2,30.0,626.0,1,118.0,125.0,125.0,34.0,18.0,2124.0,98
2023-05-11 10:39:32,CF311P14000,CF311P14000,117.0,0.0,0.0,0.0,2,30.0,625.0,1,118.0,125.0,125.0,34.0,18.0,2124.0,98
2023-05-11 10:39:32,CF311P14000,CF311P14000,117.0,0.0,0.0,0.0,2,30.0,622.0,1,118.0,125.0,125.0,34.0,18.0,2124.0,98
2023-05-11 10:39:36,CF311P14000,CF311P14000,117.0,0.0,0.0,0.0,2,30.0,621.0,1,118.0,125.0,125.0,34.0,18.0,2124.0,98
2023-05-11 10:39:36,CF311P14000,CF311P14000,117.0,0.0,0.0,0.0,2,30.0,618.0,1,118.0,125.0,125.0,34.0,18.0,2124.0,98
2023-05-11 10:39:43,CF311P14000,CF311P14000,117.0,0.0,0.0,0.0,2,30.0,617.0,1,118.0,125.0,125.0,34.0,18.0,2124.0,98
2023-05-11 10:39:44,CF311P14000,CF311P14000,117.0,0.0,0.0,0.0,2,30.0,614.0,1,118.0,125.0,125.0,34.0,18.0,2124.0,98
2023-05-11 10:39:51,CF311P14000,CF311P14000,117.0,0.0,0.0,0.0,2,30.0,613.0,1,118.0,125.0,125.0,34.0,18.0,2124.0,98
2023-05-11 10:39:51,CF311P14000,CF311P14000,117.0,0.0,0.0,0.0,2,30.0,610.0,1,118.0,125.0,125.0,34.0,18.0,2124.0,98
2023-05-11 10:39:57,CF311P14000,CF311P14000,117.0,0.0,0.0,0.0,2,30.0,609.0,1,118.0,125.0,125.0,34.0,18.0,2124.0,98
2023-05-11 10:39:58,CF311P14000,CF311P14000,117.0,0.0,0.0,0.0,2,30.0,606.0,1,118.0,125.0,125.0,34.0,18.0,2124.0,98
2023-05-11 10:40:10,CF311P14000,CF311P14000,117.0,0.0,0.0,0.0,2,30.0,605.0,1,118.0,125.0,125.0,34.0,18.0,2124.0,98
2023-05-11 10:40:10,CF311P14000,CF311P14000,117.0,0.0,0.0,0.0,2,30.0,602.0,1,118.0,125.0,125.0,34.0,18.0,2124.0,98
2023-05-11 10:40:23,CF311P14000,CF311P14000,117.0,0.0,0.0,0.0,2,30.0,601.0,1,118.0,125.0,125.0,34.0,18.0,2124.0,98
2023-05-11 10:40:23,CF311P14000,CF311P14000,117.0,0.0,0.0,0.0,2,30.0,598.0,1,118.0,125.0,125.0,34.0,18.0,2124.0,98
2023-05-11 10:40:28,CF311P14000,CF311P14000,117.0,0.0,0.0,0.0,2,30.0,597.0,1,118.0,125.0,125.0,34.0,18.0,2124.0,98
2023-05-11 10:40:28,CF311P14000,CF311P14000,117.0,0.0,0.0,0.0,2,30.0,594.0,1,118.0,125.0,125.0,34.0,18.0,2124.0,98
2023-05-11 10:40:36,CF311P14000,CF311P14000,117.0,0.0,0.0,0.0,2,30.0,593.0,1,118.0,125.0,125.0,34.0,18.0,2124.0,98
2023-05-11 10:40:36,CF311P14000,CF311P14000,117.0,0.0,0.0,0.0,2,30.0,590.0,1,118.0,125.0,125.0,34.0,18.0,2124.0,98
2023-05-11 10:40:43,CF311P14000,CF311P14000,117.0,0.0,0.0,0.0,2,30.0,589.0,1,118.0,125.0,125.0,34.0,18.0,2124.0,98
2023-05-11 10:40:43,CF311P14000,CF311P14000,117.0,0.0,0.0,0.0,2,30.0,586.0,1,118.0,125.0,125.0,34.0,18.0,2124.0,98
2023-05-11 10:40:54,CF311P14000,CF311P14000,117.0,0.0,0.0,0.0,2,30.0,585.0,1,118.0,125.0,125.0,34.0,18.0,2124.0,98
2023-05-11 10:40:54,CF311P14000,CF311P14000,117.0,0.0,0.0,0.0,2,30.0,582.0,1,118.0,125.0,125.0,34.0,18.0,2124.0,98
2023-05-11 10:41:00,CF311P14000,CF311P14000,117.0,0.0,0.0,0.0,2,30.0,581.0,1,118.0,125.0,125.0,34.0,18.0,2124.0,98
2023-05-11 10:41:00,CF311P14000,CF311P14000,117.0,0.0,0.0,0.0,2,30.0,578.0,1,118.0,125.0,125.0,34.0,18.0,2124.0,98
2023-05-11 10:41:07,CF311P14000,CF311P14000,117.0,0.0,0.0,0.0,2,30.0,577.0,1,118.0,125.0,125.0,34.0,18.0,2124.0,98
2023-05-11 10:41:07,CF311P14000,CF311P14000,117.0,0.0,0.0,0.0,2,30.0,574.0,1,118.0,125.0,125.0,34.0,18.0,2124.0,98
2023-05-11 10:41:13,CF311P14000,CF311P14000,117.0,0.0,0.0,0.0,2,30.0,573.0,1,118.0,125.0,125.0,34.0,18.0,2124.0,98
2023-05-11 10:41:14,CF311P14000,CF311P14000,117.0,0.0,0.0,0.0,2,30.0,570.0,1,118.0,125.0,125.0,34.0,18.0,2124.0,98
2023-05-11 10:41:25,CF311P14000,CF311P14000,117.0,0.0,0.0,0.0,2,30.0,569.0,1,118.0,125.0,125.0,34.0,18.0,2124.0,98
2023-05-11 10:41:25,CF311P14000,CF311P14000,117.0,0.0,0.0,0.0,2,30.0,566.0,1,118.0,125.0,125.0,34.0,18.0,2124.0,98
2023-05-11 10:41:32,CF311P14000,CF311P14000,117.0,0.0,0.0,0.0,2,30.0,565.0,1,118.0,125.0,125.0,34.0,18.0,2124.0,98
2023-05-11 10:41:32,CF311P14000,CF311P14000,117.0,0.0,0.0,0.0,2,30.0,562.0,1,118.0,125.0,125.0,34.0,18.0,2124.0,98
2023-05-11 10:41:40,CF311P14000,CF311P14000,117.0,0.0,0.0,0.0,2,30.0,561.0,1,118.0,125.0,125.0,34.0,18.0,2124.0,98
2023-05-11 10:41:41,CF311P14000,CF311P14000,117.0,0.0,0.0,0.0,2,30.0,558.0,1,118.0,125.0,125.0,34.0,18.0,2124.0,98
2023-05-11 10:41:43,CF311P14000,CF311P14000,117.0,0.0,0.0,0.0,2,30.0,557.0,1,118.0,125.0,125.0,34.0,18.0,2124.0,98
2023-05-11 10:41:43,CF311P14000,CF311P14000,117.0,0.0,0.0,0.0,2,30.0,554.0,1,118.0,125.0,125.0,34.0,18.0,2124.0,98
2023-05-11 10:41:51,CF311P14000,CF311P14000,117.0,0.0,0.0,0.0,2,30.0,553.0,1,118.0,125.0,125.0,34.0,18.0,2124.0,98
2023-05-11 10:41:51,CF311P14000,CF311P14000,117.0,0.0,0.0,0.0,2,30.0,550.0,1,118.0,125.0,125.0,34.0,18.0,2124.0,98
2023-05-11 10:41:56,CF311P14000,CF311P14000,117.0,0.0,0.0,0.0,2,30.0,549.0,1,118.0,125.0,125.0,34.0,18.0,2124.0,98
2023-05-11 10:41:56,CF311P14000,CF311P14000,117.0,0.0,0.0,0.0,2,30.0,546.0,1,118.0,125.0,125.0,34.0,18.0,2124.0,98
2023-05-11 10:42:54,CF311P14000,CF311P14000,117.0,0.0,0.0,0.0,2,30.0,545.0,1,118.0,125.0,125.0,34.0,18.0,2124.0,98
2023-05-11 10:42:54,CF311P14000,CF311P14000,117.0,0.0,0.0,0.0,2,30.0,542.0,1,118.0,125.0,125.0,34.0,18.0,2124.0,98
2023-05-11 10:49:59,CF311P14000,CF311P14000,117.0,0.0,0.0,0.0,2,30.0,541.0,1,118.0,125.0,125.0,34.0,18.0,2124.0,98
2023-05-11 10:50:00,CF311P14000,CF311P14000,117.0,0.0,0.0,0.0,2,30.0,538.0,1,118.0,125.0,125.0,34.0,18.0,2124.0,98
2023-05-11 11:27:07,CF311P14000,CF311P14000,117.0,0.0,0.0,0.0,11,10.0,538.0,1,118.0,125.0,125.0,34.0,18.0,2124.0,98
2023-05-11 11:27:07,CF311P14000,CF311P14000,117.0,0.0,0.0,0.0,1,13.0,538.0,1,118.0,125.0,125.0,34.0,18.0,2124.0,98
2023-05-11 11:27:36,CF311P14000,CF311P14000,117.0,0.0,0.0,0.0,1,13.0,537.0,1,118.0,125.0,125.0,34.0,18.0,2124.0,98
2023-05-11 11:27:36,CF311P14000,CF311P14000,117.0,0.0,0.0,0.0,1,13.0,534.0,1,118.0,125.0,125.0,34.0,18.0,2124.0,98
2023-05-11 11:27:59,CF311P14000,CF311P14000,117.0,0.0,0.0,0.0,11,10.0,534.0,1,118.0,125.0,125.0,34.0,18.0,2124.0,98
2023-05-11 11:29:54,CF311P14000,CF311P14000,117.0,0.0,0.0,0.0,11,10.0,537.0,1,118.0,125.0,125.0,34.0,18.0,2124.0,98
2023-05-11 13:31:30,CF311P14000,CF311P14000,117.0,0.0,0.0,0.0,2,11.0,537.0,1,118.0,125.0,125.0,34.0,18.0,2124.0,98
2023-05-11 13:31:30,CF311P14000,CF311P14000,117.0,0.0,0.0,0.0,1,14.0,534.0,1,118.0,125.0,125.0,34.0,18.0,2124.0,98
2023-05-11 13:32:54,CF311P14000,CF311P14000,117.0,0.0,0.0,0.0,2,15.0,534.0,1,118.0,125.0,125.0,34.0,18.0,2124.0,98
2023-05-11 13:32:55,CF311P14000,CF311P14000,117.0,0.0,0.0,0.0,1,18.0,534.0,1,118.0,125.0,125.0,34.0,18.0,2124.0,98
2023-05-11 13:32:59,CF311P14000,CF311P14000,117.0,0.0,0.0,0.0,2,26.0,534.0,1,118.0,125.0,125.0,34.0,18.0,2124.0,98
2023-05-11 13:36:32,CF311P14000,CF311P14000,117.0,0.0,0.0,0.0,2,26.0,533.0,1,118.0,125.0,125.0,34.0,18.0,2124.0,98
2023-05-11 13:36:32,CF311P14000,CF311P14000,117.0,0.0,0.0,0.0,2,26.0,530.0,1,118.0,125.0,125.0,34.0,18.0,2124.0,98
2023-05-11 13:38:55,CF311P14000,CF311P14000,117.0,0.0,0.0,0.0,2,26.0,529.0,1,118.0,125.0,125.0,34.0,18.0,2124.0,98
2023-05-11 13:38:56,CF311P14000,CF311P14000,117.0,0.0,0.0,0.0,1,29.0,526.0,1,118.0,125.0,125.0,34.0,18.0,2124.0,98
2023-05-11 13:39:09,CF311P14000,CF311P14000,117.0,0.0,0.0,0.0,1,29.0,525.0,1,118.0,125.0,125.0,34.0,18.0,2124.0,98
2023-05-11 13:39:10,CF311P14000,CF311P14000,117.0,0.0,0.0,0.0,1,29.0,522.0,1,118.0,125.0,125.0,34.0,18.0,2124.0,98
2023-05-11 13:40:20,CF311P14000,CF311P14000,117.0,0.0,0.0,0.0,1,29.0,521.0,1,118.0,125.0,125.0,34.0,18.0,2124.0,98
2023-05-11 13:40:20,CF311P14000,CF311P14000,117.0,0.0,0.0,0.0,1,29.0,518.0,1,118.0,125.0,125.0,34.0,18.0,2124.0,98
2023-05-11 13:40:29,CF311P14000,CF311P14000,117.0,0.0,0.0,0.0,1,29.0,517.0,1,118.0,125.0,125.0,34.0,18.0,2124.0,98
2023-05-11 13:40:29,CF311P14000,CF311P14000,117.0,0.0,0.0,0.0,1,29.0,514.0,1,118.0,125.0,125.0,34.0,18.0,2124.0,98
2023-05-11 13:40:40,CF311P14000,CF311P14000,117.0,0.0,0.0,0.0,11,10.0,514.0,1,118.0,125.0,125.0,34.0,18.0,2124.0,98
2023-05-11 13:40:40,CF311P14000,CF311P14000,117.0,0.0,0.0,0.0,2,18.0,514.0,1,118.0,125.0,125.0,34.0,18.0,2124.0,98
2023-05-11 13:40:41,CF311P14000,CF311P14000,117.0,0.0,0.0,0.0,1,21.0,514.0,1,118.0,125.0,125.0,34.0,18.0,2124.0,98
2023-05-11 13:40:42,CF311P14000,CF311P14000,117.0,0.0,0.0,0.0,2,22.0,514.0,1,118.0,125.0,125.0,34.0,18.0,2124.0,98
2023-05-11 13:40:42,CF311P14000,CF311P14000,117.0,0.0,0.0,0.0,1,25.0,514.0,1,118.0,125.0,125.0,34.0,18.0,2124.0,98
2023-05-11 13:40:43,CF311P14000,CF311P14000,117.0,0.0,0.0,0.0,2,26.0,514.0,1,118.0,125.0,125.0,34.0,18.0,2124.0,98
2023-05-11 13:40:50,CF311P14000,CF311P14000,117.0,0.0,0.0,0.0,2,26.0,513.0,1,118.0,125.0,125.0,34.0,18.0,2124.0,98
2023-05-11 13:40:50,CF311P14000,CF311P14000,117.0,0.0,0.0,0.0,2,26.0,510.0,1,118.0,125.0,125.0,34.0,18.0,2124.0,98
2023-05-11 13:41:01,CF311P14000,CF311P14000,117.0,0.0,0.0,0.0,2,26.0,509.0,1,118.0,125.0,125.0,34.0,18.0,2124.0,98
2023-05-11 13:41:02,CF311P14000,CF311P14000,117.0,0.0,0.0,0.0,2,26.0,506.0,1,118.0,125.0,125.0,34.0,18.0,2124.0,98
2023-05-11 13:41:12,CF311P14000,CF311P14000,117.0,0.0,0.0,0.0,2,26.0,505.0,1,118.0,125.0,125.0,34.0,18.0,2124.0,98
2023-05-11 13:41:12,CF311P14000,CF311P14000,117.0,0.0,0.0,0.0,2,26.0,502.0,1,118.0,125.0,125.0,34.0,18.0,2124.0,98
2023-05-11 13:41:19,CF311P14000,CF311P14000,117.0,0.0,0.0,0.0,2,26.0,501.0,1,118.0,125.0,125.0,34.0,18.0,2124.0,98
2023-05-11 13:41:19,CF311P14000,CF311P14000,117.0,0.0,0.0,0.0,2,26.0,498.0,1,118.0,125.0,125.0,34.0,18.0,2124.0,98
2023-05-11 13:41:28,CF311P14000,CF311P14000,117.0,0.0,0.0,0.0,2,26.0,497.0,1,118.0,125.0,125.0,34.0,18.0,2124.0,98
2023-05-11 13:41:28,CF311P14000,CF311P14000,117.0,0.0,0.0,0.0,2,26.0,494.0,1,118.0,125.0,125.0,34.0,18.0,2124.0,98
2023-05-11 13:41:36,CF311P14000,CF311P14000,117.0,0.0,0.0,0.0,2,26.0,493.0,1,118.0,125.0,125.0,34.0,18.0,2124.0,98
2023-05-11 13:41:36,CF311P14000,CF311P14000,117.0,0.0,0.0,0.0,2,26.0,490.0,1,118.0,125.0,125.0,34.0,18.0,2124.0,98
2023-05-11 13:41:43,CF311P14000,CF311P14000,117.0,0.0,0.0,0.0,2,26.0,489.0,1,118.0,125.0,125.0,34.0,18.0,2124.0,98
2023-05-11 13:41:43,CF311P14000,CF311P14000,117.0,0.0,0.0,0.0,2,26.0,486.0,1,118.0,125.0,125.0,34.0,18.0,2124.0,98
2023-05-11 13:41:49,CF311P14000,CF311P14000,117.0,0.0,0.0,0.0,2,26.0,485.0,1,118.0,125.0,125.0,34.0,18.0,2124.0,98
2023-05-11 13:41:49,CF311P14000,CF311P14000,117.0,0.0,0.0,0.0,2,26.0,482.0,1,118.0,125.0,125.0,34.0,18.0,2124.0,98
2023-05-11 13:41:57,CF311P14000,CF311P14000,117.0,0.0,0.0,0.0,2,26.0,481.0,1,118.0,125.0,125.0,34.0,18.0,2124.0,98
2023-05-11 13:41:57,CF311P14000,CF311P14000,117.0,0.0,0.0,0.0,2,26.0,478.0,1,118.0,125.0,125.0,34.0,18.0,2124.0,98
2023-05-11 13:42:02,CF311P14000,CF311P14000,117.0,0.0,0.0,0.0,2,26.0,477.0,1,118.0,125.0,125.0,34.0,18.0,2124.0,98
2023-05-11 13:42:02,CF311P14000,CF311P14000,117.0,0.0,0.0,0.0,2,26.0,474.0,1,118.0,125.0,125.0,34.0,18.0,2124.0,98
2023-05-11 13:42:06,CF311P14000,CF311P14000,117.0,0.0,0.0,0.0,2,26.0,473.0,1,118.0,125.0,125.0,34.0,18.0,2124.0,98
2023-05-11 13:42:06,CF311P14000,CF311P14000,117.0,0.0,0.0,0.0,2,26.0,470.0,1,118.0,125.0,125.0,34.0,18.0,2124.0,98
2023-05-11 13:42:06,CF311P14000,CF311P14000,117.0,0.0,0.0,0.0,2,26.0,473.0,1,118.0,125.0,125.0,34.0,18.0,2124.0,98
2023-05-11 13:42:06,CF311P14000,CF311P14000,117.0,0.0,0.0,0.0,2,26.0,470.0,1,118.0,125.0,125.0,34.0,18.0,2124.0,98
2023-05-11 13:42:14,CF311P14000,CF311P14000,117.0,0.0,0.0,0.0,2,26.0,469.0,1,118.0,125.0,125.0,34.0,18.0,2124.0,98
2023-05-11 13:42:14,CF311P14000,CF311P14000,117.0,0.0,0.0,0.0,2,26.0,466.0,1,118.0,125.0,125.0,34.0,18.0,2124.0,98
2023-05-11 13:42:22,CF311P14000,CF311P14000,117.0,0.0,0.0,0.0,2,26.0,465.0,1,118.0,125.0,125.0,34.0,18.0,2124.0,98
2023-05-11 13:42:22,CF311P14000,CF311P14000,117.0,0.0,0.0,0.0,2,26.0,462.0,1,118.0,125.0,125.0,34.0,18.0,2124.0,98
2023-05-11 13:42:44,CF311P14000,CF311P14000,117.0,0.0,0.0,0.0,2,26.0,461.0,1,118.0,125.0,125.0,34.0,18.0,2124.0,98
2023-05-11 13:42:44,CF311P14000,CF311P14000,117.0,0.0,0.0,0.0,2,26.0,458.0,1,118.0,125.0,125.0,34.0,18.0,2124.0,98
2023-05-11 13:42:51,CF311P14000,CF311P14000,117.0,0.0,0.0,0.0,2,26.0,457.0,1,118.0,125.0,125.0,34.0,18.0,2124.0,98
2023-05-11 13:42:51,CF311P14000,CF311P14000,117.0,0.0,0.0,0.0,2,26.0,454.0,1,118.0,125.0,125.0,34.0,18.0,2124.0,98
2023-05-11 13:43:00,CF311P14000,CF311P14000,117.0,0.0,0.0,0.0,2,26.0,453.0,1,118.0,125.0,125.0,34.0,18.0,2124.0,98
2023-05-11 13:43:01,CF311P14000,CF311P14000,117.0,0.0,0.0,0.0,2,26.0,450.0,1,118.0,125.0,125.0,34.0,18.0,2124.0,98
2023-05-11 13:43:11,CF311P14000,CF311P14000,117.0,0.0,0.0,0.0,2,26.0,449.0,1,118.0,125.0,125.0,34.0,18.0,2124.0,98
2023-05-11 13:43:11,CF311P14000,CF311P14000,117.0,0.0,0.0,0.0,2,26.0,446.0,1,118.0,125.0,125.0,34.0,18.0,2124.0,98
2023-05-11 13:43:29,CF311P14000,CF311P14000,117.0,0.0,0.0,0.0,2,26.0,445.0,1,118.0,125.0,125.0,34.0,18.0,2124.0,98
2023-05-11 13:43:29,CF311P14000,CF311P14000,117.0,0.0,0.0,0.0,2,26.0,442.0,1,118.0,125.0,125.0,34.0,18.0,2124.0,98
2023-05-11 13:43:50,CF311P14000,CF311P14000,117.0,0.0,0.0,0.0,2,26.0,441.0,1,118.0,125.0,125.0,34.0,18.0,2124.0,98
2023-05-11 13:43:51,CF311P14000,CF311P14000,117.0,0.0,0.0,0.0,2,26.0,438.0,1,118.0,125.0,125.0,34.0,18.0,2124.0,98
2023-05-11 13:43:57,CF311P14000,CF311P14000,117.0,0.0,0.0,0.0,2,26.0,437.0,1,118.0,125.0,125.0,34.0,18.0,2124.0,98
2023-05-11 13:43:57,CF311P14000,CF311P14000,117.0,0.0,0.0,0.0,2,26.0,434.0,1,118.0,125.0,125.0,34.0,18.0,2124.0,98
2023-05-11 13:44:07,CF311P14000,CF311P14000,117.0,0.0,0.0,0.0,2,26.0,433.0,1,118.0,125.0,125.0,34.0,18.0,2124.0,98
2023-05-11 13:44:08,CF311P14000,CF311P14000,117.0,0.0,0.0,0.0,2,26.0,430.0,1,118.0,125.0,125.0,34.0,18.0,2124.0,98
2023-05-11 13:44:15,CF311P14000,CF311P14000,117.0,0.0,0.0,0.0,2,26.0,429.0,1,118.0,125.0,125.0,34.0,18.0,2124.0,98
2023-05-11 13:44:15,CF311P14000,CF311P14000,117.0,0.0,0.0,0.0,2,26.0,426.0,1,118.0,125.0,125.0,34.0,18.0,2124.0,98
2023-05-11 13:44:23,CF311P14000,CF311P14000,117.0,0.0,0.0,0.0,2,26.0,425.0,1,118.0,125.0,125.0,34.0,18.0,2124.0,98
2023-05-11 13:44:23,CF311P14000,CF311P14000,117.0,0.0,0.0,0.0,2,26.0,422.0,1,118.0,125.0,125.0,34.0,18.0,2124.0,98
2023-05-11 13:44:28,CF311P14000,CF311P14000,117.0,0.0,0.0,0.0,2,26.0,421.0,1,118.0,125.0,125.0,34.0,18.0,2124.0,98
2023-05-11 13:44:29,CF311P14000,CF311P14000,117.0,0.0,0.0,0.0,2,26.0,418.0,1,118.0,125.0,125.0,34.0,18.0,2124.0,98
2023-05-11 13:44:35,CF311P14000,CF311P14000,117.0,0.0,0.0,0.0,2,26.0,417.0,1,118.0,125.0,125.0,34.0,18.0,2124.0,98
2023-05-11 13:44:35,CF311P14000,CF311P14000,117.0,0.0,0.0,0.0,2,26.0,414.0,1,118.0,125.0,125.0,34.0,18.0,2124.0,98
2023-05-11 13:44:35,CF311P14000,CF311P14000,117.0,0.0,0.0,0.0,2,26.0,417.0,1,118.0,125.0,125.0,34.0,18.0,2124.0,98
2023-05-11 13:44:35,CF311P14000,CF311P14000,117.0,0.0,0.0,0.0,2,26.0,414.0,1,118.0,125.0,125.0,34.0,18.0,2124.0,98
2023-05-11 13:44:41,CF311P14000,CF311P14000,117.0,0.0,0.0,0.0,2,26.0,413.0,1,118.0,125.0,125.0,34.0,18.0,2124.0,98
2023-05-11 13:44:41,CF311P14000,CF311P14000,117.0,0.0,0.0,0.0,2,26.0,410.0,1,118.0,125.0,125.0,34.0,18.0,2124.0,98
2023-05-11 13:44:52,CF311P14000,CF311P14000,117.0,0.0,0.0,0.0,2,26.0,409.0,1,118.0,125.0,125.0,34.0,18.0,2124.0,98
2023-05-11 13:44:52,CF311P14000,CF311P14000,117.0,0.0,0.0,0.0,2,26.0,406.0,1,118.0,125.0,125.0,34.0,18.0,2124.0,98
2023-05-11 13:44:59,CF311P14000,CF311P14000,117.0,0.0,0.0,0.0,2,26.0,405.0,1,118.0,125.0,125.0,34.0,18.0,2124.0,98
2023-05-11 13:44:59,CF311P14000,CF311P14000,117.0,0.0,0.0,0.0,2,26.0,402.0,1,118.0,125.0,125.0,34.0,18.0,2124.0,98
2023-05-11 13:45:06,CF311P14000,CF311P14000,117.0,0.0,0.0,0.0,2,26.0,401.0,1,118.0,125.0,125.0,34.0,18.0,2124.0,98
2023-05-11 13:45:06,CF311P14000,CF311P14000,117.0,0.0,0.0,0.0,2,26.0,398.0,1,118.0,125.0,125.0,34.0,18.0,2124.0,98
2023-05-11 13:45:16,CF311P14000,CF311P14000,117.0,0.0,0.0,0.0,2,26.0,397.0,1,118.0,125.0,125.0,34.0,18.0,2124.0,98
2023-05-11 13:45:17,CF311P14000,CF311P14000,117.0,0.0,0.0,0.0,2,26.0,394.0,1,118.0,125.0,125.0,34.0,18.0,2124.0,98
2023-05-11 13:45:26,CF311P14000,CF311P14000,117.0,0.0,0.0,0.0,2,26.0,393.0,1,118.0,125.0,125.0,34.0,18.0,2124.0,98
2023-05-11 13:45:26,CF311P14000,CF311P14000,117.0,0.0,0.0,0.0,2,26.0,390.0,1,118.0,125.0,125.0,34.0,18.0,2124.0,98
2023-05-11 13:45:37,CF311P14000,CF311P14000,117.0,0.0,0.0,0.0,2,26.0,389.0,1,118.0,125.0,125.0,34.0,18.0,2124.0,98
2023-05-11 13:45:38,CF311P14000,CF311P14000,117.0,0.0,0.0,0.0,2,26.0,386.0,1,118.0,125.0,125.0,34.0,18.0,2124.0,98
2023-05-11 13:45:44,CF311P14000,CF311P14000,117.0,0.0,0.0,0.0,2,26.0,385.0,1,118.0,125.0,125.0,34.0,18.0,2124.0,98
2023-05-11 13:45:45,CF311P14000,CF311P14000,117.0,0.0,0.0,0.0,2,26.0,382.0,1,118.0,125.0,125.0,34.0,18.0,2124.0,98
2023-05-11 13:45:51,CF311P14000,CF311P14000,117.0,0.0,0.0,0.0,2,26.0,381.0,1,118.0,125.0,125.0,34.0,18.0,2124.0,98
2023-05-11 13:45:51,CF311P14000,CF311P14000,117.0,0.0,0.0,0.0,2,26.0,378.0,1,118.0,125.0,125.0,34.0,18.0,2124.0,98
2023-05-11 13:45:59,CF311P14000,CF311P14000,117.0,0.0,0.0,0.0,2,26.0,377.0,1,118.0,125.0,125.0,34.0,18.0,2124.0,98
2023-05-11 13:45:59,CF311P14000,CF311P14000,117.0,0.0,0.0,0.0,2,26.0,374.0,1,118.0,125.0,125.0,34.0,18.0,2124.0,98
2023-05-11 13:46:09,CF311P14000,CF311P14000,117.0,0.0,0.0,0.0,2,26.0,373.0,1,118.0,125.0,125.0,34.0,18.0,2124.0,98
2023-05-11 13:46:09,CF311P14000,CF311P14000,117.0,0.0,0.0,0.0,2,26.0,370.0,1,118.0,125.0,125.0,34.0,18.0,2124.0,98
2023-05-11 13:46:14,CF311P14000,CF311P14000,117.0,0.0,0.0,0.0,2,26.0,369.0,1,118.0,125.0,125.0,34.0,18.0,2124.0,98
2023-05-11 13:46:14,CF311P14000,CF311P14000,117.0,0.0,0.0,0.0,2,26.0,366.0,1,118.0,125.0,125.0,34.0,18.0,2124.0,98
2023-05-11 13:46:22,CF311P14000,CF311P14000,117.0,0.0,0.0,0.0,2,26.0,365.0,1,118.0,125.0,125.0,34.0,18.0,2124.0,98
2023-05-11 13:46:23,CF311P14000,CF311P14000,117.0,0.0,0.0,0.0,2,26.0,362.0,1,118.0,125.0,125.0,34.0,18.0,2124.0,98
2023-05-11 13:46:35,CF311P14000,CF311P14000,117.0,0.0,0.0,0.0,2,26.0,361.0,1,118.0,125.0,125.0,34.0,18.0,2124.0,98
2023-05-11 13:46:35,CF311P14000,CF311P14000,117.0,0.0,0.0,0.0,2,26.0,358.0,1,118.0,125.0,125.0,34.0,18.0,2124.0,98
2023-05-11 13:46:45,CF311P14000,CF311P14000,117.0,0.0,0.0,0.0,2,26.0,357.0,1,118.0,125.0,125.0,34.0,18.0,2124.0,98
2023-05-11 13:46:45,CF311P14000,CF311P14000,117.0,0.0,0.0,0.0,2,26.0,354.0,1,118.0,125.0,125.0,34.0,18.0,2124.0,98
2023-05-11 13:46:50,CF311P14000,CF311P14000,117.0,0.0,0.0,0.0,2,26.0,353.0,1,118.0,125.0,125.0,34.0,18.0,2124.0,98
2023-05-11 13:46:50,CF311P14000,CF311P14000,117.0,0.0,0.0,0.0,2,26.0,350.0,1,118.0,125.0,125.0,34.0,18.0,2124.0,98
2023-05-11 13:46:54,CF311P14000,CF311P14000,117.0,0.0,0.0,0.0,2,26.0,349.0,1,118.0,125.0,125.0,34.0,18.0,2124.0,98
2023-05-11 13:46:55,CF311P14000,CF311P14000,117.0,0.0,0.0,0.0,2,26.0,346.0,1,118.0,125.0,125.0,34.0,18.0,2124.0,98
2023-05-11 13:46:59,CF311P14000,CF311P14000,117.0,0.0,0.0,0.0,2,26.0,345.0,1,118.0,125.0,125.0,34.0,18.0,2124.0,98
2023-05-11 13:47:00,CF311P14000,CF311P14000,117.0,0.0,0.0,0.0,2,26.0,342.0,1,118.0,125.0,125.0,34.0,18.0,2124.0,98
2023-05-11 13:47:03,CF311P14000,CF311P14000,117.0,0.0,0.0,0.0,2,26.0,341.0,1,118.0,125.0,125.0,34.0,18.0,2124.0,98
2023-05-11 13:47:04,CF311P14000,CF311P14000,117.0,0.0,0.0,0.0,2,26.0,338.0,1,118.0,125.0,125.0,34.0,18.0,2124.0,98
2023-05-11 14:11:53,CF311P14000,CF311P14000,117.0,0.0,0.0,0.0,3,110.0,117.0,3,118.0,125.0,125.0,34.0,18.0,2124.0,98
2023-05-11 14:11:53,CF311P14000,CF311P14000,117.0,0.0,0.0,0.0,6,110.0,117.0,6,118.0,125.0,125.0,34.0,18.0,2124.0,98
2023-05-11 14:11:57,CF311P14000,CF311P14000,117.0,0.0,0.0,0.0,9,110.0,117.0,6,118.0,125.0,125.0,34.0,18.0,2124.0,98
2023-05-11 14:11:59,CF311P14000,CF311P14000,117.0,0.0,0.0,0.0,3,114.0,117.0,6,118.0,125.0,125.0,34.0,18.0,2124.0,98
2023-05-11 14:11:59,CF311P14000,CF311P14000,117.0,0.0,0.0,0.0,6,114.0,117.0,9,118.0,125.0,125.0,34.0,18.0,2124.0,98
2023-05-11 14:12:04,CF311P14000,CF311P14000,117.0,0.0,0.0,0.0,6,114.0,117.0,6,118.0,125.0,125.0,34.0,18.0,2124.0,98
2023-05-11 14:12:05,CF311P14000,CF311P14000,117.0,0.0,0.0,0.0,9,114.0,117.0,9,118.0,125.0,125.0,34.0,18.0,2124.0,98
2023-05-11 14:12:10,CF311P14000,CF311P14000,117.0,0.0,0.0,0.0,6,114.0,117.0,6,118.0,125.0,125.0,34.0,18.0,2124.0,98
2023-05-11 14:12:11,CF311P14000,CF311P14000,117.0,0.0,0.0,0.0,3,114.0,117.0,3,118.0,125.0,125.0,34.0,18.0,2124.0,98
2023-05-11 14:12:15,CF311P14000,CF311P14000,117.0,0.0,0.0,0.0,3,109.0,122.0,3,118.0,125.0,125.0,34.0,18.0,2124.0,98
2023-05-11 14:12:16,CF311P14000,CF311P14000,117.0,0.0,0.0,0.0,11,10.0,525.0,1,118.0,125.0,125.0,34.0,18.0,2124.0,98
2023-05-11 14:12:17,CF311P14000,CF311P14000,117.0,0.0,0.0,0.0,1,13.0,522.0,1,118.0,125.0,125.0,34.0,18.0,2124.0,98
2023-05-11 14:12:42,CF311P14000,CF311P14000,117.0,0.0,0.0,0.0,2,21.0,522.0,1,118.0,125.0,125.0,34.0,18.0,2124.0,98
2023-05-11 14:12:42,CF311P14000,CF311P14000,117.0,0.0,0.0,0.0,1,24.0,522.0,1,118.0,125.0,125.0,34.0,18.0,2124.0,98
2023-05-11 14:12:46,CF311P14000,CF311P14000,117.0,0.0,0.0,0.0,2,25.0,522.0,1,118.0,125.0,125.0,34.0,18.0,2124.0,98
2023-05-11 14:12:46,CF311P14000,CF311P14000,117.0,0.0,0.0,0.0,1,28.0,522.0,1,118.0,125.0,125.0,34.0,18.0,2124.0,98
2023-05-11 14:12:50,CF311P14000,CF311P14000,117.0,0.0,0.0,0.0,2,29.0,522.0,1,118.0,125.0,125.0,34.0,18.0,2124.0,98
2023-05-11 14:19:00,CF311P14000,CF311P14000,117.0,0.0,0.0,0.0,2,29.0,521.0,1,118.0,125.0,125.0,34.0,18.0,2124.0,98
2023-05-11 14:19:00,CF311P14000,CF311P14000,117.0,0.0,0.0,0.0,2,29.0,518.0,1,118.0,125.0,125.0,34.0,18.0,2124.0,98
2023-05-11 14:21:44,CF311P14000,CF311P14000,117.0,0.0,0.0,0.0,2,29.0,517.0,1,118.0,125.0,125.0,34.0,18.0,2124.0,98
2023-05-11 14:21:45,CF311P14000,CF311P14000,117.0,0.0,0.0,0.0,2,29.0,514.0,1,118.0,125.0,125.0,34.0,18.0,2124.0,98
2023-05-11 14:31:53,CF311P14000,CF311P14000,117.0,0.0,0.0,0.0,1,30.0,514.0,1,118.0,125.0,125.0,34.0,18.0,2124.0,98
2023-05-11 14:31:54,CF311P14000,CF311P14000,117.0,0.0,0.0,0.0,2,31.0,514.0,1,118.0,125.0,125.0,34.0,18.0,2124.0,98
2023-05-11 14:54:27,CF311P14000,CF311P14000,117.0,0.0,0.0,0.0,2,31.0,513.0,1,118.0,125.0,125.0,34.0,18.0,2124.0,98
2023-05-11 14:54:27,CF311P14000,CF311P14000,117.0,0.0,0.0,0.0,2,31.0,510.0,1,118.0,125.0,125.0,34.0,18.0,2124.0,98
2023-05-11 14:59:54,CF311P14000,CF311P14000,117.0,0.0,0.0,0.0,2,31.0,513.0,1,118.0,125.0,125.0,34.0,18.0,2124.0,98
