time,symbol_id,symbol_name,last,trade_volume,trade_amount,open_interest_change,bv1,bp1,ap1,av1,yesterday_close,today_open,today_high,today_low,volume,amount,open_interest
2023-05-10 19:12:58,CF311C17200,CF311C17200,390.0,0.0,0.0,0.0,0,0.0,0.0,0,390.0,177.0,0.0,0.0,0.0,0.0,40
2023-05-10 21:01:13,CF311C17200,CF311C17200,390.0,0.0,0.0,0.0,10,3.0,1306.0,10,390.0,177.0,0.0,0.0,0.0,0.0,40
2023-05-10 21:01:15,CF311C17200,CF311C17200,390.0,0.0,0.0,0.0,1,4.0,1306.0,10,390.0,177.0,0.0,0.0,0.0,0.0,40
2023-05-10 21:01:15,CF311C17200,CF311C17200,390.0,0.0,0.0,0.0,10,5.0,1306.0,10,390.0,177.0,0.0,0.0,0.0,0.0,40
2023-05-10 21:01:16,CF311C17200,CF311C17200,390.0,0.0,0.0,0.0,1,8.0,1303.0,1,390.0,177.0,0.0,0.0,0.0,0.0,40
2023-05-10 21:01:16,CF311C17200,CF311C17200,390.0,0.0,0.0,0.0,10,9.0,1302.0,10,390.0,177.0,0.0,0.0,0.0,0.0,40
2023-05-10 21:01:17,CF311C17200,CF311C17200,390.0,0.0,0.0,0.0,2,10.0,1302.0,10,390.0,177.0,0.0,0.0,0.0,0.0,40
2023-05-10 21:01:17,CF311C17200,CF311C17200,390.0,0.0,0.0,0.0,10,11.0,1302.0,10,390.0,177.0,0.0,0.0,0.0,0.0,40
2023-05-10 21:01:19,CF311C17200,CF311C17200,390.0,0.0,0.0,0.0,2,12.0,1302.0,10,390.0,177.0,0.0,0.0,0.0,0.0,40
2023-05-10 21:01:19,CF311C17200,CF311C17200,390.0,0.0,0.0,0.0,10,13.0,1302.0,10,390.0,177.0,0.0,0.0,0.0,0.0,40
2023-05-10 21:01:21,CF311C17200,CF311C17200,390.0,0.0,0.0,0.0,1,16.0,1302.0,10,390.0,177.0,0.0,0.0,0.0,0.0,40
2023-05-10 21:01:21,CF311C17200,CF311C17200,390.0,0.0,0.0,0.0,10,17.0,1302.0,10,390.0,177.0,0.0,0.0,0.0,0.0,40
2023-05-10 21:01:22,CF311C17200,CF311C17200,390.0,0.0,0.0,0.0,1,20.0,1299.0,1,390.0,177.0,0.0,0.0,0.0,0.0,40
2023-05-10 21:01:22,CF311C17200,CF311C17200,390.0,0.0,0.0,0.0,10,21.0,1298.0,10,390.0,177.0,0.0,0.0,0.0,0.0,40
2023-05-10 21:01:23,CF311C17200,CF311C17200,390.0,0.0,0.0,0.0,2,22.0,1298.0,10,390.0,177.0,0.0,0.0,0.0,0.0,40
2023-05-10 21:01:23,CF311C17200,CF311C17200,390.0,0.0,0.0,0.0,10,23.0,1298.0,10,390.0,177.0,0.0,0.0,0.0,0.0,40
2023-05-10 21:01:25,CF311C17200,CF311C17200,390.0,0.0,0.0,0.0,2,24.0,1298.0,10,390.0,177.0,0.0,0.0,0.0,0.0,40
2023-05-10 21:01:26,CF311C17200,CF311C17200,390.0,0.0,0.0,0.0,10,25.0,1298.0,10,390.0,177.0,0.0,0.0,0.0,0.0,40
2023-05-10 21:01:27,CF311C17200,CF311C17200,390.0,0.0,0.0,0.0,2,26.0,1298.0,10,390.0,177.0,0.0,0.0,0.0,0.0,40
2023-05-10 21:01:28,CF311C17200,CF311C17200,390.0,0.0,0.0,0.0,10,27.0,1298.0,10,390.0,177.0,0.0,0.0,0.0,0.0,40
2023-05-10 21:01:29,CF311C17200,CF311C17200,390.0,0.0,0.0,0.0,1,30.0,1298.0,10,390.0,177.0,0.0,0.0,0.0,0.0,40
2023-05-10 21:01:30,CF311C17200,CF311C17200,390.0,0.0,0.0,0.0,10,31.0,1298.0,10,390.0,177.0,0.0,0.0,0.0,0.0,40
2023-05-10 21:01:30,CF311C17200,CF311C17200,390.0,0.0,0.0,0.0,1,34.0,1295.0,1,390.0,177.0,0.0,0.0,0.0,0.0,40
2023-05-10 21:01:31,CF311C17200,CF311C17200,390.0,0.0,0.0,0.0,10,35.0,1294.0,10,390.0,177.0,0.0,0.0,0.0,0.0,40
2023-05-10 21:01:32,CF311C17200,CF311C17200,390.0,0.0,0.0,0.0,2,36.0,1294.0,10,390.0,177.0,0.0,0.0,0.0,0.0,40
2023-05-10 21:01:32,CF311C17200,CF311C17200,390.0,0.0,0.0,0.0,10,37.0,1294.0,10,390.0,177.0,0.0,0.0,0.0,0.0,40
2023-05-10 21:01:34,CF311C17200,CF311C17200,390.0,0.0,0.0,0.0,1,40.0,1291.0,1,390.0,177.0,0.0,0.0,0.0,0.0,40
2023-05-10 21:01:34,CF311C17200,CF311C17200,390.0,0.0,0.0,0.0,10,41.0,1290.0,10,390.0,177.0,0.0,0.0,0.0,0.0,40
2023-05-10 21:01:36,CF311C17200,CF311C17200,390.0,0.0,0.0,0.0,1,44.0,1287.0,1,390.0,177.0,0.0,0.0,0.0,0.0,40
2023-05-10 21:01:36,CF311C17200,CF311C17200,390.0,0.0,0.0,0.0,10,45.0,1286.0,10,390.0,177.0,0.0,0.0,0.0,0.0,40
2023-05-10 21:01:37,CF311C17200,CF311C17200,390.0,0.0,0.0,0.0,10,45.0,1276.0,1,390.0,177.0,0.0,0.0,0.0,0.0,40
2023-05-10 21:01:37,CF311C17200,CF311C17200,390.0,0.0,0.0,0.0,10,45.0,1275.0,10,390.0,177.0,0.0,0.0,0.0,0.0,40
2023-05-10 21:01:38,CF311C17200,CF311C17200,390.0,0.0,0.0,0.0,2,46.0,1275.0,10,390.0,177.0,0.0,0.0,0.0,0.0,40
2023-05-10 21:01:38,CF311C17200,CF311C17200,390.0,0.0,0.0,0.0,10,47.0,1275.0,10,390.0,177.0,0.0,0.0,0.0,0.0,40
2023-05-10 21:01:40,CF311C17200,CF311C17200,390.0,0.0,0.0,0.0,2,48.0,1275.0,10,390.0,177.0,0.0,0.0,0.0,0.0,40
2023-05-10 21:01:40,CF311C17200,CF311C17200,390.0,0.0,0.0,0.0,10,49.0,1275.0,10,390.0,177.0,0.0,0.0,0.0,0.0,40
2023-05-10 21:01:41,CF311C17200,CF311C17200,390.0,0.0,0.0,0.0,1,52.0,1272.0,1,390.0,177.0,0.0,0.0,0.0,0.0,40
2023-05-10 21:01:41,CF311C17200,CF311C17200,390.0,0.0,0.0,0.0,10,53.0,1271.0,10,390.0,177.0,0.0,0.0,0.0,0.0,40
2023-05-10 21:01:42,CF311C17200,CF311C17200,390.0,0.0,0.0,0.0,12,53.0,1271.0,10,390.0,177.0,0.0,0.0,0.0,0.0,40
2023-05-10 21:01:44,CF311C17200,CF311C17200,390.0,0.0,0.0,0.0,1,56.0,1268.0,1,390.0,177.0,0.0,0.0,0.0,0.0,40
2023-05-10 21:01:45,CF311C17200,CF311C17200,390.0,0.0,0.0,0.0,12,57.0,1267.0,10,390.0,177.0,0.0,0.0,0.0,0.0,40
2023-05-10 21:01:48,CF311C17200,CF311C17200,390.0,0.0,0.0,0.0,1,60.0,1264.0,1,390.0,177.0,0.0,0.0,0.0,0.0,40
2023-05-10 21:01:49,CF311C17200,CF311C17200,390.0,0.0,0.0,0.0,12,61.0,1263.0,10,390.0,177.0,0.0,0.0,0.0,0.0,40
2023-05-10 21:01:49,CF311C17200,CF311C17200,390.0,0.0,0.0,0.0,1,64.0,1260.0,1,390.0,177.0,0.0,0.0,0.0,0.0,40
2023-05-10 21:01:50,CF311C17200,CF311C17200,390.0,0.0,0.0,0.0,10,65.0,1259.0,10,390.0,177.0,0.0,0.0,0.0,0.0,40
2023-05-10 21:01:50,CF311C17200,CF311C17200,390.0,0.0,0.0,0.0,10,65.0,1249.0,1,390.0,177.0,0.0,0.0,0.0,0.0,40
2023-05-10 21:01:51,CF311C17200,CF311C17200,390.0,0.0,0.0,0.0,10,65.0,1248.0,10,390.0,177.0,0.0,0.0,0.0,0.0,40
2023-05-10 21:01:51,CF311C17200,CF311C17200,390.0,0.0,0.0,0.0,2,66.0,1248.0,10,390.0,177.0,0.0,0.0,0.0,0.0,40
2023-05-10 21:01:52,CF311C17200,CF311C17200,390.0,0.0,0.0,0.0,10,67.0,1248.0,10,390.0,177.0,0.0,0.0,0.0,0.0,40
2023-05-10 21:01:53,CF311C17200,CF311C17200,390.0,0.0,0.0,0.0,2,68.0,1248.0,10,390.0,177.0,0.0,0.0,0.0,0.0,40
2023-05-10 21:01:53,CF311C17200,CF311C17200,390.0,0.0,0.0,0.0,10,69.0,1248.0,10,390.0,177.0,0.0,0.0,0.0,0.0,40
2023-05-10 21:01:55,CF311C17200,CF311C17200,390.0,0.0,0.0,0.0,1,72.0,1248.0,10,390.0,177.0,0.0,0.0,0.0,0.0,40
2023-05-10 21:01:55,CF311C17200,CF311C17200,390.0,0.0,0.0,0.0,10,73.0,1248.0,10,390.0,177.0,0.0,0.0,0.0,0.0,40
2023-05-10 21:01:57,CF311C17200,CF311C17200,390.0,0.0,0.0,0.0,2,74.0,1248.0,10,390.0,177.0,0.0,0.0,0.0,0.0,40
2023-05-10 21:01:57,CF311C17200,CF311C17200,390.0,0.0,0.0,0.0,10,75.0,1248.0,10,390.0,177.0,0.0,0.0,0.0,0.0,40
2023-05-10 21:01:59,CF311C17200,CF311C17200,390.0,0.0,0.0,0.0,2,76.0,1248.0,10,390.0,177.0,0.0,0.0,0.0,0.0,40
2023-05-10 21:01:59,CF311C17200,CF311C17200,390.0,0.0,0.0,0.0,10,77.0,1237.0,1,390.0,177.0,0.0,0.0,0.0,0.0,40
2023-05-10 21:01:59,CF311C17200,CF311C17200,390.0,0.0,0.0,0.0,1,80.0,1234.0,1,390.0,177.0,0.0,0.0,0.0,0.0,40
2023-05-10 21:02:00,CF311C17200,CF311C17200,390.0,0.0,0.0,0.0,10,81.0,1233.0,10,390.0,177.0,0.0,0.0,0.0,0.0,40
2023-05-10 21:02:00,CF311C17200,CF311C17200,390.0,0.0,0.0,0.0,2,82.0,1233.0,10,390.0,177.0,0.0,0.0,0.0,0.0,40
2023-05-10 21:02:01,CF311C17200,CF311C17200,390.0,0.0,0.0,0.0,10,83.0,1233.0,10,390.0,177.0,0.0,0.0,0.0,0.0,40
2023-05-10 21:02:02,CF311C17200,CF311C17200,390.0,0.0,0.0,0.0,2,84.0,1233.0,10,390.0,177.0,0.0,0.0,0.0,0.0,40
2023-05-10 21:02:02,CF311C17200,CF311C17200,390.0,0.0,0.0,0.0,10,85.0,1233.0,10,390.0,177.0,0.0,0.0,0.0,0.0,40
2023-05-10 21:02:03,CF311C17200,CF311C17200,390.0,0.0,0.0,0.0,1,88.0,1230.0,1,390.0,177.0,0.0,0.0,0.0,0.0,40
2023-05-10 21:02:03,CF311C17200,CF311C17200,390.0,0.0,0.0,0.0,12,89.0,1229.0,10,390.0,177.0,0.0,0.0,0.0,0.0,40
2023-05-10 21:02:06,CF311C17200,CF311C17200,390.0,0.0,0.0,0.0,1,92.0,1229.0,10,390.0,177.0,0.0,0.0,0.0,0.0,40
2023-05-10 21:02:07,CF311C17200,CF311C17200,390.0,0.0,0.0,0.0,12,93.0,1229.0,10,390.0,177.0,0.0,0.0,0.0,0.0,40
2023-05-10 21:02:09,CF311C17200,CF311C17200,390.0,0.0,0.0,0.0,12,93.0,1218.0,1,390.0,177.0,0.0,0.0,0.0,0.0,40
2023-05-10 21:02:10,CF311C17200,CF311C17200,390.0,0.0,0.0,0.0,1,96.0,1215.0,1,390.0,177.0,0.0,0.0,0.0,0.0,40
2023-05-10 21:02:11,CF311C17200,CF311C17200,390.0,0.0,0.0,0.0,12,97.0,1214.0,10,390.0,177.0,0.0,0.0,0.0,0.0,40
2023-05-10 21:02:12,CF311C17200,CF311C17200,390.0,0.0,0.0,0.0,1,100.0,1211.0,1,390.0,177.0,0.0,0.0,0.0,0.0,40
2023-05-10 21:02:13,CF311C17200,CF311C17200,390.0,0.0,0.0,0.0,12,101.0,1210.0,10,390.0,177.0,0.0,0.0,0.0,0.0,40
2023-05-10 21:02:16,CF311C17200,CF311C17200,390.0,0.0,0.0,0.0,1,104.0,1207.0,1,390.0,177.0,0.0,0.0,0.0,0.0,40
2023-05-10 21:02:16,CF311C17200,CF311C17200,390.0,0.0,0.0,0.0,10,105.0,1206.0,10,390.0,177.0,0.0,0.0,0.0,0.0,40
2023-05-10 21:02:17,CF311C17200,CF311C17200,390.0,0.0,0.0,0.0,12,105.0,1199.0,1,390.0,177.0,0.0,0.0,0.0,0.0,40
2023-05-10 21:02:17,CF311C17200,CF311C17200,390.0,0.0,0.0,0.0,12,105.0,1198.0,10,390.0,177.0,0.0,0.0,0.0,0.0,40
2023-05-10 21:02:21,CF311C17200,CF311C17200,390.0,0.0,0.0,0.0,1,108.0,1195.0,1,390.0,177.0,0.0,0.0,0.0,0.0,40
2023-05-10 21:02:21,CF311C17200,CF311C17200,390.0,0.0,0.0,0.0,10,109.0,1194.0,10,390.0,177.0,0.0,0.0,0.0,0.0,40
2023-05-10 21:02:22,CF311C17200,CF311C17200,390.0,0.0,0.0,0.0,12,109.0,1194.0,10,390.0,177.0,0.0,0.0,0.0,0.0,40
2023-05-10 21:02:23,CF311C17200,CF311C17200,390.0,0.0,0.0,0.0,12,109.0,1183.0,1,390.0,177.0,0.0,0.0,0.0,0.0,40
2023-05-10 21:02:24,CF311C17200,CF311C17200,390.0,0.0,0.0,0.0,12,109.0,1182.0,10,390.0,177.0,0.0,0.0,0.0,0.0,40
2023-05-10 21:02:25,CF311C17200,CF311C17200,390.0,0.0,0.0,0.0,1,112.0,1179.0,1,390.0,177.0,0.0,0.0,0.0,0.0,40
2023-05-10 21:02:26,CF311C17200,CF311C17200,390.0,0.0,0.0,0.0,12,113.0,1178.0,10,390.0,177.0,0.0,0.0,0.0,0.0,40
2023-05-10 21:02:30,CF311C17200,CF311C17200,390.0,0.0,0.0,0.0,12,113.0,1167.0,1,390.0,177.0,0.0,0.0,0.0,0.0,40
2023-05-10 21:02:31,CF311C17200,CF311C17200,390.0,0.0,0.0,0.0,12,113.0,1166.0,10,390.0,177.0,0.0,0.0,0.0,0.0,40
2023-05-10 21:02:33,CF311C17200,CF311C17200,390.0,0.0,0.0,0.0,1,116.0,1163.0,1,390.0,177.0,0.0,0.0,0.0,0.0,40
2023-05-10 21:02:34,CF311C17200,CF311C17200,390.0,0.0,0.0,0.0,12,117.0,1162.0,10,390.0,177.0,0.0,0.0,0.0,0.0,40
2023-05-10 21:02:37,CF311C17200,CF311C17200,390.0,0.0,0.0,0.0,12,117.0,1151.0,1,390.0,177.0,0.0,0.0,0.0,0.0,40
2023-05-10 21:02:37,CF311C17200,CF311C17200,390.0,0.0,0.0,0.0,1,120.0,1148.0,1,390.0,177.0,0.0,0.0,0.0,0.0,40
2023-05-10 21:02:38,CF311C17200,CF311C17200,390.0,0.0,0.0,0.0,12,121.0,1147.0,10,390.0,177.0,0.0,0.0,0.0,0.0,40
2023-05-10 21:02:41,CF311C17200,CF311C17200,390.0,0.0,0.0,0.0,1,124.0,1144.0,1,390.0,177.0,0.0,0.0,0.0,0.0,40
2023-05-10 21:02:42,CF311C17200,CF311C17200,390.0,0.0,0.0,0.0,12,125.0,1143.0,10,390.0,177.0,0.0,0.0,0.0,0.0,40
2023-05-10 21:02:42,CF311C17200,CF311C17200,390.0,0.0,0.0,0.0,1,128.0,1140.0,1,390.0,177.0,0.0,0.0,0.0,0.0,40
2023-05-10 21:02:43,CF311C17200,CF311C17200,390.0,0.0,0.0,0.0,10,129.0,1139.0,10,390.0,177.0,0.0,0.0,0.0,0.0,40
2023-05-10 21:02:43,CF311C17200,CF311C17200,390.0,0.0,0.0,0.0,1,132.0,1136.0,1,390.0,177.0,0.0,0.0,0.0,0.0,40
2023-05-10 21:02:44,CF311C17200,CF311C17200,390.0,0.0,0.0,0.0,10,133.0,1135.0,10,390.0,177.0,0.0,0.0,0.0,0.0,40
2023-05-10 21:02:44,CF311C17200,CF311C17200,390.0,0.0,0.0,0.0,2,134.0,1132.0,1,390.0,177.0,0.0,0.0,0.0,0.0,40
2023-05-10 21:02:45,CF311C17200,CF311C17200,390.0,0.0,0.0,0.0,10,135.0,1131.0,10,390.0,177.0,0.0,0.0,0.0,0.0,40
2023-05-10 21:02:45,CF311C17200,CF311C17200,390.0,0.0,0.0,0.0,2,136.0,1131.0,10,390.0,177.0,0.0,0.0,0.0,0.0,40
2023-05-10 21:02:46,CF311C17200,CF311C17200,390.0,0.0,0.0,0.0,10,137.0,1128.0,1,390.0,177.0,0.0,0.0,0.0,0.0,40
2023-05-10 21:02:46,CF311C17200,CF311C17200,390.0,0.0,0.0,0.0,10,137.0,1120.0,1,390.0,177.0,0.0,0.0,0.0,0.0,40
2023-05-10 21:02:47,CF311C17200,CF311C17200,390.0,0.0,0.0,0.0,2,138.0,1119.0,10,390.0,177.0,0.0,0.0,0.0,0.0,40
2023-05-10 21:02:47,CF311C17200,CF311C17200,390.0,0.0,0.0,0.0,10,139.0,1119.0,10,390.0,177.0,0.0,0.0,0.0,0.0,40
2023-05-10 21:02:48,CF311C17200,CF311C17200,390.0,0.0,0.0,0.0,2,140.0,1119.0,10,390.0,177.0,0.0,0.0,0.0,0.0,40
2023-05-10 21:02:49,CF311C17200,CF311C17200,390.0,0.0,0.0,0.0,10,141.0,1119.0,10,390.0,177.0,0.0,0.0,0.0,0.0,40
2023-05-10 21:02:50,CF311C17200,CF311C17200,390.0,0.0,0.0,0.0,2,142.0,1116.0,1,390.0,177.0,0.0,0.0,0.0,0.0,40
2023-05-10 21:02:50,CF311C17200,CF311C17200,390.0,0.0,0.0,0.0,10,143.0,1115.0,10,390.0,177.0,0.0,0.0,0.0,0.0,40
2023-05-10 21:02:51,CF311C17200,CF311C17200,390.0,0.0,0.0,0.0,2,144.0,1112.0,1,390.0,177.0,0.0,0.0,0.0,0.0,40
2023-05-10 21:02:51,CF311C17200,CF311C17200,390.0,0.0,0.0,0.0,10,145.0,1111.0,10,390.0,177.0,0.0,0.0,0.0,0.0,40
2023-05-10 21:02:52,CF311C17200,CF311C17200,390.0,0.0,0.0,0.0,2,146.0,1108.0,1,390.0,177.0,0.0,0.0,0.0,0.0,40
2023-05-10 21:02:52,CF311C17200,CF311C17200,390.0,0.0,0.0,0.0,10,147.0,1107.0,10,390.0,177.0,0.0,0.0,0.0,0.0,40
2023-05-10 21:02:53,CF311C17200,CF311C17200,390.0,0.0,0.0,0.0,2,148.0,1107.0,10,390.0,177.0,0.0,0.0,0.0,0.0,40
2023-05-10 21:02:53,CF311C17200,CF311C17200,390.0,0.0,0.0,0.0,10,149.0,1107.0,10,390.0,177.0,0.0,0.0,0.0,0.0,40
2023-05-10 21:02:54,CF311C17200,CF311C17200,390.0,0.0,0.0,0.0,2,150.0,1107.0,10,390.0,177.0,0.0,0.0,0.0,0.0,40
2023-05-10 21:02:54,CF311C17200,CF311C17200,390.0,0.0,0.0,0.0,10,151.0,1107.0,10,390.0,177.0,0.0,0.0,0.0,0.0,40
2023-05-10 21:02:55,CF311C17200,CF311C17200,390.0,0.0,0.0,0.0,2,152.0,1107.0,10,390.0,177.0,0.0,0.0,0.0,0.0,40
2023-05-10 21:02:56,CF311C17200,CF311C17200,390.0,0.0,0.0,0.0,10,153.0,1096.0,1,390.0,177.0,0.0,0.0,0.0,0.0,40
2023-05-10 21:02:56,CF311C17200,CF311C17200,390.0,0.0,0.0,0.0,2,154.0,1092.0,10,390.0,177.0,0.0,0.0,0.0,0.0,40
2023-05-10 21:02:56,CF311C17200,CF311C17200,390.0,0.0,0.0,0.0,10,155.0,1092.0,10,390.0,177.0,0.0,0.0,0.0,0.0,40
2023-05-10 21:02:57,CF311C17200,CF311C17200,390.0,0.0,0.0,0.0,2,156.0,1092.0,10,390.0,177.0,0.0,0.0,0.0,0.0,40
2023-05-10 21:02:57,CF311C17200,CF311C17200,390.0,0.0,0.0,0.0,10,157.0,1089.0,1,390.0,177.0,0.0,0.0,0.0,0.0,40
2023-05-10 21:02:58,CF311C17200,CF311C17200,390.0,0.0,0.0,0.0,2,158.0,1088.0,10,390.0,177.0,0.0,0.0,0.0,0.0,40
2023-05-10 21:02:58,CF311C17200,CF311C17200,390.0,0.0,0.0,0.0,10,159.0,1088.0,10,390.0,177.0,0.0,0.0,0.0,0.0,40
2023-05-10 21:02:59,CF311C17200,CF311C17200,390.0,0.0,0.0,0.0,2,160.0,1085.0,1,390.0,177.0,0.0,0.0,0.0,0.0,40
2023-05-10 21:02:59,CF311C17200,CF311C17200,390.0,0.0,0.0,0.0,10,161.0,1084.0,10,390.0,177.0,0.0,0.0,0.0,0.0,40
2023-05-10 21:03:00,CF311C17200,CF311C17200,390.0,0.0,0.0,0.0,2,162.0,1084.0,10,390.0,177.0,0.0,0.0,0.0,0.0,40
2023-05-10 21:03:00,CF311C17200,CF311C17200,390.0,0.0,0.0,0.0,10,163.0,1081.0,1,390.0,177.0,0.0,0.0,0.0,0.0,40
2023-05-10 21:03:01,CF311C17200,CF311C17200,390.0,0.0,0.0,0.0,2,164.0,1080.0,10,390.0,177.0,0.0,0.0,0.0,0.0,40
2023-05-10 21:03:01,CF311C17200,CF311C17200,390.0,0.0,0.0,0.0,10,165.0,1080.0,10,390.0,177.0,0.0,0.0,0.0,0.0,40
2023-05-10 21:03:02,CF311C17200,CF311C17200,390.0,0.0,0.0,0.0,2,166.0,1080.0,10,390.0,177.0,0.0,0.0,0.0,0.0,40
2023-05-10 21:03:03,CF311C17200,CF311C17200,390.0,0.0,0.0,0.0,10,167.0,1077.0,1,390.0,177.0,0.0,0.0,0.0,0.0,40
2023-05-10 21:03:03,CF311C17200,CF311C17200,390.0,0.0,0.0,0.0,10,167.0,1076.0,10,390.0,177.0,0.0,0.0,0.0,0.0,40
2023-05-10 21:03:04,CF311C17200,CF311C17200,390.0,0.0,0.0,0.0,2,168.0,1066.0,1,390.0,177.0,0.0,0.0,0.0,0.0,40
2023-05-10 21:03:04,CF311C17200,CF311C17200,390.0,0.0,0.0,0.0,10,169.0,1065.0,10,390.0,177.0,0.0,0.0,0.0,0.0,40
2023-05-10 21:03:05,CF311C17200,CF311C17200,390.0,0.0,0.0,0.0,2,170.0,1065.0,10,390.0,177.0,0.0,0.0,0.0,0.0,40
2023-05-10 21:03:05,CF311C17200,CF311C17200,390.0,0.0,0.0,0.0,10,171.0,1065.0,10,390.0,177.0,0.0,0.0,0.0,0.0,40
2023-05-10 21:03:06,CF311C17200,CF311C17200,390.0,0.0,0.0,0.0,2,172.0,1065.0,10,390.0,177.0,0.0,0.0,0.0,0.0,40
2023-05-10 21:03:07,CF311C17200,CF311C17200,390.0,0.0,0.0,0.0,10,173.0,1065.0,10,390.0,177.0,0.0,0.0,0.0,0.0,40
2023-05-10 21:03:08,CF311C17200,CF311C17200,390.0,0.0,0.0,0.0,2,174.0,1065.0,10,390.0,177.0,0.0,0.0,0.0,0.0,40
2023-05-10 21:03:08,CF311C17200,CF311C17200,390.0,0.0,0.0,0.0,10,175.0,1065.0,10,390.0,177.0,0.0,0.0,0.0,0.0,40
2023-05-10 21:03:09,CF311C17200,CF311C17200,390.0,0.0,0.0,0.0,2,176.0,1065.0,10,390.0,177.0,0.0,0.0,0.0,0.0,40
2023-05-10 21:03:10,CF311C17200,CF311C17200,390.0,0.0,0.0,0.0,10,177.0,1054.0,1,390.0,177.0,0.0,0.0,0.0,0.0,40
2023-05-10 21:03:10,CF311C17200,CF311C17200,390.0,0.0,0.0,0.0,10,177.0,1050.0,10,390.0,177.0,0.0,0.0,0.0,0.0,40
2023-05-10 21:03:14,CF311C17200,CF311C17200,390.0,0.0,0.0,0.0,10,177.0,1047.0,1,390.0,177.0,0.0,0.0,0.0,0.0,40
2023-05-10 21:03:14,CF311C17200,CF311C17200,390.0,0.0,0.0,0.0,10,177.0,1046.0,10,390.0,177.0,0.0,0.0,0.0,0.0,40
2023-05-10 21:03:15,CF311C17200,CF311C17200,390.0,0.0,0.0,0.0,10,177.0,1039.0,1,390.0,177.0,0.0,0.0,0.0,0.0,40
2023-05-10 21:03:15,CF311C17200,CF311C17200,390.0,0.0,0.0,0.0,10,177.0,1038.0,10,390.0,177.0,0.0,0.0,0.0,0.0,40
2023-05-10 21:03:19,CF311C17200,CF311C17200,390.0,0.0,0.0,0.0,10,177.0,1035.0,1,390.0,177.0,0.0,0.0,0.0,0.0,40
2023-05-10 21:03:19,CF311C17200,CF311C17200,390.0,0.0,0.0,0.0,10,177.0,1034.0,10,390.0,177.0,0.0,0.0,0.0,0.0,40
2023-05-10 21:03:21,CF311C17200,CF311C17200,390.0,0.0,0.0,0.0,10,177.0,1023.0,1,390.0,177.0,0.0,0.0,0.0,0.0,40
2023-05-10 21:03:21,CF311C17200,CF311C17200,390.0,0.0,0.0,0.0,10,177.0,1022.0,10,390.0,177.0,0.0,0.0,0.0,0.0,40
2023-05-10 21:03:24,CF311C17200,CF311C17200,390.0,0.0,0.0,0.0,10,177.0,1019.0,1,390.0,177.0,0.0,0.0,0.0,0.0,40
2023-05-10 21:03:24,CF311C17200,CF311C17200,390.0,0.0,0.0,0.0,10,177.0,1018.0,10,390.0,177.0,0.0,0.0,0.0,0.0,40
2023-05-10 21:03:25,CF311C17200,CF311C17200,390.0,0.0,0.0,0.0,10,177.0,1015.0,1,390.0,177.0,0.0,0.0,0.0,0.0,40
2023-05-10 21:03:25,CF311C17200,CF311C17200,390.0,0.0,0.0,0.0,10,177.0,1014.0,10,390.0,177.0,0.0,0.0,0.0,0.0,40
2023-05-10 21:03:29,CF311C17200,CF311C17200,390.0,0.0,0.0,0.0,10,177.0,1011.0,1,390.0,177.0,0.0,0.0,0.0,0.0,40
2023-05-10 21:03:29,CF311C17200,CF311C17200,390.0,0.0,0.0,0.0,10,177.0,1010.0,10,390.0,177.0,0.0,0.0,0.0,0.0,40
2023-05-10 21:03:30,CF311C17200,CF311C17200,390.0,0.0,0.0,0.0,10,177.0,1007.0,1,390.0,177.0,0.0,0.0,0.0,0.0,40
2023-05-10 21:03:30,CF311C17200,CF311C17200,390.0,0.0,0.0,0.0,10,177.0,999.0,1,390.0,177.0,0.0,0.0,0.0,0.0,40
2023-05-10 21:03:31,CF311C17200,CF311C17200,390.0,0.0,0.0,0.0,10,177.0,998.0,10,390.0,177.0,0.0,0.0,0.0,0.0,40
2023-05-10 21:03:31,CF311C17200,CF311C17200,390.0,0.0,0.0,0.0,10,177.0,995.0,1,390.0,177.0,0.0,0.0,0.0,0.0,40
2023-05-10 21:03:32,CF311C17200,CF311C17200,390.0,0.0,0.0,0.0,10,177.0,994.0,10,390.0,177.0,0.0,0.0,0.0,0.0,40
2023-05-10 21:03:32,CF311C17200,CF311C17200,390.0,0.0,0.0,0.0,10,177.0,991.0,1,390.0,177.0,0.0,0.0,0.0,0.0,40
2023-05-10 21:03:33,CF311C17200,CF311C17200,390.0,0.0,0.0,0.0,10,177.0,990.0,10,390.0,177.0,0.0,0.0,0.0,0.0,40
2023-05-10 21:03:33,CF311C17200,CF311C17200,390.0,0.0,0.0,0.0,10,177.0,987.0,1,390.0,177.0,0.0,0.0,0.0,0.0,40
2023-05-10 21:03:34,CF311C17200,CF311C17200,390.0,0.0,0.0,0.0,10,177.0,986.0,10,390.0,177.0,0.0,0.0,0.0,0.0,40
2023-05-10 21:03:37,CF311C17200,CF311C17200,390.0,0.0,0.0,0.0,10,177.0,975.0,1,390.0,177.0,0.0,0.0,0.0,0.0,40
2023-05-10 21:03:37,CF311C17200,CF311C17200,390.0,0.0,0.0,0.0,10,177.0,971.0,10,390.0,177.0,0.0,0.0,0.0,0.0,40
2023-05-10 21:03:38,CF311C17200,CF311C17200,390.0,0.0,0.0,0.0,10,177.0,968.0,1,390.0,177.0,0.0,0.0,0.0,0.0,40
2023-05-10 21:03:38,CF311C17200,CF311C17200,390.0,0.0,0.0,0.0,10,177.0,967.0,10,390.0,177.0,0.0,0.0,0.0,0.0,40
2023-05-10 21:03:39,CF311C17200,CF311C17200,390.0,0.0,0.0,0.0,10,177.0,964.0,1,390.0,177.0,0.0,0.0,0.0,0.0,40
2023-05-10 21:03:39,CF311C17200,CF311C17200,390.0,0.0,0.0,0.0,10,177.0,963.0,10,390.0,177.0,0.0,0.0,0.0,0.0,40
2023-05-10 21:03:43,CF311C17200,CF311C17200,390.0,0.0,0.0,0.0,10,177.0,960.0,1,390.0,177.0,0.0,0.0,0.0,0.0,40
2023-05-10 21:03:43,CF311C17200,CF311C17200,390.0,0.0,0.0,0.0,10,177.0,959.0,10,390.0,177.0,0.0,0.0,0.0,0.0,40
2023-05-10 21:03:44,CF311C17200,CF311C17200,390.0,0.0,0.0,0.0,10,177.0,956.0,1,390.0,177.0,0.0,0.0,0.0,0.0,40
2023-05-10 21:03:44,CF311C17200,CF311C17200,390.0,0.0,0.0,0.0,10,177.0,955.0,10,390.0,177.0,0.0,0.0,0.0,0.0,40
2023-05-10 21:03:46,CF311C17200,CF311C17200,390.0,0.0,0.0,0.0,10,177.0,948.0,1,390.0,177.0,0.0,0.0,0.0,0.0,40
2023-05-10 21:03:47,CF311C17200,CF311C17200,390.0,0.0,0.0,0.0,10,177.0,947.0,10,390.0,177.0,0.0,0.0,0.0,0.0,40
2023-05-10 21:03:49,CF311C17200,CF311C17200,390.0,0.0,0.0,0.0,10,177.0,944.0,1,390.0,177.0,0.0,0.0,0.0,0.0,40
2023-05-10 21:03:50,CF311C17200,CF311C17200,390.0,0.0,0.0,0.0,10,177.0,936.0,1,390.0,177.0,0.0,0.0,0.0,0.0,40
2023-05-10 21:03:50,CF311C17200,CF311C17200,390.0,0.0,0.0,0.0,10,177.0,932.0,10,390.0,177.0,0.0,0.0,0.0,0.0,40
2023-05-10 21:03:53,CF311C17200,CF311C17200,390.0,0.0,0.0,0.0,10,177.0,929.0,1,390.0,177.0,0.0,0.0,0.0,0.0,40
2023-05-10 21:03:53,CF311C17200,CF311C17200,390.0,0.0,0.0,0.0,10,177.0,928.0,10,390.0,177.0,0.0,0.0,0.0,0.0,40
2023-05-10 21:03:56,CF311C17200,CF311C17200,390.0,0.0,0.0,0.0,10,177.0,917.0,1,390.0,177.0,0.0,0.0,0.0,0.0,40
2023-05-10 21:03:56,CF311C17200,CF311C17200,390.0,0.0,0.0,0.0,10,177.0,916.0,10,390.0,177.0,0.0,0.0,0.0,0.0,40
2023-05-10 21:03:59,CF311C17200,CF311C17200,390.0,0.0,0.0,0.0,10,177.0,913.0,1,390.0,177.0,0.0,0.0,0.0,0.0,40
2023-05-10 21:03:59,CF311C17200,CF311C17200,390.0,0.0,0.0,0.0,10,177.0,912.0,10,390.0,177.0,0.0,0.0,0.0,0.0,40
2023-05-10 21:04:00,CF311C17200,CF311C17200,390.0,0.0,0.0,0.0,10,177.0,902.0,1,390.0,177.0,0.0,0.0,0.0,0.0,40
2023-05-10 21:04:01,CF311C17200,CF311C17200,390.0,0.0,0.0,0.0,10,177.0,901.0,10,390.0,177.0,0.0,0.0,0.0,0.0,40
2023-05-10 21:04:02,CF311C17200,CF311C17200,390.0,0.0,0.0,0.0,10,177.0,898.0,1,390.0,177.0,0.0,0.0,0.0,0.0,40
2023-05-10 21:04:03,CF311C17200,CF311C17200,390.0,0.0,0.0,0.0,10,177.0,897.0,10,390.0,177.0,0.0,0.0,0.0,0.0,40
2023-05-10 21:04:03,CF311C17200,CF311C17200,390.0,0.0,0.0,0.0,10,177.0,894.0,1,390.0,177.0,0.0,0.0,0.0,0.0,40
2023-05-10 21:04:04,CF311C17200,CF311C17200,390.0,0.0,0.0,0.0,10,177.0,893.0,10,390.0,177.0,0.0,0.0,0.0,0.0,40
2023-05-10 21:04:04,CF311C17200,CF311C17200,390.0,0.0,0.0,0.0,10,177.0,890.0,1,390.0,177.0,0.0,0.0,0.0,0.0,40
2023-05-10 21:04:05,CF311C17200,CF311C17200,390.0,0.0,0.0,0.0,10,177.0,889.0,10,390.0,177.0,0.0,0.0,0.0,0.0,40
2023-05-10 21:04:05,CF311C17200,CF311C17200,390.0,0.0,0.0,0.0,10,177.0,886.0,1,390.0,177.0,0.0,0.0,0.0,0.0,40
2023-05-10 21:04:06,CF311C17200,CF311C17200,390.0,0.0,0.0,0.0,10,177.0,885.0,10,390.0,177.0,0.0,0.0,0.0,0.0,40
2023-05-10 21:04:06,CF311C17200,CF311C17200,390.0,0.0,0.0,0.0,10,177.0,882.0,1,390.0,177.0,0.0,0.0,0.0,0.0,40
2023-05-10 21:04:07,CF311C17200,CF311C17200,390.0,0.0,0.0,0.0,10,177.0,881.0,10,390.0,177.0,0.0,0.0,0.0,0.0,40
2023-05-10 21:04:08,CF311C17200,CF311C17200,390.0,0.0,0.0,0.0,10,177.0,871.0,1,390.0,177.0,0.0,0.0,0.0,0.0,40
2023-05-10 21:04:08,CF311C17200,CF311C17200,390.0,0.0,0.0,0.0,10,177.0,867.0,10,390.0,177.0,0.0,0.0,0.0,0.0,40
2023-05-10 21:04:09,CF311C17200,CF311C17200,390.0,0.0,0.0,0.0,10,177.0,864.0,1,390.0,177.0,0.0,0.0,0.0,0.0,40
2023-05-10 21:04:10,CF311C17200,CF311C17200,390.0,0.0,0.0,0.0,10,177.0,863.0,10,390.0,177.0,0.0,0.0,0.0,0.0,40
2023-05-10 21:04:12,CF311C17200,CF311C17200,390.0,0.0,0.0,0.0,10,177.0,852.0,1,390.0,177.0,0.0,0.0,0.0,0.0,40
2023-05-10 21:04:13,CF311C17200,CF311C17200,390.0,0.0,0.0,0.0,10,177.0,851.0,10,390.0,177.0,0.0,0.0,0.0,0.0,40
2023-05-10 21:04:13,CF311C17200,CF311C17200,390.0,0.0,0.0,0.0,10,177.0,848.0,1,390.0,177.0,0.0,0.0,0.0,0.0,40
2023-05-10 21:04:14,CF311C17200,CF311C17200,390.0,0.0,0.0,0.0,10,177.0,847.0,10,390.0,177.0,0.0,0.0,0.0,0.0,40
2023-05-10 21:04:14,CF311C17200,CF311C17200,390.0,0.0,0.0,0.0,10,177.0,844.0,1,390.0,177.0,0.0,0.0,0.0,0.0,40
2023-05-10 21:04:15,CF311C17200,CF311C17200,390.0,0.0,0.0,0.0,10,177.0,843.0,10,390.0,177.0,0.0,0.0,0.0,0.0,40
2023-05-10 21:04:15,CF311C17200,CF311C17200,390.0,0.0,0.0,0.0,10,177.0,840.0,1,390.0,177.0,0.0,0.0,0.0,0.0,40
2023-05-10 21:04:16,CF311C17200,CF311C17200,390.0,0.0,0.0,0.0,10,177.0,839.0,10,390.0,177.0,0.0,0.0,0.0,0.0,40
2023-05-10 21:04:18,CF311C17200,CF311C17200,390.0,0.0,0.0,0.0,10,177.0,828.0,1,390.0,177.0,0.0,0.0,0.0,0.0,40
2023-05-10 21:04:19,CF311C17200,CF311C17200,390.0,0.0,0.0,0.0,10,177.0,827.0,10,390.0,177.0,0.0,0.0,0.0,0.0,40
2023-05-10 21:04:21,CF311C17200,CF311C17200,390.0,0.0,0.0,0.0,10,177.0,824.0,1,390.0,177.0,0.0,0.0,0.0,0.0,40
2023-05-10 21:04:22,CF311C17200,CF311C17200,390.0,0.0,0.0,0.0,10,177.0,823.0,10,390.0,177.0,0.0,0.0,0.0,0.0,40
2023-05-10 21:04:22,CF311C17200,CF311C17200,390.0,0.0,0.0,0.0,10,177.0,820.0,1,390.0,177.0,0.0,0.0,0.0,0.0,40
2023-05-10 21:04:23,CF311C17200,CF311C17200,390.0,0.0,0.0,0.0,10,177.0,819.0,10,390.0,177.0,0.0,0.0,0.0,0.0,40
2023-05-10 21:04:26,CF311C17200,CF311C17200,390.0,0.0,0.0,0.0,10,177.0,808.0,1,390.0,177.0,0.0,0.0,0.0,0.0,40
2023-05-10 21:04:26,CF311C17200,CF311C17200,390.0,0.0,0.0,0.0,10,177.0,804.0,10,390.0,177.0,0.0,0.0,0.0,0.0,40
2023-05-10 21:04:27,CF311C17200,CF311C17200,390.0,0.0,0.0,0.0,10,177.0,801.0,1,390.0,177.0,0.0,0.0,0.0,0.0,40
2023-05-10 21:04:27,CF311C17200,CF311C17200,390.0,0.0,0.0,0.0,10,177.0,800.0,10,390.0,177.0,0.0,0.0,0.0,0.0,40
2023-05-10 21:04:29,CF311C17200,CF311C17200,390.0,0.0,0.0,0.0,10,177.0,797.0,1,390.0,177.0,0.0,0.0,0.0,0.0,40
2023-05-10 21:04:29,CF311C17200,CF311C17200,390.0,0.0,0.0,0.0,10,177.0,796.0,10,390.0,177.0,0.0,0.0,0.0,0.0,40
2023-05-10 21:04:33,CF311C17200,CF311C17200,390.0,0.0,0.0,0.0,10,177.0,793.0,1,390.0,177.0,0.0,0.0,0.0,0.0,40
2023-05-10 21:04:34,CF311C17200,CF311C17200,390.0,0.0,0.0,0.0,10,177.0,785.0,1,390.0,177.0,0.0,0.0,0.0,0.0,40
2023-05-10 21:04:34,CF311C17200,CF311C17200,390.0,0.0,0.0,0.0,10,177.0,781.0,10,390.0,177.0,0.0,0.0,0.0,0.0,40
2023-05-10 21:04:34,CF311C17200,CF311C17200,390.0,0.0,0.0,0.0,10,177.0,778.0,1,390.0,177.0,0.0,0.0,0.0,0.0,40
2023-05-10 21:04:35,CF311C17200,CF311C17200,390.0,0.0,0.0,0.0,10,177.0,777.0,10,390.0,177.0,0.0,0.0,0.0,0.0,40
2023-05-10 21:04:35,CF311C17200,CF311C17200,390.0,0.0,0.0,0.0,10,177.0,774.0,1,390.0,177.0,0.0,0.0,0.0,0.0,40
2023-05-10 21:04:36,CF311C17200,CF311C17200,390.0,0.0,0.0,0.0,10,177.0,773.0,10,390.0,177.0,0.0,0.0,0.0,0.0,40
2023-05-10 21:04:36,CF311C17200,CF311C17200,390.0,0.0,0.0,0.0,10,177.0,770.0,1,390.0,177.0,0.0,0.0,0.0,0.0,40
2023-05-10 21:04:37,CF311C17200,CF311C17200,390.0,0.0,0.0,0.0,10,177.0,769.0,10,390.0,177.0,0.0,0.0,0.0,0.0,40
2023-05-10 21:04:39,CF311C17200,CF311C17200,390.0,0.0,0.0,0.0,10,177.0,766.0,1,390.0,177.0,0.0,0.0,0.0,0.0,40
2023-05-10 21:04:40,CF311C17200,CF311C17200,390.0,0.0,0.0,0.0,10,177.0,765.0,10,390.0,177.0,0.0,0.0,0.0,0.0,40
2023-05-10 21:04:41,CF311C17200,CF311C17200,390.0,0.0,0.0,0.0,10,177.0,758.0,1,390.0,177.0,0.0,0.0,0.0,0.0,40
2023-05-10 21:04:41,CF311C17200,CF311C17200,390.0,0.0,0.0,0.0,10,177.0,755.0,1,390.0,177.0,0.0,0.0,0.0,0.0,40
2023-05-10 21:04:41,CF311C17200,CF311C17200,390.0,0.0,0.0,0.0,10,177.0,754.0,10,390.0,177.0,0.0,0.0,0.0,0.0,40
2023-05-10 21:04:43,CF311C17200,CF311C17200,390.0,0.0,0.0,0.0,10,177.0,751.0,1,390.0,177.0,0.0,0.0,0.0,0.0,40
2023-05-10 21:04:43,CF311C17200,CF311C17200,390.0,0.0,0.0,0.0,10,177.0,750.0,10,390.0,177.0,0.0,0.0,0.0,0.0,40
2023-05-10 21:04:44,CF311C17200,CF311C17200,390.0,0.0,0.0,0.0,10,177.0,747.0,1,390.0,177.0,0.0,0.0,0.0,0.0,40
2023-05-10 21:04:44,CF311C17200,CF311C17200,390.0,0.0,0.0,0.0,10,177.0,746.0,10,390.0,177.0,0.0,0.0,0.0,0.0,40
2023-05-10 21:04:45,CF311C17200,CF311C17200,390.0,0.0,0.0,0.0,10,177.0,743.0,1,390.0,177.0,0.0,0.0,0.0,0.0,40
2023-05-10 21:04:45,CF311C17200,CF311C17200,390.0,0.0,0.0,0.0,10,177.0,736.0,1,390.0,177.0,0.0,0.0,0.0,0.0,40
2023-05-10 21:04:46,CF311C17200,CF311C17200,390.0,0.0,0.0,0.0,10,177.0,735.0,10,390.0,177.0,0.0,0.0,0.0,0.0,40
2023-05-10 21:04:46,CF311C17200,CF311C17200,390.0,0.0,0.0,0.0,10,177.0,732.0,1,390.0,177.0,0.0,0.0,0.0,0.0,40
2023-05-10 21:04:47,CF311C17200,CF311C17200,390.0,0.0,0.0,0.0,10,177.0,731.0,10,390.0,177.0,0.0,0.0,0.0,0.0,40
2023-05-10 21:04:47,CF311C17200,CF311C17200,390.0,0.0,0.0,0.0,10,177.0,728.0,1,390.0,177.0,0.0,0.0,0.0,0.0,40
2023-05-10 21:04:48,CF311C17200,CF311C17200,390.0,0.0,0.0,0.0,10,177.0,727.0,10,390.0,177.0,0.0,0.0,0.0,0.0,40
2023-05-10 21:04:49,CF311C17200,CF311C17200,390.0,0.0,0.0,0.0,10,177.0,724.0,1,390.0,177.0,0.0,0.0,0.0,0.0,40
2023-05-10 21:04:50,CF311C17200,CF311C17200,390.0,0.0,0.0,0.0,10,177.0,723.0,10,390.0,177.0,0.0,0.0,0.0,0.0,40
2023-05-10 21:04:50,CF311C17200,CF311C17200,390.0,0.0,0.0,0.0,10,177.0,720.0,1,390.0,177.0,0.0,0.0,0.0,0.0,40
2023-05-10 21:04:51,CF311C17200,CF311C17200,390.0,0.0,0.0,0.0,10,177.0,719.0,10,390.0,177.0,0.0,0.0,0.0,0.0,40
2023-05-10 21:04:52,CF311C17200,CF311C17200,390.0,0.0,0.0,0.0,10,177.0,716.0,1,390.0,177.0,0.0,0.0,0.0,0.0,40
2023-05-10 21:04:53,CF311C17200,CF311C17200,390.0,0.0,0.0,0.0,10,177.0,715.0,10,390.0,177.0,0.0,0.0,0.0,0.0,40
2023-05-10 21:04:53,CF311C17200,CF311C17200,390.0,0.0,0.0,0.0,10,177.0,712.0,1,390.0,177.0,0.0,0.0,0.0,0.0,40
2023-05-10 21:04:54,CF311C17200,CF311C17200,390.0,0.0,0.0,0.0,10,177.0,711.0,10,390.0,177.0,0.0,0.0,0.0,0.0,40
2023-05-10 21:04:54,CF311C17200,CF311C17200,390.0,0.0,0.0,0.0,10,177.0,708.0,1,390.0,177.0,0.0,0.0,0.0,0.0,40
2023-05-10 21:04:55,CF311C17200,CF311C17200,390.0,0.0,0.0,0.0,10,177.0,707.0,10,390.0,177.0,0.0,0.0,0.0,0.0,40
2023-05-10 21:04:55,CF311C17200,CF311C17200,390.0,0.0,0.0,0.0,10,177.0,704.0,1,390.0,177.0,0.0,0.0,0.0,0.0,40
2023-05-10 21:04:56,CF311C17200,CF311C17200,390.0,0.0,0.0,0.0,10,177.0,703.0,10,390.0,177.0,0.0,0.0,0.0,0.0,40
2023-05-10 21:04:56,CF311C17200,CF311C17200,390.0,0.0,0.0,0.0,10,177.0,700.0,1,390.0,177.0,0.0,0.0,0.0,0.0,40
2023-05-10 21:04:57,CF311C17200,CF311C17200,390.0,0.0,0.0,0.0,10,177.0,699.0,10,390.0,177.0,0.0,0.0,0.0,0.0,40
2023-05-10 21:04:59,CF311C17200,CF311C17200,390.0,0.0,0.0,0.0,10,177.0,696.0,1,390.0,177.0,0.0,0.0,0.0,0.0,40
2023-05-10 21:05:00,CF311C17200,CF311C17200,390.0,0.0,0.0,0.0,10,177.0,695.0,10,390.0,177.0,0.0,0.0,0.0,0.0,40
2023-05-10 21:05:00,CF311C17200,CF311C17200,390.0,0.0,0.0,0.0,10,177.0,692.0,1,390.0,177.0,0.0,0.0,0.0,0.0,40
2023-05-10 21:05:01,CF311C17200,CF311C17200,390.0,0.0,0.0,0.0,10,177.0,691.0,10,390.0,177.0,0.0,0.0,0.0,0.0,40
2023-05-10 21:05:01,CF311C17200,CF311C17200,390.0,0.0,0.0,0.0,10,177.0,688.0,1,390.0,177.0,0.0,0.0,0.0,0.0,40
2023-05-10 21:05:02,CF311C17200,CF311C17200,390.0,0.0,0.0,0.0,10,177.0,687.0,10,390.0,177.0,0.0,0.0,0.0,0.0,40
2023-05-10 21:05:02,CF311C17200,CF311C17200,390.0,0.0,0.0,0.0,10,177.0,684.0,1,390.0,177.0,0.0,0.0,0.0,0.0,40
2023-05-10 21:05:03,CF311C17200,CF311C17200,390.0,0.0,0.0,0.0,10,177.0,683.0,10,390.0,177.0,0.0,0.0,0.0,0.0,40
2023-05-10 21:05:03,CF311C17200,CF311C17200,390.0,0.0,0.0,0.0,10,177.0,680.0,1,390.0,177.0,0.0,0.0,0.0,0.0,40
2023-05-10 21:05:04,CF311C17200,CF311C17200,390.0,0.0,0.0,0.0,10,177.0,679.0,10,390.0,177.0,0.0,0.0,0.0,0.0,40
2023-05-10 21:05:04,CF311C17200,CF311C17200,390.0,0.0,0.0,0.0,10,177.0,676.0,1,390.0,177.0,0.0,0.0,0.0,0.0,40
2023-05-10 21:05:05,CF311C17200,CF311C17200,390.0,0.0,0.0,0.0,10,177.0,675.0,10,390.0,177.0,0.0,0.0,0.0,0.0,40
2023-05-10 21:05:05,CF311C17200,CF311C17200,390.0,0.0,0.0,0.0,10,177.0,672.0,1,390.0,177.0,0.0,0.0,0.0,0.0,40
2023-05-10 21:05:06,CF311C17200,CF311C17200,390.0,0.0,0.0,0.0,10,177.0,671.0,10,390.0,177.0,0.0,0.0,0.0,0.0,40
2023-05-10 21:05:07,CF311C17200,CF311C17200,390.0,0.0,0.0,0.0,10,177.0,668.0,1,390.0,177.0,0.0,0.0,0.0,0.0,40
2023-05-10 21:05:08,CF311C17200,CF311C17200,390.0,0.0,0.0,0.0,10,177.0,667.0,10,390.0,177.0,0.0,0.0,0.0,0.0,40
2023-05-10 21:05:08,CF311C17200,CF311C17200,390.0,0.0,0.0,0.0,10,177.0,664.0,1,390.0,177.0,0.0,0.0,0.0,0.0,40
2023-05-10 21:05:09,CF311C17200,CF311C17200,390.0,0.0,0.0,0.0,10,177.0,663.0,10,390.0,177.0,0.0,0.0,0.0,0.0,40
2023-05-10 21:05:09,CF311C17200,CF311C17200,390.0,0.0,0.0,0.0,10,177.0,660.0,1,390.0,177.0,0.0,0.0,0.0,0.0,40
2023-05-10 21:05:10,CF311C17200,CF311C17200,390.0,0.0,0.0,0.0,10,177.0,659.0,10,390.0,177.0,0.0,0.0,0.0,0.0,40
2023-05-10 21:05:10,CF311C17200,CF311C17200,390.0,0.0,0.0,0.0,10,177.0,656.0,1,390.0,177.0,0.0,0.0,0.0,0.0,40
2023-05-10 21:05:11,CF311C17200,CF311C17200,390.0,0.0,0.0,0.0,10,177.0,655.0,10,390.0,177.0,0.0,0.0,0.0,0.0,40
2023-05-10 21:05:12,CF311C17200,CF311C17200,390.0,0.0,0.0,0.0,10,177.0,652.0,1,390.0,177.0,0.0,0.0,0.0,0.0,40
2023-05-10 21:05:13,CF311C17200,CF311C17200,390.0,0.0,0.0,0.0,10,177.0,651.0,10,390.0,177.0,0.0,0.0,0.0,0.0,40
2023-05-10 21:05:13,CF311C17200,CF311C17200,390.0,0.0,0.0,0.0,10,177.0,648.0,1,390.0,177.0,0.0,0.0,0.0,0.0,40
2023-05-10 21:05:14,CF311C17200,CF311C17200,390.0,0.0,0.0,0.0,10,177.0,647.0,10,390.0,177.0,0.0,0.0,0.0,0.0,40
2023-05-10 21:05:14,CF311C17200,CF311C17200,390.0,0.0,0.0,0.0,10,177.0,644.0,1,390.0,177.0,0.0,0.0,0.0,0.0,40
2023-05-10 21:05:15,CF311C17200,CF311C17200,390.0,0.0,0.0,0.0,10,177.0,643.0,10,390.0,177.0,0.0,0.0,0.0,0.0,40
2023-05-10 21:05:15,CF311C17200,CF311C17200,390.0,0.0,0.0,0.0,10,177.0,640.0,1,390.0,177.0,0.0,0.0,0.0,0.0,40
2023-05-10 21:05:16,CF311C17200,CF311C17200,390.0,0.0,0.0,0.0,10,177.0,639.0,10,390.0,177.0,0.0,0.0,0.0,0.0,40
2023-05-10 21:05:16,CF311C17200,CF311C17200,390.0,0.0,0.0,0.0,10,177.0,636.0,1,390.0,177.0,0.0,0.0,0.0,0.0,40
2023-05-10 21:05:17,CF311C17200,CF311C17200,390.0,0.0,0.0,0.0,10,177.0,635.0,10,390.0,177.0,0.0,0.0,0.0,0.0,40
2023-05-10 21:05:17,CF311C17200,CF311C17200,390.0,0.0,0.0,0.0,10,177.0,632.0,1,390.0,177.0,0.0,0.0,0.0,0.0,40
2023-05-10 21:05:18,CF311C17200,CF311C17200,390.0,0.0,0.0,0.0,10,177.0,631.0,10,390.0,177.0,0.0,0.0,0.0,0.0,40
2023-05-10 21:05:18,CF311C17200,CF311C17200,390.0,0.0,0.0,0.0,10,177.0,628.0,1,390.0,177.0,0.0,0.0,0.0,0.0,40
2023-05-10 21:05:19,CF311C17200,CF311C17200,390.0,0.0,0.0,0.0,10,177.0,627.0,10,390.0,177.0,0.0,0.0,0.0,0.0,40
2023-05-10 21:05:19,CF311C17200,CF311C17200,390.0,0.0,0.0,0.0,10,177.0,624.0,1,390.0,177.0,0.0,0.0,0.0,0.0,40
2023-05-10 21:05:20,CF311C17200,CF311C17200,390.0,0.0,0.0,0.0,10,177.0,623.0,10,390.0,177.0,0.0,0.0,0.0,0.0,40
2023-05-10 21:05:20,CF311C17200,CF311C17200,390.0,0.0,0.0,0.0,10,177.0,620.0,1,390.0,177.0,0.0,0.0,0.0,0.0,40
2023-05-10 21:05:21,CF311C17200,CF311C17200,390.0,0.0,0.0,0.0,10,177.0,619.0,10,390.0,177.0,0.0,0.0,0.0,0.0,40
2023-05-10 21:14:16,CF311C17200,CF311C17200,390.0,0.0,0.0,0.0,10,177.0,616.0,1,390.0,177.0,0.0,0.0,0.0,0.0,40
2023-05-10 21:14:16,CF311C17200,CF311C17200,390.0,0.0,0.0,0.0,10,177.0,615.0,10,390.0,177.0,0.0,0.0,0.0,0.0,40
2023-05-10 21:14:17,CF311C17200,CF311C17200,390.0,0.0,0.0,0.0,10,177.0,612.0,1,390.0,177.0,0.0,0.0,0.0,0.0,40
2023-05-10 21:14:17,CF311C17200,CF311C17200,390.0,0.0,0.0,0.0,10,177.0,611.0,10,390.0,177.0,0.0,0.0,0.0,0.0,40
2023-05-10 21:14:18,CF311C17200,CF311C17200,390.0,0.0,0.0,0.0,10,177.0,608.0,1,390.0,177.0,0.0,0.0,0.0,0.0,40
2023-05-10 21:14:18,CF311C17200,CF311C17200,390.0,0.0,0.0,0.0,10,177.0,607.0,10,390.0,177.0,0.0,0.0,0.0,0.0,40
2023-05-10 21:14:19,CF311C17200,CF311C17200,390.0,0.0,0.0,0.0,10,177.0,604.0,1,390.0,177.0,0.0,0.0,0.0,0.0,40
2023-05-10 21:14:19,CF311C17200,CF311C17200,390.0,0.0,0.0,0.0,10,177.0,603.0,10,390.0,177.0,0.0,0.0,0.0,0.0,40
2023-05-10 21:14:20,CF311C17200,CF311C17200,390.0,0.0,0.0,0.0,10,177.0,600.0,1,390.0,177.0,0.0,0.0,0.0,0.0,40
2023-05-10 21:14:20,CF311C17200,CF311C17200,390.0,0.0,0.0,0.0,10,177.0,599.0,10,390.0,177.0,0.0,0.0,0.0,0.0,40
2023-05-10 21:24:16,CF311C17200,CF311C17200,390.0,0.0,0.0,0.0,10,177.0,596.0,1,390.0,177.0,0.0,0.0,0.0,0.0,40
2023-05-10 21:24:16,CF311C17200,CF311C17200,390.0,0.0,0.0,0.0,10,177.0,595.0,10,390.0,177.0,0.0,0.0,0.0,0.0,40
2023-05-10 21:24:17,CF311C17200,CF311C17200,390.0,0.0,0.0,0.0,10,177.0,592.0,1,390.0,177.0,0.0,0.0,0.0,0.0,40
2023-05-10 21:24:17,CF311C17200,CF311C17200,390.0,0.0,0.0,0.0,10,177.0,591.0,10,390.0,177.0,0.0,0.0,0.0,0.0,40
2023-05-10 21:24:17,CF311C17200,CF311C17200,390.0,0.0,0.0,0.0,10,177.0,592.0,1,390.0,177.0,0.0,0.0,0.0,0.0,40
2023-05-10 21:24:17,CF311C17200,CF311C17200,390.0,0.0,0.0,0.0,10,177.0,591.0,10,390.0,177.0,0.0,0.0,0.0,0.0,40
2023-05-10 22:20:44,CF311C17200,CF311C17200,177.0,1.0,177.0,-1.0,10,183.0,585.0,10,390.0,177.0,177.0,177.0,1.0,177.0,39
2023-05-10 22:20:45,CF311C17200,CF311C17200,177.0,0.0,0.0,0.0,10,190.0,576.0,10,390.0,177.0,177.0,177.0,1.0,177.0,39
2023-05-10 22:20:45,CF311C17200,CF311C17200,177.0,0.0,0.0,0.0,10,202.0,564.0,10,390.0,177.0,177.0,177.0,1.0,177.0,39
2023-05-10 22:20:46,CF311C17200,CF311C17200,177.0,0.0,0.0,0.0,10,214.0,552.0,10,390.0,177.0,177.0,177.0,1.0,177.0,39
2023-05-10 22:20:46,CF311C17200,CF311C17200,177.0,0.0,0.0,0.0,10,221.0,540.0,10,390.0,177.0,177.0,177.0,1.0,177.0,39
2023-05-10 22:20:47,CF311C17200,CF311C17200,177.0,0.0,0.0,0.0,10,227.0,528.0,10,390.0,177.0,177.0,177.0,1.0,177.0,39
2023-05-10 22:20:47,CF311C17200,CF311C17200,177.0,0.0,0.0,0.0,10,234.0,516.0,10,390.0,177.0,177.0,177.0,1.0,177.0,39
2023-05-10 22:20:48,CF311C17200,CF311C17200,177.0,0.0,0.0,0.0,10,235.0,504.0,10,390.0,177.0,177.0,177.0,1.0,177.0,39
2023-05-10 22:20:48,CF311C17200,CF311C17200,177.0,0.0,0.0,0.0,10,241.0,492.0,10,390.0,177.0,177.0,177.0,1.0,177.0,39
2023-05-10 22:20:49,CF311C17200,CF311C17200,177.0,0.0,0.0,0.0,10,248.0,480.0,10,390.0,177.0,177.0,177.0,1.0,177.0,39
2023-05-10 22:20:49,CF311C17200,CF311C17200,177.0,0.0,0.0,0.0,10,249.0,468.0,10,390.0,177.0,177.0,177.0,1.0,177.0,39
2023-05-10 22:20:50,CF311C17200,CF311C17200,177.0,0.0,0.0,0.0,10,255.0,456.0,10,390.0,177.0,177.0,177.0,1.0,177.0,39
2023-05-10 22:20:50,CF311C17200,CF311C17200,177.0,0.0,0.0,0.0,10,262.0,444.0,10,390.0,177.0,177.0,177.0,1.0,177.0,39
2023-05-10 22:20:51,CF311C17200,CF311C17200,177.0,0.0,0.0,0.0,10,263.0,432.0,10,390.0,177.0,177.0,177.0,1.0,177.0,39
2023-05-10 22:20:51,CF311C17200,CF311C17200,177.0,0.0,0.0,0.0,10,263.0,420.0,10,390.0,177.0,177.0,177.0,1.0,177.0,39
2023-05-10 22:20:52,CF311C17200,CF311C17200,177.0,0.0,0.0,0.0,10,263.0,413.0,10,390.0,177.0,177.0,177.0,1.0,177.0,39
2023-05-10 22:20:52,CF311C17200,CF311C17200,177.0,0.0,0.0,0.0,10,263.0,407.0,10,390.0,177.0,177.0,177.0,1.0,177.0,39
2023-05-10 22:20:53,CF311C17200,CF311C17200,177.0,0.0,0.0,0.0,10,263.0,400.0,10,390.0,177.0,177.0,177.0,1.0,177.0,39
2023-05-10 22:20:53,CF311C17200,CF311C17200,177.0,0.0,0.0,0.0,10,263.0,399.0,10,390.0,177.0,177.0,177.0,1.0,177.0,39
2023-05-10 22:20:53,CF311C17200,CF311C17200,177.0,0.0,0.0,0.0,10,263.0,393.0,10,390.0,177.0,177.0,177.0,1.0,177.0,39
2023-05-10 22:20:54,CF311C17200,CF311C17200,177.0,0.0,0.0,0.0,10,263.0,389.0,10,390.0,177.0,177.0,177.0,1.0,177.0,39
2023-05-10 22:20:55,CF311C17200,CF311C17200,177.0,0.0,0.0,0.0,10,263.0,388.0,10,390.0,177.0,177.0,177.0,1.0,177.0,39
2023-05-10 22:27:07,CF311C17200,CF311C17200,177.0,0.0,0.0,0.0,6,306.0,336.0,6,390.0,177.0,177.0,177.0,1.0,177.0,39
2023-05-10 22:27:08,CF311C17200,CF311C17200,177.0,0.0,0.0,0.0,12,306.0,336.0,12,390.0,177.0,177.0,177.0,1.0,177.0,39
2023-05-10 22:27:08,CF311C17200,CF311C17200,177.0,0.0,0.0,0.0,15,306.0,336.0,15,390.0,177.0,177.0,177.0,1.0,177.0,39
2023-05-10 22:27:09,CF311C17200,CF311C17200,177.0,0.0,0.0,0.0,21,306.0,336.0,21,390.0,177.0,177.0,177.0,1.0,177.0,39
2023-05-10 22:27:10,CF311C17200,CF311C17200,177.0,0.0,0.0,0.0,21,306.0,329.0,3,390.0,177.0,177.0,177.0,1.0,177.0,39
2023-05-10 22:27:11,CF311C17200,CF311C17200,177.0,0.0,0.0,0.0,15,306.0,329.0,3,390.0,177.0,177.0,177.0,1.0,177.0,39
2023-05-10 22:27:12,CF311C17200,CF311C17200,177.0,0.0,0.0,0.0,15,306.0,329.0,6,390.0,177.0,177.0,177.0,1.0,177.0,39
2023-05-10 22:27:13,CF311C17200,CF311C17200,177.0,0.0,0.0,0.0,18,306.0,329.0,9,390.0,177.0,177.0,177.0,1.0,177.0,39
2023-05-10 22:27:14,CF311C17200,CF311C17200,177.0,0.0,0.0,0.0,9,308.0,329.0,15,390.0,177.0,177.0,177.0,1.0,177.0,39
2023-05-10 22:27:14,CF311C17200,CF311C17200,177.0,0.0,0.0,0.0,9,308.0,329.0,21,390.0,177.0,177.0,177.0,1.0,177.0,39
2023-05-10 22:27:17,CF311C17200,CF311C17200,177.0,0.0,0.0,0.0,12,308.0,329.0,24,390.0,177.0,177.0,177.0,1.0,177.0,39
2023-05-10 22:27:19,CF311C17200,CF311C17200,177.0,0.0,0.0,0.0,15,308.0,329.0,27,390.0,177.0,177.0,177.0,1.0,177.0,39
2023-05-10 22:27:21,CF311C17200,CF311C17200,177.0,0.0,0.0,0.0,15,308.0,329.0,24,390.0,177.0,177.0,177.0,1.0,177.0,39
2023-05-10 22:27:24,CF311C17200,CF311C17200,177.0,0.0,0.0,0.0,15,308.0,329.0,18,390.0,177.0,177.0,177.0,1.0,177.0,39
2023-05-10 22:27:25,CF311C17200,CF311C17200,177.0,0.0,0.0,0.0,6,308.0,329.0,12,390.0,177.0,177.0,177.0,1.0,177.0,39
2023-05-10 22:27:26,CF311C17200,CF311C17200,177.0,0.0,0.0,0.0,6,308.0,329.0,9,390.0,177.0,177.0,177.0,1.0,177.0,39
2023-05-10 22:27:27,CF311C17200,CF311C17200,177.0,0.0,0.0,0.0,6,308.0,329.0,6,390.0,177.0,177.0,177.0,1.0,177.0,39
2023-05-10 22:27:27,CF311C17200,CF311C17200,177.0,0.0,0.0,0.0,3,308.0,329.0,3,390.0,177.0,177.0,177.0,1.0,177.0,39
2023-05-10 22:27:30,CF311C17200,CF311C17200,177.0,0.0,0.0,0.0,3,303.0,333.0,3,390.0,177.0,177.0,177.0,1.0,177.0,39
2023-05-10 22:27:31,CF311C17200,CF311C17200,177.0,0.0,0.0,0.0,10,209.0,425.0,10,390.0,177.0,177.0,177.0,1.0,177.0,39
2023-05-10 22:27:32,CF311C17200,CF311C17200,177.0,0.0,0.0,0.0,10,216.0,414.0,1,390.0,177.0,177.0,177.0,1.0,177.0,39
2023-05-10 22:27:32,CF311C17200,CF311C17200,177.0,0.0,0.0,0.0,10,217.0,407.0,10,390.0,177.0,177.0,177.0,1.0,177.0,39
2023-05-10 22:27:32,CF311C17200,CF311C17200,177.0,0.0,0.0,0.0,10,223.0,401.0,10,390.0,177.0,177.0,177.0,1.0,177.0,39
2023-05-10 22:27:33,CF311C17200,CF311C17200,177.0,0.0,0.0,0.0,10,230.0,390.0,10,390.0,177.0,177.0,177.0,1.0,177.0,39
2023-05-10 22:27:34,CF311C17200,CF311C17200,177.0,0.0,0.0,0.0,10,231.0,387.0,10,390.0,177.0,177.0,177.0,1.0,177.0,39
2023-05-10 22:27:34,CF311C17200,CF311C17200,177.0,0.0,0.0,0.0,10,237.0,385.0,10,390.0,177.0,177.0,177.0,1.0,177.0,39
2023-05-10 22:27:35,CF311C17200,CF311C17200,177.0,0.0,0.0,0.0,10,244.0,385.0,10,390.0,177.0,177.0,177.0,1.0,177.0,39
2023-05-10 22:27:35,CF311C17200,CF311C17200,177.0,0.0,0.0,0.0,10,245.0,385.0,10,390.0,177.0,177.0,177.0,1.0,177.0,39
2023-05-10 22:27:35,CF311C17200,CF311C17200,177.0,0.0,0.0,0.0,10,251.0,385.0,10,390.0,177.0,177.0,177.0,1.0,177.0,39
2023-05-10 22:27:36,CF311C17200,CF311C17200,177.0,0.0,0.0,0.0,10,258.0,385.0,10,390.0,177.0,177.0,177.0,1.0,177.0,39
2023-05-10 22:27:37,CF311C17200,CF311C17200,177.0,0.0,0.0,0.0,10,259.0,385.0,10,390.0,177.0,177.0,177.0,1.0,177.0,39
2023-05-10 22:27:37,CF311C17200,CF311C17200,177.0,0.0,0.0,0.0,20,259.0,385.0,10,390.0,177.0,177.0,177.0,1.0,177.0,39
2023-05-10 22:27:42,CF311C17200,CF311C17200,177.0,0.0,0.0,0.0,10,259.0,385.0,10,390.0,177.0,177.0,177.0,1.0,177.0,39
2023-05-10 22:27:49,CF311C17200,CF311C17200,177.0,0.0,0.0,0.0,20,259.0,385.0,10,390.0,177.0,177.0,177.0,1.0,177.0,39
2023-05-10 22:28:36,CF311C17200,CF311C17200,177.0,0.0,0.0,0.0,10,259.0,385.0,10,390.0,177.0,177.0,177.0,1.0,177.0,39
2023-05-10 22:54:55,CF311C17200,CF311C17200,177.0,0.0,0.0,0.0,10,265.0,385.0,10,390.0,177.0,177.0,177.0,1.0,177.0,39
2023-05-10 22:54:55,CF311C17200,CF311C17200,177.0,0.0,0.0,0.0,10,271.0,385.0,10,390.0,177.0,177.0,177.0,1.0,177.0,39
2023-05-10 22:54:56,CF311C17200,CF311C17200,177.0,0.0,0.0,0.0,10,272.0,385.0,10,390.0,177.0,177.0,177.0,1.0,177.0,39
2023-05-10 22:57:35,CF311C17200,CF311C17200,177.0,0.0,0.0,0.0,1,203.0,431.0,1,390.0,177.0,177.0,177.0,1.0,177.0,39
2023-05-10 22:57:41,CF311C17200,CF311C17200,177.0,0.0,0.0,0.0,0,0.0,584.0,1,390.0,177.0,177.0,177.0,1.0,177.0,39
2023-05-10 22:57:42,CF311C17200,CF311C17200,177.0,0.0,0.0,0.0,1,4.0,584.0,1,390.0,177.0,177.0,177.0,1.0,177.0,39
2023-05-10 22:58:33,CF311C17200,CF311C17200,177.0,0.0,0.0,0.0,1,4.0,0.0,0,390.0,177.0,177.0,177.0,1.0,177.0,39
2023-05-10 22:58:33,CF311C17200,CF311C17200,177.0,0.0,0.0,0.0,1,4.0,1305.0,1,390.0,177.0,177.0,177.0,1.0,177.0,39
2023-05-10 22:59:54,CF311C17200,CF311C17200,177.0,0.0,0.0,0.0,0,0.0,0.0,0,390.0,177.0,177.0,177.0,1.0,177.0,39
2023-05-10 22:59:54,CF311C17200,CF311C17200,177.0,0.0,0.0,0.0,0,0.0,0.0,0,390.0,177.0,177.0,177.0,1.0,177.0,39
2023-05-11 09:01:13,CF311C17200,CF311C17200,177.0,0.0,0.0,0.0,10,3.0,0.0,0,390.0,177.0,177.0,177.0,1.0,177.0,39
2023-05-11 09:01:13,CF311C17200,CF311C17200,177.0,0.0,0.0,0.0,10,3.0,1304.0,10,390.0,177.0,177.0,177.0,1.0,177.0,39
2023-05-11 09:01:15,CF311C17200,CF311C17200,177.0,0.0,0.0,0.0,2,4.0,1304.0,10,390.0,177.0,177.0,177.0,1.0,177.0,39
2023-05-11 09:01:15,CF311C17200,CF311C17200,177.0,0.0,0.0,0.0,10,5.0,1304.0,10,390.0,177.0,177.0,177.0,1.0,177.0,39
2023-05-11 09:01:16,CF311C17200,CF311C17200,177.0,0.0,0.0,0.0,1,8.0,1304.0,10,390.0,177.0,177.0,177.0,1.0,177.0,39
2023-05-11 09:01:17,CF311C17200,CF311C17200,177.0,0.0,0.0,0.0,12,9.0,1304.0,10,390.0,177.0,177.0,177.0,1.0,177.0,39
2023-05-11 09:01:18,CF311C17200,CF311C17200,177.0,0.0,0.0,0.0,12,9.0,1303.0,1,390.0,177.0,177.0,177.0,1.0,177.0,39
2023-05-11 09:01:19,CF311C17200,CF311C17200,177.0,0.0,0.0,0.0,12,9.0,1302.0,10,390.0,177.0,177.0,177.0,1.0,177.0,39
2023-05-11 09:01:19,CF311C17200,CF311C17200,177.0,0.0,0.0,0.0,1,12.0,1299.0,1,390.0,177.0,177.0,177.0,1.0,177.0,39
2023-05-11 09:01:20,CF311C17200,CF311C17200,177.0,0.0,0.0,0.0,12,13.0,1298.0,10,390.0,177.0,177.0,177.0,1.0,177.0,39
2023-05-11 09:01:21,CF311C17200,CF311C17200,177.0,0.0,0.0,0.0,1,16.0,1298.0,10,390.0,177.0,177.0,177.0,1.0,177.0,39
2023-05-11 09:01:22,CF311C17200,CF311C17200,177.0,0.0,0.0,0.0,12,17.0,1298.0,10,390.0,177.0,177.0,177.0,1.0,177.0,39
2023-05-11 09:01:22,CF311C17200,CF311C17200,177.0,0.0,0.0,0.0,13,17.0,1297.0,1,390.0,177.0,177.0,177.0,1.0,177.0,39
2023-05-11 09:01:23,CF311C17200,CF311C17200,177.0,0.0,0.0,0.0,13,17.0,1296.0,10,390.0,177.0,177.0,177.0,1.0,177.0,39
2023-05-11 09:01:26,CF311C17200,CF311C17200,177.0,0.0,0.0,0.0,1,20.0,1293.0,1,390.0,177.0,177.0,177.0,1.0,177.0,39
2023-05-11 09:01:27,CF311C17200,CF311C17200,177.0,0.0,0.0,0.0,12,21.0,1292.0,10,390.0,177.0,177.0,177.0,1.0,177.0,39
2023-05-11 09:01:32,CF311C17200,CF311C17200,177.0,0.0,0.0,0.0,1,24.0,1289.0,1,390.0,177.0,177.0,177.0,1.0,177.0,39
2023-05-11 09:01:33,CF311C17200,CF311C17200,177.0,0.0,0.0,0.0,12,25.0,1288.0,10,390.0,177.0,177.0,177.0,1.0,177.0,39
2023-05-11 09:01:37,CF311C17200,CF311C17200,177.0,0.0,0.0,0.0,1,28.0,1285.0,1,390.0,177.0,177.0,177.0,1.0,177.0,39
2023-05-11 09:01:38,CF311C17200,CF311C17200,177.0,0.0,0.0,0.0,12,29.0,1284.0,10,390.0,177.0,177.0,177.0,1.0,177.0,39
2023-05-11 09:01:38,CF311C17200,CF311C17200,177.0,0.0,0.0,0.0,1,32.0,1281.0,1,390.0,177.0,177.0,177.0,1.0,177.0,39
2023-05-11 09:01:39,CF311C17200,CF311C17200,177.0,0.0,0.0,0.0,10,33.0,1280.0,10,390.0,177.0,177.0,177.0,1.0,177.0,39
2023-05-11 09:01:40,CF311C17200,CF311C17200,177.0,0.0,0.0,0.0,2,34.0,1280.0,10,390.0,177.0,177.0,177.0,1.0,177.0,39
2023-05-11 09:01:40,CF311C17200,CF311C17200,177.0,0.0,0.0,0.0,1,37.0,1277.0,1,390.0,177.0,177.0,177.0,1.0,177.0,39
2023-05-11 09:01:41,CF311C17200,CF311C17200,177.0,0.0,0.0,0.0,10,38.0,1276.0,10,390.0,177.0,177.0,177.0,1.0,177.0,39
2023-05-11 09:01:42,CF311C17200,CF311C17200,177.0,0.0,0.0,0.0,2,39.0,1276.0,10,390.0,177.0,177.0,177.0,1.0,177.0,39
2023-05-11 09:01:42,CF311C17200,CF311C17200,177.0,0.0,0.0,0.0,10,40.0,1276.0,10,390.0,177.0,177.0,177.0,1.0,177.0,39
2023-05-11 09:01:43,CF311C17200,CF311C17200,177.0,0.0,0.0,0.0,1,43.0,1276.0,10,390.0,177.0,177.0,177.0,1.0,177.0,39
2023-05-11 09:01:43,CF311C17200,CF311C17200,177.0,0.0,0.0,0.0,10,44.0,1273.0,1,390.0,177.0,177.0,177.0,1.0,177.0,39
2023-05-11 09:01:44,CF311C17200,CF311C17200,177.0,0.0,0.0,0.0,1,47.0,1272.0,10,390.0,177.0,177.0,177.0,1.0,177.0,39
2023-05-11 09:01:44,CF311C17200,CF311C17200,177.0,0.0,0.0,0.0,10,48.0,1272.0,10,390.0,177.0,177.0,177.0,1.0,177.0,39
2023-05-11 09:01:46,CF311C17200,CF311C17200,177.0,0.0,0.0,0.0,2,49.0,1272.0,10,390.0,177.0,177.0,177.0,1.0,177.0,39
2023-05-11 09:01:46,CF311C17200,CF311C17200,177.0,0.0,0.0,0.0,10,50.0,1272.0,10,390.0,177.0,177.0,177.0,1.0,177.0,39
2023-05-11 09:01:46,CF311C17200,CF311C17200,177.0,0.0,0.0,0.0,1,53.0,1261.0,1,390.0,177.0,177.0,177.0,1.0,177.0,39
2023-05-11 09:01:47,CF311C17200,CF311C17200,177.0,0.0,0.0,0.0,10,54.0,1260.0,10,390.0,177.0,177.0,177.0,1.0,177.0,39
2023-05-11 09:01:47,CF311C17200,CF311C17200,177.0,0.0,0.0,0.0,12,54.0,1260.0,10,390.0,177.0,177.0,177.0,1.0,177.0,39
2023-05-11 09:01:50,CF311C17200,CF311C17200,177.0,0.0,0.0,0.0,1,57.0,1257.0,1,390.0,177.0,177.0,177.0,1.0,177.0,39
2023-05-11 09:01:51,CF311C17200,CF311C17200,177.0,0.0,0.0,0.0,12,58.0,1256.0,10,390.0,177.0,177.0,177.0,1.0,177.0,39
2023-05-11 09:01:52,CF311C17200,CF311C17200,177.0,0.0,0.0,0.0,1,61.0,1253.0,1,390.0,177.0,177.0,177.0,1.0,177.0,39
2023-05-11 09:01:53,CF311C17200,CF311C17200,177.0,0.0,0.0,0.0,12,62.0,1252.0,10,390.0,177.0,177.0,177.0,1.0,177.0,39
2023-05-11 09:01:54,CF311C17200,CF311C17200,177.0,0.0,0.0,0.0,12,62.0,1241.0,1,390.0,177.0,177.0,177.0,1.0,177.0,39
2023-05-11 09:01:55,CF311C17200,CF311C17200,177.0,0.0,0.0,0.0,12,62.0,1240.0,10,390.0,177.0,177.0,177.0,1.0,177.0,39
2023-05-11 09:01:56,CF311C17200,CF311C17200,177.0,0.0,0.0,0.0,1,65.0,1237.0,1,390.0,177.0,177.0,177.0,1.0,177.0,39
2023-05-11 09:01:57,CF311C17200,CF311C17200,177.0,0.0,0.0,0.0,12,66.0,1236.0,10,390.0,177.0,177.0,177.0,1.0,177.0,39
2023-05-11 09:01:58,CF311C17200,CF311C17200,177.0,0.0,0.0,0.0,1,69.0,1236.0,10,390.0,177.0,177.0,177.0,1.0,177.0,39
2023-05-11 09:01:59,CF311C17200,CF311C17200,177.0,0.0,0.0,0.0,12,70.0,1236.0,10,390.0,177.0,177.0,177.0,1.0,177.0,39
2023-05-11 09:02:03,CF311C17200,CF311C17200,177.0,0.0,0.0,0.0,6,321.0,353.0,6,390.0,177.0,177.0,177.0,1.0,177.0,39
2023-05-11 09:02:04,CF311C17200,CF311C17200,177.0,0.0,0.0,0.0,12,321.0,353.0,12,390.0,177.0,177.0,177.0,1.0,177.0,39
2023-05-11 09:02:04,CF311C17200,CF311C17200,177.0,0.0,0.0,0.0,15,321.0,353.0,15,390.0,177.0,177.0,177.0,1.0,177.0,39
2023-05-11 09:02:06,CF311C17200,CF311C17200,177.0,0.0,0.0,0.0,18,321.0,353.0,18,390.0,177.0,177.0,177.0,1.0,177.0,39
2023-05-11 09:02:06,CF311C17200,CF311C17200,177.0,0.0,0.0,0.0,21,321.0,353.0,21,390.0,177.0,177.0,177.0,1.0,177.0,39
2023-05-11 09:02:09,CF311C17200,CF311C17200,177.0,0.0,0.0,0.0,24,321.0,353.0,24,390.0,177.0,177.0,177.0,1.0,177.0,39
2023-05-11 09:02:09,CF311C17200,CF311C17200,177.0,0.0,0.0,0.0,3,326.0,353.0,24,390.0,177.0,177.0,177.0,1.0,177.0,39
2023-05-11 09:02:10,CF311C17200,CF311C17200,177.0,0.0,0.0,0.0,3,326.0,346.0,3,390.0,177.0,177.0,177.0,1.0,177.0,39
2023-05-11 09:02:10,CF311C17200,CF311C17200,177.0,0.0,0.0,0.0,3,326.0,346.0,6,390.0,177.0,177.0,177.0,1.0,177.0,39
2023-05-11 09:02:15,CF311C17200,CF311C17200,177.0,0.0,0.0,0.0,6,326.0,346.0,9,390.0,177.0,177.0,177.0,1.0,177.0,39
2023-05-11 09:02:20,CF311C17200,CF311C17200,177.0,0.0,0.0,0.0,3,326.0,346.0,9,390.0,177.0,177.0,177.0,1.0,177.0,39
2023-05-11 09:02:21,CF311C17200,CF311C17200,177.0,0.0,0.0,0.0,3,326.0,346.0,6,390.0,177.0,177.0,177.0,1.0,177.0,39
2023-05-11 09:02:23,CF311C17200,CF311C17200,177.0,0.0,0.0,0.0,3,326.0,346.0,3,390.0,177.0,177.0,177.0,1.0,177.0,39
2023-05-11 09:02:25,CF311C17200,CF311C17200,177.0,0.0,0.0,0.0,1,17.0,1297.0,1,390.0,177.0,177.0,177.0,1.0,177.0,39
2023-05-11 09:02:26,CF311C17200,CF311C17200,177.0,0.0,0.0,0.0,12,18.0,1296.0,10,390.0,177.0,177.0,177.0,1.0,177.0,39
2023-05-11 09:02:26,CF311C17200,CF311C17200,177.0,0.0,0.0,0.0,1,21.0,1293.0,1,390.0,177.0,177.0,177.0,1.0,177.0,39
2023-05-11 09:02:27,CF311C17200,CF311C17200,177.0,0.0,0.0,0.0,12,22.0,1292.0,10,390.0,177.0,177.0,177.0,1.0,177.0,39
2023-05-11 09:02:27,CF311C17200,CF311C17200,177.0,0.0,0.0,0.0,1,25.0,1282.0,1,390.0,177.0,177.0,177.0,1.0,177.0,39
2023-05-11 09:02:28,CF311C17200,CF311C17200,177.0,0.0,0.0,0.0,12,26.0,1281.0,10,390.0,177.0,177.0,177.0,1.0,177.0,39
2023-05-11 09:02:33,CF311C17200,CF311C17200,177.0,0.0,0.0,0.0,1,29.0,1278.0,1,390.0,177.0,177.0,177.0,1.0,177.0,39
2023-05-11 09:02:34,CF311C17200,CF311C17200,177.0,0.0,0.0,0.0,12,30.0,1277.0,10,390.0,177.0,177.0,177.0,1.0,177.0,39
2023-05-11 09:02:34,CF311C17200,CF311C17200,177.0,0.0,0.0,0.0,1,33.0,1277.0,10,390.0,177.0,177.0,177.0,1.0,177.0,39
2023-05-11 09:02:35,CF311C17200,CF311C17200,177.0,0.0,0.0,0.0,12,34.0,1274.0,1,390.0,177.0,177.0,177.0,1.0,177.0,39
2023-05-11 09:02:35,CF311C17200,CF311C17200,177.0,0.0,0.0,0.0,1,37.0,1273.0,10,390.0,177.0,177.0,177.0,1.0,177.0,39
2023-05-11 09:02:36,CF311C17200,CF311C17200,177.0,0.0,0.0,0.0,12,38.0,1270.0,1,390.0,177.0,177.0,177.0,1.0,177.0,39
2023-05-11 09:02:36,CF311C17200,CF311C17200,177.0,0.0,0.0,0.0,1,41.0,1269.0,10,390.0,177.0,177.0,177.0,1.0,177.0,39
2023-05-11 09:02:37,CF311C17200,CF311C17200,177.0,0.0,0.0,0.0,12,42.0,1269.0,10,390.0,177.0,177.0,177.0,1.0,177.0,39
2023-05-11 09:02:37,CF311C17200,CF311C17200,177.0,0.0,0.0,0.0,12,42.0,1258.0,1,390.0,177.0,177.0,177.0,1.0,177.0,39
2023-05-11 09:02:38,CF311C17200,CF311C17200,177.0,0.0,0.0,0.0,1,45.0,1254.0,10,390.0,177.0,177.0,177.0,1.0,177.0,39
2023-05-11 09:02:38,CF311C17200,CF311C17200,177.0,0.0,0.0,0.0,12,46.0,1254.0,10,390.0,177.0,177.0,177.0,1.0,177.0,39
2023-05-11 09:02:38,CF311C17200,CF311C17200,177.0,0.0,0.0,0.0,1,49.0,1251.0,1,390.0,177.0,177.0,177.0,1.0,177.0,39
2023-05-11 09:02:39,CF311C17200,CF311C17200,177.0,0.0,0.0,0.0,12,50.0,1250.0,10,390.0,177.0,177.0,177.0,1.0,177.0,39
2023-05-11 09:02:40,CF311C17200,CF311C17200,177.0,0.0,0.0,0.0,1,53.0,1247.0,1,390.0,177.0,177.0,177.0,1.0,177.0,39
2023-05-11 09:02:41,CF311C17200,CF311C17200,177.0,0.0,0.0,0.0,12,54.0,1246.0,10,390.0,177.0,177.0,177.0,1.0,177.0,39
2023-05-11 09:02:41,CF311C17200,CF311C17200,177.0,0.0,0.0,0.0,1,57.0,1243.0,1,390.0,177.0,177.0,177.0,1.0,177.0,39
2023-05-11 09:02:42,CF311C17200,CF311C17200,177.0,0.0,0.0,0.0,12,58.0,1242.0,10,390.0,177.0,177.0,177.0,1.0,177.0,39
2023-05-11 09:02:42,CF311C17200,CF311C17200,177.0,0.0,0.0,0.0,1,61.0,1239.0,1,390.0,177.0,177.0,177.0,1.0,177.0,39
2023-05-11 09:02:43,CF311C17200,CF311C17200,177.0,0.0,0.0,0.0,12,62.0,1231.0,1,390.0,177.0,177.0,177.0,1.0,177.0,39
2023-05-11 09:02:43,CF311C17200,CF311C17200,177.0,0.0,0.0,0.0,1,65.0,1228.0,1,390.0,177.0,177.0,177.0,1.0,177.0,39
2023-05-11 09:02:44,CF311C17200,CF311C17200,177.0,0.0,0.0,0.0,12,66.0,1227.0,10,390.0,177.0,177.0,177.0,1.0,177.0,39
2023-05-11 09:02:46,CF311C17200,CF311C17200,177.0,0.0,0.0,0.0,1,69.0,1224.0,1,390.0,177.0,177.0,177.0,1.0,177.0,39
2023-05-11 09:02:47,CF311C17200,CF311C17200,177.0,0.0,0.0,0.0,12,70.0,1223.0,10,390.0,177.0,177.0,177.0,1.0,177.0,39
2023-05-11 09:02:47,CF311C17200,CF311C17200,177.0,0.0,0.0,0.0,12,70.0,1220.0,1,390.0,177.0,177.0,177.0,1.0,177.0,39
2023-05-11 09:02:48,CF311C17200,CF311C17200,177.0,0.0,0.0,0.0,12,70.0,1219.0,10,390.0,177.0,177.0,177.0,1.0,177.0,39
2023-05-11 09:02:48,CF311C17200,CF311C17200,177.0,0.0,0.0,0.0,1,73.0,1216.0,1,390.0,177.0,177.0,177.0,1.0,177.0,39
2023-05-11 09:02:49,CF311C17200,CF311C17200,177.0,0.0,0.0,0.0,12,74.0,1212.0,1,390.0,177.0,177.0,177.0,1.0,177.0,39
2023-05-11 09:02:50,CF311C17200,CF311C17200,177.0,0.0,0.0,0.0,1,77.0,1208.0,10,390.0,177.0,177.0,177.0,1.0,177.0,39
2023-05-11 09:02:50,CF311C17200,CF311C17200,177.0,0.0,0.0,0.0,10,78.0,1208.0,10,390.0,177.0,177.0,177.0,1.0,177.0,39
2023-05-11 09:02:53,CF311C17200,CF311C17200,177.0,0.0,0.0,0.0,1,81.0,1205.0,1,390.0,177.0,177.0,177.0,1.0,177.0,39
2023-05-11 09:02:54,CF311C17200,CF311C17200,177.0,0.0,0.0,0.0,10,82.0,1204.0,10,390.0,177.0,177.0,177.0,1.0,177.0,39
2023-05-11 09:02:54,CF311C17200,CF311C17200,177.0,0.0,0.0,0.0,1,85.0,1201.0,1,390.0,177.0,177.0,177.0,1.0,177.0,39
2023-05-11 09:02:55,CF311C17200,CF311C17200,177.0,0.0,0.0,0.0,10,86.0,1200.0,10,390.0,177.0,177.0,177.0,1.0,177.0,39
2023-05-11 09:02:56,CF311C17200,CF311C17200,177.0,0.0,0.0,0.0,1,89.0,1197.0,1,390.0,177.0,177.0,177.0,1.0,177.0,39
2023-05-11 09:02:56,CF311C17200,CF311C17200,177.0,0.0,0.0,0.0,10,90.0,1196.0,10,390.0,177.0,177.0,177.0,1.0,177.0,39
2023-05-11 09:02:57,CF311C17200,CF311C17200,177.0,0.0,0.0,0.0,1,93.0,1193.0,1,390.0,177.0,177.0,177.0,1.0,177.0,39
2023-05-11 09:02:57,CF311C17200,CF311C17200,177.0,0.0,0.0,0.0,10,94.0,1192.0,10,390.0,177.0,177.0,177.0,1.0,177.0,39
2023-05-11 09:02:58,CF311C17200,CF311C17200,177.0,0.0,0.0,0.0,10,94.0,1190.0,1,390.0,177.0,177.0,177.0,1.0,177.0,39
2023-05-11 09:02:58,CF311C17200,CF311C17200,177.0,0.0,0.0,0.0,1,97.0,1189.0,10,390.0,177.0,177.0,177.0,1.0,177.0,39
2023-05-11 09:02:59,CF311C17200,CF311C17200,177.0,0.0,0.0,0.0,10,98.0,1189.0,10,390.0,177.0,177.0,177.0,1.0,177.0,39
2023-05-11 09:02:59,CF311C17200,CF311C17200,177.0,0.0,0.0,0.0,1,101.0,1186.0,1,390.0,177.0,177.0,177.0,1.0,177.0,39
2023-05-11 09:02:59,CF311C17200,CF311C17200,177.0,0.0,0.0,0.0,10,102.0,1185.0,10,390.0,177.0,177.0,177.0,1.0,177.0,39
2023-05-11 09:03:01,CF311C17200,CF311C17200,177.0,0.0,0.0,0.0,1,105.0,1182.0,1,390.0,177.0,177.0,177.0,1.0,177.0,39
2023-05-11 09:03:01,CF311C17200,CF311C17200,177.0,0.0,0.0,0.0,10,106.0,1181.0,10,390.0,177.0,177.0,177.0,1.0,177.0,39
2023-05-11 09:03:02,CF311C17200,CF311C17200,177.0,0.0,0.0,0.0,1,109.0,1178.0,1,390.0,177.0,177.0,177.0,1.0,177.0,39
2023-05-11 09:03:03,CF311C17200,CF311C17200,177.0,0.0,0.0,0.0,10,110.0,1177.0,10,390.0,177.0,177.0,177.0,1.0,177.0,39
2023-05-11 09:03:04,CF311C17200,CF311C17200,177.0,0.0,0.0,0.0,10,110.0,1167.0,1,390.0,177.0,177.0,177.0,1.0,177.0,39
2023-05-11 09:03:04,CF311C17200,CF311C17200,177.0,0.0,0.0,0.0,1,113.0,1166.0,10,390.0,177.0,177.0,177.0,1.0,177.0,39
2023-05-11 09:03:04,CF311C17200,CF311C17200,177.0,0.0,0.0,0.0,10,114.0,1166.0,10,390.0,177.0,177.0,177.0,1.0,177.0,39
2023-05-11 09:03:05,CF311C17200,CF311C17200,177.0,0.0,0.0,0.0,1,117.0,1163.0,1,390.0,177.0,177.0,177.0,1.0,177.0,39
2023-05-11 09:03:05,CF311C17200,CF311C17200,177.0,0.0,0.0,0.0,10,118.0,1162.0,10,390.0,177.0,177.0,177.0,1.0,177.0,39
2023-05-11 09:03:08,CF311C17200,CF311C17200,177.0,0.0,0.0,0.0,1,121.0,1162.0,10,390.0,177.0,177.0,177.0,1.0,177.0,39
2023-05-11 09:03:09,CF311C17200,CF311C17200,177.0,0.0,0.0,0.0,10,122.0,1159.0,1,390.0,177.0,177.0,177.0,1.0,177.0,39
2023-05-11 09:03:09,CF311C17200,CF311C17200,177.0,0.0,0.0,0.0,1,125.0,1158.0,10,390.0,177.0,177.0,177.0,1.0,177.0,39
2023-05-11 09:03:09,CF311C17200,CF311C17200,177.0,0.0,0.0,0.0,10,126.0,1155.0,1,390.0,177.0,177.0,177.0,1.0,177.0,39
2023-05-11 09:03:10,CF311C17200,CF311C17200,177.0,0.0,0.0,0.0,10,126.0,1154.0,10,390.0,177.0,177.0,177.0,1.0,177.0,39
2023-05-11 09:03:12,CF311C17200,CF311C17200,177.0,0.0,0.0,0.0,10,126.0,1143.0,1,390.0,177.0,177.0,177.0,1.0,177.0,39
2023-05-11 09:03:12,CF311C17200,CF311C17200,177.0,0.0,0.0,0.0,10,126.0,1142.0,10,390.0,177.0,177.0,177.0,1.0,177.0,39
2023-05-11 09:03:17,CF311C17200,CF311C17200,177.0,0.0,0.0,0.0,10,126.0,1139.0,1,390.0,177.0,177.0,177.0,1.0,177.0,39
2023-05-11 09:03:17,CF311C17200,CF311C17200,177.0,0.0,0.0,0.0,10,126.0,1138.0,10,390.0,177.0,177.0,177.0,1.0,177.0,39
2023-05-11 09:03:17,CF311C17200,CF311C17200,177.0,0.0,0.0,0.0,10,126.0,1135.0,1,390.0,177.0,177.0,177.0,1.0,177.0,39
2023-05-11 09:03:18,CF311C17200,CF311C17200,177.0,0.0,0.0,0.0,10,126.0,1134.0,10,390.0,177.0,177.0,177.0,1.0,177.0,39
2023-05-11 09:03:19,CF311C17200,CF311C17200,177.0,0.0,0.0,0.0,10,126.0,1131.0,1,390.0,177.0,177.0,177.0,1.0,177.0,39
2023-05-11 09:03:19,CF311C17200,CF311C17200,177.0,0.0,0.0,0.0,10,126.0,1130.0,10,390.0,177.0,177.0,177.0,1.0,177.0,39
2023-05-11 09:03:19,CF311C17200,CF311C17200,177.0,0.0,0.0,0.0,10,126.0,1123.0,1,390.0,177.0,177.0,177.0,1.0,177.0,39
2023-05-11 09:03:20,CF311C17200,CF311C17200,177.0,0.0,0.0,0.0,10,126.0,1122.0,10,390.0,177.0,177.0,177.0,1.0,177.0,39
2023-05-11 09:03:21,CF311C17200,CF311C17200,177.0,0.0,0.0,0.0,10,126.0,1119.0,1,390.0,177.0,177.0,177.0,1.0,177.0,39
2023-05-11 09:03:21,CF311C17200,CF311C17200,177.0,0.0,0.0,0.0,10,126.0,1118.0,10,390.0,177.0,177.0,177.0,1.0,177.0,39
2023-05-11 09:03:24,CF311C17200,CF311C17200,177.0,0.0,0.0,0.0,10,126.0,1115.0,1,390.0,177.0,177.0,177.0,1.0,177.0,39
2023-05-11 09:03:24,CF311C17200,CF311C17200,177.0,0.0,0.0,0.0,10,126.0,1114.0,10,390.0,177.0,177.0,177.0,1.0,177.0,39
2023-05-11 09:03:25,CF311C17200,CF311C17200,177.0,0.0,0.0,0.0,10,126.0,1107.0,1,390.0,177.0,177.0,177.0,1.0,177.0,39
2023-05-11 09:03:26,CF311C17200,CF311C17200,177.0,0.0,0.0,0.0,10,126.0,1106.0,10,390.0,177.0,177.0,177.0,1.0,177.0,39
2023-05-11 09:03:27,CF311C17200,CF311C17200,177.0,0.0,0.0,0.0,10,126.0,1103.0,1,390.0,177.0,177.0,177.0,1.0,177.0,39
2023-05-11 09:03:27,CF311C17200,CF311C17200,177.0,0.0,0.0,0.0,10,126.0,1102.0,10,390.0,177.0,177.0,177.0,1.0,177.0,39
2023-05-11 09:03:29,CF311C17200,CF311C17200,177.0,0.0,0.0,0.0,10,126.0,1099.0,1,390.0,177.0,177.0,177.0,1.0,177.0,39
2023-05-11 09:03:29,CF311C17200,CF311C17200,177.0,0.0,0.0,0.0,10,126.0,1098.0,10,390.0,177.0,177.0,177.0,1.0,177.0,39
2023-05-11 09:03:30,CF311C17200,CF311C17200,177.0,0.0,0.0,0.0,10,126.0,1095.0,1,390.0,177.0,177.0,177.0,1.0,177.0,39
2023-05-11 09:03:30,CF311C17200,CF311C17200,177.0,0.0,0.0,0.0,10,126.0,1094.0,10,390.0,177.0,177.0,177.0,1.0,177.0,39
2023-05-11 09:03:31,CF311C17200,CF311C17200,177.0,0.0,0.0,0.0,10,126.0,1083.0,1,390.0,177.0,177.0,177.0,1.0,177.0,39
2023-05-11 09:03:32,CF311C17200,CF311C17200,177.0,0.0,0.0,0.0,10,126.0,1080.0,1,390.0,177.0,177.0,177.0,1.0,177.0,39
2023-05-11 09:03:32,CF311C17200,CF311C17200,177.0,0.0,0.0,0.0,10,126.0,1079.0,10,390.0,177.0,177.0,177.0,1.0,177.0,39
2023-05-11 09:03:33,CF311C17200,CF311C17200,177.0,0.0,0.0,0.0,10,126.0,1076.0,1,390.0,177.0,177.0,177.0,1.0,177.0,39
2023-05-11 09:03:33,CF311C17200,CF311C17200,177.0,0.0,0.0,0.0,10,126.0,1075.0,10,390.0,177.0,177.0,177.0,1.0,177.0,39
2023-05-11 09:03:37,CF311C17200,CF311C17200,177.0,0.0,0.0,0.0,10,126.0,1072.0,1,390.0,177.0,177.0,177.0,1.0,177.0,39
2023-05-11 09:03:37,CF311C17200,CF311C17200,177.0,0.0,0.0,0.0,10,126.0,1064.0,1,390.0,177.0,177.0,177.0,1.0,177.0,39
2023-05-11 09:03:38,CF311C17200,CF311C17200,177.0,0.0,0.0,0.0,10,126.0,1063.0,10,390.0,177.0,177.0,177.0,1.0,177.0,39
2023-05-11 09:03:40,CF311C17200,CF311C17200,177.0,0.0,0.0,0.0,10,126.0,1060.0,1,390.0,177.0,177.0,177.0,1.0,177.0,39
2023-05-11 09:03:40,CF311C17200,CF311C17200,177.0,0.0,0.0,0.0,10,126.0,1059.0,10,390.0,177.0,177.0,177.0,1.0,177.0,39
2023-05-11 09:03:41,CF311C17200,CF311C17200,177.0,0.0,0.0,0.0,10,126.0,1056.0,1,390.0,177.0,177.0,177.0,1.0,177.0,39
2023-05-11 09:03:41,CF311C17200,CF311C17200,177.0,0.0,0.0,0.0,10,126.0,1055.0,10,390.0,177.0,177.0,177.0,1.0,177.0,39
2023-05-11 09:03:43,CF311C17200,CF311C17200,177.0,0.0,0.0,0.0,10,126.0,1052.0,1,390.0,177.0,177.0,177.0,1.0,177.0,39
2023-05-11 09:03:43,CF311C17200,CF311C17200,177.0,0.0,0.0,0.0,10,126.0,1051.0,10,390.0,177.0,177.0,177.0,1.0,177.0,39
2023-05-11 09:03:44,CF311C17200,CF311C17200,177.0,0.0,0.0,0.0,10,126.0,1048.0,1,390.0,177.0,177.0,177.0,1.0,177.0,39
2023-05-11 09:03:44,CF311C17200,CF311C17200,177.0,0.0,0.0,0.0,10,126.0,1047.0,10,390.0,177.0,177.0,177.0,1.0,177.0,39
2023-05-11 09:03:46,CF311C17200,CF311C17200,177.0,0.0,0.0,0.0,10,126.0,1044.0,1,390.0,177.0,177.0,177.0,1.0,177.0,39
2023-05-11 09:03:46,CF311C17200,CF311C17200,177.0,0.0,0.0,0.0,10,126.0,1043.0,10,390.0,177.0,177.0,177.0,1.0,177.0,39
2023-05-11 09:03:47,CF311C17200,CF311C17200,177.0,0.0,0.0,0.0,10,126.0,1040.0,1,390.0,177.0,177.0,177.0,1.0,177.0,39
2023-05-11 09:03:47,CF311C17200,CF311C17200,177.0,0.0,0.0,0.0,10,126.0,1039.0,10,390.0,177.0,177.0,177.0,1.0,177.0,39
2023-05-11 09:03:48,CF311C17200,CF311C17200,177.0,0.0,0.0,0.0,10,126.0,1036.0,1,390.0,177.0,177.0,177.0,1.0,177.0,39
2023-05-11 09:03:48,CF311C17200,CF311C17200,177.0,0.0,0.0,0.0,10,126.0,1035.0,10,390.0,177.0,177.0,177.0,1.0,177.0,39
2023-05-11 09:03:49,CF311C17200,CF311C17200,177.0,0.0,0.0,0.0,10,126.0,1024.0,1,390.0,177.0,177.0,177.0,1.0,177.0,39
2023-05-11 09:03:50,CF311C17200,CF311C17200,177.0,0.0,0.0,0.0,10,126.0,1023.0,10,390.0,177.0,177.0,177.0,1.0,177.0,39
2023-05-11 09:03:51,CF311C17200,CF311C17200,177.0,0.0,0.0,0.0,10,126.0,1020.0,1,390.0,177.0,177.0,177.0,1.0,177.0,39
2023-05-11 09:03:51,CF311C17200,CF311C17200,177.0,0.0,0.0,0.0,10,126.0,1019.0,10,390.0,177.0,177.0,177.0,1.0,177.0,39
2023-05-11 09:03:54,CF311C17200,CF311C17200,177.0,0.0,0.0,0.0,10,126.0,1008.0,1,390.0,177.0,177.0,177.0,1.0,177.0,39
2023-05-11 09:03:54,CF311C17200,CF311C17200,177.0,0.0,0.0,0.0,10,126.0,1005.0,1,390.0,177.0,177.0,177.0,1.0,177.0,39
2023-05-11 09:03:55,CF311C17200,CF311C17200,177.0,0.0,0.0,0.0,10,126.0,1004.0,10,390.0,177.0,177.0,177.0,1.0,177.0,39
2023-05-11 09:03:56,CF311C17200,CF311C17200,177.0,0.0,0.0,0.0,10,126.0,1001.0,1,390.0,177.0,177.0,177.0,1.0,177.0,39
2023-05-11 09:03:56,CF311C17200,CF311C17200,177.0,0.0,0.0,0.0,10,126.0,1000.0,10,390.0,177.0,177.0,177.0,1.0,177.0,39
2023-05-11 09:04:00,CF311C17200,CF311C17200,177.0,0.0,0.0,0.0,10,126.0,997.0,1,390.0,177.0,177.0,177.0,1.0,177.0,39
2023-05-11 09:04:00,CF311C17200,CF311C17200,177.0,0.0,0.0,0.0,10,126.0,996.0,10,390.0,177.0,177.0,177.0,1.0,177.0,39
2023-05-11 09:04:02,CF311C17200,CF311C17200,177.0,0.0,0.0,0.0,10,126.0,985.0,1,390.0,177.0,177.0,177.0,1.0,177.0,39
2023-05-11 09:04:02,CF311C17200,CF311C17200,177.0,0.0,0.0,0.0,10,126.0,984.0,10,390.0,177.0,177.0,177.0,1.0,177.0,39
2023-05-11 09:04:03,CF311C17200,CF311C17200,177.0,0.0,0.0,0.0,10,126.0,981.0,1,390.0,177.0,177.0,177.0,1.0,177.0,39
2023-05-11 09:04:03,CF311C17200,CF311C17200,177.0,0.0,0.0,0.0,10,126.0,980.0,10,390.0,177.0,177.0,177.0,1.0,177.0,39
2023-05-11 09:04:04,CF311C17200,CF311C17200,177.0,0.0,0.0,0.0,10,126.0,977.0,1,390.0,177.0,177.0,177.0,1.0,177.0,39
2023-05-11 09:04:04,CF311C17200,CF311C17200,177.0,0.0,0.0,0.0,10,126.0,976.0,10,390.0,177.0,177.0,177.0,1.0,177.0,39
2023-05-11 09:04:07,CF311C17200,CF311C17200,177.0,0.0,0.0,0.0,10,126.0,973.0,1,390.0,177.0,177.0,177.0,1.0,177.0,39
2023-05-11 09:04:07,CF311C17200,CF311C17200,177.0,0.0,0.0,0.0,10,126.0,965.0,1,390.0,177.0,177.0,177.0,1.0,177.0,39
2023-05-11 09:04:07,CF311C17200,CF311C17200,177.0,0.0,0.0,0.0,10,126.0,964.0,10,390.0,177.0,177.0,177.0,1.0,177.0,39
2023-05-11 09:04:08,CF311C17200,CF311C17200,177.0,0.0,0.0,0.0,10,126.0,961.0,1,390.0,177.0,177.0,177.0,1.0,177.0,39
2023-05-11 09:04:08,CF311C17200,CF311C17200,177.0,0.0,0.0,0.0,10,126.0,960.0,10,390.0,177.0,177.0,177.0,1.0,177.0,39
2023-05-11 09:04:09,CF311C17200,CF311C17200,177.0,0.0,0.0,0.0,10,126.0,957.0,1,390.0,177.0,177.0,177.0,1.0,177.0,39
2023-05-11 09:04:09,CF311C17200,CF311C17200,177.0,0.0,0.0,0.0,10,126.0,956.0,10,390.0,177.0,177.0,177.0,1.0,177.0,39
2023-05-11 09:04:10,CF311C17200,CF311C17200,177.0,0.0,0.0,0.0,10,126.0,953.0,1,390.0,177.0,177.0,177.0,1.0,177.0,39
2023-05-11 09:04:10,CF311C17200,CF311C17200,177.0,0.0,0.0,0.0,10,126.0,952.0,10,390.0,177.0,177.0,177.0,1.0,177.0,39
2023-05-11 09:04:11,CF311C17200,CF311C17200,177.0,0.0,0.0,0.0,10,126.0,946.0,1,390.0,177.0,177.0,177.0,1.0,177.0,39
2023-05-11 09:04:12,CF311C17200,CF311C17200,177.0,0.0,0.0,0.0,10,126.0,943.0,1,390.0,177.0,177.0,177.0,1.0,177.0,39
2023-05-11 09:04:12,CF311C17200,CF311C17200,177.0,0.0,0.0,0.0,10,126.0,942.0,10,390.0,177.0,177.0,177.0,1.0,177.0,39
2023-05-11 09:04:12,CF311C17200,CF311C17200,177.0,0.0,0.0,0.0,10,126.0,939.0,1,390.0,177.0,177.0,177.0,1.0,177.0,39
2023-05-11 09:04:13,CF311C17200,CF311C17200,177.0,0.0,0.0,0.0,10,126.0,938.0,10,390.0,177.0,177.0,177.0,1.0,177.0,39
2023-05-11 09:04:13,CF311C17200,CF311C17200,177.0,0.0,0.0,0.0,10,126.0,935.0,1,390.0,177.0,177.0,177.0,1.0,177.0,39
2023-05-11 09:04:14,CF311C17200,CF311C17200,177.0,0.0,0.0,0.0,10,126.0,934.0,10,390.0,177.0,177.0,177.0,1.0,177.0,39
2023-05-11 09:04:14,CF311C17200,CF311C17200,177.0,0.0,0.0,0.0,10,126.0,931.0,1,390.0,177.0,177.0,177.0,1.0,177.0,39
2023-05-11 09:04:15,CF311C17200,CF311C17200,177.0,0.0,0.0,0.0,10,126.0,930.0,10,390.0,177.0,177.0,177.0,1.0,177.0,39
2023-05-11 09:04:15,CF311C17200,CF311C17200,177.0,0.0,0.0,0.0,10,126.0,927.0,1,390.0,177.0,177.0,177.0,1.0,177.0,39
2023-05-11 09:04:16,CF311C17200,CF311C17200,177.0,0.0,0.0,0.0,10,126.0,926.0,10,390.0,177.0,177.0,177.0,1.0,177.0,39
2023-05-11 09:04:17,CF311C17200,CF311C17200,177.0,0.0,0.0,0.0,10,126.0,923.0,1,390.0,177.0,177.0,177.0,1.0,177.0,39
2023-05-11 09:04:17,CF311C17200,CF311C17200,177.0,0.0,0.0,0.0,10,126.0,922.0,10,390.0,177.0,177.0,177.0,1.0,177.0,39
2023-05-11 09:04:18,CF311C17200,CF311C17200,177.0,0.0,0.0,0.0,10,126.0,915.0,1,390.0,177.0,177.0,177.0,1.0,177.0,39
2023-05-11 09:04:18,CF311C17200,CF311C17200,177.0,0.0,0.0,0.0,10,126.0,914.0,10,390.0,177.0,177.0,177.0,1.0,177.0,39
2023-05-11 09:04:19,CF311C17200,CF311C17200,177.0,0.0,0.0,0.0,10,126.0,911.0,1,390.0,177.0,177.0,177.0,1.0,177.0,39
2023-05-11 09:04:19,CF311C17200,CF311C17200,177.0,0.0,0.0,0.0,10,126.0,910.0,10,390.0,177.0,177.0,177.0,1.0,177.0,39
2023-05-11 09:04:20,CF311C17200,CF311C17200,177.0,0.0,0.0,0.0,10,126.0,907.0,1,390.0,177.0,177.0,177.0,1.0,177.0,39
2023-05-11 09:04:20,CF311C17200,CF311C17200,177.0,0.0,0.0,0.0,10,126.0,906.0,10,390.0,177.0,177.0,177.0,1.0,177.0,39
2023-05-11 09:04:23,CF311C17200,CF311C17200,177.0,0.0,0.0,0.0,10,126.0,895.0,1,390.0,177.0,177.0,177.0,1.0,177.0,39
2023-05-11 09:04:23,CF311C17200,CF311C17200,177.0,0.0,0.0,0.0,10,126.0,892.0,1,390.0,177.0,177.0,177.0,1.0,177.0,39
2023-05-11 09:04:23,CF311C17200,CF311C17200,177.0,0.0,0.0,0.0,10,126.0,891.0,10,390.0,177.0,177.0,177.0,1.0,177.0,39
2023-05-11 09:04:24,CF311C17200,CF311C17200,177.0,0.0,0.0,0.0,10,126.0,888.0,1,390.0,177.0,177.0,177.0,1.0,177.0,39
2023-05-11 09:04:24,CF311C17200,CF311C17200,177.0,0.0,0.0,0.0,10,126.0,887.0,10,390.0,177.0,177.0,177.0,1.0,177.0,39
2023-05-11 09:04:25,CF311C17200,CF311C17200,177.0,0.0,0.0,0.0,10,126.0,884.0,1,390.0,177.0,177.0,177.0,1.0,177.0,39
2023-05-11 09:04:26,CF311C17200,CF311C17200,177.0,0.0,0.0,0.0,10,126.0,883.0,10,390.0,177.0,177.0,177.0,1.0,177.0,39
2023-05-11 09:04:26,CF311C17200,CF311C17200,177.0,0.0,0.0,0.0,10,126.0,880.0,1,390.0,177.0,177.0,177.0,1.0,177.0,39
2023-05-11 09:04:26,CF311C17200,CF311C17200,177.0,0.0,0.0,0.0,10,126.0,879.0,10,390.0,177.0,177.0,177.0,1.0,177.0,39
2023-05-11 09:04:27,CF311C17200,CF311C17200,177.0,0.0,0.0,0.0,10,126.0,869.0,1,390.0,177.0,177.0,177.0,1.0,177.0,39
2023-05-11 09:04:28,CF311C17200,CF311C17200,177.0,0.0,0.0,0.0,10,126.0,866.0,1,390.0,177.0,177.0,177.0,1.0,177.0,39
2023-05-11 09:04:28,CF311C17200,CF311C17200,177.0,0.0,0.0,0.0,10,126.0,865.0,10,390.0,177.0,177.0,177.0,1.0,177.0,39
2023-05-11 09:04:29,CF311C17200,CF311C17200,177.0,0.0,0.0,0.0,10,126.0,862.0,1,390.0,177.0,177.0,177.0,1.0,177.0,39
2023-05-11 09:04:29,CF311C17200,CF311C17200,177.0,0.0,0.0,0.0,10,126.0,861.0,10,390.0,177.0,177.0,177.0,1.0,177.0,39
2023-05-11 09:04:29,CF311C17200,CF311C17200,177.0,0.0,0.0,0.0,10,126.0,858.0,1,390.0,177.0,177.0,177.0,1.0,177.0,39
2023-05-11 09:04:30,CF311C17200,CF311C17200,177.0,0.0,0.0,0.0,10,126.0,857.0,10,390.0,177.0,177.0,177.0,1.0,177.0,39
2023-05-11 09:04:32,CF311C17200,CF311C17200,177.0,0.0,0.0,0.0,10,126.0,846.0,1,390.0,177.0,177.0,177.0,1.0,177.0,39
2023-05-11 09:04:32,CF311C17200,CF311C17200,177.0,0.0,0.0,0.0,10,126.0,843.0,1,390.0,177.0,177.0,177.0,1.0,177.0,39
2023-05-11 09:04:32,CF311C17200,CF311C17200,177.0,0.0,0.0,0.0,10,126.0,842.0,10,390.0,177.0,177.0,177.0,1.0,177.0,39
2023-05-11 09:04:33,CF311C17200,CF311C17200,177.0,0.0,0.0,0.0,10,126.0,839.0,1,390.0,177.0,177.0,177.0,1.0,177.0,39
2023-05-11 09:04:33,CF311C17200,CF311C17200,177.0,0.0,0.0,0.0,10,126.0,838.0,10,390.0,177.0,177.0,177.0,1.0,177.0,39
2023-05-11 09:04:35,CF311C17200,CF311C17200,177.0,0.0,0.0,0.0,10,126.0,835.0,1,390.0,177.0,177.0,177.0,1.0,177.0,39
2023-05-11 09:04:35,CF311C17200,CF311C17200,177.0,0.0,0.0,0.0,10,126.0,834.0,10,390.0,177.0,177.0,177.0,1.0,177.0,39
2023-05-11 09:04:36,CF311C17200,CF311C17200,177.0,0.0,0.0,0.0,10,126.0,824.0,1,390.0,177.0,177.0,177.0,1.0,177.0,39
2023-05-11 09:04:36,CF311C17200,CF311C17200,177.0,0.0,0.0,0.0,10,126.0,823.0,10,390.0,177.0,177.0,177.0,1.0,177.0,39
2023-05-11 09:04:38,CF311C17200,CF311C17200,177.0,0.0,0.0,0.0,10,126.0,820.0,1,390.0,177.0,177.0,177.0,1.0,177.0,39
2023-05-11 09:04:38,CF311C17200,CF311C17200,177.0,0.0,0.0,0.0,10,126.0,819.0,10,390.0,177.0,177.0,177.0,1.0,177.0,39
2023-05-11 09:04:40,CF311C17200,CF311C17200,177.0,0.0,0.0,0.0,10,126.0,816.0,1,390.0,177.0,177.0,177.0,1.0,177.0,39
2023-05-11 09:04:41,CF311C17200,CF311C17200,177.0,0.0,0.0,0.0,10,126.0,808.0,1,390.0,177.0,177.0,177.0,1.0,177.0,39
2023-05-11 09:04:41,CF311C17200,CF311C17200,177.0,0.0,0.0,0.0,10,126.0,805.0,1,390.0,177.0,177.0,177.0,1.0,177.0,39
2023-05-11 09:04:41,CF311C17200,CF311C17200,177.0,0.0,0.0,0.0,10,126.0,804.0,10,390.0,177.0,177.0,177.0,1.0,177.0,39
2023-05-11 09:04:42,CF311C17200,CF311C17200,177.0,0.0,0.0,0.0,10,126.0,801.0,1,390.0,177.0,177.0,177.0,1.0,177.0,39
2023-05-11 09:04:42,CF311C17200,CF311C17200,177.0,0.0,0.0,0.0,10,126.0,800.0,10,390.0,177.0,177.0,177.0,1.0,177.0,39
2023-05-11 09:04:43,CF311C17200,CF311C17200,177.0,0.0,0.0,0.0,10,126.0,797.0,1,390.0,177.0,177.0,177.0,1.0,177.0,39
2023-05-11 09:04:43,CF311C17200,CF311C17200,177.0,0.0,0.0,0.0,10,126.0,796.0,10,390.0,177.0,177.0,177.0,1.0,177.0,39
2023-05-11 09:04:45,CF311C17200,CF311C17200,177.0,0.0,0.0,0.0,10,126.0,793.0,1,390.0,177.0,177.0,177.0,1.0,177.0,39
2023-05-11 09:04:45,CF311C17200,CF311C17200,177.0,0.0,0.0,0.0,10,126.0,792.0,10,390.0,177.0,177.0,177.0,1.0,177.0,39
2023-05-11 09:04:46,CF311C17200,CF311C17200,177.0,0.0,0.0,0.0,10,126.0,789.0,1,390.0,177.0,177.0,177.0,1.0,177.0,39
2023-05-11 09:04:47,CF311C17200,CF311C17200,177.0,0.0,0.0,0.0,10,126.0,788.0,10,390.0,177.0,177.0,177.0,1.0,177.0,39
2023-05-11 09:04:47,CF311C17200,CF311C17200,177.0,0.0,0.0,0.0,10,126.0,785.0,1,390.0,177.0,177.0,177.0,1.0,177.0,39
2023-05-11 09:04:47,CF311C17200,CF311C17200,177.0,0.0,0.0,0.0,10,126.0,784.0,10,390.0,177.0,177.0,177.0,1.0,177.0,39
2023-05-11 09:04:48,CF311C17200,CF311C17200,177.0,0.0,0.0,0.0,10,126.0,781.0,1,390.0,177.0,177.0,177.0,1.0,177.0,39
2023-05-11 09:04:49,CF311C17200,CF311C17200,177.0,0.0,0.0,0.0,10,126.0,774.0,1,390.0,177.0,177.0,177.0,1.0,177.0,39
2023-05-11 09:04:49,CF311C17200,CF311C17200,177.0,0.0,0.0,0.0,10,126.0,771.0,1,390.0,177.0,177.0,177.0,1.0,177.0,39
2023-05-11 09:04:49,CF311C17200,CF311C17200,177.0,0.0,0.0,0.0,10,126.0,770.0,10,390.0,177.0,177.0,177.0,1.0,177.0,39
2023-05-11 09:04:50,CF311C17200,CF311C17200,177.0,0.0,0.0,0.0,10,126.0,767.0,1,390.0,177.0,177.0,177.0,1.0,177.0,39
2023-05-11 09:04:50,CF311C17200,CF311C17200,177.0,0.0,0.0,0.0,10,126.0,766.0,10,390.0,177.0,177.0,177.0,1.0,177.0,39
2023-05-11 09:04:52,CF311C17200,CF311C17200,177.0,0.0,0.0,0.0,10,126.0,763.0,1,390.0,177.0,177.0,177.0,1.0,177.0,39
2023-05-11 09:04:52,CF311C17200,CF311C17200,177.0,0.0,0.0,0.0,10,126.0,762.0,10,390.0,177.0,177.0,177.0,1.0,177.0,39
2023-05-11 09:04:53,CF311C17200,CF311C17200,177.0,0.0,0.0,0.0,10,126.0,759.0,1,390.0,177.0,177.0,177.0,1.0,177.0,39
2023-05-11 09:04:53,CF311C17200,CF311C17200,177.0,0.0,0.0,0.0,10,126.0,758.0,10,390.0,177.0,177.0,177.0,1.0,177.0,39
2023-05-11 09:04:54,CF311C17200,CF311C17200,177.0,0.0,0.0,0.0,10,126.0,755.0,1,390.0,177.0,177.0,177.0,1.0,177.0,39
2023-05-11 09:04:54,CF311C17200,CF311C17200,177.0,0.0,0.0,0.0,10,126.0,754.0,10,390.0,177.0,177.0,177.0,1.0,177.0,39
2023-05-11 09:04:55,CF311C17200,CF311C17200,177.0,0.0,0.0,0.0,10,126.0,751.0,1,390.0,177.0,177.0,177.0,1.0,177.0,39
2023-05-11 09:04:56,CF311C17200,CF311C17200,177.0,0.0,0.0,0.0,10,126.0,750.0,10,390.0,177.0,177.0,177.0,1.0,177.0,39
2023-05-11 09:04:56,CF311C17200,CF311C17200,177.0,0.0,0.0,0.0,10,126.0,747.0,1,390.0,177.0,177.0,177.0,1.0,177.0,39
2023-05-11 09:04:56,CF311C17200,CF311C17200,177.0,0.0,0.0,0.0,10,126.0,746.0,10,390.0,177.0,177.0,177.0,1.0,177.0,39
2023-05-11 09:04:57,CF311C17200,CF311C17200,177.0,0.0,0.0,0.0,10,126.0,743.0,1,390.0,177.0,177.0,177.0,1.0,177.0,39
2023-05-11 09:04:57,CF311C17200,CF311C17200,177.0,0.0,0.0,0.0,10,126.0,742.0,10,390.0,177.0,177.0,177.0,1.0,177.0,39
2023-05-11 09:04:58,CF311C17200,CF311C17200,177.0,0.0,0.0,0.0,10,126.0,739.0,1,390.0,177.0,177.0,177.0,1.0,177.0,39
2023-05-11 09:04:59,CF311C17200,CF311C17200,177.0,0.0,0.0,0.0,10,126.0,732.0,1,390.0,177.0,177.0,177.0,1.0,177.0,39
2023-05-11 09:04:59,CF311C17200,CF311C17200,177.0,0.0,0.0,0.0,10,126.0,729.0,1,390.0,177.0,177.0,177.0,1.0,177.0,39
2023-05-11 09:04:59,CF311C17200,CF311C17200,177.0,0.0,0.0,0.0,10,126.0,728.0,10,390.0,177.0,177.0,177.0,1.0,177.0,39
2023-05-11 09:05:00,CF311C17200,CF311C17200,177.0,0.0,0.0,0.0,10,126.0,725.0,1,390.0,177.0,177.0,177.0,1.0,177.0,39
2023-05-11 09:05:00,CF311C17200,CF311C17200,177.0,0.0,0.0,0.0,10,126.0,724.0,10,390.0,177.0,177.0,177.0,1.0,177.0,39
2023-05-11 09:05:01,CF311C17200,CF311C17200,177.0,0.0,0.0,0.0,10,126.0,721.0,1,390.0,177.0,177.0,177.0,1.0,177.0,39
2023-05-11 09:05:02,CF311C17200,CF311C17200,177.0,0.0,0.0,0.0,10,126.0,720.0,10,390.0,177.0,177.0,177.0,1.0,177.0,39
2023-05-11 09:05:02,CF311C17200,CF311C17200,177.0,0.0,0.0,0.0,10,126.0,717.0,1,390.0,177.0,177.0,177.0,1.0,177.0,39
2023-05-11 09:05:02,CF311C17200,CF311C17200,177.0,0.0,0.0,0.0,10,126.0,716.0,10,390.0,177.0,177.0,177.0,1.0,177.0,39
2023-05-11 09:05:03,CF311C17200,CF311C17200,177.0,0.0,0.0,0.0,10,126.0,713.0,1,390.0,177.0,177.0,177.0,1.0,177.0,39
2023-05-11 09:05:03,CF311C17200,CF311C17200,177.0,0.0,0.0,0.0,10,126.0,712.0,10,390.0,177.0,177.0,177.0,1.0,177.0,39
2023-05-11 09:05:04,CF311C17200,CF311C17200,177.0,0.0,0.0,0.0,10,126.0,709.0,1,390.0,177.0,177.0,177.0,1.0,177.0,39
2023-05-11 09:05:05,CF311C17200,CF311C17200,177.0,0.0,0.0,0.0,10,126.0,701.0,1,390.0,177.0,177.0,177.0,1.0,177.0,39
2023-05-11 09:05:05,CF311C17200,CF311C17200,177.0,0.0,0.0,0.0,10,126.0,697.0,10,390.0,177.0,177.0,177.0,1.0,177.0,39
2023-05-11 09:05:05,CF311C17200,CF311C17200,177.0,0.0,0.0,0.0,10,126.0,694.0,1,390.0,177.0,177.0,177.0,1.0,177.0,39
2023-05-11 09:05:06,CF311C17200,CF311C17200,177.0,0.0,0.0,0.0,10,126.0,693.0,10,390.0,177.0,177.0,177.0,1.0,177.0,39
2023-05-11 09:05:08,CF311C17200,CF311C17200,177.0,0.0,0.0,0.0,10,126.0,690.0,1,390.0,177.0,177.0,177.0,1.0,177.0,39
2023-05-11 09:05:08,CF311C17200,CF311C17200,177.0,0.0,0.0,0.0,10,126.0,689.0,10,390.0,177.0,177.0,177.0,1.0,177.0,39
2023-05-11 09:05:09,CF311C17200,CF311C17200,177.0,0.0,0.0,0.0,10,126.0,686.0,1,390.0,177.0,177.0,177.0,1.0,177.0,39
2023-05-11 09:05:09,CF311C17200,CF311C17200,177.0,0.0,0.0,0.0,10,126.0,685.0,10,390.0,177.0,177.0,177.0,1.0,177.0,39
2023-05-11 09:05:10,CF311C17200,CF311C17200,177.0,0.0,0.0,0.0,10,126.0,682.0,1,390.0,177.0,177.0,177.0,1.0,177.0,39
2023-05-11 09:05:11,CF311C17200,CF311C17200,177.0,0.0,0.0,0.0,10,126.0,675.0,1,390.0,177.0,177.0,177.0,1.0,177.0,39
2023-05-11 09:05:11,CF311C17200,CF311C17200,177.0,0.0,0.0,0.0,10,126.0,672.0,1,390.0,177.0,177.0,177.0,1.0,177.0,39
2023-05-11 09:05:11,CF311C17200,CF311C17200,177.0,0.0,0.0,0.0,10,126.0,671.0,10,390.0,177.0,177.0,177.0,1.0,177.0,39
2023-05-11 09:05:12,CF311C17200,CF311C17200,177.0,0.0,0.0,0.0,10,126.0,668.0,1,390.0,177.0,177.0,177.0,1.0,177.0,39
2023-05-11 09:05:12,CF311C17200,CF311C17200,177.0,0.0,0.0,0.0,10,126.0,667.0,10,390.0,177.0,177.0,177.0,1.0,177.0,39
2023-05-11 09:05:13,CF311C17200,CF311C17200,177.0,0.0,0.0,0.0,10,126.0,664.0,1,390.0,177.0,177.0,177.0,1.0,177.0,39
2023-05-11 09:05:14,CF311C17200,CF311C17200,177.0,0.0,0.0,0.0,10,126.0,663.0,10,390.0,177.0,177.0,177.0,1.0,177.0,39
2023-05-11 09:05:14,CF311C17200,CF311C17200,177.0,0.0,0.0,0.0,10,126.0,660.0,1,390.0,177.0,177.0,177.0,1.0,177.0,39
2023-05-11 09:05:14,CF311C17200,CF311C17200,177.0,0.0,0.0,0.0,10,126.0,659.0,10,390.0,177.0,177.0,177.0,1.0,177.0,39
2023-05-11 09:05:15,CF311C17200,CF311C17200,177.0,0.0,0.0,0.0,10,126.0,656.0,1,390.0,177.0,177.0,177.0,1.0,177.0,39
2023-05-11 09:05:15,CF311C17200,CF311C17200,177.0,0.0,0.0,0.0,10,126.0,655.0,10,390.0,177.0,177.0,177.0,1.0,177.0,39
2023-05-11 09:05:16,CF311C17200,CF311C17200,177.0,0.0,0.0,0.0,10,126.0,652.0,1,390.0,177.0,177.0,177.0,1.0,177.0,39
2023-05-11 09:05:16,CF311C17200,CF311C17200,177.0,0.0,0.0,0.0,10,126.0,651.0,10,390.0,177.0,177.0,177.0,1.0,177.0,39
2023-05-11 09:05:17,CF311C17200,CF311C17200,177.0,0.0,0.0,0.0,10,126.0,648.0,1,390.0,177.0,177.0,177.0,1.0,177.0,39
2023-05-11 09:05:17,CF311C17200,CF311C17200,177.0,0.0,0.0,0.0,10,126.0,647.0,10,390.0,177.0,177.0,177.0,1.0,177.0,39
2023-05-11 09:05:18,CF311C17200,CF311C17200,177.0,0.0,0.0,0.0,10,126.0,644.0,1,390.0,177.0,177.0,177.0,1.0,177.0,39
2023-05-11 09:05:18,CF311C17200,CF311C17200,177.0,0.0,0.0,0.0,10,126.0,643.0,10,390.0,177.0,177.0,177.0,1.0,177.0,39
2023-05-11 09:05:19,CF311C17200,CF311C17200,177.0,0.0,0.0,0.0,10,126.0,640.0,1,390.0,177.0,177.0,177.0,1.0,177.0,39
2023-05-11 09:05:19,CF311C17200,CF311C17200,177.0,0.0,0.0,0.0,10,126.0,639.0,10,390.0,177.0,177.0,177.0,1.0,177.0,39
2023-05-11 09:05:20,CF311C17200,CF311C17200,177.0,0.0,0.0,0.0,10,126.0,636.0,1,390.0,177.0,177.0,177.0,1.0,177.0,39
2023-05-11 09:05:20,CF311C17200,CF311C17200,177.0,0.0,0.0,0.0,10,126.0,635.0,10,390.0,177.0,177.0,177.0,1.0,177.0,39
2023-05-11 09:05:21,CF311C17200,CF311C17200,177.0,0.0,0.0,0.0,10,126.0,632.0,1,390.0,177.0,177.0,177.0,1.0,177.0,39
2023-05-11 09:05:21,CF311C17200,CF311C17200,177.0,0.0,0.0,0.0,10,126.0,631.0,10,390.0,177.0,177.0,177.0,1.0,177.0,39
2023-05-11 09:05:22,CF311C17200,CF311C17200,177.0,0.0,0.0,0.0,10,126.0,628.0,1,390.0,177.0,177.0,177.0,1.0,177.0,39
2023-05-11 09:05:22,CF311C17200,CF311C17200,177.0,0.0,0.0,0.0,10,126.0,627.0,10,390.0,177.0,177.0,177.0,1.0,177.0,39
2023-05-11 09:05:23,CF311C17200,CF311C17200,177.0,0.0,0.0,0.0,10,126.0,624.0,1,390.0,177.0,177.0,177.0,1.0,177.0,39
2023-05-11 09:05:23,CF311C17200,CF311C17200,177.0,0.0,0.0,0.0,10,126.0,623.0,10,390.0,177.0,177.0,177.0,1.0,177.0,39
2023-05-11 09:05:24,CF311C17200,CF311C17200,177.0,0.0,0.0,0.0,10,126.0,620.0,1,390.0,177.0,177.0,177.0,1.0,177.0,39
2023-05-11 09:05:24,CF311C17200,CF311C17200,177.0,0.0,0.0,0.0,10,126.0,619.0,10,390.0,177.0,177.0,177.0,1.0,177.0,39
2023-05-11 09:05:25,CF311C17200,CF311C17200,177.0,0.0,0.0,0.0,10,126.0,616.0,1,390.0,177.0,177.0,177.0,1.0,177.0,39
2023-05-11 09:05:25,CF311C17200,CF311C17200,177.0,0.0,0.0,0.0,10,126.0,615.0,10,390.0,177.0,177.0,177.0,1.0,177.0,39
2023-05-11 09:05:26,CF311C17200,CF311C17200,177.0,0.0,0.0,0.0,10,126.0,612.0,1,390.0,177.0,177.0,177.0,1.0,177.0,39
2023-05-11 09:05:26,CF311C17200,CF311C17200,177.0,0.0,0.0,0.0,10,126.0,611.0,10,390.0,177.0,177.0,177.0,1.0,177.0,39
2023-05-11 09:05:27,CF311C17200,CF311C17200,177.0,0.0,0.0,0.0,10,126.0,608.0,1,390.0,177.0,177.0,177.0,1.0,177.0,39
2023-05-11 09:05:27,CF311C17200,CF311C17200,177.0,0.0,0.0,0.0,10,126.0,607.0,10,390.0,177.0,177.0,177.0,1.0,177.0,39
2023-05-11 09:05:28,CF311C17200,CF311C17200,177.0,0.0,0.0,0.0,10,126.0,604.0,1,390.0,177.0,177.0,177.0,1.0,177.0,39
2023-05-11 09:05:28,CF311C17200,CF311C17200,177.0,0.0,0.0,0.0,10,126.0,603.0,10,390.0,177.0,177.0,177.0,1.0,177.0,39
2023-05-11 09:05:29,CF311C17200,CF311C17200,177.0,0.0,0.0,0.0,10,126.0,600.0,1,390.0,177.0,177.0,177.0,1.0,177.0,39
2023-05-11 09:05:29,CF311C17200,CF311C17200,177.0,0.0,0.0,0.0,10,126.0,599.0,10,390.0,177.0,177.0,177.0,1.0,177.0,39
2023-05-11 09:05:30,CF311C17200,CF311C17200,177.0,0.0,0.0,0.0,10,126.0,596.0,1,390.0,177.0,177.0,177.0,1.0,177.0,39
2023-05-11 09:05:30,CF311C17200,CF311C17200,177.0,0.0,0.0,0.0,10,126.0,595.0,10,390.0,177.0,177.0,177.0,1.0,177.0,39
2023-05-11 09:05:31,CF311C17200,CF311C17200,177.0,0.0,0.0,0.0,10,126.0,592.0,1,390.0,177.0,177.0,177.0,1.0,177.0,39
2023-05-11 09:05:31,CF311C17200,CF311C17200,177.0,0.0,0.0,0.0,10,126.0,591.0,10,390.0,177.0,177.0,177.0,1.0,177.0,39
2023-05-11 09:14:16,CF311C17200,CF311C17200,177.0,0.0,0.0,0.0,10,126.0,588.0,1,390.0,177.0,177.0,177.0,1.0,177.0,39
2023-05-11 09:14:16,CF311C17200,CF311C17200,177.0,0.0,0.0,0.0,10,126.0,587.0,10,390.0,177.0,177.0,177.0,1.0,177.0,39
2023-05-11 09:14:17,CF311C17200,CF311C17200,177.0,0.0,0.0,0.0,10,126.0,584.0,1,390.0,177.0,177.0,177.0,1.0,177.0,39
2023-05-11 09:14:17,CF311C17200,CF311C17200,177.0,0.0,0.0,0.0,10,126.0,583.0,10,390.0,177.0,177.0,177.0,1.0,177.0,39
2023-05-11 09:14:18,CF311C17200,CF311C17200,177.0,0.0,0.0,0.0,10,126.0,580.0,1,390.0,177.0,177.0,177.0,1.0,177.0,39
2023-05-11 09:14:18,CF311C17200,CF311C17200,177.0,0.0,0.0,0.0,10,126.0,579.0,10,390.0,177.0,177.0,177.0,1.0,177.0,39
2023-05-11 09:34:16,CF311C17200,CF311C17200,177.0,0.0,0.0,0.0,1,129.0,579.0,10,390.0,177.0,177.0,177.0,1.0,177.0,39
2023-05-11 09:34:16,CF311C17200,CF311C17200,177.0,0.0,0.0,0.0,10,130.0,579.0,10,390.0,177.0,177.0,177.0,1.0,177.0,39
2023-05-11 09:47:14,CF311C17200,CF311C17200,177.0,0.0,0.0,0.0,10,130.0,568.0,1,390.0,177.0,177.0,177.0,1.0,177.0,39
2023-05-11 09:47:14,CF311C17200,CF311C17200,177.0,0.0,0.0,0.0,6,317.0,348.0,6,390.0,177.0,177.0,177.0,1.0,177.0,39
2023-05-11 09:47:15,CF311C17200,CF311C17200,177.0,0.0,0.0,0.0,12,317.0,348.0,12,390.0,177.0,177.0,177.0,1.0,177.0,39
2023-05-11 09:47:15,CF311C17200,CF311C17200,177.0,0.0,0.0,0.0,15,317.0,348.0,15,390.0,177.0,177.0,177.0,1.0,177.0,39
2023-05-11 09:47:16,CF311C17200,CF311C17200,177.0,0.0,0.0,0.0,18,317.0,348.0,18,390.0,177.0,177.0,177.0,1.0,177.0,39
2023-05-11 09:47:16,CF311C17200,CF311C17200,177.0,0.0,0.0,0.0,21,317.0,348.0,21,390.0,177.0,177.0,177.0,1.0,177.0,39
2023-05-11 09:47:20,CF311C17200,CF311C17200,177.0,0.0,0.0,0.0,3,325.0,348.0,27,390.0,177.0,177.0,177.0,1.0,177.0,39
2023-05-11 09:47:21,CF311C17200,CF311C17200,177.0,0.0,0.0,0.0,3,325.0,346.0,3,390.0,177.0,177.0,177.0,1.0,177.0,39
2023-05-11 09:47:21,CF311C17200,CF311C17200,177.0,0.0,0.0,0.0,6,325.0,346.0,6,390.0,177.0,177.0,177.0,1.0,177.0,39
2023-05-11 09:47:22,CF311C17200,CF311C17200,177.0,0.0,0.0,0.0,9,325.0,346.0,12,390.0,177.0,177.0,177.0,1.0,177.0,39
2023-05-11 09:47:22,CF311C17200,CF311C17200,177.0,0.0,0.0,0.0,9,325.0,346.0,15,390.0,177.0,177.0,177.0,1.0,177.0,39
2023-05-11 09:47:24,CF311C17200,CF311C17200,177.0,0.0,0.0,0.0,6,325.0,340.0,3,390.0,177.0,177.0,177.0,1.0,177.0,39
2023-05-11 09:47:24,CF311C17200,CF311C17200,177.0,0.0,0.0,0.0,18,325.0,340.0,6,390.0,177.0,177.0,177.0,1.0,177.0,39
2023-05-11 09:47:26,CF311C17200,CF311C17200,177.0,0.0,0.0,0.0,21,325.0,340.0,9,390.0,177.0,177.0,177.0,1.0,177.0,39
2023-05-11 09:47:31,CF311C17200,CF311C17200,177.0,0.0,0.0,0.0,18,325.0,340.0,9,390.0,177.0,177.0,177.0,1.0,177.0,39
2023-05-11 09:47:33,CF311C17200,CF311C17200,177.0,0.0,0.0,0.0,15,325.0,340.0,9,390.0,177.0,177.0,177.0,1.0,177.0,39
2023-05-11 09:47:34,CF311C17200,CF311C17200,177.0,0.0,0.0,0.0,9,325.0,340.0,9,390.0,177.0,177.0,177.0,1.0,177.0,39
2023-05-11 09:47:35,CF311C17200,CF311C17200,177.0,0.0,0.0,0.0,9,325.0,340.0,6,390.0,177.0,177.0,177.0,1.0,177.0,39
2023-05-11 09:47:35,CF311C17200,CF311C17200,177.0,0.0,0.0,0.0,6,325.0,340.0,6,390.0,177.0,177.0,177.0,1.0,177.0,39
2023-05-11 09:47:36,CF311C17200,CF311C17200,177.0,0.0,0.0,0.0,3,325.0,340.0,3,390.0,177.0,177.0,177.0,1.0,177.0,39
2023-05-11 09:47:37,CF311C17200,CF311C17200,177.0,0.0,0.0,0.0,10,18.0,1296.0,10,390.0,177.0,177.0,177.0,1.0,177.0,39
2023-05-11 09:47:37,CF311C17200,CF311C17200,177.0,0.0,0.0,0.0,10,18.0,1285.0,1,390.0,177.0,177.0,177.0,1.0,177.0,39
2023-05-11 09:47:38,CF311C17200,CF311C17200,177.0,0.0,0.0,0.0,2,19.0,1284.0,10,390.0,177.0,177.0,177.0,1.0,177.0,39
2023-05-11 09:47:38,CF311C17200,CF311C17200,177.0,0.0,0.0,0.0,10,23.0,1281.0,1,390.0,177.0,177.0,177.0,1.0,177.0,39
2023-05-11 09:47:39,CF311C17200,CF311C17200,177.0,0.0,0.0,0.0,10,23.0,1280.0,10,390.0,177.0,177.0,177.0,1.0,177.0,39
2023-05-11 09:47:39,CF311C17200,CF311C17200,177.0,0.0,0.0,0.0,10,23.0,1270.0,1,390.0,177.0,177.0,177.0,1.0,177.0,39
2023-05-11 09:47:39,CF311C17200,CF311C17200,177.0,0.0,0.0,0.0,10,23.0,1269.0,10,390.0,177.0,177.0,177.0,1.0,177.0,39
2023-05-11 09:47:40,CF311C17200,CF311C17200,177.0,0.0,0.0,0.0,2,24.0,1269.0,10,390.0,177.0,177.0,177.0,1.0,177.0,39
2023-05-11 09:47:40,CF311C17200,CF311C17200,177.0,0.0,0.0,0.0,10,25.0,1269.0,10,390.0,177.0,177.0,177.0,1.0,177.0,39
2023-05-11 09:47:42,CF311C17200,CF311C17200,177.0,0.0,0.0,0.0,10,25.0,1268.0,1,390.0,177.0,177.0,177.0,1.0,177.0,39
2023-05-11 09:47:42,CF311C17200,CF311C17200,177.0,0.0,0.0,0.0,1,28.0,1265.0,10,390.0,177.0,177.0,177.0,1.0,177.0,39
2023-05-11 09:47:43,CF311C17200,CF311C17200,177.0,0.0,0.0,0.0,12,29.0,1265.0,10,390.0,177.0,177.0,177.0,1.0,177.0,39
2023-05-11 09:47:43,CF311C17200,CF311C17200,177.0,0.0,0.0,0.0,1,32.0,1262.0,1,390.0,177.0,177.0,177.0,1.0,177.0,39
2023-05-11 09:47:43,CF311C17200,CF311C17200,177.0,0.0,0.0,0.0,10,33.0,1261.0,10,390.0,177.0,177.0,177.0,1.0,177.0,39
2023-05-11 09:47:44,CF311C17200,CF311C17200,177.0,0.0,0.0,0.0,1,36.0,1258.0,1,390.0,177.0,177.0,177.0,1.0,177.0,39
2023-05-11 09:47:45,CF311C17200,CF311C17200,177.0,0.0,0.0,0.0,12,37.0,1257.0,10,390.0,177.0,177.0,177.0,1.0,177.0,39
2023-05-11 09:47:46,CF311C17200,CF311C17200,177.0,0.0,0.0,0.0,1,40.0,1254.0,1,390.0,177.0,177.0,177.0,1.0,177.0,39
2023-05-11 09:47:46,CF311C17200,CF311C17200,177.0,0.0,0.0,0.0,10,41.0,1253.0,10,390.0,177.0,177.0,177.0,1.0,177.0,39
2023-05-11 09:47:47,CF311C17200,CF311C17200,177.0,0.0,0.0,0.0,1,44.0,1250.0,1,390.0,177.0,177.0,177.0,1.0,177.0,39
2023-05-11 09:47:47,CF311C17200,CF311C17200,177.0,0.0,0.0,0.0,12,45.0,1249.0,10,390.0,177.0,177.0,177.0,1.0,177.0,39
2023-05-11 09:47:48,CF311C17200,CF311C17200,177.0,0.0,0.0,0.0,1,48.0,1246.0,1,390.0,177.0,177.0,177.0,1.0,177.0,39
2023-05-11 09:47:48,CF311C17200,CF311C17200,177.0,0.0,0.0,0.0,10,49.0,1245.0,10,390.0,177.0,177.0,177.0,1.0,177.0,39
2023-05-11 09:47:49,CF311C17200,CF311C17200,177.0,0.0,0.0,0.0,1,52.0,1242.0,1,390.0,177.0,177.0,177.0,1.0,177.0,39
2023-05-11 09:47:49,CF311C17200,CF311C17200,177.0,0.0,0.0,0.0,12,53.0,1241.0,10,390.0,177.0,177.0,177.0,1.0,177.0,39
2023-05-11 09:47:50,CF311C17200,CF311C17200,177.0,0.0,0.0,0.0,1,56.0,1238.0,1,390.0,177.0,177.0,177.0,1.0,177.0,39
2023-05-11 09:47:50,CF311C17200,CF311C17200,177.0,0.0,0.0,0.0,10,57.0,1237.0,10,390.0,177.0,177.0,177.0,1.0,177.0,39
2023-05-11 09:47:51,CF311C17200,CF311C17200,177.0,0.0,0.0,0.0,1,60.0,1234.0,1,390.0,177.0,177.0,177.0,1.0,177.0,39
2023-05-11 09:47:51,CF311C17200,CF311C17200,177.0,0.0,0.0,0.0,12,61.0,1233.0,10,390.0,177.0,177.0,177.0,1.0,177.0,39
2023-05-11 09:47:52,CF311C17200,CF311C17200,177.0,0.0,0.0,0.0,1,64.0,1230.0,1,390.0,177.0,177.0,177.0,1.0,177.0,39
2023-05-11 09:47:52,CF311C17200,CF311C17200,177.0,0.0,0.0,0.0,10,65.0,1229.0,10,390.0,177.0,177.0,177.0,1.0,177.0,39
2023-05-11 09:47:53,CF311C17200,CF311C17200,177.0,0.0,0.0,0.0,1,68.0,1226.0,1,390.0,177.0,177.0,177.0,1.0,177.0,39
2023-05-11 09:47:53,CF311C17200,CF311C17200,177.0,0.0,0.0,0.0,12,69.0,1225.0,10,390.0,177.0,177.0,177.0,1.0,177.0,39
2023-05-11 09:47:54,CF311C17200,CF311C17200,177.0,0.0,0.0,0.0,1,72.0,1222.0,1,390.0,177.0,177.0,177.0,1.0,177.0,39
2023-05-11 09:47:54,CF311C17200,CF311C17200,177.0,0.0,0.0,0.0,10,73.0,1221.0,10,390.0,177.0,177.0,177.0,1.0,177.0,39
2023-05-11 09:47:55,CF311C17200,CF311C17200,177.0,0.0,0.0,0.0,1,76.0,1218.0,1,390.0,177.0,177.0,177.0,1.0,177.0,39
2023-05-11 09:47:55,CF311C17200,CF311C17200,177.0,0.0,0.0,0.0,12,77.0,1217.0,10,390.0,177.0,177.0,177.0,1.0,177.0,39
2023-05-11 09:47:56,CF311C17200,CF311C17200,177.0,0.0,0.0,0.0,1,80.0,1214.0,1,390.0,177.0,177.0,177.0,1.0,177.0,39
2023-05-11 09:47:56,CF311C17200,CF311C17200,177.0,0.0,0.0,0.0,10,81.0,1213.0,10,390.0,177.0,177.0,177.0,1.0,177.0,39
2023-05-11 09:47:57,CF311C17200,CF311C17200,177.0,0.0,0.0,0.0,1,84.0,1210.0,1,390.0,177.0,177.0,177.0,1.0,177.0,39
2023-05-11 09:47:57,CF311C17200,CF311C17200,177.0,0.0,0.0,0.0,10,85.0,1209.0,10,390.0,177.0,177.0,177.0,1.0,177.0,39
2023-05-11 09:47:58,CF311C17200,CF311C17200,177.0,0.0,0.0,0.0,1,88.0,1206.0,1,390.0,177.0,177.0,177.0,1.0,177.0,39
2023-05-11 09:47:58,CF311C17200,CF311C17200,177.0,0.0,0.0,0.0,10,89.0,1205.0,10,390.0,177.0,177.0,177.0,1.0,177.0,39
2023-05-11 09:47:59,CF311C17200,CF311C17200,177.0,0.0,0.0,0.0,1,92.0,1202.0,1,390.0,177.0,177.0,177.0,1.0,177.0,39
2023-05-11 09:47:59,CF311C17200,CF311C17200,177.0,0.0,0.0,0.0,10,93.0,1201.0,10,390.0,177.0,177.0,177.0,1.0,177.0,39
2023-05-11 09:48:00,CF311C17200,CF311C17200,177.0,0.0,0.0,0.0,1,96.0,1198.0,1,390.0,177.0,177.0,177.0,1.0,177.0,39
2023-05-11 09:48:00,CF311C17200,CF311C17200,177.0,0.0,0.0,0.0,10,97.0,1197.0,10,390.0,177.0,177.0,177.0,1.0,177.0,39
2023-05-11 09:48:01,CF311C17200,CF311C17200,177.0,0.0,0.0,0.0,1,100.0,1194.0,1,390.0,177.0,177.0,177.0,1.0,177.0,39
2023-05-11 09:48:01,CF311C17200,CF311C17200,177.0,0.0,0.0,0.0,10,101.0,1193.0,10,390.0,177.0,177.0,177.0,1.0,177.0,39
2023-05-11 09:48:02,CF311C17200,CF311C17200,177.0,0.0,0.0,0.0,1,104.0,1190.0,1,390.0,177.0,177.0,177.0,1.0,177.0,39
2023-05-11 09:48:02,CF311C17200,CF311C17200,177.0,0.0,0.0,0.0,10,105.0,1189.0,10,390.0,177.0,177.0,177.0,1.0,177.0,39
2023-05-11 09:48:03,CF311C17200,CF311C17200,177.0,0.0,0.0,0.0,1,108.0,1186.0,1,390.0,177.0,177.0,177.0,1.0,177.0,39
2023-05-11 09:48:03,CF311C17200,CF311C17200,177.0,0.0,0.0,0.0,10,109.0,1185.0,10,390.0,177.0,177.0,177.0,1.0,177.0,39
2023-05-11 09:48:04,CF311C17200,CF311C17200,177.0,0.0,0.0,0.0,1,112.0,1182.0,1,390.0,177.0,177.0,177.0,1.0,177.0,39
2023-05-11 09:48:04,CF311C17200,CF311C17200,177.0,0.0,0.0,0.0,10,113.0,1181.0,10,390.0,177.0,177.0,177.0,1.0,177.0,39
2023-05-11 09:48:05,CF311C17200,CF311C17200,177.0,0.0,0.0,0.0,1,116.0,1178.0,1,390.0,177.0,177.0,177.0,1.0,177.0,39
2023-05-11 09:48:05,CF311C17200,CF311C17200,177.0,0.0,0.0,0.0,10,117.0,1177.0,10,390.0,177.0,177.0,177.0,1.0,177.0,39
2023-05-11 09:48:06,CF311C17200,CF311C17200,177.0,0.0,0.0,0.0,1,120.0,1174.0,1,390.0,177.0,177.0,177.0,1.0,177.0,39
2023-05-11 09:48:06,CF311C17200,CF311C17200,177.0,0.0,0.0,0.0,10,121.0,1173.0,10,390.0,177.0,177.0,177.0,1.0,177.0,39
2023-05-11 09:48:07,CF311C17200,CF311C17200,177.0,0.0,0.0,0.0,1,124.0,1170.0,1,390.0,177.0,177.0,177.0,1.0,177.0,39
2023-05-11 09:48:07,CF311C17200,CF311C17200,177.0,0.0,0.0,0.0,10,125.0,1169.0,10,390.0,177.0,177.0,177.0,1.0,177.0,39
2023-05-11 09:48:09,CF311C17200,CF311C17200,177.0,0.0,0.0,0.0,10,125.0,1158.0,1,390.0,177.0,177.0,177.0,1.0,177.0,39
2023-05-11 09:48:09,CF311C17200,CF311C17200,177.0,0.0,0.0,0.0,10,125.0,1157.0,10,390.0,177.0,177.0,177.0,1.0,177.0,39
2023-05-11 09:48:11,CF311C17200,CF311C17200,177.0,0.0,0.0,0.0,10,125.0,1146.0,1,390.0,177.0,177.0,177.0,1.0,177.0,39
2023-05-11 09:48:12,CF311C17200,CF311C17200,177.0,0.0,0.0,0.0,10,125.0,1145.0,10,390.0,177.0,177.0,177.0,1.0,177.0,39
2023-05-11 09:48:14,CF311C17200,CF311C17200,177.0,0.0,0.0,0.0,10,125.0,1134.0,1,390.0,177.0,177.0,177.0,1.0,177.0,39
2023-05-11 09:48:14,CF311C17200,CF311C17200,177.0,0.0,0.0,0.0,10,125.0,1133.0,10,390.0,177.0,177.0,177.0,1.0,177.0,39
2023-05-11 09:48:17,CF311C17200,CF311C17200,177.0,0.0,0.0,0.0,10,125.0,1122.0,1,390.0,177.0,177.0,177.0,1.0,177.0,39
2023-05-11 09:48:17,CF311C17200,CF311C17200,177.0,0.0,0.0,0.0,10,125.0,1121.0,10,390.0,177.0,177.0,177.0,1.0,177.0,39
2023-05-11 09:48:19,CF311C17200,CF311C17200,177.0,0.0,0.0,0.0,10,125.0,1110.0,1,390.0,177.0,177.0,177.0,1.0,177.0,39
2023-05-11 09:48:19,CF311C17200,CF311C17200,177.0,0.0,0.0,0.0,10,125.0,1109.0,10,390.0,177.0,177.0,177.0,1.0,177.0,39
2023-05-11 09:48:22,CF311C17200,CF311C17200,177.0,0.0,0.0,0.0,10,125.0,1098.0,1,390.0,177.0,177.0,177.0,1.0,177.0,39
2023-05-11 09:48:22,CF311C17200,CF311C17200,177.0,0.0,0.0,0.0,10,125.0,1097.0,10,390.0,177.0,177.0,177.0,1.0,177.0,39
2023-05-11 09:48:53,CF311C17200,CF311C17200,177.0,0.0,0.0,0.0,10,125.0,1096.0,1,390.0,177.0,177.0,177.0,1.0,177.0,39
2023-05-11 09:48:53,CF311C17200,CF311C17200,177.0,0.0,0.0,0.0,10,125.0,1095.0,10,390.0,177.0,177.0,177.0,1.0,177.0,39
2023-05-11 09:56:44,CF311C17200,CF311C17200,177.0,0.0,0.0,0.0,10,125.0,1094.0,1,390.0,177.0,177.0,177.0,1.0,177.0,39
2023-05-11 09:56:44,CF311C17200,CF311C17200,177.0,0.0,0.0,0.0,10,125.0,1093.0,10,390.0,177.0,177.0,177.0,1.0,177.0,39
2023-05-11 09:59:00,CF311C17200,CF311C17200,177.0,0.0,0.0,0.0,10,125.0,1092.0,1,390.0,177.0,177.0,177.0,1.0,177.0,39
2023-05-11 09:59:00,CF311C17200,CF311C17200,177.0,0.0,0.0,0.0,10,125.0,1089.0,1,390.0,177.0,177.0,177.0,1.0,177.0,39
2023-05-11 09:59:01,CF311C17200,CF311C17200,177.0,0.0,0.0,0.0,10,125.0,1088.0,10,390.0,177.0,177.0,177.0,1.0,177.0,39
2023-05-11 09:59:01,CF311C17200,CF311C17200,177.0,0.0,0.0,0.0,10,125.0,1085.0,1,390.0,177.0,177.0,177.0,1.0,177.0,39
2023-05-11 09:59:02,CF311C17200,CF311C17200,177.0,0.0,0.0,0.0,10,125.0,1084.0,10,390.0,177.0,177.0,177.0,1.0,177.0,39
2023-05-11 09:59:02,CF311C17200,CF311C17200,177.0,0.0,0.0,0.0,10,125.0,1081.0,1,390.0,177.0,177.0,177.0,1.0,177.0,39
2023-05-11 09:59:03,CF311C17200,CF311C17200,177.0,0.0,0.0,0.0,10,125.0,1080.0,10,390.0,177.0,177.0,177.0,1.0,177.0,39
2023-05-11 09:59:03,CF311C17200,CF311C17200,177.0,0.0,0.0,0.0,10,125.0,1077.0,1,390.0,177.0,177.0,177.0,1.0,177.0,39
2023-05-11 09:59:04,CF311C17200,CF311C17200,177.0,0.0,0.0,0.0,10,125.0,1076.0,10,390.0,177.0,177.0,177.0,1.0,177.0,39
2023-05-11 09:59:04,CF311C17200,CF311C17200,177.0,0.0,0.0,0.0,10,125.0,1073.0,1,390.0,177.0,177.0,177.0,1.0,177.0,39
2023-05-11 09:59:05,CF311C17200,CF311C17200,177.0,0.0,0.0,0.0,10,125.0,1072.0,10,390.0,177.0,177.0,177.0,1.0,177.0,39
2023-05-11 09:59:05,CF311C17200,CF311C17200,177.0,0.0,0.0,0.0,10,125.0,1069.0,1,390.0,177.0,177.0,177.0,1.0,177.0,39
2023-05-11 09:59:06,CF311C17200,CF311C17200,177.0,0.0,0.0,0.0,10,125.0,1068.0,10,390.0,177.0,177.0,177.0,1.0,177.0,39
2023-05-11 09:59:06,CF311C17200,CF311C17200,177.0,0.0,0.0,0.0,10,125.0,1065.0,1,390.0,177.0,177.0,177.0,1.0,177.0,39
2023-05-11 09:59:07,CF311C17200,CF311C17200,177.0,0.0,0.0,0.0,10,125.0,1064.0,10,390.0,177.0,177.0,177.0,1.0,177.0,39
2023-05-11 09:59:07,CF311C17200,CF311C17200,177.0,0.0,0.0,0.0,10,125.0,1061.0,1,390.0,177.0,177.0,177.0,1.0,177.0,39
2023-05-11 09:59:07,CF311C17200,CF311C17200,177.0,0.0,0.0,0.0,10,125.0,1064.0,10,390.0,177.0,177.0,177.0,1.0,177.0,39
2023-05-11 09:59:08,CF311C17200,CF311C17200,177.0,0.0,0.0,0.0,10,125.0,1060.0,10,390.0,177.0,177.0,177.0,1.0,177.0,39
2023-05-11 09:59:08,CF311C17200,CF311C17200,177.0,0.0,0.0,0.0,10,125.0,1057.0,1,390.0,177.0,177.0,177.0,1.0,177.0,39
2023-05-11 09:59:09,CF311C17200,CF311C17200,177.0,0.0,0.0,0.0,10,125.0,1056.0,10,390.0,177.0,177.0,177.0,1.0,177.0,39
2023-05-11 10:06:36,CF311C17200,CF311C17200,177.0,0.0,0.0,0.0,10,125.0,1055.0,1,390.0,177.0,177.0,177.0,1.0,177.0,39
2023-05-11 10:06:37,CF311C17200,CF311C17200,177.0,0.0,0.0,0.0,10,125.0,1054.0,10,390.0,177.0,177.0,177.0,1.0,177.0,39
2023-05-11 10:06:38,CF311C17200,CF311C17200,177.0,0.0,0.0,0.0,10,125.0,1053.0,1,390.0,177.0,177.0,177.0,1.0,177.0,39
2023-05-11 10:06:39,CF311C17200,CF311C17200,177.0,0.0,0.0,0.0,10,125.0,1052.0,10,390.0,177.0,177.0,177.0,1.0,177.0,39
2023-05-11 10:08:11,CF311C17200,CF311C17200,177.0,0.0,0.0,0.0,10,125.0,1051.0,1,390.0,177.0,177.0,177.0,1.0,177.0,39
2023-05-11 10:08:12,CF311C17200,CF311C17200,177.0,0.0,0.0,0.0,10,125.0,1050.0,10,390.0,177.0,177.0,177.0,1.0,177.0,39
2023-05-11 10:13:19,CF311C17200,CF311C17200,177.0,0.0,0.0,0.0,10,125.0,1049.0,1,390.0,177.0,177.0,177.0,1.0,177.0,39
2023-05-11 10:13:19,CF311C17200,CF311C17200,177.0,0.0,0.0,0.0,10,125.0,1046.0,1,390.0,177.0,177.0,177.0,1.0,177.0,39
2023-05-11 10:13:20,CF311C17200,CF311C17200,177.0,0.0,0.0,0.0,10,125.0,1045.0,10,390.0,177.0,177.0,177.0,1.0,177.0,39
2023-05-11 10:13:20,CF311C17200,CF311C17200,177.0,0.0,0.0,0.0,10,125.0,1042.0,1,390.0,177.0,177.0,177.0,1.0,177.0,39
2023-05-11 10:13:21,CF311C17200,CF311C17200,177.0,0.0,0.0,0.0,10,125.0,1041.0,10,390.0,177.0,177.0,177.0,1.0,177.0,39
2023-05-11 10:13:21,CF311C17200,CF311C17200,177.0,0.0,0.0,0.0,10,125.0,1038.0,1,390.0,177.0,177.0,177.0,1.0,177.0,39
2023-05-11 10:13:22,CF311C17200,CF311C17200,177.0,0.0,0.0,0.0,10,125.0,1037.0,10,390.0,177.0,177.0,177.0,1.0,177.0,39
2023-05-11 10:13:22,CF311C17200,CF311C17200,177.0,0.0,0.0,0.0,10,125.0,1034.0,1,390.0,177.0,177.0,177.0,1.0,177.0,39
2023-05-11 10:13:23,CF311C17200,CF311C17200,177.0,0.0,0.0,0.0,10,125.0,1033.0,10,390.0,177.0,177.0,177.0,1.0,177.0,39
2023-05-11 10:13:23,CF311C17200,CF311C17200,177.0,0.0,0.0,0.0,10,125.0,1030.0,1,390.0,177.0,177.0,177.0,1.0,177.0,39
2023-05-11 10:13:24,CF311C17200,CF311C17200,177.0,0.0,0.0,0.0,10,125.0,1029.0,10,390.0,177.0,177.0,177.0,1.0,177.0,39
2023-05-11 10:13:24,CF311C17200,CF311C17200,177.0,0.0,0.0,0.0,10,125.0,1026.0,1,390.0,177.0,177.0,177.0,1.0,177.0,39
2023-05-11 10:13:25,CF311C17200,CF311C17200,177.0,0.0,0.0,0.0,10,125.0,1025.0,10,390.0,177.0,177.0,177.0,1.0,177.0,39
2023-05-11 10:13:25,CF311C17200,CF311C17200,177.0,0.0,0.0,0.0,10,125.0,1022.0,1,390.0,177.0,177.0,177.0,1.0,177.0,39
2023-05-11 10:13:26,CF311C17200,CF311C17200,177.0,0.0,0.0,0.0,10,125.0,1021.0,10,390.0,177.0,177.0,177.0,1.0,177.0,39
2023-05-11 10:13:26,CF311C17200,CF311C17200,177.0,0.0,0.0,0.0,10,125.0,1018.0,1,390.0,177.0,177.0,177.0,1.0,177.0,39
2023-05-11 10:13:27,CF311C17200,CF311C17200,177.0,0.0,0.0,0.0,10,125.0,1017.0,10,390.0,177.0,177.0,177.0,1.0,177.0,39
2023-05-11 10:13:27,CF311C17200,CF311C17200,177.0,0.0,0.0,0.0,10,125.0,1014.0,1,390.0,177.0,177.0,177.0,1.0,177.0,39
2023-05-11 10:13:28,CF311C17200,CF311C17200,177.0,0.0,0.0,0.0,10,125.0,1013.0,10,390.0,177.0,177.0,177.0,1.0,177.0,39
2023-05-11 10:13:28,CF311C17200,CF311C17200,177.0,0.0,0.0,0.0,10,125.0,1010.0,1,390.0,177.0,177.0,177.0,1.0,177.0,39
2023-05-11 10:13:29,CF311C17200,CF311C17200,177.0,0.0,0.0,0.0,10,125.0,1009.0,10,390.0,177.0,177.0,177.0,1.0,177.0,39
2023-05-11 10:14:33,CF311C17200,CF311C17200,177.0,0.0,0.0,0.0,1,17.0,1049.0,1,390.0,177.0,177.0,177.0,1.0,177.0,39
2023-05-11 10:30:05,CF311C17200,CF311C17200,177.0,0.0,0.0,0.0,10,18.0,1048.0,10,390.0,177.0,177.0,177.0,1.0,177.0,39
