time,symbol_id,symbol_name,last,trade_volume,trade_amount,open_interest_change,bv1,bp1,ap1,av1,yesterday_close,today_open,today_high,today_low,volume,amount,open_interest
2023-05-10 19:12:58,CF311C14600,CF311C14600,1510.0,0.0,0.0,0.0,0,0.0,0.0,0,1510.0,0.0,0.0,0.0,0.0,0.0,0
2023-05-10 21:02:06,CF311C14600,CF311C14600,1510.0,0.0,0.0,0.0,1,558.0,2462.0,1,1510.0,0.0,0.0,0.0,0.0,0.0,0
2023-05-10 21:02:07,CF311C14600,CF311C14600,1510.0,0.0,0.0,0.0,10,559.0,2461.0,10,1510.0,0.0,0.0,0.0,0.0,0.0,0
2023-05-10 21:02:08,CF311C14600,CF311C14600,1510.0,0.0,0.0,0.0,1,562.0,2461.0,10,1510.0,0.0,0.0,0.0,0.0,0.0,0
2023-05-10 21:02:09,CF311C14600,CF311C14600,1510.0,0.0,0.0,0.0,10,563.0,2458.0,1,1510.0,0.0,0.0,0.0,0.0,0.0,0
2023-05-10 21:02:09,CF311C14600,CF311C14600,1510.0,0.0,0.0,0.0,1,566.0,2457.0,10,1510.0,0.0,0.0,0.0,0.0,0.0,0
2023-05-10 21:02:10,CF311C14600,CF311C14600,1510.0,0.0,0.0,0.0,10,567.0,2454.0,1,1510.0,0.0,0.0,0.0,0.0,0.0,0
2023-05-10 21:02:10,CF311C14600,CF311C14600,1510.0,0.0,0.0,0.0,10,567.0,2453.0,10,1510.0,0.0,0.0,0.0,0.0,0.0,0
2023-05-10 21:02:11,CF311C14600,CF311C14600,1510.0,0.0,0.0,0.0,1,570.0,2450.0,1,1510.0,0.0,0.0,0.0,0.0,0.0,0
2023-05-10 21:02:11,CF311C14600,CF311C14600,1510.0,0.0,0.0,0.0,10,571.0,2449.0,10,1510.0,0.0,0.0,0.0,0.0,0.0,0
2023-05-10 21:02:15,CF311C14600,CF311C14600,1510.0,0.0,0.0,0.0,1,574.0,2446.0,1,1510.0,0.0,0.0,0.0,0.0,0.0,0
2023-05-10 21:02:15,CF311C14600,CF311C14600,1510.0,0.0,0.0,0.0,10,575.0,2445.0,10,1510.0,0.0,0.0,0.0,0.0,0.0,0
2023-05-10 21:02:16,CF311C14600,CF311C14600,1510.0,0.0,0.0,0.0,1,578.0,2442.0,1,1510.0,0.0,0.0,0.0,0.0,0.0,0
2023-05-10 21:02:16,CF311C14600,CF311C14600,1510.0,0.0,0.0,0.0,10,579.0,2441.0,10,1510.0,0.0,0.0,0.0,0.0,0.0,0
2023-05-10 21:02:18,CF311C14600,CF311C14600,1510.0,0.0,0.0,0.0,1,582.0,2438.0,1,1510.0,0.0,0.0,0.0,0.0,0.0,0
2023-05-10 21:02:18,CF311C14600,CF311C14600,1510.0,0.0,0.0,0.0,10,583.0,2437.0,10,1510.0,0.0,0.0,0.0,0.0,0.0,0
2023-05-10 21:02:21,CF311C14600,CF311C14600,1510.0,0.0,0.0,0.0,1,586.0,2434.0,1,1510.0,0.0,0.0,0.0,0.0,0.0,0
2023-05-10 21:02:21,CF311C14600,CF311C14600,1510.0,0.0,0.0,0.0,10,587.0,2433.0,10,1510.0,0.0,0.0,0.0,0.0,0.0,0
2023-05-10 21:02:23,CF311C14600,CF311C14600,1510.0,0.0,0.0,0.0,1,590.0,2430.0,1,1510.0,0.0,0.0,0.0,0.0,0.0,0
2023-05-10 21:02:23,CF311C14600,CF311C14600,1510.0,0.0,0.0,0.0,10,591.0,2429.0,10,1510.0,0.0,0.0,0.0,0.0,0.0,0
2023-05-10 21:02:27,CF311C14600,CF311C14600,1510.0,0.0,0.0,0.0,1,594.0,2426.0,1,1510.0,0.0,0.0,0.0,0.0,0.0,0
2023-05-10 21:02:27,CF311C14600,CF311C14600,1510.0,0.0,0.0,0.0,10,595.0,2425.0,10,1510.0,0.0,0.0,0.0,0.0,0.0,0
2023-05-10 21:02:28,CF311C14600,CF311C14600,1510.0,0.0,0.0,0.0,1,598.0,2422.0,1,1510.0,0.0,0.0,0.0,0.0,0.0,0
2023-05-10 21:02:28,CF311C14600,CF311C14600,1510.0,0.0,0.0,0.0,10,599.0,2421.0,10,1510.0,0.0,0.0,0.0,0.0,0.0,0
2023-05-10 21:02:29,CF311C14600,CF311C14600,1510.0,0.0,0.0,0.0,1,602.0,2418.0,1,1510.0,0.0,0.0,0.0,0.0,0.0,0
2023-05-10 21:02:29,CF311C14600,CF311C14600,1510.0,0.0,0.0,0.0,10,603.0,2417.0,10,1510.0,0.0,0.0,0.0,0.0,0.0,0
2023-05-10 21:02:30,CF311C14600,CF311C14600,1510.0,0.0,0.0,0.0,1,606.0,2414.0,1,1510.0,0.0,0.0,0.0,0.0,0.0,0
2023-05-10 21:02:30,CF311C14600,CF311C14600,1510.0,0.0,0.0,0.0,10,607.0,2413.0,10,1510.0,0.0,0.0,0.0,0.0,0.0,0
2023-05-10 21:02:33,CF311C14600,CF311C14600,1510.0,0.0,0.0,0.0,1,610.0,2413.0,10,1510.0,0.0,0.0,0.0,0.0,0.0,0
2023-05-10 21:02:33,CF311C14600,CF311C14600,1510.0,0.0,0.0,0.0,10,611.0,2413.0,10,1510.0,0.0,0.0,0.0,0.0,0.0,0
2023-05-10 21:02:34,CF311C14600,CF311C14600,1510.0,0.0,0.0,0.0,1,614.0,2410.0,1,1510.0,0.0,0.0,0.0,0.0,0.0,0
2023-05-10 21:02:34,CF311C14600,CF311C14600,1510.0,0.0,0.0,0.0,10,615.0,2409.0,10,1510.0,0.0,0.0,0.0,0.0,0.0,0
2023-05-10 21:02:35,CF311C14600,CF311C14600,1510.0,0.0,0.0,0.0,1,618.0,2406.0,1,1510.0,0.0,0.0,0.0,0.0,0.0,0
2023-05-10 21:02:35,CF311C14600,CF311C14600,1510.0,0.0,0.0,0.0,10,619.0,2405.0,10,1510.0,0.0,0.0,0.0,0.0,0.0,0
2023-05-10 21:02:36,CF311C14600,CF311C14600,1510.0,0.0,0.0,0.0,1,622.0,2405.0,10,1510.0,0.0,0.0,0.0,0.0,0.0,0
2023-05-10 21:02:36,CF311C14600,CF311C14600,1510.0,0.0,0.0,0.0,10,623.0,2402.0,1,1510.0,0.0,0.0,0.0,0.0,0.0,0
2023-05-10 21:02:37,CF311C14600,CF311C14600,1510.0,0.0,0.0,0.0,1,626.0,2401.0,10,1510.0,0.0,0.0,0.0,0.0,0.0,0
2023-05-10 21:02:37,CF311C14600,CF311C14600,1510.0,0.0,0.0,0.0,10,627.0,2398.0,1,1510.0,0.0,0.0,0.0,0.0,0.0,0
2023-05-10 21:02:38,CF311C14600,CF311C14600,1510.0,0.0,0.0,0.0,10,627.0,2397.0,10,1510.0,0.0,0.0,0.0,0.0,0.0,0
2023-05-10 21:02:41,CF311C14600,CF311C14600,1510.0,0.0,0.0,0.0,1,630.0,2394.0,1,1510.0,0.0,0.0,0.0,0.0,0.0,0
2023-05-10 21:02:42,CF311C14600,CF311C14600,1510.0,0.0,0.0,0.0,10,631.0,2393.0,10,1510.0,0.0,0.0,0.0,0.0,0.0,0
2023-05-10 21:02:42,CF311C14600,CF311C14600,1510.0,0.0,0.0,0.0,1,634.0,2390.0,1,1510.0,0.0,0.0,0.0,0.0,0.0,0
2023-05-10 21:02:43,CF311C14600,CF311C14600,1510.0,0.0,0.0,0.0,10,635.0,2389.0,10,1510.0,0.0,0.0,0.0,0.0,0.0,0
2023-05-10 21:02:43,CF311C14600,CF311C14600,1510.0,0.0,0.0,0.0,1,638.0,2386.0,1,1510.0,0.0,0.0,0.0,0.0,0.0,0
2023-05-10 21:02:44,CF311C14600,CF311C14600,1510.0,0.0,0.0,0.0,10,639.0,2385.0,10,1510.0,0.0,0.0,0.0,0.0,0.0,0
2023-05-10 21:02:47,CF311C14600,CF311C14600,1510.0,0.0,0.0,0.0,1,642.0,2382.0,1,1510.0,0.0,0.0,0.0,0.0,0.0,0
2023-05-10 21:02:48,CF311C14600,CF311C14600,1510.0,0.0,0.0,0.0,10,643.0,2381.0,10,1510.0,0.0,0.0,0.0,0.0,0.0,0
2023-05-10 21:02:48,CF311C14600,CF311C14600,1510.0,0.0,0.0,0.0,1,646.0,2378.0,1,1510.0,0.0,0.0,0.0,0.0,0.0,0
2023-05-10 21:02:49,CF311C14600,CF311C14600,1510.0,0.0,0.0,0.0,10,647.0,2377.0,10,1510.0,0.0,0.0,0.0,0.0,0.0,0
2023-05-10 21:02:49,CF311C14600,CF311C14600,1510.0,0.0,0.0,0.0,1,650.0,2374.0,1,1510.0,0.0,0.0,0.0,0.0,0.0,0
2023-05-10 21:02:50,CF311C14600,CF311C14600,1510.0,0.0,0.0,0.0,10,651.0,2373.0,10,1510.0,0.0,0.0,0.0,0.0,0.0,0
2023-05-10 21:02:50,CF311C14600,CF311C14600,1510.0,0.0,0.0,0.0,1,654.0,2370.0,1,1510.0,0.0,0.0,0.0,0.0,0.0,0
2023-05-10 21:02:51,CF311C14600,CF311C14600,1510.0,0.0,0.0,0.0,10,655.0,2369.0,10,1510.0,0.0,0.0,0.0,0.0,0.0,0
2023-05-10 21:02:51,CF311C14600,CF311C14600,1510.0,0.0,0.0,0.0,1,658.0,2366.0,1,1510.0,0.0,0.0,0.0,0.0,0.0,0
2023-05-10 21:02:52,CF311C14600,CF311C14600,1510.0,0.0,0.0,0.0,10,659.0,2365.0,10,1510.0,0.0,0.0,0.0,0.0,0.0,0
2023-05-10 21:02:52,CF311C14600,CF311C14600,1510.0,0.0,0.0,0.0,1,662.0,2362.0,1,1510.0,0.0,0.0,0.0,0.0,0.0,0
2023-05-10 21:02:53,CF311C14600,CF311C14600,1510.0,0.0,0.0,0.0,10,663.0,2361.0,10,1510.0,0.0,0.0,0.0,0.0,0.0,0
2023-05-10 21:02:54,CF311C14600,CF311C14600,1510.0,0.0,0.0,0.0,1,666.0,2358.0,1,1510.0,0.0,0.0,0.0,0.0,0.0,0
2023-05-10 21:02:55,CF311C14600,CF311C14600,1510.0,0.0,0.0,0.0,10,667.0,2357.0,10,1510.0,0.0,0.0,0.0,0.0,0.0,0
2023-05-10 21:02:55,CF311C14600,CF311C14600,1510.0,0.0,0.0,0.0,1,670.0,2354.0,1,1510.0,0.0,0.0,0.0,0.0,0.0,0
2023-05-10 21:02:56,CF311C14600,CF311C14600,1510.0,0.0,0.0,0.0,10,671.0,2353.0,10,1510.0,0.0,0.0,0.0,0.0,0.0,0
2023-05-10 21:02:57,CF311C14600,CF311C14600,1510.0,0.0,0.0,0.0,1,674.0,2353.0,10,1510.0,0.0,0.0,0.0,0.0,0.0,0
2023-05-10 21:02:58,CF311C14600,CF311C14600,1510.0,0.0,0.0,0.0,10,675.0,2353.0,10,1510.0,0.0,0.0,0.0,0.0,0.0,0
2023-05-10 21:02:59,CF311C14600,CF311C14600,1510.0,0.0,0.0,0.0,1,678.0,2350.0,1,1510.0,0.0,0.0,0.0,0.0,0.0,0
2023-05-10 21:03:00,CF311C14600,CF311C14600,1510.0,0.0,0.0,0.0,10,679.0,2349.0,10,1510.0,0.0,0.0,0.0,0.0,0.0,0
2023-05-10 21:03:00,CF311C14600,CF311C14600,1510.0,0.0,0.0,0.0,1,682.0,2346.0,1,1510.0,0.0,0.0,0.0,0.0,0.0,0
2023-05-10 21:03:01,CF311C14600,CF311C14600,1510.0,0.0,0.0,0.0,10,683.0,2345.0,10,1510.0,0.0,0.0,0.0,0.0,0.0,0
2023-05-10 21:03:01,CF311C14600,CF311C14600,1510.0,0.0,0.0,0.0,1,686.0,2342.0,1,1510.0,0.0,0.0,0.0,0.0,0.0,0
2023-05-10 21:03:02,CF311C14600,CF311C14600,1510.0,0.0,0.0,0.0,10,687.0,2341.0,10,1510.0,0.0,0.0,0.0,0.0,0.0,0
2023-05-10 21:03:05,CF311C14600,CF311C14600,1510.0,0.0,0.0,0.0,1,690.0,2338.0,1,1510.0,0.0,0.0,0.0,0.0,0.0,0
2023-05-10 21:03:06,CF311C14600,CF311C14600,1510.0,0.0,0.0,0.0,10,691.0,2337.0,10,1510.0,0.0,0.0,0.0,0.0,0.0,0
2023-05-10 21:03:06,CF311C14600,CF311C14600,1510.0,0.0,0.0,0.0,1,694.0,2334.0,1,1510.0,0.0,0.0,0.0,0.0,0.0,0
2023-05-10 21:03:07,CF311C14600,CF311C14600,1510.0,0.0,0.0,0.0,10,695.0,2333.0,10,1510.0,0.0,0.0,0.0,0.0,0.0,0
2023-05-10 21:03:07,CF311C14600,CF311C14600,1510.0,0.0,0.0,0.0,10,699.0,2329.0,10,1510.0,0.0,0.0,0.0,0.0,0.0,0
2023-05-10 21:03:10,CF311C14600,CF311C14600,1510.0,0.0,0.0,0.0,1,702.0,2326.0,1,1510.0,0.0,0.0,0.0,0.0,0.0,0
2023-05-10 21:03:10,CF311C14600,CF311C14600,1510.0,0.0,0.0,0.0,10,703.0,2325.0,10,1510.0,0.0,0.0,0.0,0.0,0.0,0
2023-05-10 21:03:14,CF311C14600,CF311C14600,1510.0,0.0,0.0,0.0,1,706.0,2322.0,1,1510.0,0.0,0.0,0.0,0.0,0.0,0
2023-05-10 21:03:14,CF311C14600,CF311C14600,1510.0,0.0,0.0,0.0,10,707.0,2321.0,10,1510.0,0.0,0.0,0.0,0.0,0.0,0
2023-05-10 21:03:17,CF311C14600,CF311C14600,1510.0,0.0,0.0,0.0,1,710.0,2321.0,10,1510.0,0.0,0.0,0.0,0.0,0.0,0
2023-05-10 21:03:17,CF311C14600,CF311C14600,1510.0,0.0,0.0,0.0,10,711.0,2318.0,1,1510.0,0.0,0.0,0.0,0.0,0.0,0
2023-05-10 21:03:18,CF311C14600,CF311C14600,1510.0,0.0,0.0,0.0,1,714.0,2317.0,10,1510.0,0.0,0.0,0.0,0.0,0.0,0
2023-05-10 21:03:18,CF311C14600,CF311C14600,1510.0,0.0,0.0,0.0,10,715.0,2317.0,10,1510.0,0.0,0.0,0.0,0.0,0.0,0
2023-05-10 21:03:19,CF311C14600,CF311C14600,1510.0,0.0,0.0,0.0,1,718.0,2317.0,10,1510.0,0.0,0.0,0.0,0.0,0.0,0
2023-05-10 21:03:19,CF311C14600,CF311C14600,1510.0,0.0,0.0,0.0,10,719.0,2314.0,1,1510.0,0.0,0.0,0.0,0.0,0.0,0
2023-05-10 21:03:20,CF311C14600,CF311C14600,1510.0,0.0,0.0,0.0,1,722.0,2313.0,10,1510.0,0.0,0.0,0.0,0.0,0.0,0
2023-05-10 21:03:20,CF311C14600,CF311C14600,1510.0,0.0,0.0,0.0,10,723.0,2310.0,1,1510.0,0.0,0.0,0.0,0.0,0.0,0
2023-05-10 21:03:21,CF311C14600,CF311C14600,1510.0,0.0,0.0,0.0,10,723.0,2309.0,10,1510.0,0.0,0.0,0.0,0.0,0.0,0
2023-05-10 21:03:21,CF311C14600,CF311C14600,1510.0,0.0,0.0,0.0,1,726.0,2306.0,1,1510.0,0.0,0.0,0.0,0.0,0.0,0
2023-05-10 21:03:22,CF311C14600,CF311C14600,1510.0,0.0,0.0,0.0,10,727.0,2305.0,10,1510.0,0.0,0.0,0.0,0.0,0.0,0
2023-05-10 21:03:22,CF311C14600,CF311C14600,1510.0,0.0,0.0,0.0,1,730.0,2302.0,1,1510.0,0.0,0.0,0.0,0.0,0.0,0
2023-05-10 21:03:23,CF311C14600,CF311C14600,1510.0,0.0,0.0,0.0,10,731.0,2301.0,10,1510.0,0.0,0.0,0.0,0.0,0.0,0
2023-05-10 21:03:26,CF311C14600,CF311C14600,1510.0,0.0,0.0,0.0,1,734.0,2298.0,1,1510.0,0.0,0.0,0.0,0.0,0.0,0
2023-05-10 21:03:27,CF311C14600,CF311C14600,1510.0,0.0,0.0,0.0,10,735.0,2297.0,10,1510.0,0.0,0.0,0.0,0.0,0.0,0
2023-05-10 21:03:27,CF311C14600,CF311C14600,1510.0,0.0,0.0,0.0,1,738.0,2297.0,10,1510.0,0.0,0.0,0.0,0.0,0.0,0
2023-05-10 21:03:28,CF311C14600,CF311C14600,1510.0,0.0,0.0,0.0,10,739.0,2294.0,1,1510.0,0.0,0.0,0.0,0.0,0.0,0
2023-05-10 21:03:28,CF311C14600,CF311C14600,1510.0,0.0,0.0,0.0,10,739.0,2293.0,10,1510.0,0.0,0.0,0.0,0.0,0.0,0
2023-05-10 21:03:29,CF311C14600,CF311C14600,1510.0,0.0,0.0,0.0,1,742.0,2290.0,1,1510.0,0.0,0.0,0.0,0.0,0.0,0
2023-05-10 21:03:29,CF311C14600,CF311C14600,1510.0,0.0,0.0,0.0,10,743.0,2289.0,10,1510.0,0.0,0.0,0.0,0.0,0.0,0
2023-05-10 21:03:30,CF311C14600,CF311C14600,1510.0,0.0,0.0,0.0,1,746.0,2286.0,1,1510.0,0.0,0.0,0.0,0.0,0.0,0
2023-05-10 21:03:30,CF311C14600,CF311C14600,1510.0,0.0,0.0,0.0,10,747.0,2285.0,10,1510.0,0.0,0.0,0.0,0.0,0.0,0
2023-05-10 21:03:33,CF311C14600,CF311C14600,1510.0,0.0,0.0,0.0,1,750.0,2282.0,1,1510.0,0.0,0.0,0.0,0.0,0.0,0
2023-05-10 21:03:33,CF311C14600,CF311C14600,1510.0,0.0,0.0,0.0,10,751.0,2281.0,10,1510.0,0.0,0.0,0.0,0.0,0.0,0
2023-05-10 21:03:34,CF311C14600,CF311C14600,1510.0,0.0,0.0,0.0,1,754.0,2278.0,1,1510.0,0.0,0.0,0.0,0.0,0.0,0
2023-05-10 21:03:34,CF311C14600,CF311C14600,1510.0,0.0,0.0,0.0,10,755.0,2277.0,10,1510.0,0.0,0.0,0.0,0.0,0.0,0
2023-05-10 21:03:35,CF311C14600,CF311C14600,1510.0,0.0,0.0,0.0,1,758.0,2274.0,1,1510.0,0.0,0.0,0.0,0.0,0.0,0
2023-05-10 21:03:35,CF311C14600,CF311C14600,1510.0,0.0,0.0,0.0,10,759.0,2273.0,10,1510.0,0.0,0.0,0.0,0.0,0.0,0
2023-05-10 21:03:36,CF311C14600,CF311C14600,1510.0,0.0,0.0,0.0,1,762.0,2270.0,1,1510.0,0.0,0.0,0.0,0.0,0.0,0
2023-05-10 21:03:36,CF311C14600,CF311C14600,1510.0,0.0,0.0,0.0,10,763.0,2269.0,10,1510.0,0.0,0.0,0.0,0.0,0.0,0
2023-05-10 21:03:39,CF311C14600,CF311C14600,1510.0,0.0,0.0,0.0,1,766.0,2266.0,1,1510.0,0.0,0.0,0.0,0.0,0.0,0
2023-05-10 21:03:39,CF311C14600,CF311C14600,1510.0,0.0,0.0,0.0,10,767.0,2265.0,10,1510.0,0.0,0.0,0.0,0.0,0.0,0
2023-05-10 21:03:43,CF311C14600,CF311C14600,1510.0,0.0,0.0,0.0,1,770.0,2262.0,1,1510.0,0.0,0.0,0.0,0.0,0.0,0
2023-05-10 21:03:43,CF311C14600,CF311C14600,1510.0,0.0,0.0,0.0,10,771.0,2261.0,10,1510.0,0.0,0.0,0.0,0.0,0.0,0
2023-05-10 21:03:44,CF311C14600,CF311C14600,1510.0,0.0,0.0,0.0,1,774.0,2258.0,1,1510.0,0.0,0.0,0.0,0.0,0.0,0
2023-05-10 21:03:44,CF311C14600,CF311C14600,1510.0,0.0,0.0,0.0,10,775.0,2257.0,10,1510.0,0.0,0.0,0.0,0.0,0.0,0
2023-05-10 21:03:45,CF311C14600,CF311C14600,1510.0,0.0,0.0,0.0,10,775.0,2254.0,1,1510.0,0.0,0.0,0.0,0.0,0.0,0
2023-05-10 21:03:45,CF311C14600,CF311C14600,1510.0,0.0,0.0,0.0,1,778.0,2253.0,10,1510.0,0.0,0.0,0.0,0.0,0.0,0
2023-05-10 21:03:46,CF311C14600,CF311C14600,1510.0,0.0,0.0,0.0,10,779.0,2253.0,10,1510.0,0.0,0.0,0.0,0.0,0.0,0
2023-05-10 21:03:46,CF311C14600,CF311C14600,1510.0,0.0,0.0,0.0,1,782.0,2253.0,10,1510.0,0.0,0.0,0.0,0.0,0.0,0
2023-05-10 21:03:47,CF311C14600,CF311C14600,1510.0,0.0,0.0,0.0,10,783.0,2250.0,1,1510.0,0.0,0.0,0.0,0.0,0.0,0
2023-05-10 21:03:47,CF311C14600,CF311C14600,1510.0,0.0,0.0,0.0,10,783.0,2249.0,10,1510.0,0.0,0.0,0.0,0.0,0.0,0
2023-05-10 21:03:51,CF311C14600,CF311C14600,1510.0,0.0,0.0,0.0,1,786.0,2249.0,10,1510.0,0.0,0.0,0.0,0.0,0.0,0
2023-05-10 21:03:51,CF311C14600,CF311C14600,1510.0,0.0,0.0,0.0,10,787.0,2246.0,1,1510.0,0.0,0.0,0.0,0.0,0.0,0
2023-05-10 21:03:52,CF311C14600,CF311C14600,1510.0,0.0,0.0,0.0,1,790.0,2245.0,10,1510.0,0.0,0.0,0.0,0.0,0.0,0
2023-05-10 21:03:52,CF311C14600,CF311C14600,1510.0,0.0,0.0,0.0,10,791.0,2245.0,10,1510.0,0.0,0.0,0.0,0.0,0.0,0
2023-05-10 21:03:57,CF311C14600,CF311C14600,1510.0,0.0,0.0,0.0,1,794.0,2242.0,1,1510.0,0.0,0.0,0.0,0.0,0.0,0
2023-05-10 21:03:57,CF311C14600,CF311C14600,1510.0,0.0,0.0,0.0,10,795.0,2241.0,10,1510.0,0.0,0.0,0.0,0.0,0.0,0
2023-05-10 21:03:58,CF311C14600,CF311C14600,1510.0,0.0,0.0,0.0,1,798.0,2238.0,1,1510.0,0.0,0.0,0.0,0.0,0.0,0
2023-05-10 21:03:58,CF311C14600,CF311C14600,1510.0,0.0,0.0,0.0,10,799.0,2237.0,10,1510.0,0.0,0.0,0.0,0.0,0.0,0
2023-05-10 21:03:59,CF311C14600,CF311C14600,1510.0,0.0,0.0,0.0,1,802.0,2237.0,10,1510.0,0.0,0.0,0.0,0.0,0.0,0
2023-05-10 21:03:59,CF311C14600,CF311C14600,1510.0,0.0,0.0,0.0,10,803.0,2234.0,1,1510.0,0.0,0.0,0.0,0.0,0.0,0
2023-05-10 21:04:00,CF311C14600,CF311C14600,1510.0,0.0,0.0,0.0,1,806.0,2233.0,10,1510.0,0.0,0.0,0.0,0.0,0.0,0
2023-05-10 21:04:00,CF311C14600,CF311C14600,1510.0,0.0,0.0,0.0,10,807.0,2233.0,10,1510.0,0.0,0.0,0.0,0.0,0.0,0
2023-05-10 21:04:01,CF311C14600,CF311C14600,1510.0,0.0,0.0,0.0,1,810.0,2230.0,1,1510.0,0.0,0.0,0.0,0.0,0.0,0
2023-05-10 21:04:01,CF311C14600,CF311C14600,1510.0,0.0,0.0,0.0,10,811.0,2229.0,10,1510.0,0.0,0.0,0.0,0.0,0.0,0
2023-05-10 21:04:08,CF311C14600,CF311C14600,1510.0,0.0,0.0,0.0,1,814.0,2226.0,1,1510.0,0.0,0.0,0.0,0.0,0.0,0
2023-05-10 21:04:08,CF311C14600,CF311C14600,1510.0,0.0,0.0,0.0,10,815.0,2225.0,10,1510.0,0.0,0.0,0.0,0.0,0.0,0
2023-05-10 21:04:09,CF311C14600,CF311C14600,1510.0,0.0,0.0,0.0,1,818.0,2225.0,10,1510.0,0.0,0.0,0.0,0.0,0.0,0
2023-05-10 21:04:09,CF311C14600,CF311C14600,1510.0,0.0,0.0,0.0,10,819.0,2222.0,1,1510.0,0.0,0.0,0.0,0.0,0.0,0
2023-05-10 21:04:10,CF311C14600,CF311C14600,1510.0,0.0,0.0,0.0,10,819.0,2221.0,10,1510.0,0.0,0.0,0.0,0.0,0.0,0
2023-05-10 21:04:12,CF311C14600,CF311C14600,1510.0,0.0,0.0,0.0,1,822.0,2218.0,1,1510.0,0.0,0.0,0.0,0.0,0.0,0
2023-05-10 21:04:13,CF311C14600,CF311C14600,1510.0,0.0,0.0,0.0,10,823.0,2217.0,10,1510.0,0.0,0.0,0.0,0.0,0.0,0
2023-05-10 21:04:13,CF311C14600,CF311C14600,1510.0,0.0,0.0,0.0,1,826.0,2214.0,1,1510.0,0.0,0.0,0.0,0.0,0.0,0
2023-05-10 21:04:14,CF311C14600,CF311C14600,1510.0,0.0,0.0,0.0,10,827.0,2213.0,10,1510.0,0.0,0.0,0.0,0.0,0.0,0
2023-05-10 21:04:14,CF311C14600,CF311C14600,1510.0,0.0,0.0,0.0,1,830.0,2210.0,1,1510.0,0.0,0.0,0.0,0.0,0.0,0
2023-05-10 21:04:15,CF311C14600,CF311C14600,1510.0,0.0,0.0,0.0,10,831.0,2209.0,10,1510.0,0.0,0.0,0.0,0.0,0.0,0
2023-05-10 21:04:15,CF311C14600,CF311C14600,1510.0,0.0,0.0,0.0,1,834.0,2206.0,1,1510.0,0.0,0.0,0.0,0.0,0.0,0
2023-05-10 21:04:16,CF311C14600,CF311C14600,1510.0,0.0,0.0,0.0,10,835.0,2205.0,10,1510.0,0.0,0.0,0.0,0.0,0.0,0
2023-05-10 21:04:17,CF311C14600,CF311C14600,1510.0,0.0,0.0,0.0,1,838.0,2202.0,1,1510.0,0.0,0.0,0.0,0.0,0.0,0
2023-05-10 21:04:18,CF311C14600,CF311C14600,1510.0,0.0,0.0,0.0,10,839.0,2201.0,10,1510.0,0.0,0.0,0.0,0.0,0.0,0
2023-05-10 21:04:18,CF311C14600,CF311C14600,1510.0,0.0,0.0,0.0,1,842.0,2198.0,1,1510.0,0.0,0.0,0.0,0.0,0.0,0
2023-05-10 21:04:19,CF311C14600,CF311C14600,1510.0,0.0,0.0,0.0,10,843.0,2197.0,10,1510.0,0.0,0.0,0.0,0.0,0.0,0
2023-05-10 21:04:20,CF311C14600,CF311C14600,1510.0,0.0,0.0,0.0,1,846.0,2194.0,1,1510.0,0.0,0.0,0.0,0.0,0.0,0
2023-05-10 21:04:21,CF311C14600,CF311C14600,1510.0,0.0,0.0,0.0,10,847.0,2193.0,10,1510.0,0.0,0.0,0.0,0.0,0.0,0
2023-05-10 21:04:21,CF311C14600,CF311C14600,1510.0,0.0,0.0,0.0,1,850.0,2190.0,1,1510.0,0.0,0.0,0.0,0.0,0.0,0
2023-05-10 21:04:22,CF311C14600,CF311C14600,1510.0,0.0,0.0,0.0,10,851.0,2189.0,10,1510.0,0.0,0.0,0.0,0.0,0.0,0
2023-05-10 21:04:22,CF311C14600,CF311C14600,1510.0,0.0,0.0,0.0,1,854.0,2186.0,1,1510.0,0.0,0.0,0.0,0.0,0.0,0
2023-05-10 21:04:23,CF311C14600,CF311C14600,1510.0,0.0,0.0,0.0,10,855.0,2185.0,10,1510.0,0.0,0.0,0.0,0.0,0.0,0
2023-05-10 21:04:23,CF311C14600,CF311C14600,1510.0,0.0,0.0,0.0,1,858.0,2182.0,1,1510.0,0.0,0.0,0.0,0.0,0.0,0
2023-05-10 21:04:24,CF311C14600,CF311C14600,1510.0,0.0,0.0,0.0,10,859.0,2181.0,10,1510.0,0.0,0.0,0.0,0.0,0.0,0
2023-05-10 21:04:27,CF311C14600,CF311C14600,1510.0,0.0,0.0,0.0,1,862.0,2178.0,1,1510.0,0.0,0.0,0.0,0.0,0.0,0
2023-05-10 21:04:28,CF311C14600,CF311C14600,1510.0,0.0,0.0,0.0,10,863.0,2177.0,10,1510.0,0.0,0.0,0.0,0.0,0.0,0
2023-05-10 21:04:29,CF311C14600,CF311C14600,1510.0,0.0,0.0,0.0,1,866.0,2177.0,10,1510.0,0.0,0.0,0.0,0.0,0.0,0
2023-05-10 21:04:30,CF311C14600,CF311C14600,1510.0,0.0,0.0,0.0,10,867.0,2174.0,1,1510.0,0.0,0.0,0.0,0.0,0.0,0
2023-05-10 21:04:30,CF311C14600,CF311C14600,1510.0,0.0,0.0,0.0,1,870.0,2173.0,10,1510.0,0.0,0.0,0.0,0.0,0.0,0
2023-05-10 21:04:31,CF311C14600,CF311C14600,1510.0,0.0,0.0,0.0,10,871.0,2170.0,1,1510.0,0.0,0.0,0.0,0.0,0.0,0
2023-05-10 21:04:31,CF311C14600,CF311C14600,1510.0,0.0,0.0,0.0,1,874.0,2169.0,10,1510.0,0.0,0.0,0.0,0.0,0.0,0
2023-05-10 21:04:32,CF311C14600,CF311C14600,1510.0,0.0,0.0,0.0,10,875.0,2166.0,1,1510.0,0.0,0.0,0.0,0.0,0.0,0
2023-05-10 21:04:32,CF311C14600,CF311C14600,1510.0,0.0,0.0,0.0,10,875.0,2165.0,10,1510.0,0.0,0.0,0.0,0.0,0.0,0
2023-05-10 21:04:33,CF311C14600,CF311C14600,1510.0,0.0,0.0,0.0,1,878.0,2162.0,1,1510.0,0.0,0.0,0.0,0.0,0.0,0
2023-05-10 21:04:33,CF311C14600,CF311C14600,1510.0,0.0,0.0,0.0,10,879.0,2161.0,10,1510.0,0.0,0.0,0.0,0.0,0.0,0
2023-05-10 21:04:34,CF311C14600,CF311C14600,1510.0,0.0,0.0,0.0,1,882.0,2158.0,1,1510.0,0.0,0.0,0.0,0.0,0.0,0
2023-05-10 21:04:34,CF311C14600,CF311C14600,1510.0,0.0,0.0,0.0,10,883.0,2157.0,10,1510.0,0.0,0.0,0.0,0.0,0.0,0
2023-05-10 21:04:35,CF311C14600,CF311C14600,1510.0,0.0,0.0,0.0,1,886.0,2154.0,1,1510.0,0.0,0.0,0.0,0.0,0.0,0
2023-05-10 21:04:35,CF311C14600,CF311C14600,1510.0,0.0,0.0,0.0,10,887.0,2153.0,10,1510.0,0.0,0.0,0.0,0.0,0.0,0
2023-05-10 21:04:37,CF311C14600,CF311C14600,1510.0,0.0,0.0,0.0,1,890.0,2150.0,1,1510.0,0.0,0.0,0.0,0.0,0.0,0
2023-05-10 21:04:37,CF311C14600,CF311C14600,1510.0,0.0,0.0,0.0,10,891.0,2149.0,10,1510.0,0.0,0.0,0.0,0.0,0.0,0
2023-05-10 21:04:38,CF311C14600,CF311C14600,1510.0,0.0,0.0,0.0,1,894.0,2146.0,1,1510.0,0.0,0.0,0.0,0.0,0.0,0
2023-05-10 21:04:38,CF311C14600,CF311C14600,1510.0,0.0,0.0,0.0,10,895.0,2145.0,10,1510.0,0.0,0.0,0.0,0.0,0.0,0
2023-05-10 21:04:39,CF311C14600,CF311C14600,1510.0,0.0,0.0,0.0,1,898.0,2142.0,1,1510.0,0.0,0.0,0.0,0.0,0.0,0
2023-05-10 21:04:39,CF311C14600,CF311C14600,1510.0,0.0,0.0,0.0,10,899.0,2141.0,10,1510.0,0.0,0.0,0.0,0.0,0.0,0
2023-05-10 21:04:40,CF311C14600,CF311C14600,1510.0,0.0,0.0,0.0,1,902.0,2138.0,1,1510.0,0.0,0.0,0.0,0.0,0.0,0
2023-05-10 21:04:40,CF311C14600,CF311C14600,1510.0,0.0,0.0,0.0,10,903.0,2137.0,10,1510.0,0.0,0.0,0.0,0.0,0.0,0
2023-05-10 21:04:41,CF311C14600,CF311C14600,1510.0,0.0,0.0,0.0,1,906.0,2134.0,1,1510.0,0.0,0.0,0.0,0.0,0.0,0
2023-05-10 21:04:41,CF311C14600,CF311C14600,1510.0,0.0,0.0,0.0,10,907.0,2133.0,10,1510.0,0.0,0.0,0.0,0.0,0.0,0
2023-05-10 21:04:41,CF311C14600,CF311C14600,1510.0,0.0,0.0,0.0,1,906.0,2134.0,1,1510.0,0.0,0.0,0.0,0.0,0.0,0
2023-05-10 21:04:41,CF311C14600,CF311C14600,1510.0,0.0,0.0,0.0,10,907.0,2133.0,10,1510.0,0.0,0.0,0.0,0.0,0.0,0
2023-05-10 21:15:55,CF311C14600,CF311C14600,1510.0,0.0,0.0,0.0,1,910.0,2130.0,1,1510.0,0.0,0.0,0.0,0.0,0.0,0
2023-05-10 21:15:55,CF311C14600,CF311C14600,1510.0,0.0,0.0,0.0,10,911.0,2129.0,10,1510.0,0.0,0.0,0.0,0.0,0.0,0
2023-05-10 21:15:55,CF311C14600,CF311C14600,1510.0,0.0,0.0,0.0,1,914.0,2126.0,1,1510.0,0.0,0.0,0.0,0.0,0.0,0
2023-05-10 21:15:56,CF311C14600,CF311C14600,1510.0,0.0,0.0,0.0,10,915.0,2125.0,10,1510.0,0.0,0.0,0.0,0.0,0.0,0
2023-05-10 21:15:56,CF311C14600,CF311C14600,1510.0,0.0,0.0,0.0,1,918.0,2122.0,1,1510.0,0.0,0.0,0.0,0.0,0.0,0
2023-05-10 21:15:57,CF311C14600,CF311C14600,1510.0,0.0,0.0,0.0,10,919.0,2121.0,10,1510.0,0.0,0.0,0.0,0.0,0.0,0
2023-05-10 21:15:57,CF311C14600,CF311C14600,1510.0,0.0,0.0,0.0,1,922.0,2118.0,1,1510.0,0.0,0.0,0.0,0.0,0.0,0
2023-05-10 21:15:58,CF311C14600,CF311C14600,1510.0,0.0,0.0,0.0,10,923.0,2117.0,10,1510.0,0.0,0.0,0.0,0.0,0.0,0
2023-05-10 21:15:58,CF311C14600,CF311C14600,1510.0,0.0,0.0,0.0,1,926.0,2114.0,1,1510.0,0.0,0.0,0.0,0.0,0.0,0
2023-05-10 21:15:59,CF311C14600,CF311C14600,1510.0,0.0,0.0,0.0,10,927.0,2113.0,10,1510.0,0.0,0.0,0.0,0.0,0.0,0
2023-05-10 21:15:59,CF311C14600,CF311C14600,1510.0,0.0,0.0,0.0,1,930.0,2110.0,1,1510.0,0.0,0.0,0.0,0.0,0.0,0
2023-05-10 21:16:00,CF311C14600,CF311C14600,1510.0,0.0,0.0,0.0,10,931.0,2109.0,10,1510.0,0.0,0.0,0.0,0.0,0.0,0
2023-05-10 21:35:55,CF311C14600,CF311C14600,1510.0,0.0,0.0,0.0,1,934.0,2106.0,1,1510.0,0.0,0.0,0.0,0.0,0.0,0
2023-05-10 21:35:55,CF311C14600,CF311C14600,1510.0,0.0,0.0,0.0,10,935.0,2105.0,10,1510.0,0.0,0.0,0.0,0.0,0.0,0
2023-05-10 21:35:56,CF311C14600,CF311C14600,1510.0,0.0,0.0,0.0,1,938.0,2102.0,1,1510.0,0.0,0.0,0.0,0.0,0.0,0
2023-05-10 21:35:56,CF311C14600,CF311C14600,1510.0,0.0,0.0,0.0,10,939.0,2101.0,10,1510.0,0.0,0.0,0.0,0.0,0.0,0
2023-05-10 21:35:57,CF311C14600,CF311C14600,1510.0,0.0,0.0,0.0,1,942.0,2098.0,1,1510.0,0.0,0.0,0.0,0.0,0.0,0
2023-05-10 21:35:57,CF311C14600,CF311C14600,1510.0,0.0,0.0,0.0,10,943.0,2097.0,10,1510.0,0.0,0.0,0.0,0.0,0.0,0
2023-05-10 21:35:58,CF311C14600,CF311C14600,1510.0,0.0,0.0,0.0,1,946.0,2094.0,1,1510.0,0.0,0.0,0.0,0.0,0.0,0
2023-05-10 21:35:58,CF311C14600,CF311C14600,1510.0,0.0,0.0,0.0,10,947.0,2093.0,10,1510.0,0.0,0.0,0.0,0.0,0.0,0
2023-05-10 21:35:59,CF311C14600,CF311C14600,1510.0,0.0,0.0,0.0,1,950.0,2090.0,1,1510.0,0.0,0.0,0.0,0.0,0.0,0
2023-05-10 21:35:59,CF311C14600,CF311C14600,1510.0,0.0,0.0,0.0,10,951.0,2089.0,10,1510.0,0.0,0.0,0.0,0.0,0.0,0
2023-05-10 21:55:55,CF311C14600,CF311C14600,1510.0,0.0,0.0,0.0,1,954.0,2086.0,1,1510.0,0.0,0.0,0.0,0.0,0.0,0
2023-05-10 21:55:55,CF311C14600,CF311C14600,1510.0,0.0,0.0,0.0,10,955.0,2085.0,10,1510.0,0.0,0.0,0.0,0.0,0.0,0
2023-05-10 21:55:56,CF311C14600,CF311C14600,1510.0,0.0,0.0,0.0,1,958.0,2082.0,1,1510.0,0.0,0.0,0.0,0.0,0.0,0
2023-05-10 21:55:56,CF311C14600,CF311C14600,1510.0,0.0,0.0,0.0,10,959.0,2081.0,10,1510.0,0.0,0.0,0.0,0.0,0.0,0
2023-05-10 21:55:57,CF311C14600,CF311C14600,1510.0,0.0,0.0,0.0,1,962.0,2078.0,1,1510.0,0.0,0.0,0.0,0.0,0.0,0
2023-05-10 21:55:57,CF311C14600,CF311C14600,1510.0,0.0,0.0,0.0,10,963.0,2077.0,10,1510.0,0.0,0.0,0.0,0.0,0.0,0
2023-05-10 21:55:58,CF311C14600,CF311C14600,1510.0,0.0,0.0,0.0,1,966.0,2074.0,1,1510.0,0.0,0.0,0.0,0.0,0.0,0
2023-05-10 21:55:58,CF311C14600,CF311C14600,1510.0,0.0,0.0,0.0,10,967.0,2073.0,10,1510.0,0.0,0.0,0.0,0.0,0.0,0
2023-05-10 21:55:59,CF311C14600,CF311C14600,1510.0,0.0,0.0,0.0,1,970.0,2070.0,1,1510.0,0.0,0.0,0.0,0.0,0.0,0
2023-05-10 21:55:59,CF311C14600,CF311C14600,1510.0,0.0,0.0,0.0,10,971.0,2069.0,10,1510.0,0.0,0.0,0.0,0.0,0.0,0
2023-05-10 22:15:55,CF311C14600,CF311C14600,1510.0,0.0,0.0,0.0,1,974.0,2066.0,1,1510.0,0.0,0.0,0.0,0.0,0.0,0
2023-05-10 22:15:55,CF311C14600,CF311C14600,1510.0,0.0,0.0,0.0,10,975.0,2065.0,10,1510.0,0.0,0.0,0.0,0.0,0.0,0
2023-05-10 22:15:56,CF311C14600,CF311C14600,1510.0,0.0,0.0,0.0,1,978.0,2062.0,1,1510.0,0.0,0.0,0.0,0.0,0.0,0
2023-05-10 22:15:56,CF311C14600,CF311C14600,1510.0,0.0,0.0,0.0,10,979.0,2061.0,10,1510.0,0.0,0.0,0.0,0.0,0.0,0
2023-05-10 22:15:57,CF311C14600,CF311C14600,1510.0,0.0,0.0,0.0,1,982.0,2058.0,1,1510.0,0.0,0.0,0.0,0.0,0.0,0
2023-05-10 22:15:57,CF311C14600,CF311C14600,1510.0,0.0,0.0,0.0,10,983.0,2057.0,10,1510.0,0.0,0.0,0.0,0.0,0.0,0
2023-05-10 22:15:58,CF311C14600,CF311C14600,1510.0,0.0,0.0,0.0,1,986.0,2054.0,1,1510.0,0.0,0.0,0.0,0.0,0.0,0
2023-05-10 22:15:58,CF311C14600,CF311C14600,1510.0,0.0,0.0,0.0,10,987.0,2053.0,10,1510.0,0.0,0.0,0.0,0.0,0.0,0
2023-05-10 22:15:59,CF311C14600,CF311C14600,1510.0,0.0,0.0,0.0,1,990.0,2050.0,1,1510.0,0.0,0.0,0.0,0.0,0.0,0
2023-05-10 22:15:59,CF311C14600,CF311C14600,1510.0,0.0,0.0,0.0,10,991.0,2049.0,10,1510.0,0.0,0.0,0.0,0.0,0.0,0
2023-05-10 22:57:35,CF311C14600,CF311C14600,1510.0,0.0,0.0,0.0,0,0.0,0.0,0,1510.0,0.0,0.0,0.0,0.0,0.0,0
2023-05-11 09:02:11,CF311C14600,CF311C14600,1510.0,0.0,0.0,0.0,10,559.0,2461.0,10,1510.0,0.0,0.0,0.0,0.0,0.0,0
2023-05-11 09:02:13,CF311C14600,CF311C14600,1510.0,0.0,0.0,0.0,1,562.0,2461.0,10,1510.0,0.0,0.0,0.0,0.0,0.0,0
2023-05-11 09:02:13,CF311C14600,CF311C14600,1510.0,0.0,0.0,0.0,10,563.0,2458.0,1,1510.0,0.0,0.0,0.0,0.0,0.0,0
2023-05-11 09:02:14,CF311C14600,CF311C14600,1510.0,0.0,0.0,0.0,1,566.0,2457.0,10,1510.0,0.0,0.0,0.0,0.0,0.0,0
2023-05-11 09:02:14,CF311C14600,CF311C14600,1510.0,0.0,0.0,0.0,10,567.0,2457.0,10,1510.0,0.0,0.0,0.0,0.0,0.0,0
2023-05-11 09:02:15,CF311C14600,CF311C14600,1510.0,0.0,0.0,0.0,1,570.0,2454.0,1,1510.0,0.0,0.0,0.0,0.0,0.0,0
2023-05-11 09:02:15,CF311C14600,CF311C14600,1510.0,0.0,0.0,0.0,10,571.0,2453.0,10,1510.0,0.0,0.0,0.0,0.0,0.0,0
2023-05-11 09:02:16,CF311C14600,CF311C14600,1510.0,0.0,0.0,0.0,1,574.0,2450.0,1,1510.0,0.0,0.0,0.0,0.0,0.0,0
2023-05-11 09:02:16,CF311C14600,CF311C14600,1510.0,0.0,0.0,0.0,10,575.0,2449.0,10,1510.0,0.0,0.0,0.0,0.0,0.0,0
2023-05-11 09:02:17,CF311C14600,CF311C14600,1510.0,0.0,0.0,0.0,1,578.0,2446.0,1,1510.0,0.0,0.0,0.0,0.0,0.0,0
2023-05-11 09:02:17,CF311C14600,CF311C14600,1510.0,0.0,0.0,0.0,10,579.0,2445.0,10,1510.0,0.0,0.0,0.0,0.0,0.0,0
2023-05-11 09:02:18,CF311C14600,CF311C14600,1510.0,0.0,0.0,0.0,1,582.0,2442.0,1,1510.0,0.0,0.0,0.0,0.0,0.0,0
2023-05-11 09:02:18,CF311C14600,CF311C14600,1510.0,0.0,0.0,0.0,10,583.0,2441.0,10,1510.0,0.0,0.0,0.0,0.0,0.0,0
2023-05-11 09:02:22,CF311C14600,CF311C14600,1510.0,0.0,0.0,0.0,1,586.0,2441.0,10,1510.0,0.0,0.0,0.0,0.0,0.0,0
2023-05-11 09:02:22,CF311C14600,CF311C14600,1510.0,0.0,0.0,0.0,10,587.0,2441.0,10,1510.0,0.0,0.0,0.0,0.0,0.0,0
2023-05-11 09:02:23,CF311C14600,CF311C14600,1510.0,0.0,0.0,0.0,1,590.0,2438.0,1,1510.0,0.0,0.0,0.0,0.0,0.0,0
2023-05-11 09:02:23,CF311C14600,CF311C14600,1510.0,0.0,0.0,0.0,10,591.0,2437.0,10,1510.0,0.0,0.0,0.0,0.0,0.0,0
2023-05-11 09:02:24,CF311C14600,CF311C14600,1510.0,0.0,0.0,0.0,1,594.0,2434.0,1,1510.0,0.0,0.0,0.0,0.0,0.0,0
2023-05-11 09:02:24,CF311C14600,CF311C14600,1510.0,0.0,0.0,0.0,10,595.0,2433.0,10,1510.0,0.0,0.0,0.0,0.0,0.0,0
2023-05-11 09:02:25,CF311C14600,CF311C14600,1510.0,0.0,0.0,0.0,1,598.0,2430.0,1,1510.0,0.0,0.0,0.0,0.0,0.0,0
2023-05-11 09:02:25,CF311C14600,CF311C14600,1510.0,0.0,0.0,0.0,10,599.0,2429.0,10,1510.0,0.0,0.0,0.0,0.0,0.0,0
2023-05-11 09:02:26,CF311C14600,CF311C14600,1510.0,0.0,0.0,0.0,1,602.0,2426.0,1,1510.0,0.0,0.0,0.0,0.0,0.0,0
2023-05-11 09:02:26,CF311C14600,CF311C14600,1510.0,0.0,0.0,0.0,10,603.0,2425.0,10,1510.0,0.0,0.0,0.0,0.0,0.0,0
2023-05-11 09:02:31,CF311C14600,CF311C14600,1510.0,0.0,0.0,0.0,1,606.0,2425.0,10,1510.0,0.0,0.0,0.0,0.0,0.0,0
2023-05-11 09:02:31,CF311C14600,CF311C14600,1510.0,0.0,0.0,0.0,10,607.0,2425.0,10,1510.0,0.0,0.0,0.0,0.0,0.0,0
2023-05-11 09:02:32,CF311C14600,CF311C14600,1510.0,0.0,0.0,0.0,1,610.0,2422.0,1,1510.0,0.0,0.0,0.0,0.0,0.0,0
2023-05-11 09:02:32,CF311C14600,CF311C14600,1510.0,0.0,0.0,0.0,10,611.0,2421.0,10,1510.0,0.0,0.0,0.0,0.0,0.0,0
2023-05-11 09:02:33,CF311C14600,CF311C14600,1510.0,0.0,0.0,0.0,1,614.0,2418.0,1,1510.0,0.0,0.0,0.0,0.0,0.0,0
2023-05-11 09:02:33,CF311C14600,CF311C14600,1510.0,0.0,0.0,0.0,10,615.0,2417.0,10,1510.0,0.0,0.0,0.0,0.0,0.0,0
2023-05-11 09:02:34,CF311C14600,CF311C14600,1510.0,0.0,0.0,0.0,1,618.0,2414.0,1,1510.0,0.0,0.0,0.0,0.0,0.0,0
2023-05-11 09:02:34,CF311C14600,CF311C14600,1510.0,0.0,0.0,0.0,10,619.0,2413.0,10,1510.0,0.0,0.0,0.0,0.0,0.0,0
2023-05-11 09:02:37,CF311C14600,CF311C14600,1510.0,0.0,0.0,0.0,1,622.0,2410.0,1,1510.0,0.0,0.0,0.0,0.0,0.0,0
2023-05-11 09:02:37,CF311C14600,CF311C14600,1510.0,0.0,0.0,0.0,10,623.0,2409.0,10,1510.0,0.0,0.0,0.0,0.0,0.0,0
2023-05-11 09:02:46,CF311C14600,CF311C14600,1510.0,0.0,0.0,0.0,1,626.0,2409.0,10,1510.0,0.0,0.0,0.0,0.0,0.0,0
2023-05-11 09:02:46,CF311C14600,CF311C14600,1510.0,0.0,0.0,0.0,10,627.0,2406.0,1,1510.0,0.0,0.0,0.0,0.0,0.0,0
2023-05-11 09:02:47,CF311C14600,CF311C14600,1510.0,0.0,0.0,0.0,1,630.0,2405.0,10,1510.0,0.0,0.0,0.0,0.0,0.0,0
2023-05-11 09:02:47,CF311C14600,CF311C14600,1510.0,0.0,0.0,0.0,10,631.0,2405.0,10,1510.0,0.0,0.0,0.0,0.0,0.0,0
2023-05-11 09:02:51,CF311C14600,CF311C14600,1510.0,0.0,0.0,0.0,1,634.0,2402.0,1,1510.0,0.0,0.0,0.0,0.0,0.0,0
2023-05-11 09:02:51,CF311C14600,CF311C14600,1510.0,0.0,0.0,0.0,10,635.0,2401.0,10,1510.0,0.0,0.0,0.0,0.0,0.0,0
2023-05-11 09:02:52,CF311C14600,CF311C14600,1510.0,0.0,0.0,0.0,1,638.0,2398.0,1,1510.0,0.0,0.0,0.0,0.0,0.0,0
2023-05-11 09:02:52,CF311C14600,CF311C14600,1510.0,0.0,0.0,0.0,10,639.0,2397.0,10,1510.0,0.0,0.0,0.0,0.0,0.0,0
2023-05-11 09:02:57,CF311C14600,CF311C14600,1510.0,0.0,0.0,0.0,1,642.0,2397.0,10,1510.0,0.0,0.0,0.0,0.0,0.0,0
2023-05-11 09:02:57,CF311C14600,CF311C14600,1510.0,0.0,0.0,0.0,10,643.0,2397.0,10,1510.0,0.0,0.0,0.0,0.0,0.0,0
2023-05-11 09:02:58,CF311C14600,CF311C14600,1510.0,0.0,0.0,0.0,1,646.0,2394.0,1,1510.0,0.0,0.0,0.0,0.0,0.0,0
2023-05-11 09:02:58,CF311C14600,CF311C14600,1510.0,0.0,0.0,0.0,10,647.0,2393.0,10,1510.0,0.0,0.0,0.0,0.0,0.0,0
2023-05-11 09:02:59,CF311C14600,CF311C14600,1510.0,0.0,0.0,0.0,1,650.0,2390.0,1,1510.0,0.0,0.0,0.0,0.0,0.0,0
2023-05-11 09:02:59,CF311C14600,CF311C14600,1510.0,0.0,0.0,0.0,10,651.0,2389.0,10,1510.0,0.0,0.0,0.0,0.0,0.0,0
2023-05-11 09:03:04,CF311C14600,CF311C14600,1510.0,0.0,0.0,0.0,1,654.0,2386.0,1,1510.0,0.0,0.0,0.0,0.0,0.0,0
2023-05-11 09:03:04,CF311C14600,CF311C14600,1510.0,0.0,0.0,0.0,10,655.0,2385.0,10,1510.0,0.0,0.0,0.0,0.0,0.0,0
2023-05-11 09:03:05,CF311C14600,CF311C14600,1510.0,0.0,0.0,0.0,1,658.0,2382.0,1,1510.0,0.0,0.0,0.0,0.0,0.0,0
2023-05-11 09:03:05,CF311C14600,CF311C14600,1510.0,0.0,0.0,0.0,10,659.0,2381.0,10,1510.0,0.0,0.0,0.0,0.0,0.0,0
2023-05-11 09:03:08,CF311C14600,CF311C14600,1510.0,0.0,0.0,0.0,1,662.0,2378.0,1,1510.0,0.0,0.0,0.0,0.0,0.0,0
2023-05-11 09:03:08,CF311C14600,CF311C14600,1510.0,0.0,0.0,0.0,10,663.0,2377.0,10,1510.0,0.0,0.0,0.0,0.0,0.0,0
2023-05-11 09:03:09,CF311C14600,CF311C14600,1510.0,0.0,0.0,0.0,10,663.0,2374.0,1,1510.0,0.0,0.0,0.0,0.0,0.0,0
2023-05-11 09:03:09,CF311C14600,CF311C14600,1510.0,0.0,0.0,0.0,10,663.0,2373.0,10,1510.0,0.0,0.0,0.0,0.0,0.0,0
2023-05-11 09:03:11,CF311C14600,CF311C14600,1510.0,0.0,0.0,0.0,1,666.0,2370.0,1,1510.0,0.0,0.0,0.0,0.0,0.0,0
2023-05-11 09:03:11,CF311C14600,CF311C14600,1510.0,0.0,0.0,0.0,10,667.0,2369.0,10,1510.0,0.0,0.0,0.0,0.0,0.0,0
2023-05-11 09:03:12,CF311C14600,CF311C14600,1510.0,0.0,0.0,0.0,1,670.0,2366.0,1,1510.0,0.0,0.0,0.0,0.0,0.0,0
2023-05-11 09:03:12,CF311C14600,CF311C14600,1510.0,0.0,0.0,0.0,10,671.0,2365.0,10,1510.0,0.0,0.0,0.0,0.0,0.0,0
2023-05-11 09:03:13,CF311C14600,CF311C14600,1510.0,0.0,0.0,0.0,1,674.0,2362.0,1,1510.0,0.0,0.0,0.0,0.0,0.0,0
2023-05-11 09:03:13,CF311C14600,CF311C14600,1510.0,0.0,0.0,0.0,10,675.0,2361.0,10,1510.0,0.0,0.0,0.0,0.0,0.0,0
2023-05-11 09:03:14,CF311C14600,CF311C14600,1510.0,0.0,0.0,0.0,1,678.0,2358.0,1,1510.0,0.0,0.0,0.0,0.0,0.0,0
2023-05-11 09:03:14,CF311C14600,CF311C14600,1510.0,0.0,0.0,0.0,10,679.0,2357.0,10,1510.0,0.0,0.0,0.0,0.0,0.0,0
2023-05-11 09:03:19,CF311C14600,CF311C14600,1510.0,0.0,0.0,0.0,1,682.0,2354.0,1,1510.0,0.0,0.0,0.0,0.0,0.0,0
2023-05-11 09:03:19,CF311C14600,CF311C14600,1510.0,0.0,0.0,0.0,10,683.0,2353.0,10,1510.0,0.0,0.0,0.0,0.0,0.0,0
2023-05-11 09:03:20,CF311C14600,CF311C14600,1510.0,0.0,0.0,0.0,1,686.0,2350.0,1,1510.0,0.0,0.0,0.0,0.0,0.0,0
2023-05-11 09:03:20,CF311C14600,CF311C14600,1510.0,0.0,0.0,0.0,10,687.0,2349.0,10,1510.0,0.0,0.0,0.0,0.0,0.0,0
2023-05-11 09:03:21,CF311C14600,CF311C14600,1510.0,0.0,0.0,0.0,1,690.0,2346.0,1,1510.0,0.0,0.0,0.0,0.0,0.0,0
2023-05-11 09:03:21,CF311C14600,CF311C14600,1510.0,0.0,0.0,0.0,10,691.0,2345.0,10,1510.0,0.0,0.0,0.0,0.0,0.0,0
2023-05-11 09:03:22,CF311C14600,CF311C14600,1510.0,0.0,0.0,0.0,1,694.0,2342.0,1,1510.0,0.0,0.0,0.0,0.0,0.0,0
2023-05-11 09:03:22,CF311C14600,CF311C14600,1510.0,0.0,0.0,0.0,10,695.0,2341.0,10,1510.0,0.0,0.0,0.0,0.0,0.0,0
2023-05-11 09:03:23,CF311C14600,CF311C14600,1510.0,0.0,0.0,0.0,1,698.0,2341.0,10,1510.0,0.0,0.0,0.0,0.0,0.0,0
2023-05-11 09:03:23,CF311C14600,CF311C14600,1510.0,0.0,0.0,0.0,10,699.0,2338.0,1,1510.0,0.0,0.0,0.0,0.0,0.0,0
2023-05-11 09:03:24,CF311C14600,CF311C14600,1510.0,0.0,0.0,0.0,1,702.0,2337.0,10,1510.0,0.0,0.0,0.0,0.0,0.0,0
2023-05-11 09:03:24,CF311C14600,CF311C14600,1510.0,0.0,0.0,0.0,10,703.0,2334.0,1,1510.0,0.0,0.0,0.0,0.0,0.0,0
2023-05-11 09:03:25,CF311C14600,CF311C14600,1510.0,0.0,0.0,0.0,1,706.0,2333.0,10,1510.0,0.0,0.0,0.0,0.0,0.0,0
2023-05-11 09:03:25,CF311C14600,CF311C14600,1510.0,0.0,0.0,0.0,10,707.0,2330.0,1,1510.0,0.0,0.0,0.0,0.0,0.0,0
2023-05-11 09:03:26,CF311C14600,CF311C14600,1510.0,0.0,0.0,0.0,1,710.0,2329.0,10,1510.0,0.0,0.0,0.0,0.0,0.0,0
2023-05-11 09:03:26,CF311C14600,CF311C14600,1510.0,0.0,0.0,0.0,10,711.0,2326.0,1,1510.0,0.0,0.0,0.0,0.0,0.0,0
2023-05-11 09:03:27,CF311C14600,CF311C14600,1510.0,0.0,0.0,0.0,10,711.0,2325.0,10,1510.0,0.0,0.0,0.0,0.0,0.0,0
2023-05-11 09:03:27,CF311C14600,CF311C14600,1510.0,0.0,0.0,0.0,1,714.0,2322.0,1,1510.0,0.0,0.0,0.0,0.0,0.0,0
2023-05-11 09:03:28,CF311C14600,CF311C14600,1510.0,0.0,0.0,0.0,10,715.0,2321.0,10,1510.0,0.0,0.0,0.0,0.0,0.0,0
2023-05-11 09:03:28,CF311C14600,CF311C14600,1510.0,0.0,0.0,0.0,1,718.0,2318.0,1,1510.0,0.0,0.0,0.0,0.0,0.0,0
2023-05-11 09:03:29,CF311C14600,CF311C14600,1510.0,0.0,0.0,0.0,10,719.0,2317.0,10,1510.0,0.0,0.0,0.0,0.0,0.0,0
2023-05-11 09:03:29,CF311C14600,CF311C14600,1510.0,0.0,0.0,0.0,1,722.0,2314.0,1,1510.0,0.0,0.0,0.0,0.0,0.0,0
2023-05-11 09:03:30,CF311C14600,CF311C14600,1510.0,0.0,0.0,0.0,10,723.0,2313.0,10,1510.0,0.0,0.0,0.0,0.0,0.0,0
2023-05-11 09:03:35,CF311C14600,CF311C14600,1510.0,0.0,0.0,0.0,1,726.0,2310.0,1,1510.0,0.0,0.0,0.0,0.0,0.0,0
2023-05-11 09:03:35,CF311C14600,CF311C14600,1510.0,0.0,0.0,0.0,10,727.0,2309.0,10,1510.0,0.0,0.0,0.0,0.0,0.0,0
2023-05-11 09:03:35,CF311C14600,CF311C14600,1510.0,0.0,0.0,0.0,1,730.0,2306.0,1,1510.0,0.0,0.0,0.0,0.0,0.0,0
2023-05-11 09:03:36,CF311C14600,CF311C14600,1510.0,0.0,0.0,0.0,10,731.0,2305.0,10,1510.0,0.0,0.0,0.0,0.0,0.0,0
2023-05-11 09:03:37,CF311C14600,CF311C14600,1510.0,0.0,0.0,0.0,10,731.0,2302.0,1,1510.0,0.0,0.0,0.0,0.0,0.0,0
2023-05-11 09:03:38,CF311C14600,CF311C14600,1510.0,0.0,0.0,0.0,10,731.0,2301.0,10,1510.0,0.0,0.0,0.0,0.0,0.0,0
2023-05-11 09:03:38,CF311C14600,CF311C14600,1510.0,0.0,0.0,0.0,1,734.0,2298.0,1,1510.0,0.0,0.0,0.0,0.0,0.0,0
2023-05-11 09:03:39,CF311C14600,CF311C14600,1510.0,0.0,0.0,0.0,10,735.0,2297.0,10,1510.0,0.0,0.0,0.0,0.0,0.0,0
2023-05-11 09:03:39,CF311C14600,CF311C14600,1510.0,0.0,0.0,0.0,1,738.0,2294.0,1,1510.0,0.0,0.0,0.0,0.0,0.0,0
2023-05-11 09:03:40,CF311C14600,CF311C14600,1510.0,0.0,0.0,0.0,10,739.0,2293.0,10,1510.0,0.0,0.0,0.0,0.0,0.0,0
2023-05-11 09:03:40,CF311C14600,CF311C14600,1510.0,0.0,0.0,0.0,1,742.0,2290.0,1,1510.0,0.0,0.0,0.0,0.0,0.0,0
2023-05-11 09:03:41,CF311C14600,CF311C14600,1510.0,0.0,0.0,0.0,10,743.0,2289.0,10,1510.0,0.0,0.0,0.0,0.0,0.0,0
2023-05-11 09:03:41,CF311C14600,CF311C14600,1510.0,0.0,0.0,0.0,1,746.0,2286.0,1,1510.0,0.0,0.0,0.0,0.0,0.0,0
2023-05-11 09:03:42,CF311C14600,CF311C14600,1510.0,0.0,0.0,0.0,10,747.0,2285.0,10,1510.0,0.0,0.0,0.0,0.0,0.0,0
2023-05-11 09:03:42,CF311C14600,CF311C14600,1510.0,0.0,0.0,0.0,1,750.0,2282.0,1,1510.0,0.0,0.0,0.0,0.0,0.0,0
2023-05-11 09:03:43,CF311C14600,CF311C14600,1510.0,0.0,0.0,0.0,10,751.0,2281.0,10,1510.0,0.0,0.0,0.0,0.0,0.0,0
2023-05-11 09:03:43,CF311C14600,CF311C14600,1510.0,0.0,0.0,0.0,1,754.0,2278.0,1,1510.0,0.0,0.0,0.0,0.0,0.0,0
2023-05-11 09:03:44,CF311C14600,CF311C14600,1510.0,0.0,0.0,0.0,10,755.0,2277.0,10,1510.0,0.0,0.0,0.0,0.0,0.0,0
2023-05-11 09:03:47,CF311C14600,CF311C14600,1510.0,0.0,0.0,0.0,1,758.0,2274.0,1,1510.0,0.0,0.0,0.0,0.0,0.0,0
2023-05-11 09:03:47,CF311C14600,CF311C14600,1510.0,0.0,0.0,0.0,10,759.0,2273.0,10,1510.0,0.0,0.0,0.0,0.0,0.0,0
2023-05-11 09:03:47,CF311C14600,CF311C14600,1510.0,0.0,0.0,0.0,1,762.0,2270.0,1,1510.0,0.0,0.0,0.0,0.0,0.0,0
2023-05-11 09:03:48,CF311C14600,CF311C14600,1510.0,0.0,0.0,0.0,10,763.0,2269.0,10,1510.0,0.0,0.0,0.0,0.0,0.0,0
2023-05-11 09:03:48,CF311C14600,CF311C14600,1510.0,0.0,0.0,0.0,1,766.0,2266.0,1,1510.0,0.0,0.0,0.0,0.0,0.0,0
2023-05-11 09:03:49,CF311C14600,CF311C14600,1510.0,0.0,0.0,0.0,10,767.0,2265.0,10,1510.0,0.0,0.0,0.0,0.0,0.0,0
2023-05-11 09:03:49,CF311C14600,CF311C14600,1510.0,0.0,0.0,0.0,1,770.0,2262.0,1,1510.0,0.0,0.0,0.0,0.0,0.0,0
2023-05-11 09:03:50,CF311C14600,CF311C14600,1510.0,0.0,0.0,0.0,10,771.0,2261.0,10,1510.0,0.0,0.0,0.0,0.0,0.0,0
2023-05-11 09:03:50,CF311C14600,CF311C14600,1510.0,0.0,0.0,0.0,1,774.0,2258.0,1,1510.0,0.0,0.0,0.0,0.0,0.0,0
2023-05-11 09:03:51,CF311C14600,CF311C14600,1510.0,0.0,0.0,0.0,10,775.0,2257.0,10,1510.0,0.0,0.0,0.0,0.0,0.0,0
2023-05-11 09:03:53,CF311C14600,CF311C14600,1510.0,0.0,0.0,0.0,1,778.0,2254.0,1,1510.0,0.0,0.0,0.0,0.0,0.0,0
2023-05-11 09:03:54,CF311C14600,CF311C14600,1510.0,0.0,0.0,0.0,10,779.0,2253.0,10,1510.0,0.0,0.0,0.0,0.0,0.0,0
2023-05-11 09:03:54,CF311C14600,CF311C14600,1510.0,0.0,0.0,0.0,1,782.0,2250.0,1,1510.0,0.0,0.0,0.0,0.0,0.0,0
2023-05-11 09:03:55,CF311C14600,CF311C14600,1510.0,0.0,0.0,0.0,10,783.0,2249.0,10,1510.0,0.0,0.0,0.0,0.0,0.0,0
2023-05-11 09:03:55,CF311C14600,CF311C14600,1510.0,0.0,0.0,0.0,1,786.0,2246.0,1,1510.0,0.0,0.0,0.0,0.0,0.0,0
2023-05-11 09:03:56,CF311C14600,CF311C14600,1510.0,0.0,0.0,0.0,10,787.0,2245.0,10,1510.0,0.0,0.0,0.0,0.0,0.0,0
2023-05-11 09:03:58,CF311C14600,CF311C14600,1510.0,0.0,0.0,0.0,1,790.0,2242.0,1,1510.0,0.0,0.0,0.0,0.0,0.0,0
2023-05-11 09:03:59,CF311C14600,CF311C14600,1510.0,0.0,0.0,0.0,10,791.0,2241.0,10,1510.0,0.0,0.0,0.0,0.0,0.0,0
2023-05-11 09:03:59,CF311C14600,CF311C14600,1510.0,0.0,0.0,0.0,1,794.0,2238.0,1,1510.0,0.0,0.0,0.0,0.0,0.0,0
2023-05-11 09:04:00,CF311C14600,CF311C14600,1510.0,0.0,0.0,0.0,10,795.0,2237.0,10,1510.0,0.0,0.0,0.0,0.0,0.0,0
2023-05-11 09:04:01,CF311C14600,CF311C14600,1510.0,0.0,0.0,0.0,1,798.0,2237.0,10,1510.0,0.0,0.0,0.0,0.0,0.0,0
2023-05-11 09:04:02,CF311C14600,CF311C14600,1510.0,0.0,0.0,0.0,10,799.0,2234.0,1,1510.0,0.0,0.0,0.0,0.0,0.0,0
2023-05-11 09:04:03,CF311C14600,CF311C14600,1510.0,0.0,0.0,0.0,1,802.0,2233.0,10,1510.0,0.0,0.0,0.0,0.0,0.0,0
2023-05-11 09:04:03,CF311C14600,CF311C14600,1510.0,0.0,0.0,0.0,10,803.0,2233.0,10,1510.0,0.0,0.0,0.0,0.0,0.0,0
2023-05-11 09:04:04,CF311C14600,CF311C14600,1510.0,0.0,0.0,0.0,1,806.0,2230.0,1,1510.0,0.0,0.0,0.0,0.0,0.0,0
2023-05-11 09:04:04,CF311C14600,CF311C14600,1510.0,0.0,0.0,0.0,10,807.0,2229.0,10,1510.0,0.0,0.0,0.0,0.0,0.0,0
2023-05-11 09:04:05,CF311C14600,CF311C14600,1510.0,0.0,0.0,0.0,1,810.0,2226.0,1,1510.0,0.0,0.0,0.0,0.0,0.0,0
2023-05-11 09:04:05,CF311C14600,CF311C14600,1510.0,0.0,0.0,0.0,10,811.0,2225.0,10,1510.0,0.0,0.0,0.0,0.0,0.0,0
2023-05-11 09:04:05,CF311C14600,CF311C14600,1510.0,0.0,0.0,0.0,1,814.0,2222.0,1,1510.0,0.0,0.0,0.0,0.0,0.0,0
2023-05-11 09:04:06,CF311C14600,CF311C14600,1510.0,0.0,0.0,0.0,10,815.0,2221.0,10,1510.0,0.0,0.0,0.0,0.0,0.0,0
2023-05-11 09:04:07,CF311C14600,CF311C14600,1510.0,0.0,0.0,0.0,1,818.0,2218.0,1,1510.0,0.0,0.0,0.0,0.0,0.0,0
2023-05-11 09:04:07,CF311C14600,CF311C14600,1510.0,0.0,0.0,0.0,10,819.0,2217.0,10,1510.0,0.0,0.0,0.0,0.0,0.0,0
2023-05-11 09:04:07,CF311C14600,CF311C14600,1510.0,0.0,0.0,0.0,1,822.0,2214.0,1,1510.0,0.0,0.0,0.0,0.0,0.0,0
2023-05-11 09:04:08,CF311C14600,CF311C14600,1510.0,0.0,0.0,0.0,10,823.0,2213.0,10,1510.0,0.0,0.0,0.0,0.0,0.0,0
2023-05-11 09:04:08,CF311C14600,CF311C14600,1510.0,0.0,0.0,0.0,1,826.0,2210.0,1,1510.0,0.0,0.0,0.0,0.0,0.0,0
2023-05-11 09:04:09,CF311C14600,CF311C14600,1510.0,0.0,0.0,0.0,10,827.0,2209.0,10,1510.0,0.0,0.0,0.0,0.0,0.0,0
2023-05-11 09:04:09,CF311C14600,CF311C14600,1510.0,0.0,0.0,0.0,1,830.0,2206.0,1,1510.0,0.0,0.0,0.0,0.0,0.0,0
2023-05-11 09:04:10,CF311C14600,CF311C14600,1510.0,0.0,0.0,0.0,10,831.0,2205.0,10,1510.0,0.0,0.0,0.0,0.0,0.0,0
2023-05-11 09:04:10,CF311C14600,CF311C14600,1510.0,0.0,0.0,0.0,1,834.0,2202.0,1,1510.0,0.0,0.0,0.0,0.0,0.0,0
2023-05-11 09:04:11,CF311C14600,CF311C14600,1510.0,0.0,0.0,0.0,10,835.0,2201.0,10,1510.0,0.0,0.0,0.0,0.0,0.0,0
2023-05-11 09:04:11,CF311C14600,CF311C14600,1510.0,0.0,0.0,0.0,1,838.0,2198.0,1,1510.0,0.0,0.0,0.0,0.0,0.0,0
2023-05-11 09:04:12,CF311C14600,CF311C14600,1510.0,0.0,0.0,0.0,10,839.0,2197.0,10,1510.0,0.0,0.0,0.0,0.0,0.0,0
2023-05-11 09:04:15,CF311C14600,CF311C14600,1510.0,0.0,0.0,0.0,1,842.0,2194.0,1,1510.0,0.0,0.0,0.0,0.0,0.0,0
2023-05-11 09:04:16,CF311C14600,CF311C14600,1510.0,0.0,0.0,0.0,10,843.0,2193.0,10,1510.0,0.0,0.0,0.0,0.0,0.0,0
2023-05-11 09:04:16,CF311C14600,CF311C14600,1510.0,0.0,0.0,0.0,1,846.0,2190.0,1,1510.0,0.0,0.0,0.0,0.0,0.0,0
2023-05-11 09:04:17,CF311C14600,CF311C14600,1510.0,0.0,0.0,0.0,10,847.0,2189.0,10,1510.0,0.0,0.0,0.0,0.0,0.0,0
2023-05-11 09:04:17,CF311C14600,CF311C14600,1510.0,0.0,0.0,0.0,10,847.0,2186.0,1,1510.0,0.0,0.0,0.0,0.0,0.0,0
2023-05-11 09:04:18,CF311C14600,CF311C14600,1510.0,0.0,0.0,0.0,10,847.0,2185.0,10,1510.0,0.0,0.0,0.0,0.0,0.0,0
2023-05-11 09:04:18,CF311C14600,CF311C14600,1510.0,0.0,0.0,0.0,1,850.0,2182.0,1,1510.0,0.0,0.0,0.0,0.0,0.0,0
2023-05-11 09:04:19,CF311C14600,CF311C14600,1510.0,0.0,0.0,0.0,10,851.0,2181.0,10,1510.0,0.0,0.0,0.0,0.0,0.0,0
2023-05-11 09:04:19,CF311C14600,CF311C14600,1510.0,0.0,0.0,0.0,1,854.0,2178.0,1,1510.0,0.0,0.0,0.0,0.0,0.0,0
2023-05-11 09:04:20,CF311C14600,CF311C14600,1510.0,0.0,0.0,0.0,10,855.0,2177.0,10,1510.0,0.0,0.0,0.0,0.0,0.0,0
2023-05-11 09:04:21,CF311C14600,CF311C14600,1510.0,0.0,0.0,0.0,1,858.0,2174.0,1,1510.0,0.0,0.0,0.0,0.0,0.0,0
2023-05-11 09:04:22,CF311C14600,CF311C14600,1510.0,0.0,0.0,0.0,10,859.0,2173.0,10,1510.0,0.0,0.0,0.0,0.0,0.0,0
2023-05-11 09:04:23,CF311C14600,CF311C14600,1510.0,0.0,0.0,0.0,1,862.0,2170.0,1,1510.0,0.0,0.0,0.0,0.0,0.0,0
2023-05-11 09:04:23,CF311C14600,CF311C14600,1510.0,0.0,0.0,0.0,10,863.0,2169.0,10,1510.0,0.0,0.0,0.0,0.0,0.0,0
2023-05-11 09:04:26,CF311C14600,CF311C14600,1510.0,0.0,0.0,0.0,1,866.0,2166.0,1,1510.0,0.0,0.0,0.0,0.0,0.0,0
2023-05-11 09:04:26,CF311C14600,CF311C14600,1510.0,0.0,0.0,0.0,10,867.0,2165.0,10,1510.0,0.0,0.0,0.0,0.0,0.0,0
2023-05-11 09:04:26,CF311C14600,CF311C14600,1510.0,0.0,0.0,0.0,1,870.0,2162.0,1,1510.0,0.0,0.0,0.0,0.0,0.0,0
2023-05-11 09:04:27,CF311C14600,CF311C14600,1510.0,0.0,0.0,0.0,10,871.0,2161.0,10,1510.0,0.0,0.0,0.0,0.0,0.0,0
2023-05-11 09:04:28,CF311C14600,CF311C14600,1510.0,0.0,0.0,0.0,1,874.0,2158.0,1,1510.0,0.0,0.0,0.0,0.0,0.0,0
2023-05-11 09:04:28,CF311C14600,CF311C14600,1510.0,0.0,0.0,0.0,10,875.0,2157.0,10,1510.0,0.0,0.0,0.0,0.0,0.0,0
2023-05-11 09:04:28,CF311C14600,CF311C14600,1510.0,0.0,0.0,0.0,1,878.0,2154.0,1,1510.0,0.0,0.0,0.0,0.0,0.0,0
2023-05-11 09:04:29,CF311C14600,CF311C14600,1510.0,0.0,0.0,0.0,10,879.0,2153.0,10,1510.0,0.0,0.0,0.0,0.0,0.0,0
2023-05-11 09:04:30,CF311C14600,CF311C14600,1510.0,0.0,0.0,0.0,1,882.0,2150.0,1,1510.0,0.0,0.0,0.0,0.0,0.0,0
2023-05-11 09:04:31,CF311C14600,CF311C14600,1510.0,0.0,0.0,0.0,10,883.0,2149.0,10,1510.0,0.0,0.0,0.0,0.0,0.0,0
2023-05-11 09:04:31,CF311C14600,CF311C14600,1510.0,0.0,0.0,0.0,1,886.0,2146.0,1,1510.0,0.0,0.0,0.0,0.0,0.0,0
2023-05-11 09:04:32,CF311C14600,CF311C14600,1510.0,0.0,0.0,0.0,10,887.0,2145.0,10,1510.0,0.0,0.0,0.0,0.0,0.0,0
2023-05-11 09:04:32,CF311C14600,CF311C14600,1510.0,0.0,0.0,0.0,1,890.0,2142.0,1,1510.0,0.0,0.0,0.0,0.0,0.0,0
2023-05-11 09:04:33,CF311C14600,CF311C14600,1510.0,0.0,0.0,0.0,10,891.0,2141.0,10,1510.0,0.0,0.0,0.0,0.0,0.0,0
2023-05-11 09:04:33,CF311C14600,CF311C14600,1510.0,0.0,0.0,0.0,1,894.0,2138.0,1,1510.0,0.0,0.0,0.0,0.0,0.0,0
2023-05-11 09:04:34,CF311C14600,CF311C14600,1510.0,0.0,0.0,0.0,10,895.0,2137.0,10,1510.0,0.0,0.0,0.0,0.0,0.0,0
2023-05-11 09:04:35,CF311C14600,CF311C14600,1510.0,0.0,0.0,0.0,1,898.0,2137.0,10,1510.0,0.0,0.0,0.0,0.0,0.0,0
2023-05-11 09:04:36,CF311C14600,CF311C14600,1510.0,0.0,0.0,0.0,10,899.0,2134.0,1,1510.0,0.0,0.0,0.0,0.0,0.0,0
2023-05-11 09:04:36,CF311C14600,CF311C14600,1510.0,0.0,0.0,0.0,10,899.0,2133.0,10,1510.0,0.0,0.0,0.0,0.0,0.0,0
2023-05-11 09:04:36,CF311C14600,CF311C14600,1510.0,0.0,0.0,0.0,10,899.0,2134.0,1,1510.0,0.0,0.0,0.0,0.0,0.0,0
2023-05-11 09:04:36,CF311C14600,CF311C14600,1510.0,0.0,0.0,0.0,10,899.0,2133.0,10,1510.0,0.0,0.0,0.0,0.0,0.0,0
2023-05-11 09:15:55,CF311C14600,CF311C14600,1510.0,0.0,0.0,0.0,1,902.0,2130.0,1,1510.0,0.0,0.0,0.0,0.0,0.0,0
2023-05-11 09:15:55,CF311C14600,CF311C14600,1510.0,0.0,0.0,0.0,10,903.0,2129.0,10,1510.0,0.0,0.0,0.0,0.0,0.0,0
2023-05-11 09:15:56,CF311C14600,CF311C14600,1510.0,0.0,0.0,0.0,1,906.0,2126.0,1,1510.0,0.0,0.0,0.0,0.0,0.0,0
2023-05-11 09:15:56,CF311C14600,CF311C14600,1510.0,0.0,0.0,0.0,10,907.0,2125.0,10,1510.0,0.0,0.0,0.0,0.0,0.0,0
2023-05-11 09:15:57,CF311C14600,CF311C14600,1510.0,0.0,0.0,0.0,1,910.0,2122.0,1,1510.0,0.0,0.0,0.0,0.0,0.0,0
2023-05-11 09:15:57,CF311C14600,CF311C14600,1510.0,0.0,0.0,0.0,10,911.0,2121.0,10,1510.0,0.0,0.0,0.0,0.0,0.0,0
2023-05-11 09:15:58,CF311C14600,CF311C14600,1510.0,0.0,0.0,0.0,1,914.0,2118.0,1,1510.0,0.0,0.0,0.0,0.0,0.0,0
2023-05-11 09:15:58,CF311C14600,CF311C14600,1510.0,0.0,0.0,0.0,10,915.0,2117.0,10,1510.0,0.0,0.0,0.0,0.0,0.0,0
2023-05-11 09:15:59,CF311C14600,CF311C14600,1510.0,0.0,0.0,0.0,1,918.0,2114.0,1,1510.0,0.0,0.0,0.0,0.0,0.0,0
2023-05-11 09:15:59,CF311C14600,CF311C14600,1510.0,0.0,0.0,0.0,10,919.0,2113.0,10,1510.0,0.0,0.0,0.0,0.0,0.0,0
2023-05-11 09:16:00,CF311C14600,CF311C14600,1510.0,0.0,0.0,0.0,1,922.0,2110.0,1,1510.0,0.0,0.0,0.0,0.0,0.0,0
2023-05-11 09:16:00,CF311C14600,CF311C14600,1510.0,0.0,0.0,0.0,10,923.0,2109.0,10,1510.0,0.0,0.0,0.0,0.0,0.0,0
2023-05-11 09:16:00,CF311C14600,CF311C14600,1510.0,0.0,0.0,0.0,1,922.0,2110.0,1,1510.0,0.0,0.0,0.0,0.0,0.0,0
2023-05-11 09:16:00,CF311C14600,CF311C14600,1510.0,0.0,0.0,0.0,10,923.0,2109.0,10,1510.0,0.0,0.0,0.0,0.0,0.0,0
2023-05-11 09:35:55,CF311C14600,CF311C14600,1510.0,0.0,0.0,0.0,1,926.0,2106.0,1,1510.0,0.0,0.0,0.0,0.0,0.0,0
2023-05-11 09:35:55,CF311C14600,CF311C14600,1510.0,0.0,0.0,0.0,10,927.0,2105.0,10,1510.0,0.0,0.0,0.0,0.0,0.0,0
2023-05-11 09:35:56,CF311C14600,CF311C14600,1510.0,0.0,0.0,0.0,1,930.0,2102.0,1,1510.0,0.0,0.0,0.0,0.0,0.0,0
2023-05-11 09:35:56,CF311C14600,CF311C14600,1510.0,0.0,0.0,0.0,10,931.0,2101.0,10,1510.0,0.0,0.0,0.0,0.0,0.0,0
2023-05-11 09:35:57,CF311C14600,CF311C14600,1510.0,0.0,0.0,0.0,1,934.0,2098.0,1,1510.0,0.0,0.0,0.0,0.0,0.0,0
2023-05-11 09:35:57,CF311C14600,CF311C14600,1510.0,0.0,0.0,0.0,10,935.0,2097.0,10,1510.0,0.0,0.0,0.0,0.0,0.0,0
2023-05-11 09:35:58,CF311C14600,CF311C14600,1510.0,0.0,0.0,0.0,1,938.0,2094.0,1,1510.0,0.0,0.0,0.0,0.0,0.0,0
2023-05-11 09:35:58,CF311C14600,CF311C14600,1510.0,0.0,0.0,0.0,10,939.0,2093.0,10,1510.0,0.0,0.0,0.0,0.0,0.0,0
2023-05-11 09:35:59,CF311C14600,CF311C14600,1510.0,0.0,0.0,0.0,1,942.0,2090.0,1,1510.0,0.0,0.0,0.0,0.0,0.0,0
2023-05-11 09:35:59,CF311C14600,CF311C14600,1510.0,0.0,0.0,0.0,10,943.0,2089.0,10,1510.0,0.0,0.0,0.0,0.0,0.0,0
2023-05-11 09:47:12,CF311C14600,CF311C14600,1510.0,0.0,0.0,0.0,3,1423.0,1506.0,3,1510.0,0.0,0.0,0.0,0.0,0.0,0
2023-05-11 09:47:13,CF311C14600,CF311C14600,1510.0,0.0,0.0,0.0,10,1424.0,1505.0,10,1510.0,0.0,0.0,0.0,0.0,0.0,0
2023-05-11 09:47:15,CF311C14600,CF311C14600,1510.0,0.0,0.0,0.0,13,1424.0,1505.0,13,1510.0,0.0,0.0,0.0,0.0,0.0,0
2023-05-11 09:47:15,CF311C14600,CF311C14600,1510.0,0.0,0.0,0.0,16,1424.0,1505.0,16,1510.0,0.0,0.0,0.0,0.0,0.0,0
2023-05-11 09:47:18,CF311C14600,CF311C14600,1510.0,0.0,0.0,0.0,19,1424.0,1505.0,19,1510.0,0.0,0.0,0.0,0.0,0.0,0
2023-05-11 09:47:20,CF311C14600,CF311C14600,1510.0,0.0,0.0,0.0,22,1424.0,1496.0,3,1510.0,0.0,0.0,0.0,0.0,0.0,0
2023-05-11 09:47:21,CF311C14600,CF311C14600,1510.0,0.0,0.0,0.0,22,1424.0,1496.0,6,1510.0,0.0,0.0,0.0,0.0,0.0,0
2023-05-11 09:47:21,CF311C14600,CF311C14600,1510.0,0.0,0.0,0.0,25,1424.0,1496.0,9,1510.0,0.0,0.0,0.0,0.0,0.0,0
2023-05-11 09:47:22,CF311C14600,CF311C14600,1510.0,0.0,0.0,0.0,28,1424.0,1496.0,9,1510.0,0.0,0.0,0.0,0.0,0.0,0
2023-05-11 09:47:24,CF311C14600,CF311C14600,1510.0,0.0,0.0,0.0,31,1424.0,1496.0,12,1510.0,0.0,0.0,0.0,0.0,0.0,0
2023-05-11 09:47:26,CF311C14600,CF311C14600,1510.0,0.0,0.0,0.0,34,1424.0,1496.0,15,1510.0,0.0,0.0,0.0,0.0,0.0,0
2023-05-11 09:47:30,CF311C14600,CF311C14600,1510.0,0.0,0.0,0.0,31,1424.0,1496.0,15,1510.0,0.0,0.0,0.0,0.0,0.0,0
2023-05-11 09:47:31,CF311C14600,CF311C14600,1510.0,0.0,0.0,0.0,28,1424.0,1496.0,12,1510.0,0.0,0.0,0.0,0.0,0.0,0
2023-05-11 09:47:32,CF311C14600,CF311C14600,1510.0,0.0,0.0,0.0,25,1424.0,1496.0,9,1510.0,0.0,0.0,0.0,0.0,0.0,0
2023-05-11 09:47:33,CF311C14600,CF311C14600,1510.0,0.0,0.0,0.0,19,1424.0,1496.0,9,1510.0,0.0,0.0,0.0,0.0,0.0,0
2023-05-11 09:47:34,CF311C14600,CF311C14600,1510.0,0.0,0.0,0.0,13,1424.0,1496.0,3,1510.0,0.0,0.0,0.0,0.0,0.0,0
2023-05-11 09:47:36,CF311C14600,CF311C14600,1510.0,0.0,0.0,0.0,10,1424.0,0.0,0,1510.0,0.0,0.0,0.0,0.0,0.0,0
2023-05-11 09:47:37,CF311C14600,CF311C14600,1510.0,0.0,0.0,0.0,10,1424.0,2461.0,10,1510.0,0.0,0.0,0.0,0.0,0.0,0
2023-05-11 09:47:39,CF311C14600,CF311C14600,1510.0,0.0,0.0,0.0,10,1424.0,2458.0,1,1510.0,0.0,0.0,0.0,0.0,0.0,0
2023-05-11 09:47:39,CF311C14600,CF311C14600,1510.0,0.0,0.0,0.0,10,1424.0,2457.0,10,1510.0,0.0,0.0,0.0,0.0,0.0,0
2023-05-11 09:47:40,CF311C14600,CF311C14600,1510.0,0.0,0.0,0.0,10,1424.0,2454.0,1,1510.0,0.0,0.0,0.0,0.0,0.0,0
2023-05-11 09:47:40,CF311C14600,CF311C14600,1510.0,0.0,0.0,0.0,10,1424.0,2453.0,10,1510.0,0.0,0.0,0.0,0.0,0.0,0
2023-05-11 09:47:40,CF311C14600,CF311C14600,1510.0,0.0,0.0,0.0,10,1424.0,2450.0,1,1510.0,0.0,0.0,0.0,0.0,0.0,0
2023-05-11 09:47:41,CF311C14600,CF311C14600,1510.0,0.0,0.0,0.0,10,1424.0,2449.0,10,1510.0,0.0,0.0,0.0,0.0,0.0,0
2023-05-11 09:47:42,CF311C14600,CF311C14600,1510.0,0.0,0.0,0.0,10,1424.0,2446.0,1,1510.0,0.0,0.0,0.0,0.0,0.0,0
2023-05-11 09:47:42,CF311C14600,CF311C14600,1510.0,0.0,0.0,0.0,10,1424.0,2445.0,10,1510.0,0.0,0.0,0.0,0.0,0.0,0
2023-05-11 09:47:43,CF311C14600,CF311C14600,1510.0,0.0,0.0,0.0,10,1424.0,2442.0,1,1510.0,0.0,0.0,0.0,0.0,0.0,0
2023-05-11 09:47:43,CF311C14600,CF311C14600,1510.0,0.0,0.0,0.0,10,1424.0,2441.0,10,1510.0,0.0,0.0,0.0,0.0,0.0,0
2023-05-11 09:47:44,CF311C14600,CF311C14600,1510.0,0.0,0.0,0.0,10,1424.0,2438.0,1,1510.0,0.0,0.0,0.0,0.0,0.0,0
2023-05-11 09:47:45,CF311C14600,CF311C14600,1510.0,0.0,0.0,0.0,10,1424.0,2437.0,10,1510.0,0.0,0.0,0.0,0.0,0.0,0
2023-05-11 09:47:46,CF311C14600,CF311C14600,1510.0,0.0,0.0,0.0,10,1424.0,2434.0,1,1510.0,0.0,0.0,0.0,0.0,0.0,0
2023-05-11 09:47:46,CF311C14600,CF311C14600,1510.0,0.0,0.0,0.0,10,1424.0,2433.0,10,1510.0,0.0,0.0,0.0,0.0,0.0,0
2023-05-11 09:48:09,CF311C14600,CF311C14600,1510.0,0.0,0.0,0.0,0,0.0,2433.0,10,1510.0,0.0,0.0,0.0,0.0,0.0,0
2023-05-11 10:05:55,CF311C14600,CF311C14600,1510.0,0.0,0.0,0.0,1,558.0,2433.0,10,1510.0,0.0,0.0,0.0,0.0,0.0,0
2023-05-11 10:05:55,CF311C14600,CF311C14600,1510.0,0.0,0.0,0.0,10,559.0,2430.0,1,1510.0,0.0,0.0,0.0,0.0,0.0,0
2023-05-11 10:05:55,CF311C14600,CF311C14600,1510.0,0.0,0.0,0.0,1,562.0,2429.0,10,1510.0,0.0,0.0,0.0,0.0,0.0,0
2023-05-11 10:05:56,CF311C14600,CF311C14600,1510.0,0.0,0.0,0.0,10,563.0,2426.0,1,1510.0,0.0,0.0,0.0,0.0,0.0,0
2023-05-11 10:05:56,CF311C14600,CF311C14600,1510.0,0.0,0.0,0.0,1,566.0,2425.0,10,1510.0,0.0,0.0,0.0,0.0,0.0,0
2023-05-11 10:05:57,CF311C14600,CF311C14600,1510.0,0.0,0.0,0.0,10,567.0,2422.0,1,1510.0,0.0,0.0,0.0,0.0,0.0,0
2023-05-11 10:05:57,CF311C14600,CF311C14600,1510.0,0.0,0.0,0.0,1,570.0,2421.0,10,1510.0,0.0,0.0,0.0,0.0,0.0,0
2023-05-11 10:05:58,CF311C14600,CF311C14600,1510.0,0.0,0.0,0.0,10,571.0,2418.0,1,1510.0,0.0,0.0,0.0,0.0,0.0,0
2023-05-11 10:05:58,CF311C14600,CF311C14600,1510.0,0.0,0.0,0.0,1,574.0,2417.0,10,1510.0,0.0,0.0,0.0,0.0,0.0,0
2023-05-11 10:05:59,CF311C14600,CF311C14600,1510.0,0.0,0.0,0.0,10,575.0,2414.0,1,1510.0,0.0,0.0,0.0,0.0,0.0,0
2023-05-11 10:05:59,CF311C14600,CF311C14600,1510.0,0.0,0.0,0.0,1,578.0,2413.0,10,1510.0,0.0,0.0,0.0,0.0,0.0,0
2023-05-11 10:06:00,CF311C14600,CF311C14600,1510.0,0.0,0.0,0.0,10,579.0,2413.0,10,1510.0,0.0,0.0,0.0,0.0,0.0,0
2023-05-11 10:14:33,CF311C14600,CF311C14600,1510.0,0.0,0.0,0.0,0,0.0,0.0,0,1510.0,0.0,0.0,0.0,0.0,0.0,0
