time,symbol_id,symbol_name,last,trade_volume,trade_amount,open_interest_change,bv1,bp1,ap1,av1,yesterday_close,today_open,today_high,today_low,volume,amount,open_interest
2023-05-10 19:12:58,CF311P16400,棉花2311沽16400,1072.0,0.0,0.0,0.0,0,0.0,0.0,0,1072.0,0.0,0.0,0.0,0.0,0.0,0
2023-05-10 21:00:21,CF311P16400,棉花2311沽16400,1072.0,0.0,0.0,0.0,1,276.0,0.0,0,1072.0,0.0,0.0,0.0,0.0,0.0,0
2023-05-10 21:00:21,CF311P16400,棉花2311沽16400,1072.0,0.0,0.0,0.0,10,277.0,0.0,0,1072.0,0.0,0.0,0.0,0.0,0.0,0
2023-05-10 21:00:21,CF311P16400,棉花2311沽16400,1072.0,0.0,0.0,0.0,1,276.0,0.0,0,1072.0,0.0,0.0,0.0,0.0,0.0,0
2023-05-10 21:00:21,CF311P16400,棉花2311沽16400,1072.0,0.0,0.0,0.0,10,277.0,0.0,0,1072.0,0.0,0.0,0.0,0.0,0.0,0
2023-05-10 21:01:45,CF311P16400,棉花2311沽16400,1072.0,0.0,0.0,0.0,1,285.0,0.0,0,1072.0,0.0,0.0,0.0,0.0,0.0,0
2023-05-10 21:01:46,CF311P16400,棉花2311沽16400,1072.0,0.0,0.0,0.0,10,286.0,0.0,0,1072.0,0.0,0.0,0.0,0.0,0.0,0
2023-05-10 21:01:49,CF311P16400,棉花2311沽16400,1072.0,0.0,0.0,0.0,1,289.0,2023.0,10,1072.0,0.0,0.0,0.0,0.0,0.0,0
2023-05-10 21:01:50,CF311P16400,棉花2311沽16400,1072.0,0.0,0.0,0.0,10,290.0,2023.0,10,1072.0,0.0,0.0,0.0,0.0,0.0,0
2023-05-10 21:01:51,CF311P16400,棉花2311沽16400,1072.0,0.0,0.0,0.0,1,293.0,2020.0,1,1072.0,0.0,0.0,0.0,0.0,0.0,0
2023-05-10 21:01:52,CF311P16400,棉花2311沽16400,1072.0,0.0,0.0,0.0,10,294.0,2019.0,10,1072.0,0.0,0.0,0.0,0.0,0.0,0
2023-05-10 21:01:55,CF311P16400,棉花2311沽16400,1072.0,0.0,0.0,0.0,1,297.0,2016.0,1,1072.0,0.0,0.0,0.0,0.0,0.0,0
2023-05-10 21:01:56,CF311P16400,棉花2311沽16400,1072.0,0.0,0.0,0.0,10,298.0,2015.0,10,1072.0,0.0,0.0,0.0,0.0,0.0,0
2023-05-10 21:01:58,CF311P16400,棉花2311沽16400,1072.0,0.0,0.0,0.0,1,301.0,2012.0,1,1072.0,0.0,0.0,0.0,0.0,0.0,0
2023-05-10 21:01:59,CF311P16400,棉花2311沽16400,1072.0,0.0,0.0,0.0,10,302.0,2011.0,10,1072.0,0.0,0.0,0.0,0.0,0.0,0
2023-05-10 21:02:00,CF311P16400,棉花2311沽16400,1072.0,0.0,0.0,0.0,1,305.0,2008.0,1,1072.0,0.0,0.0,0.0,0.0,0.0,0
2023-05-10 21:02:01,CF311P16400,棉花2311沽16400,1072.0,0.0,0.0,0.0,10,306.0,2007.0,10,1072.0,0.0,0.0,0.0,0.0,0.0,0
2023-05-10 21:02:07,CF311P16400,棉花2311沽16400,1072.0,0.0,0.0,0.0,1,309.0,2004.0,1,1072.0,0.0,0.0,0.0,0.0,0.0,0
2023-05-10 21:02:08,CF311P16400,棉花2311沽16400,1072.0,0.0,0.0,0.0,10,310.0,2003.0,10,1072.0,0.0,0.0,0.0,0.0,0.0,0
2023-05-10 21:02:13,CF311P16400,棉花2311沽16400,1072.0,0.0,0.0,0.0,1,313.0,2000.0,1,1072.0,0.0,0.0,0.0,0.0,0.0,0
2023-05-10 21:02:14,CF311P16400,棉花2311沽16400,1072.0,0.0,0.0,0.0,10,314.0,1999.0,10,1072.0,0.0,0.0,0.0,0.0,0.0,0
2023-05-10 21:02:18,CF311P16400,棉花2311沽16400,1072.0,0.0,0.0,0.0,1,317.0,1996.0,1,1072.0,0.0,0.0,0.0,0.0,0.0,0
2023-05-10 21:02:19,CF311P16400,棉花2311沽16400,1072.0,0.0,0.0,0.0,10,318.0,1995.0,10,1072.0,0.0,0.0,0.0,0.0,0.0,0
2023-05-10 21:02:22,CF311P16400,棉花2311沽16400,1072.0,0.0,0.0,0.0,1,321.0,1992.0,1,1072.0,0.0,0.0,0.0,0.0,0.0,0
2023-05-10 21:02:23,CF311P16400,棉花2311沽16400,1072.0,0.0,0.0,0.0,10,322.0,1991.0,10,1072.0,0.0,0.0,0.0,0.0,0.0,0
2023-05-10 21:02:24,CF311P16400,棉花2311沽16400,1072.0,0.0,0.0,0.0,1,325.0,1991.0,10,1072.0,0.0,0.0,0.0,0.0,0.0,0
2023-05-10 21:02:25,CF311P16400,棉花2311沽16400,1072.0,0.0,0.0,0.0,10,326.0,1991.0,10,1072.0,0.0,0.0,0.0,0.0,0.0,0
2023-05-10 21:02:26,CF311P16400,棉花2311沽16400,1072.0,0.0,0.0,0.0,1,329.0,1988.0,1,1072.0,0.0,0.0,0.0,0.0,0.0,0
2023-05-10 21:02:27,CF311P16400,棉花2311沽16400,1072.0,0.0,0.0,0.0,10,330.0,1987.0,10,1072.0,0.0,0.0,0.0,0.0,0.0,0
2023-05-10 21:02:31,CF311P16400,棉花2311沽16400,1072.0,0.0,0.0,0.0,1,333.0,1984.0,1,1072.0,0.0,0.0,0.0,0.0,0.0,0
2023-05-10 21:02:32,CF311P16400,棉花2311沽16400,1072.0,0.0,0.0,0.0,10,334.0,1983.0,10,1072.0,0.0,0.0,0.0,0.0,0.0,0
2023-05-10 21:02:33,CF311P16400,棉花2311沽16400,1072.0,0.0,0.0,0.0,1,337.0,1980.0,1,1072.0,0.0,0.0,0.0,0.0,0.0,0
2023-05-10 21:02:34,CF311P16400,棉花2311沽16400,1072.0,0.0,0.0,0.0,10,338.0,1979.0,10,1072.0,0.0,0.0,0.0,0.0,0.0,0
2023-05-10 21:02:37,CF311P16400,棉花2311沽16400,1072.0,0.0,0.0,0.0,1,341.0,1976.0,1,1072.0,0.0,0.0,0.0,0.0,0.0,0
2023-05-10 21:02:38,CF311P16400,棉花2311沽16400,1072.0,0.0,0.0,0.0,10,342.0,1975.0,10,1072.0,0.0,0.0,0.0,0.0,0.0,0
2023-05-10 21:02:42,CF311P16400,棉花2311沽16400,1072.0,0.0,0.0,0.0,1,345.0,1972.0,1,1072.0,0.0,0.0,0.0,0.0,0.0,0
2023-05-10 21:02:43,CF311P16400,棉花2311沽16400,1072.0,0.0,0.0,0.0,10,346.0,1971.0,10,1072.0,0.0,0.0,0.0,0.0,0.0,0
2023-05-10 21:02:44,CF311P16400,棉花2311沽16400,1072.0,0.0,0.0,0.0,1,349.0,1968.0,1,1072.0,0.0,0.0,0.0,0.0,0.0,0
2023-05-10 21:02:45,CF311P16400,棉花2311沽16400,1072.0,0.0,0.0,0.0,10,350.0,1967.0,10,1072.0,0.0,0.0,0.0,0.0,0.0,0
2023-05-10 21:02:47,CF311P16400,棉花2311沽16400,1072.0,0.0,0.0,0.0,1,353.0,1964.0,1,1072.0,0.0,0.0,0.0,0.0,0.0,0
2023-05-10 21:02:48,CF311P16400,棉花2311沽16400,1072.0,0.0,0.0,0.0,10,354.0,1963.0,10,1072.0,0.0,0.0,0.0,0.0,0.0,0
2023-05-10 21:02:52,CF311P16400,棉花2311沽16400,1072.0,0.0,0.0,0.0,1,357.0,1960.0,1,1072.0,0.0,0.0,0.0,0.0,0.0,0
2023-05-10 21:02:53,CF311P16400,棉花2311沽16400,1072.0,0.0,0.0,0.0,10,358.0,1959.0,10,1072.0,0.0,0.0,0.0,0.0,0.0,0
2023-05-10 21:02:54,CF311P16400,棉花2311沽16400,1072.0,0.0,0.0,0.0,1,361.0,1956.0,1,1072.0,0.0,0.0,0.0,0.0,0.0,0
2023-05-10 21:02:55,CF311P16400,棉花2311沽16400,1072.0,0.0,0.0,0.0,10,362.0,1955.0,10,1072.0,0.0,0.0,0.0,0.0,0.0,0
2023-05-10 21:02:56,CF311P16400,棉花2311沽16400,1072.0,0.0,0.0,0.0,1,365.0,1955.0,10,1072.0,0.0,0.0,0.0,0.0,0.0,0
2023-05-10 21:02:57,CF311P16400,棉花2311沽16400,1072.0,0.0,0.0,0.0,10,366.0,1955.0,10,1072.0,0.0,0.0,0.0,0.0,0.0,0
2023-05-10 21:02:58,CF311P16400,棉花2311沽16400,1072.0,0.0,0.0,0.0,1,369.0,1952.0,1,1072.0,0.0,0.0,0.0,0.0,0.0,0
2023-05-10 21:02:59,CF311P16400,棉花2311沽16400,1072.0,0.0,0.0,0.0,10,370.0,1951.0,10,1072.0,0.0,0.0,0.0,0.0,0.0,0
2023-05-10 21:02:59,CF311P16400,棉花2311沽16400,1072.0,0.0,0.0,0.0,1,373.0,1948.0,1,1072.0,0.0,0.0,0.0,0.0,0.0,0
2023-05-10 21:03:00,CF311P16400,棉花2311沽16400,1072.0,0.0,0.0,0.0,10,374.0,1947.0,10,1072.0,0.0,0.0,0.0,0.0,0.0,0
2023-05-10 21:03:02,CF311P16400,棉花2311沽16400,1072.0,0.0,0.0,0.0,1,377.0,1944.0,1,1072.0,0.0,0.0,0.0,0.0,0.0,0
2023-05-10 21:03:03,CF311P16400,棉花2311沽16400,1072.0,0.0,0.0,0.0,10,378.0,1943.0,10,1072.0,0.0,0.0,0.0,0.0,0.0,0
2023-05-10 21:03:06,CF311P16400,棉花2311沽16400,1072.0,0.0,0.0,0.0,1,381.0,1940.0,1,1072.0,0.0,0.0,0.0,0.0,0.0,0
2023-05-10 21:03:07,CF311P16400,棉花2311沽16400,1072.0,0.0,0.0,0.0,10,382.0,1939.0,10,1072.0,0.0,0.0,0.0,0.0,0.0,0
2023-05-10 21:03:09,CF311P16400,棉花2311沽16400,1072.0,0.0,0.0,0.0,1,385.0,1936.0,1,1072.0,0.0,0.0,0.0,0.0,0.0,0
2023-05-10 21:03:10,CF311P16400,棉花2311沽16400,1072.0,0.0,0.0,0.0,10,386.0,1935.0,10,1072.0,0.0,0.0,0.0,0.0,0.0,0
2023-05-10 21:03:11,CF311P16400,棉花2311沽16400,1072.0,0.0,0.0,0.0,1,389.0,1932.0,1,1072.0,0.0,0.0,0.0,0.0,0.0,0
2023-05-10 21:03:12,CF311P16400,棉花2311沽16400,1072.0,0.0,0.0,0.0,10,390.0,1931.0,10,1072.0,0.0,0.0,0.0,0.0,0.0,0
2023-05-10 21:03:12,CF311P16400,棉花2311沽16400,1072.0,0.0,0.0,0.0,1,393.0,1931.0,10,1072.0,0.0,0.0,0.0,0.0,0.0,0
2023-05-10 21:03:13,CF311P16400,棉花2311沽16400,1072.0,0.0,0.0,0.0,10,394.0,1931.0,10,1072.0,0.0,0.0,0.0,0.0,0.0,0
2023-05-10 21:03:16,CF311P16400,棉花2311沽16400,1072.0,0.0,0.0,0.0,1,397.0,1928.0,1,1072.0,0.0,0.0,0.0,0.0,0.0,0
2023-05-10 21:03:17,CF311P16400,棉花2311沽16400,1072.0,0.0,0.0,0.0,10,398.0,1927.0,10,1072.0,0.0,0.0,0.0,0.0,0.0,0
2023-05-10 21:03:18,CF311P16400,棉花2311沽16400,1072.0,0.0,0.0,0.0,1,401.0,1924.0,1,1072.0,0.0,0.0,0.0,0.0,0.0,0
2023-05-10 21:03:19,CF311P16400,棉花2311沽16400,1072.0,0.0,0.0,0.0,10,402.0,1923.0,10,1072.0,0.0,0.0,0.0,0.0,0.0,0
2023-05-10 21:03:23,CF311P16400,棉花2311沽16400,1072.0,0.0,0.0,0.0,1,405.0,1920.0,1,1072.0,0.0,0.0,0.0,0.0,0.0,0
2023-05-10 21:03:24,CF311P16400,棉花2311沽16400,1072.0,0.0,0.0,0.0,10,406.0,1919.0,10,1072.0,0.0,0.0,0.0,0.0,0.0,0
2023-05-10 21:03:26,CF311P16400,棉花2311沽16400,1072.0,0.0,0.0,0.0,1,409.0,1916.0,1,1072.0,0.0,0.0,0.0,0.0,0.0,0
2023-05-10 21:03:27,CF311P16400,棉花2311沽16400,1072.0,0.0,0.0,0.0,10,410.0,1915.0,10,1072.0,0.0,0.0,0.0,0.0,0.0,0
2023-05-10 21:03:27,CF311P16400,棉花2311沽16400,1072.0,0.0,0.0,0.0,1,413.0,1912.0,1,1072.0,0.0,0.0,0.0,0.0,0.0,0
2023-05-10 21:03:28,CF311P16400,棉花2311沽16400,1072.0,0.0,0.0,0.0,10,414.0,1911.0,10,1072.0,0.0,0.0,0.0,0.0,0.0,0
2023-05-10 21:03:31,CF311P16400,棉花2311沽16400,1072.0,0.0,0.0,0.0,1,417.0,1908.0,1,1072.0,0.0,0.0,0.0,0.0,0.0,0
2023-05-10 21:03:32,CF311P16400,棉花2311沽16400,1072.0,0.0,0.0,0.0,10,418.0,1907.0,10,1072.0,0.0,0.0,0.0,0.0,0.0,0
2023-05-10 21:03:32,CF311P16400,棉花2311沽16400,1072.0,0.0,0.0,0.0,1,421.0,1904.0,1,1072.0,0.0,0.0,0.0,0.0,0.0,0
2023-05-10 21:03:33,CF311P16400,棉花2311沽16400,1072.0,0.0,0.0,0.0,10,422.0,1903.0,10,1072.0,0.0,0.0,0.0,0.0,0.0,0
2023-05-10 21:03:33,CF311P16400,棉花2311沽16400,1072.0,0.0,0.0,0.0,1,425.0,1900.0,1,1072.0,0.0,0.0,0.0,0.0,0.0,0
2023-05-10 21:03:34,CF311P16400,棉花2311沽16400,1072.0,0.0,0.0,0.0,10,426.0,1899.0,10,1072.0,0.0,0.0,0.0,0.0,0.0,0
2023-05-10 21:03:37,CF311P16400,棉花2311沽16400,1072.0,0.0,0.0,0.0,1,429.0,1896.0,1,1072.0,0.0,0.0,0.0,0.0,0.0,0
2023-05-10 21:03:38,CF311P16400,棉花2311沽16400,1072.0,0.0,0.0,0.0,10,430.0,1895.0,10,1072.0,0.0,0.0,0.0,0.0,0.0,0
2023-05-10 21:03:40,CF311P16400,棉花2311沽16400,1072.0,0.0,0.0,0.0,1,433.0,1892.0,1,1072.0,0.0,0.0,0.0,0.0,0.0,0
2023-05-10 21:03:41,CF311P16400,棉花2311沽16400,1072.0,0.0,0.0,0.0,10,434.0,1891.0,10,1072.0,0.0,0.0,0.0,0.0,0.0,0
2023-05-10 21:03:41,CF311P16400,棉花2311沽16400,1072.0,0.0,0.0,0.0,1,437.0,1891.0,10,1072.0,0.0,0.0,0.0,0.0,0.0,0
2023-05-10 21:03:42,CF311P16400,棉花2311沽16400,1072.0,0.0,0.0,0.0,10,438.0,1888.0,1,1072.0,0.0,0.0,0.0,0.0,0.0,0
2023-05-10 21:03:42,CF311P16400,棉花2311沽16400,1072.0,0.0,0.0,0.0,10,438.0,1887.0,10,1072.0,0.0,0.0,0.0,0.0,0.0,0
2023-05-10 21:03:43,CF311P16400,棉花2311沽16400,1072.0,0.0,0.0,0.0,1,441.0,1884.0,1,1072.0,0.0,0.0,0.0,0.0,0.0,0
2023-05-10 21:03:43,CF311P16400,棉花2311沽16400,1072.0,0.0,0.0,0.0,10,442.0,1883.0,10,1072.0,0.0,0.0,0.0,0.0,0.0,0
2023-05-10 21:03:44,CF311P16400,棉花2311沽16400,1072.0,0.0,0.0,0.0,1,445.0,1880.0,1,1072.0,0.0,0.0,0.0,0.0,0.0,0
2023-05-10 21:03:44,CF311P16400,棉花2311沽16400,1072.0,0.0,0.0,0.0,10,446.0,1879.0,10,1072.0,0.0,0.0,0.0,0.0,0.0,0
2023-05-10 21:03:47,CF311P16400,棉花2311沽16400,1072.0,0.0,0.0,0.0,1,449.0,1876.0,1,1072.0,0.0,0.0,0.0,0.0,0.0,0
2023-05-10 21:03:47,CF311P16400,棉花2311沽16400,1072.0,0.0,0.0,0.0,10,450.0,1875.0,10,1072.0,0.0,0.0,0.0,0.0,0.0,0
2023-05-10 21:03:48,CF311P16400,棉花2311沽16400,1072.0,0.0,0.0,0.0,1,453.0,1872.0,1,1072.0,0.0,0.0,0.0,0.0,0.0,0
2023-05-10 21:03:48,CF311P16400,棉花2311沽16400,1072.0,0.0,0.0,0.0,10,454.0,1871.0,10,1072.0,0.0,0.0,0.0,0.0,0.0,0
2023-05-10 21:03:52,CF311P16400,棉花2311沽16400,1072.0,0.0,0.0,0.0,1,457.0,1868.0,1,1072.0,0.0,0.0,0.0,0.0,0.0,0
2023-05-10 21:03:52,CF311P16400,棉花2311沽16400,1072.0,0.0,0.0,0.0,10,458.0,1867.0,10,1072.0,0.0,0.0,0.0,0.0,0.0,0
2023-05-10 21:03:53,CF311P16400,棉花2311沽16400,1072.0,0.0,0.0,0.0,1,461.0,1864.0,1,1072.0,0.0,0.0,0.0,0.0,0.0,0
2023-05-10 21:03:53,CF311P16400,棉花2311沽16400,1072.0,0.0,0.0,0.0,10,462.0,1863.0,10,1072.0,0.0,0.0,0.0,0.0,0.0,0
2023-05-10 21:03:54,CF311P16400,棉花2311沽16400,1072.0,0.0,0.0,0.0,10,462.0,1860.0,1,1072.0,0.0,0.0,0.0,0.0,0.0,0
2023-05-10 21:03:54,CF311P16400,棉花2311沽16400,1072.0,0.0,0.0,0.0,10,462.0,1859.0,10,1072.0,0.0,0.0,0.0,0.0,0.0,0
2023-05-10 21:03:57,CF311P16400,棉花2311沽16400,1072.0,0.0,0.0,0.0,1,465.0,1856.0,1,1072.0,0.0,0.0,0.0,0.0,0.0,0
2023-05-10 21:03:57,CF311P16400,棉花2311沽16400,1072.0,0.0,0.0,0.0,10,466.0,1855.0,10,1072.0,0.0,0.0,0.0,0.0,0.0,0
2023-05-10 21:03:58,CF311P16400,棉花2311沽16400,1072.0,0.0,0.0,0.0,1,469.0,1852.0,1,1072.0,0.0,0.0,0.0,0.0,0.0,0
2023-05-10 21:03:58,CF311P16400,棉花2311沽16400,1072.0,0.0,0.0,0.0,10,470.0,1851.0,10,1072.0,0.0,0.0,0.0,0.0,0.0,0
2023-05-10 21:04:01,CF311P16400,棉花2311沽16400,1072.0,0.0,0.0,0.0,1,473.0,1848.0,1,1072.0,0.0,0.0,0.0,0.0,0.0,0
2023-05-10 21:04:01,CF311P16400,棉花2311沽16400,1072.0,0.0,0.0,0.0,10,474.0,1847.0,10,1072.0,0.0,0.0,0.0,0.0,0.0,0
2023-05-10 21:04:03,CF311P16400,棉花2311沽16400,1072.0,0.0,0.0,0.0,1,477.0,1847.0,10,1072.0,0.0,0.0,0.0,0.0,0.0,0
2023-05-10 21:04:03,CF311P16400,棉花2311沽16400,1072.0,0.0,0.0,0.0,10,478.0,1844.0,1,1072.0,0.0,0.0,0.0,0.0,0.0,0
2023-05-10 21:04:04,CF311P16400,棉花2311沽16400,1072.0,0.0,0.0,0.0,10,478.0,1843.0,10,1072.0,0.0,0.0,0.0,0.0,0.0,0
2023-05-10 21:04:04,CF311P16400,棉花2311沽16400,1072.0,0.0,0.0,0.0,1,481.0,1840.0,1,1072.0,0.0,0.0,0.0,0.0,0.0,0
2023-05-10 21:04:05,CF311P16400,棉花2311沽16400,1072.0,0.0,0.0,0.0,10,482.0,1839.0,10,1072.0,0.0,0.0,0.0,0.0,0.0,0
2023-05-10 21:04:05,CF311P16400,棉花2311沽16400,1072.0,0.0,0.0,0.0,1,485.0,1836.0,1,1072.0,0.0,0.0,0.0,0.0,0.0,0
2023-05-10 21:04:06,CF311P16400,棉花2311沽16400,1072.0,0.0,0.0,0.0,10,486.0,1835.0,10,1072.0,0.0,0.0,0.0,0.0,0.0,0
2023-05-10 21:04:06,CF311P16400,棉花2311沽16400,1072.0,0.0,0.0,0.0,1,489.0,1832.0,1,1072.0,0.0,0.0,0.0,0.0,0.0,0
2023-05-10 21:04:07,CF311P16400,棉花2311沽16400,1072.0,0.0,0.0,0.0,10,490.0,1831.0,10,1072.0,0.0,0.0,0.0,0.0,0.0,0
2023-05-10 21:04:09,CF311P16400,棉花2311沽16400,1072.0,0.0,0.0,0.0,1,493.0,1828.0,1,1072.0,0.0,0.0,0.0,0.0,0.0,0
2023-05-10 21:04:10,CF311P16400,棉花2311沽16400,1072.0,0.0,0.0,0.0,10,494.0,1827.0,10,1072.0,0.0,0.0,0.0,0.0,0.0,0
2023-05-10 21:04:10,CF311P16400,棉花2311沽16400,1072.0,0.0,0.0,0.0,10,494.0,1824.0,1,1072.0,0.0,0.0,0.0,0.0,0.0,0
2023-05-10 21:04:11,CF311P16400,棉花2311沽16400,1072.0,0.0,0.0,0.0,1,497.0,1823.0,10,1072.0,0.0,0.0,0.0,0.0,0.0,0
2023-05-10 21:04:11,CF311P16400,棉花2311沽16400,1072.0,0.0,0.0,0.0,10,498.0,1823.0,10,1072.0,0.0,0.0,0.0,0.0,0.0,0
2023-05-10 21:04:13,CF311P16400,棉花2311沽16400,1072.0,0.0,0.0,0.0,1,501.0,1823.0,10,1072.0,0.0,0.0,0.0,0.0,0.0,0
2023-05-10 21:04:13,CF311P16400,棉花2311沽16400,1072.0,0.0,0.0,0.0,10,502.0,1823.0,10,1072.0,0.0,0.0,0.0,0.0,0.0,0
2023-05-10 21:04:17,CF311P16400,棉花2311沽16400,1072.0,0.0,0.0,0.0,1,505.0,1820.0,1,1072.0,0.0,0.0,0.0,0.0,0.0,0
2023-05-10 21:04:17,CF311P16400,棉花2311沽16400,1072.0,0.0,0.0,0.0,10,506.0,1819.0,10,1072.0,0.0,0.0,0.0,0.0,0.0,0
2023-05-10 21:04:20,CF311P16400,棉花2311沽16400,1072.0,0.0,0.0,0.0,1,509.0,1816.0,1,1072.0,0.0,0.0,0.0,0.0,0.0,0
2023-05-10 21:04:20,CF311P16400,棉花2311沽16400,1072.0,0.0,0.0,0.0,10,510.0,1815.0,10,1072.0,0.0,0.0,0.0,0.0,0.0,0
2023-05-10 21:04:24,CF311P16400,棉花2311沽16400,1072.0,0.0,0.0,0.0,1,513.0,1812.0,1,1072.0,0.0,0.0,0.0,0.0,0.0,0
2023-05-10 21:04:24,CF311P16400,棉花2311沽16400,1072.0,0.0,0.0,0.0,10,514.0,1811.0,10,1072.0,0.0,0.0,0.0,0.0,0.0,0
2023-05-10 21:04:25,CF311P16400,棉花2311沽16400,1072.0,0.0,0.0,0.0,1,517.0,1808.0,1,1072.0,0.0,0.0,0.0,0.0,0.0,0
2023-05-10 21:04:25,CF311P16400,棉花2311沽16400,1072.0,0.0,0.0,0.0,10,518.0,1807.0,10,1072.0,0.0,0.0,0.0,0.0,0.0,0
2023-05-10 21:04:26,CF311P16400,棉花2311沽16400,1072.0,0.0,0.0,0.0,1,521.0,1804.0,1,1072.0,0.0,0.0,0.0,0.0,0.0,0
2023-05-10 21:04:26,CF311P16400,棉花2311沽16400,1072.0,0.0,0.0,0.0,10,522.0,1803.0,10,1072.0,0.0,0.0,0.0,0.0,0.0,0
2023-05-10 21:04:28,CF311P16400,棉花2311沽16400,1072.0,0.0,0.0,0.0,1,525.0,1800.0,1,1072.0,0.0,0.0,0.0,0.0,0.0,0
2023-05-10 21:04:28,CF311P16400,棉花2311沽16400,1072.0,0.0,0.0,0.0,10,526.0,1799.0,10,1072.0,0.0,0.0,0.0,0.0,0.0,0
2023-05-10 21:04:29,CF311P16400,棉花2311沽16400,1072.0,0.0,0.0,0.0,1,529.0,1796.0,1,1072.0,0.0,0.0,0.0,0.0,0.0,0
2023-05-10 21:04:29,CF311P16400,棉花2311沽16400,1072.0,0.0,0.0,0.0,10,530.0,1795.0,10,1072.0,0.0,0.0,0.0,0.0,0.0,0
2023-05-10 21:04:33,CF311P16400,棉花2311沽16400,1072.0,0.0,0.0,0.0,1,533.0,1792.0,1,1072.0,0.0,0.0,0.0,0.0,0.0,0
2023-05-10 21:04:33,CF311P16400,棉花2311沽16400,1072.0,0.0,0.0,0.0,10,534.0,1791.0,10,1072.0,0.0,0.0,0.0,0.0,0.0,0
2023-05-10 21:04:35,CF311P16400,棉花2311沽16400,1072.0,0.0,0.0,0.0,1,537.0,1788.0,1,1072.0,0.0,0.0,0.0,0.0,0.0,0
2023-05-10 21:04:35,CF311P16400,棉花2311沽16400,1072.0,0.0,0.0,0.0,10,538.0,1787.0,10,1072.0,0.0,0.0,0.0,0.0,0.0,0
2023-05-10 21:04:36,CF311P16400,棉花2311沽16400,1072.0,0.0,0.0,0.0,10,538.0,1784.0,1,1072.0,0.0,0.0,0.0,0.0,0.0,0
2023-05-10 21:04:36,CF311P16400,棉花2311沽16400,1072.0,0.0,0.0,0.0,10,538.0,1783.0,10,1072.0,0.0,0.0,0.0,0.0,0.0,0
2023-05-10 21:04:37,CF311P16400,棉花2311沽16400,1072.0,0.0,0.0,0.0,1,541.0,1780.0,1,1072.0,0.0,0.0,0.0,0.0,0.0,0
2023-05-10 21:04:37,CF311P16400,棉花2311沽16400,1072.0,0.0,0.0,0.0,10,542.0,1779.0,10,1072.0,0.0,0.0,0.0,0.0,0.0,0
2023-05-10 21:04:39,CF311P16400,棉花2311沽16400,1072.0,0.0,0.0,0.0,1,545.0,1776.0,1,1072.0,0.0,0.0,0.0,0.0,0.0,0
2023-05-10 21:04:39,CF311P16400,棉花2311沽16400,1072.0,0.0,0.0,0.0,10,546.0,1775.0,10,1072.0,0.0,0.0,0.0,0.0,0.0,0
2023-05-10 21:04:40,CF311P16400,棉花2311沽16400,1072.0,0.0,0.0,0.0,1,549.0,1772.0,1,1072.0,0.0,0.0,0.0,0.0,0.0,0
2023-05-10 21:04:40,CF311P16400,棉花2311沽16400,1072.0,0.0,0.0,0.0,10,550.0,1771.0,10,1072.0,0.0,0.0,0.0,0.0,0.0,0
2023-05-10 21:04:42,CF311P16400,棉花2311沽16400,1072.0,0.0,0.0,0.0,1,553.0,1768.0,1,1072.0,0.0,0.0,0.0,0.0,0.0,0
2023-05-10 21:04:42,CF311P16400,棉花2311沽16400,1072.0,0.0,0.0,0.0,10,554.0,1767.0,10,1072.0,0.0,0.0,0.0,0.0,0.0,0
2023-05-10 21:04:43,CF311P16400,棉花2311沽16400,1072.0,0.0,0.0,0.0,1,557.0,1764.0,1,1072.0,0.0,0.0,0.0,0.0,0.0,0
2023-05-10 21:04:43,CF311P16400,棉花2311沽16400,1072.0,0.0,0.0,0.0,10,558.0,1763.0,10,1072.0,0.0,0.0,0.0,0.0,0.0,0
2023-05-10 21:04:44,CF311P16400,棉花2311沽16400,1072.0,0.0,0.0,0.0,1,561.0,1760.0,1,1072.0,0.0,0.0,0.0,0.0,0.0,0
2023-05-10 21:04:44,CF311P16400,棉花2311沽16400,1072.0,0.0,0.0,0.0,10,562.0,1759.0,10,1072.0,0.0,0.0,0.0,0.0,0.0,0
2023-05-10 21:04:45,CF311P16400,棉花2311沽16400,1072.0,0.0,0.0,0.0,1,565.0,1756.0,1,1072.0,0.0,0.0,0.0,0.0,0.0,0
2023-05-10 21:04:45,CF311P16400,棉花2311沽16400,1072.0,0.0,0.0,0.0,10,566.0,1755.0,10,1072.0,0.0,0.0,0.0,0.0,0.0,0
2023-05-10 21:04:47,CF311P16400,棉花2311沽16400,1072.0,0.0,0.0,0.0,1,569.0,1755.0,10,1072.0,0.0,0.0,0.0,0.0,0.0,0
2023-05-10 21:04:47,CF311P16400,棉花2311沽16400,1072.0,0.0,0.0,0.0,10,570.0,1752.0,1,1072.0,0.0,0.0,0.0,0.0,0.0,0
2023-05-10 21:04:48,CF311P16400,棉花2311沽16400,1072.0,0.0,0.0,0.0,10,570.0,1751.0,10,1072.0,0.0,0.0,0.0,0.0,0.0,0
2023-05-10 21:04:50,CF311P16400,棉花2311沽16400,1072.0,0.0,0.0,0.0,1,573.0,1751.0,10,1072.0,0.0,0.0,0.0,0.0,0.0,0
2023-05-10 21:04:51,CF311P16400,棉花2311沽16400,1072.0,0.0,0.0,0.0,10,574.0,1751.0,10,1072.0,0.0,0.0,0.0,0.0,0.0,0
2023-05-10 21:04:54,CF311P16400,棉花2311沽16400,1072.0,0.0,0.0,0.0,1,577.0,1748.0,1,1072.0,0.0,0.0,0.0,0.0,0.0,0
2023-05-10 21:04:55,CF311P16400,棉花2311沽16400,1072.0,0.0,0.0,0.0,10,578.0,1747.0,10,1072.0,0.0,0.0,0.0,0.0,0.0,0
2023-05-10 21:04:56,CF311P16400,棉花2311沽16400,1072.0,0.0,0.0,0.0,1,581.0,1747.0,10,1072.0,0.0,0.0,0.0,0.0,0.0,0
2023-05-10 21:04:57,CF311P16400,棉花2311沽16400,1072.0,0.0,0.0,0.0,10,582.0,1744.0,1,1072.0,0.0,0.0,0.0,0.0,0.0,0
2023-05-10 21:04:57,CF311P16400,棉花2311沽16400,1072.0,0.0,0.0,0.0,10,582.0,1743.0,10,1072.0,0.0,0.0,0.0,0.0,0.0,0
2023-05-10 21:04:58,CF311P16400,棉花2311沽16400,1072.0,0.0,0.0,0.0,1,585.0,1740.0,1,1072.0,0.0,0.0,0.0,0.0,0.0,0
2023-05-10 21:04:58,CF311P16400,棉花2311沽16400,1072.0,0.0,0.0,0.0,10,586.0,1739.0,10,1072.0,0.0,0.0,0.0,0.0,0.0,0
2023-05-10 21:04:59,CF311P16400,棉花2311沽16400,1072.0,0.0,0.0,0.0,1,589.0,1736.0,1,1072.0,0.0,0.0,0.0,0.0,0.0,0
2023-05-10 21:04:59,CF311P16400,棉花2311沽16400,1072.0,0.0,0.0,0.0,10,590.0,1735.0,10,1072.0,0.0,0.0,0.0,0.0,0.0,0
2023-05-10 21:05:00,CF311P16400,棉花2311沽16400,1072.0,0.0,0.0,0.0,1,593.0,1732.0,1,1072.0,0.0,0.0,0.0,0.0,0.0,0
2023-05-10 21:05:00,CF311P16400,棉花2311沽16400,1072.0,0.0,0.0,0.0,10,594.0,1731.0,10,1072.0,0.0,0.0,0.0,0.0,0.0,0
2023-05-10 21:05:01,CF311P16400,棉花2311沽16400,1072.0,0.0,0.0,0.0,1,597.0,1728.0,1,1072.0,0.0,0.0,0.0,0.0,0.0,0
2023-05-10 21:05:01,CF311P16400,棉花2311沽16400,1072.0,0.0,0.0,0.0,10,598.0,1727.0,10,1072.0,0.0,0.0,0.0,0.0,0.0,0
2023-05-10 21:05:03,CF311P16400,棉花2311沽16400,1072.0,0.0,0.0,0.0,1,601.0,1724.0,1,1072.0,0.0,0.0,0.0,0.0,0.0,0
2023-05-10 21:05:03,CF311P16400,棉花2311沽16400,1072.0,0.0,0.0,0.0,10,602.0,1723.0,10,1072.0,0.0,0.0,0.0,0.0,0.0,0
2023-05-10 21:05:05,CF311P16400,棉花2311沽16400,1072.0,0.0,0.0,0.0,1,605.0,1720.0,1,1072.0,0.0,0.0,0.0,0.0,0.0,0
2023-05-10 21:05:05,CF311P16400,棉花2311沽16400,1072.0,0.0,0.0,0.0,10,606.0,1719.0,10,1072.0,0.0,0.0,0.0,0.0,0.0,0
2023-05-10 21:05:06,CF311P16400,棉花2311沽16400,1072.0,0.0,0.0,0.0,1,609.0,1716.0,1,1072.0,0.0,0.0,0.0,0.0,0.0,0
2023-05-10 21:05:06,CF311P16400,棉花2311沽16400,1072.0,0.0,0.0,0.0,10,610.0,1715.0,10,1072.0,0.0,0.0,0.0,0.0,0.0,0
2023-05-10 21:05:08,CF311P16400,棉花2311沽16400,1072.0,0.0,0.0,0.0,1,613.0,1712.0,1,1072.0,0.0,0.0,0.0,0.0,0.0,0
2023-05-10 21:05:08,CF311P16400,棉花2311沽16400,1072.0,0.0,0.0,0.0,10,614.0,1711.0,10,1072.0,0.0,0.0,0.0,0.0,0.0,0
2023-05-10 21:05:10,CF311P16400,棉花2311沽16400,1072.0,0.0,0.0,0.0,1,617.0,1708.0,1,1072.0,0.0,0.0,0.0,0.0,0.0,0
2023-05-10 21:05:10,CF311P16400,棉花2311沽16400,1072.0,0.0,0.0,0.0,10,618.0,1707.0,10,1072.0,0.0,0.0,0.0,0.0,0.0,0
2023-05-10 21:05:11,CF311P16400,棉花2311沽16400,1072.0,0.0,0.0,0.0,1,621.0,1704.0,1,1072.0,0.0,0.0,0.0,0.0,0.0,0
2023-05-10 21:05:11,CF311P16400,棉花2311沽16400,1072.0,0.0,0.0,0.0,10,622.0,1703.0,10,1072.0,0.0,0.0,0.0,0.0,0.0,0
2023-05-10 21:05:12,CF311P16400,棉花2311沽16400,1072.0,0.0,0.0,0.0,1,625.0,1700.0,1,1072.0,0.0,0.0,0.0,0.0,0.0,0
2023-05-10 21:05:12,CF311P16400,棉花2311沽16400,1072.0,0.0,0.0,0.0,10,626.0,1699.0,10,1072.0,0.0,0.0,0.0,0.0,0.0,0
2023-05-10 21:05:13,CF311P16400,棉花2311沽16400,1072.0,0.0,0.0,0.0,1,629.0,1696.0,1,1072.0,0.0,0.0,0.0,0.0,0.0,0
2023-05-10 21:05:13,CF311P16400,棉花2311沽16400,1072.0,0.0,0.0,0.0,10,630.0,1695.0,10,1072.0,0.0,0.0,0.0,0.0,0.0,0
2023-05-10 21:05:15,CF311P16400,棉花2311沽16400,1072.0,0.0,0.0,0.0,1,633.0,1692.0,1,1072.0,0.0,0.0,0.0,0.0,0.0,0
2023-05-10 21:05:15,CF311P16400,棉花2311沽16400,1072.0,0.0,0.0,0.0,10,634.0,1691.0,10,1072.0,0.0,0.0,0.0,0.0,0.0,0
2023-05-10 21:05:16,CF311P16400,棉花2311沽16400,1072.0,0.0,0.0,0.0,1,637.0,1688.0,1,1072.0,0.0,0.0,0.0,0.0,0.0,0
2023-05-10 21:05:16,CF311P16400,棉花2311沽16400,1072.0,0.0,0.0,0.0,10,638.0,1687.0,10,1072.0,0.0,0.0,0.0,0.0,0.0,0
2023-05-10 21:05:16,CF311P16400,棉花2311沽16400,1072.0,0.0,0.0,0.0,1,637.0,1688.0,1,1072.0,0.0,0.0,0.0,0.0,0.0,0
2023-05-10 21:05:16,CF311P16400,棉花2311沽16400,1072.0,0.0,0.0,0.0,10,638.0,1687.0,10,1072.0,0.0,0.0,0.0,0.0,0.0,0
2023-05-10 21:24:57,CF311P16400,棉花2311沽16400,1072.0,0.0,0.0,0.0,1,641.0,1684.0,1,1072.0,0.0,0.0,0.0,0.0,0.0,0
2023-05-10 21:24:57,CF311P16400,棉花2311沽16400,1072.0,0.0,0.0,0.0,10,642.0,1683.0,10,1072.0,0.0,0.0,0.0,0.0,0.0,0
2023-05-10 21:24:57,CF311P16400,棉花2311沽16400,1072.0,0.0,0.0,0.0,1,645.0,1680.0,1,1072.0,0.0,0.0,0.0,0.0,0.0,0
2023-05-10 21:24:58,CF311P16400,棉花2311沽16400,1072.0,0.0,0.0,0.0,10,646.0,1679.0,10,1072.0,0.0,0.0,0.0,0.0,0.0,0
2023-05-10 21:24:58,CF311P16400,棉花2311沽16400,1072.0,0.0,0.0,0.0,1,649.0,1676.0,1,1072.0,0.0,0.0,0.0,0.0,0.0,0
2023-05-10 21:24:59,CF311P16400,棉花2311沽16400,1072.0,0.0,0.0,0.0,10,650.0,1675.0,10,1072.0,0.0,0.0,0.0,0.0,0.0,0
2023-05-10 21:24:59,CF311P16400,棉花2311沽16400,1072.0,0.0,0.0,0.0,1,653.0,1672.0,1,1072.0,0.0,0.0,0.0,0.0,0.0,0
2023-05-10 21:25:00,CF311P16400,棉花2311沽16400,1072.0,0.0,0.0,0.0,10,654.0,1671.0,10,1072.0,0.0,0.0,0.0,0.0,0.0,0
2023-05-10 21:25:00,CF311P16400,棉花2311沽16400,1072.0,0.0,0.0,0.0,1,657.0,1668.0,1,1072.0,0.0,0.0,0.0,0.0,0.0,0
2023-05-10 21:25:01,CF311P16400,棉花2311沽16400,1072.0,0.0,0.0,0.0,10,658.0,1667.0,10,1072.0,0.0,0.0,0.0,0.0,0.0,0
2023-05-10 21:44:57,CF311P16400,棉花2311沽16400,1072.0,0.0,0.0,0.0,1,661.0,1664.0,1,1072.0,0.0,0.0,0.0,0.0,0.0,0
2023-05-10 21:44:57,CF311P16400,棉花2311沽16400,1072.0,0.0,0.0,0.0,10,662.0,1663.0,10,1072.0,0.0,0.0,0.0,0.0,0.0,0
2023-05-10 21:44:58,CF311P16400,棉花2311沽16400,1072.0,0.0,0.0,0.0,1,665.0,1660.0,1,1072.0,0.0,0.0,0.0,0.0,0.0,0
2023-05-10 21:44:58,CF311P16400,棉花2311沽16400,1072.0,0.0,0.0,0.0,10,666.0,1659.0,10,1072.0,0.0,0.0,0.0,0.0,0.0,0
2023-05-10 21:44:59,CF311P16400,棉花2311沽16400,1072.0,0.0,0.0,0.0,1,669.0,1656.0,1,1072.0,0.0,0.0,0.0,0.0,0.0,0
2023-05-10 21:44:59,CF311P16400,棉花2311沽16400,1072.0,0.0,0.0,0.0,10,670.0,1655.0,10,1072.0,0.0,0.0,0.0,0.0,0.0,0
2023-05-10 21:45:00,CF311P16400,棉花2311沽16400,1072.0,0.0,0.0,0.0,1,673.0,1652.0,1,1072.0,0.0,0.0,0.0,0.0,0.0,0
2023-05-10 21:45:00,CF311P16400,棉花2311沽16400,1072.0,0.0,0.0,0.0,10,674.0,1651.0,10,1072.0,0.0,0.0,0.0,0.0,0.0,0
2023-05-10 21:45:01,CF311P16400,棉花2311沽16400,1072.0,0.0,0.0,0.0,1,677.0,1648.0,1,1072.0,0.0,0.0,0.0,0.0,0.0,0
2023-05-10 21:45:01,CF311P16400,棉花2311沽16400,1072.0,0.0,0.0,0.0,10,678.0,1647.0,10,1072.0,0.0,0.0,0.0,0.0,0.0,0
2023-05-10 22:04:57,CF311P16400,棉花2311沽16400,1072.0,0.0,0.0,0.0,1,681.0,1644.0,1,1072.0,0.0,0.0,0.0,0.0,0.0,0
2023-05-10 22:04:57,CF311P16400,棉花2311沽16400,1072.0,0.0,0.0,0.0,10,682.0,1643.0,10,1072.0,0.0,0.0,0.0,0.0,0.0,0
2023-05-10 22:04:58,CF311P16400,棉花2311沽16400,1072.0,0.0,0.0,0.0,1,685.0,1640.0,1,1072.0,0.0,0.0,0.0,0.0,0.0,0
2023-05-10 22:04:58,CF311P16400,棉花2311沽16400,1072.0,0.0,0.0,0.0,10,686.0,1639.0,10,1072.0,0.0,0.0,0.0,0.0,0.0,0
2023-05-10 22:04:59,CF311P16400,棉花2311沽16400,1072.0,0.0,0.0,0.0,1,689.0,1636.0,1,1072.0,0.0,0.0,0.0,0.0,0.0,0
2023-05-10 22:04:59,CF311P16400,棉花2311沽16400,1072.0,0.0,0.0,0.0,10,690.0,1635.0,10,1072.0,0.0,0.0,0.0,0.0,0.0,0
2023-05-10 22:05:00,CF311P16400,棉花2311沽16400,1072.0,0.0,0.0,0.0,1,693.0,1632.0,1,1072.0,0.0,0.0,0.0,0.0,0.0,0
2023-05-10 22:05:00,CF311P16400,棉花2311沽16400,1072.0,0.0,0.0,0.0,10,694.0,1631.0,10,1072.0,0.0,0.0,0.0,0.0,0.0,0
2023-05-10 22:05:01,CF311P16400,棉花2311沽16400,1072.0,0.0,0.0,0.0,1,697.0,1628.0,1,1072.0,0.0,0.0,0.0,0.0,0.0,0
2023-05-10 22:05:01,CF311P16400,棉花2311沽16400,1072.0,0.0,0.0,0.0,10,698.0,1627.0,10,1072.0,0.0,0.0,0.0,0.0,0.0,0
2023-05-10 22:24:57,CF311P16400,棉花2311沽16400,1072.0,0.0,0.0,0.0,1,701.0,1624.0,1,1072.0,0.0,0.0,0.0,0.0,0.0,0
2023-05-10 22:24:57,CF311P16400,棉花2311沽16400,1072.0,0.0,0.0,0.0,10,702.0,1623.0,10,1072.0,0.0,0.0,0.0,0.0,0.0,0
2023-05-10 22:24:58,CF311P16400,棉花2311沽16400,1072.0,0.0,0.0,0.0,1,705.0,1620.0,1,1072.0,0.0,0.0,0.0,0.0,0.0,0
2023-05-10 22:24:58,CF311P16400,棉花2311沽16400,1072.0,0.0,0.0,0.0,10,706.0,1619.0,10,1072.0,0.0,0.0,0.0,0.0,0.0,0
2023-05-10 22:24:58,CF311P16400,棉花2311沽16400,1072.0,0.0,0.0,0.0,1,709.0,1616.0,1,1072.0,0.0,0.0,0.0,0.0,0.0,0
2023-05-10 22:24:59,CF311P16400,棉花2311沽16400,1072.0,0.0,0.0,0.0,10,710.0,1615.0,10,1072.0,0.0,0.0,0.0,0.0,0.0,0
2023-05-10 22:25:00,CF311P16400,棉花2311沽16400,1072.0,0.0,0.0,0.0,1,713.0,1612.0,1,1072.0,0.0,0.0,0.0,0.0,0.0,0
2023-05-10 22:25:00,CF311P16400,棉花2311沽16400,1072.0,0.0,0.0,0.0,10,714.0,1611.0,10,1072.0,0.0,0.0,0.0,0.0,0.0,0
2023-05-10 22:25:00,CF311P16400,棉花2311沽16400,1072.0,0.0,0.0,0.0,1,717.0,1608.0,1,1072.0,0.0,0.0,0.0,0.0,0.0,0
2023-05-10 22:25:01,CF311P16400,棉花2311沽16400,1072.0,0.0,0.0,0.0,10,718.0,1607.0,10,1072.0,0.0,0.0,0.0,0.0,0.0,0
2023-05-10 22:57:35,CF311P16400,棉花2311沽16400,1072.0,0.0,0.0,0.0,1,285.0,0.0,0,1072.0,0.0,0.0,0.0,0.0,0.0,0
2023-05-10 22:57:46,CF311P16400,棉花2311沽16400,1072.0,0.0,0.0,0.0,1,276.0,0.0,0,1072.0,0.0,0.0,0.0,0.0,0.0,0
2023-05-10 22:59:38,CF311P16400,棉花2311沽16400,1072.0,0.0,0.0,0.0,0,0.0,0.0,0,1072.0,0.0,0.0,0.0,0.0,0.0,0
2023-05-11 09:00:07,CF311P16400,棉花2311沽16400,1072.0,0.0,0.0,0.0,1,118.0,0.0,0,1072.0,0.0,0.0,0.0,0.0,0.0,0
2023-05-11 09:00:10,CF311P16400,棉花2311沽16400,1072.0,0.0,0.0,0.0,10,119.0,0.0,0,1072.0,0.0,0.0,0.0,0.0,0.0,0
2023-05-11 09:00:11,CF311P16400,棉花2311沽16400,1072.0,0.0,0.0,0.0,1,120.0,0.0,0,1072.0,0.0,0.0,0.0,0.0,0.0,0
2023-05-11 09:00:11,CF311P16400,棉花2311沽16400,1072.0,0.0,0.0,0.0,10,121.0,0.0,0,1072.0,0.0,0.0,0.0,0.0,0.0,0
2023-05-11 09:00:12,CF311P16400,棉花2311沽16400,1072.0,0.0,0.0,0.0,1,122.0,0.0,0,1072.0,0.0,0.0,0.0,0.0,0.0,0
2023-05-11 09:00:13,CF311P16400,棉花2311沽16400,1072.0,0.0,0.0,0.0,10,123.0,0.0,0,1072.0,0.0,0.0,0.0,0.0,0.0,0
2023-05-11 09:00:15,CF311P16400,棉花2311沽16400,1072.0,0.0,0.0,0.0,1,124.0,0.0,0,1072.0,0.0,0.0,0.0,0.0,0.0,0
2023-05-11 09:00:16,CF311P16400,棉花2311沽16400,1072.0,0.0,0.0,0.0,10,125.0,0.0,0,1072.0,0.0,0.0,0.0,0.0,0.0,0
2023-05-11 09:00:21,CF311P16400,棉花2311沽16400,1072.0,0.0,0.0,0.0,1,126.0,0.0,0,1072.0,0.0,0.0,0.0,0.0,0.0,0
2023-05-11 09:00:22,CF311P16400,棉花2311沽16400,1072.0,0.0,0.0,0.0,10,127.0,0.0,0,1072.0,0.0,0.0,0.0,0.0,0.0,0
2023-05-11 09:00:23,CF311P16400,棉花2311沽16400,1072.0,0.0,0.0,0.0,1,128.0,0.0,0,1072.0,0.0,0.0,0.0,0.0,0.0,0
2023-05-11 09:00:24,CF311P16400,棉花2311沽16400,1072.0,0.0,0.0,0.0,10,129.0,0.0,0,1072.0,0.0,0.0,0.0,0.0,0.0,0
2023-05-11 09:00:26,CF311P16400,棉花2311沽16400,1072.0,0.0,0.0,0.0,1,305.0,0.0,0,1072.0,0.0,0.0,0.0,0.0,0.0,0
2023-05-11 09:00:27,CF311P16400,棉花2311沽16400,1072.0,0.0,0.0,0.0,10,306.0,0.0,0,1072.0,0.0,0.0,0.0,0.0,0.0,0
2023-05-11 09:02:04,CF311P16400,棉花2311沽16400,1072.0,0.0,0.0,0.0,1,309.0,2024.0,1,1072.0,0.0,0.0,0.0,0.0,0.0,0
2023-05-11 09:02:05,CF311P16400,棉花2311沽16400,1072.0,0.0,0.0,0.0,10,310.0,2023.0,10,1072.0,0.0,0.0,0.0,0.0,0.0,0
2023-05-11 09:02:10,CF311P16400,棉花2311沽16400,1072.0,0.0,0.0,0.0,1,313.0,2020.0,1,1072.0,0.0,0.0,0.0,0.0,0.0,0
2023-05-11 09:02:10,CF311P16400,棉花2311沽16400,1072.0,0.0,0.0,0.0,10,314.0,2019.0,10,1072.0,0.0,0.0,0.0,0.0,0.0,0
2023-05-11 09:02:11,CF311P16400,棉花2311沽16400,1072.0,0.0,0.0,0.0,1,317.0,2019.0,10,1072.0,0.0,0.0,0.0,0.0,0.0,0
2023-05-11 09:02:11,CF311P16400,棉花2311沽16400,1072.0,0.0,0.0,0.0,10,318.0,2016.0,1,1072.0,0.0,0.0,0.0,0.0,0.0,0
2023-05-11 09:02:12,CF311P16400,棉花2311沽16400,1072.0,0.0,0.0,0.0,10,318.0,2015.0,10,1072.0,0.0,0.0,0.0,0.0,0.0,0
2023-05-11 09:02:17,CF311P16400,棉花2311沽16400,1072.0,0.0,0.0,0.0,1,321.0,2015.0,10,1072.0,0.0,0.0,0.0,0.0,0.0,0
2023-05-11 09:02:17,CF311P16400,棉花2311沽16400,1072.0,0.0,0.0,0.0,10,322.0,2015.0,10,1072.0,0.0,0.0,0.0,0.0,0.0,0
2023-05-11 09:02:19,CF311P16400,棉花2311沽16400,1072.0,0.0,0.0,0.0,1,325.0,2012.0,1,1072.0,0.0,0.0,0.0,0.0,0.0,0
2023-05-11 09:02:20,CF311P16400,棉花2311沽16400,1072.0,0.0,0.0,0.0,10,326.0,2011.0,10,1072.0,0.0,0.0,0.0,0.0,0.0,0
2023-05-11 09:02:20,CF311P16400,棉花2311沽16400,1072.0,0.0,0.0,0.0,1,329.0,2008.0,1,1072.0,0.0,0.0,0.0,0.0,0.0,0
2023-05-11 09:02:21,CF311P16400,棉花2311沽16400,1072.0,0.0,0.0,0.0,10,330.0,2007.0,10,1072.0,0.0,0.0,0.0,0.0,0.0,0
2023-05-11 09:02:22,CF311P16400,棉花2311沽16400,1072.0,0.0,0.0,0.0,1,333.0,2004.0,1,1072.0,0.0,0.0,0.0,0.0,0.0,0
2023-05-11 09:02:23,CF311P16400,棉花2311沽16400,1072.0,0.0,0.0,0.0,10,334.0,2003.0,10,1072.0,0.0,0.0,0.0,0.0,0.0,0
2023-05-11 09:02:27,CF311P16400,棉花2311沽16400,1072.0,0.0,0.0,0.0,1,337.0,2000.0,1,1072.0,0.0,0.0,0.0,0.0,0.0,0
2023-05-11 09:02:28,CF311P16400,棉花2311沽16400,1072.0,0.0,0.0,0.0,10,338.0,1999.0,10,1072.0,0.0,0.0,0.0,0.0,0.0,0
2023-05-11 09:02:29,CF311P16400,棉花2311沽16400,1072.0,0.0,0.0,0.0,1,341.0,1996.0,1,1072.0,0.0,0.0,0.0,0.0,0.0,0
2023-05-11 09:02:30,CF311P16400,棉花2311沽16400,1072.0,0.0,0.0,0.0,10,342.0,1995.0,10,1072.0,0.0,0.0,0.0,0.0,0.0,0
2023-05-11 09:02:31,CF311P16400,棉花2311沽16400,1072.0,0.0,0.0,0.0,1,345.0,1995.0,10,1072.0,0.0,0.0,0.0,0.0,0.0,0
2023-05-11 09:02:32,CF311P16400,棉花2311沽16400,1072.0,0.0,0.0,0.0,10,346.0,1995.0,10,1072.0,0.0,0.0,0.0,0.0,0.0,0
2023-05-11 09:02:33,CF311P16400,棉花2311沽16400,1072.0,0.0,0.0,0.0,1,349.0,1995.0,10,1072.0,0.0,0.0,0.0,0.0,0.0,0
2023-05-11 09:02:34,CF311P16400,棉花2311沽16400,1072.0,0.0,0.0,0.0,10,350.0,1995.0,10,1072.0,0.0,0.0,0.0,0.0,0.0,0
2023-05-11 09:02:36,CF311P16400,棉花2311沽16400,1072.0,0.0,0.0,0.0,1,353.0,1995.0,10,1072.0,0.0,0.0,0.0,0.0,0.0,0
2023-05-11 09:02:37,CF311P16400,棉花2311沽16400,1072.0,0.0,0.0,0.0,10,354.0,1995.0,10,1072.0,0.0,0.0,0.0,0.0,0.0,0
2023-05-11 09:02:39,CF311P16400,棉花2311沽16400,1072.0,0.0,0.0,0.0,1,357.0,1992.0,1,1072.0,0.0,0.0,0.0,0.0,0.0,0
2023-05-11 09:02:40,CF311P16400,棉花2311沽16400,1072.0,0.0,0.0,0.0,10,358.0,1991.0,10,1072.0,0.0,0.0,0.0,0.0,0.0,0
2023-05-11 09:02:42,CF311P16400,棉花2311沽16400,1072.0,0.0,0.0,0.0,1,361.0,1988.0,1,1072.0,0.0,0.0,0.0,0.0,0.0,0
2023-05-11 09:02:42,CF311P16400,棉花2311沽16400,1072.0,0.0,0.0,0.0,10,362.0,1987.0,10,1072.0,0.0,0.0,0.0,0.0,0.0,0
2023-05-11 09:02:44,CF311P16400,棉花2311沽16400,1072.0,0.0,0.0,0.0,1,365.0,1984.0,1,1072.0,0.0,0.0,0.0,0.0,0.0,0
2023-05-11 09:02:44,CF311P16400,棉花2311沽16400,1072.0,0.0,0.0,0.0,10,366.0,1983.0,10,1072.0,0.0,0.0,0.0,0.0,0.0,0
2023-05-11 09:02:45,CF311P16400,棉花2311沽16400,1072.0,0.0,0.0,0.0,1,369.0,1983.0,10,1072.0,0.0,0.0,0.0,0.0,0.0,0
2023-05-11 09:02:46,CF311P16400,棉花2311沽16400,1072.0,0.0,0.0,0.0,10,370.0,1983.0,10,1072.0,0.0,0.0,0.0,0.0,0.0,0
2023-05-11 09:02:49,CF311P16400,棉花2311沽16400,1072.0,0.0,0.0,0.0,1,373.0,1980.0,1,1072.0,0.0,0.0,0.0,0.0,0.0,0
2023-05-11 09:02:49,CF311P16400,棉花2311沽16400,1072.0,0.0,0.0,0.0,10,374.0,1979.0,10,1072.0,0.0,0.0,0.0,0.0,0.0,0
2023-05-11 09:02:51,CF311P16400,棉花2311沽16400,1072.0,0.0,0.0,0.0,1,377.0,1976.0,1,1072.0,0.0,0.0,0.0,0.0,0.0,0
2023-05-11 09:02:51,CF311P16400,棉花2311沽16400,1072.0,0.0,0.0,0.0,10,378.0,1975.0,10,1072.0,0.0,0.0,0.0,0.0,0.0,0
2023-05-11 09:02:53,CF311P16400,棉花2311沽16400,1072.0,0.0,0.0,0.0,1,381.0,1972.0,1,1072.0,0.0,0.0,0.0,0.0,0.0,0
2023-05-11 09:02:54,CF311P16400,棉花2311沽16400,1072.0,0.0,0.0,0.0,10,382.0,1971.0,10,1072.0,0.0,0.0,0.0,0.0,0.0,0
2023-05-11 09:02:55,CF311P16400,棉花2311沽16400,1072.0,0.0,0.0,0.0,1,385.0,1968.0,1,1072.0,0.0,0.0,0.0,0.0,0.0,0
2023-05-11 09:02:55,CF311P16400,棉花2311沽16400,1072.0,0.0,0.0,0.0,10,386.0,1967.0,10,1072.0,0.0,0.0,0.0,0.0,0.0,0
2023-05-11 09:02:56,CF311P16400,棉花2311沽16400,1072.0,0.0,0.0,0.0,1,389.0,1964.0,1,1072.0,0.0,0.0,0.0,0.0,0.0,0
2023-05-11 09:02:56,CF311P16400,棉花2311沽16400,1072.0,0.0,0.0,0.0,10,390.0,1963.0,10,1072.0,0.0,0.0,0.0,0.0,0.0,0
2023-05-11 09:02:58,CF311P16400,棉花2311沽16400,1072.0,0.0,0.0,0.0,1,393.0,1960.0,1,1072.0,0.0,0.0,0.0,0.0,0.0,0
2023-05-11 09:02:58,CF311P16400,棉花2311沽16400,1072.0,0.0,0.0,0.0,10,394.0,1959.0,10,1072.0,0.0,0.0,0.0,0.0,0.0,0
2023-05-11 09:03:00,CF311P16400,棉花2311沽16400,1072.0,0.0,0.0,0.0,1,397.0,1956.0,1,1072.0,0.0,0.0,0.0,0.0,0.0,0
2023-05-11 09:03:01,CF311P16400,棉花2311沽16400,1072.0,0.0,0.0,0.0,10,398.0,1955.0,10,1072.0,0.0,0.0,0.0,0.0,0.0,0
2023-05-11 09:03:02,CF311P16400,棉花2311沽16400,1072.0,0.0,0.0,0.0,1,401.0,1952.0,1,1072.0,0.0,0.0,0.0,0.0,0.0,0
2023-05-11 09:03:02,CF311P16400,棉花2311沽16400,1072.0,0.0,0.0,0.0,10,402.0,1951.0,10,1072.0,0.0,0.0,0.0,0.0,0.0,0
2023-05-11 09:03:04,CF311P16400,棉花2311沽16400,1072.0,0.0,0.0,0.0,1,405.0,1948.0,1,1072.0,0.0,0.0,0.0,0.0,0.0,0
2023-05-11 09:03:04,CF311P16400,棉花2311沽16400,1072.0,0.0,0.0,0.0,10,406.0,1947.0,10,1072.0,0.0,0.0,0.0,0.0,0.0,0
2023-05-11 09:03:06,CF311P16400,棉花2311沽16400,1072.0,0.0,0.0,0.0,1,409.0,1947.0,10,1072.0,0.0,0.0,0.0,0.0,0.0,0
2023-05-11 09:03:06,CF311P16400,棉花2311沽16400,1072.0,0.0,0.0,0.0,10,410.0,1944.0,1,1072.0,0.0,0.0,0.0,0.0,0.0,0
2023-05-11 09:03:06,CF311P16400,棉花2311沽16400,1072.0,0.0,0.0,0.0,10,410.0,1943.0,10,1072.0,0.0,0.0,0.0,0.0,0.0,0
2023-05-11 09:03:10,CF311P16400,棉花2311沽16400,1072.0,0.0,0.0,0.0,1,413.0,1940.0,1,1072.0,0.0,0.0,0.0,0.0,0.0,0
2023-05-11 09:03:10,CF311P16400,棉花2311沽16400,1072.0,0.0,0.0,0.0,10,414.0,1939.0,10,1072.0,0.0,0.0,0.0,0.0,0.0,0
2023-05-11 09:03:14,CF311P16400,棉花2311沽16400,1072.0,0.0,0.0,0.0,1,417.0,1939.0,10,1072.0,0.0,0.0,0.0,0.0,0.0,0
2023-05-11 09:03:14,CF311P16400,棉花2311沽16400,1072.0,0.0,0.0,0.0,10,418.0,1936.0,1,1072.0,0.0,0.0,0.0,0.0,0.0,0
2023-05-11 09:03:15,CF311P16400,棉花2311沽16400,1072.0,0.0,0.0,0.0,1,421.0,1935.0,10,1072.0,0.0,0.0,0.0,0.0,0.0,0
2023-05-11 09:03:15,CF311P16400,棉花2311沽16400,1072.0,0.0,0.0,0.0,10,422.0,1932.0,1,1072.0,0.0,0.0,0.0,0.0,0.0,0
2023-05-11 09:03:16,CF311P16400,棉花2311沽16400,1072.0,0.0,0.0,0.0,10,422.0,1931.0,10,1072.0,0.0,0.0,0.0,0.0,0.0,0
2023-05-11 09:03:16,CF311P16400,棉花2311沽16400,1072.0,0.0,0.0,0.0,1,425.0,1928.0,1,1072.0,0.0,0.0,0.0,0.0,0.0,0
2023-05-11 09:03:17,CF311P16400,棉花2311沽16400,1072.0,0.0,0.0,0.0,10,426.0,1927.0,10,1072.0,0.0,0.0,0.0,0.0,0.0,0
2023-05-11 09:03:18,CF311P16400,棉花2311沽16400,1072.0,0.0,0.0,0.0,1,429.0,1924.0,1,1072.0,0.0,0.0,0.0,0.0,0.0,0
2023-05-11 09:03:18,CF311P16400,棉花2311沽16400,1072.0,0.0,0.0,0.0,10,430.0,1923.0,10,1072.0,0.0,0.0,0.0,0.0,0.0,0
2023-05-11 09:03:19,CF311P16400,棉花2311沽16400,1072.0,0.0,0.0,0.0,1,433.0,1920.0,1,1072.0,0.0,0.0,0.0,0.0,0.0,0
2023-05-11 09:03:19,CF311P16400,棉花2311沽16400,1072.0,0.0,0.0,0.0,10,434.0,1919.0,10,1072.0,0.0,0.0,0.0,0.0,0.0,0
2023-05-11 09:03:20,CF311P16400,棉花2311沽16400,1072.0,0.0,0.0,0.0,1,437.0,1916.0,1,1072.0,0.0,0.0,0.0,0.0,0.0,0
2023-05-11 09:03:20,CF311P16400,棉花2311沽16400,1072.0,0.0,0.0,0.0,10,438.0,1915.0,10,1072.0,0.0,0.0,0.0,0.0,0.0,0
2023-05-11 09:03:22,CF311P16400,棉花2311沽16400,1072.0,0.0,0.0,0.0,1,441.0,1912.0,1,1072.0,0.0,0.0,0.0,0.0,0.0,0
2023-05-11 09:03:22,CF311P16400,棉花2311沽16400,1072.0,0.0,0.0,0.0,10,442.0,1911.0,10,1072.0,0.0,0.0,0.0,0.0,0.0,0
2023-05-11 09:03:25,CF311P16400,棉花2311沽16400,1072.0,0.0,0.0,0.0,1,445.0,1911.0,10,1072.0,0.0,0.0,0.0,0.0,0.0,0
2023-05-11 09:03:25,CF311P16400,棉花2311沽16400,1072.0,0.0,0.0,0.0,10,446.0,1911.0,10,1072.0,0.0,0.0,0.0,0.0,0.0,0
2023-05-11 09:03:26,CF311P16400,棉花2311沽16400,1072.0,0.0,0.0,0.0,1,449.0,1911.0,10,1072.0,0.0,0.0,0.0,0.0,0.0,0
2023-05-11 09:03:26,CF311P16400,棉花2311沽16400,1072.0,0.0,0.0,0.0,10,450.0,1911.0,10,1072.0,0.0,0.0,0.0,0.0,0.0,0
2023-05-11 09:03:29,CF311P16400,棉花2311沽16400,1072.0,0.0,0.0,0.0,1,453.0,1911.0,10,1072.0,0.0,0.0,0.0,0.0,0.0,0
2023-05-11 09:03:29,CF311P16400,棉花2311沽16400,1072.0,0.0,0.0,0.0,10,454.0,1911.0,10,1072.0,0.0,0.0,0.0,0.0,0.0,0
2023-05-11 09:03:30,CF311P16400,棉花2311沽16400,1072.0,0.0,0.0,0.0,1,457.0,1908.0,1,1072.0,0.0,0.0,0.0,0.0,0.0,0
2023-05-11 09:03:30,CF311P16400,棉花2311沽16400,1072.0,0.0,0.0,0.0,10,458.0,1907.0,10,1072.0,0.0,0.0,0.0,0.0,0.0,0
2023-05-11 09:03:30,CF311P16400,棉花2311沽16400,1072.0,0.0,0.0,0.0,10,458.0,1904.0,1,1072.0,0.0,0.0,0.0,0.0,0.0,0
2023-05-11 09:03:31,CF311P16400,棉花2311沽16400,1072.0,0.0,0.0,0.0,10,458.0,1903.0,10,1072.0,0.0,0.0,0.0,0.0,0.0,0
2023-05-11 09:03:31,CF311P16400,棉花2311沽16400,1072.0,0.0,0.0,0.0,10,458.0,1900.0,1,1072.0,0.0,0.0,0.0,0.0,0.0,0
2023-05-11 09:03:32,CF311P16400,棉花2311沽16400,1072.0,0.0,0.0,0.0,10,458.0,1899.0,10,1072.0,0.0,0.0,0.0,0.0,0.0,0
2023-05-11 09:03:33,CF311P16400,棉花2311沽16400,1072.0,0.0,0.0,0.0,1,461.0,1899.0,10,1072.0,0.0,0.0,0.0,0.0,0.0,0
2023-05-11 09:03:33,CF311P16400,棉花2311沽16400,1072.0,0.0,0.0,0.0,10,462.0,1899.0,10,1072.0,0.0,0.0,0.0,0.0,0.0,0
2023-05-11 09:03:35,CF311P16400,棉花2311沽16400,1072.0,0.0,0.0,0.0,1,465.0,1896.0,1,1072.0,0.0,0.0,0.0,0.0,0.0,0
2023-05-11 09:03:35,CF311P16400,棉花2311沽16400,1072.0,0.0,0.0,0.0,10,466.0,1895.0,10,1072.0,0.0,0.0,0.0,0.0,0.0,0
2023-05-11 09:03:36,CF311P16400,棉花2311沽16400,1072.0,0.0,0.0,0.0,1,469.0,1892.0,1,1072.0,0.0,0.0,0.0,0.0,0.0,0
2023-05-11 09:03:36,CF311P16400,棉花2311沽16400,1072.0,0.0,0.0,0.0,10,470.0,1891.0,10,1072.0,0.0,0.0,0.0,0.0,0.0,0
2023-05-11 09:03:39,CF311P16400,棉花2311沽16400,1072.0,0.0,0.0,0.0,1,473.0,1888.0,1,1072.0,0.0,0.0,0.0,0.0,0.0,0
2023-05-11 09:03:39,CF311P16400,棉花2311沽16400,1072.0,0.0,0.0,0.0,10,474.0,1887.0,10,1072.0,0.0,0.0,0.0,0.0,0.0,0
2023-05-11 09:03:40,CF311P16400,棉花2311沽16400,1072.0,0.0,0.0,0.0,1,477.0,1887.0,10,1072.0,0.0,0.0,0.0,0.0,0.0,0
2023-05-11 09:03:40,CF311P16400,棉花2311沽16400,1072.0,0.0,0.0,0.0,10,478.0,1887.0,10,1072.0,0.0,0.0,0.0,0.0,0.0,0
2023-05-11 09:03:44,CF311P16400,棉花2311沽16400,1072.0,0.0,0.0,0.0,1,481.0,1887.0,10,1072.0,0.0,0.0,0.0,0.0,0.0,0
2023-05-11 09:03:44,CF311P16400,棉花2311沽16400,1072.0,0.0,0.0,0.0,10,482.0,1887.0,10,1072.0,0.0,0.0,0.0,0.0,0.0,0
2023-05-11 09:03:44,CF311P16400,棉花2311沽16400,1072.0,0.0,0.0,0.0,10,482.0,1884.0,1,1072.0,0.0,0.0,0.0,0.0,0.0,0
2023-05-11 09:03:45,CF311P16400,棉花2311沽16400,1072.0,0.0,0.0,0.0,10,482.0,1883.0,10,1072.0,0.0,0.0,0.0,0.0,0.0,0
2023-05-11 09:03:48,CF311P16400,棉花2311沽16400,1072.0,0.0,0.0,0.0,1,485.0,1883.0,10,1072.0,0.0,0.0,0.0,0.0,0.0,0
2023-05-11 09:03:48,CF311P16400,棉花2311沽16400,1072.0,0.0,0.0,0.0,10,486.0,1883.0,10,1072.0,0.0,0.0,0.0,0.0,0.0,0
2023-05-11 09:03:49,CF311P16400,棉花2311沽16400,1072.0,0.0,0.0,0.0,1,489.0,1883.0,10,1072.0,0.0,0.0,0.0,0.0,0.0,0
2023-05-11 09:03:49,CF311P16400,棉花2311沽16400,1072.0,0.0,0.0,0.0,10,490.0,1883.0,10,1072.0,0.0,0.0,0.0,0.0,0.0,0
2023-05-11 09:03:52,CF311P16400,棉花2311沽16400,1072.0,0.0,0.0,0.0,1,493.0,1880.0,1,1072.0,0.0,0.0,0.0,0.0,0.0,0
2023-05-11 09:03:52,CF311P16400,棉花2311沽16400,1072.0,0.0,0.0,0.0,10,494.0,1879.0,10,1072.0,0.0,0.0,0.0,0.0,0.0,0
2023-05-11 09:03:55,CF311P16400,棉花2311沽16400,1072.0,0.0,0.0,0.0,1,497.0,1876.0,1,1072.0,0.0,0.0,0.0,0.0,0.0,0
2023-05-11 09:03:55,CF311P16400,棉花2311沽16400,1072.0,0.0,0.0,0.0,10,498.0,1875.0,10,1072.0,0.0,0.0,0.0,0.0,0.0,0
2023-05-11 09:03:57,CF311P16400,棉花2311沽16400,1072.0,0.0,0.0,0.0,1,501.0,1872.0,1,1072.0,0.0,0.0,0.0,0.0,0.0,0
2023-05-11 09:03:57,CF311P16400,棉花2311沽16400,1072.0,0.0,0.0,0.0,10,502.0,1871.0,10,1072.0,0.0,0.0,0.0,0.0,0.0,0
2023-05-11 09:04:00,CF311P16400,棉花2311沽16400,1072.0,0.0,0.0,0.0,1,505.0,1868.0,1,1072.0,0.0,0.0,0.0,0.0,0.0,0
2023-05-11 09:04:00,CF311P16400,棉花2311沽16400,1072.0,0.0,0.0,0.0,10,506.0,1867.0,10,1072.0,0.0,0.0,0.0,0.0,0.0,0
2023-05-11 09:04:00,CF311P16400,棉花2311沽16400,1072.0,0.0,0.0,0.0,1,509.0,1864.0,1,1072.0,0.0,0.0,0.0,0.0,0.0,0
2023-05-11 09:04:01,CF311P16400,棉花2311沽16400,1072.0,0.0,0.0,0.0,10,510.0,1863.0,10,1072.0,0.0,0.0,0.0,0.0,0.0,0
2023-05-11 09:04:03,CF311P16400,棉花2311沽16400,1072.0,0.0,0.0,0.0,1,513.0,1860.0,1,1072.0,0.0,0.0,0.0,0.0,0.0,0
2023-05-11 09:04:03,CF311P16400,棉花2311沽16400,1072.0,0.0,0.0,0.0,10,514.0,1859.0,10,1072.0,0.0,0.0,0.0,0.0,0.0,0
2023-05-11 09:04:05,CF311P16400,棉花2311沽16400,1072.0,0.0,0.0,0.0,1,517.0,1856.0,1,1072.0,0.0,0.0,0.0,0.0,0.0,0
2023-05-11 09:04:05,CF311P16400,棉花2311沽16400,1072.0,0.0,0.0,0.0,10,518.0,1855.0,10,1072.0,0.0,0.0,0.0,0.0,0.0,0
2023-05-11 09:04:06,CF311P16400,棉花2311沽16400,1072.0,0.0,0.0,0.0,1,521.0,1855.0,10,1072.0,0.0,0.0,0.0,0.0,0.0,0
2023-05-11 09:04:06,CF311P16400,棉花2311沽16400,1072.0,0.0,0.0,0.0,10,522.0,1855.0,10,1072.0,0.0,0.0,0.0,0.0,0.0,0
2023-05-11 09:04:08,CF311P16400,棉花2311沽16400,1072.0,0.0,0.0,0.0,1,525.0,1852.0,1,1072.0,0.0,0.0,0.0,0.0,0.0,0
2023-05-11 09:04:08,CF311P16400,棉花2311沽16400,1072.0,0.0,0.0,0.0,10,526.0,1851.0,10,1072.0,0.0,0.0,0.0,0.0,0.0,0
2023-05-11 09:04:12,CF311P16400,棉花2311沽16400,1072.0,0.0,0.0,0.0,1,529.0,1848.0,1,1072.0,0.0,0.0,0.0,0.0,0.0,0
2023-05-11 09:04:12,CF311P16400,棉花2311沽16400,1072.0,0.0,0.0,0.0,10,530.0,1847.0,10,1072.0,0.0,0.0,0.0,0.0,0.0,0
2023-05-11 09:04:13,CF311P16400,棉花2311沽16400,1072.0,0.0,0.0,0.0,1,533.0,1844.0,1,1072.0,0.0,0.0,0.0,0.0,0.0,0
2023-05-11 09:04:13,CF311P16400,棉花2311沽16400,1072.0,0.0,0.0,0.0,10,534.0,1843.0,10,1072.0,0.0,0.0,0.0,0.0,0.0,0
2023-05-11 09:04:15,CF311P16400,棉花2311沽16400,1072.0,0.0,0.0,0.0,1,537.0,1840.0,1,1072.0,0.0,0.0,0.0,0.0,0.0,0
2023-05-11 09:04:15,CF311P16400,棉花2311沽16400,1072.0,0.0,0.0,0.0,10,538.0,1839.0,10,1072.0,0.0,0.0,0.0,0.0,0.0,0
2023-05-11 09:04:19,CF311P16400,棉花2311沽16400,1072.0,0.0,0.0,0.0,1,541.0,1839.0,10,1072.0,0.0,0.0,0.0,0.0,0.0,0
2023-05-11 09:04:19,CF311P16400,棉花2311沽16400,1072.0,0.0,0.0,0.0,10,542.0,1839.0,10,1072.0,0.0,0.0,0.0,0.0,0.0,0
2023-05-11 09:04:21,CF311P16400,棉花2311沽16400,1072.0,0.0,0.0,0.0,1,545.0,1836.0,1,1072.0,0.0,0.0,0.0,0.0,0.0,0
2023-05-11 09:04:21,CF311P16400,棉花2311沽16400,1072.0,0.0,0.0,0.0,10,546.0,1835.0,10,1072.0,0.0,0.0,0.0,0.0,0.0,0
2023-05-11 09:04:21,CF311P16400,棉花2311沽16400,1072.0,0.0,0.0,0.0,1,549.0,1832.0,1,1072.0,0.0,0.0,0.0,0.0,0.0,0
2023-05-11 09:04:22,CF311P16400,棉花2311沽16400,1072.0,0.0,0.0,0.0,10,550.0,1831.0,10,1072.0,0.0,0.0,0.0,0.0,0.0,0
2023-05-11 09:04:24,CF311P16400,棉花2311沽16400,1072.0,0.0,0.0,0.0,1,553.0,1828.0,1,1072.0,0.0,0.0,0.0,0.0,0.0,0
2023-05-11 09:04:24,CF311P16400,棉花2311沽16400,1072.0,0.0,0.0,0.0,10,554.0,1827.0,10,1072.0,0.0,0.0,0.0,0.0,0.0,0
2023-05-11 09:04:27,CF311P16400,棉花2311沽16400,1072.0,0.0,0.0,0.0,1,557.0,1824.0,1,1072.0,0.0,0.0,0.0,0.0,0.0,0
2023-05-11 09:04:27,CF311P16400,棉花2311沽16400,1072.0,0.0,0.0,0.0,10,558.0,1823.0,10,1072.0,0.0,0.0,0.0,0.0,0.0,0
2023-05-11 09:04:28,CF311P16400,棉花2311沽16400,1072.0,0.0,0.0,0.0,1,561.0,1823.0,10,1072.0,0.0,0.0,0.0,0.0,0.0,0
2023-05-11 09:04:28,CF311P16400,棉花2311沽16400,1072.0,0.0,0.0,0.0,10,562.0,1823.0,10,1072.0,0.0,0.0,0.0,0.0,0.0,0
2023-05-11 09:04:29,CF311P16400,棉花2311沽16400,1072.0,0.0,0.0,0.0,1,565.0,1820.0,1,1072.0,0.0,0.0,0.0,0.0,0.0,0
2023-05-11 09:04:29,CF311P16400,棉花2311沽16400,1072.0,0.0,0.0,0.0,10,566.0,1819.0,10,1072.0,0.0,0.0,0.0,0.0,0.0,0
2023-05-11 09:04:29,CF311P16400,棉花2311沽16400,1072.0,0.0,0.0,0.0,10,566.0,1816.0,1,1072.0,0.0,0.0,0.0,0.0,0.0,0
2023-05-11 09:04:30,CF311P16400,棉花2311沽16400,1072.0,0.0,0.0,0.0,1,569.0,1815.0,10,1072.0,0.0,0.0,0.0,0.0,0.0,0
2023-05-11 09:04:31,CF311P16400,棉花2311沽16400,1072.0,0.0,0.0,0.0,10,570.0,1815.0,10,1072.0,0.0,0.0,0.0,0.0,0.0,0
2023-05-11 09:04:31,CF311P16400,棉花2311沽16400,1072.0,0.0,0.0,0.0,1,573.0,1812.0,1,1072.0,0.0,0.0,0.0,0.0,0.0,0
2023-05-11 09:04:31,CF311P16400,棉花2311沽16400,1072.0,0.0,0.0,0.0,10,574.0,1811.0,10,1072.0,0.0,0.0,0.0,0.0,0.0,0
2023-05-11 09:04:33,CF311P16400,棉花2311沽16400,1072.0,0.0,0.0,0.0,1,577.0,1808.0,1,1072.0,0.0,0.0,0.0,0.0,0.0,0
2023-05-11 09:04:33,CF311P16400,棉花2311沽16400,1072.0,0.0,0.0,0.0,10,578.0,1807.0,10,1072.0,0.0,0.0,0.0,0.0,0.0,0
2023-05-11 09:04:35,CF311P16400,棉花2311沽16400,1072.0,0.0,0.0,0.0,1,581.0,1804.0,1,1072.0,0.0,0.0,0.0,0.0,0.0,0
2023-05-11 09:04:35,CF311P16400,棉花2311沽16400,1072.0,0.0,0.0,0.0,10,582.0,1803.0,10,1072.0,0.0,0.0,0.0,0.0,0.0,0
2023-05-11 09:04:36,CF311P16400,棉花2311沽16400,1072.0,0.0,0.0,0.0,1,585.0,1800.0,1,1072.0,0.0,0.0,0.0,0.0,0.0,0
2023-05-11 09:04:36,CF311P16400,棉花2311沽16400,1072.0,0.0,0.0,0.0,10,586.0,1799.0,10,1072.0,0.0,0.0,0.0,0.0,0.0,0
2023-05-11 09:04:37,CF311P16400,棉花2311沽16400,1072.0,0.0,0.0,0.0,10,586.0,1796.0,1,1072.0,0.0,0.0,0.0,0.0,0.0,0
2023-05-11 09:04:38,CF311P16400,棉花2311沽16400,1072.0,0.0,0.0,0.0,1,589.0,1795.0,10,1072.0,0.0,0.0,0.0,0.0,0.0,0
2023-05-11 09:04:38,CF311P16400,棉花2311沽16400,1072.0,0.0,0.0,0.0,10,590.0,1792.0,1,1072.0,0.0,0.0,0.0,0.0,0.0,0
2023-05-11 09:04:39,CF311P16400,棉花2311沽16400,1072.0,0.0,0.0,0.0,10,590.0,1791.0,10,1072.0,0.0,0.0,0.0,0.0,0.0,0
2023-05-11 09:04:40,CF311P16400,棉花2311沽16400,1072.0,0.0,0.0,0.0,1,593.0,1788.0,1,1072.0,0.0,0.0,0.0,0.0,0.0,0
2023-05-11 09:04:40,CF311P16400,棉花2311沽16400,1072.0,0.0,0.0,0.0,10,594.0,1787.0,10,1072.0,0.0,0.0,0.0,0.0,0.0,0
2023-05-11 09:04:41,CF311P16400,棉花2311沽16400,1072.0,0.0,0.0,0.0,1,597.0,1784.0,1,1072.0,0.0,0.0,0.0,0.0,0.0,0
2023-05-11 09:04:41,CF311P16400,棉花2311沽16400,1072.0,0.0,0.0,0.0,10,598.0,1783.0,10,1072.0,0.0,0.0,0.0,0.0,0.0,0
2023-05-11 09:04:42,CF311P16400,棉花2311沽16400,1072.0,0.0,0.0,0.0,1,601.0,1780.0,1,1072.0,0.0,0.0,0.0,0.0,0.0,0
2023-05-11 09:04:42,CF311P16400,棉花2311沽16400,1072.0,0.0,0.0,0.0,10,602.0,1779.0,10,1072.0,0.0,0.0,0.0,0.0,0.0,0
2023-05-11 09:04:43,CF311P16400,棉花2311沽16400,1072.0,0.0,0.0,0.0,1,605.0,1776.0,1,1072.0,0.0,0.0,0.0,0.0,0.0,0
2023-05-11 09:04:43,CF311P16400,棉花2311沽16400,1072.0,0.0,0.0,0.0,10,606.0,1775.0,10,1072.0,0.0,0.0,0.0,0.0,0.0,0
2023-05-11 09:04:44,CF311P16400,棉花2311沽16400,1072.0,0.0,0.0,0.0,1,609.0,1772.0,1,1072.0,0.0,0.0,0.0,0.0,0.0,0
2023-05-11 09:04:44,CF311P16400,棉花2311沽16400,1072.0,0.0,0.0,0.0,10,610.0,1771.0,10,1072.0,0.0,0.0,0.0,0.0,0.0,0
2023-05-11 09:04:45,CF311P16400,棉花2311沽16400,1072.0,0.0,0.0,0.0,1,613.0,1768.0,1,1072.0,0.0,0.0,0.0,0.0,0.0,0
2023-05-11 09:04:45,CF311P16400,棉花2311沽16400,1072.0,0.0,0.0,0.0,10,614.0,1767.0,10,1072.0,0.0,0.0,0.0,0.0,0.0,0
2023-05-11 09:04:46,CF311P16400,棉花2311沽16400,1072.0,0.0,0.0,0.0,1,617.0,1764.0,1,1072.0,0.0,0.0,0.0,0.0,0.0,0
2023-05-11 09:04:46,CF311P16400,棉花2311沽16400,1072.0,0.0,0.0,0.0,10,618.0,1763.0,10,1072.0,0.0,0.0,0.0,0.0,0.0,0
2023-05-11 09:04:47,CF311P16400,棉花2311沽16400,1072.0,0.0,0.0,0.0,1,621.0,1760.0,1,1072.0,0.0,0.0,0.0,0.0,0.0,0
2023-05-11 09:04:47,CF311P16400,棉花2311沽16400,1072.0,0.0,0.0,0.0,10,622.0,1759.0,10,1072.0,0.0,0.0,0.0,0.0,0.0,0
2023-05-11 09:04:48,CF311P16400,棉花2311沽16400,1072.0,0.0,0.0,0.0,1,625.0,1756.0,1,1072.0,0.0,0.0,0.0,0.0,0.0,0
2023-05-11 09:04:48,CF311P16400,棉花2311沽16400,1072.0,0.0,0.0,0.0,10,626.0,1755.0,10,1072.0,0.0,0.0,0.0,0.0,0.0,0
2023-05-11 09:04:49,CF311P16400,棉花2311沽16400,1072.0,0.0,0.0,0.0,1,629.0,1752.0,1,1072.0,0.0,0.0,0.0,0.0,0.0,0
2023-05-11 09:04:49,CF311P16400,棉花2311沽16400,1072.0,0.0,0.0,0.0,10,630.0,1751.0,10,1072.0,0.0,0.0,0.0,0.0,0.0,0
2023-05-11 09:04:50,CF311P16400,棉花2311沽16400,1072.0,0.0,0.0,0.0,1,633.0,1748.0,1,1072.0,0.0,0.0,0.0,0.0,0.0,0
2023-05-11 09:04:50,CF311P16400,棉花2311沽16400,1072.0,0.0,0.0,0.0,10,634.0,1747.0,10,1072.0,0.0,0.0,0.0,0.0,0.0,0
2023-05-11 09:04:52,CF311P16400,棉花2311沽16400,1072.0,0.0,0.0,0.0,1,637.0,1747.0,10,1072.0,0.0,0.0,0.0,0.0,0.0,0
2023-05-11 09:04:53,CF311P16400,棉花2311沽16400,1072.0,0.0,0.0,0.0,10,638.0,1744.0,1,1072.0,0.0,0.0,0.0,0.0,0.0,0
2023-05-11 09:04:53,CF311P16400,棉花2311沽16400,1072.0,0.0,0.0,0.0,1,641.0,1743.0,10,1072.0,0.0,0.0,0.0,0.0,0.0,0
2023-05-11 09:04:54,CF311P16400,棉花2311沽16400,1072.0,0.0,0.0,0.0,10,642.0,1740.0,1,1072.0,0.0,0.0,0.0,0.0,0.0,0
2023-05-11 09:04:54,CF311P16400,棉花2311沽16400,1072.0,0.0,0.0,0.0,1,645.0,1739.0,10,1072.0,0.0,0.0,0.0,0.0,0.0,0
2023-05-11 09:04:55,CF311P16400,棉花2311沽16400,1072.0,0.0,0.0,0.0,10,646.0,1736.0,1,1072.0,0.0,0.0,0.0,0.0,0.0,0
2023-05-11 09:04:55,CF311P16400,棉花2311沽16400,1072.0,0.0,0.0,0.0,1,649.0,1735.0,10,1072.0,0.0,0.0,0.0,0.0,0.0,0
2023-05-11 09:04:56,CF311P16400,棉花2311沽16400,1072.0,0.0,0.0,0.0,10,650.0,1732.0,1,1072.0,0.0,0.0,0.0,0.0,0.0,0
2023-05-11 09:04:56,CF311P16400,棉花2311沽16400,1072.0,0.0,0.0,0.0,1,653.0,1731.0,10,1072.0,0.0,0.0,0.0,0.0,0.0,0
2023-05-11 09:04:56,CF311P16400,棉花2311沽16400,1072.0,0.0,0.0,0.0,10,654.0,1728.0,1,1072.0,0.0,0.0,0.0,0.0,0.0,0
2023-05-11 09:04:57,CF311P16400,棉花2311沽16400,1072.0,0.0,0.0,0.0,1,657.0,1727.0,10,1072.0,0.0,0.0,0.0,0.0,0.0,0
2023-05-11 09:04:58,CF311P16400,棉花2311沽16400,1072.0,0.0,0.0,0.0,10,658.0,1724.0,1,1072.0,0.0,0.0,0.0,0.0,0.0,0
2023-05-11 09:04:58,CF311P16400,棉花2311沽16400,1072.0,0.0,0.0,0.0,1,661.0,1723.0,10,1072.0,0.0,0.0,0.0,0.0,0.0,0
2023-05-11 09:04:59,CF311P16400,棉花2311沽16400,1072.0,0.0,0.0,0.0,10,662.0,1720.0,1,1072.0,0.0,0.0,0.0,0.0,0.0,0
2023-05-11 09:04:59,CF311P16400,棉花2311沽16400,1072.0,0.0,0.0,0.0,1,665.0,1719.0,10,1072.0,0.0,0.0,0.0,0.0,0.0,0
2023-05-11 09:05:00,CF311P16400,棉花2311沽16400,1072.0,0.0,0.0,0.0,10,666.0,1716.0,1,1072.0,0.0,0.0,0.0,0.0,0.0,0
2023-05-11 09:05:00,CF311P16400,棉花2311沽16400,1072.0,0.0,0.0,0.0,1,669.0,1715.0,10,1072.0,0.0,0.0,0.0,0.0,0.0,0
2023-05-11 09:05:01,CF311P16400,棉花2311沽16400,1072.0,0.0,0.0,0.0,10,670.0,1712.0,1,1072.0,0.0,0.0,0.0,0.0,0.0,0
2023-05-11 09:05:01,CF311P16400,棉花2311沽16400,1072.0,0.0,0.0,0.0,10,670.0,1711.0,10,1072.0,0.0,0.0,0.0,0.0,0.0,0
2023-05-11 09:05:01,CF311P16400,棉花2311沽16400,1072.0,0.0,0.0,0.0,10,670.0,1712.0,1,1072.0,0.0,0.0,0.0,0.0,0.0,0
2023-05-11 09:05:01,CF311P16400,棉花2311沽16400,1072.0,0.0,0.0,0.0,10,670.0,1711.0,10,1072.0,0.0,0.0,0.0,0.0,0.0,0
2023-05-11 09:24:57,CF311P16400,棉花2311沽16400,1072.0,0.0,0.0,0.0,1,673.0,1708.0,1,1072.0,0.0,0.0,0.0,0.0,0.0,0
2023-05-11 09:24:57,CF311P16400,棉花2311沽16400,1072.0,0.0,0.0,0.0,10,674.0,1707.0,10,1072.0,0.0,0.0,0.0,0.0,0.0,0
2023-05-11 09:24:57,CF311P16400,棉花2311沽16400,1072.0,0.0,0.0,0.0,1,677.0,1704.0,1,1072.0,0.0,0.0,0.0,0.0,0.0,0
2023-05-11 09:24:58,CF311P16400,棉花2311沽16400,1072.0,0.0,0.0,0.0,10,678.0,1703.0,10,1072.0,0.0,0.0,0.0,0.0,0.0,0
2023-05-11 09:24:58,CF311P16400,棉花2311沽16400,1072.0,0.0,0.0,0.0,1,681.0,1700.0,1,1072.0,0.0,0.0,0.0,0.0,0.0,0
2023-05-11 09:24:59,CF311P16400,棉花2311沽16400,1072.0,0.0,0.0,0.0,10,682.0,1699.0,10,1072.0,0.0,0.0,0.0,0.0,0.0,0
2023-05-11 09:25:00,CF311P16400,棉花2311沽16400,1072.0,0.0,0.0,0.0,1,685.0,1696.0,1,1072.0,0.0,0.0,0.0,0.0,0.0,0
2023-05-11 09:25:00,CF311P16400,棉花2311沽16400,1072.0,0.0,0.0,0.0,10,686.0,1695.0,10,1072.0,0.0,0.0,0.0,0.0,0.0,0
2023-05-11 09:25:00,CF311P16400,棉花2311沽16400,1072.0,0.0,0.0,0.0,1,689.0,1692.0,1,1072.0,0.0,0.0,0.0,0.0,0.0,0
2023-05-11 09:25:01,CF311P16400,棉花2311沽16400,1072.0,0.0,0.0,0.0,10,690.0,1691.0,10,1072.0,0.0,0.0,0.0,0.0,0.0,0
2023-05-11 09:44:57,CF311P16400,棉花2311沽16400,1072.0,0.0,0.0,0.0,1,693.0,1688.0,1,1072.0,0.0,0.0,0.0,0.0,0.0,0
2023-05-11 09:44:57,CF311P16400,棉花2311沽16400,1072.0,0.0,0.0,0.0,10,694.0,1687.0,10,1072.0,0.0,0.0,0.0,0.0,0.0,0
2023-05-11 09:44:57,CF311P16400,棉花2311沽16400,1072.0,0.0,0.0,0.0,1,697.0,1684.0,1,1072.0,0.0,0.0,0.0,0.0,0.0,0
2023-05-11 09:44:58,CF311P16400,棉花2311沽16400,1072.0,0.0,0.0,0.0,10,698.0,1683.0,10,1072.0,0.0,0.0,0.0,0.0,0.0,0
2023-05-11 09:44:58,CF311P16400,棉花2311沽16400,1072.0,0.0,0.0,0.0,1,701.0,1680.0,1,1072.0,0.0,0.0,0.0,0.0,0.0,0
2023-05-11 09:44:59,CF311P16400,棉花2311沽16400,1072.0,0.0,0.0,0.0,10,702.0,1679.0,10,1072.0,0.0,0.0,0.0,0.0,0.0,0
2023-05-11 09:44:59,CF311P16400,棉花2311沽16400,1072.0,0.0,0.0,0.0,1,705.0,1676.0,1,1072.0,0.0,0.0,0.0,0.0,0.0,0
2023-05-11 09:45:00,CF311P16400,棉花2311沽16400,1072.0,0.0,0.0,0.0,10,706.0,1675.0,10,1072.0,0.0,0.0,0.0,0.0,0.0,0
2023-05-11 09:45:00,CF311P16400,棉花2311沽16400,1072.0,0.0,0.0,0.0,1,709.0,1672.0,1,1072.0,0.0,0.0,0.0,0.0,0.0,0
2023-05-11 09:45:01,CF311P16400,棉花2311沽16400,1072.0,0.0,0.0,0.0,10,710.0,1671.0,10,1072.0,0.0,0.0,0.0,0.0,0.0,0
2023-05-11 09:46:48,CF311P16400,棉花2311沽16400,1072.0,0.0,0.0,0.0,6,1055.0,1135.0,6,1072.0,0.0,0.0,0.0,0.0,0.0,0
2023-05-11 09:46:49,CF311P16400,棉花2311沽16400,1072.0,0.0,0.0,0.0,12,1055.0,1135.0,12,1072.0,0.0,0.0,0.0,0.0,0.0,0
2023-05-11 09:46:49,CF311P16400,棉花2311沽16400,1072.0,0.0,0.0,0.0,15,1055.0,1135.0,15,1072.0,0.0,0.0,0.0,0.0,0.0,0
2023-05-11 09:46:50,CF311P16400,棉花2311沽16400,1072.0,0.0,0.0,0.0,18,1055.0,1135.0,18,1072.0,0.0,0.0,0.0,0.0,0.0,0
2023-05-11 09:46:50,CF311P16400,棉花2311沽16400,1072.0,0.0,0.0,0.0,21,1055.0,1126.0,3,1072.0,0.0,0.0,0.0,0.0,0.0,0
2023-05-11 09:46:51,CF311P16400,棉花2311沽16400,1072.0,0.0,0.0,0.0,18,1055.0,1126.0,6,1072.0,0.0,0.0,0.0,0.0,0.0,0
2023-05-11 09:46:51,CF311P16400,棉花2311沽16400,1072.0,0.0,0.0,0.0,15,1055.0,1126.0,6,1072.0,0.0,0.0,0.0,0.0,0.0,0
2023-05-11 09:46:53,CF311P16400,棉花2311沽16400,1072.0,0.0,0.0,0.0,18,1055.0,1126.0,9,1072.0,0.0,0.0,0.0,0.0,0.0,0
2023-05-11 09:46:54,CF311P16400,棉花2311沽16400,1072.0,0.0,0.0,0.0,3,1056.0,1126.0,12,1072.0,0.0,0.0,0.0,0.0,0.0,0
2023-05-11 09:46:55,CF311P16400,棉花2311沽16400,1072.0,0.0,0.0,0.0,6,1056.0,1126.0,15,1072.0,0.0,0.0,0.0,0.0,0.0,0
2023-05-11 09:46:56,CF311P16400,棉花2311沽16400,1072.0,0.0,0.0,0.0,6,1056.0,1126.0,18,1072.0,0.0,0.0,0.0,0.0,0.0,0
2023-05-11 09:46:58,CF311P16400,棉花2311沽16400,1072.0,0.0,0.0,0.0,9,1056.0,1126.0,21,1072.0,0.0,0.0,0.0,0.0,0.0,0
2023-05-11 09:47:00,CF311P16400,棉花2311沽16400,1072.0,0.0,0.0,0.0,12,1056.0,1126.0,24,1072.0,0.0,0.0,0.0,0.0,0.0,0
2023-05-11 09:47:03,CF311P16400,棉花2311沽16400,1072.0,0.0,0.0,0.0,12,1056.0,1126.0,18,1072.0,0.0,0.0,0.0,0.0,0.0,0
2023-05-11 09:47:05,CF311P16400,棉花2311沽16400,1072.0,0.0,0.0,0.0,9,1056.0,1126.0,12,1072.0,0.0,0.0,0.0,0.0,0.0,0
2023-05-11 09:47:08,CF311P16400,棉花2311沽16400,1072.0,0.0,0.0,0.0,9,1056.0,1126.0,9,1072.0,0.0,0.0,0.0,0.0,0.0,0
2023-05-11 09:47:08,CF311P16400,棉花2311沽16400,1072.0,0.0,0.0,0.0,3,1056.0,1126.0,3,1072.0,0.0,0.0,0.0,0.0,0.0,0
2023-05-11 09:47:11,CF311P16400,棉花2311沽16400,1072.0,0.0,0.0,0.0,10,306.0,0.0,0,1072.0,0.0,0.0,0.0,0.0,0.0,0
2023-05-11 09:49:24,CF311P16400,棉花2311沽16400,1072.0,0.0,0.0,0.0,2,307.0,0.0,0,1072.0,0.0,0.0,0.0,0.0,0.0,0
2023-05-11 09:49:25,CF311P16400,棉花2311沽16400,1072.0,0.0,0.0,0.0,10,308.0,0.0,0,1072.0,0.0,0.0,0.0,0.0,0.0,0
2023-05-11 09:49:26,CF311P16400,棉花2311沽16400,1072.0,0.0,0.0,0.0,2,309.0,0.0,0,1072.0,0.0,0.0,0.0,0.0,0.0,0
2023-05-11 09:49:26,CF311P16400,棉花2311沽16400,1072.0,0.0,0.0,0.0,10,310.0,0.0,0,1072.0,0.0,0.0,0.0,0.0,0.0,0
2023-05-11 09:49:27,CF311P16400,棉花2311沽16400,1072.0,0.0,0.0,0.0,2,311.0,0.0,0,1072.0,0.0,0.0,0.0,0.0,0.0,0
2023-05-11 09:49:28,CF311P16400,棉花2311沽16400,1072.0,0.0,0.0,0.0,10,312.0,0.0,0,1072.0,0.0,0.0,0.0,0.0,0.0,0
2023-05-11 09:49:28,CF311P16400,棉花2311沽16400,1072.0,0.0,0.0,0.0,2,313.0,0.0,0,1072.0,0.0,0.0,0.0,0.0,0.0,0
2023-05-11 09:49:29,CF311P16400,棉花2311沽16400,1072.0,0.0,0.0,0.0,2,314.0,0.0,0,1072.0,0.0,0.0,0.0,0.0,0.0,0
2023-05-11 09:49:29,CF311P16400,棉花2311沽16400,1072.0,0.0,0.0,0.0,10,306.0,0.0,0,1072.0,0.0,0.0,0.0,0.0,0.0,0
2023-05-11 09:49:30,CF311P16400,棉花2311沽16400,1072.0,0.0,0.0,0.0,2,307.0,0.0,0,1072.0,0.0,0.0,0.0,0.0,0.0,0
2023-05-11 09:49:30,CF311P16400,棉花2311沽16400,1072.0,0.0,0.0,0.0,10,308.0,0.0,0,1072.0,0.0,0.0,0.0,0.0,0.0,0
2023-05-11 09:49:31,CF311P16400,棉花2311沽16400,1072.0,0.0,0.0,0.0,2,309.0,0.0,0,1072.0,0.0,0.0,0.0,0.0,0.0,0
2023-05-11 09:49:32,CF311P16400,棉花2311沽16400,1072.0,0.0,0.0,0.0,10,310.0,0.0,0,1072.0,0.0,0.0,0.0,0.0,0.0,0
2023-05-11 09:49:32,CF311P16400,棉花2311沽16400,1072.0,0.0,0.0,0.0,2,311.0,0.0,0,1072.0,0.0,0.0,0.0,0.0,0.0,0
2023-05-11 09:49:33,CF311P16400,棉花2311沽16400,1072.0,0.0,0.0,0.0,2,312.0,0.0,0,1072.0,0.0,0.0,0.0,0.0,0.0,0
2023-05-11 09:49:33,CF311P16400,棉花2311沽16400,1072.0,0.0,0.0,0.0,2,313.0,0.0,0,1072.0,0.0,0.0,0.0,0.0,0.0,0
2023-05-11 09:49:34,CF311P16400,棉花2311沽16400,1072.0,0.0,0.0,0.0,10,306.0,0.0,0,1072.0,0.0,0.0,0.0,0.0,0.0,0
2023-05-11 09:49:34,CF311P16400,棉花2311沽16400,1072.0,0.0,0.0,0.0,2,314.0,0.0,0,1072.0,0.0,0.0,0.0,0.0,0.0,0
2023-05-11 09:49:35,CF311P16400,棉花2311沽16400,1072.0,0.0,0.0,0.0,10,315.0,0.0,0,1072.0,0.0,0.0,0.0,0.0,0.0,0
2023-05-11 09:49:35,CF311P16400,棉花2311沽16400,1072.0,0.0,0.0,0.0,2,316.0,0.0,0,1072.0,0.0,0.0,0.0,0.0,0.0,0
2023-05-11 09:49:36,CF311P16400,棉花2311沽16400,1072.0,0.0,0.0,0.0,2,317.0,0.0,0,1072.0,0.0,0.0,0.0,0.0,0.0,0
2023-05-11 09:49:36,CF311P16400,棉花2311沽16400,1072.0,0.0,0.0,0.0,2,318.0,0.0,0,1072.0,0.0,0.0,0.0,0.0,0.0,0
2023-05-11 09:49:37,CF311P16400,棉花2311沽16400,1072.0,0.0,0.0,0.0,1,305.0,0.0,0,1072.0,0.0,0.0,0.0,0.0,0.0,0
2023-05-11 09:49:37,CF311P16400,棉花2311沽16400,1072.0,0.0,0.0,0.0,2,313.0,0.0,0,1072.0,0.0,0.0,0.0,0.0,0.0,0
2023-05-11 09:49:38,CF311P16400,棉花2311沽16400,1072.0,0.0,0.0,0.0,10,314.0,0.0,0,1072.0,0.0,0.0,0.0,0.0,0.0,0
2023-05-11 09:49:38,CF311P16400,棉花2311沽16400,1072.0,0.0,0.0,0.0,2,322.0,0.0,0,1072.0,0.0,0.0,0.0,0.0,0.0,0
2023-05-11 09:49:39,CF311P16400,棉花2311沽16400,1072.0,0.0,0.0,0.0,2,323.0,0.0,0,1072.0,0.0,0.0,0.0,0.0,0.0,0
2023-05-11 09:49:39,CF311P16400,棉花2311沽16400,1072.0,0.0,0.0,0.0,2,324.0,0.0,0,1072.0,0.0,0.0,0.0,0.0,0.0,0
2023-05-11 09:49:40,CF311P16400,棉花2311沽16400,1072.0,0.0,0.0,0.0,1,305.0,0.0,0,1072.0,0.0,0.0,0.0,0.0,0.0,0
2023-05-11 09:49:40,CF311P16400,棉花2311沽16400,1072.0,0.0,0.0,0.0,12,306.0,0.0,0,1072.0,0.0,0.0,0.0,0.0,0.0,0
2023-05-11 09:49:41,CF311P16400,棉花2311沽16400,1072.0,0.0,0.0,0.0,10,306.0,0.0,0,1072.0,0.0,0.0,0.0,0.0,0.0,0
2023-05-11 09:49:41,CF311P16400,棉花2311沽16400,1072.0,0.0,0.0,0.0,2,314.0,0.0,0,1072.0,0.0,0.0,0.0,0.0,0.0,0
2023-05-11 09:49:42,CF311P16400,棉花2311沽16400,1072.0,0.0,0.0,0.0,10,315.0,0.0,0,1072.0,0.0,0.0,0.0,0.0,0.0,0
2023-05-11 09:49:42,CF311P16400,棉花2311沽16400,1072.0,0.0,0.0,0.0,2,323.0,0.0,0,1072.0,0.0,0.0,0.0,0.0,0.0,0
2023-05-11 09:49:43,CF311P16400,棉花2311沽16400,1072.0,0.0,0.0,0.0,10,324.0,0.0,0,1072.0,0.0,0.0,0.0,0.0,0.0,0
2023-05-11 09:49:43,CF311P16400,棉花2311沽16400,1072.0,0.0,0.0,0.0,2,325.0,0.0,0,1072.0,0.0,0.0,0.0,0.0,0.0,0
2023-05-11 09:49:44,CF311P16400,棉花2311沽16400,1072.0,0.0,0.0,0.0,10,326.0,0.0,0,1072.0,0.0,0.0,0.0,0.0,0.0,0
2023-05-11 09:49:44,CF311P16400,棉花2311沽16400,1072.0,0.0,0.0,0.0,2,327.0,0.0,0,1072.0,0.0,0.0,0.0,0.0,0.0,0
2023-05-11 09:49:45,CF311P16400,棉花2311沽16400,1072.0,0.0,0.0,0.0,10,328.0,0.0,0,1072.0,0.0,0.0,0.0,0.0,0.0,0
2023-05-11 09:49:45,CF311P16400,棉花2311沽16400,1072.0,0.0,0.0,0.0,2,329.0,0.0,0,1072.0,0.0,0.0,0.0,0.0,0.0,0
2023-05-11 09:49:46,CF311P16400,棉花2311沽16400,1072.0,0.0,0.0,0.0,10,330.0,0.0,0,1072.0,0.0,0.0,0.0,0.0,0.0,0
2023-05-11 09:49:46,CF311P16400,棉花2311沽16400,1072.0,0.0,0.0,0.0,2,331.0,0.0,0,1072.0,0.0,0.0,0.0,0.0,0.0,0
2023-05-11 09:49:47,CF311P16400,棉花2311沽16400,1072.0,0.0,0.0,0.0,10,332.0,0.0,0,1072.0,0.0,0.0,0.0,0.0,0.0,0
2023-05-11 09:49:48,CF311P16400,棉花2311沽16400,1072.0,0.0,0.0,0.0,2,340.0,0.0,0,1072.0,0.0,0.0,0.0,0.0,0.0,0
2023-05-11 09:49:48,CF311P16400,棉花2311沽16400,1072.0,0.0,0.0,0.0,10,306.0,0.0,0,1072.0,0.0,0.0,0.0,0.0,0.0,0
2023-05-11 09:49:49,CF311P16400,棉花2311沽16400,1072.0,0.0,0.0,0.0,2,322.0,0.0,0,1072.0,0.0,0.0,0.0,0.0,0.0,0
2023-05-11 09:49:49,CF311P16400,棉花2311沽16400,1072.0,0.0,0.0,0.0,10,323.0,0.0,0,1072.0,0.0,0.0,0.0,0.0,0.0,0
2023-05-11 09:49:50,CF311P16400,棉花2311沽16400,1072.0,0.0,0.0,0.0,2,324.0,0.0,0,1072.0,0.0,0.0,0.0,0.0,0.0,0
2023-05-11 09:49:50,CF311P16400,棉花2311沽16400,1072.0,0.0,0.0,0.0,10,325.0,0.0,0,1072.0,0.0,0.0,0.0,0.0,0.0,0
2023-05-11 09:49:51,CF311P16400,棉花2311沽16400,1072.0,0.0,0.0,0.0,2,326.0,0.0,0,1072.0,0.0,0.0,0.0,0.0,0.0,0
2023-05-11 09:49:51,CF311P16400,棉花2311沽16400,1072.0,0.0,0.0,0.0,10,327.0,0.0,0,1072.0,0.0,0.0,0.0,0.0,0.0,0
2023-05-11 09:49:52,CF311P16400,棉花2311沽16400,1072.0,0.0,0.0,0.0,2,328.0,0.0,0,1072.0,0.0,0.0,0.0,0.0,0.0,0
2023-05-11 09:49:52,CF311P16400,棉花2311沽16400,1072.0,0.0,0.0,0.0,10,329.0,0.0,0,1072.0,0.0,0.0,0.0,0.0,0.0,0
2023-05-11 09:49:53,CF311P16400,棉花2311沽16400,1072.0,0.0,0.0,0.0,2,330.0,0.0,0,1072.0,0.0,0.0,0.0,0.0,0.0,0
2023-05-11 09:49:53,CF311P16400,棉花2311沽16400,1072.0,0.0,0.0,0.0,10,331.0,0.0,0,1072.0,0.0,0.0,0.0,0.0,0.0,0
2023-05-11 09:49:54,CF311P16400,棉花2311沽16400,1072.0,0.0,0.0,0.0,2,332.0,0.0,0,1072.0,0.0,0.0,0.0,0.0,0.0,0
2023-05-11 09:49:54,CF311P16400,棉花2311沽16400,1072.0,0.0,0.0,0.0,10,333.0,0.0,0,1072.0,0.0,0.0,0.0,0.0,0.0,0
2023-05-11 09:49:55,CF311P16400,棉花2311沽16400,1072.0,0.0,0.0,0.0,2,341.0,0.0,0,1072.0,0.0,0.0,0.0,0.0,0.0,0
2023-05-11 09:49:55,CF311P16400,棉花2311沽16400,1072.0,0.0,0.0,0.0,2,349.0,0.0,0,1072.0,0.0,0.0,0.0,0.0,0.0,0
2023-05-11 09:49:56,CF311P16400,棉花2311沽16400,1072.0,0.0,0.0,0.0,10,306.0,0.0,0,1072.0,0.0,0.0,0.0,0.0,0.0,0
2023-05-11 09:49:56,CF311P16400,棉花2311沽16400,1072.0,0.0,0.0,0.0,2,322.0,0.0,0,1072.0,0.0,0.0,0.0,0.0,0.0,0
2023-05-11 09:49:57,CF311P16400,棉花2311沽16400,1072.0,0.0,0.0,0.0,10,323.0,0.0,0,1072.0,0.0,0.0,0.0,0.0,0.0,0
2023-05-11 09:49:57,CF311P16400,棉花2311沽16400,1072.0,0.0,0.0,0.0,2,324.0,0.0,0,1072.0,0.0,0.0,0.0,0.0,0.0,0
2023-05-11 09:49:58,CF311P16400,棉花2311沽16400,1072.0,0.0,0.0,0.0,10,325.0,0.0,0,1072.0,0.0,0.0,0.0,0.0,0.0,0
2023-05-11 09:49:58,CF311P16400,棉花2311沽16400,1072.0,0.0,0.0,0.0,2,326.0,0.0,0,1072.0,0.0,0.0,0.0,0.0,0.0,0
2023-05-11 09:49:59,CF311P16400,棉花2311沽16400,1072.0,0.0,0.0,0.0,10,327.0,0.0,0,1072.0,0.0,0.0,0.0,0.0,0.0,0
2023-05-11 09:49:59,CF311P16400,棉花2311沽16400,1072.0,0.0,0.0,0.0,2,328.0,0.0,0,1072.0,0.0,0.0,0.0,0.0,0.0,0
2023-05-11 09:50:00,CF311P16400,棉花2311沽16400,1072.0,0.0,0.0,0.0,10,329.0,0.0,0,1072.0,0.0,0.0,0.0,0.0,0.0,0
2023-05-11 09:50:00,CF311P16400,棉花2311沽16400,1072.0,0.0,0.0,0.0,2,330.0,0.0,0,1072.0,0.0,0.0,0.0,0.0,0.0,0
2023-05-11 09:50:01,CF311P16400,棉花2311沽16400,1072.0,0.0,0.0,0.0,10,331.0,0.0,0,1072.0,0.0,0.0,0.0,0.0,0.0,0
2023-05-11 09:50:01,CF311P16400,棉花2311沽16400,1072.0,0.0,0.0,0.0,2,332.0,0.0,0,1072.0,0.0,0.0,0.0,0.0,0.0,0
2023-05-11 09:50:02,CF311P16400,棉花2311沽16400,1072.0,0.0,0.0,0.0,10,333.0,0.0,0,1072.0,0.0,0.0,0.0,0.0,0.0,0
2023-05-11 09:50:03,CF311P16400,棉花2311沽16400,1072.0,0.0,0.0,0.0,2,349.0,0.0,0,1072.0,0.0,0.0,0.0,0.0,0.0,0
2023-05-11 09:50:03,CF311P16400,棉花2311沽16400,1072.0,0.0,0.0,0.0,10,350.0,0.0,0,1072.0,0.0,0.0,0.0,0.0,0.0,0
2023-05-11 09:50:04,CF311P16400,棉花2311沽16400,1072.0,0.0,0.0,0.0,2,366.0,0.0,0,1072.0,0.0,0.0,0.0,0.0,0.0,0
2023-05-11 09:50:04,CF311P16400,棉花2311沽16400,1072.0,0.0,0.0,0.0,10,367.0,0.0,0,1072.0,0.0,0.0,0.0,0.0,0.0,0
2023-05-11 09:50:05,CF311P16400,棉花2311沽16400,1072.0,0.0,0.0,0.0,2,368.0,0.0,0,1072.0,0.0,0.0,0.0,0.0,0.0,0
2023-05-11 09:50:05,CF311P16400,棉花2311沽16400,1072.0,0.0,0.0,0.0,10,369.0,0.0,0,1072.0,0.0,0.0,0.0,0.0,0.0,0
2023-05-11 09:50:06,CF311P16400,棉花2311沽16400,1072.0,0.0,0.0,0.0,2,370.0,0.0,0,1072.0,0.0,0.0,0.0,0.0,0.0,0
2023-05-11 09:50:06,CF311P16400,棉花2311沽16400,1072.0,0.0,0.0,0.0,10,371.0,0.0,0,1072.0,0.0,0.0,0.0,0.0,0.0,0
2023-05-11 09:50:07,CF311P16400,棉花2311沽16400,1072.0,0.0,0.0,0.0,2,372.0,0.0,0,1072.0,0.0,0.0,0.0,0.0,0.0,0
2023-05-11 09:50:07,CF311P16400,棉花2311沽16400,1072.0,0.0,0.0,0.0,10,373.0,0.0,0,1072.0,0.0,0.0,0.0,0.0,0.0,0
2023-05-11 09:50:08,CF311P16400,棉花2311沽16400,1072.0,0.0,0.0,0.0,2,374.0,0.0,0,1072.0,0.0,0.0,0.0,0.0,0.0,0
2023-05-11 09:50:08,CF311P16400,棉花2311沽16400,1072.0,0.0,0.0,0.0,10,375.0,0.0,0,1072.0,0.0,0.0,0.0,0.0,0.0,0
2023-05-11 09:50:09,CF311P16400,棉花2311沽16400,1072.0,0.0,0.0,0.0,2,376.0,0.0,0,1072.0,0.0,0.0,0.0,0.0,0.0,0
2023-05-11 09:50:09,CF311P16400,棉花2311沽16400,1072.0,0.0,0.0,0.0,10,377.0,0.0,0,1072.0,0.0,0.0,0.0,0.0,0.0,0
2023-05-11 10:04:57,CF311P16400,棉花2311沽16400,1072.0,0.0,0.0,0.0,1,380.0,2024.0,1,1072.0,0.0,0.0,0.0,0.0,0.0,0
2023-05-11 10:04:57,CF311P16400,棉花2311沽16400,1072.0,0.0,0.0,0.0,10,381.0,2023.0,10,1072.0,0.0,0.0,0.0,0.0,0.0,0
2023-05-11 10:04:57,CF311P16400,棉花2311沽16400,1072.0,0.0,0.0,0.0,1,384.0,2020.0,1,1072.0,0.0,0.0,0.0,0.0,0.0,0
2023-05-11 10:04:58,CF311P16400,棉花2311沽16400,1072.0,0.0,0.0,0.0,10,385.0,2019.0,10,1072.0,0.0,0.0,0.0,0.0,0.0,0
2023-05-11 10:04:58,CF311P16400,棉花2311沽16400,1072.0,0.0,0.0,0.0,1,388.0,2016.0,1,1072.0,0.0,0.0,0.0,0.0,0.0,0
2023-05-11 10:04:59,CF311P16400,棉花2311沽16400,1072.0,0.0,0.0,0.0,10,389.0,2015.0,10,1072.0,0.0,0.0,0.0,0.0,0.0,0
2023-05-11 10:04:59,CF311P16400,棉花2311沽16400,1072.0,0.0,0.0,0.0,1,392.0,2012.0,1,1072.0,0.0,0.0,0.0,0.0,0.0,0
2023-05-11 10:05:00,CF311P16400,棉花2311沽16400,1072.0,0.0,0.0,0.0,10,393.0,2011.0,10,1072.0,0.0,0.0,0.0,0.0,0.0,0
2023-05-11 10:05:00,CF311P16400,棉花2311沽16400,1072.0,0.0,0.0,0.0,1,396.0,2008.0,1,1072.0,0.0,0.0,0.0,0.0,0.0,0
2023-05-11 10:05:01,CF311P16400,棉花2311沽16400,1072.0,0.0,0.0,0.0,10,397.0,2007.0,10,1072.0,0.0,0.0,0.0,0.0,0.0,0
2023-05-11 10:14:33,CF311P16400,棉花2311沽16400,1072.0,0.0,0.0,0.0,1,305.0,0.0,0,1072.0,0.0,0.0,0.0,0.0,0.0,0
2023-05-11 10:30:05,CF311P16400,棉花2311沽16400,1072.0,0.0,0.0,0.0,10,306.0,0.0,0,1072.0,0.0,0.0,0.0,0.0,0.0,0
2023-05-11 10:32:03,CF311P16400,棉花2311沽16400,1072.0,0.0,0.0,0.0,1,309.0,2023.0,10,1072.0,0.0,0.0,0.0,0.0,0.0,0
2023-05-11 10:32:04,CF311P16400,棉花2311沽16400,1072.0,0.0,0.0,0.0,10,310.0,2023.0,10,1072.0,0.0,0.0,0.0,0.0,0.0,0
2023-05-11 10:32:04,CF311P16400,棉花2311沽16400,1072.0,0.0,0.0,0.0,1,313.0,2020.0,1,1072.0,0.0,0.0,0.0,0.0,0.0,0
2023-05-11 10:32:04,CF311P16400,棉花2311沽16400,1072.0,0.0,0.0,0.0,10,314.0,2019.0,10,1072.0,0.0,0.0,0.0,0.0,0.0,0
2023-05-11 10:32:05,CF311P16400,棉花2311沽16400,1072.0,0.0,0.0,0.0,1,317.0,2016.0,1,1072.0,0.0,0.0,0.0,0.0,0.0,0
2023-05-11 10:32:05,CF311P16400,棉花2311沽16400,1072.0,0.0,0.0,0.0,10,318.0,2015.0,10,1072.0,0.0,0.0,0.0,0.0,0.0,0
2023-05-11 10:32:06,CF311P16400,棉花2311沽16400,1072.0,0.0,0.0,0.0,1,321.0,2012.0,1,1072.0,0.0,0.0,0.0,0.0,0.0,0
2023-05-11 10:32:06,CF311P16400,棉花2311沽16400,1072.0,0.0,0.0,0.0,10,322.0,2011.0,10,1072.0,0.0,0.0,0.0,0.0,0.0,0
2023-05-11 10:32:07,CF311P16400,棉花2311沽16400,1072.0,0.0,0.0,0.0,1,325.0,2008.0,1,1072.0,0.0,0.0,0.0,0.0,0.0,0
2023-05-11 10:32:07,CF311P16400,棉花2311沽16400,1072.0,0.0,0.0,0.0,10,326.0,2007.0,10,1072.0,0.0,0.0,0.0,0.0,0.0,0
2023-05-11 11:29:33,CF311P16400,棉花2311沽16400,1072.0,0.0,0.0,0.0,1,305.0,0.0,0,1072.0,0.0,0.0,0.0,0.0,0.0,0
2023-05-11 11:29:36,CF311P16400,棉花2311沽16400,1072.0,0.0,0.0,0.0,10,306.0,0.0,0,1072.0,0.0,0.0,0.0,0.0,0.0,0
2023-05-11 11:29:38,CF311P16400,棉花2311沽16400,1072.0,0.0,0.0,0.0,1,305.0,0.0,0,1072.0,0.0,0.0,0.0,0.0,0.0,0
2023-05-11 13:30:09,CF311P16400,棉花2311沽16400,1072.0,0.0,0.0,0.0,10,306.0,0.0,0,1072.0,0.0,0.0,0.0,0.0,0.0,0
2023-05-11 13:34:39,CF311P16400,棉花2311沽16400,1072.0,0.0,0.0,0.0,2,307.0,0.0,0,1072.0,0.0,0.0,0.0,0.0,0.0,0
2023-05-11 13:34:39,CF311P16400,棉花2311沽16400,1072.0,0.0,0.0,0.0,10,308.0,0.0,0,1072.0,0.0,0.0,0.0,0.0,0.0,0
2023-05-11 13:34:41,CF311P16400,棉花2311沽16400,1072.0,0.0,0.0,0.0,1,305.0,0.0,0,1072.0,0.0,0.0,0.0,0.0,0.0,0
2023-05-11 13:34:41,CF311P16400,棉花2311沽16400,1072.0,0.0,0.0,0.0,10,306.0,0.0,0,1072.0,0.0,0.0,0.0,0.0,0.0,0
2023-05-11 13:34:42,CF311P16400,棉花2311沽16400,1072.0,0.0,0.0,0.0,2,307.0,0.0,0,1072.0,0.0,0.0,0.0,0.0,0.0,0
2023-05-11 13:34:42,CF311P16400,棉花2311沽16400,1072.0,0.0,0.0,0.0,10,306.0,0.0,0,1072.0,0.0,0.0,0.0,0.0,0.0,0
2023-05-11 13:34:43,CF311P16400,棉花2311沽16400,1072.0,0.0,0.0,0.0,2,307.0,0.0,0,1072.0,0.0,0.0,0.0,0.0,0.0,0
2023-05-11 13:34:43,CF311P16400,棉花2311沽16400,1072.0,0.0,0.0,0.0,10,306.0,0.0,0,1072.0,0.0,0.0,0.0,0.0,0.0,0
2023-05-11 13:34:44,CF311P16400,棉花2311沽16400,1072.0,0.0,0.0,0.0,2,307.0,0.0,0,1072.0,0.0,0.0,0.0,0.0,0.0,0
2023-05-11 13:34:44,CF311P16400,棉花2311沽16400,1072.0,0.0,0.0,0.0,10,306.0,0.0,0,1072.0,0.0,0.0,0.0,0.0,0.0,0
2023-05-11 13:34:45,CF311P16400,棉花2311沽16400,1072.0,0.0,0.0,0.0,2,307.0,0.0,0,1072.0,0.0,0.0,0.0,0.0,0.0,0
2023-05-11 13:34:45,CF311P16400,棉花2311沽16400,1072.0,0.0,0.0,0.0,10,306.0,0.0,0,1072.0,0.0,0.0,0.0,0.0,0.0,0
2023-05-11 13:34:46,CF311P16400,棉花2311沽16400,1072.0,0.0,0.0,0.0,2,314.0,0.0,0,1072.0,0.0,0.0,0.0,0.0,0.0,0
2023-05-11 13:34:46,CF311P16400,棉花2311沽16400,1072.0,0.0,0.0,0.0,10,306.0,0.0,0,1072.0,0.0,0.0,0.0,0.0,0.0,0
2023-05-11 13:34:47,CF311P16400,棉花2311沽16400,1072.0,0.0,0.0,0.0,1,305.0,0.0,0,1072.0,0.0,0.0,0.0,0.0,0.0,0
2023-05-11 13:34:47,CF311P16400,棉花2311沽16400,1072.0,0.0,0.0,0.0,10,306.0,0.0,0,1072.0,0.0,0.0,0.0,0.0,0.0,0
2023-05-11 13:34:48,CF311P16400,棉花2311沽16400,1072.0,0.0,0.0,0.0,2,314.0,0.0,0,1072.0,0.0,0.0,0.0,0.0,0.0,0
2023-05-11 13:34:48,CF311P16400,棉花2311沽16400,1072.0,0.0,0.0,0.0,10,306.0,0.0,0,1072.0,0.0,0.0,0.0,0.0,0.0,0
2023-05-11 13:34:49,CF311P16400,棉花2311沽16400,1072.0,0.0,0.0,0.0,2,314.0,0.0,0,1072.0,0.0,0.0,0.0,0.0,0.0,0
2023-05-11 13:34:49,CF311P16400,棉花2311沽16400,1072.0,0.0,0.0,0.0,10,306.0,0.0,0,1072.0,0.0,0.0,0.0,0.0,0.0,0
2023-05-11 13:34:51,CF311P16400,棉花2311沽16400,1072.0,0.0,0.0,0.0,2,314.0,0.0,0,1072.0,0.0,0.0,0.0,0.0,0.0,0
2023-05-11 13:34:51,CF311P16400,棉花2311沽16400,1072.0,0.0,0.0,0.0,10,306.0,0.0,0,1072.0,0.0,0.0,0.0,0.0,0.0,0
2023-05-11 13:34:52,CF311P16400,棉花2311沽16400,1072.0,0.0,0.0,0.0,2,322.0,0.0,0,1072.0,0.0,0.0,0.0,0.0,0.0,0
2023-05-11 13:34:52,CF311P16400,棉花2311沽16400,1072.0,0.0,0.0,0.0,10,306.0,0.0,0,1072.0,0.0,0.0,0.0,0.0,0.0,0
2023-05-11 13:34:53,CF311P16400,棉花2311沽16400,1072.0,0.0,0.0,0.0,2,322.0,0.0,0,1072.0,0.0,0.0,0.0,0.0,0.0,0
2023-05-11 13:34:53,CF311P16400,棉花2311沽16400,1072.0,0.0,0.0,0.0,10,306.0,0.0,0,1072.0,0.0,0.0,0.0,0.0,0.0,0
2023-05-11 13:34:56,CF311P16400,棉花2311沽16400,1072.0,0.0,0.0,0.0,2,322.0,0.0,0,1072.0,0.0,0.0,0.0,0.0,0.0,0
2023-05-11 13:34:56,CF311P16400,棉花2311沽16400,1072.0,0.0,0.0,0.0,10,306.0,0.0,0,1072.0,0.0,0.0,0.0,0.0,0.0,0
2023-05-11 13:34:57,CF311P16400,棉花2311沽16400,1072.0,0.0,0.0,0.0,2,322.0,0.0,0,1072.0,0.0,0.0,0.0,0.0,0.0,0
2023-05-11 13:34:57,CF311P16400,棉花2311沽16400,1072.0,0.0,0.0,0.0,10,306.0,0.0,0,1072.0,0.0,0.0,0.0,0.0,0.0,0
2023-05-11 13:34:58,CF311P16400,棉花2311沽16400,1072.0,0.0,0.0,0.0,2,322.0,0.0,0,1072.0,0.0,0.0,0.0,0.0,0.0,0
2023-05-11 13:34:58,CF311P16400,棉花2311沽16400,1072.0,0.0,0.0,0.0,10,306.0,0.0,0,1072.0,0.0,0.0,0.0,0.0,0.0,0
2023-05-11 13:34:59,CF311P16400,棉花2311沽16400,1072.0,0.0,0.0,0.0,2,322.0,0.0,0,1072.0,0.0,0.0,0.0,0.0,0.0,0
2023-05-11 13:34:59,CF311P16400,棉花2311沽16400,1072.0,0.0,0.0,0.0,10,306.0,0.0,0,1072.0,0.0,0.0,0.0,0.0,0.0,0
2023-05-11 13:35:00,CF311P16400,棉花2311沽16400,1072.0,0.0,0.0,0.0,2,322.0,0.0,0,1072.0,0.0,0.0,0.0,0.0,0.0,0
2023-05-11 13:35:00,CF311P16400,棉花2311沽16400,1072.0,0.0,0.0,0.0,10,306.0,0.0,0,1072.0,0.0,0.0,0.0,0.0,0.0,0
2023-05-11 13:35:01,CF311P16400,棉花2311沽16400,1072.0,0.0,0.0,0.0,2,322.0,0.0,0,1072.0,0.0,0.0,0.0,0.0,0.0,0
2023-05-11 13:35:01,CF311P16400,棉花2311沽16400,1072.0,0.0,0.0,0.0,10,306.0,0.0,0,1072.0,0.0,0.0,0.0,0.0,0.0,0
2023-05-11 13:35:02,CF311P16400,棉花2311沽16400,1072.0,0.0,0.0,0.0,2,322.0,0.0,0,1072.0,0.0,0.0,0.0,0.0,0.0,0
2023-05-11 13:35:02,CF311P16400,棉花2311沽16400,1072.0,0.0,0.0,0.0,10,306.0,0.0,0,1072.0,0.0,0.0,0.0,0.0,0.0,0
2023-05-11 13:35:04,CF311P16400,棉花2311沽16400,1072.0,0.0,0.0,0.0,1,305.0,0.0,0,1072.0,0.0,0.0,0.0,0.0,0.0,0
2023-05-11 13:35:04,CF311P16400,棉花2311沽16400,1072.0,0.0,0.0,0.0,10,306.0,0.0,0,1072.0,0.0,0.0,0.0,0.0,0.0,0
2023-05-11 13:35:05,CF311P16400,棉花2311沽16400,1072.0,0.0,0.0,0.0,2,322.0,0.0,0,1072.0,0.0,0.0,0.0,0.0,0.0,0
2023-05-11 13:35:05,CF311P16400,棉花2311沽16400,1072.0,0.0,0.0,0.0,10,306.0,0.0,0,1072.0,0.0,0.0,0.0,0.0,0.0,0
2023-05-11 13:35:06,CF311P16400,棉花2311沽16400,1072.0,0.0,0.0,0.0,2,322.0,0.0,0,1072.0,0.0,0.0,0.0,0.0,0.0,0
2023-05-11 13:35:06,CF311P16400,棉花2311沽16400,1072.0,0.0,0.0,0.0,10,306.0,0.0,0,1072.0,0.0,0.0,0.0,0.0,0.0,0
2023-05-11 13:35:07,CF311P16400,棉花2311沽16400,1072.0,0.0,0.0,0.0,2,322.0,0.0,0,1072.0,0.0,0.0,0.0,0.0,0.0,0
2023-05-11 13:35:07,CF311P16400,棉花2311沽16400,1072.0,0.0,0.0,0.0,10,306.0,0.0,0,1072.0,0.0,0.0,0.0,0.0,0.0,0
2023-05-11 13:35:08,CF311P16400,棉花2311沽16400,1072.0,0.0,0.0,0.0,2,322.0,0.0,0,1072.0,0.0,0.0,0.0,0.0,0.0,0
2023-05-11 13:35:09,CF311P16400,棉花2311沽16400,1072.0,0.0,0.0,0.0,10,306.0,0.0,0,1072.0,0.0,0.0,0.0,0.0,0.0,0
2023-05-11 13:35:10,CF311P16400,棉花2311沽16400,1072.0,0.0,0.0,0.0,2,322.0,0.0,0,1072.0,0.0,0.0,0.0,0.0,0.0,0
2023-05-11 13:35:10,CF311P16400,棉花2311沽16400,1072.0,0.0,0.0,0.0,10,306.0,0.0,0,1072.0,0.0,0.0,0.0,0.0,0.0,0
2023-05-11 13:35:11,CF311P16400,棉花2311沽16400,1072.0,0.0,0.0,0.0,2,322.0,0.0,0,1072.0,0.0,0.0,0.0,0.0,0.0,0
2023-05-11 13:35:11,CF311P16400,棉花2311沽16400,1072.0,0.0,0.0,0.0,10,306.0,0.0,0,1072.0,0.0,0.0,0.0,0.0,0.0,0
2023-05-11 13:35:12,CF311P16400,棉花2311沽16400,1072.0,0.0,0.0,0.0,2,322.0,0.0,0,1072.0,0.0,0.0,0.0,0.0,0.0,0
2023-05-11 13:35:12,CF311P16400,棉花2311沽16400,1072.0,0.0,0.0,0.0,10,306.0,0.0,0,1072.0,0.0,0.0,0.0,0.0,0.0,0
2023-05-11 13:35:13,CF311P16400,棉花2311沽16400,1072.0,0.0,0.0,0.0,2,322.0,0.0,0,1072.0,0.0,0.0,0.0,0.0,0.0,0
2023-05-11 13:35:13,CF311P16400,棉花2311沽16400,1072.0,0.0,0.0,0.0,10,306.0,0.0,0,1072.0,0.0,0.0,0.0,0.0,0.0,0
2023-05-11 13:35:14,CF311P16400,棉花2311沽16400,1072.0,0.0,0.0,0.0,2,322.0,0.0,0,1072.0,0.0,0.0,0.0,0.0,0.0,0
2023-05-11 13:35:14,CF311P16400,棉花2311沽16400,1072.0,0.0,0.0,0.0,10,306.0,0.0,0,1072.0,0.0,0.0,0.0,0.0,0.0,0
2023-05-11 13:35:16,CF311P16400,棉花2311沽16400,1072.0,0.0,0.0,0.0,1,305.0,0.0,0,1072.0,0.0,0.0,0.0,0.0,0.0,0
2023-05-11 13:35:16,CF311P16400,棉花2311沽16400,1072.0,0.0,0.0,0.0,10,306.0,0.0,0,1072.0,0.0,0.0,0.0,0.0,0.0,0
2023-05-11 13:35:17,CF311P16400,棉花2311沽16400,1072.0,0.0,0.0,0.0,2,322.0,0.0,0,1072.0,0.0,0.0,0.0,0.0,0.0,0
2023-05-11 13:35:17,CF311P16400,棉花2311沽16400,1072.0,0.0,0.0,0.0,10,306.0,0.0,0,1072.0,0.0,0.0,0.0,0.0,0.0,0
2023-05-11 13:35:18,CF311P16400,棉花2311沽16400,1072.0,0.0,0.0,0.0,1,305.0,0.0,0,1072.0,0.0,0.0,0.0,0.0,0.0,0
2023-05-11 13:35:18,CF311P16400,棉花2311沽16400,1072.0,0.0,0.0,0.0,10,306.0,0.0,0,1072.0,0.0,0.0,0.0,0.0,0.0,0
2023-05-11 13:35:19,CF311P16400,棉花2311沽16400,1072.0,0.0,0.0,0.0,2,322.0,0.0,0,1072.0,0.0,0.0,0.0,0.0,0.0,0
2023-05-11 13:35:19,CF311P16400,棉花2311沽16400,1072.0,0.0,0.0,0.0,10,323.0,0.0,0,1072.0,0.0,0.0,0.0,0.0,0.0,0
2023-05-11 13:35:20,CF311P16400,棉花2311沽16400,1072.0,0.0,0.0,0.0,2,339.0,0.0,0,1072.0,0.0,0.0,0.0,0.0,0.0,0
2023-05-11 13:35:20,CF311P16400,棉花2311沽16400,1072.0,0.0,0.0,0.0,10,340.0,0.0,0,1072.0,0.0,0.0,0.0,0.0,0.0,0
2023-05-11 13:35:21,CF311P16400,棉花2311沽16400,1072.0,0.0,0.0,0.0,2,356.0,0.0,0,1072.0,0.0,0.0,0.0,0.0,0.0,0
2023-05-11 13:35:21,CF311P16400,棉花2311沽16400,1072.0,0.0,0.0,0.0,10,357.0,0.0,0,1072.0,0.0,0.0,0.0,0.0,0.0,0
2023-05-11 13:35:22,CF311P16400,棉花2311沽16400,1072.0,0.0,0.0,0.0,2,365.0,0.0,0,1072.0,0.0,0.0,0.0,0.0,0.0,0
2023-05-11 13:35:22,CF311P16400,棉花2311沽16400,1072.0,0.0,0.0,0.0,10,366.0,0.0,0,1072.0,0.0,0.0,0.0,0.0,0.0,0
2023-05-11 13:35:23,CF311P16400,棉花2311沽16400,1072.0,0.0,0.0,0.0,2,367.0,0.0,0,1072.0,0.0,0.0,0.0,0.0,0.0,0
2023-05-11 13:35:23,CF311P16400,棉花2311沽16400,1072.0,0.0,0.0,0.0,10,368.0,0.0,0,1072.0,0.0,0.0,0.0,0.0,0.0,0
2023-05-11 13:35:24,CF311P16400,棉花2311沽16400,1072.0,0.0,0.0,0.0,2,369.0,0.0,0,1072.0,0.0,0.0,0.0,0.0,0.0,0
2023-05-11 13:35:24,CF311P16400,棉花2311沽16400,1072.0,0.0,0.0,0.0,10,370.0,0.0,0,1072.0,0.0,0.0,0.0,0.0,0.0,0
2023-05-11 13:35:25,CF311P16400,棉花2311沽16400,1072.0,0.0,0.0,0.0,2,371.0,0.0,0,1072.0,0.0,0.0,0.0,0.0,0.0,0
2023-05-11 13:35:25,CF311P16400,棉花2311沽16400,1072.0,0.0,0.0,0.0,10,372.0,0.0,0,1072.0,0.0,0.0,0.0,0.0,0.0,0
2023-05-11 13:35:26,CF311P16400,棉花2311沽16400,1072.0,0.0,0.0,0.0,2,373.0,0.0,0,1072.0,0.0,0.0,0.0,0.0,0.0,0
2023-05-11 13:35:26,CF311P16400,棉花2311沽16400,1072.0,0.0,0.0,0.0,10,374.0,0.0,0,1072.0,0.0,0.0,0.0,0.0,0.0,0
2023-05-11 13:35:27,CF311P16400,棉花2311沽16400,1072.0,0.0,0.0,0.0,2,375.0,0.0,0,1072.0,0.0,0.0,0.0,0.0,0.0,0
2023-05-11 13:35:27,CF311P16400,棉花2311沽16400,1072.0,0.0,0.0,0.0,10,376.0,0.0,0,1072.0,0.0,0.0,0.0,0.0,0.0,0
2023-05-11 13:35:28,CF311P16400,棉花2311沽16400,1072.0,0.0,0.0,0.0,2,377.0,0.0,0,1072.0,0.0,0.0,0.0,0.0,0.0,0
2023-05-11 13:35:28,CF311P16400,棉花2311沽16400,1072.0,0.0,0.0,0.0,10,378.0,0.0,0,1072.0,0.0,0.0,0.0,0.0,0.0,0
2023-05-11 13:35:28,CF311P16400,棉花2311沽16400,1072.0,0.0,0.0,0.0,2,377.0,0.0,0,1072.0,0.0,0.0,0.0,0.0,0.0,0
2023-05-11 13:35:28,CF311P16400,棉花2311沽16400,1072.0,0.0,0.0,0.0,10,378.0,0.0,0,1072.0,0.0,0.0,0.0,0.0,0.0,0
2023-05-11 14:11:50,CF311P16400,棉花2311沽16400,1072.0,0.0,0.0,0.0,2,394.0,0.0,0,1072.0,0.0,0.0,0.0,0.0,0.0,0
2023-05-11 14:11:51,CF311P16400,棉花2311沽16400,1072.0,0.0,0.0,0.0,10,395.0,0.0,0,1072.0,0.0,0.0,0.0,0.0,0.0,0
2023-05-11 14:11:52,CF311P16400,棉花2311沽16400,1072.0,0.0,0.0,0.0,2,411.0,0.0,0,1072.0,0.0,0.0,0.0,0.0,0.0,0
2023-05-11 14:11:52,CF311P16400,棉花2311沽16400,1072.0,0.0,0.0,0.0,10,412.0,0.0,0,1072.0,0.0,0.0,0.0,0.0,0.0,0
2023-05-11 14:11:53,CF311P16400,棉花2311沽16400,1072.0,0.0,0.0,0.0,3,1057.0,1137.0,3,1072.0,0.0,0.0,0.0,0.0,0.0,0
2023-05-11 14:11:53,CF311P16400,棉花2311沽16400,1072.0,0.0,0.0,0.0,12,1057.0,1137.0,12,1072.0,0.0,0.0,0.0,0.0,0.0,0
2023-05-11 14:11:54,CF311P16400,棉花2311沽16400,1072.0,0.0,0.0,0.0,15,1057.0,1137.0,15,1072.0,0.0,0.0,0.0,0.0,0.0,0
2023-05-11 14:11:54,CF311P16400,棉花2311沽16400,1072.0,0.0,0.0,0.0,21,1057.0,1137.0,21,1072.0,0.0,0.0,0.0,0.0,0.0,0
2023-05-11 14:11:55,CF311P16400,棉花2311沽16400,1072.0,0.0,0.0,0.0,21,1057.0,1124.0,3,1072.0,0.0,0.0,0.0,0.0,0.0,0
2023-05-11 14:11:55,CF311P16400,棉花2311沽16400,1072.0,0.0,0.0,0.0,12,1057.0,1124.0,6,1072.0,0.0,0.0,0.0,0.0,0.0,0
2023-05-11 14:11:58,CF311P16400,棉花2311沽16400,1072.0,0.0,0.0,0.0,15,1057.0,1124.0,9,1072.0,0.0,0.0,0.0,0.0,0.0,0
2023-05-11 14:11:59,CF311P16400,棉花2311沽16400,1072.0,0.0,0.0,0.0,15,1057.0,1112.0,3,1072.0,0.0,0.0,0.0,0.0,0.0,0
2023-05-11 14:11:59,CF311P16400,棉花2311沽16400,1072.0,0.0,0.0,0.0,18,1057.0,1112.0,6,1072.0,0.0,0.0,0.0,0.0,0.0,0
2023-05-11 14:12:00,CF311P16400,棉花2311沽16400,1072.0,0.0,0.0,0.0,21,1057.0,1112.0,6,1072.0,0.0,0.0,0.0,0.0,0.0,0
2023-05-11 14:12:00,CF311P16400,棉花2311沽16400,1072.0,0.0,0.0,0.0,24,1057.0,1112.0,6,1072.0,0.0,0.0,0.0,0.0,0.0,0
2023-05-11 14:12:03,CF311P16400,棉花2311沽16400,1072.0,0.0,0.0,0.0,27,1057.0,1112.0,9,1072.0,0.0,0.0,0.0,0.0,0.0,0
2023-05-11 14:12:05,CF311P16400,棉花2311沽16400,1072.0,0.0,0.0,0.0,27,1057.0,1112.0,12,1072.0,0.0,0.0,0.0,0.0,0.0,0
2023-05-11 14:12:06,CF311P16400,棉花2311沽16400,1072.0,0.0,0.0,0.0,24,1057.0,1112.0,12,1072.0,0.0,0.0,0.0,0.0,0.0,0
2023-05-11 14:12:10,CF311P16400,棉花2311沽16400,1072.0,0.0,0.0,0.0,21,1057.0,1112.0,9,1072.0,0.0,0.0,0.0,0.0,0.0,0
2023-05-11 14:12:10,CF311P16400,棉花2311沽16400,1072.0,0.0,0.0,0.0,18,1057.0,1112.0,9,1072.0,0.0,0.0,0.0,0.0,0.0,0
2023-05-11 14:12:11,CF311P16400,棉花2311沽16400,1072.0,0.0,0.0,0.0,12,1057.0,1112.0,6,1072.0,0.0,0.0,0.0,0.0,0.0,0
2023-05-11 14:12:12,CF311P16400,棉花2311沽16400,1072.0,0.0,0.0,0.0,9,1057.0,1112.0,6,1072.0,0.0,0.0,0.0,0.0,0.0,0
2023-05-11 14:12:12,CF311P16400,棉花2311沽16400,1072.0,0.0,0.0,0.0,6,1057.0,1112.0,6,1072.0,0.0,0.0,0.0,0.0,0.0,0
2023-05-11 14:12:13,CF311P16400,棉花2311沽16400,1072.0,0.0,0.0,0.0,3,1057.0,1112.0,3,1072.0,0.0,0.0,0.0,0.0,0.0,0
2023-05-11 14:12:15,CF311P16400,棉花2311沽16400,1072.0,0.0,0.0,0.0,1,305.0,0.0,0,1072.0,0.0,0.0,0.0,0.0,0.0,0
2023-05-11 14:12:16,CF311P16400,棉花2311沽16400,1072.0,0.0,0.0,0.0,10,306.0,0.0,0,1072.0,0.0,0.0,0.0,0.0,0.0,0
2023-05-11 14:12:16,CF311P16400,棉花2311沽16400,1072.0,0.0,0.0,0.0,2,321.0,0.0,0,1072.0,0.0,0.0,0.0,0.0,0.0,0
2023-05-11 14:12:17,CF311P16400,棉花2311沽16400,1072.0,0.0,0.0,0.0,10,322.0,0.0,0,1072.0,0.0,0.0,0.0,0.0,0.0,0
2023-05-11 14:14:07,CF311P16400,棉花2311沽16400,1072.0,0.0,0.0,0.0,2,323.0,0.0,0,1072.0,0.0,0.0,0.0,0.0,0.0,0
2023-05-11 14:14:07,CF311P16400,棉花2311沽16400,1072.0,0.0,0.0,0.0,10,306.0,0.0,0,1072.0,0.0,0.0,0.0,0.0,0.0,0
2023-05-11 14:14:08,CF311P16400,棉花2311沽16400,1072.0,0.0,0.0,0.0,2,314.0,0.0,0,1072.0,0.0,0.0,0.0,0.0,0.0,0
2023-05-11 14:14:08,CF311P16400,棉花2311沽16400,1072.0,0.0,0.0,0.0,10,306.0,0.0,0,1072.0,0.0,0.0,0.0,0.0,0.0,0
2023-05-11 14:14:09,CF311P16400,棉花2311沽16400,1072.0,0.0,0.0,0.0,2,314.0,0.0,0,1072.0,0.0,0.0,0.0,0.0,0.0,0
2023-05-11 14:14:09,CF311P16400,棉花2311沽16400,1072.0,0.0,0.0,0.0,10,306.0,0.0,0,1072.0,0.0,0.0,0.0,0.0,0.0,0
2023-05-11 14:14:10,CF311P16400,棉花2311沽16400,1072.0,0.0,0.0,0.0,2,314.0,0.0,0,1072.0,0.0,0.0,0.0,0.0,0.0,0
2023-05-11 14:14:10,CF311P16400,棉花2311沽16400,1072.0,0.0,0.0,0.0,10,306.0,0.0,0,1072.0,0.0,0.0,0.0,0.0,0.0,0
2023-05-11 14:14:11,CF311P16400,棉花2311沽16400,1072.0,0.0,0.0,0.0,2,314.0,0.0,0,1072.0,0.0,0.0,0.0,0.0,0.0,0
2023-05-11 14:14:11,CF311P16400,棉花2311沽16400,1072.0,0.0,0.0,0.0,10,306.0,0.0,0,1072.0,0.0,0.0,0.0,0.0,0.0,0
2023-05-11 14:14:12,CF311P16400,棉花2311沽16400,1072.0,0.0,0.0,0.0,2,322.0,0.0,0,1072.0,0.0,0.0,0.0,0.0,0.0,0
2023-05-11 14:14:12,CF311P16400,棉花2311沽16400,1072.0,0.0,0.0,0.0,10,306.0,0.0,0,1072.0,0.0,0.0,0.0,0.0,0.0,0
2023-05-11 14:14:13,CF311P16400,棉花2311沽16400,1072.0,0.0,0.0,0.0,2,322.0,0.0,0,1072.0,0.0,0.0,0.0,0.0,0.0,0
2023-05-11 14:14:13,CF311P16400,棉花2311沽16400,1072.0,0.0,0.0,0.0,10,306.0,0.0,0,1072.0,0.0,0.0,0.0,0.0,0.0,0
2023-05-11 14:14:14,CF311P16400,棉花2311沽16400,1072.0,0.0,0.0,0.0,2,322.0,0.0,0,1072.0,0.0,0.0,0.0,0.0,0.0,0
2023-05-11 14:14:14,CF311P16400,棉花2311沽16400,1072.0,0.0,0.0,0.0,10,306.0,0.0,0,1072.0,0.0,0.0,0.0,0.0,0.0,0
2023-05-11 14:14:15,CF311P16400,棉花2311沽16400,1072.0,0.0,0.0,0.0,2,322.0,0.0,0,1072.0,0.0,0.0,0.0,0.0,0.0,0
2023-05-11 14:14:15,CF311P16400,棉花2311沽16400,1072.0,0.0,0.0,0.0,10,306.0,0.0,0,1072.0,0.0,0.0,0.0,0.0,0.0,0
2023-05-11 14:14:16,CF311P16400,棉花2311沽16400,1072.0,0.0,0.0,0.0,2,322.0,0.0,0,1072.0,0.0,0.0,0.0,0.0,0.0,0
2023-05-11 14:14:16,CF311P16400,棉花2311沽16400,1072.0,0.0,0.0,0.0,10,306.0,0.0,0,1072.0,0.0,0.0,0.0,0.0,0.0,0
2023-05-11 14:14:17,CF311P16400,棉花2311沽16400,1072.0,0.0,0.0,0.0,2,322.0,0.0,0,1072.0,0.0,0.0,0.0,0.0,0.0,0
2023-05-11 14:14:17,CF311P16400,棉花2311沽16400,1072.0,0.0,0.0,0.0,10,306.0,0.0,0,1072.0,0.0,0.0,0.0,0.0,0.0,0
2023-05-11 14:14:18,CF311P16400,棉花2311沽16400,1072.0,0.0,0.0,0.0,2,322.0,0.0,0,1072.0,0.0,0.0,0.0,0.0,0.0,0
2023-05-11 14:14:18,CF311P16400,棉花2311沽16400,1072.0,0.0,0.0,0.0,10,306.0,0.0,0,1072.0,0.0,0.0,0.0,0.0,0.0,0
2023-05-11 14:14:19,CF311P16400,棉花2311沽16400,1072.0,0.0,0.0,0.0,2,322.0,0.0,0,1072.0,0.0,0.0,0.0,0.0,0.0,0
2023-05-11 14:14:19,CF311P16400,棉花2311沽16400,1072.0,0.0,0.0,0.0,10,306.0,0.0,0,1072.0,0.0,0.0,0.0,0.0,0.0,0
2023-05-11 14:14:20,CF311P16400,棉花2311沽16400,1072.0,0.0,0.0,0.0,2,322.0,0.0,0,1072.0,0.0,0.0,0.0,0.0,0.0,0
2023-05-11 14:14:20,CF311P16400,棉花2311沽16400,1072.0,0.0,0.0,0.0,10,306.0,0.0,0,1072.0,0.0,0.0,0.0,0.0,0.0,0
2023-05-11 14:14:21,CF311P16400,棉花2311沽16400,1072.0,0.0,0.0,0.0,2,322.0,0.0,0,1072.0,0.0,0.0,0.0,0.0,0.0,0
2023-05-11 14:14:21,CF311P16400,棉花2311沽16400,1072.0,0.0,0.0,0.0,10,306.0,0.0,0,1072.0,0.0,0.0,0.0,0.0,0.0,0
2023-05-11 14:14:22,CF311P16400,棉花2311沽16400,1072.0,0.0,0.0,0.0,2,322.0,0.0,0,1072.0,0.0,0.0,0.0,0.0,0.0,0
2023-05-11 14:14:22,CF311P16400,棉花2311沽16400,1072.0,0.0,0.0,0.0,10,306.0,0.0,0,1072.0,0.0,0.0,0.0,0.0,0.0,0
2023-05-11 14:14:23,CF311P16400,棉花2311沽16400,1072.0,0.0,0.0,0.0,2,322.0,0.0,0,1072.0,0.0,0.0,0.0,0.0,0.0,0
2023-05-11 14:14:23,CF311P16400,棉花2311沽16400,1072.0,0.0,0.0,0.0,10,306.0,0.0,0,1072.0,0.0,0.0,0.0,0.0,0.0,0
2023-05-11 14:14:24,CF311P16400,棉花2311沽16400,1072.0,0.0,0.0,0.0,2,322.0,0.0,0,1072.0,0.0,0.0,0.0,0.0,0.0,0
2023-05-11 14:14:24,CF311P16400,棉花2311沽16400,1072.0,0.0,0.0,0.0,10,306.0,0.0,0,1072.0,0.0,0.0,0.0,0.0,0.0,0
2023-05-11 14:14:25,CF311P16400,棉花2311沽16400,1072.0,0.0,0.0,0.0,2,322.0,0.0,0,1072.0,0.0,0.0,0.0,0.0,0.0,0
2023-05-11 14:14:25,CF311P16400,棉花2311沽16400,1072.0,0.0,0.0,0.0,10,306.0,0.0,0,1072.0,0.0,0.0,0.0,0.0,0.0,0
2023-05-11 14:14:26,CF311P16400,棉花2311沽16400,1072.0,0.0,0.0,0.0,2,322.0,0.0,0,1072.0,0.0,0.0,0.0,0.0,0.0,0
2023-05-11 14:14:26,CF311P16400,棉花2311沽16400,1072.0,0.0,0.0,0.0,10,306.0,0.0,0,1072.0,0.0,0.0,0.0,0.0,0.0,0
2023-05-11 14:14:27,CF311P16400,棉花2311沽16400,1072.0,0.0,0.0,0.0,2,322.0,0.0,0,1072.0,0.0,0.0,0.0,0.0,0.0,0
2023-05-11 14:14:27,CF311P16400,棉花2311沽16400,1072.0,0.0,0.0,0.0,10,306.0,0.0,0,1072.0,0.0,0.0,0.0,0.0,0.0,0
2023-05-11 14:14:28,CF311P16400,棉花2311沽16400,1072.0,0.0,0.0,0.0,2,322.0,0.0,0,1072.0,0.0,0.0,0.0,0.0,0.0,0
2023-05-11 14:14:28,CF311P16400,棉花2311沽16400,1072.0,0.0,0.0,0.0,10,306.0,0.0,0,1072.0,0.0,0.0,0.0,0.0,0.0,0
2023-05-11 14:14:29,CF311P16400,棉花2311沽16400,1072.0,0.0,0.0,0.0,2,322.0,0.0,0,1072.0,0.0,0.0,0.0,0.0,0.0,0
2023-05-11 14:14:29,CF311P16400,棉花2311沽16400,1072.0,0.0,0.0,0.0,10,306.0,0.0,0,1072.0,0.0,0.0,0.0,0.0,0.0,0
2023-05-11 14:14:30,CF311P16400,棉花2311沽16400,1072.0,0.0,0.0,0.0,2,322.0,0.0,0,1072.0,0.0,0.0,0.0,0.0,0.0,0
2023-05-11 14:14:30,CF311P16400,棉花2311沽16400,1072.0,0.0,0.0,0.0,10,306.0,0.0,0,1072.0,0.0,0.0,0.0,0.0,0.0,0
2023-05-11 14:14:31,CF311P16400,棉花2311沽16400,1072.0,0.0,0.0,0.0,2,322.0,0.0,0,1072.0,0.0,0.0,0.0,0.0,0.0,0
2023-05-11 14:14:31,CF311P16400,棉花2311沽16400,1072.0,0.0,0.0,0.0,10,306.0,0.0,0,1072.0,0.0,0.0,0.0,0.0,0.0,0
2023-05-11 14:14:32,CF311P16400,棉花2311沽16400,1072.0,0.0,0.0,0.0,2,322.0,0.0,0,1072.0,0.0,0.0,0.0,0.0,0.0,0
2023-05-11 14:14:32,CF311P16400,棉花2311沽16400,1072.0,0.0,0.0,0.0,10,306.0,0.0,0,1072.0,0.0,0.0,0.0,0.0,0.0,0
2023-05-11 14:14:33,CF311P16400,棉花2311沽16400,1072.0,0.0,0.0,0.0,2,322.0,0.0,0,1072.0,0.0,0.0,0.0,0.0,0.0,0
2023-05-11 14:14:33,CF311P16400,棉花2311沽16400,1072.0,0.0,0.0,0.0,10,306.0,0.0,0,1072.0,0.0,0.0,0.0,0.0,0.0,0
2023-05-11 14:14:34,CF311P16400,棉花2311沽16400,1072.0,0.0,0.0,0.0,2,322.0,0.0,0,1072.0,0.0,0.0,0.0,0.0,0.0,0
2023-05-11 14:14:34,CF311P16400,棉花2311沽16400,1072.0,0.0,0.0,0.0,10,323.0,0.0,0,1072.0,0.0,0.0,0.0,0.0,0.0,0
2023-05-11 14:14:35,CF311P16400,棉花2311沽16400,1072.0,0.0,0.0,0.0,2,339.0,0.0,0,1072.0,0.0,0.0,0.0,0.0,0.0,0
2023-05-11 14:14:35,CF311P16400,棉花2311沽16400,1072.0,0.0,0.0,0.0,10,340.0,0.0,0,1072.0,0.0,0.0,0.0,0.0,0.0,0
2023-05-11 14:14:36,CF311P16400,棉花2311沽16400,1072.0,0.0,0.0,0.0,2,356.0,0.0,0,1072.0,0.0,0.0,0.0,0.0,0.0,0
2023-05-11 14:14:36,CF311P16400,棉花2311沽16400,1072.0,0.0,0.0,0.0,10,357.0,0.0,0,1072.0,0.0,0.0,0.0,0.0,0.0,0
2023-05-11 14:14:37,CF311P16400,棉花2311沽16400,1072.0,0.0,0.0,0.0,2,365.0,0.0,0,1072.0,0.0,0.0,0.0,0.0,0.0,0
2023-05-11 14:14:37,CF311P16400,棉花2311沽16400,1072.0,0.0,0.0,0.0,10,366.0,0.0,0,1072.0,0.0,0.0,0.0,0.0,0.0,0
2023-05-11 14:14:38,CF311P16400,棉花2311沽16400,1072.0,0.0,0.0,0.0,2,367.0,0.0,0,1072.0,0.0,0.0,0.0,0.0,0.0,0
2023-05-11 14:14:38,CF311P16400,棉花2311沽16400,1072.0,0.0,0.0,0.0,10,368.0,0.0,0,1072.0,0.0,0.0,0.0,0.0,0.0,0
2023-05-11 14:14:39,CF311P16400,棉花2311沽16400,1072.0,0.0,0.0,0.0,2,369.0,0.0,0,1072.0,0.0,0.0,0.0,0.0,0.0,0
2023-05-11 14:14:39,CF311P16400,棉花2311沽16400,1072.0,0.0,0.0,0.0,10,370.0,0.0,0,1072.0,0.0,0.0,0.0,0.0,0.0,0
2023-05-11 14:14:40,CF311P16400,棉花2311沽16400,1072.0,0.0,0.0,0.0,2,371.0,0.0,0,1072.0,0.0,0.0,0.0,0.0,0.0,0
2023-05-11 14:14:40,CF311P16400,棉花2311沽16400,1072.0,0.0,0.0,0.0,10,372.0,0.0,0,1072.0,0.0,0.0,0.0,0.0,0.0,0
2023-05-11 14:14:41,CF311P16400,棉花2311沽16400,1072.0,0.0,0.0,0.0,2,373.0,0.0,0,1072.0,0.0,0.0,0.0,0.0,0.0,0
2023-05-11 14:14:41,CF311P16400,棉花2311沽16400,1072.0,0.0,0.0,0.0,10,374.0,0.0,0,1072.0,0.0,0.0,0.0,0.0,0.0,0
2023-05-11 14:14:42,CF311P16400,棉花2311沽16400,1072.0,0.0,0.0,0.0,2,375.0,0.0,0,1072.0,0.0,0.0,0.0,0.0,0.0,0
2023-05-11 14:14:42,CF311P16400,棉花2311沽16400,1072.0,0.0,0.0,0.0,10,376.0,0.0,0,1072.0,0.0,0.0,0.0,0.0,0.0,0
2023-05-11 14:14:43,CF311P16400,棉花2311沽16400,1072.0,0.0,0.0,0.0,2,377.0,0.0,0,1072.0,0.0,0.0,0.0,0.0,0.0,0
2023-05-11 14:14:43,CF311P16400,棉花2311沽16400,1072.0,0.0,0.0,0.0,10,378.0,0.0,0,1072.0,0.0,0.0,0.0,0.0,0.0,0
2023-05-11 14:59:03,CF311P16400,棉花2311沽16400,1072.0,0.0,0.0,0.0,1,305.0,0.0,0,1072.0,0.0,0.0,0.0,0.0,0.0,0
2023-05-11 14:59:04,CF311P16400,棉花2311沽16400,1072.0,0.0,0.0,0.0,2,321.0,0.0,0,1072.0,0.0,0.0,0.0,0.0,0.0,0
2023-05-11 14:59:05,CF311P16400,棉花2311沽16400,1072.0,0.0,0.0,0.0,1,305.0,0.0,0,1072.0,0.0,0.0,0.0,0.0,0.0,0
2023-05-11 14:59:05,CF311P16400,棉花2311沽16400,1072.0,0.0,0.0,0.0,2,337.0,0.0,0,1072.0,0.0,0.0,0.0,0.0,0.0,0
