time,symbol_id,symbol_name,last,trade_volume,trade_amount,open_interest_change,bv1,bp1,ap1,av1,yesterday_close,today_open,today_high,today_low,volume,amount,open_interest
2023-05-10 19:12:58,CF401P14000,CF401P14000,149.0,0.0,0.0,-53.0,0,0.0,0.0,0,149.0,160.0,0.0,0.0,0.0,0.0,847
2023-05-10 20:59:00,CF401P14000,CF401P14000,149.0,0.0,0.0,0.0,3,60.0,222.0,3,149.0,160.0,0.0,0.0,0.0,0.0,847
2023-05-10 21:00:00,CF401P14000,CF401P14000,149.0,0.0,0.0,0.0,2,132.0,158.0,2,149.0,160.0,0.0,0.0,0.0,0.0,847
2023-05-10 21:00:01,CF401P14000,CF401P14000,149.0,0.0,0.0,0.0,10,133.0,157.0,10,149.0,160.0,0.0,0.0,0.0,0.0,847
2023-05-10 21:00:04,CF401P14000,CF401P14000,149.0,0.0,0.0,0.0,2,132.0,157.0,10,149.0,160.0,0.0,0.0,0.0,0.0,847
2023-05-10 21:00:05,CF401P14000,CF401P14000,149.0,0.0,0.0,0.0,10,133.0,157.0,10,149.0,160.0,0.0,0.0,0.0,0.0,847
2023-05-10 21:00:06,CF401P14000,CF401P14000,149.0,0.0,0.0,0.0,12,132.0,157.0,10,149.0,160.0,0.0,0.0,0.0,0.0,847
2023-05-10 21:00:52,CF401P14000,CF401P14000,149.0,0.0,0.0,0.0,10,132.0,157.0,10,149.0,160.0,0.0,0.0,0.0,0.0,847
2023-05-10 21:00:54,CF401P14000,CF401P14000,149.0,0.0,0.0,0.0,10,132.0,155.0,1,149.0,160.0,0.0,0.0,0.0,0.0,847
2023-05-10 21:00:55,CF401P14000,CF401P14000,149.0,0.0,0.0,0.0,10,132.0,154.0,10,149.0,160.0,0.0,0.0,0.0,0.0,847
2023-05-10 21:01:00,CF401P14000,CF401P14000,149.0,0.0,0.0,0.0,10,130.0,154.0,10,149.0,160.0,0.0,0.0,0.0,0.0,847
2023-05-10 21:01:11,CF401P14000,CF401P14000,149.0,0.0,0.0,0.0,3,142.0,154.0,10,149.0,160.0,0.0,0.0,0.0,0.0,847
2023-05-10 21:01:12,CF401P14000,CF401P14000,149.0,0.0,0.0,0.0,3,142.0,147.0,3,149.0,160.0,0.0,0.0,0.0,0.0,847
2023-05-10 21:01:15,CF401P14000,CF401P14000,149.0,0.0,0.0,0.0,3,143.0,147.0,3,149.0,160.0,0.0,0.0,0.0,0.0,847
2023-05-10 21:01:23,CF401P14000,CF401P14000,149.0,0.0,0.0,0.0,3,144.0,147.0,3,149.0,160.0,0.0,0.0,0.0,0.0,847
2023-05-10 21:01:30,CF401P14000,CF401P14000,149.0,0.0,0.0,0.0,3,144.0,153.0,10,149.0,160.0,0.0,0.0,0.0,0.0,847
2023-05-10 21:01:30,CF401P14000,CF401P14000,149.0,0.0,0.0,0.0,3,144.0,155.0,1,149.0,160.0,0.0,0.0,0.0,0.0,847
2023-05-10 21:01:32,CF401P14000,CF401P14000,149.0,0.0,0.0,0.0,13,144.0,155.0,11,149.0,160.0,0.0,0.0,0.0,0.0,847
2023-05-10 21:01:33,CF401P14000,CF401P14000,149.0,0.0,0.0,0.0,3,144.0,149.0,3,149.0,160.0,0.0,0.0,0.0,0.0,847
2023-05-10 21:01:36,CF401P14000,CF401P14000,149.0,0.0,0.0,0.0,3,144.0,148.0,3,149.0,160.0,0.0,0.0,0.0,0.0,847
2023-05-10 21:01:58,CF401P14000,CF401P14000,149.0,0.0,0.0,0.0,3,144.0,147.0,3,149.0,160.0,0.0,0.0,0.0,0.0,847
2023-05-10 21:02:08,CF401P14000,CF401P14000,149.0,0.0,0.0,0.0,3,144.0,148.0,3,149.0,160.0,0.0,0.0,0.0,0.0,847
2023-05-10 21:02:11,CF401P14000,CF401P14000,149.0,0.0,0.0,0.0,3,145.0,148.0,3,149.0,160.0,0.0,0.0,0.0,0.0,847
2023-05-10 21:02:29,CF401P14000,CF401P14000,149.0,0.0,0.0,0.0,3,146.0,150.0,3,149.0,160.0,0.0,0.0,0.0,0.0,847
2023-05-10 21:02:46,CF401P14000,CF401P14000,149.0,0.0,0.0,0.0,3,147.0,150.0,3,149.0,160.0,0.0,0.0,0.0,0.0,847
2023-05-10 21:02:52,CF401P14000,CF401P14000,149.0,0.0,0.0,0.0,3,146.0,150.0,3,149.0,160.0,0.0,0.0,0.0,0.0,847
2023-05-10 21:03:03,CF401P14000,CF401P14000,149.0,0.0,0.0,0.0,3,147.0,150.0,3,149.0,160.0,0.0,0.0,0.0,0.0,847
2023-05-10 21:03:12,CF401P14000,CF401P14000,149.0,0.0,0.0,0.0,3,146.0,150.0,3,149.0,160.0,0.0,0.0,0.0,0.0,847
2023-05-10 21:03:20,CF401P14000,CF401P14000,149.0,0.0,0.0,0.0,3,146.0,149.0,3,149.0,160.0,0.0,0.0,0.0,0.0,847
2023-05-10 21:03:35,CF401P14000,CF401P14000,149.0,0.0,0.0,0.0,13,144.0,149.0,3,149.0,160.0,0.0,0.0,0.0,0.0,847
2023-05-10 21:03:36,CF401P14000,CF401P14000,149.0,0.0,0.0,0.0,13,144.0,148.0,3,149.0,160.0,0.0,0.0,0.0,0.0,847
2023-05-10 21:03:41,CF401P14000,CF401P14000,149.0,0.0,0.0,0.0,3,144.0,148.0,3,149.0,160.0,0.0,0.0,0.0,0.0,847
2023-05-10 21:03:43,CF401P14000,CF401P14000,149.0,0.0,0.0,0.0,13,144.0,148.0,3,149.0,160.0,0.0,0.0,0.0,0.0,847
2023-05-10 21:03:44,CF401P14000,CF401P14000,149.0,0.0,0.0,0.0,3,145.0,148.0,3,149.0,160.0,0.0,0.0,0.0,0.0,847
2023-05-10 21:03:50,CF401P14000,CF401P14000,149.0,0.0,0.0,0.0,23,145.0,148.0,3,149.0,160.0,0.0,0.0,0.0,0.0,847
2023-05-10 21:03:54,CF401P14000,CF401P14000,149.0,0.0,0.0,0.0,13,145.0,148.0,3,149.0,160.0,0.0,0.0,0.0,0.0,847
2023-05-10 21:04:00,CF401P14000,CF401P14000,149.0,0.0,0.0,0.0,3,145.0,148.0,3,149.0,160.0,0.0,0.0,0.0,0.0,847
2023-05-10 21:04:02,CF401P14000,CF401P14000,149.0,0.0,0.0,0.0,3,146.0,149.0,3,149.0,160.0,0.0,0.0,0.0,0.0,847
2023-05-10 21:04:03,CF401P14000,CF401P14000,149.0,0.0,0.0,0.0,3,146.0,153.0,20,149.0,160.0,0.0,0.0,0.0,0.0,847
2023-05-10 21:04:04,CF401P14000,CF401P14000,149.0,0.0,0.0,0.0,3,146.0,151.0,3,149.0,160.0,0.0,0.0,0.0,0.0,847
2023-05-10 21:04:05,CF401P14000,CF401P14000,149.0,0.0,0.0,0.0,3,146.0,150.0,3,149.0,160.0,0.0,0.0,0.0,0.0,847
2023-05-10 21:04:09,CF401P14000,CF401P14000,149.0,0.0,0.0,0.0,3,146.0,149.0,3,149.0,160.0,0.0,0.0,0.0,0.0,847
2023-05-10 21:04:34,CF401P14000,CF401P14000,149.0,0.0,0.0,0.0,13,145.0,149.0,3,149.0,160.0,0.0,0.0,0.0,0.0,847
2023-05-10 21:04:36,CF401P14000,CF401P14000,149.0,0.0,0.0,0.0,13,145.0,148.0,3,149.0,160.0,0.0,0.0,0.0,0.0,847
2023-05-10 21:04:44,CF401P14000,CF401P14000,149.0,0.0,0.0,0.0,3,145.0,148.0,3,149.0,160.0,0.0,0.0,0.0,0.0,847
2023-05-10 21:04:47,CF401P14000,CF401P14000,149.0,0.0,0.0,0.0,13,145.0,148.0,3,149.0,160.0,0.0,0.0,0.0,0.0,847
2023-05-10 21:05:04,CF401P14000,CF401P14000,149.0,0.0,0.0,0.0,3,145.0,148.0,3,149.0,160.0,0.0,0.0,0.0,0.0,847
2023-05-10 21:05:06,CF401P14000,CF401P14000,149.0,0.0,0.0,0.0,10,144.0,147.0,3,149.0,160.0,0.0,0.0,0.0,0.0,847
2023-05-10 21:05:20,CF401P14000,CF401P14000,149.0,0.0,0.0,0.0,23,143.0,147.0,3,149.0,160.0,0.0,0.0,0.0,0.0,847
2023-05-10 21:05:21,CF401P14000,CF401P14000,149.0,0.0,0.0,0.0,23,143.0,146.0,3,149.0,160.0,0.0,0.0,0.0,0.0,847
2023-05-10 21:05:22,CF401P14000,CF401P14000,149.0,0.0,0.0,0.0,13,143.0,146.0,3,149.0,160.0,0.0,0.0,0.0,0.0,847
2023-05-10 21:05:24,CF401P14000,CF401P14000,149.0,0.0,0.0,0.0,3,143.0,146.0,3,149.0,160.0,0.0,0.0,0.0,0.0,847
2023-05-10 21:05:38,CF401P14000,CF401P14000,149.0,0.0,0.0,0.0,3,144.0,147.0,3,149.0,160.0,0.0,0.0,0.0,0.0,847
2023-05-10 21:05:52,CF401P14000,CF401P14000,149.0,0.0,0.0,0.0,23,144.0,147.0,3,149.0,160.0,0.0,0.0,0.0,0.0,847
2023-05-10 21:05:56,CF401P14000,CF401P14000,149.0,0.0,0.0,0.0,13,144.0,147.0,3,149.0,160.0,0.0,0.0,0.0,0.0,847
2023-05-10 21:05:56,CF401P14000,CF401P14000,149.0,0.0,0.0,0.0,3,144.0,147.0,3,149.0,160.0,0.0,0.0,0.0,0.0,847
2023-05-10 21:06:20,CF401P14000,CF401P14000,149.0,0.0,0.0,0.0,23,144.0,147.0,3,149.0,160.0,0.0,0.0,0.0,0.0,847
2023-05-10 21:06:32,CF401P14000,CF401P14000,149.0,0.0,0.0,0.0,3,145.0,149.0,3,149.0,160.0,0.0,0.0,0.0,0.0,847
2023-05-10 21:06:48,CF401P14000,CF401P14000,149.0,0.0,0.0,0.0,3,145.0,148.0,3,149.0,160.0,0.0,0.0,0.0,0.0,847
2023-05-10 21:06:58,CF401P14000,CF401P14000,149.0,0.0,0.0,0.0,3,145.0,149.0,23,149.0,160.0,0.0,0.0,0.0,0.0,847
2023-05-10 21:07:02,CF401P14000,CF401P14000,149.0,0.0,0.0,0.0,3,145.0,149.0,3,149.0,160.0,0.0,0.0,0.0,0.0,847
2023-05-10 21:07:11,CF401P14000,CF401P14000,149.0,0.0,0.0,0.0,13,145.0,149.0,3,149.0,160.0,0.0,0.0,0.0,0.0,847
2023-05-10 21:07:11,CF401P14000,CF401P14000,149.0,0.0,0.0,0.0,23,145.0,149.0,23,149.0,160.0,0.0,0.0,0.0,0.0,847
2023-05-10 21:07:15,CF401P14000,CF401P14000,149.0,0.0,0.0,0.0,23,145.0,148.0,3,149.0,160.0,0.0,0.0,0.0,0.0,847
2023-05-10 21:07:15,CF401P14000,CF401P14000,149.0,0.0,0.0,0.0,3,145.0,148.0,3,149.0,160.0,0.0,0.0,0.0,0.0,847
2023-05-10 21:07:18,CF401P14000,CF401P14000,149.0,0.0,0.0,0.0,13,145.0,148.0,3,149.0,160.0,0.0,0.0,0.0,0.0,847
2023-05-10 21:07:19,CF401P14000,CF401P14000,149.0,0.0,0.0,0.0,23,145.0,148.0,3,149.0,160.0,0.0,0.0,0.0,0.0,847
2023-05-10 21:07:22,CF401P14000,CF401P14000,149.0,0.0,0.0,0.0,13,145.0,148.0,3,149.0,160.0,0.0,0.0,0.0,0.0,847
2023-05-10 21:07:23,CF401P14000,CF401P14000,149.0,0.0,0.0,0.0,23,145.0,148.0,3,149.0,160.0,0.0,0.0,0.0,0.0,847
2023-05-10 21:07:23,CF401P14000,CF401P14000,149.0,0.0,0.0,0.0,13,145.0,148.0,3,149.0,160.0,0.0,0.0,0.0,0.0,847
2023-05-10 21:07:24,CF401P14000,CF401P14000,149.0,0.0,0.0,0.0,3,145.0,148.0,3,149.0,160.0,0.0,0.0,0.0,0.0,847
2023-05-10 21:07:46,CF401P14000,CF401P14000,149.0,0.0,0.0,0.0,23,145.0,148.0,3,149.0,160.0,0.0,0.0,0.0,0.0,847
2023-05-10 21:07:48,CF401P14000,CF401P14000,149.0,0.0,0.0,0.0,3,145.0,148.0,3,149.0,160.0,0.0,0.0,0.0,0.0,847
2023-05-10 21:08:09,CF401P14000,CF401P14000,149.0,0.0,0.0,0.0,13,145.0,148.0,3,149.0,160.0,0.0,0.0,0.0,0.0,847
2023-05-10 21:08:10,CF401P14000,CF401P14000,149.0,0.0,0.0,0.0,23,145.0,148.0,3,149.0,160.0,0.0,0.0,0.0,0.0,847
2023-05-10 21:08:11,CF401P14000,CF401P14000,149.0,0.0,0.0,0.0,13,145.0,148.0,3,149.0,160.0,0.0,0.0,0.0,0.0,847
2023-05-10 21:08:13,CF401P14000,CF401P14000,149.0,0.0,0.0,0.0,3,146.0,149.0,13,149.0,160.0,0.0,0.0,0.0,0.0,847
2023-05-10 21:08:14,CF401P14000,CF401P14000,149.0,0.0,0.0,0.0,13,146.0,149.0,13,149.0,160.0,0.0,0.0,0.0,0.0,847
2023-05-10 21:08:14,CF401P14000,CF401P14000,149.0,0.0,0.0,0.0,23,146.0,149.0,13,149.0,160.0,0.0,0.0,0.0,0.0,847
2023-05-10 21:08:16,CF401P14000,CF401P14000,149.0,0.0,0.0,0.0,13,146.0,149.0,13,149.0,160.0,0.0,0.0,0.0,0.0,847
2023-05-10 21:08:17,CF401P14000,CF401P14000,149.0,0.0,0.0,0.0,3,146.0,149.0,23,149.0,160.0,0.0,0.0,0.0,0.0,847
2023-05-10 21:08:27,CF401P14000,CF401P14000,149.0,0.0,0.0,0.0,3,146.0,149.0,13,149.0,160.0,0.0,0.0,0.0,0.0,847
2023-05-10 21:08:30,CF401P14000,CF401P14000,149.0,0.0,0.0,0.0,3,146.0,149.0,23,149.0,160.0,0.0,0.0,0.0,0.0,847
2023-05-10 21:08:34,CF401P14000,CF401P14000,149.0,0.0,0.0,0.0,3,146.0,149.0,13,149.0,160.0,0.0,0.0,0.0,0.0,847
2023-05-10 21:08:37,CF401P14000,CF401P14000,149.0,0.0,0.0,0.0,3,146.0,149.0,23,149.0,160.0,0.0,0.0,0.0,0.0,847
2023-05-10 21:08:41,CF401P14000,CF401P14000,149.0,0.0,0.0,0.0,3,146.0,149.0,13,149.0,160.0,0.0,0.0,0.0,0.0,847
2023-05-10 21:08:42,CF401P14000,CF401P14000,149.0,0.0,0.0,0.0,3,146.0,149.0,23,149.0,160.0,0.0,0.0,0.0,0.0,847
2023-05-10 21:08:42,CF401P14000,CF401P14000,149.0,0.0,0.0,0.0,3,146.0,149.0,13,149.0,160.0,0.0,0.0,0.0,0.0,847
2023-05-10 21:08:46,CF401P14000,CF401P14000,149.0,0.0,0.0,0.0,3,146.0,149.0,23,149.0,160.0,0.0,0.0,0.0,0.0,847
2023-05-10 21:09:06,CF401P14000,CF401P14000,149.0,0.0,0.0,0.0,3,146.0,149.0,13,149.0,160.0,0.0,0.0,0.0,0.0,847
2023-05-10 21:09:07,CF401P14000,CF401P14000,149.0,0.0,0.0,0.0,3,146.0,149.0,3,149.0,160.0,0.0,0.0,0.0,0.0,847
2023-05-10 21:09:08,CF401P14000,CF401P14000,149.0,0.0,0.0,0.0,3,146.0,151.0,43,149.0,160.0,0.0,0.0,0.0,0.0,847
2023-05-10 21:09:08,CF401P14000,CF401P14000,149.0,0.0,0.0,0.0,13,146.0,151.0,43,149.0,160.0,0.0,0.0,0.0,0.0,847
2023-05-10 21:09:09,CF401P14000,CF401P14000,149.0,0.0,0.0,0.0,13,146.0,151.0,33,149.0,160.0,0.0,0.0,0.0,0.0,847
2023-05-10 21:09:12,CF401P14000,CF401P14000,149.0,0.0,0.0,0.0,13,146.0,150.0,3,149.0,160.0,0.0,0.0,0.0,0.0,847
2023-05-10 21:09:20,CF401P14000,CF401P14000,149.0,0.0,0.0,0.0,3,147.0,150.0,3,149.0,160.0,0.0,0.0,0.0,0.0,847
2023-05-10 21:09:58,CF401P14000,CF401P14000,149.0,0.0,0.0,0.0,3,147.0,151.0,23,149.0,160.0,0.0,0.0,0.0,0.0,847
2023-05-10 21:10:00,CF401P14000,CF401P14000,149.0,0.0,0.0,0.0,3,148.0,151.0,23,149.0,160.0,0.0,0.0,0.0,0.0,847
2023-05-10 21:10:06,CF401P14000,CF401P14000,149.0,0.0,0.0,0.0,3,147.0,151.0,23,149.0,160.0,0.0,0.0,0.0,0.0,847
2023-05-10 21:10:08,CF401P14000,CF401P14000,149.0,0.0,0.0,0.0,13,147.0,151.0,23,149.0,160.0,0.0,0.0,0.0,0.0,847
2023-05-10 21:10:18,CF401P14000,CF401P14000,149.0,0.0,0.0,0.0,13,147.0,150.0,3,149.0,160.0,0.0,0.0,0.0,0.0,847
2023-05-10 21:10:21,CF401P14000,CF401P14000,149.0,0.0,0.0,0.0,23,147.0,150.0,3,149.0,160.0,0.0,0.0,0.0,0.0,847
2023-05-10 21:10:28,CF401P14000,CF401P14000,149.0,0.0,0.0,0.0,13,147.0,150.0,3,149.0,160.0,0.0,0.0,0.0,0.0,847
2023-05-10 21:10:30,CF401P14000,CF401P14000,149.0,0.0,0.0,0.0,23,147.0,150.0,3,149.0,160.0,0.0,0.0,0.0,0.0,847
2023-05-10 21:10:32,CF401P14000,CF401P14000,149.0,0.0,0.0,0.0,23,147.0,151.0,23,149.0,160.0,0.0,0.0,0.0,0.0,847
2023-05-10 21:10:32,CF401P14000,CF401P14000,149.0,0.0,0.0,0.0,3,148.0,151.0,23,149.0,160.0,0.0,0.0,0.0,0.0,847
2023-05-10 21:10:33,CF401P14000,CF401P14000,149.0,0.0,0.0,0.0,3,148.0,151.0,3,149.0,160.0,0.0,0.0,0.0,0.0,847
2023-05-10 21:11:56,CF401P14000,CF401P14000,149.0,0.0,0.0,0.0,3,148.0,153.0,10,149.0,160.0,0.0,0.0,0.0,0.0,847
2023-05-10 21:11:57,CF401P14000,CF401P14000,149.0,0.0,0.0,0.0,3,149.0,154.0,50,149.0,160.0,0.0,0.0,0.0,0.0,847
2023-05-10 21:11:57,CF401P14000,CF401P14000,149.0,0.0,0.0,0.0,3,149.0,154.0,40,149.0,160.0,0.0,0.0,0.0,0.0,847
2023-05-10 21:11:59,CF401P14000,CF401P14000,149.0,0.0,0.0,0.0,3,149.0,154.0,30,149.0,160.0,0.0,0.0,0.0,0.0,847
2023-05-10 21:12:00,CF401P14000,CF401P14000,149.0,0.0,0.0,0.0,3,149.0,154.0,33,149.0,160.0,0.0,0.0,0.0,0.0,847
2023-05-10 21:12:01,CF401P14000,CF401P14000,149.0,0.0,0.0,0.0,3,149.0,154.0,43,149.0,160.0,0.0,0.0,0.0,0.0,847
2023-05-10 21:12:01,CF401P14000,CF401P14000,149.0,0.0,0.0,0.0,3,149.0,153.0,3,149.0,160.0,0.0,0.0,0.0,0.0,847
2023-05-10 21:12:02,CF401P14000,CF401P14000,149.0,0.0,0.0,0.0,13,149.0,153.0,3,149.0,160.0,0.0,0.0,0.0,0.0,847
2023-05-10 21:12:03,CF401P14000,CF401P14000,149.0,0.0,0.0,0.0,23,149.0,153.0,3,149.0,160.0,0.0,0.0,0.0,0.0,847
2023-05-10 21:12:09,CF401P14000,CF401P14000,149.0,0.0,0.0,0.0,13,149.0,152.0,3,149.0,160.0,0.0,0.0,0.0,0.0,847
2023-05-10 21:12:09,CF401P14000,CF401P14000,149.0,0.0,0.0,0.0,23,149.0,152.0,3,149.0,160.0,0.0,0.0,0.0,0.0,847
2023-05-10 21:12:11,CF401P14000,CF401P14000,149.0,0.0,0.0,0.0,13,149.0,152.0,3,149.0,160.0,0.0,0.0,0.0,0.0,847
2023-05-10 21:12:22,CF401P14000,CF401P14000,149.0,0.0,0.0,0.0,13,149.0,152.0,13,149.0,160.0,0.0,0.0,0.0,0.0,847
2023-05-10 21:12:24,CF401P14000,CF401P14000,149.0,0.0,0.0,0.0,13,149.0,152.0,23,149.0,160.0,0.0,0.0,0.0,0.0,847
2023-05-10 21:12:25,CF401P14000,CF401P14000,149.0,0.0,0.0,0.0,13,149.0,152.0,13,149.0,160.0,0.0,0.0,0.0,0.0,847
2023-05-10 21:12:27,CF401P14000,CF401P14000,149.0,0.0,0.0,0.0,13,149.0,152.0,23,149.0,160.0,0.0,0.0,0.0,0.0,847
2023-05-10 21:12:27,CF401P14000,CF401P14000,149.0,0.0,0.0,0.0,13,149.0,152.0,13,149.0,160.0,0.0,0.0,0.0,0.0,847
2023-05-10 21:12:33,CF401P14000,CF401P14000,149.0,0.0,0.0,0.0,13,149.0,152.0,23,149.0,160.0,0.0,0.0,0.0,0.0,847
2023-05-10 21:12:37,CF401P14000,CF401P14000,149.0,0.0,0.0,0.0,13,149.0,152.0,13,149.0,160.0,0.0,0.0,0.0,0.0,847
2023-05-10 21:12:38,CF401P14000,CF401P14000,149.0,0.0,0.0,0.0,23,149.0,152.0,23,149.0,160.0,0.0,0.0,0.0,0.0,847
2023-05-10 21:12:39,CF401P14000,CF401P14000,149.0,0.0,0.0,0.0,23,149.0,152.0,13,149.0,160.0,0.0,0.0,0.0,0.0,847
2023-05-10 21:12:43,CF401P14000,CF401P14000,149.0,0.0,0.0,0.0,13,149.0,152.0,23,149.0,160.0,0.0,0.0,0.0,0.0,847
2023-05-10 21:12:45,CF401P14000,CF401P14000,149.0,0.0,0.0,0.0,23,149.0,152.0,3,149.0,160.0,0.0,0.0,0.0,0.0,847
2023-05-10 21:12:45,CF401P14000,CF401P14000,149.0,0.0,0.0,0.0,13,149.0,153.0,13,149.0,160.0,0.0,0.0,0.0,0.0,847
2023-05-10 21:12:48,CF401P14000,CF401P14000,149.0,0.0,0.0,0.0,23,149.0,153.0,23,149.0,160.0,0.0,0.0,0.0,0.0,847
2023-05-10 21:12:50,CF401P14000,CF401P14000,149.0,0.0,0.0,0.0,13,149.0,153.0,23,149.0,160.0,0.0,0.0,0.0,0.0,847
2023-05-10 21:12:51,CF401P14000,CF401P14000,149.0,0.0,0.0,0.0,23,149.0,153.0,23,149.0,160.0,0.0,0.0,0.0,0.0,847
2023-05-10 21:12:53,CF401P14000,CF401P14000,149.0,0.0,0.0,0.0,13,149.0,153.0,13,149.0,160.0,0.0,0.0,0.0,0.0,847
2023-05-10 21:12:53,CF401P14000,CF401P14000,149.0,0.0,0.0,0.0,13,149.0,153.0,23,149.0,160.0,0.0,0.0,0.0,0.0,847
2023-05-10 21:12:53,CF401P14000,CF401P14000,149.0,0.0,0.0,0.0,13,149.0,153.0,13,149.0,160.0,0.0,0.0,0.0,0.0,847
2023-05-10 21:12:55,CF401P14000,CF401P14000,149.0,0.0,0.0,0.0,13,149.0,153.0,23,149.0,160.0,0.0,0.0,0.0,0.0,847
2023-05-10 21:13:00,CF401P14000,CF401P14000,149.0,0.0,0.0,0.0,23,149.0,153.0,23,149.0,160.0,0.0,0.0,0.0,0.0,847
2023-05-10 21:13:04,CF401P14000,CF401P14000,149.0,0.0,0.0,0.0,13,149.0,153.0,23,149.0,160.0,0.0,0.0,0.0,0.0,847
2023-05-10 21:13:07,CF401P14000,CF401P14000,149.0,0.0,0.0,0.0,23,149.0,153.0,23,149.0,160.0,0.0,0.0,0.0,0.0,847
2023-05-10 21:13:12,CF401P14000,CF401P14000,149.0,0.0,0.0,0.0,23,149.0,153.0,13,149.0,160.0,0.0,0.0,0.0,0.0,847
2023-05-10 21:13:14,CF401P14000,CF401P14000,149.0,0.0,0.0,0.0,3,150.0,153.0,23,149.0,160.0,0.0,0.0,0.0,0.0,847
2023-05-10 21:13:16,CF401P14000,CF401P14000,149.0,0.0,0.0,0.0,3,150.0,153.0,13,149.0,160.0,0.0,0.0,0.0,0.0,847
2023-05-10 21:13:20,CF401P14000,CF401P14000,149.0,0.0,0.0,0.0,3,150.0,153.0,23,149.0,160.0,0.0,0.0,0.0,0.0,847
2023-05-10 21:13:23,CF401P14000,CF401P14000,149.0,0.0,0.0,0.0,3,150.0,153.0,13,149.0,160.0,0.0,0.0,0.0,0.0,847
2023-05-10 21:13:24,CF401P14000,CF401P14000,149.0,0.0,0.0,0.0,3,150.0,153.0,23,149.0,160.0,0.0,0.0,0.0,0.0,847
2023-05-10 21:13:29,CF401P14000,CF401P14000,149.0,0.0,0.0,0.0,3,151.0,153.0,20,149.0,160.0,0.0,0.0,0.0,0.0,847
2023-05-10 21:13:30,CF401P14000,CF401P14000,149.0,0.0,0.0,0.0,3,151.0,154.0,20,149.0,160.0,0.0,0.0,0.0,0.0,847
2023-05-10 21:13:32,CF401P14000,CF401P14000,149.0,0.0,0.0,0.0,3,151.0,154.0,30,149.0,160.0,0.0,0.0,0.0,0.0,847
2023-05-10 21:13:40,CF401P14000,CF401P14000,149.0,0.0,0.0,0.0,3,151.0,154.0,33,149.0,160.0,0.0,0.0,0.0,0.0,847
2023-05-10 21:13:48,CF401P14000,CF401P14000,149.0,0.0,0.0,0.0,3,151.0,154.0,23,149.0,160.0,0.0,0.0,0.0,0.0,847
2023-05-10 21:13:51,CF401P14000,CF401P14000,149.0,0.0,0.0,0.0,3,151.0,154.0,33,149.0,160.0,0.0,0.0,0.0,0.0,847
2023-05-10 21:13:54,CF401P14000,CF401P14000,149.0,0.0,0.0,0.0,3,151.0,154.0,23,149.0,160.0,0.0,0.0,0.0,0.0,847
2023-05-10 21:13:57,CF401P14000,CF401P14000,149.0,0.0,0.0,0.0,3,151.0,154.0,33,149.0,160.0,0.0,0.0,0.0,0.0,847
2023-05-10 21:14:04,CF401P14000,CF401P14000,149.0,0.0,0.0,0.0,3,151.0,154.0,43,149.0,160.0,0.0,0.0,0.0,0.0,847
2023-05-10 21:14:09,CF401P14000,CF401P14000,149.0,0.0,0.0,0.0,3,150.0,154.0,43,149.0,160.0,0.0,0.0,0.0,0.0,847
2023-05-10 21:14:09,CF401P14000,CF401P14000,149.0,0.0,0.0,0.0,3,150.0,154.0,53,149.0,160.0,0.0,0.0,0.0,0.0,847
2023-05-10 21:14:10,CF401P14000,CF401P14000,149.0,0.0,0.0,0.0,3,150.0,153.0,3,149.0,160.0,0.0,0.0,0.0,0.0,847
2023-05-10 21:14:14,CF401P14000,CF401P14000,149.0,0.0,0.0,0.0,13,150.0,153.0,3,149.0,160.0,0.0,0.0,0.0,0.0,847
2023-05-10 21:14:17,CF401P14000,CF401P14000,149.0,0.0,0.0,0.0,3,150.0,153.0,3,149.0,160.0,0.0,0.0,0.0,0.0,847
2023-05-10 21:14:17,CF401P14000,CF401P14000,149.0,0.0,0.0,0.0,13,150.0,153.0,3,149.0,160.0,0.0,0.0,0.0,0.0,847
2023-05-10 21:14:48,CF401P14000,CF401P14000,149.0,0.0,0.0,0.0,23,150.0,153.0,3,149.0,160.0,0.0,0.0,0.0,0.0,847
2023-05-10 21:14:52,CF401P14000,CF401P14000,149.0,0.0,0.0,0.0,13,150.0,153.0,3,149.0,160.0,0.0,0.0,0.0,0.0,847
2023-05-10 21:14:54,CF401P14000,CF401P14000,149.0,0.0,0.0,0.0,23,150.0,153.0,3,149.0,160.0,0.0,0.0,0.0,0.0,847
2023-05-10 21:14:56,CF401P14000,CF401P14000,149.0,0.0,0.0,0.0,13,150.0,153.0,3,149.0,160.0,0.0,0.0,0.0,0.0,847
2023-05-10 21:15:01,CF401P14000,CF401P14000,149.0,0.0,0.0,0.0,23,150.0,153.0,3,149.0,160.0,0.0,0.0,0.0,0.0,847
2023-05-10 21:15:04,CF401P14000,CF401P14000,149.0,0.0,0.0,0.0,13,150.0,153.0,3,149.0,160.0,0.0,0.0,0.0,0.0,847
2023-05-10 21:15:09,CF401P14000,CF401P14000,149.0,0.0,0.0,0.0,3,150.0,153.0,3,149.0,160.0,0.0,0.0,0.0,0.0,847
2023-05-10 21:15:50,CF401P14000,CF401P14000,149.0,0.0,0.0,0.0,3,151.0,154.0,33,149.0,160.0,0.0,0.0,0.0,0.0,847
2023-05-10 21:15:51,CF401P14000,CF401P14000,149.0,0.0,0.0,0.0,3,151.0,154.0,23,149.0,160.0,0.0,0.0,0.0,0.0,847
2023-05-10 21:15:51,CF401P14000,CF401P14000,149.0,0.0,0.0,0.0,3,151.0,154.0,13,149.0,160.0,0.0,0.0,0.0,0.0,847
2023-05-10 21:15:53,CF401P14000,CF401P14000,149.0,0.0,0.0,0.0,3,151.0,154.0,23,149.0,160.0,0.0,0.0,0.0,0.0,847
2023-05-10 21:16:03,CF401P14000,CF401P14000,149.0,0.0,0.0,0.0,13,151.0,154.0,23,149.0,160.0,0.0,0.0,0.0,0.0,847
2023-05-10 21:16:03,CF401P14000,CF401P14000,149.0,0.0,0.0,0.0,23,151.0,154.0,13,149.0,160.0,0.0,0.0,0.0,0.0,847
2023-05-10 21:16:05,CF401P14000,CF401P14000,149.0,0.0,0.0,0.0,3,151.0,154.0,23,149.0,160.0,0.0,0.0,0.0,0.0,847
2023-05-10 21:16:09,CF401P14000,CF401P14000,149.0,0.0,0.0,0.0,3,151.0,154.0,20,149.0,160.0,0.0,0.0,0.0,0.0,847
2023-05-10 21:16:10,CF401P14000,CF401P14000,149.0,0.0,0.0,0.0,13,151.0,154.0,20,149.0,160.0,0.0,0.0,0.0,0.0,847
2023-05-10 21:16:11,CF401P14000,CF401P14000,149.0,0.0,0.0,0.0,3,151.0,154.0,20,149.0,160.0,0.0,0.0,0.0,0.0,847
2023-05-10 21:16:14,CF401P14000,CF401P14000,149.0,0.0,0.0,0.0,13,151.0,154.0,20,149.0,160.0,0.0,0.0,0.0,0.0,847
2023-05-10 21:16:18,CF401P14000,CF401P14000,149.0,0.0,0.0,0.0,3,152.0,154.0,20,149.0,160.0,0.0,0.0,0.0,0.0,847
2023-05-10 21:16:27,CF401P14000,CF401P14000,149.0,0.0,0.0,0.0,3,152.0,154.0,10,149.0,160.0,0.0,0.0,0.0,0.0,847
2023-05-10 21:16:27,CF401P14000,CF401P14000,149.0,0.0,0.0,0.0,3,152.0,155.0,20,149.0,160.0,0.0,0.0,0.0,0.0,847
2023-05-10 21:16:27,CF401P14000,CF401P14000,149.0,0.0,0.0,0.0,3,152.0,155.0,30,149.0,160.0,0.0,0.0,0.0,0.0,847
2023-05-10 21:16:28,CF401P14000,CF401P14000,149.0,0.0,0.0,0.0,3,152.0,155.0,20,149.0,160.0,0.0,0.0,0.0,0.0,847
2023-05-10 21:16:30,CF401P14000,CF401P14000,149.0,0.0,0.0,0.0,3,152.0,155.0,10,149.0,160.0,0.0,0.0,0.0,0.0,847
2023-05-10 21:16:31,CF401P14000,CF401P14000,149.0,0.0,0.0,0.0,3,152.0,156.0,43,149.0,160.0,0.0,0.0,0.0,0.0,847
2023-05-10 21:16:31,CF401P14000,CF401P14000,149.0,0.0,0.0,0.0,3,152.0,156.0,33,149.0,160.0,0.0,0.0,0.0,0.0,847
2023-05-10 21:16:33,CF401P14000,CF401P14000,149.0,0.0,0.0,0.0,3,152.0,156.0,23,149.0,160.0,0.0,0.0,0.0,0.0,847
2023-05-10 21:16:34,CF401P14000,CF401P14000,149.0,0.0,0.0,0.0,3,152.0,156.0,33,149.0,160.0,0.0,0.0,0.0,0.0,847
2023-05-10 21:16:35,CF401P14000,CF401P14000,149.0,0.0,0.0,0.0,3,152.0,156.0,43,149.0,160.0,0.0,0.0,0.0,0.0,847
2023-05-10 21:16:35,CF401P14000,CF401P14000,149.0,0.0,0.0,0.0,3,152.0,156.0,33,149.0,160.0,0.0,0.0,0.0,0.0,847
2023-05-10 21:16:35,CF401P14000,CF401P14000,149.0,0.0,0.0,0.0,3,152.0,156.0,23,149.0,160.0,0.0,0.0,0.0,0.0,847
2023-05-10 21:16:37,CF401P14000,CF401P14000,149.0,0.0,0.0,0.0,3,152.0,156.0,33,149.0,160.0,0.0,0.0,0.0,0.0,847
2023-05-10 21:16:38,CF401P14000,CF401P14000,149.0,0.0,0.0,0.0,3,152.0,156.0,23,149.0,160.0,0.0,0.0,0.0,0.0,847
2023-05-10 21:16:39,CF401P14000,CF401P14000,149.0,0.0,0.0,0.0,3,152.0,156.0,33,149.0,160.0,0.0,0.0,0.0,0.0,847
2023-05-10 21:16:47,CF401P14000,CF401P14000,149.0,0.0,0.0,0.0,3,152.0,156.0,43,149.0,160.0,0.0,0.0,0.0,0.0,847
2023-05-10 21:16:50,CF401P14000,CF401P14000,149.0,0.0,0.0,0.0,3,152.0,156.0,33,149.0,160.0,0.0,0.0,0.0,0.0,847
2023-05-10 21:17:06,CF401P14000,CF401P14000,149.0,0.0,0.0,0.0,3,153.0,156.0,33,149.0,160.0,0.0,0.0,0.0,0.0,847
2023-05-10 21:18:22,CF401P14000,CF401P14000,149.0,0.0,0.0,0.0,3,153.0,156.0,23,149.0,160.0,0.0,0.0,0.0,0.0,847
2023-05-10 21:18:48,CF401P14000,CF401P14000,149.0,0.0,0.0,0.0,3,153.0,156.0,13,149.0,160.0,0.0,0.0,0.0,0.0,847
2023-05-10 21:18:50,CF401P14000,CF401P14000,149.0,0.0,0.0,0.0,3,153.0,156.0,23,149.0,160.0,0.0,0.0,0.0,0.0,847
2023-05-10 21:18:56,CF401P14000,CF401P14000,149.0,0.0,0.0,0.0,3,152.0,156.0,23,149.0,160.0,0.0,0.0,0.0,0.0,847
2023-05-10 21:19:01,CF401P14000,CF401P14000,149.0,0.0,0.0,0.0,13,152.0,156.0,23,149.0,160.0,0.0,0.0,0.0,0.0,847
2023-05-10 21:19:05,CF401P14000,CF401P14000,149.0,0.0,0.0,0.0,23,152.0,156.0,23,149.0,160.0,0.0,0.0,0.0,0.0,847
2023-05-10 21:19:08,CF401P14000,CF401P14000,149.0,0.0,0.0,0.0,13,152.0,156.0,23,149.0,160.0,0.0,0.0,0.0,0.0,847
2023-05-10 21:19:08,CF401P14000,CF401P14000,149.0,0.0,0.0,0.0,23,152.0,156.0,23,149.0,160.0,0.0,0.0,0.0,0.0,847
2023-05-10 21:19:38,CF401P14000,CF401P14000,149.0,0.0,0.0,0.0,23,152.0,155.0,3,149.0,160.0,0.0,0.0,0.0,0.0,847
2023-05-10 21:20:06,CF401P14000,CF401P14000,149.0,0.0,0.0,0.0,3,152.0,155.0,3,149.0,160.0,0.0,0.0,0.0,0.0,847
2023-05-10 21:20:17,CF401P14000,CF401P14000,149.0,0.0,0.0,0.0,20,151.0,154.0,3,149.0,160.0,0.0,0.0,0.0,0.0,847
2023-05-10 21:20:18,CF401P14000,CF401P14000,149.0,0.0,0.0,0.0,20,151.0,153.0,3,149.0,160.0,0.0,0.0,0.0,0.0,847
2023-05-10 21:20:23,CF401P14000,CF401P14000,149.0,0.0,0.0,0.0,10,151.0,153.0,3,149.0,160.0,0.0,0.0,0.0,0.0,847
2023-05-10 21:20:23,CF401P14000,CF401P14000,149.0,0.0,0.0,0.0,23,150.0,153.0,3,149.0,160.0,0.0,0.0,0.0,0.0,847
2023-05-10 21:20:24,CF401P14000,CF401P14000,149.0,0.0,0.0,0.0,3,150.0,153.0,3,149.0,160.0,0.0,0.0,0.0,0.0,847
2023-05-10 21:20:51,CF401P14000,CF401P14000,149.0,0.0,0.0,0.0,3,150.0,154.0,3,149.0,160.0,0.0,0.0,0.0,0.0,847
2023-05-10 21:20:53,CF401P14000,CF401P14000,149.0,0.0,0.0,0.0,3,151.0,154.0,3,149.0,160.0,0.0,0.0,0.0,0.0,847
2023-05-10 21:20:57,CF401P14000,CF401P14000,149.0,0.0,0.0,0.0,3,151.0,154.0,13,149.0,160.0,0.0,0.0,0.0,0.0,847
2023-05-10 21:21:16,CF401P14000,CF401P14000,149.0,0.0,0.0,0.0,3,151.0,154.0,23,149.0,160.0,0.0,0.0,0.0,0.0,847
2023-05-10 21:21:47,CF401P14000,CF401P14000,149.0,0.0,0.0,0.0,3,151.0,154.0,3,149.0,160.0,0.0,0.0,0.0,0.0,847
2023-05-10 21:21:48,CF401P14000,CF401P14000,149.0,0.0,0.0,0.0,13,151.0,154.0,3,149.0,160.0,0.0,0.0,0.0,0.0,847
2023-05-10 21:21:59,CF401P14000,CF401P14000,149.0,0.0,0.0,0.0,3,151.0,154.0,3,149.0,160.0,0.0,0.0,0.0,0.0,847
2023-05-10 21:22:21,CF401P14000,CF401P14000,149.0,0.0,0.0,0.0,3,151.0,155.0,30,149.0,160.0,0.0,0.0,0.0,0.0,847
2023-05-10 21:22:21,CF401P14000,CF401P14000,149.0,0.0,0.0,0.0,3,151.0,155.0,33,149.0,160.0,0.0,0.0,0.0,0.0,847
2023-05-10 21:22:37,CF401P14000,CF401P14000,149.0,0.0,0.0,0.0,13,151.0,155.0,33,149.0,160.0,0.0,0.0,0.0,0.0,847
2023-05-10 21:22:37,CF401P14000,CF401P14000,149.0,0.0,0.0,0.0,23,151.0,155.0,33,149.0,160.0,0.0,0.0,0.0,0.0,847
2023-05-10 21:22:42,CF401P14000,CF401P14000,149.0,0.0,0.0,0.0,13,151.0,155.0,33,149.0,160.0,0.0,0.0,0.0,0.0,847
2023-05-10 21:22:42,CF401P14000,CF401P14000,149.0,0.0,0.0,0.0,23,151.0,155.0,33,149.0,160.0,0.0,0.0,0.0,0.0,847
2023-05-10 21:22:46,CF401P14000,CF401P14000,149.0,0.0,0.0,0.0,13,151.0,155.0,33,149.0,160.0,0.0,0.0,0.0,0.0,847
2023-05-10 21:22:50,CF401P14000,CF401P14000,149.0,0.0,0.0,0.0,23,151.0,155.0,33,149.0,160.0,0.0,0.0,0.0,0.0,847
2023-05-10 21:22:56,CF401P14000,CF401P14000,149.0,0.0,0.0,0.0,13,151.0,155.0,33,149.0,160.0,0.0,0.0,0.0,0.0,847
2023-05-10 21:23:01,CF401P14000,CF401P14000,149.0,0.0,0.0,0.0,23,151.0,155.0,33,149.0,160.0,0.0,0.0,0.0,0.0,847
2023-05-10 21:23:06,CF401P14000,CF401P14000,149.0,0.0,0.0,0.0,23,151.0,155.0,23,149.0,160.0,0.0,0.0,0.0,0.0,847
2023-05-10 21:23:06,CF401P14000,CF401P14000,149.0,0.0,0.0,0.0,23,151.0,155.0,13,149.0,160.0,0.0,0.0,0.0,0.0,847
2023-05-10 21:23:07,CF401P14000,CF401P14000,149.0,0.0,0.0,0.0,23,151.0,155.0,3,149.0,160.0,0.0,0.0,0.0,0.0,847
2023-05-10 21:23:08,CF401P14000,CF401P14000,149.0,0.0,0.0,0.0,13,151.0,155.0,3,149.0,160.0,0.0,0.0,0.0,0.0,847
2023-05-10 21:23:09,CF401P14000,CF401P14000,149.0,0.0,0.0,0.0,23,151.0,155.0,3,149.0,160.0,0.0,0.0,0.0,0.0,847
2023-05-10 21:23:10,CF401P14000,CF401P14000,149.0,0.0,0.0,0.0,13,151.0,155.0,3,149.0,160.0,0.0,0.0,0.0,0.0,847
2023-05-10 21:23:11,CF401P14000,CF401P14000,149.0,0.0,0.0,0.0,23,151.0,155.0,3,149.0,160.0,0.0,0.0,0.0,0.0,847
2023-05-10 21:23:16,CF401P14000,CF401P14000,149.0,0.0,0.0,0.0,13,151.0,155.0,3,149.0,160.0,0.0,0.0,0.0,0.0,847
2023-05-10 21:23:18,CF401P14000,CF401P14000,149.0,0.0,0.0,0.0,23,151.0,155.0,3,149.0,160.0,0.0,0.0,0.0,0.0,847
2023-05-10 21:23:19,CF401P14000,CF401P14000,149.0,0.0,0.0,0.0,13,151.0,155.0,3,149.0,160.0,0.0,0.0,0.0,0.0,847
2023-05-10 21:23:22,CF401P14000,CF401P14000,149.0,0.0,0.0,0.0,23,151.0,155.0,3,149.0,160.0,0.0,0.0,0.0,0.0,847
2023-05-10 21:23:24,CF401P14000,CF401P14000,149.0,0.0,0.0,0.0,13,151.0,155.0,3,149.0,160.0,0.0,0.0,0.0,0.0,847
2023-05-10 21:23:25,CF401P14000,CF401P14000,149.0,0.0,0.0,0.0,23,151.0,155.0,3,149.0,160.0,0.0,0.0,0.0,0.0,847
2023-05-10 21:23:25,CF401P14000,CF401P14000,149.0,0.0,0.0,0.0,3,151.0,155.0,3,149.0,160.0,0.0,0.0,0.0,0.0,847
2023-05-10 21:23:41,CF401P14000,CF401P14000,149.0,0.0,0.0,0.0,3,151.0,155.0,13,149.0,160.0,0.0,0.0,0.0,0.0,847
2023-05-10 21:23:54,CF401P14000,CF401P14000,149.0,0.0,0.0,0.0,3,151.0,155.0,23,149.0,160.0,0.0,0.0,0.0,0.0,847
2023-05-10 21:23:54,CF401P14000,CF401P14000,149.0,0.0,0.0,0.0,3,151.0,155.0,33,149.0,160.0,0.0,0.0,0.0,0.0,847
2023-05-10 21:23:56,CF401P14000,CF401P14000,149.0,0.0,0.0,0.0,13,151.0,155.0,33,149.0,160.0,0.0,0.0,0.0,0.0,847
2023-05-10 21:24:05,CF401P14000,CF401P14000,149.0,0.0,0.0,0.0,13,151.0,154.0,3,149.0,160.0,0.0,0.0,0.0,0.0,847
2023-05-10 21:24:06,CF401P14000,CF401P14000,149.0,0.0,0.0,0.0,13,151.0,154.0,23,149.0,160.0,0.0,0.0,0.0,0.0,847
2023-05-10 21:24:09,CF401P14000,CF401P14000,149.0,0.0,0.0,0.0,23,151.0,154.0,13,149.0,160.0,0.0,0.0,0.0,0.0,847
2023-05-10 21:24:09,CF401P14000,CF401P14000,149.0,0.0,0.0,0.0,23,151.0,154.0,3,149.0,160.0,0.0,0.0,0.0,0.0,847
2023-05-10 21:24:10,CF401P14000,CF401P14000,149.0,0.0,0.0,0.0,13,151.0,154.0,3,149.0,160.0,0.0,0.0,0.0,0.0,847
2023-05-10 21:24:13,CF401P14000,CF401P14000,149.0,0.0,0.0,0.0,3,151.0,154.0,3,149.0,160.0,0.0,0.0,0.0,0.0,847
2023-05-10 21:24:24,CF401P14000,CF401P14000,149.0,0.0,0.0,0.0,3,151.0,154.0,13,149.0,160.0,0.0,0.0,0.0,0.0,847
2023-05-10 21:24:26,CF401P14000,CF401P14000,149.0,0.0,0.0,0.0,3,151.0,154.0,23,149.0,160.0,0.0,0.0,0.0,0.0,847
2023-05-10 21:24:42,CF401P14000,CF401P14000,149.0,0.0,0.0,0.0,10,152.0,154.0,23,149.0,160.0,0.0,0.0,0.0,0.0,847
2023-05-10 21:24:47,CF401P14000,CF401P14000,149.0,0.0,0.0,0.0,13,151.0,154.0,3,149.0,160.0,0.0,0.0,0.0,0.0,847
2023-05-10 21:24:47,CF401P14000,CF401P14000,149.0,0.0,0.0,0.0,3,151.0,154.0,3,149.0,160.0,0.0,0.0,0.0,0.0,847
2023-05-10 21:25:05,CF401P14000,CF401P14000,149.0,0.0,0.0,0.0,3,151.0,155.0,3,149.0,160.0,0.0,0.0,0.0,0.0,847
2023-05-10 21:25:09,CF401P14000,CF401P14000,149.0,0.0,0.0,0.0,3,152.0,155.0,3,149.0,160.0,0.0,0.0,0.0,0.0,847
2023-05-10 21:26:03,CF401P14000,CF401P14000,149.0,0.0,0.0,0.0,3,152.0,155.0,13,149.0,160.0,0.0,0.0,0.0,0.0,847
2023-05-10 21:26:05,CF401P14000,CF401P14000,149.0,0.0,0.0,0.0,3,152.0,155.0,23,149.0,160.0,0.0,0.0,0.0,0.0,847
2023-05-10 21:26:13,CF401P14000,CF401P14000,149.0,0.0,0.0,0.0,3,152.0,155.0,33,149.0,160.0,0.0,0.0,0.0,0.0,847
2023-05-10 21:26:15,CF401P14000,CF401P14000,149.0,0.0,0.0,0.0,3,152.0,155.0,23,149.0,160.0,0.0,0.0,0.0,0.0,847
2023-05-10 21:26:30,CF401P14000,CF401P14000,149.0,0.0,0.0,0.0,3,152.0,155.0,33,149.0,160.0,0.0,0.0,0.0,0.0,847
2023-05-10 21:26:32,CF401P14000,CF401P14000,149.0,0.0,0.0,0.0,3,152.0,155.0,43,149.0,160.0,0.0,0.0,0.0,0.0,847
2023-05-10 21:26:34,CF401P14000,CF401P14000,149.0,0.0,0.0,0.0,3,151.0,155.0,53,149.0,160.0,0.0,0.0,0.0,0.0,847
2023-05-10 21:26:42,CF401P14000,CF401P14000,149.0,0.0,0.0,0.0,3,151.0,154.0,3,149.0,160.0,0.0,0.0,0.0,0.0,847
2023-05-10 21:26:51,CF401P14000,CF401P14000,149.0,0.0,0.0,0.0,3,151.0,154.0,13,149.0,160.0,0.0,0.0,0.0,0.0,847
2023-05-10 21:26:56,CF401P14000,CF401P14000,149.0,0.0,0.0,0.0,3,151.0,154.0,23,149.0,160.0,0.0,0.0,0.0,0.0,847
2023-05-10 21:26:56,CF401P14000,CF401P14000,149.0,0.0,0.0,0.0,20,150.0,154.0,33,149.0,160.0,0.0,0.0,0.0,0.0,847
2023-05-10 21:26:57,CF401P14000,CF401P14000,149.0,0.0,0.0,0.0,10,150.0,153.0,3,149.0,160.0,0.0,0.0,0.0,0.0,847
2023-05-10 21:26:58,CF401P14000,CF401P14000,149.0,0.0,0.0,0.0,10,150.0,153.0,13,149.0,160.0,0.0,0.0,0.0,0.0,847
2023-05-10 21:26:59,CF401P14000,CF401P14000,149.0,0.0,0.0,0.0,20,150.0,153.0,23,149.0,160.0,0.0,0.0,0.0,0.0,847
2023-05-10 21:27:01,CF401P14000,CF401P14000,149.0,0.0,0.0,0.0,23,150.0,153.0,23,149.0,160.0,0.0,0.0,0.0,0.0,847
2023-05-10 21:27:01,CF401P14000,CF401P14000,149.0,0.0,0.0,0.0,13,150.0,153.0,13,149.0,160.0,0.0,0.0,0.0,0.0,847
2023-05-10 21:27:02,CF401P14000,CF401P14000,149.0,0.0,0.0,0.0,3,150.0,153.0,13,149.0,160.0,0.0,0.0,0.0,0.0,847
2023-05-10 21:27:02,CF401P14000,CF401P14000,149.0,0.0,0.0,0.0,3,150.0,153.0,23,149.0,160.0,0.0,0.0,0.0,0.0,847
2023-05-10 21:27:25,CF401P14000,CF401P14000,149.0,0.0,0.0,0.0,3,150.0,153.0,13,149.0,160.0,0.0,0.0,0.0,0.0,847
2023-05-10 21:27:25,CF401P14000,CF401P14000,149.0,0.0,0.0,0.0,3,150.0,153.0,23,149.0,160.0,0.0,0.0,0.0,0.0,847
2023-05-10 21:27:30,CF401P14000,CF401P14000,149.0,0.0,0.0,0.0,3,150.0,153.0,33,149.0,160.0,0.0,0.0,0.0,0.0,847
2023-05-10 21:27:30,CF401P14000,CF401P14000,149.0,0.0,0.0,0.0,3,150.0,153.0,43,149.0,160.0,0.0,0.0,0.0,0.0,847
2023-05-10 21:27:33,CF401P14000,CF401P14000,149.0,0.0,0.0,0.0,3,149.0,153.0,43,149.0,160.0,0.0,0.0,0.0,0.0,847
2023-05-10 21:27:34,CF401P14000,CF401P14000,149.0,0.0,0.0,0.0,3,149.0,152.0,3,149.0,160.0,0.0,0.0,0.0,0.0,847
2023-05-10 21:28:48,CF401P14000,CF401P14000,149.0,0.0,0.0,0.0,3,149.0,153.0,53,149.0,160.0,0.0,0.0,0.0,0.0,847
2023-05-10 21:28:49,CF401P14000,CF401P14000,149.0,0.0,0.0,0.0,3,149.0,153.0,43,149.0,160.0,0.0,0.0,0.0,0.0,847
2023-05-10 21:28:52,CF401P14000,CF401P14000,149.0,0.0,0.0,0.0,3,150.0,153.0,33,149.0,160.0,0.0,0.0,0.0,0.0,847
2023-05-10 21:28:54,CF401P14000,CF401P14000,149.0,0.0,0.0,0.0,3,150.0,153.0,23,149.0,160.0,0.0,0.0,0.0,0.0,847
2023-05-10 21:30:08,CF401P14000,CF401P14000,149.0,0.0,0.0,0.0,3,150.0,153.0,13,149.0,160.0,0.0,0.0,0.0,0.0,847
2023-05-10 21:30:14,CF401P14000,CF401P14000,149.0,0.0,0.0,0.0,3,150.0,154.0,30,149.0,160.0,0.0,0.0,0.0,0.0,847
2023-05-10 21:30:15,CF401P14000,CF401P14000,149.0,0.0,0.0,0.0,3,150.0,154.0,40,149.0,160.0,0.0,0.0,0.0,0.0,847
2023-05-10 21:30:15,CF401P14000,CF401P14000,149.0,0.0,0.0,0.0,3,150.0,154.0,30,149.0,160.0,0.0,0.0,0.0,0.0,847
2023-05-10 21:30:17,CF401P14000,CF401P14000,149.0,0.0,0.0,0.0,13,150.0,154.0,30,149.0,160.0,0.0,0.0,0.0,0.0,847
2023-05-10 21:30:22,CF401P14000,CF401P14000,149.0,0.0,0.0,0.0,3,151.0,154.0,30,149.0,160.0,0.0,0.0,0.0,0.0,847
2023-05-10 21:30:27,CF401P14000,CF401P14000,149.0,0.0,0.0,0.0,3,151.0,154.0,20,149.0,160.0,0.0,0.0,0.0,0.0,847
2023-05-10 21:30:28,CF401P14000,CF401P14000,149.0,0.0,0.0,0.0,3,151.0,154.0,10,149.0,160.0,0.0,0.0,0.0,0.0,847
2023-05-10 21:30:28,CF401P14000,CF401P14000,149.0,0.0,0.0,0.0,3,151.0,155.0,23,149.0,160.0,0.0,0.0,0.0,0.0,847
2023-05-10 21:30:33,CF401P14000,CF401P14000,149.0,0.0,0.0,0.0,3,151.0,155.0,13,149.0,160.0,0.0,0.0,0.0,0.0,847
2023-05-10 21:30:36,CF401P14000,CF401P14000,149.0,0.0,0.0,0.0,3,151.0,155.0,23,149.0,160.0,0.0,0.0,0.0,0.0,847
2023-05-10 21:30:40,CF401P14000,CF401P14000,149.0,0.0,0.0,0.0,3,151.0,155.0,33,149.0,160.0,0.0,0.0,0.0,0.0,847
2023-05-10 21:30:44,CF401P14000,CF401P14000,149.0,0.0,0.0,0.0,3,151.0,155.0,43,149.0,160.0,0.0,0.0,0.0,0.0,847
2023-05-10 21:30:45,CF401P14000,CF401P14000,149.0,0.0,0.0,0.0,3,151.0,154.0,10,149.0,160.0,0.0,0.0,0.0,0.0,847
2023-05-10 21:30:47,CF401P14000,CF401P14000,149.0,0.0,0.0,0.0,3,151.0,154.0,20,149.0,160.0,0.0,0.0,0.0,0.0,847
2023-05-10 21:30:51,CF401P14000,CF401P14000,149.0,0.0,0.0,0.0,3,151.0,154.0,30,149.0,160.0,0.0,0.0,0.0,0.0,847
2023-05-10 21:30:53,CF401P14000,CF401P14000,149.0,0.0,0.0,0.0,3,151.0,154.0,33,149.0,160.0,0.0,0.0,0.0,0.0,847
2023-05-10 21:30:53,CF401P14000,CF401P14000,149.0,0.0,0.0,0.0,3,151.0,154.0,23,149.0,160.0,0.0,0.0,0.0,0.0,847
2023-05-10 21:30:54,CF401P14000,CF401P14000,149.0,0.0,0.0,0.0,3,151.0,154.0,33,149.0,160.0,0.0,0.0,0.0,0.0,847
2023-05-10 21:31:08,CF401P14000,CF401P14000,149.0,0.0,0.0,0.0,3,151.0,154.0,43,149.0,160.0,0.0,0.0,0.0,0.0,847
2023-05-10 21:31:12,CF401P14000,CF401P14000,149.0,0.0,0.0,0.0,3,151.0,154.0,33,149.0,160.0,0.0,0.0,0.0,0.0,847
2023-05-10 21:31:13,CF401P14000,CF401P14000,149.0,0.0,0.0,0.0,3,151.0,154.0,43,149.0,160.0,0.0,0.0,0.0,0.0,847
2023-05-10 21:31:13,CF401P14000,CF401P14000,149.0,0.0,0.0,0.0,13,150.0,154.0,43,149.0,160.0,0.0,0.0,0.0,0.0,847
2023-05-10 21:31:17,CF401P14000,CF401P14000,149.0,0.0,0.0,0.0,13,150.0,154.0,33,149.0,160.0,0.0,0.0,0.0,0.0,847
2023-05-10 21:31:32,CF401P14000,CF401P14000,149.0,0.0,0.0,0.0,13,150.0,154.0,43,149.0,160.0,0.0,0.0,0.0,0.0,847
2023-05-10 21:31:36,CF401P14000,CF401P14000,149.0,0.0,0.0,0.0,13,150.0,154.0,33,149.0,160.0,0.0,0.0,0.0,0.0,847
2023-05-10 21:31:45,CF401P14000,CF401P14000,149.0,0.0,0.0,0.0,3,150.0,154.0,33,149.0,160.0,0.0,0.0,0.0,0.0,847
2023-05-10 21:31:47,CF401P14000,CF401P14000,149.0,0.0,0.0,0.0,10,151.0,154.0,33,149.0,160.0,0.0,0.0,0.0,0.0,847
2023-05-10 21:31:48,CF401P14000,CF401P14000,149.0,0.0,0.0,0.0,13,151.0,154.0,13,149.0,160.0,0.0,0.0,0.0,0.0,847
2023-05-10 21:31:49,CF401P14000,CF401P14000,149.0,0.0,0.0,0.0,13,151.0,154.0,3,149.0,160.0,0.0,0.0,0.0,0.0,847
2023-05-10 21:31:49,CF401P14000,CF401P14000,149.0,0.0,0.0,0.0,23,151.0,154.0,3,149.0,160.0,0.0,0.0,0.0,0.0,847
2023-05-10 21:31:52,CF401P14000,CF401P14000,149.0,0.0,0.0,0.0,23,151.0,155.0,23,149.0,160.0,0.0,0.0,0.0,0.0,847
2023-05-10 21:31:59,CF401P14000,CF401P14000,149.0,0.0,0.0,0.0,13,151.0,155.0,23,149.0,160.0,0.0,0.0,0.0,0.0,847
2023-05-10 21:31:59,CF401P14000,CF401P14000,149.0,0.0,0.0,0.0,3,151.0,155.0,13,149.0,160.0,0.0,0.0,0.0,0.0,847
2023-05-10 21:32:01,CF401P14000,CF401P14000,149.0,0.0,0.0,0.0,3,151.0,155.0,23,149.0,160.0,0.0,0.0,0.0,0.0,847
2023-05-10 21:32:15,CF401P14000,CF401P14000,149.0,0.0,0.0,0.0,3,151.0,155.0,33,149.0,160.0,0.0,0.0,0.0,0.0,847
2023-05-10 21:32:21,CF401P14000,CF401P14000,149.0,0.0,0.0,0.0,3,151.0,154.0,20,149.0,160.0,0.0,0.0,0.0,0.0,847
2023-05-10 21:32:52,CF401P14000,CF401P14000,149.0,0.0,0.0,0.0,3,151.0,154.0,10,149.0,160.0,0.0,0.0,0.0,0.0,847
2023-05-10 21:32:53,CF401P14000,CF401P14000,149.0,0.0,0.0,0.0,3,151.0,155.0,23,149.0,160.0,0.0,0.0,0.0,0.0,847
2023-05-10 21:32:53,CF401P14000,CF401P14000,149.0,0.0,0.0,0.0,3,151.0,155.0,13,149.0,160.0,0.0,0.0,0.0,0.0,847
2023-05-10 21:32:54,CF401P14000,CF401P14000,149.0,0.0,0.0,0.0,3,151.0,155.0,23,149.0,160.0,0.0,0.0,0.0,0.0,847
2023-05-10 21:32:57,CF401P14000,CF401P14000,149.0,0.0,0.0,0.0,3,152.0,155.0,23,149.0,160.0,0.0,0.0,0.0,0.0,847
2023-05-10 21:33:04,CF401P14000,CF401P14000,149.0,0.0,0.0,0.0,3,152.0,155.0,13,149.0,160.0,0.0,0.0,0.0,0.0,847
2023-05-10 21:33:06,CF401P14000,CF401P14000,149.0,0.0,0.0,0.0,3,152.0,155.0,23,149.0,160.0,0.0,0.0,0.0,0.0,847
2023-05-10 21:33:09,CF401P14000,CF401P14000,149.0,0.0,0.0,0.0,3,152.0,154.0,10,149.0,160.0,0.0,0.0,0.0,0.0,847
2023-05-10 21:33:11,CF401P14000,CF401P14000,149.0,0.0,0.0,0.0,3,152.0,154.0,20,149.0,160.0,0.0,0.0,0.0,0.0,847
2023-05-10 21:33:13,CF401P14000,CF401P14000,149.0,0.0,0.0,0.0,3,152.0,154.0,10,149.0,160.0,0.0,0.0,0.0,0.0,847
2023-05-10 21:33:14,CF401P14000,CF401P14000,149.0,0.0,0.0,0.0,3,152.0,154.0,20,149.0,160.0,0.0,0.0,0.0,0.0,847
2023-05-10 21:33:20,CF401P14000,CF401P14000,149.0,0.0,0.0,0.0,3,152.0,154.0,10,149.0,160.0,0.0,0.0,0.0,0.0,847
2023-05-10 21:33:21,CF401P14000,CF401P14000,149.0,0.0,0.0,0.0,3,152.0,154.0,20,149.0,160.0,0.0,0.0,0.0,0.0,847
2023-05-10 21:33:24,CF401P14000,CF401P14000,149.0,0.0,0.0,0.0,3,152.0,154.0,10,149.0,160.0,0.0,0.0,0.0,0.0,847
2023-05-10 21:33:24,CF401P14000,CF401P14000,149.0,0.0,0.0,0.0,3,152.0,154.0,20,149.0,160.0,0.0,0.0,0.0,0.0,847
2023-05-10 21:33:26,CF401P14000,CF401P14000,149.0,0.0,0.0,0.0,3,152.0,154.0,10,149.0,160.0,0.0,0.0,0.0,0.0,847
2023-05-10 21:33:27,CF401P14000,CF401P14000,149.0,0.0,0.0,0.0,3,152.0,154.0,20,149.0,160.0,0.0,0.0,0.0,0.0,847
2023-05-10 21:33:29,CF401P14000,CF401P14000,149.0,0.0,0.0,0.0,3,152.0,154.0,10,149.0,160.0,0.0,0.0,0.0,0.0,847
2023-05-10 21:33:29,CF401P14000,CF401P14000,149.0,0.0,0.0,0.0,3,152.0,154.0,20,149.0,160.0,0.0,0.0,0.0,0.0,847
2023-05-10 21:33:43,CF401P14000,CF401P14000,149.0,0.0,0.0,0.0,3,152.0,154.0,10,149.0,160.0,0.0,0.0,0.0,0.0,847
2023-05-10 21:33:43,CF401P14000,CF401P14000,149.0,0.0,0.0,0.0,3,152.0,154.0,20,149.0,160.0,0.0,0.0,0.0,0.0,847
2023-05-10 21:33:49,CF401P14000,CF401P14000,149.0,0.0,0.0,0.0,3,152.0,155.0,43,149.0,160.0,0.0,0.0,0.0,0.0,847
2023-05-10 21:33:53,CF401P14000,CF401P14000,149.0,0.0,0.0,0.0,3,152.0,155.0,33,149.0,160.0,0.0,0.0,0.0,0.0,847
2023-05-10 21:34:09,CF401P14000,CF401P14000,149.0,0.0,0.0,0.0,3,152.0,155.0,23,149.0,160.0,0.0,0.0,0.0,0.0,847
2023-05-10 21:34:10,CF401P14000,CF401P14000,149.0,0.0,0.0,0.0,3,152.0,155.0,33,149.0,160.0,0.0,0.0,0.0,0.0,847
2023-05-10 21:34:11,CF401P14000,CF401P14000,149.0,0.0,0.0,0.0,3,152.0,155.0,23,149.0,160.0,0.0,0.0,0.0,0.0,847
2023-05-10 21:34:13,CF401P14000,CF401P14000,149.0,0.0,0.0,0.0,3,152.0,155.0,33,149.0,160.0,0.0,0.0,0.0,0.0,847
2023-05-10 21:34:14,CF401P14000,CF401P14000,149.0,0.0,0.0,0.0,3,152.0,155.0,23,149.0,160.0,0.0,0.0,0.0,0.0,847
2023-05-10 21:34:18,CF401P14000,CF401P14000,149.0,0.0,0.0,0.0,3,152.0,155.0,33,149.0,160.0,0.0,0.0,0.0,0.0,847
2023-05-10 21:34:21,CF401P14000,CF401P14000,149.0,0.0,0.0,0.0,3,152.0,155.0,23,149.0,160.0,0.0,0.0,0.0,0.0,847
2023-05-10 21:34:28,CF401P14000,CF401P14000,149.0,0.0,0.0,0.0,3,152.0,155.0,13,149.0,160.0,0.0,0.0,0.0,0.0,847
2023-05-10 21:34:46,CF401P14000,CF401P14000,149.0,0.0,0.0,0.0,3,152.0,155.0,23,149.0,160.0,0.0,0.0,0.0,0.0,847
2023-05-10 21:35:13,CF401P14000,CF401P14000,149.0,0.0,0.0,0.0,3,152.0,155.0,43,149.0,160.0,0.0,0.0,0.0,0.0,847
2023-05-10 21:35:14,CF401P14000,CF401P14000,149.0,0.0,0.0,0.0,3,152.0,155.0,53,149.0,160.0,0.0,0.0,0.0,0.0,847
2023-05-10 21:35:15,CF401P14000,CF401P14000,149.0,0.0,0.0,0.0,3,152.0,155.0,43,149.0,160.0,0.0,0.0,0.0,0.0,847
2023-05-10 21:35:15,CF401P14000,CF401P14000,149.0,0.0,0.0,0.0,23,151.0,155.0,43,149.0,160.0,0.0,0.0,0.0,0.0,847
2023-05-10 21:35:18,CF401P14000,CF401P14000,149.0,0.0,0.0,0.0,13,151.0,155.0,23,149.0,160.0,0.0,0.0,0.0,0.0,847
2023-05-10 21:35:18,CF401P14000,CF401P14000,149.0,0.0,0.0,0.0,23,151.0,155.0,33,149.0,160.0,0.0,0.0,0.0,0.0,847
2023-05-10 21:35:52,CF401P14000,CF401P14000,149.0,0.0,0.0,0.0,23,151.0,155.0,23,149.0,160.0,0.0,0.0,0.0,0.0,847
2023-05-10 21:36:00,CF401P14000,CF401P14000,149.0,0.0,0.0,0.0,13,151.0,155.0,23,149.0,160.0,0.0,0.0,0.0,0.0,847
2023-05-10 21:36:02,CF401P14000,CF401P14000,149.0,0.0,0.0,0.0,23,151.0,155.0,23,149.0,160.0,0.0,0.0,0.0,0.0,847
2023-05-10 21:36:07,CF401P14000,CF401P14000,149.0,0.0,0.0,0.0,3,152.0,155.0,23,149.0,160.0,0.0,0.0,0.0,0.0,847
2023-05-10 21:36:07,CF401P14000,CF401P14000,149.0,0.0,0.0,0.0,3,152.0,155.0,13,149.0,160.0,0.0,0.0,0.0,0.0,847
2023-05-10 21:36:08,CF401P14000,CF401P14000,149.0,0.0,0.0,0.0,3,152.0,155.0,23,149.0,160.0,0.0,0.0,0.0,0.0,847
2023-05-10 21:36:15,CF401P14000,CF401P14000,149.0,0.0,0.0,0.0,3,152.0,155.0,13,149.0,160.0,0.0,0.0,0.0,0.0,847
2023-05-10 21:36:15,CF401P14000,CF401P14000,149.0,0.0,0.0,0.0,3,152.0,155.0,3,149.0,160.0,0.0,0.0,0.0,0.0,847
2023-05-10 21:36:27,CF401P14000,CF401P14000,149.0,0.0,0.0,0.0,3,152.0,156.0,30,149.0,160.0,0.0,0.0,0.0,0.0,847
2023-05-10 21:36:30,CF401P14000,CF401P14000,149.0,0.0,0.0,0.0,13,152.0,156.0,20,149.0,160.0,0.0,0.0,0.0,0.0,847
2023-05-10 21:36:39,CF401P14000,CF401P14000,149.0,0.0,0.0,0.0,13,152.0,156.0,10,149.0,160.0,0.0,0.0,0.0,0.0,847
2023-05-10 21:36:40,CF401P14000,CF401P14000,149.0,0.0,0.0,0.0,13,152.0,156.0,3,149.0,160.0,0.0,0.0,0.0,0.0,847
2023-05-10 21:36:40,CF401P14000,CF401P14000,149.0,0.0,0.0,0.0,33,152.0,156.0,3,149.0,160.0,0.0,0.0,0.0,0.0,847
2023-05-10 21:36:40,CF401P14000,CF401P14000,149.0,0.0,0.0,0.0,23,152.0,156.0,3,149.0,160.0,0.0,0.0,0.0,0.0,847
2023-05-10 21:36:42,CF401P14000,CF401P14000,149.0,0.0,0.0,0.0,33,152.0,156.0,3,149.0,160.0,0.0,0.0,0.0,0.0,847
2023-05-10 21:36:43,CF401P14000,CF401P14000,149.0,0.0,0.0,0.0,3,153.0,156.0,3,149.0,160.0,0.0,0.0,0.0,0.0,847
2023-05-10 21:36:56,CF401P14000,CF401P14000,149.0,0.0,0.0,0.0,3,153.0,155.0,10,149.0,160.0,0.0,0.0,0.0,0.0,847
2023-05-10 21:36:57,CF401P14000,CF401P14000,149.0,0.0,0.0,0.0,3,153.0,155.0,20,149.0,160.0,0.0,0.0,0.0,0.0,847
2023-05-10 21:37:11,CF401P14000,CF401P14000,149.0,0.0,0.0,0.0,33,152.0,155.0,20,149.0,160.0,0.0,0.0,0.0,0.0,847
2023-05-10 21:37:11,CF401P14000,CF401P14000,149.0,0.0,0.0,0.0,23,152.0,155.0,10,149.0,160.0,0.0,0.0,0.0,0.0,847
2023-05-10 21:37:12,CF401P14000,CF401P14000,149.0,0.0,0.0,0.0,3,152.0,155.0,10,149.0,160.0,0.0,0.0,0.0,0.0,847
2023-05-10 21:37:13,CF401P14000,CF401P14000,149.0,0.0,0.0,0.0,3,152.0,155.0,20,149.0,160.0,0.0,0.0,0.0,0.0,847
2023-05-10 21:37:14,CF401P14000,CF401P14000,149.0,0.0,0.0,0.0,13,152.0,155.0,20,149.0,160.0,0.0,0.0,0.0,0.0,847
2023-05-10 21:37:16,CF401P14000,CF401P14000,149.0,0.0,0.0,0.0,23,152.0,155.0,10,149.0,160.0,0.0,0.0,0.0,0.0,847
2023-05-10 21:37:17,CF401P14000,CF401P14000,149.0,0.0,0.0,0.0,13,152.0,155.0,20,149.0,160.0,0.0,0.0,0.0,0.0,847
2023-05-10 21:37:17,CF401P14000,CF401P14000,149.0,0.0,0.0,0.0,23,152.0,155.0,20,149.0,160.0,0.0,0.0,0.0,0.0,847
2023-05-10 21:37:19,CF401P14000,CF401P14000,149.0,0.0,0.0,0.0,13,152.0,155.0,20,149.0,160.0,0.0,0.0,0.0,0.0,847
2023-05-10 21:37:20,CF401P14000,CF401P14000,149.0,0.0,0.0,0.0,23,152.0,155.0,20,149.0,160.0,0.0,0.0,0.0,0.0,847
2023-05-10 21:37:20,CF401P14000,CF401P14000,149.0,0.0,0.0,0.0,13,152.0,155.0,20,149.0,160.0,0.0,0.0,0.0,0.0,847
2023-05-10 21:37:23,CF401P14000,CF401P14000,149.0,0.0,0.0,0.0,3,152.0,155.0,20,149.0,160.0,0.0,0.0,0.0,0.0,847
2023-05-10 21:37:25,CF401P14000,CF401P14000,149.0,0.0,0.0,0.0,3,152.0,155.0,23,149.0,160.0,0.0,0.0,0.0,0.0,847
2023-05-10 21:37:26,CF401P14000,CF401P14000,149.0,0.0,0.0,0.0,3,152.0,155.0,13,149.0,160.0,0.0,0.0,0.0,0.0,847
2023-05-10 21:37:27,CF401P14000,CF401P14000,149.0,0.0,0.0,0.0,3,152.0,155.0,23,149.0,160.0,0.0,0.0,0.0,0.0,847
2023-05-10 21:37:38,CF401P14000,CF401P14000,149.0,0.0,0.0,0.0,20,151.0,155.0,33,149.0,160.0,0.0,0.0,0.0,0.0,847
2023-05-10 21:37:39,CF401P14000,CF401P14000,149.0,0.0,0.0,0.0,20,151.0,155.0,23,149.0,160.0,0.0,0.0,0.0,0.0,847
2023-05-10 21:37:39,CF401P14000,CF401P14000,149.0,0.0,0.0,0.0,20,151.0,155.0,43,149.0,160.0,0.0,0.0,0.0,0.0,847
2023-05-10 21:37:40,CF401P14000,CF401P14000,149.0,0.0,0.0,0.0,10,151.0,155.0,43,149.0,160.0,0.0,0.0,0.0,0.0,847
2023-05-10 21:37:41,CF401P14000,CF401P14000,149.0,0.0,0.0,0.0,20,151.0,155.0,43,149.0,160.0,0.0,0.0,0.0,0.0,847
2023-05-10 21:37:43,CF401P14000,CF401P14000,149.0,0.0,0.0,0.0,10,151.0,155.0,43,149.0,160.0,0.0,0.0,0.0,0.0,847
2023-05-10 21:37:43,CF401P14000,CF401P14000,149.0,0.0,0.0,0.0,10,151.0,155.0,33,149.0,160.0,0.0,0.0,0.0,0.0,847
2023-05-10 21:37:44,CF401P14000,CF401P14000,149.0,0.0,0.0,0.0,10,151.0,155.0,43,149.0,160.0,0.0,0.0,0.0,0.0,847
2023-05-10 21:37:45,CF401P14000,CF401P14000,149.0,0.0,0.0,0.0,20,151.0,155.0,43,149.0,160.0,0.0,0.0,0.0,0.0,847
2023-05-10 21:37:45,CF401P14000,CF401P14000,149.0,0.0,0.0,0.0,23,151.0,155.0,43,149.0,160.0,0.0,0.0,0.0,0.0,847
2023-05-10 21:37:51,CF401P14000,CF401P14000,149.0,0.0,0.0,0.0,13,151.0,155.0,43,149.0,160.0,0.0,0.0,0.0,0.0,847
2023-05-10 21:37:51,CF401P14000,CF401P14000,149.0,0.0,0.0,0.0,13,151.0,155.0,33,149.0,160.0,0.0,0.0,0.0,0.0,847
2023-05-10 21:37:52,CF401P14000,CF401P14000,149.0,0.0,0.0,0.0,23,151.0,155.0,33,149.0,160.0,0.0,0.0,0.0,0.0,847
2023-05-10 21:37:53,CF401P14000,CF401P14000,149.0,0.0,0.0,0.0,13,151.0,155.0,23,149.0,160.0,0.0,0.0,0.0,0.0,847
2023-05-10 21:37:53,CF401P14000,CF401P14000,149.0,0.0,0.0,0.0,23,151.0,155.0,33,149.0,160.0,0.0,0.0,0.0,0.0,847
2023-05-10 21:37:56,CF401P14000,CF401P14000,149.0,0.0,0.0,0.0,33,151.0,155.0,33,149.0,160.0,0.0,0.0,0.0,0.0,847
2023-05-10 21:37:59,CF401P14000,CF401P14000,149.0,0.0,0.0,0.0,3,152.0,155.0,23,149.0,160.0,0.0,0.0,0.0,0.0,847
2023-05-10 21:38:05,CF401P14000,CF401P14000,149.0,0.0,0.0,0.0,3,152.0,155.0,10,149.0,160.0,0.0,0.0,0.0,0.0,847
2023-05-10 21:38:06,CF401P14000,CF401P14000,149.0,0.0,0.0,0.0,3,153.0,156.0,13,149.0,160.0,0.0,0.0,0.0,0.0,847
2023-05-10 21:38:07,CF401P14000,CF401P14000,149.0,0.0,0.0,0.0,3,153.0,156.0,3,149.0,160.0,0.0,0.0,0.0,0.0,847
2023-05-10 21:39:06,CF401P14000,CF401P14000,149.0,0.0,0.0,0.0,3,153.0,156.0,13,149.0,160.0,0.0,0.0,0.0,0.0,847
2023-05-10 21:39:06,CF401P14000,CF401P14000,149.0,0.0,0.0,0.0,3,153.0,156.0,23,149.0,160.0,0.0,0.0,0.0,0.0,847
2023-05-10 21:39:08,CF401P14000,CF401P14000,149.0,0.0,0.0,0.0,3,153.0,156.0,33,149.0,160.0,0.0,0.0,0.0,0.0,847
2023-05-10 21:39:15,CF401P14000,CF401P14000,149.0,0.0,0.0,0.0,23,152.0,156.0,33,149.0,160.0,0.0,0.0,0.0,0.0,847
2023-05-10 21:39:16,CF401P14000,CF401P14000,149.0,0.0,0.0,0.0,3,152.0,156.0,33,149.0,160.0,0.0,0.0,0.0,0.0,847
2023-05-10 21:39:24,CF401P14000,CF401P14000,149.0,0.0,0.0,0.0,3,152.0,156.0,23,149.0,160.0,0.0,0.0,0.0,0.0,847
2023-05-10 21:39:26,CF401P14000,CF401P14000,149.0,0.0,0.0,0.0,3,152.0,156.0,33,149.0,160.0,0.0,0.0,0.0,0.0,847
2023-05-10 21:39:31,CF401P14000,CF401P14000,149.0,0.0,0.0,0.0,3,152.0,156.0,23,149.0,160.0,0.0,0.0,0.0,0.0,847
2023-05-10 21:39:31,CF401P14000,CF401P14000,149.0,0.0,0.0,0.0,3,152.0,156.0,33,149.0,160.0,0.0,0.0,0.0,0.0,847
2023-05-10 21:39:36,CF401P14000,CF401P14000,149.0,0.0,0.0,0.0,3,152.0,156.0,43,149.0,160.0,0.0,0.0,0.0,0.0,847
2023-05-10 21:39:47,CF401P14000,CF401P14000,149.0,0.0,0.0,0.0,3,152.0,156.0,33,149.0,160.0,0.0,0.0,0.0,0.0,847
2023-05-10 21:39:48,CF401P14000,CF401P14000,149.0,0.0,0.0,0.0,3,152.0,156.0,43,149.0,160.0,0.0,0.0,0.0,0.0,847
2023-05-10 21:39:50,CF401P14000,CF401P14000,149.0,0.0,0.0,0.0,3,152.0,156.0,33,149.0,160.0,0.0,0.0,0.0,0.0,847
2023-05-10 21:39:52,CF401P14000,CF401P14000,149.0,0.0,0.0,0.0,3,152.0,156.0,43,149.0,160.0,0.0,0.0,0.0,0.0,847
2023-05-10 21:40:01,CF401P14000,CF401P14000,149.0,0.0,0.0,0.0,3,153.0,156.0,33,149.0,160.0,0.0,0.0,0.0,0.0,847
2023-05-10 21:40:01,CF401P14000,CF401P14000,149.0,0.0,0.0,0.0,3,153.0,156.0,23,149.0,160.0,0.0,0.0,0.0,0.0,847
2023-05-10 21:40:02,CF401P14000,CF401P14000,149.0,0.0,0.0,0.0,3,153.0,156.0,33,149.0,160.0,0.0,0.0,0.0,0.0,847
2023-05-10 21:40:04,CF401P14000,CF401P14000,149.0,0.0,0.0,0.0,3,153.0,156.0,23,149.0,160.0,0.0,0.0,0.0,0.0,847
2023-05-10 21:40:04,CF401P14000,CF401P14000,149.0,0.0,0.0,0.0,3,153.0,156.0,33,149.0,160.0,0.0,0.0,0.0,0.0,847
2023-05-10 21:40:05,CF401P14000,CF401P14000,149.0,0.0,0.0,0.0,3,153.0,156.0,43,149.0,160.0,0.0,0.0,0.0,0.0,847
2023-05-10 21:40:05,CF401P14000,CF401P14000,149.0,0.0,0.0,0.0,3,153.0,156.0,33,149.0,160.0,0.0,0.0,0.0,0.0,847
2023-05-10 21:40:06,CF401P14000,CF401P14000,149.0,0.0,0.0,0.0,3,153.0,156.0,43,149.0,160.0,0.0,0.0,0.0,0.0,847
2023-05-10 21:40:18,CF401P14000,CF401P14000,149.0,0.0,0.0,0.0,3,153.0,156.0,53,149.0,160.0,0.0,0.0,0.0,0.0,847
2023-05-10 21:40:20,CF401P14000,CF401P14000,149.0,0.0,0.0,0.0,3,152.0,155.0,20,149.0,160.0,0.0,0.0,0.0,0.0,847
2023-05-10 21:40:22,CF401P14000,CF401P14000,149.0,0.0,0.0,0.0,3,152.0,155.0,30,149.0,160.0,0.0,0.0,0.0,0.0,847
2023-05-10 21:40:37,CF401P14000,CF401P14000,149.0,0.0,0.0,0.0,3,152.0,155.0,43,149.0,160.0,0.0,0.0,0.0,0.0,847
2023-05-10 21:40:47,CF401P14000,CF401P14000,149.0,0.0,0.0,0.0,3,152.0,155.0,23,149.0,160.0,0.0,0.0,0.0,0.0,847
2023-05-10 21:41:53,CF401P14000,CF401P14000,149.0,0.0,0.0,0.0,3,152.0,155.0,13,149.0,160.0,0.0,0.0,0.0,0.0,847
2023-05-10 21:42:01,CF401P14000,CF401P14000,149.0,0.0,0.0,0.0,3,153.0,156.0,33,149.0,160.0,0.0,0.0,0.0,0.0,847
2023-05-10 21:42:01,CF401P14000,CF401P14000,149.0,0.0,0.0,0.0,3,153.0,156.0,23,149.0,160.0,0.0,0.0,0.0,0.0,847
2023-05-10 21:42:06,CF401P14000,CF401P14000,149.0,0.0,0.0,0.0,3,153.0,156.0,33,149.0,160.0,0.0,0.0,0.0,0.0,847
2023-05-10 21:42:13,CF401P14000,CF401P14000,149.0,0.0,0.0,0.0,3,153.0,156.0,23,149.0,160.0,0.0,0.0,0.0,0.0,847
2023-05-10 21:42:18,CF401P14000,CF401P14000,149.0,0.0,0.0,0.0,3,153.0,156.0,13,149.0,160.0,0.0,0.0,0.0,0.0,847
2023-05-10 21:42:20,CF401P14000,CF401P14000,149.0,0.0,0.0,0.0,3,153.0,156.0,23,149.0,160.0,0.0,0.0,0.0,0.0,847
2023-05-10 21:42:25,CF401P14000,CF401P14000,149.0,0.0,0.0,0.0,3,153.0,156.0,13,149.0,160.0,0.0,0.0,0.0,0.0,847
2023-05-10 21:42:26,CF401P14000,CF401P14000,149.0,0.0,0.0,0.0,3,154.0,157.0,20,149.0,160.0,0.0,0.0,0.0,0.0,847
2023-05-10 21:42:27,CF401P14000,CF401P14000,149.0,0.0,0.0,0.0,3,154.0,157.0,30,149.0,160.0,0.0,0.0,0.0,0.0,847
2023-05-10 21:42:30,CF401P14000,CF401P14000,149.0,0.0,0.0,0.0,3,154.0,157.0,20,149.0,160.0,0.0,0.0,0.0,0.0,847
2023-05-10 21:42:31,CF401P14000,CF401P14000,149.0,0.0,0.0,0.0,3,154.0,157.0,10,149.0,160.0,0.0,0.0,0.0,0.0,847
2023-05-10 21:42:37,CF401P14000,CF401P14000,149.0,0.0,0.0,0.0,3,154.0,157.0,20,149.0,160.0,0.0,0.0,0.0,0.0,847
2023-05-10 21:42:40,CF401P14000,CF401P14000,149.0,0.0,0.0,0.0,3,154.0,157.0,10,149.0,160.0,0.0,0.0,0.0,0.0,847
2023-05-10 21:42:40,CF401P14000,CF401P14000,149.0,0.0,0.0,0.0,3,154.0,158.0,53,149.0,160.0,0.0,0.0,0.0,0.0,847
2023-05-10 21:42:42,CF401P14000,CF401P14000,149.0,0.0,0.0,0.0,3,154.0,158.0,43,149.0,160.0,0.0,0.0,0.0,0.0,847
2023-05-10 21:42:49,CF401P14000,CF401P14000,149.0,0.0,0.0,0.0,3,155.0,158.0,43,149.0,160.0,0.0,0.0,0.0,0.0,847
2023-05-10 21:42:50,CF401P14000,CF401P14000,149.0,0.0,0.0,0.0,3,155.0,158.0,33,149.0,160.0,0.0,0.0,0.0,0.0,847
2023-05-10 21:42:50,CF401P14000,CF401P14000,149.0,0.0,0.0,0.0,3,155.0,158.0,43,149.0,160.0,0.0,0.0,0.0,0.0,847
2023-05-10 21:42:58,CF401P14000,CF401P14000,149.0,0.0,0.0,0.0,3,155.0,158.0,53,149.0,160.0,0.0,0.0,0.0,0.0,847
2023-05-10 21:43:02,CF401P14000,CF401P14000,149.0,0.0,0.0,0.0,3,155.0,158.0,43,149.0,160.0,0.0,0.0,0.0,0.0,847
2023-05-10 21:43:03,CF401P14000,CF401P14000,149.0,0.0,0.0,0.0,3,155.0,158.0,53,149.0,160.0,0.0,0.0,0.0,0.0,847
2023-05-10 21:43:03,CF401P14000,CF401P14000,149.0,0.0,0.0,0.0,3,155.0,158.0,43,149.0,160.0,0.0,0.0,0.0,0.0,847
2023-05-10 21:43:06,CF401P14000,CF401P14000,149.0,0.0,0.0,0.0,3,155.0,158.0,53,149.0,160.0,0.0,0.0,0.0,0.0,847
2023-05-10 21:43:06,CF401P14000,CF401P14000,149.0,0.0,0.0,0.0,3,155.0,158.0,43,149.0,160.0,0.0,0.0,0.0,0.0,847
2023-05-10 21:43:15,CF401P14000,CF401P14000,149.0,0.0,0.0,0.0,3,155.0,158.0,33,149.0,160.0,0.0,0.0,0.0,0.0,847
2023-05-10 21:43:23,CF401P14000,CF401P14000,149.0,0.0,0.0,0.0,3,155.0,158.0,13,149.0,160.0,0.0,0.0,0.0,0.0,847
2023-05-10 21:43:24,CF401P14000,CF401P14000,149.0,0.0,0.0,0.0,3,156.0,159.0,70,149.0,160.0,0.0,0.0,0.0,0.0,847
2023-05-10 21:43:24,CF401P14000,CF401P14000,149.0,0.0,0.0,0.0,3,156.0,159.0,40,149.0,160.0,0.0,0.0,0.0,0.0,847
2023-05-10 21:43:25,CF401P14000,CF401P14000,149.0,0.0,0.0,0.0,3,156.0,159.0,20,149.0,160.0,0.0,0.0,0.0,0.0,847
2023-05-10 21:43:26,CF401P14000,CF401P14000,149.0,0.0,0.0,0.0,3,156.0,159.0,40,149.0,160.0,0.0,0.0,0.0,0.0,847
2023-05-10 21:43:31,CF401P14000,CF401P14000,149.0,0.0,0.0,0.0,3,156.0,159.0,50,149.0,160.0,0.0,0.0,0.0,0.0,847
2023-05-10 21:43:32,CF401P14000,CF401P14000,149.0,0.0,0.0,0.0,3,156.0,159.0,40,149.0,160.0,0.0,0.0,0.0,0.0,847
2023-05-10 21:43:34,CF401P14000,CF401P14000,149.0,0.0,0.0,0.0,3,156.0,159.0,30,149.0,160.0,0.0,0.0,0.0,0.0,847
2023-05-10 21:43:39,CF401P14000,CF401P14000,149.0,0.0,0.0,0.0,3,156.0,159.0,20,149.0,160.0,0.0,0.0,0.0,0.0,847
2023-05-10 21:43:39,CF401P14000,CF401P14000,149.0,0.0,0.0,0.0,3,156.0,159.0,10,149.0,160.0,0.0,0.0,0.0,0.0,847
2023-05-10 21:43:42,CF401P14000,CF401P14000,149.0,0.0,0.0,0.0,3,156.0,159.0,20,149.0,160.0,0.0,0.0,0.0,0.0,847
2023-05-10 21:43:43,CF401P14000,CF401P14000,149.0,0.0,0.0,0.0,3,156.0,159.0,10,149.0,160.0,0.0,0.0,0.0,0.0,847
2023-05-10 21:43:51,CF401P14000,CF401P14000,149.0,0.0,0.0,0.0,3,156.0,159.0,20,149.0,160.0,0.0,0.0,0.0,0.0,847
2023-05-10 21:44:02,CF401P14000,CF401P14000,149.0,0.0,0.0,0.0,3,156.0,159.0,23,149.0,160.0,0.0,0.0,0.0,0.0,847
2023-05-10 21:44:02,CF401P14000,CF401P14000,149.0,0.0,0.0,0.0,3,155.0,159.0,33,149.0,160.0,0.0,0.0,0.0,0.0,847
2023-05-10 21:44:03,CF401P14000,CF401P14000,149.0,0.0,0.0,0.0,3,155.0,159.0,43,149.0,160.0,0.0,0.0,0.0,0.0,847
2023-05-10 21:44:04,CF401P14000,CF401P14000,149.0,0.0,0.0,0.0,3,155.0,159.0,53,149.0,160.0,0.0,0.0,0.0,0.0,847
2023-05-10 21:44:05,CF401P14000,CF401P14000,149.0,0.0,0.0,0.0,3,155.0,158.0,3,149.0,160.0,0.0,0.0,0.0,0.0,847
2023-05-10 21:44:15,CF401P14000,CF401P14000,149.0,0.0,0.0,0.0,40,153.0,158.0,3,149.0,160.0,0.0,0.0,0.0,0.0,847
2023-05-10 21:44:16,CF401P14000,CF401P14000,149.0,0.0,0.0,0.0,43,153.0,158.0,3,149.0,160.0,0.0,0.0,0.0,0.0,847
2023-05-10 21:44:19,CF401P14000,CF401P14000,149.0,0.0,0.0,0.0,10,154.0,158.0,3,149.0,160.0,0.0,0.0,0.0,0.0,847
2023-05-10 21:44:33,CF401P14000,CF401P14000,149.0,0.0,0.0,0.0,20,154.0,158.0,3,149.0,160.0,0.0,0.0,0.0,0.0,847
2023-05-10 21:44:35,CF401P14000,CF401P14000,149.0,0.0,0.0,0.0,10,154.0,158.0,3,149.0,160.0,0.0,0.0,0.0,0.0,847
2023-05-10 21:44:37,CF401P14000,CF401P14000,149.0,0.0,0.0,0.0,10,154.0,157.0,3,149.0,160.0,0.0,0.0,0.0,0.0,847
2023-05-10 21:44:46,CF401P14000,CF401P14000,149.0,0.0,0.0,0.0,23,153.0,157.0,3,149.0,160.0,0.0,0.0,0.0,0.0,847
2023-05-10 21:44:47,CF401P14000,CF401P14000,149.0,0.0,0.0,0.0,23,153.0,157.0,13,149.0,160.0,0.0,0.0,0.0,0.0,847
2023-05-10 21:44:48,CF401P14000,CF401P14000,149.0,0.0,0.0,0.0,23,153.0,157.0,23,149.0,160.0,0.0,0.0,0.0,0.0,847
2023-05-10 21:45:01,CF401P14000,CF401P14000,149.0,0.0,0.0,0.0,23,153.0,157.0,13,149.0,160.0,0.0,0.0,0.0,0.0,847
2023-05-10 21:45:02,CF401P14000,CF401P14000,149.0,0.0,0.0,0.0,13,153.0,157.0,13,149.0,160.0,0.0,0.0,0.0,0.0,847
2023-05-10 21:45:04,CF401P14000,CF401P14000,149.0,0.0,0.0,0.0,23,153.0,157.0,23,149.0,160.0,0.0,0.0,0.0,0.0,847
2023-05-10 21:45:07,CF401P14000,CF401P14000,149.0,0.0,0.0,0.0,23,153.0,157.0,3,149.0,160.0,0.0,0.0,0.0,0.0,847
2023-05-10 21:45:15,CF401P14000,CF401P14000,149.0,0.0,0.0,0.0,3,153.0,157.0,3,149.0,160.0,0.0,0.0,0.0,0.0,847
2023-05-10 21:45:17,CF401P14000,CF401P14000,149.0,0.0,0.0,0.0,3,153.0,156.0,3,149.0,160.0,0.0,0.0,0.0,0.0,847
2023-05-10 21:45:28,CF401P14000,CF401P14000,149.0,0.0,0.0,0.0,13,153.0,156.0,3,149.0,160.0,0.0,0.0,0.0,0.0,847
2023-05-10 21:45:29,CF401P14000,CF401P14000,149.0,0.0,0.0,0.0,23,153.0,156.0,3,149.0,160.0,0.0,0.0,0.0,0.0,847
2023-05-10 21:45:55,CF401P14000,CF401P14000,149.0,0.0,0.0,0.0,23,153.0,157.0,3,149.0,160.0,0.0,0.0,0.0,0.0,847
2023-05-10 21:45:56,CF401P14000,CF401P14000,149.0,0.0,0.0,0.0,3,154.0,157.0,3,149.0,160.0,0.0,0.0,0.0,0.0,847
2023-05-10 21:46:16,CF401P14000,CF401P14000,149.0,0.0,0.0,0.0,13,154.0,157.0,3,149.0,160.0,0.0,0.0,0.0,0.0,847
2023-05-10 21:46:17,CF401P14000,CF401P14000,149.0,0.0,0.0,0.0,23,154.0,158.0,10,149.0,160.0,0.0,0.0,0.0,0.0,847
2023-05-10 21:46:19,CF401P14000,CF401P14000,149.0,0.0,0.0,0.0,23,154.0,159.0,33,149.0,160.0,0.0,0.0,0.0,0.0,847
2023-05-10 21:46:19,CF401P14000,CF401P14000,149.0,0.0,0.0,0.0,33,154.0,159.0,33,149.0,160.0,0.0,0.0,0.0,0.0,847
2023-05-10 21:46:43,CF401P14000,CF401P14000,149.0,0.0,0.0,0.0,23,154.0,159.0,33,149.0,160.0,0.0,0.0,0.0,0.0,847
2023-05-10 21:46:44,CF401P14000,CF401P14000,149.0,0.0,0.0,0.0,23,154.0,158.0,3,149.0,160.0,0.0,0.0,0.0,0.0,847
2023-05-10 21:46:47,CF401P14000,CF401P14000,149.0,0.0,0.0,0.0,3,154.0,158.0,3,149.0,160.0,0.0,0.0,0.0,0.0,847
2023-05-10 21:46:53,CF401P14000,CF401P14000,149.0,0.0,0.0,0.0,23,154.0,158.0,3,149.0,160.0,0.0,0.0,0.0,0.0,847
2023-05-10 21:46:53,CF401P14000,CF401P14000,149.0,0.0,0.0,0.0,33,154.0,158.0,3,149.0,160.0,0.0,0.0,0.0,0.0,847
2023-05-10 21:46:56,CF401P14000,CF401P14000,149.0,0.0,0.0,0.0,13,154.0,158.0,3,149.0,160.0,0.0,0.0,0.0,0.0,847
2023-05-10 21:46:59,CF401P14000,CF401P14000,149.0,0.0,0.0,0.0,23,154.0,158.0,3,149.0,160.0,0.0,0.0,0.0,0.0,847
2023-05-10 21:47:10,CF401P14000,CF401P14000,149.0,0.0,0.0,0.0,3,154.0,158.0,3,149.0,160.0,0.0,0.0,0.0,0.0,847
2023-05-10 21:47:12,CF401P14000,CF401P14000,149.0,0.0,0.0,0.0,13,154.0,158.0,3,149.0,160.0,0.0,0.0,0.0,0.0,847
2023-05-10 21:47:23,CF401P14000,CF401P14000,149.0,0.0,0.0,0.0,23,154.0,158.0,3,149.0,160.0,0.0,0.0,0.0,0.0,847
2023-05-10 21:47:45,CF401P14000,CF401P14000,149.0,0.0,0.0,0.0,13,154.0,158.0,3,149.0,160.0,0.0,0.0,0.0,0.0,847
2023-05-10 21:47:49,CF401P14000,CF401P14000,149.0,0.0,0.0,0.0,3,154.0,158.0,3,149.0,160.0,0.0,0.0,0.0,0.0,847
2023-05-10 21:48:02,CF401P14000,CF401P14000,149.0,0.0,0.0,0.0,13,154.0,158.0,3,149.0,160.0,0.0,0.0,0.0,0.0,847
2023-05-10 21:48:03,CF401P14000,CF401P14000,149.0,0.0,0.0,0.0,23,154.0,158.0,3,149.0,160.0,0.0,0.0,0.0,0.0,847
2023-05-10 21:48:06,CF401P14000,CF401P14000,149.0,0.0,0.0,0.0,13,154.0,158.0,3,149.0,160.0,0.0,0.0,0.0,0.0,847
2023-05-10 21:48:07,CF401P14000,CF401P14000,149.0,0.0,0.0,0.0,3,154.0,158.0,3,149.0,160.0,0.0,0.0,0.0,0.0,847
2023-05-10 21:48:12,CF401P14000,CF401P14000,149.0,0.0,0.0,0.0,13,154.0,158.0,3,149.0,160.0,0.0,0.0,0.0,0.0,847
2023-05-10 21:48:16,CF401P14000,CF401P14000,149.0,0.0,0.0,0.0,3,154.0,158.0,3,149.0,160.0,0.0,0.0,0.0,0.0,847
2023-05-10 21:48:21,CF401P14000,CF401P14000,149.0,0.0,0.0,0.0,13,154.0,158.0,3,149.0,160.0,0.0,0.0,0.0,0.0,847
2023-05-10 21:48:35,CF401P14000,CF401P14000,149.0,0.0,0.0,0.0,23,154.0,158.0,3,149.0,160.0,0.0,0.0,0.0,0.0,847
2023-05-10 21:48:36,CF401P14000,CF401P14000,149.0,0.0,0.0,0.0,13,154.0,158.0,3,149.0,160.0,0.0,0.0,0.0,0.0,847
2023-05-10 21:48:39,CF401P14000,CF401P14000,149.0,0.0,0.0,0.0,23,154.0,158.0,3,149.0,160.0,0.0,0.0,0.0,0.0,847
2023-05-10 21:48:43,CF401P14000,CF401P14000,149.0,0.0,0.0,0.0,3,155.0,158.0,3,149.0,160.0,0.0,0.0,0.0,0.0,847
2023-05-10 21:48:49,CF401P14000,CF401P14000,149.0,0.0,0.0,0.0,13,155.0,158.0,3,149.0,160.0,0.0,0.0,0.0,0.0,847
2023-05-10 21:48:49,CF401P14000,CF401P14000,149.0,0.0,0.0,0.0,23,155.0,158.0,3,149.0,160.0,0.0,0.0,0.0,0.0,847
2023-05-10 21:49:02,CF401P14000,CF401P14000,149.0,0.0,0.0,0.0,13,155.0,158.0,3,149.0,160.0,0.0,0.0,0.0,0.0,847
2023-05-10 21:49:04,CF401P14000,CF401P14000,149.0,0.0,0.0,0.0,23,155.0,158.0,3,149.0,160.0,0.0,0.0,0.0,0.0,847
2023-05-10 21:49:09,CF401P14000,CF401P14000,149.0,0.0,0.0,0.0,13,155.0,158.0,3,149.0,160.0,0.0,0.0,0.0,0.0,847
2023-05-10 21:49:10,CF401P14000,CF401P14000,149.0,0.0,0.0,0.0,23,155.0,158.0,3,149.0,160.0,0.0,0.0,0.0,0.0,847
2023-05-10 21:49:15,CF401P14000,CF401P14000,149.0,0.0,0.0,0.0,3,155.0,158.0,3,149.0,160.0,0.0,0.0,0.0,0.0,847
2023-05-10 21:49:46,CF401P14000,CF401P14000,149.0,0.0,0.0,0.0,23,154.0,158.0,3,149.0,160.0,0.0,0.0,0.0,0.0,847
2023-05-10 21:49:47,CF401P14000,CF401P14000,149.0,0.0,0.0,0.0,33,154.0,158.0,3,149.0,160.0,0.0,0.0,0.0,0.0,847
2023-05-10 21:50:02,CF401P14000,CF401P14000,149.0,0.0,0.0,0.0,23,154.0,158.0,3,149.0,160.0,0.0,0.0,0.0,0.0,847
2023-05-10 21:50:04,CF401P14000,CF401P14000,149.0,0.0,0.0,0.0,3,154.0,157.0,3,149.0,160.0,0.0,0.0,0.0,0.0,847
2023-05-10 21:50:17,CF401P14000,CF401P14000,149.0,0.0,0.0,0.0,50,153.0,157.0,3,149.0,160.0,0.0,0.0,0.0,0.0,847
2023-05-10 21:50:24,CF401P14000,CF401P14000,149.0,0.0,0.0,0.0,40,153.0,157.0,3,149.0,160.0,0.0,0.0,0.0,0.0,847
2023-05-10 21:50:36,CF401P14000,CF401P14000,149.0,0.0,0.0,0.0,30,153.0,157.0,3,149.0,160.0,0.0,0.0,0.0,0.0,847
2023-05-10 21:50:37,CF401P14000,CF401P14000,149.0,0.0,0.0,0.0,40,153.0,157.0,3,149.0,160.0,0.0,0.0,0.0,0.0,847
2023-05-10 21:50:41,CF401P14000,CF401P14000,149.0,0.0,0.0,0.0,30,153.0,157.0,3,149.0,160.0,0.0,0.0,0.0,0.0,847
2023-05-10 21:51:18,CF401P14000,CF401P14000,149.0,0.0,0.0,0.0,30,153.0,156.0,3,149.0,160.0,0.0,0.0,0.0,0.0,847
2023-05-10 21:51:19,CF401P14000,CF401P14000,149.0,0.0,0.0,0.0,20,153.0,156.0,3,149.0,160.0,0.0,0.0,0.0,0.0,847
2023-05-10 21:51:22,CF401P14000,CF401P14000,149.0,0.0,0.0,0.0,30,153.0,156.0,3,149.0,160.0,0.0,0.0,0.0,0.0,847
2023-05-10 21:51:22,CF401P14000,CF401P14000,149.0,0.0,0.0,0.0,20,153.0,156.0,3,149.0,160.0,0.0,0.0,0.0,0.0,847
2023-05-10 21:51:23,CF401P14000,CF401P14000,149.0,0.0,0.0,0.0,10,153.0,156.0,3,149.0,160.0,0.0,0.0,0.0,0.0,847
2023-05-10 21:51:26,CF401P14000,CF401P14000,149.0,0.0,0.0,0.0,20,153.0,156.0,3,149.0,160.0,0.0,0.0,0.0,0.0,847
2023-05-10 21:51:28,CF401P14000,CF401P14000,149.0,0.0,0.0,0.0,30,153.0,156.0,3,149.0,160.0,0.0,0.0,0.0,0.0,847
2023-05-10 21:51:28,CF401P14000,CF401P14000,149.0,0.0,0.0,0.0,10,153.0,156.0,3,149.0,160.0,0.0,0.0,0.0,0.0,847
2023-05-10 21:51:29,CF401P14000,CF401P14000,149.0,0.0,0.0,0.0,13,152.0,156.0,3,149.0,160.0,0.0,0.0,0.0,0.0,847
2023-05-10 21:51:29,CF401P14000,CF401P14000,149.0,0.0,0.0,0.0,23,152.0,156.0,3,149.0,160.0,0.0,0.0,0.0,0.0,847
2023-05-10 21:51:40,CF401P14000,CF401P14000,149.0,0.0,0.0,0.0,13,152.0,156.0,13,149.0,160.0,0.0,0.0,0.0,0.0,847
2023-05-10 21:51:41,CF401P14000,CF401P14000,149.0,0.0,0.0,0.0,3,152.0,156.0,23,149.0,160.0,0.0,0.0,0.0,0.0,847
2023-05-10 21:51:41,CF401P14000,CF401P14000,149.0,0.0,0.0,0.0,3,152.0,156.0,33,149.0,160.0,0.0,0.0,0.0,0.0,847
2023-05-10 21:51:43,CF401P14000,CF401P14000,149.0,0.0,0.0,0.0,3,152.0,155.0,3,149.0,160.0,0.0,0.0,0.0,0.0,847
2023-05-10 21:51:45,CF401P14000,CF401P14000,149.0,0.0,0.0,0.0,10,153.0,155.0,3,149.0,160.0,0.0,0.0,0.0,0.0,847
2023-05-10 21:51:45,CF401P14000,CF401P14000,149.0,0.0,0.0,0.0,20,153.0,155.0,3,149.0,160.0,0.0,0.0,0.0,0.0,847
2023-05-10 21:51:47,CF401P14000,CF401P14000,149.0,0.0,0.0,0.0,10,153.0,155.0,3,149.0,160.0,0.0,0.0,0.0,0.0,847
2023-05-10 21:51:47,CF401P14000,CF401P14000,149.0,0.0,0.0,0.0,3,152.0,155.0,3,149.0,160.0,0.0,0.0,0.0,0.0,847
2023-05-10 21:51:54,CF401P14000,CF401P14000,149.0,0.0,0.0,0.0,13,152.0,155.0,3,149.0,160.0,0.0,0.0,0.0,0.0,847
2023-05-10 21:51:56,CF401P14000,CF401P14000,149.0,0.0,0.0,0.0,3,152.0,155.0,3,149.0,160.0,0.0,0.0,0.0,0.0,847
2023-05-10 21:51:58,CF401P14000,CF401P14000,149.0,0.0,0.0,0.0,13,152.0,155.0,3,149.0,160.0,0.0,0.0,0.0,0.0,847
2023-05-10 21:52:01,CF401P14000,CF401P14000,149.0,0.0,0.0,0.0,23,152.0,155.0,3,149.0,160.0,0.0,0.0,0.0,0.0,847
2023-05-10 21:52:02,CF401P14000,CF401P14000,149.0,0.0,0.0,0.0,13,152.0,155.0,3,149.0,160.0,0.0,0.0,0.0,0.0,847
2023-05-10 21:52:03,CF401P14000,CF401P14000,149.0,0.0,0.0,0.0,23,152.0,155.0,3,149.0,160.0,0.0,0.0,0.0,0.0,847
2023-05-10 21:52:37,CF401P14000,CF401P14000,149.0,0.0,0.0,0.0,33,152.0,155.0,3,149.0,160.0,0.0,0.0,0.0,0.0,847
2023-05-10 21:52:41,CF401P14000,CF401P14000,149.0,0.0,0.0,0.0,10,153.0,155.0,3,149.0,160.0,0.0,0.0,0.0,0.0,847
2023-05-10 21:52:44,CF401P14000,CF401P14000,149.0,0.0,0.0,0.0,20,153.0,155.0,3,149.0,160.0,0.0,0.0,0.0,0.0,847
2023-05-10 21:52:45,CF401P14000,CF401P14000,149.0,0.0,0.0,0.0,10,153.0,155.0,3,149.0,160.0,0.0,0.0,0.0,0.0,847
2023-05-10 21:52:45,CF401P14000,CF401P14000,149.0,0.0,0.0,0.0,23,152.0,155.0,3,149.0,160.0,0.0,0.0,0.0,0.0,847
2023-05-10 21:52:47,CF401P14000,CF401P14000,149.0,0.0,0.0,0.0,33,152.0,155.0,3,149.0,160.0,0.0,0.0,0.0,0.0,847
2023-05-10 21:52:48,CF401P14000,CF401P14000,149.0,0.0,0.0,0.0,23,152.0,155.0,3,149.0,160.0,0.0,0.0,0.0,0.0,847
2023-05-10 21:52:49,CF401P14000,CF401P14000,149.0,0.0,0.0,0.0,33,152.0,155.0,3,149.0,160.0,0.0,0.0,0.0,0.0,847
2023-05-10 21:52:50,CF401P14000,CF401P14000,149.0,0.0,0.0,0.0,20,153.0,155.0,3,149.0,160.0,0.0,0.0,0.0,0.0,847
2023-05-10 21:52:50,CF401P14000,CF401P14000,149.0,0.0,0.0,0.0,30,153.0,155.0,3,149.0,160.0,0.0,0.0,0.0,0.0,847
2023-05-10 21:52:52,CF401P14000,CF401P14000,149.0,0.0,0.0,0.0,33,153.0,156.0,13,149.0,160.0,0.0,0.0,0.0,0.0,847
2023-05-10 21:52:53,CF401P14000,CF401P14000,149.0,0.0,0.0,0.0,23,153.0,156.0,13,149.0,160.0,0.0,0.0,0.0,0.0,847
2023-05-10 21:52:53,CF401P14000,CF401P14000,149.0,0.0,0.0,0.0,33,153.0,156.0,3,149.0,160.0,0.0,0.0,0.0,0.0,847
2023-05-10 21:53:00,CF401P14000,CF401P14000,149.0,0.0,0.0,0.0,13,153.0,156.0,3,149.0,160.0,0.0,0.0,0.0,0.0,847
2023-05-10 21:53:00,CF401P14000,CF401P14000,149.0,0.0,0.0,0.0,3,153.0,156.0,3,149.0,160.0,0.0,0.0,0.0,0.0,847
2023-05-10 21:53:02,CF401P14000,CF401P14000,149.0,0.0,0.0,0.0,13,153.0,156.0,3,149.0,160.0,0.0,0.0,0.0,0.0,847
2023-05-10 21:53:03,CF401P14000,CF401P14000,149.0,0.0,0.0,0.0,23,153.0,156.0,3,149.0,160.0,0.0,0.0,0.0,0.0,847
2023-05-10 21:53:07,CF401P14000,CF401P14000,149.0,0.0,0.0,0.0,13,153.0,156.0,3,149.0,160.0,0.0,0.0,0.0,0.0,847
2023-05-10 21:53:07,CF401P14000,CF401P14000,149.0,0.0,0.0,0.0,3,153.0,156.0,3,149.0,160.0,0.0,0.0,0.0,0.0,847
2023-05-10 21:53:29,CF401P14000,CF401P14000,149.0,0.0,0.0,0.0,13,152.0,156.0,13,149.0,160.0,0.0,0.0,0.0,0.0,847
2023-05-10 21:53:29,CF401P14000,CF401P14000,149.0,0.0,0.0,0.0,3,152.0,156.0,33,149.0,160.0,0.0,0.0,0.0,0.0,847
2023-05-10 21:53:38,CF401P14000,CF401P14000,149.0,0.0,0.0,0.0,13,152.0,156.0,23,149.0,160.0,0.0,0.0,0.0,0.0,847
2023-05-10 21:53:40,CF401P14000,CF401P14000,149.0,0.0,0.0,0.0,23,152.0,156.0,23,149.0,160.0,0.0,0.0,0.0,0.0,847
2023-05-10 21:53:46,CF401P14000,CF401P14000,149.0,0.0,0.0,0.0,13,152.0,156.0,23,149.0,160.0,0.0,0.0,0.0,0.0,847
2023-05-10 21:54:02,CF401P14000,CF401P14000,149.0,0.0,0.0,0.0,13,152.0,156.0,13,149.0,160.0,0.0,0.0,0.0,0.0,847
2023-05-10 21:54:15,CF401P14000,CF401P14000,149.0,0.0,0.0,0.0,23,152.0,156.0,13,149.0,160.0,0.0,0.0,0.0,0.0,847
2023-05-10 21:54:24,CF401P14000,CF401P14000,149.0,0.0,0.0,0.0,10,153.0,156.0,13,149.0,160.0,0.0,0.0,0.0,0.0,847
2023-05-10 21:54:25,CF401P14000,CF401P14000,149.0,0.0,0.0,0.0,20,153.0,156.0,3,149.0,160.0,0.0,0.0,0.0,0.0,847
2023-05-10 21:54:44,CF401P14000,CF401P14000,149.0,0.0,0.0,0.0,10,153.0,156.0,3,149.0,160.0,0.0,0.0,0.0,0.0,847
2023-05-10 21:54:46,CF401P14000,CF401P14000,149.0,0.0,0.0,0.0,33,152.0,156.0,3,149.0,160.0,0.0,0.0,0.0,0.0,847
2023-05-10 21:54:46,CF401P14000,CF401P14000,149.0,0.0,0.0,0.0,23,152.0,156.0,3,149.0,160.0,0.0,0.0,0.0,0.0,847
2023-05-10 21:54:48,CF401P14000,CF401P14000,149.0,0.0,0.0,0.0,33,152.0,156.0,3,149.0,160.0,0.0,0.0,0.0,0.0,847
2023-05-10 21:55:11,CF401P14000,CF401P14000,149.0,0.0,0.0,0.0,23,152.0,156.0,13,149.0,160.0,0.0,0.0,0.0,0.0,847
2023-05-10 21:55:12,CF401P14000,CF401P14000,149.0,0.0,0.0,0.0,13,152.0,156.0,13,149.0,160.0,0.0,0.0,0.0,0.0,847
2023-05-10 21:55:13,CF401P14000,CF401P14000,149.0,0.0,0.0,0.0,3,152.0,155.0,3,149.0,160.0,0.0,0.0,0.0,0.0,847
2023-05-10 21:55:15,CF401P14000,CF401P14000,149.0,0.0,0.0,0.0,30,151.0,155.0,3,149.0,160.0,0.0,0.0,0.0,0.0,847
2023-05-10 21:55:16,CF401P14000,CF401P14000,149.0,0.0,0.0,0.0,20,151.0,155.0,23,149.0,160.0,0.0,0.0,0.0,0.0,847
2023-05-10 21:55:17,CF401P14000,CF401P14000,149.0,0.0,0.0,0.0,30,151.0,155.0,23,149.0,160.0,0.0,0.0,0.0,0.0,847
2023-05-10 21:55:17,CF401P14000,CF401P14000,149.0,0.0,0.0,0.0,20,151.0,155.0,23,149.0,160.0,0.0,0.0,0.0,0.0,847
2023-05-10 21:55:22,CF401P14000,CF401P14000,149.0,0.0,0.0,0.0,23,151.0,155.0,23,149.0,160.0,0.0,0.0,0.0,0.0,847
2023-05-10 21:55:35,CF401P14000,CF401P14000,149.0,0.0,0.0,0.0,23,151.0,155.0,33,149.0,160.0,0.0,0.0,0.0,0.0,847
2023-05-10 21:55:38,CF401P14000,CF401P14000,149.0,0.0,0.0,0.0,23,151.0,155.0,23,149.0,160.0,0.0,0.0,0.0,0.0,847
2023-05-10 21:55:40,CF401P14000,CF401P14000,149.0,0.0,0.0,0.0,23,151.0,154.0,3,149.0,160.0,0.0,0.0,0.0,0.0,847
2023-05-10 21:56:38,CF401P14000,CF401P14000,149.0,0.0,0.0,0.0,33,151.0,154.0,3,149.0,160.0,0.0,0.0,0.0,0.0,847
2023-05-10 21:56:43,CF401P14000,CF401P14000,149.0,0.0,0.0,0.0,23,151.0,154.0,3,149.0,160.0,0.0,0.0,0.0,0.0,847
2023-05-10 21:56:45,CF401P14000,CF401P14000,149.0,0.0,0.0,0.0,43,151.0,154.0,3,149.0,160.0,0.0,0.0,0.0,0.0,847
2023-05-10 21:56:59,CF401P14000,CF401P14000,149.0,0.0,0.0,0.0,43,151.0,155.0,33,149.0,160.0,0.0,0.0,0.0,0.0,847
2023-05-10 21:56:59,CF401P14000,CF401P14000,149.0,0.0,0.0,0.0,53,151.0,155.0,13,149.0,160.0,0.0,0.0,0.0,0.0,847
2023-05-10 21:57:00,CF401P14000,CF401P14000,149.0,0.0,0.0,0.0,53,151.0,155.0,3,149.0,160.0,0.0,0.0,0.0,0.0,847
2023-05-10 21:57:01,CF401P14000,CF401P14000,149.0,0.0,0.0,0.0,43,151.0,155.0,3,149.0,160.0,0.0,0.0,0.0,0.0,847
2023-05-10 21:57:15,CF401P14000,CF401P14000,149.0,0.0,0.0,0.0,33,151.0,155.0,3,149.0,160.0,0.0,0.0,0.0,0.0,847
2023-05-10 21:57:15,CF401P14000,CF401P14000,149.0,0.0,0.0,0.0,43,151.0,155.0,3,149.0,160.0,0.0,0.0,0.0,0.0,847
2023-05-10 21:57:35,CF401P14000,CF401P14000,149.0,0.0,0.0,0.0,33,151.0,155.0,3,149.0,160.0,0.0,0.0,0.0,0.0,847
2023-05-10 21:57:36,CF401P14000,CF401P14000,149.0,0.0,0.0,0.0,13,151.0,155.0,3,149.0,160.0,0.0,0.0,0.0,0.0,847
2023-05-10 21:57:36,CF401P14000,CF401P14000,149.0,0.0,0.0,0.0,3,151.0,155.0,3,149.0,160.0,0.0,0.0,0.0,0.0,847
2023-05-10 21:57:38,CF401P14000,CF401P14000,149.0,0.0,0.0,0.0,13,151.0,155.0,3,149.0,160.0,0.0,0.0,0.0,0.0,847
2023-05-10 21:57:41,CF401P14000,CF401P14000,149.0,0.0,0.0,0.0,33,151.0,155.0,3,149.0,160.0,0.0,0.0,0.0,0.0,847
2023-05-10 21:57:50,CF401P14000,CF401P14000,149.0,0.0,0.0,0.0,23,151.0,155.0,3,149.0,160.0,0.0,0.0,0.0,0.0,847
2023-05-10 21:57:54,CF401P14000,CF401P14000,149.0,0.0,0.0,0.0,33,151.0,155.0,3,149.0,160.0,0.0,0.0,0.0,0.0,847
2023-05-10 21:58:10,CF401P14000,CF401P14000,149.0,0.0,0.0,0.0,23,151.0,155.0,13,149.0,160.0,0.0,0.0,0.0,0.0,847
2023-05-10 21:58:15,CF401P14000,CF401P14000,149.0,0.0,0.0,0.0,3,152.0,155.0,13,149.0,160.0,0.0,0.0,0.0,0.0,847
2023-05-10 21:58:19,CF401P14000,CF401P14000,149.0,0.0,0.0,0.0,13,152.0,155.0,3,149.0,160.0,0.0,0.0,0.0,0.0,847
2023-05-10 21:58:19,CF401P14000,CF401P14000,149.0,0.0,0.0,0.0,3,152.0,155.0,3,149.0,160.0,0.0,0.0,0.0,0.0,847
2023-05-10 21:58:21,CF401P14000,CF401P14000,149.0,0.0,0.0,0.0,13,152.0,155.0,3,149.0,160.0,0.0,0.0,0.0,0.0,847
2023-05-10 21:58:21,CF401P14000,CF401P14000,149.0,0.0,0.0,0.0,23,152.0,155.0,3,149.0,160.0,0.0,0.0,0.0,0.0,847
2023-05-10 21:58:22,CF401P14000,CF401P14000,149.0,0.0,0.0,0.0,13,152.0,155.0,3,149.0,160.0,0.0,0.0,0.0,0.0,847
2023-05-10 21:58:22,CF401P14000,CF401P14000,149.0,0.0,0.0,0.0,3,152.0,155.0,3,149.0,160.0,0.0,0.0,0.0,0.0,847
2023-05-10 21:59:03,CF401P14000,CF401P14000,149.0,0.0,0.0,0.0,3,152.0,156.0,20,149.0,160.0,0.0,0.0,0.0,0.0,847
2023-05-10 21:59:03,CF401P14000,CF401P14000,149.0,0.0,0.0,0.0,13,152.0,157.0,30,149.0,160.0,0.0,0.0,0.0,0.0,847
2023-05-10 21:59:03,CF401P14000,CF401P14000,149.0,0.0,0.0,0.0,3,152.0,157.0,23,149.0,160.0,0.0,0.0,0.0,0.0,847
2023-05-10 21:59:06,CF401P14000,CF401P14000,149.0,0.0,0.0,0.0,3,152.0,157.0,33,149.0,160.0,0.0,0.0,0.0,0.0,847
2023-05-10 21:59:10,CF401P14000,CF401P14000,149.0,0.0,0.0,0.0,3,153.0,157.0,33,149.0,160.0,0.0,0.0,0.0,0.0,847
2023-05-10 21:59:11,CF401P14000,CF401P14000,149.0,0.0,0.0,0.0,3,153.0,157.0,3,149.0,160.0,0.0,0.0,0.0,0.0,847
2023-05-10 21:59:17,CF401P14000,CF401P14000,149.0,0.0,0.0,0.0,3,153.0,157.0,13,149.0,160.0,0.0,0.0,0.0,0.0,847
2023-05-10 21:59:18,CF401P14000,CF401P14000,149.0,0.0,0.0,0.0,3,153.0,157.0,23,149.0,160.0,0.0,0.0,0.0,0.0,847
2023-05-10 21:59:24,CF401P14000,CF401P14000,149.0,0.0,0.0,0.0,3,153.0,157.0,13,149.0,160.0,0.0,0.0,0.0,0.0,847
2023-05-10 21:59:27,CF401P14000,CF401P14000,149.0,0.0,0.0,0.0,3,153.0,157.0,23,149.0,160.0,0.0,0.0,0.0,0.0,847
2023-05-10 21:59:28,CF401P14000,CF401P14000,149.0,0.0,0.0,0.0,3,153.0,157.0,33,149.0,160.0,0.0,0.0,0.0,0.0,847
2023-05-10 21:59:31,CF401P14000,CF401P14000,149.0,0.0,0.0,0.0,3,153.0,157.0,23,149.0,160.0,0.0,0.0,0.0,0.0,847
2023-05-10 21:59:33,CF401P14000,CF401P14000,149.0,0.0,0.0,0.0,13,153.0,157.0,13,149.0,160.0,0.0,0.0,0.0,0.0,847
2023-05-10 21:59:37,CF401P14000,CF401P14000,149.0,0.0,0.0,0.0,13,153.0,157.0,3,149.0,160.0,0.0,0.0,0.0,0.0,847
2023-05-10 21:59:51,CF401P14000,CF401P14000,149.0,0.0,0.0,0.0,3,153.0,157.0,3,149.0,160.0,0.0,0.0,0.0,0.0,847
2023-05-10 21:59:51,CF401P14000,CF401P14000,149.0,0.0,0.0,0.0,3,153.0,157.0,13,149.0,160.0,0.0,0.0,0.0,0.0,847
2023-05-10 21:59:55,CF401P14000,CF401P14000,149.0,0.0,0.0,0.0,3,153.0,157.0,3,149.0,160.0,0.0,0.0,0.0,0.0,847
2023-05-10 21:59:57,CF401P14000,CF401P14000,149.0,0.0,0.0,0.0,3,153.0,157.0,13,149.0,160.0,0.0,0.0,0.0,0.0,847
2023-05-10 22:00:00,CF401P14000,CF401P14000,149.0,0.0,0.0,0.0,3,153.0,157.0,3,149.0,160.0,0.0,0.0,0.0,0.0,847
2023-05-10 22:00:03,CF401P14000,CF401P14000,149.0,0.0,0.0,0.0,3,153.0,157.0,13,149.0,160.0,0.0,0.0,0.0,0.0,847
2023-05-10 22:00:04,CF401P14000,CF401P14000,149.0,0.0,0.0,0.0,3,153.0,157.0,23,149.0,160.0,0.0,0.0,0.0,0.0,847
2023-05-10 22:00:04,CF401P14000,CF401P14000,149.0,0.0,0.0,0.0,3,153.0,157.0,33,149.0,160.0,0.0,0.0,0.0,0.0,847
2023-05-10 22:00:07,CF401P14000,CF401P14000,149.0,0.0,0.0,0.0,13,153.0,156.0,3,149.0,160.0,0.0,0.0,0.0,0.0,847
2023-05-10 22:00:07,CF401P14000,CF401P14000,149.0,0.0,0.0,0.0,3,153.0,156.0,3,149.0,160.0,0.0,0.0,0.0,0.0,847
2023-05-10 22:00:13,CF401P14000,CF401P14000,149.0,0.0,0.0,0.0,23,153.0,156.0,3,149.0,160.0,0.0,0.0,0.0,0.0,847
2023-05-10 22:00:14,CF401P14000,CF401P14000,149.0,0.0,0.0,0.0,33,153.0,156.0,3,149.0,160.0,0.0,0.0,0.0,0.0,847
2023-05-10 22:00:14,CF401P14000,CF401P14000,149.0,0.0,0.0,0.0,13,153.0,156.0,3,149.0,160.0,0.0,0.0,0.0,0.0,847
2023-05-10 22:00:15,CF401P14000,CF401P14000,149.0,0.0,0.0,0.0,3,153.0,156.0,3,149.0,160.0,0.0,0.0,0.0,0.0,847
2023-05-10 22:00:16,CF401P14000,CF401P14000,149.0,0.0,0.0,0.0,13,153.0,156.0,3,149.0,160.0,0.0,0.0,0.0,0.0,847
2023-05-10 22:00:17,CF401P14000,CF401P14000,149.0,0.0,0.0,0.0,23,153.0,156.0,3,149.0,160.0,0.0,0.0,0.0,0.0,847
2023-05-10 22:00:22,CF401P14000,CF401P14000,149.0,0.0,0.0,0.0,33,153.0,156.0,3,149.0,160.0,0.0,0.0,0.0,0.0,847
2023-05-10 22:00:23,CF401P14000,CF401P14000,149.0,0.0,0.0,0.0,23,153.0,156.0,3,149.0,160.0,0.0,0.0,0.0,0.0,847
2023-05-10 22:00:28,CF401P14000,CF401P14000,149.0,0.0,0.0,0.0,13,153.0,156.0,3,149.0,160.0,0.0,0.0,0.0,0.0,847
2023-05-10 22:00:35,CF401P14000,CF401P14000,149.0,0.0,0.0,0.0,10,153.0,156.0,3,149.0,160.0,0.0,0.0,0.0,0.0,847
2023-05-10 22:00:39,CF401P14000,CF401P14000,149.0,0.0,0.0,0.0,20,153.0,156.0,3,149.0,160.0,0.0,0.0,0.0,0.0,847
2023-05-10 22:00:57,CF401P14000,CF401P14000,149.0,0.0,0.0,0.0,10,153.0,156.0,3,149.0,160.0,0.0,0.0,0.0,0.0,847
2023-05-10 22:00:57,CF401P14000,CF401P14000,149.0,0.0,0.0,0.0,10,153.0,156.0,23,149.0,160.0,0.0,0.0,0.0,0.0,847
2023-05-10 22:00:57,CF401P14000,CF401P14000,149.0,0.0,0.0,0.0,10,153.0,156.0,13,149.0,160.0,0.0,0.0,0.0,0.0,847
2023-05-10 22:01:00,CF401P14000,CF401P14000,149.0,0.0,0.0,0.0,20,153.0,156.0,13,149.0,160.0,0.0,0.0,0.0,0.0,847
2023-05-10 22:01:00,CF401P14000,CF401P14000,149.0,0.0,0.0,0.0,20,153.0,156.0,3,149.0,160.0,0.0,0.0,0.0,0.0,847
2023-05-10 22:01:03,CF401P14000,CF401P14000,149.0,0.0,0.0,0.0,10,153.0,156.0,3,149.0,160.0,0.0,0.0,0.0,0.0,847
2023-05-10 22:01:04,CF401P14000,CF401P14000,149.0,0.0,0.0,0.0,20,153.0,156.0,23,149.0,160.0,0.0,0.0,0.0,0.0,847
2023-05-10 22:01:05,CF401P14000,CF401P14000,149.0,0.0,0.0,0.0,20,153.0,156.0,3,149.0,160.0,0.0,0.0,0.0,0.0,847
2023-05-10 22:01:06,CF401P14000,CF401P14000,149.0,0.0,0.0,0.0,20,153.0,156.0,13,149.0,160.0,0.0,0.0,0.0,0.0,847
2023-05-10 22:01:14,CF401P14000,CF401P14000,149.0,0.0,0.0,0.0,33,152.0,156.0,23,149.0,160.0,0.0,0.0,0.0,0.0,847
2023-05-10 22:01:15,CF401P14000,CF401P14000,149.0,0.0,0.0,0.0,43,152.0,156.0,13,149.0,160.0,0.0,0.0,0.0,0.0,847
2023-05-10 22:01:15,CF401P14000,CF401P14000,149.0,0.0,0.0,0.0,33,152.0,156.0,3,149.0,160.0,0.0,0.0,0.0,0.0,847
2023-05-10 22:01:21,CF401P14000,CF401P14000,149.0,0.0,0.0,0.0,23,152.0,156.0,13,149.0,160.0,0.0,0.0,0.0,0.0,847
2023-05-10 22:01:22,CF401P14000,CF401P14000,149.0,0.0,0.0,0.0,3,152.0,156.0,23,149.0,160.0,0.0,0.0,0.0,0.0,847
2023-05-10 22:01:40,CF401P14000,CF401P14000,149.0,0.0,0.0,0.0,3,152.0,156.0,13,149.0,160.0,0.0,0.0,0.0,0.0,847
2023-05-10 22:01:42,CF401P14000,CF401P14000,149.0,0.0,0.0,0.0,3,152.0,156.0,23,149.0,160.0,0.0,0.0,0.0,0.0,847
2023-05-10 22:01:50,CF401P14000,CF401P14000,149.0,0.0,0.0,0.0,10,153.0,156.0,3,149.0,160.0,0.0,0.0,0.0,0.0,847
2023-05-10 22:01:50,CF401P14000,CF401P14000,149.0,0.0,0.0,0.0,13,153.0,156.0,3,149.0,160.0,0.0,0.0,0.0,0.0,847
2023-05-10 22:01:59,CF401P14000,CF401P14000,149.0,0.0,0.0,0.0,23,153.0,156.0,3,149.0,160.0,0.0,0.0,0.0,0.0,847
2023-05-10 22:01:59,CF401P14000,CF401P14000,149.0,0.0,0.0,0.0,13,153.0,156.0,3,149.0,160.0,0.0,0.0,0.0,0.0,847
2023-05-10 22:02:02,CF401P14000,CF401P14000,149.0,0.0,0.0,0.0,23,153.0,156.0,3,149.0,160.0,0.0,0.0,0.0,0.0,847
2023-05-10 22:02:21,CF401P14000,CF401P14000,149.0,0.0,0.0,0.0,13,153.0,156.0,3,149.0,160.0,0.0,0.0,0.0,0.0,847
2023-05-10 22:02:21,CF401P14000,CF401P14000,149.0,0.0,0.0,0.0,23,153.0,156.0,3,149.0,160.0,0.0,0.0,0.0,0.0,847
2023-05-10 22:02:25,CF401P14000,CF401P14000,149.0,0.0,0.0,0.0,13,153.0,156.0,3,149.0,160.0,0.0,0.0,0.0,0.0,847
2023-05-10 22:02:25,CF401P14000,CF401P14000,149.0,0.0,0.0,0.0,3,153.0,156.0,3,149.0,160.0,0.0,0.0,0.0,0.0,847
2023-05-10 22:02:29,CF401P14000,CF401P14000,149.0,0.0,0.0,0.0,3,153.0,156.0,13,149.0,160.0,0.0,0.0,0.0,0.0,847
2023-05-10 22:02:30,CF401P14000,CF401P14000,149.0,0.0,0.0,0.0,3,153.0,156.0,23,149.0,160.0,0.0,0.0,0.0,0.0,847
2023-05-10 22:02:50,CF401P14000,CF401P14000,149.0,0.0,0.0,0.0,3,152.0,156.0,23,149.0,160.0,0.0,0.0,0.0,0.0,847
2023-05-10 22:02:51,CF401P14000,CF401P14000,149.0,0.0,0.0,0.0,23,152.0,155.0,3,149.0,160.0,0.0,0.0,0.0,0.0,847
2023-05-10 22:03:00,CF401P14000,CF401P14000,149.0,0.0,0.0,0.0,20,153.0,155.0,3,149.0,160.0,0.0,0.0,0.0,0.0,847
2023-05-10 22:03:00,CF401P14000,CF401P14000,149.0,0.0,0.0,0.0,30,153.0,155.0,3,149.0,160.0,0.0,0.0,0.0,0.0,847
2023-05-10 22:03:08,CF401P14000,CF401P14000,149.0,0.0,0.0,0.0,33,152.0,156.0,3,149.0,160.0,0.0,0.0,0.0,0.0,847
2023-05-10 22:03:08,CF401P14000,CF401P14000,149.0,0.0,0.0,0.0,23,152.0,156.0,3,149.0,160.0,0.0,0.0,0.0,0.0,847
2023-05-10 22:03:10,CF401P14000,CF401P14000,149.0,0.0,0.0,0.0,3,153.0,156.0,3,149.0,160.0,0.0,0.0,0.0,0.0,847
2023-05-10 22:03:15,CF401P14000,CF401P14000,149.0,0.0,0.0,0.0,23,153.0,156.0,3,149.0,160.0,0.0,0.0,0.0,0.0,847
2023-05-10 22:03:51,CF401P14000,CF401P14000,149.0,0.0,0.0,0.0,53,153.0,158.0,60,149.0,160.0,0.0,0.0,0.0,0.0,847
2023-05-10 22:03:51,CF401P14000,CF401P14000,149.0,0.0,0.0,0.0,53,153.0,158.0,50,149.0,160.0,0.0,0.0,0.0,0.0,847
2023-05-10 22:03:52,CF401P14000,CF401P14000,149.0,0.0,0.0,0.0,3,154.0,158.0,43,149.0,160.0,0.0,0.0,0.0,0.0,847
2023-05-10 22:04:06,CF401P14000,CF401P14000,149.0,0.0,0.0,0.0,13,154.0,158.0,23,149.0,160.0,0.0,0.0,0.0,0.0,847
2023-05-10 22:04:06,CF401P14000,CF401P14000,149.0,0.0,0.0,0.0,3,154.0,157.0,3,149.0,160.0,0.0,0.0,0.0,0.0,847
2023-05-10 22:04:12,CF401P14000,CF401P14000,149.0,0.0,0.0,0.0,33,153.0,157.0,3,149.0,160.0,0.0,0.0,0.0,0.0,847
2023-05-10 22:04:12,CF401P14000,CF401P14000,149.0,0.0,0.0,0.0,33,153.0,156.0,3,149.0,160.0,0.0,0.0,0.0,0.0,847
2023-05-10 22:04:15,CF401P14000,CF401P14000,149.0,0.0,0.0,0.0,10,154.0,156.0,3,149.0,160.0,0.0,0.0,0.0,0.0,847
2023-05-10 22:04:15,CF401P14000,CF401P14000,149.0,0.0,0.0,0.0,20,154.0,156.0,3,149.0,160.0,0.0,0.0,0.0,0.0,847
2023-05-10 22:04:19,CF401P14000,CF401P14000,149.0,0.0,0.0,0.0,43,153.0,156.0,3,149.0,160.0,0.0,0.0,0.0,0.0,847
2023-05-10 22:04:20,CF401P14000,CF401P14000,149.0,0.0,0.0,0.0,33,153.0,156.0,3,149.0,160.0,0.0,0.0,0.0,0.0,847
2023-05-10 22:04:22,CF401P14000,CF401P14000,149.0,0.0,0.0,0.0,23,153.0,156.0,3,149.0,160.0,0.0,0.0,0.0,0.0,847
2023-05-10 22:04:23,CF401P14000,CF401P14000,149.0,0.0,0.0,0.0,20,153.0,156.0,3,149.0,160.0,0.0,0.0,0.0,0.0,847
2023-05-10 22:04:24,CF401P14000,CF401P14000,149.0,0.0,0.0,0.0,30,153.0,156.0,3,149.0,160.0,0.0,0.0,0.0,0.0,847
2023-05-10 22:04:25,CF401P14000,CF401P14000,149.0,0.0,0.0,0.0,20,153.0,156.0,3,149.0,160.0,0.0,0.0,0.0,0.0,847
2023-05-10 22:04:26,CF401P14000,CF401P14000,149.0,0.0,0.0,0.0,30,153.0,156.0,3,149.0,160.0,0.0,0.0,0.0,0.0,847
2023-05-10 22:04:28,CF401P14000,CF401P14000,149.0,0.0,0.0,0.0,20,153.0,156.0,3,149.0,160.0,0.0,0.0,0.0,0.0,847
2023-05-10 22:04:29,CF401P14000,CF401P14000,149.0,0.0,0.0,0.0,30,153.0,156.0,3,149.0,160.0,0.0,0.0,0.0,0.0,847
2023-05-10 22:04:59,CF401P14000,CF401P14000,149.0,0.0,0.0,0.0,23,152.0,155.0,3,149.0,160.0,0.0,0.0,0.0,0.0,847
2023-05-10 22:04:59,CF401P14000,CF401P14000,149.0,0.0,0.0,0.0,13,152.0,155.0,3,149.0,160.0,0.0,0.0,0.0,0.0,847
2023-05-10 22:05:01,CF401P14000,CF401P14000,149.0,0.0,0.0,0.0,23,152.0,155.0,3,149.0,160.0,0.0,0.0,0.0,0.0,847
2023-05-10 22:05:07,CF401P14000,CF401P14000,149.0,0.0,0.0,0.0,33,152.0,155.0,3,149.0,160.0,0.0,0.0,0.0,0.0,847
2023-05-10 22:05:10,CF401P14000,CF401P14000,149.0,0.0,0.0,0.0,23,152.0,155.0,3,149.0,160.0,0.0,0.0,0.0,0.0,847
2023-05-10 22:05:11,CF401P14000,CF401P14000,149.0,0.0,0.0,0.0,3,152.0,155.0,3,149.0,160.0,0.0,0.0,0.0,0.0,847
2023-05-10 22:05:12,CF401P14000,CF401P14000,149.0,0.0,0.0,0.0,53,151.0,155.0,3,149.0,160.0,0.0,0.0,0.0,0.0,847
2023-05-10 22:05:33,CF401P14000,CF401P14000,149.0,0.0,0.0,0.0,53,151.0,154.0,3,149.0,160.0,0.0,0.0,0.0,0.0,847
2023-05-10 22:05:33,CF401P14000,CF401P14000,149.0,0.0,0.0,0.0,10,152.0,154.0,3,149.0,160.0,0.0,0.0,0.0,0.0,847
2023-05-10 22:05:35,CF401P14000,CF401P14000,149.0,0.0,0.0,0.0,43,151.0,154.0,3,149.0,160.0,0.0,0.0,0.0,0.0,847
2023-05-10 22:05:36,CF401P14000,CF401P14000,149.0,0.0,0.0,0.0,10,153.0,154.0,3,149.0,160.0,0.0,0.0,0.0,0.0,847
2023-05-10 22:05:38,CF401P14000,CF401P14000,149.0,0.0,0.0,0.0,20,152.0,154.0,3,149.0,160.0,0.0,0.0,0.0,0.0,847
2023-05-10 22:05:40,CF401P14000,CF401P14000,149.0,0.0,0.0,0.0,53,151.0,154.0,3,149.0,160.0,0.0,0.0,0.0,0.0,847
2023-05-10 22:05:41,CF401P14000,CF401P14000,149.0,0.0,0.0,0.0,43,151.0,154.0,3,149.0,160.0,0.0,0.0,0.0,0.0,847
2023-05-10 22:05:41,CF401P14000,CF401P14000,149.0,0.0,0.0,0.0,33,151.0,154.0,3,149.0,160.0,0.0,0.0,0.0,0.0,847
2023-05-10 22:05:57,CF401P14000,CF401P14000,149.0,0.0,0.0,0.0,33,151.0,155.0,3,149.0,160.0,0.0,0.0,0.0,0.0,847
2023-05-10 22:05:59,CF401P14000,CF401P14000,149.0,0.0,0.0,0.0,23,151.0,155.0,3,149.0,160.0,0.0,0.0,0.0,0.0,847
2023-05-10 22:06:00,CF401P14000,CF401P14000,149.0,0.0,0.0,0.0,23,151.0,155.0,23,149.0,160.0,0.0,0.0,0.0,0.0,847
2023-05-10 22:06:03,CF401P14000,CF401P14000,149.0,0.0,0.0,0.0,3,152.0,155.0,3,149.0,160.0,0.0,0.0,0.0,0.0,847
2023-05-10 22:08:09,CF401P14000,CF401P14000,149.0,0.0,0.0,0.0,13,152.0,155.0,3,149.0,160.0,0.0,0.0,0.0,0.0,847
2023-05-10 22:08:13,CF401P14000,CF401P14000,149.0,0.0,0.0,0.0,3,152.0,155.0,3,149.0,160.0,0.0,0.0,0.0,0.0,847
2023-05-10 22:08:14,CF401P14000,CF401P14000,149.0,0.0,0.0,0.0,33,151.0,155.0,3,149.0,160.0,0.0,0.0,0.0,0.0,847
2023-05-10 22:08:14,CF401P14000,CF401P14000,149.0,0.0,0.0,0.0,33,151.0,155.0,33,149.0,160.0,0.0,0.0,0.0,0.0,847
2023-05-10 22:08:15,CF401P14000,CF401P14000,149.0,0.0,0.0,0.0,33,151.0,154.0,3,149.0,160.0,0.0,0.0,0.0,0.0,847
2023-05-10 22:08:22,CF401P14000,CF401P14000,149.0,0.0,0.0,0.0,23,151.0,154.0,3,149.0,160.0,0.0,0.0,0.0,0.0,847
2023-05-10 22:08:25,CF401P14000,CF401P14000,149.0,0.0,0.0,0.0,33,151.0,154.0,3,149.0,160.0,0.0,0.0,0.0,0.0,847
2023-05-10 22:08:26,CF401P14000,CF401P14000,149.0,0.0,0.0,0.0,23,151.0,154.0,3,149.0,160.0,0.0,0.0,0.0,0.0,847
2023-05-10 22:08:27,CF401P14000,CF401P14000,149.0,0.0,0.0,0.0,10,151.0,154.0,3,149.0,160.0,0.0,0.0,0.0,0.0,847
2023-05-10 22:08:29,CF401P14000,CF401P14000,149.0,0.0,0.0,0.0,20,151.0,154.0,3,149.0,160.0,0.0,0.0,0.0,0.0,847
2023-05-10 22:08:41,CF401P14000,CF401P14000,149.0,0.0,0.0,0.0,10,151.0,154.0,3,149.0,160.0,0.0,0.0,0.0,0.0,847
2023-05-10 22:08:46,CF401P14000,CF401P14000,149.0,0.0,0.0,0.0,23,150.0,154.0,3,149.0,160.0,0.0,0.0,0.0,0.0,847
2023-05-10 22:08:55,CF401P14000,CF401P14000,149.0,0.0,0.0,0.0,33,150.0,154.0,3,149.0,160.0,0.0,0.0,0.0,0.0,847
2023-05-10 22:09:09,CF401P14000,CF401P14000,149.0,0.0,0.0,0.0,10,151.0,154.0,3,149.0,160.0,0.0,0.0,0.0,0.0,847
2023-05-10 22:09:10,CF401P14000,CF401P14000,149.0,0.0,0.0,0.0,20,151.0,154.0,3,149.0,160.0,0.0,0.0,0.0,0.0,847
2023-05-10 22:09:23,CF401P14000,CF401P14000,149.0,0.0,0.0,0.0,10,151.0,154.0,3,149.0,160.0,0.0,0.0,0.0,0.0,847
2023-05-10 22:09:23,CF401P14000,CF401P14000,149.0,0.0,0.0,0.0,23,150.0,154.0,3,149.0,160.0,0.0,0.0,0.0,0.0,847
2023-05-10 22:09:30,CF401P14000,CF401P14000,149.0,0.0,0.0,0.0,20,151.0,154.0,3,149.0,160.0,0.0,0.0,0.0,0.0,847
2023-05-10 22:09:36,CF401P14000,CF401P14000,149.0,0.0,0.0,0.0,33,150.0,154.0,3,149.0,160.0,0.0,0.0,0.0,0.0,847
2023-05-10 22:09:40,CF401P14000,CF401P14000,149.0,0.0,0.0,0.0,10,151.0,154.0,3,149.0,160.0,0.0,0.0,0.0,0.0,847
2023-05-10 22:09:40,CF401P14000,CF401P14000,149.0,0.0,0.0,0.0,20,151.0,154.0,3,149.0,160.0,0.0,0.0,0.0,0.0,847
2023-05-10 22:09:43,CF401P14000,CF401P14000,149.0,0.0,0.0,0.0,23,151.0,154.0,3,149.0,160.0,0.0,0.0,0.0,0.0,847
2023-05-10 22:09:44,CF401P14000,CF401P14000,149.0,0.0,0.0,0.0,33,151.0,154.0,3,149.0,160.0,0.0,0.0,0.0,0.0,847
2023-05-10 22:09:50,CF401P14000,CF401P14000,149.0,0.0,0.0,0.0,33,151.0,155.0,33,149.0,160.0,0.0,0.0,0.0,0.0,847
2023-05-10 22:09:50,CF401P14000,CF401P14000,149.0,0.0,0.0,0.0,43,151.0,155.0,23,149.0,160.0,0.0,0.0,0.0,0.0,847
2023-05-10 22:09:55,CF401P14000,CF401P14000,149.0,0.0,0.0,0.0,33,151.0,155.0,13,149.0,160.0,0.0,0.0,0.0,0.0,847
2023-05-10 22:09:57,CF401P14000,CF401P14000,149.0,0.0,0.0,0.0,43,151.0,155.0,23,149.0,160.0,0.0,0.0,0.0,0.0,847
2023-05-10 22:09:58,CF401P14000,CF401P14000,149.0,0.0,0.0,0.0,3,152.0,155.0,13,149.0,160.0,0.0,0.0,0.0,0.0,847
2023-05-10 22:09:59,CF401P14000,CF401P14000,149.0,0.0,0.0,0.0,3,152.0,155.0,23,149.0,160.0,0.0,0.0,0.0,0.0,847
2023-05-10 22:10:01,CF401P14000,CF401P14000,149.0,0.0,0.0,0.0,23,152.0,155.0,3,149.0,160.0,0.0,0.0,0.0,0.0,847
2023-05-10 22:10:02,CF401P14000,CF401P14000,149.0,0.0,0.0,0.0,13,152.0,155.0,13,149.0,160.0,0.0,0.0,0.0,0.0,847
2023-05-10 22:10:02,CF401P14000,CF401P14000,149.0,0.0,0.0,0.0,23,152.0,155.0,3,149.0,160.0,0.0,0.0,0.0,0.0,847
2023-05-10 22:10:14,CF401P14000,CF401P14000,149.0,0.0,0.0,0.0,13,152.0,155.0,13,149.0,160.0,0.0,0.0,0.0,0.0,847
2023-05-10 22:10:15,CF401P14000,CF401P14000,149.0,0.0,0.0,0.0,3,152.0,155.0,23,149.0,160.0,0.0,0.0,0.0,0.0,847
2023-05-10 22:10:17,CF401P14000,CF401P14000,149.0,0.0,0.0,0.0,3,152.0,155.0,13,149.0,160.0,0.0,0.0,0.0,0.0,847
2023-05-10 22:10:18,CF401P14000,CF401P14000,149.0,0.0,0.0,0.0,3,152.0,155.0,23,149.0,160.0,0.0,0.0,0.0,0.0,847
2023-05-10 22:10:21,CF401P14000,CF401P14000,149.0,0.0,0.0,0.0,13,152.0,155.0,13,149.0,160.0,0.0,0.0,0.0,0.0,847
2023-05-10 22:10:22,CF401P14000,CF401P14000,149.0,0.0,0.0,0.0,23,152.0,155.0,3,149.0,160.0,0.0,0.0,0.0,0.0,847
2023-05-10 22:10:31,CF401P14000,CF401P14000,149.0,0.0,0.0,0.0,33,152.0,155.0,3,149.0,160.0,0.0,0.0,0.0,0.0,847
2023-05-10 22:10:31,CF401P14000,CF401P14000,149.0,0.0,0.0,0.0,33,152.0,156.0,20,149.0,160.0,0.0,0.0,0.0,0.0,847
2023-05-10 22:10:32,CF401P14000,CF401P14000,149.0,0.0,0.0,0.0,43,152.0,156.0,20,149.0,160.0,0.0,0.0,0.0,0.0,847
2023-05-10 22:10:32,CF401P14000,CF401P14000,149.0,0.0,0.0,0.0,43,152.0,156.0,23,149.0,160.0,0.0,0.0,0.0,0.0,847
2023-05-10 22:10:37,CF401P14000,CF401P14000,149.0,0.0,0.0,0.0,43,152.0,156.0,13,149.0,160.0,0.0,0.0,0.0,0.0,847
2023-05-10 22:10:37,CF401P14000,CF401P14000,149.0,0.0,0.0,0.0,43,152.0,156.0,3,149.0,160.0,0.0,0.0,0.0,0.0,847
2023-05-10 22:10:46,CF401P14000,CF401P14000,149.0,0.0,0.0,0.0,10,153.0,156.0,3,149.0,160.0,0.0,0.0,0.0,0.0,847
2023-05-10 22:10:50,CF401P14000,CF401P14000,149.0,0.0,0.0,0.0,23,153.0,156.0,3,149.0,160.0,0.0,0.0,0.0,0.0,847
2023-05-10 22:10:51,CF401P14000,CF401P14000,149.0,0.0,0.0,0.0,13,153.0,156.0,3,149.0,160.0,0.0,0.0,0.0,0.0,847
2023-05-10 22:10:54,CF401P14000,CF401P14000,149.0,0.0,0.0,0.0,23,153.0,156.0,3,149.0,160.0,0.0,0.0,0.0,0.0,847
2023-05-10 22:11:01,CF401P14000,CF401P14000,149.0,0.0,0.0,0.0,13,153.0,156.0,3,149.0,160.0,0.0,0.0,0.0,0.0,847
2023-05-10 22:11:06,CF401P14000,CF401P14000,149.0,0.0,0.0,0.0,3,153.0,156.0,3,149.0,160.0,0.0,0.0,0.0,0.0,847
2023-05-10 22:11:08,CF401P14000,CF401P14000,149.0,0.0,0.0,0.0,13,153.0,156.0,3,149.0,160.0,0.0,0.0,0.0,0.0,847
2023-05-10 22:11:12,CF401P14000,CF401P14000,149.0,0.0,0.0,0.0,10,153.0,156.0,3,149.0,160.0,0.0,0.0,0.0,0.0,847
2023-05-10 22:11:12,CF401P14000,CF401P14000,149.0,0.0,0.0,0.0,10,154.0,155.0,3,149.0,160.0,0.0,0.0,0.0,0.0,847
2023-05-10 22:11:13,CF401P14000,CF401P14000,149.0,0.0,0.0,0.0,20,154.0,155.0,3,149.0,160.0,0.0,0.0,0.0,0.0,847
2023-05-10 22:11:14,CF401P14000,CF401P14000,149.0,0.0,0.0,0.0,40,153.0,155.0,3,149.0,160.0,0.0,0.0,0.0,0.0,847
2023-05-10 22:11:15,CF401P14000,CF401P14000,149.0,0.0,0.0,0.0,30,153.0,155.0,3,149.0,160.0,0.0,0.0,0.0,0.0,847
2023-05-10 22:11:18,CF401P14000,CF401P14000,149.0,0.0,0.0,0.0,20,153.0,155.0,3,149.0,160.0,0.0,0.0,0.0,0.0,847
2023-05-10 22:11:20,CF401P14000,CF401P14000,149.0,0.0,0.0,0.0,30,153.0,155.0,3,149.0,160.0,0.0,0.0,0.0,0.0,847
2023-05-10 22:11:20,CF401P14000,CF401P14000,149.0,0.0,0.0,0.0,20,153.0,155.0,3,149.0,160.0,0.0,0.0,0.0,0.0,847
2023-05-10 22:11:21,CF401P14000,CF401P14000,149.0,0.0,0.0,0.0,10,154.0,155.0,3,149.0,160.0,0.0,0.0,0.0,0.0,847
2023-05-10 22:11:22,CF401P14000,CF401P14000,149.0,0.0,0.0,0.0,20,154.0,155.0,3,149.0,160.0,0.0,0.0,0.0,0.0,847
2023-05-10 22:11:28,CF401P14000,CF401P14000,149.0,0.0,0.0,0.0,40,153.0,155.0,3,149.0,160.0,0.0,0.0,0.0,0.0,847
2023-05-10 22:11:30,CF401P14000,CF401P14000,149.0,0.0,0.0,0.0,30,153.0,155.0,3,149.0,160.0,0.0,0.0,0.0,0.0,847
2023-05-10 22:11:31,CF401P14000,CF401P14000,149.0,0.0,0.0,0.0,10,154.0,155.0,3,149.0,160.0,0.0,0.0,0.0,0.0,847
2023-05-10 22:11:32,CF401P14000,CF401P14000,149.0,0.0,0.0,0.0,20,154.0,155.0,3,149.0,160.0,0.0,0.0,0.0,0.0,847
2023-05-10 22:11:33,CF401P14000,CF401P14000,149.0,0.0,0.0,0.0,10,154.0,155.0,3,149.0,160.0,0.0,0.0,0.0,0.0,847
2023-05-10 22:11:33,CF401P14000,CF401P14000,149.0,0.0,0.0,0.0,20,154.0,155.0,3,149.0,160.0,0.0,0.0,0.0,0.0,847
2023-05-10 22:11:59,CF401P14000,CF401P14000,149.0,0.0,0.0,0.0,10,154.0,155.0,3,149.0,160.0,0.0,0.0,0.0,0.0,847
2023-05-10 22:12:02,CF401P14000,CF401P14000,149.0,0.0,0.0,0.0,30,153.0,155.0,3,149.0,160.0,0.0,0.0,0.0,0.0,847
2023-05-10 22:12:03,CF401P14000,CF401P14000,149.0,0.0,0.0,0.0,40,153.0,155.0,3,149.0,160.0,0.0,0.0,0.0,0.0,847
2023-05-10 22:12:03,CF401P14000,CF401P14000,149.0,0.0,0.0,0.0,30,153.0,155.0,3,149.0,160.0,0.0,0.0,0.0,0.0,847
2023-05-10 22:12:08,CF401P14000,CF401P14000,149.0,0.0,0.0,0.0,20,153.0,155.0,3,149.0,160.0,0.0,0.0,0.0,0.0,847
2023-05-10 22:12:22,CF401P14000,CF401P14000,149.0,0.0,0.0,0.0,53,152.0,155.0,3,149.0,160.0,0.0,0.0,0.0,0.0,847
2023-05-10 22:12:23,CF401P14000,CF401P14000,149.0,0.0,0.0,0.0,43,152.0,155.0,3,149.0,160.0,0.0,0.0,0.0,0.0,847
2023-05-10 22:12:34,CF401P14000,CF401P14000,149.0,0.0,0.0,0.0,33,152.0,155.0,3,149.0,160.0,0.0,0.0,0.0,0.0,847
2023-05-10 22:13:01,CF401P14000,CF401P14000,149.0,0.0,0.0,0.0,10,153.0,155.0,3,149.0,160.0,0.0,0.0,0.0,0.0,847
2023-05-10 22:13:02,CF401P14000,CF401P14000,149.0,0.0,0.0,0.0,20,153.0,155.0,3,149.0,160.0,0.0,0.0,0.0,0.0,847
2023-05-10 22:13:03,CF401P14000,CF401P14000,149.0,0.0,0.0,0.0,10,154.0,155.0,3,149.0,160.0,0.0,0.0,0.0,0.0,847
2023-05-10 22:13:04,CF401P14000,CF401P14000,149.0,0.0,0.0,0.0,20,154.0,155.0,3,149.0,160.0,0.0,0.0,0.0,0.0,847
2023-05-10 22:13:07,CF401P14000,CF401P14000,149.0,0.0,0.0,0.0,10,154.0,155.0,3,149.0,160.0,0.0,0.0,0.0,0.0,847
2023-05-10 22:13:16,CF401P14000,CF401P14000,149.0,0.0,0.0,0.0,30,153.0,155.0,3,149.0,160.0,0.0,0.0,0.0,0.0,847
2023-05-10 22:13:17,CF401P14000,CF401P14000,149.0,0.0,0.0,0.0,10,154.0,155.0,3,149.0,160.0,0.0,0.0,0.0,0.0,847
2023-05-10 22:13:23,CF401P14000,CF401P14000,149.0,0.0,0.0,0.0,20,154.0,155.0,3,149.0,160.0,0.0,0.0,0.0,0.0,847
2023-05-10 22:13:38,CF401P14000,CF401P14000,149.0,0.0,0.0,0.0,20,154.0,156.0,3,149.0,160.0,0.0,0.0,0.0,0.0,847
2023-05-10 22:13:38,CF401P14000,CF401P14000,149.0,0.0,0.0,0.0,40,153.0,156.0,3,149.0,160.0,0.0,0.0,0.0,0.0,847
2023-05-10 22:13:39,CF401P14000,CF401P14000,149.0,0.0,0.0,0.0,30,153.0,156.0,3,149.0,160.0,0.0,0.0,0.0,0.0,847
2023-05-10 22:14:05,CF401P14000,CF401P14000,149.0,0.0,0.0,0.0,33,153.0,156.0,3,149.0,160.0,0.0,0.0,0.0,0.0,847
2023-05-10 22:14:14,CF401P14000,CF401P14000,149.0,0.0,0.0,0.0,23,153.0,156.0,3,149.0,160.0,0.0,0.0,0.0,0.0,847
2023-05-10 22:14:37,CF401P14000,CF401P14000,149.0,0.0,0.0,0.0,3,153.0,156.0,3,149.0,160.0,0.0,0.0,0.0,0.0,847
2023-05-10 22:14:51,CF401P14000,CF401P14000,149.0,0.0,0.0,0.0,13,153.0,156.0,3,149.0,160.0,0.0,0.0,0.0,0.0,847
2023-05-10 22:14:55,CF401P14000,CF401P14000,149.0,0.0,0.0,0.0,3,153.0,156.0,3,149.0,160.0,0.0,0.0,0.0,0.0,847
2023-05-10 22:15:01,CF401P14000,CF401P14000,149.0,0.0,0.0,0.0,13,153.0,156.0,3,149.0,160.0,0.0,0.0,0.0,0.0,847
2023-05-10 22:15:03,CF401P14000,CF401P14000,149.0,0.0,0.0,0.0,23,153.0,156.0,3,149.0,160.0,0.0,0.0,0.0,0.0,847
2023-05-10 22:15:11,CF401P14000,CF401P14000,149.0,0.0,0.0,0.0,13,153.0,156.0,3,149.0,160.0,0.0,0.0,0.0,0.0,847
2023-05-10 22:15:26,CF401P14000,CF401P14000,149.0,0.0,0.0,0.0,23,153.0,156.0,3,149.0,160.0,0.0,0.0,0.0,0.0,847
2023-05-10 22:15:39,CF401P14000,CF401P14000,149.0,0.0,0.0,0.0,10,154.0,156.0,3,149.0,160.0,0.0,0.0,0.0,0.0,847
2023-05-10 22:15:44,CF401P14000,CF401P14000,149.0,0.0,0.0,0.0,43,153.0,156.0,3,149.0,160.0,0.0,0.0,0.0,0.0,847
2023-05-10 22:15:45,CF401P14000,CF401P14000,149.0,0.0,0.0,0.0,33,153.0,156.0,3,149.0,160.0,0.0,0.0,0.0,0.0,847
2023-05-10 22:15:47,CF401P14000,CF401P14000,149.0,0.0,0.0,0.0,10,154.0,156.0,3,149.0,160.0,0.0,0.0,0.0,0.0,847
2023-05-10 22:15:48,CF401P14000,CF401P14000,149.0,0.0,0.0,0.0,43,153.0,156.0,3,149.0,160.0,0.0,0.0,0.0,0.0,847
2023-05-10 22:15:49,CF401P14000,CF401P14000,149.0,0.0,0.0,0.0,10,154.0,156.0,3,149.0,160.0,0.0,0.0,0.0,0.0,847
2023-05-10 22:15:50,CF401P14000,CF401P14000,149.0,0.0,0.0,0.0,20,154.0,156.0,3,149.0,160.0,0.0,0.0,0.0,0.0,847
2023-05-10 22:15:53,CF401P14000,CF401P14000,149.0,0.0,0.0,0.0,20,154.0,158.0,43,149.0,160.0,0.0,0.0,0.0,0.0,847
2023-05-10 22:15:54,CF401P14000,CF401P14000,149.0,0.0,0.0,0.0,30,154.0,158.0,43,149.0,160.0,0.0,0.0,0.0,0.0,847
2023-05-10 22:15:54,CF401P14000,CF401P14000,149.0,0.0,0.0,0.0,10,155.0,158.0,13,149.0,160.0,0.0,0.0,0.0,0.0,847
2023-05-10 22:15:56,CF401P14000,CF401P14000,149.0,0.0,0.0,0.0,20,155.0,158.0,23,149.0,160.0,0.0,0.0,0.0,0.0,847
2023-05-10 22:16:01,CF401P14000,CF401P14000,149.0,0.0,0.0,0.0,10,155.0,158.0,3,149.0,160.0,0.0,0.0,0.0,0.0,847
2023-05-10 22:16:02,CF401P14000,CF401P14000,149.0,0.0,0.0,0.0,13,155.0,158.0,3,149.0,160.0,0.0,0.0,0.0,0.0,847
2023-05-10 22:16:02,CF401P14000,CF401P14000,149.0,0.0,0.0,0.0,23,155.0,158.0,3,149.0,160.0,0.0,0.0,0.0,0.0,847
2023-05-10 22:16:14,CF401P14000,CF401P14000,149.0,0.0,0.0,0.0,10,156.0,158.0,3,149.0,160.0,0.0,0.0,0.0,0.0,847
2023-05-10 22:16:14,CF401P14000,CF401P14000,149.0,0.0,0.0,0.0,33,155.0,158.0,3,149.0,160.0,0.0,0.0,0.0,0.0,847
2023-05-10 22:16:15,CF401P14000,CF401P14000,149.0,0.0,0.0,0.0,23,155.0,158.0,3,149.0,160.0,0.0,0.0,0.0,0.0,847
2023-05-10 22:16:16,CF401P14000,CF401P14000,149.0,0.0,0.0,0.0,10,156.0,158.0,3,149.0,160.0,0.0,0.0,0.0,0.0,847
2023-05-10 22:16:21,CF401P14000,CF401P14000,149.0,0.0,0.0,0.0,10,156.0,160.0,33,149.0,160.0,0.0,0.0,0.0,0.0,847
2023-05-10 22:16:22,CF401P14000,CF401P14000,149.0,0.0,0.0,0.0,20,156.0,160.0,33,149.0,160.0,0.0,0.0,0.0,0.0,847
2023-05-10 22:16:23,CF401P14000,CF401P14000,149.0,0.0,0.0,0.0,10,157.0,160.0,33,149.0,160.0,0.0,0.0,0.0,0.0,847
2023-05-10 22:16:23,CF401P14000,CF401P14000,149.0,0.0,0.0,0.0,20,157.0,160.0,33,149.0,160.0,0.0,0.0,0.0,0.0,847
2023-05-10 22:16:27,CF401P14000,CF401P14000,149.0,0.0,0.0,0.0,10,157.0,160.0,33,149.0,160.0,0.0,0.0,0.0,0.0,847
2023-05-10 22:16:27,CF401P14000,CF401P14000,149.0,0.0,0.0,0.0,53,156.0,160.0,33,149.0,160.0,0.0,0.0,0.0,0.0,847
2023-05-10 22:16:28,CF401P14000,CF401P14000,149.0,0.0,0.0,0.0,43,156.0,160.0,33,149.0,160.0,0.0,0.0,0.0,0.0,847
2023-05-10 22:16:35,CF401P14000,CF401P14000,149.0,0.0,0.0,0.0,43,156.0,159.0,3,149.0,160.0,0.0,0.0,0.0,0.0,847
2023-05-10 22:16:42,CF401P14000,CF401P14000,149.0,0.0,0.0,0.0,23,156.0,159.0,3,149.0,160.0,0.0,0.0,0.0,0.0,847
2023-05-10 22:16:43,CF401P14000,CF401P14000,149.0,0.0,0.0,0.0,33,156.0,159.0,3,149.0,160.0,0.0,0.0,0.0,0.0,847
2023-05-10 22:16:56,CF401P14000,CF401P14000,149.0,0.0,0.0,0.0,10,157.0,159.0,3,149.0,160.0,0.0,0.0,0.0,0.0,847
2023-05-10 22:16:56,CF401P14000,CF401P14000,149.0,0.0,0.0,0.0,20,157.0,159.0,3,149.0,160.0,0.0,0.0,0.0,0.0,847
2023-05-10 22:16:58,CF401P14000,CF401P14000,149.0,0.0,0.0,0.0,43,156.0,159.0,3,149.0,160.0,0.0,0.0,0.0,0.0,847
2023-05-10 22:16:59,CF401P14000,CF401P14000,149.0,0.0,0.0,0.0,33,156.0,159.0,3,149.0,160.0,0.0,0.0,0.0,0.0,847
2023-05-10 22:17:21,CF401P14000,CF401P14000,149.0,0.0,0.0,0.0,23,156.0,159.0,3,149.0,160.0,0.0,0.0,0.0,0.0,847
2023-05-10 22:17:24,CF401P14000,CF401P14000,149.0,0.0,0.0,0.0,20,156.0,159.0,3,149.0,160.0,0.0,0.0,0.0,0.0,847
2023-05-10 22:17:26,CF401P14000,CF401P14000,149.0,0.0,0.0,0.0,20,156.0,158.0,3,149.0,160.0,0.0,0.0,0.0,0.0,847
2023-05-10 22:17:31,CF401P14000,CF401P14000,149.0,0.0,0.0,0.0,10,156.0,158.0,3,149.0,160.0,0.0,0.0,0.0,0.0,847
2023-05-10 22:17:36,CF401P14000,CF401P14000,149.0,0.0,0.0,0.0,63,155.0,158.0,3,149.0,160.0,0.0,0.0,0.0,0.0,847
2023-05-10 22:17:38,CF401P14000,CF401P14000,149.0,0.0,0.0,0.0,53,155.0,158.0,3,149.0,160.0,0.0,0.0,0.0,0.0,847
2023-05-10 22:17:39,CF401P14000,CF401P14000,149.0,0.0,0.0,0.0,43,155.0,158.0,3,149.0,160.0,0.0,0.0,0.0,0.0,847
2023-05-10 22:17:45,CF401P14000,CF401P14000,149.0,0.0,0.0,0.0,53,155.0,158.0,3,149.0,160.0,0.0,0.0,0.0,0.0,847
2023-05-10 22:17:45,CF401P14000,CF401P14000,149.0,0.0,0.0,0.0,43,155.0,158.0,3,149.0,160.0,0.0,0.0,0.0,0.0,847
2023-05-10 22:18:01,CF401P14000,CF401P14000,149.0,0.0,0.0,0.0,10,156.0,158.0,3,149.0,160.0,0.0,0.0,0.0,0.0,847
2023-05-10 22:18:27,CF401P14000,CF401P14000,149.0,0.0,0.0,0.0,63,155.0,158.0,3,149.0,160.0,0.0,0.0,0.0,0.0,847
2023-05-10 22:18:28,CF401P14000,CF401P14000,149.0,0.0,0.0,0.0,3,156.0,159.0,3,149.0,160.0,0.0,0.0,0.0,0.0,847
2023-05-10 22:18:28,CF401P14000,CF401P14000,149.0,0.0,0.0,0.0,13,156.0,159.0,3,149.0,160.0,0.0,0.0,0.0,0.0,847
2023-05-10 22:18:29,CF401P14000,CF401P14000,149.0,0.0,0.0,0.0,23,156.0,160.0,20,149.0,160.0,0.0,0.0,0.0,0.0,847
2023-05-10 22:18:29,CF401P14000,CF401P14000,149.0,0.0,0.0,0.0,23,156.0,160.0,10,149.0,160.0,0.0,0.0,0.0,0.0,847
2023-05-10 22:18:30,CF401P14000,CF401P14000,149.0,0.0,0.0,0.0,23,156.0,161.0,23,149.0,160.0,0.0,0.0,0.0,0.0,847
2023-05-10 22:18:31,CF401P14000,CF401P14000,149.0,0.0,0.0,0.0,33,156.0,160.0,23,149.0,160.0,0.0,0.0,0.0,0.0,847
2023-05-10 22:18:31,CF401P14000,CF401P14000,149.0,0.0,0.0,0.0,33,156.0,160.0,3,149.0,160.0,0.0,0.0,0.0,0.0,847
2023-05-10 22:18:32,CF401P14000,CF401P14000,149.0,0.0,0.0,0.0,3,157.0,160.0,3,149.0,160.0,0.0,0.0,0.0,0.0,847
2023-05-10 22:18:45,CF401P14000,CF401P14000,149.0,0.0,0.0,0.0,13,157.0,160.0,3,149.0,160.0,0.0,0.0,0.0,0.0,847
2023-05-10 22:18:45,CF401P14000,CF401P14000,149.0,0.0,0.0,0.0,23,157.0,160.0,3,149.0,160.0,0.0,0.0,0.0,0.0,847
2023-05-10 22:18:48,CF401P14000,CF401P14000,149.0,0.0,0.0,0.0,3,157.0,160.0,3,149.0,160.0,0.0,0.0,0.0,0.0,847
