time,symbol_id,symbol_name,last,trade_volume,trade_amount,open_interest_change,bv1,bp1,ap1,av1,yesterday_close,today_open,today_high,today_low,volume,amount,open_interest
2023-05-10 19:12:58,CF401P16000,CF401P16000,876.0,0.0,0.0,-30.0,0,0.0,0.0,0,876.0,876.0,0.0,0.0,0.0,0.0,325
2023-05-10 20:59:00,CF401P16000,CF401P16000,876.0,0.0,0.0,0.0,9,171.0,0.0,0,876.0,876.0,0.0,0.0,0.0,0.0,325
2023-05-10 21:00:00,CF401P16000,CF401P16000,876.0,0.0,0.0,0.0,10,177.0,0.0,0,876.0,876.0,0.0,0.0,0.0,0.0,325
2023-05-10 21:00:01,CF401P16000,CF401P16000,876.0,0.0,0.0,0.0,10,178.0,0.0,0,876.0,876.0,0.0,0.0,0.0,0.0,325
2023-05-10 21:00:02,CF401P16000,CF401P16000,876.0,0.0,0.0,0.0,6,179.0,0.0,0,876.0,876.0,0.0,0.0,0.0,0.0,325
2023-05-10 21:00:03,CF401P16000,CF401P16000,876.0,0.0,0.0,0.0,2,524.0,1163.0,2,876.0,876.0,0.0,0.0,0.0,0.0,325
2023-05-10 21:00:04,CF401P16000,CF401P16000,876.0,0.0,0.0,0.0,2,524.0,1157.0,10,876.0,876.0,0.0,0.0,0.0,0.0,325
2023-05-10 21:00:05,CF401P16000,CF401P16000,876.0,0.0,0.0,0.0,10,530.0,1163.0,2,876.0,876.0,0.0,0.0,0.0,0.0,325
2023-05-10 21:00:05,CF401P16000,CF401P16000,876.0,0.0,0.0,0.0,2,524.0,1151.0,10,876.0,876.0,0.0,0.0,0.0,0.0,325
2023-05-10 21:00:05,CF401P16000,CF401P16000,876.0,0.0,0.0,0.0,2,607.0,1079.0,2,876.0,876.0,0.0,0.0,0.0,0.0,325
2023-05-10 21:00:06,CF401P16000,CF401P16000,876.0,0.0,0.0,0.0,10,614.0,1067.0,10,876.0,876.0,0.0,0.0,0.0,0.0,325
2023-05-10 21:00:07,CF401P16000,CF401P16000,876.0,0.0,0.0,0.0,10,697.0,990.0,2,876.0,876.0,0.0,0.0,0.0,0.0,325
2023-05-10 21:00:07,CF401P16000,CF401P16000,876.0,0.0,0.0,0.0,10,704.0,989.0,10,876.0,876.0,0.0,0.0,0.0,0.0,325
2023-05-10 21:00:07,CF401P16000,CF401P16000,876.0,0.0,0.0,0.0,2,781.0,912.0,2,876.0,876.0,0.0,0.0,0.0,0.0,325
2023-05-10 21:00:08,CF401P16000,CF401P16000,876.0,0.0,0.0,0.0,10,782.0,911.0,10,876.0,876.0,0.0,0.0,0.0,0.0,325
2023-05-10 21:00:08,CF401P16000,CF401P16000,876.0,0.0,0.0,0.0,10,782.0,880.0,2,876.0,876.0,0.0,0.0,0.0,0.0,325
2023-05-10 21:00:09,CF401P16000,CF401P16000,876.0,0.0,0.0,0.0,10,782.0,879.0,10,876.0,876.0,0.0,0.0,0.0,0.0,325
2023-05-10 21:00:14,CF401P16000,CF401P16000,876.0,0.0,0.0,0.0,2,807.0,879.0,10,876.0,876.0,0.0,0.0,0.0,0.0,325
2023-05-10 21:00:15,CF401P16000,CF401P16000,876.0,0.0,0.0,0.0,10,808.0,879.0,10,876.0,876.0,0.0,0.0,0.0,0.0,325
2023-05-10 21:00:54,CF401P16000,CF401P16000,876.0,0.0,0.0,0.0,10,808.0,873.0,1,876.0,876.0,0.0,0.0,0.0,0.0,325
2023-05-10 21:00:55,CF401P16000,CF401P16000,876.0,0.0,0.0,0.0,10,808.0,872.0,10,876.0,876.0,0.0,0.0,0.0,0.0,325
2023-05-10 21:01:10,CF401P16000,CF401P16000,876.0,0.0,0.0,0.0,10,808.0,851.0,3,876.0,876.0,0.0,0.0,0.0,0.0,325
2023-05-10 21:01:11,CF401P16000,CF401P16000,876.0,0.0,0.0,0.0,3,836.0,851.0,3,876.0,876.0,0.0,0.0,0.0,0.0,325
2023-05-10 21:01:19,CF401P16000,CF401P16000,876.0,0.0,0.0,0.0,3,840.0,851.0,3,876.0,876.0,0.0,0.0,0.0,0.0,325
2023-05-10 21:01:23,CF401P16000,CF401P16000,876.0,0.0,0.0,0.0,3,840.0,872.0,10,876.0,876.0,0.0,0.0,0.0,0.0,325
2023-05-10 21:01:24,CF401P16000,CF401P16000,876.0,0.0,0.0,0.0,3,840.0,857.0,3,876.0,876.0,0.0,0.0,0.0,0.0,325
2023-05-10 21:01:26,CF401P16000,CF401P16000,876.0,0.0,0.0,0.0,3,844.0,857.0,3,876.0,876.0,0.0,0.0,0.0,0.0,325
2023-05-10 21:01:31,CF401P16000,CF401P16000,876.0,0.0,0.0,0.0,13,844.0,857.0,3,876.0,876.0,0.0,0.0,0.0,0.0,325
2023-05-10 21:01:31,CF401P16000,CF401P16000,876.0,0.0,0.0,0.0,3,848.0,857.0,3,876.0,876.0,0.0,0.0,0.0,0.0,325
2023-05-10 21:01:32,CF401P16000,CF401P16000,876.0,0.0,0.0,0.0,3,848.0,872.0,10,876.0,876.0,0.0,0.0,0.0,0.0,325
2023-05-10 21:01:33,CF401P16000,CF401P16000,876.0,0.0,0.0,0.0,3,848.0,861.0,3,876.0,876.0,0.0,0.0,0.0,0.0,325
2023-05-10 21:01:36,CF401P16000,CF401P16000,876.0,0.0,0.0,0.0,3,848.0,857.0,3,876.0,876.0,0.0,0.0,0.0,0.0,325
2023-05-10 21:01:53,CF401P16000,CF401P16000,876.0,0.0,0.0,0.0,3,844.0,857.0,3,876.0,876.0,0.0,0.0,0.0,0.0,325
2023-05-10 21:01:56,CF401P16000,CF401P16000,876.0,0.0,0.0,0.0,3,844.0,853.0,3,876.0,876.0,0.0,0.0,0.0,0.0,325
2023-05-10 21:02:01,CF401P16000,CF401P16000,876.0,0.0,0.0,0.0,10,839.0,853.0,3,876.0,876.0,0.0,0.0,0.0,0.0,325
2023-05-10 21:02:04,CF401P16000,CF401P16000,876.0,0.0,0.0,0.0,3,841.0,853.0,3,876.0,876.0,0.0,0.0,0.0,0.0,325
2023-05-10 21:02:05,CF401P16000,CF401P16000,876.0,0.0,0.0,0.0,13,841.0,853.0,3,876.0,876.0,0.0,0.0,0.0,0.0,325
2023-05-10 21:02:11,CF401P16000,CF401P16000,876.0,0.0,0.0,0.0,3,845.0,857.0,3,876.0,876.0,0.0,0.0,0.0,0.0,325
2023-05-10 21:02:30,CF401P16000,CF401P16000,876.0,0.0,0.0,0.0,3,845.0,872.0,10,876.0,876.0,0.0,0.0,0.0,0.0,325
2023-05-10 21:02:30,CF401P16000,CF401P16000,876.0,0.0,0.0,0.0,3,845.0,872.0,20,876.0,876.0,0.0,0.0,0.0,0.0,325
2023-05-10 21:02:31,CF401P16000,CF401P16000,876.0,0.0,0.0,0.0,3,845.0,861.0,3,876.0,876.0,0.0,0.0,0.0,0.0,325
2023-05-10 21:02:32,CF401P16000,CF401P16000,876.0,0.0,0.0,0.0,3,849.0,861.0,3,876.0,876.0,0.0,0.0,0.0,0.0,325
2023-05-10 21:02:39,CF401P16000,CF401P16000,876.0,0.0,0.0,0.0,13,849.0,861.0,3,876.0,876.0,0.0,0.0,0.0,0.0,325
2023-05-10 21:02:52,CF401P16000,CF401P16000,876.0,0.0,0.0,0.0,3,849.0,861.0,3,876.0,876.0,0.0,0.0,0.0,0.0,325
2023-05-10 21:03:03,CF401P16000,CF401P16000,876.0,0.0,0.0,0.0,13,849.0,861.0,3,876.0,876.0,0.0,0.0,0.0,0.0,325
2023-05-10 21:03:04,CF401P16000,CF401P16000,876.0,0.0,0.0,0.0,3,853.0,861.0,3,876.0,876.0,0.0,0.0,0.0,0.0,325
2023-05-10 21:03:20,CF401P16000,CF401P16000,876.0,0.0,0.0,0.0,3,849.0,861.0,3,876.0,876.0,0.0,0.0,0.0,0.0,325
2023-05-10 21:03:36,CF401P16000,CF401P16000,876.0,0.0,0.0,0.0,3,849.0,858.0,3,876.0,876.0,0.0,0.0,0.0,0.0,325
2023-05-10 21:03:37,CF401P16000,CF401P16000,876.0,0.0,0.0,0.0,20,844.0,858.0,3,876.0,876.0,0.0,0.0,0.0,0.0,325
2023-05-10 21:03:41,CF401P16000,CF401P16000,876.0,0.0,0.0,0.0,10,844.0,858.0,3,876.0,876.0,0.0,0.0,0.0,0.0,325
2023-05-10 21:03:44,CF401P16000,CF401P16000,876.0,0.0,0.0,0.0,10,845.0,858.0,3,876.0,876.0,0.0,0.0,0.0,0.0,325
2023-05-10 21:03:50,CF401P16000,CF401P16000,876.0,0.0,0.0,0.0,13,846.0,858.0,3,876.0,876.0,0.0,0.0,0.0,0.0,325
2023-05-10 21:03:50,CF401P16000,CF401P16000,876.0,0.0,0.0,0.0,10,847.0,858.0,3,876.0,876.0,0.0,0.0,0.0,0.0,325
2023-05-10 21:04:03,CF401P16000,CF401P16000,876.0,0.0,0.0,0.0,3,850.0,861.0,3,876.0,876.0,0.0,0.0,0.0,0.0,325
2023-05-10 21:04:34,CF401P16000,CF401P16000,876.0,0.0,0.0,0.0,13,846.0,861.0,3,876.0,876.0,0.0,0.0,0.0,0.0,325
2023-05-10 21:04:36,CF401P16000,CF401P16000,876.0,0.0,0.0,0.0,13,846.0,857.0,3,876.0,876.0,0.0,0.0,0.0,0.0,325
2023-05-10 21:04:44,CF401P16000,CF401P16000,876.0,0.0,0.0,0.0,3,846.0,857.0,3,876.0,876.0,0.0,0.0,0.0,0.0,325
2023-05-10 21:05:07,CF401P16000,CF401P16000,876.0,0.0,0.0,0.0,10,843.0,854.0,3,876.0,876.0,0.0,0.0,0.0,0.0,325
2023-05-10 21:05:10,CF401P16000,CF401P16000,876.0,0.0,0.0,0.0,13,840.0,854.0,3,876.0,876.0,0.0,0.0,0.0,0.0,325
2023-05-10 21:05:12,CF401P16000,CF401P16000,876.0,0.0,0.0,0.0,10,841.0,854.0,3,876.0,876.0,0.0,0.0,0.0,0.0,325
2023-05-10 21:05:21,CF401P16000,CF401P16000,876.0,0.0,0.0,0.0,13,840.0,854.0,13,876.0,876.0,0.0,0.0,0.0,0.0,325
2023-05-10 21:05:22,CF401P16000,CF401P16000,876.0,0.0,0.0,0.0,13,840.0,851.0,3,876.0,876.0,0.0,0.0,0.0,0.0,325
2023-05-10 21:05:24,CF401P16000,CF401P16000,876.0,0.0,0.0,0.0,3,840.0,851.0,3,876.0,876.0,0.0,0.0,0.0,0.0,325
2023-05-10 21:05:32,CF401P16000,CF401P16000,876.0,0.0,0.0,0.0,23,840.0,851.0,3,876.0,876.0,0.0,0.0,0.0,0.0,325
2023-05-10 21:05:38,CF401P16000,CF401P16000,876.0,0.0,0.0,0.0,43,840.0,854.0,3,876.0,876.0,0.0,0.0,0.0,0.0,325
2023-05-10 21:05:42,CF401P16000,CF401P16000,876.0,0.0,0.0,0.0,33,840.0,854.0,3,876.0,876.0,0.0,0.0,0.0,0.0,325
2023-05-10 21:05:55,CF401P16000,CF401P16000,876.0,0.0,0.0,0.0,43,840.0,854.0,3,876.0,876.0,0.0,0.0,0.0,0.0,325
2023-05-10 21:06:02,CF401P16000,CF401P16000,876.0,0.0,0.0,0.0,3,843.0,854.0,3,876.0,876.0,0.0,0.0,0.0,0.0,325
2023-05-10 21:06:21,CF401P16000,CF401P16000,876.0,0.0,0.0,0.0,13,843.0,854.0,3,876.0,876.0,0.0,0.0,0.0,0.0,325
2023-05-10 21:06:30,CF401P16000,CF401P16000,876.0,0.0,0.0,0.0,23,843.0,854.0,3,876.0,876.0,0.0,0.0,0.0,0.0,325
2023-05-10 21:06:31,CF401P16000,CF401P16000,876.0,0.0,0.0,0.0,10,845.0,854.0,3,876.0,876.0,0.0,0.0,0.0,0.0,325
2023-05-10 21:06:32,CF401P16000,CF401P16000,876.0,0.0,0.0,0.0,10,846.0,861.0,40,876.0,876.0,0.0,0.0,0.0,0.0,325
2023-05-10 21:06:32,CF401P16000,CF401P16000,876.0,0.0,0.0,0.0,20,847.0,861.0,20,876.0,876.0,0.0,0.0,0.0,0.0,325
2023-05-10 21:06:33,CF401P16000,CF401P16000,876.0,0.0,0.0,0.0,10,847.0,861.0,20,876.0,876.0,0.0,0.0,0.0,0.0,325
2023-05-10 21:06:33,CF401P16000,CF401P16000,876.0,0.0,0.0,0.0,10,847.0,859.0,3,876.0,876.0,0.0,0.0,0.0,0.0,325
2023-05-10 21:06:36,CF401P16000,CF401P16000,876.0,0.0,0.0,0.0,20,847.0,859.0,3,876.0,876.0,0.0,0.0,0.0,0.0,325
2023-05-10 21:06:43,CF401P16000,CF401P16000,876.0,0.0,0.0,0.0,10,847.0,859.0,3,876.0,876.0,0.0,0.0,0.0,0.0,325
2023-05-10 21:06:54,CF401P16000,CF401P16000,876.0,0.0,0.0,0.0,20,847.0,859.0,3,876.0,876.0,0.0,0.0,0.0,0.0,325
2023-05-10 21:06:58,CF401P16000,CF401P16000,876.0,0.0,0.0,0.0,20,850.0,859.0,3,876.0,876.0,0.0,0.0,0.0,0.0,325
2023-05-10 21:07:02,CF401P16000,CF401P16000,876.0,0.0,0.0,0.0,3,849.0,859.0,3,876.0,876.0,0.0,0.0,0.0,0.0,325
2023-05-10 21:07:04,CF401P16000,CF401P16000,876.0,0.0,0.0,0.0,10,850.0,859.0,3,876.0,876.0,0.0,0.0,0.0,0.0,325
2023-05-10 21:07:05,CF401P16000,CF401P16000,876.0,0.0,0.0,0.0,10,851.0,859.0,3,876.0,876.0,0.0,0.0,0.0,0.0,325
2023-05-10 21:07:06,CF401P16000,CF401P16000,876.0,0.0,0.0,0.0,10,850.0,859.0,3,876.0,876.0,0.0,0.0,0.0,0.0,325
2023-05-10 21:07:08,CF401P16000,CF401P16000,876.0,0.0,0.0,0.0,10,851.0,859.0,3,876.0,876.0,0.0,0.0,0.0,0.0,325
2023-05-10 21:07:08,CF401P16000,CF401P16000,876.0,0.0,0.0,0.0,3,849.0,859.0,3,876.0,876.0,0.0,0.0,0.0,0.0,325
2023-05-10 21:07:15,CF401P16000,CF401P16000,876.0,0.0,0.0,0.0,3,849.0,856.0,10,876.0,876.0,0.0,0.0,0.0,0.0,325
2023-05-10 21:07:15,CF401P16000,CF401P16000,876.0,0.0,0.0,0.0,3,846.0,856.0,10,876.0,876.0,0.0,0.0,0.0,0.0,325
2023-05-10 21:07:23,CF401P16000,CF401P16000,876.0,0.0,0.0,0.0,10,847.0,856.0,10,876.0,876.0,0.0,0.0,0.0,0.0,325
2023-05-10 21:07:24,CF401P16000,CF401P16000,876.0,0.0,0.0,0.0,13,846.0,856.0,10,876.0,876.0,0.0,0.0,0.0,0.0,325
2023-05-10 21:07:27,CF401P16000,CF401P16000,876.0,0.0,0.0,0.0,3,846.0,856.0,10,876.0,876.0,0.0,0.0,0.0,0.0,325
2023-05-10 21:07:45,CF401P16000,CF401P16000,876.0,0.0,0.0,0.0,13,846.0,856.0,10,876.0,876.0,0.0,0.0,0.0,0.0,325
2023-05-10 21:07:46,CF401P16000,CF401P16000,876.0,0.0,0.0,0.0,10,847.0,856.0,10,876.0,876.0,0.0,0.0,0.0,0.0,325
2023-05-10 21:07:55,CF401P16000,CF401P16000,876.0,0.0,0.0,0.0,10,848.0,858.0,20,876.0,876.0,0.0,0.0,0.0,0.0,325
2023-05-10 21:07:55,CF401P16000,CF401P16000,876.0,0.0,0.0,0.0,20,847.0,859.0,13,876.0,876.0,0.0,0.0,0.0,0.0,325
2023-05-10 21:07:57,CF401P16000,CF401P16000,876.0,0.0,0.0,0.0,10,848.0,859.0,13,876.0,876.0,0.0,0.0,0.0,0.0,325
2023-05-10 21:08:05,CF401P16000,CF401P16000,876.0,0.0,0.0,0.0,10,850.0,859.0,13,876.0,876.0,0.0,0.0,0.0,0.0,325
2023-05-10 21:08:05,CF401P16000,CF401P16000,876.0,0.0,0.0,0.0,20,849.0,859.0,13,876.0,876.0,0.0,0.0,0.0,0.0,325
2023-05-10 21:08:09,CF401P16000,CF401P16000,876.0,0.0,0.0,0.0,10,850.0,859.0,13,876.0,876.0,0.0,0.0,0.0,0.0,325
2023-05-10 21:08:10,CF401P16000,CF401P16000,876.0,0.0,0.0,0.0,10,851.0,859.0,3,876.0,876.0,0.0,0.0,0.0,0.0,325
2023-05-10 21:08:13,CF401P16000,CF401P16000,876.0,0.0,0.0,0.0,10,852.0,861.0,10,876.0,876.0,0.0,0.0,0.0,0.0,325
2023-05-10 21:08:13,CF401P16000,CF401P16000,876.0,0.0,0.0,0.0,10,852.0,863.0,10,876.0,876.0,0.0,0.0,0.0,0.0,325
2023-05-10 21:08:14,CF401P16000,CF401P16000,876.0,0.0,0.0,0.0,10,855.0,863.0,10,876.0,876.0,0.0,0.0,0.0,0.0,325
2023-05-10 21:08:16,CF401P16000,CF401P16000,876.0,0.0,0.0,0.0,3,853.0,863.0,10,876.0,876.0,0.0,0.0,0.0,0.0,325
2023-05-10 21:08:26,CF401P16000,CF401P16000,876.0,0.0,0.0,0.0,13,853.0,863.0,10,876.0,876.0,0.0,0.0,0.0,0.0,325
2023-05-10 21:08:26,CF401P16000,CF401P16000,876.0,0.0,0.0,0.0,23,853.0,864.0,23,876.0,876.0,0.0,0.0,0.0,0.0,325
2023-05-10 21:08:28,CF401P16000,CF401P16000,876.0,0.0,0.0,0.0,10,855.0,864.0,23,876.0,876.0,0.0,0.0,0.0,0.0,325
2023-05-10 21:08:29,CF401P16000,CF401P16000,876.0,0.0,0.0,0.0,33,853.0,864.0,23,876.0,876.0,0.0,0.0,0.0,0.0,325
2023-05-10 21:08:33,CF401P16000,CF401P16000,876.0,0.0,0.0,0.0,23,853.0,863.0,10,876.0,876.0,0.0,0.0,0.0,0.0,325
2023-05-10 21:08:36,CF401P16000,CF401P16000,876.0,0.0,0.0,0.0,13,853.0,863.0,10,876.0,876.0,0.0,0.0,0.0,0.0,325
2023-05-10 21:08:40,CF401P16000,CF401P16000,876.0,0.0,0.0,0.0,3,853.0,863.0,10,876.0,876.0,0.0,0.0,0.0,0.0,325
2023-05-10 21:08:43,CF401P16000,CF401P16000,876.0,0.0,0.0,0.0,13,853.0,863.0,10,876.0,876.0,0.0,0.0,0.0,0.0,325
2023-05-10 21:08:44,CF401P16000,CF401P16000,876.0,0.0,0.0,0.0,3,853.0,863.0,10,876.0,876.0,0.0,0.0,0.0,0.0,325
2023-05-10 21:08:47,CF401P16000,CF401P16000,876.0,0.0,0.0,0.0,23,853.0,864.0,23,876.0,876.0,0.0,0.0,0.0,0.0,325
2023-05-10 21:08:48,CF401P16000,CF401P16000,876.0,0.0,0.0,0.0,10,855.0,864.0,23,876.0,876.0,0.0,0.0,0.0,0.0,325
2023-05-10 21:08:50,CF401P16000,CF401P16000,876.0,0.0,0.0,0.0,3,853.0,863.0,10,876.0,876.0,0.0,0.0,0.0,0.0,325
2023-05-10 21:08:57,CF401P16000,CF401P16000,876.0,0.0,0.0,0.0,13,853.0,864.0,13,876.0,876.0,0.0,0.0,0.0,0.0,325
2023-05-10 21:09:02,CF401P16000,CF401P16000,876.0,0.0,0.0,0.0,10,854.0,864.0,13,876.0,876.0,0.0,0.0,0.0,0.0,325
2023-05-10 21:09:07,CF401P16000,CF401P16000,876.0,0.0,0.0,0.0,10,855.0,864.0,13,876.0,876.0,0.0,0.0,0.0,0.0,325
2023-05-10 21:09:07,CF401P16000,CF401P16000,876.0,0.0,0.0,0.0,20,855.0,864.0,13,876.0,876.0,0.0,0.0,0.0,0.0,325
2023-05-10 21:09:08,CF401P16000,CF401P16000,876.0,0.0,0.0,0.0,10,856.0,864.0,3,876.0,876.0,0.0,0.0,0.0,0.0,325
2023-05-10 21:09:08,CF401P16000,CF401P16000,876.0,0.0,0.0,0.0,10,857.0,864.0,3,876.0,876.0,0.0,0.0,0.0,0.0,325
2023-05-10 21:09:20,CF401P16000,CF401P16000,876.0,0.0,0.0,0.0,10,860.0,869.0,30,876.0,876.0,0.0,0.0,0.0,0.0,325
2023-05-10 21:09:20,CF401P16000,CF401P16000,876.0,0.0,0.0,0.0,10,860.0,869.0,10,876.0,876.0,0.0,0.0,0.0,0.0,325
2023-05-10 21:09:21,CF401P16000,CF401P16000,876.0,0.0,0.0,0.0,10,858.0,869.0,13,876.0,876.0,0.0,0.0,0.0,0.0,325
2023-05-10 21:09:22,CF401P16000,CF401P16000,876.0,0.0,0.0,0.0,10,858.0,869.0,23,876.0,876.0,0.0,0.0,0.0,0.0,325
2023-05-10 21:09:23,CF401P16000,CF401P16000,876.0,0.0,0.0,0.0,20,857.0,869.0,23,876.0,876.0,0.0,0.0,0.0,0.0,325
2023-05-10 21:09:24,CF401P16000,CF401P16000,876.0,0.0,0.0,0.0,10,858.0,869.0,23,876.0,876.0,0.0,0.0,0.0,0.0,325
2023-05-10 21:09:25,CF401P16000,CF401P16000,876.0,0.0,0.0,0.0,10,860.0,869.0,23,876.0,876.0,0.0,0.0,0.0,0.0,325
2023-05-10 21:09:30,CF401P16000,CF401P16000,876.0,0.0,0.0,0.0,10,858.0,869.0,23,876.0,876.0,0.0,0.0,0.0,0.0,325
2023-05-10 21:09:30,CF401P16000,CF401P16000,876.0,0.0,0.0,0.0,30,857.0,869.0,23,876.0,876.0,0.0,0.0,0.0,0.0,325
2023-05-10 21:09:31,CF401P16000,CF401P16000,876.0,0.0,0.0,0.0,10,857.0,869.0,23,876.0,876.0,0.0,0.0,0.0,0.0,325
2023-05-10 21:09:32,CF401P16000,CF401P16000,876.0,0.0,0.0,0.0,30,855.0,869.0,13,876.0,876.0,0.0,0.0,0.0,0.0,325
2023-05-10 21:09:32,CF401P16000,CF401P16000,876.0,0.0,0.0,0.0,10,856.0,869.0,13,876.0,876.0,0.0,0.0,0.0,0.0,325
2023-05-10 21:09:33,CF401P16000,CF401P16000,876.0,0.0,0.0,0.0,10,857.0,869.0,13,876.0,876.0,0.0,0.0,0.0,0.0,325
2023-05-10 21:09:36,CF401P16000,CF401P16000,876.0,0.0,0.0,0.0,10,858.0,869.0,13,876.0,876.0,0.0,0.0,0.0,0.0,325
2023-05-10 21:09:36,CF401P16000,CF401P16000,876.0,0.0,0.0,0.0,10,857.0,869.0,13,876.0,876.0,0.0,0.0,0.0,0.0,325
2023-05-10 21:09:38,CF401P16000,CF401P16000,876.0,0.0,0.0,0.0,10,856.0,869.0,13,876.0,876.0,0.0,0.0,0.0,0.0,325
2023-05-10 21:09:39,CF401P16000,CF401P16000,876.0,0.0,0.0,0.0,10,857.0,869.0,13,876.0,876.0,0.0,0.0,0.0,0.0,325
2023-05-10 21:09:40,CF401P16000,CF401P16000,876.0,0.0,0.0,0.0,10,858.0,869.0,13,876.0,876.0,0.0,0.0,0.0,0.0,325
2023-05-10 21:09:43,CF401P16000,CF401P16000,876.0,0.0,0.0,0.0,10,857.0,869.0,13,876.0,876.0,0.0,0.0,0.0,0.0,325
2023-05-10 21:09:46,CF401P16000,CF401P16000,876.0,0.0,0.0,0.0,20,857.0,869.0,23,876.0,876.0,0.0,0.0,0.0,0.0,325
2023-05-10 21:09:49,CF401P16000,CF401P16000,876.0,0.0,0.0,0.0,10,858.0,869.0,23,876.0,876.0,0.0,0.0,0.0,0.0,325
2023-05-10 21:09:49,CF401P16000,CF401P16000,876.0,0.0,0.0,0.0,10,860.0,869.0,23,876.0,876.0,0.0,0.0,0.0,0.0,325
2023-05-10 21:09:50,CF401P16000,CF401P16000,876.0,0.0,0.0,0.0,10,858.0,869.0,23,876.0,876.0,0.0,0.0,0.0,0.0,325
2023-05-10 21:09:54,CF401P16000,CF401P16000,876.0,0.0,0.0,0.0,20,857.0,869.0,23,876.0,876.0,0.0,0.0,0.0,0.0,325
2023-05-10 21:10:04,CF401P16000,CF401P16000,876.0,0.0,0.0,0.0,20,857.0,868.0,10,876.0,876.0,0.0,0.0,0.0,0.0,325
2023-05-10 21:10:06,CF401P16000,CF401P16000,876.0,0.0,0.0,0.0,10,857.0,868.0,10,876.0,876.0,0.0,0.0,0.0,0.0,325
2023-05-10 21:10:09,CF401P16000,CF401P16000,876.0,0.0,0.0,0.0,10,858.0,868.0,10,876.0,876.0,0.0,0.0,0.0,0.0,325
2023-05-10 21:10:10,CF401P16000,CF401P16000,876.0,0.0,0.0,0.0,10,857.0,868.0,10,876.0,876.0,0.0,0.0,0.0,0.0,325
2023-05-10 21:10:19,CF401P16000,CF401P16000,876.0,0.0,0.0,0.0,10,857.0,868.0,20,876.0,876.0,0.0,0.0,0.0,0.0,325
2023-05-10 21:10:28,CF401P16000,CF401P16000,876.0,0.0,0.0,0.0,10,858.0,868.0,10,876.0,876.0,0.0,0.0,0.0,0.0,325
2023-05-10 21:10:28,CF401P16000,CF401P16000,876.0,0.0,0.0,0.0,10,858.0,869.0,33,876.0,876.0,0.0,0.0,0.0,0.0,325
2023-05-10 21:10:29,CF401P16000,CF401P16000,876.0,0.0,0.0,0.0,10,857.0,869.0,33,876.0,876.0,0.0,0.0,0.0,0.0,325
2023-05-10 21:10:30,CF401P16000,CF401P16000,876.0,0.0,0.0,0.0,10,858.0,869.0,33,876.0,876.0,0.0,0.0,0.0,0.0,325
2023-05-10 21:10:30,CF401P16000,CF401P16000,876.0,0.0,0.0,0.0,10,857.0,869.0,33,876.0,876.0,0.0,0.0,0.0,0.0,325
2023-05-10 21:10:32,CF401P16000,CF401P16000,876.0,0.0,0.0,0.0,10,858.0,869.0,33,876.0,876.0,0.0,0.0,0.0,0.0,325
2023-05-10 21:10:33,CF401P16000,CF401P16000,876.0,0.0,0.0,0.0,10,857.0,869.0,33,876.0,876.0,0.0,0.0,0.0,0.0,325
2023-05-10 21:10:38,CF401P16000,CF401P16000,876.0,0.0,0.0,0.0,10,857.0,867.0,10,876.0,876.0,0.0,0.0,0.0,0.0,325
2023-05-10 21:10:41,CF401P16000,CF401P16000,876.0,0.0,0.0,0.0,20,857.0,867.0,10,876.0,876.0,0.0,0.0,0.0,0.0,325
2023-05-10 21:10:42,CF401P16000,CF401P16000,876.0,0.0,0.0,0.0,10,857.0,867.0,10,876.0,876.0,0.0,0.0,0.0,0.0,325
2023-05-10 21:10:43,CF401P16000,CF401P16000,876.0,0.0,0.0,0.0,20,857.0,869.0,33,876.0,876.0,0.0,0.0,0.0,0.0,325
2023-05-10 21:10:49,CF401P16000,CF401P16000,876.0,0.0,0.0,0.0,10,857.0,869.0,33,876.0,876.0,0.0,0.0,0.0,0.0,325
2023-05-10 21:10:51,CF401P16000,CF401P16000,876.0,0.0,0.0,0.0,20,857.0,869.0,33,876.0,876.0,0.0,0.0,0.0,0.0,325
2023-05-10 21:10:52,CF401P16000,CF401P16000,876.0,0.0,0.0,0.0,10,857.0,869.0,33,876.0,876.0,0.0,0.0,0.0,0.0,325
2023-05-10 21:10:54,CF401P16000,CF401P16000,876.0,0.0,0.0,0.0,10,861.0,869.0,13,876.0,876.0,0.0,0.0,0.0,0.0,325
2023-05-10 21:10:55,CF401P16000,CF401P16000,876.0,0.0,0.0,0.0,20,858.0,869.0,13,876.0,876.0,0.0,0.0,0.0,0.0,325
2023-05-10 21:10:55,CF401P16000,CF401P16000,876.0,0.0,0.0,0.0,10,861.0,869.0,13,876.0,876.0,0.0,0.0,0.0,0.0,325
2023-05-10 21:10:55,CF401P16000,CF401P16000,876.0,0.0,0.0,0.0,10,859.0,869.0,13,876.0,876.0,0.0,0.0,0.0,0.0,325
2023-05-10 21:10:56,CF401P16000,CF401P16000,876.0,0.0,0.0,0.0,20,859.0,869.0,13,876.0,876.0,0.0,0.0,0.0,0.0,325
2023-05-10 21:10:56,CF401P16000,CF401P16000,876.0,0.0,0.0,0.0,10,859.0,869.0,13,876.0,876.0,0.0,0.0,0.0,0.0,325
2023-05-10 21:10:59,CF401P16000,CF401P16000,876.0,0.0,0.0,0.0,10,858.0,869.0,13,876.0,876.0,0.0,0.0,0.0,0.0,325
2023-05-10 21:11:00,CF401P16000,CF401P16000,876.0,0.0,0.0,0.0,10,859.0,869.0,13,876.0,876.0,0.0,0.0,0.0,0.0,325
2023-05-10 21:11:05,CF401P16000,CF401P16000,876.0,0.0,0.0,0.0,10,858.0,869.0,13,876.0,876.0,0.0,0.0,0.0,0.0,325
2023-05-10 21:11:17,CF401P16000,CF401P16000,876.0,0.0,0.0,0.0,10,859.0,869.0,13,876.0,876.0,0.0,0.0,0.0,0.0,325
2023-05-10 21:11:22,CF401P16000,CF401P16000,876.0,0.0,0.0,0.0,10,858.0,869.0,23,876.0,876.0,0.0,0.0,0.0,0.0,325
2023-05-10 21:11:29,CF401P16000,CF401P16000,876.0,0.0,0.0,0.0,20,858.0,869.0,23,876.0,876.0,0.0,0.0,0.0,0.0,325
2023-05-10 21:11:29,CF401P16000,CF401P16000,876.0,0.0,0.0,0.0,10,858.0,869.0,23,876.0,876.0,0.0,0.0,0.0,0.0,325
2023-05-10 21:11:48,CF401P16000,CF401P16000,876.0,0.0,0.0,0.0,10,859.0,869.0,13,876.0,876.0,0.0,0.0,0.0,0.0,325
2023-05-10 21:11:48,CF401P16000,CF401P16000,876.0,0.0,0.0,0.0,10,858.0,869.0,13,876.0,876.0,0.0,0.0,0.0,0.0,325
2023-05-10 21:11:49,CF401P16000,CF401P16000,876.0,0.0,0.0,0.0,10,859.0,869.0,13,876.0,876.0,0.0,0.0,0.0,0.0,325
2023-05-10 21:11:56,CF401P16000,CF401P16000,876.0,0.0,0.0,0.0,10,862.0,873.0,1,876.0,876.0,0.0,0.0,0.0,0.0,325
2023-05-10 21:11:56,CF401P16000,CF401P16000,876.0,0.0,0.0,0.0,10,865.0,872.0,10,876.0,876.0,0.0,0.0,0.0,0.0,325
2023-05-10 21:11:57,CF401P16000,CF401P16000,876.0,0.0,0.0,0.0,20,862.0,873.0,1,876.0,876.0,0.0,0.0,0.0,0.0,325
2023-05-10 21:11:57,CF401P16000,CF401P16000,876.0,0.0,0.0,0.0,30,862.0,873.0,1,876.0,876.0,0.0,0.0,0.0,0.0,325
2023-05-10 21:11:58,CF401P16000,CF401P16000,876.0,0.0,0.0,0.0,10,865.0,873.0,1,876.0,876.0,0.0,0.0,0.0,0.0,325
2023-05-10 21:11:58,CF401P16000,CF401P16000,876.0,0.0,0.0,0.0,20,865.0,873.0,1,876.0,876.0,0.0,0.0,0.0,0.0,325
2023-05-10 21:11:59,CF401P16000,CF401P16000,876.0,0.0,0.0,0.0,20,865.0,874.0,10,876.0,876.0,0.0,0.0,0.0,0.0,325
2023-05-10 21:12:01,CF401P16000,CF401P16000,876.0,0.0,0.0,0.0,10,865.0,874.0,10,876.0,876.0,0.0,0.0,0.0,0.0,325
2023-05-10 21:12:02,CF401P16000,CF401P16000,876.0,0.0,0.0,0.0,10,865.0,874.0,20,876.0,876.0,0.0,0.0,0.0,0.0,325
2023-05-10 21:12:09,CF401P16000,CF401P16000,876.0,0.0,0.0,0.0,10,865.0,873.0,3,876.0,876.0,0.0,0.0,0.0,0.0,325
2023-05-10 21:12:09,CF401P16000,CF401P16000,876.0,0.0,0.0,0.0,13,862.0,872.0,10,876.0,876.0,0.0,0.0,0.0,0.0,325
2023-05-10 21:12:09,CF401P16000,CF401P16000,876.0,0.0,0.0,0.0,10,863.0,872.0,10,876.0,876.0,0.0,0.0,0.0,0.0,325
2023-05-10 21:12:10,CF401P16000,CF401P16000,876.0,0.0,0.0,0.0,13,862.0,872.0,10,876.0,876.0,0.0,0.0,0.0,0.0,325
2023-05-10 21:12:11,CF401P16000,CF401P16000,876.0,0.0,0.0,0.0,3,862.0,872.0,10,876.0,876.0,0.0,0.0,0.0,0.0,325
2023-05-10 21:12:11,CF401P16000,CF401P16000,876.0,0.0,0.0,0.0,3,862.0,873.0,13,876.0,876.0,0.0,0.0,0.0,0.0,325
2023-05-10 21:12:11,CF401P16000,CF401P16000,876.0,0.0,0.0,0.0,3,862.0,873.0,23,876.0,876.0,0.0,0.0,0.0,0.0,325
2023-05-10 21:12:12,CF401P16000,CF401P16000,876.0,0.0,0.0,0.0,3,862.0,873.0,13,876.0,876.0,0.0,0.0,0.0,0.0,325
2023-05-10 21:12:14,CF401P16000,CF401P16000,876.0,0.0,0.0,0.0,3,862.0,872.0,10,876.0,876.0,0.0,0.0,0.0,0.0,325
2023-05-10 21:12:14,CF401P16000,CF401P16000,876.0,0.0,0.0,0.0,3,862.0,873.0,13,876.0,876.0,0.0,0.0,0.0,0.0,325
2023-05-10 21:12:18,CF401P16000,CF401P16000,876.0,0.0,0.0,0.0,3,862.0,871.0,10,876.0,876.0,0.0,0.0,0.0,0.0,325
2023-05-10 21:12:27,CF401P16000,CF401P16000,876.0,0.0,0.0,0.0,3,862.0,873.0,13,876.0,876.0,0.0,0.0,0.0,0.0,325
2023-05-10 21:12:28,CF401P16000,CF401P16000,876.0,0.0,0.0,0.0,10,863.0,873.0,3,876.0,876.0,0.0,0.0,0.0,0.0,325
2023-05-10 21:12:33,CF401P16000,CF401P16000,876.0,0.0,0.0,0.0,10,863.0,873.0,13,876.0,876.0,0.0,0.0,0.0,0.0,325
2023-05-10 21:12:38,CF401P16000,CF401P16000,876.0,0.0,0.0,0.0,20,863.0,873.0,13,876.0,876.0,0.0,0.0,0.0,0.0,325
2023-05-10 21:12:43,CF401P16000,CF401P16000,876.0,0.0,0.0,0.0,10,863.0,873.0,13,876.0,876.0,0.0,0.0,0.0,0.0,325
2023-05-10 21:12:45,CF401P16000,CF401P16000,876.0,0.0,0.0,0.0,20,863.0,873.0,13,876.0,876.0,0.0,0.0,0.0,0.0,325
2023-05-10 21:12:45,CF401P16000,CF401P16000,876.0,0.0,0.0,0.0,10,863.0,873.0,3,876.0,876.0,0.0,0.0,0.0,0.0,325
2023-05-10 21:12:59,CF401P16000,CF401P16000,876.0,0.0,0.0,0.0,3,862.0,873.0,13,876.0,876.0,0.0,0.0,0.0,0.0,325
2023-05-10 21:13:09,CF401P16000,CF401P16000,876.0,0.0,0.0,0.0,10,863.0,873.0,3,876.0,876.0,0.0,0.0,0.0,0.0,325
2023-05-10 21:13:09,CF401P16000,CF401P16000,876.0,0.0,0.0,0.0,20,863.0,873.0,3,876.0,876.0,0.0,0.0,0.0,0.0,325
2023-05-10 21:13:14,CF401P16000,CF401P16000,876.0,0.0,0.0,0.0,10,864.0,873.0,3,876.0,876.0,0.0,0.0,0.0,0.0,325
2023-05-10 21:13:23,CF401P16000,CF401P16000,876.0,0.0,0.0,0.0,10,868.0,873.0,3,876.0,876.0,0.0,0.0,0.0,0.0,325
2023-05-10 21:13:26,CF401P16000,CF401P16000,876.0,0.0,0.0,0.0,10,868.0,875.0,10,876.0,876.0,0.0,0.0,0.0,0.0,325
2023-05-10 21:13:30,CF401P16000,CF401P16000,876.0,0.0,0.0,0.0,10,868.0,876.0,13,876.0,876.0,0.0,0.0,0.0,0.0,325
2023-05-10 21:13:30,CF401P16000,CF401P16000,876.0,0.0,0.0,0.0,10,871.0,876.0,3,876.0,876.0,0.0,0.0,0.0,0.0,325
2023-05-10 21:13:31,CF401P16000,CF401P16000,876.0,0.0,0.0,0.0,33,866.0,876.0,3,876.0,876.0,0.0,0.0,0.0,0.0,325
2023-05-10 21:13:40,CF401P16000,CF401P16000,876.0,0.0,0.0,0.0,23,866.0,876.0,3,876.0,876.0,0.0,0.0,0.0,0.0,325
2023-05-10 21:13:40,CF401P16000,CF401P16000,876.0,0.0,0.0,0.0,13,866.0,876.0,3,876.0,876.0,0.0,0.0,0.0,0.0,325
2023-05-10 21:13:46,CF401P16000,CF401P16000,876.0,0.0,0.0,0.0,10,867.0,876.0,3,876.0,876.0,0.0,0.0,0.0,0.0,325
2023-05-10 21:13:48,CF401P16000,CF401P16000,876.0,0.0,0.0,0.0,10,868.0,876.0,3,876.0,876.0,0.0,0.0,0.0,0.0,325
2023-05-10 21:14:08,CF401P16000,CF401P16000,876.0,0.0,0.0,0.0,13,866.0,876.0,3,876.0,876.0,0.0,0.0,0.0,0.0,325
2023-05-10 21:14:09,CF401P16000,CF401P16000,876.0,0.0,0.0,0.0,3,866.0,875.0,20,876.0,876.0,0.0,0.0,0.0,0.0,325
2023-05-10 21:14:09,CF401P16000,CF401P16000,876.0,0.0,0.0,0.0,13,862.0,875.0,20,876.0,876.0,0.0,0.0,0.0,0.0,325
2023-05-10 21:14:10,CF401P16000,CF401P16000,876.0,0.0,0.0,0.0,10,865.0,875.0,20,876.0,876.0,0.0,0.0,0.0,0.0,325
2023-05-10 21:14:16,CF401P16000,CF401P16000,876.0,0.0,0.0,0.0,10,864.0,875.0,20,876.0,876.0,0.0,0.0,0.0,0.0,325
2023-05-10 21:14:17,CF401P16000,CF401P16000,876.0,0.0,0.0,0.0,3,862.0,873.0,10,876.0,876.0,0.0,0.0,0.0,0.0,325
2023-05-10 21:14:18,CF401P16000,CF401P16000,876.0,0.0,0.0,0.0,10,864.0,874.0,20,876.0,876.0,0.0,0.0,0.0,0.0,325
2023-05-10 21:14:19,CF401P16000,CF401P16000,876.0,0.0,0.0,0.0,23,862.0,874.0,30,876.0,876.0,0.0,0.0,0.0,0.0,325
2023-05-10 21:14:20,CF401P16000,CF401P16000,876.0,0.0,0.0,0.0,23,862.0,874.0,20,876.0,876.0,0.0,0.0,0.0,0.0,325
2023-05-10 21:14:22,CF401P16000,CF401P16000,876.0,0.0,0.0,0.0,23,862.0,874.0,10,876.0,876.0,0.0,0.0,0.0,0.0,325
2023-05-10 21:14:25,CF401P16000,CF401P16000,876.0,0.0,0.0,0.0,23,862.0,874.0,20,876.0,876.0,0.0,0.0,0.0,0.0,325
2023-05-10 21:14:27,CF401P16000,CF401P16000,876.0,0.0,0.0,0.0,13,862.0,874.0,20,876.0,876.0,0.0,0.0,0.0,0.0,325
2023-05-10 21:14:27,CF401P16000,CF401P16000,876.0,0.0,0.0,0.0,23,862.0,874.0,30,876.0,876.0,0.0,0.0,0.0,0.0,325
2023-05-10 21:14:28,CF401P16000,CF401P16000,876.0,0.0,0.0,0.0,13,862.0,874.0,30,876.0,876.0,0.0,0.0,0.0,0.0,325
2023-05-10 21:14:31,CF401P16000,CF401P16000,876.0,0.0,0.0,0.0,10,863.0,874.0,30,876.0,876.0,0.0,0.0,0.0,0.0,325
2023-05-10 21:14:43,CF401P16000,CF401P16000,876.0,0.0,0.0,0.0,10,863.0,874.0,20,876.0,876.0,0.0,0.0,0.0,0.0,325
2023-05-10 21:14:48,CF401P16000,CF401P16000,876.0,0.0,0.0,0.0,10,866.0,874.0,10,876.0,876.0,0.0,0.0,0.0,0.0,325
2023-05-10 21:14:52,CF401P16000,CF401P16000,876.0,0.0,0.0,0.0,10,865.0,874.0,10,876.0,876.0,0.0,0.0,0.0,0.0,325
2023-05-10 21:15:09,CF401P16000,CF401P16000,876.0,0.0,0.0,0.0,13,862.0,873.0,13,876.0,876.0,0.0,0.0,0.0,0.0,325
2023-05-10 21:15:12,CF401P16000,CF401P16000,876.0,0.0,0.0,0.0,13,862.0,873.0,3,876.0,876.0,0.0,0.0,0.0,0.0,325
2023-05-10 21:15:17,CF401P16000,CF401P16000,876.0,0.0,0.0,0.0,10,863.0,873.0,3,876.0,876.0,0.0,0.0,0.0,0.0,325
2023-05-10 21:15:18,CF401P16000,CF401P16000,876.0,0.0,0.0,0.0,13,862.0,873.0,3,876.0,876.0,0.0,0.0,0.0,0.0,325
2023-05-10 21:15:20,CF401P16000,CF401P16000,876.0,0.0,0.0,0.0,10,863.0,873.0,3,876.0,876.0,0.0,0.0,0.0,0.0,325
2023-05-10 21:15:29,CF401P16000,CF401P16000,876.0,0.0,0.0,0.0,10,865.0,873.0,3,876.0,876.0,0.0,0.0,0.0,0.0,325
2023-05-10 21:15:50,CF401P16000,CF401P16000,876.0,0.0,0.0,0.0,10,866.0,875.0,10,876.0,876.0,0.0,0.0,0.0,0.0,325
2023-05-10 21:15:51,CF401P16000,CF401P16000,876.0,0.0,0.0,0.0,10,866.0,876.0,3,876.0,876.0,0.0,0.0,0.0,0.0,325
2023-05-10 21:16:03,CF401P16000,CF401P16000,876.0,0.0,0.0,0.0,10,869.0,876.0,3,876.0,876.0,0.0,0.0,0.0,0.0,325
2023-05-10 21:16:03,CF401P16000,CF401P16000,876.0,0.0,0.0,0.0,20,869.0,876.0,3,876.0,876.0,0.0,0.0,0.0,0.0,325
2023-05-10 21:16:09,CF401P16000,CF401P16000,876.0,0.0,0.0,0.0,10,869.0,876.0,3,876.0,876.0,0.0,0.0,0.0,0.0,325
2023-05-10 21:16:10,CF401P16000,CF401P16000,876.0,0.0,0.0,0.0,10,869.0,880.0,10,876.0,876.0,0.0,0.0,0.0,0.0,325
2023-05-10 21:16:10,CF401P16000,CF401P16000,876.0,0.0,0.0,0.0,20,869.0,880.0,10,876.0,876.0,0.0,0.0,0.0,0.0,325
2023-05-10 21:16:11,CF401P16000,CF401P16000,876.0,0.0,0.0,0.0,20,869.0,882.0,23,876.0,876.0,0.0,0.0,0.0,0.0,325
2023-05-10 21:16:14,CF401P16000,CF401P16000,876.0,0.0,0.0,0.0,10,872.0,882.0,23,876.0,876.0,0.0,0.0,0.0,0.0,325
2023-05-10 21:16:15,CF401P16000,CF401P16000,876.0,0.0,0.0,0.0,30,869.0,882.0,23,876.0,876.0,0.0,0.0,0.0,0.0,325
2023-05-10 21:16:16,CF401P16000,CF401P16000,876.0,0.0,0.0,0.0,20,869.0,882.0,23,876.0,876.0,0.0,0.0,0.0,0.0,325
2023-05-10 21:16:17,CF401P16000,CF401P16000,876.0,0.0,0.0,0.0,10,872.0,882.0,23,876.0,876.0,0.0,0.0,0.0,0.0,325
2023-05-10 21:16:30,CF401P16000,CF401P16000,876.0,0.0,0.0,0.0,10,872.0,882.0,13,876.0,876.0,0.0,0.0,0.0,0.0,325
2023-05-10 21:16:38,CF401P16000,CF401P16000,876.0,0.0,0.0,0.0,20,872.0,882.0,13,876.0,876.0,0.0,0.0,0.0,0.0,325
2023-05-10 21:16:43,CF401P16000,CF401P16000,876.0,0.0,0.0,0.0,10,872.0,882.0,13,876.0,876.0,0.0,0.0,0.0,0.0,325
2023-05-10 21:16:45,CF401P16000,CF401P16000,876.0,0.0,0.0,0.0,10,873.0,882.0,13,876.0,876.0,0.0,0.0,0.0,0.0,325
2023-05-10 21:16:45,CF401P16000,CF401P16000,876.0,0.0,0.0,0.0,10,872.0,882.0,13,876.0,876.0,0.0,0.0,0.0,0.0,325
2023-05-10 21:16:46,CF401P16000,CF401P16000,876.0,0.0,0.0,0.0,20,872.0,882.0,13,876.0,876.0,0.0,0.0,0.0,0.0,325
2023-05-10 21:16:47,CF401P16000,CF401P16000,876.0,0.0,0.0,0.0,10,872.0,882.0,13,876.0,876.0,0.0,0.0,0.0,0.0,325
2023-05-10 21:16:53,CF401P16000,CF401P16000,876.0,0.0,0.0,0.0,20,872.0,882.0,13,876.0,876.0,0.0,0.0,0.0,0.0,325
2023-05-10 21:16:56,CF401P16000,CF401P16000,876.0,0.0,0.0,0.0,10,872.0,882.0,13,876.0,876.0,0.0,0.0,0.0,0.0,325
2023-05-10 21:16:57,CF401P16000,CF401P16000,876.0,0.0,0.0,0.0,10,873.0,882.0,3,876.0,876.0,0.0,0.0,0.0,0.0,325
2023-05-10 21:16:59,CF401P16000,CF401P16000,876.0,0.0,0.0,0.0,10,874.0,882.0,3,876.0,876.0,0.0,0.0,0.0,0.0,325
2023-05-10 21:17:01,CF401P16000,CF401P16000,876.0,0.0,0.0,0.0,20,874.0,882.0,3,876.0,876.0,0.0,0.0,0.0,0.0,325
2023-05-10 21:17:11,CF401P16000,CF401P16000,876.0,0.0,0.0,0.0,10,874.0,882.0,3,876.0,876.0,0.0,0.0,0.0,0.0,325
2023-05-10 21:17:21,CF401P16000,CF401P16000,876.0,0.0,0.0,0.0,10,875.0,882.0,3,876.0,876.0,0.0,0.0,0.0,0.0,325
2023-05-10 21:17:29,CF401P16000,CF401P16000,876.0,0.0,0.0,0.0,20,874.0,882.0,3,876.0,876.0,0.0,0.0,0.0,0.0,325
2023-05-10 21:17:40,CF401P16000,CF401P16000,876.0,0.0,0.0,0.0,10,874.0,882.0,3,876.0,876.0,0.0,0.0,0.0,0.0,325
2023-05-10 21:17:49,CF401P16000,CF401P16000,876.0,0.0,0.0,0.0,10,875.0,882.0,3,876.0,876.0,0.0,0.0,0.0,0.0,325
2023-05-10 21:18:11,CF401P16000,CF401P16000,876.0,0.0,0.0,0.0,10,874.0,882.0,3,876.0,876.0,0.0,0.0,0.0,0.0,325
2023-05-10 21:18:23,CF401P16000,CF401P16000,876.0,0.0,0.0,0.0,10,875.0,882.0,3,876.0,876.0,0.0,0.0,0.0,0.0,325
2023-05-10 21:18:25,CF401P16000,CF401P16000,876.0,0.0,0.0,0.0,10,874.0,882.0,3,876.0,876.0,0.0,0.0,0.0,0.0,325
2023-05-10 21:18:54,CF401P16000,CF401P16000,876.0,0.0,0.0,0.0,13,872.0,882.0,3,876.0,876.0,0.0,0.0,0.0,0.0,325
2023-05-10 21:18:55,CF401P16000,CF401P16000,876.0,0.0,0.0,0.0,3,872.0,882.0,3,876.0,876.0,0.0,0.0,0.0,0.0,325
2023-05-10 21:19:01,CF401P16000,CF401P16000,876.0,0.0,0.0,0.0,10,873.0,882.0,3,876.0,876.0,0.0,0.0,0.0,0.0,325
2023-05-10 21:19:01,CF401P16000,CF401P16000,876.0,0.0,0.0,0.0,10,874.0,882.0,3,876.0,876.0,0.0,0.0,0.0,0.0,325
2023-05-10 21:20:06,CF401P16000,CF401P16000,876.0,0.0,0.0,0.0,13,872.0,882.0,3,876.0,876.0,0.0,0.0,0.0,0.0,325
2023-05-10 21:20:07,CF401P16000,CF401P16000,876.0,0.0,0.0,0.0,3,872.0,882.0,3,876.0,876.0,0.0,0.0,0.0,0.0,325
2023-05-10 21:20:17,CF401P16000,CF401P16000,876.0,0.0,0.0,0.0,10,871.0,882.0,3,876.0,876.0,0.0,0.0,0.0,0.0,325
2023-05-10 21:20:20,CF401P16000,CF401P16000,876.0,0.0,0.0,0.0,20,870.0,878.0,3,876.0,876.0,0.0,0.0,0.0,0.0,325
2023-05-10 21:20:20,CF401P16000,CF401P16000,876.0,0.0,0.0,0.0,10,870.0,878.0,3,876.0,876.0,0.0,0.0,0.0,0.0,325
2023-05-10 21:20:22,CF401P16000,CF401P16000,876.0,0.0,0.0,0.0,10,869.0,878.0,3,876.0,876.0,0.0,0.0,0.0,0.0,325
2023-05-10 21:20:27,CF401P16000,CF401P16000,876.0,0.0,0.0,0.0,23,868.0,878.0,3,876.0,876.0,0.0,0.0,0.0,0.0,325
2023-05-10 21:20:33,CF401P16000,CF401P16000,876.0,0.0,0.0,0.0,10,869.0,878.0,3,876.0,876.0,0.0,0.0,0.0,0.0,325
2023-05-10 21:20:48,CF401P16000,CF401P16000,876.0,0.0,0.0,0.0,20,869.0,878.0,3,876.0,876.0,0.0,0.0,0.0,0.0,325
2023-05-10 21:20:48,CF401P16000,CF401P16000,876.0,0.0,0.0,0.0,10,870.0,878.0,3,876.0,876.0,0.0,0.0,0.0,0.0,325
2023-05-10 21:20:51,CF401P16000,CF401P16000,876.0,0.0,0.0,0.0,10,871.0,878.0,3,876.0,876.0,0.0,0.0,0.0,0.0,325
2023-05-10 21:20:53,CF401P16000,CF401P16000,876.0,0.0,0.0,0.0,10,872.0,880.0,10,876.0,876.0,0.0,0.0,0.0,0.0,325
2023-05-10 21:20:54,CF401P16000,CF401P16000,876.0,0.0,0.0,0.0,20,872.0,880.0,10,876.0,876.0,0.0,0.0,0.0,0.0,325
2023-05-10 21:20:54,CF401P16000,CF401P16000,876.0,0.0,0.0,0.0,10,872.0,882.0,3,876.0,876.0,0.0,0.0,0.0,0.0,325
2023-05-10 21:20:58,CF401P16000,CF401P16000,876.0,0.0,0.0,0.0,20,872.0,882.0,3,876.0,876.0,0.0,0.0,0.0,0.0,325
2023-05-10 21:21:02,CF401P16000,CF401P16000,876.0,0.0,0.0,0.0,10,872.0,882.0,3,876.0,876.0,0.0,0.0,0.0,0.0,325
2023-05-10 21:21:03,CF401P16000,CF401P16000,876.0,0.0,0.0,0.0,20,871.0,882.0,3,876.0,876.0,0.0,0.0,0.0,0.0,325
2023-05-10 21:21:03,CF401P16000,CF401P16000,876.0,0.0,0.0,0.0,20,870.0,882.0,3,876.0,876.0,0.0,0.0,0.0,0.0,325
2023-05-10 21:21:04,CF401P16000,CF401P16000,876.0,0.0,0.0,0.0,20,870.0,882.0,13,876.0,876.0,0.0,0.0,0.0,0.0,325
2023-05-10 21:21:05,CF401P16000,CF401P16000,876.0,0.0,0.0,0.0,20,870.0,882.0,3,876.0,876.0,0.0,0.0,0.0,0.0,325
2023-05-10 21:21:10,CF401P16000,CF401P16000,876.0,0.0,0.0,0.0,20,870.0,882.0,13,876.0,876.0,0.0,0.0,0.0,0.0,325
2023-05-10 21:21:10,CF401P16000,CF401P16000,876.0,0.0,0.0,0.0,10,871.0,882.0,13,876.0,876.0,0.0,0.0,0.0,0.0,325
2023-05-10 21:21:14,CF401P16000,CF401P16000,876.0,0.0,0.0,0.0,10,871.0,882.0,3,876.0,876.0,0.0,0.0,0.0,0.0,325
2023-05-10 21:21:17,CF401P16000,CF401P16000,876.0,0.0,0.0,0.0,10,873.0,882.0,3,876.0,876.0,0.0,0.0,0.0,0.0,325
2023-05-10 21:21:18,CF401P16000,CF401P16000,876.0,0.0,0.0,0.0,10,872.0,882.0,3,876.0,876.0,0.0,0.0,0.0,0.0,325
2023-05-10 21:21:20,CF401P16000,CF401P16000,876.0,0.0,0.0,0.0,10,872.0,882.0,13,876.0,876.0,0.0,0.0,0.0,0.0,325
2023-05-10 21:21:22,CF401P16000,CF401P16000,876.0,0.0,0.0,0.0,10,872.0,882.0,3,876.0,876.0,0.0,0.0,0.0,0.0,325
2023-05-10 21:21:22,CF401P16000,CF401P16000,876.0,0.0,0.0,0.0,10,872.0,882.0,13,876.0,876.0,0.0,0.0,0.0,0.0,325
2023-05-10 21:21:27,CF401P16000,CF401P16000,876.0,0.0,0.0,0.0,10,872.0,882.0,3,876.0,876.0,0.0,0.0,0.0,0.0,325
2023-05-10 21:21:28,CF401P16000,CF401P16000,876.0,0.0,0.0,0.0,10,872.0,882.0,33,876.0,876.0,0.0,0.0,0.0,0.0,325
2023-05-10 21:21:29,CF401P16000,CF401P16000,876.0,0.0,0.0,0.0,10,870.0,882.0,43,876.0,876.0,0.0,0.0,0.0,0.0,325
2023-05-10 21:21:41,CF401P16000,CF401P16000,876.0,0.0,0.0,0.0,10,871.0,882.0,33,876.0,876.0,0.0,0.0,0.0,0.0,325
2023-05-10 21:21:48,CF401P16000,CF401P16000,876.0,0.0,0.0,0.0,10,873.0,882.0,23,876.0,876.0,0.0,0.0,0.0,0.0,325
2023-05-10 21:21:59,CF401P16000,CF401P16000,876.0,0.0,0.0,0.0,30,870.0,882.0,23,876.0,876.0,0.0,0.0,0.0,0.0,325
2023-05-10 21:21:59,CF401P16000,CF401P16000,876.0,0.0,0.0,0.0,10,871.0,882.0,23,876.0,876.0,0.0,0.0,0.0,0.0,325
2023-05-10 21:22:00,CF401P16000,CF401P16000,876.0,0.0,0.0,0.0,10,873.0,882.0,23,876.0,876.0,0.0,0.0,0.0,0.0,325
2023-05-10 21:22:00,CF401P16000,CF401P16000,876.0,0.0,0.0,0.0,10,873.0,882.0,3,876.0,876.0,0.0,0.0,0.0,0.0,325
2023-05-10 21:22:20,CF401P16000,CF401P16000,876.0,0.0,0.0,0.0,10,874.0,882.0,3,876.0,876.0,0.0,0.0,0.0,0.0,325
2023-05-10 21:22:21,CF401P16000,CF401P16000,876.0,0.0,0.0,0.0,10,875.0,882.0,3,876.0,876.0,0.0,0.0,0.0,0.0,325
2023-05-10 21:22:26,CF401P16000,CF401P16000,876.0,0.0,0.0,0.0,20,874.0,882.0,3,876.0,876.0,0.0,0.0,0.0,0.0,325
2023-05-10 21:22:27,CF401P16000,CF401P16000,876.0,0.0,0.0,0.0,10,874.0,882.0,3,876.0,876.0,0.0,0.0,0.0,0.0,325
2023-05-10 21:22:28,CF401P16000,CF401P16000,876.0,0.0,0.0,0.0,10,873.0,882.0,3,876.0,876.0,0.0,0.0,0.0,0.0,325
2023-05-10 21:22:28,CF401P16000,CF401P16000,876.0,0.0,0.0,0.0,10,875.0,882.0,3,876.0,876.0,0.0,0.0,0.0,0.0,325
2023-05-10 21:22:29,CF401P16000,CF401P16000,876.0,0.0,0.0,0.0,30,872.0,882.0,3,876.0,876.0,0.0,0.0,0.0,0.0,325
2023-05-10 21:22:29,CF401P16000,CF401P16000,876.0,0.0,0.0,0.0,20,872.0,882.0,3,876.0,876.0,0.0,0.0,0.0,0.0,325
2023-05-10 21:22:42,CF401P16000,CF401P16000,876.0,0.0,0.0,0.0,10,875.0,882.0,3,876.0,876.0,0.0,0.0,0.0,0.0,325
2023-05-10 21:23:25,CF401P16000,CF401P16000,876.0,0.0,0.0,0.0,10,874.0,882.0,3,876.0,876.0,0.0,0.0,0.0,0.0,325
2023-05-10 21:23:25,CF401P16000,CF401P16000,876.0,0.0,0.0,0.0,10,873.0,882.0,3,876.0,876.0,0.0,0.0,0.0,0.0,325
2023-05-10 21:23:26,CF401P16000,CF401P16000,876.0,0.0,0.0,0.0,40,872.0,882.0,3,876.0,876.0,0.0,0.0,0.0,0.0,325
2023-05-10 21:23:26,CF401P16000,CF401P16000,876.0,0.0,0.0,0.0,10,875.0,882.0,3,876.0,876.0,0.0,0.0,0.0,0.0,325
2023-05-10 21:23:40,CF401P16000,CF401P16000,876.0,0.0,0.0,0.0,10,873.0,882.0,13,876.0,876.0,0.0,0.0,0.0,0.0,325
2023-05-10 21:23:41,CF401P16000,CF401P16000,876.0,0.0,0.0,0.0,10,872.0,882.0,13,876.0,876.0,0.0,0.0,0.0,0.0,325
2023-05-10 21:23:53,CF401P16000,CF401P16000,876.0,0.0,0.0,0.0,10,872.0,882.0,23,876.0,876.0,0.0,0.0,0.0,0.0,325
2023-05-10 21:23:54,CF401P16000,CF401P16000,876.0,0.0,0.0,0.0,10,872.0,882.0,33,876.0,876.0,0.0,0.0,0.0,0.0,325
2023-05-10 21:24:00,CF401P16000,CF401P16000,876.0,0.0,0.0,0.0,10,872.0,882.0,23,876.0,876.0,0.0,0.0,0.0,0.0,325
2023-05-10 21:24:03,CF401P16000,CF401P16000,876.0,0.0,0.0,0.0,10,872.0,882.0,33,876.0,876.0,0.0,0.0,0.0,0.0,325
2023-05-10 21:24:03,CF401P16000,CF401P16000,876.0,0.0,0.0,0.0,3,871.0,879.0,10,876.0,876.0,0.0,0.0,0.0,0.0,325
2023-05-10 21:24:05,CF401P16000,CF401P16000,876.0,0.0,0.0,0.0,3,871.0,879.0,13,876.0,876.0,0.0,0.0,0.0,0.0,325
2023-05-10 21:24:14,CF401P16000,CF401P16000,876.0,0.0,0.0,0.0,13,868.0,879.0,13,876.0,876.0,0.0,0.0,0.0,0.0,325
2023-05-10 21:24:21,CF401P16000,CF401P16000,876.0,0.0,0.0,0.0,13,868.0,878.0,10,876.0,876.0,0.0,0.0,0.0,0.0,325
2023-05-10 21:24:22,CF401P16000,CF401P16000,876.0,0.0,0.0,0.0,23,868.0,878.0,10,876.0,876.0,0.0,0.0,0.0,0.0,325
2023-05-10 21:24:23,CF401P16000,CF401P16000,876.0,0.0,0.0,0.0,13,868.0,878.0,10,876.0,876.0,0.0,0.0,0.0,0.0,325
2023-05-10 21:24:24,CF401P16000,CF401P16000,876.0,0.0,0.0,0.0,13,868.0,876.0,20,876.0,876.0,0.0,0.0,0.0,0.0,325
2023-05-10 21:24:24,CF401P16000,CF401P16000,876.0,0.0,0.0,0.0,13,868.0,878.0,20,876.0,876.0,0.0,0.0,0.0,0.0,325
2023-05-10 21:24:25,CF401P16000,CF401P16000,876.0,0.0,0.0,0.0,23,868.0,878.0,20,876.0,876.0,0.0,0.0,0.0,0.0,325
2023-05-10 21:24:33,CF401P16000,CF401P16000,876.0,0.0,0.0,0.0,13,868.0,878.0,20,876.0,876.0,0.0,0.0,0.0,0.0,325
2023-05-10 21:24:34,CF401P16000,CF401P16000,876.0,0.0,0.0,0.0,23,868.0,878.0,20,876.0,876.0,0.0,0.0,0.0,0.0,325
2023-05-10 21:24:40,CF401P16000,CF401P16000,876.0,0.0,0.0,0.0,13,868.0,878.0,20,876.0,876.0,0.0,0.0,0.0,0.0,325
2023-05-10 21:24:40,CF401P16000,CF401P16000,876.0,0.0,0.0,0.0,23,868.0,878.0,20,876.0,876.0,0.0,0.0,0.0,0.0,325
2023-05-10 21:24:42,CF401P16000,CF401P16000,876.0,0.0,0.0,0.0,13,868.0,878.0,20,876.0,876.0,0.0,0.0,0.0,0.0,325
2023-05-10 21:24:42,CF401P16000,CF401P16000,876.0,0.0,0.0,0.0,23,868.0,878.0,20,876.0,876.0,0.0,0.0,0.0,0.0,325
2023-05-10 21:24:45,CF401P16000,CF401P16000,876.0,0.0,0.0,0.0,13,868.0,878.0,20,876.0,876.0,0.0,0.0,0.0,0.0,325
2023-05-10 21:24:53,CF401P16000,CF401P16000,876.0,0.0,0.0,0.0,13,868.0,878.0,10,876.0,876.0,0.0,0.0,0.0,0.0,325
2023-05-10 21:24:55,CF401P16000,CF401P16000,876.0,0.0,0.0,0.0,23,868.0,878.0,10,876.0,876.0,0.0,0.0,0.0,0.0,325
2023-05-10 21:25:06,CF401P16000,CF401P16000,876.0,0.0,0.0,0.0,10,869.0,878.0,10,876.0,876.0,0.0,0.0,0.0,0.0,325
2023-05-10 21:25:22,CF401P16000,CF401P16000,876.0,0.0,0.0,0.0,10,869.0,879.0,3,876.0,876.0,0.0,0.0,0.0,0.0,325
2023-05-10 21:25:26,CF401P16000,CF401P16000,876.0,0.0,0.0,0.0,20,869.0,879.0,3,876.0,876.0,0.0,0.0,0.0,0.0,325
2023-05-10 21:25:29,CF401P16000,CF401P16000,876.0,0.0,0.0,0.0,10,872.0,879.0,3,876.0,876.0,0.0,0.0,0.0,0.0,325
2023-05-10 21:25:35,CF401P16000,CF401P16000,876.0,0.0,0.0,0.0,20,869.0,879.0,3,876.0,876.0,0.0,0.0,0.0,0.0,325
2023-05-10 21:25:38,CF401P16000,CF401P16000,876.0,0.0,0.0,0.0,10,869.0,879.0,3,876.0,876.0,0.0,0.0,0.0,0.0,325
2023-05-10 21:25:39,CF401P16000,CF401P16000,876.0,0.0,0.0,0.0,10,872.0,879.0,3,876.0,876.0,0.0,0.0,0.0,0.0,325
2023-05-10 21:25:43,CF401P16000,CF401P16000,876.0,0.0,0.0,0.0,20,869.0,879.0,3,876.0,876.0,0.0,0.0,0.0,0.0,325
2023-05-10 21:25:43,CF401P16000,CF401P16000,876.0,0.0,0.0,0.0,10,870.0,879.0,3,876.0,876.0,0.0,0.0,0.0,0.0,325
2023-05-10 21:25:44,CF401P16000,CF401P16000,876.0,0.0,0.0,0.0,10,869.0,879.0,3,876.0,876.0,0.0,0.0,0.0,0.0,325
2023-05-10 21:25:45,CF401P16000,CF401P16000,876.0,0.0,0.0,0.0,10,872.0,879.0,3,876.0,876.0,0.0,0.0,0.0,0.0,325
2023-05-10 21:25:57,CF401P16000,CF401P16000,876.0,0.0,0.0,0.0,20,869.0,879.0,3,876.0,876.0,0.0,0.0,0.0,0.0,325
2023-05-10 21:25:58,CF401P16000,CF401P16000,876.0,0.0,0.0,0.0,10,869.0,879.0,3,876.0,876.0,0.0,0.0,0.0,0.0,325
2023-05-10 21:26:15,CF401P16000,CF401P16000,876.0,0.0,0.0,0.0,20,869.0,879.0,3,876.0,876.0,0.0,0.0,0.0,0.0,325
2023-05-10 21:26:18,CF401P16000,CF401P16000,876.0,0.0,0.0,0.0,10,869.0,879.0,3,876.0,876.0,0.0,0.0,0.0,0.0,325
2023-05-10 21:26:19,CF401P16000,CF401P16000,876.0,0.0,0.0,0.0,10,870.0,879.0,3,876.0,876.0,0.0,0.0,0.0,0.0,325
2023-05-10 21:26:21,CF401P16000,CF401P16000,876.0,0.0,0.0,0.0,10,869.0,879.0,3,876.0,876.0,0.0,0.0,0.0,0.0,325
2023-05-10 21:26:32,CF401P16000,CF401P16000,876.0,0.0,0.0,0.0,10,869.0,879.0,23,876.0,876.0,0.0,0.0,0.0,0.0,325
2023-05-10 21:26:33,CF401P16000,CF401P16000,876.0,0.0,0.0,0.0,10,869.0,879.0,33,876.0,876.0,0.0,0.0,0.0,0.0,325
2023-05-10 21:26:34,CF401P16000,CF401P16000,876.0,0.0,0.0,0.0,3,868.0,877.0,10,876.0,876.0,0.0,0.0,0.0,0.0,325
2023-05-10 21:26:35,CF401P16000,CF401P16000,876.0,0.0,0.0,0.0,3,868.0,877.0,20,876.0,876.0,0.0,0.0,0.0,0.0,325
2023-05-10 21:26:50,CF401P16000,CF401P16000,876.0,0.0,0.0,0.0,10,866.0,876.0,3,876.0,876.0,0.0,0.0,0.0,0.0,325
2023-05-10 21:26:51,CF401P16000,CF401P16000,876.0,0.0,0.0,0.0,20,865.0,876.0,3,876.0,876.0,0.0,0.0,0.0,0.0,325
2023-05-10 21:26:51,CF401P16000,CF401P16000,876.0,0.0,0.0,0.0,10,865.0,876.0,3,876.0,876.0,0.0,0.0,0.0,0.0,325
2023-05-10 21:26:52,CF401P16000,CF401P16000,876.0,0.0,0.0,0.0,10,866.0,876.0,3,876.0,876.0,0.0,0.0,0.0,0.0,325
2023-05-10 21:26:56,CF401P16000,CF401P16000,876.0,0.0,0.0,0.0,10,866.0,876.0,13,876.0,876.0,0.0,0.0,0.0,0.0,325
2023-05-10 21:26:56,CF401P16000,CF401P16000,876.0,0.0,0.0,0.0,23,863.0,874.0,10,876.0,876.0,0.0,0.0,0.0,0.0,325
2023-05-10 21:26:57,CF401P16000,CF401P16000,876.0,0.0,0.0,0.0,3,863.0,872.0,3,876.0,876.0,0.0,0.0,0.0,0.0,325
2023-05-10 21:26:59,CF401P16000,CF401P16000,876.0,0.0,0.0,0.0,13,863.0,872.0,3,876.0,876.0,0.0,0.0,0.0,0.0,325
2023-05-10 21:27:01,CF401P16000,CF401P16000,876.0,0.0,0.0,0.0,10,866.0,872.0,3,876.0,876.0,0.0,0.0,0.0,0.0,325
2023-05-10 21:27:05,CF401P16000,CF401P16000,876.0,0.0,0.0,0.0,10,865.0,872.0,3,876.0,876.0,0.0,0.0,0.0,0.0,325
2023-05-10 21:27:06,CF401P16000,CF401P16000,876.0,0.0,0.0,0.0,20,865.0,872.0,3,876.0,876.0,0.0,0.0,0.0,0.0,325
2023-05-10 21:27:11,CF401P16000,CF401P16000,876.0,0.0,0.0,0.0,10,865.0,872.0,3,876.0,876.0,0.0,0.0,0.0,0.0,325
2023-05-10 21:27:14,CF401P16000,CF401P16000,876.0,0.0,0.0,0.0,13,863.0,872.0,3,876.0,876.0,0.0,0.0,0.0,0.0,325
2023-05-10 21:27:24,CF401P16000,CF401P16000,876.0,0.0,0.0,0.0,3,863.0,872.0,3,876.0,876.0,0.0,0.0,0.0,0.0,325
2023-05-10 21:27:33,CF401P16000,CF401P16000,876.0,0.0,0.0,0.0,20,860.0,872.0,13,876.0,876.0,0.0,0.0,0.0,0.0,325
2023-05-10 21:27:33,CF401P16000,CF401P16000,876.0,0.0,0.0,0.0,20,860.0,871.0,20,876.0,876.0,0.0,0.0,0.0,0.0,325
2023-05-10 21:27:46,CF401P16000,CF401P16000,876.0,0.0,0.0,0.0,10,860.0,871.0,20,876.0,876.0,0.0,0.0,0.0,0.0,325
2023-05-10 21:27:47,CF401P16000,CF401P16000,876.0,0.0,0.0,0.0,20,860.0,871.0,20,876.0,876.0,0.0,0.0,0.0,0.0,325
2023-05-10 21:27:49,CF401P16000,CF401P16000,876.0,0.0,0.0,0.0,10,860.0,871.0,20,876.0,876.0,0.0,0.0,0.0,0.0,325
2023-05-10 21:27:49,CF401P16000,CF401P16000,876.0,0.0,0.0,0.0,20,860.0,871.0,20,876.0,876.0,0.0,0.0,0.0,0.0,325
2023-05-10 21:27:50,CF401P16000,CF401P16000,876.0,0.0,0.0,0.0,10,860.0,871.0,20,876.0,876.0,0.0,0.0,0.0,0.0,325
2023-05-10 21:27:55,CF401P16000,CF401P16000,876.0,0.0,0.0,0.0,20,860.0,871.0,20,876.0,876.0,0.0,0.0,0.0,0.0,325
2023-05-10 21:27:56,CF401P16000,CF401P16000,876.0,0.0,0.0,0.0,10,860.0,871.0,20,876.0,876.0,0.0,0.0,0.0,0.0,325
2023-05-10 21:28:05,CF401P16000,CF401P16000,876.0,0.0,0.0,0.0,20,860.0,871.0,20,876.0,876.0,0.0,0.0,0.0,0.0,325
2023-05-10 21:28:07,CF401P16000,CF401P16000,876.0,0.0,0.0,0.0,3,858.0,869.0,3,876.0,876.0,0.0,0.0,0.0,0.0,325
2023-05-10 21:28:07,CF401P16000,CF401P16000,876.0,0.0,0.0,0.0,3,858.0,869.0,13,876.0,876.0,0.0,0.0,0.0,0.0,325
2023-05-10 21:28:09,CF401P16000,CF401P16000,876.0,0.0,0.0,0.0,13,858.0,869.0,3,876.0,876.0,0.0,0.0,0.0,0.0,325
2023-05-10 21:28:14,CF401P16000,CF401P16000,876.0,0.0,0.0,0.0,10,861.0,869.0,3,876.0,876.0,0.0,0.0,0.0,0.0,325
2023-05-10 21:28:52,CF401P16000,CF401P16000,876.0,0.0,0.0,0.0,13,861.0,869.0,3,876.0,876.0,0.0,0.0,0.0,0.0,325
2023-05-10 21:28:52,CF401P16000,CF401P16000,876.0,0.0,0.0,0.0,23,861.0,869.0,3,876.0,876.0,0.0,0.0,0.0,0.0,325
2023-05-10 21:28:53,CF401P16000,CF401P16000,876.0,0.0,0.0,0.0,13,861.0,871.0,10,876.0,876.0,0.0,0.0,0.0,0.0,325
2023-05-10 21:28:53,CF401P16000,CF401P16000,876.0,0.0,0.0,0.0,23,861.0,872.0,13,876.0,876.0,0.0,0.0,0.0,0.0,325
2023-05-10 21:28:54,CF401P16000,CF401P16000,876.0,0.0,0.0,0.0,10,864.0,872.0,3,876.0,876.0,0.0,0.0,0.0,0.0,325
2023-05-10 21:29:48,CF401P16000,CF401P16000,876.0,0.0,0.0,0.0,20,864.0,872.0,3,876.0,876.0,0.0,0.0,0.0,0.0,325
2023-05-10 21:29:49,CF401P16000,CF401P16000,876.0,0.0,0.0,0.0,10,867.0,872.0,3,876.0,876.0,0.0,0.0,0.0,0.0,325
2023-05-10 21:29:59,CF401P16000,CF401P16000,876.0,0.0,0.0,0.0,10,866.0,872.0,3,876.0,876.0,0.0,0.0,0.0,0.0,325
2023-05-10 21:30:00,CF401P16000,CF401P16000,876.0,0.0,0.0,0.0,10,867.0,872.0,3,876.0,876.0,0.0,0.0,0.0,0.0,325
2023-05-10 21:30:00,CF401P16000,CF401P16000,876.0,0.0,0.0,0.0,10,867.0,874.0,10,876.0,876.0,0.0,0.0,0.0,0.0,325
2023-05-10 21:30:14,CF401P16000,CF401P16000,876.0,0.0,0.0,0.0,10,867.0,876.0,3,876.0,876.0,0.0,0.0,0.0,0.0,325
2023-05-10 21:30:15,CF401P16000,CF401P16000,876.0,0.0,0.0,0.0,10,868.0,876.0,3,876.0,876.0,0.0,0.0,0.0,0.0,325
2023-05-10 21:30:17,CF401P16000,CF401P16000,876.0,0.0,0.0,0.0,20,867.0,876.0,3,876.0,876.0,0.0,0.0,0.0,0.0,325
2023-05-10 21:30:18,CF401P16000,CF401P16000,876.0,0.0,0.0,0.0,10,867.0,876.0,3,876.0,876.0,0.0,0.0,0.0,0.0,325
2023-05-10 21:30:20,CF401P16000,CF401P16000,876.0,0.0,0.0,0.0,10,870.0,876.0,3,876.0,876.0,0.0,0.0,0.0,0.0,325
2023-05-10 21:30:27,CF401P16000,CF401P16000,876.0,0.0,0.0,0.0,20,870.0,880.0,10,876.0,876.0,0.0,0.0,0.0,0.0,325
2023-05-10 21:30:27,CF401P16000,CF401P16000,876.0,0.0,0.0,0.0,20,870.0,878.0,10,876.0,876.0,0.0,0.0,0.0,0.0,325
2023-05-10 21:30:28,CF401P16000,CF401P16000,876.0,0.0,0.0,0.0,10,871.0,882.0,40,876.0,876.0,0.0,0.0,0.0,0.0,325
2023-05-10 21:30:30,CF401P16000,CF401P16000,876.0,0.0,0.0,0.0,10,870.0,882.0,40,876.0,876.0,0.0,0.0,0.0,0.0,325
2023-05-10 21:30:31,CF401P16000,CF401P16000,876.0,0.0,0.0,0.0,20,870.0,882.0,50,876.0,876.0,0.0,0.0,0.0,0.0,325
2023-05-10 21:30:33,CF401P16000,CF401P16000,876.0,0.0,0.0,0.0,10,870.0,882.0,40,876.0,876.0,0.0,0.0,0.0,0.0,325
2023-05-10 21:30:35,CF401P16000,CF401P16000,876.0,0.0,0.0,0.0,20,870.0,882.0,40,876.0,876.0,0.0,0.0,0.0,0.0,325
2023-05-10 21:30:38,CF401P16000,CF401P16000,876.0,0.0,0.0,0.0,10,871.0,882.0,40,876.0,876.0,0.0,0.0,0.0,0.0,325
2023-05-10 21:30:44,CF401P16000,CF401P16000,876.0,0.0,0.0,0.0,10,871.0,880.0,3,876.0,876.0,0.0,0.0,0.0,0.0,325
2023-05-10 21:30:45,CF401P16000,CF401P16000,876.0,0.0,0.0,0.0,10,870.0,880.0,3,876.0,876.0,0.0,0.0,0.0,0.0,325
2023-05-10 21:30:49,CF401P16000,CF401P16000,876.0,0.0,0.0,0.0,3,869.0,880.0,3,876.0,876.0,0.0,0.0,0.0,0.0,325
2023-05-10 21:30:50,CF401P16000,CF401P16000,876.0,0.0,0.0,0.0,3,869.0,880.0,13,876.0,876.0,0.0,0.0,0.0,0.0,325
2023-05-10 21:31:14,CF401P16000,CF401P16000,876.0,0.0,0.0,0.0,10,867.0,876.0,3,876.0,876.0,0.0,0.0,0.0,0.0,325
2023-05-10 21:31:21,CF401P16000,CF401P16000,876.0,0.0,0.0,0.0,10,868.0,876.0,3,876.0,876.0,0.0,0.0,0.0,0.0,325
2023-05-10 21:31:25,CF401P16000,CF401P16000,876.0,0.0,0.0,0.0,10,867.0,876.0,3,876.0,876.0,0.0,0.0,0.0,0.0,325
2023-05-10 21:31:27,CF401P16000,CF401P16000,876.0,0.0,0.0,0.0,10,868.0,876.0,3,876.0,876.0,0.0,0.0,0.0,0.0,325
2023-05-10 21:31:32,CF401P16000,CF401P16000,876.0,0.0,0.0,0.0,10,867.0,876.0,3,876.0,876.0,0.0,0.0,0.0,0.0,325
2023-05-10 21:31:38,CF401P16000,CF401P16000,876.0,0.0,0.0,0.0,10,868.0,876.0,3,876.0,876.0,0.0,0.0,0.0,0.0,325
2023-05-10 21:31:42,CF401P16000,CF401P16000,876.0,0.0,0.0,0.0,10,867.0,876.0,3,876.0,876.0,0.0,0.0,0.0,0.0,325
2023-05-10 21:31:42,CF401P16000,CF401P16000,876.0,0.0,0.0,0.0,20,867.0,876.0,3,876.0,876.0,0.0,0.0,0.0,0.0,325
2023-05-10 21:31:43,CF401P16000,CF401P16000,876.0,0.0,0.0,0.0,10,867.0,876.0,3,876.0,876.0,0.0,0.0,0.0,0.0,325
2023-05-10 21:31:45,CF401P16000,CF401P16000,876.0,0.0,0.0,0.0,10,868.0,876.0,3,876.0,876.0,0.0,0.0,0.0,0.0,325
2023-05-10 21:31:45,CF401P16000,CF401P16000,876.0,0.0,0.0,0.0,10,869.0,876.0,3,876.0,876.0,0.0,0.0,0.0,0.0,325
2023-05-10 21:31:48,CF401P16000,CF401P16000,876.0,0.0,0.0,0.0,10,869.0,878.0,10,876.0,876.0,0.0,0.0,0.0,0.0,325
2023-05-10 21:31:49,CF401P16000,CF401P16000,876.0,0.0,0.0,0.0,10,870.0,880.0,3,876.0,876.0,0.0,0.0,0.0,0.0,325
2023-05-10 21:31:52,CF401P16000,CF401P16000,876.0,0.0,0.0,0.0,3,871.0,880.0,3,876.0,876.0,0.0,0.0,0.0,0.0,325
2023-05-10 21:31:52,CF401P16000,CF401P16000,876.0,0.0,0.0,0.0,10,873.0,880.0,3,876.0,876.0,0.0,0.0,0.0,0.0,325
2023-05-10 21:31:59,CF401P16000,CF401P16000,876.0,0.0,0.0,0.0,3,871.0,880.0,3,876.0,876.0,0.0,0.0,0.0,0.0,325
2023-05-10 21:31:59,CF401P16000,CF401P16000,876.0,0.0,0.0,0.0,13,871.0,880.0,3,876.0,876.0,0.0,0.0,0.0,0.0,325
2023-05-10 21:32:00,CF401P16000,CF401P16000,876.0,0.0,0.0,0.0,3,871.0,880.0,3,876.0,876.0,0.0,0.0,0.0,0.0,325
2023-05-10 21:32:21,CF401P16000,CF401P16000,876.0,0.0,0.0,0.0,3,871.0,880.0,23,876.0,876.0,0.0,0.0,0.0,0.0,325
2023-05-10 21:32:30,CF401P16000,CF401P16000,876.0,0.0,0.0,0.0,3,871.0,880.0,13,876.0,876.0,0.0,0.0,0.0,0.0,325
2023-05-10 21:32:31,CF401P16000,CF401P16000,876.0,0.0,0.0,0.0,3,871.0,880.0,3,876.0,876.0,0.0,0.0,0.0,0.0,325
2023-05-10 21:32:52,CF401P16000,CF401P16000,876.0,0.0,0.0,0.0,10,872.0,880.0,3,876.0,876.0,0.0,0.0,0.0,0.0,325
2023-05-10 21:32:53,CF401P16000,CF401P16000,876.0,0.0,0.0,0.0,20,873.0,880.0,3,876.0,876.0,0.0,0.0,0.0,0.0,325
2023-05-10 21:32:54,CF401P16000,CF401P16000,876.0,0.0,0.0,0.0,10,873.0,880.0,3,876.0,876.0,0.0,0.0,0.0,0.0,325
2023-05-10 21:33:09,CF401P16000,CF401P16000,876.0,0.0,0.0,0.0,10,872.0,880.0,3,876.0,876.0,0.0,0.0,0.0,0.0,325
2023-05-10 21:33:11,CF401P16000,CF401P16000,876.0,0.0,0.0,0.0,10,873.0,880.0,3,876.0,876.0,0.0,0.0,0.0,0.0,325
2023-05-10 21:33:14,CF401P16000,CF401P16000,876.0,0.0,0.0,0.0,50,872.0,880.0,3,876.0,876.0,0.0,0.0,0.0,0.0,325
2023-05-10 21:33:14,CF401P16000,CF401P16000,876.0,0.0,0.0,0.0,40,872.0,880.0,3,876.0,876.0,0.0,0.0,0.0,0.0,325
2023-05-10 21:33:21,CF401P16000,CF401P16000,876.0,0.0,0.0,0.0,10,873.0,880.0,3,876.0,876.0,0.0,0.0,0.0,0.0,325
2023-05-10 21:33:22,CF401P16000,CF401P16000,876.0,0.0,0.0,0.0,40,872.0,880.0,3,876.0,876.0,0.0,0.0,0.0,0.0,325
2023-05-10 21:33:23,CF401P16000,CF401P16000,876.0,0.0,0.0,0.0,30,872.0,880.0,3,876.0,876.0,0.0,0.0,0.0,0.0,325
2023-05-10 21:33:24,CF401P16000,CF401P16000,876.0,0.0,0.0,0.0,20,872.0,880.0,3,876.0,876.0,0.0,0.0,0.0,0.0,325
2023-05-10 21:33:29,CF401P16000,CF401P16000,876.0,0.0,0.0,0.0,10,872.0,880.0,3,876.0,876.0,0.0,0.0,0.0,0.0,325
2023-05-10 21:33:30,CF401P16000,CF401P16000,876.0,0.0,0.0,0.0,20,872.0,880.0,3,876.0,876.0,0.0,0.0,0.0,0.0,325
2023-05-10 21:34:00,CF401P16000,CF401P16000,876.0,0.0,0.0,0.0,30,872.0,880.0,3,876.0,876.0,0.0,0.0,0.0,0.0,325
2023-05-10 21:34:03,CF401P16000,CF401P16000,876.0,0.0,0.0,0.0,20,872.0,880.0,3,876.0,876.0,0.0,0.0,0.0,0.0,325
2023-05-10 21:34:09,CF401P16000,CF401P16000,876.0,0.0,0.0,0.0,10,873.0,880.0,3,876.0,876.0,0.0,0.0,0.0,0.0,325
2023-05-10 21:34:10,CF401P16000,CF401P16000,876.0,0.0,0.0,0.0,30,872.0,880.0,3,876.0,876.0,0.0,0.0,0.0,0.0,325
2023-05-10 21:34:11,CF401P16000,CF401P16000,876.0,0.0,0.0,0.0,10,873.0,880.0,3,876.0,876.0,0.0,0.0,0.0,0.0,325
2023-05-10 21:34:11,CF401P16000,CF401P16000,876.0,0.0,0.0,0.0,20,872.0,880.0,3,876.0,876.0,0.0,0.0,0.0,0.0,325
2023-05-10 21:34:12,CF401P16000,CF401P16000,876.0,0.0,0.0,0.0,30,872.0,880.0,3,876.0,876.0,0.0,0.0,0.0,0.0,325
2023-05-10 21:34:13,CF401P16000,CF401P16000,876.0,0.0,0.0,0.0,10,873.0,880.0,3,876.0,876.0,0.0,0.0,0.0,0.0,325
2023-05-10 21:34:14,CF401P16000,CF401P16000,876.0,0.0,0.0,0.0,20,872.0,880.0,3,876.0,876.0,0.0,0.0,0.0,0.0,325
2023-05-10 21:34:14,CF401P16000,CF401P16000,876.0,0.0,0.0,0.0,30,872.0,880.0,3,876.0,876.0,0.0,0.0,0.0,0.0,325
2023-05-10 21:34:14,CF401P16000,CF401P16000,876.0,0.0,0.0,0.0,20,872.0,880.0,3,876.0,876.0,0.0,0.0,0.0,0.0,325
2023-05-10 21:34:15,CF401P16000,CF401P16000,876.0,0.0,0.0,0.0,10,873.0,880.0,3,876.0,876.0,0.0,0.0,0.0,0.0,325
2023-05-10 21:34:18,CF401P16000,CF401P16000,876.0,0.0,0.0,0.0,20,873.0,880.0,3,876.0,876.0,0.0,0.0,0.0,0.0,325
2023-05-10 21:34:21,CF401P16000,CF401P16000,876.0,0.0,0.0,0.0,20,873.0,883.0,10,876.0,876.0,0.0,0.0,0.0,0.0,325
2023-05-10 21:34:24,CF401P16000,CF401P16000,876.0,0.0,0.0,0.0,10,874.0,883.0,10,876.0,876.0,0.0,0.0,0.0,0.0,325
2023-05-10 21:34:24,CF401P16000,CF401P16000,876.0,0.0,0.0,0.0,30,873.0,883.0,10,876.0,876.0,0.0,0.0,0.0,0.0,325
2023-05-10 21:34:29,CF401P16000,CF401P16000,876.0,0.0,0.0,0.0,20,873.0,883.0,10,876.0,876.0,0.0,0.0,0.0,0.0,325
2023-05-10 21:34:35,CF401P16000,CF401P16000,876.0,0.0,0.0,0.0,10,874.0,883.0,10,876.0,876.0,0.0,0.0,0.0,0.0,325
2023-05-10 21:34:46,CF401P16000,CF401P16000,876.0,0.0,0.0,0.0,10,876.0,883.0,10,876.0,876.0,0.0,0.0,0.0,0.0,325
2023-05-10 21:34:46,CF401P16000,CF401P16000,876.0,0.0,0.0,0.0,20,874.0,883.0,10,876.0,876.0,0.0,0.0,0.0,0.0,325
2023-05-10 21:34:49,CF401P16000,CF401P16000,876.0,0.0,0.0,0.0,10,876.0,883.0,10,876.0,876.0,0.0,0.0,0.0,0.0,325
2023-05-10 21:34:50,CF401P16000,CF401P16000,876.0,0.0,0.0,0.0,20,874.0,883.0,10,876.0,876.0,0.0,0.0,0.0,0.0,325
2023-05-10 21:34:51,CF401P16000,CF401P16000,876.0,0.0,0.0,0.0,10,876.0,883.0,10,876.0,876.0,0.0,0.0,0.0,0.0,325
2023-05-10 21:34:51,CF401P16000,CF401P16000,876.0,0.0,0.0,0.0,10,876.0,884.0,20,876.0,876.0,0.0,0.0,0.0,0.0,325
2023-05-10 21:34:52,CF401P16000,CF401P16000,876.0,0.0,0.0,0.0,20,874.0,884.0,10,876.0,876.0,0.0,0.0,0.0,0.0,325
2023-05-10 21:34:52,CF401P16000,CF401P16000,876.0,0.0,0.0,0.0,30,874.0,884.0,10,876.0,876.0,0.0,0.0,0.0,0.0,325
2023-05-10 21:34:52,CF401P16000,CF401P16000,876.0,0.0,0.0,0.0,20,874.0,884.0,10,876.0,876.0,0.0,0.0,0.0,0.0,325
2023-05-10 21:34:53,CF401P16000,CF401P16000,876.0,0.0,0.0,0.0,10,876.0,884.0,10,876.0,876.0,0.0,0.0,0.0,0.0,325
2023-05-10 21:35:06,CF401P16000,CF401P16000,876.0,0.0,0.0,0.0,10,873.0,883.0,10,876.0,876.0,0.0,0.0,0.0,0.0,325
2023-05-10 21:35:06,CF401P16000,CF401P16000,876.0,0.0,0.0,0.0,10,874.0,883.0,10,876.0,876.0,0.0,0.0,0.0,0.0,325
2023-05-10 21:35:07,CF401P16000,CF401P16000,876.0,0.0,0.0,0.0,13,871.0,883.0,10,876.0,876.0,0.0,0.0,0.0,0.0,325
2023-05-10 21:35:09,CF401P16000,CF401P16000,876.0,0.0,0.0,0.0,10,872.0,883.0,10,876.0,876.0,0.0,0.0,0.0,0.0,325
2023-05-10 21:35:10,CF401P16000,CF401P16000,876.0,0.0,0.0,0.0,10,872.0,883.0,20,876.0,876.0,0.0,0.0,0.0,0.0,325
2023-05-10 21:35:13,CF401P16000,CF401P16000,876.0,0.0,0.0,0.0,13,871.0,882.0,23,876.0,876.0,0.0,0.0,0.0,0.0,325
2023-05-10 21:35:19,CF401P16000,CF401P16000,876.0,0.0,0.0,0.0,10,872.0,882.0,23,876.0,876.0,0.0,0.0,0.0,0.0,325
2023-05-10 21:35:28,CF401P16000,CF401P16000,876.0,0.0,0.0,0.0,13,871.0,882.0,23,876.0,876.0,0.0,0.0,0.0,0.0,325
2023-05-10 21:35:47,CF401P16000,CF401P16000,876.0,0.0,0.0,0.0,10,872.0,882.0,23,876.0,876.0,0.0,0.0,0.0,0.0,325
2023-05-10 21:35:57,CF401P16000,CF401P16000,876.0,0.0,0.0,0.0,20,872.0,882.0,23,876.0,876.0,0.0,0.0,0.0,0.0,325
2023-05-10 21:35:57,CF401P16000,CF401P16000,876.0,0.0,0.0,0.0,13,871.0,882.0,23,876.0,876.0,0.0,0.0,0.0,0.0,325
2023-05-10 21:35:59,CF401P16000,CF401P16000,876.0,0.0,0.0,0.0,10,872.0,882.0,23,876.0,876.0,0.0,0.0,0.0,0.0,325
2023-05-10 21:36:00,CF401P16000,CF401P16000,876.0,0.0,0.0,0.0,13,871.0,882.0,23,876.0,876.0,0.0,0.0,0.0,0.0,325
2023-05-10 21:36:02,CF401P16000,CF401P16000,876.0,0.0,0.0,0.0,13,871.0,882.0,13,876.0,876.0,0.0,0.0,0.0,0.0,325
2023-05-10 21:36:04,CF401P16000,CF401P16000,876.0,0.0,0.0,0.0,10,872.0,882.0,13,876.0,876.0,0.0,0.0,0.0,0.0,325
2023-05-10 21:36:05,CF401P16000,CF401P16000,876.0,0.0,0.0,0.0,13,871.0,882.0,13,876.0,876.0,0.0,0.0,0.0,0.0,325
2023-05-10 21:36:05,CF401P16000,CF401P16000,876.0,0.0,0.0,0.0,10,872.0,882.0,13,876.0,876.0,0.0,0.0,0.0,0.0,325
2023-05-10 21:36:07,CF401P16000,CF401P16000,876.0,0.0,0.0,0.0,10,874.0,882.0,3,876.0,876.0,0.0,0.0,0.0,0.0,325
2023-05-10 21:36:18,CF401P16000,CF401P16000,876.0,0.0,0.0,0.0,10,875.0,882.0,3,876.0,876.0,0.0,0.0,0.0,0.0,325
2023-05-10 21:36:18,CF401P16000,CF401P16000,876.0,0.0,0.0,0.0,30,874.0,882.0,3,876.0,876.0,0.0,0.0,0.0,0.0,325
2023-05-10 21:36:19,CF401P16000,CF401P16000,876.0,0.0,0.0,0.0,10,875.0,882.0,3,876.0,876.0,0.0,0.0,0.0,0.0,325
2023-05-10 21:36:21,CF401P16000,CF401P16000,876.0,0.0,0.0,0.0,30,874.0,882.0,3,876.0,876.0,0.0,0.0,0.0,0.0,325
2023-05-10 21:36:22,CF401P16000,CF401P16000,876.0,0.0,0.0,0.0,10,875.0,882.0,3,876.0,876.0,0.0,0.0,0.0,0.0,325
2023-05-10 21:36:23,CF401P16000,CF401P16000,876.0,0.0,0.0,0.0,30,874.0,882.0,3,876.0,876.0,0.0,0.0,0.0,0.0,325
2023-05-10 21:36:23,CF401P16000,CF401P16000,876.0,0.0,0.0,0.0,10,875.0,882.0,3,876.0,876.0,0.0,0.0,0.0,0.0,325
2023-05-10 21:36:25,CF401P16000,CF401P16000,876.0,0.0,0.0,0.0,10,876.0,885.0,3,876.0,876.0,0.0,0.0,0.0,0.0,325
2023-05-10 21:36:26,CF401P16000,CF401P16000,876.0,0.0,0.0,0.0,20,876.0,885.0,3,876.0,876.0,0.0,0.0,0.0,0.0,325
2023-05-10 21:36:26,CF401P16000,CF401P16000,876.0,0.0,0.0,0.0,10,876.0,885.0,3,876.0,876.0,0.0,0.0,0.0,0.0,325
2023-05-10 21:36:26,CF401P16000,CF401P16000,876.0,0.0,0.0,0.0,10,877.0,885.0,3,876.0,876.0,0.0,0.0,0.0,0.0,325
2023-05-10 21:36:37,CF401P16000,CF401P16000,876.0,0.0,0.0,0.0,20,876.0,885.0,3,876.0,876.0,0.0,0.0,0.0,0.0,325
2023-05-10 21:36:40,CF401P16000,CF401P16000,876.0,0.0,0.0,0.0,10,877.0,885.0,3,876.0,876.0,0.0,0.0,0.0,0.0,325
2023-05-10 21:36:43,CF401P16000,CF401P16000,876.0,0.0,0.0,0.0,10,878.0,890.0,50,876.0,876.0,0.0,0.0,0.0,0.0,325
2023-05-10 21:36:45,CF401P16000,CF401P16000,876.0,0.0,0.0,0.0,20,878.0,890.0,40,876.0,876.0,0.0,0.0,0.0,0.0,325
2023-05-10 21:36:46,CF401P16000,CF401P16000,876.0,0.0,0.0,0.0,20,878.0,888.0,10,876.0,876.0,0.0,0.0,0.0,0.0,325
2023-05-10 21:36:46,CF401P16000,CF401P16000,876.0,0.0,0.0,0.0,10,878.0,888.0,10,876.0,876.0,0.0,0.0,0.0,0.0,325
2023-05-10 21:37:02,CF401P16000,CF401P16000,876.0,0.0,0.0,0.0,10,878.0,888.0,13,876.0,876.0,0.0,0.0,0.0,0.0,325
2023-05-10 21:37:10,CF401P16000,CF401P16000,876.0,0.0,0.0,0.0,10,878.0,886.0,10,876.0,876.0,0.0,0.0,0.0,0.0,325
2023-05-10 21:37:10,CF401P16000,CF401P16000,876.0,0.0,0.0,0.0,10,878.0,886.0,20,876.0,876.0,0.0,0.0,0.0,0.0,325
2023-05-10 21:37:11,CF401P16000,CF401P16000,876.0,0.0,0.0,0.0,3,877.0,886.0,30,876.0,876.0,0.0,0.0,0.0,0.0,325
2023-05-10 21:37:25,CF401P16000,CF401P16000,876.0,0.0,0.0,0.0,23,874.0,884.0,3,876.0,876.0,0.0,0.0,0.0,0.0,325
2023-05-10 21:37:25,CF401P16000,CF401P16000,876.0,0.0,0.0,0.0,43,874.0,884.0,3,876.0,876.0,0.0,0.0,0.0,0.0,325
2023-05-10 21:37:26,CF401P16000,CF401P16000,876.0,0.0,0.0,0.0,23,874.0,884.0,3,876.0,876.0,0.0,0.0,0.0,0.0,325
2023-05-10 21:37:26,CF401P16000,CF401P16000,876.0,0.0,0.0,0.0,13,874.0,884.0,13,876.0,876.0,0.0,0.0,0.0,0.0,325
2023-05-10 21:37:35,CF401P16000,CF401P16000,876.0,0.0,0.0,0.0,3,874.0,884.0,23,876.0,876.0,0.0,0.0,0.0,0.0,325
2023-05-10 21:37:55,CF401P16000,CF401P16000,876.0,0.0,0.0,0.0,3,874.0,884.0,33,876.0,876.0,0.0,0.0,0.0,0.0,325
2023-05-10 21:37:59,CF401P16000,CF401P16000,876.0,0.0,0.0,0.0,13,874.0,884.0,23,876.0,876.0,0.0,0.0,0.0,0.0,325
2023-05-10 21:37:59,CF401P16000,CF401P16000,876.0,0.0,0.0,0.0,13,874.0,884.0,13,876.0,876.0,0.0,0.0,0.0,0.0,325
2023-05-10 21:38:00,CF401P16000,CF401P16000,876.0,0.0,0.0,0.0,3,874.0,884.0,3,876.0,876.0,0.0,0.0,0.0,0.0,325
2023-05-10 21:38:00,CF401P16000,CF401P16000,876.0,0.0,0.0,0.0,10,876.0,884.0,3,876.0,876.0,0.0,0.0,0.0,0.0,325
2023-05-10 21:38:05,CF401P16000,CF401P16000,876.0,0.0,0.0,0.0,10,877.0,884.0,3,876.0,876.0,0.0,0.0,0.0,0.0,325
2023-05-10 21:38:07,CF401P16000,CF401P16000,876.0,0.0,0.0,0.0,10,877.0,886.0,10,876.0,876.0,0.0,0.0,0.0,0.0,325
2023-05-10 21:38:07,CF401P16000,CF401P16000,876.0,0.0,0.0,0.0,10,880.0,886.0,10,876.0,876.0,0.0,0.0,0.0,0.0,325
2023-05-10 21:38:07,CF401P16000,CF401P16000,876.0,0.0,0.0,0.0,10,880.0,888.0,3,876.0,876.0,0.0,0.0,0.0,0.0,325
2023-05-10 21:38:33,CF401P16000,CF401P16000,876.0,0.0,0.0,0.0,20,880.0,888.0,3,876.0,876.0,0.0,0.0,0.0,0.0,325
2023-05-10 21:38:34,CF401P16000,CF401P16000,876.0,0.0,0.0,0.0,10,880.0,888.0,3,876.0,876.0,0.0,0.0,0.0,0.0,325
2023-05-10 21:38:34,CF401P16000,CF401P16000,876.0,0.0,0.0,0.0,20,880.0,888.0,3,876.0,876.0,0.0,0.0,0.0,0.0,325
2023-05-10 21:38:36,CF401P16000,CF401P16000,876.0,0.0,0.0,0.0,10,880.0,888.0,3,876.0,876.0,0.0,0.0,0.0,0.0,325
2023-05-10 21:38:44,CF401P16000,CF401P16000,876.0,0.0,0.0,0.0,20,880.0,888.0,3,876.0,876.0,0.0,0.0,0.0,0.0,325
2023-05-10 21:38:46,CF401P16000,CF401P16000,876.0,0.0,0.0,0.0,10,880.0,888.0,3,876.0,876.0,0.0,0.0,0.0,0.0,325
2023-05-10 21:39:00,CF401P16000,CF401P16000,876.0,0.0,0.0,0.0,13,878.0,888.0,3,876.0,876.0,0.0,0.0,0.0,0.0,325
2023-05-10 21:39:00,CF401P16000,CF401P16000,876.0,0.0,0.0,0.0,10,879.0,888.0,3,876.0,876.0,0.0,0.0,0.0,0.0,325
2023-05-10 21:39:03,CF401P16000,CF401P16000,876.0,0.0,0.0,0.0,20,879.0,888.0,3,876.0,876.0,0.0,0.0,0.0,0.0,325
2023-05-10 21:39:05,CF401P16000,CF401P16000,876.0,0.0,0.0,0.0,10,879.0,888.0,3,876.0,876.0,0.0,0.0,0.0,0.0,325
2023-05-10 21:39:06,CF401P16000,CF401P16000,876.0,0.0,0.0,0.0,10,879.0,888.0,13,876.0,876.0,0.0,0.0,0.0,0.0,325
2023-05-10 21:39:06,CF401P16000,CF401P16000,876.0,0.0,0.0,0.0,10,879.0,888.0,23,876.0,876.0,0.0,0.0,0.0,0.0,325
2023-05-10 21:39:07,CF401P16000,CF401P16000,876.0,0.0,0.0,0.0,10,879.0,888.0,13,876.0,876.0,0.0,0.0,0.0,0.0,325
2023-05-10 21:39:15,CF401P16000,CF401P16000,876.0,0.0,0.0,0.0,3,878.0,888.0,13,876.0,876.0,0.0,0.0,0.0,0.0,325
2023-05-10 21:39:41,CF401P16000,CF401P16000,876.0,0.0,0.0,0.0,3,878.0,886.0,20,876.0,876.0,0.0,0.0,0.0,0.0,325
2023-05-10 21:39:41,CF401P16000,CF401P16000,876.0,0.0,0.0,0.0,3,878.0,886.0,10,876.0,876.0,0.0,0.0,0.0,0.0,325
2023-05-10 21:39:44,CF401P16000,CF401P16000,876.0,0.0,0.0,0.0,3,878.0,887.0,10,876.0,876.0,0.0,0.0,0.0,0.0,325
2023-05-10 21:39:45,CF401P16000,CF401P16000,876.0,0.0,0.0,0.0,3,878.0,888.0,13,876.0,876.0,0.0,0.0,0.0,0.0,325
2023-05-10 21:39:47,CF401P16000,CF401P16000,876.0,0.0,0.0,0.0,3,878.0,888.0,23,876.0,876.0,0.0,0.0,0.0,0.0,325
2023-05-10 21:40:01,CF401P16000,CF401P16000,876.0,0.0,0.0,0.0,13,878.0,888.0,13,876.0,876.0,0.0,0.0,0.0,0.0,325
2023-05-10 21:40:02,CF401P16000,CF401P16000,876.0,0.0,0.0,0.0,3,878.0,888.0,13,876.0,876.0,0.0,0.0,0.0,0.0,325
2023-05-10 21:40:05,CF401P16000,CF401P16000,876.0,0.0,0.0,0.0,10,875.0,887.0,20,876.0,876.0,0.0,0.0,0.0,0.0,325
2023-05-10 21:40:05,CF401P16000,CF401P16000,876.0,0.0,0.0,0.0,10,875.0,887.0,30,876.0,876.0,0.0,0.0,0.0,0.0,325
2023-05-10 21:40:05,CF401P16000,CF401P16000,876.0,0.0,0.0,0.0,3,874.0,887.0,30,876.0,876.0,0.0,0.0,0.0,0.0,325
2023-05-10 21:40:19,CF401P16000,CF401P16000,876.0,0.0,0.0,0.0,3,874.0,885.0,13,876.0,876.0,0.0,0.0,0.0,0.0,325
2023-05-10 21:40:19,CF401P16000,CF401P16000,876.0,0.0,0.0,0.0,3,874.0,885.0,23,876.0,876.0,0.0,0.0,0.0,0.0,325
2023-05-10 21:40:20,CF401P16000,CF401P16000,876.0,0.0,0.0,0.0,3,874.0,882.0,10,876.0,876.0,0.0,0.0,0.0,0.0,325
2023-05-10 21:40:37,CF401P16000,CF401P16000,876.0,0.0,0.0,0.0,10,871.0,882.0,13,876.0,876.0,0.0,0.0,0.0,0.0,325
2023-05-10 21:40:47,CF401P16000,CF401P16000,876.0,0.0,0.0,0.0,10,873.0,882.0,3,876.0,876.0,0.0,0.0,0.0,0.0,325
2023-05-10 21:40:47,CF401P16000,CF401P16000,876.0,0.0,0.0,0.0,10,874.0,882.0,3,876.0,876.0,0.0,0.0,0.0,0.0,325
2023-05-10 21:40:49,CF401P16000,CF401P16000,876.0,0.0,0.0,0.0,10,874.0,882.0,13,876.0,876.0,0.0,0.0,0.0,0.0,325
2023-05-10 21:41:03,CF401P16000,CF401P16000,876.0,0.0,0.0,0.0,10,874.0,882.0,23,876.0,876.0,0.0,0.0,0.0,0.0,325
2023-05-10 21:41:20,CF401P16000,CF401P16000,876.0,0.0,0.0,0.0,10,873.0,882.0,23,876.0,876.0,0.0,0.0,0.0,0.0,325
2023-05-10 21:41:21,CF401P16000,CF401P16000,876.0,0.0,0.0,0.0,10,873.0,882.0,13,876.0,876.0,0.0,0.0,0.0,0.0,325
2023-05-10 21:41:28,CF401P16000,CF401P16000,876.0,0.0,0.0,0.0,20,873.0,882.0,13,876.0,876.0,0.0,0.0,0.0,0.0,325
2023-05-10 21:41:30,CF401P16000,CF401P16000,876.0,0.0,0.0,0.0,10,876.0,882.0,13,876.0,876.0,0.0,0.0,0.0,0.0,325
2023-05-10 21:41:30,CF401P16000,CF401P16000,876.0,0.0,0.0,0.0,10,873.0,882.0,13,876.0,876.0,0.0,0.0,0.0,0.0,325
2023-05-10 21:41:35,CF401P16000,CF401P16000,876.0,0.0,0.0,0.0,10,873.0,882.0,23,876.0,876.0,0.0,0.0,0.0,0.0,325
2023-05-10 21:41:40,CF401P16000,CF401P16000,876.0,0.0,0.0,0.0,10,873.0,882.0,13,876.0,876.0,0.0,0.0,0.0,0.0,325
2023-05-10 21:41:49,CF401P16000,CF401P16000,876.0,0.0,0.0,0.0,10,873.0,882.0,23,876.0,876.0,0.0,0.0,0.0,0.0,325
2023-05-10 21:41:52,CF401P16000,CF401P16000,876.0,0.0,0.0,0.0,10,874.0,882.0,23,876.0,876.0,0.0,0.0,0.0,0.0,325
2023-05-10 21:42:00,CF401P16000,CF401P16000,876.0,0.0,0.0,0.0,10,874.0,882.0,13,876.0,876.0,0.0,0.0,0.0,0.0,325
2023-05-10 21:42:00,CF401P16000,CF401P16000,876.0,0.0,0.0,0.0,10,873.0,882.0,13,876.0,876.0,0.0,0.0,0.0,0.0,325
2023-05-10 21:42:01,CF401P16000,CF401P16000,876.0,0.0,0.0,0.0,10,874.0,882.0,3,876.0,876.0,0.0,0.0,0.0,0.0,325
2023-05-10 21:42:01,CF401P16000,CF401P16000,876.0,0.0,0.0,0.0,23,873.0,882.0,3,876.0,876.0,0.0,0.0,0.0,0.0,325
2023-05-10 21:42:05,CF401P16000,CF401P16000,876.0,0.0,0.0,0.0,10,874.0,882.0,3,876.0,876.0,0.0,0.0,0.0,0.0,325
2023-05-10 21:42:13,CF401P16000,CF401P16000,876.0,0.0,0.0,0.0,10,876.0,882.0,3,876.0,876.0,0.0,0.0,0.0,0.0,325
2023-05-10 21:42:14,CF401P16000,CF401P16000,876.0,0.0,0.0,0.0,10,877.0,882.0,3,876.0,876.0,0.0,0.0,0.0,0.0,325
2023-05-10 21:42:18,CF401P16000,CF401P16000,876.0,0.0,0.0,0.0,10,876.0,882.0,3,876.0,876.0,0.0,0.0,0.0,0.0,325
2023-05-10 21:42:20,CF401P16000,CF401P16000,876.0,0.0,0.0,0.0,20,876.0,882.0,3,876.0,876.0,0.0,0.0,0.0,0.0,325
2023-05-10 21:42:23,CF401P16000,CF401P16000,876.0,0.0,0.0,0.0,10,876.0,885.0,23,876.0,876.0,0.0,0.0,0.0,0.0,325
2023-05-10 21:42:24,CF401P16000,CF401P16000,876.0,0.0,0.0,0.0,10,876.0,885.0,13,876.0,876.0,0.0,0.0,0.0,0.0,325
2023-05-10 21:42:25,CF401P16000,CF401P16000,876.0,0.0,0.0,0.0,23,876.0,885.0,3,876.0,876.0,0.0,0.0,0.0,0.0,325
2023-05-10 21:42:26,CF401P16000,CF401P16000,876.0,0.0,0.0,0.0,10,880.0,888.0,10,876.0,876.0,0.0,0.0,0.0,0.0,325
2023-05-10 21:42:27,CF401P16000,CF401P16000,876.0,0.0,0.0,0.0,20,880.0,888.0,10,876.0,876.0,0.0,0.0,0.0,0.0,325
2023-05-10 21:42:27,CF401P16000,CF401P16000,876.0,0.0,0.0,0.0,20,880.0,890.0,20,876.0,876.0,0.0,0.0,0.0,0.0,325
2023-05-10 21:42:30,CF401P16000,CF401P16000,876.0,0.0,0.0,0.0,10,880.0,891.0,20,876.0,876.0,0.0,0.0,0.0,0.0,325
2023-05-10 21:42:30,CF401P16000,CF401P16000,876.0,0.0,0.0,0.0,10,881.0,891.0,20,876.0,876.0,0.0,0.0,0.0,0.0,325
2023-05-10 21:42:31,CF401P16000,CF401P16000,876.0,0.0,0.0,0.0,10,881.0,891.0,10,876.0,876.0,0.0,0.0,0.0,0.0,325
2023-05-10 21:42:32,CF401P16000,CF401P16000,876.0,0.0,0.0,0.0,10,880.0,891.0,20,876.0,876.0,0.0,0.0,0.0,0.0,325
2023-05-10 21:42:33,CF401P16000,CF401P16000,876.0,0.0,0.0,0.0,20,880.0,891.0,20,876.0,876.0,0.0,0.0,0.0,0.0,325
2023-05-10 21:42:34,CF401P16000,CF401P16000,876.0,0.0,0.0,0.0,10,880.0,891.0,20,876.0,876.0,0.0,0.0,0.0,0.0,325
2023-05-10 21:42:36,CF401P16000,CF401P16000,876.0,0.0,0.0,0.0,20,880.0,891.0,20,876.0,876.0,0.0,0.0,0.0,0.0,325
2023-05-10 21:42:37,CF401P16000,CF401P16000,876.0,0.0,0.0,0.0,10,883.0,891.0,20,876.0,876.0,0.0,0.0,0.0,0.0,325
2023-05-10 21:42:38,CF401P16000,CF401P16000,876.0,0.0,0.0,0.0,20,880.0,891.0,20,876.0,876.0,0.0,0.0,0.0,0.0,325
2023-05-10 21:42:38,CF401P16000,CF401P16000,876.0,0.0,0.0,0.0,10,882.0,891.0,20,876.0,876.0,0.0,0.0,0.0,0.0,325
2023-05-10 21:42:39,CF401P16000,CF401P16000,876.0,0.0,0.0,0.0,20,882.0,891.0,20,876.0,876.0,0.0,0.0,0.0,0.0,325
2023-05-10 21:42:44,CF401P16000,CF401P16000,876.0,0.0,0.0,0.0,10,882.0,891.0,20,876.0,876.0,0.0,0.0,0.0,0.0,325
2023-05-10 21:42:46,CF401P16000,CF401P16000,876.0,0.0,0.0,0.0,20,880.0,891.0,20,876.0,876.0,0.0,0.0,0.0,0.0,325
2023-05-10 21:42:46,CF401P16000,CF401P16000,876.0,0.0,0.0,0.0,10,883.0,891.0,20,876.0,876.0,0.0,0.0,0.0,0.0,325
2023-05-10 21:42:50,CF401P16000,CF401P16000,876.0,0.0,0.0,0.0,10,883.0,892.0,13,876.0,876.0,0.0,0.0,0.0,0.0,325
2023-05-10 21:42:50,CF401P16000,CF401P16000,876.0,0.0,0.0,0.0,40,880.0,892.0,13,876.0,876.0,0.0,0.0,0.0,0.0,325
2023-05-10 21:42:51,CF401P16000,CF401P16000,876.0,0.0,0.0,0.0,30,880.0,892.0,3,876.0,876.0,0.0,0.0,0.0,0.0,325
2023-05-10 21:42:52,CF401P16000,CF401P16000,876.0,0.0,0.0,0.0,20,880.0,892.0,3,876.0,876.0,0.0,0.0,0.0,0.0,325
2023-05-10 21:42:53,CF401P16000,CF401P16000,876.0,0.0,0.0,0.0,30,880.0,892.0,3,876.0,876.0,0.0,0.0,0.0,0.0,325
2023-05-10 21:42:55,CF401P16000,CF401P16000,876.0,0.0,0.0,0.0,10,883.0,892.0,3,876.0,876.0,0.0,0.0,0.0,0.0,325
2023-05-10 21:42:55,CF401P16000,CF401P16000,876.0,0.0,0.0,0.0,10,883.0,892.0,13,876.0,876.0,0.0,0.0,0.0,0.0,325
2023-05-10 21:42:56,CF401P16000,CF401P16000,876.0,0.0,0.0,0.0,10,881.0,892.0,13,876.0,876.0,0.0,0.0,0.0,0.0,325
2023-05-10 21:42:57,CF401P16000,CF401P16000,876.0,0.0,0.0,0.0,10,883.0,892.0,3,876.0,876.0,0.0,0.0,0.0,0.0,325
2023-05-10 21:42:58,CF401P16000,CF401P16000,876.0,0.0,0.0,0.0,10,881.0,892.0,3,876.0,876.0,0.0,0.0,0.0,0.0,325
2023-05-10 21:42:58,CF401P16000,CF401P16000,876.0,0.0,0.0,0.0,10,881.0,892.0,13,876.0,876.0,0.0,0.0,0.0,0.0,325
2023-05-10 21:42:59,CF401P16000,CF401P16000,876.0,0.0,0.0,0.0,10,880.0,892.0,23,876.0,876.0,0.0,0.0,0.0,0.0,325
2023-05-10 21:42:59,CF401P16000,CF401P16000,876.0,0.0,0.0,0.0,10,880.0,891.0,10,876.0,876.0,0.0,0.0,0.0,0.0,325
2023-05-10 21:43:01,CF401P16000,CF401P16000,876.0,0.0,0.0,0.0,10,881.0,891.0,10,876.0,876.0,0.0,0.0,0.0,0.0,325
2023-05-10 21:43:01,CF401P16000,CF401P16000,876.0,0.0,0.0,0.0,10,881.0,891.0,20,876.0,876.0,0.0,0.0,0.0,0.0,325
2023-05-10 21:43:02,CF401P16000,CF401P16000,876.0,0.0,0.0,0.0,10,880.0,891.0,20,876.0,876.0,0.0,0.0,0.0,0.0,325
2023-05-10 21:43:05,CF401P16000,CF401P16000,876.0,0.0,0.0,0.0,20,880.0,891.0,20,876.0,876.0,0.0,0.0,0.0,0.0,325
2023-05-10 21:43:06,CF401P16000,CF401P16000,876.0,0.0,0.0,0.0,10,880.0,891.0,20,876.0,876.0,0.0,0.0,0.0,0.0,325
2023-05-10 21:43:08,CF401P16000,CF401P16000,876.0,0.0,0.0,0.0,10,883.0,891.0,20,876.0,876.0,0.0,0.0,0.0,0.0,325
2023-05-10 21:43:10,CF401P16000,CF401P16000,876.0,0.0,0.0,0.0,10,883.0,891.0,10,876.0,876.0,0.0,0.0,0.0,0.0,325
2023-05-10 21:43:10,CF401P16000,CF401P16000,876.0,0.0,0.0,0.0,30,880.0,892.0,23,876.0,876.0,0.0,0.0,0.0,0.0,325
2023-05-10 21:43:11,CF401P16000,CF401P16000,876.0,0.0,0.0,0.0,20,880.0,892.0,43,876.0,876.0,0.0,0.0,0.0,0.0,325
2023-05-10 21:43:11,CF401P16000,CF401P16000,876.0,0.0,0.0,0.0,20,880.0,892.0,33,876.0,876.0,0.0,0.0,0.0,0.0,325
2023-05-10 21:43:12,CF401P16000,CF401P16000,876.0,0.0,0.0,0.0,20,880.0,892.0,23,876.0,876.0,0.0,0.0,0.0,0.0,325
2023-05-10 21:43:15,CF401P16000,CF401P16000,876.0,0.0,0.0,0.0,20,880.0,892.0,13,876.0,876.0,0.0,0.0,0.0,0.0,325
2023-05-10 21:43:15,CF401P16000,CF401P16000,876.0,0.0,0.0,0.0,10,881.0,892.0,13,876.0,876.0,0.0,0.0,0.0,0.0,325
2023-05-10 21:43:16,CF401P16000,CF401P16000,876.0,0.0,0.0,0.0,10,881.0,892.0,3,876.0,876.0,0.0,0.0,0.0,0.0,325
2023-05-10 21:43:22,CF401P16000,CF401P16000,876.0,0.0,0.0,0.0,10,883.0,892.0,3,876.0,876.0,0.0,0.0,0.0,0.0,325
2023-05-10 21:43:23,CF401P16000,CF401P16000,876.0,0.0,0.0,0.0,10,884.0,892.0,13,876.0,876.0,0.0,0.0,0.0,0.0,325
2023-05-10 21:43:24,CF401P16000,CF401P16000,876.0,0.0,0.0,0.0,10,883.0,892.0,3,876.0,876.0,0.0,0.0,0.0,0.0,325
2023-05-10 21:43:25,CF401P16000,CF401P16000,876.0,0.0,0.0,0.0,10,884.0,892.0,3,876.0,876.0,0.0,0.0,0.0,0.0,325
2023-05-10 21:43:26,CF401P16000,CF401P16000,876.0,0.0,0.0,0.0,10,883.0,892.0,3,876.0,876.0,0.0,0.0,0.0,0.0,325
2023-05-10 21:43:27,CF401P16000,CF401P16000,876.0,0.0,0.0,0.0,10,884.0,892.0,13,876.0,876.0,0.0,0.0,0.0,0.0,325
2023-05-10 21:43:31,CF401P16000,CF401P16000,876.0,0.0,0.0,0.0,10,883.0,892.0,13,876.0,876.0,0.0,0.0,0.0,0.0,325
2023-05-10 21:43:31,CF401P16000,CF401P16000,876.0,0.0,0.0,0.0,10,883.0,892.0,3,876.0,876.0,0.0,0.0,0.0,0.0,325
2023-05-10 21:43:39,CF401P16000,CF401P16000,876.0,0.0,0.0,0.0,20,883.0,892.0,3,876.0,876.0,0.0,0.0,0.0,0.0,325
2023-05-10 21:43:39,CF401P16000,CF401P16000,876.0,0.0,0.0,0.0,10,883.0,892.0,3,876.0,876.0,0.0,0.0,0.0,0.0,325
2023-05-10 21:43:40,CF401P16000,CF401P16000,876.0,0.0,0.0,0.0,20,883.0,892.0,3,876.0,876.0,0.0,0.0,0.0,0.0,325
2023-05-10 21:43:40,CF401P16000,CF401P16000,876.0,0.0,0.0,0.0,10,883.0,892.0,3,876.0,876.0,0.0,0.0,0.0,0.0,325
2023-05-10 21:43:42,CF401P16000,CF401P16000,876.0,0.0,0.0,0.0,20,883.0,892.0,3,876.0,876.0,0.0,0.0,0.0,0.0,325
2023-05-10 21:43:51,CF401P16000,CF401P16000,876.0,0.0,0.0,0.0,20,883.0,892.0,13,876.0,876.0,0.0,0.0,0.0,0.0,325
2023-05-10 21:43:52,CF401P16000,CF401P16000,876.0,0.0,0.0,0.0,10,883.0,892.0,13,876.0,876.0,0.0,0.0,0.0,0.0,325
2023-05-10 21:43:56,CF401P16000,CF401P16000,876.0,0.0,0.0,0.0,20,883.0,892.0,13,876.0,876.0,0.0,0.0,0.0,0.0,325
2023-05-10 21:43:56,CF401P16000,CF401P16000,876.0,0.0,0.0,0.0,10,883.0,892.0,13,876.0,876.0,0.0,0.0,0.0,0.0,325
2023-05-10 21:44:02,CF401P16000,CF401P16000,876.0,0.0,0.0,0.0,20,880.0,890.0,10,876.0,876.0,0.0,0.0,0.0,0.0,325
2023-05-10 21:44:03,CF401P16000,CF401P16000,876.0,0.0,0.0,0.0,10,880.0,890.0,20,876.0,876.0,0.0,0.0,0.0,0.0,325
2023-05-10 21:44:03,CF401P16000,CF401P16000,876.0,0.0,0.0,0.0,33,879.0,890.0,10,876.0,876.0,0.0,0.0,0.0,0.0,325
2023-05-10 21:44:04,CF401P16000,CF401P16000,876.0,0.0,0.0,0.0,10,881.0,890.0,10,876.0,876.0,0.0,0.0,0.0,0.0,325
2023-05-10 21:44:04,CF401P16000,CF401P16000,876.0,0.0,0.0,0.0,23,879.0,890.0,20,876.0,876.0,0.0,0.0,0.0,0.0,325
2023-05-10 21:44:05,CF401P16000,CF401P16000,876.0,0.0,0.0,0.0,23,879.0,889.0,3,876.0,876.0,0.0,0.0,0.0,0.0,325
2023-05-10 21:44:05,CF401P16000,CF401P16000,876.0,0.0,0.0,0.0,3,879.0,889.0,3,876.0,876.0,0.0,0.0,0.0,0.0,325
2023-05-10 21:44:06,CF401P16000,CF401P16000,876.0,0.0,0.0,0.0,3,879.0,889.0,13,876.0,876.0,0.0,0.0,0.0,0.0,325
2023-05-10 21:44:12,CF401P16000,CF401P16000,876.0,0.0,0.0,0.0,13,879.0,889.0,13,876.0,876.0,0.0,0.0,0.0,0.0,325
2023-05-10 21:44:14,CF401P16000,CF401P16000,876.0,0.0,0.0,0.0,10,879.0,889.0,13,876.0,876.0,0.0,0.0,0.0,0.0,325
2023-05-10 21:44:15,CF401P16000,CF401P16000,876.0,0.0,0.0,0.0,10,879.0,887.0,10,876.0,876.0,0.0,0.0,0.0,0.0,325
2023-05-10 21:44:16,CF401P16000,CF401P16000,876.0,0.0,0.0,0.0,10,879.0,886.0,3,876.0,876.0,0.0,0.0,0.0,0.0,325
2023-05-10 21:44:17,CF401P16000,CF401P16000,876.0,0.0,0.0,0.0,10,878.0,886.0,3,876.0,876.0,0.0,0.0,0.0,0.0,325
2023-05-10 21:44:17,CF401P16000,CF401P16000,876.0,0.0,0.0,0.0,20,878.0,886.0,3,876.0,876.0,0.0,0.0,0.0,0.0,325
2023-05-10 21:44:19,CF401P16000,CF401P16000,876.0,0.0,0.0,0.0,20,878.0,886.0,13,876.0,876.0,0.0,0.0,0.0,0.0,325
2023-05-10 21:44:21,CF401P16000,CF401P16000,876.0,0.0,0.0,0.0,10,878.0,886.0,13,876.0,876.0,0.0,0.0,0.0,0.0,325
2023-05-10 21:44:29,CF401P16000,CF401P16000,876.0,0.0,0.0,0.0,10,877.0,886.0,13,876.0,876.0,0.0,0.0,0.0,0.0,325
2023-05-10 21:44:33,CF401P16000,CF401P16000,876.0,0.0,0.0,0.0,13,876.0,886.0,13,876.0,876.0,0.0,0.0,0.0,0.0,325
2023-05-10 21:44:33,CF401P16000,CF401P16000,876.0,0.0,0.0,0.0,13,876.0,886.0,3,876.0,876.0,0.0,0.0,0.0,0.0,325
2023-05-10 21:44:37,CF401P16000,CF401P16000,876.0,0.0,0.0,0.0,3,876.0,886.0,3,876.0,876.0,0.0,0.0,0.0,0.0,325
2023-05-10 21:44:46,CF401P16000,CF401P16000,876.0,0.0,0.0,0.0,13,876.0,886.0,3,876.0,876.0,0.0,0.0,0.0,0.0,325
2023-05-10 21:44:47,CF401P16000,CF401P16000,876.0,0.0,0.0,0.0,13,876.0,884.0,10,876.0,876.0,0.0,0.0,0.0,0.0,325
2023-05-10 21:44:48,CF401P16000,CF401P16000,876.0,0.0,0.0,0.0,13,876.0,886.0,3,876.0,876.0,0.0,0.0,0.0,0.0,325
2023-05-10 21:44:55,CF401P16000,CF401P16000,876.0,0.0,0.0,0.0,3,876.0,886.0,3,876.0,876.0,0.0,0.0,0.0,0.0,325
2023-05-10 21:45:11,CF401P16000,CF401P16000,876.0,0.0,0.0,0.0,3,876.0,886.0,13,876.0,876.0,0.0,0.0,0.0,0.0,325
2023-05-10 21:45:12,CF401P16000,CF401P16000,876.0,0.0,0.0,0.0,3,876.0,886.0,23,876.0,876.0,0.0,0.0,0.0,0.0,325
2023-05-10 21:45:14,CF401P16000,CF401P16000,876.0,0.0,0.0,0.0,10,875.0,883.0,3,876.0,876.0,0.0,0.0,0.0,0.0,325
2023-05-10 21:45:15,CF401P16000,CF401P16000,876.0,0.0,0.0,0.0,10,872.0,883.0,13,876.0,876.0,0.0,0.0,0.0,0.0,325
2023-05-10 21:45:16,CF401P16000,CF401P16000,876.0,0.0,0.0,0.0,20,872.0,883.0,3,876.0,876.0,0.0,0.0,0.0,0.0,325
2023-05-10 21:45:19,CF401P16000,CF401P16000,876.0,0.0,0.0,0.0,20,872.0,883.0,13,876.0,876.0,0.0,0.0,0.0,0.0,325
2023-05-10 21:45:22,CF401P16000,CF401P16000,876.0,0.0,0.0,0.0,10,872.0,883.0,13,876.0,876.0,0.0,0.0,0.0,0.0,325
2023-05-10 21:45:24,CF401P16000,CF401P16000,876.0,0.0,0.0,0.0,10,873.0,883.0,13,876.0,876.0,0.0,0.0,0.0,0.0,325
2023-05-10 21:45:25,CF401P16000,CF401P16000,876.0,0.0,0.0,0.0,10,873.0,883.0,3,876.0,876.0,0.0,0.0,0.0,0.0,325
2023-05-10 21:45:26,CF401P16000,CF401P16000,876.0,0.0,0.0,0.0,10,872.0,883.0,3,876.0,876.0,0.0,0.0,0.0,0.0,325
2023-05-10 21:45:27,CF401P16000,CF401P16000,876.0,0.0,0.0,0.0,10,872.0,883.0,13,876.0,876.0,0.0,0.0,0.0,0.0,325
2023-05-10 21:45:28,CF401P16000,CF401P16000,876.0,0.0,0.0,0.0,20,872.0,883.0,3,876.0,876.0,0.0,0.0,0.0,0.0,325
2023-05-10 21:45:32,CF401P16000,CF401P16000,876.0,0.0,0.0,0.0,30,872.0,883.0,3,876.0,876.0,0.0,0.0,0.0,0.0,325
2023-05-10 21:45:33,CF401P16000,CF401P16000,876.0,0.0,0.0,0.0,10,875.0,883.0,3,876.0,876.0,0.0,0.0,0.0,0.0,325
2023-05-10 21:45:38,CF401P16000,CF401P16000,876.0,0.0,0.0,0.0,10,874.0,883.0,3,876.0,876.0,0.0,0.0,0.0,0.0,325
2023-05-10 21:45:46,CF401P16000,CF401P16000,876.0,0.0,0.0,0.0,10,875.0,883.0,3,876.0,876.0,0.0,0.0,0.0,0.0,325
2023-05-10 21:45:55,CF401P16000,CF401P16000,876.0,0.0,0.0,0.0,10,876.0,883.0,3,876.0,876.0,0.0,0.0,0.0,0.0,325
2023-05-10 21:45:55,CF401P16000,CF401P16000,876.0,0.0,0.0,0.0,20,875.0,883.0,3,876.0,876.0,0.0,0.0,0.0,0.0,325
2023-05-10 21:45:56,CF401P16000,CF401P16000,876.0,0.0,0.0,0.0,30,875.0,883.0,3,876.0,876.0,0.0,0.0,0.0,0.0,325
2023-05-10 21:46:00,CF401P16000,CF401P16000,876.0,0.0,0.0,0.0,20,875.0,883.0,3,876.0,876.0,0.0,0.0,0.0,0.0,325
2023-05-10 21:46:16,CF401P16000,CF401P16000,876.0,0.0,0.0,0.0,23,875.0,883.0,3,876.0,876.0,0.0,0.0,0.0,0.0,325
2023-05-10 21:46:16,CF401P16000,CF401P16000,876.0,0.0,0.0,0.0,10,876.0,883.0,3,876.0,876.0,0.0,0.0,0.0,0.0,325
2023-05-10 21:46:17,CF401P16000,CF401P16000,876.0,0.0,0.0,0.0,10,879.0,883.0,3,876.0,876.0,0.0,0.0,0.0,0.0,325
2023-05-10 21:46:17,CF401P16000,CF401P16000,876.0,0.0,0.0,0.0,10,879.0,886.0,13,876.0,876.0,0.0,0.0,0.0,0.0,325
2023-05-10 21:46:18,CF401P16000,CF401P16000,876.0,0.0,0.0,0.0,10,878.0,886.0,13,876.0,876.0,0.0,0.0,0.0,0.0,325
2023-05-10 21:46:18,CF401P16000,CF401P16000,876.0,0.0,0.0,0.0,10,879.0,886.0,13,876.0,876.0,0.0,0.0,0.0,0.0,325
2023-05-10 21:46:19,CF401P16000,CF401P16000,876.0,0.0,0.0,0.0,10,878.0,886.0,13,876.0,876.0,0.0,0.0,0.0,0.0,325
2023-05-10 21:46:19,CF401P16000,CF401P16000,876.0,0.0,0.0,0.0,10,879.0,886.0,13,876.0,876.0,0.0,0.0,0.0,0.0,325
2023-05-10 21:48:42,CF401P16000,CF401P16000,876.0,0.0,0.0,0.0,10,880.0,886.0,3,876.0,876.0,0.0,0.0,0.0,0.0,325
2023-05-10 21:48:43,CF401P16000,CF401P16000,876.0,0.0,0.0,0.0,10,879.0,886.0,3,876.0,876.0,0.0,0.0,0.0,0.0,325
2023-05-10 21:48:43,CF401P16000,CF401P16000,876.0,0.0,0.0,0.0,20,879.0,886.0,3,876.0,876.0,0.0,0.0,0.0,0.0,325
2023-05-10 21:48:44,CF401P16000,CF401P16000,876.0,0.0,0.0,0.0,10,879.0,886.0,3,876.0,876.0,0.0,0.0,0.0,0.0,325
2023-05-10 21:48:49,CF401P16000,CF401P16000,876.0,0.0,0.0,0.0,10,880.0,886.0,3,876.0,876.0,0.0,0.0,0.0,0.0,325
2023-05-10 21:49:09,CF401P16000,CF401P16000,876.0,0.0,0.0,0.0,20,880.0,886.0,3,876.0,876.0,0.0,0.0,0.0,0.0,325
2023-05-10 21:49:09,CF401P16000,CF401P16000,876.0,0.0,0.0,0.0,10,880.0,886.0,3,876.0,876.0,0.0,0.0,0.0,0.0,325
2023-05-10 21:49:15,CF401P16000,CF401P16000,876.0,0.0,0.0,0.0,20,879.0,886.0,3,876.0,876.0,0.0,0.0,0.0,0.0,325
2023-05-10 21:49:15,CF401P16000,CF401P16000,876.0,0.0,0.0,0.0,20,878.0,886.0,3,876.0,876.0,0.0,0.0,0.0,0.0,325
2023-05-10 21:49:16,CF401P16000,CF401P16000,876.0,0.0,0.0,0.0,10,878.0,886.0,3,876.0,876.0,0.0,0.0,0.0,0.0,325
2023-05-10 21:49:18,CF401P16000,CF401P16000,876.0,0.0,0.0,0.0,30,877.0,886.0,3,876.0,876.0,0.0,0.0,0.0,0.0,325
2023-05-10 21:49:18,CF401P16000,CF401P16000,876.0,0.0,0.0,0.0,20,877.0,886.0,3,876.0,876.0,0.0,0.0,0.0,0.0,325
2023-05-10 21:49:23,CF401P16000,CF401P16000,876.0,0.0,0.0,0.0,10,877.0,886.0,3,876.0,876.0,0.0,0.0,0.0,0.0,325
2023-05-10 21:49:46,CF401P16000,CF401P16000,876.0,0.0,0.0,0.0,30,876.0,886.0,3,876.0,876.0,0.0,0.0,0.0,0.0,325
2023-05-10 21:49:47,CF401P16000,CF401P16000,876.0,0.0,0.0,0.0,10,877.0,886.0,3,876.0,876.0,0.0,0.0,0.0,0.0,325
2023-05-10 21:50:04,CF401P16000,CF401P16000,876.0,0.0,0.0,0.0,20,876.0,886.0,3,876.0,876.0,0.0,0.0,0.0,0.0,325
2023-05-10 21:50:04,CF401P16000,CF401P16000,876.0,0.0,0.0,0.0,20,876.0,886.0,13,876.0,876.0,0.0,0.0,0.0,0.0,325
2023-05-10 21:50:05,CF401P16000,CF401P16000,876.0,0.0,0.0,0.0,10,876.0,886.0,13,876.0,876.0,0.0,0.0,0.0,0.0,325
2023-05-10 21:50:05,CF401P16000,CF401P16000,876.0,0.0,0.0,0.0,3,875.0,886.0,43,876.0,876.0,0.0,0.0,0.0,0.0,325
2023-05-10 21:50:06,CF401P16000,CF401P16000,876.0,0.0,0.0,0.0,13,875.0,886.0,43,876.0,876.0,0.0,0.0,0.0,0.0,325
2023-05-10 21:50:08,CF401P16000,CF401P16000,876.0,0.0,0.0,0.0,3,875.0,886.0,43,876.0,876.0,0.0,0.0,0.0,0.0,325
2023-05-10 21:50:09,CF401P16000,CF401P16000,876.0,0.0,0.0,0.0,13,875.0,886.0,43,876.0,876.0,0.0,0.0,0.0,0.0,325
2023-05-10 21:50:09,CF401P16000,CF401P16000,876.0,0.0,0.0,0.0,13,875.0,886.0,33,876.0,876.0,0.0,0.0,0.0,0.0,325
2023-05-10 21:50:13,CF401P16000,CF401P16000,876.0,0.0,0.0,0.0,13,875.0,886.0,43,876.0,876.0,0.0,0.0,0.0,0.0,325
2023-05-10 21:50:17,CF401P16000,CF401P16000,876.0,0.0,0.0,0.0,3,875.0,883.0,3,876.0,876.0,0.0,0.0,0.0,0.0,325
2023-05-10 21:50:18,CF401P16000,CF401P16000,876.0,0.0,0.0,0.0,3,875.0,883.0,13,876.0,876.0,0.0,0.0,0.0,0.0,325
2023-05-10 21:50:19,CF401P16000,CF401P16000,876.0,0.0,0.0,0.0,3,875.0,883.0,3,876.0,876.0,0.0,0.0,0.0,0.0,325
2023-05-10 21:50:20,CF401P16000,CF401P16000,876.0,0.0,0.0,0.0,20,873.0,883.0,3,876.0,876.0,0.0,0.0,0.0,0.0,325
2023-05-10 21:50:22,CF401P16000,CF401P16000,876.0,0.0,0.0,0.0,10,873.0,883.0,3,876.0,876.0,0.0,0.0,0.0,0.0,325
2023-05-10 21:50:23,CF401P16000,CF401P16000,876.0,0.0,0.0,0.0,10,873.0,883.0,13,876.0,876.0,0.0,0.0,0.0,0.0,325
2023-05-10 21:50:23,CF401P16000,CF401P16000,876.0,0.0,0.0,0.0,10,873.0,883.0,23,876.0,876.0,0.0,0.0,0.0,0.0,325
2023-05-10 21:50:26,CF401P16000,CF401P16000,876.0,0.0,0.0,0.0,10,873.0,883.0,13,876.0,876.0,0.0,0.0,0.0,0.0,325
2023-05-10 21:50:33,CF401P16000,CF401P16000,876.0,0.0,0.0,0.0,10,875.0,883.0,13,876.0,876.0,0.0,0.0,0.0,0.0,325
2023-05-10 21:50:36,CF401P16000,CF401P16000,876.0,0.0,0.0,0.0,20,874.0,883.0,13,876.0,876.0,0.0,0.0,0.0,0.0,325
2023-05-10 21:50:41,CF401P16000,CF401P16000,876.0,0.0,0.0,0.0,10,874.0,883.0,23,876.0,876.0,0.0,0.0,0.0,0.0,325
2023-05-10 21:50:42,CF401P16000,CF401P16000,876.0,0.0,0.0,0.0,10,873.0,883.0,13,876.0,876.0,0.0,0.0,0.0,0.0,325
2023-05-10 21:50:47,CF401P16000,CF401P16000,876.0,0.0,0.0,0.0,20,874.0,883.0,13,876.0,876.0,0.0,0.0,0.0,0.0,325
2023-05-10 21:50:49,CF401P16000,CF401P16000,876.0,0.0,0.0,0.0,10,874.0,883.0,13,876.0,876.0,0.0,0.0,0.0,0.0,325
2023-05-10 21:50:50,CF401P16000,CF401P16000,876.0,0.0,0.0,0.0,10,873.0,883.0,13,876.0,876.0,0.0,0.0,0.0,0.0,325
2023-05-10 21:50:52,CF401P16000,CF401P16000,876.0,0.0,0.0,0.0,10,875.0,883.0,13,876.0,876.0,0.0,0.0,0.0,0.0,325
2023-05-10 21:50:58,CF401P16000,CF401P16000,876.0,0.0,0.0,0.0,10,874.0,883.0,13,876.0,876.0,0.0,0.0,0.0,0.0,325
2023-05-10 21:50:58,CF401P16000,CF401P16000,876.0,0.0,0.0,0.0,10,875.0,883.0,13,876.0,876.0,0.0,0.0,0.0,0.0,325
2023-05-10 21:51:15,CF401P16000,CF401P16000,876.0,0.0,0.0,0.0,10,874.0,883.0,13,876.0,876.0,0.0,0.0,0.0,0.0,325
2023-05-10 21:51:18,CF401P16000,CF401P16000,876.0,0.0,0.0,0.0,10,873.0,883.0,23,876.0,876.0,0.0,0.0,0.0,0.0,325
2023-05-10 21:51:19,CF401P16000,CF401P16000,876.0,0.0,0.0,0.0,10,872.0,883.0,23,876.0,876.0,0.0,0.0,0.0,0.0,325
2023-05-10 21:51:21,CF401P16000,CF401P16000,876.0,0.0,0.0,0.0,10,872.0,883.0,33,876.0,876.0,0.0,0.0,0.0,0.0,325
2023-05-10 21:51:23,CF401P16000,CF401P16000,876.0,0.0,0.0,0.0,10,871.0,880.0,3,876.0,876.0,0.0,0.0,0.0,0.0,325
2023-05-10 21:51:27,CF401P16000,CF401P16000,876.0,0.0,0.0,0.0,10,872.0,880.0,13,876.0,876.0,0.0,0.0,0.0,0.0,325
2023-05-10 21:51:28,CF401P16000,CF401P16000,876.0,0.0,0.0,0.0,20,872.0,880.0,13,876.0,876.0,0.0,0.0,0.0,0.0,325
2023-05-10 21:51:28,CF401P16000,CF401P16000,876.0,0.0,0.0,0.0,10,871.0,880.0,13,876.0,876.0,0.0,0.0,0.0,0.0,325
2023-05-10 21:51:40,CF401P16000,CF401P16000,876.0,0.0,0.0,0.0,10,871.0,880.0,23,876.0,876.0,0.0,0.0,0.0,0.0,325
2023-05-10 21:51:40,CF401P16000,CF401P16000,876.0,0.0,0.0,0.0,3,870.0,878.0,10,876.0,876.0,0.0,0.0,0.0,0.0,325
2023-05-10 21:51:41,CF401P16000,CF401P16000,876.0,0.0,0.0,0.0,3,870.0,878.0,20,876.0,876.0,0.0,0.0,0.0,0.0,325
2023-05-10 21:51:42,CF401P16000,CF401P16000,876.0,0.0,0.0,0.0,3,870.0,879.0,10,876.0,876.0,0.0,0.0,0.0,0.0,325
2023-05-10 21:51:42,CF401P16000,CF401P16000,876.0,0.0,0.0,0.0,3,870.0,879.0,20,876.0,876.0,0.0,0.0,0.0,0.0,325
2023-05-10 21:51:43,CF401P16000,CF401P16000,876.0,0.0,0.0,0.0,10,868.0,878.0,10,876.0,876.0,0.0,0.0,0.0,0.0,325
2023-05-10 21:51:44,CF401P16000,CF401P16000,876.0,0.0,0.0,0.0,10,868.0,879.0,30,876.0,876.0,0.0,0.0,0.0,0.0,325
2023-05-10 21:51:45,CF401P16000,CF401P16000,876.0,0.0,0.0,0.0,10,870.0,879.0,20,876.0,876.0,0.0,0.0,0.0,0.0,325
2023-05-10 21:51:45,CF401P16000,CF401P16000,876.0,0.0,0.0,0.0,10,869.0,878.0,10,876.0,876.0,0.0,0.0,0.0,0.0,325
2023-05-10 21:51:46,CF401P16000,CF401P16000,876.0,0.0,0.0,0.0,10,868.0,878.0,10,876.0,876.0,0.0,0.0,0.0,0.0,325
2023-05-10 21:51:51,CF401P16000,CF401P16000,876.0,0.0,0.0,0.0,10,868.0,878.0,20,876.0,876.0,0.0,0.0,0.0,0.0,325
2023-05-10 21:51:53,CF401P16000,CF401P16000,876.0,0.0,0.0,0.0,10,868.0,878.0,10,876.0,876.0,0.0,0.0,0.0,0.0,325
2023-05-10 21:51:53,CF401P16000,CF401P16000,876.0,0.0,0.0,0.0,20,868.0,878.0,20,876.0,876.0,0.0,0.0,0.0,0.0,325
2023-05-10 21:51:54,CF401P16000,CF401P16000,876.0,0.0,0.0,0.0,10,870.0,878.0,20,876.0,876.0,0.0,0.0,0.0,0.0,325
2023-05-10 21:51:55,CF401P16000,CF401P16000,876.0,0.0,0.0,0.0,20,869.0,878.0,20,876.0,876.0,0.0,0.0,0.0,0.0,325
2023-05-10 21:51:56,CF401P16000,CF401P16000,876.0,0.0,0.0,0.0,10,869.0,878.0,20,876.0,876.0,0.0,0.0,0.0,0.0,325
2023-05-10 21:51:57,CF401P16000,CF401P16000,876.0,0.0,0.0,0.0,10,868.0,878.0,20,876.0,876.0,0.0,0.0,0.0,0.0,325
2023-05-10 21:51:58,CF401P16000,CF401P16000,876.0,0.0,0.0,0.0,10,870.0,878.0,20,876.0,876.0,0.0,0.0,0.0,0.0,325
2023-05-10 21:52:00,CF401P16000,CF401P16000,876.0,0.0,0.0,0.0,10,869.0,878.0,20,876.0,876.0,0.0,0.0,0.0,0.0,325
2023-05-10 21:52:01,CF401P16000,CF401P16000,876.0,0.0,0.0,0.0,20,870.0,878.0,20,876.0,876.0,0.0,0.0,0.0,0.0,325
2023-05-10 21:52:01,CF401P16000,CF401P16000,876.0,0.0,0.0,0.0,10,870.0,878.0,20,876.0,876.0,0.0,0.0,0.0,0.0,325
2023-05-10 21:52:10,CF401P16000,CF401P16000,876.0,0.0,0.0,0.0,10,869.0,878.0,20,876.0,876.0,0.0,0.0,0.0,0.0,325
2023-05-10 21:52:15,CF401P16000,CF401P16000,876.0,0.0,0.0,0.0,10,870.0,878.0,20,876.0,876.0,0.0,0.0,0.0,0.0,325
2023-05-10 21:52:16,CF401P16000,CF401P16000,876.0,0.0,0.0,0.0,10,869.0,878.0,20,876.0,876.0,0.0,0.0,0.0,0.0,325
2023-05-10 21:52:17,CF401P16000,CF401P16000,876.0,0.0,0.0,0.0,10,870.0,878.0,20,876.0,876.0,0.0,0.0,0.0,0.0,325
2023-05-10 21:52:20,CF401P16000,CF401P16000,876.0,0.0,0.0,0.0,10,869.0,878.0,20,876.0,876.0,0.0,0.0,0.0,0.0,325
2023-05-10 21:52:21,CF401P16000,CF401P16000,876.0,0.0,0.0,0.0,10,870.0,878.0,20,876.0,876.0,0.0,0.0,0.0,0.0,325
2023-05-10 21:52:37,CF401P16000,CF401P16000,876.0,0.0,0.0,0.0,20,870.0,879.0,30,876.0,876.0,0.0,0.0,0.0,0.0,325
2023-05-10 21:52:38,CF401P16000,CF401P16000,876.0,0.0,0.0,0.0,20,870.0,879.0,20,876.0,876.0,0.0,0.0,0.0,0.0,325
2023-05-10 21:52:40,CF401P16000,CF401P16000,876.0,0.0,0.0,0.0,20,870.0,880.0,33,876.0,876.0,0.0,0.0,0.0,0.0,325
2023-05-10 21:52:40,CF401P16000,CF401P16000,876.0,0.0,0.0,0.0,20,870.0,880.0,43,876.0,876.0,0.0,0.0,0.0,0.0,325
2023-05-10 21:52:41,CF401P16000,CF401P16000,876.0,0.0,0.0,0.0,10,872.0,880.0,33,876.0,876.0,0.0,0.0,0.0,0.0,325
2023-05-10 21:52:45,CF401P16000,CF401P16000,876.0,0.0,0.0,0.0,10,871.0,880.0,33,876.0,876.0,0.0,0.0,0.0,0.0,325
2023-05-10 21:52:50,CF401P16000,CF401P16000,876.0,0.0,0.0,0.0,10,872.0,880.0,33,876.0,876.0,0.0,0.0,0.0,0.0,325
2023-05-10 21:52:52,CF401P16000,CF401P16000,876.0,0.0,0.0,0.0,10,872.0,880.0,23,876.0,876.0,0.0,0.0,0.0,0.0,325
2023-05-10 21:52:52,CF401P16000,CF401P16000,876.0,0.0,0.0,0.0,10,873.0,880.0,13,876.0,876.0,0.0,0.0,0.0,0.0,325
2023-05-10 21:52:53,CF401P16000,CF401P16000,876.0,0.0,0.0,0.0,10,873.0,880.0,3,876.0,876.0,0.0,0.0,0.0,0.0,325
2023-05-10 21:52:53,CF401P16000,CF401P16000,876.0,0.0,0.0,0.0,10,872.0,880.0,13,876.0,876.0,0.0,0.0,0.0,0.0,325
2023-05-10 21:52:54,CF401P16000,CF401P16000,876.0,0.0,0.0,0.0,10,872.0,880.0,3,876.0,876.0,0.0,0.0,0.0,0.0,325
2023-05-10 21:52:56,CF401P16000,CF401P16000,876.0,0.0,0.0,0.0,20,872.0,880.0,3,876.0,876.0,0.0,0.0,0.0,0.0,325
2023-05-10 21:52:59,CF401P16000,CF401P16000,876.0,0.0,0.0,0.0,30,872.0,880.0,13,876.0,876.0,0.0,0.0,0.0,0.0,325
2023-05-10 21:52:59,CF401P16000,CF401P16000,876.0,0.0,0.0,0.0,10,872.0,880.0,13,876.0,876.0,0.0,0.0,0.0,0.0,325
2023-05-10 21:53:00,CF401P16000,CF401P16000,876.0,0.0,0.0,0.0,20,871.0,880.0,23,876.0,876.0,0.0,0.0,0.0,0.0,325
2023-05-10 21:53:00,CF401P16000,CF401P16000,876.0,0.0,0.0,0.0,10,871.0,880.0,23,876.0,876.0,0.0,0.0,0.0,0.0,325
2023-05-10 21:53:02,CF401P16000,CF401P16000,876.0,0.0,0.0,0.0,10,872.0,880.0,23,876.0,876.0,0.0,0.0,0.0,0.0,325
2023-05-10 21:53:07,CF401P16000,CF401P16000,876.0,0.0,0.0,0.0,10,871.0,880.0,23,876.0,876.0,0.0,0.0,0.0,0.0,325
2023-05-10 21:53:10,CF401P16000,CF401P16000,876.0,0.0,0.0,0.0,20,871.0,880.0,23,876.0,876.0,0.0,0.0,0.0,0.0,325
2023-05-10 21:53:24,CF401P16000,CF401P16000,876.0,0.0,0.0,0.0,10,871.0,880.0,23,876.0,876.0,0.0,0.0,0.0,0.0,325
2023-05-10 21:53:28,CF401P16000,CF401P16000,876.0,0.0,0.0,0.0,10,869.0,879.0,10,876.0,876.0,0.0,0.0,0.0,0.0,325
2023-05-10 21:53:29,CF401P16000,CF401P16000,876.0,0.0,0.0,0.0,10,869.0,879.0,20,876.0,876.0,0.0,0.0,0.0,0.0,325
2023-05-10 21:53:29,CF401P16000,CF401P16000,876.0,0.0,0.0,0.0,20,867.0,879.0,20,876.0,876.0,0.0,0.0,0.0,0.0,325
2023-05-10 21:53:30,CF401P16000,CF401P16000,876.0,0.0,0.0,0.0,20,867.0,879.0,10,876.0,876.0,0.0,0.0,0.0,0.0,325
2023-05-10 21:53:31,CF401P16000,CF401P16000,876.0,0.0,0.0,0.0,10,868.0,879.0,10,876.0,876.0,0.0,0.0,0.0,0.0,325
2023-05-10 21:53:36,CF401P16000,CF401P16000,876.0,0.0,0.0,0.0,10,868.0,879.0,20,876.0,876.0,0.0,0.0,0.0,0.0,325
2023-05-10 21:53:38,CF401P16000,CF401P16000,876.0,0.0,0.0,0.0,10,870.0,879.0,20,876.0,876.0,0.0,0.0,0.0,0.0,325
2023-05-10 21:53:38,CF401P16000,CF401P16000,876.0,0.0,0.0,0.0,20,870.0,879.0,20,876.0,876.0,0.0,0.0,0.0,0.0,325
2023-05-10 21:53:40,CF401P16000,CF401P16000,876.0,0.0,0.0,0.0,10,870.0,879.0,20,876.0,876.0,0.0,0.0,0.0,0.0,325
2023-05-10 21:53:48,CF401P16000,CF401P16000,876.0,0.0,0.0,0.0,10,869.0,879.0,20,876.0,876.0,0.0,0.0,0.0,0.0,325
2023-05-10 21:53:51,CF401P16000,CF401P16000,876.0,0.0,0.0,0.0,10,870.0,879.0,20,876.0,876.0,0.0,0.0,0.0,0.0,325
2023-05-10 21:53:58,CF401P16000,CF401P16000,876.0,0.0,0.0,0.0,10,869.0,879.0,20,876.0,876.0,0.0,0.0,0.0,0.0,325
2023-05-10 21:54:02,CF401P16000,CF401P16000,876.0,0.0,0.0,0.0,10,870.0,879.0,20,876.0,876.0,0.0,0.0,0.0,0.0,325
2023-05-10 21:54:15,CF401P16000,CF401P16000,876.0,0.0,0.0,0.0,20,870.0,879.0,10,876.0,876.0,0.0,0.0,0.0,0.0,325
2023-05-10 21:54:22,CF401P16000,CF401P16000,876.0,0.0,0.0,0.0,20,870.0,879.0,20,876.0,876.0,0.0,0.0,0.0,0.0,325
2023-05-10 21:54:24,CF401P16000,CF401P16000,876.0,0.0,0.0,0.0,20,870.0,879.0,10,876.0,876.0,0.0,0.0,0.0,0.0,325
2023-05-10 21:54:25,CF401P16000,CF401P16000,876.0,0.0,0.0,0.0,20,872.0,879.0,10,876.0,876.0,0.0,0.0,0.0,0.0,325
2023-05-10 21:54:33,CF401P16000,CF401P16000,876.0,0.0,0.0,0.0,10,872.0,879.0,10,876.0,876.0,0.0,0.0,0.0,0.0,325
2023-05-10 21:54:33,CF401P16000,CF401P16000,876.0,0.0,0.0,0.0,20,872.0,879.0,10,876.0,876.0,0.0,0.0,0.0,0.0,325
2023-05-10 21:54:37,CF401P16000,CF401P16000,876.0,0.0,0.0,0.0,10,872.0,879.0,10,876.0,876.0,0.0,0.0,0.0,0.0,325
2023-05-10 21:54:38,CF401P16000,CF401P16000,876.0,0.0,0.0,0.0,20,872.0,879.0,10,876.0,876.0,0.0,0.0,0.0,0.0,325
2023-05-10 21:54:46,CF401P16000,CF401P16000,876.0,0.0,0.0,0.0,10,870.0,879.0,10,876.0,876.0,0.0,0.0,0.0,0.0,325
2023-05-10 21:54:49,CF401P16000,CF401P16000,876.0,0.0,0.0,0.0,20,870.0,879.0,10,876.0,876.0,0.0,0.0,0.0,0.0,325
2023-05-10 21:54:54,CF401P16000,CF401P16000,876.0,0.0,0.0,0.0,10,870.0,879.0,10,876.0,876.0,0.0,0.0,0.0,0.0,325
2023-05-10 21:54:56,CF401P16000,CF401P16000,876.0,0.0,0.0,0.0,20,869.0,879.0,10,876.0,876.0,0.0,0.0,0.0,0.0,325
2023-05-10 21:55:01,CF401P16000,CF401P16000,876.0,0.0,0.0,0.0,10,870.0,879.0,10,876.0,876.0,0.0,0.0,0.0,0.0,325
2023-05-10 21:55:05,CF401P16000,CF401P16000,876.0,0.0,0.0,0.0,20,869.0,879.0,10,876.0,876.0,0.0,0.0,0.0,0.0,325
2023-05-10 21:55:11,CF401P16000,CF401P16000,876.0,0.0,0.0,0.0,10,869.0,879.0,10,876.0,876.0,0.0,0.0,0.0,0.0,325
2023-05-10 21:55:13,CF401P16000,CF401P16000,876.0,0.0,0.0,0.0,10,869.0,877.0,3,876.0,876.0,0.0,0.0,0.0,0.0,325
2023-05-10 21:55:13,CF401P16000,CF401P16000,876.0,0.0,0.0,0.0,10,867.0,877.0,23,876.0,876.0,0.0,0.0,0.0,0.0,325
2023-05-10 21:55:14,CF401P16000,CF401P16000,876.0,0.0,0.0,0.0,30,867.0,877.0,23,876.0,876.0,0.0,0.0,0.0,0.0,325
2023-05-10 21:55:15,CF401P16000,CF401P16000,876.0,0.0,0.0,0.0,13,866.0,877.0,23,876.0,876.0,0.0,0.0,0.0,0.0,325
2023-05-10 21:55:15,CF401P16000,CF401P16000,876.0,0.0,0.0,0.0,13,866.0,877.0,13,876.0,876.0,0.0,0.0,0.0,0.0,325
2023-05-10 21:55:16,CF401P16000,CF401P16000,876.0,0.0,0.0,0.0,13,866.0,876.0,10,876.0,876.0,0.0,0.0,0.0,0.0,325
2023-05-10 21:55:17,CF401P16000,CF401P16000,876.0,0.0,0.0,0.0,13,866.0,876.0,20,876.0,876.0,0.0,0.0,0.0,0.0,325
2023-05-10 21:55:20,CF401P16000,CF401P16000,876.0,1.0,876.0,1.0,13,866.0,876.0,19,876.0,876.0,876.0,876.0,1.0,876.0,326
2023-05-10 21:55:20,CF401P16000,CF401P16000,876.0,0.0,0.0,0.0,13,866.0,875.0,40,876.0,876.0,876.0,876.0,1.0,876.0,326
2023-05-10 21:55:23,CF401P16000,CF401P16000,876.0,0.0,0.0,0.0,3,866.0,875.0,40,876.0,876.0,876.0,876.0,1.0,876.0,326
2023-05-10 21:55:35,CF401P16000,CF401P16000,876.0,0.0,0.0,0.0,3,866.0,875.0,60,876.0,876.0,876.0,876.0,1.0,876.0,326
2023-05-10 21:55:53,CF401P16000,CF401P16000,876.0,0.0,0.0,0.0,13,866.0,875.0,60,876.0,876.0,876.0,876.0,1.0,876.0,326
2023-05-10 21:56:00,CF401P16000,CF401P16000,876.0,0.0,0.0,0.0,3,866.0,875.0,60,876.0,876.0,876.0,876.0,1.0,876.0,326
2023-05-10 21:56:01,CF401P16000,CF401P16000,876.0,0.0,0.0,0.0,13,866.0,875.0,60,876.0,876.0,876.0,876.0,1.0,876.0,326
2023-05-10 21:56:12,CF401P16000,CF401P16000,876.0,0.0,0.0,0.0,3,866.0,874.0,3,876.0,876.0,876.0,876.0,1.0,876.0,326
2023-05-10 21:56:12,CF401P16000,CF401P16000,876.0,0.0,0.0,0.0,3,866.0,874.0,13,876.0,876.0,876.0,876.0,1.0,876.0,326
2023-05-10 21:56:14,CF401P16000,CF401P16000,876.0,0.0,0.0,0.0,13,866.0,874.0,13,876.0,876.0,876.0,876.0,1.0,876.0,326
2023-05-10 21:56:14,CF401P16000,CF401P16000,876.0,0.0,0.0,0.0,13,866.0,874.0,3,876.0,876.0,876.0,876.0,1.0,876.0,326
2023-05-10 21:56:18,CF401P16000,CF401P16000,876.0,0.0,0.0,0.0,3,866.0,874.0,3,876.0,876.0,876.0,876.0,1.0,876.0,326
2023-05-10 21:56:19,CF401P16000,CF401P16000,876.0,0.0,0.0,0.0,13,866.0,874.0,3,876.0,876.0,876.0,876.0,1.0,876.0,326
2023-05-10 21:56:35,CF401P16000,CF401P16000,876.0,0.0,0.0,0.0,23,866.0,874.0,13,876.0,876.0,876.0,876.0,1.0,876.0,326
2023-05-10 21:56:38,CF401P16000,CF401P16000,876.0,0.0,0.0,0.0,10,867.0,874.0,3,876.0,876.0,876.0,876.0,1.0,876.0,326
2023-05-10 21:56:44,CF401P16000,CF401P16000,876.0,0.0,0.0,0.0,20,867.0,874.0,3,876.0,876.0,876.0,876.0,1.0,876.0,326
2023-05-10 21:57:00,CF401P16000,CF401P16000,876.0,0.0,0.0,0.0,10,867.0,874.0,3,876.0,876.0,876.0,876.0,1.0,876.0,326
2023-05-10 21:57:01,CF401P16000,CF401P16000,876.0,0.0,0.0,0.0,20,867.0,874.0,3,876.0,876.0,876.0,876.0,1.0,876.0,326
2023-05-10 21:57:15,CF401P16000,CF401P16000,876.0,0.0,0.0,0.0,10,867.0,874.0,3,876.0,876.0,876.0,876.0,1.0,876.0,326
2023-05-10 21:57:16,CF401P16000,CF401P16000,876.0,0.0,0.0,0.0,20,867.0,874.0,3,876.0,876.0,876.0,876.0,1.0,876.0,326
2023-05-10 21:57:35,CF401P16000,CF401P16000,876.0,0.0,0.0,0.0,10,867.0,874.0,3,876.0,876.0,876.0,876.0,1.0,876.0,326
2023-05-10 21:57:36,CF401P16000,CF401P16000,876.0,0.0,0.0,0.0,13,866.0,874.0,3,876.0,876.0,876.0,876.0,1.0,876.0,326
2023-05-10 21:57:36,CF401P16000,CF401P16000,876.0,0.0,0.0,0.0,3,866.0,874.0,3,876.0,876.0,876.0,876.0,1.0,876.0,326
2023-05-10 21:57:41,CF401P16000,CF401P16000,876.0,0.0,0.0,0.0,20,867.0,874.0,3,876.0,876.0,876.0,876.0,1.0,876.0,326
2023-05-10 21:57:50,CF401P16000,CF401P16000,876.0,0.0,0.0,0.0,10,867.0,874.0,3,876.0,876.0,876.0,876.0,1.0,876.0,326
2023-05-10 21:57:56,CF401P16000,CF401P16000,876.0,0.0,0.0,0.0,20,867.0,874.0,3,876.0,876.0,876.0,876.0,1.0,876.0,326
2023-05-10 21:58:10,CF401P16000,CF401P16000,876.0,0.0,0.0,0.0,10,870.0,876.0,20,876.0,876.0,876.0,876.0,1.0,876.0,326
2023-05-10 21:58:10,CF401P16000,CF401P16000,876.0,0.0,0.0,0.0,10,870.0,877.0,3,876.0,876.0,876.0,876.0,1.0,876.0,326
2023-05-10 21:58:18,CF401P16000,CF401P16000,876.0,0.0,0.0,0.0,10,872.0,877.0,3,876.0,876.0,876.0,876.0,1.0,876.0,326
2023-05-10 21:58:21,CF401P16000,CF401P16000,876.0,0.0,0.0,0.0,10,872.0,880.0,10,876.0,876.0,876.0,876.0,1.0,876.0,326
2023-05-10 21:58:22,CF401P16000,CF401P16000,876.0,0.0,0.0,0.0,10,872.0,881.0,10,876.0,876.0,876.0,876.0,1.0,876.0,326
2023-05-10 21:58:28,CF401P16000,CF401P16000,876.0,0.0,0.0,0.0,20,872.0,881.0,10,876.0,876.0,876.0,876.0,1.0,876.0,326
2023-05-10 21:58:33,CF401P16000,CF401P16000,876.0,0.0,0.0,0.0,10,872.0,881.0,20,876.0,876.0,876.0,876.0,1.0,876.0,326
2023-05-10 21:58:34,CF401P16000,CF401P16000,876.0,0.0,0.0,0.0,20,872.0,881.0,10,876.0,876.0,876.0,876.0,1.0,876.0,326
2023-05-10 21:58:34,CF401P16000,CF401P16000,876.0,0.0,0.0,0.0,10,872.0,881.0,10,876.0,876.0,876.0,876.0,1.0,876.0,326
2023-05-10 21:58:37,CF401P16000,CF401P16000,876.0,0.0,0.0,0.0,20,872.0,881.0,10,876.0,876.0,876.0,876.0,1.0,876.0,326
2023-05-10 21:58:41,CF401P16000,CF401P16000,876.0,0.0,0.0,0.0,30,872.0,881.0,20,876.0,876.0,876.0,876.0,1.0,876.0,326
2023-05-10 21:58:42,CF401P16000,CF401P16000,876.0,0.0,0.0,0.0,20,872.0,881.0,20,876.0,876.0,876.0,876.0,1.0,876.0,326
2023-05-10 21:58:43,CF401P16000,CF401P16000,876.0,0.0,0.0,0.0,30,872.0,881.0,10,876.0,876.0,876.0,876.0,1.0,876.0,326
2023-05-10 21:58:44,CF401P16000,CF401P16000,876.0,0.0,0.0,0.0,30,872.0,882.0,33,876.0,876.0,876.0,876.0,1.0,876.0,326
2023-05-10 21:58:45,CF401P16000,CF401P16000,876.0,0.0,0.0,0.0,20,872.0,882.0,23,876.0,876.0,876.0,876.0,1.0,876.0,326
2023-05-10 21:58:47,CF401P16000,CF401P16000,876.0,0.0,0.0,0.0,20,872.0,882.0,13,876.0,876.0,876.0,876.0,1.0,876.0,326
2023-05-10 21:59:00,CF401P16000,CF401P16000,876.0,0.0,0.0,0.0,10,873.0,882.0,13,876.0,876.0,876.0,876.0,1.0,876.0,326
2023-05-10 21:59:03,CF401P16000,CF401P16000,876.0,0.0,0.0,0.0,10,875.0,882.0,3,876.0,876.0,876.0,876.0,1.0,876.0,326
2023-05-10 21:59:05,CF401P16000,CF401P16000,876.0,0.0,0.0,0.0,10,876.0,882.0,3,876.0,876.0,876.0,876.0,1.0,876.0,326
2023-05-10 21:59:10,CF401P16000,CF401P16000,876.0,0.0,0.0,0.0,20,877.0,882.0,3,876.0,876.0,876.0,876.0,1.0,876.0,326
2023-05-10 21:59:16,CF401P16000,CF401P16000,876.0,0.0,0.0,0.0,10,877.0,882.0,3,876.0,876.0,876.0,876.0,1.0,876.0,326
2023-05-10 21:59:17,CF401P16000,CF401P16000,876.0,0.0,0.0,0.0,20,875.0,882.0,3,876.0,876.0,876.0,876.0,1.0,876.0,326
2023-05-10 21:59:22,CF401P16000,CF401P16000,876.0,0.0,0.0,0.0,30,875.0,882.0,3,876.0,876.0,876.0,876.0,1.0,876.0,326
