time,symbol_id,symbol_name,last,trade_volume,trade_amount,open_interest_change,bv1,bp1,ap1,av1,yesterday_close,today_open,today_high,today_low,volume,amount,open_interest
2023-05-10 19:12:58,CF401C14600,CF401C14600,1638.0,0.0,0.0,0.0,0,0.0,0.0,0,1638.0,0.0,0.0,0.0,0.0,0.0,251
2023-05-10 21:02:04,CF401C14600,CF401C14600,1638.0,0.0,0.0,0.0,1,681.0,2595.0,1,1638.0,0.0,0.0,0.0,0.0,0.0,251
2023-05-10 21:02:04,CF401C14600,CF401C14600,1638.0,0.0,0.0,0.0,10,682.0,2594.0,10,1638.0,0.0,0.0,0.0,0.0,0.0,251
2023-05-10 21:02:07,CF401C14600,CF401C14600,1638.0,0.0,0.0,0.0,1,685.0,2594.0,10,1638.0,0.0,0.0,0.0,0.0,0.0,251
2023-05-10 21:02:07,CF401C14600,CF401C14600,1638.0,0.0,0.0,0.0,10,686.0,2594.0,10,1638.0,0.0,0.0,0.0,0.0,0.0,251
2023-05-10 21:02:10,CF401C14600,CF401C14600,1638.0,0.0,0.0,0.0,1,689.0,2591.0,1,1638.0,0.0,0.0,0.0,0.0,0.0,251
2023-05-10 21:02:10,CF401C14600,CF401C14600,1638.0,0.0,0.0,0.0,10,690.0,2590.0,10,1638.0,0.0,0.0,0.0,0.0,0.0,251
2023-05-10 21:02:11,CF401C14600,CF401C14600,1638.0,0.0,0.0,0.0,1,693.0,2587.0,1,1638.0,0.0,0.0,0.0,0.0,0.0,251
2023-05-10 21:02:11,CF401C14600,CF401C14600,1638.0,0.0,0.0,0.0,10,694.0,2586.0,10,1638.0,0.0,0.0,0.0,0.0,0.0,251
2023-05-10 21:02:15,CF401C14600,CF401C14600,1638.0,0.0,0.0,0.0,1,697.0,2583.0,1,1638.0,0.0,0.0,0.0,0.0,0.0,251
2023-05-10 21:02:15,CF401C14600,CF401C14600,1638.0,0.0,0.0,0.0,10,698.0,2582.0,10,1638.0,0.0,0.0,0.0,0.0,0.0,251
2023-05-10 21:02:17,CF401C14600,CF401C14600,1638.0,0.0,0.0,0.0,1,701.0,2579.0,1,1638.0,0.0,0.0,0.0,0.0,0.0,251
2023-05-10 21:02:17,CF401C14600,CF401C14600,1638.0,0.0,0.0,0.0,10,702.0,2578.0,10,1638.0,0.0,0.0,0.0,0.0,0.0,251
2023-05-10 21:02:21,CF401C14600,CF401C14600,1638.0,0.0,0.0,0.0,1,705.0,2575.0,1,1638.0,0.0,0.0,0.0,0.0,0.0,251
2023-05-10 21:02:21,CF401C14600,CF401C14600,1638.0,0.0,0.0,0.0,10,706.0,2574.0,10,1638.0,0.0,0.0,0.0,0.0,0.0,251
2023-05-10 21:02:24,CF401C14600,CF401C14600,1638.0,0.0,0.0,0.0,1,709.0,2571.0,1,1638.0,0.0,0.0,0.0,0.0,0.0,251
2023-05-10 21:02:24,CF401C14600,CF401C14600,1638.0,0.0,0.0,0.0,10,710.0,2570.0,10,1638.0,0.0,0.0,0.0,0.0,0.0,251
2023-05-10 21:02:27,CF401C14600,CF401C14600,1638.0,0.0,0.0,0.0,1,713.0,2567.0,1,1638.0,0.0,0.0,0.0,0.0,0.0,251
2023-05-10 21:02:27,CF401C14600,CF401C14600,1638.0,0.0,0.0,0.0,10,714.0,2566.0,10,1638.0,0.0,0.0,0.0,0.0,0.0,251
2023-05-10 21:02:28,CF401C14600,CF401C14600,1638.0,0.0,0.0,0.0,1,717.0,2563.0,1,1638.0,0.0,0.0,0.0,0.0,0.0,251
2023-05-10 21:02:28,CF401C14600,CF401C14600,1638.0,0.0,0.0,0.0,10,718.0,2562.0,10,1638.0,0.0,0.0,0.0,0.0,0.0,251
2023-05-10 21:02:29,CF401C14600,CF401C14600,1638.0,0.0,0.0,0.0,1,721.0,2562.0,10,1638.0,0.0,0.0,0.0,0.0,0.0,251
2023-05-10 21:02:29,CF401C14600,CF401C14600,1638.0,0.0,0.0,0.0,10,722.0,2562.0,10,1638.0,0.0,0.0,0.0,0.0,0.0,251
2023-05-10 21:02:31,CF401C14600,CF401C14600,1638.0,0.0,0.0,0.0,1,725.0,2559.0,1,1638.0,0.0,0.0,0.0,0.0,0.0,251
2023-05-10 21:02:31,CF401C14600,CF401C14600,1638.0,0.0,0.0,0.0,10,726.0,2558.0,10,1638.0,0.0,0.0,0.0,0.0,0.0,251
2023-05-10 21:02:34,CF401C14600,CF401C14600,1638.0,0.0,0.0,0.0,1,729.0,2555.0,1,1638.0,0.0,0.0,0.0,0.0,0.0,251
2023-05-10 21:02:34,CF401C14600,CF401C14600,1638.0,0.0,0.0,0.0,10,730.0,2554.0,10,1638.0,0.0,0.0,0.0,0.0,0.0,251
2023-05-10 21:02:36,CF401C14600,CF401C14600,1638.0,0.0,0.0,0.0,1,733.0,2551.0,1,1638.0,0.0,0.0,0.0,0.0,0.0,251
2023-05-10 21:02:36,CF401C14600,CF401C14600,1638.0,0.0,0.0,0.0,10,734.0,2550.0,10,1638.0,0.0,0.0,0.0,0.0,0.0,251
2023-05-10 21:02:40,CF401C14600,CF401C14600,1638.0,0.0,0.0,0.0,1,737.0,2547.0,1,1638.0,0.0,0.0,0.0,0.0,0.0,251
2023-05-10 21:02:40,CF401C14600,CF401C14600,1638.0,0.0,0.0,0.0,10,738.0,2546.0,10,1638.0,0.0,0.0,0.0,0.0,0.0,251
2023-05-10 21:02:41,CF401C14600,CF401C14600,1638.0,0.0,0.0,0.0,1,741.0,2543.0,1,1638.0,0.0,0.0,0.0,0.0,0.0,251
2023-05-10 21:02:41,CF401C14600,CF401C14600,1638.0,0.0,0.0,0.0,10,742.0,2542.0,10,1638.0,0.0,0.0,0.0,0.0,0.0,251
2023-05-10 21:02:46,CF401C14600,CF401C14600,1638.0,0.0,0.0,0.0,1,745.0,2539.0,1,1638.0,0.0,0.0,0.0,0.0,0.0,251
2023-05-10 21:02:46,CF401C14600,CF401C14600,1638.0,0.0,0.0,0.0,10,746.0,2538.0,10,1638.0,0.0,0.0,0.0,0.0,0.0,251
2023-05-10 21:02:54,CF401C14600,CF401C14600,1638.0,0.0,0.0,0.0,1,749.0,2535.0,1,1638.0,0.0,0.0,0.0,0.0,0.0,251
2023-05-10 21:02:54,CF401C14600,CF401C14600,1638.0,0.0,0.0,0.0,10,750.0,2534.0,10,1638.0,0.0,0.0,0.0,0.0,0.0,251
2023-05-10 21:02:59,CF401C14600,CF401C14600,1638.0,0.0,0.0,0.0,1,753.0,2531.0,1,1638.0,0.0,0.0,0.0,0.0,0.0,251
2023-05-10 21:02:59,CF401C14600,CF401C14600,1638.0,0.0,0.0,0.0,10,754.0,2530.0,10,1638.0,0.0,0.0,0.0,0.0,0.0,251
2023-05-10 21:03:03,CF401C14600,CF401C14600,1638.0,0.0,0.0,0.0,1,757.0,2527.0,1,1638.0,0.0,0.0,0.0,0.0,0.0,251
2023-05-10 21:03:03,CF401C14600,CF401C14600,1638.0,0.0,0.0,0.0,10,758.0,2526.0,10,1638.0,0.0,0.0,0.0,0.0,0.0,251
2023-05-10 21:03:05,CF401C14600,CF401C14600,1638.0,0.0,0.0,0.0,1,761.0,2523.0,1,1638.0,0.0,0.0,0.0,0.0,0.0,251
2023-05-10 21:03:05,CF401C14600,CF401C14600,1638.0,0.0,0.0,0.0,10,762.0,2522.0,10,1638.0,0.0,0.0,0.0,0.0,0.0,251
2023-05-10 21:03:09,CF401C14600,CF401C14600,1638.0,0.0,0.0,0.0,1,765.0,2519.0,1,1638.0,0.0,0.0,0.0,0.0,0.0,251
2023-05-10 21:03:09,CF401C14600,CF401C14600,1638.0,0.0,0.0,0.0,10,766.0,2518.0,10,1638.0,0.0,0.0,0.0,0.0,0.0,251
2023-05-10 21:03:13,CF401C14600,CF401C14600,1638.0,0.0,0.0,0.0,1,769.0,2518.0,10,1638.0,0.0,0.0,0.0,0.0,0.0,251
2023-05-10 21:03:13,CF401C14600,CF401C14600,1638.0,0.0,0.0,0.0,10,770.0,2518.0,10,1638.0,0.0,0.0,0.0,0.0,0.0,251
2023-05-10 21:03:15,CF401C14600,CF401C14600,1638.0,0.0,0.0,0.0,1,773.0,2515.0,1,1638.0,0.0,0.0,0.0,0.0,0.0,251
2023-05-10 21:03:15,CF401C14600,CF401C14600,1638.0,0.0,0.0,0.0,10,774.0,2514.0,10,1638.0,0.0,0.0,0.0,0.0,0.0,251
2023-05-10 21:03:16,CF401C14600,CF401C14600,1638.0,0.0,0.0,0.0,1,777.0,2511.0,1,1638.0,0.0,0.0,0.0,0.0,0.0,251
2023-05-10 21:03:16,CF401C14600,CF401C14600,1638.0,0.0,0.0,0.0,10,778.0,2510.0,10,1638.0,0.0,0.0,0.0,0.0,0.0,251
2023-05-10 21:03:19,CF401C14600,CF401C14600,1638.0,0.0,0.0,0.0,1,781.0,2507.0,1,1638.0,0.0,0.0,0.0,0.0,0.0,251
2023-05-10 21:03:19,CF401C14600,CF401C14600,1638.0,0.0,0.0,0.0,10,782.0,2506.0,10,1638.0,0.0,0.0,0.0,0.0,0.0,251
2023-05-10 21:03:21,CF401C14600,CF401C14600,1638.0,0.0,0.0,0.0,1,785.0,2506.0,10,1638.0,0.0,0.0,0.0,0.0,0.0,251
2023-05-10 21:03:21,CF401C14600,CF401C14600,1638.0,0.0,0.0,0.0,10,786.0,2506.0,10,1638.0,0.0,0.0,0.0,0.0,0.0,251
2023-05-10 21:03:25,CF401C14600,CF401C14600,1638.0,0.0,0.0,0.0,1,789.0,2503.0,1,1638.0,0.0,0.0,0.0,0.0,0.0,251
2023-05-10 21:03:25,CF401C14600,CF401C14600,1638.0,0.0,0.0,0.0,10,790.0,2502.0,10,1638.0,0.0,0.0,0.0,0.0,0.0,251
2023-05-10 21:03:29,CF401C14600,CF401C14600,1638.0,0.0,0.0,0.0,1,793.0,2499.0,1,1638.0,0.0,0.0,0.0,0.0,0.0,251
2023-05-10 21:03:29,CF401C14600,CF401C14600,1638.0,0.0,0.0,0.0,10,794.0,2498.0,10,1638.0,0.0,0.0,0.0,0.0,0.0,251
2023-05-10 21:03:30,CF401C14600,CF401C14600,1638.0,0.0,0.0,0.0,1,797.0,2495.0,1,1638.0,0.0,0.0,0.0,0.0,0.0,251
2023-05-10 21:03:30,CF401C14600,CF401C14600,1638.0,0.0,0.0,0.0,10,798.0,2494.0,10,1638.0,0.0,0.0,0.0,0.0,0.0,251
2023-05-10 21:03:35,CF401C14600,CF401C14600,1638.0,0.0,0.0,0.0,1,801.0,2491.0,1,1638.0,0.0,0.0,0.0,0.0,0.0,251
2023-05-10 21:03:35,CF401C14600,CF401C14600,1638.0,0.0,0.0,0.0,10,802.0,2490.0,10,1638.0,0.0,0.0,0.0,0.0,0.0,251
2023-05-10 21:03:36,CF401C14600,CF401C14600,1638.0,0.0,0.0,0.0,1,805.0,2487.0,1,1638.0,0.0,0.0,0.0,0.0,0.0,251
2023-05-10 21:03:36,CF401C14600,CF401C14600,1638.0,0.0,0.0,0.0,10,806.0,2486.0,10,1638.0,0.0,0.0,0.0,0.0,0.0,251
2023-05-10 21:03:40,CF401C14600,CF401C14600,1638.0,0.0,0.0,0.0,1,809.0,2483.0,1,1638.0,0.0,0.0,0.0,0.0,0.0,251
2023-05-10 21:03:40,CF401C14600,CF401C14600,1638.0,0.0,0.0,0.0,10,810.0,2482.0,10,1638.0,0.0,0.0,0.0,0.0,0.0,251
2023-05-10 21:03:41,CF401C14600,CF401C14600,1638.0,0.0,0.0,0.0,1,813.0,2479.0,1,1638.0,0.0,0.0,0.0,0.0,0.0,251
2023-05-10 21:03:41,CF401C14600,CF401C14600,1638.0,0.0,0.0,0.0,10,814.0,2478.0,10,1638.0,0.0,0.0,0.0,0.0,0.0,251
2023-05-10 21:03:42,CF401C14600,CF401C14600,1638.0,0.0,0.0,0.0,1,817.0,2475.0,1,1638.0,0.0,0.0,0.0,0.0,0.0,251
2023-05-10 21:03:42,CF401C14600,CF401C14600,1638.0,0.0,0.0,0.0,10,818.0,2474.0,10,1638.0,0.0,0.0,0.0,0.0,0.0,251
2023-05-10 21:03:43,CF401C14600,CF401C14600,1638.0,0.0,0.0,0.0,1,821.0,2471.0,1,1638.0,0.0,0.0,0.0,0.0,0.0,251
2023-05-10 21:03:43,CF401C14600,CF401C14600,1638.0,0.0,0.0,0.0,10,822.0,2470.0,10,1638.0,0.0,0.0,0.0,0.0,0.0,251
2023-05-10 21:03:44,CF401C14600,CF401C14600,1638.0,0.0,0.0,0.0,1,825.0,2467.0,1,1638.0,0.0,0.0,0.0,0.0,0.0,251
2023-05-10 21:03:44,CF401C14600,CF401C14600,1638.0,0.0,0.0,0.0,10,826.0,2466.0,10,1638.0,0.0,0.0,0.0,0.0,0.0,251
2023-05-10 21:03:47,CF401C14600,CF401C14600,1638.0,0.0,0.0,0.0,1,829.0,2463.0,1,1638.0,0.0,0.0,0.0,0.0,0.0,251
2023-05-10 21:03:47,CF401C14600,CF401C14600,1638.0,0.0,0.0,0.0,10,830.0,2462.0,10,1638.0,0.0,0.0,0.0,0.0,0.0,251
2023-05-10 21:03:48,CF401C14600,CF401C14600,1638.0,0.0,0.0,0.0,1,833.0,2459.0,1,1638.0,0.0,0.0,0.0,0.0,0.0,251
2023-05-10 21:03:48,CF401C14600,CF401C14600,1638.0,0.0,0.0,0.0,10,834.0,2458.0,10,1638.0,0.0,0.0,0.0,0.0,0.0,251
2023-05-10 21:03:52,CF401C14600,CF401C14600,1638.0,0.0,0.0,0.0,1,837.0,2455.0,1,1638.0,0.0,0.0,0.0,0.0,0.0,251
2023-05-10 21:03:52,CF401C14600,CF401C14600,1638.0,0.0,0.0,0.0,10,838.0,2454.0,10,1638.0,0.0,0.0,0.0,0.0,0.0,251
2023-05-10 21:03:53,CF401C14600,CF401C14600,1638.0,0.0,0.0,0.0,1,841.0,2451.0,1,1638.0,0.0,0.0,0.0,0.0,0.0,251
2023-05-10 21:03:53,CF401C14600,CF401C14600,1638.0,0.0,0.0,0.0,10,842.0,2450.0,10,1638.0,0.0,0.0,0.0,0.0,0.0,251
2023-05-10 21:03:54,CF401C14600,CF401C14600,1638.0,0.0,0.0,0.0,1,845.0,2447.0,1,1638.0,0.0,0.0,0.0,0.0,0.0,251
2023-05-10 21:03:54,CF401C14600,CF401C14600,1638.0,0.0,0.0,0.0,10,846.0,2446.0,10,1638.0,0.0,0.0,0.0,0.0,0.0,251
2023-05-10 21:03:57,CF401C14600,CF401C14600,1638.0,0.0,0.0,0.0,1,849.0,2443.0,1,1638.0,0.0,0.0,0.0,0.0,0.0,251
2023-05-10 21:03:57,CF401C14600,CF401C14600,1638.0,0.0,0.0,0.0,10,850.0,2442.0,10,1638.0,0.0,0.0,0.0,0.0,0.0,251
2023-05-10 21:03:58,CF401C14600,CF401C14600,1638.0,0.0,0.0,0.0,1,853.0,2442.0,10,1638.0,0.0,0.0,0.0,0.0,0.0,251
2023-05-10 21:03:58,CF401C14600,CF401C14600,1638.0,0.0,0.0,0.0,10,854.0,2442.0,10,1638.0,0.0,0.0,0.0,0.0,0.0,251
2023-05-10 21:04:01,CF401C14600,CF401C14600,1638.0,0.0,0.0,0.0,1,857.0,2439.0,1,1638.0,0.0,0.0,0.0,0.0,0.0,251
2023-05-10 21:04:01,CF401C14600,CF401C14600,1638.0,0.0,0.0,0.0,10,858.0,2438.0,10,1638.0,0.0,0.0,0.0,0.0,0.0,251
2023-05-10 21:04:04,CF401C14600,CF401C14600,1638.0,0.0,0.0,0.0,1,861.0,2435.0,1,1638.0,0.0,0.0,0.0,0.0,0.0,251
2023-05-10 21:04:04,CF401C14600,CF401C14600,1638.0,0.0,0.0,0.0,10,862.0,2434.0,10,1638.0,0.0,0.0,0.0,0.0,0.0,251
2023-05-10 21:04:08,CF401C14600,CF401C14600,1638.0,0.0,0.0,0.0,1,865.0,2431.0,1,1638.0,0.0,0.0,0.0,0.0,0.0,251
2023-05-10 21:04:08,CF401C14600,CF401C14600,1638.0,0.0,0.0,0.0,10,866.0,2430.0,10,1638.0,0.0,0.0,0.0,0.0,0.0,251
2023-05-10 21:04:11,CF401C14600,CF401C14600,1638.0,0.0,0.0,0.0,1,869.0,2430.0,10,1638.0,0.0,0.0,0.0,0.0,0.0,251
2023-05-10 21:04:11,CF401C14600,CF401C14600,1638.0,0.0,0.0,0.0,10,870.0,2430.0,10,1638.0,0.0,0.0,0.0,0.0,0.0,251
2023-05-10 21:04:14,CF401C14600,CF401C14600,1638.0,0.0,0.0,0.0,1,873.0,2427.0,1,1638.0,0.0,0.0,0.0,0.0,0.0,251
2023-05-10 21:04:14,CF401C14600,CF401C14600,1638.0,0.0,0.0,0.0,10,874.0,2426.0,10,1638.0,0.0,0.0,0.0,0.0,0.0,251
2023-05-10 21:04:17,CF401C14600,CF401C14600,1638.0,0.0,0.0,0.0,1,877.0,2423.0,1,1638.0,0.0,0.0,0.0,0.0,0.0,251
2023-05-10 21:04:17,CF401C14600,CF401C14600,1638.0,0.0,0.0,0.0,10,878.0,2422.0,10,1638.0,0.0,0.0,0.0,0.0,0.0,251
2023-05-10 21:04:20,CF401C14600,CF401C14600,1638.0,0.0,0.0,0.0,1,881.0,2419.0,1,1638.0,0.0,0.0,0.0,0.0,0.0,251
2023-05-10 21:04:20,CF401C14600,CF401C14600,1638.0,0.0,0.0,0.0,10,882.0,2418.0,10,1638.0,0.0,0.0,0.0,0.0,0.0,251
2023-05-10 21:04:24,CF401C14600,CF401C14600,1638.0,0.0,0.0,0.0,1,885.0,2418.0,10,1638.0,0.0,0.0,0.0,0.0,0.0,251
2023-05-10 21:04:24,CF401C14600,CF401C14600,1638.0,0.0,0.0,0.0,10,886.0,2418.0,10,1638.0,0.0,0.0,0.0,0.0,0.0,251
2023-05-10 21:04:25,CF401C14600,CF401C14600,1638.0,0.0,0.0,0.0,1,889.0,2418.0,10,1638.0,0.0,0.0,0.0,0.0,0.0,251
2023-05-10 21:04:25,CF401C14600,CF401C14600,1638.0,0.0,0.0,0.0,10,890.0,2418.0,10,1638.0,0.0,0.0,0.0,0.0,0.0,251
2023-05-10 21:04:26,CF401C14600,CF401C14600,1638.0,0.0,0.0,0.0,1,893.0,2415.0,1,1638.0,0.0,0.0,0.0,0.0,0.0,251
2023-05-10 21:04:26,CF401C14600,CF401C14600,1638.0,0.0,0.0,0.0,10,894.0,2414.0,10,1638.0,0.0,0.0,0.0,0.0,0.0,251
2023-05-10 21:04:28,CF401C14600,CF401C14600,1638.0,0.0,0.0,0.0,1,897.0,2411.0,1,1638.0,0.0,0.0,0.0,0.0,0.0,251
2023-05-10 21:04:28,CF401C14600,CF401C14600,1638.0,0.0,0.0,0.0,10,898.0,2410.0,10,1638.0,0.0,0.0,0.0,0.0,0.0,251
2023-05-10 21:04:29,CF401C14600,CF401C14600,1638.0,0.0,0.0,0.0,1,901.0,2407.0,1,1638.0,0.0,0.0,0.0,0.0,0.0,251
2023-05-10 21:04:29,CF401C14600,CF401C14600,1638.0,0.0,0.0,0.0,10,902.0,2406.0,10,1638.0,0.0,0.0,0.0,0.0,0.0,251
2023-05-10 21:04:33,CF401C14600,CF401C14600,1638.0,0.0,0.0,0.0,1,905.0,2403.0,1,1638.0,0.0,0.0,0.0,0.0,0.0,251
2023-05-10 21:04:33,CF401C14600,CF401C14600,1638.0,0.0,0.0,0.0,10,906.0,2402.0,10,1638.0,0.0,0.0,0.0,0.0,0.0,251
2023-05-10 21:04:36,CF401C14600,CF401C14600,1638.0,0.0,0.0,0.0,1,909.0,2399.0,1,1638.0,0.0,0.0,0.0,0.0,0.0,251
2023-05-10 21:04:36,CF401C14600,CF401C14600,1638.0,0.0,0.0,0.0,10,910.0,2398.0,10,1638.0,0.0,0.0,0.0,0.0,0.0,251
2023-05-10 21:04:38,CF401C14600,CF401C14600,1638.0,0.0,0.0,0.0,1,913.0,2395.0,1,1638.0,0.0,0.0,0.0,0.0,0.0,251
2023-05-10 21:04:38,CF401C14600,CF401C14600,1638.0,0.0,0.0,0.0,10,914.0,2394.0,10,1638.0,0.0,0.0,0.0,0.0,0.0,251
2023-05-10 21:04:40,CF401C14600,CF401C14600,1638.0,0.0,0.0,0.0,1,917.0,2394.0,10,1638.0,0.0,0.0,0.0,0.0,0.0,251
2023-05-10 21:04:40,CF401C14600,CF401C14600,1638.0,0.0,0.0,0.0,10,918.0,2394.0,10,1638.0,0.0,0.0,0.0,0.0,0.0,251
2023-05-10 21:04:42,CF401C14600,CF401C14600,1638.0,0.0,0.0,0.0,1,921.0,2391.0,1,1638.0,0.0,0.0,0.0,0.0,0.0,251
2023-05-10 21:04:42,CF401C14600,CF401C14600,1638.0,0.0,0.0,0.0,10,922.0,2390.0,10,1638.0,0.0,0.0,0.0,0.0,0.0,251
2023-05-10 21:04:43,CF401C14600,CF401C14600,1638.0,0.0,0.0,0.0,1,925.0,2390.0,10,1638.0,0.0,0.0,0.0,0.0,0.0,251
2023-05-10 21:04:43,CF401C14600,CF401C14600,1638.0,0.0,0.0,0.0,10,926.0,2390.0,10,1638.0,0.0,0.0,0.0,0.0,0.0,251
2023-05-10 21:04:44,CF401C14600,CF401C14600,1638.0,0.0,0.0,0.0,1,929.0,2390.0,10,1638.0,0.0,0.0,0.0,0.0,0.0,251
2023-05-10 21:04:44,CF401C14600,CF401C14600,1638.0,0.0,0.0,0.0,10,930.0,2390.0,10,1638.0,0.0,0.0,0.0,0.0,0.0,251
2023-05-10 21:04:46,CF401C14600,CF401C14600,1638.0,0.0,0.0,0.0,1,933.0,2387.0,1,1638.0,0.0,0.0,0.0,0.0,0.0,251
2023-05-10 21:04:46,CF401C14600,CF401C14600,1638.0,0.0,0.0,0.0,10,934.0,2386.0,10,1638.0,0.0,0.0,0.0,0.0,0.0,251
2023-05-10 21:04:49,CF401C14600,CF401C14600,1638.0,0.0,0.0,0.0,1,937.0,2383.0,1,1638.0,0.0,0.0,0.0,0.0,0.0,251
2023-05-10 21:04:49,CF401C14600,CF401C14600,1638.0,0.0,0.0,0.0,10,938.0,2382.0,10,1638.0,0.0,0.0,0.0,0.0,0.0,251
2023-05-10 21:04:51,CF401C14600,CF401C14600,1638.0,0.0,0.0,0.0,1,941.0,2382.0,10,1638.0,0.0,0.0,0.0,0.0,0.0,251
2023-05-10 21:04:51,CF401C14600,CF401C14600,1638.0,0.0,0.0,0.0,10,942.0,2382.0,10,1638.0,0.0,0.0,0.0,0.0,0.0,251
2023-05-10 21:04:52,CF401C14600,CF401C14600,1638.0,0.0,0.0,0.0,1,945.0,2379.0,1,1638.0,0.0,0.0,0.0,0.0,0.0,251
2023-05-10 21:04:52,CF401C14600,CF401C14600,1638.0,0.0,0.0,0.0,10,946.0,2378.0,10,1638.0,0.0,0.0,0.0,0.0,0.0,251
2023-05-10 21:04:53,CF401C14600,CF401C14600,1638.0,0.0,0.0,0.0,1,949.0,2375.0,1,1638.0,0.0,0.0,0.0,0.0,0.0,251
2023-05-10 21:04:53,CF401C14600,CF401C14600,1638.0,0.0,0.0,0.0,10,950.0,2374.0,10,1638.0,0.0,0.0,0.0,0.0,0.0,251
2023-05-10 21:04:55,CF401C14600,CF401C14600,1638.0,0.0,0.0,0.0,1,953.0,2374.0,10,1638.0,0.0,0.0,0.0,0.0,0.0,251
2023-05-10 21:04:55,CF401C14600,CF401C14600,1638.0,0.0,0.0,0.0,10,954.0,2374.0,10,1638.0,0.0,0.0,0.0,0.0,0.0,251
2023-05-10 21:04:56,CF401C14600,CF401C14600,1638.0,0.0,0.0,0.0,1,957.0,2371.0,1,1638.0,0.0,0.0,0.0,0.0,0.0,251
2023-05-10 21:04:56,CF401C14600,CF401C14600,1638.0,0.0,0.0,0.0,10,958.0,2370.0,10,1638.0,0.0,0.0,0.0,0.0,0.0,251
2023-05-10 21:04:57,CF401C14600,CF401C14600,1638.0,0.0,0.0,0.0,1,961.0,2367.0,1,1638.0,0.0,0.0,0.0,0.0,0.0,251
2023-05-10 21:04:57,CF401C14600,CF401C14600,1638.0,0.0,0.0,0.0,10,962.0,2366.0,10,1638.0,0.0,0.0,0.0,0.0,0.0,251
2023-05-10 21:04:58,CF401C14600,CF401C14600,1638.0,0.0,0.0,0.0,1,965.0,2363.0,1,1638.0,0.0,0.0,0.0,0.0,0.0,251
2023-05-10 21:04:58,CF401C14600,CF401C14600,1638.0,0.0,0.0,0.0,10,966.0,2362.0,10,1638.0,0.0,0.0,0.0,0.0,0.0,251
2023-05-10 21:04:59,CF401C14600,CF401C14600,1638.0,0.0,0.0,0.0,1,969.0,2359.0,1,1638.0,0.0,0.0,0.0,0.0,0.0,251
2023-05-10 21:04:59,CF401C14600,CF401C14600,1638.0,0.0,0.0,0.0,10,970.0,2358.0,10,1638.0,0.0,0.0,0.0,0.0,0.0,251
2023-05-10 21:05:00,CF401C14600,CF401C14600,1638.0,0.0,0.0,0.0,1,973.0,2355.0,1,1638.0,0.0,0.0,0.0,0.0,0.0,251
2023-05-10 21:05:00,CF401C14600,CF401C14600,1638.0,0.0,0.0,0.0,10,974.0,2354.0,10,1638.0,0.0,0.0,0.0,0.0,0.0,251
2023-05-10 21:05:01,CF401C14600,CF401C14600,1638.0,0.0,0.0,0.0,1,977.0,2351.0,1,1638.0,0.0,0.0,0.0,0.0,0.0,251
2023-05-10 21:05:01,CF401C14600,CF401C14600,1638.0,0.0,0.0,0.0,10,978.0,2350.0,10,1638.0,0.0,0.0,0.0,0.0,0.0,251
2023-05-10 21:05:03,CF401C14600,CF401C14600,1638.0,0.0,0.0,0.0,1,981.0,2347.0,1,1638.0,0.0,0.0,0.0,0.0,0.0,251
2023-05-10 21:05:03,CF401C14600,CF401C14600,1638.0,0.0,0.0,0.0,10,982.0,2346.0,10,1638.0,0.0,0.0,0.0,0.0,0.0,251
2023-05-10 21:05:06,CF401C14600,CF401C14600,1638.0,0.0,0.0,0.0,1,985.0,2343.0,1,1638.0,0.0,0.0,0.0,0.0,0.0,251
2023-05-10 21:05:06,CF401C14600,CF401C14600,1638.0,0.0,0.0,0.0,10,986.0,2342.0,10,1638.0,0.0,0.0,0.0,0.0,0.0,251
2023-05-10 21:05:09,CF401C14600,CF401C14600,1638.0,0.0,0.0,0.0,1,989.0,2339.0,1,1638.0,0.0,0.0,0.0,0.0,0.0,251
2023-05-10 21:05:09,CF401C14600,CF401C14600,1638.0,0.0,0.0,0.0,10,990.0,2338.0,10,1638.0,0.0,0.0,0.0,0.0,0.0,251
2023-05-10 21:05:11,CF401C14600,CF401C14600,1638.0,0.0,0.0,0.0,1,993.0,2335.0,1,1638.0,0.0,0.0,0.0,0.0,0.0,251
2023-05-10 21:05:11,CF401C14600,CF401C14600,1638.0,0.0,0.0,0.0,10,994.0,2334.0,10,1638.0,0.0,0.0,0.0,0.0,0.0,251
2023-05-10 21:05:12,CF401C14600,CF401C14600,1638.0,0.0,0.0,0.0,1,997.0,2331.0,1,1638.0,0.0,0.0,0.0,0.0,0.0,251
2023-05-10 21:05:12,CF401C14600,CF401C14600,1638.0,0.0,0.0,0.0,10,998.0,2330.0,10,1638.0,0.0,0.0,0.0,0.0,0.0,251
2023-05-10 21:05:13,CF401C14600,CF401C14600,1638.0,0.0,0.0,0.0,1,1001.0,2327.0,1,1638.0,0.0,0.0,0.0,0.0,0.0,251
2023-05-10 21:05:13,CF401C14600,CF401C14600,1638.0,0.0,0.0,0.0,10,1002.0,2326.0,10,1638.0,0.0,0.0,0.0,0.0,0.0,251
2023-05-10 21:05:15,CF401C14600,CF401C14600,1638.0,0.0,0.0,0.0,1,1005.0,2323.0,1,1638.0,0.0,0.0,0.0,0.0,0.0,251
2023-05-10 21:05:15,CF401C14600,CF401C14600,1638.0,0.0,0.0,0.0,10,1006.0,2322.0,10,1638.0,0.0,0.0,0.0,0.0,0.0,251
2023-05-10 21:05:16,CF401C14600,CF401C14600,1638.0,0.0,0.0,0.0,1,1009.0,2319.0,1,1638.0,0.0,0.0,0.0,0.0,0.0,251
2023-05-10 21:05:16,CF401C14600,CF401C14600,1638.0,0.0,0.0,0.0,10,1010.0,2318.0,10,1638.0,0.0,0.0,0.0,0.0,0.0,251
2023-05-10 21:05:17,CF401C14600,CF401C14600,1638.0,0.0,0.0,0.0,1,1013.0,2315.0,1,1638.0,0.0,0.0,0.0,0.0,0.0,251
2023-05-10 21:05:17,CF401C14600,CF401C14600,1638.0,0.0,0.0,0.0,10,1014.0,2314.0,10,1638.0,0.0,0.0,0.0,0.0,0.0,251
2023-05-10 21:05:18,CF401C14600,CF401C14600,1638.0,0.0,0.0,0.0,1,1017.0,2311.0,1,1638.0,0.0,0.0,0.0,0.0,0.0,251
2023-05-10 21:05:18,CF401C14600,CF401C14600,1638.0,0.0,0.0,0.0,10,1018.0,2310.0,10,1638.0,0.0,0.0,0.0,0.0,0.0,251
2023-05-10 21:05:19,CF401C14600,CF401C14600,1638.0,0.0,0.0,0.0,1,1021.0,2307.0,1,1638.0,0.0,0.0,0.0,0.0,0.0,251
2023-05-10 21:05:19,CF401C14600,CF401C14600,1638.0,0.0,0.0,0.0,10,1022.0,2306.0,10,1638.0,0.0,0.0,0.0,0.0,0.0,251
2023-05-10 21:05:20,CF401C14600,CF401C14600,1638.0,0.0,0.0,0.0,1,1025.0,2303.0,1,1638.0,0.0,0.0,0.0,0.0,0.0,251
2023-05-10 21:05:20,CF401C14600,CF401C14600,1638.0,0.0,0.0,0.0,10,1026.0,2302.0,10,1638.0,0.0,0.0,0.0,0.0,0.0,251
2023-05-10 21:05:21,CF401C14600,CF401C14600,1638.0,0.0,0.0,0.0,1,1029.0,2299.0,1,1638.0,0.0,0.0,0.0,0.0,0.0,251
2023-05-10 21:05:21,CF401C14600,CF401C14600,1638.0,0.0,0.0,0.0,10,1030.0,2298.0,10,1638.0,0.0,0.0,0.0,0.0,0.0,251
2023-05-10 21:05:22,CF401C14600,CF401C14600,1638.0,0.0,0.0,0.0,1,1033.0,2295.0,1,1638.0,0.0,0.0,0.0,0.0,0.0,251
2023-05-10 21:05:22,CF401C14600,CF401C14600,1638.0,0.0,0.0,0.0,10,1034.0,2294.0,10,1638.0,0.0,0.0,0.0,0.0,0.0,251
2023-05-10 21:05:23,CF401C14600,CF401C14600,1638.0,0.0,0.0,0.0,1,1037.0,2291.0,1,1638.0,0.0,0.0,0.0,0.0,0.0,251
2023-05-10 21:05:23,CF401C14600,CF401C14600,1638.0,0.0,0.0,0.0,10,1038.0,2290.0,10,1638.0,0.0,0.0,0.0,0.0,0.0,251
2023-05-10 21:05:24,CF401C14600,CF401C14600,1638.0,0.0,0.0,0.0,1,1041.0,2287.0,1,1638.0,0.0,0.0,0.0,0.0,0.0,251
2023-05-10 21:05:24,CF401C14600,CF401C14600,1638.0,0.0,0.0,0.0,10,1042.0,2286.0,10,1638.0,0.0,0.0,0.0,0.0,0.0,251
2023-05-10 21:05:25,CF401C14600,CF401C14600,1638.0,0.0,0.0,0.0,1,1045.0,2283.0,1,1638.0,0.0,0.0,0.0,0.0,0.0,251
2023-05-10 21:05:25,CF401C14600,CF401C14600,1638.0,0.0,0.0,0.0,10,1046.0,2282.0,10,1638.0,0.0,0.0,0.0,0.0,0.0,251
2023-05-10 21:05:26,CF401C14600,CF401C14600,1638.0,0.0,0.0,0.0,1,1049.0,2279.0,1,1638.0,0.0,0.0,0.0,0.0,0.0,251
2023-05-10 21:05:26,CF401C14600,CF401C14600,1638.0,0.0,0.0,0.0,10,1050.0,2278.0,10,1638.0,0.0,0.0,0.0,0.0,0.0,251
2023-05-10 21:05:26,CF401C14600,CF401C14600,1638.0,0.0,0.0,0.0,1,1049.0,2279.0,1,1638.0,0.0,0.0,0.0,0.0,0.0,251
2023-05-10 21:05:26,CF401C14600,CF401C14600,1638.0,0.0,0.0,0.0,10,1050.0,2278.0,10,1638.0,0.0,0.0,0.0,0.0,0.0,251
2023-05-10 21:23:53,CF401C14600,CF401C14600,1638.0,0.0,0.0,0.0,1,1053.0,2275.0,1,1638.0,0.0,0.0,0.0,0.0,0.0,251
2023-05-10 21:23:54,CF401C14600,CF401C14600,1638.0,0.0,0.0,0.0,10,1054.0,2274.0,10,1638.0,0.0,0.0,0.0,0.0,0.0,251
2023-05-10 21:23:54,CF401C14600,CF401C14600,1638.0,0.0,0.0,0.0,1,1057.0,2271.0,1,1638.0,0.0,0.0,0.0,0.0,0.0,251
2023-05-10 21:23:55,CF401C14600,CF401C14600,1638.0,0.0,0.0,0.0,10,1058.0,2270.0,10,1638.0,0.0,0.0,0.0,0.0,0.0,251
2023-05-10 21:23:55,CF401C14600,CF401C14600,1638.0,0.0,0.0,0.0,1,1061.0,2267.0,1,1638.0,0.0,0.0,0.0,0.0,0.0,251
2023-05-10 21:23:56,CF401C14600,CF401C14600,1638.0,0.0,0.0,0.0,10,1062.0,2266.0,10,1638.0,0.0,0.0,0.0,0.0,0.0,251
2023-05-10 21:23:56,CF401C14600,CF401C14600,1638.0,0.0,0.0,0.0,1,1065.0,2263.0,1,1638.0,0.0,0.0,0.0,0.0,0.0,251
2023-05-10 21:23:57,CF401C14600,CF401C14600,1638.0,0.0,0.0,0.0,10,1066.0,2262.0,10,1638.0,0.0,0.0,0.0,0.0,0.0,251
2023-05-10 21:23:57,CF401C14600,CF401C14600,1638.0,0.0,0.0,0.0,1,1069.0,2259.0,1,1638.0,0.0,0.0,0.0,0.0,0.0,251
2023-05-10 21:23:58,CF401C14600,CF401C14600,1638.0,0.0,0.0,0.0,10,1070.0,2258.0,10,1638.0,0.0,0.0,0.0,0.0,0.0,251
2023-05-10 21:43:53,CF401C14600,CF401C14600,1638.0,0.0,0.0,0.0,1,1073.0,2255.0,1,1638.0,0.0,0.0,0.0,0.0,0.0,251
2023-05-10 21:43:54,CF401C14600,CF401C14600,1638.0,0.0,0.0,0.0,10,1074.0,2254.0,10,1638.0,0.0,0.0,0.0,0.0,0.0,251
2023-05-10 21:43:54,CF401C14600,CF401C14600,1638.0,0.0,0.0,0.0,1,1077.0,2251.0,1,1638.0,0.0,0.0,0.0,0.0,0.0,251
2023-05-10 21:43:55,CF401C14600,CF401C14600,1638.0,0.0,0.0,0.0,10,1078.0,2250.0,10,1638.0,0.0,0.0,0.0,0.0,0.0,251
2023-05-10 21:43:55,CF401C14600,CF401C14600,1638.0,0.0,0.0,0.0,1,1081.0,2247.0,1,1638.0,0.0,0.0,0.0,0.0,0.0,251
2023-05-10 21:43:56,CF401C14600,CF401C14600,1638.0,0.0,0.0,0.0,10,1082.0,2246.0,10,1638.0,0.0,0.0,0.0,0.0,0.0,251
2023-05-10 21:43:56,CF401C14600,CF401C14600,1638.0,0.0,0.0,0.0,1,1085.0,2243.0,1,1638.0,0.0,0.0,0.0,0.0,0.0,251
2023-05-10 21:43:57,CF401C14600,CF401C14600,1638.0,0.0,0.0,0.0,10,1086.0,2242.0,10,1638.0,0.0,0.0,0.0,0.0,0.0,251
2023-05-10 21:43:57,CF401C14600,CF401C14600,1638.0,0.0,0.0,0.0,1,1089.0,2239.0,1,1638.0,0.0,0.0,0.0,0.0,0.0,251
2023-05-10 21:43:58,CF401C14600,CF401C14600,1638.0,0.0,0.0,0.0,10,1090.0,2238.0,10,1638.0,0.0,0.0,0.0,0.0,0.0,251
2023-05-10 22:03:53,CF401C14600,CF401C14600,1638.0,0.0,0.0,0.0,1,1093.0,2235.0,1,1638.0,0.0,0.0,0.0,0.0,0.0,251
2023-05-10 22:03:54,CF401C14600,CF401C14600,1638.0,0.0,0.0,0.0,10,1094.0,2234.0,10,1638.0,0.0,0.0,0.0,0.0,0.0,251
2023-05-10 22:03:54,CF401C14600,CF401C14600,1638.0,0.0,0.0,0.0,1,1097.0,2231.0,1,1638.0,0.0,0.0,0.0,0.0,0.0,251
2023-05-10 22:03:54,CF401C14600,CF401C14600,1638.0,0.0,0.0,0.0,10,1098.0,2230.0,10,1638.0,0.0,0.0,0.0,0.0,0.0,251
2023-05-10 22:03:55,CF401C14600,CF401C14600,1638.0,0.0,0.0,0.0,1,1101.0,2227.0,1,1638.0,0.0,0.0,0.0,0.0,0.0,251
2023-05-10 22:03:55,CF401C14600,CF401C14600,1638.0,0.0,0.0,0.0,10,1102.0,2226.0,10,1638.0,0.0,0.0,0.0,0.0,0.0,251
2023-05-10 22:03:56,CF401C14600,CF401C14600,1638.0,0.0,0.0,0.0,1,1105.0,2223.0,1,1638.0,0.0,0.0,0.0,0.0,0.0,251
2023-05-10 22:03:56,CF401C14600,CF401C14600,1638.0,0.0,0.0,0.0,10,1106.0,2222.0,10,1638.0,0.0,0.0,0.0,0.0,0.0,251
2023-05-10 22:03:57,CF401C14600,CF401C14600,1638.0,0.0,0.0,0.0,1,1109.0,2219.0,1,1638.0,0.0,0.0,0.0,0.0,0.0,251
2023-05-10 22:03:57,CF401C14600,CF401C14600,1638.0,0.0,0.0,0.0,10,1110.0,2218.0,10,1638.0,0.0,0.0,0.0,0.0,0.0,251
2023-05-10 22:23:53,CF401C14600,CF401C14600,1638.0,0.0,0.0,0.0,1,1113.0,2215.0,1,1638.0,0.0,0.0,0.0,0.0,0.0,251
2023-05-10 22:23:54,CF401C14600,CF401C14600,1638.0,0.0,0.0,0.0,10,1114.0,2214.0,10,1638.0,0.0,0.0,0.0,0.0,0.0,251
2023-05-10 22:23:54,CF401C14600,CF401C14600,1638.0,0.0,0.0,0.0,1,1117.0,2211.0,1,1638.0,0.0,0.0,0.0,0.0,0.0,251
2023-05-10 22:23:54,CF401C14600,CF401C14600,1638.0,0.0,0.0,0.0,10,1118.0,2210.0,10,1638.0,0.0,0.0,0.0,0.0,0.0,251
2023-05-10 22:23:55,CF401C14600,CF401C14600,1638.0,0.0,0.0,0.0,1,1121.0,2207.0,1,1638.0,0.0,0.0,0.0,0.0,0.0,251
2023-05-10 22:23:55,CF401C14600,CF401C14600,1638.0,0.0,0.0,0.0,10,1122.0,2206.0,10,1638.0,0.0,0.0,0.0,0.0,0.0,251
2023-05-10 22:23:56,CF401C14600,CF401C14600,1638.0,0.0,0.0,0.0,1,1125.0,2203.0,1,1638.0,0.0,0.0,0.0,0.0,0.0,251
2023-05-10 22:23:56,CF401C14600,CF401C14600,1638.0,0.0,0.0,0.0,10,1126.0,2202.0,10,1638.0,0.0,0.0,0.0,0.0,0.0,251
2023-05-10 22:23:57,CF401C14600,CF401C14600,1638.0,0.0,0.0,0.0,1,1129.0,2199.0,1,1638.0,0.0,0.0,0.0,0.0,0.0,251
2023-05-10 22:23:57,CF401C14600,CF401C14600,1638.0,0.0,0.0,0.0,10,1130.0,2198.0,10,1638.0,0.0,0.0,0.0,0.0,0.0,251
2023-05-10 22:57:35,CF401C14600,CF401C14600,1638.0,0.0,0.0,0.0,0,0.0,0.0,0,1638.0,0.0,0.0,0.0,0.0,0.0,251
2023-05-11 09:02:06,CF401C14600,CF401C14600,1638.0,0.0,0.0,0.0,1,681.0,2595.0,1,1638.0,0.0,0.0,0.0,0.0,0.0,251
2023-05-11 09:02:06,CF401C14600,CF401C14600,1638.0,0.0,0.0,0.0,10,682.0,2594.0,10,1638.0,0.0,0.0,0.0,0.0,0.0,251
2023-05-11 09:02:12,CF401C14600,CF401C14600,1638.0,0.0,0.0,0.0,1,685.0,2594.0,10,1638.0,0.0,0.0,0.0,0.0,0.0,251
2023-05-11 09:02:12,CF401C14600,CF401C14600,1638.0,0.0,0.0,0.0,10,686.0,2594.0,10,1638.0,0.0,0.0,0.0,0.0,0.0,251
2023-05-11 09:02:17,CF401C14600,CF401C14600,1638.0,0.0,0.0,0.0,1,689.0,2594.0,10,1638.0,0.0,0.0,0.0,0.0,0.0,251
2023-05-11 09:02:18,CF401C14600,CF401C14600,1638.0,0.0,0.0,0.0,10,690.0,2594.0,10,1638.0,0.0,0.0,0.0,0.0,0.0,251
2023-05-11 09:02:19,CF401C14600,CF401C14600,1638.0,0.0,0.0,0.0,1,693.0,2594.0,10,1638.0,0.0,0.0,0.0,0.0,0.0,251
2023-05-11 09:02:20,CF401C14600,CF401C14600,1638.0,0.0,0.0,0.0,10,694.0,2591.0,1,1638.0,0.0,0.0,0.0,0.0,0.0,251
2023-05-11 09:02:20,CF401C14600,CF401C14600,1638.0,0.0,0.0,0.0,1,697.0,2590.0,10,1638.0,0.0,0.0,0.0,0.0,0.0,251
2023-05-11 09:02:21,CF401C14600,CF401C14600,1638.0,0.0,0.0,0.0,10,698.0,2590.0,10,1638.0,0.0,0.0,0.0,0.0,0.0,251
2023-05-11 09:02:22,CF401C14600,CF401C14600,1638.0,0.0,0.0,0.0,1,701.0,2587.0,1,1638.0,0.0,0.0,0.0,0.0,0.0,251
2023-05-11 09:02:23,CF401C14600,CF401C14600,1638.0,0.0,0.0,0.0,10,702.0,2586.0,10,1638.0,0.0,0.0,0.0,0.0,0.0,251
2023-05-11 09:02:27,CF401C14600,CF401C14600,1638.0,0.0,0.0,0.0,1,705.0,2583.0,1,1638.0,0.0,0.0,0.0,0.0,0.0,251
2023-05-11 09:02:28,CF401C14600,CF401C14600,1638.0,0.0,0.0,0.0,10,706.0,2582.0,10,1638.0,0.0,0.0,0.0,0.0,0.0,251
2023-05-11 09:02:28,CF401C14600,CF401C14600,1638.0,0.0,0.0,0.0,10,706.0,2579.0,1,1638.0,0.0,0.0,0.0,0.0,0.0,251
2023-05-11 09:02:29,CF401C14600,CF401C14600,1638.0,0.0,0.0,0.0,1,709.0,2578.0,10,1638.0,0.0,0.0,0.0,0.0,0.0,251
2023-05-11 09:02:29,CF401C14600,CF401C14600,1638.0,0.0,0.0,0.0,10,710.0,2575.0,1,1638.0,0.0,0.0,0.0,0.0,0.0,251
2023-05-11 09:02:30,CF401C14600,CF401C14600,1638.0,0.0,0.0,0.0,1,713.0,2574.0,10,1638.0,0.0,0.0,0.0,0.0,0.0,251
2023-05-11 09:02:30,CF401C14600,CF401C14600,1638.0,0.0,0.0,0.0,10,714.0,2574.0,10,1638.0,0.0,0.0,0.0,0.0,0.0,251
2023-05-11 09:02:31,CF401C14600,CF401C14600,1638.0,0.0,0.0,0.0,10,714.0,2571.0,1,1638.0,0.0,0.0,0.0,0.0,0.0,251
2023-05-11 09:02:31,CF401C14600,CF401C14600,1638.0,0.0,0.0,0.0,10,714.0,2570.0,10,1638.0,0.0,0.0,0.0,0.0,0.0,251
2023-05-11 09:02:37,CF401C14600,CF401C14600,1638.0,0.0,0.0,0.0,1,717.0,2567.0,1,1638.0,0.0,0.0,0.0,0.0,0.0,251
2023-05-11 09:02:37,CF401C14600,CF401C14600,1638.0,0.0,0.0,0.0,10,718.0,2566.0,10,1638.0,0.0,0.0,0.0,0.0,0.0,251
2023-05-11 09:02:39,CF401C14600,CF401C14600,1638.0,0.0,0.0,0.0,1,721.0,2563.0,1,1638.0,0.0,0.0,0.0,0.0,0.0,251
2023-05-11 09:02:39,CF401C14600,CF401C14600,1638.0,0.0,0.0,0.0,10,722.0,2562.0,10,1638.0,0.0,0.0,0.0,0.0,0.0,251
2023-05-11 09:02:45,CF401C14600,CF401C14600,1638.0,0.0,0.0,0.0,1,725.0,2559.0,1,1638.0,0.0,0.0,0.0,0.0,0.0,251
2023-05-11 09:02:45,CF401C14600,CF401C14600,1638.0,0.0,0.0,0.0,10,726.0,2558.0,10,1638.0,0.0,0.0,0.0,0.0,0.0,251
2023-05-11 09:02:48,CF401C14600,CF401C14600,1638.0,0.0,0.0,0.0,1,729.0,2555.0,1,1638.0,0.0,0.0,0.0,0.0,0.0,251
2023-05-11 09:02:48,CF401C14600,CF401C14600,1638.0,0.0,0.0,0.0,10,730.0,2554.0,10,1638.0,0.0,0.0,0.0,0.0,0.0,251
2023-05-11 09:02:50,CF401C14600,CF401C14600,1638.0,0.0,0.0,0.0,1,733.0,2551.0,1,1638.0,0.0,0.0,0.0,0.0,0.0,251
2023-05-11 09:02:50,CF401C14600,CF401C14600,1638.0,0.0,0.0,0.0,10,734.0,2550.0,10,1638.0,0.0,0.0,0.0,0.0,0.0,251
2023-05-11 09:02:53,CF401C14600,CF401C14600,1638.0,0.0,0.0,0.0,1,737.0,2547.0,1,1638.0,0.0,0.0,0.0,0.0,0.0,251
2023-05-11 09:02:53,CF401C14600,CF401C14600,1638.0,0.0,0.0,0.0,10,738.0,2546.0,10,1638.0,0.0,0.0,0.0,0.0,0.0,251
2023-05-11 09:02:58,CF401C14600,CF401C14600,1638.0,0.0,0.0,0.0,1,741.0,2543.0,1,1638.0,0.0,0.0,0.0,0.0,0.0,251
2023-05-11 09:02:59,CF401C14600,CF401C14600,1638.0,0.0,0.0,0.0,10,742.0,2542.0,10,1638.0,0.0,0.0,0.0,0.0,0.0,251
2023-05-11 09:02:59,CF401C14600,CF401C14600,1638.0,0.0,0.0,0.0,1,745.0,2539.0,1,1638.0,0.0,0.0,0.0,0.0,0.0,251
2023-05-11 09:03:00,CF401C14600,CF401C14600,1638.0,0.0,0.0,0.0,10,746.0,2538.0,10,1638.0,0.0,0.0,0.0,0.0,0.0,251
2023-05-11 09:03:00,CF401C14600,CF401C14600,1638.0,0.0,0.0,0.0,1,749.0,2535.0,1,1638.0,0.0,0.0,0.0,0.0,0.0,251
2023-05-11 09:03:00,CF401C14600,CF401C14600,1638.0,0.0,0.0,0.0,10,750.0,2534.0,10,1638.0,0.0,0.0,0.0,0.0,0.0,251
2023-05-11 09:03:03,CF401C14600,CF401C14600,1638.0,0.0,0.0,0.0,10,750.0,2531.0,1,1638.0,0.0,0.0,0.0,0.0,0.0,251
2023-05-11 09:03:04,CF401C14600,CF401C14600,1638.0,0.0,0.0,0.0,1,753.0,2530.0,10,1638.0,0.0,0.0,0.0,0.0,0.0,251
2023-05-11 09:03:04,CF401C14600,CF401C14600,1638.0,0.0,0.0,0.0,10,754.0,2530.0,10,1638.0,0.0,0.0,0.0,0.0,0.0,251
2023-05-11 09:03:07,CF401C14600,CF401C14600,1638.0,0.0,0.0,0.0,1,757.0,2527.0,1,1638.0,0.0,0.0,0.0,0.0,0.0,251
2023-05-11 09:03:07,CF401C14600,CF401C14600,1638.0,0.0,0.0,0.0,10,758.0,2526.0,10,1638.0,0.0,0.0,0.0,0.0,0.0,251
2023-05-11 09:03:11,CF401C14600,CF401C14600,1638.0,0.0,0.0,0.0,1,761.0,2523.0,1,1638.0,0.0,0.0,0.0,0.0,0.0,251
2023-05-11 09:03:11,CF401C14600,CF401C14600,1638.0,0.0,0.0,0.0,10,762.0,2522.0,10,1638.0,0.0,0.0,0.0,0.0,0.0,251
2023-05-11 09:03:13,CF401C14600,CF401C14600,1638.0,0.0,0.0,0.0,1,765.0,2519.0,1,1638.0,0.0,0.0,0.0,0.0,0.0,251
2023-05-11 09:03:13,CF401C14600,CF401C14600,1638.0,0.0,0.0,0.0,10,766.0,2518.0,10,1638.0,0.0,0.0,0.0,0.0,0.0,251
2023-05-11 09:03:15,CF401C14600,CF401C14600,1638.0,0.0,0.0,0.0,1,769.0,2518.0,10,1638.0,0.0,0.0,0.0,0.0,0.0,251
2023-05-11 09:03:15,CF401C14600,CF401C14600,1638.0,0.0,0.0,0.0,10,770.0,2515.0,1,1638.0,0.0,0.0,0.0,0.0,0.0,251
2023-05-11 09:03:16,CF401C14600,CF401C14600,1638.0,0.0,0.0,0.0,1,773.0,2514.0,10,1638.0,0.0,0.0,0.0,0.0,0.0,251
2023-05-11 09:03:16,CF401C14600,CF401C14600,1638.0,0.0,0.0,0.0,10,774.0,2511.0,1,1638.0,0.0,0.0,0.0,0.0,0.0,251
2023-05-11 09:03:17,CF401C14600,CF401C14600,1638.0,0.0,0.0,0.0,10,774.0,2510.0,10,1638.0,0.0,0.0,0.0,0.0,0.0,251
2023-05-11 09:03:18,CF401C14600,CF401C14600,1638.0,0.0,0.0,0.0,1,777.0,2510.0,10,1638.0,0.0,0.0,0.0,0.0,0.0,251
2023-05-11 09:03:18,CF401C14600,CF401C14600,1638.0,0.0,0.0,0.0,10,778.0,2510.0,10,1638.0,0.0,0.0,0.0,0.0,0.0,251
2023-05-11 09:03:22,CF401C14600,CF401C14600,1638.0,0.0,0.0,0.0,1,781.0,2507.0,1,1638.0,0.0,0.0,0.0,0.0,0.0,251
2023-05-11 09:03:22,CF401C14600,CF401C14600,1638.0,0.0,0.0,0.0,10,782.0,2506.0,10,1638.0,0.0,0.0,0.0,0.0,0.0,251
2023-05-11 09:03:25,CF401C14600,CF401C14600,1638.0,0.0,0.0,0.0,1,785.0,2503.0,1,1638.0,0.0,0.0,0.0,0.0,0.0,251
2023-05-11 09:03:25,CF401C14600,CF401C14600,1638.0,0.0,0.0,0.0,10,786.0,2502.0,10,1638.0,0.0,0.0,0.0,0.0,0.0,251
2023-05-11 09:03:27,CF401C14600,CF401C14600,1638.0,0.0,0.0,0.0,1,789.0,2499.0,1,1638.0,0.0,0.0,0.0,0.0,0.0,251
2023-05-11 09:03:28,CF401C14600,CF401C14600,1638.0,0.0,0.0,0.0,10,790.0,2498.0,10,1638.0,0.0,0.0,0.0,0.0,0.0,251
2023-05-11 09:03:31,CF401C14600,CF401C14600,1638.0,0.0,0.0,0.0,1,793.0,2495.0,1,1638.0,0.0,0.0,0.0,0.0,0.0,251
2023-05-11 09:03:31,CF401C14600,CF401C14600,1638.0,0.0,0.0,0.0,10,794.0,2494.0,10,1638.0,0.0,0.0,0.0,0.0,0.0,251
2023-05-11 09:03:34,CF401C14600,CF401C14600,1638.0,0.0,0.0,0.0,1,797.0,2491.0,1,1638.0,0.0,0.0,0.0,0.0,0.0,251
2023-05-11 09:03:35,CF401C14600,CF401C14600,1638.0,0.0,0.0,0.0,10,798.0,2490.0,10,1638.0,0.0,0.0,0.0,0.0,0.0,251
2023-05-11 09:03:37,CF401C14600,CF401C14600,1638.0,0.0,0.0,0.0,1,801.0,2490.0,10,1638.0,0.0,0.0,0.0,0.0,0.0,251
2023-05-11 09:03:38,CF401C14600,CF401C14600,1638.0,0.0,0.0,0.0,10,802.0,2490.0,10,1638.0,0.0,0.0,0.0,0.0,0.0,251
2023-05-11 09:03:38,CF401C14600,CF401C14600,1638.0,0.0,0.0,0.0,10,802.0,2487.0,1,1638.0,0.0,0.0,0.0,0.0,0.0,251
2023-05-11 09:03:38,CF401C14600,CF401C14600,1638.0,0.0,0.0,0.0,10,802.0,2486.0,10,1638.0,0.0,0.0,0.0,0.0,0.0,251
2023-05-11 09:03:40,CF401C14600,CF401C14600,1638.0,0.0,0.0,0.0,1,805.0,2483.0,1,1638.0,0.0,0.0,0.0,0.0,0.0,251
2023-05-11 09:03:40,CF401C14600,CF401C14600,1638.0,0.0,0.0,0.0,10,806.0,2482.0,10,1638.0,0.0,0.0,0.0,0.0,0.0,251
2023-05-11 09:03:41,CF401C14600,CF401C14600,1638.0,0.0,0.0,0.0,1,809.0,2479.0,1,1638.0,0.0,0.0,0.0,0.0,0.0,251
2023-05-11 09:03:41,CF401C14600,CF401C14600,1638.0,0.0,0.0,0.0,10,810.0,2478.0,10,1638.0,0.0,0.0,0.0,0.0,0.0,251
2023-05-11 09:03:42,CF401C14600,CF401C14600,1638.0,0.0,0.0,0.0,1,813.0,2475.0,1,1638.0,0.0,0.0,0.0,0.0,0.0,251
2023-05-11 09:03:42,CF401C14600,CF401C14600,1638.0,0.0,0.0,0.0,10,814.0,2474.0,10,1638.0,0.0,0.0,0.0,0.0,0.0,251
2023-05-11 09:03:43,CF401C14600,CF401C14600,1638.0,0.0,0.0,0.0,1,817.0,2471.0,1,1638.0,0.0,0.0,0.0,0.0,0.0,251
2023-05-11 09:03:43,CF401C14600,CF401C14600,1638.0,0.0,0.0,0.0,10,818.0,2470.0,10,1638.0,0.0,0.0,0.0,0.0,0.0,251
2023-05-11 09:03:45,CF401C14600,CF401C14600,1638.0,0.0,0.0,0.0,1,821.0,2467.0,1,1638.0,0.0,0.0,0.0,0.0,0.0,251
2023-05-11 09:03:45,CF401C14600,CF401C14600,1638.0,0.0,0.0,0.0,10,822.0,2466.0,10,1638.0,0.0,0.0,0.0,0.0,0.0,251
2023-05-11 09:03:46,CF401C14600,CF401C14600,1638.0,0.0,0.0,0.0,1,825.0,2463.0,1,1638.0,0.0,0.0,0.0,0.0,0.0,251
2023-05-11 09:03:46,CF401C14600,CF401C14600,1638.0,0.0,0.0,0.0,10,826.0,2462.0,10,1638.0,0.0,0.0,0.0,0.0,0.0,251
2023-05-11 09:03:49,CF401C14600,CF401C14600,1638.0,0.0,0.0,0.0,1,829.0,2459.0,1,1638.0,0.0,0.0,0.0,0.0,0.0,251
2023-05-11 09:03:50,CF401C14600,CF401C14600,1638.0,0.0,0.0,0.0,10,830.0,2458.0,10,1638.0,0.0,0.0,0.0,0.0,0.0,251
2023-05-11 09:03:52,CF401C14600,CF401C14600,1638.0,0.0,0.0,0.0,1,833.0,2458.0,10,1638.0,0.0,0.0,0.0,0.0,0.0,251
2023-05-11 09:03:53,CF401C14600,CF401C14600,1638.0,0.0,0.0,0.0,10,834.0,2458.0,10,1638.0,0.0,0.0,0.0,0.0,0.0,251
2023-05-11 09:03:53,CF401C14600,CF401C14600,1638.0,0.0,0.0,0.0,1,837.0,2455.0,1,1638.0,0.0,0.0,0.0,0.0,0.0,251
2023-05-11 09:03:54,CF401C14600,CF401C14600,1638.0,0.0,0.0,0.0,10,838.0,2454.0,10,1638.0,0.0,0.0,0.0,0.0,0.0,251
2023-05-11 09:03:57,CF401C14600,CF401C14600,1638.0,0.0,0.0,0.0,1,841.0,2454.0,10,1638.0,0.0,0.0,0.0,0.0,0.0,251
2023-05-11 09:03:57,CF401C14600,CF401C14600,1638.0,0.0,0.0,0.0,10,842.0,2454.0,10,1638.0,0.0,0.0,0.0,0.0,0.0,251
2023-05-11 09:03:58,CF401C14600,CF401C14600,1638.0,0.0,0.0,0.0,1,845.0,2451.0,1,1638.0,0.0,0.0,0.0,0.0,0.0,251
2023-05-11 09:03:59,CF401C14600,CF401C14600,1638.0,0.0,0.0,0.0,10,846.0,2450.0,10,1638.0,0.0,0.0,0.0,0.0,0.0,251
2023-05-11 09:04:01,CF401C14600,CF401C14600,1638.0,0.0,0.0,0.0,1,849.0,2447.0,1,1638.0,0.0,0.0,0.0,0.0,0.0,251
2023-05-11 09:04:01,CF401C14600,CF401C14600,1638.0,0.0,0.0,0.0,10,850.0,2446.0,10,1638.0,0.0,0.0,0.0,0.0,0.0,251
2023-05-11 09:04:04,CF401C14600,CF401C14600,1638.0,0.0,0.0,0.0,1,853.0,2443.0,1,1638.0,0.0,0.0,0.0,0.0,0.0,251
2023-05-11 09:04:04,CF401C14600,CF401C14600,1638.0,0.0,0.0,0.0,10,854.0,2442.0,10,1638.0,0.0,0.0,0.0,0.0,0.0,251
2023-05-11 09:04:06,CF401C14600,CF401C14600,1638.0,0.0,0.0,0.0,1,857.0,2439.0,1,1638.0,0.0,0.0,0.0,0.0,0.0,251
2023-05-11 09:04:06,CF401C14600,CF401C14600,1638.0,0.0,0.0,0.0,10,858.0,2438.0,10,1638.0,0.0,0.0,0.0,0.0,0.0,251
2023-05-11 09:04:07,CF401C14600,CF401C14600,1638.0,0.0,0.0,0.0,1,861.0,2435.0,1,1638.0,0.0,0.0,0.0,0.0,0.0,251
2023-05-11 09:04:07,CF401C14600,CF401C14600,1638.0,0.0,0.0,0.0,10,862.0,2434.0,10,1638.0,0.0,0.0,0.0,0.0,0.0,251
2023-05-11 09:04:08,CF401C14600,CF401C14600,1638.0,0.0,0.0,0.0,1,865.0,2434.0,10,1638.0,0.0,0.0,0.0,0.0,0.0,251
2023-05-11 09:04:08,CF401C14600,CF401C14600,1638.0,0.0,0.0,0.0,10,866.0,2434.0,10,1638.0,0.0,0.0,0.0,0.0,0.0,251
2023-05-11 09:04:09,CF401C14600,CF401C14600,1638.0,0.0,0.0,0.0,1,869.0,2431.0,1,1638.0,0.0,0.0,0.0,0.0,0.0,251
2023-05-11 09:04:09,CF401C14600,CF401C14600,1638.0,0.0,0.0,0.0,10,870.0,2430.0,10,1638.0,0.0,0.0,0.0,0.0,0.0,251
2023-05-11 09:04:10,CF401C14600,CF401C14600,1638.0,0.0,0.0,0.0,1,873.0,2427.0,1,1638.0,0.0,0.0,0.0,0.0,0.0,251
2023-05-11 09:04:10,CF401C14600,CF401C14600,1638.0,0.0,0.0,0.0,10,874.0,2426.0,10,1638.0,0.0,0.0,0.0,0.0,0.0,251
2023-05-11 09:04:11,CF401C14600,CF401C14600,1638.0,0.0,0.0,0.0,1,877.0,2423.0,1,1638.0,0.0,0.0,0.0,0.0,0.0,251
2023-05-11 09:04:11,CF401C14600,CF401C14600,1638.0,0.0,0.0,0.0,10,878.0,2422.0,10,1638.0,0.0,0.0,0.0,0.0,0.0,251
2023-05-11 09:04:14,CF401C14600,CF401C14600,1638.0,0.0,0.0,0.0,1,881.0,2419.0,1,1638.0,0.0,0.0,0.0,0.0,0.0,251
2023-05-11 09:04:14,CF401C14600,CF401C14600,1638.0,0.0,0.0,0.0,10,882.0,2418.0,10,1638.0,0.0,0.0,0.0,0.0,0.0,251
2023-05-11 09:04:15,CF401C14600,CF401C14600,1638.0,0.0,0.0,0.0,1,885.0,2415.0,1,1638.0,0.0,0.0,0.0,0.0,0.0,251
2023-05-11 09:04:15,CF401C14600,CF401C14600,1638.0,0.0,0.0,0.0,10,886.0,2414.0,10,1638.0,0.0,0.0,0.0,0.0,0.0,251
2023-05-11 09:04:17,CF401C14600,CF401C14600,1638.0,0.0,0.0,0.0,1,889.0,2411.0,1,1638.0,0.0,0.0,0.0,0.0,0.0,251
2023-05-11 09:04:17,CF401C14600,CF401C14600,1638.0,0.0,0.0,0.0,10,890.0,2410.0,10,1638.0,0.0,0.0,0.0,0.0,0.0,251
2023-05-11 09:04:18,CF401C14600,CF401C14600,1638.0,0.0,0.0,0.0,1,893.0,2407.0,1,1638.0,0.0,0.0,0.0,0.0,0.0,251
2023-05-11 09:04:18,CF401C14600,CF401C14600,1638.0,0.0,0.0,0.0,10,894.0,2406.0,10,1638.0,0.0,0.0,0.0,0.0,0.0,251
2023-05-11 09:04:20,CF401C14600,CF401C14600,1638.0,0.0,0.0,0.0,1,897.0,2406.0,10,1638.0,0.0,0.0,0.0,0.0,0.0,251
2023-05-11 09:04:20,CF401C14600,CF401C14600,1638.0,0.0,0.0,0.0,10,898.0,2406.0,10,1638.0,0.0,0.0,0.0,0.0,0.0,251
2023-05-11 09:04:21,CF401C14600,CF401C14600,1638.0,0.0,0.0,0.0,1,901.0,2403.0,1,1638.0,0.0,0.0,0.0,0.0,0.0,251
2023-05-11 09:04:21,CF401C14600,CF401C14600,1638.0,0.0,0.0,0.0,10,902.0,2402.0,10,1638.0,0.0,0.0,0.0,0.0,0.0,251
2023-05-11 09:04:22,CF401C14600,CF401C14600,1638.0,0.0,0.0,0.0,1,905.0,2399.0,1,1638.0,0.0,0.0,0.0,0.0,0.0,251
2023-05-11 09:04:22,CF401C14600,CF401C14600,1638.0,0.0,0.0,0.0,10,906.0,2398.0,10,1638.0,0.0,0.0,0.0,0.0,0.0,251
2023-05-11 09:04:23,CF401C14600,CF401C14600,1638.0,0.0,0.0,0.0,1,909.0,2395.0,1,1638.0,0.0,0.0,0.0,0.0,0.0,251
2023-05-11 09:04:23,CF401C14600,CF401C14600,1638.0,0.0,0.0,0.0,10,910.0,2394.0,10,1638.0,0.0,0.0,0.0,0.0,0.0,251
2023-05-11 09:04:24,CF401C14600,CF401C14600,1638.0,0.0,0.0,0.0,1,913.0,2391.0,1,1638.0,0.0,0.0,0.0,0.0,0.0,251
2023-05-11 09:04:24,CF401C14600,CF401C14600,1638.0,0.0,0.0,0.0,10,914.0,2390.0,10,1638.0,0.0,0.0,0.0,0.0,0.0,251
2023-05-11 09:04:25,CF401C14600,CF401C14600,1638.0,0.0,0.0,0.0,1,917.0,2387.0,1,1638.0,0.0,0.0,0.0,0.0,0.0,251
2023-05-11 09:04:25,CF401C14600,CF401C14600,1638.0,0.0,0.0,0.0,10,918.0,2386.0,10,1638.0,0.0,0.0,0.0,0.0,0.0,251
2023-05-11 09:04:27,CF401C14600,CF401C14600,1638.0,0.0,0.0,0.0,1,921.0,2383.0,1,1638.0,0.0,0.0,0.0,0.0,0.0,251
2023-05-11 09:04:27,CF401C14600,CF401C14600,1638.0,0.0,0.0,0.0,10,922.0,2382.0,10,1638.0,0.0,0.0,0.0,0.0,0.0,251
2023-05-11 09:04:30,CF401C14600,CF401C14600,1638.0,0.0,0.0,0.0,1,925.0,2379.0,1,1638.0,0.0,0.0,0.0,0.0,0.0,251
2023-05-11 09:04:30,CF401C14600,CF401C14600,1638.0,0.0,0.0,0.0,10,926.0,2378.0,10,1638.0,0.0,0.0,0.0,0.0,0.0,251
2023-05-11 09:04:32,CF401C14600,CF401C14600,1638.0,0.0,0.0,0.0,1,929.0,2375.0,1,1638.0,0.0,0.0,0.0,0.0,0.0,251
2023-05-11 09:04:32,CF401C14600,CF401C14600,1638.0,0.0,0.0,0.0,10,930.0,2374.0,10,1638.0,0.0,0.0,0.0,0.0,0.0,251
2023-05-11 09:04:35,CF401C14600,CF401C14600,1638.0,0.0,0.0,0.0,1,933.0,2374.0,10,1638.0,0.0,0.0,0.0,0.0,0.0,251
2023-05-11 09:04:35,CF401C14600,CF401C14600,1638.0,0.0,0.0,0.0,10,934.0,2374.0,10,1638.0,0.0,0.0,0.0,0.0,0.0,251
2023-05-11 09:04:36,CF401C14600,CF401C14600,1638.0,0.0,0.0,0.0,1,937.0,2371.0,1,1638.0,0.0,0.0,0.0,0.0,0.0,251
2023-05-11 09:04:37,CF401C14600,CF401C14600,1638.0,0.0,0.0,0.0,10,938.0,2370.0,10,1638.0,0.0,0.0,0.0,0.0,0.0,251
2023-05-11 09:04:39,CF401C14600,CF401C14600,1638.0,0.0,0.0,0.0,1,941.0,2367.0,1,1638.0,0.0,0.0,0.0,0.0,0.0,251
2023-05-11 09:04:39,CF401C14600,CF401C14600,1638.0,0.0,0.0,0.0,10,942.0,2366.0,10,1638.0,0.0,0.0,0.0,0.0,0.0,251
2023-05-11 09:04:40,CF401C14600,CF401C14600,1638.0,0.0,0.0,0.0,1,945.0,2363.0,1,1638.0,0.0,0.0,0.0,0.0,0.0,251
2023-05-11 09:04:40,CF401C14600,CF401C14600,1638.0,0.0,0.0,0.0,10,946.0,2362.0,10,1638.0,0.0,0.0,0.0,0.0,0.0,251
2023-05-11 09:04:41,CF401C14600,CF401C14600,1638.0,0.0,0.0,0.0,1,949.0,2359.0,1,1638.0,0.0,0.0,0.0,0.0,0.0,251
2023-05-11 09:04:41,CF401C14600,CF401C14600,1638.0,0.0,0.0,0.0,10,950.0,2358.0,10,1638.0,0.0,0.0,0.0,0.0,0.0,251
2023-05-11 09:04:42,CF401C14600,CF401C14600,1638.0,0.0,0.0,0.0,1,953.0,2355.0,1,1638.0,0.0,0.0,0.0,0.0,0.0,251
2023-05-11 09:04:42,CF401C14600,CF401C14600,1638.0,0.0,0.0,0.0,10,954.0,2354.0,10,1638.0,0.0,0.0,0.0,0.0,0.0,251
2023-05-11 09:04:43,CF401C14600,CF401C14600,1638.0,0.0,0.0,0.0,1,957.0,2351.0,1,1638.0,0.0,0.0,0.0,0.0,0.0,251
2023-05-11 09:04:43,CF401C14600,CF401C14600,1638.0,0.0,0.0,0.0,10,958.0,2350.0,10,1638.0,0.0,0.0,0.0,0.0,0.0,251
2023-05-11 09:04:44,CF401C14600,CF401C14600,1638.0,0.0,0.0,0.0,1,961.0,2347.0,1,1638.0,0.0,0.0,0.0,0.0,0.0,251
2023-05-11 09:04:44,CF401C14600,CF401C14600,1638.0,0.0,0.0,0.0,10,962.0,2346.0,10,1638.0,0.0,0.0,0.0,0.0,0.0,251
2023-05-11 09:04:46,CF401C14600,CF401C14600,1638.0,0.0,0.0,0.0,1,965.0,2343.0,1,1638.0,0.0,0.0,0.0,0.0,0.0,251
2023-05-11 09:04:46,CF401C14600,CF401C14600,1638.0,0.0,0.0,0.0,10,966.0,2342.0,10,1638.0,0.0,0.0,0.0,0.0,0.0,251
2023-05-11 09:04:49,CF401C14600,CF401C14600,1638.0,0.0,0.0,0.0,1,969.0,2339.0,1,1638.0,0.0,0.0,0.0,0.0,0.0,251
2023-05-11 09:04:49,CF401C14600,CF401C14600,1638.0,0.0,0.0,0.0,10,970.0,2338.0,10,1638.0,0.0,0.0,0.0,0.0,0.0,251
2023-05-11 09:04:50,CF401C14600,CF401C14600,1638.0,0.0,0.0,0.0,1,973.0,2335.0,1,1638.0,0.0,0.0,0.0,0.0,0.0,251
2023-05-11 09:04:50,CF401C14600,CF401C14600,1638.0,0.0,0.0,0.0,10,974.0,2334.0,10,1638.0,0.0,0.0,0.0,0.0,0.0,251
2023-05-11 09:04:51,CF401C14600,CF401C14600,1638.0,0.0,0.0,0.0,1,977.0,2334.0,10,1638.0,0.0,0.0,0.0,0.0,0.0,251
2023-05-11 09:04:52,CF401C14600,CF401C14600,1638.0,0.0,0.0,0.0,10,978.0,2331.0,1,1638.0,0.0,0.0,0.0,0.0,0.0,251
2023-05-11 09:04:52,CF401C14600,CF401C14600,1638.0,0.0,0.0,0.0,1,981.0,2330.0,10,1638.0,0.0,0.0,0.0,0.0,0.0,251
2023-05-11 09:04:53,CF401C14600,CF401C14600,1638.0,0.0,0.0,0.0,10,982.0,2327.0,1,1638.0,0.0,0.0,0.0,0.0,0.0,251
2023-05-11 09:04:53,CF401C14600,CF401C14600,1638.0,0.0,0.0,0.0,1,985.0,2326.0,10,1638.0,0.0,0.0,0.0,0.0,0.0,251
2023-05-11 09:04:54,CF401C14600,CF401C14600,1638.0,0.0,0.0,0.0,10,986.0,2326.0,10,1638.0,0.0,0.0,0.0,0.0,0.0,251
2023-05-11 09:04:54,CF401C14600,CF401C14600,1638.0,0.0,0.0,0.0,1,989.0,2323.0,1,1638.0,0.0,0.0,0.0,0.0,0.0,251
2023-05-11 09:04:54,CF401C14600,CF401C14600,1638.0,0.0,0.0,0.0,10,990.0,2322.0,10,1638.0,0.0,0.0,0.0,0.0,0.0,251
2023-05-11 09:04:55,CF401C14600,CF401C14600,1638.0,0.0,0.0,0.0,1,993.0,2319.0,1,1638.0,0.0,0.0,0.0,0.0,0.0,251
2023-05-11 09:04:55,CF401C14600,CF401C14600,1638.0,0.0,0.0,0.0,10,994.0,2318.0,10,1638.0,0.0,0.0,0.0,0.0,0.0,251
2023-05-11 09:04:56,CF401C14600,CF401C14600,1638.0,0.0,0.0,0.0,1,997.0,2315.0,1,1638.0,0.0,0.0,0.0,0.0,0.0,251
2023-05-11 09:04:56,CF401C14600,CF401C14600,1638.0,0.0,0.0,0.0,10,998.0,2314.0,10,1638.0,0.0,0.0,0.0,0.0,0.0,251
2023-05-11 09:04:57,CF401C14600,CF401C14600,1638.0,0.0,0.0,0.0,1,1001.0,2311.0,1,1638.0,0.0,0.0,0.0,0.0,0.0,251
2023-05-11 09:04:57,CF401C14600,CF401C14600,1638.0,0.0,0.0,0.0,10,1002.0,2310.0,10,1638.0,0.0,0.0,0.0,0.0,0.0,251
2023-05-11 09:04:58,CF401C14600,CF401C14600,1638.0,0.0,0.0,0.0,1,1005.0,2307.0,1,1638.0,0.0,0.0,0.0,0.0,0.0,251
2023-05-11 09:04:58,CF401C14600,CF401C14600,1638.0,0.0,0.0,0.0,10,1006.0,2306.0,10,1638.0,0.0,0.0,0.0,0.0,0.0,251
2023-05-11 09:04:59,CF401C14600,CF401C14600,1638.0,0.0,0.0,0.0,1,1009.0,2303.0,1,1638.0,0.0,0.0,0.0,0.0,0.0,251
2023-05-11 09:04:59,CF401C14600,CF401C14600,1638.0,0.0,0.0,0.0,10,1010.0,2302.0,10,1638.0,0.0,0.0,0.0,0.0,0.0,251
2023-05-11 09:05:00,CF401C14600,CF401C14600,1638.0,0.0,0.0,0.0,1,1013.0,2299.0,1,1638.0,0.0,0.0,0.0,0.0,0.0,251
2023-05-11 09:05:00,CF401C14600,CF401C14600,1638.0,0.0,0.0,0.0,10,1014.0,2298.0,10,1638.0,0.0,0.0,0.0,0.0,0.0,251
2023-05-11 09:05:01,CF401C14600,CF401C14600,1638.0,0.0,0.0,0.0,1,1017.0,2295.0,1,1638.0,0.0,0.0,0.0,0.0,0.0,251
2023-05-11 09:05:01,CF401C14600,CF401C14600,1638.0,0.0,0.0,0.0,10,1018.0,2294.0,10,1638.0,0.0,0.0,0.0,0.0,0.0,251
2023-05-11 09:05:02,CF401C14600,CF401C14600,1638.0,0.0,0.0,0.0,1,1021.0,2291.0,1,1638.0,0.0,0.0,0.0,0.0,0.0,251
2023-05-11 09:05:02,CF401C14600,CF401C14600,1638.0,0.0,0.0,0.0,10,1022.0,2290.0,10,1638.0,0.0,0.0,0.0,0.0,0.0,251
2023-05-11 09:05:03,CF401C14600,CF401C14600,1638.0,0.0,0.0,0.0,1,1025.0,2287.0,1,1638.0,0.0,0.0,0.0,0.0,0.0,251
2023-05-11 09:05:03,CF401C14600,CF401C14600,1638.0,0.0,0.0,0.0,10,1026.0,2286.0,10,1638.0,0.0,0.0,0.0,0.0,0.0,251
2023-05-11 09:05:04,CF401C14600,CF401C14600,1638.0,0.0,0.0,0.0,1,1029.0,2283.0,1,1638.0,0.0,0.0,0.0,0.0,0.0,251
2023-05-11 09:05:04,CF401C14600,CF401C14600,1638.0,0.0,0.0,0.0,10,1030.0,2282.0,10,1638.0,0.0,0.0,0.0,0.0,0.0,251
2023-05-11 09:05:05,CF401C14600,CF401C14600,1638.0,0.0,0.0,0.0,1,1033.0,2279.0,1,1638.0,0.0,0.0,0.0,0.0,0.0,251
2023-05-11 09:05:05,CF401C14600,CF401C14600,1638.0,0.0,0.0,0.0,10,1034.0,2278.0,10,1638.0,0.0,0.0,0.0,0.0,0.0,251
2023-05-11 09:05:06,CF401C14600,CF401C14600,1638.0,0.0,0.0,0.0,1,1037.0,2275.0,1,1638.0,0.0,0.0,0.0,0.0,0.0,251
2023-05-11 09:05:06,CF401C14600,CF401C14600,1638.0,0.0,0.0,0.0,10,1038.0,2274.0,10,1638.0,0.0,0.0,0.0,0.0,0.0,251
2023-05-11 09:05:06,CF401C14600,CF401C14600,1638.0,0.0,0.0,0.0,1,1037.0,2275.0,1,1638.0,0.0,0.0,0.0,0.0,0.0,251
2023-05-11 09:05:06,CF401C14600,CF401C14600,1638.0,0.0,0.0,0.0,10,1038.0,2274.0,10,1638.0,0.0,0.0,0.0,0.0,0.0,251
2023-05-11 09:23:53,CF401C14600,CF401C14600,1638.0,0.0,0.0,0.0,1,1041.0,2271.0,1,1638.0,0.0,0.0,0.0,0.0,0.0,251
2023-05-11 09:23:54,CF401C14600,CF401C14600,1638.0,0.0,0.0,0.0,10,1042.0,2270.0,10,1638.0,0.0,0.0,0.0,0.0,0.0,251
2023-05-11 09:23:54,CF401C14600,CF401C14600,1638.0,0.0,0.0,0.0,1,1045.0,2267.0,1,1638.0,0.0,0.0,0.0,0.0,0.0,251
2023-05-11 09:23:54,CF401C14600,CF401C14600,1638.0,0.0,0.0,0.0,10,1046.0,2266.0,10,1638.0,0.0,0.0,0.0,0.0,0.0,251
2023-05-11 09:23:55,CF401C14600,CF401C14600,1638.0,0.0,0.0,0.0,1,1049.0,2263.0,1,1638.0,0.0,0.0,0.0,0.0,0.0,251
2023-05-11 09:23:55,CF401C14600,CF401C14600,1638.0,0.0,0.0,0.0,10,1050.0,2262.0,10,1638.0,0.0,0.0,0.0,0.0,0.0,251
2023-05-11 09:23:56,CF401C14600,CF401C14600,1638.0,0.0,0.0,0.0,1,1053.0,2259.0,1,1638.0,0.0,0.0,0.0,0.0,0.0,251
2023-05-11 09:23:56,CF401C14600,CF401C14600,1638.0,0.0,0.0,0.0,10,1054.0,2258.0,10,1638.0,0.0,0.0,0.0,0.0,0.0,251
2023-05-11 09:23:57,CF401C14600,CF401C14600,1638.0,0.0,0.0,0.0,1,1057.0,2255.0,1,1638.0,0.0,0.0,0.0,0.0,0.0,251
2023-05-11 09:23:57,CF401C14600,CF401C14600,1638.0,0.0,0.0,0.0,10,1058.0,2254.0,10,1638.0,0.0,0.0,0.0,0.0,0.0,251
2023-05-11 09:43:53,CF401C14600,CF401C14600,1638.0,0.0,0.0,0.0,1,1061.0,2251.0,1,1638.0,0.0,0.0,0.0,0.0,0.0,251
2023-05-11 09:43:54,CF401C14600,CF401C14600,1638.0,0.0,0.0,0.0,10,1062.0,2250.0,10,1638.0,0.0,0.0,0.0,0.0,0.0,251
2023-05-11 09:43:54,CF401C14600,CF401C14600,1638.0,0.0,0.0,0.0,1,1065.0,2247.0,1,1638.0,0.0,0.0,0.0,0.0,0.0,251
2023-05-11 09:43:54,CF401C14600,CF401C14600,1638.0,0.0,0.0,0.0,10,1066.0,2246.0,10,1638.0,0.0,0.0,0.0,0.0,0.0,251
2023-05-11 09:43:55,CF401C14600,CF401C14600,1638.0,0.0,0.0,0.0,1,1069.0,2243.0,1,1638.0,0.0,0.0,0.0,0.0,0.0,251
2023-05-11 09:43:55,CF401C14600,CF401C14600,1638.0,0.0,0.0,0.0,10,1070.0,2242.0,10,1638.0,0.0,0.0,0.0,0.0,0.0,251
2023-05-11 09:43:56,CF401C14600,CF401C14600,1638.0,0.0,0.0,0.0,1,1073.0,2239.0,1,1638.0,0.0,0.0,0.0,0.0,0.0,251
2023-05-11 09:43:56,CF401C14600,CF401C14600,1638.0,0.0,0.0,0.0,10,1074.0,2238.0,10,1638.0,0.0,0.0,0.0,0.0,0.0,251
2023-05-11 09:43:57,CF401C14600,CF401C14600,1638.0,0.0,0.0,0.0,1,1077.0,2235.0,1,1638.0,0.0,0.0,0.0,0.0,0.0,251
2023-05-11 09:43:57,CF401C14600,CF401C14600,1638.0,0.0,0.0,0.0,10,1078.0,2234.0,10,1638.0,0.0,0.0,0.0,0.0,0.0,251
2023-05-11 10:03:53,CF401C14600,CF401C14600,1638.0,0.0,0.0,0.0,1,1081.0,2231.0,1,1638.0,0.0,0.0,0.0,0.0,0.0,251
2023-05-11 10:03:54,CF401C14600,CF401C14600,1638.0,0.0,0.0,0.0,10,1082.0,2230.0,10,1638.0,0.0,0.0,0.0,0.0,0.0,251
2023-05-11 10:03:54,CF401C14600,CF401C14600,1638.0,0.0,0.0,0.0,1,1085.0,2227.0,1,1638.0,0.0,0.0,0.0,0.0,0.0,251
2023-05-11 10:03:54,CF401C14600,CF401C14600,1638.0,0.0,0.0,0.0,10,1086.0,2226.0,10,1638.0,0.0,0.0,0.0,0.0,0.0,251
2023-05-11 10:03:55,CF401C14600,CF401C14600,1638.0,0.0,0.0,0.0,1,1089.0,2223.0,1,1638.0,0.0,0.0,0.0,0.0,0.0,251
2023-05-11 10:03:55,CF401C14600,CF401C14600,1638.0,0.0,0.0,0.0,10,1090.0,2222.0,10,1638.0,0.0,0.0,0.0,0.0,0.0,251
2023-05-11 10:03:56,CF401C14600,CF401C14600,1638.0,0.0,0.0,0.0,1,1093.0,2219.0,1,1638.0,0.0,0.0,0.0,0.0,0.0,251
2023-05-11 10:03:56,CF401C14600,CF401C14600,1638.0,0.0,0.0,0.0,10,1094.0,2218.0,10,1638.0,0.0,0.0,0.0,0.0,0.0,251
2023-05-11 10:03:57,CF401C14600,CF401C14600,1638.0,0.0,0.0,0.0,1,1097.0,2215.0,1,1638.0,0.0,0.0,0.0,0.0,0.0,251
2023-05-11 10:03:57,CF401C14600,CF401C14600,1638.0,0.0,0.0,0.0,10,1098.0,2214.0,10,1638.0,0.0,0.0,0.0,0.0,0.0,251
2023-05-11 10:14:33,CF401C14600,CF401C14600,1638.0,0.0,0.0,0.0,0,0.0,0.0,0,1638.0,0.0,0.0,0.0,0.0,0.0,251
2023-05-11 10:32:02,CF401C14600,CF401C14600,1638.0,0.0,0.0,0.0,1,681.0,2595.0,1,1638.0,0.0,0.0,0.0,0.0,0.0,251
2023-05-11 10:32:02,CF401C14600,CF401C14600,1638.0,0.0,0.0,0.0,10,682.0,2594.0,10,1638.0,0.0,0.0,0.0,0.0,0.0,251
2023-05-11 10:32:05,CF401C14600,CF401C14600,1638.0,0.0,0.0,0.0,1,685.0,2591.0,1,1638.0,0.0,0.0,0.0,0.0,0.0,251
2023-05-11 10:32:05,CF401C14600,CF401C14600,1638.0,0.0,0.0,0.0,10,686.0,2590.0,10,1638.0,0.0,0.0,0.0,0.0,0.0,251
2023-05-11 10:32:06,CF401C14600,CF401C14600,1638.0,0.0,0.0,0.0,1,689.0,2587.0,1,1638.0,0.0,0.0,0.0,0.0,0.0,251
2023-05-11 10:32:06,CF401C14600,CF401C14600,1638.0,0.0,0.0,0.0,10,690.0,2586.0,10,1638.0,0.0,0.0,0.0,0.0,0.0,251
2023-05-11 10:32:07,CF401C14600,CF401C14600,1638.0,0.0,0.0,0.0,1,693.0,2586.0,10,1638.0,0.0,0.0,0.0,0.0,0.0,251
2023-05-11 10:32:07,CF401C14600,CF401C14600,1638.0,0.0,0.0,0.0,10,694.0,2583.0,1,1638.0,0.0,0.0,0.0,0.0,0.0,251
2023-05-11 10:32:08,CF401C14600,CF401C14600,1638.0,0.0,0.0,0.0,1,697.0,2582.0,10,1638.0,0.0,0.0,0.0,0.0,0.0,251
2023-05-11 10:32:08,CF401C14600,CF401C14600,1638.0,0.0,0.0,0.0,10,698.0,2582.0,10,1638.0,0.0,0.0,0.0,0.0,0.0,251
2023-05-11 11:29:33,CF401C14600,CF401C14600,1638.0,0.0,0.0,0.0,0,0.0,0.0,0,1638.0,0.0,0.0,0.0,0.0,0.0,251
