time,symbol_id,symbol_name,last,trade_volume,trade_amount,open_interest_change,bv1,bp1,ap1,av1,yesterday_close,today_open,today_high,today_low,volume,amount,open_interest
2023-05-10 19:12:58,CF401P16200,CF401P16200,989.0,0.0,0.0,-9.0,0,0.0,0.0,0,989.0,974.0,0.0,0.0,0.0,0.0,217
2023-05-10 20:59:00,CF401P16200,CF401P16200,989.0,0.0,0.0,0.0,9,194.0,0.0,0,989.0,974.0,0.0,0.0,0.0,0.0,217
2023-05-10 21:00:00,CF401P16200,CF401P16200,989.0,0.0,0.0,0.0,10,200.0,1263.0,2,989.0,974.0,0.0,0.0,0.0,0.0,217
2023-05-10 21:00:01,CF401P16200,CF401P16200,989.0,0.0,0.0,0.0,10,201.0,1257.0,10,989.0,974.0,0.0,0.0,0.0,0.0,217
2023-05-10 21:00:02,CF401P16200,CF401P16200,989.0,0.0,0.0,0.0,6,202.0,1263.0,2,989.0,974.0,0.0,0.0,0.0,0.0,217
2023-05-10 21:00:03,CF401P16200,CF401P16200,989.0,0.0,0.0,0.0,10,207.0,1251.0,10,989.0,974.0,0.0,0.0,0.0,0.0,217
2023-05-10 21:00:03,CF401P16200,CF401P16200,989.0,0.0,0.0,0.0,2,637.0,1251.0,10,989.0,974.0,0.0,0.0,0.0,0.0,217
2023-05-10 21:00:04,CF401P16200,CF401P16200,989.0,0.0,0.0,0.0,10,643.0,1174.0,2,989.0,974.0,0.0,0.0,0.0,0.0,217
2023-05-10 21:00:05,CF401P16200,CF401P16200,989.0,0.0,0.0,0.0,10,649.0,1168.0,10,989.0,974.0,0.0,0.0,0.0,0.0,217
2023-05-10 21:00:07,CF401P16200,CF401P16200,989.0,0.0,0.0,0.0,10,732.0,1090.0,10,989.0,974.0,0.0,0.0,0.0,0.0,217
2023-05-10 21:00:07,CF401P16200,CF401P16200,989.0,0.0,0.0,0.0,10,733.0,1090.0,10,989.0,974.0,0.0,0.0,0.0,0.0,217
2023-05-10 21:00:07,CF401P16200,CF401P16200,989.0,0.0,0.0,0.0,2,810.0,1013.0,2,989.0,974.0,0.0,0.0,0.0,0.0,217
2023-05-10 21:00:08,CF401P16200,CF401P16200,989.0,0.0,0.0,0.0,10,822.0,1012.0,10,989.0,974.0,0.0,0.0,0.0,0.0,217
2023-05-10 21:00:08,CF401P16200,CF401P16200,989.0,0.0,0.0,0.0,2,900.0,1012.0,10,989.0,974.0,0.0,0.0,0.0,0.0,217
2023-05-10 21:00:09,CF401P16200,CF401P16200,989.0,0.0,0.0,0.0,10,901.0,1012.0,10,989.0,974.0,0.0,0.0,0.0,0.0,217
2023-05-10 21:00:54,CF401P16200,CF401P16200,989.0,0.0,0.0,0.0,1,909.0,988.0,1,989.0,974.0,0.0,0.0,0.0,0.0,217
2023-05-10 21:00:55,CF401P16200,CF401P16200,989.0,0.0,0.0,0.0,10,910.0,987.0,10,989.0,974.0,0.0,0.0,0.0,0.0,217
2023-05-10 21:01:10,CF401P16200,CF401P16200,989.0,0.0,0.0,0.0,10,910.0,965.0,3,989.0,974.0,0.0,0.0,0.0,0.0,217
2023-05-10 21:01:11,CF401P16200,CF401P16200,989.0,0.0,0.0,0.0,3,949.0,965.0,3,989.0,974.0,0.0,0.0,0.0,0.0,217
2023-05-10 21:01:19,CF401P16200,CF401P16200,989.0,0.0,0.0,0.0,3,953.0,965.0,3,989.0,974.0,0.0,0.0,0.0,0.0,217
2023-05-10 21:01:23,CF401P16200,CF401P16200,989.0,0.0,0.0,0.0,3,953.0,987.0,10,989.0,974.0,0.0,0.0,0.0,0.0,217
2023-05-10 21:01:24,CF401P16200,CF401P16200,989.0,0.0,0.0,0.0,3,953.0,972.0,3,989.0,974.0,0.0,0.0,0.0,0.0,217
2023-05-10 21:01:25,CF401P16200,CF401P16200,989.0,0.0,0.0,0.0,3,953.0,972.0,13,989.0,974.0,0.0,0.0,0.0,0.0,217
2023-05-10 21:01:26,CF401P16200,CF401P16200,989.0,0.0,0.0,0.0,3,957.0,972.0,13,989.0,974.0,0.0,0.0,0.0,0.0,217
2023-05-10 21:01:29,CF401P16200,CF401P16200,989.0,0.0,0.0,0.0,3,957.0,972.0,3,989.0,974.0,0.0,0.0,0.0,0.0,217
2023-05-10 21:01:31,CF401P16200,CF401P16200,989.0,0.0,0.0,0.0,13,957.0,972.0,3,989.0,974.0,0.0,0.0,0.0,0.0,217
2023-05-10 21:01:31,CF401P16200,CF401P16200,989.0,0.0,0.0,0.0,3,961.0,972.0,3,989.0,974.0,0.0,0.0,0.0,0.0,217
2023-05-10 21:01:32,CF401P16200,CF401P16200,989.0,0.0,0.0,0.0,3,961.0,987.0,10,989.0,974.0,0.0,0.0,0.0,0.0,217
2023-05-10 21:01:33,CF401P16200,CF401P16200,989.0,0.0,0.0,0.0,3,961.0,976.0,3,989.0,974.0,0.0,0.0,0.0,0.0,217
2023-05-10 21:01:33,CF401P16200,CF401P16200,989.0,0.0,0.0,0.0,3,961.0,976.0,13,989.0,974.0,0.0,0.0,0.0,0.0,217
2023-05-10 21:01:36,CF401P16200,CF401P16200,989.0,0.0,0.0,0.0,3,961.0,972.0,3,989.0,974.0,0.0,0.0,0.0,0.0,217
2023-05-10 21:01:37,CF401P16200,CF401P16200,989.0,0.0,0.0,0.0,3,961.0,972.0,13,989.0,974.0,0.0,0.0,0.0,0.0,217
2023-05-10 21:01:53,CF401P16200,CF401P16200,989.0,0.0,0.0,0.0,3,957.0,972.0,13,989.0,974.0,0.0,0.0,0.0,0.0,217
2023-05-10 21:01:54,CF401P16200,CF401P16200,989.0,0.0,0.0,0.0,3,957.0,972.0,3,989.0,974.0,0.0,0.0,0.0,0.0,217
2023-05-10 21:01:56,CF401P16200,CF401P16200,989.0,0.0,0.0,0.0,3,957.0,968.0,3,989.0,974.0,0.0,0.0,0.0,0.0,217
2023-05-10 21:02:01,CF401P16200,CF401P16200,989.0,0.0,0.0,0.0,3,953.0,968.0,3,989.0,974.0,0.0,0.0,0.0,0.0,217
2023-05-10 21:02:08,CF401P16200,CF401P16200,989.0,0.0,0.0,0.0,3,957.0,968.0,3,989.0,974.0,0.0,0.0,0.0,0.0,217
2023-05-10 21:02:25,CF401P16200,CF401P16200,989.0,0.0,0.0,0.0,3,957.0,972.0,3,989.0,974.0,0.0,0.0,0.0,0.0,217
2023-05-10 21:02:29,CF401P16200,CF401P16200,989.0,0.0,0.0,0.0,3,962.0,972.0,3,989.0,974.0,0.0,0.0,0.0,0.0,217
2023-05-10 21:02:30,CF401P16200,CF401P16200,989.0,0.0,0.0,0.0,3,962.0,976.0,3,989.0,974.0,0.0,0.0,0.0,0.0,217
2023-05-10 21:02:31,CF401P16200,CF401P16200,989.0,0.0,0.0,0.0,3,962.0,976.0,13,989.0,974.0,0.0,0.0,0.0,0.0,217
2023-05-10 21:02:32,CF401P16200,CF401P16200,989.0,0.0,0.0,0.0,3,962.0,976.0,3,989.0,974.0,0.0,0.0,0.0,0.0,217
2023-05-10 21:02:47,CF401P16200,CF401P16200,989.0,0.0,0.0,0.0,3,966.0,976.0,3,989.0,974.0,0.0,0.0,0.0,0.0,217
2023-05-10 21:02:52,CF401P16200,CF401P16200,989.0,0.0,0.0,0.0,3,966.0,976.0,13,989.0,974.0,0.0,0.0,0.0,0.0,217
2023-05-10 21:02:54,CF401P16200,CF401P16200,989.0,0.0,0.0,0.0,3,966.0,976.0,3,989.0,974.0,0.0,0.0,0.0,0.0,217
2023-05-10 21:03:04,CF401P16200,CF401P16200,989.0,0.0,0.0,0.0,3,966.0,981.0,10,989.0,974.0,0.0,0.0,0.0,0.0,217
2023-05-10 21:03:07,CF401P16200,CF401P16200,989.0,0.0,0.0,0.0,3,966.0,982.0,13,989.0,974.0,0.0,0.0,0.0,0.0,217
2023-05-10 21:03:11,CF401P16200,CF401P16200,989.0,0.0,0.0,0.0,3,966.0,978.0,3,989.0,974.0,0.0,0.0,0.0,0.0,217
2023-05-10 21:03:15,CF401P16200,CF401P16200,989.0,0.0,0.0,0.0,3,966.0,978.0,13,989.0,974.0,0.0,0.0,0.0,0.0,217
2023-05-10 21:03:21,CF401P16200,CF401P16200,989.0,0.0,0.0,0.0,3,962.0,978.0,13,989.0,974.0,0.0,0.0,0.0,0.0,217
2023-05-10 21:03:22,CF401P16200,CF401P16200,989.0,0.0,0.0,0.0,3,962.0,974.0,3,989.0,974.0,0.0,0.0,0.0,0.0,217
2023-05-10 21:03:41,CF401P16200,CF401P16200,989.0,0.0,0.0,0.0,13,957.0,974.0,13,989.0,974.0,0.0,0.0,0.0,0.0,217
2023-05-10 21:03:41,CF401P16200,CF401P16200,989.0,0.0,0.0,0.0,3,957.0,974.0,23,989.0,974.0,0.0,0.0,0.0,0.0,217
2023-05-10 21:03:43,CF401P16200,CF401P16200,989.0,0.0,0.0,0.0,3,957.0,974.0,13,989.0,974.0,0.0,0.0,0.0,0.0,217
2023-05-10 21:03:44,CF401P16200,CF401P16200,989.0,0.0,0.0,0.0,13,957.0,974.0,3,989.0,974.0,0.0,0.0,0.0,0.0,217
2023-05-10 21:03:51,CF401P16200,CF401P16200,989.0,0.0,0.0,0.0,3,961.0,974.0,3,989.0,974.0,0.0,0.0,0.0,0.0,217
2023-05-10 21:04:31,CF401P16200,CF401P16200,989.0,0.0,0.0,0.0,3,961.0,974.0,13,989.0,974.0,0.0,0.0,0.0,0.0,217
2023-05-10 21:04:32,CF401P16200,CF401P16200,989.0,0.0,0.0,0.0,3,961.0,974.0,23,989.0,974.0,0.0,0.0,0.0,0.0,217
2023-05-10 21:04:36,CF401P16200,CF401P16200,989.0,0.0,0.0,0.0,3,961.0,971.0,10,989.0,974.0,0.0,0.0,0.0,0.0,217
2023-05-10 21:04:39,CF401P16200,CF401P16200,989.0,0.0,0.0,0.0,3,961.0,970.0,3,989.0,974.0,0.0,0.0,0.0,0.0,217
2023-05-10 21:04:46,CF401P16200,CF401P16200,989.0,0.0,0.0,0.0,3,957.0,970.0,3,989.0,974.0,0.0,0.0,0.0,0.0,217
2023-05-10 21:05:09,CF401P16200,CF401P16200,989.0,0.0,0.0,0.0,3,957.0,969.0,10,989.0,974.0,0.0,0.0,0.0,0.0,217
2023-05-10 21:05:10,CF401P16200,CF401P16200,989.0,0.0,0.0,0.0,3,957.0,969.0,20,989.0,974.0,0.0,0.0,0.0,0.0,217
2023-05-10 21:05:20,CF401P16200,CF401P16200,989.0,0.0,0.0,0.0,3,953.0,966.0,3,989.0,974.0,0.0,0.0,0.0,0.0,217
2023-05-10 21:05:22,CF401P16200,CF401P16200,989.0,0.0,0.0,0.0,3,953.0,963.0,10,989.0,974.0,0.0,0.0,0.0,0.0,217
2023-05-10 21:05:22,CF401P16200,CF401P16200,989.0,0.0,0.0,0.0,3,953.0,963.0,20,989.0,974.0,0.0,0.0,0.0,0.0,217
2023-05-10 21:05:24,CF401P16200,CF401P16200,989.0,0.0,0.0,0.0,3,953.0,963.0,10,989.0,974.0,0.0,0.0,0.0,0.0,217
2023-05-10 21:05:24,CF401P16200,CF401P16200,989.0,0.0,0.0,0.0,3,953.0,963.0,20,989.0,974.0,0.0,0.0,0.0,0.0,217
2023-05-10 21:05:25,CF401P16200,CF401P16200,989.0,0.0,0.0,0.0,3,953.0,965.0,10,989.0,974.0,0.0,0.0,0.0,0.0,217
2023-05-10 21:05:26,CF401P16200,CF401P16200,989.0,0.0,0.0,0.0,3,953.0,966.0,3,989.0,974.0,0.0,0.0,0.0,0.0,217
2023-05-10 21:05:38,CF401P16200,CF401P16200,989.0,0.0,0.0,0.0,13,953.0,968.0,10,989.0,974.0,0.0,0.0,0.0,0.0,217
2023-05-10 21:05:38,CF401P16200,CF401P16200,989.0,0.0,0.0,0.0,23,953.0,970.0,3,989.0,974.0,0.0,0.0,0.0,0.0,217
2023-05-10 21:05:42,CF401P16200,CF401P16200,989.0,0.0,0.0,0.0,23,953.0,970.0,13,989.0,974.0,0.0,0.0,0.0,0.0,217
2023-05-10 21:05:55,CF401P16200,CF401P16200,989.0,0.0,0.0,0.0,33,953.0,970.0,3,989.0,974.0,0.0,0.0,0.0,0.0,217
2023-05-10 21:06:02,CF401P16200,CF401P16200,989.0,0.0,0.0,0.0,3,957.0,970.0,3,989.0,974.0,0.0,0.0,0.0,0.0,217
2023-05-10 21:06:32,CF401P16200,CF401P16200,989.0,0.0,0.0,0.0,10,958.0,970.0,3,989.0,974.0,0.0,0.0,0.0,0.0,217
2023-05-10 21:06:33,CF401P16200,CF401P16200,989.0,0.0,0.0,0.0,20,958.0,970.0,3,989.0,974.0,0.0,0.0,0.0,0.0,217
2023-05-10 21:06:43,CF401P16200,CF401P16200,989.0,0.0,0.0,0.0,10,958.0,970.0,3,989.0,974.0,0.0,0.0,0.0,0.0,217
2023-05-10 21:06:56,CF401P16200,CF401P16200,989.0,0.0,0.0,0.0,3,962.0,974.0,3,989.0,974.0,0.0,0.0,0.0,0.0,217
2023-05-10 21:06:58,CF401P16200,CF401P16200,989.0,0.0,0.0,0.0,23,962.0,974.0,3,989.0,974.0,0.0,0.0,0.0,0.0,217
2023-05-10 21:07:11,CF401P16200,CF401P16200,989.0,0.0,0.0,0.0,23,962.0,973.0,20,989.0,974.0,0.0,0.0,0.0,0.0,217
2023-05-10 21:07:12,CF401P16200,CF401P16200,989.0,0.0,0.0,0.0,13,962.0,973.0,20,989.0,974.0,0.0,0.0,0.0,0.0,217
2023-05-10 21:07:14,CF401P16200,CF401P16200,989.0,0.0,0.0,0.0,3,962.0,973.0,20,989.0,974.0,0.0,0.0,0.0,0.0,217
2023-05-10 21:07:15,CF401P16200,CF401P16200,989.0,0.0,0.0,0.0,3,962.0,969.0,10,989.0,974.0,0.0,0.0,0.0,0.0,217
2023-05-10 21:07:35,CF401P16200,CF401P16200,989.0,0.0,0.0,0.0,3,962.0,969.0,20,989.0,974.0,0.0,0.0,0.0,0.0,217
2023-05-10 21:07:42,CF401P16200,CF401P16200,989.0,0.0,0.0,0.0,3,962.0,969.0,10,989.0,974.0,0.0,0.0,0.0,0.0,217
2023-05-10 21:07:45,CF401P16200,CF401P16200,989.0,0.0,0.0,0.0,3,962.0,969.0,20,989.0,974.0,0.0,0.0,0.0,0.0,217
2023-05-10 21:07:55,CF401P16200,CF401P16200,989.0,0.0,0.0,0.0,3,962.0,969.0,10,989.0,974.0,0.0,0.0,0.0,0.0,217
2023-05-10 21:07:55,CF401P16200,CF401P16200,989.0,0.0,0.0,0.0,3,962.0,972.0,20,989.0,974.0,0.0,0.0,0.0,0.0,217
2023-05-10 21:07:56,CF401P16200,CF401P16200,989.0,0.0,0.0,0.0,3,962.0,972.0,10,989.0,974.0,0.0,0.0,0.0,0.0,217
2023-05-10 21:08:09,CF401P16200,CF401P16200,989.0,0.0,0.0,0.0,13,962.0,972.0,10,989.0,974.0,0.0,0.0,0.0,0.0,217
2023-05-10 21:08:10,CF401P16200,CF401P16200,989.0,0.0,0.0,0.0,23,962.0,973.0,20,989.0,974.0,0.0,0.0,0.0,0.0,217
2023-05-10 21:08:10,CF401P16200,CF401P16200,989.0,0.0,0.0,0.0,23,962.0,973.0,10,989.0,974.0,0.0,0.0,0.0,0.0,217
2023-05-10 21:08:11,CF401P16200,CF401P16200,989.0,0.0,0.0,0.0,23,962.0,974.0,3,989.0,974.0,0.0,0.0,0.0,0.0,217
2023-05-10 21:08:13,CF401P16200,CF401P16200,989.0,0.0,0.0,0.0,10,963.0,976.0,20,989.0,974.0,0.0,0.0,0.0,0.0,217
2023-05-10 21:08:13,CF401P16200,CF401P16200,989.0,0.0,0.0,0.0,10,965.0,977.0,10,989.0,974.0,0.0,0.0,0.0,0.0,217
2023-05-10 21:08:14,CF401P16200,CF401P16200,989.0,0.0,0.0,0.0,20,965.0,977.0,10,989.0,974.0,0.0,0.0,0.0,0.0,217
2023-05-10 21:08:15,CF401P16200,CF401P16200,989.0,0.0,0.0,0.0,3,967.0,977.0,10,989.0,974.0,0.0,0.0,0.0,0.0,217
2023-05-10 21:08:15,CF401P16200,CF401P16200,989.0,0.0,0.0,0.0,3,967.0,977.0,20,989.0,974.0,0.0,0.0,0.0,0.0,217
2023-05-10 21:08:19,CF401P16200,CF401P16200,989.0,0.0,0.0,0.0,3,967.0,977.0,30,989.0,974.0,0.0,0.0,0.0,0.0,217
2023-05-10 21:08:20,CF401P16200,CF401P16200,989.0,0.0,0.0,0.0,3,967.0,977.0,20,989.0,974.0,0.0,0.0,0.0,0.0,217
2023-05-10 21:08:48,CF401P16200,CF401P16200,989.0,0.0,0.0,0.0,13,967.0,977.0,20,989.0,974.0,0.0,0.0,0.0,0.0,217
2023-05-10 21:08:50,CF401P16200,CF401P16200,989.0,0.0,0.0,0.0,3,967.0,977.0,20,989.0,974.0,0.0,0.0,0.0,0.0,217
2023-05-10 21:09:00,CF401P16200,CF401P16200,989.0,0.0,0.0,0.0,13,967.0,977.0,20,989.0,974.0,0.0,0.0,0.0,0.0,217
2023-05-10 21:09:02,CF401P16200,CF401P16200,989.0,0.0,0.0,0.0,23,967.0,977.0,20,989.0,974.0,0.0,0.0,0.0,0.0,217
2023-05-10 21:09:06,CF401P16200,CF401P16200,989.0,0.0,0.0,0.0,23,967.0,978.0,3,989.0,974.0,0.0,0.0,0.0,0.0,217
2023-05-10 21:09:07,CF401P16200,CF401P16200,989.0,0.0,0.0,0.0,13,967.0,978.0,3,989.0,974.0,0.0,0.0,0.0,0.0,217
2023-05-10 21:09:07,CF401P16200,CF401P16200,989.0,0.0,0.0,0.0,10,969.0,978.0,3,989.0,974.0,0.0,0.0,0.0,0.0,217
2023-05-10 21:09:08,CF401P16200,CF401P16200,989.0,0.0,0.0,0.0,20,969.0,978.0,3,989.0,974.0,0.0,0.0,0.0,0.0,217
2023-05-10 21:09:15,CF401P16200,CF401P16200,989.0,0.0,0.0,0.0,20,969.0,983.0,20,989.0,974.0,0.0,0.0,0.0,0.0,217
2023-05-10 21:09:20,CF401P16200,CF401P16200,989.0,0.0,0.0,0.0,30,971.0,983.0,10,989.0,974.0,0.0,0.0,0.0,0.0,217
2023-05-10 21:09:20,CF401P16200,CF401P16200,989.0,0.0,0.0,0.0,20,971.0,984.0,3,989.0,974.0,0.0,0.0,0.0,0.0,217
2023-05-10 21:09:21,CF401P16200,CF401P16200,989.0,0.0,0.0,0.0,3,972.0,984.0,3,989.0,974.0,0.0,0.0,0.0,0.0,217
2023-05-10 21:09:22,CF401P16200,CF401P16200,989.0,0.0,0.0,0.0,3,972.0,984.0,13,989.0,974.0,0.0,0.0,0.0,0.0,217
2023-05-10 21:09:23,CF401P16200,CF401P16200,989.0,0.0,0.0,0.0,3,972.0,984.0,23,989.0,974.0,0.0,0.0,0.0,0.0,217
2023-05-10 21:09:24,CF401P16200,CF401P16200,989.0,0.0,0.0,0.0,3,972.0,984.0,13,989.0,974.0,0.0,0.0,0.0,0.0,217
2023-05-10 21:09:27,CF401P16200,CF401P16200,989.0,0.0,0.0,0.0,3,972.0,984.0,23,989.0,974.0,0.0,0.0,0.0,0.0,217
2023-05-10 21:09:30,CF401P16200,CF401P16200,989.0,0.0,0.0,0.0,3,972.0,983.0,10,989.0,974.0,0.0,0.0,0.0,0.0,217
2023-05-10 21:09:31,CF401P16200,CF401P16200,989.0,0.0,0.0,0.0,3,972.0,982.0,20,989.0,974.0,0.0,0.0,0.0,0.0,217
2023-05-10 21:09:36,CF401P16200,CF401P16200,989.0,0.0,0.0,0.0,3,972.0,982.0,10,989.0,974.0,0.0,0.0,0.0,0.0,217
2023-05-10 21:09:42,CF401P16200,CF401P16200,989.0,0.0,0.0,0.0,3,972.0,984.0,23,989.0,974.0,0.0,0.0,0.0,0.0,217
2023-05-10 21:09:43,CF401P16200,CF401P16200,989.0,0.0,0.0,0.0,3,972.0,984.0,43,989.0,974.0,0.0,0.0,0.0,0.0,217
2023-05-10 21:09:43,CF401P16200,CF401P16200,989.0,0.0,0.0,0.0,3,972.0,984.0,33,989.0,974.0,0.0,0.0,0.0,0.0,217
2023-05-10 21:09:46,CF401P16200,CF401P16200,989.0,0.0,0.0,0.0,3,972.0,982.0,10,989.0,974.0,0.0,0.0,0.0,0.0,217
2023-05-10 21:09:49,CF401P16200,CF401P16200,989.0,0.0,0.0,0.0,13,972.0,984.0,53,989.0,974.0,0.0,0.0,0.0,0.0,217
2023-05-10 21:09:49,CF401P16200,CF401P16200,989.0,0.0,0.0,0.0,13,972.0,984.0,43,989.0,974.0,0.0,0.0,0.0,0.0,217
2023-05-10 21:09:50,CF401P16200,CF401P16200,989.0,0.0,0.0,0.0,3,972.0,984.0,43,989.0,974.0,0.0,0.0,0.0,0.0,217
2023-05-10 21:09:55,CF401P16200,CF401P16200,989.0,0.0,0.0,0.0,13,972.0,984.0,43,989.0,974.0,0.0,0.0,0.0,0.0,217
2023-05-10 21:09:55,CF401P16200,CF401P16200,989.0,0.0,0.0,0.0,3,972.0,984.0,43,989.0,974.0,0.0,0.0,0.0,0.0,217
2023-05-10 21:09:58,CF401P16200,CF401P16200,989.0,0.0,0.0,0.0,23,972.0,984.0,43,989.0,974.0,0.0,0.0,0.0,0.0,217
2023-05-10 21:10:01,CF401P16200,CF401P16200,989.0,0.0,0.0,0.0,23,972.0,984.0,33,989.0,974.0,0.0,0.0,0.0,0.0,217
2023-05-10 21:10:04,CF401P16200,CF401P16200,989.0,0.0,0.0,0.0,3,972.0,982.0,10,989.0,974.0,0.0,0.0,0.0,0.0,217
2023-05-10 21:10:08,CF401P16200,CF401P16200,989.0,0.0,0.0,0.0,3,972.0,979.0,10,989.0,974.0,0.0,0.0,0.0,0.0,217
2023-05-10 21:10:09,CF401P16200,CF401P16200,989.0,0.0,0.0,0.0,3,972.0,982.0,20,989.0,974.0,0.0,0.0,0.0,0.0,217
2023-05-10 21:10:09,CF401P16200,CF401P16200,989.0,0.0,0.0,0.0,3,972.0,982.0,30,989.0,974.0,0.0,0.0,0.0,0.0,217
2023-05-10 21:10:10,CF401P16200,CF401P16200,989.0,0.0,0.0,0.0,3,972.0,982.0,20,989.0,974.0,0.0,0.0,0.0,0.0,217
2023-05-10 21:10:19,CF401P16200,CF401P16200,989.0,0.0,0.0,0.0,3,972.0,981.0,10,989.0,974.0,0.0,0.0,0.0,0.0,217
2023-05-10 21:10:20,CF401P16200,CF401P16200,989.0,0.0,0.0,0.0,3,972.0,981.0,20,989.0,974.0,0.0,0.0,0.0,0.0,217
2023-05-10 21:10:27,CF401P16200,CF401P16200,989.0,0.0,0.0,0.0,3,972.0,981.0,10,989.0,974.0,0.0,0.0,0.0,0.0,217
2023-05-10 21:10:27,CF401P16200,CF401P16200,989.0,0.0,0.0,0.0,3,972.0,982.0,20,989.0,974.0,0.0,0.0,0.0,0.0,217
2023-05-10 21:10:38,CF401P16200,CF401P16200,989.0,0.0,0.0,0.0,3,972.0,982.0,10,989.0,974.0,0.0,0.0,0.0,0.0,217
2023-05-10 21:10:39,CF401P16200,CF401P16200,989.0,0.0,0.0,0.0,3,972.0,982.0,20,989.0,974.0,0.0,0.0,0.0,0.0,217
2023-05-10 21:10:42,CF401P16200,CF401P16200,989.0,0.0,0.0,0.0,3,972.0,982.0,10,989.0,974.0,0.0,0.0,0.0,0.0,217
2023-05-10 21:10:54,CF401P16200,CF401P16200,989.0,0.0,0.0,0.0,10,973.0,983.0,20,989.0,974.0,0.0,0.0,0.0,0.0,217
2023-05-10 21:10:54,CF401P16200,CF401P16200,989.0,0.0,0.0,0.0,10,973.0,983.0,10,989.0,974.0,0.0,0.0,0.0,0.0,217
2023-05-10 21:10:55,CF401P16200,CF401P16200,989.0,0.0,0.0,0.0,10,973.0,984.0,23,989.0,974.0,0.0,0.0,0.0,0.0,217
2023-05-10 21:10:56,CF401P16200,CF401P16200,989.0,0.0,0.0,0.0,13,972.0,983.0,10,989.0,974.0,0.0,0.0,0.0,0.0,217
2023-05-10 21:10:59,CF401P16200,CF401P16200,989.0,0.0,0.0,0.0,3,972.0,983.0,20,989.0,974.0,0.0,0.0,0.0,0.0,217
2023-05-10 21:11:02,CF401P16200,CF401P16200,989.0,0.0,0.0,0.0,3,972.0,983.0,10,989.0,974.0,0.0,0.0,0.0,0.0,217
2023-05-10 21:11:03,CF401P16200,CF401P16200,989.0,0.0,0.0,0.0,3,972.0,983.0,20,989.0,974.0,0.0,0.0,0.0,0.0,217
2023-05-10 21:11:04,CF401P16200,CF401P16200,989.0,0.0,0.0,0.0,3,972.0,983.0,10,989.0,974.0,0.0,0.0,0.0,0.0,217
2023-05-10 21:11:05,CF401P16200,CF401P16200,989.0,0.0,0.0,0.0,3,972.0,983.0,20,989.0,974.0,0.0,0.0,0.0,0.0,217
2023-05-10 21:11:11,CF401P16200,CF401P16200,989.0,0.0,0.0,0.0,3,972.0,980.0,10,989.0,974.0,0.0,0.0,0.0,0.0,217
2023-05-10 21:11:11,CF401P16200,CF401P16200,989.0,0.0,0.0,0.0,3,972.0,983.0,20,989.0,974.0,0.0,0.0,0.0,0.0,217
2023-05-10 21:11:12,CF401P16200,CF401P16200,989.0,0.0,0.0,0.0,3,972.0,982.0,10,989.0,974.0,0.0,0.0,0.0,0.0,217
2023-05-10 21:11:12,CF401P16200,CF401P16200,989.0,0.0,0.0,0.0,3,972.0,983.0,20,989.0,974.0,0.0,0.0,0.0,0.0,217
2023-05-10 21:11:18,CF401P16200,CF401P16200,989.0,0.0,0.0,0.0,3,972.0,983.0,10,989.0,974.0,0.0,0.0,0.0,0.0,217
2023-05-10 21:11:22,CF401P16200,CF401P16200,989.0,0.0,0.0,0.0,3,972.0,983.0,20,989.0,974.0,0.0,0.0,0.0,0.0,217
2023-05-10 21:11:48,CF401P16200,CF401P16200,989.0,0.0,0.0,0.0,3,972.0,983.0,10,989.0,974.0,0.0,0.0,0.0,0.0,217
2023-05-10 21:11:48,CF401P16200,CF401P16200,989.0,0.0,0.0,0.0,3,972.0,984.0,13,989.0,974.0,0.0,0.0,0.0,0.0,217
2023-05-10 21:11:50,CF401P16200,CF401P16200,989.0,0.0,0.0,0.0,3,972.0,984.0,23,989.0,974.0,0.0,0.0,0.0,0.0,217
2023-05-10 21:11:56,CF401P16200,CF401P16200,989.0,0.0,0.0,0.0,10,975.0,988.0,30,989.0,974.0,0.0,0.0,0.0,0.0,217
2023-05-10 21:11:56,CF401P16200,CF401P16200,989.0,0.0,0.0,0.0,10,978.0,988.0,10,989.0,974.0,0.0,0.0,0.0,0.0,217
2023-05-10 21:11:57,CF401P16200,CF401P16200,989.0,0.0,0.0,0.0,10,976.0,988.0,10,989.0,974.0,0.0,0.0,0.0,0.0,217
2023-05-10 21:11:58,CF401P16200,CF401P16200,989.0,0.0,0.0,0.0,10,978.0,988.0,10,989.0,974.0,0.0,0.0,0.0,0.0,217
2023-05-10 21:11:58,CF401P16200,CF401P16200,989.0,0.0,0.0,0.0,10,978.0,989.0,10,989.0,974.0,0.0,0.0,0.0,0.0,217
2023-05-10 21:11:58,CF401P16200,CF401P16200,989.0,0.0,0.0,0.0,20,978.0,989.0,10,989.0,974.0,0.0,0.0,0.0,0.0,217
2023-05-10 21:12:02,CF401P16200,CF401P16200,989.0,0.0,0.0,0.0,10,978.0,989.0,10,989.0,974.0,0.0,0.0,0.0,0.0,217
2023-05-10 21:12:02,CF401P16200,CF401P16200,989.0,0.0,0.0,0.0,3,977.0,989.0,10,989.0,974.0,0.0,0.0,0.0,0.0,217
2023-05-10 21:12:02,CF401P16200,CF401P16200,989.0,0.0,0.0,0.0,3,977.0,989.0,20,989.0,974.0,0.0,0.0,0.0,0.0,217
2023-05-10 21:12:03,CF401P16200,CF401P16200,989.0,0.0,0.0,0.0,3,977.0,988.0,10,989.0,974.0,0.0,0.0,0.0,0.0,217
2023-05-10 21:12:04,CF401P16200,CF401P16200,989.0,0.0,0.0,0.0,3,977.0,989.0,10,989.0,974.0,0.0,0.0,0.0,0.0,217
2023-05-10 21:12:04,CF401P16200,CF401P16200,989.0,0.0,0.0,0.0,10,978.0,989.0,20,989.0,974.0,0.0,0.0,0.0,0.0,217
2023-05-10 21:12:05,CF401P16200,CF401P16200,989.0,0.0,0.0,0.0,3,977.0,989.0,20,989.0,974.0,0.0,0.0,0.0,0.0,217
2023-05-10 21:12:06,CF401P16200,CF401P16200,989.0,0.0,0.0,0.0,3,977.0,988.0,10,989.0,974.0,0.0,0.0,0.0,0.0,217
2023-05-10 21:12:09,CF401P16200,CF401P16200,989.0,0.0,0.0,0.0,3,977.0,988.0,20,989.0,974.0,0.0,0.0,0.0,0.0,217
2023-05-10 21:12:09,CF401P16200,CF401P16200,989.0,0.0,0.0,0.0,3,977.0,985.0,10,989.0,974.0,0.0,0.0,0.0,0.0,217
2023-05-10 21:12:11,CF401P16200,CF401P16200,989.0,0.0,0.0,0.0,3,977.0,986.0,10,989.0,974.0,0.0,0.0,0.0,0.0,217
2023-05-10 21:12:12,CF401P16200,CF401P16200,989.0,0.0,0.0,0.0,3,977.0,988.0,40,989.0,974.0,0.0,0.0,0.0,0.0,217
2023-05-10 21:12:14,CF401P16200,CF401P16200,989.0,0.0,0.0,0.0,3,977.0,985.0,10,989.0,974.0,0.0,0.0,0.0,0.0,217
2023-05-10 21:12:14,CF401P16200,CF401P16200,989.0,0.0,0.0,0.0,3,977.0,988.0,30,989.0,974.0,0.0,0.0,0.0,0.0,217
2023-05-10 21:12:14,CF401P16200,CF401P16200,989.0,0.0,0.0,0.0,3,977.0,986.0,10,989.0,974.0,0.0,0.0,0.0,0.0,217
2023-05-10 21:12:15,CF401P16200,CF401P16200,989.0,0.0,0.0,0.0,3,977.0,988.0,30,989.0,974.0,0.0,0.0,0.0,0.0,217
2023-05-10 21:12:15,CF401P16200,CF401P16200,989.0,0.0,0.0,0.0,3,977.0,987.0,10,989.0,974.0,0.0,0.0,0.0,0.0,217
2023-05-10 21:12:16,CF401P16200,CF401P16200,989.0,0.0,0.0,0.0,3,977.0,988.0,30,989.0,974.0,0.0,0.0,0.0,0.0,217
2023-05-10 21:12:18,CF401P16200,CF401P16200,989.0,0.0,0.0,0.0,3,977.0,986.0,3,989.0,974.0,0.0,0.0,0.0,0.0,217
2023-05-10 21:12:22,CF401P16200,CF401P16200,989.0,0.0,0.0,0.0,3,977.0,985.0,10,989.0,974.0,0.0,0.0,0.0,0.0,217
2023-05-10 21:12:24,CF401P16200,CF401P16200,989.0,0.0,0.0,0.0,3,977.0,986.0,23,989.0,974.0,0.0,0.0,0.0,0.0,217
2023-05-10 21:12:27,CF401P16200,CF401P16200,989.0,0.0,0.0,0.0,3,977.0,986.0,3,989.0,974.0,0.0,0.0,0.0,0.0,217
2023-05-10 21:12:43,CF401P16200,CF401P16200,989.0,0.0,0.0,0.0,10,978.0,986.0,3,989.0,974.0,0.0,0.0,0.0,0.0,217
2023-05-10 21:12:44,CF401P16200,CF401P16200,989.0,0.0,0.0,0.0,10,978.0,988.0,10,989.0,974.0,0.0,0.0,0.0,0.0,217
2023-05-10 21:12:45,CF401P16200,CF401P16200,989.0,0.0,0.0,0.0,10,978.0,989.0,20,989.0,974.0,0.0,0.0,0.0,0.0,217
2023-05-10 21:12:48,CF401P16200,CF401P16200,989.0,0.0,0.0,0.0,10,978.0,989.0,30,989.0,974.0,0.0,0.0,0.0,0.0,217
2023-05-10 21:12:51,CF401P16200,CF401P16200,989.0,0.0,0.0,0.0,3,977.0,989.0,30,989.0,974.0,0.0,0.0,0.0,0.0,217
2023-05-10 21:12:53,CF401P16200,CF401P16200,989.0,0.0,0.0,0.0,3,977.0,989.0,20,989.0,974.0,0.0,0.0,0.0,0.0,217
2023-05-10 21:12:53,CF401P16200,CF401P16200,989.0,0.0,0.0,0.0,3,977.0,989.0,30,989.0,974.0,0.0,0.0,0.0,0.0,217
2023-05-10 21:12:53,CF401P16200,CF401P16200,989.0,0.0,0.0,0.0,3,977.0,989.0,20,989.0,974.0,0.0,0.0,0.0,0.0,217
2023-05-10 21:12:55,CF401P16200,CF401P16200,989.0,0.0,0.0,0.0,3,977.0,989.0,30,989.0,974.0,0.0,0.0,0.0,0.0,217
2023-05-10 21:12:59,CF401P16200,CF401P16200,989.0,0.0,0.0,0.0,3,977.0,986.0,10,989.0,974.0,0.0,0.0,0.0,0.0,217
2023-05-10 21:12:59,CF401P16200,CF401P16200,989.0,0.0,0.0,0.0,3,977.0,988.0,20,989.0,974.0,0.0,0.0,0.0,0.0,217
2023-05-10 21:13:09,CF401P16200,CF401P16200,989.0,0.0,0.0,0.0,3,977.0,988.0,10,989.0,974.0,0.0,0.0,0.0,0.0,217
2023-05-10 21:13:14,CF401P16200,CF401P16200,989.0,0.0,0.0,0.0,10,978.0,988.0,10,989.0,974.0,0.0,0.0,0.0,0.0,217
2023-05-10 21:13:16,CF401P16200,CF401P16200,989.0,0.0,0.0,0.0,20,978.0,989.0,20,989.0,974.0,0.0,0.0,0.0,0.0,217
2023-05-10 21:13:20,CF401P16200,CF401P16200,989.0,0.0,0.0,0.0,20,978.0,989.0,30,989.0,974.0,0.0,0.0,0.0,0.0,217
2023-05-10 21:13:23,CF401P16200,CF401P16200,989.0,0.0,0.0,0.0,20,978.0,991.0,33,989.0,974.0,0.0,0.0,0.0,0.0,217
2023-05-10 21:13:23,CF401P16200,CF401P16200,989.0,0.0,0.0,0.0,10,981.0,991.0,33,989.0,974.0,0.0,0.0,0.0,0.0,217
2023-05-10 21:13:24,CF401P16200,CF401P16200,989.0,0.0,0.0,0.0,10,981.0,991.0,23,989.0,974.0,0.0,0.0,0.0,0.0,217
2023-05-10 21:13:26,CF401P16200,CF401P16200,989.0,0.0,0.0,0.0,13,981.0,991.0,23,989.0,974.0,0.0,0.0,0.0,0.0,217
2023-05-10 21:13:30,CF401P16200,CF401P16200,989.0,0.0,0.0,0.0,10,984.0,993.0,20,989.0,974.0,0.0,0.0,0.0,0.0,217
2023-05-10 21:13:31,CF401P16200,CF401P16200,989.0,0.0,0.0,0.0,3,981.0,993.0,20,989.0,974.0,0.0,0.0,0.0,0.0,217
2023-05-10 21:13:31,CF401P16200,CF401P16200,989.0,0.0,0.0,0.0,3,981.0,993.0,30,989.0,974.0,0.0,0.0,0.0,0.0,217
2023-05-10 21:13:40,CF401P16200,CF401P16200,989.0,0.0,0.0,0.0,3,981.0,991.0,10,989.0,974.0,0.0,0.0,0.0,0.0,217
2023-05-10 21:13:40,CF401P16200,CF401P16200,989.0,0.0,0.0,0.0,3,981.0,991.0,30,989.0,974.0,0.0,0.0,0.0,0.0,217
2023-05-10 21:13:40,CF401P16200,CF401P16200,989.0,0.0,0.0,0.0,3,981.0,991.0,20,989.0,974.0,0.0,0.0,0.0,0.0,217
2023-05-10 21:13:42,CF401P16200,CF401P16200,989.0,0.0,0.0,0.0,3,981.0,993.0,40,989.0,974.0,0.0,0.0,0.0,0.0,217
2023-05-10 21:13:42,CF401P16200,CF401P16200,989.0,0.0,0.0,0.0,3,981.0,993.0,30,989.0,974.0,0.0,0.0,0.0,0.0,217
2023-05-10 21:13:48,CF401P16200,CF401P16200,989.0,0.0,0.0,0.0,23,981.0,993.0,20,989.0,974.0,0.0,0.0,0.0,0.0,217
2023-05-10 21:13:49,CF401P16200,CF401P16200,989.0,0.0,0.0,0.0,33,981.0,993.0,20,989.0,974.0,0.0,0.0,0.0,0.0,217
2023-05-10 21:13:49,CF401P16200,CF401P16200,989.0,0.0,0.0,0.0,23,981.0,993.0,10,989.0,974.0,0.0,0.0,0.0,0.0,217
2023-05-10 21:13:50,CF401P16200,CF401P16200,989.0,0.0,0.0,0.0,13,981.0,993.0,20,989.0,974.0,0.0,0.0,0.0,0.0,217
2023-05-10 21:13:51,CF401P16200,CF401P16200,989.0,0.0,0.0,0.0,13,981.0,993.0,30,989.0,974.0,0.0,0.0,0.0,0.0,217
2023-05-10 21:13:53,CF401P16200,CF401P16200,989.0,0.0,0.0,0.0,23,981.0,993.0,20,989.0,974.0,0.0,0.0,0.0,0.0,217
2023-05-10 21:13:54,CF401P16200,CF401P16200,989.0,0.0,0.0,0.0,13,981.0,993.0,20,989.0,974.0,0.0,0.0,0.0,0.0,217
2023-05-10 21:13:57,CF401P16200,CF401P16200,989.0,0.0,0.0,0.0,13,981.0,993.0,30,989.0,974.0,0.0,0.0,0.0,0.0,217
2023-05-10 21:13:59,CF401P16200,CF401P16200,989.0,0.0,0.0,0.0,13,981.0,993.0,20,989.0,974.0,0.0,0.0,0.0,0.0,217
2023-05-10 21:14:00,CF401P16200,CF401P16200,989.0,0.0,0.0,0.0,3,981.0,993.0,30,989.0,974.0,0.0,0.0,0.0,0.0,217
2023-05-10 21:14:00,CF401P16200,CF401P16200,989.0,0.0,0.0,0.0,3,981.0,993.0,20,989.0,974.0,0.0,0.0,0.0,0.0,217
2023-05-10 21:14:01,CF401P16200,CF401P16200,989.0,0.0,0.0,0.0,3,981.0,993.0,30,989.0,974.0,0.0,0.0,0.0,0.0,217
2023-05-10 21:14:03,CF401P16200,CF401P16200,989.0,0.0,0.0,0.0,3,981.0,991.0,10,989.0,974.0,0.0,0.0,0.0,0.0,217
2023-05-10 21:14:04,CF401P16200,CF401P16200,989.0,0.0,0.0,0.0,3,981.0,992.0,10,989.0,974.0,0.0,0.0,0.0,0.0,217
2023-05-10 21:14:04,CF401P16200,CF401P16200,989.0,0.0,0.0,0.0,3,981.0,991.0,20,989.0,974.0,0.0,0.0,0.0,0.0,217
2023-05-10 21:14:08,CF401P16200,CF401P16200,989.0,0.0,0.0,0.0,3,981.0,991.0,10,989.0,974.0,0.0,0.0,0.0,0.0,217
2023-05-10 21:14:09,CF401P16200,CF401P16200,989.0,0.0,0.0,0.0,3,981.0,991.0,13,989.0,974.0,0.0,0.0,0.0,0.0,217
2023-05-10 21:14:09,CF401P16200,CF401P16200,989.0,0.0,0.0,0.0,3,981.0,989.0,20,989.0,974.0,0.0,0.0,0.0,0.0,217
2023-05-10 21:14:09,CF401P16200,CF401P16200,989.0,0.0,0.0,0.0,13,977.0,989.0,40,989.0,974.0,0.0,0.0,0.0,0.0,217
2023-05-10 21:14:11,CF401P16200,CF401P16200,989.0,0.0,0.0,0.0,13,977.0,989.0,30,989.0,974.0,0.0,0.0,0.0,0.0,217
2023-05-10 21:14:13,CF401P16200,CF401P16200,989.0,0.0,0.0,0.0,13,977.0,989.0,40,989.0,974.0,0.0,0.0,0.0,0.0,217
2023-05-10 21:14:16,CF401P16200,CF401P16200,989.0,0.0,0.0,0.0,3,977.0,989.0,40,989.0,974.0,0.0,0.0,0.0,0.0,217
2023-05-10 21:14:17,CF401P16200,CF401P16200,989.0,0.0,0.0,0.0,3,977.0,986.0,10,989.0,974.0,0.0,0.0,0.0,0.0,217
2023-05-10 21:14:18,CF401P16200,CF401P16200,989.0,0.0,0.0,0.0,13,977.0,989.0,40,989.0,974.0,0.0,0.0,0.0,0.0,217
2023-05-10 21:14:19,CF401P16200,CF401P16200,989.0,0.0,0.0,0.0,3,977.0,987.0,10,989.0,974.0,0.0,0.0,0.0,0.0,217
2023-05-10 21:14:19,CF401P16200,CF401P16200,989.0,0.0,0.0,0.0,3,977.0,987.0,20,989.0,974.0,0.0,0.0,0.0,0.0,217
2023-05-10 21:14:22,CF401P16200,CF401P16200,989.0,0.0,0.0,0.0,23,977.0,987.0,10,989.0,974.0,0.0,0.0,0.0,0.0,217
2023-05-10 21:14:22,CF401P16200,CF401P16200,989.0,0.0,0.0,0.0,23,977.0,989.0,40,989.0,974.0,0.0,0.0,0.0,0.0,217
2023-05-10 21:14:27,CF401P16200,CF401P16200,989.0,0.0,0.0,0.0,13,977.0,989.0,40,989.0,974.0,0.0,0.0,0.0,0.0,217
2023-05-10 21:14:27,CF401P16200,CF401P16200,989.0,0.0,0.0,0.0,3,977.0,987.0,10,989.0,974.0,0.0,0.0,0.0,0.0,217
2023-05-10 21:14:28,CF401P16200,CF401P16200,989.0,0.0,0.0,0.0,13,977.0,987.0,10,989.0,974.0,0.0,0.0,0.0,0.0,217
2023-05-10 21:14:28,CF401P16200,CF401P16200,989.0,0.0,0.0,0.0,3,977.0,987.0,20,989.0,974.0,0.0,0.0,0.0,0.0,217
2023-05-10 21:14:48,CF401P16200,CF401P16200,989.0,0.0,0.0,0.0,13,977.0,989.0,20,989.0,974.0,0.0,0.0,0.0,0.0,217
2023-05-10 21:14:49,CF401P16200,CF401P16200,989.0,0.0,0.0,0.0,13,977.0,989.0,10,989.0,974.0,0.0,0.0,0.0,0.0,217
2023-05-10 21:14:52,CF401P16200,CF401P16200,989.0,0.0,0.0,0.0,3,977.0,989.0,10,989.0,974.0,0.0,0.0,0.0,0.0,217
2023-05-10 21:15:09,CF401P16200,CF401P16200,989.0,0.0,0.0,0.0,3,977.0,987.0,10,989.0,974.0,0.0,0.0,0.0,0.0,217
2023-05-10 21:15:09,CF401P16200,CF401P16200,989.0,0.0,0.0,0.0,3,977.0,987.0,20,989.0,974.0,0.0,0.0,0.0,0.0,217
2023-05-10 21:15:10,CF401P16200,CF401P16200,989.0,0.0,0.0,0.0,3,977.0,987.0,30,989.0,974.0,0.0,0.0,0.0,0.0,217
2023-05-10 21:15:13,CF401P16200,CF401P16200,989.0,0.0,0.0,0.0,3,977.0,987.0,20,989.0,974.0,0.0,0.0,0.0,0.0,217
2023-05-10 21:15:29,CF401P16200,CF401P16200,989.0,0.0,0.0,0.0,13,977.0,989.0,20,989.0,974.0,0.0,0.0,0.0,0.0,217
2023-05-10 21:15:42,CF401P16200,CF401P16200,989.0,0.0,0.0,0.0,3,977.0,989.0,10,989.0,974.0,0.0,0.0,0.0,0.0,217
2023-05-10 21:15:46,CF401P16200,CF401P16200,989.0,0.0,0.0,0.0,3,977.0,989.0,20,989.0,974.0,0.0,0.0,0.0,0.0,217
2023-05-10 21:15:46,CF401P16200,CF401P16200,989.0,0.0,0.0,0.0,3,977.0,989.0,10,989.0,974.0,0.0,0.0,0.0,0.0,217
2023-05-10 21:15:47,CF401P16200,CF401P16200,989.0,0.0,0.0,0.0,13,977.0,989.0,10,989.0,974.0,0.0,0.0,0.0,0.0,217
2023-05-10 21:15:48,CF401P16200,CF401P16200,989.0,0.0,0.0,0.0,23,977.0,991.0,43,989.0,974.0,0.0,0.0,0.0,0.0,217
2023-05-10 21:15:49,CF401P16200,CF401P16200,989.0,0.0,0.0,0.0,23,977.0,990.0,10,989.0,974.0,0.0,0.0,0.0,0.0,217
2023-05-10 21:15:49,CF401P16200,CF401P16200,989.0,0.0,0.0,0.0,23,977.0,991.0,33,989.0,974.0,0.0,0.0,0.0,0.0,217
2023-05-10 21:15:50,CF401P16200,CF401P16200,989.0,0.0,0.0,0.0,3,981.0,991.0,23,989.0,974.0,0.0,0.0,0.0,0.0,217
2023-05-10 21:15:50,CF401P16200,CF401P16200,989.0,0.0,0.0,0.0,3,981.0,991.0,13,989.0,974.0,0.0,0.0,0.0,0.0,217
2023-05-10 21:15:52,CF401P16200,CF401P16200,989.0,0.0,0.0,0.0,3,981.0,991.0,3,989.0,974.0,0.0,0.0,0.0,0.0,217
2023-05-10 21:16:03,CF401P16200,CF401P16200,989.0,0.0,0.0,0.0,3,981.0,992.0,10,989.0,974.0,0.0,0.0,0.0,0.0,217
2023-05-10 21:16:03,CF401P16200,CF401P16200,989.0,0.0,0.0,0.0,13,981.0,993.0,10,989.0,974.0,0.0,0.0,0.0,0.0,217
2023-05-10 21:16:04,CF401P16200,CF401P16200,989.0,0.0,0.0,0.0,10,982.0,994.0,3,989.0,974.0,0.0,0.0,0.0,0.0,217
2023-05-10 21:16:06,CF401P16200,CF401P16200,989.0,0.0,0.0,0.0,20,982.0,994.0,3,989.0,974.0,0.0,0.0,0.0,0.0,217
2023-05-10 21:16:09,CF401P16200,CF401P16200,989.0,0.0,0.0,0.0,10,985.0,994.0,3,989.0,974.0,0.0,0.0,0.0,0.0,217
2023-05-10 21:16:18,CF401P16200,CF401P16200,989.0,0.0,0.0,0.0,23,985.0,994.0,3,989.0,974.0,0.0,0.0,0.0,0.0,217
2023-05-10 21:16:19,CF401P16200,CF401P16200,989.0,0.0,0.0,0.0,13,985.0,994.0,3,989.0,974.0,0.0,0.0,0.0,0.0,217
2023-05-10 21:16:21,CF401P16200,CF401P16200,989.0,0.0,0.0,0.0,23,985.0,994.0,3,989.0,974.0,0.0,0.0,0.0,0.0,217
2023-05-10 21:16:27,CF401P16200,CF401P16200,989.0,0.0,0.0,0.0,23,985.0,996.0,10,989.0,974.0,0.0,0.0,0.0,0.0,217
2023-05-10 21:16:30,CF401P16200,CF401P16200,989.0,0.0,0.0,0.0,10,988.0,996.0,10,989.0,974.0,0.0,0.0,0.0,0.0,217
2023-05-10 21:16:30,CF401P16200,CF401P16200,989.0,0.0,0.0,0.0,33,985.0,996.0,10,989.0,974.0,0.0,0.0,0.0,0.0,217
2023-05-10 21:16:33,CF401P16200,CF401P16200,989.0,0.0,0.0,0.0,23,985.0,996.0,10,989.0,974.0,0.0,0.0,0.0,0.0,217
2023-05-10 21:16:33,CF401P16200,CF401P16200,989.0,0.0,0.0,0.0,33,985.0,996.0,10,989.0,974.0,0.0,0.0,0.0,0.0,217
2023-05-10 21:16:34,CF401P16200,CF401P16200,989.0,0.0,0.0,0.0,23,985.0,996.0,20,989.0,974.0,0.0,0.0,0.0,0.0,217
2023-05-10 21:16:35,CF401P16200,CF401P16200,989.0,0.0,0.0,0.0,13,985.0,996.0,30,989.0,974.0,0.0,0.0,0.0,0.0,217
2023-05-10 21:16:36,CF401P16200,CF401P16200,989.0,0.0,0.0,0.0,23,985.0,996.0,20,989.0,974.0,0.0,0.0,0.0,0.0,217
2023-05-10 21:16:37,CF401P16200,CF401P16200,989.0,0.0,0.0,0.0,23,985.0,996.0,10,989.0,974.0,0.0,0.0,0.0,0.0,217
2023-05-10 21:16:43,CF401P16200,CF401P16200,989.0,0.0,0.0,0.0,10,988.0,996.0,10,989.0,974.0,0.0,0.0,0.0,0.0,217
2023-05-10 21:16:45,CF401P16200,CF401P16200,989.0,0.0,0.0,0.0,20,986.0,997.0,10,989.0,974.0,0.0,0.0,0.0,0.0,217
2023-05-10 21:16:45,CF401P16200,CF401P16200,989.0,0.0,0.0,0.0,10,988.0,997.0,10,989.0,974.0,0.0,0.0,0.0,0.0,217
2023-05-10 21:16:46,CF401P16200,CF401P16200,989.0,0.0,0.0,0.0,10,988.0,998.0,23,989.0,974.0,0.0,0.0,0.0,0.0,217
2023-05-10 21:16:46,CF401P16200,CF401P16200,989.0,0.0,0.0,0.0,20,986.0,998.0,23,989.0,974.0,0.0,0.0,0.0,0.0,217
2023-05-10 21:16:47,CF401P16200,CF401P16200,989.0,0.0,0.0,0.0,20,986.0,998.0,13,989.0,974.0,0.0,0.0,0.0,0.0,217
2023-05-10 21:16:47,CF401P16200,CF401P16200,989.0,0.0,0.0,0.0,13,985.0,998.0,23,989.0,974.0,0.0,0.0,0.0,0.0,217
2023-05-10 21:16:49,CF401P16200,CF401P16200,989.0,0.0,0.0,0.0,23,985.0,998.0,23,989.0,974.0,0.0,0.0,0.0,0.0,217
2023-05-10 21:16:56,CF401P16200,CF401P16200,989.0,0.0,0.0,0.0,10,988.0,998.0,23,989.0,974.0,0.0,0.0,0.0,0.0,217
2023-05-10 21:16:57,CF401P16200,CF401P16200,989.0,0.0,0.0,0.0,20,988.0,998.0,3,989.0,974.0,0.0,0.0,0.0,0.0,217
2023-05-10 21:17:06,CF401P16200,CF401P16200,989.0,0.0,0.0,0.0,3,989.0,1000.0,40,989.0,974.0,0.0,0.0,0.0,0.0,217
2023-05-10 21:17:06,CF401P16200,CF401P16200,989.0,0.0,0.0,0.0,10,990.0,1002.0,10,989.0,974.0,0.0,0.0,0.0,0.0,217
2023-05-10 21:17:07,CF401P16200,CF401P16200,989.0,0.0,0.0,0.0,13,989.0,1002.0,10,989.0,974.0,0.0,0.0,0.0,0.0,217
2023-05-10 21:17:09,CF401P16200,CF401P16200,989.0,0.0,0.0,0.0,13,989.0,1000.0,10,989.0,974.0,0.0,0.0,0.0,0.0,217
2023-05-10 21:17:11,CF401P16200,CF401P16200,989.0,0.0,0.0,0.0,13,989.0,1001.0,10,989.0,974.0,0.0,0.0,0.0,0.0,217
2023-05-10 21:17:11,CF401P16200,CF401P16200,989.0,0.0,0.0,0.0,10,990.0,1002.0,20,989.0,974.0,0.0,0.0,0.0,0.0,217
2023-05-10 21:17:13,CF401P16200,CF401P16200,989.0,0.0,0.0,0.0,13,989.0,1000.0,10,989.0,974.0,0.0,0.0,0.0,0.0,217
2023-05-10 21:17:13,CF401P16200,CF401P16200,989.0,0.0,0.0,0.0,13,989.0,1002.0,20,989.0,974.0,0.0,0.0,0.0,0.0,217
2023-05-10 21:17:14,CF401P16200,CF401P16200,989.0,0.0,0.0,0.0,3,989.0,1000.0,10,989.0,974.0,0.0,0.0,0.0,0.0,217
2023-05-10 21:17:14,CF401P16200,CF401P16200,989.0,0.0,0.0,0.0,3,989.0,1000.0,30,989.0,974.0,0.0,0.0,0.0,0.0,217
2023-05-10 21:17:14,CF401P16200,CF401P16200,989.0,0.0,0.0,0.0,3,989.0,1000.0,40,989.0,974.0,0.0,0.0,0.0,0.0,217
2023-05-10 21:17:33,CF401P16200,CF401P16200,989.0,0.0,0.0,0.0,3,989.0,1000.0,30,989.0,974.0,0.0,0.0,0.0,0.0,217
2023-05-10 21:17:33,CF401P16200,CF401P16200,989.0,0.0,0.0,0.0,3,989.0,1000.0,40,989.0,974.0,0.0,0.0,0.0,0.0,217
2023-05-10 21:18:47,CF401P16200,CF401P16200,989.0,0.0,0.0,0.0,3,989.0,999.0,3,989.0,974.0,0.0,0.0,0.0,0.0,217
2023-05-10 21:18:47,CF401P16200,CF401P16200,989.0,0.0,0.0,0.0,3,989.0,999.0,13,989.0,974.0,0.0,0.0,0.0,0.0,217
2023-05-10 21:18:47,CF401P16200,CF401P16200,989.0,0.0,0.0,0.0,3,989.0,999.0,23,989.0,974.0,0.0,0.0,0.0,0.0,217
2023-05-10 21:18:54,CF401P16200,CF401P16200,989.0,0.0,0.0,0.0,3,989.0,998.0,10,989.0,974.0,0.0,0.0,0.0,0.0,217
2023-05-10 21:18:55,CF401P16200,CF401P16200,989.0,0.0,0.0,0.0,3,989.0,998.0,20,989.0,974.0,0.0,0.0,0.0,0.0,217
2023-05-10 21:19:01,CF401P16200,CF401P16200,989.0,0.0,0.0,0.0,3,989.0,998.0,10,989.0,974.0,0.0,0.0,0.0,0.0,217
2023-05-10 21:19:04,CF401P16200,CF401P16200,989.0,0.0,0.0,0.0,3,989.0,998.0,20,989.0,974.0,0.0,0.0,0.0,0.0,217
2023-05-10 21:19:32,CF401P16200,CF401P16200,989.0,0.0,0.0,0.0,3,989.0,998.0,10,989.0,974.0,0.0,0.0,0.0,0.0,217
2023-05-10 21:19:35,CF401P16200,CF401P16200,989.0,0.0,0.0,0.0,3,989.0,998.0,20,989.0,974.0,0.0,0.0,0.0,0.0,217
2023-05-10 21:19:52,CF401P16200,CF401P16200,989.0,0.0,0.0,0.0,3,989.0,998.0,10,989.0,974.0,0.0,0.0,0.0,0.0,217
2023-05-10 21:19:53,CF401P16200,CF401P16200,989.0,0.0,0.0,0.0,3,989.0,998.0,20,989.0,974.0,0.0,0.0,0.0,0.0,217
2023-05-10 21:20:17,CF401P16200,CF401P16200,989.0,0.0,0.0,0.0,10,986.0,995.0,10,989.0,974.0,0.0,0.0,0.0,0.0,217
2023-05-10 21:20:18,CF401P16200,CF401P16200,989.0,0.0,0.0,0.0,13,985.0,995.0,10,989.0,974.0,0.0,0.0,0.0,0.0,217
2023-05-10 21:20:20,CF401P16200,CF401P16200,989.0,0.0,0.0,0.0,13,985.0,994.0,3,989.0,974.0,0.0,0.0,0.0,0.0,217
2023-05-10 21:20:20,CF401P16200,CF401P16200,989.0,0.0,0.0,0.0,3,985.0,994.0,3,989.0,974.0,0.0,0.0,0.0,0.0,217
2023-05-10 21:20:43,CF401P16200,CF401P16200,989.0,0.0,0.0,0.0,13,985.0,994.0,3,989.0,974.0,0.0,0.0,0.0,0.0,217
2023-05-10 21:20:48,CF401P16200,CF401P16200,989.0,0.0,0.0,0.0,23,985.0,994.0,3,989.0,974.0,0.0,0.0,0.0,0.0,217
2023-05-10 21:20:51,CF401P16200,CF401P16200,989.0,0.0,0.0,0.0,13,985.0,994.0,3,989.0,974.0,0.0,0.0,0.0,0.0,217
2023-05-10 21:20:53,CF401P16200,CF401P16200,989.0,0.0,0.0,0.0,43,985.0,997.0,30,989.0,974.0,0.0,0.0,0.0,0.0,217
2023-05-10 21:20:54,CF401P16200,CF401P16200,989.0,0.0,0.0,0.0,43,985.0,997.0,20,989.0,974.0,0.0,0.0,0.0,0.0,217
2023-05-10 21:21:16,CF401P16200,CF401P16200,989.0,0.0,0.0,0.0,33,985.0,997.0,30,989.0,974.0,0.0,0.0,0.0,0.0,217
2023-05-10 21:21:29,CF401P16200,CF401P16200,989.0,0.0,0.0,0.0,23,985.0,997.0,30,989.0,974.0,0.0,0.0,0.0,0.0,217
2023-05-10 21:21:34,CF401P16200,CF401P16200,989.0,0.0,0.0,0.0,13,985.0,997.0,30,989.0,974.0,0.0,0.0,0.0,0.0,217
2023-05-10 21:21:41,CF401P16200,CF401P16200,989.0,0.0,0.0,0.0,33,985.0,997.0,30,989.0,974.0,0.0,0.0,0.0,0.0,217
2023-05-10 21:21:49,CF401P16200,CF401P16200,989.0,0.0,0.0,0.0,23,985.0,997.0,30,989.0,974.0,0.0,0.0,0.0,0.0,217
2023-05-10 21:22:00,CF401P16200,CF401P16200,989.0,0.0,0.0,0.0,33,985.0,997.0,30,989.0,974.0,0.0,0.0,0.0,0.0,217
2023-05-10 21:22:03,CF401P16200,CF401P16200,989.0,0.0,0.0,0.0,43,985.0,997.0,20,989.0,974.0,0.0,0.0,0.0,0.0,217
2023-05-10 21:22:20,CF401P16200,CF401P16200,989.0,0.0,0.0,0.0,10,986.0,997.0,10,989.0,974.0,0.0,0.0,0.0,0.0,217
2023-05-10 21:22:20,CF401P16200,CF401P16200,989.0,0.0,0.0,0.0,23,989.0,999.0,3,989.0,974.0,0.0,0.0,0.0,0.0,217
2023-05-10 21:22:21,CF401P16200,CF401P16200,989.0,0.0,0.0,0.0,13,989.0,999.0,3,989.0,974.0,0.0,0.0,0.0,0.0,217
2023-05-10 21:22:22,CF401P16200,CF401P16200,989.0,0.0,0.0,0.0,13,989.0,999.0,13,989.0,974.0,0.0,0.0,0.0,0.0,217
2023-05-10 21:22:26,CF401P16200,CF401P16200,989.0,0.0,0.0,0.0,3,989.0,999.0,13,989.0,974.0,0.0,0.0,0.0,0.0,217
2023-05-10 21:22:28,CF401P16200,CF401P16200,989.0,0.0,0.0,0.0,3,989.0,999.0,23,989.0,974.0,0.0,0.0,0.0,0.0,217
2023-05-10 21:22:28,CF401P16200,CF401P16200,989.0,0.0,0.0,0.0,13,989.0,999.0,23,989.0,974.0,0.0,0.0,0.0,0.0,217
2023-05-10 21:22:29,CF401P16200,CF401P16200,989.0,0.0,0.0,0.0,3,989.0,999.0,23,989.0,974.0,0.0,0.0,0.0,0.0,217
2023-05-10 21:22:36,CF401P16200,CF401P16200,989.0,0.0,0.0,0.0,3,989.0,999.0,13,989.0,974.0,0.0,0.0,0.0,0.0,217
2023-05-10 21:22:37,CF401P16200,CF401P16200,989.0,0.0,0.0,0.0,3,989.0,999.0,23,989.0,974.0,0.0,0.0,0.0,0.0,217
2023-05-10 21:22:42,CF401P16200,CF401P16200,989.0,0.0,0.0,0.0,13,989.0,999.0,23,989.0,974.0,0.0,0.0,0.0,0.0,217
2023-05-10 21:22:42,CF401P16200,CF401P16200,989.0,0.0,0.0,0.0,3,989.0,999.0,23,989.0,974.0,0.0,0.0,0.0,0.0,217
2023-05-10 21:23:08,CF401P16200,CF401P16200,989.0,0.0,0.0,0.0,13,989.0,999.0,23,989.0,974.0,0.0,0.0,0.0,0.0,217
2023-05-10 21:23:09,CF401P16200,CF401P16200,989.0,0.0,0.0,0.0,3,989.0,999.0,23,989.0,974.0,0.0,0.0,0.0,0.0,217
2023-05-10 21:23:10,CF401P16200,CF401P16200,989.0,0.0,0.0,0.0,13,989.0,999.0,23,989.0,974.0,0.0,0.0,0.0,0.0,217
2023-05-10 21:23:11,CF401P16200,CF401P16200,989.0,0.0,0.0,0.0,3,989.0,999.0,23,989.0,974.0,0.0,0.0,0.0,0.0,217
2023-05-10 21:23:16,CF401P16200,CF401P16200,989.0,0.0,0.0,0.0,13,989.0,999.0,23,989.0,974.0,0.0,0.0,0.0,0.0,217
2023-05-10 21:23:23,CF401P16200,CF401P16200,989.0,0.0,0.0,0.0,23,989.0,999.0,13,989.0,974.0,0.0,0.0,0.0,0.0,217
2023-05-10 21:23:24,CF401P16200,CF401P16200,989.0,0.0,0.0,0.0,13,989.0,999.0,3,989.0,974.0,0.0,0.0,0.0,0.0,217
2023-05-10 21:23:25,CF401P16200,CF401P16200,989.0,0.0,0.0,0.0,3,989.0,999.0,3,989.0,974.0,0.0,0.0,0.0,0.0,217
2023-05-10 21:23:25,CF401P16200,CF401P16200,989.0,0.0,0.0,0.0,3,989.0,999.0,13,989.0,974.0,0.0,0.0,0.0,0.0,217
2023-05-10 21:23:26,CF401P16200,CF401P16200,989.0,0.0,0.0,0.0,3,989.0,999.0,23,989.0,974.0,0.0,0.0,0.0,0.0,217
2023-05-10 21:23:26,CF401P16200,CF401P16200,989.0,0.0,0.0,0.0,13,989.0,999.0,23,989.0,974.0,0.0,0.0,0.0,0.0,217
2023-05-10 21:23:28,CF401P16200,CF401P16200,989.0,0.0,0.0,0.0,23,989.0,999.0,23,989.0,974.0,0.0,0.0,0.0,0.0,217
2023-05-10 21:23:31,CF401P16200,CF401P16200,989.0,0.0,0.0,0.0,13,989.0,999.0,23,989.0,974.0,0.0,0.0,0.0,0.0,217
2023-05-10 21:23:40,CF401P16200,CF401P16200,989.0,0.0,0.0,0.0,3,989.0,999.0,53,989.0,974.0,0.0,0.0,0.0,0.0,217
2023-05-10 21:23:51,CF401P16200,CF401P16200,989.0,0.0,0.0,0.0,3,989.0,996.0,10,989.0,974.0,0.0,0.0,0.0,0.0,217
2023-05-10 21:23:52,CF401P16200,CF401P16200,989.0,0.0,0.0,0.0,3,989.0,996.0,20,989.0,974.0,0.0,0.0,0.0,0.0,217
2023-05-10 21:23:55,CF401P16200,CF401P16200,989.0,0.0,0.0,0.0,3,989.0,996.0,30,989.0,974.0,0.0,0.0,0.0,0.0,217
2023-05-10 21:24:00,CF401P16200,CF401P16200,989.0,0.0,0.0,0.0,3,989.0,996.0,20,989.0,974.0,0.0,0.0,0.0,0.0,217
2023-05-10 21:24:02,CF401P16200,CF401P16200,989.0,0.0,0.0,0.0,3,989.0,996.0,30,989.0,974.0,0.0,0.0,0.0,0.0,217
2023-05-10 21:24:03,CF401P16200,CF401P16200,989.0,0.0,0.0,0.0,10,987.0,994.0,20,989.0,974.0,0.0,0.0,0.0,0.0,217
2023-05-10 21:24:04,CF401P16200,CF401P16200,989.0,0.0,0.0,0.0,10,987.0,994.0,30,989.0,974.0,0.0,0.0,0.0,0.0,217
2023-05-10 21:24:04,CF401P16200,CF401P16200,989.0,0.0,0.0,0.0,3,985.0,994.0,30,989.0,974.0,0.0,0.0,0.0,0.0,217
2023-05-10 21:24:09,CF401P16200,CF401P16200,989.0,0.0,0.0,0.0,3,985.0,994.0,20,989.0,974.0,0.0,0.0,0.0,0.0,217
2023-05-10 21:24:10,CF401P16200,CF401P16200,989.0,0.0,0.0,0.0,3,985.0,994.0,30,989.0,974.0,0.0,0.0,0.0,0.0,217
2023-05-10 21:24:11,CF401P16200,CF401P16200,989.0,0.0,0.0,0.0,3,985.0,994.0,20,989.0,974.0,0.0,0.0,0.0,0.0,217
2023-05-10 21:24:13,CF401P16200,CF401P16200,989.0,0.0,0.0,0.0,3,985.0,994.0,30,989.0,974.0,0.0,0.0,0.0,0.0,217
2023-05-10 21:24:14,CF401P16200,CF401P16200,989.0,0.0,0.0,0.0,3,985.0,994.0,20,989.0,974.0,0.0,0.0,0.0,0.0,217
2023-05-10 21:24:16,CF401P16200,CF401P16200,989.0,0.0,0.0,0.0,3,985.0,994.0,30,989.0,974.0,0.0,0.0,0.0,0.0,217
2023-05-10 21:24:23,CF401P16200,CF401P16200,989.0,0.0,0.0,0.0,3,985.0,993.0,10,989.0,974.0,0.0,0.0,0.0,0.0,217
2023-05-10 21:24:48,CF401P16200,CF401P16200,989.0,0.0,0.0,0.0,3,985.0,993.0,20,989.0,974.0,0.0,0.0,0.0,0.0,217
2023-05-10 21:24:54,CF401P16200,CF401P16200,989.0,0.0,0.0,0.0,3,985.0,993.0,10,989.0,974.0,0.0,0.0,0.0,0.0,217
2023-05-10 21:24:55,CF401P16200,CF401P16200,989.0,0.0,0.0,0.0,3,985.0,993.0,20,989.0,974.0,0.0,0.0,0.0,0.0,217
2023-05-10 21:25:03,CF401P16200,CF401P16200,989.0,0.0,0.0,0.0,3,985.0,993.0,10,989.0,974.0,0.0,0.0,0.0,0.0,217
2023-05-10 21:25:05,CF401P16200,CF401P16200,989.0,0.0,0.0,0.0,3,985.0,993.0,20,989.0,974.0,0.0,0.0,0.0,0.0,217
2023-05-10 21:25:05,CF401P16200,CF401P16200,989.0,0.0,0.0,0.0,3,985.0,993.0,10,989.0,974.0,0.0,0.0,0.0,0.0,217
2023-05-10 21:25:06,CF401P16200,CF401P16200,989.0,0.0,0.0,0.0,3,985.0,994.0,10,989.0,974.0,0.0,0.0,0.0,0.0,217
2023-05-10 21:25:06,CF401P16200,CF401P16200,989.0,0.0,0.0,0.0,3,985.0,995.0,13,989.0,974.0,0.0,0.0,0.0,0.0,217
2023-05-10 21:25:13,CF401P16200,CF401P16200,989.0,0.0,0.0,0.0,3,985.0,995.0,23,989.0,974.0,0.0,0.0,0.0,0.0,217
2023-05-10 21:25:20,CF401P16200,CF401P16200,989.0,0.0,0.0,0.0,3,985.0,995.0,13,989.0,974.0,0.0,0.0,0.0,0.0,217
2023-05-10 21:25:23,CF401P16200,CF401P16200,989.0,0.0,0.0,0.0,3,985.0,995.0,23,989.0,974.0,0.0,0.0,0.0,0.0,217
2023-05-10 21:25:39,CF401P16200,CF401P16200,989.0,0.0,0.0,0.0,3,985.0,995.0,13,989.0,974.0,0.0,0.0,0.0,0.0,217
2023-05-10 21:25:44,CF401P16200,CF401P16200,989.0,0.0,0.0,0.0,3,985.0,995.0,43,989.0,974.0,0.0,0.0,0.0,0.0,217
2023-05-10 21:25:45,CF401P16200,CF401P16200,989.0,0.0,0.0,0.0,13,985.0,995.0,33,989.0,974.0,0.0,0.0,0.0,0.0,217
2023-05-10 21:25:45,CF401P16200,CF401P16200,989.0,0.0,0.0,0.0,13,985.0,995.0,23,989.0,974.0,0.0,0.0,0.0,0.0,217
2023-05-10 21:25:57,CF401P16200,CF401P16200,989.0,0.0,0.0,0.0,3,985.0,995.0,23,989.0,974.0,0.0,0.0,0.0,0.0,217
2023-05-10 21:25:59,CF401P16200,CF401P16200,989.0,0.0,0.0,0.0,3,985.0,995.0,33,989.0,974.0,0.0,0.0,0.0,0.0,217
2023-05-10 21:26:00,CF401P16200,CF401P16200,989.0,0.0,0.0,0.0,3,985.0,995.0,23,989.0,974.0,0.0,0.0,0.0,0.0,217
2023-05-10 21:26:02,CF401P16200,CF401P16200,989.0,0.0,0.0,0.0,3,985.0,995.0,33,989.0,974.0,0.0,0.0,0.0,0.0,217
2023-05-10 21:26:02,CF401P16200,CF401P16200,989.0,0.0,0.0,0.0,3,985.0,995.0,43,989.0,974.0,0.0,0.0,0.0,0.0,217
2023-05-10 21:26:19,CF401P16200,CF401P16200,989.0,0.0,0.0,0.0,3,985.0,995.0,33,989.0,974.0,0.0,0.0,0.0,0.0,217
2023-05-10 21:26:20,CF401P16200,CF401P16200,989.0,0.0,0.0,0.0,3,985.0,995.0,43,989.0,974.0,0.0,0.0,0.0,0.0,217
2023-05-10 21:26:23,CF401P16200,CF401P16200,989.0,0.0,0.0,0.0,3,985.0,992.0,20,989.0,974.0,0.0,0.0,0.0,0.0,217
2023-05-10 21:26:32,CF401P16200,CF401P16200,989.0,0.0,0.0,0.0,3,985.0,992.0,30,989.0,974.0,0.0,0.0,0.0,0.0,217
2023-05-10 21:26:34,CF401P16200,CF401P16200,989.0,0.0,0.0,0.0,3,985.0,990.0,10,989.0,974.0,0.0,0.0,0.0,0.0,217
2023-05-10 21:26:35,CF401P16200,CF401P16200,989.0,0.0,0.0,0.0,10,983.0,990.0,10,989.0,974.0,0.0,0.0,0.0,0.0,217
2023-05-10 21:26:36,CF401P16200,CF401P16200,989.0,0.0,0.0,0.0,13,981.0,990.0,10,989.0,974.0,0.0,0.0,0.0,0.0,217
2023-05-10 21:26:49,CF401P16200,CF401P16200,989.0,0.0,0.0,0.0,3,981.0,990.0,10,989.0,974.0,0.0,0.0,0.0,0.0,217
2023-05-10 21:26:50,CF401P16200,CF401P16200,989.0,0.0,0.0,0.0,3,981.0,990.0,20,989.0,974.0,0.0,0.0,0.0,0.0,217
2023-05-10 21:26:56,CF401P16200,CF401P16200,989.0,0.0,0.0,0.0,3,981.0,987.0,10,989.0,974.0,0.0,0.0,0.0,0.0,217
2023-05-10 21:26:57,CF401P16200,CF401P16200,989.0,0.0,0.0,0.0,3,977.0,987.0,20,989.0,974.0,0.0,0.0,0.0,0.0,217
2023-05-10 21:26:58,CF401P16200,CF401P16200,989.0,0.0,0.0,0.0,10,979.0,987.0,20,989.0,974.0,0.0,0.0,0.0,0.0,217
2023-05-10 21:26:58,CF401P16200,CF401P16200,989.0,0.0,0.0,0.0,3,977.0,987.0,20,989.0,974.0,0.0,0.0,0.0,0.0,217
2023-05-10 21:27:00,CF401P16200,CF401P16200,989.0,0.0,0.0,0.0,3,977.0,988.0,30,989.0,974.0,0.0,0.0,0.0,0.0,217
2023-05-10 21:27:01,CF401P16200,CF401P16200,989.0,0.0,0.0,0.0,30,978.0,990.0,20,989.0,974.0,0.0,0.0,0.0,0.0,217
2023-05-10 21:27:05,CF401P16200,CF401P16200,989.0,0.0,0.0,0.0,20,978.0,990.0,20,989.0,974.0,0.0,0.0,0.0,0.0,217
2023-05-10 21:27:14,CF401P16200,CF401P16200,989.0,0.0,0.0,0.0,10,978.0,990.0,20,989.0,974.0,0.0,0.0,0.0,0.0,217
2023-05-10 21:27:14,CF401P16200,CF401P16200,989.0,0.0,0.0,0.0,3,977.0,990.0,30,989.0,974.0,0.0,0.0,0.0,0.0,217
2023-05-10 21:27:15,CF401P16200,CF401P16200,989.0,0.0,0.0,0.0,3,977.0,987.0,10,989.0,974.0,0.0,0.0,0.0,0.0,217
2023-05-10 21:27:16,CF401P16200,CF401P16200,989.0,0.0,0.0,0.0,3,977.0,990.0,30,989.0,974.0,0.0,0.0,0.0,0.0,217
2023-05-10 21:27:19,CF401P16200,CF401P16200,989.0,0.0,0.0,0.0,3,977.0,987.0,10,989.0,974.0,0.0,0.0,0.0,0.0,217
2023-05-10 21:27:23,CF401P16200,CF401P16200,989.0,0.0,0.0,0.0,3,977.0,988.0,10,989.0,974.0,0.0,0.0,0.0,0.0,217
2023-05-10 21:27:23,CF401P16200,CF401P16200,989.0,0.0,0.0,0.0,3,977.0,990.0,40,989.0,974.0,0.0,0.0,0.0,0.0,217
2023-05-10 21:27:24,CF401P16200,CF401P16200,989.0,0.0,0.0,0.0,3,977.0,990.0,30,989.0,974.0,0.0,0.0,0.0,0.0,217
2023-05-10 21:27:24,CF401P16200,CF401P16200,989.0,0.0,0.0,0.0,3,977.0,987.0,10,989.0,974.0,0.0,0.0,0.0,0.0,217
2023-05-10 21:27:28,CF401P16200,CF401P16200,989.0,0.0,0.0,0.0,3,977.0,988.0,10,989.0,974.0,0.0,0.0,0.0,0.0,217
2023-05-10 21:27:28,CF401P16200,CF401P16200,989.0,0.0,0.0,0.0,3,977.0,990.0,50,989.0,974.0,0.0,0.0,0.0,0.0,217
2023-05-10 21:27:29,CF401P16200,CF401P16200,989.0,0.0,0.0,0.0,3,977.0,990.0,40,989.0,974.0,0.0,0.0,0.0,0.0,217
2023-05-10 21:27:29,CF401P16200,CF401P16200,989.0,0.0,0.0,0.0,3,977.0,987.0,10,989.0,974.0,0.0,0.0,0.0,0.0,217
2023-05-10 21:27:30,CF401P16200,CF401P16200,989.0,0.0,0.0,0.0,3,977.0,987.0,30,989.0,974.0,0.0,0.0,0.0,0.0,217
2023-05-10 21:27:30,CF401P16200,CF401P16200,989.0,0.0,0.0,0.0,3,977.0,987.0,20,989.0,974.0,0.0,0.0,0.0,0.0,217
2023-05-10 21:27:32,CF401P16200,CF401P16200,989.0,0.0,0.0,0.0,3,977.0,987.0,30,989.0,974.0,0.0,0.0,0.0,0.0,217
2023-05-10 21:27:33,CF401P16200,CF401P16200,989.0,0.0,0.0,0.0,10,974.0,985.0,10,989.0,974.0,0.0,0.0,0.0,0.0,217
2023-05-10 21:27:33,CF401P16200,CF401P16200,989.0,0.0,0.0,0.0,10,974.0,985.0,30,989.0,974.0,0.0,0.0,0.0,0.0,217
2023-05-10 21:27:34,CF401P16200,CF401P16200,989.0,0.0,0.0,0.0,20,972.0,985.0,40,989.0,974.0,0.0,0.0,0.0,0.0,217
2023-05-10 21:27:49,CF401P16200,CF401P16200,989.0,0.0,0.0,0.0,3,973.0,985.0,40,989.0,974.0,0.0,0.0,0.0,0.0,217
2023-05-10 21:28:06,CF401P16200,CF401P16200,989.0,0.0,0.0,0.0,3,973.0,985.0,30,989.0,974.0,0.0,0.0,0.0,0.0,217
2023-05-10 21:28:07,CF401P16200,CF401P16200,989.0,0.0,0.0,0.0,3,973.0,984.0,13,989.0,974.0,0.0,0.0,0.0,0.0,217
2023-05-10 21:28:07,CF401P16200,CF401P16200,989.0,0.0,0.0,0.0,3,973.0,981.0,10,989.0,974.0,0.0,0.0,0.0,0.0,217
2023-05-10 21:28:09,CF401P16200,CF401P16200,989.0,0.0,0.0,0.0,3,973.0,982.0,10,989.0,974.0,0.0,0.0,0.0,0.0,217
2023-05-10 21:28:09,CF401P16200,CF401P16200,989.0,0.0,0.0,0.0,3,973.0,984.0,23,989.0,974.0,0.0,0.0,0.0,0.0,217
2023-05-10 21:28:14,CF401P16200,CF401P16200,989.0,0.0,0.0,0.0,10,974.0,984.0,13,989.0,974.0,0.0,0.0,0.0,0.0,217
2023-05-10 21:28:15,CF401P16200,CF401P16200,989.0,0.0,0.0,0.0,3,973.0,984.0,23,989.0,974.0,0.0,0.0,0.0,0.0,217
2023-05-10 21:28:17,CF401P16200,CF401P16200,989.0,0.0,0.0,0.0,3,973.0,984.0,13,989.0,974.0,0.0,0.0,0.0,0.0,217
2023-05-10 21:28:18,CF401P16200,CF401P16200,989.0,0.0,0.0,0.0,10,974.0,984.0,13,989.0,974.0,0.0,0.0,0.0,0.0,217
2023-05-10 21:28:20,CF401P16200,CF401P16200,989.0,0.0,0.0,0.0,3,973.0,984.0,13,989.0,974.0,0.0,0.0,0.0,0.0,217
2023-05-10 21:28:20,CF401P16200,CF401P16200,989.0,0.0,0.0,0.0,10,974.0,984.0,13,989.0,974.0,0.0,0.0,0.0,0.0,217
2023-05-10 21:28:22,CF401P16200,CF401P16200,989.0,0.0,0.0,0.0,3,973.0,984.0,13,989.0,974.0,0.0,0.0,0.0,0.0,217
2023-05-10 21:28:35,CF401P16200,CF401P16200,989.0,0.0,0.0,0.0,10,974.0,984.0,13,989.0,974.0,0.0,0.0,0.0,0.0,217
2023-05-10 21:28:41,CF401P16200,CF401P16200,989.0,0.0,0.0,0.0,10,974.0,984.0,23,989.0,974.0,0.0,0.0,0.0,0.0,217
2023-05-10 21:28:44,CF401P16200,CF401P16200,989.0,0.0,0.0,0.0,13,973.0,984.0,13,989.0,974.0,0.0,0.0,0.0,0.0,217
2023-05-10 21:28:44,CF401P16200,CF401P16200,989.0,0.0,0.0,0.0,10,974.0,984.0,13,989.0,974.0,0.0,0.0,0.0,0.0,217
2023-05-10 21:28:45,CF401P16200,CF401P16200,989.0,0.0,0.0,0.0,3,973.0,984.0,13,989.0,974.0,0.0,0.0,0.0,0.0,217
2023-05-10 21:28:46,CF401P16200,CF401P16200,989.0,0.0,0.0,0.0,10,974.0,984.0,13,989.0,974.0,0.0,0.0,0.0,0.0,217
2023-05-10 21:28:49,CF401P16200,CF401P16200,989.0,0.0,0.0,0.0,13,973.0,984.0,13,989.0,974.0,0.0,0.0,0.0,0.0,217
2023-05-10 21:28:49,CF401P16200,CF401P16200,989.0,0.0,0.0,0.0,10,974.0,984.0,13,989.0,974.0,0.0,0.0,0.0,0.0,217
2023-05-10 21:28:50,CF401P16200,CF401P16200,989.0,0.0,0.0,0.0,3,973.0,984.0,13,989.0,974.0,0.0,0.0,0.0,0.0,217
2023-05-10 21:28:51,CF401P16200,CF401P16200,989.0,0.0,0.0,0.0,10,974.0,984.0,13,989.0,974.0,0.0,0.0,0.0,0.0,217
2023-05-10 21:28:52,CF401P16200,CF401P16200,989.0,0.0,0.0,0.0,3,976.0,985.0,20,989.0,974.0,0.0,0.0,0.0,0.0,217
2023-05-10 21:28:53,CF401P16200,CF401P16200,989.0,0.0,0.0,0.0,3,976.0,985.0,10,989.0,974.0,0.0,0.0,0.0,0.0,217
2023-05-10 21:28:54,CF401P16200,CF401P16200,989.0,0.0,0.0,0.0,10,977.0,986.0,10,989.0,974.0,0.0,0.0,0.0,0.0,217
2023-05-10 21:29:07,CF401P16200,CF401P16200,989.0,0.0,0.0,0.0,10,977.0,987.0,3,989.0,974.0,0.0,0.0,0.0,0.0,217
2023-05-10 21:29:48,CF401P16200,CF401P16200,989.0,0.0,0.0,0.0,20,977.0,988.0,20,989.0,974.0,0.0,0.0,0.0,0.0,217
2023-05-10 21:29:49,CF401P16200,CF401P16200,989.0,0.0,0.0,0.0,10,980.0,989.0,10,989.0,974.0,0.0,0.0,0.0,0.0,217
2023-05-10 21:29:55,CF401P16200,CF401P16200,989.0,0.0,0.0,0.0,10,980.0,990.0,20,989.0,974.0,0.0,0.0,0.0,0.0,217
2023-05-10 21:29:59,CF401P16200,CF401P16200,989.0,0.0,0.0,0.0,13,979.0,990.0,20,989.0,974.0,0.0,0.0,0.0,0.0,217
2023-05-10 21:30:00,CF401P16200,CF401P16200,989.0,0.0,0.0,0.0,10,980.0,990.0,20,989.0,974.0,0.0,0.0,0.0,0.0,217
2023-05-10 21:30:04,CF401P16200,CF401P16200,989.0,0.0,0.0,0.0,3,979.0,990.0,30,989.0,974.0,0.0,0.0,0.0,0.0,217
2023-05-10 21:30:04,CF401P16200,CF401P16200,989.0,0.0,0.0,0.0,3,979.0,990.0,20,989.0,974.0,0.0,0.0,0.0,0.0,217
2023-05-10 21:30:05,CF401P16200,CF401P16200,989.0,0.0,0.0,0.0,3,979.0,990.0,30,989.0,974.0,0.0,0.0,0.0,0.0,217
2023-05-10 21:30:11,CF401P16200,CF401P16200,989.0,0.0,0.0,0.0,10,980.0,990.0,20,989.0,974.0,0.0,0.0,0.0,0.0,217
2023-05-10 21:30:12,CF401P16200,CF401P16200,989.0,0.0,0.0,0.0,10,980.0,990.0,10,989.0,974.0,0.0,0.0,0.0,0.0,217
2023-05-10 21:30:14,CF401P16200,CF401P16200,989.0,0.0,0.0,0.0,10,980.0,991.0,3,989.0,974.0,0.0,0.0,0.0,0.0,217
2023-05-10 21:30:17,CF401P16200,CF401P16200,989.0,0.0,0.0,0.0,10,983.0,991.0,3,989.0,974.0,0.0,0.0,0.0,0.0,217
2023-05-10 21:30:20,CF401P16200,CF401P16200,989.0,0.0,0.0,0.0,10,983.0,992.0,30,989.0,974.0,0.0,0.0,0.0,0.0,217
2023-05-10 21:30:27,CF401P16200,CF401P16200,989.0,0.0,0.0,0.0,10,986.0,995.0,13,989.0,974.0,0.0,0.0,0.0,0.0,217
2023-05-10 21:30:28,CF401P16200,CF401P16200,989.0,0.0,0.0,0.0,10,986.0,995.0,3,989.0,974.0,0.0,0.0,0.0,0.0,217
2023-05-10 21:30:29,CF401P16200,CF401P16200,989.0,0.0,0.0,0.0,13,986.0,995.0,3,989.0,974.0,0.0,0.0,0.0,0.0,217
2023-05-10 21:30:40,CF401P16200,CF401P16200,989.0,0.0,0.0,0.0,3,986.0,995.0,3,989.0,974.0,0.0,0.0,0.0,0.0,217
2023-05-10 21:30:40,CF401P16200,CF401P16200,989.0,0.0,0.0,0.0,3,986.0,995.0,13,989.0,974.0,0.0,0.0,0.0,0.0,217
2023-05-10 21:30:42,CF401P16200,CF401P16200,989.0,0.0,0.0,0.0,3,986.0,995.0,3,989.0,974.0,0.0,0.0,0.0,0.0,217
2023-05-10 21:30:44,CF401P16200,CF401P16200,989.0,0.0,0.0,0.0,3,986.0,995.0,13,989.0,974.0,0.0,0.0,0.0,0.0,217
2023-05-10 21:30:45,CF401P16200,CF401P16200,989.0,0.0,0.0,0.0,3,986.0,995.0,23,989.0,974.0,0.0,0.0,0.0,0.0,217
2023-05-10 21:30:47,CF401P16200,CF401P16200,989.0,0.0,0.0,0.0,3,986.0,995.0,33,989.0,974.0,0.0,0.0,0.0,0.0,217
2023-05-10 21:30:50,CF401P16200,CF401P16200,989.0,0.0,0.0,0.0,3,986.0,995.0,23,989.0,974.0,0.0,0.0,0.0,0.0,217
2023-05-10 21:30:51,CF401P16200,CF401P16200,989.0,0.0,0.0,0.0,3,986.0,995.0,33,989.0,974.0,0.0,0.0,0.0,0.0,217
2023-05-10 21:30:53,CF401P16200,CF401P16200,989.0,0.0,0.0,0.0,3,986.0,995.0,23,989.0,974.0,0.0,0.0,0.0,0.0,217
2023-05-10 21:31:08,CF401P16200,CF401P16200,989.0,0.0,0.0,0.0,23,982.0,995.0,23,989.0,974.0,0.0,0.0,0.0,0.0,217
2023-05-10 21:31:08,CF401P16200,CF401P16200,989.0,0.0,0.0,0.0,10,983.0,995.0,23,989.0,974.0,0.0,0.0,0.0,0.0,217
2023-05-10 21:31:09,CF401P16200,CF401P16200,989.0,0.0,0.0,0.0,13,982.0,995.0,23,989.0,974.0,0.0,0.0,0.0,0.0,217
2023-05-10 21:31:11,CF401P16200,CF401P16200,989.0,0.0,0.0,0.0,13,982.0,995.0,33,989.0,974.0,0.0,0.0,0.0,0.0,217
2023-05-10 21:31:14,CF401P16200,CF401P16200,989.0,0.0,0.0,0.0,13,982.0,992.0,10,989.0,974.0,0.0,0.0,0.0,0.0,217
2023-05-10 21:31:14,CF401P16200,CF401P16200,989.0,0.0,0.0,0.0,13,982.0,992.0,20,989.0,974.0,0.0,0.0,0.0,0.0,217
2023-05-10 21:31:17,CF401P16200,CF401P16200,989.0,0.0,0.0,0.0,13,982.0,992.0,10,989.0,974.0,0.0,0.0,0.0,0.0,217
2023-05-10 21:31:21,CF401P16200,CF401P16200,989.0,0.0,0.0,0.0,23,982.0,992.0,10,989.0,974.0,0.0,0.0,0.0,0.0,217
2023-05-10 21:31:24,CF401P16200,CF401P16200,989.0,0.0,0.0,0.0,13,982.0,992.0,10,989.0,974.0,0.0,0.0,0.0,0.0,217
2023-05-10 21:31:25,CF401P16200,CF401P16200,989.0,0.0,0.0,0.0,3,982.0,992.0,20,989.0,974.0,0.0,0.0,0.0,0.0,217
2023-05-10 21:31:48,CF401P16200,CF401P16200,989.0,0.0,0.0,0.0,10,984.0,995.0,13,989.0,974.0,0.0,0.0,0.0,0.0,217
2023-05-10 21:31:49,CF401P16200,CF401P16200,989.0,0.0,0.0,0.0,20,984.0,995.0,3,989.0,974.0,0.0,0.0,0.0,0.0,217
2023-05-10 21:31:52,CF401P16200,CF401P16200,989.0,0.0,0.0,0.0,3,987.0,996.0,20,989.0,974.0,0.0,0.0,0.0,0.0,217
2023-05-10 21:31:53,CF401P16200,CF401P16200,989.0,0.0,0.0,0.0,13,987.0,998.0,30,989.0,974.0,0.0,0.0,0.0,0.0,217
2023-05-10 21:31:53,CF401P16200,CF401P16200,989.0,0.0,0.0,0.0,3,987.0,997.0,10,989.0,974.0,0.0,0.0,0.0,0.0,217
2023-05-10 21:31:59,CF401P16200,CF401P16200,989.0,0.0,0.0,0.0,3,987.0,997.0,20,989.0,974.0,0.0,0.0,0.0,0.0,217
2023-05-10 21:31:59,CF401P16200,CF401P16200,989.0,0.0,0.0,0.0,3,987.0,997.0,10,989.0,974.0,0.0,0.0,0.0,0.0,217
2023-05-10 21:32:01,CF401P16200,CF401P16200,989.0,0.0,0.0,0.0,3,987.0,997.0,20,989.0,974.0,0.0,0.0,0.0,0.0,217
2023-05-10 21:32:21,CF401P16200,CF401P16200,989.0,0.0,0.0,0.0,3,987.0,996.0,3,989.0,974.0,0.0,0.0,0.0,0.0,217
2023-05-10 21:32:21,CF401P16200,CF401P16200,989.0,0.0,0.0,0.0,3,987.0,996.0,13,989.0,974.0,0.0,0.0,0.0,0.0,217
2023-05-10 21:32:21,CF401P16200,CF401P16200,989.0,0.0,0.0,0.0,3,987.0,996.0,23,989.0,974.0,0.0,0.0,0.0,0.0,217
2023-05-10 21:32:31,CF401P16200,CF401P16200,989.0,0.0,0.0,0.0,3,987.0,996.0,13,989.0,974.0,0.0,0.0,0.0,0.0,217
2023-05-10 21:32:36,CF401P16200,CF401P16200,989.0,0.0,0.0,0.0,3,987.0,996.0,23,989.0,974.0,0.0,0.0,0.0,0.0,217
2023-05-10 21:32:48,CF401P16200,CF401P16200,989.0,0.0,0.0,0.0,3,987.0,996.0,13,989.0,974.0,0.0,0.0,0.0,0.0,217
2023-05-10 21:32:52,CF401P16200,CF401P16200,989.0,0.0,0.0,0.0,3,987.0,996.0,3,989.0,974.0,0.0,0.0,0.0,0.0,217
2023-05-10 21:32:53,CF401P16200,CF401P16200,989.0,0.0,0.0,0.0,10,988.0,996.0,3,989.0,974.0,0.0,0.0,0.0,0.0,217
2023-05-10 21:32:53,CF401P16200,CF401P16200,989.0,0.0,0.0,0.0,20,988.0,999.0,20,989.0,974.0,0.0,0.0,0.0,0.0,217
2023-05-10 21:32:53,CF401P16200,CF401P16200,989.0,0.0,0.0,0.0,20,988.0,998.0,10,989.0,974.0,0.0,0.0,0.0,0.0,217
2023-05-10 21:32:54,CF401P16200,CF401P16200,989.0,0.0,0.0,0.0,20,988.0,999.0,10,989.0,974.0,0.0,0.0,0.0,0.0,217
2023-05-10 21:32:54,CF401P16200,CF401P16200,989.0,0.0,0.0,0.0,10,988.0,998.0,10,989.0,974.0,0.0,0.0,0.0,0.0,217
2023-05-10 21:32:55,CF401P16200,CF401P16200,989.0,0.0,0.0,0.0,33,987.0,1000.0,3,989.0,974.0,0.0,0.0,0.0,0.0,217
2023-05-10 21:32:56,CF401P16200,CF401P16200,989.0,0.0,0.0,0.0,10,988.0,1000.0,13,989.0,974.0,0.0,0.0,0.0,0.0,217
2023-05-10 21:32:58,CF401P16200,CF401P16200,989.0,0.0,0.0,0.0,23,987.0,1000.0,13,989.0,974.0,0.0,0.0,0.0,0.0,217
2023-05-10 21:33:01,CF401P16200,CF401P16200,989.0,0.0,0.0,0.0,23,987.0,997.0,10,989.0,974.0,0.0,0.0,0.0,0.0,217
2023-05-10 21:33:01,CF401P16200,CF401P16200,989.0,0.0,0.0,0.0,23,987.0,1000.0,23,989.0,974.0,0.0,0.0,0.0,0.0,217
2023-05-10 21:33:03,CF401P16200,CF401P16200,989.0,0.0,0.0,0.0,13,987.0,1000.0,13,989.0,974.0,0.0,0.0,0.0,0.0,217
2023-05-10 21:33:04,CF401P16200,CF401P16200,989.0,0.0,0.0,0.0,23,987.0,997.0,10,989.0,974.0,0.0,0.0,0.0,0.0,217
2023-05-10 21:33:04,CF401P16200,CF401P16200,989.0,0.0,0.0,0.0,33,987.0,997.0,10,989.0,974.0,0.0,0.0,0.0,0.0,217
2023-05-10 21:33:04,CF401P16200,CF401P16200,989.0,0.0,0.0,0.0,33,987.0,1000.0,23,989.0,974.0,0.0,0.0,0.0,0.0,217
2023-05-10 21:33:05,CF401P16200,CF401P16200,989.0,0.0,0.0,0.0,33,987.0,1000.0,33,989.0,974.0,0.0,0.0,0.0,0.0,217
2023-05-10 21:33:05,CF401P16200,CF401P16200,989.0,0.0,0.0,0.0,33,987.0,1000.0,23,989.0,974.0,0.0,0.0,0.0,0.0,217
2023-05-10 21:33:08,CF401P16200,CF401P16200,989.0,0.0,0.0,0.0,23,987.0,1000.0,23,989.0,974.0,0.0,0.0,0.0,0.0,217
2023-05-10 21:33:09,CF401P16200,CF401P16200,989.0,0.0,0.0,0.0,13,987.0,997.0,20,989.0,974.0,0.0,0.0,0.0,0.0,217
2023-05-10 21:33:09,CF401P16200,CF401P16200,989.0,0.0,0.0,0.0,3,987.0,997.0,30,989.0,974.0,0.0,0.0,0.0,0.0,217
2023-05-10 21:33:10,CF401P16200,CF401P16200,989.0,0.0,0.0,0.0,3,987.0,997.0,20,989.0,974.0,0.0,0.0,0.0,0.0,217
2023-05-10 21:33:10,CF401P16200,CF401P16200,989.0,0.0,0.0,0.0,3,987.0,997.0,10,989.0,974.0,0.0,0.0,0.0,0.0,217
2023-05-10 21:33:11,CF401P16200,CF401P16200,989.0,0.0,0.0,0.0,13,987.0,997.0,10,989.0,974.0,0.0,0.0,0.0,0.0,217
2023-05-10 21:33:11,CF401P16200,CF401P16200,989.0,0.0,0.0,0.0,23,987.0,1000.0,23,989.0,974.0,0.0,0.0,0.0,0.0,217
2023-05-10 21:33:12,CF401P16200,CF401P16200,989.0,0.0,0.0,0.0,23,987.0,1000.0,33,989.0,974.0,0.0,0.0,0.0,0.0,217
2023-05-10 21:33:13,CF401P16200,CF401P16200,989.0,0.0,0.0,0.0,23,987.0,1000.0,23,989.0,974.0,0.0,0.0,0.0,0.0,217
2023-05-10 21:33:14,CF401P16200,CF401P16200,989.0,0.0,0.0,0.0,23,987.0,1000.0,43,989.0,974.0,0.0,0.0,0.0,0.0,217
2023-05-10 21:33:14,CF401P16200,CF401P16200,989.0,0.0,0.0,0.0,13,987.0,1000.0,43,989.0,974.0,0.0,0.0,0.0,0.0,217
2023-05-10 21:33:21,CF401P16200,CF401P16200,989.0,0.0,0.0,0.0,23,987.0,1000.0,43,989.0,974.0,0.0,0.0,0.0,0.0,217
2023-05-10 21:33:22,CF401P16200,CF401P16200,989.0,0.0,0.0,0.0,13,987.0,1000.0,43,989.0,974.0,0.0,0.0,0.0,0.0,217
2023-05-10 21:33:24,CF401P16200,CF401P16200,989.0,0.0,0.0,0.0,3,987.0,997.0,10,989.0,974.0,0.0,0.0,0.0,0.0,217
2023-05-10 21:33:24,CF401P16200,CF401P16200,989.0,0.0,0.0,0.0,3,987.0,1000.0,43,989.0,974.0,0.0,0.0,0.0,0.0,217
2023-05-10 21:33:26,CF401P16200,CF401P16200,989.0,0.0,0.0,0.0,3,987.0,997.0,10,989.0,974.0,0.0,0.0,0.0,0.0,217
2023-05-10 21:33:27,CF401P16200,CF401P16200,989.0,0.0,0.0,0.0,3,987.0,1000.0,43,989.0,974.0,0.0,0.0,0.0,0.0,217
2023-05-10 21:33:28,CF401P16200,CF401P16200,989.0,0.0,0.0,0.0,3,987.0,997.0,10,989.0,974.0,0.0,0.0,0.0,0.0,217
2023-05-10 21:33:30,CF401P16200,CF401P16200,989.0,0.0,0.0,0.0,3,987.0,997.0,20,989.0,974.0,0.0,0.0,0.0,0.0,217
2023-05-10 21:33:43,CF401P16200,CF401P16200,989.0,0.0,0.0,0.0,3,987.0,997.0,10,989.0,974.0,0.0,0.0,0.0,0.0,217
2023-05-10 21:33:53,CF401P16200,CF401P16200,989.0,0.0,0.0,0.0,3,987.0,997.0,20,989.0,974.0,0.0,0.0,0.0,0.0,217
2023-05-10 21:33:53,CF401P16200,CF401P16200,989.0,0.0,0.0,0.0,3,987.0,997.0,10,989.0,974.0,0.0,0.0,0.0,0.0,217
2023-05-10 21:33:59,CF401P16200,CF401P16200,989.0,0.0,0.0,0.0,3,987.0,997.0,20,989.0,974.0,0.0,0.0,0.0,0.0,217
2023-05-10 21:33:59,CF401P16200,CF401P16200,989.0,0.0,0.0,0.0,3,987.0,997.0,10,989.0,974.0,0.0,0.0,0.0,0.0,217
2023-05-10 21:34:00,CF401P16200,CF401P16200,989.0,0.0,0.0,0.0,3,987.0,998.0,10,989.0,974.0,0.0,0.0,0.0,0.0,217
2023-05-10 21:34:00,CF401P16200,CF401P16200,989.0,0.0,0.0,0.0,3,987.0,999.0,10,989.0,974.0,0.0,0.0,0.0,0.0,217
2023-05-10 21:34:10,CF401P16200,CF401P16200,989.0,0.0,0.0,0.0,3,987.0,999.0,20,989.0,974.0,0.0,0.0,0.0,0.0,217
2023-05-10 21:34:24,CF401P16200,CF401P16200,989.0,0.0,0.0,0.0,33,987.0,999.0,20,989.0,974.0,0.0,0.0,0.0,0.0,217
2023-05-10 21:34:24,CF401P16200,CF401P16200,989.0,0.0,0.0,0.0,23,987.0,999.0,20,989.0,974.0,0.0,0.0,0.0,0.0,217
2023-05-10 21:34:28,CF401P16200,CF401P16200,989.0,0.0,0.0,0.0,23,987.0,999.0,30,989.0,974.0,0.0,0.0,0.0,0.0,217
2023-05-10 21:34:28,CF401P16200,CF401P16200,989.0,0.0,0.0,0.0,23,987.0,999.0,20,989.0,974.0,0.0,0.0,0.0,0.0,217
2023-05-10 21:34:46,CF401P16200,CF401P16200,989.0,0.0,0.0,0.0,33,987.0,999.0,20,989.0,974.0,0.0,0.0,0.0,0.0,217
2023-05-10 21:34:49,CF401P16200,CF401P16200,989.0,0.0,0.0,0.0,23,987.0,999.0,20,989.0,974.0,0.0,0.0,0.0,0.0,217
2023-05-10 21:34:51,CF401P16200,CF401P16200,989.0,0.0,0.0,0.0,10,990.0,999.0,20,989.0,974.0,0.0,0.0,0.0,0.0,217
2023-05-10 21:34:52,CF401P16200,CF401P16200,989.0,0.0,0.0,0.0,10,989.0,999.0,20,989.0,974.0,0.0,0.0,0.0,0.0,217
2023-05-10 21:34:52,CF401P16200,CF401P16200,989.0,0.0,0.0,0.0,33,987.0,999.0,20,989.0,974.0,0.0,0.0,0.0,0.0,217
2023-05-10 21:34:56,CF401P16200,CF401P16200,989.0,0.0,0.0,0.0,10,990.0,999.0,20,989.0,974.0,0.0,0.0,0.0,0.0,217
2023-05-10 21:35:01,CF401P16200,CF401P16200,989.0,0.0,0.0,0.0,43,987.0,999.0,20,989.0,974.0,0.0,0.0,0.0,0.0,217
2023-05-10 21:35:01,CF401P16200,CF401P16200,989.0,0.0,0.0,0.0,10,989.0,999.0,20,989.0,974.0,0.0,0.0,0.0,0.0,217
2023-05-10 21:35:01,CF401P16200,CF401P16200,989.0,0.0,0.0,0.0,23,987.0,999.0,20,989.0,974.0,0.0,0.0,0.0,0.0,217
2023-05-10 21:35:06,CF401P16200,CF401P16200,989.0,0.0,0.0,0.0,3,987.0,997.0,10,989.0,974.0,0.0,0.0,0.0,0.0,217
2023-05-10 21:35:06,CF401P16200,CF401P16200,989.0,0.0,0.0,0.0,3,987.0,997.0,20,989.0,974.0,0.0,0.0,0.0,0.0,217
2023-05-10 21:35:13,CF401P16200,CF401P16200,989.0,0.0,0.0,0.0,3,987.0,995.0,10,989.0,974.0,0.0,0.0,0.0,0.0,217
2023-05-10 21:35:13,CF401P16200,CF401P16200,989.0,0.0,0.0,0.0,3,987.0,995.0,20,989.0,974.0,0.0,0.0,0.0,0.0,217
2023-05-10 21:35:15,CF401P16200,CF401P16200,989.0,0.0,0.0,0.0,3,987.0,995.0,30,989.0,974.0,0.0,0.0,0.0,0.0,217
2023-05-10 21:35:18,CF401P16200,CF401P16200,989.0,0.0,0.0,0.0,3,987.0,995.0,20,989.0,974.0,0.0,0.0,0.0,0.0,217
2023-05-10 21:35:19,CF401P16200,CF401P16200,989.0,0.0,0.0,0.0,3,987.0,997.0,33,989.0,974.0,0.0,0.0,0.0,0.0,217
2023-05-10 21:35:19,CF401P16200,CF401P16200,989.0,0.0,0.0,0.0,3,987.0,997.0,23,989.0,974.0,0.0,0.0,0.0,0.0,217
2023-05-10 21:35:26,CF401P16200,CF401P16200,989.0,0.0,0.0,0.0,3,987.0,997.0,33,989.0,974.0,0.0,0.0,0.0,0.0,217
2023-05-10 21:35:27,CF401P16200,CF401P16200,989.0,0.0,0.0,0.0,3,987.0,997.0,23,989.0,974.0,0.0,0.0,0.0,0.0,217
2023-05-10 21:35:31,CF401P16200,CF401P16200,989.0,0.0,0.0,0.0,3,987.0,997.0,33,989.0,974.0,0.0,0.0,0.0,0.0,217
2023-05-10 21:35:51,CF401P16200,CF401P16200,989.0,0.0,0.0,0.0,3,987.0,997.0,23,989.0,974.0,0.0,0.0,0.0,0.0,217
2023-05-10 21:35:59,CF401P16200,CF401P16200,989.0,0.0,0.0,0.0,3,987.0,997.0,33,989.0,974.0,0.0,0.0,0.0,0.0,217
2023-05-10 21:36:06,CF401P16200,CF401P16200,989.0,0.0,0.0,0.0,3,987.0,997.0,23,989.0,974.0,0.0,0.0,0.0,0.0,217
2023-05-10 21:36:07,CF401P16200,CF401P16200,989.0,0.0,0.0,0.0,3,987.0,997.0,13,989.0,974.0,0.0,0.0,0.0,0.0,217
2023-05-10 21:36:07,CF401P16200,CF401P16200,989.0,0.0,0.0,0.0,10,988.0,997.0,3,989.0,974.0,0.0,0.0,0.0,0.0,217
2023-05-10 21:36:13,CF401P16200,CF401P16200,989.0,0.0,0.0,0.0,3,987.0,997.0,3,989.0,974.0,0.0,0.0,0.0,0.0,217
2023-05-10 21:36:18,CF401P16200,CF401P16200,989.0,0.0,0.0,0.0,10,990.0,1000.0,3,989.0,974.0,0.0,0.0,0.0,0.0,217
2023-05-10 21:36:19,CF401P16200,CF401P16200,989.0,0.0,0.0,0.0,20,990.0,1000.0,3,989.0,974.0,0.0,0.0,0.0,0.0,217
2023-05-10 21:36:21,CF401P16200,CF401P16200,989.0,0.0,0.0,0.0,10,990.0,1000.0,3,989.0,974.0,0.0,0.0,0.0,0.0,217
2023-05-10 21:36:22,CF401P16200,CF401P16200,989.0,0.0,0.0,0.0,20,990.0,1000.0,3,989.0,974.0,0.0,0.0,0.0,0.0,217
2023-05-10 21:36:23,CF401P16200,CF401P16200,989.0,0.0,0.0,0.0,10,990.0,1000.0,3,989.0,974.0,0.0,0.0,0.0,0.0,217
2023-05-10 21:36:23,CF401P16200,CF401P16200,989.0,0.0,0.0,0.0,20,990.0,1000.0,3,989.0,974.0,0.0,0.0,0.0,0.0,217
2023-05-10 21:36:25,CF401P16200,CF401P16200,989.0,0.0,0.0,0.0,3,991.0,1000.0,3,989.0,974.0,0.0,0.0,0.0,0.0,217
2023-05-10 21:36:31,CF401P16200,CF401P16200,989.0,0.0,0.0,0.0,3,991.0,1002.0,30,989.0,974.0,0.0,0.0,0.0,0.0,217
2023-05-10 21:36:37,CF401P16200,CF401P16200,989.0,0.0,0.0,0.0,3,991.0,1002.0,40,989.0,974.0,0.0,0.0,0.0,0.0,217
2023-05-10 21:36:40,CF401P16200,CF401P16200,989.0,0.0,0.0,0.0,3,991.0,1002.0,20,989.0,974.0,0.0,0.0,0.0,0.0,217
2023-05-10 21:36:41,CF401P16200,CF401P16200,989.0,0.0,0.0,0.0,3,991.0,1004.0,13,989.0,974.0,0.0,0.0,0.0,0.0,217
2023-05-10 21:36:41,CF401P16200,CF401P16200,989.0,0.0,0.0,0.0,3,991.0,1004.0,23,989.0,974.0,0.0,0.0,0.0,0.0,217
2023-05-10 21:36:45,CF401P16200,CF401P16200,989.0,0.0,0.0,0.0,10,992.0,1004.0,23,989.0,974.0,0.0,0.0,0.0,0.0,217
2023-05-10 21:36:45,CF401P16200,CF401P16200,989.0,0.0,0.0,0.0,20,992.0,1004.0,13,989.0,974.0,0.0,0.0,0.0,0.0,217
2023-05-10 21:36:46,CF401P16200,CF401P16200,989.0,0.0,0.0,0.0,10,992.0,1004.0,13,989.0,974.0,0.0,0.0,0.0,0.0,217
2023-05-10 21:36:47,CF401P16200,CF401P16200,989.0,0.0,0.0,0.0,10,992.0,1004.0,33,989.0,974.0,0.0,0.0,0.0,0.0,217
2023-05-10 21:36:52,CF401P16200,CF401P16200,989.0,0.0,0.0,0.0,10,992.0,1004.0,23,989.0,974.0,0.0,0.0,0.0,0.0,217
2023-05-10 21:36:54,CF401P16200,CF401P16200,989.0,0.0,0.0,0.0,20,992.0,1004.0,23,989.0,974.0,0.0,0.0,0.0,0.0,217
2023-05-10 21:37:10,CF401P16200,CF401P16200,989.0,0.0,0.0,0.0,10,992.0,1004.0,23,989.0,974.0,0.0,0.0,0.0,0.0,217
2023-05-10 21:37:11,CF401P16200,CF401P16200,989.0,0.0,0.0,0.0,10,992.0,1001.0,10,989.0,974.0,0.0,0.0,0.0,0.0,217
2023-05-10 21:37:11,CF401P16200,CF401P16200,989.0,0.0,0.0,0.0,3,991.0,1000.0,10,989.0,974.0,0.0,0.0,0.0,0.0,217
2023-05-10 21:37:14,CF401P16200,CF401P16200,989.0,0.0,0.0,0.0,3,991.0,1001.0,20,989.0,974.0,0.0,0.0,0.0,0.0,217
2023-05-10 21:37:15,CF401P16200,CF401P16200,989.0,0.0,0.0,0.0,3,991.0,1001.0,30,989.0,974.0,0.0,0.0,0.0,0.0,217
2023-05-10 21:37:22,CF401P16200,CF401P16200,989.0,0.0,0.0,0.0,3,991.0,1000.0,10,989.0,974.0,0.0,0.0,0.0,0.0,217
2023-05-10 21:37:25,CF401P16200,CF401P16200,989.0,0.0,0.0,0.0,3,991.0,1001.0,30,989.0,974.0,0.0,0.0,0.0,0.0,217
2023-05-10 21:37:26,CF401P16200,CF401P16200,989.0,0.0,0.0,0.0,3,991.0,1000.0,10,989.0,974.0,0.0,0.0,0.0,0.0,217
2023-05-10 21:37:27,CF401P16200,CF401P16200,989.0,0.0,0.0,0.0,3,991.0,1000.0,13,989.0,974.0,0.0,0.0,0.0,0.0,217
2023-05-10 21:37:27,CF401P16200,CF401P16200,989.0,0.0,0.0,0.0,3,991.0,1000.0,23,989.0,974.0,0.0,0.0,0.0,0.0,217
2023-05-10 21:37:35,CF401P16200,CF401P16200,989.0,0.0,0.0,0.0,3,991.0,1000.0,33,989.0,974.0,0.0,0.0,0.0,0.0,217
2023-05-10 21:37:38,CF401P16200,CF401P16200,989.0,0.0,0.0,0.0,10,988.0,1000.0,33,989.0,974.0,0.0,0.0,0.0,0.0,217
2023-05-10 21:37:39,CF401P16200,CF401P16200,989.0,0.0,0.0,0.0,13,987.0,1000.0,23,989.0,974.0,0.0,0.0,0.0,0.0,217
2023-05-10 21:37:40,CF401P16200,CF401P16200,989.0,0.0,0.0,0.0,13,987.0,1000.0,33,989.0,974.0,0.0,0.0,0.0,0.0,217
2023-05-10 21:37:43,CF401P16200,CF401P16200,989.0,0.0,0.0,0.0,13,987.0,1000.0,23,989.0,974.0,0.0,0.0,0.0,0.0,217
2023-05-10 21:37:44,CF401P16200,CF401P16200,989.0,0.0,0.0,0.0,13,987.0,1000.0,33,989.0,974.0,0.0,0.0,0.0,0.0,217
2023-05-10 21:37:45,CF401P16200,CF401P16200,989.0,0.0,0.0,0.0,3,987.0,997.0,20,989.0,974.0,0.0,0.0,0.0,0.0,217
2023-05-10 21:37:53,CF401P16200,CF401P16200,989.0,0.0,0.0,0.0,13,987.0,997.0,20,989.0,974.0,0.0,0.0,0.0,0.0,217
2023-05-10 21:37:59,CF401P16200,CF401P16200,989.0,0.0,0.0,0.0,10,988.0,999.0,10,989.0,974.0,0.0,0.0,0.0,0.0,217
2023-05-10 21:38:00,CF401P16200,CF401P16200,989.0,0.0,0.0,0.0,10,990.0,999.0,10,989.0,974.0,0.0,0.0,0.0,0.0,217
2023-05-10 21:38:05,CF401P16200,CF401P16200,989.0,0.0,0.0,0.0,10,992.0,1001.0,10,989.0,974.0,0.0,0.0,0.0,0.0,217
2023-05-10 21:38:07,CF401P16200,CF401P16200,989.0,0.0,0.0,0.0,10,995.0,1004.0,23,989.0,974.0,0.0,0.0,0.0,0.0,217
2023-05-10 21:38:07,CF401P16200,CF401P16200,989.0,0.0,0.0,0.0,10,995.0,1004.0,13,989.0,974.0,0.0,0.0,0.0,0.0,217
2023-05-10 21:38:08,CF401P16200,CF401P16200,989.0,0.0,0.0,0.0,13,995.0,1004.0,3,989.0,974.0,0.0,0.0,0.0,0.0,217
2023-05-10 21:38:23,CF401P16200,CF401P16200,989.0,0.0,0.0,0.0,13,995.0,1004.0,13,989.0,974.0,0.0,0.0,0.0,0.0,217
2023-05-10 21:38:24,CF401P16200,CF401P16200,989.0,0.0,0.0,0.0,13,995.0,1004.0,23,989.0,974.0,0.0,0.0,0.0,0.0,217
2023-05-10 21:38:29,CF401P16200,CF401P16200,989.0,0.0,0.0,0.0,23,995.0,1004.0,13,989.0,974.0,0.0,0.0,0.0,0.0,217
2023-05-10 21:38:34,CF401P16200,CF401P16200,989.0,0.0,0.0,0.0,13,995.0,1004.0,13,989.0,974.0,0.0,0.0,0.0,0.0,217
2023-05-10 21:38:34,CF401P16200,CF401P16200,989.0,0.0,0.0,0.0,23,995.0,1004.0,13,989.0,974.0,0.0,0.0,0.0,0.0,217
2023-05-10 21:38:36,CF401P16200,CF401P16200,989.0,0.0,0.0,0.0,13,995.0,1004.0,23,989.0,974.0,0.0,0.0,0.0,0.0,217
2023-05-10 21:38:44,CF401P16200,CF401P16200,989.0,0.0,0.0,0.0,23,995.0,1004.0,13,989.0,974.0,0.0,0.0,0.0,0.0,217
2023-05-10 21:38:46,CF401P16200,CF401P16200,989.0,0.0,0.0,0.0,13,995.0,1004.0,13,989.0,974.0,0.0,0.0,0.0,0.0,217
2023-05-10 21:39:00,CF401P16200,CF401P16200,989.0,0.0,0.0,0.0,3,995.0,1004.0,13,989.0,974.0,0.0,0.0,0.0,0.0,217
2023-05-10 21:39:00,CF401P16200,CF401P16200,989.0,0.0,0.0,0.0,3,995.0,1004.0,23,989.0,974.0,0.0,0.0,0.0,0.0,217
2023-05-10 21:39:03,CF401P16200,CF401P16200,989.0,0.0,0.0,0.0,3,995.0,1004.0,13,989.0,974.0,0.0,0.0,0.0,0.0,217
2023-05-10 21:39:05,CF401P16200,CF401P16200,989.0,0.0,0.0,0.0,3,995.0,1004.0,23,989.0,974.0,0.0,0.0,0.0,0.0,217
2023-05-10 21:39:06,CF401P16200,CF401P16200,989.0,0.0,0.0,0.0,3,995.0,1003.0,10,989.0,974.0,0.0,0.0,0.0,0.0,217
2023-05-10 21:39:06,CF401P16200,CF401P16200,989.0,0.0,0.0,0.0,3,995.0,1003.0,20,989.0,974.0,0.0,0.0,0.0,0.0,217
2023-05-10 21:39:06,CF401P16200,CF401P16200,989.0,0.0,0.0,0.0,3,995.0,1003.0,30,989.0,974.0,0.0,0.0,0.0,0.0,217
2023-05-10 21:39:24,CF401P16200,CF401P16200,989.0,0.0,0.0,0.0,3,995.0,1003.0,20,989.0,974.0,0.0,0.0,0.0,0.0,217
2023-05-10 21:39:33,CF401P16200,CF401P16200,989.0,0.0,0.0,0.0,10,993.0,1003.0,20,989.0,974.0,0.0,0.0,0.0,0.0,217
2023-05-10 21:39:33,CF401P16200,CF401P16200,989.0,0.0,0.0,0.0,3,991.0,1003.0,20,989.0,974.0,0.0,0.0,0.0,0.0,217
2023-05-10 21:39:42,CF401P16200,CF401P16200,989.0,0.0,0.0,0.0,3,991.0,1003.0,30,989.0,974.0,0.0,0.0,0.0,0.0,217
2023-05-10 21:39:47,CF401P16200,CF401P16200,989.0,0.0,0.0,0.0,3,991.0,1003.0,20,989.0,974.0,0.0,0.0,0.0,0.0,217
2023-05-10 21:39:50,CF401P16200,CF401P16200,989.0,0.0,0.0,0.0,3,991.0,1003.0,30,989.0,974.0,0.0,0.0,0.0,0.0,217
2023-05-10 21:40:05,CF401P16200,CF401P16200,989.0,0.0,0.0,0.0,3,991.0,1001.0,10,989.0,974.0,0.0,0.0,0.0,0.0,217
2023-05-10 21:40:05,CF401P16200,CF401P16200,989.0,0.0,0.0,0.0,3,991.0,1001.0,30,989.0,974.0,0.0,0.0,0.0,0.0,217
2023-05-10 21:40:18,CF401P16200,CF401P16200,989.0,0.0,0.0,0.0,3,991.0,1001.0,40,989.0,974.0,0.0,0.0,0.0,0.0,217
2023-05-10 21:40:19,CF401P16200,CF401P16200,989.0,0.0,0.0,0.0,3,991.0,1001.0,50,989.0,974.0,0.0,0.0,0.0,0.0,217
2023-05-10 21:40:20,CF401P16200,CF401P16200,989.0,0.0,0.0,0.0,3,991.0,996.0,10,989.0,974.0,0.0,0.0,0.0,0.0,217
2023-05-10 21:40:20,CF401P16200,CF401P16200,989.0,0.0,0.0,0.0,3,991.0,997.0,20,989.0,974.0,0.0,0.0,0.0,0.0,217
2023-05-10 21:40:20,CF401P16200,CF401P16200,989.0,0.0,0.0,0.0,3,991.0,997.0,30,989.0,974.0,0.0,0.0,0.0,0.0,217
2023-05-10 21:40:21,CF401P16200,CF401P16200,989.0,0.0,0.0,0.0,3,991.0,997.0,20,989.0,974.0,0.0,0.0,0.0,0.0,217
2023-05-10 21:40:37,CF401P16200,CF401P16200,989.0,0.0,0.0,0.0,3,987.0,997.0,20,989.0,974.0,0.0,0.0,0.0,0.0,217
2023-05-10 21:40:47,CF401P16200,CF401P16200,989.0,0.0,0.0,0.0,13,987.0,997.0,20,989.0,974.0,0.0,0.0,0.0,0.0,217
2023-05-10 21:40:47,CF401P16200,CF401P16200,989.0,0.0,0.0,0.0,23,987.0,999.0,30,989.0,974.0,0.0,0.0,0.0,0.0,217
2023-05-10 21:41:20,CF401P16200,CF401P16200,989.0,0.0,0.0,0.0,13,987.0,998.0,10,989.0,974.0,0.0,0.0,0.0,0.0,217
2023-05-10 21:41:21,CF401P16200,CF401P16200,989.0,0.0,0.0,0.0,13,987.0,998.0,20,989.0,974.0,0.0,0.0,0.0,0.0,217
2023-05-10 21:41:28,CF401P16200,CF401P16200,989.0,0.0,0.0,0.0,23,987.0,998.0,30,989.0,974.0,0.0,0.0,0.0,0.0,217
2023-05-10 21:41:30,CF401P16200,CF401P16200,989.0,0.0,0.0,0.0,13,987.0,998.0,30,989.0,974.0,0.0,0.0,0.0,0.0,217
2023-05-10 21:41:30,CF401P16200,CF401P16200,989.0,0.0,0.0,0.0,23,987.0,998.0,30,989.0,974.0,0.0,0.0,0.0,0.0,217
2023-05-10 21:41:40,CF401P16200,CF401P16200,989.0,0.0,0.0,0.0,13,987.0,998.0,30,989.0,974.0,0.0,0.0,0.0,0.0,217
2023-05-10 21:42:00,CF401P16200,CF401P16200,989.0,0.0,0.0,0.0,13,987.0,998.0,20,989.0,974.0,0.0,0.0,0.0,0.0,217
2023-05-10 21:42:01,CF401P16200,CF401P16200,989.0,0.0,0.0,0.0,23,987.0,998.0,10,989.0,974.0,0.0,0.0,0.0,0.0,217
2023-05-10 21:42:01,CF401P16200,CF401P16200,989.0,0.0,0.0,0.0,23,987.0,1000.0,3,989.0,974.0,0.0,0.0,0.0,0.0,217
2023-05-10 21:42:06,CF401P16200,CF401P16200,989.0,0.0,0.0,0.0,23,987.0,999.0,10,989.0,974.0,0.0,0.0,0.0,0.0,217
2023-05-10 21:42:07,CF401P16200,CF401P16200,989.0,0.0,0.0,0.0,23,987.0,1000.0,3,989.0,974.0,0.0,0.0,0.0,0.0,217
2023-05-10 21:42:09,CF401P16200,CF401P16200,989.0,0.0,0.0,0.0,23,987.0,999.0,10,989.0,974.0,0.0,0.0,0.0,0.0,217
2023-05-10 21:42:09,CF401P16200,CF401P16200,989.0,0.0,0.0,0.0,23,987.0,1000.0,3,989.0,974.0,0.0,0.0,0.0,0.0,217
2023-05-10 21:42:12,CF401P16200,CF401P16200,989.0,0.0,0.0,0.0,23,987.0,999.0,10,989.0,974.0,0.0,0.0,0.0,0.0,217
2023-05-10 21:42:13,CF401P16200,CF401P16200,989.0,0.0,0.0,0.0,23,987.0,1000.0,3,989.0,974.0,0.0,0.0,0.0,0.0,217
2023-05-10 21:42:18,CF401P16200,CF401P16200,989.0,0.0,0.0,0.0,33,987.0,1000.0,3,989.0,974.0,0.0,0.0,0.0,0.0,217
2023-05-10 21:42:23,CF401P16200,CF401P16200,989.0,0.0,0.0,0.0,10,992.0,1000.0,3,989.0,974.0,0.0,0.0,0.0,0.0,217
2023-05-10 21:42:25,CF401P16200,CF401P16200,989.0,0.0,0.0,0.0,10,992.0,1001.0,10,989.0,974.0,0.0,0.0,0.0,0.0,217
2023-05-10 21:42:25,CF401P16200,CF401P16200,989.0,0.0,0.0,0.0,10,992.0,1004.0,33,989.0,974.0,0.0,0.0,0.0,0.0,217
2023-05-10 21:42:26,CF401P16200,CF401P16200,989.0,0.0,0.0,0.0,10,994.0,1004.0,13,989.0,974.0,0.0,0.0,0.0,0.0,217
2023-05-10 21:42:27,CF401P16200,CF401P16200,989.0,0.0,0.0,0.0,20,994.0,1004.0,3,989.0,974.0,0.0,0.0,0.0,0.0,217
2023-05-10 21:42:27,CF401P16200,CF401P16200,989.0,0.0,0.0,0.0,3,995.0,1004.0,3,989.0,974.0,0.0,0.0,0.0,0.0,217
2023-05-10 21:42:32,CF401P16200,CF401P16200,989.0,0.0,0.0,0.0,3,995.0,1004.0,13,989.0,974.0,0.0,0.0,0.0,0.0,217
2023-05-10 21:42:33,CF401P16200,CF401P16200,989.0,0.0,0.0,0.0,3,995.0,1004.0,3,989.0,974.0,0.0,0.0,0.0,0.0,217
2023-05-10 21:42:37,CF401P16200,CF401P16200,989.0,0.0,0.0,0.0,10,997.0,1004.0,3,989.0,974.0,0.0,0.0,0.0,0.0,217
2023-05-10 21:42:38,CF401P16200,CF401P16200,989.0,0.0,0.0,0.0,3,995.0,1004.0,3,989.0,974.0,0.0,0.0,0.0,0.0,217
2023-05-10 21:42:38,CF401P16200,CF401P16200,989.0,0.0,0.0,0.0,10,997.0,1004.0,3,989.0,974.0,0.0,0.0,0.0,0.0,217
2023-05-10 21:42:39,CF401P16200,CF401P16200,989.0,0.0,0.0,0.0,20,997.0,1004.0,3,989.0,974.0,0.0,0.0,0.0,0.0,217
2023-05-10 21:42:40,CF401P16200,CF401P16200,989.0,0.0,0.0,0.0,10,997.0,1004.0,3,989.0,974.0,0.0,0.0,0.0,0.0,217
2023-05-10 21:42:41,CF401P16200,CF401P16200,989.0,0.0,0.0,0.0,20,997.0,1007.0,20,989.0,974.0,0.0,0.0,0.0,0.0,217
2023-05-10 21:42:44,CF401P16200,CF401P16200,989.0,0.0,0.0,0.0,10,997.0,1007.0,10,989.0,974.0,0.0,0.0,0.0,0.0,217
2023-05-10 21:42:45,CF401P16200,CF401P16200,989.0,0.0,0.0,0.0,13,995.0,1007.0,20,989.0,974.0,0.0,0.0,0.0,0.0,217
2023-05-10 21:42:45,CF401P16200,CF401P16200,989.0,0.0,0.0,0.0,10,997.0,1007.0,20,989.0,974.0,0.0,0.0,0.0,0.0,217
2023-05-10 21:42:46,CF401P16200,CF401P16200,989.0,0.0,0.0,0.0,13,995.0,1007.0,30,989.0,974.0,0.0,0.0,0.0,0.0,217
2023-05-10 21:42:46,CF401P16200,CF401P16200,989.0,0.0,0.0,0.0,10,997.0,1007.0,20,989.0,974.0,0.0,0.0,0.0,0.0,217
2023-05-10 21:42:50,CF401P16200,CF401P16200,989.0,0.0,0.0,0.0,10,997.0,1008.0,20,989.0,974.0,0.0,0.0,0.0,0.0,217
2023-05-10 21:42:50,CF401P16200,CF401P16200,989.0,0.0,0.0,0.0,23,995.0,1008.0,10,989.0,974.0,0.0,0.0,0.0,0.0,217
2023-05-10 21:42:51,CF401P16200,CF401P16200,989.0,0.0,0.0,0.0,23,995.0,1008.0,20,989.0,974.0,0.0,0.0,0.0,0.0,217
2023-05-10 21:42:52,CF401P16200,CF401P16200,989.0,0.0,0.0,0.0,13,995.0,1008.0,20,989.0,974.0,0.0,0.0,0.0,0.0,217
2023-05-10 21:42:53,CF401P16200,CF401P16200,989.0,0.0,0.0,0.0,23,995.0,1008.0,20,989.0,974.0,0.0,0.0,0.0,0.0,217
2023-05-10 21:42:55,CF401P16200,CF401P16200,989.0,0.0,0.0,0.0,10,997.0,1008.0,20,989.0,974.0,0.0,0.0,0.0,0.0,217
2023-05-10 21:42:55,CF401P16200,CF401P16200,989.0,0.0,0.0,0.0,10,997.0,1008.0,10,989.0,974.0,0.0,0.0,0.0,0.0,217
2023-05-10 21:42:56,CF401P16200,CF401P16200,989.0,0.0,0.0,0.0,10,996.0,1008.0,10,989.0,974.0,0.0,0.0,0.0,0.0,217
2023-05-10 21:42:57,CF401P16200,CF401P16200,989.0,0.0,0.0,0.0,10,997.0,1009.0,33,989.0,974.0,0.0,0.0,0.0,0.0,217
2023-05-10 21:42:58,CF401P16200,CF401P16200,989.0,0.0,0.0,0.0,10,996.0,1009.0,33,989.0,974.0,0.0,0.0,0.0,0.0,217
2023-05-10 21:42:58,CF401P16200,CF401P16200,989.0,0.0,0.0,0.0,10,996.0,1007.0,10,989.0,974.0,0.0,0.0,0.0,0.0,217
2023-05-10 21:42:59,CF401P16200,CF401P16200,989.0,0.0,0.0,0.0,3,995.0,1007.0,30,989.0,974.0,0.0,0.0,0.0,0.0,217
2023-05-10 21:42:59,CF401P16200,CF401P16200,989.0,0.0,0.0,0.0,3,995.0,1007.0,20,989.0,974.0,0.0,0.0,0.0,0.0,217
2023-05-10 21:43:02,CF401P16200,CF401P16200,989.0,0.0,0.0,0.0,3,995.0,1007.0,10,989.0,974.0,0.0,0.0,0.0,0.0,217
2023-05-10 21:43:03,CF401P16200,CF401P16200,989.0,0.0,0.0,0.0,3,995.0,1007.0,20,989.0,974.0,0.0,0.0,0.0,0.0,217
2023-05-10 21:43:05,CF401P16200,CF401P16200,989.0,0.0,0.0,0.0,10,997.0,1007.0,10,989.0,974.0,0.0,0.0,0.0,0.0,217
2023-05-10 21:43:05,CF401P16200,CF401P16200,989.0,0.0,0.0,0.0,3,995.0,1007.0,10,989.0,974.0,0.0,0.0,0.0,0.0,217
2023-05-10 21:43:08,CF401P16200,CF401P16200,989.0,0.0,0.0,0.0,10,997.0,1007.0,10,989.0,974.0,0.0,0.0,0.0,0.0,217
2023-05-10 21:43:10,CF401P16200,CF401P16200,989.0,0.0,0.0,0.0,10,997.0,1009.0,43,989.0,974.0,0.0,0.0,0.0,0.0,217
2023-05-10 21:43:10,CF401P16200,CF401P16200,989.0,0.0,0.0,0.0,13,995.0,1009.0,43,989.0,974.0,0.0,0.0,0.0,0.0,217
2023-05-10 21:43:11,CF401P16200,CF401P16200,989.0,0.0,0.0,0.0,3,995.0,1009.0,43,989.0,974.0,0.0,0.0,0.0,0.0,217
2023-05-10 21:43:18,CF401P16200,CF401P16200,989.0,0.0,0.0,0.0,13,995.0,1009.0,33,989.0,974.0,0.0,0.0,0.0,0.0,217
2023-05-10 21:43:22,CF401P16200,CF401P16200,989.0,0.0,0.0,0.0,10,997.0,1009.0,33,989.0,974.0,0.0,0.0,0.0,0.0,217
2023-05-10 21:43:23,CF401P16200,CF401P16200,989.0,0.0,0.0,0.0,20,997.0,1009.0,33,989.0,974.0,0.0,0.0,0.0,0.0,217
2023-05-10 21:43:24,CF401P16200,CF401P16200,989.0,0.0,0.0,0.0,10,1000.0,1009.0,33,989.0,974.0,0.0,0.0,0.0,0.0,217
2023-05-10 21:43:25,CF401P16200,CF401P16200,989.0,0.0,0.0,0.0,20,1000.0,1009.0,23,989.0,974.0,0.0,0.0,0.0,0.0,217
2023-05-10 21:43:25,CF401P16200,CF401P16200,989.0,0.0,0.0,0.0,20,1000.0,1009.0,13,989.0,974.0,0.0,0.0,0.0,0.0,217
2023-05-10 21:43:26,CF401P16200,CF401P16200,989.0,0.0,0.0,0.0,3,999.0,1009.0,13,989.0,974.0,0.0,0.0,0.0,0.0,217
2023-05-10 21:43:31,CF401P16200,CF401P16200,989.0,0.0,0.0,0.0,3,999.0,1007.0,10,989.0,974.0,0.0,0.0,0.0,0.0,217
2023-05-10 21:43:39,CF401P16200,CF401P16200,989.0,0.0,0.0,0.0,3,999.0,1008.0,10,989.0,974.0,0.0,0.0,0.0,0.0,217
2023-05-10 21:43:40,CF401P16200,CF401P16200,989.0,0.0,0.0,0.0,3,999.0,1009.0,23,989.0,974.0,0.0,0.0,0.0,0.0,217
2023-05-10 21:43:42,CF401P16200,CF401P16200,989.0,0.0,0.0,0.0,3,999.0,1007.0,10,989.0,974.0,0.0,0.0,0.0,0.0,217
2023-05-10 21:43:43,CF401P16200,CF401P16200,989.0,0.0,0.0,0.0,3,999.0,1009.0,23,989.0,974.0,0.0,0.0,0.0,0.0,217
2023-05-10 21:43:43,CF401P16200,CF401P16200,989.0,0.0,0.0,0.0,3,999.0,1008.0,10,989.0,974.0,0.0,0.0,0.0,0.0,217
2023-05-10 21:43:44,CF401P16200,CF401P16200,989.0,0.0,0.0,0.0,3,999.0,1009.0,23,989.0,974.0,0.0,0.0,0.0,0.0,217
2023-05-10 21:44:02,CF401P16200,CF401P16200,989.0,0.0,0.0,0.0,10,996.0,1007.0,30,989.0,974.0,0.0,0.0,0.0,0.0,217
2023-05-10 21:44:03,CF401P16200,CF401P16200,989.0,0.0,0.0,0.0,3,995.0,1007.0,40,989.0,974.0,0.0,0.0,0.0,0.0,217
2023-05-10 21:44:04,CF401P16200,CF401P16200,989.0,0.0,0.0,0.0,13,995.0,1007.0,40,989.0,974.0,0.0,0.0,0.0,0.0,217
2023-05-10 21:44:04,CF401P16200,CF401P16200,989.0,0.0,0.0,0.0,3,995.0,1005.0,10,989.0,974.0,0.0,0.0,0.0,0.0,217
2023-05-10 21:44:05,CF401P16200,CF401P16200,989.0,0.0,0.0,0.0,3,995.0,1005.0,20,989.0,974.0,0.0,0.0,0.0,0.0,217
2023-05-10 21:44:06,CF401P16200,CF401P16200,989.0,0.0,0.0,0.0,3,995.0,1005.0,30,989.0,974.0,0.0,0.0,0.0,0.0,217
2023-05-10 21:44:14,CF401P16200,CF401P16200,989.0,0.0,0.0,0.0,10,992.0,1002.0,10,989.0,974.0,0.0,0.0,0.0,0.0,217
2023-05-10 21:44:15,CF401P16200,CF401P16200,989.0,0.0,0.0,0.0,3,991.0,1002.0,10,989.0,974.0,0.0,0.0,0.0,0.0,217
2023-05-10 21:44:16,CF401P16200,CF401P16200,989.0,0.0,0.0,0.0,3,991.0,1002.0,13,989.0,974.0,0.0,0.0,0.0,0.0,217
2023-05-10 21:44:17,CF401P16200,CF401P16200,989.0,0.0,0.0,0.0,3,991.0,1002.0,23,989.0,974.0,0.0,0.0,0.0,0.0,217
2023-05-10 21:44:21,CF401P16200,CF401P16200,989.0,0.0,0.0,0.0,10,992.0,1002.0,13,989.0,974.0,0.0,0.0,0.0,0.0,217
2023-05-10 21:44:23,CF401P16200,CF401P16200,989.0,0.0,0.0,0.0,3,991.0,1002.0,3,989.0,974.0,0.0,0.0,0.0,0.0,217
2023-05-10 21:44:32,CF401P16200,CF401P16200,989.0,0.0,0.0,0.0,3,991.0,1001.0,10,989.0,974.0,0.0,0.0,0.0,0.0,217
2023-05-10 21:44:47,CF401P16200,CF401P16200,989.0,0.0,0.0,0.0,3,991.0,998.0,10,989.0,974.0,0.0,0.0,0.0,0.0,217
2023-05-10 21:44:48,CF401P16200,CF401P16200,989.0,0.0,0.0,0.0,3,991.0,1000.0,10,989.0,974.0,0.0,0.0,0.0,0.0,217
2023-05-10 21:44:59,CF401P16200,CF401P16200,989.0,0.0,0.0,0.0,3,991.0,1001.0,20,989.0,974.0,0.0,0.0,0.0,0.0,217
2023-05-10 21:45:12,CF401P16200,CF401P16200,989.0,0.0,0.0,0.0,3,991.0,1001.0,30,989.0,974.0,0.0,0.0,0.0,0.0,217
2023-05-10 21:45:14,CF401P16200,CF401P16200,989.0,0.0,0.0,0.0,3,991.0,998.0,10,989.0,974.0,0.0,0.0,0.0,0.0,217
2023-05-10 21:45:15,CF401P16200,CF401P16200,989.0,0.0,0.0,0.0,3,987.0,998.0,20,989.0,974.0,0.0,0.0,0.0,0.0,217
2023-05-10 21:45:16,CF401P16200,CF401P16200,989.0,0.0,0.0,0.0,3,987.0,998.0,23,989.0,974.0,0.0,0.0,0.0,0.0,217
2023-05-10 21:45:17,CF401P16200,CF401P16200,989.0,0.0,0.0,0.0,3,987.0,998.0,33,989.0,974.0,0.0,0.0,0.0,0.0,217
2023-05-10 21:45:26,CF401P16200,CF401P16200,989.0,0.0,0.0,0.0,3,987.0,998.0,23,989.0,974.0,0.0,0.0,0.0,0.0,217
2023-05-10 21:45:26,CF401P16200,CF401P16200,989.0,0.0,0.0,0.0,3,987.0,998.0,33,989.0,974.0,0.0,0.0,0.0,0.0,217
2023-05-10 21:45:28,CF401P16200,CF401P16200,989.0,0.0,0.0,0.0,3,987.0,998.0,23,989.0,974.0,0.0,0.0,0.0,0.0,217
2023-05-10 21:45:29,CF401P16200,CF401P16200,989.0,0.0,0.0,0.0,3,987.0,998.0,13,989.0,974.0,0.0,0.0,0.0,0.0,217
2023-05-10 21:45:33,CF401P16200,CF401P16200,989.0,0.0,0.0,0.0,10,988.0,998.0,3,989.0,974.0,0.0,0.0,0.0,0.0,217
2023-05-10 21:45:55,CF401P16200,CF401P16200,989.0,0.0,0.0,0.0,20,988.0,998.0,3,989.0,974.0,0.0,0.0,0.0,0.0,217
2023-05-10 21:45:56,CF401P16200,CF401P16200,989.0,0.0,0.0,0.0,10,989.0,998.0,3,989.0,974.0,0.0,0.0,0.0,0.0,217
2023-05-10 21:46:00,CF401P16200,CF401P16200,989.0,0.0,0.0,0.0,20,988.0,998.0,3,989.0,974.0,0.0,0.0,0.0,0.0,217
2023-05-10 21:46:16,CF401P16200,CF401P16200,989.0,0.0,0.0,0.0,3,991.0,1001.0,20,989.0,974.0,0.0,0.0,0.0,0.0,217
2023-05-10 21:46:16,CF401P16200,CF401P16200,989.0,0.0,0.0,0.0,3,991.0,1002.0,3,989.0,974.0,0.0,0.0,0.0,0.0,217
2023-05-10 21:46:17,CF401P16200,CF401P16200,989.0,0.0,0.0,0.0,10,993.0,1002.0,3,989.0,974.0,0.0,0.0,0.0,0.0,217
2023-05-10 21:46:18,CF401P16200,CF401P16200,989.0,0.0,0.0,0.0,13,991.0,1002.0,3,989.0,974.0,0.0,0.0,0.0,0.0,217
2023-05-10 21:46:18,CF401P16200,CF401P16200,989.0,0.0,0.0,0.0,10,993.0,1002.0,3,989.0,974.0,0.0,0.0,0.0,0.0,217
2023-05-10 21:46:19,CF401P16200,CF401P16200,989.0,0.0,0.0,0.0,13,991.0,1002.0,3,989.0,974.0,0.0,0.0,0.0,0.0,217
2023-05-10 21:46:19,CF401P16200,CF401P16200,989.0,0.0,0.0,0.0,10,993.0,1002.0,3,989.0,974.0,0.0,0.0,0.0,0.0,217
2023-05-10 21:46:40,CF401P16200,CF401P16200,989.0,0.0,0.0,0.0,10,992.0,1002.0,3,989.0,974.0,0.0,0.0,0.0,0.0,217
2023-05-10 21:46:40,CF401P16200,CF401P16200,989.0,0.0,0.0,0.0,10,993.0,1002.0,3,989.0,974.0,0.0,0.0,0.0,0.0,217
2023-05-10 21:46:41,CF401P16200,CF401P16200,989.0,0.0,0.0,0.0,10,992.0,1002.0,3,989.0,974.0,0.0,0.0,0.0,0.0,217
2023-05-10 21:46:42,CF401P16200,CF401P16200,989.0,0.0,0.0,0.0,13,991.0,1002.0,3,989.0,974.0,0.0,0.0,0.0,0.0,217
2023-05-10 21:46:44,CF401P16200,CF401P16200,989.0,0.0,0.0,0.0,3,991.0,1002.0,3,989.0,974.0,0.0,0.0,0.0,0.0,217
2023-05-10 21:46:53,CF401P16200,CF401P16200,989.0,0.0,0.0,0.0,10,993.0,1002.0,3,989.0,974.0,0.0,0.0,0.0,0.0,217
2023-05-10 21:46:56,CF401P16200,CF401P16200,989.0,0.0,0.0,0.0,20,993.0,1002.0,3,989.0,974.0,0.0,0.0,0.0,0.0,217
2023-05-10 21:46:56,CF401P16200,CF401P16200,989.0,0.0,0.0,0.0,3,991.0,1002.0,3,989.0,974.0,0.0,0.0,0.0,0.0,217
2023-05-10 21:46:57,CF401P16200,CF401P16200,989.0,0.0,0.0,0.0,13,991.0,1002.0,3,989.0,974.0,0.0,0.0,0.0,0.0,217
2023-05-10 21:46:57,CF401P16200,CF401P16200,989.0,0.0,0.0,0.0,3,991.0,1002.0,3,989.0,974.0,0.0,0.0,0.0,0.0,217
2023-05-10 21:46:59,CF401P16200,CF401P16200,989.0,0.0,0.0,0.0,10,993.0,1002.0,3,989.0,974.0,0.0,0.0,0.0,0.0,217
2023-05-10 21:47:10,CF401P16200,CF401P16200,989.0,0.0,0.0,0.0,3,991.0,1002.0,3,989.0,974.0,0.0,0.0,0.0,0.0,217
2023-05-10 21:47:23,CF401P16200,CF401P16200,989.0,0.0,0.0,0.0,10,993.0,1002.0,3,989.0,974.0,0.0,0.0,0.0,0.0,217
2023-05-10 21:47:37,CF401P16200,CF401P16200,989.0,0.0,0.0,0.0,20,992.0,1002.0,3,989.0,974.0,0.0,0.0,0.0,0.0,217
2023-05-10 21:47:38,CF401P16200,CF401P16200,989.0,0.0,0.0,0.0,10,992.0,1002.0,3,989.0,974.0,0.0,0.0,0.0,0.0,217
2023-05-10 21:47:39,CF401P16200,CF401P16200,989.0,0.0,0.0,0.0,23,991.0,1002.0,3,989.0,974.0,0.0,0.0,0.0,0.0,217
2023-05-10 21:47:40,CF401P16200,CF401P16200,989.0,0.0,0.0,0.0,13,991.0,1002.0,3,989.0,974.0,0.0,0.0,0.0,0.0,217
2023-05-10 21:47:41,CF401P16200,CF401P16200,989.0,0.0,0.0,0.0,10,993.0,1002.0,3,989.0,974.0,0.0,0.0,0.0,0.0,217
2023-05-10 21:47:42,CF401P16200,CF401P16200,989.0,0.0,0.0,0.0,10,992.0,1002.0,3,989.0,974.0,0.0,0.0,0.0,0.0,217
2023-05-10 21:47:43,CF401P16200,CF401P16200,989.0,0.0,0.0,0.0,10,993.0,1002.0,3,989.0,974.0,0.0,0.0,0.0,0.0,217
2023-05-10 21:47:44,CF401P16200,CF401P16200,989.0,0.0,0.0,0.0,13,991.0,1002.0,3,989.0,974.0,0.0,0.0,0.0,0.0,217
2023-05-10 21:47:44,CF401P16200,CF401P16200,989.0,0.0,0.0,0.0,10,993.0,1002.0,3,989.0,974.0,0.0,0.0,0.0,0.0,217
2023-05-10 21:47:45,CF401P16200,CF401P16200,989.0,0.0,0.0,0.0,13,991.0,1002.0,3,989.0,974.0,0.0,0.0,0.0,0.0,217
2023-05-10 21:47:45,CF401P16200,CF401P16200,989.0,0.0,0.0,0.0,10,992.0,1002.0,3,989.0,974.0,0.0,0.0,0.0,0.0,217
2023-05-10 21:47:46,CF401P16200,CF401P16200,989.0,0.0,0.0,0.0,13,991.0,1002.0,3,989.0,974.0,0.0,0.0,0.0,0.0,217
2023-05-10 21:48:03,CF401P16200,CF401P16200,989.0,0.0,0.0,0.0,10,993.0,1002.0,3,989.0,974.0,0.0,0.0,0.0,0.0,217
2023-05-10 21:48:06,CF401P16200,CF401P16200,989.0,0.0,0.0,0.0,20,992.0,1002.0,3,989.0,974.0,0.0,0.0,0.0,0.0,217
2023-05-10 21:48:06,CF401P16200,CF401P16200,989.0,0.0,0.0,0.0,3,991.0,1002.0,3,989.0,974.0,0.0,0.0,0.0,0.0,217
2023-05-10 21:48:35,CF401P16200,CF401P16200,989.0,0.0,0.0,0.0,10,993.0,1002.0,3,989.0,974.0,0.0,0.0,0.0,0.0,217
2023-05-10 21:48:36,CF401P16200,CF401P16200,989.0,0.0,0.0,0.0,3,991.0,1002.0,3,989.0,974.0,0.0,0.0,0.0,0.0,217
2023-05-10 21:48:39,CF401P16200,CF401P16200,989.0,0.0,0.0,0.0,20,993.0,1002.0,3,989.0,974.0,0.0,0.0,0.0,0.0,217
2023-05-10 21:48:42,CF401P16200,CF401P16200,989.0,0.0,0.0,0.0,10,993.0,1004.0,10,989.0,974.0,0.0,0.0,0.0,0.0,217
2023-05-10 21:49:02,CF401P16200,CF401P16200,989.0,0.0,0.0,0.0,10,993.0,1005.0,20,989.0,974.0,0.0,0.0,0.0,0.0,217
2023-05-10 21:49:03,CF401P16200,CF401P16200,989.0,0.0,0.0,0.0,10,993.0,1005.0,30,989.0,974.0,0.0,0.0,0.0,0.0,217
2023-05-10 21:49:09,CF401P16200,CF401P16200,989.0,0.0,0.0,0.0,20,993.0,1005.0,20,989.0,974.0,0.0,0.0,0.0,0.0,217
2023-05-10 21:49:09,CF401P16200,CF401P16200,989.0,0.0,0.0,0.0,10,993.0,1005.0,20,989.0,974.0,0.0,0.0,0.0,0.0,217
2023-05-10 21:49:12,CF401P16200,CF401P16200,989.0,0.0,0.0,0.0,10,993.0,1005.0,30,989.0,974.0,0.0,0.0,0.0,0.0,217
2023-05-10 21:49:15,CF401P16200,CF401P16200,989.0,0.0,0.0,0.0,10,992.0,1005.0,30,989.0,974.0,0.0,0.0,0.0,0.0,217
2023-05-10 21:49:15,CF401P16200,CF401P16200,989.0,0.0,0.0,0.0,10,992.0,1005.0,40,989.0,974.0,0.0,0.0,0.0,0.0,217
2023-05-10 21:49:18,CF401P16200,CF401P16200,989.0,0.0,0.0,0.0,13,991.0,1002.0,10,989.0,974.0,0.0,0.0,0.0,0.0,217
2023-05-10 21:49:24,CF401P16200,CF401P16200,989.0,0.0,0.0,0.0,3,991.0,1002.0,20,989.0,974.0,0.0,0.0,0.0,0.0,217
2023-05-10 21:49:31,CF401P16200,CF401P16200,989.0,0.0,0.0,0.0,3,991.0,1002.0,10,989.0,974.0,0.0,0.0,0.0,0.0,217
2023-05-10 21:49:46,CF401P16200,CF401P16200,989.0,0.0,0.0,0.0,3,991.0,1002.0,30,989.0,974.0,0.0,0.0,0.0,0.0,217
2023-05-10 21:49:46,CF401P16200,CF401P16200,989.0,0.0,0.0,0.0,3,991.0,1002.0,40,989.0,974.0,0.0,0.0,0.0,0.0,217
2023-05-10 21:49:47,CF401P16200,CF401P16200,989.0,0.0,0.0,0.0,3,991.0,1002.0,30,989.0,974.0,0.0,0.0,0.0,0.0,217
2023-05-10 21:50:04,CF401P16200,CF401P16200,989.0,0.0,0.0,0.0,3,991.0,1002.0,40,989.0,974.0,0.0,0.0,0.0,0.0,217
2023-05-10 21:50:05,CF401P16200,CF401P16200,989.0,0.0,0.0,0.0,3,991.0,1000.0,3,989.0,974.0,0.0,0.0,0.0,0.0,217
2023-05-10 21:50:06,CF401P16200,CF401P16200,989.0,0.0,0.0,0.0,3,991.0,1000.0,13,989.0,974.0,0.0,0.0,0.0,0.0,217
2023-05-10 21:50:06,CF401P16200,CF401P16200,989.0,0.0,0.0,0.0,3,991.0,1000.0,23,989.0,974.0,0.0,0.0,0.0,0.0,217
2023-05-10 21:50:07,CF401P16200,CF401P16200,989.0,0.0,0.0,0.0,3,991.0,1000.0,13,989.0,974.0,0.0,0.0,0.0,0.0,217
2023-05-10 21:50:08,CF401P16200,CF401P16200,989.0,0.0,0.0,0.0,3,991.0,1000.0,23,989.0,974.0,0.0,0.0,0.0,0.0,217
2023-05-10 21:50:09,CF401P16200,CF401P16200,989.0,0.0,0.0,0.0,3,991.0,1000.0,13,989.0,974.0,0.0,0.0,0.0,0.0,217
2023-05-10 21:50:11,CF401P16200,CF401P16200,989.0,0.0,0.0,0.0,3,991.0,1000.0,23,989.0,974.0,0.0,0.0,0.0,0.0,217
2023-05-10 21:50:18,CF401P16200,CF401P16200,989.0,0.0,0.0,0.0,3,991.0,997.0,10,989.0,974.0,0.0,0.0,0.0,0.0,217
2023-05-10 21:50:20,CF401P16200,CF401P16200,989.0,0.0,0.0,0.0,20,988.0,997.0,10,989.0,974.0,0.0,0.0,0.0,0.0,217
2023-05-10 21:50:21,CF401P16200,CF401P16200,989.0,0.0,0.0,0.0,10,989.0,997.0,10,989.0,974.0,0.0,0.0,0.0,0.0,217
2023-05-10 21:50:22,CF401P16200,CF401P16200,989.0,0.0,0.0,0.0,10,988.0,997.0,10,989.0,974.0,0.0,0.0,0.0,0.0,217
2023-05-10 21:50:26,CF401P16200,CF401P16200,989.0,0.0,0.0,0.0,23,987.0,997.0,10,989.0,974.0,0.0,0.0,0.0,0.0,217
2023-05-10 21:50:52,CF401P16200,CF401P16200,989.0,0.0,0.0,0.0,13,987.0,997.0,10,989.0,974.0,0.0,0.0,0.0,0.0,217
2023-05-10 21:50:53,CF401P16200,CF401P16200,989.0,0.0,0.0,0.0,23,987.0,997.0,10,989.0,974.0,0.0,0.0,0.0,0.0,217
2023-05-10 21:50:57,CF401P16200,CF401P16200,989.0,0.0,0.0,0.0,13,987.0,997.0,10,989.0,974.0,0.0,0.0,0.0,0.0,217
2023-05-10 21:50:58,CF401P16200,CF401P16200,989.0,0.0,0.0,0.0,23,987.0,997.0,10,989.0,974.0,0.0,0.0,0.0,0.0,217
2023-05-10 21:50:58,CF401P16200,CF401P16200,989.0,0.0,0.0,0.0,13,987.0,997.0,10,989.0,974.0,0.0,0.0,0.0,0.0,217
2023-05-10 21:51:00,CF401P16200,CF401P16200,989.0,0.0,0.0,0.0,23,987.0,997.0,10,989.0,974.0,0.0,0.0,0.0,0.0,217
2023-05-10 21:51:01,CF401P16200,CF401P16200,989.0,0.0,0.0,0.0,13,987.0,997.0,10,989.0,974.0,0.0,0.0,0.0,0.0,217
2023-05-10 21:51:18,CF401P16200,CF401P16200,989.0,0.0,0.0,0.0,3,987.0,997.0,30,989.0,974.0,0.0,0.0,0.0,0.0,217
2023-05-10 21:51:19,CF401P16200,CF401P16200,989.0,0.0,0.0,0.0,3,987.0,997.0,20,989.0,974.0,0.0,0.0,0.0,0.0,217
2023-05-10 21:51:21,CF401P16200,CF401P16200,989.0,0.0,0.0,0.0,3,987.0,997.0,30,989.0,974.0,0.0,0.0,0.0,0.0,217
2023-05-10 21:51:22,CF401P16200,CF401P16200,989.0,0.0,0.0,0.0,3,987.0,996.0,20,989.0,974.0,0.0,0.0,0.0,0.0,217
2023-05-10 21:51:23,CF401P16200,CF401P16200,989.0,0.0,0.0,0.0,3,987.0,996.0,10,989.0,974.0,0.0,0.0,0.0,0.0,217
2023-05-10 21:51:27,CF401P16200,CF401P16200,989.0,0.0,0.0,0.0,3,987.0,997.0,33,989.0,974.0,0.0,0.0,0.0,0.0,217
2023-05-10 21:51:28,CF401P16200,CF401P16200,989.0,0.0,0.0,0.0,3,987.0,994.0,30,989.0,974.0,0.0,0.0,0.0,0.0,217
2023-05-10 21:51:30,CF401P16200,CF401P16200,989.0,0.0,0.0,0.0,10,984.0,994.0,30,989.0,974.0,0.0,0.0,0.0,0.0,217
2023-05-10 21:51:30,CF401P16200,CF401P16200,989.0,0.0,0.0,0.0,10,983.0,994.0,30,989.0,974.0,0.0,0.0,0.0,0.0,217
2023-05-10 21:51:32,CF401P16200,CF401P16200,989.0,0.0,0.0,0.0,20,983.0,994.0,30,989.0,974.0,0.0,0.0,0.0,0.0,217
2023-05-10 21:51:33,CF401P16200,CF401P16200,989.0,0.0,0.0,0.0,10,983.0,994.0,30,989.0,974.0,0.0,0.0,0.0,0.0,217
2023-05-10 21:51:38,CF401P16200,CF401P16200,989.0,0.0,0.0,0.0,10,982.0,994.0,30,989.0,974.0,0.0,0.0,0.0,0.0,217
2023-05-10 21:51:39,CF401P16200,CF401P16200,989.0,0.0,0.0,0.0,33,981.0,994.0,30,989.0,974.0,0.0,0.0,0.0,0.0,217
2023-05-10 21:51:40,CF401P16200,CF401P16200,989.0,0.0,0.0,0.0,23,981.0,994.0,30,989.0,974.0,0.0,0.0,0.0,0.0,217
2023-05-10 21:51:42,CF401P16200,CF401P16200,989.0,0.0,0.0,0.0,23,981.0,994.0,40,989.0,974.0,0.0,0.0,0.0,0.0,217
2023-05-10 21:51:43,CF401P16200,CF401P16200,989.0,0.0,0.0,0.0,13,981.0,991.0,10,989.0,974.0,0.0,0.0,0.0,0.0,217
2023-05-10 21:51:44,CF401P16200,CF401P16200,989.0,0.0,0.0,0.0,13,981.0,993.0,13,989.0,974.0,0.0,0.0,0.0,0.0,217
2023-05-10 21:51:45,CF401P16200,CF401P16200,989.0,0.0,0.0,0.0,23,981.0,993.0,3,989.0,974.0,0.0,0.0,0.0,0.0,217
2023-05-10 21:51:45,CF401P16200,CF401P16200,989.0,0.0,0.0,0.0,13,981.0,993.0,3,989.0,974.0,0.0,0.0,0.0,0.0,217
2023-05-10 21:51:47,CF401P16200,CF401P16200,989.0,0.0,0.0,0.0,13,981.0,993.0,13,989.0,974.0,0.0,0.0,0.0,0.0,217
2023-05-10 21:51:47,CF401P16200,CF401P16200,989.0,0.0,0.0,0.0,3,981.0,993.0,13,989.0,974.0,0.0,0.0,0.0,0.0,217
2023-05-10 21:51:53,CF401P16200,CF401P16200,989.0,0.0,0.0,0.0,3,981.0,993.0,23,989.0,974.0,0.0,0.0,0.0,0.0,217
2023-05-10 21:51:54,CF401P16200,CF401P16200,989.0,0.0,0.0,0.0,10,982.0,993.0,23,989.0,974.0,0.0,0.0,0.0,0.0,217
2023-05-10 21:51:56,CF401P16200,CF401P16200,989.0,0.0,0.0,0.0,3,981.0,993.0,13,989.0,974.0,0.0,0.0,0.0,0.0,217
2023-05-10 21:51:57,CF401P16200,CF401P16200,989.0,0.0,0.0,0.0,3,981.0,993.0,23,989.0,974.0,0.0,0.0,0.0,0.0,217
2023-05-10 21:51:58,CF401P16200,CF401P16200,989.0,0.0,0.0,0.0,10,982.0,993.0,23,989.0,974.0,0.0,0.0,0.0,0.0,217
2023-05-10 21:51:58,CF401P16200,CF401P16200,989.0,0.0,0.0,0.0,20,982.0,993.0,23,989.0,974.0,0.0,0.0,0.0,0.0,217
2023-05-10 21:52:00,CF401P16200,CF401P16200,989.0,0.0,0.0,0.0,10,982.0,993.0,23,989.0,974.0,0.0,0.0,0.0,0.0,217
2023-05-10 21:52:01,CF401P16200,CF401P16200,989.0,0.0,0.0,0.0,20,982.0,993.0,13,989.0,974.0,0.0,0.0,0.0,0.0,217
2023-05-10 21:52:01,CF401P16200,CF401P16200,989.0,0.0,0.0,0.0,20,982.0,993.0,23,989.0,974.0,0.0,0.0,0.0,0.0,217
2023-05-10 21:52:09,CF401P16200,CF401P16200,989.0,0.0,0.0,0.0,10,982.0,993.0,13,989.0,974.0,0.0,0.0,0.0,0.0,217
2023-05-10 21:52:10,CF401P16200,CF401P16200,989.0,0.0,0.0,0.0,23,981.0,993.0,13,989.0,974.0,0.0,0.0,0.0,0.0,217
2023-05-10 21:52:15,CF401P16200,CF401P16200,989.0,0.0,0.0,0.0,10,982.0,993.0,13,989.0,974.0,0.0,0.0,0.0,0.0,217
2023-05-10 21:52:16,CF401P16200,CF401P16200,989.0,0.0,0.0,0.0,23,981.0,993.0,13,989.0,974.0,0.0,0.0,0.0,0.0,217
2023-05-10 21:52:17,CF401P16200,CF401P16200,989.0,0.0,0.0,0.0,10,982.0,993.0,13,989.0,974.0,0.0,0.0,0.0,0.0,217
2023-05-10 21:52:20,CF401P16200,CF401P16200,989.0,0.0,0.0,0.0,23,981.0,993.0,13,989.0,974.0,0.0,0.0,0.0,0.0,217
2023-05-10 21:52:21,CF401P16200,CF401P16200,989.0,0.0,0.0,0.0,10,982.0,993.0,13,989.0,974.0,0.0,0.0,0.0,0.0,217
2023-05-10 21:52:37,CF401P16200,CF401P16200,989.0,0.0,0.0,0.0,10,982.0,993.0,3,989.0,974.0,0.0,0.0,0.0,0.0,217
2023-05-10 21:52:40,CF401P16200,CF401P16200,989.0,0.0,0.0,0.0,20,982.0,993.0,3,989.0,974.0,0.0,0.0,0.0,0.0,217
2023-05-10 21:52:40,CF401P16200,CF401P16200,989.0,0.0,0.0,0.0,10,982.0,993.0,3,989.0,974.0,0.0,0.0,0.0,0.0,217
2023-05-10 21:52:41,CF401P16200,CF401P16200,989.0,0.0,0.0,0.0,10,984.0,993.0,3,989.0,974.0,0.0,0.0,0.0,0.0,217
2023-05-10 21:52:44,CF401P16200,CF401P16200,989.0,0.0,0.0,0.0,20,984.0,993.0,3,989.0,974.0,0.0,0.0,0.0,0.0,217
2023-05-10 21:52:45,CF401P16200,CF401P16200,989.0,0.0,0.0,0.0,10,984.0,993.0,3,989.0,974.0,0.0,0.0,0.0,0.0,217
2023-05-10 21:52:45,CF401P16200,CF401P16200,989.0,0.0,0.0,0.0,30,982.0,993.0,3,989.0,974.0,0.0,0.0,0.0,0.0,217
2023-05-10 21:52:46,CF401P16200,CF401P16200,989.0,0.0,0.0,0.0,20,982.0,993.0,3,989.0,974.0,0.0,0.0,0.0,0.0,217
2023-05-10 21:52:48,CF401P16200,CF401P16200,989.0,0.0,0.0,0.0,10,982.0,993.0,3,989.0,974.0,0.0,0.0,0.0,0.0,217
2023-05-10 21:52:49,CF401P16200,CF401P16200,989.0,0.0,0.0,0.0,20,982.0,993.0,3,989.0,974.0,0.0,0.0,0.0,0.0,217
2023-05-10 21:52:50,CF401P16200,CF401P16200,989.0,0.0,0.0,0.0,10,984.0,993.0,3,989.0,974.0,0.0,0.0,0.0,0.0,217
2023-05-10 21:52:52,CF401P16200,CF401P16200,989.0,0.0,0.0,0.0,3,985.0,997.0,23,989.0,974.0,0.0,0.0,0.0,0.0,217
2023-05-10 21:53:00,CF401P16200,CF401P16200,989.0,0.0,0.0,0.0,3,985.0,994.0,10,989.0,974.0,0.0,0.0,0.0,0.0,217
2023-05-10 21:53:03,CF401P16200,CF401P16200,989.0,0.0,0.0,0.0,3,985.0,995.0,20,989.0,974.0,0.0,0.0,0.0,0.0,217
2023-05-10 21:53:28,CF401P16200,CF401P16200,989.0,0.0,0.0,0.0,3,985.0,992.0,10,989.0,974.0,0.0,0.0,0.0,0.0,217
2023-05-10 21:53:29,CF401P16200,CF401P16200,989.0,0.0,0.0,0.0,3,985.0,992.0,20,989.0,974.0,0.0,0.0,0.0,0.0,217
2023-05-10 21:53:38,CF401P16200,CF401P16200,989.0,0.0,0.0,0.0,3,985.0,992.0,10,989.0,974.0,0.0,0.0,0.0,0.0,217
2023-05-10 21:53:40,CF401P16200,CF401P16200,989.0,0.0,0.0,0.0,3,985.0,993.0,3,989.0,974.0,0.0,0.0,0.0,0.0,217
2023-05-10 21:54:25,CF401P16200,CF401P16200,989.0,0.0,0.0,0.0,13,985.0,993.0,3,989.0,974.0,0.0,0.0,0.0,0.0,217
2023-05-10 21:54:33,CF401P16200,CF401P16200,989.0,0.0,0.0,0.0,3,985.0,993.0,3,989.0,974.0,0.0,0.0,0.0,0.0,217
2023-05-10 21:54:34,CF401P16200,CF401P16200,989.0,0.0,0.0,0.0,23,985.0,993.0,3,989.0,974.0,0.0,0.0,0.0,0.0,217
2023-05-10 21:54:34,CF401P16200,CF401P16200,989.0,0.0,0.0,0.0,13,985.0,993.0,3,989.0,974.0,0.0,0.0,0.0,0.0,217
2023-05-10 21:54:37,CF401P16200,CF401P16200,989.0,0.0,0.0,0.0,3,985.0,993.0,3,989.0,974.0,0.0,0.0,0.0,0.0,217
2023-05-10 21:54:38,CF401P16200,CF401P16200,989.0,0.0,0.0,0.0,13,985.0,993.0,3,989.0,974.0,0.0,0.0,0.0,0.0,217
2023-05-10 21:54:46,CF401P16200,CF401P16200,989.0,0.0,0.0,0.0,3,985.0,993.0,3,989.0,974.0,0.0,0.0,0.0,0.0,217
2023-05-10 21:55:11,CF401P16200,CF401P16200,989.0,0.0,0.0,0.0,3,985.0,992.0,10,989.0,974.0,0.0,0.0,0.0,0.0,217
2023-05-10 21:55:13,CF401P16200,CF401P16200,989.0,0.0,0.0,0.0,10,983.0,992.0,20,989.0,974.0,0.0,0.0,0.0,0.0,217
2023-05-10 21:55:14,CF401P16200,CF401P16200,989.0,0.0,0.0,0.0,3,981.0,992.0,30,989.0,974.0,0.0,0.0,0.0,0.0,217
2023-05-10 21:55:14,CF401P16200,CF401P16200,989.0,0.0,0.0,0.0,3,981.0,991.0,10,989.0,974.0,0.0,0.0,0.0,0.0,217
2023-05-10 21:55:23,CF401P16200,CF401P16200,989.0,0.0,0.0,0.0,3,981.0,991.0,30,989.0,974.0,0.0,0.0,0.0,0.0,217
2023-05-10 21:55:35,CF401P16200,CF401P16200,989.0,0.0,0.0,0.0,3,981.0,987.0,10,989.0,974.0,0.0,0.0,0.0,0.0,217
2023-05-10 21:55:36,CF401P16200,CF401P16200,989.0,0.0,0.0,0.0,3,981.0,988.0,20,989.0,974.0,0.0,0.0,0.0,0.0,217
2023-05-10 21:55:37,CF401P16200,CF401P16200,989.0,0.0,0.0,0.0,3,981.0,987.0,10,989.0,974.0,0.0,0.0,0.0,0.0,217
