time,symbol_id,symbol_name,last,trade_volume,trade_amount,open_interest_change,bv1,bp1,ap1,av1,yesterday_close,today_open,today_high,today_low,volume,amount,open_interest
2023-05-11 08:58:52,jd2401,jd2401,4059.0,0.0,0.0,0.0,3,4060.0,4068.0,11,4059.0,4068.0,0.0,0.0,0.0,0.0,10423
2023-05-11 09:00:00,jd2401,jd2401,4068.0,2.0,81360.0,0.0,3,4061.0,4067.0,3,4059.0,4068.0,4068.0,4068.0,2.0,81360.0,10423
2023-05-11 09:00:01,jd2401,jd2401,4060.0,5.0,203040.0,-2.0,2,4060.0,4067.0,3,4059.0,4068.0,4068.0,4060.0,7.0,284400.0,10421
2023-05-11 09:00:02,jd2401,jd2401,4067.0,2.0,81340.0,0.0,2,4061.0,4066.0,2,4059.0,4068.0,4068.0,4060.0,9.0,365740.0,10421
2023-05-11 09:00:02,jd2401,jd2401,4065.0,1.0,40650.0,0.0,8,4061.0,4065.0,1,4059.0,4068.0,4068.0,4060.0,10.0,406390.0,10421
2023-05-11 09:00:03,jd2401,jd2401,4065.0,0.0,0.0,0.0,1,4062.0,4067.0,3,4059.0,4068.0,4068.0,4060.0,10.0,406390.0,10421
2023-05-11 09:00:03,jd2401,jd2401,4065.0,0.0,0.0,0.0,3,4062.0,4067.0,3,4059.0,4068.0,4068.0,4060.0,10.0,406390.0,10421
2023-05-11 09:00:04,jd2401,jd2401,4062.0,3.0,121870.0,-3.0,1,4062.0,4067.0,4,4059.0,4068.0,4068.0,4060.0,13.0,528260.0,10418
2023-05-11 09:00:04,jd2401,jd2401,4062.0,0.0,0.0,0.0,1,4062.0,4067.0,3,4059.0,4068.0,4068.0,4060.0,13.0,528260.0,10418
2023-05-11 09:00:05,jd2401,jd2401,4062.0,1.0,40620.0,0.0,6,4061.0,4067.0,3,4059.0,4068.0,4068.0,4060.0,14.0,568880.0,10418
2023-05-11 09:00:07,jd2401,jd2401,4062.0,1.0,40620.0,0.0,7,4061.0,4067.0,3,4059.0,4068.0,4068.0,4060.0,15.0,609500.0,10418
2023-05-11 09:00:07,jd2401,jd2401,4062.0,0.0,0.0,0.0,6,4061.0,4067.0,3,4059.0,4068.0,4068.0,4060.0,15.0,609500.0,10418
2023-05-11 09:00:08,jd2401,jd2401,4067.0,7.0,284690.0,-3.0,3,4067.0,4068.0,9,4059.0,4068.0,4068.0,4060.0,22.0,894190.0,10415
2023-05-11 09:00:09,jd2401,jd2401,4067.0,0.0,0.0,0.0,3,4067.0,4068.0,18,4059.0,4068.0,4068.0,4060.0,22.0,894190.0,10415
2023-05-11 09:00:11,jd2401,jd2401,4067.0,0.0,0.0,0.0,3,4067.0,4068.0,19,4059.0,4068.0,4068.0,4060.0,22.0,894190.0,10415
2023-05-11 09:00:16,jd2401,jd2401,4067.0,3.0,122010.0,-3.0,6,4061.0,4068.0,10,4059.0,4068.0,4068.0,4060.0,25.0,1016200.0,10412
2023-05-11 09:00:16,jd2401,jd2401,4067.0,0.0,0.0,0.0,5,4062.0,4068.0,10,4059.0,4068.0,4068.0,4060.0,25.0,1016200.0,10412
2023-05-11 09:00:17,jd2401,jd2401,4067.0,0.0,0.0,0.0,3,4062.0,4068.0,10,4059.0,4068.0,4068.0,4060.0,25.0,1016200.0,10412
2023-05-11 09:00:17,jd2401,jd2401,4068.0,1.0,40680.0,1.0,3,4062.0,4068.0,9,4059.0,4068.0,4068.0,4060.0,26.0,1056880.0,10413
2023-05-11 09:00:18,jd2401,jd2401,4068.0,0.0,0.0,0.0,5,4062.0,4068.0,9,4059.0,4068.0,4068.0,4060.0,26.0,1056880.0,10413
2023-05-11 09:00:19,jd2401,jd2401,4068.0,0.0,0.0,0.0,5,4062.0,4068.0,10,4059.0,4068.0,4068.0,4060.0,26.0,1056880.0,10413
2023-05-11 09:00:20,jd2401,jd2401,4062.0,9.0,365580.0,-6.0,9,4061.0,4067.0,3,4059.0,4068.0,4068.0,4060.0,35.0,1422460.0,10407
2023-05-11 09:00:21,jd2401,jd2401,4062.0,0.0,0.0,0.0,6,4061.0,4067.0,3,4059.0,4068.0,4068.0,4060.0,35.0,1422460.0,10407
2023-05-11 09:00:21,jd2401,jd2401,4062.0,0.0,0.0,0.0,6,4061.0,4067.0,4,4059.0,4068.0,4068.0,4060.0,35.0,1422460.0,10407
2023-05-11 09:00:22,jd2401,jd2401,4062.0,0.0,0.0,0.0,6,4061.0,4067.0,5,4059.0,4068.0,4068.0,4060.0,35.0,1422460.0,10407
2023-05-11 09:00:22,jd2401,jd2401,4062.0,0.0,0.0,0.0,2,4060.0,4067.0,5,4059.0,4068.0,4068.0,4060.0,35.0,1422460.0,10407
2023-05-11 09:00:22,jd2401,jd2401,4062.0,0.0,0.0,0.0,5,4060.0,4067.0,4,4059.0,4068.0,4068.0,4060.0,35.0,1422460.0,10407
2023-05-11 09:00:23,jd2401,jd2401,4062.0,0.0,0.0,0.0,2,4060.0,4067.0,5,4059.0,4068.0,4068.0,4060.0,35.0,1422460.0,10407
2023-05-11 09:00:24,jd2401,jd2401,4062.0,0.0,0.0,0.0,5,4060.0,4067.0,4,4059.0,4068.0,4068.0,4060.0,35.0,1422460.0,10407
2023-05-11 09:00:24,jd2401,jd2401,4062.0,0.0,0.0,0.0,2,4060.0,4067.0,4,4059.0,4068.0,4068.0,4060.0,35.0,1422460.0,10407
2023-05-11 09:00:25,jd2401,jd2401,4062.0,0.0,0.0,0.0,2,4060.0,4067.0,5,4059.0,4068.0,4068.0,4060.0,35.0,1422460.0,10407
2023-05-11 09:00:27,jd2401,jd2401,4062.0,0.0,0.0,0.0,4,4061.0,4067.0,5,4059.0,4068.0,4068.0,4060.0,35.0,1422460.0,10407
2023-05-11 09:00:28,jd2401,jd2401,4060.0,3.0,121820.0,0.0,4,4060.0,4067.0,5,4059.0,4068.0,4068.0,4060.0,38.0,1544280.0,10407
2023-05-11 09:00:29,jd2401,jd2401,4060.0,0.0,0.0,0.0,1,4060.0,4067.0,7,4059.0,4068.0,4068.0,4060.0,38.0,1544280.0,10407
2023-05-11 09:00:30,jd2401,jd2401,4060.0,0.0,0.0,0.0,1,4060.0,4067.0,8,4059.0,4068.0,4068.0,4060.0,38.0,1544280.0,10407
2023-05-11 09:00:31,jd2401,jd2401,4060.0,0.0,0.0,0.0,6,4061.0,4067.0,8,4059.0,4068.0,4068.0,4060.0,38.0,1544280.0,10407
2023-05-11 09:00:37,jd2401,jd2401,4061.0,1.0,40610.0,-1.0,6,4061.0,4067.0,8,4059.0,4068.0,4068.0,4060.0,39.0,1584890.0,10406
2023-05-11 09:00:39,jd2401,jd2401,4061.0,1.0,40610.0,0.0,6,4061.0,4067.0,8,4059.0,4068.0,4068.0,4060.0,40.0,1625500.0,10406
2023-05-11 09:00:40,jd2401,jd2401,4061.0,3.0,121830.0,-3.0,6,4061.0,4067.0,8,4059.0,4068.0,4068.0,4060.0,43.0,1747330.0,10403
2023-05-11 09:00:43,jd2401,jd2401,4061.0,0.0,0.0,0.0,6,4061.0,4065.0,3,4059.0,4068.0,4068.0,4060.0,43.0,1747330.0,10403
2023-05-11 09:00:49,jd2401,jd2401,4065.0,1.0,40650.0,0.0,6,4061.0,4065.0,2,4059.0,4068.0,4068.0,4060.0,44.0,1787980.0,10403
2023-05-11 09:00:51,jd2401,jd2401,4065.0,0.0,0.0,0.0,6,4061.0,4065.0,3,4059.0,4068.0,4068.0,4060.0,44.0,1787980.0,10403
2023-05-11 09:00:52,jd2401,jd2401,4061.0,3.0,121830.0,-3.0,3,4061.0,4065.0,3,4059.0,4068.0,4068.0,4060.0,47.0,1909810.0,10400
2023-05-11 09:00:52,jd2401,jd2401,4061.0,0.0,0.0,0.0,1,4060.0,4064.0,1,4059.0,4068.0,4068.0,4060.0,47.0,1909810.0,10400
2023-05-11 09:00:53,jd2401,jd2401,4061.0,0.0,0.0,0.0,1,4060.0,4063.0,2,4059.0,4068.0,4068.0,4060.0,47.0,1909810.0,10400
2023-05-11 09:00:57,jd2401,jd2401,4061.0,0.0,0.0,0.0,1,4060.0,4063.0,3,4059.0,4068.0,4068.0,4060.0,47.0,1909810.0,10400
2023-05-11 09:00:59,jd2401,jd2401,4061.0,0.0,0.0,0.0,2,4060.0,4063.0,3,4059.0,4068.0,4068.0,4060.0,47.0,1909810.0,10400
2023-05-11 09:01:00,jd2401,jd2401,4061.0,0.0,0.0,0.0,2,4060.0,4062.0,3,4059.0,4068.0,4068.0,4060.0,47.0,1909810.0,10400
2023-05-11 09:01:01,jd2401,jd2401,4061.0,0.0,0.0,0.0,1,4060.0,4062.0,3,4059.0,4068.0,4068.0,4060.0,47.0,1909810.0,10400
2023-05-11 09:01:02,jd2401,jd2401,4061.0,1.0,40610.0,0.0,4,4060.0,4062.0,3,4059.0,4068.0,4068.0,4060.0,48.0,1950420.0,10400
2023-05-11 09:01:04,jd2401,jd2401,4060.0,3.0,121800.0,-2.0,4,4051.0,4062.0,3,4059.0,4068.0,4068.0,4060.0,51.0,2072220.0,10398
2023-05-11 09:01:04,jd2401,jd2401,4060.0,0.0,0.0,0.0,1,4053.0,4061.0,3,4059.0,4068.0,4068.0,4060.0,51.0,2072220.0,10398
2023-05-11 09:01:05,jd2401,jd2401,4060.0,0.0,0.0,0.0,1,4055.0,4061.0,3,4059.0,4068.0,4068.0,4060.0,51.0,2072220.0,10398
2023-05-11 09:01:05,jd2401,jd2401,4060.0,0.0,0.0,0.0,2,4056.0,4061.0,3,4059.0,4068.0,4068.0,4060.0,51.0,2072220.0,10398
2023-05-11 09:01:06,jd2401,jd2401,4060.0,0.0,0.0,0.0,4,4060.0,4061.0,3,4059.0,4068.0,4068.0,4060.0,51.0,2072220.0,10398
2023-05-11 09:01:06,jd2401,jd2401,4060.0,0.0,0.0,0.0,4,4060.0,4061.0,2,4059.0,4068.0,4068.0,4060.0,51.0,2072220.0,10398
2023-05-11 09:01:07,jd2401,jd2401,4060.0,0.0,0.0,0.0,5,4060.0,4061.0,2,4059.0,4068.0,4068.0,4060.0,51.0,2072220.0,10398
2023-05-11 09:01:07,jd2401,jd2401,4060.0,0.0,0.0,0.0,5,4060.0,4061.0,1,4059.0,4068.0,4068.0,4060.0,51.0,2072220.0,10398
2023-05-11 09:01:08,jd2401,jd2401,4061.0,1.0,40610.0,-1.0,5,4061.0,4062.0,3,4059.0,4068.0,4068.0,4060.0,52.0,2112830.0,10397
2023-05-11 09:01:10,jd2401,jd2401,4062.0,3.0,121860.0,-3.0,1,4061.0,4063.0,8,4059.0,4068.0,4068.0,4060.0,55.0,2234690.0,10394
2023-05-11 09:01:10,jd2401,jd2401,4062.0,0.0,0.0,0.0,1,4062.0,4063.0,8,4059.0,4068.0,4068.0,4060.0,55.0,2234690.0,10394
2023-05-11 09:01:12,jd2401,jd2401,4062.0,0.0,0.0,0.0,2,4062.0,4063.0,8,4059.0,4068.0,4068.0,4060.0,55.0,2234690.0,10394
2023-05-11 09:01:13,jd2401,jd2401,4062.0,0.0,0.0,0.0,1,4062.0,4063.0,8,4059.0,4068.0,4068.0,4060.0,55.0,2234690.0,10394
2023-05-11 09:01:14,jd2401,jd2401,4062.0,0.0,0.0,0.0,2,4062.0,4063.0,8,4059.0,4068.0,4068.0,4060.0,55.0,2234690.0,10394
2023-05-11 09:01:14,jd2401,jd2401,4062.0,1.0,40620.0,1.0,1,4061.0,4063.0,7,4059.0,4068.0,4068.0,4060.0,56.0,2275310.0,10395
2023-05-11 09:01:16,jd2401,jd2401,4061.0,4.0,162470.0,-1.0,5,4061.0,4063.0,6,4059.0,4068.0,4068.0,4060.0,60.0,2437780.0,10394
2023-05-11 09:01:20,jd2401,jd2401,4061.0,0.0,0.0,0.0,1,4061.0,4063.0,6,4059.0,4068.0,4068.0,4060.0,60.0,2437780.0,10394
2023-05-11 09:01:21,jd2401,jd2401,4061.0,0.0,0.0,0.0,5,4061.0,4063.0,6,4059.0,4068.0,4068.0,4060.0,60.0,2437780.0,10394
2023-05-11 09:01:23,jd2401,jd2401,4061.0,0.0,0.0,0.0,1,4061.0,4063.0,6,4059.0,4068.0,4068.0,4060.0,60.0,2437780.0,10394
2023-05-11 09:01:26,jd2401,jd2401,4061.0,0.0,0.0,0.0,5,4061.0,4063.0,6,4059.0,4068.0,4068.0,4060.0,60.0,2437780.0,10394
2023-05-11 09:01:27,jd2401,jd2401,4063.0,3.0,121890.0,-3.0,2,4061.0,4063.0,3,4059.0,4068.0,4068.0,4060.0,63.0,2559670.0,10391
2023-05-11 09:01:27,jd2401,jd2401,4063.0,0.0,0.0,0.0,1,4061.0,4063.0,3,4059.0,4068.0,4068.0,4060.0,63.0,2559670.0,10391
2023-05-11 09:01:28,jd2401,jd2401,4063.0,0.0,0.0,0.0,2,4061.0,4063.0,3,4059.0,4068.0,4068.0,4060.0,63.0,2559670.0,10391
2023-05-11 09:01:29,jd2401,jd2401,4063.0,0.0,0.0,0.0,1,4061.0,4063.0,3,4059.0,4068.0,4068.0,4060.0,63.0,2559670.0,10391
2023-05-11 09:01:36,jd2401,jd2401,4063.0,0.0,0.0,0.0,4,4060.0,4063.0,3,4059.0,4068.0,4068.0,4060.0,63.0,2559670.0,10391
2023-05-11 09:01:37,jd2401,jd2401,4063.0,0.0,0.0,0.0,4,4060.0,4062.0,1,4059.0,4068.0,4068.0,4060.0,63.0,2559670.0,10391
2023-05-11 09:01:38,jd2401,jd2401,4063.0,0.0,0.0,0.0,4,4060.0,4062.0,2,4059.0,4068.0,4068.0,4060.0,63.0,2559670.0,10391
2023-05-11 09:01:50,jd2401,jd2401,4063.0,0.0,0.0,0.0,5,4060.0,4062.0,2,4059.0,4068.0,4068.0,4060.0,63.0,2559670.0,10391
2023-05-11 09:01:53,jd2401,jd2401,4062.0,2.0,81240.0,0.0,8,4062.0,4063.0,3,4059.0,4068.0,4068.0,4060.0,65.0,2640910.0,10391
2023-05-11 09:01:56,jd2401,jd2401,4062.0,0.0,0.0,0.0,8,4062.0,4063.0,4,4059.0,4068.0,4068.0,4060.0,65.0,2640910.0,10391
2023-05-11 09:02:03,jd2401,jd2401,4063.0,1.0,40630.0,0.0,8,4062.0,4063.0,3,4059.0,4068.0,4068.0,4060.0,66.0,2681540.0,10391
2023-05-11 09:02:03,jd2401,jd2401,4063.0,3.0,121890.0,0.0,9,4062.0,4065.0,1,4059.0,4068.0,4068.0,4060.0,69.0,2803430.0,10391
2023-05-11 09:02:25,jd2401,jd2401,4065.0,1.0,40650.0,0.0,2,4065.0,4066.0,1,4059.0,4068.0,4068.0,4060.0,70.0,2844080.0,10391
2023-05-11 09:02:26,jd2401,jd2401,4065.0,2.0,81300.0,-2.0,1,4063.0,4066.0,1,4059.0,4068.0,4068.0,4060.0,72.0,2925380.0,10389
2023-05-11 09:02:37,jd2401,jd2401,4065.0,0.0,0.0,0.0,1,4063.0,4066.0,2,4059.0,4068.0,4068.0,4060.0,72.0,2925380.0,10389
2023-05-11 09:02:39,jd2401,jd2401,4065.0,0.0,0.0,0.0,1,4063.0,4066.0,3,4059.0,4068.0,4068.0,4060.0,72.0,2925380.0,10389
2023-05-11 09:02:39,jd2401,jd2401,4066.0,1.0,40660.0,1.0,1,4063.0,4066.0,2,4059.0,4068.0,4068.0,4060.0,73.0,2966040.0,10390
2023-05-11 09:02:41,jd2401,jd2401,4066.0,0.0,0.0,0.0,1,4063.0,4065.0,1,4059.0,4068.0,4068.0,4060.0,73.0,2966040.0,10390
2023-05-11 09:02:42,jd2401,jd2401,4066.0,0.0,0.0,0.0,6,4061.0,4065.0,1,4059.0,4068.0,4068.0,4060.0,73.0,2966040.0,10390
2023-05-11 09:02:44,jd2401,jd2401,4066.0,0.0,0.0,0.0,6,4061.0,4065.0,3,4059.0,4068.0,4068.0,4060.0,73.0,2966040.0,10390
2023-05-11 09:02:48,jd2401,jd2401,4066.0,0.0,0.0,0.0,6,4061.0,4065.0,2,4059.0,4068.0,4068.0,4060.0,73.0,2966040.0,10390
2023-05-11 09:02:48,jd2401,jd2401,4066.0,0.0,0.0,0.0,6,4061.0,4065.0,1,4059.0,4068.0,4068.0,4060.0,73.0,2966040.0,10390
2023-05-11 09:02:49,jd2401,jd2401,4066.0,0.0,0.0,0.0,1,4062.0,4065.0,1,4059.0,4068.0,4068.0,4060.0,73.0,2966040.0,10390
2023-05-11 09:02:49,jd2401,jd2401,4066.0,0.0,0.0,0.0,2,4062.0,4065.0,1,4059.0,4068.0,4068.0,4060.0,73.0,2966040.0,10390
2023-05-11 09:02:53,jd2401,jd2401,4066.0,0.0,0.0,0.0,3,4062.0,4065.0,1,4059.0,4068.0,4068.0,4060.0,73.0,2966040.0,10390
2023-05-11 09:03:05,jd2401,jd2401,4066.0,0.0,0.0,0.0,3,4062.0,4065.0,2,4059.0,4068.0,4068.0,4060.0,73.0,2966040.0,10390
2023-05-11 09:03:07,jd2401,jd2401,4065.0,1.0,40650.0,1.0,3,4062.0,4065.0,1,4059.0,4068.0,4068.0,4060.0,74.0,3006690.0,10391
2023-05-11 09:03:13,jd2401,jd2401,4065.0,0.0,0.0,0.0,3,4062.0,4065.0,3,4059.0,4068.0,4068.0,4060.0,74.0,3006690.0,10391
2023-05-11 09:03:14,jd2401,jd2401,4065.0,0.0,0.0,0.0,1,4063.0,4065.0,1,4059.0,4068.0,4068.0,4060.0,74.0,3006690.0,10391
2023-05-11 09:03:14,jd2401,jd2401,4065.0,0.0,0.0,0.0,1,4063.0,4065.0,3,4059.0,4068.0,4068.0,4060.0,74.0,3006690.0,10391
2023-05-11 09:03:15,jd2401,jd2401,4063.0,1.0,40630.0,-1.0,2,4062.0,4065.0,3,4059.0,4068.0,4068.0,4060.0,75.0,3047320.0,10390
2023-05-11 09:03:15,jd2401,jd2401,4063.0,0.0,0.0,0.0,3,4062.0,4065.0,3,4059.0,4068.0,4068.0,4060.0,75.0,3047320.0,10390
2023-05-11 09:03:19,jd2401,jd2401,4063.0,0.0,0.0,0.0,3,4062.0,4065.0,1,4059.0,4068.0,4068.0,4060.0,75.0,3047320.0,10390
2023-05-11 09:03:25,jd2401,jd2401,4063.0,0.0,0.0,0.0,3,4062.0,4065.0,2,4059.0,4068.0,4068.0,4060.0,75.0,3047320.0,10390
2023-05-11 09:03:27,jd2401,jd2401,4063.0,0.0,0.0,0.0,3,4062.0,4065.0,4,4059.0,4068.0,4068.0,4060.0,75.0,3047320.0,10390
2023-05-11 09:03:29,jd2401,jd2401,4062.0,1.0,40620.0,0.0,2,4062.0,4065.0,4,4059.0,4068.0,4068.0,4060.0,76.0,3087940.0,10390
2023-05-11 09:03:30,jd2401,jd2401,4062.0,0.0,0.0,0.0,2,4062.0,4065.0,2,4059.0,4068.0,4068.0,4060.0,76.0,3087940.0,10390
2023-05-11 09:03:31,jd2401,jd2401,4062.0,0.0,0.0,0.0,2,4062.0,4065.0,3,4059.0,4068.0,4068.0,4060.0,76.0,3087940.0,10390
2023-05-11 09:03:31,jd2401,jd2401,4062.0,0.0,0.0,0.0,2,4062.0,4065.0,4,4059.0,4068.0,4068.0,4060.0,76.0,3087940.0,10390
2023-05-11 09:03:32,jd2401,jd2401,4062.0,0.0,0.0,0.0,2,4062.0,4065.0,5,4059.0,4068.0,4068.0,4060.0,76.0,3087940.0,10390
2023-05-11 09:03:32,jd2401,jd2401,4062.0,0.0,0.0,0.0,2,4062.0,4065.0,4,4059.0,4068.0,4068.0,4060.0,76.0,3087940.0,10390
2023-05-11 09:03:32,jd2401,jd2401,4062.0,0.0,0.0,0.0,2,4062.0,4065.0,5,4059.0,4068.0,4068.0,4060.0,76.0,3087940.0,10390
2023-05-11 09:03:34,jd2401,jd2401,4062.0,0.0,0.0,0.0,2,4062.0,4065.0,3,4059.0,4068.0,4068.0,4060.0,76.0,3087940.0,10390
2023-05-11 09:03:34,jd2401,jd2401,4062.0,0.0,0.0,0.0,2,4062.0,4065.0,4,4059.0,4068.0,4068.0,4060.0,76.0,3087940.0,10390
2023-05-11 09:03:35,jd2401,jd2401,4062.0,0.0,0.0,0.0,2,4062.0,4065.0,5,4059.0,4068.0,4068.0,4060.0,76.0,3087940.0,10390
2023-05-11 09:03:37,jd2401,jd2401,4062.0,0.0,0.0,0.0,2,4062.0,4065.0,3,4059.0,4068.0,4068.0,4060.0,76.0,3087940.0,10390
2023-05-11 09:03:38,jd2401,jd2401,4062.0,0.0,0.0,0.0,2,4062.0,4065.0,5,4059.0,4068.0,4068.0,4060.0,76.0,3087940.0,10390
2023-05-11 09:03:42,jd2401,jd2401,4062.0,2.0,81240.0,1.0,5,4060.0,4062.0,3,4059.0,4068.0,4068.0,4060.0,78.0,3169180.0,10391
2023-05-11 09:03:51,jd2401,jd2401,4062.0,3.0,121860.0,3.0,1,4062.0,4065.0,3,4059.0,4068.0,4068.0,4060.0,81.0,3291040.0,10394
2023-05-11 09:03:51,jd2401,jd2401,4062.0,0.0,0.0,0.0,1,4062.0,4064.0,3,4059.0,4068.0,4068.0,4060.0,81.0,3291040.0,10394
2023-05-11 09:03:56,jd2401,jd2401,4064.0,1.0,40640.0,1.0,1,4062.0,4065.0,3,4059.0,4068.0,4068.0,4060.0,82.0,3331680.0,10395
2023-05-11 09:03:58,jd2401,jd2401,4064.0,0.0,0.0,0.0,1,4062.0,4065.0,5,4059.0,4068.0,4068.0,4060.0,82.0,3331680.0,10395
2023-05-11 09:03:59,jd2401,jd2401,4064.0,0.0,0.0,0.0,1,4062.0,4064.0,1,4059.0,4068.0,4068.0,4060.0,82.0,3331680.0,10395
2023-05-11 09:04:01,jd2401,jd2401,4064.0,0.0,0.0,0.0,1,4062.0,4064.0,3,4059.0,4068.0,4068.0,4060.0,82.0,3331680.0,10395
2023-05-11 09:04:04,jd2401,jd2401,4064.0,0.0,0.0,0.0,1,4062.0,4064.0,1,4059.0,4068.0,4068.0,4060.0,82.0,3331680.0,10395
2023-05-11 09:04:06,jd2401,jd2401,4062.0,1.0,40620.0,1.0,1,4060.0,4064.0,1,4059.0,4068.0,4068.0,4060.0,83.0,3372300.0,10396
2023-05-11 09:04:08,jd2401,jd2401,4062.0,0.0,0.0,0.0,1,4060.0,4063.0,5,4059.0,4068.0,4068.0,4060.0,83.0,3372300.0,10396
2023-05-11 09:04:11,jd2401,jd2401,4060.0,1.0,40600.0,1.0,5,4055.0,4063.0,6,4059.0,4068.0,4068.0,4060.0,84.0,3412900.0,10397
2023-05-11 09:04:12,jd2401,jd2401,4060.0,0.0,0.0,0.0,6,4055.0,4063.0,6,4059.0,4068.0,4068.0,4060.0,84.0,3412900.0,10397
2023-05-11 09:04:21,jd2401,jd2401,4055.0,6.0,243300.0,0.0,2,4051.0,4055.0,1,4059.0,4068.0,4068.0,4055.0,90.0,3656200.0,10397
2023-05-11 09:04:21,jd2401,jd2401,4051.0,5.0,202620.0,-5.0,1,4051.0,4055.0,1,4059.0,4068.0,4068.0,4051.0,95.0,3858820.0,10392
2023-05-11 09:04:22,jd2401,jd2401,4055.0,1.0,40550.0,0.0,1,4054.0,4064.0,8,4059.0,4068.0,4068.0,4051.0,96.0,3899370.0,10392
2023-05-11 09:04:22,jd2401,jd2401,4055.0,0.0,0.0,0.0,1,4054.0,4063.0,6,4059.0,4068.0,4068.0,4051.0,96.0,3899370.0,10392
2023-05-11 09:04:23,jd2401,jd2401,4055.0,0.0,0.0,0.0,1,4054.0,4063.0,9,4059.0,4068.0,4068.0,4051.0,96.0,3899370.0,10392
2023-05-11 09:04:23,jd2401,jd2401,4055.0,0.0,0.0,0.0,1,4054.0,4063.0,6,4059.0,4068.0,4068.0,4051.0,96.0,3899370.0,10392
2023-05-11 09:04:35,jd2401,jd2401,4055.0,0.0,0.0,0.0,1,4054.0,4055.0,1,4059.0,4068.0,4068.0,4051.0,96.0,3899370.0,10392
2023-05-11 09:04:36,jd2401,jd2401,4055.0,0.0,0.0,0.0,6,4054.0,4055.0,1,4059.0,4068.0,4068.0,4051.0,96.0,3899370.0,10392
2023-05-11 09:04:37,jd2401,jd2401,4055.0,0.0,0.0,0.0,1,4054.0,4055.0,1,4059.0,4068.0,4068.0,4051.0,96.0,3899370.0,10392
2023-05-11 09:04:49,jd2401,jd2401,4055.0,1.0,40550.0,1.0,1,4054.0,4062.0,1,4059.0,4068.0,4068.0,4051.0,97.0,3939920.0,10393
2023-05-11 09:04:49,jd2401,jd2401,4055.0,0.0,0.0,0.0,1,4054.0,4060.0,1,4059.0,4068.0,4068.0,4051.0,97.0,3939920.0,10393
2023-05-11 09:04:50,jd2401,jd2401,4055.0,0.0,0.0,0.0,1,4054.0,4058.0,1,4059.0,4068.0,4068.0,4051.0,97.0,3939920.0,10393
2023-05-11 09:04:50,jd2401,jd2401,4055.0,0.0,0.0,0.0,1,4054.0,4057.0,6,4059.0,4068.0,4068.0,4051.0,97.0,3939920.0,10393
2023-05-11 09:04:51,jd2401,jd2401,4055.0,0.0,0.0,0.0,2,4054.0,4057.0,6,4059.0,4068.0,4068.0,4051.0,97.0,3939920.0,10393
2023-05-11 09:05:14,jd2401,jd2401,4055.0,0.0,0.0,0.0,1,4054.0,4056.0,2,4059.0,4068.0,4068.0,4051.0,97.0,3939920.0,10393
2023-05-11 09:05:15,jd2401,jd2401,4055.0,0.0,0.0,0.0,1,4054.0,4055.0,5,4059.0,4068.0,4068.0,4051.0,97.0,3939920.0,10393
2023-05-11 09:05:24,jd2401,jd2401,4055.0,0.0,0.0,0.0,2,4054.0,4055.0,5,4059.0,4068.0,4068.0,4051.0,97.0,3939920.0,10393
2023-05-11 09:05:31,jd2401,jd2401,4055.0,1.0,40550.0,1.0,2,4054.0,4055.0,4,4059.0,4068.0,4068.0,4051.0,98.0,3980470.0,10394
2023-05-11 09:05:34,jd2401,jd2401,4055.0,1.0,40550.0,1.0,2,4054.0,4055.0,2,4059.0,4068.0,4068.0,4051.0,99.0,4021020.0,10395
2023-05-11 09:05:34,jd2401,jd2401,4055.0,0.0,0.0,0.0,2,4055.0,4061.0,9,4059.0,4068.0,4068.0,4051.0,99.0,4021020.0,10395
2023-05-11 09:05:35,jd2401,jd2401,4055.0,0.0,0.0,0.0,2,4055.0,4059.0,4,4059.0,4068.0,4068.0,4051.0,99.0,4021020.0,10395
2023-05-11 09:05:35,jd2401,jd2401,4055.0,0.0,0.0,0.0,1,4054.0,4057.0,2,4059.0,4068.0,4068.0,4051.0,99.0,4021020.0,10395
2023-05-11 09:05:36,jd2401,jd2401,4055.0,0.0,0.0,0.0,2,4054.0,4057.0,3,4059.0,4068.0,4068.0,4051.0,99.0,4021020.0,10395
2023-05-11 09:05:42,jd2401,jd2401,4054.0,1.0,40540.0,0.0,1,4054.0,4057.0,3,4059.0,4068.0,4068.0,4051.0,100.0,4061560.0,10395
2023-05-11 09:05:46,jd2401,jd2401,4054.0,0.0,0.0,0.0,1,4054.0,4057.0,4,4059.0,4068.0,4068.0,4051.0,100.0,4061560.0,10395
2023-05-11 09:05:50,jd2401,jd2401,4054.0,0.0,0.0,0.0,1,4055.0,4057.0,4,4059.0,4068.0,4068.0,4051.0,100.0,4061560.0,10395
2023-05-11 09:05:52,jd2401,jd2401,4054.0,0.0,0.0,0.0,1,4055.0,4057.0,3,4059.0,4068.0,4068.0,4051.0,100.0,4061560.0,10395
2023-05-11 09:05:53,jd2401,jd2401,4054.0,0.0,0.0,0.0,1,4056.0,4057.0,3,4059.0,4068.0,4068.0,4051.0,100.0,4061560.0,10395
2023-05-11 09:05:55,jd2401,jd2401,4057.0,2.0,81130.0,0.0,1,4055.0,4057.0,1,4059.0,4068.0,4068.0,4051.0,102.0,4142690.0,10395
2023-05-11 09:05:57,jd2401,jd2401,4055.0,1.0,40550.0,1.0,1,4053.0,4057.0,1,4059.0,4068.0,4068.0,4051.0,103.0,4183240.0,10396
2023-05-11 09:05:57,jd2401,jd2401,4055.0,0.0,0.0,0.0,1,4053.0,4062.0,1,4059.0,4068.0,4068.0,4051.0,103.0,4183240.0,10396
2023-05-11 09:05:58,jd2401,jd2401,4055.0,0.0,0.0,0.0,3,4054.0,4060.0,1,4059.0,4068.0,4068.0,4051.0,103.0,4183240.0,10396
2023-05-11 09:05:58,jd2401,jd2401,4055.0,0.0,0.0,0.0,3,4054.0,4058.0,1,4059.0,4068.0,4068.0,4051.0,103.0,4183240.0,10396
2023-05-11 09:05:59,jd2401,jd2401,4055.0,0.0,0.0,0.0,1,4055.0,4057.0,2,4059.0,4068.0,4068.0,4051.0,103.0,4183240.0,10396
2023-05-11 09:06:08,jd2401,jd2401,4055.0,0.0,0.0,0.0,3,4055.0,4057.0,2,4059.0,4068.0,4068.0,4051.0,103.0,4183240.0,10396
2023-05-11 09:06:15,jd2401,jd2401,4055.0,0.0,0.0,0.0,1,4056.0,4057.0,2,4059.0,4068.0,4068.0,4051.0,103.0,4183240.0,10396
2023-05-11 09:06:16,jd2401,jd2401,4055.0,0.0,0.0,0.0,1,4056.0,4057.0,1,4059.0,4068.0,4068.0,4051.0,103.0,4183240.0,10396
2023-05-11 09:06:16,jd2401,jd2401,4055.0,0.0,0.0,0.0,1,4056.0,4061.0,4,4059.0,4068.0,4068.0,4051.0,103.0,4183240.0,10396
2023-05-11 09:06:20,jd2401,jd2401,4055.0,0.0,0.0,0.0,2,4056.0,4061.0,4,4059.0,4068.0,4068.0,4051.0,103.0,4183240.0,10396
2023-05-11 09:07:15,jd2401,jd2401,4056.0,1.0,40560.0,-1.0,1,4056.0,4061.0,4,4059.0,4068.0,4068.0,4051.0,104.0,4223800.0,10395
2023-05-11 09:07:27,jd2401,jd2401,4056.0,0.0,0.0,0.0,1,4056.0,4060.0,1,4059.0,4068.0,4068.0,4051.0,104.0,4223800.0,10395
2023-05-11 09:07:28,jd2401,jd2401,4056.0,0.0,0.0,0.0,1,4056.0,4058.0,1,4059.0,4068.0,4068.0,4051.0,104.0,4223800.0,10395
2023-05-11 09:07:38,jd2401,jd2401,4056.0,1.0,40560.0,0.0,3,4055.0,4057.0,2,4059.0,4068.0,4068.0,4051.0,105.0,4264360.0,10395
2023-05-11 09:07:38,jd2401,jd2401,4056.0,0.0,0.0,0.0,3,4055.0,4057.0,3,4059.0,4068.0,4068.0,4051.0,105.0,4264360.0,10395
2023-05-11 09:07:48,jd2401,jd2401,4056.0,0.0,0.0,0.0,1,4056.0,4057.0,3,4059.0,4068.0,4068.0,4051.0,105.0,4264360.0,10395
2023-05-11 09:07:49,jd2401,jd2401,4057.0,1.0,40570.0,0.0,1,4056.0,4057.0,2,4059.0,4068.0,4068.0,4051.0,106.0,4304930.0,10395
2023-05-11 09:07:51,jd2401,jd2401,4057.0,1.0,40570.0,0.0,1,4056.0,4057.0,1,4059.0,4068.0,4068.0,4051.0,107.0,4345500.0,10395
2023-05-11 09:07:52,jd2401,jd2401,4057.0,1.0,40570.0,0.0,1,4056.0,4060.0,1,4059.0,4068.0,4068.0,4051.0,108.0,4386070.0,10395
2023-05-11 09:08:01,jd2401,jd2401,4060.0,1.0,40600.0,1.0,5,4056.0,4062.0,1,4059.0,4068.0,4068.0,4051.0,109.0,4426670.0,10396
2023-05-11 09:08:01,jd2401,jd2401,4060.0,0.0,0.0,0.0,5,4056.0,4061.0,5,4059.0,4068.0,4068.0,4051.0,109.0,4426670.0,10396
2023-05-11 09:08:02,jd2401,jd2401,4061.0,1.0,40610.0,-1.0,5,4056.0,4061.0,4,4059.0,4068.0,4068.0,4051.0,110.0,4467280.0,10395
2023-05-11 09:08:03,jd2401,jd2401,4061.0,1.0,40610.0,1.0,4,4056.0,4061.0,3,4059.0,4068.0,4068.0,4051.0,111.0,4507890.0,10396
2023-05-11 09:08:21,jd2401,jd2401,4061.0,0.0,0.0,0.0,5,4056.0,4061.0,3,4059.0,4068.0,4068.0,4051.0,111.0,4507890.0,10396
2023-05-11 09:08:44,jd2401,jd2401,4061.0,0.0,0.0,0.0,5,4056.0,4061.0,4,4059.0,4068.0,4068.0,4051.0,111.0,4507890.0,10396
2023-05-11 09:09:00,jd2401,jd2401,4061.0,0.0,0.0,0.0,2,4058.0,4061.0,4,4059.0,4068.0,4068.0,4051.0,111.0,4507890.0,10396
2023-05-11 09:09:01,jd2401,jd2401,4061.0,0.0,0.0,0.0,2,4058.0,4061.0,3,4059.0,4068.0,4068.0,4051.0,111.0,4507890.0,10396
2023-05-11 09:09:03,jd2401,jd2401,4061.0,0.0,0.0,0.0,2,4058.0,4061.0,5,4059.0,4068.0,4068.0,4051.0,111.0,4507890.0,10396
2023-05-11 09:09:37,jd2401,jd2401,4061.0,0.0,0.0,0.0,2,4058.0,4060.0,1,4059.0,4068.0,4068.0,4051.0,111.0,4507890.0,10396
2023-05-11 09:10:03,jd2401,jd2401,4058.0,1.0,40580.0,0.0,11,4055.0,4060.0,1,4059.0,4068.0,4068.0,4051.0,112.0,4548470.0,10396
2023-05-11 09:10:03,jd2401,jd2401,4058.0,0.0,0.0,0.0,5,4056.0,4060.0,1,4059.0,4068.0,4068.0,4051.0,112.0,4548470.0,10396
2023-05-11 09:10:22,jd2401,jd2401,4058.0,0.0,0.0,0.0,9,4056.0,4060.0,1,4059.0,4068.0,4068.0,4051.0,112.0,4548470.0,10396
2023-05-11 09:10:23,jd2401,jd2401,4058.0,0.0,0.0,0.0,5,4056.0,4060.0,1,4059.0,4068.0,4068.0,4051.0,112.0,4548470.0,10396
2023-05-11 09:10:23,jd2401,jd2401,4060.0,2.0,81200.0,0.0,11,4055.0,4061.0,2,4059.0,4068.0,4068.0,4051.0,114.0,4629670.0,10396
2023-05-11 09:10:23,jd2401,jd2401,4060.0,0.0,0.0,0.0,5,4056.0,4060.0,1,4059.0,4068.0,4068.0,4051.0,114.0,4629670.0,10396
2023-05-11 09:10:24,jd2401,jd2401,4060.0,0.0,0.0,0.0,5,4056.0,4061.0,2,4059.0,4068.0,4068.0,4051.0,114.0,4629670.0,10396
2023-05-11 09:10:27,jd2401,jd2401,4060.0,0.0,0.0,0.0,12,4056.0,4061.0,2,4059.0,4068.0,4068.0,4051.0,114.0,4629670.0,10396
2023-05-11 09:10:27,jd2401,jd2401,4060.0,0.0,0.0,0.0,13,4056.0,4061.0,2,4059.0,4068.0,4068.0,4051.0,114.0,4629670.0,10396
2023-05-11 09:10:28,jd2401,jd2401,4060.0,0.0,0.0,0.0,5,4056.0,4061.0,2,4059.0,4068.0,4068.0,4051.0,114.0,4629670.0,10396
2023-05-11 09:10:32,jd2401,jd2401,4060.0,0.0,0.0,0.0,6,4056.0,4061.0,2,4059.0,4068.0,4068.0,4051.0,114.0,4629670.0,10396
2023-05-11 09:10:33,jd2401,jd2401,4060.0,0.0,0.0,0.0,5,4056.0,4061.0,2,4059.0,4068.0,4068.0,4051.0,114.0,4629670.0,10396
2023-05-11 09:10:34,jd2401,jd2401,4060.0,0.0,0.0,0.0,6,4056.0,4061.0,2,4059.0,4068.0,4068.0,4051.0,114.0,4629670.0,10396
2023-05-11 09:10:34,jd2401,jd2401,4060.0,0.0,0.0,0.0,7,4056.0,4061.0,2,4059.0,4068.0,4068.0,4051.0,114.0,4629670.0,10396
2023-05-11 09:10:35,jd2401,jd2401,4060.0,0.0,0.0,0.0,8,4056.0,4061.0,2,4059.0,4068.0,4068.0,4051.0,114.0,4629670.0,10396
2023-05-11 09:10:36,jd2401,jd2401,4060.0,0.0,0.0,0.0,9,4056.0,4061.0,2,4059.0,4068.0,4068.0,4051.0,114.0,4629670.0,10396
2023-05-11 09:10:36,jd2401,jd2401,4060.0,0.0,0.0,0.0,10,4056.0,4061.0,2,4059.0,4068.0,4068.0,4051.0,114.0,4629670.0,10396
2023-05-11 09:10:37,jd2401,jd2401,4060.0,0.0,0.0,0.0,5,4056.0,4061.0,2,4059.0,4068.0,4068.0,4051.0,114.0,4629670.0,10396
2023-05-11 09:10:45,jd2401,jd2401,4060.0,0.0,0.0,0.0,6,4056.0,4061.0,2,4059.0,4068.0,4068.0,4051.0,114.0,4629670.0,10396
2023-05-11 09:10:45,jd2401,jd2401,4060.0,0.0,0.0,0.0,7,4056.0,4061.0,2,4059.0,4068.0,4068.0,4051.0,114.0,4629670.0,10396
2023-05-11 09:10:46,jd2401,jd2401,4060.0,0.0,0.0,0.0,6,4056.0,4061.0,2,4059.0,4068.0,4068.0,4051.0,114.0,4629670.0,10396
2023-05-11 09:10:47,jd2401,jd2401,4060.0,0.0,0.0,0.0,8,4056.0,4061.0,2,4059.0,4068.0,4068.0,4051.0,114.0,4629670.0,10396
2023-05-11 09:10:47,jd2401,jd2401,4060.0,0.0,0.0,0.0,6,4056.0,4061.0,2,4059.0,4068.0,4068.0,4051.0,114.0,4629670.0,10396
2023-05-11 09:10:49,jd2401,jd2401,4060.0,0.0,0.0,0.0,9,4056.0,4061.0,2,4059.0,4068.0,4068.0,4051.0,114.0,4629670.0,10396
2023-05-11 09:10:50,jd2401,jd2401,4060.0,0.0,0.0,0.0,10,4056.0,4061.0,2,4059.0,4068.0,4068.0,4051.0,114.0,4629670.0,10396
2023-05-11 09:10:50,jd2401,jd2401,4060.0,0.0,0.0,0.0,9,4056.0,4061.0,2,4059.0,4068.0,4068.0,4051.0,114.0,4629670.0,10396
2023-05-11 09:10:51,jd2401,jd2401,4060.0,0.0,0.0,0.0,8,4056.0,4061.0,2,4059.0,4068.0,4068.0,4051.0,114.0,4629670.0,10396
2023-05-11 09:10:52,jd2401,jd2401,4060.0,0.0,0.0,0.0,9,4056.0,4061.0,2,4059.0,4068.0,4068.0,4051.0,114.0,4629670.0,10396
2023-05-11 09:10:52,jd2401,jd2401,4060.0,0.0,0.0,0.0,7,4056.0,4061.0,2,4059.0,4068.0,4068.0,4051.0,114.0,4629670.0,10396
2023-05-11 09:10:56,jd2401,jd2401,4060.0,0.0,0.0,0.0,6,4056.0,4061.0,2,4059.0,4068.0,4068.0,4051.0,114.0,4629670.0,10396
2023-05-11 09:10:57,jd2401,jd2401,4060.0,0.0,0.0,0.0,5,4056.0,4061.0,2,4059.0,4068.0,4068.0,4051.0,114.0,4629670.0,10396
2023-05-11 09:11:02,jd2401,jd2401,4060.0,0.0,0.0,0.0,11,4056.0,4061.0,2,4059.0,4068.0,4068.0,4051.0,114.0,4629670.0,10396
2023-05-11 09:11:02,jd2401,jd2401,4060.0,0.0,0.0,0.0,5,4056.0,4061.0,2,4059.0,4068.0,4068.0,4051.0,114.0,4629670.0,10396
2023-05-11 09:11:24,jd2401,jd2401,4060.0,0.0,0.0,0.0,14,4056.0,4061.0,2,4059.0,4068.0,4068.0,4051.0,114.0,4629670.0,10396
2023-05-11 09:11:29,jd2401,jd2401,4060.0,0.0,0.0,0.0,5,4056.0,4061.0,2,4059.0,4068.0,4068.0,4051.0,114.0,4629670.0,10396
2023-05-11 09:11:32,jd2401,jd2401,4060.0,0.0,0.0,0.0,11,4056.0,4061.0,2,4059.0,4068.0,4068.0,4051.0,114.0,4629670.0,10396
2023-05-11 09:11:32,jd2401,jd2401,4060.0,0.0,0.0,0.0,10,4056.0,4061.0,2,4059.0,4068.0,4068.0,4051.0,114.0,4629670.0,10396
2023-05-11 09:11:33,jd2401,jd2401,4060.0,0.0,0.0,0.0,11,4056.0,4061.0,2,4059.0,4068.0,4068.0,4051.0,114.0,4629670.0,10396
2023-05-11 09:11:33,jd2401,jd2401,4060.0,0.0,0.0,0.0,12,4056.0,4061.0,2,4059.0,4068.0,4068.0,4051.0,114.0,4629670.0,10396
2023-05-11 09:11:34,jd2401,jd2401,4060.0,0.0,0.0,0.0,10,4056.0,4061.0,2,4059.0,4068.0,4068.0,4051.0,114.0,4629670.0,10396
2023-05-11 09:11:35,jd2401,jd2401,4060.0,0.0,0.0,0.0,14,4056.0,4061.0,2,4059.0,4068.0,4068.0,4051.0,114.0,4629670.0,10396
2023-05-11 09:11:41,jd2401,jd2401,4061.0,1.0,40610.0,0.0,14,4056.0,4061.0,1,4059.0,4068.0,4068.0,4051.0,115.0,4670280.0,10396
2023-05-11 09:11:43,jd2401,jd2401,4061.0,1.0,40610.0,1.0,14,4056.0,4064.0,5,4059.0,4068.0,4068.0,4051.0,116.0,4710890.0,10397
2023-05-11 09:11:43,jd2401,jd2401,4061.0,0.0,0.0,0.0,15,4056.0,4063.0,4,4059.0,4068.0,4068.0,4051.0,116.0,4710890.0,10397
2023-05-11 09:11:51,jd2401,jd2401,4061.0,0.0,0.0,0.0,6,4056.0,4063.0,4,4059.0,4068.0,4068.0,4051.0,116.0,4710890.0,10397
2023-05-11 09:11:54,jd2401,jd2401,4061.0,0.0,0.0,0.0,6,4056.0,4061.0,4,4059.0,4068.0,4068.0,4051.0,116.0,4710890.0,10397
2023-05-11 09:11:54,jd2401,jd2401,4061.0,0.0,0.0,0.0,5,4056.0,4061.0,4,4059.0,4068.0,4068.0,4051.0,116.0,4710890.0,10397
2023-05-11 09:12:01,jd2401,jd2401,4061.0,1.0,40610.0,1.0,4,4056.0,4061.0,3,4059.0,4068.0,4068.0,4051.0,117.0,4751500.0,10398
2023-05-11 09:12:06,jd2401,jd2401,4061.0,1.0,40610.0,1.0,5,4056.0,4061.0,2,4059.0,4068.0,4068.0,4051.0,118.0,4792110.0,10399
2023-05-11 09:12:07,jd2401,jd2401,4061.0,0.0,0.0,0.0,2,4061.0,4063.0,1,4059.0,4068.0,4068.0,4051.0,118.0,4792110.0,10399
2023-05-11 09:12:07,jd2401,jd2401,4061.0,2.0,81220.0,2.0,11,4055.0,4063.0,1,4059.0,4068.0,4068.0,4051.0,120.0,4873330.0,10401
2023-05-11 09:12:08,jd2401,jd2401,4061.0,0.0,0.0,0.0,5,4056.0,4061.0,2,4059.0,4068.0,4068.0,4051.0,120.0,4873330.0,10401
2023-05-11 09:12:13,jd2401,jd2401,4061.0,2.0,81220.0,2.0,5,4056.0,4063.0,2,4059.0,4068.0,4068.0,4051.0,122.0,4954550.0,10403
2023-05-11 09:12:13,jd2401,jd2401,4061.0,0.0,0.0,0.0,5,4056.0,4062.0,2,4059.0,4068.0,4068.0,4051.0,122.0,4954550.0,10403
2023-05-11 09:12:23,jd2401,jd2401,4061.0,0.0,0.0,0.0,1,4057.0,4062.0,2,4059.0,4068.0,4068.0,4051.0,122.0,4954550.0,10403
2023-05-11 09:12:24,jd2401,jd2401,4061.0,0.0,0.0,0.0,3,4058.0,4062.0,2,4059.0,4068.0,4068.0,4051.0,122.0,4954550.0,10403
2023-05-11 09:12:47,jd2401,jd2401,4061.0,0.0,0.0,0.0,3,4058.0,4062.0,22,4059.0,4068.0,4068.0,4051.0,122.0,4954550.0,10403
2023-05-11 09:12:53,jd2401,jd2401,4061.0,0.0,0.0,0.0,3,4058.0,4061.0,2,4059.0,4068.0,4068.0,4051.0,122.0,4954550.0,10403
2023-05-11 09:12:57,jd2401,jd2401,4061.0,0.0,0.0,0.0,3,4058.0,4061.0,4,4059.0,4068.0,4068.0,4051.0,122.0,4954550.0,10403
2023-05-11 09:13:08,jd2401,jd2401,4061.0,0.0,0.0,0.0,3,4058.0,4061.0,2,4059.0,4068.0,4068.0,4051.0,122.0,4954550.0,10403
2023-05-11 09:13:10,jd2401,jd2401,4061.0,0.0,0.0,0.0,3,4058.0,4060.0,1,4059.0,4068.0,4068.0,4051.0,122.0,4954550.0,10403
2023-05-11 09:13:19,jd2401,jd2401,4060.0,1.0,40600.0,0.0,3,4058.0,4061.0,2,4059.0,4068.0,4068.0,4051.0,123.0,4995150.0,10403
2023-05-11 09:13:25,jd2401,jd2401,4061.0,1.0,40610.0,1.0,3,4058.0,4061.0,1,4059.0,4068.0,4068.0,4051.0,124.0,5035760.0,10404
2023-05-11 09:13:29,jd2401,jd2401,4061.0,0.0,0.0,0.0,3,4058.0,4061.0,11,4059.0,4068.0,4068.0,4051.0,124.0,5035760.0,10404
2023-05-11 09:13:33,jd2401,jd2401,4061.0,2.0,81220.0,1.0,3,4058.0,4061.0,9,4059.0,4068.0,4068.0,4051.0,126.0,5116980.0,10405
2023-05-11 09:13:47,jd2401,jd2401,4061.0,0.0,0.0,0.0,3,4058.0,4061.0,10,4059.0,4068.0,4068.0,4051.0,126.0,5116980.0,10405
2023-05-11 09:14:02,jd2401,jd2401,4061.0,0.0,0.0,0.0,12,4058.0,4061.0,10,4059.0,4068.0,4068.0,4051.0,126.0,5116980.0,10405
2023-05-11 09:14:03,jd2401,jd2401,4061.0,0.0,0.0,0.0,9,4058.0,4061.0,10,4059.0,4068.0,4068.0,4051.0,126.0,5116980.0,10405
2023-05-11 09:14:03,jd2401,jd2401,4061.0,0.0,0.0,0.0,12,4058.0,4061.0,10,4059.0,4068.0,4068.0,4051.0,126.0,5116980.0,10405
2023-05-11 09:14:06,jd2401,jd2401,4061.0,0.0,0.0,0.0,9,4058.0,4061.0,10,4059.0,4068.0,4068.0,4051.0,126.0,5116980.0,10405
2023-05-11 09:14:07,jd2401,jd2401,4061.0,0.0,0.0,0.0,8,4058.0,4061.0,10,4059.0,4068.0,4068.0,4051.0,126.0,5116980.0,10405
2023-05-11 09:14:07,jd2401,jd2401,4061.0,0.0,0.0,0.0,9,4058.0,4061.0,10,4059.0,4068.0,4068.0,4051.0,126.0,5116980.0,10405
2023-05-11 09:14:08,jd2401,jd2401,4061.0,0.0,0.0,0.0,11,4058.0,4061.0,10,4059.0,4068.0,4068.0,4051.0,126.0,5116980.0,10405
2023-05-11 09:14:08,jd2401,jd2401,4061.0,0.0,0.0,0.0,9,4058.0,4061.0,10,4059.0,4068.0,4068.0,4051.0,126.0,5116980.0,10405
2023-05-11 09:14:08,jd2401,jd2401,4061.0,0.0,0.0,0.0,12,4058.0,4061.0,10,4059.0,4068.0,4068.0,4051.0,126.0,5116980.0,10405
2023-05-11 09:14:14,jd2401,jd2401,4061.0,3.0,121830.0,0.0,12,4058.0,4061.0,7,4059.0,4068.0,4068.0,4051.0,129.0,5238810.0,10405
2023-05-11 09:14:15,jd2401,jd2401,4061.0,0.0,0.0,0.0,3,4058.0,4061.0,7,4059.0,4068.0,4068.0,4051.0,129.0,5238810.0,10405
2023-05-11 09:14:18,jd2401,jd2401,4061.0,0.0,0.0,0.0,12,4058.0,4061.0,7,4059.0,4068.0,4068.0,4051.0,129.0,5238810.0,10405
2023-05-11 09:14:23,jd2401,jd2401,4061.0,0.0,0.0,0.0,3,4058.0,4061.0,7,4059.0,4068.0,4068.0,4051.0,129.0,5238810.0,10405
2023-05-11 09:14:27,jd2401,jd2401,4061.0,1.0,40610.0,0.0,3,4058.0,4061.0,6,4059.0,4068.0,4068.0,4051.0,130.0,5279420.0,10405
2023-05-11 09:14:30,jd2401,jd2401,4061.0,0.0,0.0,0.0,4,4058.0,4061.0,7,4059.0,4068.0,4068.0,4051.0,130.0,5279420.0,10405
2023-05-11 09:14:48,jd2401,jd2401,4061.0,7.0,284270.0,-5.0,4,4058.0,4062.0,20,4059.0,4068.0,4068.0,4051.0,137.0,5563690.0,10400
2023-05-11 09:14:49,jd2401,jd2401,4062.0,3.0,121860.0,-3.0,4,4058.0,4062.0,17,4059.0,4068.0,4068.0,4051.0,140.0,5685550.0,10397
2023-05-11 09:15:00,jd2401,jd2401,4062.0,0.0,0.0,0.0,4,4058.0,4062.0,18,4059.0,4068.0,4068.0,4051.0,140.0,5685550.0,10397
2023-05-11 09:15:10,jd2401,jd2401,4062.0,1.0,40620.0,0.0,4,4058.0,4062.0,17,4059.0,4068.0,4068.0,4051.0,141.0,5726170.0,10397
2023-05-11 09:15:14,jd2401,jd2401,4062.0,0.0,0.0,0.0,6,4058.0,4062.0,17,4059.0,4068.0,4068.0,4051.0,141.0,5726170.0,10397
2023-05-11 09:15:22,jd2401,jd2401,4062.0,0.0,0.0,0.0,4,4058.0,4062.0,17,4059.0,4068.0,4068.0,4051.0,141.0,5726170.0,10397
2023-05-11 09:15:39,jd2401,jd2401,4062.0,1.0,40620.0,0.0,4,4058.0,4062.0,16,4059.0,4068.0,4068.0,4051.0,142.0,5766790.0,10397
2023-05-11 09:16:15,jd2401,jd2401,4062.0,0.0,0.0,0.0,5,4058.0,4062.0,16,4059.0,4068.0,4068.0,4051.0,142.0,5766790.0,10397
2023-05-11 09:16:28,jd2401,jd2401,4062.0,0.0,0.0,0.0,3,4060.0,4062.0,16,4059.0,4068.0,4068.0,4051.0,142.0,5766790.0,10397
2023-05-11 09:16:33,jd2401,jd2401,4062.0,0.0,0.0,0.0,5,4060.0,4062.0,16,4059.0,4068.0,4068.0,4051.0,142.0,5766790.0,10397
2023-05-11 09:16:34,jd2401,jd2401,4062.0,0.0,0.0,0.0,10,4060.0,4062.0,16,4059.0,4068.0,4068.0,4051.0,142.0,5766790.0,10397
2023-05-11 09:16:35,jd2401,jd2401,4062.0,0.0,0.0,0.0,3,4060.0,4062.0,16,4059.0,4068.0,4068.0,4051.0,142.0,5766790.0,10397
2023-05-11 09:16:37,jd2401,jd2401,4062.0,0.0,0.0,0.0,10,4060.0,4062.0,16,4059.0,4068.0,4068.0,4051.0,142.0,5766790.0,10397
2023-05-11 09:16:41,jd2401,jd2401,4062.0,0.0,0.0,0.0,3,4060.0,4062.0,16,4059.0,4068.0,4068.0,4051.0,142.0,5766790.0,10397
2023-05-11 09:16:46,jd2401,jd2401,4062.0,3.0,121860.0,-1.0,3,4060.0,4062.0,13,4059.0,4068.0,4068.0,4051.0,145.0,5888650.0,10396
2023-05-11 09:16:47,jd2401,jd2401,4062.0,1.0,40620.0,-1.0,6,4060.0,4062.0,12,4059.0,4068.0,4068.0,4051.0,146.0,5929270.0,10395
2023-05-11 09:16:48,jd2401,jd2401,4062.0,0.0,0.0,0.0,3,4060.0,4062.0,12,4059.0,4068.0,4068.0,4051.0,146.0,5929270.0,10395
2023-05-11 09:16:48,jd2401,jd2401,4062.0,0.0,0.0,0.0,6,4060.0,4062.0,12,4059.0,4068.0,4068.0,4051.0,146.0,5929270.0,10395
2023-05-11 09:16:50,jd2401,jd2401,4062.0,0.0,0.0,0.0,3,4060.0,4062.0,12,4059.0,4068.0,4068.0,4051.0,146.0,5929270.0,10395
2023-05-11 09:16:52,jd2401,jd2401,4062.0,0.0,0.0,0.0,6,4060.0,4062.0,12,4059.0,4068.0,4068.0,4051.0,146.0,5929270.0,10395
2023-05-11 09:16:53,jd2401,jd2401,4062.0,3.0,121860.0,-3.0,3,4060.0,4062.0,9,4059.0,4068.0,4068.0,4051.0,149.0,6051130.0,10392
2023-05-11 09:16:54,jd2401,jd2401,4062.0,0.0,0.0,0.0,7,4060.0,4062.0,9,4059.0,4068.0,4068.0,4051.0,149.0,6051130.0,10392
2023-05-11 09:16:58,jd2401,jd2401,4060.0,1.0,40600.0,-1.0,6,4060.0,4062.0,9,4059.0,4068.0,4068.0,4051.0,150.0,6091730.0,10391
2023-05-11 09:17:03,jd2401,jd2401,4060.0,0.0,0.0,0.0,5,4060.0,4062.0,9,4059.0,4068.0,4068.0,4051.0,150.0,6091730.0,10391
2023-05-11 09:17:03,jd2401,jd2401,4060.0,0.0,0.0,0.0,2,4060.0,4062.0,9,4059.0,4068.0,4068.0,4051.0,150.0,6091730.0,10391
2023-05-11 09:17:06,jd2401,jd2401,4060.0,0.0,0.0,0.0,6,4060.0,4062.0,9,4059.0,4068.0,4068.0,4051.0,150.0,6091730.0,10391
2023-05-11 09:17:10,jd2401,jd2401,4060.0,0.0,0.0,0.0,2,4060.0,4062.0,9,4059.0,4068.0,4068.0,4051.0,150.0,6091730.0,10391
2023-05-11 09:17:13,jd2401,jd2401,4060.0,0.0,0.0,0.0,2,4060.0,4062.0,1,4059.0,4068.0,4068.0,4051.0,150.0,6091730.0,10391
2023-05-11 09:17:48,jd2401,jd2401,4060.0,0.0,0.0,0.0,2,4060.0,4062.0,2,4059.0,4068.0,4068.0,4051.0,150.0,6091730.0,10391
2023-05-11 09:17:49,jd2401,jd2401,4060.0,0.0,0.0,0.0,2,4060.0,4062.0,1,4059.0,4068.0,4068.0,4051.0,150.0,6091730.0,10391
2023-05-11 09:17:52,jd2401,jd2401,4060.0,1.0,40600.0,0.0,4,4059.0,4062.0,1,4059.0,4068.0,4068.0,4051.0,151.0,6132330.0,10391
2023-05-11 09:18:01,jd2401,jd2401,4062.0,3.0,121850.0,1.0,4,4059.0,4063.0,1,4059.0,4068.0,4068.0,4051.0,154.0,6254180.0,10392
2023-05-11 09:18:01,jd2401,jd2401,4062.0,0.0,0.0,0.0,1,4060.0,4063.0,1,4059.0,4068.0,4068.0,4051.0,154.0,6254180.0,10392
2023-05-11 09:18:20,jd2401,jd2401,4062.0,0.0,0.0,0.0,1,4060.0,4063.0,2,4059.0,4068.0,4068.0,4051.0,154.0,6254180.0,10392
2023-05-11 09:18:28,jd2401,jd2401,4060.0,1.0,40600.0,0.0,4,4059.0,4063.0,2,4059.0,4068.0,4068.0,4051.0,155.0,6294780.0,10392
2023-05-11 09:18:32,jd2401,jd2401,4063.0,6.0,243740.0,5.0,1,4063.0,4065.0,21,4059.0,4068.0,4068.0,4051.0,161.0,6538520.0,10397
2023-05-11 09:18:33,jd2401,jd2401,4063.0,1.0,40630.0,1.0,4,4059.0,4065.0,21,4059.0,4068.0,4068.0,4051.0,162.0,6579150.0,10398
2023-05-11 09:18:33,jd2401,jd2401,4063.0,0.0,0.0,0.0,5,4060.0,4064.0,10,4059.0,4068.0,4068.0,4051.0,162.0,6579150.0,10398
2023-05-11 09:18:38,jd2401,jd2401,4063.0,0.0,0.0,0.0,5,4060.0,4064.0,9,4059.0,4068.0,4068.0,4051.0,162.0,6579150.0,10398
2023-05-11 09:18:39,jd2401,jd2401,4063.0,0.0,0.0,0.0,5,4060.0,4064.0,8,4059.0,4068.0,4068.0,4051.0,162.0,6579150.0,10398
2023-05-11 09:18:39,jd2401,jd2401,4063.0,0.0,0.0,0.0,5,4060.0,4064.0,9,4059.0,4068.0,4068.0,4051.0,162.0,6579150.0,10398
2023-05-11 09:18:40,jd2401,jd2401,4063.0,0.0,0.0,0.0,5,4060.0,4064.0,6,4059.0,4068.0,4068.0,4051.0,162.0,6579150.0,10398
2023-05-11 09:18:46,jd2401,jd2401,4063.0,0.0,0.0,0.0,5,4060.0,4064.0,11,4059.0,4068.0,4068.0,4051.0,162.0,6579150.0,10398
2023-05-11 09:18:49,jd2401,jd2401,4063.0,0.0,0.0,0.0,5,4060.0,4064.0,10,4059.0,4068.0,4068.0,4051.0,162.0,6579150.0,10398
2023-05-11 09:18:49,jd2401,jd2401,4063.0,0.0,0.0,0.0,5,4060.0,4064.0,11,4059.0,4068.0,4068.0,4051.0,162.0,6579150.0,10398
2023-05-11 09:18:55,jd2401,jd2401,4063.0,0.0,0.0,0.0,5,4060.0,4064.0,12,4059.0,4068.0,4068.0,4051.0,162.0,6579150.0,10398
2023-05-11 09:18:59,jd2401,jd2401,4060.0,1.0,40600.0,0.0,4,4060.0,4064.0,12,4059.0,4068.0,4068.0,4051.0,163.0,6619750.0,10398
2023-05-11 09:19:06,jd2401,jd2401,4060.0,0.0,0.0,0.0,4,4060.0,4064.0,7,4059.0,4068.0,4068.0,4051.0,163.0,6619750.0,10398
2023-05-11 09:19:32,jd2401,jd2401,4060.0,0.0,0.0,0.0,4,4060.0,4064.0,8,4059.0,4068.0,4068.0,4051.0,163.0,6619750.0,10398
2023-05-11 09:19:37,jd2401,jd2401,4060.0,0.0,0.0,0.0,4,4059.0,4062.0,6,4059.0,4068.0,4068.0,4051.0,163.0,6619750.0,10398
2023-05-11 09:19:46,jd2401,jd2401,4062.0,8.0,324960.0,5.0,2,4062.0,4063.0,7,4059.0,4068.0,4068.0,4051.0,171.0,6944710.0,10403
2023-05-11 09:19:46,jd2401,jd2401,4062.0,2.0,81240.0,2.0,4,4059.0,4062.0,1,4059.0,4068.0,4068.0,4051.0,173.0,7025950.0,10405
2023-05-11 09:20:01,jd2401,jd2401,4059.0,1.0,40590.0,0.0,3,4059.0,4062.0,1,4059.0,4068.0,4068.0,4051.0,174.0,7066540.0,10405
2023-05-11 09:20:50,jd2401,jd2401,4062.0,1.0,40620.0,1.0,9,4062.0,4063.0,2,4059.0,4068.0,4068.0,4051.0,175.0,7107160.0,10406
2023-05-11 09:21:11,jd2401,jd2401,4062.0,0.0,0.0,0.0,9,4062.0,4063.0,7,4059.0,4068.0,4068.0,4051.0,175.0,7107160.0,10406
2023-05-11 09:21:15,jd2401,jd2401,4062.0,0.0,0.0,0.0,9,4062.0,4063.0,3,4059.0,4068.0,4068.0,4051.0,175.0,7107160.0,10406
2023-05-11 09:21:15,jd2401,jd2401,4062.0,0.0,0.0,0.0,9,4062.0,4063.0,2,4059.0,4068.0,4068.0,4051.0,175.0,7107160.0,10406
2023-05-11 09:21:19,jd2401,jd2401,4062.0,0.0,0.0,0.0,9,4062.0,4063.0,7,4059.0,4068.0,4068.0,4051.0,175.0,7107160.0,10406
2023-05-11 09:21:22,jd2401,jd2401,4062.0,0.0,0.0,0.0,9,4062.0,4063.0,2,4059.0,4068.0,4068.0,4051.0,175.0,7107160.0,10406
2023-05-11 09:21:23,jd2401,jd2401,4062.0,1.0,40620.0,1.0,8,4062.0,4063.0,2,4059.0,4068.0,4068.0,4051.0,176.0,7147780.0,10407
2023-05-11 09:21:24,jd2401,jd2401,4062.0,0.0,0.0,0.0,8,4062.0,4063.0,3,4059.0,4068.0,4068.0,4051.0,176.0,7147780.0,10407
2023-05-11 09:21:24,jd2401,jd2401,4062.0,1.0,40620.0,0.0,7,4062.0,4063.0,3,4059.0,4068.0,4068.0,4051.0,177.0,7188400.0,10407
2023-05-11 09:21:26,jd2401,jd2401,4062.0,0.0,0.0,0.0,7,4062.0,4063.0,8,4059.0,4068.0,4068.0,4051.0,177.0,7188400.0,10407
2023-05-11 09:21:41,jd2401,jd2401,4062.0,5.0,203100.0,5.0,2,4062.0,4063.0,7,4059.0,4068.0,4068.0,4051.0,182.0,7391500.0,10412
2023-05-11 09:21:42,jd2401,jd2401,4062.0,2.0,81240.0,2.0,1,4058.0,4063.0,3,4059.0,4068.0,4068.0,4051.0,184.0,7472740.0,10414
2023-05-11 09:21:43,jd2401,jd2401,4062.0,0.0,0.0,0.0,1,4058.0,4062.0,7,4059.0,4068.0,4068.0,4051.0,184.0,7472740.0,10414
2023-05-11 09:21:46,jd2401,jd2401,4062.0,0.0,0.0,0.0,1,4058.0,4062.0,5,4059.0,4068.0,4068.0,4051.0,184.0,7472740.0,10414
2023-05-11 09:21:49,jd2401,jd2401,4062.0,0.0,0.0,0.0,1,4058.0,4062.0,6,4059.0,4068.0,4068.0,4051.0,184.0,7472740.0,10414
2023-05-11 09:21:53,jd2401,jd2401,4062.0,0.0,0.0,0.0,1,4058.0,4062.0,8,4059.0,4068.0,4068.0,4051.0,184.0,7472740.0,10414
2023-05-11 09:21:54,jd2401,jd2401,4058.0,2.0,81160.0,0.0,1,4058.0,4062.0,3,4059.0,4068.0,4068.0,4051.0,186.0,7553900.0,10414
2023-05-11 09:21:57,jd2401,jd2401,4058.0,0.0,0.0,0.0,1,4058.0,4062.0,1,4059.0,4068.0,4068.0,4051.0,186.0,7553900.0,10414
2023-05-11 09:21:58,jd2401,jd2401,4058.0,0.0,0.0,0.0,1,4058.0,4062.0,3,4059.0,4068.0,4068.0,4051.0,186.0,7553900.0,10414
2023-05-11 09:22:01,jd2401,jd2401,4058.0,0.0,0.0,0.0,1,4058.0,4062.0,1,4059.0,4068.0,4068.0,4051.0,186.0,7553900.0,10414
2023-05-11 09:22:03,jd2401,jd2401,4058.0,0.0,0.0,0.0,1,4058.0,4062.0,3,4059.0,4068.0,4068.0,4051.0,186.0,7553900.0,10414
2023-05-11 09:22:05,jd2401,jd2401,4058.0,0.0,0.0,0.0,1,4058.0,4062.0,1,4059.0,4068.0,4068.0,4051.0,186.0,7553900.0,10414
2023-05-11 09:22:06,jd2401,jd2401,4058.0,0.0,0.0,0.0,1,4058.0,4062.0,3,4059.0,4068.0,4068.0,4051.0,186.0,7553900.0,10414
2023-05-11 09:22:11,jd2401,jd2401,4058.0,0.0,0.0,0.0,1,4058.0,4062.0,1,4059.0,4068.0,4068.0,4051.0,186.0,7553900.0,10414
2023-05-11 09:22:14,jd2401,jd2401,4058.0,0.0,0.0,0.0,1,4058.0,4062.0,2,4059.0,4068.0,4068.0,4051.0,186.0,7553900.0,10414
2023-05-11 09:22:17,jd2401,jd2401,4058.0,0.0,0.0,0.0,1,4058.0,4062.0,3,4059.0,4068.0,4068.0,4051.0,186.0,7553900.0,10414
2023-05-11 09:22:40,jd2401,jd2401,4058.0,0.0,0.0,0.0,1,4060.0,4062.0,3,4059.0,4068.0,4068.0,4051.0,186.0,7553900.0,10414
2023-05-11 09:24:37,jd2401,jd2401,4062.0,1.0,40620.0,-1.0,1,4060.0,4062.0,2,4059.0,4068.0,4068.0,4051.0,187.0,7594520.0,10413
2023-05-11 09:24:43,jd2401,jd2401,4057.0,4.0,162310.0,4.0,7,4056.0,4061.0,5,4059.0,4068.0,4068.0,4051.0,191.0,7756830.0,10417
2023-05-11 09:26:02,jd2401,jd2401,4061.0,1.0,40610.0,0.0,6,4056.0,4061.0,4,4059.0,4068.0,4068.0,4051.0,192.0,7797440.0,10417
2023-05-11 09:26:35,jd2401,jd2401,4061.0,2.0,81220.0,2.0,6,4056.0,4061.0,2,4059.0,4068.0,4068.0,4051.0,194.0,7878660.0,10419
2023-05-11 09:26:50,jd2401,jd2401,4061.0,2.0,81220.0,2.0,7,4056.0,4062.0,3,4059.0,4068.0,4068.0,4051.0,196.0,7959880.0,10421
2023-05-11 09:27:06,jd2401,jd2401,4061.0,0.0,0.0,0.0,2,4061.0,4062.0,3,4059.0,4068.0,4068.0,4051.0,196.0,7959880.0,10421
2023-05-11 09:27:17,jd2401,jd2401,4061.0,1.0,40610.0,0.0,1,4061.0,4062.0,3,4059.0,4068.0,4068.0,4051.0,197.0,8000490.0,10421
2023-05-11 09:28:07,jd2401,jd2401,4061.0,0.0,0.0,0.0,1,4061.0,4062.0,2,4059.0,4068.0,4068.0,4051.0,197.0,8000490.0,10421
2023-05-11 09:28:44,jd2401,jd2401,4061.0,0.0,0.0,0.0,1,4061.0,4062.0,7,4059.0,4068.0,4068.0,4051.0,197.0,8000490.0,10421
2023-05-11 09:28:44,jd2401,jd2401,4061.0,1.0,40610.0,1.0,7,4056.0,4062.0,7,4059.0,4068.0,4068.0,4051.0,198.0,8041100.0,10422
2023-05-11 09:29:12,jd2401,jd2401,4061.0,0.0,0.0,0.0,8,4056.0,4062.0,7,4059.0,4068.0,4068.0,4051.0,198.0,8041100.0,10422
2023-05-11 09:29:46,jd2401,jd2401,4061.0,0.0,0.0,0.0,18,4056.0,4062.0,7,4059.0,4068.0,4068.0,4051.0,198.0,8041100.0,10422
2023-05-11 09:29:56,jd2401,jd2401,4061.0,0.0,0.0,0.0,16,4056.0,4062.0,7,4059.0,4068.0,4068.0,4051.0,198.0,8041100.0,10422
2023-05-11 09:29:59,jd2401,jd2401,4061.0,0.0,0.0,0.0,16,4056.0,4062.0,8,4059.0,4068.0,4068.0,4051.0,198.0,8041100.0,10422
2023-05-11 09:30:06,jd2401,jd2401,4062.0,1.0,40620.0,0.0,16,4056.0,4062.0,7,4059.0,4068.0,4068.0,4051.0,199.0,8081720.0,10422
2023-05-11 09:30:07,jd2401,jd2401,4062.0,0.0,0.0,0.0,16,4056.0,4062.0,8,4059.0,4068.0,4068.0,4051.0,199.0,8081720.0,10422
2023-05-11 09:30:13,jd2401,jd2401,4062.0,0.0,0.0,0.0,16,4056.0,4062.0,9,4059.0,4068.0,4068.0,4051.0,199.0,8081720.0,10422
2023-05-11 09:31:23,jd2401,jd2401,4062.0,0.0,0.0,0.0,16,4056.0,4062.0,10,4059.0,4068.0,4068.0,4051.0,199.0,8081720.0,10422
2023-05-11 09:31:35,jd2401,jd2401,4056.0,5.0,202800.0,0.0,5,4057.0,4061.0,5,4059.0,4068.0,4068.0,4051.0,204.0,8284520.0,10422
2023-05-11 09:31:42,jd2401,jd2401,4061.0,5.0,203050.0,0.0,5,4057.0,4062.0,10,4059.0,4068.0,4068.0,4051.0,209.0,8487570.0,10422
2023-05-11 09:32:27,jd2401,jd2401,4061.0,0.0,0.0,0.0,5,4057.0,4062.0,5,4059.0,4068.0,4068.0,4051.0,209.0,8487570.0,10422
2023-05-11 09:34:32,jd2401,jd2401,4061.0,0.0,0.0,0.0,5,4057.0,4062.0,4,4059.0,4068.0,4068.0,4051.0,209.0,8487570.0,10422
2023-05-11 09:34:32,jd2401,jd2401,4061.0,0.0,0.0,0.0,5,4057.0,4061.0,1,4059.0,4068.0,4068.0,4051.0,209.0,8487570.0,10422
2023-05-11 09:34:47,jd2401,jd2401,4061.0,0.0,0.0,0.0,6,4057.0,4061.0,1,4059.0,4068.0,4068.0,4051.0,209.0,8487570.0,10422
2023-05-11 09:35:05,jd2401,jd2401,4061.0,0.0,0.0,0.0,5,4057.0,4061.0,1,4059.0,4068.0,4068.0,4051.0,209.0,8487570.0,10422
2023-05-11 09:35:05,jd2401,jd2401,4061.0,0.0,0.0,0.0,5,4059.0,4061.0,1,4059.0,4068.0,4068.0,4051.0,209.0,8487570.0,10422
2023-05-11 09:35:13,jd2401,jd2401,4061.0,1.0,40610.0,0.0,5,4059.0,4062.0,4,4059.0,4068.0,4068.0,4051.0,210.0,8528180.0,10422
2023-05-11 09:35:40,jd2401,jd2401,4059.0,2.0,81180.0,0.0,3,4059.0,4062.0,6,4059.0,4068.0,4068.0,4051.0,212.0,8609360.0,10422
2023-05-11 09:35:42,jd2401,jd2401,4059.0,0.0,0.0,0.0,3,4059.0,4062.0,4,4059.0,4068.0,4068.0,4051.0,212.0,8609360.0,10422
2023-05-11 09:35:43,jd2401,jd2401,4059.0,0.0,0.0,0.0,1,4060.0,4062.0,4,4059.0,4068.0,4068.0,4051.0,212.0,8609360.0,10422
2023-05-11 09:35:56,jd2401,jd2401,4060.0,1.0,40600.0,1.0,3,4059.0,4062.0,4,4059.0,4068.0,4068.0,4051.0,213.0,8649960.0,10423
2023-05-11 09:35:58,jd2401,jd2401,4059.0,1.0,40590.0,0.0,2,4059.0,4062.0,4,4059.0,4068.0,4068.0,4051.0,214.0,8690550.0,10423
2023-05-11 09:35:58,jd2401,jd2401,4059.0,0.0,0.0,0.0,1,4059.0,4061.0,1,4059.0,4068.0,4068.0,4051.0,214.0,8690550.0,10423
2023-05-11 09:35:59,jd2401,jd2401,4059.0,1.0,40590.0,0.0,1,4058.0,4061.0,1,4059.0,4068.0,4068.0,4051.0,215.0,8731140.0,10423
2023-05-11 09:35:59,jd2401,jd2401,4058.0,1.0,40580.0,1.0,11,4056.0,4061.0,1,4059.0,4068.0,4068.0,4051.0,216.0,8771720.0,10424
2023-05-11 09:36:00,jd2401,jd2401,4057.0,1.0,40570.0,0.0,11,4056.0,4060.0,8,4059.0,4068.0,4068.0,4051.0,217.0,8812290.0,10424
2023-05-11 09:36:00,jd2401,jd2401,4056.0,2.0,81120.0,1.0,9,4056.0,4060.0,8,4059.0,4068.0,4068.0,4051.0,219.0,8893410.0,10425
2023-05-11 09:36:01,jd2401,jd2401,4056.0,3.0,121680.0,0.0,6,4056.0,4060.0,8,4059.0,4068.0,4068.0,4051.0,222.0,9015090.0,10425
2023-05-11 09:36:01,jd2401,jd2401,4056.0,0.0,0.0,0.0,6,4056.0,4060.0,11,4059.0,4068.0,4068.0,4051.0,222.0,9015090.0,10425
2023-05-11 09:36:02,jd2401,jd2401,4056.0,0.0,0.0,0.0,6,4056.0,4060.0,15,4059.0,4068.0,4068.0,4051.0,222.0,9015090.0,10425
2023-05-11 09:36:03,jd2401,jd2401,4056.0,0.0,0.0,0.0,6,4056.0,4060.0,11,4059.0,4068.0,4068.0,4051.0,222.0,9015090.0,10425
2023-05-11 09:36:20,jd2401,jd2401,4056.0,0.0,0.0,0.0,1,4057.0,4060.0,11,4059.0,4068.0,4068.0,4051.0,222.0,9015090.0,10425
2023-05-11 09:36:36,jd2401,jd2401,4057.0,1.0,40570.0,1.0,6,4056.0,4060.0,11,4059.0,4068.0,4068.0,4051.0,223.0,9055660.0,10426
2023-05-11 09:36:44,jd2401,jd2401,4057.0,0.0,0.0,0.0,7,4056.0,4060.0,11,4059.0,4068.0,4068.0,4051.0,223.0,9055660.0,10426
2023-05-11 09:36:53,jd2401,jd2401,4057.0,0.0,0.0,0.0,1,4057.0,4060.0,11,4059.0,4068.0,4068.0,4051.0,223.0,9055660.0,10426
2023-05-11 09:36:56,jd2401,jd2401,4057.0,1.0,40570.0,0.0,7,4056.0,4060.0,11,4059.0,4068.0,4068.0,4051.0,224.0,9096230.0,10426
2023-05-11 09:37:12,jd2401,jd2401,4057.0,0.0,0.0,0.0,7,4056.0,4060.0,15,4059.0,4068.0,4068.0,4051.0,224.0,9096230.0,10426
2023-05-11 09:37:15,jd2401,jd2401,4057.0,0.0,0.0,0.0,7,4056.0,4059.0,1,4059.0,4068.0,4068.0,4051.0,224.0,9096230.0,10426
2023-05-11 09:37:15,jd2401,jd2401,4057.0,0.0,0.0,0.0,2,4057.0,4059.0,1,4059.0,4068.0,4068.0,4051.0,224.0,9096230.0,10426
2023-05-11 09:37:49,jd2401,jd2401,4057.0,0.0,0.0,0.0,2,4057.0,4059.0,2,4059.0,4068.0,4068.0,4051.0,224.0,9096230.0,10426
2023-05-11 09:37:49,jd2401,jd2401,4057.0,0.0,0.0,0.0,7,4056.0,4059.0,7,4059.0,4068.0,4068.0,4051.0,224.0,9096230.0,10426
2023-05-11 09:37:55,jd2401,jd2401,4057.0,0.0,0.0,0.0,2,4057.0,4059.0,1,4059.0,4068.0,4068.0,4051.0,224.0,9096230.0,10426
2023-05-11 09:38:06,jd2401,jd2401,4057.0,0.0,0.0,0.0,2,4057.0,4059.0,7,4059.0,4068.0,4068.0,4051.0,224.0,9096230.0,10426
2023-05-11 09:38:08,jd2401,jd2401,4057.0,0.0,0.0,0.0,2,4057.0,4059.0,1,4059.0,4068.0,4068.0,4051.0,224.0,9096230.0,10426
2023-05-11 09:39:34,jd2401,jd2401,4057.0,0.0,0.0,0.0,1,4058.0,4059.0,1,4059.0,4068.0,4068.0,4051.0,224.0,9096230.0,10426
2023-05-11 09:40:17,jd2401,jd2401,4058.0,1.0,40580.0,0.0,2,4057.0,4059.0,1,4059.0,4068.0,4068.0,4051.0,225.0,9136810.0,10426
2023-05-11 09:40:30,jd2401,jd2401,4058.0,0.0,0.0,0.0,2,4057.0,4059.0,6,4059.0,4068.0,4068.0,4051.0,225.0,9136810.0,10426
2023-05-11 09:40:34,jd2401,jd2401,4058.0,0.0,0.0,0.0,2,4057.0,4059.0,2,4059.0,4068.0,4068.0,4051.0,225.0,9136810.0,10426
2023-05-11 09:40:37,jd2401,jd2401,4058.0,0.0,0.0,0.0,2,4057.0,4059.0,6,4059.0,4068.0,4068.0,4051.0,225.0,9136810.0,10426
2023-05-11 09:40:43,jd2401,jd2401,4058.0,0.0,0.0,0.0,2,4057.0,4059.0,3,4059.0,4068.0,4068.0,4051.0,225.0,9136810.0,10426
2023-05-11 09:40:46,jd2401,jd2401,4058.0,0.0,0.0,0.0,2,4057.0,4059.0,1,4059.0,4068.0,4068.0,4051.0,225.0,9136810.0,10426
2023-05-11 09:41:19,jd2401,jd2401,4058.0,0.0,0.0,0.0,2,4057.0,4059.0,6,4059.0,4068.0,4068.0,4051.0,225.0,9136810.0,10426
2023-05-11 09:41:20,jd2401,jd2401,4058.0,0.0,0.0,0.0,2,4057.0,4059.0,1,4059.0,4068.0,4068.0,4051.0,225.0,9136810.0,10426
2023-05-11 09:41:22,jd2401,jd2401,4058.0,0.0,0.0,0.0,2,4057.0,4059.0,6,4059.0,4068.0,4068.0,4051.0,225.0,9136810.0,10426
2023-05-11 09:41:36,jd2401,jd2401,4057.0,2.0,81140.0,-2.0,7,4056.0,4059.0,1,4059.0,4068.0,4068.0,4051.0,227.0,9217950.0,10424
2023-05-11 09:41:38,jd2401,jd2401,4057.0,0.0,0.0,0.0,7,4056.0,4059.0,6,4059.0,4068.0,4068.0,4051.0,227.0,9217950.0,10424
2023-05-11 09:41:38,jd2401,jd2401,4057.0,0.0,0.0,0.0,1,4057.0,4059.0,6,4059.0,4068.0,4068.0,4051.0,227.0,9217950.0,10424
2023-05-11 09:41:48,jd2401,jd2401,4059.0,1.0,40590.0,0.0,1,4057.0,4060.0,1,4059.0,4068.0,4068.0,4051.0,228.0,9258540.0,10424
2023-05-11 09:41:49,jd2401,jd2401,4059.0,0.0,0.0,0.0,1,4057.0,4060.0,7,4059.0,4068.0,4068.0,4051.0,228.0,9258540.0,10424
2023-05-11 09:41:53,jd2401,jd2401,4059.0,0.0,0.0,0.0,7,4056.0,4060.0,7,4059.0,4068.0,4068.0,4051.0,228.0,9258540.0,10424
2023-05-11 09:42:10,jd2401,jd2401,4059.0,0.0,0.0,0.0,7,4056.0,4060.0,8,4059.0,4068.0,4068.0,4051.0,228.0,9258540.0,10424
2023-05-11 09:42:21,jd2401,jd2401,4056.0,1.0,40560.0,-1.0,6,4056.0,4060.0,8,4059.0,4068.0,4068.0,4051.0,229.0,9299100.0,10423
2023-05-11 09:42:32,jd2401,jd2401,4056.0,0.0,0.0,0.0,6,4056.0,4060.0,2,4059.0,4068.0,4068.0,4051.0,229.0,9299100.0,10423
2023-05-11 09:42:39,jd2401,jd2401,4056.0,0.0,0.0,0.0,6,4056.0,4060.0,3,4059.0,4068.0,4068.0,4051.0,229.0,9299100.0,10423
2023-05-11 09:42:52,jd2401,jd2401,4059.0,1.0,40590.0,0.0,6,4056.0,4060.0,3,4059.0,4068.0,4068.0,4051.0,230.0,9339690.0,10423
2023-05-11 09:42:59,jd2401,jd2401,4059.0,1.0,40590.0,0.0,6,4056.0,4060.0,3,4059.0,4068.0,4068.0,4051.0,231.0,9380280.0,10423
2023-05-11 09:43:17,jd2401,jd2401,4059.0,1.0,40590.0,0.0,6,4056.0,4060.0,3,4059.0,4068.0,4068.0,4051.0,232.0,9420870.0,10423
2023-05-11 09:43:59,jd2401,jd2401,4059.0,0.0,0.0,0.0,6,4056.0,4060.0,6,4059.0,4068.0,4068.0,4051.0,232.0,9420870.0,10423
2023-05-11 09:44:21,jd2401,jd2401,4059.0,0.0,0.0,0.0,6,4056.0,4060.0,8,4059.0,4068.0,4068.0,4051.0,232.0,9420870.0,10423
2023-05-11 09:44:31,jd2401,jd2401,4060.0,1.0,40600.0,-1.0,6,4056.0,4060.0,7,4059.0,4068.0,4068.0,4051.0,233.0,9461470.0,10422
2023-05-11 09:44:32,jd2401,jd2401,4060.0,0.0,0.0,0.0,6,4056.0,4060.0,8,4059.0,4068.0,4068.0,4051.0,233.0,9461470.0,10422
2023-05-11 09:44:48,jd2401,jd2401,4060.0,0.0,0.0,0.0,6,4056.0,4060.0,7,4059.0,4068.0,4068.0,4051.0,233.0,9461470.0,10422
2023-05-11 09:44:49,jd2401,jd2401,4060.0,0.0,0.0,0.0,6,4056.0,4060.0,8,4059.0,4068.0,4068.0,4051.0,233.0,9461470.0,10422
2023-05-11 09:44:49,jd2401,jd2401,4060.0,0.0,0.0,0.0,6,4056.0,4060.0,6,4059.0,4068.0,4068.0,4051.0,233.0,9461470.0,10422
2023-05-11 09:45:34,jd2401,jd2401,4056.0,4.0,162240.0,-4.0,2,4056.0,4060.0,6,4059.0,4068.0,4068.0,4051.0,237.0,9623710.0,10418
2023-05-11 09:45:38,jd2401,jd2401,4060.0,1.0,40600.0,0.0,2,4056.0,4060.0,5,4059.0,4068.0,4068.0,4051.0,238.0,9664310.0,10418
2023-05-11 09:45:40,jd2401,jd2401,4060.0,0.0,0.0,0.0,2,4056.0,4060.0,6,4059.0,4068.0,4068.0,4051.0,238.0,9664310.0,10418
2023-05-11 09:45:40,jd2401,jd2401,4060.0,0.0,0.0,0.0,2,4056.0,4060.0,7,4059.0,4068.0,4068.0,4051.0,238.0,9664310.0,10418
2023-05-11 09:46:02,jd2401,jd2401,4060.0,0.0,0.0,0.0,2,4056.0,4060.0,5,4059.0,4068.0,4068.0,4051.0,238.0,9664310.0,10418
2023-05-11 09:46:11,jd2401,jd2401,4056.0,2.0,81120.0,1.0,6,4055.0,4060.0,5,4059.0,4068.0,4068.0,4051.0,240.0,9745430.0,10419
2023-05-11 09:46:17,jd2401,jd2401,4056.0,0.0,0.0,0.0,6,4055.0,4059.0,5,4059.0,4068.0,4068.0,4051.0,240.0,9745430.0,10419
2023-05-11 09:46:27,jd2401,jd2401,4056.0,0.0,0.0,0.0,6,4055.0,4059.0,3,4059.0,4068.0,4068.0,4051.0,240.0,9745430.0,10419
2023-05-11 09:46:27,jd2401,jd2401,4056.0,0.0,0.0,0.0,6,4055.0,4059.0,5,4059.0,4068.0,4068.0,4051.0,240.0,9745430.0,10419
2023-05-11 09:46:32,jd2401,jd2401,4056.0,0.0,0.0,0.0,6,4055.0,4059.0,3,4059.0,4068.0,4068.0,4051.0,240.0,9745430.0,10419
2023-05-11 09:46:46,jd2401,jd2401,4056.0,0.0,0.0,0.0,6,4055.0,4056.0,2,4059.0,4068.0,4068.0,4051.0,240.0,9745430.0,10419
2023-05-11 09:47:05,jd2401,jd2401,4055.0,1.0,40550.0,0.0,5,4055.0,4056.0,2,4059.0,4068.0,4068.0,4051.0,241.0,9785980.0,10419
2023-05-11 09:47:15,jd2401,jd2401,4055.0,3.0,121650.0,0.0,2,4055.0,4056.0,2,4059.0,4068.0,4068.0,4051.0,244.0,9907630.0,10419
2023-05-11 09:47:20,jd2401,jd2401,4056.0,1.0,40560.0,0.0,2,4055.0,4056.0,1,4059.0,4068.0,4068.0,4051.0,245.0,9948190.0,10419
2023-05-11 09:47:22,jd2401,jd2401,4055.0,2.0,81100.0,0.0,1,4054.0,4055.0,1,4059.0,4068.0,4068.0,4051.0,247.0,10029290.0,10419
2023-05-11 09:47:25,jd2401,jd2401,4055.0,1.0,40550.0,0.0,1,4054.0,4056.0,1,4059.0,4068.0,4068.0,4051.0,248.0,10069840.0,10419
2023-05-11 09:48:06,jd2401,jd2401,4056.0,1.0,40560.0,1.0,5,4055.0,4059.0,5,4059.0,4068.0,4068.0,4051.0,249.0,10110400.0,10420
2023-05-11 09:48:08,jd2401,jd2401,4055.0,1.0,40550.0,0.0,4,4055.0,4059.0,5,4059.0,4068.0,4068.0,4051.0,250.0,10150950.0,10420
2023-05-11 09:48:34,jd2401,jd2401,4055.0,0.0,0.0,0.0,1,4054.0,4057.0,1,4059.0,4068.0,4068.0,4051.0,250.0,10150950.0,10420
2023-05-11 09:48:34,jd2401,jd2401,4055.0,0.0,0.0,0.0,1,4054.0,4056.0,3,4059.0,4068.0,4068.0,4051.0,250.0,10150950.0,10420
2023-05-11 09:48:36,jd2401,jd2401,4055.0,0.0,0.0,0.0,2,4054.0,4056.0,3,4059.0,4068.0,4068.0,4051.0,250.0,10150950.0,10420
2023-05-11 09:48:40,jd2401,jd2401,4055.0,0.0,0.0,0.0,2,4054.0,4055.0,1,4059.0,4068.0,4068.0,4051.0,250.0,10150950.0,10420
2023-05-11 09:48:45,jd2401,jd2401,4055.0,1.0,40550.0,0.0,2,4054.0,4060.0,2,4059.0,4068.0,4068.0,4051.0,251.0,10191500.0,10420
2023-05-11 09:48:45,jd2401,jd2401,4055.0,0.0,0.0,0.0,4,4055.0,4059.0,5,4059.0,4068.0,4068.0,4051.0,251.0,10191500.0,10420
2023-05-11 09:49:13,jd2401,jd2401,4055.0,0.0,0.0,0.0,2,4054.0,4057.0,1,4059.0,4068.0,4068.0,4051.0,251.0,10191500.0,10420
2023-05-11 09:49:14,jd2401,jd2401,4055.0,0.0,0.0,0.0,2,4054.0,4056.0,1,4059.0,4068.0,4068.0,4051.0,251.0,10191500.0,10420
2023-05-11 09:49:17,jd2401,jd2401,4056.0,1.0,40560.0,0.0,2,4054.0,4058.0,6,4059.0,4068.0,4068.0,4051.0,252.0,10232060.0,10420
2023-05-11 09:49:18,jd2401,jd2401,4056.0,0.0,0.0,0.0,1,4056.0,4058.0,6,4059.0,4068.0,4068.0,4051.0,252.0,10232060.0,10420
2023-05-11 09:49:19,jd2401,jd2401,4056.0,1.0,40560.0,0.0,2,4054.0,4058.0,6,4059.0,4068.0,4068.0,4051.0,253.0,10272620.0,10420
2023-05-11 09:49:22,jd2401,jd2401,4056.0,0.0,0.0,0.0,5,4055.0,4059.0,5,4059.0,4068.0,4068.0,4051.0,253.0,10272620.0,10420
2023-05-11 09:49:44,jd2401,jd2401,4056.0,0.0,0.0,0.0,5,4055.0,4058.0,10,4059.0,4068.0,4068.0,4051.0,253.0,10272620.0,10420
2023-05-11 09:49:45,jd2401,jd2401,4056.0,0.0,0.0,0.0,2,4054.0,4058.0,10,4059.0,4068.0,4068.0,4051.0,253.0,10272620.0,10420
2023-05-11 09:50:26,jd2401,jd2401,4056.0,0.0,0.0,0.0,2,4054.0,4058.0,11,4059.0,4068.0,4068.0,4051.0,253.0,10272620.0,10420
2023-05-11 09:50:42,jd2401,jd2401,4056.0,0.0,0.0,0.0,2,4054.0,4058.0,10,4059.0,4068.0,4068.0,4051.0,253.0,10272620.0,10420
2023-05-11 09:51:09,jd2401,jd2401,4056.0,0.0,0.0,0.0,5,4055.0,4058.0,10,4059.0,4068.0,4068.0,4051.0,253.0,10272620.0,10420
2023-05-11 09:51:22,jd2401,jd2401,4056.0,0.0,0.0,0.0,1,4056.0,4058.0,10,4059.0,4068.0,4068.0,4051.0,253.0,10272620.0,10420
2023-05-11 09:51:27,jd2401,jd2401,4056.0,0.0,0.0,0.0,1,4056.0,4058.0,15,4059.0,4068.0,4068.0,4051.0,253.0,10272620.0,10420
2023-05-11 09:51:32,jd2401,jd2401,4058.0,10.0,405800.0,0.0,1,4056.0,4058.0,5,4059.0,4068.0,4068.0,4051.0,263.0,10678420.0,10420
2023-05-11 09:51:32,jd2401,jd2401,4058.0,0.0,0.0,0.0,2,4056.0,4058.0,5,4059.0,4068.0,4068.0,4051.0,263.0,10678420.0,10420
2023-05-11 09:51:39,jd2401,jd2401,4058.0,1.0,40580.0,0.0,2,4056.0,4058.0,4,4059.0,4068.0,4068.0,4051.0,264.0,10719000.0,10420
2023-05-11 09:51:53,jd2401,jd2401,4058.0,1.0,40580.0,0.0,2,4056.0,4058.0,3,4059.0,4068.0,4068.0,4051.0,265.0,10759580.0,10420
2023-05-11 09:52:32,jd2401,jd2401,4058.0,3.0,121740.0,0.0,12,4056.0,4060.0,2,4059.0,4068.0,4068.0,4051.0,268.0,10881320.0,10420
2023-05-11 09:52:41,jd2401,jd2401,4058.0,0.0,0.0,0.0,11,4056.0,4060.0,2,4059.0,4068.0,4068.0,4051.0,268.0,10881320.0,10420
2023-05-11 09:52:45,jd2401,jd2401,4058.0,0.0,0.0,0.0,1,4059.0,4060.0,2,4059.0,4068.0,4068.0,4051.0,268.0,10881320.0,10420
2023-05-11 09:53:11,jd2401,jd2401,4058.0,0.0,0.0,0.0,11,4056.0,4060.0,2,4059.0,4068.0,4068.0,4051.0,268.0,10881320.0,10420
2023-05-11 09:53:12,jd2401,jd2401,4060.0,1.0,40600.0,0.0,11,4056.0,4060.0,1,4059.0,4068.0,4068.0,4051.0,269.0,10921920.0,10420
2023-05-11 09:53:17,jd2401,jd2401,4060.0,0.0,0.0,0.0,11,4056.0,4060.0,2,4059.0,4068.0,4068.0,4051.0,269.0,10921920.0,10420
2023-05-11 09:53:18,jd2401,jd2401,4060.0,0.0,0.0,0.0,11,4056.0,4060.0,1,4059.0,4068.0,4068.0,4051.0,269.0,10921920.0,10420
2023-05-11 09:53:18,jd2401,jd2401,4060.0,0.0,0.0,0.0,11,4056.0,4060.0,2,4059.0,4068.0,4068.0,4051.0,269.0,10921920.0,10420
2023-05-11 09:53:20,jd2401,jd2401,4060.0,0.0,0.0,0.0,11,4056.0,4060.0,1,4059.0,4068.0,4068.0,4051.0,269.0,10921920.0,10420
2023-05-11 09:54:40,jd2401,jd2401,4060.0,2.0,81200.0,-2.0,11,4056.0,4060.0,4,4059.0,4068.0,4068.0,4051.0,271.0,11003120.0,10418
2023-05-11 09:55:20,jd2401,jd2401,4060.0,0.0,0.0,0.0,3,4057.0,4060.0,4,4059.0,4068.0,4068.0,4051.0,271.0,11003120.0,10418
2023-05-11 09:56:23,jd2401,jd2401,4060.0,0.0,0.0,0.0,3,4057.0,4060.0,5,4059.0,4068.0,4068.0,4051.0,271.0,11003120.0,10418
2023-05-11 09:56:26,jd2401,jd2401,4057.0,1.0,40570.0,0.0,2,4057.0,4060.0,5,4059.0,4068.0,4068.0,4051.0,272.0,11043690.0,10418
2023-05-11 09:56:53,jd2401,jd2401,4057.0,0.0,0.0,0.0,2,4057.0,4059.0,1,4059.0,4068.0,4068.0,4051.0,272.0,11043690.0,10418
2023-05-11 09:57:47,jd2401,jd2401,4057.0,0.0,0.0,0.0,1,4058.0,4059.0,1,4059.0,4068.0,4068.0,4051.0,272.0,11043690.0,10418
2023-05-11 09:58:13,jd2401,jd2401,4057.0,0.0,0.0,0.0,2,4058.0,4059.0,1,4059.0,4068.0,4068.0,4051.0,272.0,11043690.0,10418
2023-05-11 09:58:16,jd2401,jd2401,4058.0,1.0,40580.0,-1.0,2,4057.0,4059.0,1,4059.0,4068.0,4068.0,4051.0,273.0,11084270.0,10417
2023-05-11 09:58:33,jd2401,jd2401,4058.0,0.0,0.0,0.0,3,4057.0,4059.0,1,4059.0,4068.0,4068.0,4051.0,273.0,11084270.0,10417
2023-05-11 09:58:34,jd2401,jd2401,4058.0,0.0,0.0,0.0,2,4057.0,4059.0,1,4059.0,4068.0,4068.0,4051.0,273.0,11084270.0,10417
2023-05-11 09:58:39,jd2401,jd2401,4058.0,0.0,0.0,0.0,3,4057.0,4059.0,1,4059.0,4068.0,4068.0,4051.0,273.0,11084270.0,10417
2023-05-11 09:58:40,jd2401,jd2401,4058.0,0.0,0.0,0.0,2,4057.0,4059.0,1,4059.0,4068.0,4068.0,4051.0,273.0,11084270.0,10417
2023-05-11 09:58:44,jd2401,jd2401,4059.0,1.0,40590.0,0.0,2,4057.0,4060.0,5,4059.0,4068.0,4068.0,4051.0,274.0,11124860.0,10417
2023-05-11 09:58:44,jd2401,jd2401,4059.0,0.0,0.0,0.0,6,4057.0,4060.0,5,4059.0,4068.0,4068.0,4051.0,274.0,11124860.0,10417
2023-05-11 09:58:45,jd2401,jd2401,4059.0,0.0,0.0,0.0,2,4057.0,4060.0,5,4059.0,4068.0,4068.0,4051.0,274.0,11124860.0,10417
2023-05-11 09:58:45,jd2401,jd2401,4059.0,0.0,0.0,0.0,3,4057.0,4060.0,5,4059.0,4068.0,4068.0,4051.0,274.0,11124860.0,10417
2023-05-11 09:58:46,jd2401,jd2401,4059.0,0.0,0.0,0.0,4,4057.0,4060.0,5,4059.0,4068.0,4068.0,4051.0,274.0,11124860.0,10417
2023-05-11 09:58:48,jd2401,jd2401,4059.0,0.0,0.0,0.0,6,4057.0,4060.0,5,4059.0,4068.0,4068.0,4051.0,274.0,11124860.0,10417
2023-05-11 09:59:23,jd2401,jd2401,4059.0,0.0,0.0,0.0,2,4057.0,4060.0,5,4059.0,4068.0,4068.0,4051.0,274.0,11124860.0,10417
2023-05-11 09:59:28,jd2401,jd2401,4059.0,0.0,0.0,0.0,6,4057.0,4060.0,5,4059.0,4068.0,4068.0,4051.0,274.0,11124860.0,10417
2023-05-11 09:59:52,jd2401,jd2401,4059.0,0.0,0.0,0.0,2,4057.0,4060.0,5,4059.0,4068.0,4068.0,4051.0,274.0,11124860.0,10417
2023-05-11 09:59:55,jd2401,jd2401,4059.0,0.0,0.0,0.0,3,4057.0,4060.0,5,4059.0,4068.0,4068.0,4051.0,274.0,11124860.0,10417
2023-05-11 09:59:58,jd2401,jd2401,4059.0,0.0,0.0,0.0,2,4057.0,4060.0,5,4059.0,4068.0,4068.0,4051.0,274.0,11124860.0,10417
2023-05-11 10:00:03,jd2401,jd2401,4059.0,0.0,0.0,0.0,3,4057.0,4060.0,5,4059.0,4068.0,4068.0,4051.0,274.0,11124860.0,10417
2023-05-11 10:00:03,jd2401,jd2401,4059.0,0.0,0.0,0.0,2,4057.0,4060.0,5,4059.0,4068.0,4068.0,4051.0,274.0,11124860.0,10417
2023-05-11 10:00:32,jd2401,jd2401,4059.0,0.0,0.0,0.0,6,4057.0,4060.0,5,4059.0,4068.0,4068.0,4051.0,274.0,11124860.0,10417
2023-05-11 10:00:34,jd2401,jd2401,4059.0,0.0,0.0,0.0,2,4057.0,4060.0,5,4059.0,4068.0,4068.0,4051.0,274.0,11124860.0,10417
2023-05-11 10:00:57,jd2401,jd2401,4056.0,10.0,405620.0,0.0,6,4056.0,4060.0,5,4059.0,4068.0,4068.0,4051.0,284.0,11530480.0,10417
2023-05-11 10:01:12,jd2401,jd2401,4056.0,0.0,0.0,0.0,5,4056.0,4060.0,5,4059.0,4068.0,4068.0,4051.0,284.0,11530480.0,10417
2023-05-11 10:01:13,jd2401,jd2401,4056.0,0.0,0.0,0.0,2,4056.0,4060.0,5,4059.0,4068.0,4068.0,4051.0,284.0,11530480.0,10417
2023-05-11 10:01:13,jd2401,jd2401,4056.0,0.0,0.0,0.0,3,4056.0,4060.0,5,4059.0,4068.0,4068.0,4051.0,284.0,11530480.0,10417
2023-05-11 10:01:14,jd2401,jd2401,4056.0,0.0,0.0,0.0,4,4056.0,4060.0,5,4059.0,4068.0,4068.0,4051.0,284.0,11530480.0,10417
2023-05-11 10:01:16,jd2401,jd2401,4056.0,0.0,0.0,0.0,5,4056.0,4060.0,5,4059.0,4068.0,4068.0,4051.0,284.0,11530480.0,10417
2023-05-11 10:01:17,jd2401,jd2401,4056.0,0.0,0.0,0.0,2,4056.0,4060.0,5,4059.0,4068.0,4068.0,4051.0,284.0,11530480.0,10417
2023-05-11 10:01:20,jd2401,jd2401,4056.0,0.0,0.0,0.0,4,4056.0,4060.0,5,4059.0,4068.0,4068.0,4051.0,284.0,11530480.0,10417
2023-05-11 10:01:22,jd2401,jd2401,4056.0,0.0,0.0,0.0,6,4056.0,4060.0,5,4059.0,4068.0,4068.0,4051.0,284.0,11530480.0,10417
2023-05-11 10:01:23,jd2401,jd2401,4056.0,0.0,0.0,0.0,2,4056.0,4060.0,5,4059.0,4068.0,4068.0,4051.0,284.0,11530480.0,10417
2023-05-11 10:01:28,jd2401,jd2401,4056.0,0.0,0.0,0.0,3,4056.0,4060.0,5,4059.0,4068.0,4068.0,4051.0,284.0,11530480.0,10417
2023-05-11 10:01:58,jd2401,jd2401,4056.0,0.0,0.0,0.0,2,4056.0,4060.0,5,4059.0,4068.0,4068.0,4051.0,284.0,11530480.0,10417
2023-05-11 10:01:58,jd2401,jd2401,4060.0,1.0,40600.0,0.0,2,4056.0,4060.0,4,4059.0,4068.0,4068.0,4051.0,285.0,11571080.0,10417
2023-05-11 10:02:44,jd2401,jd2401,4060.0,2.0,81200.0,0.0,2,4056.0,4060.0,2,4059.0,4068.0,4068.0,4051.0,287.0,11652280.0,10417
2023-05-11 10:02:57,jd2401,jd2401,4060.0,0.0,0.0,0.0,2,4056.0,4060.0,3,4059.0,4068.0,4068.0,4051.0,287.0,11652280.0,10417
2023-05-11 10:03:06,jd2401,jd2401,4060.0,0.0,0.0,0.0,2,4056.0,4060.0,2,4059.0,4068.0,4068.0,4051.0,287.0,11652280.0,10417
2023-05-11 10:03:09,jd2401,jd2401,4060.0,0.0,0.0,0.0,2,4056.0,4060.0,5,4059.0,4068.0,4068.0,4051.0,287.0,11652280.0,10417
2023-05-11 10:03:22,jd2401,jd2401,4056.0,1.0,40560.0,0.0,1,4056.0,4060.0,5,4059.0,4068.0,4068.0,4051.0,288.0,11692840.0,10417
2023-05-11 10:03:24,jd2401,jd2401,4056.0,0.0,0.0,0.0,1,4056.0,4059.0,6,4059.0,4068.0,4068.0,4051.0,288.0,11692840.0,10417
2023-05-11 10:03:28,jd2401,jd2401,4056.0,0.0,0.0,0.0,1,4056.0,4059.0,7,4059.0,4068.0,4068.0,4051.0,288.0,11692840.0,10417
2023-05-11 10:03:30,jd2401,jd2401,4056.0,0.0,0.0,0.0,1,4056.0,4059.0,6,4059.0,4068.0,4068.0,4051.0,288.0,11692840.0,10417
2023-05-11 10:03:34,jd2401,jd2401,4056.0,1.0,40560.0,0.0,9,4055.0,4059.0,6,4059.0,4068.0,4068.0,4051.0,289.0,11733400.0,10417
2023-05-11 10:03:59,jd2401,jd2401,4056.0,0.0,0.0,0.0,9,4055.0,4059.0,14,4059.0,4068.0,4068.0,4051.0,289.0,11733400.0,10417
2023-05-11 10:04:19,jd2401,jd2401,4056.0,0.0,0.0,0.0,9,4055.0,4059.0,6,4059.0,4068.0,4068.0,4051.0,289.0,11733400.0,10417
2023-05-11 10:04:33,jd2401,jd2401,4056.0,0.0,0.0,0.0,9,4055.0,4060.0,5,4059.0,4068.0,4068.0,4051.0,289.0,11733400.0,10417
2023-05-11 10:04:57,jd2401,jd2401,4056.0,0.0,0.0,0.0,9,4055.0,4059.0,5,4059.0,4068.0,4068.0,4051.0,289.0,11733400.0,10417
2023-05-11 10:04:57,jd2401,jd2401,4056.0,0.0,0.0,0.0,9,4055.0,4059.0,11,4059.0,4068.0,4068.0,4051.0,289.0,11733400.0,10417
2023-05-11 10:05:00,jd2401,jd2401,4056.0,0.0,0.0,0.0,9,4055.0,4059.0,19,4059.0,4068.0,4068.0,4051.0,289.0,11733400.0,10417
2023-05-11 10:05:00,jd2401,jd2401,4056.0,0.0,0.0,0.0,9,4055.0,4059.0,14,4059.0,4068.0,4068.0,4051.0,289.0,11733400.0,10417
2023-05-11 10:05:01,jd2401,jd2401,4056.0,0.0,0.0,0.0,9,4055.0,4059.0,19,4059.0,4068.0,4068.0,4051.0,289.0,11733400.0,10417
2023-05-11 10:05:41,jd2401,jd2401,4056.0,0.0,0.0,0.0,9,4055.0,4059.0,17,4059.0,4068.0,4068.0,4051.0,289.0,11733400.0,10417
2023-05-11 10:05:42,jd2401,jd2401,4056.0,0.0,0.0,0.0,9,4055.0,4059.0,19,4059.0,4068.0,4068.0,4051.0,289.0,11733400.0,10417
2023-05-11 10:05:54,jd2401,jd2401,4056.0,0.0,0.0,0.0,9,4055.0,4059.0,18,4059.0,4068.0,4068.0,4051.0,289.0,11733400.0,10417
2023-05-11 10:05:54,jd2401,jd2401,4056.0,0.0,0.0,0.0,9,4055.0,4059.0,20,4059.0,4068.0,4068.0,4051.0,289.0,11733400.0,10417
2023-05-11 10:05:55,jd2401,jd2401,4056.0,0.0,0.0,0.0,9,4055.0,4059.0,21,4059.0,4068.0,4068.0,4051.0,289.0,11733400.0,10417
2023-05-11 10:05:56,jd2401,jd2401,4056.0,0.0,0.0,0.0,9,4055.0,4059.0,17,4059.0,4068.0,4068.0,4051.0,289.0,11733400.0,10417
2023-05-11 10:05:57,jd2401,jd2401,4056.0,0.0,0.0,0.0,9,4055.0,4059.0,12,4059.0,4068.0,4068.0,4051.0,289.0,11733400.0,10417
2023-05-11 10:05:57,jd2401,jd2401,4056.0,0.0,0.0,0.0,9,4055.0,4059.0,13,4059.0,4068.0,4068.0,4051.0,289.0,11733400.0,10417
2023-05-11 10:05:58,jd2401,jd2401,4056.0,0.0,0.0,0.0,9,4055.0,4059.0,11,4059.0,4068.0,4068.0,4051.0,289.0,11733400.0,10417
2023-05-11 10:06:09,jd2401,jd2401,4056.0,0.0,0.0,0.0,9,4055.0,4059.0,5,4059.0,4068.0,4068.0,4051.0,289.0,11733400.0,10417
2023-05-11 10:08:03,jd2401,jd2401,4055.0,1.0,40550.0,1.0,8,4055.0,4059.0,5,4059.0,4068.0,4068.0,4051.0,290.0,11773950.0,10418
2023-05-11 10:08:47,jd2401,jd2401,4055.0,1.0,40550.0,0.0,7,4055.0,4059.0,5,4059.0,4068.0,4068.0,4051.0,291.0,11814500.0,10418
2023-05-11 10:08:49,jd2401,jd2401,4055.0,0.0,0.0,0.0,7,4055.0,4056.0,1,4059.0,4068.0,4068.0,4051.0,291.0,11814500.0,10418
2023-05-11 10:08:54,jd2401,jd2401,4056.0,1.0,40560.0,0.0,7,4055.0,4060.0,5,4059.0,4068.0,4068.0,4051.0,292.0,11855060.0,10418
2023-05-11 10:08:54,jd2401,jd2401,4056.0,0.0,0.0,0.0,7,4055.0,4059.0,5,4059.0,4068.0,4068.0,4051.0,292.0,11855060.0,10418
2023-05-11 10:08:57,jd2401,jd2401,4056.0,0.0,0.0,0.0,7,4055.0,4056.0,2,4059.0,4068.0,4068.0,4051.0,292.0,11855060.0,10418
2023-05-11 10:09:04,jd2401,jd2401,4056.0,1.0,40560.0,0.0,7,4055.0,4056.0,1,4059.0,4068.0,4068.0,4051.0,293.0,11895620.0,10418
2023-05-11 10:09:40,jd2401,jd2401,4056.0,1.0,40560.0,0.0,7,4055.0,4060.0,5,4059.0,4068.0,4068.0,4051.0,294.0,11936180.0,10418
2023-05-11 10:09:41,jd2401,jd2401,4056.0,0.0,0.0,0.0,1,4056.0,4059.0,5,4059.0,4068.0,4068.0,4051.0,294.0,11936180.0,10418
2023-05-11 10:09:43,jd2401,jd2401,4056.0,0.0,0.0,0.0,7,4055.0,4059.0,5,4059.0,4068.0,4068.0,4051.0,294.0,11936180.0,10418
2023-05-11 10:11:04,jd2401,jd2401,4056.0,0.0,0.0,0.0,7,4055.0,4058.0,1,4059.0,4068.0,4068.0,4051.0,294.0,11936180.0,10418
2023-05-11 10:11:08,jd2401,jd2401,4056.0,0.0,0.0,0.0,4,4056.0,4058.0,1,4059.0,4068.0,4068.0,4051.0,294.0,11936180.0,10418
2023-05-11 10:11:09,jd2401,jd2401,4056.0,0.0,0.0,0.0,7,4055.0,4058.0,1,4059.0,4068.0,4068.0,4051.0,294.0,11936180.0,10418
2023-05-11 10:11:13,jd2401,jd2401,4056.0,0.0,0.0,0.0,2,4056.0,4058.0,1,4059.0,4068.0,4068.0,4051.0,294.0,11936180.0,10418
2023-05-11 10:12:06,jd2401,jd2401,4056.0,0.0,0.0,0.0,2,4056.0,4058.0,21,4059.0,4068.0,4068.0,4051.0,294.0,11936180.0,10418
2023-05-11 10:12:11,jd2401,jd2401,4056.0,0.0,0.0,0.0,22,4056.0,4058.0,21,4059.0,4068.0,4068.0,4051.0,294.0,11936180.0,10418
2023-05-11 10:12:18,jd2401,jd2401,4056.0,0.0,0.0,0.0,21,4056.0,4058.0,21,4059.0,4068.0,4068.0,4051.0,294.0,11936180.0,10418
2023-05-11 10:12:21,jd2401,jd2401,4056.0,0.0,0.0,0.0,22,4056.0,4058.0,21,4059.0,4068.0,4068.0,4051.0,294.0,11936180.0,10418
2023-05-11 10:12:26,jd2401,jd2401,4056.0,10.0,405600.0,0.0,7,4055.0,4058.0,21,4059.0,4068.0,4068.0,4051.0,304.0,12341780.0,10418
2023-05-11 10:12:44,jd2401,jd2401,4056.0,7.0,283920.0,7.0,7,4055.0,4058.0,21,4059.0,4068.0,4068.0,4051.0,311.0,12625700.0,10425
2023-05-11 10:12:45,jd2401,jd2401,4056.0,0.0,0.0,0.0,12,4055.0,4058.0,1,4059.0,4068.0,4068.0,4051.0,311.0,12625700.0,10425
2023-05-11 10:12:46,jd2401,jd2401,4056.0,0.0,0.0,0.0,7,4055.0,4058.0,3,4059.0,4068.0,4068.0,4051.0,311.0,12625700.0,10425
2023-05-11 10:12:48,jd2401,jd2401,4056.0,0.0,0.0,0.0,7,4055.0,4056.0,7,4059.0,4068.0,4068.0,4051.0,311.0,12625700.0,10425
2023-05-11 10:12:49,jd2401,jd2401,4056.0,2.0,81120.0,0.0,7,4055.0,4056.0,5,4059.0,4068.0,4068.0,4051.0,313.0,12706820.0,10425
2023-05-11 10:12:51,jd2401,jd2401,4056.0,0.0,0.0,0.0,8,4055.0,4056.0,5,4059.0,4068.0,4068.0,4051.0,313.0,12706820.0,10425
2023-05-11 10:12:54,jd2401,jd2401,4056.0,0.0,0.0,0.0,12,4055.0,4056.0,5,4059.0,4068.0,4068.0,4051.0,313.0,12706820.0,10425
2023-05-11 10:13:01,jd2401,jd2401,4056.0,5.0,202800.0,5.0,7,4055.0,4057.0,7,4059.0,4068.0,4068.0,4051.0,318.0,12909620.0,10430
2023-05-11 10:13:17,jd2401,jd2401,4056.0,0.0,0.0,0.0,1,4056.0,4057.0,7,4059.0,4068.0,4068.0,4051.0,318.0,12909620.0,10430
2023-05-11 10:13:23,jd2401,jd2401,4056.0,0.0,0.0,0.0,2,4056.0,4057.0,7,4059.0,4068.0,4068.0,4051.0,318.0,12909620.0,10430
2023-05-11 10:13:29,jd2401,jd2401,4056.0,0.0,0.0,0.0,2,4056.0,4057.0,25,4059.0,4068.0,4068.0,4051.0,318.0,12909620.0,10430
2023-05-11 10:13:33,jd2401,jd2401,4056.0,0.0,0.0,0.0,2,4056.0,4057.0,23,4059.0,4068.0,4068.0,4051.0,318.0,12909620.0,10430
2023-05-11 10:13:38,jd2401,jd2401,4056.0,0.0,0.0,0.0,2,4056.0,4057.0,18,4059.0,4068.0,4068.0,4051.0,318.0,12909620.0,10430
2023-05-11 10:13:38,jd2401,jd2401,4056.0,0.0,0.0,0.0,2,4056.0,4057.0,19,4059.0,4068.0,4068.0,4051.0,318.0,12909620.0,10430
2023-05-11 10:13:39,jd2401,jd2401,4056.0,0.0,0.0,0.0,2,4056.0,4057.0,18,4059.0,4068.0,4068.0,4051.0,318.0,12909620.0,10430
2023-05-11 10:13:41,jd2401,jd2401,4056.0,0.0,0.0,0.0,2,4056.0,4057.0,17,4059.0,4068.0,4068.0,4051.0,318.0,12909620.0,10430
2023-05-11 10:13:42,jd2401,jd2401,4056.0,0.0,0.0,0.0,2,4056.0,4057.0,25,4059.0,4068.0,4068.0,4051.0,318.0,12909620.0,10430
2023-05-11 10:13:46,jd2401,jd2401,4056.0,0.0,0.0,0.0,2,4056.0,4057.0,27,4059.0,4068.0,4068.0,4051.0,318.0,12909620.0,10430
2023-05-11 10:14:04,jd2401,jd2401,4056.0,0.0,0.0,0.0,2,4056.0,4057.0,7,4059.0,4068.0,4068.0,4051.0,318.0,12909620.0,10430
2023-05-11 10:30:06,jd2401,jd2401,4057.0,1.0,40570.0,1.0,2,4056.0,4057.0,6,4059.0,4068.0,4068.0,4051.0,319.0,12950190.0,10431
2023-05-11 10:30:46,jd2401,jd2401,4057.0,0.0,0.0,0.0,3,4056.0,4057.0,6,4059.0,4068.0,4068.0,4051.0,319.0,12950190.0,10431
2023-05-11 10:31:05,jd2401,jd2401,4056.0,2.0,81120.0,0.0,1,4056.0,4057.0,6,4059.0,4068.0,4068.0,4051.0,321.0,13031310.0,10431
2023-05-11 10:31:33,jd2401,jd2401,4056.0,0.0,0.0,0.0,2,4056.0,4057.0,6,4059.0,4068.0,4068.0,4051.0,321.0,13031310.0,10431
2023-05-11 10:31:34,jd2401,jd2401,4056.0,0.0,0.0,0.0,1,4056.0,4057.0,6,4059.0,4068.0,4068.0,4051.0,321.0,13031310.0,10431
2023-05-11 10:31:51,jd2401,jd2401,4057.0,1.0,40570.0,0.0,1,4056.0,4057.0,5,4059.0,4068.0,4068.0,4051.0,322.0,13071880.0,10431
2023-05-11 10:31:51,jd2401,jd2401,4057.0,0.0,0.0,0.0,1,4056.0,4057.0,6,4059.0,4068.0,4068.0,4051.0,322.0,13071880.0,10431
2023-05-11 10:32:02,jd2401,jd2401,4057.0,0.0,0.0,0.0,5,4056.0,4057.0,6,4059.0,4068.0,4068.0,4051.0,322.0,13071880.0,10431
2023-05-11 10:32:04,jd2401,jd2401,4057.0,0.0,0.0,0.0,2,4056.0,4057.0,6,4059.0,4068.0,4068.0,4051.0,322.0,13071880.0,10431
2023-05-11 10:32:07,jd2401,jd2401,4057.0,0.0,0.0,0.0,1,4056.0,4057.0,6,4059.0,4068.0,4068.0,4051.0,322.0,13071880.0,10431
2023-05-11 10:32:08,jd2401,jd2401,4057.0,0.0,0.0,0.0,3,4056.0,4057.0,6,4059.0,4068.0,4068.0,4051.0,322.0,13071880.0,10431
2023-05-11 10:32:09,jd2401,jd2401,4057.0,0.0,0.0,0.0,2,4056.0,4057.0,6,4059.0,4068.0,4068.0,4051.0,322.0,13071880.0,10431
2023-05-11 10:32:10,jd2401,jd2401,4057.0,0.0,0.0,0.0,3,4056.0,4057.0,6,4059.0,4068.0,4068.0,4051.0,322.0,13071880.0,10431
2023-05-11 10:32:13,jd2401,jd2401,4057.0,0.0,0.0,0.0,5,4056.0,4057.0,6,4059.0,4068.0,4068.0,4051.0,322.0,13071880.0,10431
2023-05-11 10:32:32,jd2401,jd2401,4057.0,0.0,0.0,0.0,1,4056.0,4057.0,6,4059.0,4068.0,4068.0,4051.0,322.0,13071880.0,10431
2023-05-11 10:33:12,jd2401,jd2401,4057.0,0.0,0.0,0.0,5,4056.0,4057.0,6,4059.0,4068.0,4068.0,4051.0,322.0,13071880.0,10431
2023-05-11 10:33:13,jd2401,jd2401,4057.0,0.0,0.0,0.0,6,4056.0,4057.0,5,4059.0,4068.0,4068.0,4051.0,322.0,13071880.0,10431
2023-05-11 10:33:13,jd2401,jd2401,4057.0,0.0,0.0,0.0,2,4056.0,4057.0,5,4059.0,4068.0,4068.0,4051.0,322.0,13071880.0,10431
2023-05-11 10:33:14,jd2401,jd2401,4057.0,0.0,0.0,0.0,4,4056.0,4057.0,5,4059.0,4068.0,4068.0,4051.0,322.0,13071880.0,10431
2023-05-11 10:33:16,jd2401,jd2401,4057.0,0.0,0.0,0.0,5,4056.0,4057.0,5,4059.0,4068.0,4068.0,4051.0,322.0,13071880.0,10431
2023-05-11 10:33:16,jd2401,jd2401,4057.0,0.0,0.0,0.0,2,4056.0,4057.0,5,4059.0,4068.0,4068.0,4051.0,322.0,13071880.0,10431
2023-05-11 10:33:23,jd2401,jd2401,4057.0,0.0,0.0,0.0,4,4056.0,4057.0,5,4059.0,4068.0,4068.0,4051.0,322.0,13071880.0,10431
2023-05-11 10:33:25,jd2401,jd2401,4057.0,0.0,0.0,0.0,3,4056.0,4057.0,5,4059.0,4068.0,4068.0,4051.0,322.0,13071880.0,10431
2023-05-11 10:33:27,jd2401,jd2401,4057.0,0.0,0.0,0.0,4,4056.0,4057.0,5,4059.0,4068.0,4068.0,4051.0,322.0,13071880.0,10431
2023-05-11 10:33:27,jd2401,jd2401,4057.0,0.0,0.0,0.0,3,4056.0,4057.0,5,4059.0,4068.0,4068.0,4051.0,322.0,13071880.0,10431
2023-05-11 10:33:28,jd2401,jd2401,4057.0,0.0,0.0,0.0,2,4056.0,4057.0,5,4059.0,4068.0,4068.0,4051.0,322.0,13071880.0,10431
2023-05-11 10:33:39,jd2401,jd2401,4057.0,0.0,0.0,0.0,6,4056.0,4057.0,5,4059.0,4068.0,4068.0,4051.0,322.0,13071880.0,10431
2023-05-11 10:34:01,jd2401,jd2401,4057.0,2.0,81140.0,2.0,6,4056.0,4057.0,3,4059.0,4068.0,4068.0,4051.0,324.0,13153020.0,10433
2023-05-11 10:34:02,jd2401,jd2401,4057.0,1.0,40570.0,0.0,6,4056.0,4057.0,2,4059.0,4068.0,4068.0,4051.0,325.0,13193590.0,10433
2023-05-11 10:34:07,jd2401,jd2401,4057.0,2.0,81140.0,0.0,4,4056.0,4058.0,1,4059.0,4068.0,4068.0,4051.0,327.0,13274730.0,10433
2023-05-11 10:34:07,jd2401,jd2401,4057.0,0.0,0.0,0.0,2,4056.0,4058.0,1,4059.0,4068.0,4068.0,4051.0,327.0,13274730.0,10433
2023-05-11 10:34:12,jd2401,jd2401,4057.0,0.0,0.0,0.0,3,4057.0,4058.0,1,4059.0,4068.0,4068.0,4051.0,327.0,13274730.0,10433
2023-05-11 10:34:35,jd2401,jd2401,4057.0,0.0,0.0,0.0,3,4057.0,4058.0,2,4059.0,4068.0,4068.0,4051.0,327.0,13274730.0,10433
2023-05-11 10:34:51,jd2401,jd2401,4058.0,2.0,81160.0,-1.0,3,4057.0,4059.0,15,4059.0,4068.0,4068.0,4051.0,329.0,13355890.0,10432
2023-05-11 10:35:03,jd2401,jd2401,4058.0,0.0,0.0,0.0,1,4057.0,4058.0,1,4059.0,4068.0,4068.0,4051.0,329.0,13355890.0,10432
2023-05-11 10:35:07,jd2401,jd2401,4058.0,0.0,0.0,0.0,3,4057.0,4058.0,1,4059.0,4068.0,4068.0,4051.0,329.0,13355890.0,10432
2023-05-11 10:35:07,jd2401,jd2401,4058.0,0.0,0.0,0.0,1,4057.0,4058.0,1,4059.0,4068.0,4068.0,4051.0,329.0,13355890.0,10432
2023-05-11 10:35:18,jd2401,jd2401,4058.0,2.0,81160.0,-1.0,1,4057.0,4059.0,15,4059.0,4068.0,4068.0,4051.0,331.0,13437050.0,10431
2023-05-11 10:35:40,jd2401,jd2401,4058.0,0.0,0.0,0.0,1,4058.0,4059.0,15,4059.0,4068.0,4068.0,4051.0,331.0,13437050.0,10431
2023-05-11 10:35:45,jd2401,jd2401,4058.0,1.0,40580.0,0.0,1,4057.0,4059.0,15,4059.0,4068.0,4068.0,4051.0,332.0,13477630.0,10431
2023-05-11 10:35:50,jd2401,jd2401,4058.0,0.0,0.0,0.0,1,4057.0,4059.0,24,4059.0,4068.0,4068.0,4051.0,332.0,13477630.0,10431
2023-05-11 10:35:51,jd2401,jd2401,4058.0,0.0,0.0,0.0,1,4057.0,4059.0,27,4059.0,4068.0,4068.0,4051.0,332.0,13477630.0,10431
2023-05-11 10:35:51,jd2401,jd2401,4058.0,0.0,0.0,0.0,1,4057.0,4059.0,28,4059.0,4068.0,4068.0,4051.0,332.0,13477630.0,10431
2023-05-11 10:35:52,jd2401,jd2401,4058.0,0.0,0.0,0.0,1,4057.0,4059.0,15,4059.0,4068.0,4068.0,4051.0,332.0,13477630.0,10431
2023-05-11 10:35:52,jd2401,jd2401,4058.0,0.0,0.0,0.0,1,4057.0,4059.0,21,4059.0,4068.0,4068.0,4051.0,332.0,13477630.0,10431
2023-05-11 10:35:53,jd2401,jd2401,4058.0,0.0,0.0,0.0,1,4057.0,4059.0,22,4059.0,4068.0,4068.0,4051.0,332.0,13477630.0,10431
2023-05-11 10:35:55,jd2401,jd2401,4058.0,0.0,0.0,0.0,1,4057.0,4059.0,21,4059.0,4068.0,4068.0,4051.0,332.0,13477630.0,10431
2023-05-11 10:35:55,jd2401,jd2401,4058.0,0.0,0.0,0.0,1,4057.0,4059.0,20,4059.0,4068.0,4068.0,4051.0,332.0,13477630.0,10431
2023-05-11 10:35:56,jd2401,jd2401,4058.0,0.0,0.0,0.0,1,4057.0,4059.0,15,4059.0,4068.0,4068.0,4051.0,332.0,13477630.0,10431
2023-05-11 10:36:35,jd2401,jd2401,4058.0,0.0,0.0,0.0,1,4057.0,4059.0,16,4059.0,4068.0,4068.0,4051.0,332.0,13477630.0,10431
2023-05-11 10:36:51,jd2401,jd2401,4058.0,0.0,0.0,0.0,1,4057.0,4059.0,20,4059.0,4068.0,4068.0,4051.0,332.0,13477630.0,10431
2023-05-11 10:36:52,jd2401,jd2401,4058.0,0.0,0.0,0.0,1,4057.0,4059.0,22,4059.0,4068.0,4068.0,4051.0,332.0,13477630.0,10431
2023-05-11 10:36:53,jd2401,jd2401,4058.0,0.0,0.0,0.0,1,4057.0,4059.0,23,4059.0,4068.0,4068.0,4051.0,332.0,13477630.0,10431
2023-05-11 10:36:54,jd2401,jd2401,4058.0,0.0,0.0,0.0,1,4057.0,4059.0,25,4059.0,4068.0,4068.0,4051.0,332.0,13477630.0,10431
2023-05-11 10:36:59,jd2401,jd2401,4058.0,0.0,0.0,0.0,1,4057.0,4059.0,24,4059.0,4068.0,4068.0,4051.0,332.0,13477630.0,10431
2023-05-11 10:37:03,jd2401,jd2401,4058.0,0.0,0.0,0.0,1,4057.0,4059.0,25,4059.0,4068.0,4068.0,4051.0,332.0,13477630.0,10431
2023-05-11 10:37:05,jd2401,jd2401,4058.0,0.0,0.0,0.0,1,4057.0,4059.0,24,4059.0,4068.0,4068.0,4051.0,332.0,13477630.0,10431
2023-05-11 10:37:07,jd2401,jd2401,4058.0,0.0,0.0,0.0,1,4057.0,4059.0,23,4059.0,4068.0,4068.0,4051.0,332.0,13477630.0,10431
2023-05-11 10:37:08,jd2401,jd2401,4058.0,0.0,0.0,0.0,1,4057.0,4059.0,26,4059.0,4068.0,4068.0,4051.0,332.0,13477630.0,10431
2023-05-11 10:37:09,jd2401,jd2401,4058.0,0.0,0.0,0.0,1,4057.0,4059.0,27,4059.0,4068.0,4068.0,4051.0,332.0,13477630.0,10431
2023-05-11 10:37:10,jd2401,jd2401,4058.0,0.0,0.0,0.0,1,4057.0,4059.0,28,4059.0,4068.0,4068.0,4051.0,332.0,13477630.0,10431
2023-05-11 10:37:11,jd2401,jd2401,4058.0,0.0,0.0,0.0,1,4057.0,4059.0,36,4059.0,4068.0,4068.0,4051.0,332.0,13477630.0,10431
2023-05-11 10:37:12,jd2401,jd2401,4058.0,0.0,0.0,0.0,1,4057.0,4059.0,29,4059.0,4068.0,4068.0,4051.0,332.0,13477630.0,10431
2023-05-11 10:37:18,jd2401,jd2401,4058.0,0.0,0.0,0.0,1,4057.0,4059.0,31,4059.0,4068.0,4068.0,4051.0,332.0,13477630.0,10431
2023-05-11 10:37:22,jd2401,jd2401,4058.0,0.0,0.0,0.0,1,4057.0,4059.0,32,4059.0,4068.0,4068.0,4051.0,332.0,13477630.0,10431
2023-05-11 10:37:23,jd2401,jd2401,4058.0,0.0,0.0,0.0,1,4057.0,4059.0,30,4059.0,4068.0,4068.0,4051.0,332.0,13477630.0,10431
2023-05-11 10:37:26,jd2401,jd2401,4058.0,0.0,0.0,0.0,1,4057.0,4059.0,32,4059.0,4068.0,4068.0,4051.0,332.0,13477630.0,10431
2023-05-11 10:37:34,jd2401,jd2401,4058.0,0.0,0.0,0.0,1,4057.0,4059.0,31,4059.0,4068.0,4068.0,4051.0,332.0,13477630.0,10431
2023-05-11 10:37:38,jd2401,jd2401,4058.0,0.0,0.0,0.0,1,4057.0,4059.0,36,4059.0,4068.0,4068.0,4051.0,332.0,13477630.0,10431
2023-05-11 10:37:57,jd2401,jd2401,4058.0,0.0,0.0,0.0,1,4057.0,4059.0,16,4059.0,4068.0,4068.0,4051.0,332.0,13477630.0,10431
2023-05-11 10:37:58,jd2401,jd2401,4058.0,0.0,0.0,0.0,1,4057.0,4059.0,36,4059.0,4068.0,4068.0,4051.0,332.0,13477630.0,10431
2023-05-11 10:37:59,jd2401,jd2401,4058.0,0.0,0.0,0.0,1,4057.0,4059.0,16,4059.0,4068.0,4068.0,4051.0,332.0,13477630.0,10431
2023-05-11 10:37:59,jd2401,jd2401,4058.0,0.0,0.0,0.0,1,4057.0,4059.0,36,4059.0,4068.0,4068.0,4051.0,332.0,13477630.0,10431
2023-05-11 10:38:11,jd2401,jd2401,4058.0,0.0,0.0,0.0,1,4057.0,4059.0,35,4059.0,4068.0,4068.0,4051.0,332.0,13477630.0,10431
2023-05-11 10:38:11,jd2401,jd2401,4058.0,0.0,0.0,0.0,1,4057.0,4059.0,36,4059.0,4068.0,4068.0,4051.0,332.0,13477630.0,10431
2023-05-11 10:38:14,jd2401,jd2401,4058.0,0.0,0.0,0.0,1,4057.0,4059.0,34,4059.0,4068.0,4068.0,4051.0,332.0,13477630.0,10431
2023-05-11 10:38:23,jd2401,jd2401,4058.0,0.0,0.0,0.0,1,4057.0,4059.0,33,4059.0,4068.0,4068.0,4051.0,332.0,13477630.0,10431
2023-05-11 10:38:24,jd2401,jd2401,4058.0,0.0,0.0,0.0,1,4057.0,4059.0,36,4059.0,4068.0,4068.0,4051.0,332.0,13477630.0,10431
2023-05-11 10:38:28,jd2401,jd2401,4058.0,0.0,0.0,0.0,1,4057.0,4059.0,16,4059.0,4068.0,4068.0,4051.0,332.0,13477630.0,10431
2023-05-11 10:38:54,jd2401,jd2401,4058.0,0.0,0.0,0.0,1,4057.0,4059.0,36,4059.0,4068.0,4068.0,4051.0,332.0,13477630.0,10431
2023-05-11 10:39:01,jd2401,jd2401,4058.0,0.0,0.0,0.0,1,4057.0,4059.0,34,4059.0,4068.0,4068.0,4051.0,332.0,13477630.0,10431
2023-05-11 10:39:02,jd2401,jd2401,4058.0,0.0,0.0,0.0,1,4057.0,4059.0,35,4059.0,4068.0,4068.0,4051.0,332.0,13477630.0,10431
2023-05-11 10:39:04,jd2401,jd2401,4058.0,0.0,0.0,0.0,1,4057.0,4059.0,36,4059.0,4068.0,4068.0,4051.0,332.0,13477630.0,10431
2023-05-11 10:39:06,jd2401,jd2401,4057.0,1.0,40570.0,1.0,2,4056.0,4057.0,9,4059.0,4068.0,4068.0,4051.0,333.0,13518200.0,10432
2023-05-11 10:39:29,jd2401,jd2401,4057.0,1.0,40570.0,1.0,2,4056.0,4057.0,8,4059.0,4068.0,4068.0,4051.0,334.0,13558770.0,10433
2023-05-11 10:40:17,jd2401,jd2401,4056.0,2.0,81120.0,2.0,7,4055.0,4056.0,8,4059.0,4068.0,4068.0,4051.0,336.0,13639890.0,10435
2023-05-11 10:41:20,jd2401,jd2401,4055.0,2.0,81100.0,2.0,5,4055.0,4056.0,8,4059.0,4068.0,4068.0,4051.0,338.0,13720990.0,10437
2023-05-11 10:41:46,jd2401,jd2401,4055.0,1.0,40550.0,1.0,4,4055.0,4056.0,8,4059.0,4068.0,4068.0,4051.0,339.0,13761540.0,10438
2023-05-11 10:41:49,jd2401,jd2401,4055.0,4.0,162200.0,0.0,1,4054.0,4056.0,8,4059.0,4068.0,4068.0,4051.0,343.0,13923740.0,10438
2023-05-11 10:43:53,jd2401,jd2401,4055.0,0.0,0.0,0.0,1,4055.0,4056.0,8,4059.0,4068.0,4068.0,4051.0,343.0,13923740.0,10438
2023-05-11 10:43:59,jd2401,jd2401,4055.0,0.0,0.0,0.0,6,4055.0,4056.0,8,4059.0,4068.0,4068.0,4051.0,343.0,13923740.0,10438
2023-05-11 10:44:24,jd2401,jd2401,4056.0,1.0,40560.0,1.0,6,4055.0,4056.0,7,4059.0,4068.0,4068.0,4051.0,344.0,13964300.0,10439
2023-05-11 10:44:27,jd2401,jd2401,4056.0,1.0,40560.0,1.0,6,4055.0,4056.0,6,4059.0,4068.0,4068.0,4051.0,345.0,14004860.0,10440
2023-05-11 10:44:44,jd2401,jd2401,4056.0,0.0,0.0,0.0,7,4055.0,4056.0,6,4059.0,4068.0,4068.0,4051.0,345.0,14004860.0,10440
2023-05-11 10:44:45,jd2401,jd2401,4056.0,0.0,0.0,0.0,6,4055.0,4056.0,6,4059.0,4068.0,4068.0,4051.0,345.0,14004860.0,10440
2023-05-11 10:44:50,jd2401,jd2401,4056.0,0.0,0.0,0.0,7,4055.0,4056.0,6,4059.0,4068.0,4068.0,4051.0,345.0,14004860.0,10440
2023-05-11 10:44:54,jd2401,jd2401,4056.0,0.0,0.0,0.0,6,4055.0,4056.0,6,4059.0,4068.0,4068.0,4051.0,345.0,14004860.0,10440
2023-05-11 10:44:55,jd2401,jd2401,4056.0,0.0,0.0,0.0,7,4055.0,4056.0,6,4059.0,4068.0,4068.0,4051.0,345.0,14004860.0,10440
2023-05-11 10:44:56,jd2401,jd2401,4056.0,0.0,0.0,0.0,6,4055.0,4056.0,6,4059.0,4068.0,4068.0,4051.0,345.0,14004860.0,10440
2023-05-11 10:45:06,jd2401,jd2401,4056.0,0.0,0.0,0.0,7,4055.0,4056.0,6,4059.0,4068.0,4068.0,4051.0,345.0,14004860.0,10440
2023-05-11 10:45:12,jd2401,jd2401,4056.0,0.0,0.0,0.0,6,4055.0,4056.0,6,4059.0,4068.0,4068.0,4051.0,345.0,14004860.0,10440
2023-05-11 10:45:32,jd2401,jd2401,4056.0,1.0,40560.0,1.0,8,4055.0,4056.0,5,4059.0,4068.0,4068.0,4051.0,346.0,14045420.0,10441
2023-05-11 10:46:01,jd2401,jd2401,4056.0,0.0,0.0,0.0,6,4055.0,4056.0,5,4059.0,4068.0,4068.0,4051.0,346.0,14045420.0,10441
2023-05-11 10:46:36,jd2401,jd2401,4056.0,0.0,0.0,0.0,9,4055.0,4056.0,5,4059.0,4068.0,4068.0,4051.0,346.0,14045420.0,10441
2023-05-11 10:47:27,jd2401,jd2401,4056.0,0.0,0.0,0.0,17,4055.0,4056.0,5,4059.0,4068.0,4068.0,4051.0,346.0,14045420.0,10441
2023-05-11 10:47:27,jd2401,jd2401,4056.0,0.0,0.0,0.0,18,4055.0,4056.0,5,4059.0,4068.0,4068.0,4051.0,346.0,14045420.0,10441
2023-05-11 10:47:31,jd2401,jd2401,4056.0,0.0,0.0,0.0,16,4055.0,4056.0,5,4059.0,4068.0,4068.0,4051.0,346.0,14045420.0,10441
2023-05-11 10:47:32,jd2401,jd2401,4056.0,0.0,0.0,0.0,15,4055.0,4056.0,5,4059.0,4068.0,4068.0,4051.0,346.0,14045420.0,10441
2023-05-11 10:47:32,jd2401,jd2401,4056.0,0.0,0.0,0.0,18,4055.0,4056.0,5,4059.0,4068.0,4068.0,4051.0,346.0,14045420.0,10441
2023-05-11 10:47:36,jd2401,jd2401,4056.0,0.0,0.0,0.0,10,4055.0,4056.0,5,4059.0,4068.0,4068.0,4051.0,346.0,14045420.0,10441
2023-05-11 10:47:38,jd2401,jd2401,4056.0,0.0,0.0,0.0,9,4055.0,4056.0,5,4059.0,4068.0,4068.0,4051.0,346.0,14045420.0,10441
2023-05-11 10:47:56,jd2401,jd2401,4056.0,0.0,0.0,0.0,15,4055.0,4056.0,5,4059.0,4068.0,4068.0,4051.0,346.0,14045420.0,10441
2023-05-11 10:47:56,jd2401,jd2401,4056.0,0.0,0.0,0.0,17,4055.0,4056.0,5,4059.0,4068.0,4068.0,4051.0,346.0,14045420.0,10441
2023-05-11 10:47:57,jd2401,jd2401,4056.0,0.0,0.0,0.0,25,4055.0,4056.0,5,4059.0,4068.0,4068.0,4051.0,346.0,14045420.0,10441
2023-05-11 10:47:58,jd2401,jd2401,4055.0,3.0,121650.0,3.0,22,4055.0,4056.0,5,4059.0,4068.0,4068.0,4051.0,349.0,14167070.0,10444
2023-05-11 10:47:58,jd2401,jd2401,4055.0,0.0,0.0,0.0,25,4055.0,4056.0,5,4059.0,4068.0,4068.0,4051.0,349.0,14167070.0,10444
2023-05-11 10:48:00,jd2401,jd2401,4055.0,0.0,0.0,0.0,26,4055.0,4056.0,5,4059.0,4068.0,4068.0,4051.0,349.0,14167070.0,10444
2023-05-11 10:48:01,jd2401,jd2401,4055.0,0.0,0.0,0.0,28,4055.0,4056.0,5,4059.0,4068.0,4068.0,4051.0,349.0,14167070.0,10444
2023-05-11 10:48:12,jd2401,jd2401,4056.0,5.0,202800.0,4.0,23,4055.0,4057.0,8,4059.0,4068.0,4068.0,4051.0,354.0,14369870.0,10448
2023-05-11 10:48:14,jd2401,jd2401,4056.0,0.0,0.0,0.0,6,4055.0,4057.0,8,4059.0,4068.0,4068.0,4051.0,354.0,14369870.0,10448
2023-05-11 10:48:15,jd2401,jd2401,4056.0,0.0,0.0,0.0,23,4055.0,4057.0,8,4059.0,4068.0,4068.0,4051.0,354.0,14369870.0,10448
2023-05-11 10:48:18,jd2401,jd2401,4056.0,0.0,0.0,0.0,6,4055.0,4057.0,8,4059.0,4068.0,4068.0,4051.0,354.0,14369870.0,10448
2023-05-11 10:48:21,jd2401,jd2401,4056.0,0.0,0.0,0.0,23,4055.0,4057.0,8,4059.0,4068.0,4068.0,4051.0,354.0,14369870.0,10448
2023-05-11 10:48:22,jd2401,jd2401,4056.0,0.0,0.0,0.0,6,4055.0,4057.0,8,4059.0,4068.0,4068.0,4051.0,354.0,14369870.0,10448
2023-05-11 10:48:56,jd2401,jd2401,4057.0,8.0,324560.0,8.0,6,4055.0,4058.0,1,4059.0,4068.0,4068.0,4051.0,362.0,14694430.0,10456
2023-05-11 10:49:39,jd2401,jd2401,4057.0,0.0,0.0,0.0,1,4057.0,4058.0,1,4059.0,4068.0,4068.0,4051.0,362.0,14694430.0,10456
2023-05-11 10:49:50,jd2401,jd2401,4058.0,1.0,40580.0,0.0,1,4057.0,4059.0,16,4059.0,4068.0,4068.0,4051.0,363.0,14735010.0,10456
2023-05-11 10:50:45,jd2401,jd2401,4058.0,0.0,0.0,0.0,1,4057.0,4058.0,4,4059.0,4068.0,4068.0,4051.0,363.0,14735010.0,10456
2023-05-11 10:53:08,jd2401,jd2401,4058.0,0.0,0.0,0.0,1,4057.0,4058.0,21,4059.0,4068.0,4068.0,4051.0,363.0,14735010.0,10456
2023-05-11 10:53:08,jd2401,jd2401,4058.0,0.0,0.0,0.0,1,4057.0,4058.0,23,4059.0,4068.0,4068.0,4051.0,363.0,14735010.0,10456
2023-05-11 10:53:10,jd2401,jd2401,4058.0,0.0,0.0,0.0,1,4057.0,4058.0,22,4059.0,4068.0,4068.0,4051.0,363.0,14735010.0,10456
2023-05-11 10:53:10,jd2401,jd2401,4057.0,1.0,40570.0,0.0,6,4055.0,4058.0,22,4059.0,4068.0,4068.0,4051.0,364.0,14775580.0,10456
2023-05-11 10:53:11,jd2401,jd2401,4057.0,0.0,0.0,0.0,6,4055.0,4058.0,21,4059.0,4068.0,4068.0,4051.0,364.0,14775580.0,10456
2023-05-11 10:53:12,jd2401,jd2401,4057.0,0.0,0.0,0.0,6,4055.0,4058.0,4,4059.0,4068.0,4068.0,4051.0,364.0,14775580.0,10456
2023-05-11 10:53:40,jd2401,jd2401,4057.0,0.0,0.0,0.0,6,4055.0,4058.0,6,4059.0,4068.0,4068.0,4051.0,364.0,14775580.0,10456
2023-05-11 10:53:44,jd2401,jd2401,4057.0,0.0,0.0,0.0,6,4055.0,4058.0,4,4059.0,4068.0,4068.0,4051.0,364.0,14775580.0,10456
2023-05-11 10:53:50,jd2401,jd2401,4057.0,0.0,0.0,0.0,6,4055.0,4058.0,5,4059.0,4068.0,4068.0,4051.0,364.0,14775580.0,10456
2023-05-11 10:53:51,jd2401,jd2401,4057.0,0.0,0.0,0.0,6,4055.0,4058.0,4,4059.0,4068.0,4068.0,4051.0,364.0,14775580.0,10456
2023-05-11 10:53:56,jd2401,jd2401,4057.0,0.0,0.0,0.0,6,4055.0,4058.0,6,4059.0,4068.0,4068.0,4051.0,364.0,14775580.0,10456
2023-05-11 10:53:57,jd2401,jd2401,4055.0,1.0,40550.0,0.0,5,4055.0,4058.0,6,4059.0,4068.0,4068.0,4051.0,365.0,14816130.0,10456
2023-05-11 10:54:26,jd2401,jd2401,4055.0,0.0,0.0,0.0,5,4055.0,4057.0,1,4059.0,4068.0,4068.0,4051.0,365.0,14816130.0,10456
2023-05-11 11:00:01,jd2401,jd2401,4055.0,0.0,0.0,0.0,5,4055.0,4057.0,2,4059.0,4068.0,4068.0,4051.0,365.0,14816130.0,10456
2023-05-11 11:00:16,jd2401,jd2401,4055.0,0.0,0.0,0.0,5,4055.0,4057.0,4,4059.0,4068.0,4068.0,4051.0,365.0,14816130.0,10456
2023-05-11 11:00:16,jd2401,jd2401,4055.0,0.0,0.0,0.0,5,4055.0,4057.0,12,4059.0,4068.0,4068.0,4051.0,365.0,14816130.0,10456
2023-05-11 11:00:17,jd2401,jd2401,4055.0,0.0,0.0,0.0,5,4055.0,4057.0,13,4059.0,4068.0,4068.0,4051.0,365.0,14816130.0,10456
2023-05-11 11:00:18,jd2401,jd2401,4055.0,0.0,0.0,0.0,5,4055.0,4057.0,2,4059.0,4068.0,4068.0,4051.0,365.0,14816130.0,10456
2023-05-11 11:01:10,jd2401,jd2401,4055.0,0.0,0.0,0.0,5,4055.0,4057.0,13,4059.0,4068.0,4068.0,4051.0,365.0,14816130.0,10456
2023-05-11 11:02:03,jd2401,jd2401,4055.0,0.0,0.0,0.0,5,4055.0,4057.0,3,4059.0,4068.0,4068.0,4051.0,365.0,14816130.0,10456
2023-05-11 11:02:04,jd2401,jd2401,4055.0,0.0,0.0,0.0,5,4055.0,4057.0,2,4059.0,4068.0,4068.0,4051.0,365.0,14816130.0,10456
2023-05-11 11:02:26,jd2401,jd2401,4055.0,0.0,0.0,0.0,14,4055.0,4057.0,2,4059.0,4068.0,4068.0,4051.0,365.0,14816130.0,10456
2023-05-11 11:02:26,jd2401,jd2401,4055.0,0.0,0.0,0.0,14,4055.0,4057.0,1,4059.0,4068.0,4068.0,4051.0,365.0,14816130.0,10456
2023-05-11 11:02:27,jd2401,jd2401,4055.0,0.0,0.0,0.0,9,4055.0,4057.0,1,4059.0,4068.0,4068.0,4051.0,365.0,14816130.0,10456
2023-05-11 11:02:28,jd2401,jd2401,4055.0,0.0,0.0,0.0,11,4055.0,4057.0,1,4059.0,4068.0,4068.0,4051.0,365.0,14816130.0,10456
2023-05-11 11:02:29,jd2401,jd2401,4055.0,0.0,0.0,0.0,12,4055.0,4057.0,1,4059.0,4068.0,4068.0,4051.0,365.0,14816130.0,10456
2023-05-11 11:02:30,jd2401,jd2401,4055.0,0.0,0.0,0.0,11,4055.0,4057.0,1,4059.0,4068.0,4068.0,4051.0,365.0,14816130.0,10456
2023-05-11 11:02:34,jd2401,jd2401,4055.0,0.0,0.0,0.0,5,4055.0,4057.0,1,4059.0,4068.0,4068.0,4051.0,365.0,14816130.0,10456
2023-05-11 11:02:38,jd2401,jd2401,4055.0,0.0,0.0,0.0,6,4055.0,4057.0,1,4059.0,4068.0,4068.0,4051.0,365.0,14816130.0,10456
2023-05-11 11:02:39,jd2401,jd2401,4055.0,0.0,0.0,0.0,7,4055.0,4057.0,1,4059.0,4068.0,4068.0,4051.0,365.0,14816130.0,10456
2023-05-11 11:02:39,jd2401,jd2401,4055.0,0.0,0.0,0.0,5,4055.0,4057.0,1,4059.0,4068.0,4068.0,4051.0,365.0,14816130.0,10456
2023-05-11 11:02:52,jd2401,jd2401,4057.0,1.0,40570.0,1.0,5,4055.0,4058.0,2,4059.0,4068.0,4068.0,4051.0,366.0,14856700.0,10457
2023-05-11 11:03:01,jd2401,jd2401,4058.0,2.0,81160.0,0.0,5,4055.0,4059.0,14,4059.0,4068.0,4068.0,4051.0,368.0,14937860.0,10457
2023-05-11 11:03:15,jd2401,jd2401,4058.0,0.0,0.0,0.0,10,4056.0,4059.0,14,4059.0,4068.0,4068.0,4051.0,368.0,14937860.0,10457
2023-05-11 11:03:43,jd2401,jd2401,4059.0,6.0,243540.0,6.0,10,4056.0,4059.0,8,4059.0,4068.0,4068.0,4051.0,374.0,15181400.0,10463
2023-05-11 11:03:44,jd2401,jd2401,4059.0,5.0,202950.0,0.0,10,4056.0,4059.0,3,4059.0,4068.0,4068.0,4051.0,379.0,15384350.0,10463
2023-05-11 11:03:56,jd2401,jd2401,4059.0,0.0,0.0,0.0,15,4056.0,4059.0,3,4059.0,4068.0,4068.0,4051.0,379.0,15384350.0,10463
2023-05-11 11:03:57,jd2401,jd2401,4059.0,0.0,0.0,0.0,10,4056.0,4059.0,3,4059.0,4068.0,4068.0,4051.0,379.0,15384350.0,10463
2023-05-11 11:04:27,jd2401,jd2401,4059.0,0.0,0.0,0.0,10,4056.0,4058.0,1,4059.0,4068.0,4068.0,4051.0,379.0,15384350.0,10463
2023-05-11 11:04:32,jd2401,jd2401,4057.0,1.0,40570.0,-1.0,10,4056.0,4058.0,1,4059.0,4068.0,4068.0,4051.0,380.0,15424920.0,10462
2023-05-11 11:04:34,jd2401,jd2401,4057.0,0.0,0.0,0.0,14,4056.0,4058.0,1,4059.0,4068.0,4068.0,4051.0,380.0,15424920.0,10462
2023-05-11 11:04:38,jd2401,jd2401,4057.0,0.0,0.0,0.0,10,4056.0,4058.0,1,4059.0,4068.0,4068.0,4051.0,380.0,15424920.0,10462
2023-05-11 11:04:38,jd2401,jd2401,4057.0,0.0,0.0,0.0,14,4056.0,4058.0,1,4059.0,4068.0,4068.0,4051.0,380.0,15424920.0,10462
2023-05-11 11:04:39,jd2401,jd2401,4057.0,0.0,0.0,0.0,10,4056.0,4058.0,1,4059.0,4068.0,4068.0,4051.0,380.0,15424920.0,10462
2023-05-11 11:04:39,jd2401,jd2401,4057.0,0.0,0.0,0.0,14,4056.0,4058.0,1,4059.0,4068.0,4068.0,4051.0,380.0,15424920.0,10462
2023-05-11 11:04:40,jd2401,jd2401,4057.0,0.0,0.0,0.0,10,4056.0,4058.0,1,4059.0,4068.0,4068.0,4051.0,380.0,15424920.0,10462
2023-05-11 11:04:47,jd2401,jd2401,4057.0,0.0,0.0,0.0,14,4056.0,4058.0,1,4059.0,4068.0,4068.0,4051.0,380.0,15424920.0,10462
2023-05-11 11:04:52,jd2401,jd2401,4057.0,0.0,0.0,0.0,12,4056.0,4058.0,1,4059.0,4068.0,4068.0,4051.0,380.0,15424920.0,10462
2023-05-11 11:04:54,jd2401,jd2401,4057.0,0.0,0.0,0.0,10,4056.0,4058.0,1,4059.0,4068.0,4068.0,4051.0,380.0,15424920.0,10462
2023-05-11 11:04:58,jd2401,jd2401,4057.0,0.0,0.0,0.0,20,4057.0,4058.0,1,4059.0,4068.0,4068.0,4051.0,380.0,15424920.0,10462
2023-05-11 11:04:59,jd2401,jd2401,4058.0,1.0,40580.0,-1.0,20,4057.0,4059.0,3,4059.0,4068.0,4068.0,4051.0,381.0,15465500.0,10461
2023-05-11 11:05:19,jd2401,jd2401,4058.0,0.0,0.0,0.0,24,4057.0,4059.0,3,4059.0,4068.0,4068.0,4051.0,381.0,15465500.0,10461
2023-05-11 11:05:20,jd2401,jd2401,4058.0,0.0,0.0,0.0,20,4057.0,4059.0,3,4059.0,4068.0,4068.0,4051.0,381.0,15465500.0,10461
2023-05-11 11:05:34,jd2401,jd2401,4058.0,0.0,0.0,0.0,8,4058.0,4059.0,3,4059.0,4068.0,4068.0,4051.0,381.0,15465500.0,10461
2023-05-11 11:05:34,jd2401,jd2401,4059.0,1.0,40590.0,0.0,8,4058.0,4059.0,2,4059.0,4068.0,4068.0,4051.0,382.0,15506090.0,10461
2023-05-11 11:05:35,jd2401,jd2401,4059.0,0.0,0.0,0.0,4,4058.0,4059.0,2,4059.0,4068.0,4068.0,4051.0,382.0,15506090.0,10461
2023-05-11 11:05:35,jd2401,jd2401,4059.0,2.0,81180.0,2.0,5,4058.0,4060.0,15,4059.0,4068.0,4068.0,4051.0,384.0,15587270.0,10463
2023-05-11 11:05:37,jd2401,jd2401,4059.0,0.0,0.0,0.0,8,4058.0,4060.0,15,4059.0,4068.0,4068.0,4051.0,384.0,15587270.0,10463
2023-05-11 11:05:37,jd2401,jd2401,4059.0,0.0,0.0,0.0,8,4058.0,4059.0,1,4059.0,4068.0,4068.0,4051.0,384.0,15587270.0,10463
2023-05-11 11:05:38,jd2401,jd2401,4059.0,0.0,0.0,0.0,5,4058.0,4059.0,1,4059.0,4068.0,4068.0,4051.0,384.0,15587270.0,10463
2023-05-11 11:05:38,jd2401,jd2401,4059.0,0.0,0.0,0.0,6,4058.0,4059.0,1,4059.0,4068.0,4068.0,4051.0,384.0,15587270.0,10463
2023-05-11 11:05:40,jd2401,jd2401,4059.0,0.0,0.0,0.0,8,4058.0,4059.0,1,4059.0,4068.0,4068.0,4051.0,384.0,15587270.0,10463
2023-05-11 11:05:59,jd2401,jd2401,4059.0,0.0,0.0,0.0,4,4058.0,4059.0,1,4059.0,4068.0,4068.0,4051.0,384.0,15587270.0,10463
2023-05-11 11:06:03,jd2401,jd2401,4059.0,0.0,0.0,0.0,8,4058.0,4059.0,1,4059.0,4068.0,4068.0,4051.0,384.0,15587270.0,10463
2023-05-11 11:06:05,jd2401,jd2401,4059.0,0.0,0.0,0.0,6,4058.0,4059.0,1,4059.0,4068.0,4068.0,4051.0,384.0,15587270.0,10463
2023-05-11 11:06:07,jd2401,jd2401,4059.0,0.0,0.0,0.0,8,4058.0,4059.0,1,4059.0,4068.0,4068.0,4051.0,384.0,15587270.0,10463
2023-05-11 11:06:16,jd2401,jd2401,4059.0,1.0,40590.0,-1.0,7,4058.0,4060.0,15,4059.0,4068.0,4068.0,4051.0,385.0,15627860.0,10462
2023-05-11 11:06:44,jd2401,jd2401,4059.0,0.0,0.0,0.0,4,4058.0,4060.0,15,4059.0,4068.0,4068.0,4051.0,385.0,15627860.0,10462
2023-05-11 11:06:50,jd2401,jd2401,4060.0,2.0,81200.0,1.0,4,4058.0,4060.0,13,4059.0,4068.0,4068.0,4051.0,387.0,15709060.0,10463
2023-05-11 11:06:51,jd2401,jd2401,4060.0,13.0,527800.0,13.0,2,4060.0,4061.0,1,4059.0,4068.0,4068.0,4051.0,400.0,16236860.0,10476
2023-05-11 11:07:17,jd2401,jd2401,4060.0,1.0,40600.0,1.0,1,4060.0,4061.0,1,4059.0,4068.0,4068.0,4051.0,401.0,16277460.0,10477
2023-05-11 11:07:18,jd2401,jd2401,4060.0,0.0,0.0,0.0,1,4060.0,4061.0,2,4059.0,4068.0,4068.0,4051.0,401.0,16277460.0,10477
2023-05-11 11:07:20,jd2401,jd2401,4060.0,0.0,0.0,0.0,1,4060.0,4061.0,3,4059.0,4068.0,4068.0,4051.0,401.0,16277460.0,10477
2023-05-11 11:07:22,jd2401,jd2401,4060.0,0.0,0.0,0.0,1,4060.0,4061.0,2,4059.0,4068.0,4068.0,4051.0,401.0,16277460.0,10477
2023-05-11 11:07:32,jd2401,jd2401,4060.0,0.0,0.0,0.0,1,4060.0,4061.0,12,4059.0,4068.0,4068.0,4051.0,401.0,16277460.0,10477
2023-05-11 11:07:32,jd2401,jd2401,4060.0,1.0,40600.0,1.0,4,4058.0,4061.0,13,4059.0,4068.0,4068.0,4051.0,402.0,16318060.0,10478
2023-05-11 11:07:33,jd2401,jd2401,4060.0,0.0,0.0,0.0,4,4058.0,4061.0,12,4059.0,4068.0,4068.0,4051.0,402.0,16318060.0,10478
2023-05-11 11:07:34,jd2401,jd2401,4060.0,0.0,0.0,0.0,4,4058.0,4061.0,11,4059.0,4068.0,4068.0,4051.0,402.0,16318060.0,10478
2023-05-11 11:07:36,jd2401,jd2401,4060.0,0.0,0.0,0.0,4,4058.0,4061.0,10,4059.0,4068.0,4068.0,4051.0,402.0,16318060.0,10478
2023-05-11 11:07:42,jd2401,jd2401,4060.0,0.0,0.0,0.0,4,4058.0,4061.0,9,4059.0,4068.0,4068.0,4051.0,402.0,16318060.0,10478
2023-05-11 11:07:47,jd2401,jd2401,4060.0,0.0,0.0,0.0,4,4058.0,4061.0,2,4059.0,4068.0,4068.0,4051.0,402.0,16318060.0,10478
2023-05-11 11:07:49,jd2401,jd2401,4060.0,0.0,0.0,0.0,4,4058.0,4061.0,6,4059.0,4068.0,4068.0,4051.0,402.0,16318060.0,10478
2023-05-11 11:07:50,jd2401,jd2401,4060.0,0.0,0.0,0.0,4,4058.0,4061.0,21,4059.0,4068.0,4068.0,4051.0,402.0,16318060.0,10478
2023-05-11 11:07:50,jd2401,jd2401,4060.0,0.0,0.0,0.0,4,4058.0,4061.0,22,4059.0,4068.0,4068.0,4051.0,402.0,16318060.0,10478
2023-05-11 11:07:54,jd2401,jd2401,4060.0,0.0,0.0,0.0,4,4058.0,4061.0,16,4059.0,4068.0,4068.0,4051.0,402.0,16318060.0,10478
2023-05-11 11:07:54,jd2401,jd2401,4060.0,0.0,0.0,0.0,4,4058.0,4061.0,6,4059.0,4068.0,4068.0,4051.0,402.0,16318060.0,10478
2023-05-11 11:07:56,jd2401,jd2401,4060.0,0.0,0.0,0.0,4,4058.0,4061.0,4,4059.0,4068.0,4068.0,4051.0,402.0,16318060.0,10478
2023-05-11 11:07:56,jd2401,jd2401,4060.0,0.0,0.0,0.0,4,4058.0,4061.0,2,4059.0,4068.0,4068.0,4051.0,402.0,16318060.0,10478
2023-05-11 11:09:16,jd2401,jd2401,4060.0,0.0,0.0,0.0,1,4059.0,4061.0,2,4059.0,4068.0,4068.0,4051.0,402.0,16318060.0,10478
2023-05-11 11:10:28,jd2401,jd2401,4059.0,1.0,40590.0,0.0,4,4058.0,4061.0,2,4059.0,4068.0,4068.0,4051.0,403.0,16358650.0,10478
2023-05-11 11:10:30,jd2401,jd2401,4059.0,0.0,0.0,0.0,7,4058.0,4061.0,2,4059.0,4068.0,4068.0,4051.0,403.0,16358650.0,10478
2023-05-11 11:10:30,jd2401,jd2401,4059.0,0.0,0.0,0.0,6,4058.0,4061.0,2,4059.0,4068.0,4068.0,4051.0,403.0,16358650.0,10478
2023-05-11 11:10:31,jd2401,jd2401,4059.0,0.0,0.0,0.0,7,4058.0,4061.0,2,4059.0,4068.0,4068.0,4051.0,403.0,16358650.0,10478
2023-05-11 11:10:48,jd2401,jd2401,4059.0,0.0,0.0,0.0,4,4058.0,4061.0,2,4059.0,4068.0,4068.0,4051.0,403.0,16358650.0,10478
2023-05-11 11:10:50,jd2401,jd2401,4059.0,0.0,0.0,0.0,5,4058.0,4061.0,2,4059.0,4068.0,4068.0,4051.0,403.0,16358650.0,10478
2023-05-11 11:10:50,jd2401,jd2401,4059.0,0.0,0.0,0.0,4,4058.0,4061.0,2,4059.0,4068.0,4068.0,4051.0,403.0,16358650.0,10478
2023-05-11 11:10:58,jd2401,jd2401,4059.0,0.0,0.0,0.0,6,4058.0,4061.0,2,4059.0,4068.0,4068.0,4051.0,403.0,16358650.0,10478
2023-05-11 11:11:01,jd2401,jd2401,4059.0,0.0,0.0,0.0,7,4058.0,4061.0,2,4059.0,4068.0,4068.0,4051.0,403.0,16358650.0,10478
2023-05-11 11:11:07,jd2401,jd2401,4059.0,0.0,0.0,0.0,4,4058.0,4061.0,2,4059.0,4068.0,4068.0,4051.0,403.0,16358650.0,10478
