time,symbol_id,symbol_name,last,trade_volume,trade_amount,open_interest_change,bv1,bp1,ap1,av1,yesterday_close,today_open,today_high,today_low,volume,amount,open_interest
2023-05-11 09:29:00,IO2312-C-4500,IO2312-C-4500,42.0,0.0,0.0,0.0,1,36.8,51.2,1,42.0,44.0,0.0,0.0,0.0,0.0,530
2023-05-11 09:30:01,IO2312-C-4500,IO2312-C-4500,42.0,0.0,0.0,0.0,7,37.0,49.0,1,42.0,44.0,0.0,0.0,0.0,0.0,530
2023-05-11 09:30:02,IO2312-C-4500,IO2312-C-4500,42.0,0.0,0.0,0.0,6,37.2,49.0,1,42.0,44.0,0.0,0.0,0.0,0.0,530
2023-05-11 09:30:04,IO2312-C-4500,IO2312-C-4500,42.0,0.0,0.0,0.0,1,40.6,49.0,1,42.0,44.0,0.0,0.0,0.0,0.0,530
2023-05-11 09:30:05,IO2312-C-4500,IO2312-C-4500,42.0,0.0,0.0,0.0,1,40.6,48.8,9,42.0,44.0,0.0,0.0,0.0,0.0,530
2023-05-11 09:30:05,IO2312-C-4500,IO2312-C-4500,42.0,0.0,0.0,0.0,1,40.6,46.6,1,42.0,44.0,0.0,0.0,0.0,0.0,530
2023-05-11 09:30:06,IO2312-C-4500,IO2312-C-4500,42.0,0.0,0.0,0.0,6,40.8,46.6,1,42.0,44.0,0.0,0.0,0.0,0.0,530
2023-05-11 09:30:06,IO2312-C-4500,IO2312-C-4500,42.0,0.0,0.0,0.0,6,40.8,46.6,4,42.0,44.0,0.0,0.0,0.0,0.0,530
2023-05-11 09:30:11,IO2312-C-4500,IO2312-C-4500,42.0,0.0,0.0,0.0,6,41.8,45.2,6,42.0,44.0,0.0,0.0,0.0,0.0,530
2023-05-11 09:30:11,IO2312-C-4500,IO2312-C-4500,42.0,0.0,0.0,0.0,6,42.0,46.0,6,42.0,44.0,0.0,0.0,0.0,0.0,530
2023-05-11 09:30:12,IO2312-C-4500,IO2312-C-4500,42.0,0.0,0.0,0.0,6,40.8,46.6,1,42.0,44.0,0.0,0.0,0.0,0.0,530
2023-05-11 09:30:12,IO2312-C-4500,IO2312-C-4500,42.0,0.0,0.0,0.0,6,40.8,46.6,4,42.0,44.0,0.0,0.0,0.0,0.0,530
2023-05-11 09:30:13,IO2312-C-4500,IO2312-C-4500,42.0,0.0,0.0,0.0,6,42.0,45.4,6,42.0,44.0,0.0,0.0,0.0,0.0,530
2023-05-11 09:30:14,IO2312-C-4500,IO2312-C-4500,42.0,0.0,0.0,0.0,6,42.2,46.2,6,42.0,44.0,0.0,0.0,0.0,0.0,530
2023-05-11 09:30:14,IO2312-C-4500,IO2312-C-4500,42.0,0.0,0.0,0.0,6,40.8,46.6,1,42.0,44.0,0.0,0.0,0.0,0.0,530
2023-05-11 09:30:15,IO2312-C-4500,IO2312-C-4500,42.0,0.0,0.0,0.0,6,40.8,46.6,4,42.0,44.0,0.0,0.0,0.0,0.0,530
2023-05-11 09:30:15,IO2312-C-4500,IO2312-C-4500,42.0,0.0,0.0,0.0,6,42.0,45.4,6,42.0,44.0,0.0,0.0,0.0,0.0,530
2023-05-11 09:30:16,IO2312-C-4500,IO2312-C-4500,42.0,0.0,0.0,0.0,6,42.2,46.2,6,42.0,44.0,0.0,0.0,0.0,0.0,530
2023-05-11 09:30:16,IO2312-C-4500,IO2312-C-4500,42.0,0.0,0.0,0.0,6,41.8,45.2,6,42.0,44.0,0.0,0.0,0.0,0.0,530
2023-05-11 09:30:17,IO2312-C-4500,IO2312-C-4500,42.0,0.0,0.0,0.0,6,42.0,45.6,6,42.0,44.0,0.0,0.0,0.0,0.0,530
2023-05-11 09:30:17,IO2312-C-4500,IO2312-C-4500,42.0,0.0,0.0,0.0,6,40.8,46.6,1,42.0,44.0,0.0,0.0,0.0,0.0,530
2023-05-11 09:30:18,IO2312-C-4500,IO2312-C-4500,42.0,0.0,0.0,0.0,6,40.8,46.4,3,42.0,44.0,0.0,0.0,0.0,0.0,530
2023-05-11 09:30:19,IO2312-C-4500,IO2312-C-4500,42.0,0.0,0.0,0.0,6,42.0,45.4,6,42.0,44.0,0.0,0.0,0.0,0.0,530
2023-05-11 09:30:19,IO2312-C-4500,IO2312-C-4500,42.0,0.0,0.0,0.0,6,42.2,45.2,6,42.0,44.0,0.0,0.0,0.0,0.0,530
2023-05-11 09:30:20,IO2312-C-4500,IO2312-C-4500,42.0,0.0,0.0,0.0,6,42.0,45.2,6,42.0,44.0,0.0,0.0,0.0,0.0,530
2023-05-11 09:30:22,IO2312-C-4500,IO2312-C-4500,42.0,0.0,0.0,0.0,12,41.8,45.2,6,42.0,44.0,0.0,0.0,0.0,0.0,530
2023-05-11 09:30:23,IO2312-C-4500,IO2312-C-4500,42.0,0.0,0.0,0.0,18,41.8,45.2,6,42.0,44.0,0.0,0.0,0.0,0.0,530
2023-05-11 09:30:25,IO2312-C-4500,IO2312-C-4500,42.0,0.0,0.0,0.0,12,41.8,45.2,12,42.0,44.0,0.0,0.0,0.0,0.0,530
2023-05-11 09:30:26,IO2312-C-4500,IO2312-C-4500,42.0,0.0,0.0,0.0,12,41.8,45.0,6,42.0,44.0,0.0,0.0,0.0,0.0,530
2023-05-11 09:30:26,IO2312-C-4500,IO2312-C-4500,42.0,0.0,0.0,0.0,12,41.8,45.2,6,42.0,44.0,0.0,0.0,0.0,0.0,530
2023-05-11 09:30:27,IO2312-C-4500,IO2312-C-4500,42.0,0.0,0.0,0.0,12,41.8,45.2,12,42.0,44.0,0.0,0.0,0.0,0.0,530
2023-05-11 09:30:30,IO2312-C-4500,IO2312-C-4500,42.0,0.0,0.0,0.0,18,41.8,45.2,6,42.0,44.0,0.0,0.0,0.0,0.0,530
2023-05-11 09:30:30,IO2312-C-4500,IO2312-C-4500,42.0,0.0,0.0,0.0,12,42.2,44.8,12,42.0,44.0,0.0,0.0,0.0,0.0,530
2023-05-11 09:30:31,IO2312-C-4500,IO2312-C-4500,42.0,0.0,0.0,0.0,21,41.8,45.2,9,42.0,44.0,0.0,0.0,0.0,0.0,530
2023-05-11 09:30:31,IO2312-C-4500,IO2312-C-4500,42.0,0.0,0.0,0.0,12,42.2,44.8,12,42.0,44.0,0.0,0.0,0.0,0.0,530
2023-05-11 09:30:32,IO2312-C-4500,IO2312-C-4500,42.0,0.0,0.0,0.0,3,42.2,45.2,15,42.0,44.0,0.0,0.0,0.0,0.0,530
2023-05-11 09:30:32,IO2312-C-4500,IO2312-C-4500,42.0,0.0,0.0,0.0,12,41.8,45.2,12,42.0,44.0,0.0,0.0,0.0,0.0,530
2023-05-11 09:30:33,IO2312-C-4500,IO2312-C-4500,42.0,0.0,0.0,0.0,12,42.2,44.8,12,42.0,44.0,0.0,0.0,0.0,0.0,530
2023-05-11 09:30:33,IO2312-C-4500,IO2312-C-4500,42.0,0.0,0.0,0.0,15,41.8,45.2,15,42.0,44.0,0.0,0.0,0.0,0.0,530
2023-05-11 09:30:34,IO2312-C-4500,IO2312-C-4500,42.0,0.0,0.0,0.0,12,42.2,44.8,12,42.0,44.0,0.0,0.0,0.0,0.0,530
2023-05-11 09:30:34,IO2312-C-4500,IO2312-C-4500,42.0,0.0,0.0,0.0,3,42.2,45.0,6,42.0,44.0,0.0,0.0,0.0,0.0,530
2023-05-11 09:30:35,IO2312-C-4500,IO2312-C-4500,42.0,0.0,0.0,0.0,12,41.8,45.2,12,42.0,44.0,0.0,0.0,0.0,0.0,530
2023-05-11 09:30:35,IO2312-C-4500,IO2312-C-4500,42.0,0.0,0.0,0.0,15,42.2,44.8,12,42.0,44.0,0.0,0.0,0.0,0.0,530
2023-05-11 09:30:36,IO2312-C-4500,IO2312-C-4500,42.0,0.0,0.0,0.0,18,41.8,45.2,6,42.0,44.0,0.0,0.0,0.0,0.0,530
2023-05-11 09:30:36,IO2312-C-4500,IO2312-C-4500,42.0,0.0,0.0,0.0,12,42.2,44.8,12,42.0,44.0,0.0,0.0,0.0,0.0,530
2023-05-11 09:30:37,IO2312-C-4500,IO2312-C-4500,42.0,0.0,0.0,0.0,3,42.2,45.2,15,42.0,44.0,0.0,0.0,0.0,0.0,530
2023-05-11 09:30:37,IO2312-C-4500,IO2312-C-4500,42.0,0.0,0.0,0.0,12,41.8,45.2,12,42.0,44.0,0.0,0.0,0.0,0.0,530
2023-05-11 09:30:38,IO2312-C-4500,IO2312-C-4500,42.0,0.0,0.0,0.0,12,42.2,44.8,12,42.0,44.0,0.0,0.0,0.0,0.0,530
2023-05-11 09:30:38,IO2312-C-4500,IO2312-C-4500,42.0,0.0,0.0,0.0,3,42.2,45.2,15,42.0,44.0,0.0,0.0,0.0,0.0,530
2023-05-11 09:30:39,IO2312-C-4500,IO2312-C-4500,42.0,0.0,0.0,0.0,6,42.0,45.2,6,42.0,44.0,0.0,0.0,0.0,0.0,530
2023-05-11 09:30:39,IO2312-C-4500,IO2312-C-4500,42.0,0.0,0.0,0.0,12,42.2,45.0,12,42.0,44.0,0.0,0.0,0.0,0.0,530
2023-05-11 09:30:40,IO2312-C-4500,IO2312-C-4500,42.0,0.0,0.0,0.0,3,42.2,45.0,3,42.0,44.0,0.0,0.0,0.0,0.0,530
2023-05-11 09:30:40,IO2312-C-4500,IO2312-C-4500,42.0,0.0,0.0,0.0,12,41.8,45.2,12,42.0,44.0,0.0,0.0,0.0,0.0,530
2023-05-11 09:30:41,IO2312-C-4500,IO2312-C-4500,42.0,0.0,0.0,0.0,12,42.2,44.8,12,42.0,44.0,0.0,0.0,0.0,0.0,530
2023-05-11 09:30:41,IO2312-C-4500,IO2312-C-4500,42.0,0.0,0.0,0.0,15,41.8,44.8,3,42.0,44.0,0.0,0.0,0.0,0.0,530
2023-05-11 09:30:42,IO2312-C-4500,IO2312-C-4500,42.0,0.0,0.0,0.0,12,41.8,45.0,6,42.0,44.0,0.0,0.0,0.0,0.0,530
2023-05-11 09:30:42,IO2312-C-4500,IO2312-C-4500,42.0,0.0,0.0,0.0,12,42.0,44.8,12,42.0,44.0,0.0,0.0,0.0,0.0,530
2023-05-11 09:30:43,IO2312-C-4500,IO2312-C-4500,42.0,0.0,0.0,0.0,12,41.8,45.0,6,42.0,44.0,0.0,0.0,0.0,0.0,530
2023-05-11 09:30:43,IO2312-C-4500,IO2312-C-4500,42.0,0.0,0.0,0.0,12,42.0,44.8,12,42.0,44.0,0.0,0.0,0.0,0.0,530
2023-05-11 09:30:44,IO2312-C-4500,IO2312-C-4500,42.0,0.0,0.0,0.0,3,42.0,44.8,3,42.0,44.0,0.0,0.0,0.0,0.0,530
2023-05-11 09:30:44,IO2312-C-4500,IO2312-C-4500,42.0,0.0,0.0,0.0,6,42.0,45.2,12,42.0,44.0,0.0,0.0,0.0,0.0,530
2023-05-11 09:30:45,IO2312-C-4500,IO2312-C-4500,42.0,0.0,0.0,0.0,12,41.8,45.2,12,42.0,44.0,0.0,0.0,0.0,0.0,530
2023-05-11 09:30:45,IO2312-C-4500,IO2312-C-4500,42.0,0.0,0.0,0.0,12,42.2,44.8,12,42.0,44.0,0.0,0.0,0.0,0.0,530
2023-05-11 09:30:46,IO2312-C-4500,IO2312-C-4500,42.0,0.0,0.0,0.0,3,42.2,45.2,15,42.0,44.0,0.0,0.0,0.0,0.0,530
2023-05-11 09:30:46,IO2312-C-4500,IO2312-C-4500,42.0,0.0,0.0,0.0,12,41.8,45.2,12,42.0,44.0,0.0,0.0,0.0,0.0,530
2023-05-11 09:30:47,IO2312-C-4500,IO2312-C-4500,42.0,0.0,0.0,0.0,12,42.2,44.8,12,42.0,44.0,0.0,0.0,0.0,0.0,530
2023-05-11 09:30:47,IO2312-C-4500,IO2312-C-4500,42.0,0.0,0.0,0.0,3,42.2,45.2,9,42.0,44.0,0.0,0.0,0.0,0.0,530
2023-05-11 09:30:48,IO2312-C-4500,IO2312-C-4500,42.0,0.0,0.0,0.0,6,41.8,45.2,6,42.0,44.0,0.0,0.0,0.0,0.0,530
2023-05-11 09:30:48,IO2312-C-4500,IO2312-C-4500,42.0,0.0,0.0,0.0,12,42.2,44.8,12,42.0,44.0,0.0,0.0,0.0,0.0,530
2023-05-11 09:30:49,IO2312-C-4500,IO2312-C-4500,42.0,0.0,0.0,0.0,3,42.2,45.2,9,42.0,44.0,0.0,0.0,0.0,0.0,530
2023-05-11 09:30:49,IO2312-C-4500,IO2312-C-4500,42.0,0.0,0.0,0.0,6,41.8,45.2,6,42.0,44.0,0.0,0.0,0.0,0.0,530
2023-05-11 09:30:50,IO2312-C-4500,IO2312-C-4500,42.0,0.0,0.0,0.0,12,42.2,44.8,12,42.0,44.0,0.0,0.0,0.0,0.0,530
2023-05-11 09:30:50,IO2312-C-4500,IO2312-C-4500,42.0,0.0,0.0,0.0,15,41.8,44.8,3,42.0,44.0,0.0,0.0,0.0,0.0,530
2023-05-11 09:30:51,IO2312-C-4500,IO2312-C-4500,42.0,0.0,0.0,0.0,12,41.8,45.4,12,42.0,44.0,0.0,0.0,0.0,0.0,530
2023-05-11 09:30:51,IO2312-C-4500,IO2312-C-4500,42.0,0.0,0.0,0.0,12,42.2,44.8,12,42.0,44.0,0.0,0.0,0.0,0.0,530
2023-05-11 09:30:52,IO2312-C-4500,IO2312-C-4500,42.0,0.0,0.0,0.0,12,41.8,45.4,12,42.0,44.0,0.0,0.0,0.0,0.0,530
2023-05-11 09:30:52,IO2312-C-4500,IO2312-C-4500,42.0,0.0,0.0,0.0,12,42.2,44.8,12,42.0,44.0,0.0,0.0,0.0,0.0,530
2023-05-11 09:30:53,IO2312-C-4500,IO2312-C-4500,42.0,0.0,0.0,0.0,12,41.8,45.4,12,42.0,44.0,0.0,0.0,0.0,0.0,530
2023-05-11 09:30:53,IO2312-C-4500,IO2312-C-4500,42.0,0.0,0.0,0.0,12,42.2,44.8,12,42.0,44.0,0.0,0.0,0.0,0.0,530
2023-05-11 09:30:54,IO2312-C-4500,IO2312-C-4500,42.0,0.0,0.0,0.0,15,41.8,44.8,3,42.0,44.0,0.0,0.0,0.0,0.0,530
2023-05-11 09:30:54,IO2312-C-4500,IO2312-C-4500,42.0,0.0,0.0,0.0,13,41.8,45.4,12,42.0,44.0,0.0,0.0,0.0,0.0,530
2023-05-11 09:30:55,IO2312-C-4500,IO2312-C-4500,42.0,0.0,0.0,0.0,12,42.2,44.8,12,42.0,44.0,0.0,0.0,0.0,0.0,530
2023-05-11 09:30:55,IO2312-C-4500,IO2312-C-4500,42.0,0.0,0.0,0.0,3,42.2,45.2,3,42.0,44.0,0.0,0.0,0.0,0.0,530
2023-05-11 09:30:56,IO2312-C-4500,IO2312-C-4500,42.0,0.0,0.0,0.0,19,41.8,45.4,24,42.0,44.0,0.0,0.0,0.0,0.0,530
2023-05-11 09:30:56,IO2312-C-4500,IO2312-C-4500,42.0,0.0,0.0,0.0,12,42.2,44.8,12,42.0,44.0,0.0,0.0,0.0,0.0,530
2023-05-11 09:30:57,IO2312-C-4500,IO2312-C-4500,42.0,0.0,0.0,0.0,9,42.2,45.2,3,42.0,44.0,0.0,0.0,0.0,0.0,530
2023-05-11 09:30:57,IO2312-C-4500,IO2312-C-4500,42.0,0.0,0.0,0.0,6,42.4,45.4,18,42.0,44.0,0.0,0.0,0.0,0.0,530
2023-05-11 09:30:58,IO2312-C-4500,IO2312-C-4500,42.0,0.0,0.0,0.0,12,42.6,45.2,12,42.0,44.0,0.0,0.0,0.0,0.0,530
2023-05-11 09:30:58,IO2312-C-4500,IO2312-C-4500,42.0,0.0,0.0,0.0,6,42.4,45.4,12,42.0,44.0,0.0,0.0,0.0,0.0,530
2023-05-11 09:30:59,IO2312-C-4500,IO2312-C-4500,42.0,0.0,0.0,0.0,12,42.6,45.2,12,42.0,44.0,0.0,0.0,0.0,0.0,530
2023-05-11 09:30:59,IO2312-C-4500,IO2312-C-4500,42.0,0.0,0.0,0.0,6,42.4,45.4,6,42.0,44.0,0.0,0.0,0.0,0.0,530
2023-05-11 09:31:00,IO2312-C-4500,IO2312-C-4500,42.0,0.0,0.0,0.0,12,42.6,45.2,12,42.0,44.0,0.0,0.0,0.0,0.0,530
2023-05-11 09:31:00,IO2312-C-4500,IO2312-C-4500,42.0,0.0,0.0,0.0,6,42.6,45.4,6,42.0,44.0,0.0,0.0,0.0,0.0,530
2023-05-11 09:31:01,IO2312-C-4500,IO2312-C-4500,42.0,0.0,0.0,0.0,3,42.6,45.4,9,42.0,44.0,0.0,0.0,0.0,0.0,530
2023-05-11 09:31:01,IO2312-C-4500,IO2312-C-4500,42.0,0.0,0.0,0.0,6,42.4,45.4,6,42.0,44.0,0.0,0.0,0.0,0.0,530
2023-05-11 09:31:02,IO2312-C-4500,IO2312-C-4500,42.0,0.0,0.0,0.0,12,42.6,45.2,12,42.0,44.0,0.0,0.0,0.0,0.0,530
2023-05-11 09:31:02,IO2312-C-4500,IO2312-C-4500,42.0,0.0,0.0,0.0,6,42.4,45.4,6,42.0,44.0,0.0,0.0,0.0,0.0,530
2023-05-11 09:31:03,IO2312-C-4500,IO2312-C-4500,42.0,0.0,0.0,0.0,12,42.6,45.2,12,42.0,44.0,0.0,0.0,0.0,0.0,530
2023-05-11 09:31:03,IO2312-C-4500,IO2312-C-4500,42.0,0.0,0.0,0.0,6,42.4,45.4,6,42.0,44.0,0.0,0.0,0.0,0.0,530
2023-05-11 09:31:04,IO2312-C-4500,IO2312-C-4500,42.0,0.0,0.0,0.0,12,42.6,45.2,12,42.0,44.0,0.0,0.0,0.0,0.0,530
2023-05-11 09:31:04,IO2312-C-4500,IO2312-C-4500,42.0,0.0,0.0,0.0,6,42.2,45.4,6,42.0,44.0,0.0,0.0,0.0,0.0,530
2023-05-11 09:31:05,IO2312-C-4500,IO2312-C-4500,42.0,0.0,0.0,0.0,12,42.4,45.0,12,42.0,44.0,0.0,0.0,0.0,0.0,530
2023-05-11 09:31:05,IO2312-C-4500,IO2312-C-4500,42.0,0.0,0.0,0.0,6,42.4,45.4,6,42.0,44.0,0.0,0.0,0.0,0.0,530
2023-05-11 09:31:06,IO2312-C-4500,IO2312-C-4500,42.0,0.0,0.0,0.0,6,42.2,45.4,6,42.0,44.0,0.0,0.0,0.0,0.0,530
2023-05-11 09:31:06,IO2312-C-4500,IO2312-C-4500,42.0,0.0,0.0,0.0,12,42.4,45.0,12,42.0,44.0,0.0,0.0,0.0,0.0,530
2023-05-11 09:31:07,IO2312-C-4500,IO2312-C-4500,42.0,0.0,0.0,0.0,6,42.4,45.4,6,42.0,44.0,0.0,0.0,0.0,0.0,530
2023-05-11 09:31:16,IO2312-C-4500,IO2312-C-4500,42.0,0.0,0.0,0.0,12,42.2,45.4,6,42.0,44.0,0.0,0.0,0.0,0.0,530
2023-05-11 09:31:17,IO2312-C-4500,IO2312-C-4500,42.0,0.0,0.0,0.0,18,42.4,45.0,12,42.0,44.0,0.0,0.0,0.0,0.0,530
2023-05-11 09:31:17,IO2312-C-4500,IO2312-C-4500,42.0,0.0,0.0,0.0,6,42.4,45.4,6,42.0,44.0,0.0,0.0,0.0,0.0,530
2023-05-11 09:31:20,IO2312-C-4500,IO2312-C-4500,42.0,0.0,0.0,0.0,12,42.2,45.4,12,42.0,44.0,0.0,0.0,0.0,0.0,530
2023-05-11 09:31:21,IO2312-C-4500,IO2312-C-4500,42.0,0.0,0.0,0.0,12,42.4,45.0,12,42.0,44.0,0.0,0.0,0.0,0.0,530
2023-05-11 09:31:21,IO2312-C-4500,IO2312-C-4500,42.0,0.0,0.0,0.0,12,42.2,45.4,12,42.0,44.0,0.0,0.0,0.0,0.0,530
2023-05-11 09:31:22,IO2312-C-4500,IO2312-C-4500,42.0,0.0,0.0,0.0,12,42.4,45.0,12,42.0,44.0,0.0,0.0,0.0,0.0,530
2023-05-11 09:31:22,IO2312-C-4500,IO2312-C-4500,42.0,0.0,0.0,0.0,12,42.2,45.4,12,42.0,44.0,0.0,0.0,0.0,0.0,530
2023-05-11 09:31:23,IO2312-C-4500,IO2312-C-4500,42.0,0.0,0.0,0.0,12,42.4,45.0,12,42.0,44.0,0.0,0.0,0.0,0.0,530
2023-05-11 09:31:23,IO2312-C-4500,IO2312-C-4500,42.0,0.0,0.0,0.0,6,42.2,45.4,18,42.0,44.0,0.0,0.0,0.0,0.0,530
2023-05-11 09:31:24,IO2312-C-4500,IO2312-C-4500,42.0,0.0,0.0,0.0,12,42.4,45.0,12,42.0,44.0,0.0,0.0,0.0,0.0,530
2023-05-11 09:31:24,IO2312-C-4500,IO2312-C-4500,42.0,0.0,0.0,0.0,6,42.2,45.4,24,42.0,44.0,0.0,0.0,0.0,0.0,530
2023-05-11 09:31:25,IO2312-C-4500,IO2312-C-4500,42.0,0.0,0.0,0.0,12,42.4,45.0,12,42.0,44.0,0.0,0.0,0.0,0.0,530
2023-05-11 09:31:25,IO2312-C-4500,IO2312-C-4500,42.0,0.0,0.0,0.0,6,42.2,45.4,24,42.0,44.0,0.0,0.0,0.0,0.0,530
2023-05-11 09:31:26,IO2312-C-4500,IO2312-C-4500,42.0,0.0,0.0,0.0,12,42.4,45.0,12,42.0,44.0,0.0,0.0,0.0,0.0,530
2023-05-11 09:31:26,IO2312-C-4500,IO2312-C-4500,42.0,0.0,0.0,0.0,6,42.2,45.4,24,42.0,44.0,0.0,0.0,0.0,0.0,530
2023-05-11 09:31:27,IO2312-C-4500,IO2312-C-4500,42.0,0.0,0.0,0.0,12,42.4,45.0,12,42.0,44.0,0.0,0.0,0.0,0.0,530
2023-05-11 09:31:27,IO2312-C-4500,IO2312-C-4500,42.0,0.0,0.0,0.0,6,42.2,45.4,24,42.0,44.0,0.0,0.0,0.0,0.0,530
2023-05-11 09:31:28,IO2312-C-4500,IO2312-C-4500,42.0,0.0,0.0,0.0,12,42.4,45.0,12,42.0,44.0,0.0,0.0,0.0,0.0,530
2023-05-11 09:31:28,IO2312-C-4500,IO2312-C-4500,42.0,0.0,0.0,0.0,6,42.2,45.4,18,42.0,44.0,0.0,0.0,0.0,0.0,530
2023-05-11 09:31:29,IO2312-C-4500,IO2312-C-4500,42.0,0.0,0.0,0.0,12,42.4,45.0,12,42.0,44.0,0.0,0.0,0.0,0.0,530
2023-05-11 09:31:29,IO2312-C-4500,IO2312-C-4500,42.0,0.0,0.0,0.0,6,42.2,45.4,18,42.0,44.0,0.0,0.0,0.0,0.0,530
2023-05-11 09:31:30,IO2312-C-4500,IO2312-C-4500,42.0,0.0,0.0,0.0,12,42.4,45.0,12,42.0,44.0,0.0,0.0,0.0,0.0,530
2023-05-11 09:31:30,IO2312-C-4500,IO2312-C-4500,42.0,0.0,0.0,0.0,6,42.2,45.4,24,42.0,44.0,0.0,0.0,0.0,0.0,530
2023-05-11 09:31:31,IO2312-C-4500,IO2312-C-4500,42.0,0.0,0.0,0.0,12,42.4,45.0,12,42.0,44.0,0.0,0.0,0.0,0.0,530
2023-05-11 09:31:31,IO2312-C-4500,IO2312-C-4500,42.0,0.0,0.0,0.0,6,42.2,45.4,24,42.0,44.0,0.0,0.0,0.0,0.0,530
2023-05-11 09:31:32,IO2312-C-4500,IO2312-C-4500,42.0,0.0,0.0,0.0,12,42.4,45.0,12,42.0,44.0,0.0,0.0,0.0,0.0,530
2023-05-11 09:31:32,IO2312-C-4500,IO2312-C-4500,42.0,0.0,0.0,0.0,12,42.2,45.4,30,42.0,44.0,0.0,0.0,0.0,0.0,530
2023-05-11 09:31:33,IO2312-C-4500,IO2312-C-4500,42.0,0.0,0.0,0.0,12,42.4,45.0,12,42.0,44.0,0.0,0.0,0.0,0.0,530
2023-05-11 09:31:33,IO2312-C-4500,IO2312-C-4500,42.0,0.0,0.0,0.0,6,42.4,44.8,6,42.0,44.0,0.0,0.0,0.0,0.0,530
2023-05-11 09:31:34,IO2312-C-4500,IO2312-C-4500,42.0,0.0,0.0,0.0,6,42.2,45.2,6,42.0,44.0,0.0,0.0,0.0,0.0,530
2023-05-11 09:31:34,IO2312-C-4500,IO2312-C-4500,42.0,0.0,0.0,0.0,12,42.4,45.0,12,42.0,44.0,0.0,0.0,0.0,0.0,530
2023-05-11 09:31:35,IO2312-C-4500,IO2312-C-4500,42.0,0.0,0.0,0.0,6,42.4,44.8,6,42.0,44.0,0.0,0.0,0.0,0.0,530
2023-05-11 09:31:35,IO2312-C-4500,IO2312-C-4500,42.0,0.0,0.0,0.0,6,42.2,45.2,6,42.0,44.0,0.0,0.0,0.0,0.0,530
2023-05-11 09:31:36,IO2312-C-4500,IO2312-C-4500,42.0,0.0,0.0,0.0,12,42.4,45.0,12,42.0,44.0,0.0,0.0,0.0,0.0,530
2023-05-11 09:31:36,IO2312-C-4500,IO2312-C-4500,42.0,0.0,0.0,0.0,6,42.4,44.8,6,42.0,44.0,0.0,0.0,0.0,0.0,530
2023-05-11 09:31:37,IO2312-C-4500,IO2312-C-4500,42.0,0.0,0.0,0.0,6,42.2,45.2,6,42.0,44.0,0.0,0.0,0.0,0.0,530
2023-05-11 09:31:37,IO2312-C-4500,IO2312-C-4500,42.0,0.0,0.0,0.0,12,42.4,45.0,12,42.0,44.0,0.0,0.0,0.0,0.0,530
2023-05-11 09:31:38,IO2312-C-4500,IO2312-C-4500,42.0,0.0,0.0,0.0,6,42.2,44.8,6,42.0,44.0,0.0,0.0,0.0,0.0,530
2023-05-11 09:31:38,IO2312-C-4500,IO2312-C-4500,42.0,0.0,0.0,0.0,18,42.2,44.8,12,42.0,44.0,0.0,0.0,0.0,0.0,530
2023-05-11 09:31:39,IO2312-C-4500,IO2312-C-4500,42.0,0.0,0.0,0.0,12,42.2,44.6,6,42.0,44.0,0.0,0.0,0.0,0.0,530
2023-05-11 09:31:39,IO2312-C-4500,IO2312-C-4500,42.0,0.0,0.0,0.0,6,42.2,45.0,6,42.0,44.0,0.0,0.0,0.0,0.0,530
2023-05-11 09:31:40,IO2312-C-4500,IO2312-C-4500,42.0,0.0,0.0,0.0,12,42.2,45.0,6,42.0,44.0,0.0,0.0,0.0,0.0,530
2023-05-11 09:31:42,IO2312-C-4500,IO2312-C-4500,42.0,0.0,0.0,0.0,6,42.2,45.0,6,42.0,44.0,0.0,0.0,0.0,0.0,530
2023-05-11 09:31:47,IO2312-C-4500,IO2312-C-4500,42.0,0.0,0.0,0.0,6,42.4,45.2,12,42.0,44.0,0.0,0.0,0.0,0.0,530
2023-05-11 09:31:47,IO2312-C-4500,IO2312-C-4500,42.0,0.0,0.0,0.0,12,42.4,45.0,12,42.0,44.0,0.0,0.0,0.0,0.0,530
2023-05-11 09:31:48,IO2312-C-4500,IO2312-C-4500,42.0,0.0,0.0,0.0,6,42.4,44.8,6,42.0,44.0,0.0,0.0,0.0,0.0,530
2023-05-11 09:31:48,IO2312-C-4500,IO2312-C-4500,42.0,0.0,0.0,0.0,12,42.2,45.0,6,42.0,44.0,0.0,0.0,0.0,0.0,530
2023-05-11 09:31:53,IO2312-C-4500,IO2312-C-4500,42.0,0.0,0.0,0.0,6,42.2,45.0,6,42.0,44.0,0.0,0.0,0.0,0.0,530
2023-05-11 09:31:56,IO2312-C-4500,IO2312-C-4500,42.0,0.0,0.0,0.0,12,42.2,45.0,6,42.0,44.0,0.0,0.0,0.0,0.0,530
2023-05-11 09:32:00,IO2312-C-4500,IO2312-C-4500,42.0,0.0,0.0,0.0,6,42.4,45.2,12,42.0,44.0,0.0,0.0,0.0,0.0,530
2023-05-11 09:32:01,IO2312-C-4500,IO2312-C-4500,42.0,0.0,0.0,0.0,6,42.4,45.2,6,42.0,44.0,0.0,0.0,0.0,0.0,530
2023-05-11 09:32:03,IO2312-C-4500,IO2312-C-4500,42.0,0.0,0.0,0.0,6,42.4,45.2,12,42.0,44.0,0.0,0.0,0.0,0.0,530
2023-05-11 09:32:04,IO2312-C-4500,IO2312-C-4500,42.0,0.0,0.0,0.0,12,42.2,45.0,6,42.0,44.0,0.0,0.0,0.0,0.0,530
2023-05-11 09:32:05,IO2312-C-4500,IO2312-C-4500,42.0,0.0,0.0,0.0,6,42.4,45.0,3,42.0,44.0,0.0,0.0,0.0,0.0,530
2023-05-11 09:32:06,IO2312-C-4500,IO2312-C-4500,42.0,0.0,0.0,0.0,6,42.4,45.2,12,42.0,44.0,0.0,0.0,0.0,0.0,530
2023-05-11 09:32:07,IO2312-C-4500,IO2312-C-4500,42.0,0.0,0.0,0.0,6,42.4,45.2,15,42.0,44.0,0.0,0.0,0.0,0.0,530
2023-05-11 09:32:10,IO2312-C-4500,IO2312-C-4500,42.0,0.0,0.0,0.0,12,42.2,45.0,6,42.0,44.0,0.0,0.0,0.0,0.0,530
2023-05-11 09:32:11,IO2312-C-4500,IO2312-C-4500,42.0,0.0,0.0,0.0,12,42.2,45.0,9,42.0,44.0,0.0,0.0,0.0,0.0,530
2023-05-11 09:32:11,IO2312-C-4500,IO2312-C-4500,42.0,0.0,0.0,0.0,6,42.4,44.8,6,42.0,44.0,0.0,0.0,0.0,0.0,530
2023-05-11 09:32:12,IO2312-C-4500,IO2312-C-4500,42.0,0.0,0.0,0.0,6,42.4,44.8,9,42.0,44.0,0.0,0.0,0.0,0.0,530
2023-05-11 09:32:14,IO2312-C-4500,IO2312-C-4500,42.0,0.0,0.0,0.0,6,42.4,44.8,3,42.0,44.0,0.0,0.0,0.0,0.0,530
2023-05-11 09:32:15,IO2312-C-4500,IO2312-C-4500,42.0,0.0,0.0,0.0,6,42.4,45.2,18,42.0,44.0,0.0,0.0,0.0,0.0,530
2023-05-11 09:32:16,IO2312-C-4500,IO2312-C-4500,42.0,0.0,0.0,0.0,6,42.4,45.2,21,42.0,44.0,0.0,0.0,0.0,0.0,530
2023-05-11 09:32:17,IO2312-C-4500,IO2312-C-4500,42.0,0.0,0.0,0.0,6,42.4,45.2,15,42.0,44.0,0.0,0.0,0.0,0.0,530
2023-05-11 09:32:17,IO2312-C-4500,IO2312-C-4500,42.0,0.0,0.0,0.0,6,42.4,44.8,6,42.0,44.0,0.0,0.0,0.0,0.0,530
2023-05-11 09:32:18,IO2312-C-4500,IO2312-C-4500,42.0,0.0,0.0,0.0,6,42.4,44.8,9,42.0,44.0,0.0,0.0,0.0,0.0,530
2023-05-11 09:32:45,IO2312-C-4500,IO2312-C-4500,42.0,0.0,0.0,0.0,6,42.4,44.8,3,42.0,44.0,0.0,0.0,0.0,0.0,530
2023-05-11 09:32:46,IO2312-C-4500,IO2312-C-4500,42.0,0.0,0.0,0.0,6,42.4,45.0,12,42.0,44.0,0.0,0.0,0.0,0.0,530
2023-05-11 09:32:46,IO2312-C-4500,IO2312-C-4500,42.0,0.0,0.0,0.0,6,42.4,45.0,6,42.0,44.0,0.0,0.0,0.0,0.0,530
2023-05-11 09:32:47,IO2312-C-4500,IO2312-C-4500,42.0,0.0,0.0,0.0,6,42.4,45.0,9,42.0,44.0,0.0,0.0,0.0,0.0,530
2023-05-11 09:33:12,IO2312-C-4500,IO2312-C-4500,42.0,0.0,0.0,0.0,6,42.4,44.8,6,42.0,44.0,0.0,0.0,0.0,0.0,530
2023-05-11 09:33:12,IO2312-C-4500,IO2312-C-4500,42.0,0.0,0.0,0.0,6,42.4,44.8,9,42.0,44.0,0.0,0.0,0.0,0.0,530
2023-05-11 09:33:13,IO2312-C-4500,IO2312-C-4500,42.0,0.0,0.0,0.0,6,42.4,44.8,15,42.0,44.0,0.0,0.0,0.0,0.0,530
2023-05-11 09:33:13,IO2312-C-4500,IO2312-C-4500,42.0,0.0,0.0,0.0,6,42.4,44.8,21,42.0,44.0,0.0,0.0,0.0,0.0,530
2023-05-11 09:33:14,IO2312-C-4500,IO2312-C-4500,42.0,0.0,0.0,0.0,6,42.2,44.8,15,42.0,44.0,0.0,0.0,0.0,0.0,530
2023-05-11 09:33:31,IO2312-C-4500,IO2312-C-4500,42.0,0.0,0.0,0.0,6,42.2,44.6,6,42.0,44.0,0.0,0.0,0.0,0.0,530
2023-05-11 09:33:31,IO2312-C-4500,IO2312-C-4500,42.0,0.0,0.0,0.0,6,42.2,44.6,3,42.0,44.0,0.0,0.0,0.0,0.0,530
2023-05-11 09:33:32,IO2312-C-4500,IO2312-C-4500,42.0,0.0,0.0,0.0,6,42.2,44.8,12,42.0,44.0,0.0,0.0,0.0,0.0,530
2023-05-11 09:33:33,IO2312-C-4500,IO2312-C-4500,42.0,0.0,0.0,0.0,6,42.2,44.8,9,42.0,44.0,0.0,0.0,0.0,0.0,530
2023-05-11 09:33:41,IO2312-C-4500,IO2312-C-4500,42.0,0.0,0.0,0.0,6,42.2,44.6,6,42.0,44.0,0.0,0.0,0.0,0.0,530
2023-05-11 09:33:41,IO2312-C-4500,IO2312-C-4500,42.0,0.0,0.0,0.0,6,42.2,44.6,9,42.0,44.0,0.0,0.0,0.0,0.0,530
2023-05-11 09:33:44,IO2312-C-4500,IO2312-C-4500,42.0,0.0,0.0,0.0,6,42.2,44.6,3,42.0,44.0,0.0,0.0,0.0,0.0,530
2023-05-11 09:33:45,IO2312-C-4500,IO2312-C-4500,42.0,0.0,0.0,0.0,6,42.2,44.8,12,42.0,44.0,0.0,0.0,0.0,0.0,530
2023-05-11 09:33:46,IO2312-C-4500,IO2312-C-4500,42.0,0.0,0.0,0.0,6,42.2,44.8,6,42.0,44.0,0.0,0.0,0.0,0.0,530
2023-05-11 09:33:46,IO2312-C-4500,IO2312-C-4500,42.0,0.0,0.0,0.0,6,42.2,44.8,9,42.0,44.0,0.0,0.0,0.0,0.0,530
2023-05-11 09:33:58,IO2312-C-4500,IO2312-C-4500,42.0,0.0,0.0,0.0,6,42.2,44.6,6,42.0,44.0,0.0,0.0,0.0,0.0,530
2023-05-11 09:33:59,IO2312-C-4500,IO2312-C-4500,42.0,0.0,0.0,0.0,6,42.2,44.6,9,42.0,44.0,0.0,0.0,0.0,0.0,530
2023-05-11 09:34:20,IO2312-C-4500,IO2312-C-4500,42.0,0.0,0.0,0.0,6,42.2,44.6,3,42.0,44.0,0.0,0.0,0.0,0.0,530
2023-05-11 09:34:21,IO2312-C-4500,IO2312-C-4500,42.0,0.0,0.0,0.0,6,42.2,44.8,6,42.0,44.0,0.0,0.0,0.0,0.0,530
2023-05-11 09:34:22,IO2312-C-4500,IO2312-C-4500,42.0,0.0,0.0,0.0,6,42.2,44.8,9,42.0,44.0,0.0,0.0,0.0,0.0,530
2023-05-11 09:34:29,IO2312-C-4500,IO2312-C-4500,42.0,0.0,0.0,0.0,6,42.2,44.6,6,42.0,44.0,0.0,0.0,0.0,0.0,530
2023-05-11 09:34:29,IO2312-C-4500,IO2312-C-4500,42.0,0.0,0.0,0.0,6,42.2,44.6,9,42.0,44.0,0.0,0.0,0.0,0.0,530
2023-05-11 09:34:33,IO2312-C-4500,IO2312-C-4500,42.0,0.0,0.0,0.0,30,42.0,44.4,6,42.0,44.0,0.0,0.0,0.0,0.0,530
2023-05-11 09:34:34,IO2312-C-4500,IO2312-C-4500,42.0,0.0,0.0,0.0,6,42.0,44.4,9,42.0,44.0,0.0,0.0,0.0,0.0,530
2023-05-11 09:34:35,IO2312-C-4500,IO2312-C-4500,42.0,0.0,0.0,0.0,6,42.0,44.4,3,42.0,44.0,0.0,0.0,0.0,0.0,530
2023-05-11 09:34:35,IO2312-C-4500,IO2312-C-4500,42.0,0.0,0.0,0.0,6,42.0,44.4,6,42.0,44.0,0.0,0.0,0.0,0.0,530
2023-05-11 09:34:36,IO2312-C-4500,IO2312-C-4500,42.0,0.0,0.0,0.0,6,42.0,44.4,9,42.0,44.0,0.0,0.0,0.0,0.0,530
2023-05-11 09:34:41,IO2312-C-4500,IO2312-C-4500,42.0,0.0,0.0,0.0,6,42.0,44.4,3,42.0,44.0,0.0,0.0,0.0,0.0,530
2023-05-11 09:34:42,IO2312-C-4500,IO2312-C-4500,42.0,0.0,0.0,0.0,6,42.0,44.6,18,42.0,44.0,0.0,0.0,0.0,0.0,530
2023-05-11 09:34:42,IO2312-C-4500,IO2312-C-4500,42.0,0.0,0.0,0.0,6,42.0,44.6,12,42.0,44.0,0.0,0.0,0.0,0.0,530
2023-05-11 09:34:43,IO2312-C-4500,IO2312-C-4500,42.0,0.0,0.0,0.0,6,42.0,44.6,15,42.0,44.0,0.0,0.0,0.0,0.0,530
2023-05-11 09:34:51,IO2312-C-4500,IO2312-C-4500,42.0,0.0,0.0,0.0,6,42.2,44.6,3,42.0,44.0,0.0,0.0,0.0,0.0,530
2023-05-11 09:34:52,IO2312-C-4500,IO2312-C-4500,42.0,0.0,0.0,0.0,6,42.4,44.8,36,42.0,44.0,0.0,0.0,0.0,0.0,530
2023-05-11 09:34:52,IO2312-C-4500,IO2312-C-4500,42.0,0.0,0.0,0.0,12,42.2,44.6,6,42.0,44.0,0.0,0.0,0.0,0.0,530
2023-05-11 09:34:53,IO2312-C-4500,IO2312-C-4500,42.0,0.0,0.0,0.0,6,42.2,44.6,9,42.0,44.0,0.0,0.0,0.0,0.0,530
2023-05-11 09:34:53,IO2312-C-4500,IO2312-C-4500,42.0,0.0,0.0,0.0,6,42.0,44.6,3,42.0,44.0,0.0,0.0,0.0,0.0,530
2023-05-11 09:34:54,IO2312-C-4500,IO2312-C-4500,42.0,0.0,0.0,0.0,6,42.0,44.8,42,42.0,44.0,0.0,0.0,0.0,0.0,530
2023-05-11 09:34:54,IO2312-C-4500,IO2312-C-4500,42.0,0.0,0.0,0.0,6,42.0,44.8,36,42.0,44.0,0.0,0.0,0.0,0.0,530
2023-05-11 09:34:55,IO2312-C-4500,IO2312-C-4500,42.0,0.0,0.0,0.0,6,42.0,44.8,39,42.0,44.0,0.0,0.0,0.0,0.0,530
2023-05-11 09:34:56,IO2312-C-4500,IO2312-C-4500,42.0,0.0,0.0,0.0,6,42.0,44.8,42,42.0,44.0,0.0,0.0,0.0,0.0,530
2023-05-11 09:34:57,IO2312-C-4500,IO2312-C-4500,42.0,0.0,0.0,0.0,6,42.0,44.8,39,42.0,44.0,0.0,0.0,0.0,0.0,530
2023-05-11 09:35:01,IO2312-C-4500,IO2312-C-4500,42.0,0.0,0.0,0.0,42,41.8,44.6,6,42.0,44.0,0.0,0.0,0.0,0.0,530
2023-05-11 09:35:02,IO2312-C-4500,IO2312-C-4500,42.0,0.0,0.0,0.0,42,41.8,44.6,12,42.0,44.0,0.0,0.0,0.0,0.0,530
2023-05-11 09:35:02,IO2312-C-4500,IO2312-C-4500,42.0,0.0,0.0,0.0,6,42.0,44.4,6,42.0,44.0,0.0,0.0,0.0,0.0,530
2023-05-11 09:35:03,IO2312-C-4500,IO2312-C-4500,42.0,0.0,0.0,0.0,6,42.0,44.4,9,42.0,44.0,0.0,0.0,0.0,0.0,530
2023-05-11 09:35:04,IO2312-C-4500,IO2312-C-4500,42.0,0.0,0.0,0.0,42,41.8,44.2,6,42.0,44.0,0.0,0.0,0.0,0.0,530
2023-05-11 09:35:04,IO2312-C-4500,IO2312-C-4500,42.0,0.0,0.0,0.0,24,41.8,44.2,9,42.0,44.0,0.0,0.0,0.0,0.0,530
2023-05-11 09:35:05,IO2312-C-4500,IO2312-C-4500,42.0,0.0,0.0,0.0,6,42.0,44.0,6,42.0,44.0,0.0,0.0,0.0,0.0,530
2023-05-11 09:35:05,IO2312-C-4500,IO2312-C-4500,42.0,0.0,0.0,0.0,6,42.0,44.0,9,42.0,44.0,0.0,0.0,0.0,0.0,530
2023-05-11 09:35:06,IO2312-C-4500,IO2312-C-4500,42.0,0.0,0.0,0.0,6,42.0,43.8,3,42.0,44.0,0.0,0.0,0.0,0.0,530
2023-05-11 09:35:07,IO2312-C-4500,IO2312-C-4500,42.0,0.0,0.0,0.0,6,41.8,43.8,9,42.0,44.0,0.0,0.0,0.0,0.0,530
2023-05-11 09:35:07,IO2312-C-4500,IO2312-C-4500,42.0,0.0,0.0,0.0,6,41.8,43.8,12,42.0,44.0,0.0,0.0,0.0,0.0,530
2023-05-11 09:35:10,IO2312-C-4500,IO2312-C-4500,42.0,0.0,0.0,0.0,6,41.8,43.8,9,42.0,44.0,0.0,0.0,0.0,0.0,530
2023-05-11 09:35:10,IO2312-C-4500,IO2312-C-4500,42.0,0.0,0.0,0.0,6,41.8,43.8,6,42.0,44.0,0.0,0.0,0.0,0.0,530
2023-05-11 09:35:18,IO2312-C-4500,IO2312-C-4500,42.0,0.0,0.0,0.0,6,41.8,43.8,3,42.0,44.0,0.0,0.0,0.0,0.0,530
2023-05-11 09:35:19,IO2312-C-4500,IO2312-C-4500,42.0,0.0,0.0,0.0,9,41.8,44.0,6,42.0,44.0,0.0,0.0,0.0,0.0,530
2023-05-11 09:35:19,IO2312-C-4500,IO2312-C-4500,42.0,0.0,0.0,0.0,6,42.0,43.8,3,42.0,44.0,0.0,0.0,0.0,0.0,530
2023-05-11 09:35:22,IO2312-C-4500,IO2312-C-4500,42.0,0.0,0.0,0.0,6,41.8,43.8,3,42.0,44.0,0.0,0.0,0.0,0.0,530
2023-05-11 09:35:26,IO2312-C-4500,IO2312-C-4500,42.0,0.0,0.0,0.0,6,41.6,43.8,3,42.0,44.0,0.0,0.0,0.0,0.0,530
2023-05-11 09:35:27,IO2312-C-4500,IO2312-C-4500,42.0,0.0,0.0,0.0,9,41.6,43.8,3,42.0,44.0,0.0,0.0,0.0,0.0,530
2023-05-11 09:35:27,IO2312-C-4500,IO2312-C-4500,42.0,0.0,0.0,0.0,6,41.8,43.8,3,42.0,44.0,0.0,0.0,0.0,0.0,530
2023-05-11 09:35:32,IO2312-C-4500,IO2312-C-4500,42.0,0.0,0.0,0.0,9,41.8,43.8,3,42.0,44.0,0.0,0.0,0.0,0.0,530
2023-05-11 09:35:33,IO2312-C-4500,IO2312-C-4500,42.0,0.0,0.0,0.0,6,42.0,43.8,3,42.0,44.0,0.0,0.0,0.0,0.0,530
2023-05-11 09:35:34,IO2312-C-4500,IO2312-C-4500,42.0,0.0,0.0,0.0,6,41.6,43.8,3,42.0,44.0,0.0,0.0,0.0,0.0,530
2023-05-11 09:35:34,IO2312-C-4500,IO2312-C-4500,42.0,0.0,0.0,0.0,9,41.6,43.8,3,42.0,44.0,0.0,0.0,0.0,0.0,530
2023-05-11 09:35:35,IO2312-C-4500,IO2312-C-4500,42.0,0.0,0.0,0.0,6,41.8,43.8,3,42.0,44.0,0.0,0.0,0.0,0.0,530
2023-05-11 09:35:35,IO2312-C-4500,IO2312-C-4500,42.0,0.0,0.0,0.0,9,41.8,43.8,3,42.0,44.0,0.0,0.0,0.0,0.0,530
2023-05-11 09:35:36,IO2312-C-4500,IO2312-C-4500,42.0,0.0,0.0,0.0,6,42.0,43.8,3,42.0,44.0,0.0,0.0,0.0,0.0,530
2023-05-11 09:35:39,IO2312-C-4500,IO2312-C-4500,42.0,0.0,0.0,0.0,9,41.8,43.8,3,42.0,44.0,0.0,0.0,0.0,0.0,530
2023-05-11 09:35:39,IO2312-C-4500,IO2312-C-4500,42.0,0.0,0.0,0.0,6,42.0,43.8,3,42.0,44.0,0.0,0.0,0.0,0.0,530
2023-05-11 09:35:46,IO2312-C-4500,IO2312-C-4500,42.0,0.0,0.0,0.0,6,42.0,44.0,9,42.0,44.0,0.0,0.0,0.0,0.0,530
2023-05-11 09:35:47,IO2312-C-4500,IO2312-C-4500,42.0,0.0,0.0,0.0,6,42.0,44.0,6,42.0,44.0,0.0,0.0,0.0,0.0,530
2023-05-11 09:35:47,IO2312-C-4500,IO2312-C-4500,42.0,0.0,0.0,0.0,9,42.0,44.0,6,42.0,44.0,0.0,0.0,0.0,0.0,530
2023-05-11 09:35:48,IO2312-C-4500,IO2312-C-4500,42.0,0.0,0.0,0.0,6,42.2,44.0,6,42.0,44.0,0.0,0.0,0.0,0.0,530
2023-05-11 09:35:48,IO2312-C-4500,IO2312-C-4500,42.0,0.0,0.0,0.0,6,41.8,44.0,6,42.0,44.0,0.0,0.0,0.0,0.0,530
2023-05-11 09:35:49,IO2312-C-4500,IO2312-C-4500,42.0,0.0,0.0,0.0,3,41.8,44.0,6,42.0,44.0,0.0,0.0,0.0,0.0,530
2023-05-11 09:35:49,IO2312-C-4500,IO2312-C-4500,42.0,0.0,0.0,0.0,6,42.0,44.0,6,42.0,44.0,0.0,0.0,0.0,0.0,530
2023-05-11 09:35:50,IO2312-C-4500,IO2312-C-4500,42.0,0.0,0.0,0.0,6,41.6,44.0,6,42.0,44.0,0.0,0.0,0.0,0.0,530
2023-05-11 09:35:51,IO2312-C-4500,IO2312-C-4500,42.0,0.0,0.0,0.0,9,41.6,44.0,6,42.0,44.0,0.0,0.0,0.0,0.0,530
2023-05-11 09:35:51,IO2312-C-4500,IO2312-C-4500,42.0,0.0,0.0,0.0,6,41.8,44.0,6,42.0,44.0,0.0,0.0,0.0,0.0,530
2023-05-11 09:35:52,IO2312-C-4500,IO2312-C-4500,42.0,0.0,0.0,0.0,9,41.8,44.0,6,42.0,44.0,0.0,0.0,0.0,0.0,530
2023-05-11 09:35:52,IO2312-C-4500,IO2312-C-4500,42.0,0.0,0.0,0.0,6,42.0,44.0,6,42.0,44.0,0.0,0.0,0.0,0.0,530
2023-05-11 09:35:57,IO2312-C-4500,IO2312-C-4500,42.0,0.0,0.0,0.0,6,41.8,44.0,6,42.0,44.0,0.0,0.0,0.0,0.0,530
2023-05-11 09:36:02,IO2312-C-4500,IO2312-C-4500,42.0,0.0,0.0,0.0,9,41.8,44.0,6,42.0,44.0,0.0,0.0,0.0,0.0,530
2023-05-11 09:36:03,IO2312-C-4500,IO2312-C-4500,42.0,0.0,0.0,0.0,6,42.0,44.0,6,42.0,44.0,0.0,0.0,0.0,0.0,530
2023-05-11 09:36:13,IO2312-C-4500,IO2312-C-4500,42.0,0.0,0.0,0.0,6,41.8,44.0,6,42.0,44.0,0.0,0.0,0.0,0.0,530
2023-05-11 09:36:15,IO2312-C-4500,IO2312-C-4500,42.0,0.0,0.0,0.0,6,41.6,44.0,6,42.0,44.0,0.0,0.0,0.0,0.0,530
2023-05-11 09:36:15,IO2312-C-4500,IO2312-C-4500,42.0,0.0,0.0,0.0,9,41.6,44.0,6,42.0,44.0,0.0,0.0,0.0,0.0,530
2023-05-11 09:36:16,IO2312-C-4500,IO2312-C-4500,42.0,0.0,0.0,0.0,6,41.8,44.0,6,42.0,44.0,0.0,0.0,0.0,0.0,530
2023-05-11 09:36:17,IO2312-C-4500,IO2312-C-4500,42.0,0.0,0.0,0.0,6,41.6,44.0,6,42.0,44.0,0.0,0.0,0.0,0.0,530
2023-05-11 09:36:19,IO2312-C-4500,IO2312-C-4500,42.0,0.0,0.0,0.0,9,41.6,44.0,6,42.0,44.0,0.0,0.0,0.0,0.0,530
2023-05-11 09:36:20,IO2312-C-4500,IO2312-C-4500,42.0,0.0,0.0,0.0,6,41.8,44.0,6,42.0,44.0,0.0,0.0,0.0,0.0,530
2023-05-11 09:36:21,IO2312-C-4500,IO2312-C-4500,42.0,0.0,0.0,0.0,6,41.6,44.0,6,42.0,44.0,0.0,0.0,0.0,0.0,530
2023-05-11 09:36:22,IO2312-C-4500,IO2312-C-4500,42.0,0.0,0.0,0.0,9,41.6,44.0,6,42.0,44.0,0.0,0.0,0.0,0.0,530
2023-05-11 09:36:22,IO2312-C-4500,IO2312-C-4500,42.0,0.0,0.0,0.0,6,41.8,44.0,6,42.0,44.0,0.0,0.0,0.0,0.0,530
2023-05-11 09:36:26,IO2312-C-4500,IO2312-C-4500,42.0,0.0,0.0,0.0,6,41.6,44.0,6,42.0,44.0,0.0,0.0,0.0,0.0,530
2023-05-11 09:36:26,IO2312-C-4500,IO2312-C-4500,42.0,0.0,0.0,0.0,9,41.6,44.0,6,42.0,44.0,0.0,0.0,0.0,0.0,530
2023-05-11 09:36:27,IO2312-C-4500,IO2312-C-4500,42.0,0.0,0.0,0.0,6,41.8,44.0,6,42.0,44.0,0.0,0.0,0.0,0.0,530
2023-05-11 09:36:31,IO2312-C-4500,IO2312-C-4500,42.0,0.0,0.0,0.0,6,41.6,44.0,6,42.0,44.0,0.0,0.0,0.0,0.0,530
2023-05-11 09:36:33,IO2312-C-4500,IO2312-C-4500,42.0,0.0,0.0,0.0,9,41.6,44.0,6,42.0,44.0,0.0,0.0,0.0,0.0,530
2023-05-11 09:36:33,IO2312-C-4500,IO2312-C-4500,42.0,0.0,0.0,0.0,6,41.8,44.0,6,42.0,44.0,0.0,0.0,0.0,0.0,530
2023-05-11 09:36:44,IO2312-C-4500,IO2312-C-4500,42.0,0.0,0.0,0.0,9,41.8,44.0,6,42.0,44.0,0.0,0.0,0.0,0.0,530
2023-05-11 09:36:44,IO2312-C-4500,IO2312-C-4500,42.0,0.0,0.0,0.0,6,42.0,44.0,6,42.0,44.0,0.0,0.0,0.0,0.0,530
2023-05-11 09:36:46,IO2312-C-4500,IO2312-C-4500,42.0,0.0,0.0,0.0,6,41.8,44.0,6,42.0,44.0,0.0,0.0,0.0,0.0,530
2023-05-11 09:36:59,IO2312-C-4500,IO2312-C-4500,42.0,0.0,0.0,0.0,6,41.6,44.0,6,42.0,44.0,0.0,0.0,0.0,0.0,530
2023-05-11 09:37:00,IO2312-C-4500,IO2312-C-4500,42.0,0.0,0.0,0.0,9,41.6,44.0,6,42.0,44.0,0.0,0.0,0.0,0.0,530
2023-05-11 09:37:01,IO2312-C-4500,IO2312-C-4500,42.0,0.0,0.0,0.0,6,41.8,44.0,6,42.0,44.0,0.0,0.0,0.0,0.0,530
2023-05-11 09:37:01,IO2312-C-4500,IO2312-C-4500,42.0,0.0,0.0,0.0,6,41.6,44.0,6,42.0,44.0,0.0,0.0,0.0,0.0,530
2023-05-11 09:37:08,IO2312-C-4500,IO2312-C-4500,42.0,0.0,0.0,0.0,6,41.6,44.0,12,42.0,44.0,0.0,0.0,0.0,0.0,530
2023-05-11 09:37:11,IO2312-C-4500,IO2312-C-4500,42.0,0.0,0.0,0.0,6,41.6,43.8,6,42.0,44.0,0.0,0.0,0.0,0.0,530
2023-05-11 09:37:12,IO2312-C-4500,IO2312-C-4500,42.0,0.0,0.0,0.0,6,41.6,43.6,3,42.0,44.0,0.0,0.0,0.0,0.0,530
2023-05-11 09:37:17,IO2312-C-4500,IO2312-C-4500,42.0,0.0,0.0,0.0,6,41.6,43.6,9,42.0,44.0,0.0,0.0,0.0,0.0,530
2023-05-11 09:37:17,IO2312-C-4500,IO2312-C-4500,42.0,0.0,0.0,0.0,6,41.6,43.6,12,42.0,44.0,0.0,0.0,0.0,0.0,530
2023-05-11 09:37:21,IO2312-C-4500,IO2312-C-4500,42.0,0.0,0.0,0.0,6,41.6,43.6,6,42.0,44.0,0.0,0.0,0.0,0.0,530
2023-05-11 09:37:22,IO2312-C-4500,IO2312-C-4500,42.0,0.0,0.0,0.0,6,41.8,43.6,6,42.0,44.0,0.0,0.0,0.0,0.0,530
2023-05-11 09:37:22,IO2312-C-4500,IO2312-C-4500,42.0,0.0,0.0,0.0,6,42.0,43.6,3,42.0,44.0,0.0,0.0,0.0,0.0,530
2023-05-11 09:37:23,IO2312-C-4500,IO2312-C-4500,42.0,0.0,0.0,0.0,6,42.0,44.0,18,42.0,44.0,0.0,0.0,0.0,0.0,530
2023-05-11 09:37:24,IO2312-C-4500,IO2312-C-4500,42.0,0.0,0.0,0.0,6,42.0,43.8,3,42.0,44.0,0.0,0.0,0.0,0.0,530
2023-05-11 09:37:25,IO2312-C-4500,IO2312-C-4500,42.0,0.0,0.0,0.0,6,41.6,43.8,3,42.0,44.0,0.0,0.0,0.0,0.0,530
2023-05-11 09:37:31,IO2312-C-4500,IO2312-C-4500,42.0,0.0,0.0,0.0,6,41.6,43.8,6,42.0,44.0,0.0,0.0,0.0,0.0,530
2023-05-11 09:37:31,IO2312-C-4500,IO2312-C-4500,42.0,0.0,0.0,0.0,6,41.6,43.8,9,42.0,44.0,0.0,0.0,0.0,0.0,530
2023-05-11 09:37:32,IO2312-C-4500,IO2312-C-4500,42.0,0.0,0.0,0.0,6,41.6,43.8,6,42.0,44.0,0.0,0.0,0.0,0.0,530
2023-05-11 09:37:51,IO2312-C-4500,IO2312-C-4500,42.0,0.0,0.0,0.0,9,41.6,43.8,6,42.0,44.0,0.0,0.0,0.0,0.0,530
2023-05-11 09:37:51,IO2312-C-4500,IO2312-C-4500,42.0,0.0,0.0,0.0,6,41.8,43.8,6,42.0,44.0,0.0,0.0,0.0,0.0,530
2023-05-11 09:37:52,IO2312-C-4500,IO2312-C-4500,42.0,0.0,0.0,0.0,6,41.6,43.8,6,42.0,44.0,0.0,0.0,0.0,0.0,530
2023-05-11 09:38:00,IO2312-C-4500,IO2312-C-4500,42.0,0.0,0.0,0.0,9,41.6,43.8,6,42.0,44.0,0.0,0.0,0.0,0.0,530
2023-05-11 09:38:00,IO2312-C-4500,IO2312-C-4500,42.0,0.0,0.0,0.0,6,41.8,43.8,6,42.0,44.0,0.0,0.0,0.0,0.0,530
2023-05-11 09:38:01,IO2312-C-4500,IO2312-C-4500,42.0,0.0,0.0,0.0,6,41.6,43.8,6,42.0,44.0,0.0,0.0,0.0,0.0,530
2023-05-11 09:38:01,IO2312-C-4500,IO2312-C-4500,42.0,0.0,0.0,0.0,9,41.6,43.8,6,42.0,44.0,0.0,0.0,0.0,0.0,530
2023-05-11 09:38:02,IO2312-C-4500,IO2312-C-4500,42.0,0.0,0.0,0.0,6,41.8,43.8,6,42.0,44.0,0.0,0.0,0.0,0.0,530
2023-05-11 09:38:02,IO2312-C-4500,IO2312-C-4500,42.0,0.0,0.0,0.0,6,41.6,43.8,6,42.0,44.0,0.0,0.0,0.0,0.0,530
2023-05-11 09:38:03,IO2312-C-4500,IO2312-C-4500,42.0,0.0,0.0,0.0,3,41.8,43.8,3,42.0,44.0,0.0,0.0,0.0,0.0,530
2023-05-11 09:38:03,IO2312-C-4500,IO2312-C-4500,42.0,0.0,0.0,0.0,6,42.0,43.8,3,42.0,44.0,0.0,0.0,0.0,0.0,530
2023-05-11 09:38:04,IO2312-C-4500,IO2312-C-4500,42.0,0.0,0.0,0.0,6,41.6,43.8,3,42.0,44.0,0.0,0.0,0.0,0.0,530
2023-05-11 09:38:04,IO2312-C-4500,IO2312-C-4500,42.0,0.0,0.0,0.0,3,42.0,43.8,3,42.0,44.0,0.0,0.0,0.0,0.0,530
2023-05-11 09:38:05,IO2312-C-4500,IO2312-C-4500,42.0,0.0,0.0,0.0,6,42.2,43.8,3,42.0,44.0,0.0,0.0,0.0,0.0,530
2023-05-11 09:38:05,IO2312-C-4500,IO2312-C-4500,42.0,0.0,0.0,0.0,6,41.6,43.8,3,42.0,44.0,0.0,0.0,0.0,0.0,530
2023-05-11 09:38:06,IO2312-C-4500,IO2312-C-4500,42.0,0.0,0.0,0.0,3,42.2,43.8,3,42.0,44.0,0.0,0.0,0.0,0.0,530
2023-05-11 09:38:06,IO2312-C-4500,IO2312-C-4500,42.0,0.0,0.0,0.0,6,42.4,43.8,3,42.0,44.0,0.0,0.0,0.0,0.0,530
2023-05-11 09:38:07,IO2312-C-4500,IO2312-C-4500,42.0,0.0,0.0,0.0,6,41.6,43.8,3,42.0,44.0,0.0,0.0,0.0,0.0,530
2023-05-11 09:38:07,IO2312-C-4500,IO2312-C-4500,42.0,0.0,0.0,0.0,9,41.6,43.8,3,42.0,44.0,0.0,0.0,0.0,0.0,530
2023-05-11 09:38:08,IO2312-C-4500,IO2312-C-4500,42.0,0.0,0.0,0.0,6,41.8,43.8,3,42.0,44.0,0.0,0.0,0.0,0.0,530
2023-05-11 09:38:08,IO2312-C-4500,IO2312-C-4500,42.0,0.0,0.0,0.0,9,41.8,43.8,3,42.0,44.0,0.0,0.0,0.0,0.0,530
2023-05-11 09:38:09,IO2312-C-4500,IO2312-C-4500,42.0,0.0,0.0,0.0,6,42.0,43.8,3,42.0,44.0,0.0,0.0,0.0,0.0,530
2023-05-11 09:38:09,IO2312-C-4500,IO2312-C-4500,42.0,0.0,0.0,0.0,9,42.0,43.8,3,42.0,44.0,0.0,0.0,0.0,0.0,530
2023-05-11 09:38:10,IO2312-C-4500,IO2312-C-4500,42.0,0.0,0.0,0.0,6,42.2,43.8,3,42.0,44.0,0.0,0.0,0.0,0.0,530
2023-05-11 09:38:10,IO2312-C-4500,IO2312-C-4500,42.0,0.0,0.0,0.0,9,42.2,43.8,3,42.0,44.0,0.0,0.0,0.0,0.0,530
2023-05-11 09:38:11,IO2312-C-4500,IO2312-C-4500,42.0,0.0,0.0,0.0,6,42.4,43.8,3,42.0,44.0,0.0,0.0,0.0,0.0,530
2023-05-11 09:38:11,IO2312-C-4500,IO2312-C-4500,42.0,0.0,0.0,0.0,9,42.4,44.0,12,42.0,44.0,0.0,0.0,0.0,0.0,530
2023-05-11 09:38:12,IO2312-C-4500,IO2312-C-4500,42.0,0.0,0.0,0.0,9,42.4,44.0,9,42.0,44.0,0.0,0.0,0.0,0.0,530
2023-05-11 09:38:14,IO2312-C-4500,IO2312-C-4500,42.0,0.0,0.0,0.0,9,42.4,44.0,12,42.0,44.0,0.0,0.0,0.0,0.0,530
2023-05-11 09:38:14,IO2312-C-4500,IO2312-C-4500,42.0,0.0,0.0,0.0,9,42.4,44.0,9,42.0,44.0,0.0,0.0,0.0,0.0,530
2023-05-11 09:38:18,IO2312-C-4500,IO2312-C-4500,42.0,0.0,0.0,0.0,9,42.4,44.0,12,42.0,44.0,0.0,0.0,0.0,0.0,530
2023-05-11 09:38:25,IO2312-C-4500,IO2312-C-4500,42.0,0.0,0.0,0.0,9,42.4,44.0,9,42.0,44.0,0.0,0.0,0.0,0.0,530
2023-05-11 09:38:26,IO2312-C-4500,IO2312-C-4500,42.0,0.0,0.0,0.0,9,42.4,44.0,6,42.0,44.0,0.0,0.0,0.0,0.0,530
2023-05-11 09:38:26,IO2312-C-4500,IO2312-C-4500,42.0,0.0,0.0,0.0,9,42.4,44.0,12,42.0,44.0,0.0,0.0,0.0,0.0,530
2023-05-11 09:38:35,IO2312-C-4500,IO2312-C-4500,42.0,0.0,0.0,0.0,9,42.4,44.0,9,42.0,44.0,0.0,0.0,0.0,0.0,530
2023-05-11 09:38:39,IO2312-C-4500,IO2312-C-4500,42.0,0.0,0.0,0.0,6,42.6,44.0,3,42.0,44.0,0.0,0.0,0.0,0.0,530
2023-05-11 09:38:39,IO2312-C-4500,IO2312-C-4500,42.0,0.0,0.0,0.0,9,42.6,44.0,3,42.0,44.0,0.0,0.0,0.0,0.0,530
2023-05-11 09:38:50,IO2312-C-4500,IO2312-C-4500,42.0,0.0,0.0,0.0,9,42.6,44.2,15,42.0,44.0,0.0,0.0,0.0,0.0,530
2023-05-11 09:38:51,IO2312-C-4500,IO2312-C-4500,42.0,0.0,0.0,0.0,9,42.6,44.2,12,42.0,44.0,0.0,0.0,0.0,0.0,530
2023-05-11 09:38:57,IO2312-C-4500,IO2312-C-4500,42.0,0.0,0.0,0.0,9,42.6,44.2,9,42.0,44.0,0.0,0.0,0.0,0.0,530
2023-05-11 09:39:00,IO2312-C-4500,IO2312-C-4500,42.0,0.0,0.0,0.0,6,42.8,44.2,3,42.0,44.0,0.0,0.0,0.0,0.0,530
2023-05-11 09:39:01,IO2312-C-4500,IO2312-C-4500,42.0,0.0,0.0,0.0,9,42.8,44.2,3,42.0,44.0,0.0,0.0,0.0,0.0,530
2023-05-11 09:39:06,IO2312-C-4500,IO2312-C-4500,42.0,0.0,0.0,0.0,9,42.8,44.4,33,42.0,44.0,0.0,0.0,0.0,0.0,530
2023-05-11 09:39:06,IO2312-C-4500,IO2312-C-4500,42.0,0.0,0.0,0.0,9,42.8,44.4,24,42.0,44.0,0.0,0.0,0.0,0.0,530
2023-05-11 09:39:12,IO2312-C-4500,IO2312-C-4500,42.0,0.0,0.0,0.0,6,42.6,44.2,6,42.0,44.0,0.0,0.0,0.0,0.0,530
2023-05-11 09:39:12,IO2312-C-4500,IO2312-C-4500,42.0,0.0,0.0,0.0,6,42.0,44.2,3,42.0,44.0,0.0,0.0,0.0,0.0,530
2023-05-11 09:39:13,IO2312-C-4500,IO2312-C-4500,42.0,0.0,0.0,0.0,9,42.0,44.0,3,42.0,44.0,0.0,0.0,0.0,0.0,530
2023-05-11 09:39:13,IO2312-C-4500,IO2312-C-4500,42.0,0.0,0.0,0.0,6,42.2,44.0,3,42.0,44.0,0.0,0.0,0.0,0.0,530
2023-05-11 09:39:14,IO2312-C-4500,IO2312-C-4500,42.0,0.0,0.0,0.0,9,42.2,44.2,3,42.0,44.0,0.0,0.0,0.0,0.0,530
2023-05-11 09:39:14,IO2312-C-4500,IO2312-C-4500,42.0,0.0,0.0,0.0,6,42.4,44.2,3,42.0,44.0,0.0,0.0,0.0,0.0,530
2023-05-11 09:39:15,IO2312-C-4500,IO2312-C-4500,42.0,0.0,0.0,0.0,9,42.4,44.2,3,42.0,44.0,0.0,0.0,0.0,0.0,530
2023-05-11 09:39:15,IO2312-C-4500,IO2312-C-4500,42.0,0.0,0.0,0.0,6,42.6,44.2,9,42.0,44.0,0.0,0.0,0.0,0.0,530
2023-05-11 09:39:16,IO2312-C-4500,IO2312-C-4500,42.0,0.0,0.0,0.0,9,42.6,44.2,12,42.0,44.0,0.0,0.0,0.0,0.0,530
2023-05-11 09:39:21,IO2312-C-4500,IO2312-C-4500,42.0,0.0,0.0,0.0,6,42.6,44.2,12,42.0,44.0,0.0,0.0,0.0,0.0,530
2023-05-11 09:39:21,IO2312-C-4500,IO2312-C-4500,42.0,0.0,0.0,0.0,6,42.0,44.2,6,42.0,44.0,0.0,0.0,0.0,0.0,530
2023-05-11 09:39:22,IO2312-C-4500,IO2312-C-4500,42.0,0.0,0.0,0.0,9,42.0,44.2,6,42.0,44.0,0.0,0.0,0.0,0.0,530
2023-05-11 09:39:22,IO2312-C-4500,IO2312-C-4500,42.0,0.0,0.0,0.0,6,42.2,44.2,6,42.0,44.0,0.0,0.0,0.0,0.0,530
2023-05-11 09:39:23,IO2312-C-4500,IO2312-C-4500,42.0,0.0,0.0,0.0,9,42.2,44.2,6,42.0,44.0,0.0,0.0,0.0,0.0,530
2023-05-11 09:39:23,IO2312-C-4500,IO2312-C-4500,42.0,0.0,0.0,0.0,6,42.4,44.2,6,42.0,44.0,0.0,0.0,0.0,0.0,530
2023-05-11 09:39:24,IO2312-C-4500,IO2312-C-4500,42.0,0.0,0.0,0.0,9,42.4,44.2,6,42.0,44.0,0.0,0.0,0.0,0.0,530
2023-05-11 09:39:24,IO2312-C-4500,IO2312-C-4500,42.0,0.0,0.0,0.0,6,42.6,44.2,12,42.0,44.0,0.0,0.0,0.0,0.0,530
2023-05-11 09:39:25,IO2312-C-4500,IO2312-C-4500,42.0,0.0,0.0,0.0,9,42.6,44.2,12,42.0,44.0,0.0,0.0,0.0,0.0,530
2023-05-11 09:39:26,IO2312-C-4500,IO2312-C-4500,42.0,0.0,0.0,0.0,9,42.6,44.2,9,42.0,44.0,0.0,0.0,0.0,0.0,530
2023-05-11 09:39:27,IO2312-C-4500,IO2312-C-4500,42.0,0.0,0.0,0.0,9,42.6,44.2,12,42.0,44.0,0.0,0.0,0.0,0.0,530
2023-05-11 09:39:34,IO2312-C-4500,IO2312-C-4500,42.0,0.0,0.0,0.0,3,42.6,44.0,6,42.0,44.0,0.0,0.0,0.0,0.0,530
2023-05-11 09:39:34,IO2312-C-4500,IO2312-C-4500,42.0,0.0,0.0,0.0,3,42.6,44.0,9,42.0,44.0,0.0,0.0,0.0,0.0,530
2023-05-11 09:39:35,IO2312-C-4500,IO2312-C-4500,42.0,0.0,0.0,0.0,6,42.4,44.0,9,42.0,44.0,0.0,0.0,0.0,0.0,530
2023-05-11 09:39:35,IO2312-C-4500,IO2312-C-4500,42.0,0.0,0.0,0.0,6,42.0,44.2,9,42.0,44.0,0.0,0.0,0.0,0.0,530
2023-05-11 09:39:36,IO2312-C-4500,IO2312-C-4500,42.0,0.0,0.0,0.0,9,42.0,44.2,6,42.0,44.0,0.0,0.0,0.0,0.0,530
2023-05-11 09:39:36,IO2312-C-4500,IO2312-C-4500,42.0,0.0,0.0,0.0,6,42.2,44.2,12,42.0,44.0,0.0,0.0,0.0,0.0,530
2023-05-11 09:39:37,IO2312-C-4500,IO2312-C-4500,42.0,0.0,0.0,0.0,9,42.2,44.2,12,42.0,44.0,0.0,0.0,0.0,0.0,530
2023-05-11 09:39:37,IO2312-C-4500,IO2312-C-4500,42.0,0.0,0.0,0.0,6,42.4,44.0,6,42.0,44.0,0.0,0.0,0.0,0.0,530
2023-05-11 09:39:38,IO2312-C-4500,IO2312-C-4500,42.0,0.0,0.0,0.0,9,42.4,44.0,9,42.0,44.0,0.0,0.0,0.0,0.0,530
2023-05-11 09:39:40,IO2312-C-4500,IO2312-C-4500,42.0,0.0,0.0,0.0,9,42.4,44.0,6,42.0,44.0,0.0,0.0,0.0,0.0,530
2023-05-11 09:39:40,IO2312-C-4500,IO2312-C-4500,42.0,0.0,0.0,0.0,6,42.6,44.2,15,42.0,44.0,0.0,0.0,0.0,0.0,530
2023-05-11 09:39:41,IO2312-C-4500,IO2312-C-4500,42.0,0.0,0.0,0.0,9,42.6,44.2,12,42.0,44.0,0.0,0.0,0.0,0.0,530
2023-05-11 09:39:45,IO2312-C-4500,IO2312-C-4500,42.0,0.0,0.0,0.0,9,42.6,44.2,9,42.0,44.0,0.0,0.0,0.0,0.0,530
2023-05-11 09:40:10,IO2312-C-4500,IO2312-C-4500,42.0,0.0,0.0,0.0,3,42.6,44.0,6,42.0,44.0,0.0,0.0,0.0,0.0,530
2023-05-11 09:40:11,IO2312-C-4500,IO2312-C-4500,42.0,0.0,0.0,0.0,6,42.4,44.0,6,42.0,44.0,0.0,0.0,0.0,0.0,530
2023-05-11 09:40:12,IO2312-C-4500,IO2312-C-4500,42.0,0.0,0.0,0.0,6,42.0,44.2,3,42.0,44.0,0.0,0.0,0.0,0.0,530
2023-05-11 09:40:12,IO2312-C-4500,IO2312-C-4500,42.0,0.0,0.0,0.0,3,42.4,44.2,3,42.0,44.0,0.0,0.0,0.0,0.0,530
2023-05-11 09:40:13,IO2312-C-4500,IO2312-C-4500,42.0,0.0,0.0,0.0,6,42.6,44.2,9,42.0,44.0,0.0,0.0,0.0,0.0,530
2023-05-11 09:40:13,IO2312-C-4500,IO2312-C-4500,42.0,0.0,0.0,0.0,6,42.0,44.2,6,42.0,44.0,0.0,0.0,0.0,0.0,530
2023-05-11 09:40:14,IO2312-C-4500,IO2312-C-4500,42.0,0.0,0.0,0.0,3,42.6,44.2,6,42.0,44.0,0.0,0.0,0.0,0.0,530
2023-05-11 09:40:14,IO2312-C-4500,IO2312-C-4500,42.0,0.0,0.0,0.0,6,42.6,44.2,12,42.0,44.0,0.0,0.0,0.0,0.0,530
2023-05-11 09:40:15,IO2312-C-4500,IO2312-C-4500,42.0,0.0,0.0,0.0,6,42.0,44.2,3,42.0,44.0,0.0,0.0,0.0,0.0,530
2023-05-11 09:40:15,IO2312-C-4500,IO2312-C-4500,42.0,0.0,0.0,0.0,3,42.6,44.2,3,42.0,44.0,0.0,0.0,0.0,0.0,530
2023-05-11 09:40:16,IO2312-C-4500,IO2312-C-4500,42.0,0.0,0.0,0.0,6,42.8,44.2,3,42.0,44.0,0.0,0.0,0.0,0.0,530
2023-05-11 09:40:16,IO2312-C-4500,IO2312-C-4500,42.0,0.0,0.0,0.0,6,42.0,44.2,3,42.0,44.0,0.0,0.0,0.0,0.0,530
2023-05-11 09:40:17,IO2312-C-4500,IO2312-C-4500,42.0,0.0,0.0,0.0,9,42.0,44.2,3,42.0,44.0,0.0,0.0,0.0,0.0,530
2023-05-11 09:40:17,IO2312-C-4500,IO2312-C-4500,42.0,0.0,0.0,0.0,6,42.2,44.2,3,42.0,44.0,0.0,0.0,0.0,0.0,530
2023-05-11 09:40:18,IO2312-C-4500,IO2312-C-4500,42.0,0.0,0.0,0.0,9,42.2,44.2,3,42.0,44.0,0.0,0.0,0.0,0.0,530
2023-05-11 09:40:18,IO2312-C-4500,IO2312-C-4500,42.0,0.0,0.0,0.0,6,42.4,44.2,3,42.0,44.0,0.0,0.0,0.0,0.0,530
2023-05-11 09:40:19,IO2312-C-4500,IO2312-C-4500,42.0,0.0,0.0,0.0,9,42.4,44.2,3,42.0,44.0,0.0,0.0,0.0,0.0,530
2023-05-11 09:40:19,IO2312-C-4500,IO2312-C-4500,42.0,0.0,0.0,0.0,6,42.6,44.4,21,42.0,44.0,0.0,0.0,0.0,0.0,530
2023-05-11 09:40:20,IO2312-C-4500,IO2312-C-4500,42.0,0.0,0.0,0.0,9,42.6,44.2,3,42.0,44.0,0.0,0.0,0.0,0.0,530
2023-05-11 09:40:20,IO2312-C-4500,IO2312-C-4500,42.0,0.0,0.0,0.0,6,42.8,44.2,3,42.0,44.0,0.0,0.0,0.0,0.0,530
2023-05-11 09:40:21,IO2312-C-4500,IO2312-C-4500,42.0,0.0,0.0,0.0,9,42.8,44.2,3,42.0,44.0,0.0,0.0,0.0,0.0,530
2023-05-11 09:40:26,IO2312-C-4500,IO2312-C-4500,42.0,0.0,0.0,0.0,3,42.8,44.2,9,42.0,44.0,0.0,0.0,0.0,0.0,530
2023-05-11 09:40:26,IO2312-C-4500,IO2312-C-4500,42.0,0.0,0.0,0.0,6,42.6,44.2,9,42.0,44.0,0.0,0.0,0.0,0.0,530
2023-05-11 09:40:27,IO2312-C-4500,IO2312-C-4500,42.0,0.0,0.0,0.0,6,42.0,44.2,3,42.0,44.0,0.0,0.0,0.0,0.0,530
2023-05-11 09:40:27,IO2312-C-4500,IO2312-C-4500,42.0,0.0,0.0,0.0,9,42.0,44.2,3,42.0,44.0,0.0,0.0,0.0,0.0,530
2023-05-11 09:40:28,IO2312-C-4500,IO2312-C-4500,42.0,0.0,0.0,0.0,6,42.2,44.2,3,42.0,44.0,0.0,0.0,0.0,0.0,530
2023-05-11 09:40:28,IO2312-C-4500,IO2312-C-4500,42.0,0.0,0.0,0.0,9,42.2,44.2,3,42.0,44.0,0.0,0.0,0.0,0.0,530
2023-05-11 09:40:29,IO2312-C-4500,IO2312-C-4500,42.0,0.0,0.0,0.0,6,42.4,44.2,3,42.0,44.0,0.0,0.0,0.0,0.0,530
2023-05-11 09:40:29,IO2312-C-4500,IO2312-C-4500,42.0,0.0,0.0,0.0,9,42.4,44.2,3,42.0,44.0,0.0,0.0,0.0,0.0,530
2023-05-11 09:40:30,IO2312-C-4500,IO2312-C-4500,42.0,0.0,0.0,0.0,6,42.6,44.2,9,42.0,44.0,0.0,0.0,0.0,0.0,530
2023-05-11 09:40:30,IO2312-C-4500,IO2312-C-4500,42.0,0.0,0.0,0.0,9,42.6,44.2,9,42.0,44.0,0.0,0.0,0.0,0.0,530
2023-05-11 09:40:39,IO2312-C-4500,IO2312-C-4500,42.0,0.0,0.0,0.0,9,42.6,44.2,12,42.0,44.0,0.0,0.0,0.0,0.0,530
2023-05-11 09:40:39,IO2312-C-4500,IO2312-C-4500,42.0,0.0,0.0,0.0,9,42.6,44.2,9,42.0,44.0,0.0,0.0,0.0,0.0,530
2023-05-11 09:40:41,IO2312-C-4500,IO2312-C-4500,42.0,0.0,0.0,0.0,9,42.6,44.2,12,42.0,44.0,0.0,0.0,0.0,0.0,530
2023-05-11 09:40:44,IO2312-C-4500,IO2312-C-4500,42.0,0.0,0.0,0.0,9,42.6,44.2,9,42.0,44.0,0.0,0.0,0.0,0.0,530
2023-05-11 09:40:56,IO2312-C-4500,IO2312-C-4500,42.0,0.0,0.0,0.0,9,42.6,44.2,12,42.0,44.0,0.0,0.0,0.0,0.0,530
2023-05-11 09:40:56,IO2312-C-4500,IO2312-C-4500,42.0,0.0,0.0,0.0,9,42.6,44.2,9,42.0,44.0,0.0,0.0,0.0,0.0,530
2023-05-11 09:40:58,IO2312-C-4500,IO2312-C-4500,42.0,0.0,0.0,0.0,9,42.6,44.2,12,42.0,44.0,0.0,0.0,0.0,0.0,530
2023-05-11 09:40:59,IO2312-C-4500,IO2312-C-4500,42.0,0.0,0.0,0.0,9,42.6,44.2,9,42.0,44.0,0.0,0.0,0.0,0.0,530
2023-05-11 09:41:02,IO2312-C-4500,IO2312-C-4500,42.0,0.0,0.0,0.0,9,42.6,44.2,12,42.0,44.0,0.0,0.0,0.0,0.0,530
2023-05-11 09:41:03,IO2312-C-4500,IO2312-C-4500,42.0,0.0,0.0,0.0,9,42.6,44.2,9,42.0,44.0,0.0,0.0,0.0,0.0,530
2023-05-11 09:41:04,IO2312-C-4500,IO2312-C-4500,42.0,0.0,0.0,0.0,9,42.6,44.2,12,42.0,44.0,0.0,0.0,0.0,0.0,530
2023-05-11 09:41:05,IO2312-C-4500,IO2312-C-4500,42.0,0.0,0.0,0.0,6,42.8,44.2,3,42.0,44.0,0.0,0.0,0.0,0.0,530
2023-05-11 09:41:05,IO2312-C-4500,IO2312-C-4500,42.0,0.0,0.0,0.0,9,42.8,44.2,3,42.0,44.0,0.0,0.0,0.0,0.0,530
2023-05-11 09:41:07,IO2312-C-4500,IO2312-C-4500,42.0,0.0,0.0,0.0,6,42.6,44.2,9,42.0,44.0,0.0,0.0,0.0,0.0,530
2023-05-11 09:41:07,IO2312-C-4500,IO2312-C-4500,42.0,0.0,0.0,0.0,6,42.0,44.2,6,42.0,44.0,0.0,0.0,0.0,0.0,530
2023-05-11 09:41:08,IO2312-C-4500,IO2312-C-4500,42.0,0.0,0.0,0.0,3,42.4,44.2,6,42.0,44.0,0.0,0.0,0.0,0.0,530
2023-05-11 09:41:08,IO2312-C-4500,IO2312-C-4500,42.0,0.0,0.0,0.0,6,42.6,44.2,12,42.0,44.0,0.0,0.0,0.0,0.0,530
2023-05-11 09:41:09,IO2312-C-4500,IO2312-C-4500,42.0,0.0,0.0,0.0,6,42.0,44.2,6,42.0,44.0,0.0,0.0,0.0,0.0,530
2023-05-11 09:41:09,IO2312-C-4500,IO2312-C-4500,42.0,0.0,0.0,0.0,9,42.0,44.2,6,42.0,44.0,0.0,0.0,0.0,0.0,530
2023-05-11 09:41:10,IO2312-C-4500,IO2312-C-4500,42.0,0.0,0.0,0.0,6,42.2,44.2,12,42.0,44.0,0.0,0.0,0.0,0.0,530
2023-05-11 09:41:10,IO2312-C-4500,IO2312-C-4500,42.0,0.0,0.0,0.0,9,42.2,44.2,12,42.0,44.0,0.0,0.0,0.0,0.0,530
2023-05-11 09:41:11,IO2312-C-4500,IO2312-C-4500,42.0,0.0,0.0,0.0,6,42.4,44.0,6,42.0,44.0,0.0,0.0,0.0,0.0,530
2023-05-11 09:41:11,IO2312-C-4500,IO2312-C-4500,42.0,0.0,0.0,0.0,9,42.4,44.0,12,42.0,44.0,0.0,0.0,0.0,0.0,530
2023-05-11 09:41:15,IO2312-C-4500,IO2312-C-4500,42.0,0.0,0.0,0.0,9,42.4,44.0,9,42.0,44.0,0.0,0.0,0.0,0.0,530
2023-05-11 09:41:18,IO2312-C-4500,IO2312-C-4500,42.0,0.0,0.0,0.0,3,42.4,43.8,6,42.0,44.0,0.0,0.0,0.0,0.0,530
2023-05-11 09:41:19,IO2312-C-4500,IO2312-C-4500,42.0,0.0,0.0,0.0,6,42.2,43.8,6,42.0,44.0,0.0,0.0,0.0,0.0,530
2023-05-11 09:41:19,IO2312-C-4500,IO2312-C-4500,42.0,0.0,0.0,0.0,6,42.0,44.0,21,42.0,44.0,0.0,0.0,0.0,0.0,530
2023-05-11 09:41:20,IO2312-C-4500,IO2312-C-4500,42.0,0.0,0.0,0.0,9,42.0,44.0,18,42.0,44.0,0.0,0.0,0.0,0.0,530
2023-05-11 09:41:20,IO2312-C-4500,IO2312-C-4500,42.0,0.0,0.0,0.0,6,42.2,43.8,6,42.0,44.0,0.0,0.0,0.0,0.0,530
2023-05-11 09:41:21,IO2312-C-4500,IO2312-C-4500,42.0,0.0,0.0,0.0,9,42.2,43.8,6,42.0,44.0,0.0,0.0,0.0,0.0,530
2023-05-11 09:41:26,IO2312-C-4500,IO2312-C-4500,42.0,0.0,0.0,0.0,6,42.4,44.0,15,42.0,44.0,0.0,0.0,0.0,0.0,530
2023-05-11 09:41:27,IO2312-C-4500,IO2312-C-4500,42.0,0.0,0.0,0.0,9,42.4,44.0,12,42.0,44.0,0.0,0.0,0.0,0.0,530
2023-05-11 09:41:27,IO2312-C-4500,IO2312-C-4500,42.0,0.0,0.0,0.0,6,42.6,44.0,6,42.0,44.0,0.0,0.0,0.0,0.0,530
2023-05-11 09:41:32,IO2312-C-4500,IO2312-C-4500,42.0,0.0,0.0,0.0,3,42.4,44.0,6,42.0,44.0,0.0,0.0,0.0,0.0,530
2023-05-11 09:41:32,IO2312-C-4500,IO2312-C-4500,42.0,0.0,0.0,0.0,6,42.6,44.0,3,42.0,44.0,0.0,0.0,0.0,0.0,530
2023-05-11 09:41:33,IO2312-C-4500,IO2312-C-4500,42.0,0.0,0.0,0.0,6,42.6,44.0,6,42.0,44.0,0.0,0.0,0.0,0.0,530
2023-05-11 09:41:33,IO2312-C-4500,IO2312-C-4500,42.0,0.0,0.0,0.0,6,42.0,44.2,6,42.0,44.0,0.0,0.0,0.0,0.0,530
2023-05-11 09:41:34,IO2312-C-4500,IO2312-C-4500,42.0,0.0,0.0,0.0,9,42.0,44.2,3,42.0,44.0,0.0,0.0,0.0,0.0,530
2023-05-11 09:41:35,IO2312-C-4500,IO2312-C-4500,42.0,0.0,0.0,0.0,6,42.2,44.2,9,42.0,44.0,0.0,0.0,0.0,0.0,530
2023-05-11 09:41:35,IO2312-C-4500,IO2312-C-4500,42.0,0.0,0.0,0.0,9,42.2,44.2,12,42.0,44.0,0.0,0.0,0.0,0.0,530
2023-05-11 09:41:36,IO2312-C-4500,IO2312-C-4500,42.0,0.0,0.0,0.0,6,42.4,44.0,6,42.0,44.0,0.0,0.0,0.0,0.0,530
2023-05-11 09:41:36,IO2312-C-4500,IO2312-C-4500,42.0,0.0,0.0,0.0,9,42.4,44.0,12,42.0,44.0,0.0,0.0,0.0,0.0,530
2023-05-11 09:41:42,IO2312-C-4500,IO2312-C-4500,42.0,0.0,0.0,0.0,9,42.4,44.0,9,42.0,44.0,0.0,0.0,0.0,0.0,530
2023-05-11 09:41:49,IO2312-C-4500,IO2312-C-4500,42.0,0.0,0.0,0.0,6,42.6,44.0,6,42.0,44.0,0.0,0.0,0.0,0.0,530
2023-05-11 09:41:51,IO2312-C-4500,IO2312-C-4500,42.0,0.0,0.0,0.0,9,42.6,44.0,6,42.0,44.0,0.0,0.0,0.0,0.0,530
2023-05-11 09:41:53,IO2312-C-4500,IO2312-C-4500,42.0,0.0,0.0,0.0,3,42.6,44.0,12,42.0,44.0,0.0,0.0,0.0,0.0,530
2023-05-11 09:41:54,IO2312-C-4500,IO2312-C-4500,42.0,0.0,0.0,0.0,6,42.4,44.0,12,42.0,44.0,0.0,0.0,0.0,0.0,530
2023-05-11 09:41:54,IO2312-C-4500,IO2312-C-4500,42.0,0.0,0.0,0.0,6,42.0,44.0,6,42.0,44.0,0.0,0.0,0.0,0.0,530
2023-05-11 09:41:55,IO2312-C-4500,IO2312-C-4500,42.0,0.0,0.0,0.0,9,42.0,44.0,6,42.0,44.0,0.0,0.0,0.0,0.0,530
2023-05-11 09:41:55,IO2312-C-4500,IO2312-C-4500,42.0,0.0,0.0,0.0,6,42.2,44.0,6,42.0,44.0,0.0,0.0,0.0,0.0,530
2023-05-11 09:41:56,IO2312-C-4500,IO2312-C-4500,42.0,0.0,0.0,0.0,9,42.2,44.0,6,42.0,44.0,0.0,0.0,0.0,0.0,530
2023-05-11 09:41:56,IO2312-C-4500,IO2312-C-4500,42.0,0.0,0.0,0.0,6,42.4,44.0,12,42.0,44.0,0.0,0.0,0.0,0.0,530
2023-05-11 09:41:57,IO2312-C-4500,IO2312-C-4500,42.0,0.0,0.0,0.0,9,42.4,44.0,12,42.0,44.0,0.0,0.0,0.0,0.0,530
2023-05-11 09:42:03,IO2312-C-4500,IO2312-C-4500,42.0,0.0,0.0,0.0,3,42.4,43.8,6,42.0,44.0,0.0,0.0,0.0,0.0,530
2023-05-11 09:42:04,IO2312-C-4500,IO2312-C-4500,42.0,0.0,0.0,0.0,3,42.4,43.8,9,42.0,44.0,0.0,0.0,0.0,0.0,530
2023-05-11 09:42:04,IO2312-C-4500,IO2312-C-4500,42.0,0.0,0.0,0.0,6,42.2,43.8,9,42.0,44.0,0.0,0.0,0.0,0.0,530
2023-05-11 09:42:05,IO2312-C-4500,IO2312-C-4500,42.0,0.0,0.0,0.0,6,42.0,44.0,21,42.0,44.0,0.0,0.0,0.0,0.0,530
2023-05-11 09:42:05,IO2312-C-4500,IO2312-C-4500,42.0,0.0,0.0,0.0,9,42.0,43.8,3,42.0,44.0,0.0,0.0,0.0,0.0,530
2023-05-11 09:42:06,IO2312-C-4500,IO2312-C-4500,42.0,0.0,0.0,0.0,9,42.0,44.0,15,42.0,44.0,0.0,0.0,0.0,0.0,530
2023-05-11 09:42:06,IO2312-C-4500,IO2312-C-4500,42.0,0.0,0.0,0.0,6,42.2,44.0,18,42.0,44.0,0.0,0.0,0.0,0.0,530
2023-05-11 09:42:07,IO2312-C-4500,IO2312-C-4500,42.0,0.0,0.0,0.0,9,42.2,44.0,12,42.0,44.0,0.0,0.0,0.0,0.0,530
2023-05-11 09:42:07,IO2312-C-4500,IO2312-C-4500,42.0,0.0,0.0,0.0,6,42.4,44.0,12,42.0,44.0,0.0,0.0,0.0,0.0,530
2023-05-11 09:42:08,IO2312-C-4500,IO2312-C-4500,42.0,0.0,0.0,0.0,9,42.4,44.0,12,42.0,44.0,0.0,0.0,0.0,0.0,530
2023-05-11 09:42:09,IO2312-C-4500,IO2312-C-4500,42.0,0.0,0.0,0.0,3,42.4,43.8,6,42.0,44.0,0.0,0.0,0.0,0.0,530
2023-05-11 09:42:10,IO2312-C-4500,IO2312-C-4500,42.0,0.0,0.0,0.0,3,42.4,43.8,9,42.0,44.0,0.0,0.0,0.0,0.0,530
2023-05-11 09:42:10,IO2312-C-4500,IO2312-C-4500,42.0,0.0,0.0,0.0,6,42.2,43.8,12,42.0,44.0,0.0,0.0,0.0,0.0,530
2023-05-11 09:42:11,IO2312-C-4500,IO2312-C-4500,42.0,0.0,0.0,0.0,6,42.0,43.8,6,42.0,44.0,0.0,0.0,0.0,0.0,530
2023-05-11 09:42:11,IO2312-C-4500,IO2312-C-4500,42.0,0.0,0.0,0.0,9,42.0,43.8,6,42.0,44.0,0.0,0.0,0.0,0.0,530
2023-05-11 09:42:12,IO2312-C-4500,IO2312-C-4500,42.0,0.0,0.0,0.0,6,42.2,43.8,12,42.0,44.0,0.0,0.0,0.0,0.0,530
2023-05-11 09:42:12,IO2312-C-4500,IO2312-C-4500,42.0,0.0,0.0,0.0,9,42.2,43.8,12,42.0,44.0,0.0,0.0,0.0,0.0,530
2023-05-11 09:42:16,IO2312-C-4500,IO2312-C-4500,42.0,0.0,0.0,0.0,6,42.0,43.6,6,42.0,44.0,0.0,0.0,0.0,0.0,530
2023-05-11 09:42:17,IO2312-C-4500,IO2312-C-4500,42.0,0.0,0.0,0.0,6,42.0,43.6,9,42.0,44.0,0.0,0.0,0.0,0.0,530
2023-05-11 09:42:20,IO2312-C-4500,IO2312-C-4500,42.0,0.0,0.0,0.0,6,42.0,43.6,3,42.0,44.0,0.0,0.0,0.0,0.0,530
2023-05-11 09:42:21,IO2312-C-4500,IO2312-C-4500,42.0,0.0,0.0,0.0,6,42.0,44.0,6,42.0,44.0,0.0,0.0,0.0,0.0,530
2023-05-11 09:42:22,IO2312-C-4500,IO2312-C-4500,42.0,0.0,0.0,0.0,6,42.0,43.8,3,42.0,44.0,0.0,0.0,0.0,0.0,530
2023-05-11 09:42:32,IO2312-C-4500,IO2312-C-4500,42.0,0.0,0.0,0.0,6,41.8,43.8,3,42.0,44.0,0.0,0.0,0.0,0.0,530
2023-05-11 09:42:40,IO2312-C-4500,IO2312-C-4500,42.0,0.0,0.0,0.0,6,41.8,43.8,9,42.0,44.0,0.0,0.0,0.0,0.0,530
2023-05-11 09:42:40,IO2312-C-4500,IO2312-C-4500,42.0,0.0,0.0,0.0,6,41.8,43.8,12,42.0,44.0,0.0,0.0,0.0,0.0,530
2023-05-11 09:42:47,IO2312-C-4500,IO2312-C-4500,42.0,0.0,0.0,0.0,6,41.8,43.6,6,42.0,44.0,0.0,0.0,0.0,0.0,530
2023-05-11 09:42:47,IO2312-C-4500,IO2312-C-4500,42.0,0.0,0.0,0.0,6,41.8,43.6,12,42.0,44.0,0.0,0.0,0.0,0.0,530
2023-05-11 09:43:01,IO2312-C-4500,IO2312-C-4500,42.0,0.0,0.0,0.0,6,41.8,43.4,6,42.0,44.0,0.0,0.0,0.0,0.0,530
2023-05-11 09:43:01,IO2312-C-4500,IO2312-C-4500,42.0,0.0,0.0,0.0,6,41.8,43.4,9,42.0,44.0,0.0,0.0,0.0,0.0,530
2023-05-11 09:43:04,IO2312-C-4500,IO2312-C-4500,42.0,0.0,0.0,0.0,6,41.8,43.4,12,42.0,44.0,0.0,0.0,0.0,0.0,530
2023-05-11 09:43:04,IO2312-C-4500,IO2312-C-4500,42.0,0.0,0.0,0.0,6,41.8,43.4,9,42.0,44.0,0.0,0.0,0.0,0.0,530
2023-05-11 09:43:05,IO2312-C-4500,IO2312-C-4500,42.0,0.0,0.0,0.0,6,41.8,43.4,12,42.0,44.0,0.0,0.0,0.0,0.0,530
2023-05-11 09:43:09,IO2312-C-4500,IO2312-C-4500,42.0,0.0,0.0,0.0,6,41.8,43.4,6,42.0,44.0,0.0,0.0,0.0,0.0,530
2023-05-11 09:43:10,IO2312-C-4500,IO2312-C-4500,42.0,0.0,0.0,0.0,6,41.6,43.4,6,42.0,44.0,0.0,0.0,0.0,0.0,530
2023-05-11 09:43:18,IO2312-C-4500,IO2312-C-4500,42.0,0.0,0.0,0.0,6,41.6,43.4,3,42.0,44.0,0.0,0.0,0.0,0.0,530
2023-05-11 09:44:10,IO2312-C-4500,IO2312-C-4500,42.0,0.0,0.0,0.0,6,41.6,43.6,3,42.0,44.0,0.0,0.0,0.0,0.0,530
2023-05-11 09:44:11,IO2312-C-4500,IO2312-C-4500,42.0,0.0,0.0,0.0,6,41.6,43.6,6,42.0,44.0,0.0,0.0,0.0,0.0,530
2023-05-11 09:44:11,IO2312-C-4500,IO2312-C-4500,42.0,0.0,0.0,0.0,6,41.6,43.6,3,42.0,44.0,0.0,0.0,0.0,0.0,530
2023-05-11 09:45:02,IO2312-C-4500,IO2312-C-4500,42.0,0.0,0.0,0.0,6,41.8,43.6,3,42.0,44.0,0.0,0.0,0.0,0.0,530
2023-05-11 09:45:02,IO2312-C-4500,IO2312-C-4500,42.0,0.0,0.0,0.0,6,42.0,43.6,3,42.0,44.0,0.0,0.0,0.0,0.0,530
2023-05-11 09:45:09,IO2312-C-4500,IO2312-C-4500,42.0,0.0,0.0,0.0,6,42.0,43.8,21,42.0,44.0,0.0,0.0,0.0,0.0,530
2023-05-11 09:45:10,IO2312-C-4500,IO2312-C-4500,42.0,0.0,0.0,0.0,9,42.0,43.8,12,42.0,44.0,0.0,0.0,0.0,0.0,530
2023-05-11 09:45:10,IO2312-C-4500,IO2312-C-4500,42.0,0.0,0.0,0.0,6,42.2,43.8,9,42.0,44.0,0.0,0.0,0.0,0.0,530
2023-05-11 09:45:11,IO2312-C-4500,IO2312-C-4500,42.0,0.0,0.0,0.0,9,42.2,43.8,3,42.0,44.0,0.0,0.0,0.0,0.0,530
2023-05-11 09:45:11,IO2312-C-4500,IO2312-C-4500,42.0,0.0,0.0,0.0,6,42.4,43.8,3,42.0,44.0,0.0,0.0,0.0,0.0,530
2023-05-11 09:45:12,IO2312-C-4500,IO2312-C-4500,42.0,0.0,0.0,0.0,9,42.4,43.8,3,42.0,44.0,0.0,0.0,0.0,0.0,530
2023-05-11 09:45:12,IO2312-C-4500,IO2312-C-4500,42.0,0.0,0.0,0.0,6,42.6,43.8,3,42.0,44.0,0.0,0.0,0.0,0.0,530
2023-05-11 09:45:13,IO2312-C-4500,IO2312-C-4500,42.0,0.0,0.0,0.0,9,42.6,43.8,3,42.0,44.0,0.0,0.0,0.0,0.0,530
2023-05-11 09:45:15,IO2312-C-4500,IO2312-C-4500,42.0,0.0,0.0,0.0,9,42.6,44.2,36,42.0,44.0,0.0,0.0,0.0,0.0,530
2023-05-11 09:45:15,IO2312-C-4500,IO2312-C-4500,42.0,0.0,0.0,0.0,9,42.6,44.2,21,42.0,44.0,0.0,0.0,0.0,0.0,530
2023-05-11 09:45:16,IO2312-C-4500,IO2312-C-4500,42.0,0.0,0.0,0.0,9,42.6,44.0,3,42.0,44.0,0.0,0.0,0.0,0.0,530
2023-05-11 09:45:23,IO2312-C-4500,IO2312-C-4500,42.0,0.0,0.0,0.0,3,42.6,44.0,9,42.0,44.0,0.0,0.0,0.0,0.0,530
2023-05-11 09:45:24,IO2312-C-4500,IO2312-C-4500,42.0,0.0,0.0,0.0,6,42.4,44.0,9,42.0,44.0,0.0,0.0,0.0,0.0,530
2023-05-11 09:45:25,IO2312-C-4500,IO2312-C-4500,42.0,0.0,0.0,0.0,6,42.0,44.0,3,42.0,44.0,0.0,0.0,0.0,0.0,530
2023-05-11 09:45:25,IO2312-C-4500,IO2312-C-4500,42.0,0.0,0.0,0.0,9,42.0,44.0,3,42.0,44.0,0.0,0.0,0.0,0.0,530
2023-05-11 09:45:26,IO2312-C-4500,IO2312-C-4500,42.0,0.0,0.0,0.0,6,42.2,44.0,3,42.0,44.0,0.0,0.0,0.0,0.0,530
2023-05-11 09:45:26,IO2312-C-4500,IO2312-C-4500,42.0,0.0,0.0,0.0,9,42.2,44.0,3,42.0,44.0,0.0,0.0,0.0,0.0,530
2023-05-11 09:45:27,IO2312-C-4500,IO2312-C-4500,42.0,0.0,0.0,0.0,6,42.4,44.0,9,42.0,44.0,0.0,0.0,0.0,0.0,530
2023-05-11 09:45:27,IO2312-C-4500,IO2312-C-4500,42.0,0.0,0.0,0.0,9,42.4,44.0,9,42.0,44.0,0.0,0.0,0.0,0.0,530
2023-05-11 09:45:28,IO2312-C-4500,IO2312-C-4500,42.0,0.0,0.0,0.0,9,42.4,44.0,12,42.0,44.0,0.0,0.0,0.0,0.0,530
2023-05-11 09:45:29,IO2312-C-4500,IO2312-C-4500,42.0,0.0,0.0,0.0,9,42.4,44.0,9,42.0,44.0,0.0,0.0,0.0,0.0,530
2023-05-11 09:45:32,IO2312-C-4500,IO2312-C-4500,42.0,0.0,0.0,0.0,6,42.6,44.0,3,42.0,44.0,0.0,0.0,0.0,0.0,530
2023-05-11 09:45:32,IO2312-C-4500,IO2312-C-4500,42.0,0.0,0.0,0.0,9,42.6,44.0,3,42.0,44.0,0.0,0.0,0.0,0.0,530
2023-05-11 09:45:34,IO2312-C-4500,IO2312-C-4500,42.0,0.0,0.0,0.0,3,42.6,43.8,6,42.0,44.0,0.0,0.0,0.0,0.0,530
2023-05-11 09:45:35,IO2312-C-4500,IO2312-C-4500,42.0,0.0,0.0,0.0,6,42.2,43.8,6,42.0,44.0,0.0,0.0,0.0,0.0,530
2023-05-11 09:45:35,IO2312-C-4500,IO2312-C-4500,42.0,0.0,0.0,0.0,6,42.0,44.0,6,42.0,44.0,0.0,0.0,0.0,0.0,530
2023-05-11 09:45:36,IO2312-C-4500,IO2312-C-4500,42.0,0.0,0.0,0.0,9,42.0,44.0,9,42.0,44.0,0.0,0.0,0.0,0.0,530
2023-05-11 09:45:36,IO2312-C-4500,IO2312-C-4500,42.0,0.0,0.0,0.0,6,42.2,43.8,6,42.0,44.0,0.0,0.0,0.0,0.0,530
2023-05-11 09:45:37,IO2312-C-4500,IO2312-C-4500,42.0,0.0,0.0,0.0,9,42.2,43.8,6,42.0,44.0,0.0,0.0,0.0,0.0,530
2023-05-11 09:45:37,IO2312-C-4500,IO2312-C-4500,42.0,0.0,0.0,0.0,3,42.2,44.2,18,42.0,44.0,0.0,0.0,0.0,0.0,530
2023-05-11 09:45:38,IO2312-C-4500,IO2312-C-4500,42.0,0.0,0.0,0.0,6,42.4,44.0,3,42.0,44.0,0.0,0.0,0.0,0.0,530
2023-05-11 09:45:39,IO2312-C-4500,IO2312-C-4500,42.0,0.0,0.0,0.0,6,41.8,44.0,3,42.0,44.0,0.0,0.0,0.0,0.0,530
2023-05-11 09:45:39,IO2312-C-4500,IO2312-C-4500,42.0,0.0,0.0,0.0,3,42.4,44.0,3,42.0,44.0,0.0,0.0,0.0,0.0,530
2023-05-11 09:45:40,IO2312-C-4500,IO2312-C-4500,42.0,0.0,0.0,0.0,6,42.6,44.0,3,42.0,44.0,0.0,0.0,0.0,0.0,530
2023-05-11 09:45:40,IO2312-C-4500,IO2312-C-4500,42.0,0.0,0.0,0.0,6,41.8,44.0,3,42.0,44.0,0.0,0.0,0.0,0.0,530
2023-05-11 09:45:41,IO2312-C-4500,IO2312-C-4500,42.0,0.0,0.0,0.0,3,42.6,44.0,3,42.0,44.0,0.0,0.0,0.0,0.0,530
2023-05-11 09:45:41,IO2312-C-4500,IO2312-C-4500,42.0,0.0,0.0,0.0,6,42.4,44.0,9,42.0,44.0,0.0,0.0,0.0,0.0,530
2023-05-11 09:45:42,IO2312-C-4500,IO2312-C-4500,42.0,0.0,0.0,0.0,6,41.8,44.0,3,42.0,44.0,0.0,0.0,0.0,0.0,530
2023-05-11 09:45:42,IO2312-C-4500,IO2312-C-4500,42.0,0.0,0.0,0.0,9,41.8,44.0,3,42.0,44.0,0.0,0.0,0.0,0.0,530
2023-05-11 09:45:43,IO2312-C-4500,IO2312-C-4500,42.0,0.0,0.0,0.0,6,42.0,44.0,3,42.0,44.0,0.0,0.0,0.0,0.0,530
2023-05-11 09:45:43,IO2312-C-4500,IO2312-C-4500,42.0,0.0,0.0,0.0,9,42.0,44.0,3,42.0,44.0,0.0,0.0,0.0,0.0,530
2023-05-11 09:45:44,IO2312-C-4500,IO2312-C-4500,42.0,0.0,0.0,0.0,6,42.2,44.0,3,42.0,44.0,0.0,0.0,0.0,0.0,530
2023-05-11 09:45:44,IO2312-C-4500,IO2312-C-4500,42.0,0.0,0.0,0.0,9,42.2,44.0,3,42.0,44.0,0.0,0.0,0.0,0.0,530
2023-05-11 09:45:45,IO2312-C-4500,IO2312-C-4500,42.0,0.0,0.0,0.0,6,42.4,44.0,3,42.0,44.0,0.0,0.0,0.0,0.0,530
2023-05-11 09:45:45,IO2312-C-4500,IO2312-C-4500,42.0,0.0,0.0,0.0,9,42.4,44.0,3,42.0,44.0,0.0,0.0,0.0,0.0,530
2023-05-11 09:45:46,IO2312-C-4500,IO2312-C-4500,42.0,0.0,0.0,0.0,6,42.6,44.0,3,42.0,44.0,0.0,0.0,0.0,0.0,530
2023-05-11 09:45:46,IO2312-C-4500,IO2312-C-4500,42.0,0.0,0.0,0.0,9,42.6,44.0,3,42.0,44.0,0.0,0.0,0.0,0.0,530
2023-05-11 09:45:49,IO2312-C-4500,IO2312-C-4500,42.0,0.0,0.0,0.0,3,42.6,44.0,9,42.0,44.0,0.0,0.0,0.0,0.0,530
2023-05-11 09:45:50,IO2312-C-4500,IO2312-C-4500,42.0,0.0,0.0,0.0,6,42.4,44.0,9,42.0,44.0,0.0,0.0,0.0,0.0,530
2023-05-11 09:45:50,IO2312-C-4500,IO2312-C-4500,42.0,0.0,0.0,0.0,6,41.8,44.0,3,42.0,44.0,0.0,0.0,0.0,0.0,530
2023-05-11 09:45:51,IO2312-C-4500,IO2312-C-4500,42.0,0.0,0.0,0.0,3,42.4,44.0,3,42.0,44.0,0.0,0.0,0.0,0.0,530
2023-05-11 09:45:51,IO2312-C-4500,IO2312-C-4500,42.0,0.0,0.0,0.0,6,42.6,44.2,12,42.0,44.0,0.0,0.0,0.0,0.0,530
2023-05-11 09:45:52,IO2312-C-4500,IO2312-C-4500,42.0,0.0,0.0,0.0,6,42.2,44.2,3,42.0,44.0,0.0,0.0,0.0,0.0,530
2023-05-11 09:45:53,IO2312-C-4500,IO2312-C-4500,42.0,0.0,0.0,0.0,9,42.2,44.2,3,42.0,44.0,0.0,0.0,0.0,0.0,530
2023-05-11 09:45:54,IO2312-C-4500,IO2312-C-4500,42.0,0.0,0.0,0.0,6,42.4,44.2,3,42.0,44.0,0.0,0.0,0.0,0.0,530
2023-05-11 09:45:54,IO2312-C-4500,IO2312-C-4500,42.0,0.0,0.0,0.0,9,42.4,44.2,3,42.0,44.0,0.0,0.0,0.0,0.0,530
2023-05-11 09:45:55,IO2312-C-4500,IO2312-C-4500,42.0,0.0,0.0,0.0,6,42.6,44.2,3,42.0,44.0,0.0,0.0,0.0,0.0,530
2023-05-11 09:45:55,IO2312-C-4500,IO2312-C-4500,42.0,0.0,0.0,0.0,9,42.6,44.2,3,42.0,44.0,0.0,0.0,0.0,0.0,530
2023-05-11 09:45:56,IO2312-C-4500,IO2312-C-4500,42.0,0.0,0.0,0.0,6,42.8,44.2,3,42.0,44.0,0.0,0.0,0.0,0.0,530
2023-05-11 09:45:56,IO2312-C-4500,IO2312-C-4500,42.0,0.0,0.0,0.0,9,42.8,44.2,3,42.0,44.0,0.0,0.0,0.0,0.0,530
2023-05-11 09:45:57,IO2312-C-4500,IO2312-C-4500,42.0,0.0,0.0,0.0,6,43.0,44.4,24,42.0,44.0,0.0,0.0,0.0,0.0,530
2023-05-11 09:45:57,IO2312-C-4500,IO2312-C-4500,42.0,0.0,0.0,0.0,9,43.0,44.4,15,42.0,44.0,0.0,0.0,0.0,0.0,530
2023-05-11 09:45:58,IO2312-C-4500,IO2312-C-4500,42.0,0.0,0.0,0.0,9,43.0,44.4,9,42.0,44.0,0.0,0.0,0.0,0.0,530
2023-05-11 09:45:59,IO2312-C-4500,IO2312-C-4500,42.0,0.0,0.0,0.0,9,43.0,44.4,3,42.0,44.0,0.0,0.0,0.0,0.0,530
2023-05-11 09:46:00,IO2312-C-4500,IO2312-C-4500,42.0,0.0,0.0,0.0,6,43.0,44.4,3,42.0,44.0,0.0,0.0,0.0,0.0,530
2023-05-11 09:46:00,IO2312-C-4500,IO2312-C-4500,42.0,0.0,0.0,0.0,6,42.2,44.4,3,42.0,44.0,0.0,0.0,0.0,0.0,530
2023-05-11 09:46:01,IO2312-C-4500,IO2312-C-4500,42.0,0.0,0.0,0.0,3,42.8,44.4,3,42.0,44.0,0.0,0.0,0.0,0.0,530
2023-05-11 09:46:01,IO2312-C-4500,IO2312-C-4500,42.0,0.0,0.0,0.0,6,43.0,44.4,3,42.0,44.0,0.0,0.0,0.0,0.0,530
2023-05-11 09:46:02,IO2312-C-4500,IO2312-C-4500,42.0,0.0,0.0,0.0,6,42.2,44.4,3,42.0,44.0,0.0,0.0,0.0,0.0,530
2023-05-11 09:46:02,IO2312-C-4500,IO2312-C-4500,42.0,0.0,0.0,0.0,3,42.8,44.4,3,42.0,44.0,0.0,0.0,0.0,0.0,530
2023-05-11 09:46:03,IO2312-C-4500,IO2312-C-4500,42.0,0.0,0.0,0.0,6,42.8,44.4,9,42.0,44.0,0.0,0.0,0.0,0.0,530
2023-05-11 09:46:03,IO2312-C-4500,IO2312-C-4500,42.0,0.0,0.0,0.0,6,42.2,44.4,6,42.0,44.0,0.0,0.0,0.0,0.0,530
2023-05-11 09:46:04,IO2312-C-4500,IO2312-C-4500,42.0,0.0,0.0,0.0,3,42.6,44.4,6,42.0,44.0,0.0,0.0,0.0,0.0,530
2023-05-11 09:46:04,IO2312-C-4500,IO2312-C-4500,42.0,0.0,0.0,0.0,6,42.8,44.4,12,42.0,44.0,0.0,0.0,0.0,0.0,530
2023-05-11 09:46:05,IO2312-C-4500,IO2312-C-4500,42.0,0.0,0.0,0.0,6,42.2,44.4,6,42.0,44.0,0.0,0.0,0.0,0.0,530
2023-05-11 09:46:05,IO2312-C-4500,IO2312-C-4500,42.0,0.0,0.0,0.0,9,42.2,44.4,6,42.0,44.0,0.0,0.0,0.0,0.0,530
2023-05-11 09:46:06,IO2312-C-4500,IO2312-C-4500,42.0,0.0,0.0,0.0,6,42.4,44.4,6,42.0,44.0,0.0,0.0,0.0,0.0,530
2023-05-11 09:46:06,IO2312-C-4500,IO2312-C-4500,42.0,0.0,0.0,0.0,9,42.4,44.4,6,42.0,44.0,0.0,0.0,0.0,0.0,530
2023-05-11 09:46:07,IO2312-C-4500,IO2312-C-4500,42.0,0.0,0.0,0.0,6,42.6,44.4,6,42.0,44.0,0.0,0.0,0.0,0.0,530
2023-05-11 09:46:08,IO2312-C-4500,IO2312-C-4500,42.0,0.0,0.0,0.0,6,42.4,44.4,6,42.0,44.0,0.0,0.0,0.0,0.0,530
2023-05-11 09:46:11,IO2312-C-4500,IO2312-C-4500,42.0,0.0,0.0,0.0,9,42.4,44.4,6,42.0,44.0,0.0,0.0,0.0,0.0,530
2023-05-11 09:46:11,IO2312-C-4500,IO2312-C-4500,42.0,0.0,0.0,0.0,6,42.6,44.4,6,42.0,44.0,0.0,0.0,0.0,0.0,530
2023-05-11 09:46:14,IO2312-C-4500,IO2312-C-4500,42.0,0.0,0.0,0.0,9,42.6,44.4,6,42.0,44.0,0.0,0.0,0.0,0.0,530
2023-05-11 09:46:15,IO2312-C-4500,IO2312-C-4500,42.0,0.0,0.0,0.0,3,42.6,44.4,6,42.0,44.0,0.0,0.0,0.0,0.0,530
2023-05-11 09:46:15,IO2312-C-4500,IO2312-C-4500,42.0,0.0,0.0,0.0,6,42.8,44.4,6,42.0,44.0,0.0,0.0,0.0,0.0,530
2023-05-11 09:46:16,IO2312-C-4500,IO2312-C-4500,42.0,0.0,0.0,0.0,6,42.2,44.4,6,42.0,44.0,0.0,0.0,0.0,0.0,530
2023-05-11 09:46:17,IO2312-C-4500,IO2312-C-4500,42.0,0.0,0.0,0.0,9,42.2,44.4,6,42.0,44.0,0.0,0.0,0.0,0.0,530
2023-05-11 09:46:17,IO2312-C-4500,IO2312-C-4500,42.0,0.0,0.0,0.0,6,42.4,44.4,6,42.0,44.0,0.0,0.0,0.0,0.0,530
2023-05-11 09:46:18,IO2312-C-4500,IO2312-C-4500,42.0,0.0,0.0,0.0,9,42.4,44.4,6,42.0,44.0,0.0,0.0,0.0,0.0,530
2023-05-11 09:46:18,IO2312-C-4500,IO2312-C-4500,42.0,0.0,0.0,0.0,6,42.6,44.4,6,42.0,44.0,0.0,0.0,0.0,0.0,530
2023-05-11 09:46:19,IO2312-C-4500,IO2312-C-4500,42.0,0.0,0.0,0.0,9,42.6,44.4,6,42.0,44.0,0.0,0.0,0.0,0.0,530
2023-05-11 09:46:19,IO2312-C-4500,IO2312-C-4500,42.0,0.0,0.0,0.0,6,42.8,44.4,6,42.0,44.0,0.0,0.0,0.0,0.0,530
2023-05-11 09:46:20,IO2312-C-4500,IO2312-C-4500,42.0,0.0,0.0,0.0,3,42.6,44.4,6,42.0,44.0,0.0,0.0,0.0,0.0,530
2023-05-11 09:46:21,IO2312-C-4500,IO2312-C-4500,42.0,0.0,0.0,0.0,6,42.6,44.2,6,42.0,44.0,0.0,0.0,0.0,0.0,530
2023-05-11 09:46:21,IO2312-C-4500,IO2312-C-4500,42.0,0.0,0.0,0.0,6,42.2,44.2,6,42.0,44.0,0.0,0.0,0.0,0.0,530
2023-05-11 09:46:22,IO2312-C-4500,IO2312-C-4500,42.0,0.0,0.0,0.0,9,42.2,44.2,6,42.0,44.0,0.0,0.0,0.0,0.0,530
2023-05-11 09:46:22,IO2312-C-4500,IO2312-C-4500,42.0,0.0,0.0,0.0,6,42.4,44.2,6,42.0,44.0,0.0,0.0,0.0,0.0,530
2023-05-11 09:46:23,IO2312-C-4500,IO2312-C-4500,42.0,0.0,0.0,0.0,9,42.4,44.2,6,42.0,44.0,0.0,0.0,0.0,0.0,530
2023-05-11 09:46:23,IO2312-C-4500,IO2312-C-4500,42.0,0.0,0.0,0.0,6,42.6,44.2,6,42.0,44.0,0.0,0.0,0.0,0.0,530
2023-05-11 09:46:24,IO2312-C-4500,IO2312-C-4500,42.0,0.0,0.0,0.0,9,42.6,44.2,6,42.0,44.0,0.0,0.0,0.0,0.0,530
2023-05-11 09:46:24,IO2312-C-4500,IO2312-C-4500,42.0,0.0,0.0,0.0,6,42.8,44.2,6,42.0,44.0,0.0,0.0,0.0,0.0,530
2023-05-11 09:46:28,IO2312-C-4500,IO2312-C-4500,42.0,0.0,0.0,0.0,9,42.8,44.2,6,42.0,44.0,0.0,0.0,0.0,0.0,530
2023-05-11 09:46:29,IO2312-C-4500,IO2312-C-4500,42.0,0.0,0.0,0.0,6,43.0,44.2,6,42.0,44.0,0.0,0.0,0.0,0.0,530
2023-05-11 09:46:29,IO2312-C-4500,IO2312-C-4500,42.0,0.0,0.0,0.0,6,42.2,44.2,6,42.0,44.0,0.0,0.0,0.0,0.0,530
2023-05-11 09:46:30,IO2312-C-4500,IO2312-C-4500,42.0,0.0,0.0,0.0,9,42.2,44.2,6,42.0,44.0,0.0,0.0,0.0,0.0,530
2023-05-11 09:46:30,IO2312-C-4500,IO2312-C-4500,42.0,0.0,0.0,0.0,6,42.4,44.2,6,42.0,44.0,0.0,0.0,0.0,0.0,530
2023-05-11 09:46:31,IO2312-C-4500,IO2312-C-4500,42.0,0.0,0.0,0.0,9,42.4,44.2,6,42.0,44.0,0.0,0.0,0.0,0.0,530
2023-05-11 09:46:31,IO2312-C-4500,IO2312-C-4500,42.0,0.0,0.0,0.0,6,42.6,44.2,6,42.0,44.0,0.0,0.0,0.0,0.0,530
2023-05-11 09:46:32,IO2312-C-4500,IO2312-C-4500,42.0,0.0,0.0,0.0,9,42.6,44.2,6,42.0,44.0,0.0,0.0,0.0,0.0,530
2023-05-11 09:46:32,IO2312-C-4500,IO2312-C-4500,42.0,0.0,0.0,0.0,6,42.8,44.2,6,42.0,44.0,0.0,0.0,0.0,0.0,530
2023-05-11 09:46:33,IO2312-C-4500,IO2312-C-4500,42.0,0.0,0.0,0.0,9,42.8,44.2,6,42.0,44.0,0.0,0.0,0.0,0.0,530
2023-05-11 09:46:33,IO2312-C-4500,IO2312-C-4500,42.0,0.0,0.0,0.0,6,43.0,44.2,6,42.0,44.0,0.0,0.0,0.0,0.0,530
2023-05-11 09:46:34,IO2312-C-4500,IO2312-C-4500,42.0,0.0,0.0,0.0,6,42.2,44.2,6,42.0,44.0,0.0,0.0,0.0,0.0,530
2023-05-11 09:46:34,IO2312-C-4500,IO2312-C-4500,42.0,0.0,0.0,0.0,3,42.8,44.2,3,42.0,44.0,0.0,0.0,0.0,0.0,530
2023-05-11 09:46:35,IO2312-C-4500,IO2312-C-4500,42.0,0.0,0.0,0.0,6,43.0,44.2,3,42.0,44.0,0.0,0.0,0.0,0.0,530
2023-05-11 09:46:35,IO2312-C-4500,IO2312-C-4500,42.0,0.0,0.0,0.0,6,42.2,44.2,3,42.0,44.0,0.0,0.0,0.0,0.0,530
2023-05-11 09:46:36,IO2312-C-4500,IO2312-C-4500,42.0,0.0,0.0,0.0,9,42.2,44.2,3,42.0,44.0,0.0,0.0,0.0,0.0,530
2023-05-11 09:46:36,IO2312-C-4500,IO2312-C-4500,42.0,0.0,0.0,0.0,6,42.4,44.2,3,42.0,44.0,0.0,0.0,0.0,0.0,530
2023-05-11 09:46:37,IO2312-C-4500,IO2312-C-4500,42.0,0.0,0.0,0.0,9,42.4,44.2,3,42.0,44.0,0.0,0.0,0.0,0.0,530
2023-05-11 09:46:37,IO2312-C-4500,IO2312-C-4500,42.0,0.0,0.0,0.0,6,42.6,44.4,3,42.0,44.0,0.0,0.0,0.0,0.0,530
2023-05-11 09:46:38,IO2312-C-4500,IO2312-C-4500,42.0,0.0,0.0,0.0,9,42.6,44.4,6,42.0,44.0,0.0,0.0,0.0,0.0,530
2023-05-11 09:46:38,IO2312-C-4500,IO2312-C-4500,42.0,0.0,0.0,0.0,6,42.8,44.4,3,42.0,44.0,0.0,0.0,0.0,0.0,530
2023-05-11 09:46:39,IO2312-C-4500,IO2312-C-4500,42.0,0.0,0.0,0.0,9,42.8,44.4,3,42.0,44.0,0.0,0.0,0.0,0.0,530
2023-05-11 09:46:39,IO2312-C-4500,IO2312-C-4500,42.0,0.0,0.0,0.0,6,43.0,44.4,3,42.0,44.0,0.0,0.0,0.0,0.0,530
2023-05-11 09:46:52,IO2312-C-4500,IO2312-C-4500,42.0,0.0,0.0,0.0,6,42.8,44.4,3,42.0,44.0,0.0,0.0,0.0,0.0,530
2023-05-11 09:46:52,IO2312-C-4500,IO2312-C-4500,42.0,0.0,0.0,0.0,9,42.6,44.4,3,42.0,44.0,0.0,0.0,0.0,0.0,530
2023-05-11 09:46:53,IO2312-C-4500,IO2312-C-4500,42.0,0.0,0.0,0.0,6,42.8,44.4,3,42.0,44.0,0.0,0.0,0.0,0.0,530
2023-05-11 09:47:04,IO2312-C-4500,IO2312-C-4500,42.0,0.0,0.0,0.0,6,42.8,44.4,9,42.0,44.0,0.0,0.0,0.0,0.0,530
2023-05-11 09:47:05,IO2312-C-4500,IO2312-C-4500,42.0,0.0,0.0,0.0,6,42.6,44.4,6,42.0,44.0,0.0,0.0,0.0,0.0,530
2023-05-11 09:47:06,IO2312-C-4500,IO2312-C-4500,42.0,0.0,0.0,0.0,9,42.6,44.4,6,42.0,44.0,0.0,0.0,0.0,0.0,530
2023-05-11 09:47:07,IO2312-C-4500,IO2312-C-4500,42.0,0.0,0.0,0.0,6,42.8,44.4,6,42.0,44.0,0.0,0.0,0.0,0.0,530
2023-05-11 09:47:07,IO2312-C-4500,IO2312-C-4500,42.0,0.0,0.0,0.0,6,42.2,44.4,6,42.0,44.0,0.0,0.0,0.0,0.0,530
2023-05-11 09:47:08,IO2312-C-4500,IO2312-C-4500,42.0,0.0,0.0,0.0,9,42.2,44.4,6,42.0,44.0,0.0,0.0,0.0,0.0,530
2023-05-11 09:47:08,IO2312-C-4500,IO2312-C-4500,42.0,0.0,0.0,0.0,6,42.4,44.4,6,42.0,44.0,0.0,0.0,0.0,0.0,530
2023-05-11 09:47:09,IO2312-C-4500,IO2312-C-4500,42.0,0.0,0.0,0.0,9,42.4,44.4,6,42.0,44.0,0.0,0.0,0.0,0.0,530
2023-05-11 09:47:09,IO2312-C-4500,IO2312-C-4500,42.0,0.0,0.0,0.0,6,42.6,44.4,6,42.0,44.0,0.0,0.0,0.0,0.0,530
2023-05-11 09:47:10,IO2312-C-4500,IO2312-C-4500,42.0,0.0,0.0,0.0,9,42.6,44.4,6,42.0,44.0,0.0,0.0,0.0,0.0,530
2023-05-11 09:47:11,IO2312-C-4500,IO2312-C-4500,42.0,0.0,0.0,0.0,6,42.8,44.4,6,42.0,44.0,0.0,0.0,0.0,0.0,530
2023-05-11 09:47:41,IO2312-C-4500,IO2312-C-4500,42.0,0.0,0.0,0.0,9,42.8,44.4,6,42.0,44.0,0.0,0.0,0.0,0.0,530
2023-05-11 09:47:41,IO2312-C-4500,IO2312-C-4500,42.0,0.0,0.0,0.0,6,43.0,44.4,3,42.0,44.0,0.0,0.0,0.0,0.0,530
2023-05-11 09:47:42,IO2312-C-4500,IO2312-C-4500,42.0,0.0,0.0,0.0,6,43.0,44.4,6,42.0,44.0,0.0,0.0,0.0,0.0,530
2023-05-11 09:47:42,IO2312-C-4500,IO2312-C-4500,42.0,0.0,0.0,0.0,6,43.0,44.4,3,42.0,44.0,0.0,0.0,0.0,0.0,530
2023-05-11 09:47:49,IO2312-C-4500,IO2312-C-4500,42.0,0.0,0.0,0.0,9,42.8,44.4,3,42.0,44.0,0.0,0.0,0.0,0.0,530
2023-05-11 09:47:49,IO2312-C-4500,IO2312-C-4500,42.0,0.0,0.0,0.0,6,43.0,44.4,3,42.0,44.0,0.0,0.0,0.0,0.0,530
2023-05-11 09:48:03,IO2312-C-4500,IO2312-C-4500,42.0,0.0,0.0,0.0,6,42.8,44.6,21,42.0,44.0,0.0,0.0,0.0,0.0,530
2023-05-11 09:48:04,IO2312-C-4500,IO2312-C-4500,42.0,0.0,0.0,0.0,6,42.8,44.4,3,42.0,44.0,0.0,0.0,0.0,0.0,530
2023-05-11 09:48:13,IO2312-C-4500,IO2312-C-4500,42.0,0.0,0.0,0.0,6,42.6,44.4,3,42.0,44.0,0.0,0.0,0.0,0.0,530
2023-05-11 09:48:17,IO2312-C-4500,IO2312-C-4500,42.0,0.0,0.0,0.0,9,42.6,44.4,3,42.0,44.0,0.0,0.0,0.0,0.0,530
2023-05-11 09:48:17,IO2312-C-4500,IO2312-C-4500,42.0,0.0,0.0,0.0,6,42.8,44.4,3,42.0,44.0,0.0,0.0,0.0,0.0,530
2023-05-11 09:48:19,IO2312-C-4500,IO2312-C-4500,42.0,0.0,0.0,0.0,6,42.6,44.4,3,42.0,44.0,0.0,0.0,0.0,0.0,530
2023-05-11 09:48:20,IO2312-C-4500,IO2312-C-4500,42.0,0.0,0.0,0.0,9,42.6,44.4,3,42.0,44.0,0.0,0.0,0.0,0.0,530
2023-05-11 09:48:21,IO2312-C-4500,IO2312-C-4500,42.0,0.0,0.0,0.0,6,42.8,44.4,3,42.0,44.0,0.0,0.0,0.0,0.0,530
2023-05-11 09:48:37,IO2312-C-4500,IO2312-C-4500,42.0,0.0,0.0,0.0,9,42.8,44.4,3,42.0,44.0,0.0,0.0,0.0,0.0,530
2023-05-11 09:48:38,IO2312-C-4500,IO2312-C-4500,42.0,0.0,0.0,0.0,6,43.0,44.4,3,42.0,44.0,0.0,0.0,0.0,0.0,530
2023-05-11 09:48:40,IO2312-C-4500,IO2312-C-4500,42.0,0.0,0.0,0.0,6,42.8,44.4,3,42.0,44.0,0.0,0.0,0.0,0.0,530
2023-05-11 09:48:47,IO2312-C-4500,IO2312-C-4500,42.0,0.0,0.0,0.0,9,42.8,44.4,3,42.0,44.0,0.0,0.0,0.0,0.0,530
2023-05-11 09:48:47,IO2312-C-4500,IO2312-C-4500,42.0,0.0,0.0,0.0,6,43.0,44.4,3,42.0,44.0,0.0,0.0,0.0,0.0,530
2023-05-11 09:48:48,IO2312-C-4500,IO2312-C-4500,42.0,0.0,0.0,0.0,6,42.4,44.4,3,42.0,44.0,0.0,0.0,0.0,0.0,530
2023-05-11 09:48:48,IO2312-C-4500,IO2312-C-4500,42.0,0.0,0.0,0.0,3,42.4,44.4,3,42.0,44.0,0.0,0.0,0.0,0.0,530
2023-05-11 09:48:49,IO2312-C-4500,IO2312-C-4500,42.0,0.0,0.0,0.0,6,42.6,44.6,21,42.0,44.0,0.0,0.0,0.0,0.0,530
2023-05-11 09:48:49,IO2312-C-4500,IO2312-C-4500,42.0,0.0,0.0,0.0,6,42.6,44.4,3,42.0,44.0,0.0,0.0,0.0,0.0,530
2023-05-11 09:48:50,IO2312-C-4500,IO2312-C-4500,42.0,0.0,0.0,0.0,6,42.2,44.4,3,42.0,44.0,0.0,0.0,0.0,0.0,530
2023-05-11 09:48:50,IO2312-C-4500,IO2312-C-4500,42.0,0.0,0.0,0.0,3,42.6,44.4,3,42.0,44.0,0.0,0.0,0.0,0.0,530
2023-05-11 09:48:51,IO2312-C-4500,IO2312-C-4500,42.0,0.0,0.0,0.0,6,42.8,44.4,3,42.0,44.0,0.0,0.0,0.0,0.0,530
2023-05-11 09:48:51,IO2312-C-4500,IO2312-C-4500,42.0,0.0,0.0,0.0,6,42.2,44.4,3,42.0,44.0,0.0,0.0,0.0,0.0,530
2023-05-11 09:48:52,IO2312-C-4500,IO2312-C-4500,42.0,0.0,0.0,0.0,9,42.2,44.4,3,42.0,44.0,0.0,0.0,0.0,0.0,530
2023-05-11 09:48:52,IO2312-C-4500,IO2312-C-4500,42.0,0.0,0.0,0.0,6,42.4,44.4,3,42.0,44.0,0.0,0.0,0.0,0.0,530
2023-05-11 09:48:53,IO2312-C-4500,IO2312-C-4500,42.0,0.0,0.0,0.0,9,42.4,44.4,3,42.0,44.0,0.0,0.0,0.0,0.0,530
2023-05-11 09:48:53,IO2312-C-4500,IO2312-C-4500,42.0,0.0,0.0,0.0,6,42.6,44.4,3,42.0,44.0,0.0,0.0,0.0,0.0,530
2023-05-11 09:48:54,IO2312-C-4500,IO2312-C-4500,42.0,0.0,0.0,0.0,9,42.6,44.4,3,42.0,44.0,0.0,0.0,0.0,0.0,530
2023-05-11 09:48:54,IO2312-C-4500,IO2312-C-4500,42.0,0.0,0.0,0.0,6,42.8,44.4,3,42.0,44.0,0.0,0.0,0.0,0.0,530
2023-05-11 09:48:58,IO2312-C-4500,IO2312-C-4500,42.0,0.0,0.0,0.0,9,42.8,44.4,3,42.0,44.0,0.0,0.0,0.0,0.0,530
2023-05-11 09:48:59,IO2312-C-4500,IO2312-C-4500,42.0,0.0,0.0,0.0,6,43.0,44.4,3,42.0,44.0,0.0,0.0,0.0,0.0,530
2023-05-11 09:48:59,IO2312-C-4500,IO2312-C-4500,42.0,0.0,0.0,0.0,6,42.2,44.4,3,42.0,44.0,0.0,0.0,0.0,0.0,530
2023-05-11 09:49:00,IO2312-C-4500,IO2312-C-4500,42.0,0.0,0.0,0.0,9,42.2,44.4,3,42.0,44.0,0.0,0.0,0.0,0.0,530
2023-05-11 09:49:00,IO2312-C-4500,IO2312-C-4500,42.0,0.0,0.0,0.0,6,42.4,44.4,3,42.0,44.0,0.0,0.0,0.0,0.0,530
2023-05-11 09:49:01,IO2312-C-4500,IO2312-C-4500,42.0,0.0,0.0,0.0,9,42.4,44.6,15,42.0,44.0,0.0,0.0,0.0,0.0,530
2023-05-11 09:49:01,IO2312-C-4500,IO2312-C-4500,42.0,0.0,0.0,0.0,6,42.6,44.6,12,42.0,44.0,0.0,0.0,0.0,0.0,530
2023-05-11 09:49:02,IO2312-C-4500,IO2312-C-4500,42.0,0.0,0.0,0.0,9,42.6,44.6,6,42.0,44.0,0.0,0.0,0.0,0.0,530
2023-05-11 09:49:02,IO2312-C-4500,IO2312-C-4500,42.0,0.0,0.0,0.0,6,42.8,44.6,6,42.0,44.0,0.0,0.0,0.0,0.0,530
2023-05-11 09:49:03,IO2312-C-4500,IO2312-C-4500,42.0,0.0,0.0,0.0,9,42.8,44.6,6,42.0,44.0,0.0,0.0,0.0,0.0,530
2023-05-11 09:49:03,IO2312-C-4500,IO2312-C-4500,42.0,0.0,0.0,0.0,3,42.8,44.6,6,42.0,44.0,0.0,0.0,0.0,0.0,530
2023-05-11 09:49:04,IO2312-C-4500,IO2312-C-4500,42.0,0.0,0.0,0.0,6,43.0,44.6,12,42.0,44.0,0.0,0.0,0.0,0.0,530
2023-05-11 09:49:04,IO2312-C-4500,IO2312-C-4500,42.0,0.0,0.0,0.0,6,42.2,44.6,6,42.0,44.0,0.0,0.0,0.0,0.0,530
2023-05-11 09:49:05,IO2312-C-4500,IO2312-C-4500,42.0,0.0,0.0,0.0,9,42.2,44.6,6,42.0,44.0,0.0,0.0,0.0,0.0,530
2023-05-11 09:49:06,IO2312-C-4500,IO2312-C-4500,42.0,0.0,0.0,0.0,6,42.4,44.6,6,42.0,44.0,0.0,0.0,0.0,0.0,530
2023-05-11 09:49:06,IO2312-C-4500,IO2312-C-4500,42.0,0.0,0.0,0.0,9,42.4,44.6,6,42.0,44.0,0.0,0.0,0.0,0.0,530
2023-05-11 09:49:07,IO2312-C-4500,IO2312-C-4500,42.0,0.0,0.0,0.0,6,42.6,44.6,12,42.0,44.0,0.0,0.0,0.0,0.0,530
2023-05-11 09:49:08,IO2312-C-4500,IO2312-C-4500,42.0,0.0,0.0,0.0,9,42.6,44.6,12,42.0,44.0,0.0,0.0,0.0,0.0,530
2023-05-11 09:49:08,IO2312-C-4500,IO2312-C-4500,42.0,0.0,0.0,0.0,6,42.8,44.4,6,42.0,44.0,0.0,0.0,0.0,0.0,530
2023-05-11 09:49:09,IO2312-C-4500,IO2312-C-4500,42.0,0.0,0.0,0.0,6,42.8,44.4,12,42.0,44.0,0.0,0.0,0.0,0.0,530
2023-05-11 09:49:09,IO2312-C-4500,IO2312-C-4500,42.0,0.0,0.0,0.0,6,42.2,44.4,6,42.0,44.0,0.0,0.0,0.0,0.0,530
2023-05-11 09:49:10,IO2312-C-4500,IO2312-C-4500,42.0,0.0,0.0,0.0,3,42.4,44.4,6,42.0,44.0,0.0,0.0,0.0,0.0,530
2023-05-11 09:49:10,IO2312-C-4500,IO2312-C-4500,42.0,0.0,0.0,0.0,6,42.6,44.4,6,42.0,44.0,0.0,0.0,0.0,0.0,530
2023-05-11 09:49:11,IO2312-C-4500,IO2312-C-4500,42.0,0.0,0.0,0.0,6,42.2,44.4,6,42.0,44.0,0.0,0.0,0.0,0.0,530
2023-05-11 09:49:11,IO2312-C-4500,IO2312-C-4500,42.0,0.0,0.0,0.0,9,42.2,44.4,6,42.0,44.0,0.0,0.0,0.0,0.0,530
2023-05-11 09:49:12,IO2312-C-4500,IO2312-C-4500,42.0,0.0,0.0,0.0,6,42.4,44.4,6,42.0,44.0,0.0,0.0,0.0,0.0,530
2023-05-11 09:49:12,IO2312-C-4500,IO2312-C-4500,42.0,0.0,0.0,0.0,9,42.4,44.4,6,42.0,44.0,0.0,0.0,0.0,0.0,530
2023-05-11 09:49:13,IO2312-C-4500,IO2312-C-4500,42.0,0.0,0.0,0.0,6,42.6,44.4,6,42.0,44.0,0.0,0.0,0.0,0.0,530
2023-05-11 09:49:32,IO2312-C-4500,IO2312-C-4500,42.0,0.0,0.0,0.0,9,42.6,44.4,6,42.0,44.0,0.0,0.0,0.0,0.0,530
2023-05-11 09:49:32,IO2312-C-4500,IO2312-C-4500,42.0,0.0,0.0,0.0,6,42.8,44.4,6,42.0,44.0,0.0,0.0,0.0,0.0,530
2023-05-11 09:49:33,IO2312-C-4500,IO2312-C-4500,42.0,0.0,0.0,0.0,6,42.2,44.4,6,42.0,44.0,0.0,0.0,0.0,0.0,530
2023-05-11 09:49:34,IO2312-C-4500,IO2312-C-4500,42.0,0.0,0.0,0.0,3,42.4,44.4,6,42.0,44.0,0.0,0.0,0.0,0.0,530
2023-05-11 09:49:34,IO2312-C-4500,IO2312-C-4500,42.0,0.0,0.0,0.0,6,42.6,44.4,6,42.0,44.0,0.0,0.0,0.0,0.0,530
2023-05-11 09:49:35,IO2312-C-4500,IO2312-C-4500,42.0,0.0,0.0,0.0,6,42.2,44.4,6,42.0,44.0,0.0,0.0,0.0,0.0,530
2023-05-11 09:49:35,IO2312-C-4500,IO2312-C-4500,42.0,0.0,0.0,0.0,9,42.2,44.4,6,42.0,44.0,0.0,0.0,0.0,0.0,530
2023-05-11 09:49:36,IO2312-C-4500,IO2312-C-4500,42.0,0.0,0.0,0.0,6,42.4,44.4,6,42.0,44.0,0.0,0.0,0.0,0.0,530
2023-05-11 09:49:36,IO2312-C-4500,IO2312-C-4500,42.0,0.0,0.0,0.0,9,42.4,44.4,6,42.0,44.0,0.0,0.0,0.0,0.0,530
2023-05-11 09:49:37,IO2312-C-4500,IO2312-C-4500,42.0,0.0,0.0,0.0,6,42.6,44.4,6,42.0,44.0,0.0,0.0,0.0,0.0,530
2023-05-11 09:49:41,IO2312-C-4500,IO2312-C-4500,42.0,0.0,0.0,0.0,9,42.6,44.4,6,42.0,44.0,0.0,0.0,0.0,0.0,530
2023-05-11 09:49:41,IO2312-C-4500,IO2312-C-4500,42.0,0.0,0.0,0.0,6,42.8,44.4,6,42.0,44.0,0.0,0.0,0.0,0.0,530
2023-05-11 09:50:04,IO2312-C-4500,IO2312-C-4500,42.0,0.0,0.0,0.0,6,42.6,44.4,6,42.0,44.0,0.0,0.0,0.0,0.0,530
2023-05-11 09:50:10,IO2312-C-4500,IO2312-C-4500,42.0,0.0,0.0,0.0,9,42.6,44.4,6,42.0,44.0,0.0,0.0,0.0,0.0,530
2023-05-11 09:50:10,IO2312-C-4500,IO2312-C-4500,42.0,0.0,0.0,0.0,6,42.8,44.4,6,42.0,44.0,0.0,0.0,0.0,0.0,530
2023-05-11 09:50:11,IO2312-C-4500,IO2312-C-4500,42.0,0.0,0.0,0.0,6,42.2,44.4,6,42.0,44.0,0.0,0.0,0.0,0.0,530
2023-05-11 09:50:11,IO2312-C-4500,IO2312-C-4500,42.0,0.0,0.0,0.0,3,42.6,44.4,6,42.0,44.0,0.0,0.0,0.0,0.0,530
2023-05-11 09:50:12,IO2312-C-4500,IO2312-C-4500,42.0,0.0,0.0,0.0,6,42.8,44.4,6,42.0,44.0,0.0,0.0,0.0,0.0,530
2023-05-11 09:50:12,IO2312-C-4500,IO2312-C-4500,42.0,0.0,0.0,0.0,6,42.2,44.4,6,42.0,44.0,0.0,0.0,0.0,0.0,530
2023-05-11 09:50:13,IO2312-C-4500,IO2312-C-4500,42.0,0.0,0.0,0.0,3,42.8,44.4,6,42.0,44.0,0.0,0.0,0.0,0.0,530
2023-05-11 09:50:13,IO2312-C-4500,IO2312-C-4500,42.0,0.0,0.0,0.0,6,43.0,44.4,3,42.0,44.0,0.0,0.0,0.0,0.0,530
2023-05-11 09:50:14,IO2312-C-4500,IO2312-C-4500,42.0,0.0,0.0,0.0,6,42.2,44.4,3,42.0,44.0,0.0,0.0,0.0,0.0,530
2023-05-11 09:50:14,IO2312-C-4500,IO2312-C-4500,42.0,0.0,0.0,0.0,9,42.2,44.4,3,42.0,44.0,0.0,0.0,0.0,0.0,530
2023-05-11 09:50:15,IO2312-C-4500,IO2312-C-4500,42.0,0.0,0.0,0.0,6,42.4,44.6,3,42.0,44.0,0.0,0.0,0.0,0.0,530
2023-05-11 09:50:15,IO2312-C-4500,IO2312-C-4500,42.0,0.0,0.0,0.0,9,42.4,44.6,6,42.0,44.0,0.0,0.0,0.0,0.0,530
2023-05-11 09:50:16,IO2312-C-4500,IO2312-C-4500,42.0,0.0,0.0,0.0,6,42.6,44.6,3,42.0,44.0,0.0,0.0,0.0,0.0,530
2023-05-11 09:50:16,IO2312-C-4500,IO2312-C-4500,42.0,0.0,0.0,0.0,9,42.6,44.6,3,42.0,44.0,0.0,0.0,0.0,0.0,530
2023-05-11 09:50:17,IO2312-C-4500,IO2312-C-4500,42.0,0.0,0.0,0.0,6,42.8,44.6,3,42.0,44.0,0.0,0.0,0.0,0.0,530
2023-05-11 09:50:17,IO2312-C-4500,IO2312-C-4500,42.0,0.0,0.0,0.0,9,42.8,44.2,1,42.0,44.0,0.0,0.0,0.0,0.0,530
2023-05-11 09:50:18,IO2312-C-4500,IO2312-C-4500,42.0,0.0,0.0,0.0,6,43.0,44.2,1,42.0,44.0,0.0,0.0,0.0,0.0,530
2023-05-11 09:50:27,IO2312-C-4500,IO2312-C-4500,42.0,0.0,0.0,0.0,6,42.8,44.2,1,42.0,44.0,0.0,0.0,0.0,0.0,530
2023-05-11 09:50:29,IO2312-C-4500,IO2312-C-4500,42.0,0.0,0.0,0.0,9,42.8,44.2,1,42.0,44.0,0.0,0.0,0.0,0.0,530
2023-05-11 09:50:29,IO2312-C-4500,IO2312-C-4500,42.0,0.0,0.0,0.0,6,43.0,44.2,1,42.0,44.0,0.0,0.0,0.0,0.0,530
2023-05-11 09:50:32,IO2312-C-4500,IO2312-C-4500,42.0,0.0,0.0,0.0,9,43.0,44.2,1,42.0,44.0,0.0,0.0,0.0,0.0,530
2023-05-11 09:50:33,IO2312-C-4500,IO2312-C-4500,42.0,0.0,0.0,0.0,6,43.2,44.2,1,42.0,44.0,0.0,0.0,0.0,0.0,530
2023-05-11 09:50:34,IO2312-C-4500,IO2312-C-4500,42.0,0.0,0.0,0.0,6,43.2,44.4,6,42.0,44.0,0.0,0.0,0.0,0.0,530
2023-05-11 09:50:35,IO2312-C-4500,IO2312-C-4500,42.0,0.0,0.0,0.0,6,43.2,44.6,3,42.0,44.0,0.0,0.0,0.0,0.0,530
2023-05-11 09:50:35,IO2312-C-4500,IO2312-C-4500,42.0,0.0,0.0,0.0,6,43.2,44.4,3,42.0,44.0,0.0,0.0,0.0,0.0,530
2023-05-11 09:50:36,IO2312-C-4500,IO2312-C-4500,42.0,0.0,0.0,0.0,6,43.2,44.6,6,42.0,44.0,0.0,0.0,0.0,0.0,530
2023-05-11 09:50:36,IO2312-C-4500,IO2312-C-4500,42.0,0.0,0.0,0.0,6,43.2,44.6,3,42.0,44.0,0.0,0.0,0.0,0.0,530
2023-05-11 09:50:55,IO2312-C-4500,IO2312-C-4500,42.0,0.0,0.0,0.0,9,43.2,44.6,3,42.0,44.0,0.0,0.0,0.0,0.0,530
2023-05-11 09:50:56,IO2312-C-4500,IO2312-C-4500,42.0,0.0,0.0,0.0,6,43.4,44.6,3,42.0,44.0,0.0,0.0,0.0,0.0,530
2023-05-11 09:50:56,IO2312-C-4500,IO2312-C-4500,42.0,0.0,0.0,0.0,9,43.4,44.6,3,42.0,44.0,0.0,0.0,0.0,0.0,530
2023-05-11 09:50:57,IO2312-C-4500,IO2312-C-4500,42.0,0.0,0.0,0.0,6,43.4,44.6,3,42.0,44.0,0.0,0.0,0.0,0.0,530
2023-05-11 09:50:58,IO2312-C-4500,IO2312-C-4500,42.0,0.0,0.0,0.0,6,43.2,44.6,3,42.0,44.0,0.0,0.0,0.0,0.0,530
2023-05-11 09:50:58,IO2312-C-4500,IO2312-C-4500,42.0,0.0,0.0,0.0,9,43.2,44.6,3,42.0,44.0,0.0,0.0,0.0,0.0,530
2023-05-11 09:50:59,IO2312-C-4500,IO2312-C-4500,42.0,0.0,0.0,0.0,6,43.4,44.6,3,42.0,44.0,0.0,0.0,0.0,0.0,530
2023-05-11 09:50:59,IO2312-C-4500,IO2312-C-4500,42.0,0.0,0.0,0.0,9,43.4,44.6,3,42.0,44.0,0.0,0.0,0.0,0.0,530
2023-05-11 09:51:00,IO2312-C-4500,IO2312-C-4500,42.0,0.0,0.0,0.0,9,43.4,44.8,18,42.0,44.0,0.0,0.0,0.0,0.0,530
2023-05-11 09:51:01,IO2312-C-4500,IO2312-C-4500,42.0,0.0,0.0,0.0,9,43.4,44.6,3,42.0,44.0,0.0,0.0,0.0,0.0,530
2023-05-11 09:51:05,IO2312-C-4500,IO2312-C-4500,42.0,0.0,0.0,0.0,6,43.4,44.6,3,42.0,44.0,0.0,0.0,0.0,0.0,530
2023-05-11 09:51:05,IO2312-C-4500,IO2312-C-4500,42.0,0.0,0.0,0.0,6,43.2,44.6,3,42.0,44.0,0.0,0.0,0.0,0.0,530
2023-05-11 09:51:06,IO2312-C-4500,IO2312-C-4500,42.0,0.0,0.0,0.0,9,43.2,44.6,3,42.0,44.0,0.0,0.0,0.0,0.0,530
2023-05-11 09:51:06,IO2312-C-4500,IO2312-C-4500,42.0,0.0,0.0,0.0,6,43.4,44.6,3,42.0,44.0,0.0,0.0,0.0,0.0,530
2023-05-11 09:51:07,IO2312-C-4500,IO2312-C-4500,42.0,0.0,0.0,0.0,9,43.2,44.6,3,42.0,44.0,0.0,0.0,0.0,0.0,530
2023-05-11 09:51:09,IO2312-C-4500,IO2312-C-4500,42.0,0.0,0.0,0.0,6,43.2,44.6,3,42.0,44.0,0.0,0.0,0.0,0.0,530
2023-05-11 09:51:10,IO2312-C-4500,IO2312-C-4500,42.0,0.0,0.0,0.0,9,43.2,44.8,9,42.0,44.0,0.0,0.0,0.0,0.0,530
2023-05-11 09:51:10,IO2312-C-4500,IO2312-C-4500,42.0,0.0,0.0,0.0,6,43.4,44.8,6,42.0,44.0,0.0,0.0,0.0,0.0,530
2023-05-11 09:51:12,IO2312-C-4500,IO2312-C-4500,42.0,0.0,0.0,0.0,9,43.2,44.8,12,42.0,44.0,0.0,0.0,0.0,0.0,530
2023-05-11 09:51:14,IO2312-C-4500,IO2312-C-4500,42.0,0.0,0.0,0.0,6,43.4,44.8,6,42.0,44.0,0.0,0.0,0.0,0.0,530
2023-05-11 09:51:18,IO2312-C-4500,IO2312-C-4500,42.0,0.0,0.0,0.0,6,43.2,44.8,12,42.0,44.0,0.0,0.0,0.0,0.0,530
2023-05-11 09:51:19,IO2312-C-4500,IO2312-C-4500,42.0,0.0,0.0,0.0,11,43.0,44.6,6,42.0,44.0,0.0,0.0,0.0,0.0,530
2023-05-11 09:51:20,IO2312-C-4500,IO2312-C-4500,42.0,0.0,0.0,0.0,11,43.0,44.6,9,42.0,44.0,0.0,0.0,0.0,0.0,530
2023-05-11 09:51:20,IO2312-C-4500,IO2312-C-4500,42.0,0.0,0.0,0.0,8,43.0,44.6,12,42.0,44.0,0.0,0.0,0.0,0.0,530
2023-05-11 09:51:21,IO2312-C-4500,IO2312-C-4500,42.0,0.0,0.0,0.0,11,43.0,44.6,12,42.0,44.0,0.0,0.0,0.0,0.0,530
2023-05-11 09:51:25,IO2312-C-4500,IO2312-C-4500,42.0,0.0,0.0,0.0,6,43.2,44.6,3,42.0,44.0,0.0,0.0,0.0,0.0,530
2023-05-11 09:51:26,IO2312-C-4500,IO2312-C-4500,42.0,0.0,0.0,0.0,6,43.2,44.8,12,42.0,44.0,0.0,0.0,0.0,0.0,530
2023-05-11 09:51:26,IO2312-C-4500,IO2312-C-4500,42.0,0.0,0.0,0.0,6,43.2,44.6,3,42.0,44.0,0.0,0.0,0.0,0.0,530
2023-05-11 09:51:31,IO2312-C-4500,IO2312-C-4500,42.0,0.0,0.0,0.0,6,43.2,44.8,9,42.0,44.0,0.0,0.0,0.0,0.0,530
2023-05-11 09:51:32,IO2312-C-4500,IO2312-C-4500,42.0,0.0,0.0,0.0,6,43.2,44.6,3,42.0,44.0,0.0,0.0,0.0,0.0,530
2023-05-11 09:51:33,IO2312-C-4500,IO2312-C-4500,42.0,0.0,0.0,0.0,6,43.2,44.8,9,42.0,44.0,0.0,0.0,0.0,0.0,530
2023-05-11 09:51:34,IO2312-C-4500,IO2312-C-4500,42.0,0.0,0.0,0.0,6,43.2,44.8,12,42.0,44.0,0.0,0.0,0.0,0.0,530
2023-05-11 09:51:40,IO2312-C-4500,IO2312-C-4500,42.0,0.0,0.0,0.0,9,43.2,44.8,9,42.0,44.0,0.0,0.0,0.0,0.0,530
2023-05-11 09:51:40,IO2312-C-4500,IO2312-C-4500,42.0,0.0,0.0,0.0,9,43.2,44.8,12,42.0,44.0,0.0,0.0,0.0,0.0,530
2023-05-11 09:51:42,IO2312-C-4500,IO2312-C-4500,42.0,0.0,0.0,0.0,6,43.2,44.8,12,42.0,44.0,0.0,0.0,0.0,0.0,530
2023-05-11 09:51:48,IO2312-C-4500,IO2312-C-4500,42.0,0.0,0.0,0.0,9,43.2,44.8,12,42.0,44.0,0.0,0.0,0.0,0.0,530
2023-05-11 09:51:49,IO2312-C-4500,IO2312-C-4500,42.0,0.0,0.0,0.0,6,43.2,44.8,12,42.0,44.0,0.0,0.0,0.0,0.0,530
2023-05-11 09:51:53,IO2312-C-4500,IO2312-C-4500,42.0,0.0,0.0,0.0,9,43.2,44.8,12,42.0,44.0,0.0,0.0,0.0,0.0,530
2023-05-11 09:51:54,IO2312-C-4500,IO2312-C-4500,42.0,0.0,0.0,0.0,6,43.2,44.8,12,42.0,44.0,0.0,0.0,0.0,0.0,530
2023-05-11 09:51:54,IO2312-C-4500,IO2312-C-4500,42.0,0.0,0.0,0.0,8,43.0,44.6,6,42.0,44.0,0.0,0.0,0.0,0.0,530
2023-05-11 09:51:55,IO2312-C-4500,IO2312-C-4500,42.0,0.0,0.0,0.0,11,43.0,44.6,12,42.0,44.0,0.0,0.0,0.0,0.0,530
2023-05-11 09:51:57,IO2312-C-4500,IO2312-C-4500,42.0,0.0,0.0,0.0,6,43.2,44.6,3,42.0,44.0,0.0,0.0,0.0,0.0,530
2023-05-11 09:51:58,IO2312-C-4500,IO2312-C-4500,42.0,0.0,0.0,0.0,6,43.2,44.8,12,42.0,44.0,0.0,0.0,0.0,0.0,530
2023-05-11 09:51:59,IO2312-C-4500,IO2312-C-4500,42.0,0.0,0.0,0.0,6,43.2,44.8,9,42.0,44.0,0.0,0.0,0.0,0.0,530
2023-05-11 09:51:59,IO2312-C-4500,IO2312-C-4500,42.0,0.0,0.0,0.0,6,43.2,44.8,12,42.0,44.0,0.0,0.0,0.0,0.0,530
2023-05-11 09:52:02,IO2312-C-4500,IO2312-C-4500,42.0,0.0,0.0,0.0,9,43.2,44.8,12,42.0,44.0,0.0,0.0,0.0,0.0,530
2023-05-11 09:52:03,IO2312-C-4500,IO2312-C-4500,42.0,0.0,0.0,0.0,6,43.2,44.8,12,42.0,44.0,0.0,0.0,0.0,0.0,530
2023-05-11 09:52:04,IO2312-C-4500,IO2312-C-4500,42.0,0.0,0.0,0.0,11,43.0,44.6,6,42.0,44.0,0.0,0.0,0.0,0.0,530
2023-05-11 09:52:04,IO2312-C-4500,IO2312-C-4500,42.0,0.0,0.0,0.0,11,43.0,44.6,12,42.0,44.0,0.0,0.0,0.0,0.0,530
2023-05-11 09:52:06,IO2312-C-4500,IO2312-C-4500,42.0,0.0,0.0,0.0,6,43.2,44.6,3,42.0,44.0,0.0,0.0,0.0,0.0,530
2023-05-11 09:52:07,IO2312-C-4500,IO2312-C-4500,42.0,0.0,0.0,0.0,6,43.2,44.6,6,42.0,44.0,0.0,0.0,0.0,0.0,530
2023-05-11 09:52:08,IO2312-C-4500,IO2312-C-4500,42.0,0.0,0.0,0.0,6,43.2,44.6,3,42.0,44.0,0.0,0.0,0.0,0.0,530
2023-05-11 09:52:09,IO2312-C-4500,IO2312-C-4500,42.0,0.0,0.0,0.0,6,43.2,44.8,12,42.0,44.0,0.0,0.0,0.0,0.0,530
2023-05-11 09:52:10,IO2312-C-4500,IO2312-C-4500,42.0,0.0,0.0,0.0,6,43.2,44.8,9,42.0,44.0,0.0,0.0,0.0,0.0,530
2023-05-11 09:52:10,IO2312-C-4500,IO2312-C-4500,42.0,0.0,0.0,0.0,6,43.2,44.8,12,42.0,44.0,0.0,0.0,0.0,0.0,530
2023-05-11 09:52:21,IO2312-C-4500,IO2312-C-4500,42.0,0.0,0.0,0.0,11,43.0,44.6,6,42.0,44.0,0.0,0.0,0.0,0.0,530
2023-05-11 09:52:21,IO2312-C-4500,IO2312-C-4500,42.0,0.0,0.0,0.0,11,43.0,44.6,12,42.0,44.0,0.0,0.0,0.0,0.0,530
2023-05-11 09:52:24,IO2312-C-4500,IO2312-C-4500,42.0,0.0,0.0,0.0,6,43.2,44.6,6,42.0,44.0,0.0,0.0,0.0,0.0,530
2023-05-11 09:52:39,IO2312-C-4500,IO2312-C-4500,42.0,0.0,0.0,0.0,9,43.2,44.8,12,42.0,44.0,0.0,0.0,0.0,0.0,530
2023-05-11 09:52:39,IO2312-C-4500,IO2312-C-4500,42.0,0.0,0.0,0.0,9,43.2,44.8,9,42.0,44.0,0.0,0.0,0.0,0.0,530
2023-05-11 09:52:40,IO2312-C-4500,IO2312-C-4500,42.0,0.0,0.0,0.0,9,43.2,44.8,12,42.0,44.0,0.0,0.0,0.0,0.0,530
2023-05-11 09:52:43,IO2312-C-4500,IO2312-C-4500,42.0,0.0,0.0,0.0,9,43.2,44.8,9,42.0,44.0,0.0,0.0,0.0,0.0,530
2023-05-11 09:52:44,IO2312-C-4500,IO2312-C-4500,42.0,0.0,0.0,0.0,6,43.4,44.8,3,42.0,44.0,0.0,0.0,0.0,0.0,530
2023-05-11 09:52:46,IO2312-C-4500,IO2312-C-4500,42.0,0.0,0.0,0.0,9,43.4,44.8,3,42.0,44.0,0.0,0.0,0.0,0.0,530
2023-05-11 09:52:48,IO2312-C-4500,IO2312-C-4500,42.0,0.0,0.0,0.0,6,43.4,44.8,3,42.0,44.0,0.0,0.0,0.0,0.0,530
2023-05-11 09:52:49,IO2312-C-4500,IO2312-C-4500,42.0,0.0,0.0,0.0,6,43.2,44.8,3,42.0,44.0,0.0,0.0,0.0,0.0,530
2023-05-11 09:52:49,IO2312-C-4500,IO2312-C-4500,42.0,0.0,0.0,0.0,3,43.4,44.8,3,42.0,44.0,0.0,0.0,0.0,0.0,530
2023-05-11 09:52:50,IO2312-C-4500,IO2312-C-4500,42.0,0.0,0.0,0.0,6,43.6,44.8,3,42.0,44.0,0.0,0.0,0.0,0.0,530
2023-05-11 09:52:50,IO2312-C-4500,IO2312-C-4500,42.0,0.0,0.0,0.0,6,43.2,44.8,3,42.0,44.0,0.0,0.0,0.0,0.0,530
2023-05-11 09:52:51,IO2312-C-4500,IO2312-C-4500,42.0,0.0,0.0,0.0,3,43.4,44.8,3,42.0,44.0,0.0,0.0,0.0,0.0,530
2023-05-11 09:52:51,IO2312-C-4500,IO2312-C-4500,42.0,0.0,0.0,0.0,6,43.6,44.8,3,42.0,44.0,0.0,0.0,0.0,0.0,530
2023-05-11 09:52:52,IO2312-C-4500,IO2312-C-4500,42.0,0.0,0.0,0.0,6,43.2,44.8,3,42.0,44.0,0.0,0.0,0.0,0.0,530
2023-05-11 09:52:52,IO2312-C-4500,IO2312-C-4500,42.0,0.0,0.0,0.0,9,43.2,44.8,3,42.0,44.0,0.0,0.0,0.0,0.0,530
2023-05-11 09:52:53,IO2312-C-4500,IO2312-C-4500,42.0,0.0,0.0,0.0,6,43.4,44.8,3,42.0,44.0,0.0,0.0,0.0,0.0,530
2023-05-11 09:52:56,IO2312-C-4500,IO2312-C-4500,42.0,0.0,0.0,0.0,9,43.4,44.8,3,42.0,44.0,0.0,0.0,0.0,0.0,530
2023-05-11 09:52:59,IO2312-C-4500,IO2312-C-4500,42.0,0.0,0.0,0.0,6,43.4,44.8,3,42.0,44.0,0.0,0.0,0.0,0.0,530
2023-05-11 09:53:00,IO2312-C-4500,IO2312-C-4500,42.0,0.0,0.0,0.0,6,43.2,44.8,3,42.0,44.0,0.0,0.0,0.0,0.0,530
2023-05-11 09:53:00,IO2312-C-4500,IO2312-C-4500,42.0,0.0,0.0,0.0,9,43.2,44.8,3,42.0,44.0,0.0,0.0,0.0,0.0,530
2023-05-11 09:53:01,IO2312-C-4500,IO2312-C-4500,42.0,0.0,0.0,0.0,6,43.4,44.8,3,42.0,44.0,0.0,0.0,0.0,0.0,530
2023-05-11 09:53:02,IO2312-C-4500,IO2312-C-4500,42.0,0.0,0.0,0.0,9,43.4,44.8,3,42.0,44.0,0.0,0.0,0.0,0.0,530
2023-05-11 09:53:02,IO2312-C-4500,IO2312-C-4500,42.0,0.0,0.0,0.0,6,43.6,44.8,3,42.0,44.0,0.0,0.0,0.0,0.0,530
2023-05-11 09:53:06,IO2312-C-4500,IO2312-C-4500,42.0,0.0,0.0,0.0,9,43.6,44.8,3,42.0,44.0,0.0,0.0,0.0,0.0,530
2023-05-11 09:53:06,IO2312-C-4500,IO2312-C-4500,42.0,0.0,0.0,0.0,6,43.6,44.8,3,42.0,44.0,0.0,0.0,0.0,0.0,530
2023-05-11 09:53:07,IO2312-C-4500,IO2312-C-4500,42.0,0.0,0.0,0.0,6,43.2,44.8,3,42.0,44.0,0.0,0.0,0.0,0.0,530
2023-05-11 09:53:07,IO2312-C-4500,IO2312-C-4500,42.0,0.0,0.0,0.0,3,43.4,44.8,3,42.0,44.0,0.0,0.0,0.0,0.0,530
2023-05-11 09:53:08,IO2312-C-4500,IO2312-C-4500,42.0,0.0,0.0,0.0,6,43.6,44.8,3,42.0,44.0,0.0,0.0,0.0,0.0,530
2023-05-11 09:53:08,IO2312-C-4500,IO2312-C-4500,42.0,0.0,0.0,0.0,6,43.2,44.8,3,42.0,44.0,0.0,0.0,0.0,0.0,530
2023-05-11 09:53:09,IO2312-C-4500,IO2312-C-4500,42.0,0.0,0.0,0.0,9,43.2,44.8,3,42.0,44.0,0.0,0.0,0.0,0.0,530
2023-05-11 09:53:09,IO2312-C-4500,IO2312-C-4500,42.0,0.0,0.0,0.0,6,43.4,44.8,3,42.0,44.0,0.0,0.0,0.0,0.0,530
2023-05-11 09:53:10,IO2312-C-4500,IO2312-C-4500,42.0,0.0,0.0,0.0,9,43.4,44.8,3,42.0,44.0,0.0,0.0,0.0,0.0,530
2023-05-11 09:53:13,IO2312-C-4500,IO2312-C-4500,42.0,0.0,0.0,0.0,6,43.4,44.8,3,42.0,44.0,0.0,0.0,0.0,0.0,530
2023-05-11 09:53:13,IO2312-C-4500,IO2312-C-4500,42.0,0.0,0.0,0.0,6,43.2,44.8,3,42.0,44.0,0.0,0.0,0.0,0.0,530
2023-05-11 09:53:14,IO2312-C-4500,IO2312-C-4500,42.0,0.0,0.0,0.0,9,43.2,44.8,3,42.0,44.0,0.0,0.0,0.0,0.0,530
2023-05-11 09:53:14,IO2312-C-4500,IO2312-C-4500,42.0,0.0,0.0,0.0,6,43.4,44.8,3,42.0,44.0,0.0,0.0,0.0,0.0,530
2023-05-11 09:53:15,IO2312-C-4500,IO2312-C-4500,42.0,0.0,0.0,0.0,9,43.4,44.8,3,42.0,44.0,0.0,0.0,0.0,0.0,530
2023-05-11 09:53:26,IO2312-C-4500,IO2312-C-4500,42.0,0.0,0.0,0.0,6,43.4,44.8,3,42.0,44.0,0.0,0.0,0.0,0.0,530
2023-05-11 09:53:27,IO2312-C-4500,IO2312-C-4500,42.0,0.0,0.0,0.0,1,44.0,44.8,3,42.0,44.0,0.0,0.0,0.0,0.0,530
2023-05-11 09:53:41,IO2312-C-4500,IO2312-C-4500,42.0,0.0,0.0,0.0,1,44.0,44.8,9,42.0,44.0,0.0,0.0,0.0,0.0,530
2023-05-11 09:53:42,IO2312-C-4500,IO2312-C-4500,42.0,0.0,0.0,0.0,1,44.0,44.8,12,42.0,44.0,0.0,0.0,0.0,0.0,530
2023-05-11 09:53:42,IO2312-C-4500,IO2312-C-4500,42.0,0.0,0.0,0.0,1,44.0,44.8,6,42.0,44.0,0.0,0.0,0.0,0.0,530
2023-05-11 09:53:44,IO2312-C-4500,IO2312-C-4500,42.0,0.0,0.0,0.0,1,44.0,44.8,3,42.0,44.0,0.0,0.0,0.0,0.0,530
2023-05-11 09:53:45,IO2312-C-4500,IO2312-C-4500,42.0,0.0,0.0,0.0,1,44.0,44.8,6,42.0,44.0,0.0,0.0,0.0,0.0,530
2023-05-11 09:54:00,IO2312-C-4500,IO2312-C-4500,42.0,0.0,0.0,0.0,1,44.0,44.8,3,42.0,44.0,0.0,0.0,0.0,0.0,530
2023-05-11 09:54:02,IO2312-C-4500,IO2312-C-4500,42.0,0.0,0.0,0.0,1,44.0,45.0,24,42.0,44.0,0.0,0.0,0.0,0.0,530
2023-05-11 09:54:02,IO2312-C-4500,IO2312-C-4500,42.0,0.0,0.0,0.0,1,44.0,45.0,21,42.0,44.0,0.0,0.0,0.0,0.0,530
2023-05-11 09:54:03,IO2312-C-4500,IO2312-C-4500,42.0,0.0,0.0,0.0,1,44.0,45.0,24,42.0,44.0,0.0,0.0,0.0,0.0,530
2023-05-11 09:54:11,IO2312-C-4500,IO2312-C-4500,42.0,0.0,0.0,0.0,1,44.0,44.8,6,42.0,44.0,0.0,0.0,0.0,0.0,530
2023-05-11 09:54:12,IO2312-C-4500,IO2312-C-4500,42.0,0.0,0.0,0.0,1,44.0,44.8,12,42.0,44.0,0.0,0.0,0.0,0.0,530
2023-05-11 09:54:13,IO2312-C-4500,IO2312-C-4500,42.0,0.0,0.0,0.0,1,44.0,44.8,6,42.0,44.0,0.0,0.0,0.0,0.0,530
2023-05-11 09:54:18,IO2312-C-4500,IO2312-C-4500,42.0,0.0,0.0,0.0,1,44.0,44.8,3,42.0,44.0,0.0,0.0,0.0,0.0,530
2023-05-11 09:54:19,IO2312-C-4500,IO2312-C-4500,42.0,0.0,0.0,0.0,1,44.0,45.0,27,42.0,44.0,0.0,0.0,0.0,0.0,530
2023-05-11 09:54:20,IO2312-C-4500,IO2312-C-4500,42.0,0.0,0.0,0.0,1,44.0,45.0,24,42.0,44.0,0.0,0.0,0.0,0.0,530
2023-05-11 09:54:37,IO2312-C-4500,IO2312-C-4500,42.0,0.0,0.0,0.0,1,44.0,45.0,18,42.0,44.0,0.0,0.0,0.0,0.0,530
2023-05-11 09:54:37,IO2312-C-4500,IO2312-C-4500,42.0,0.0,0.0,0.0,1,44.0,45.0,12,42.0,44.0,0.0,0.0,0.0,0.0,530
2023-05-11 09:54:38,IO2312-C-4500,IO2312-C-4500,42.0,0.0,0.0,0.0,1,44.0,45.0,6,42.0,44.0,0.0,0.0,0.0,0.0,530
2023-05-11 09:55:12,IO2312-C-4500,IO2312-C-4500,42.0,0.0,0.0,0.0,1,44.0,45.0,3,42.0,44.0,0.0,0.0,0.0,0.0,530
2023-05-11 09:55:15,IO2312-C-4500,IO2312-C-4500,42.0,0.0,0.0,0.0,7,44.0,45.0,3,42.0,44.0,0.0,0.0,0.0,0.0,530
2023-05-11 09:55:15,IO2312-C-4500,IO2312-C-4500,42.0,0.0,0.0,0.0,7,44.0,45.2,21,42.0,44.0,0.0,0.0,0.0,0.0,530
2023-05-11 09:55:16,IO2312-C-4500,IO2312-C-4500,42.0,0.0,0.0,0.0,7,44.0,45.2,18,42.0,44.0,0.0,0.0,0.0,0.0,530
2023-05-11 09:55:16,IO2312-C-4500,IO2312-C-4500,42.0,0.0,0.0,0.0,7,44.0,45.2,12,42.0,44.0,0.0,0.0,0.0,0.0,530
2023-05-11 09:55:17,IO2312-C-4500,IO2312-C-4500,42.0,0.0,0.0,0.0,7,44.0,45.2,6,42.0,44.0,0.0,0.0,0.0,0.0,530
2023-05-11 09:55:20,IO2312-C-4500,IO2312-C-4500,42.0,0.0,0.0,0.0,1,44.0,45.2,6,42.0,44.0,0.0,0.0,0.0,0.0,530
2023-05-11 09:55:34,IO2312-C-4500,IO2312-C-4500,42.0,0.0,0.0,0.0,1,44.0,45.2,3,42.0,44.0,0.0,0.0,0.0,0.0,530
2023-05-11 09:55:34,IO2312-C-4500,IO2312-C-4500,42.0,0.0,0.0,0.0,1,44.0,45.4,24,42.0,44.0,0.0,0.0,0.0,0.0,530
2023-05-11 09:55:35,IO2312-C-4500,IO2312-C-4500,42.0,0.0,0.0,0.0,1,44.0,45.4,21,42.0,44.0,0.0,0.0,0.0,0.0,530
2023-05-11 09:55:35,IO2312-C-4500,IO2312-C-4500,42.0,0.0,0.0,0.0,1,44.0,45.4,24,42.0,44.0,0.0,0.0,0.0,0.0,530
2023-05-11 09:55:56,IO2312-C-4500,IO2312-C-4500,42.0,0.0,0.0,0.0,7,44.0,45.4,18,42.0,44.0,0.0,0.0,0.0,0.0,530
2023-05-11 09:55:57,IO2312-C-4500,IO2312-C-4500,42.0,0.0,0.0,0.0,7,44.0,45.4,12,42.0,44.0,0.0,0.0,0.0,0.0,530
2023-05-11 09:55:58,IO2312-C-4500,IO2312-C-4500,42.0,0.0,0.0,0.0,7,44.0,45.4,6,42.0,44.0,0.0,0.0,0.0,0.0,530
2023-05-11 09:56:00,IO2312-C-4500,IO2312-C-4500,42.0,0.0,0.0,0.0,1,44.0,45.4,12,42.0,44.0,0.0,0.0,0.0,0.0,530
2023-05-11 09:56:09,IO2312-C-4500,IO2312-C-4500,42.0,0.0,0.0,0.0,7,44.0,45.4,6,42.0,44.0,0.0,0.0,0.0,0.0,530
2023-05-11 09:56:31,IO2312-C-4500,IO2312-C-4500,42.0,0.0,0.0,0.0,7,44.0,45.4,3,42.0,44.0,0.0,0.0,0.0,0.0,530
2023-05-11 09:56:31,IO2312-C-4500,IO2312-C-4500,42.0,0.0,0.0,0.0,7,44.0,45.4,6,42.0,44.0,0.0,0.0,0.0,0.0,530
2023-05-11 09:56:32,IO2312-C-4500,IO2312-C-4500,42.0,0.0,0.0,0.0,7,44.0,45.4,3,42.0,44.0,0.0,0.0,0.0,0.0,530
2023-05-11 09:56:32,IO2312-C-4500,IO2312-C-4500,42.0,0.0,0.0,0.0,6,44.2,45.6,24,42.0,44.0,0.0,0.0,0.0,0.0,530
2023-05-11 09:56:33,IO2312-C-4500,IO2312-C-4500,42.0,0.0,0.0,0.0,6,44.2,45.6,15,42.0,44.0,0.0,0.0,0.0,0.0,530
2023-05-11 09:56:33,IO2312-C-4500,IO2312-C-4500,42.0,0.0,0.0,0.0,6,44.2,45.6,12,42.0,44.0,0.0,0.0,0.0,0.0,530
2023-05-11 09:56:34,IO2312-C-4500,IO2312-C-4500,42.0,0.0,0.0,0.0,6,44.2,45.6,6,42.0,44.0,0.0,0.0,0.0,0.0,530
2023-05-11 09:57:00,IO2312-C-4500,IO2312-C-4500,42.0,0.0,0.0,0.0,6,44.2,45.6,3,42.0,44.0,0.0,0.0,0.0,0.0,530
2023-05-11 09:57:01,IO2312-C-4500,IO2312-C-4500,42.0,0.0,0.0,0.0,9,44.2,45.6,3,42.0,44.0,0.0,0.0,0.0,0.0,530
2023-05-11 09:57:02,IO2312-C-4500,IO2312-C-4500,42.0,0.0,0.0,0.0,6,44.4,45.6,3,42.0,44.0,0.0,0.0,0.0,0.0,530
2023-05-11 09:57:02,IO2312-C-4500,IO2312-C-4500,42.0,0.0,0.0,0.0,6,44.2,45.6,3,42.0,44.0,0.0,0.0,0.0,0.0,530
2023-05-11 09:57:03,IO2312-C-4500,IO2312-C-4500,42.0,0.0,0.0,0.0,6,44.2,45.8,21,42.0,44.0,0.0,0.0,0.0,0.0,530
2023-05-11 09:57:03,IO2312-C-4500,IO2312-C-4500,42.0,0.0,0.0,0.0,6,44.2,45.6,3,42.0,44.0,0.0,0.0,0.0,0.0,530
2023-05-11 09:57:04,IO2312-C-4500,IO2312-C-4500,42.0,0.0,0.0,0.0,6,44.2,45.8,15,42.0,44.0,0.0,0.0,0.0,0.0,530
2023-05-11 09:57:05,IO2312-C-4500,IO2312-C-4500,42.0,0.0,0.0,0.0,6,44.2,45.8,12,42.0,44.0,0.0,0.0,0.0,0.0,530
2023-05-11 09:57:05,IO2312-C-4500,IO2312-C-4500,42.0,0.0,0.0,0.0,6,44.2,45.8,6,42.0,44.0,0.0,0.0,0.0,0.0,530
2023-05-11 09:57:16,IO2312-C-4500,IO2312-C-4500,42.0,0.0,0.0,0.0,9,44.2,45.8,6,42.0,44.0,0.0,0.0,0.0,0.0,530
2023-05-11 09:57:17,IO2312-C-4500,IO2312-C-4500,42.0,0.0,0.0,0.0,6,44.4,45.8,6,42.0,44.0,0.0,0.0,0.0,0.0,530
2023-05-11 09:57:19,IO2312-C-4500,IO2312-C-4500,42.0,0.0,0.0,0.0,9,44.2,45.8,6,42.0,44.0,0.0,0.0,0.0,0.0,530
2023-05-11 09:57:20,IO2312-C-4500,IO2312-C-4500,42.0,0.0,0.0,0.0,6,44.4,45.8,6,42.0,44.0,0.0,0.0,0.0,0.0,530
2023-05-11 09:57:22,IO2312-C-4500,IO2312-C-4500,42.0,0.0,0.0,0.0,6,44.4,45.8,3,42.0,44.0,0.0,0.0,0.0,0.0,530
2023-05-11 09:57:23,IO2312-C-4500,IO2312-C-4500,42.0,0.0,0.0,0.0,6,44.4,46.0,18,42.0,44.0,0.0,0.0,0.0,0.0,530
2023-05-11 09:57:23,IO2312-C-4500,IO2312-C-4500,42.0,0.0,0.0,0.0,6,44.4,45.8,3,42.0,44.0,0.0,0.0,0.0,0.0,530
2023-05-11 09:57:25,IO2312-C-4500,IO2312-C-4500,42.0,0.0,0.0,0.0,6,44.4,46.0,3,42.0,44.0,0.0,0.0,0.0,0.0,530
2023-05-11 09:57:26,IO2312-C-4500,IO2312-C-4500,42.0,0.0,0.0,0.0,6,44.4,46.0,6,42.0,44.0,0.0,0.0,0.0,0.0,530
2023-05-11 09:57:30,IO2312-C-4500,IO2312-C-4500,42.0,0.0,0.0,0.0,6,44.4,46.0,3,42.0,44.0,0.0,0.0,0.0,0.0,530
2023-05-11 09:57:31,IO2312-C-4500,IO2312-C-4500,42.0,0.0,0.0,0.0,9,44.4,46.2,18,42.0,44.0,0.0,0.0,0.0,0.0,530
2023-05-11 09:57:32,IO2312-C-4500,IO2312-C-4500,42.0,0.0,0.0,0.0,6,44.6,46.0,3,42.0,44.0,0.0,0.0,0.0,0.0,530
2023-05-11 09:57:33,IO2312-C-4500,IO2312-C-4500,42.0,0.0,0.0,0.0,6,44.4,46.0,3,42.0,44.0,0.0,0.0,0.0,0.0,530
2023-05-11 09:57:54,IO2312-C-4500,IO2312-C-4500,42.0,0.0,0.0,0.0,6,44.2,46.0,3,42.0,44.0,0.0,0.0,0.0,0.0,530
2023-05-11 10:00:02,IO2312-C-4500,IO2312-C-4500,42.0,0.0,0.0,0.0,6,44.2,46.2,24,42.0,44.0,0.0,0.0,0.0,0.0,530
2023-05-11 10:00:03,IO2312-C-4500,IO2312-C-4500,42.0,0.0,0.0,0.0,9,44.2,46.0,3,42.0,44.0,0.0,0.0,0.0,0.0,530
2023-05-11 10:00:03,IO2312-C-4500,IO2312-C-4500,42.0,0.0,0.0,0.0,6,44.4,46.0,3,42.0,44.0,0.0,0.0,0.0,0.0,530
2023-05-11 10:00:04,IO2312-C-4500,IO2312-C-4500,42.0,0.0,0.0,0.0,6,44.2,46.0,3,42.0,44.0,0.0,0.0,0.0,0.0,530
2023-05-11 10:00:08,IO2312-C-4500,IO2312-C-4500,42.0,0.0,0.0,0.0,9,44.2,46.0,3,42.0,44.0,0.0,0.0,0.0,0.0,530
2023-05-11 10:00:09,IO2312-C-4500,IO2312-C-4500,42.0,0.0,0.0,0.0,6,44.4,46.0,3,42.0,44.0,0.0,0.0,0.0,0.0,530
2023-05-11 10:00:09,IO2312-C-4500,IO2312-C-4500,42.0,0.0,0.0,0.0,6,44.2,46.0,3,42.0,44.0,0.0,0.0,0.0,0.0,530
2023-05-11 10:00:18,IO2312-C-4500,IO2312-C-4500,42.0,0.0,0.0,0.0,6,44.2,46.0,9,42.0,44.0,0.0,0.0,0.0,0.0,530
2023-05-11 10:00:19,IO2312-C-4500,IO2312-C-4500,42.0,0.0,0.0,0.0,6,44.2,46.0,12,42.0,44.0,0.0,0.0,0.0,0.0,530
2023-05-11 10:00:40,IO2312-C-4500,IO2312-C-4500,42.0,0.0,0.0,0.0,9,44.2,46.0,12,42.0,44.0,0.0,0.0,0.0,0.0,530
2023-05-11 10:00:40,IO2312-C-4500,IO2312-C-4500,42.0,0.0,0.0,0.0,6,44.4,46.0,12,42.0,44.0,0.0,0.0,0.0,0.0,530
2023-05-11 10:00:42,IO2312-C-4500,IO2312-C-4500,42.0,0.0,0.0,0.0,6,44.2,46.0,12,42.0,44.0,0.0,0.0,0.0,0.0,530
