time,symbol_id,symbol_name,last,trade_volume,trade_amount,open_interest_change,bv1,bp1,ap1,av1,yesterday_close,today_open,today_high,today_low,volume,amount,open_interest
2023-05-11 09:29:00,IO2312-C-4400,IO2312-C-4400,57.8,0.0,0.0,0.0,1,50.0,67.2,1,57.8,0.0,0.0,0.0,0.0,0.0,213
2023-05-11 09:30:00,IO2312-C-4400,IO2312-C-4400,57.8,0.0,0.0,0.0,1,50.6,66.6,1,57.8,0.0,0.0,0.0,0.0,0.0,213
2023-05-11 09:30:00,IO2312-C-4400,IO2312-C-4400,57.8,0.0,0.0,0.0,3,50.6,66.4,1,57.8,0.0,0.0,0.0,0.0,0.0,213
2023-05-11 09:30:01,IO2312-C-4400,IO2312-C-4400,57.8,0.0,0.0,0.0,1,55.0,66.4,2,57.8,0.0,0.0,0.0,0.0,0.0,213
2023-05-11 09:30:01,IO2312-C-4400,IO2312-C-4400,57.8,0.0,0.0,0.0,1,55.0,66.2,7,57.8,0.0,0.0,0.0,0.0,0.0,213
2023-05-11 09:30:02,IO2312-C-4400,IO2312-C-4400,57.8,0.0,0.0,0.0,1,55.0,66.0,6,57.8,0.0,0.0,0.0,0.0,0.0,213
2023-05-11 09:30:03,IO2312-C-4400,IO2312-C-4400,57.8,0.0,0.0,0.0,1,55.0,59.2,1,57.8,0.0,0.0,0.0,0.0,0.0,213
2023-05-11 09:30:16,IO2312-C-4400,IO2312-C-4400,57.8,0.0,0.0,0.0,6,54.8,59.2,1,57.8,0.0,0.0,0.0,0.0,0.0,213
2023-05-11 09:30:16,IO2312-C-4400,IO2312-C-4400,57.8,0.0,0.0,0.0,6,54.0,59.2,1,57.8,0.0,0.0,0.0,0.0,0.0,213
2023-05-11 09:30:17,IO2312-C-4400,IO2312-C-4400,57.8,0.0,0.0,0.0,6,54.2,59.2,1,57.8,0.0,0.0,0.0,0.0,0.0,213
2023-05-11 09:30:17,IO2312-C-4400,IO2312-C-4400,57.8,0.0,0.0,0.0,6,51.2,59.2,1,57.8,0.0,0.0,0.0,0.0,0.0,213
2023-05-11 09:30:18,IO2312-C-4400,IO2312-C-4400,57.8,0.0,0.0,0.0,1,53.4,59.2,1,57.8,0.0,0.0,0.0,0.0,0.0,213
2023-05-11 09:30:18,IO2312-C-4400,IO2312-C-4400,57.8,0.0,0.0,0.0,9,53.6,59.2,1,57.8,0.0,0.0,0.0,0.0,0.0,213
2023-05-11 09:30:19,IO2312-C-4400,IO2312-C-4400,57.8,0.0,0.0,0.0,6,54.4,59.8,1,57.8,0.0,0.0,0.0,0.0,0.0,213
2023-05-11 09:30:19,IO2312-C-4400,IO2312-C-4400,57.8,0.0,0.0,0.0,6,54.6,59.8,1,57.8,0.0,0.0,0.0,0.0,0.0,213
2023-05-11 09:30:20,IO2312-C-4400,IO2312-C-4400,57.8,0.0,0.0,0.0,6,54.4,59.8,1,57.8,0.0,0.0,0.0,0.0,0.0,213
2023-05-11 09:30:22,IO2312-C-4400,IO2312-C-4400,57.8,0.0,0.0,0.0,12,54.2,59.8,1,57.8,0.0,0.0,0.0,0.0,0.0,213
2023-05-11 09:30:23,IO2312-C-4400,IO2312-C-4400,57.8,0.0,0.0,0.0,6,54.4,59.8,1,57.8,0.0,0.0,0.0,0.0,0.0,213
2023-05-11 09:30:28,IO2312-C-4400,IO2312-C-4400,57.8,0.0,0.0,0.0,6,54.6,59.8,1,57.8,0.0,0.0,0.0,0.0,0.0,213
2023-05-11 09:30:30,IO2312-C-4400,IO2312-C-4400,57.8,0.0,0.0,0.0,12,54.8,59.6,12,57.8,0.0,0.0,0.0,0.0,0.0,213
2023-05-11 09:30:31,IO2312-C-4400,IO2312-C-4400,57.8,0.0,0.0,0.0,6,54.6,59.8,1,57.8,0.0,0.0,0.0,0.0,0.0,213
2023-05-11 09:30:31,IO2312-C-4400,IO2312-C-4400,57.8,0.0,0.0,0.0,12,54.8,59.6,12,57.8,0.0,0.0,0.0,0.0,0.0,213
2023-05-11 09:30:32,IO2312-C-4400,IO2312-C-4400,57.8,0.0,0.0,0.0,6,54.6,59.8,1,57.8,0.0,0.0,0.0,0.0,0.0,213
2023-05-11 09:30:32,IO2312-C-4400,IO2312-C-4400,57.8,0.0,0.0,0.0,12,54.8,59.6,12,57.8,0.0,0.0,0.0,0.0,0.0,213
2023-05-11 09:30:33,IO2312-C-4400,IO2312-C-4400,57.8,0.0,0.0,0.0,6,54.6,59.8,1,57.8,0.0,0.0,0.0,0.0,0.0,213
2023-05-11 09:30:33,IO2312-C-4400,IO2312-C-4400,57.8,0.0,0.0,0.0,13,54.8,59.6,12,57.8,0.0,0.0,0.0,0.0,0.0,213
2023-05-11 09:30:34,IO2312-C-4400,IO2312-C-4400,57.8,0.0,0.0,0.0,1,54.8,59.8,1,57.8,0.0,0.0,0.0,0.0,0.0,213
2023-05-11 09:30:35,IO2312-C-4400,IO2312-C-4400,57.8,0.0,0.0,0.0,1,54.8,60.2,3,57.8,0.0,0.0,0.0,0.0,0.0,213
2023-05-11 09:30:35,IO2312-C-4400,IO2312-C-4400,57.8,0.0,0.0,0.0,1,54.8,60.4,7,57.8,0.0,0.0,0.0,0.0,0.0,213
2023-05-11 09:30:36,IO2312-C-4400,IO2312-C-4400,57.8,0.0,0.0,0.0,4,54.8,60.4,10,57.8,0.0,0.0,0.0,0.0,0.0,213
2023-05-11 09:30:36,IO2312-C-4400,IO2312-C-4400,57.8,0.0,0.0,0.0,1,54.8,60.4,7,57.8,0.0,0.0,0.0,0.0,0.0,213
2023-05-11 09:30:37,IO2312-C-4400,IO2312-C-4400,57.8,0.0,0.0,0.0,4,54.8,60.4,10,57.8,0.0,0.0,0.0,0.0,0.0,213
2023-05-11 09:30:37,IO2312-C-4400,IO2312-C-4400,57.8,0.0,0.0,0.0,1,54.8,60.4,7,57.8,0.0,0.0,0.0,0.0,0.0,213
2023-05-11 09:30:38,IO2312-C-4400,IO2312-C-4400,57.8,0.0,0.0,0.0,4,54.8,59.2,1,57.8,0.0,0.0,0.0,0.0,0.0,213
2023-05-11 09:30:38,IO2312-C-4400,IO2312-C-4400,57.8,0.0,0.0,0.0,1,54.8,59.2,1,57.8,0.0,0.0,0.0,0.0,0.0,213
2023-05-11 09:30:40,IO2312-C-4400,IO2312-C-4400,57.8,0.0,0.0,0.0,6,54.6,59.2,1,57.8,0.0,0.0,0.0,0.0,0.0,213
2023-05-11 09:30:40,IO2312-C-4400,IO2312-C-4400,57.8,0.0,0.0,0.0,18,54.6,59.2,13,57.8,0.0,0.0,0.0,0.0,0.0,213
2023-05-11 09:30:48,IO2312-C-4400,IO2312-C-4400,57.8,0.0,0.0,0.0,18,54.6,59.2,12,57.8,0.0,0.0,0.0,0.0,0.0,213
2023-05-11 09:30:48,IO2312-C-4400,IO2312-C-4400,57.8,0.0,0.0,0.0,1,55.2,60.4,6,57.8,0.0,0.0,0.0,0.0,0.0,213
2023-05-11 09:30:49,IO2312-C-4400,IO2312-C-4400,57.8,0.0,0.0,0.0,12,55.4,60.2,12,57.8,0.0,0.0,0.0,0.0,0.0,213
2023-05-11 09:30:49,IO2312-C-4400,IO2312-C-4400,57.8,0.0,0.0,0.0,7,55.2,59.0,1,57.8,0.0,0.0,0.0,0.0,0.0,213
2023-05-11 09:30:53,IO2312-C-4400,IO2312-C-4400,57.8,0.0,0.0,0.0,7,55.2,59.4,12,57.8,0.0,0.0,0.0,0.0,0.0,213
2023-05-11 09:30:54,IO2312-C-4400,IO2312-C-4400,57.8,0.0,0.0,0.0,7,55.2,60.4,6,57.8,0.0,0.0,0.0,0.0,0.0,213
2023-05-11 09:30:54,IO2312-C-4400,IO2312-C-4400,57.8,0.0,0.0,0.0,12,55.4,60.2,12,57.8,0.0,0.0,0.0,0.0,0.0,213
2023-05-11 09:30:55,IO2312-C-4400,IO2312-C-4400,57.8,0.0,0.0,0.0,7,55.2,60.4,6,57.8,0.0,0.0,0.0,0.0,0.0,213
2023-05-11 09:30:55,IO2312-C-4400,IO2312-C-4400,57.8,0.0,0.0,0.0,12,55.4,60.2,12,57.8,0.0,0.0,0.0,0.0,0.0,213
2023-05-11 09:30:56,IO2312-C-4400,IO2312-C-4400,57.8,0.0,0.0,0.0,7,55.2,60.4,6,57.8,0.0,0.0,0.0,0.0,0.0,213
2023-05-11 09:30:56,IO2312-C-4400,IO2312-C-4400,57.8,0.0,0.0,0.0,12,55.4,60.2,12,57.8,0.0,0.0,0.0,0.0,0.0,213
2023-05-11 09:30:57,IO2312-C-4400,IO2312-C-4400,57.8,0.0,0.0,0.0,7,55.2,60.4,6,57.8,0.0,0.0,0.0,0.0,0.0,213
2023-05-11 09:30:57,IO2312-C-4400,IO2312-C-4400,57.8,0.0,0.0,0.0,12,55.4,60.2,12,57.8,0.0,0.0,0.0,0.0,0.0,213
2023-05-11 09:30:58,IO2312-C-4400,IO2312-C-4400,57.8,0.0,0.0,0.0,7,55.2,60.4,6,57.8,0.0,0.0,0.0,0.0,0.0,213
2023-05-11 09:30:58,IO2312-C-4400,IO2312-C-4400,57.8,0.0,0.0,0.0,12,55.4,60.2,12,57.8,0.0,0.0,0.0,0.0,0.0,213
2023-05-11 09:30:59,IO2312-C-4400,IO2312-C-4400,57.8,0.0,0.0,0.0,7,55.2,60.4,6,57.8,0.0,0.0,0.0,0.0,0.0,213
2023-05-11 09:30:59,IO2312-C-4400,IO2312-C-4400,57.8,0.0,0.0,0.0,12,55.4,60.2,12,57.8,0.0,0.0,0.0,0.0,0.0,213
2023-05-11 09:31:00,IO2312-C-4400,IO2312-C-4400,57.8,0.0,0.0,0.0,7,55.2,59.4,1,57.8,0.0,0.0,0.0,0.0,0.0,213
2023-05-11 09:31:01,IO2312-C-4400,IO2312-C-4400,57.8,0.0,0.0,0.0,6,55.4,59.4,1,57.8,0.0,0.0,0.0,0.0,0.0,213
2023-05-11 09:31:33,IO2312-C-4400,IO2312-C-4400,57.8,0.0,0.0,0.0,6,55.6,59.4,1,57.8,0.0,0.0,0.0,0.0,0.0,213
2023-05-11 09:31:38,IO2312-C-4400,IO2312-C-4400,57.8,0.0,0.0,0.0,6,55.6,59.4,7,57.8,0.0,0.0,0.0,0.0,0.0,213
2023-05-11 09:31:38,IO2312-C-4400,IO2312-C-4400,57.8,0.0,0.0,0.0,6,55.6,59.0,1,57.8,0.0,0.0,0.0,0.0,0.0,213
2023-05-11 09:32:00,IO2312-C-4400,IO2312-C-4400,57.8,0.0,0.0,0.0,6,55.6,59.6,24,57.8,0.0,0.0,0.0,0.0,0.0,213
2023-05-11 09:32:01,IO2312-C-4400,IO2312-C-4400,57.8,0.0,0.0,0.0,6,55.6,59.6,12,57.8,0.0,0.0,0.0,0.0,0.0,213
2023-05-11 09:32:01,IO2312-C-4400,IO2312-C-4400,57.8,0.0,0.0,0.0,12,55.6,59.6,7,57.8,0.0,0.0,0.0,0.0,0.0,213
2023-05-11 09:32:02,IO2312-C-4400,IO2312-C-4400,57.8,0.0,0.0,0.0,6,55.8,59.6,7,57.8,0.0,0.0,0.0,0.0,0.0,213
2023-05-11 09:32:04,IO2312-C-4400,IO2312-C-4400,57.8,0.0,0.0,0.0,6,55.8,59.2,1,57.8,0.0,0.0,0.0,0.0,0.0,213
2023-05-11 09:32:04,IO2312-C-4400,IO2312-C-4400,57.8,0.0,0.0,0.0,9,55.8,59.2,1,57.8,0.0,0.0,0.0,0.0,0.0,213
2023-05-11 09:32:05,IO2312-C-4400,IO2312-C-4400,57.8,0.0,0.0,0.0,6,56.0,59.2,1,57.8,0.0,0.0,0.0,0.0,0.0,213
2023-05-11 09:32:05,IO2312-C-4400,IO2312-C-4400,57.8,0.0,0.0,0.0,9,56.0,59.2,1,57.8,0.0,0.0,0.0,0.0,0.0,213
2023-05-11 09:32:06,IO2312-C-4400,IO2312-C-4400,57.8,0.0,0.0,0.0,6,56.2,59.2,1,57.8,0.0,0.0,0.0,0.0,0.0,213
2023-05-11 09:32:07,IO2312-C-4400,IO2312-C-4400,57.8,0.0,0.0,0.0,9,56.2,59.2,1,57.8,0.0,0.0,0.0,0.0,0.0,213
2023-05-11 09:32:08,IO2312-C-4400,IO2312-C-4400,57.8,0.0,0.0,0.0,6,56.4,59.2,1,57.8,0.0,0.0,0.0,0.0,0.0,213
2023-05-11 09:32:11,IO2312-C-4400,IO2312-C-4400,57.8,0.0,0.0,0.0,6,56.4,59.2,7,57.8,0.0,0.0,0.0,0.0,0.0,213
2023-05-11 09:32:12,IO2312-C-4400,IO2312-C-4400,57.8,0.0,0.0,0.0,6,56.4,59.2,10,57.8,0.0,0.0,0.0,0.0,0.0,213
2023-05-11 09:32:14,IO2312-C-4400,IO2312-C-4400,57.8,0.0,0.0,0.0,9,56.2,59.2,4,57.8,0.0,0.0,0.0,0.0,0.0,213
2023-05-11 09:32:14,IO2312-C-4400,IO2312-C-4400,57.8,0.0,0.0,0.0,6,56.4,59.2,1,57.8,0.0,0.0,0.0,0.0,0.0,213
2023-05-11 09:32:16,IO2312-C-4400,IO2312-C-4400,57.8,0.0,0.0,0.0,6,56.4,59.4,3,57.8,0.0,0.0,0.0,0.0,0.0,213
2023-05-11 09:32:17,IO2312-C-4400,IO2312-C-4400,57.8,0.0,0.0,0.0,6,56.4,59.6,12,57.8,0.0,0.0,0.0,0.0,0.0,213
2023-05-11 09:32:18,IO2312-C-4400,IO2312-C-4400,57.8,0.0,0.0,0.0,9,56.4,59.6,15,57.8,0.0,0.0,0.0,0.0,0.0,213
2023-05-11 09:32:18,IO2312-C-4400,IO2312-C-4400,57.8,0.0,0.0,0.0,6,56.6,59.6,15,57.8,0.0,0.0,0.0,0.0,0.0,213
2023-05-11 09:32:19,IO2312-C-4400,IO2312-C-4400,57.8,0.0,0.0,0.0,6,56.6,59.6,9,57.8,0.0,0.0,0.0,0.0,0.0,213
2023-05-11 09:32:21,IO2312-C-4400,IO2312-C-4400,57.8,0.0,0.0,0.0,6,56.6,59.6,15,57.8,0.0,0.0,0.0,0.0,0.0,213
2023-05-11 09:32:22,IO2312-C-4400,IO2312-C-4400,57.8,0.0,0.0,0.0,6,56.4,59.6,9,57.8,0.0,0.0,0.0,0.0,0.0,213
2023-05-11 09:32:23,IO2312-C-4400,IO2312-C-4400,57.8,0.0,0.0,0.0,6,56.4,59.6,15,57.8,0.0,0.0,0.0,0.0,0.0,213
2023-05-11 09:32:24,IO2312-C-4400,IO2312-C-4400,57.8,0.0,0.0,0.0,9,56.4,59.6,15,57.8,0.0,0.0,0.0,0.0,0.0,213
2023-05-11 09:32:24,IO2312-C-4400,IO2312-C-4400,57.8,0.0,0.0,0.0,6,56.6,59.4,6,57.8,0.0,0.0,0.0,0.0,0.0,213
2023-05-11 09:32:25,IO2312-C-4400,IO2312-C-4400,57.8,0.0,0.0,0.0,6,56.6,59.4,9,57.8,0.0,0.0,0.0,0.0,0.0,213
2023-05-11 09:32:28,IO2312-C-4400,IO2312-C-4400,57.8,0.0,0.0,0.0,6,56.6,59.4,3,57.8,0.0,0.0,0.0,0.0,0.0,213
2023-05-11 09:32:29,IO2312-C-4400,IO2312-C-4400,57.8,0.0,0.0,0.0,6,56.6,59.6,12,57.8,0.0,0.0,0.0,0.0,0.0,213
2023-05-11 09:32:30,IO2312-C-4400,IO2312-C-4400,57.8,0.0,0.0,0.0,6,56.6,59.6,15,57.8,0.0,0.0,0.0,0.0,0.0,213
2023-05-11 09:32:32,IO2312-C-4400,IO2312-C-4400,57.8,0.0,0.0,0.0,9,56.6,59.6,15,57.8,0.0,0.0,0.0,0.0,0.0,213
2023-05-11 09:32:32,IO2312-C-4400,IO2312-C-4400,57.8,0.0,0.0,0.0,6,56.8,59.4,6,57.8,0.0,0.0,0.0,0.0,0.0,213
2023-05-11 09:32:33,IO2312-C-4400,IO2312-C-4400,57.8,0.0,0.0,0.0,6,56.8,59.4,10,57.8,0.0,0.0,0.0,0.0,0.0,213
2023-05-11 09:32:33,IO2312-C-4400,IO2312-C-4400,57.8,0.0,0.0,0.0,6,56.6,59.4,10,57.8,0.0,0.0,0.0,0.0,0.0,213
2023-05-11 09:32:34,IO2312-C-4400,IO2312-C-4400,57.8,0.0,0.0,0.0,6,56.6,59.4,7,57.8,0.0,0.0,0.0,0.0,0.0,213
2023-05-11 09:32:34,IO2312-C-4400,IO2312-C-4400,57.8,0.0,0.0,0.0,3,56.4,59.4,1,57.8,0.0,0.0,0.0,0.0,0.0,213
2023-05-11 09:32:35,IO2312-C-4400,IO2312-C-4400,57.8,0.0,0.0,0.0,6,56.6,59.4,7,57.8,0.0,0.0,0.0,0.0,0.0,213
2023-05-11 09:32:35,IO2312-C-4400,IO2312-C-4400,57.8,0.0,0.0,0.0,6,56.2,59.4,4,57.8,0.0,0.0,0.0,0.0,0.0,213
2023-05-11 09:32:36,IO2312-C-4400,IO2312-C-4400,57.8,0.0,0.0,0.0,9,56.2,59.4,1,57.8,0.0,0.0,0.0,0.0,0.0,213
2023-05-11 09:32:36,IO2312-C-4400,IO2312-C-4400,57.8,0.0,0.0,0.0,6,56.4,59.4,1,57.8,0.0,0.0,0.0,0.0,0.0,213
2023-05-11 09:32:37,IO2312-C-4400,IO2312-C-4400,57.8,0.0,0.0,0.0,9,56.4,59.4,1,57.8,0.0,0.0,0.0,0.0,0.0,213
2023-05-11 09:32:37,IO2312-C-4400,IO2312-C-4400,57.8,0.0,0.0,0.0,6,56.6,59.4,7,57.8,0.0,0.0,0.0,0.0,0.0,213
2023-05-11 09:32:38,IO2312-C-4400,IO2312-C-4400,57.8,0.0,0.0,0.0,6,56.6,59.4,10,57.8,0.0,0.0,0.0,0.0,0.0,213
2023-05-11 09:32:45,IO2312-C-4400,IO2312-C-4400,57.8,0.0,0.0,0.0,6,56.6,59.4,4,57.8,0.0,0.0,0.0,0.0,0.0,213
2023-05-11 09:32:46,IO2312-C-4400,IO2312-C-4400,57.8,0.0,0.0,0.0,3,56.6,59.4,1,57.8,0.0,0.0,0.0,0.0,0.0,213
2023-05-11 09:32:46,IO2312-C-4400,IO2312-C-4400,57.8,0.0,0.0,0.0,6,56.8,59.4,7,57.8,0.0,0.0,0.0,0.0,0.0,213
2023-05-11 09:32:47,IO2312-C-4400,IO2312-C-4400,57.8,0.0,0.0,0.0,6,56.2,59.4,4,57.8,0.0,0.0,0.0,0.0,0.0,213
2023-05-11 09:32:47,IO2312-C-4400,IO2312-C-4400,57.8,0.0,0.0,0.0,9,56.2,59.4,1,57.8,0.0,0.0,0.0,0.0,0.0,213
2023-05-11 09:32:48,IO2312-C-4400,IO2312-C-4400,57.8,0.0,0.0,0.0,6,56.4,59.4,1,57.8,0.0,0.0,0.0,0.0,0.0,213
2023-05-11 09:32:48,IO2312-C-4400,IO2312-C-4400,57.8,0.0,0.0,0.0,9,56.4,59.4,1,57.8,0.0,0.0,0.0,0.0,0.0,213
2023-05-11 09:32:49,IO2312-C-4400,IO2312-C-4400,57.8,0.0,0.0,0.0,6,56.6,59.4,1,57.8,0.0,0.0,0.0,0.0,0.0,213
2023-05-11 09:32:49,IO2312-C-4400,IO2312-C-4400,57.8,0.0,0.0,0.0,6,56.6,59.4,7,57.8,0.0,0.0,0.0,0.0,0.0,213
2023-05-11 09:32:50,IO2312-C-4400,IO2312-C-4400,57.8,0.0,0.0,0.0,6,56.6,59.4,10,57.8,0.0,0.0,0.0,0.0,0.0,213
2023-05-11 09:32:54,IO2312-C-4400,IO2312-C-4400,57.8,0.0,0.0,0.0,6,56.6,59.4,4,57.8,0.0,0.0,0.0,0.0,0.0,213
2023-05-11 09:32:55,IO2312-C-4400,IO2312-C-4400,57.8,0.0,0.0,0.0,6,56.6,59.4,1,57.8,0.0,0.0,0.0,0.0,0.0,213
2023-05-11 09:32:57,IO2312-C-4400,IO2312-C-4400,57.8,0.0,0.0,0.0,9,56.6,59.4,7,57.8,0.0,0.0,0.0,0.0,0.0,213
2023-05-11 09:32:57,IO2312-C-4400,IO2312-C-4400,57.8,0.0,0.0,0.0,6,56.8,59.0,3,57.8,0.0,0.0,0.0,0.0,0.0,213
2023-05-11 09:32:58,IO2312-C-4400,IO2312-C-4400,57.8,0.0,0.0,0.0,6,56.2,59.0,3,57.8,0.0,0.0,0.0,0.0,0.0,213
2023-05-11 09:32:58,IO2312-C-4400,IO2312-C-4400,57.8,0.0,0.0,0.0,9,56.2,59.4,7,57.8,0.0,0.0,0.0,0.0,0.0,213
2023-05-11 09:32:59,IO2312-C-4400,IO2312-C-4400,57.8,0.0,0.0,0.0,6,56.4,59.4,7,57.8,0.0,0.0,0.0,0.0,0.0,213
2023-05-11 09:32:59,IO2312-C-4400,IO2312-C-4400,57.8,0.0,0.0,0.0,9,56.4,59.4,10,57.8,0.0,0.0,0.0,0.0,0.0,213
2023-05-11 09:33:00,IO2312-C-4400,IO2312-C-4400,57.8,0.0,0.0,0.0,6,56.6,59.2,6,57.8,0.0,0.0,0.0,0.0,0.0,213
2023-05-11 09:33:00,IO2312-C-4400,IO2312-C-4400,57.8,0.0,0.0,0.0,6,56.6,59.0,3,57.8,0.0,0.0,0.0,0.0,0.0,213
2023-05-11 09:33:01,IO2312-C-4400,IO2312-C-4400,57.8,0.0,0.0,0.0,6,56.2,59.0,3,57.8,0.0,0.0,0.0,0.0,0.0,213
2023-05-11 09:33:01,IO2312-C-4400,IO2312-C-4400,57.8,0.0,0.0,0.0,9,56.2,59.4,7,57.8,0.0,0.0,0.0,0.0,0.0,213
2023-05-11 09:33:02,IO2312-C-4400,IO2312-C-4400,57.8,0.0,0.0,0.0,6,56.4,59.4,7,57.8,0.0,0.0,0.0,0.0,0.0,213
2023-05-11 09:33:02,IO2312-C-4400,IO2312-C-4400,57.8,0.0,0.0,0.0,9,56.4,59.4,10,57.8,0.0,0.0,0.0,0.0,0.0,213
2023-05-11 09:33:03,IO2312-C-4400,IO2312-C-4400,57.8,0.0,0.0,0.0,6,56.6,59.4,10,57.8,0.0,0.0,0.0,0.0,0.0,213
2023-05-11 09:33:04,IO2312-C-4400,IO2312-C-4400,57.8,0.0,0.0,0.0,6,56.6,59.2,6,57.8,0.0,0.0,0.0,0.0,0.0,213
2023-05-11 09:33:04,IO2312-C-4400,IO2312-C-4400,57.8,0.0,0.0,0.0,6,56.6,58.8,3,57.8,0.0,0.0,0.0,0.0,0.0,213
2023-05-11 09:33:05,IO2312-C-4400,IO2312-C-4400,57.8,0.0,0.0,0.0,6,56.4,58.8,3,57.8,0.0,0.0,0.0,0.0,0.0,213
2023-05-11 09:33:05,IO2312-C-4400,IO2312-C-4400,57.8,0.0,0.0,0.0,6,56.2,58.8,3,57.8,0.0,0.0,0.0,0.0,0.0,213
2023-05-11 09:33:12,IO2312-C-4400,IO2312-C-4400,57.8,0.0,0.0,0.0,6,56.2,59.0,1,57.8,0.0,0.0,0.0,0.0,0.0,213
2023-05-11 09:33:13,IO2312-C-4400,IO2312-C-4400,57.8,0.0,0.0,0.0,9,56.2,59.0,1,57.8,0.0,0.0,0.0,0.0,0.0,213
2023-05-11 09:33:13,IO2312-C-4400,IO2312-C-4400,57.8,0.0,0.0,0.0,6,56.4,58.8,6,57.8,0.0,0.0,0.0,0.0,0.0,213
2023-05-11 09:33:14,IO2312-C-4400,IO2312-C-4400,57.8,0.0,0.0,0.0,6,56.4,58.6,3,57.8,0.0,0.0,0.0,0.0,0.0,213
2023-05-11 09:33:14,IO2312-C-4400,IO2312-C-4400,57.8,0.0,0.0,0.0,6,56.2,58.6,3,57.8,0.0,0.0,0.0,0.0,0.0,213
2023-05-11 09:33:15,IO2312-C-4400,IO2312-C-4400,57.8,0.0,0.0,0.0,6,56.2,59.0,1,57.8,0.0,0.0,0.0,0.0,0.0,213
2023-05-11 09:33:16,IO2312-C-4400,IO2312-C-4400,57.8,0.0,0.0,0.0,9,56.2,59.0,1,57.8,0.0,0.0,0.0,0.0,0.0,213
2023-05-11 09:33:16,IO2312-C-4400,IO2312-C-4400,57.8,0.0,0.0,0.0,6,56.4,59.0,1,57.8,0.0,0.0,0.0,0.0,0.0,213
2023-05-11 09:33:25,IO2312-C-4400,IO2312-C-4400,57.8,0.0,0.0,0.0,6,56.4,58.8,3,57.8,0.0,0.0,0.0,0.0,0.0,213
2023-05-11 09:33:25,IO2312-C-4400,IO2312-C-4400,57.8,0.0,0.0,0.0,6,56.2,58.8,3,57.8,0.0,0.0,0.0,0.0,0.0,213
2023-05-11 09:33:31,IO2312-C-4400,IO2312-C-4400,57.8,0.0,0.0,0.0,6,56.2,58.8,6,57.8,0.0,0.0,0.0,0.0,0.0,213
2023-05-11 09:33:31,IO2312-C-4400,IO2312-C-4400,57.8,0.0,0.0,0.0,6,56.2,59.0,7,57.8,0.0,0.0,0.0,0.0,0.0,213
2023-05-11 09:33:32,IO2312-C-4400,IO2312-C-4400,57.8,0.0,0.0,0.0,6,56.2,59.0,10,57.8,0.0,0.0,0.0,0.0,0.0,213
2023-05-11 09:33:36,IO2312-C-4400,IO2312-C-4400,57.8,0.0,0.0,0.0,6,56.2,59.0,4,57.8,0.0,0.0,0.0,0.0,0.0,213
2023-05-11 09:33:37,IO2312-C-4400,IO2312-C-4400,57.8,0.0,0.0,0.0,6,56.2,59.0,1,57.8,0.0,0.0,0.0,0.0,0.0,213
2023-05-11 09:33:38,IO2312-C-4400,IO2312-C-4400,57.8,0.0,0.0,0.0,6,56.2,59.0,7,57.8,0.0,0.0,0.0,0.0,0.0,213
2023-05-11 09:33:39,IO2312-C-4400,IO2312-C-4400,57.8,0.0,0.0,0.0,6,56.2,59.0,10,57.8,0.0,0.0,0.0,0.0,0.0,213
2023-05-11 09:33:40,IO2312-C-4400,IO2312-C-4400,57.8,0.0,0.0,0.0,6,56.2,58.6,1,57.8,0.0,0.0,0.0,0.0,0.0,213
2023-05-11 09:33:44,IO2312-C-4400,IO2312-C-4400,57.8,0.0,0.0,0.0,6,56.2,58.6,4,57.8,0.0,0.0,0.0,0.0,0.0,213
2023-05-11 09:33:45,IO2312-C-4400,IO2312-C-4400,57.8,0.0,0.0,0.0,6,56.2,58.6,1,57.8,0.0,0.0,0.0,0.0,0.0,213
2023-05-11 09:33:46,IO2312-C-4400,IO2312-C-4400,57.8,0.0,0.0,0.0,6,56.4,58.6,1,57.8,0.0,0.0,0.0,0.0,0.0,213
2023-05-11 09:33:47,IO2312-C-4400,IO2312-C-4400,57.8,0.0,0.0,0.0,6,56.6,58.6,1,57.8,0.0,0.0,0.0,0.0,0.0,213
2023-05-11 09:33:48,IO2312-C-4400,IO2312-C-4400,57.8,0.0,0.0,0.0,6,56.4,58.6,1,57.8,0.0,0.0,0.0,0.0,0.0,213
2023-05-11 09:33:48,IO2312-C-4400,IO2312-C-4400,57.8,0.0,0.0,0.0,6,56.2,58.6,1,57.8,0.0,0.0,0.0,0.0,0.0,213
2023-05-11 09:33:55,IO2312-C-4400,IO2312-C-4400,57.8,0.0,0.0,0.0,6,56.2,58.8,12,57.8,0.0,0.0,0.0,0.0,0.0,213
2023-05-11 09:33:56,IO2312-C-4400,IO2312-C-4400,57.8,0.0,0.0,0.0,6,56.2,59.0,15,57.8,0.0,0.0,0.0,0.0,0.0,213
2023-05-11 09:33:56,IO2312-C-4400,IO2312-C-4400,57.8,0.0,0.0,0.0,6,56.2,59.0,9,57.8,0.0,0.0,0.0,0.0,0.0,213
2023-05-11 09:33:57,IO2312-C-4400,IO2312-C-4400,57.8,0.0,0.0,0.0,6,56.2,59.0,3,57.8,0.0,0.0,0.0,0.0,0.0,213
2023-05-11 09:33:57,IO2312-C-4400,IO2312-C-4400,57.8,0.0,0.0,0.0,9,56.2,59.2,19,57.8,0.0,0.0,0.0,0.0,0.0,213
2023-05-11 09:33:58,IO2312-C-4400,IO2312-C-4400,57.8,0.0,0.0,0.0,6,56.4,59.0,6,57.8,0.0,0.0,0.0,0.0,0.0,213
2023-05-11 09:33:58,IO2312-C-4400,IO2312-C-4400,57.8,0.0,0.0,0.0,6,56.2,59.0,9,57.8,0.0,0.0,0.0,0.0,0.0,213
2023-05-11 09:33:59,IO2312-C-4400,IO2312-C-4400,57.8,0.0,0.0,0.0,6,56.2,58.8,1,57.8,0.0,0.0,0.0,0.0,0.0,213
2023-05-11 09:34:00,IO2312-C-4400,IO2312-C-4400,57.8,0.0,0.0,0.0,6,56.2,58.8,4,57.8,0.0,0.0,0.0,0.0,0.0,213
2023-05-11 09:34:05,IO2312-C-4400,IO2312-C-4400,57.8,0.0,0.0,0.0,6,56.2,58.8,1,57.8,0.0,0.0,0.0,0.0,0.0,213
2023-05-11 09:34:06,IO2312-C-4400,IO2312-C-4400,57.8,0.0,0.0,0.0,6,56.2,58.8,4,57.8,0.0,0.0,0.0,0.0,0.0,213
2023-05-11 09:34:09,IO2312-C-4400,IO2312-C-4400,57.8,0.0,0.0,0.0,6,56.2,58.8,1,57.8,0.0,0.0,0.0,0.0,0.0,213
2023-05-11 09:34:10,IO2312-C-4400,IO2312-C-4400,57.8,0.0,0.0,0.0,6,56.2,58.6,3,57.8,0.0,0.0,0.0,0.0,0.0,213
2023-05-11 09:34:12,IO2312-C-4400,IO2312-C-4400,57.8,0.0,0.0,0.0,6,56.2,58.8,1,57.8,0.0,0.0,0.0,0.0,0.0,213
2023-05-11 09:34:13,IO2312-C-4400,IO2312-C-4400,57.8,0.0,0.0,0.0,6,56.2,58.8,4,57.8,0.0,0.0,0.0,0.0,0.0,213
2023-05-11 09:34:18,IO2312-C-4400,IO2312-C-4400,57.8,0.0,0.0,0.0,6,56.2,58.8,1,57.8,0.0,0.0,0.0,0.0,0.0,213
2023-05-11 09:34:19,IO2312-C-4400,IO2312-C-4400,57.8,0.0,0.0,0.0,6,56.2,58.8,4,57.8,0.0,0.0,0.0,0.0,0.0,213
2023-05-11 09:34:21,IO2312-C-4400,IO2312-C-4400,57.8,0.0,0.0,0.0,6,56.2,58.8,1,57.8,0.0,0.0,0.0,0.0,0.0,213
2023-05-11 09:34:22,IO2312-C-4400,IO2312-C-4400,57.8,0.0,0.0,0.0,6,56.2,58.8,4,57.8,0.0,0.0,0.0,0.0,0.0,213
2023-05-11 09:34:22,IO2312-C-4400,IO2312-C-4400,57.8,0.0,0.0,0.0,6,56.2,58.8,1,57.8,0.0,0.0,0.0,0.0,0.0,213
2023-05-11 09:34:23,IO2312-C-4400,IO2312-C-4400,57.8,0.0,0.0,0.0,6,56.2,58.8,4,57.8,0.0,0.0,0.0,0.0,0.0,213
2023-05-11 09:34:26,IO2312-C-4400,IO2312-C-4400,57.8,0.0,0.0,0.0,6,56.2,58.8,1,57.8,0.0,0.0,0.0,0.0,0.0,213
2023-05-11 09:34:27,IO2312-C-4400,IO2312-C-4400,57.8,0.0,0.0,0.0,6,56.2,58.8,4,57.8,0.0,0.0,0.0,0.0,0.0,213
2023-05-11 09:34:28,IO2312-C-4400,IO2312-C-4400,57.8,0.0,0.0,0.0,6,56.2,58.8,1,57.8,0.0,0.0,0.0,0.0,0.0,213
2023-05-11 09:34:29,IO2312-C-4400,IO2312-C-4400,57.8,0.0,0.0,0.0,6,56.2,58.8,10,57.8,0.0,0.0,0.0,0.0,0.0,213
2023-05-11 09:34:30,IO2312-C-4400,IO2312-C-4400,57.8,0.0,0.0,0.0,6,56.2,58.8,7,57.8,0.0,0.0,0.0,0.0,0.0,213
2023-05-11 09:34:31,IO2312-C-4400,IO2312-C-4400,57.8,0.0,0.0,0.0,6,56.2,58.8,10,57.8,0.0,0.0,0.0,0.0,0.0,213
2023-05-11 09:34:33,IO2312-C-4400,IO2312-C-4400,57.8,0.0,0.0,0.0,25,56.0,58.6,6,57.8,0.0,0.0,0.0,0.0,0.0,213
2023-05-11 09:34:34,IO2312-C-4400,IO2312-C-4400,57.8,0.0,0.0,0.0,19,56.0,58.6,6,57.8,0.0,0.0,0.0,0.0,0.0,213
2023-05-11 09:34:34,IO2312-C-4400,IO2312-C-4400,57.8,0.0,0.0,0.0,19,56.0,58.4,3,57.8,0.0,0.0,0.0,0.0,0.0,213
2023-05-11 09:34:35,IO2312-C-4400,IO2312-C-4400,57.8,0.0,0.0,0.0,6,56.2,58.4,9,57.8,0.0,0.0,0.0,0.0,0.0,213
2023-05-11 09:34:38,IO2312-C-4400,IO2312-C-4400,57.8,0.0,0.0,0.0,6,56.2,58.4,10,57.8,0.0,0.0,0.0,0.0,0.0,213
2023-05-11 09:34:38,IO2312-C-4400,IO2312-C-4400,57.8,0.0,0.0,0.0,6,56.2,58.2,6,57.8,0.0,0.0,0.0,0.0,0.0,213
2023-05-11 09:34:39,IO2312-C-4400,IO2312-C-4400,57.8,0.0,0.0,0.0,6,56.2,58.2,9,57.8,0.0,0.0,0.0,0.0,0.0,213
2023-05-11 09:34:41,IO2312-C-4400,IO2312-C-4400,57.8,0.0,0.0,0.0,6,56.2,58.2,3,57.8,0.0,0.0,0.0,0.0,0.0,213
2023-05-11 09:34:43,IO2312-C-4400,IO2312-C-4400,57.8,0.0,0.0,0.0,6,56.2,58.0,1,57.8,0.0,0.0,0.0,0.0,0.0,213
2023-05-11 09:34:44,IO2312-C-4400,IO2312-C-4400,57.8,0.0,0.0,0.0,6,56.0,58.0,1,57.8,0.0,0.0,0.0,0.0,0.0,213
2023-05-11 09:34:45,IO2312-C-4400,IO2312-C-4400,57.8,0.0,0.0,0.0,6,55.8,58.0,1,57.8,0.0,0.0,0.0,0.0,0.0,213
2023-05-11 09:34:48,IO2312-C-4400,IO2312-C-4400,57.8,0.0,0.0,0.0,6,55.8,58.2,6,57.8,0.0,0.0,0.0,0.0,0.0,213
2023-05-11 09:34:48,IO2312-C-4400,IO2312-C-4400,57.8,0.0,0.0,0.0,6,55.8,58.4,15,57.8,0.0,0.0,0.0,0.0,0.0,213
2023-05-11 09:34:49,IO2312-C-4400,IO2312-C-4400,57.8,0.0,0.0,0.0,6,55.8,58.4,9,57.8,0.0,0.0,0.0,0.0,0.0,213
2023-05-11 09:34:49,IO2312-C-4400,IO2312-C-4400,57.8,0.0,0.0,0.0,6,55.8,58.4,3,57.8,0.0,0.0,0.0,0.0,0.0,213
2023-05-11 09:34:51,IO2312-C-4400,IO2312-C-4400,57.8,0.0,0.0,0.0,6,56.0,58.4,3,57.8,0.0,0.0,0.0,0.0,0.0,213
2023-05-11 09:34:52,IO2312-C-4400,IO2312-C-4400,57.8,0.0,0.0,0.0,6,56.2,58.6,18,57.8,0.0,0.0,0.0,0.0,0.0,213
2023-05-11 09:34:52,IO2312-C-4400,IO2312-C-4400,57.8,0.0,0.0,0.0,6,56.2,58.6,6,57.8,0.0,0.0,0.0,0.0,0.0,213
2023-05-11 09:34:53,IO2312-C-4400,IO2312-C-4400,57.8,0.0,0.0,0.0,6,56.2,58.6,3,57.8,0.0,0.0,0.0,0.0,0.0,213
2023-05-11 09:34:54,IO2312-C-4400,IO2312-C-4400,57.8,0.0,0.0,0.0,6,56.0,58.6,3,57.8,0.0,0.0,0.0,0.0,0.0,213
2023-05-11 09:34:54,IO2312-C-4400,IO2312-C-4400,57.8,0.0,0.0,0.0,6,55.8,58.6,3,57.8,0.0,0.0,0.0,0.0,0.0,213
2023-05-11 09:34:55,IO2312-C-4400,IO2312-C-4400,57.8,0.0,0.0,0.0,9,55.8,58.8,30,57.8,0.0,0.0,0.0,0.0,0.0,213
2023-05-11 09:34:55,IO2312-C-4400,IO2312-C-4400,57.8,0.0,0.0,0.0,6,56.0,58.8,18,57.8,0.0,0.0,0.0,0.0,0.0,213
2023-05-11 09:34:56,IO2312-C-4400,IO2312-C-4400,57.8,0.0,0.0,0.0,6,56.0,58.4,3,57.8,0.0,0.0,0.0,0.0,0.0,213
2023-05-11 09:34:56,IO2312-C-4400,IO2312-C-4400,57.8,0.0,0.0,0.0,6,55.8,58.8,12,57.8,0.0,0.0,0.0,0.0,0.0,213
2023-05-11 09:34:57,IO2312-C-4400,IO2312-C-4400,57.8,0.0,0.0,0.0,9,55.8,59.0,37,57.8,0.0,0.0,0.0,0.0,0.0,213
2023-05-11 09:34:57,IO2312-C-4400,IO2312-C-4400,57.8,0.0,0.0,0.0,6,56.0,58.8,6,57.8,0.0,0.0,0.0,0.0,0.0,213
2023-05-11 09:34:58,IO2312-C-4400,IO2312-C-4400,57.8,0.0,0.0,0.0,6,56.0,58.4,3,57.8,0.0,0.0,0.0,0.0,0.0,213
2023-05-11 09:34:59,IO2312-C-4400,IO2312-C-4400,57.8,0.0,0.0,0.0,6,55.8,58.4,3,57.8,0.0,0.0,0.0,0.0,0.0,213
2023-05-11 09:35:02,IO2312-C-4400,IO2312-C-4400,57.8,0.0,0.0,0.0,6,55.8,58.6,7,57.8,0.0,0.0,0.0,0.0,0.0,213
2023-05-11 09:35:03,IO2312-C-4400,IO2312-C-4400,57.8,0.0,0.0,0.0,6,55.8,58.6,10,57.8,0.0,0.0,0.0,0.0,0.0,213
2023-05-11 09:35:04,IO2312-C-4400,IO2312-C-4400,57.8,0.0,0.0,0.0,16,55.6,58.4,6,57.8,0.0,0.0,0.0,0.0,0.0,213
2023-05-11 09:35:04,IO2312-C-4400,IO2312-C-4400,57.8,0.0,0.0,0.0,13,55.6,58.0,3,57.8,0.0,0.0,0.0,0.0,0.0,213
2023-05-11 09:35:05,IO2312-C-4400,IO2312-C-4400,57.8,0.0,0.0,0.0,6,55.8,58.0,3,57.8,0.0,0.0,0.0,0.0,0.0,213
2023-05-11 09:35:07,IO2312-C-4400,IO2312-C-4400,57.8,0.0,0.0,0.0,6,55.6,58.0,6,57.8,0.0,0.0,0.0,0.0,0.0,213
2023-05-11 09:35:08,IO2312-C-4400,IO2312-C-4400,57.8,0.0,0.0,0.0,6,55.6,57.8,3,57.8,0.0,0.0,0.0,0.0,0.0,213
2023-05-11 09:35:08,IO2312-C-4400,IO2312-C-4400,57.8,0.0,0.0,0.0,6,55.6,57.8,9,57.8,0.0,0.0,0.0,0.0,0.0,213
2023-05-11 09:35:09,IO2312-C-4400,IO2312-C-4400,57.8,0.0,0.0,0.0,6,55.6,57.8,3,57.8,0.0,0.0,0.0,0.0,0.0,213
2023-05-11 09:35:10,IO2312-C-4400,IO2312-C-4400,57.8,0.0,0.0,0.0,6,55.6,58.0,6,57.8,0.0,0.0,0.0,0.0,0.0,213
2023-05-11 09:35:10,IO2312-C-4400,IO2312-C-4400,57.8,0.0,0.0,0.0,6,55.6,58.2,19,57.8,0.0,0.0,0.0,0.0,0.0,213
2023-05-11 09:35:11,IO2312-C-4400,IO2312-C-4400,57.8,0.0,0.0,0.0,6,55.6,58.2,16,57.8,0.0,0.0,0.0,0.0,0.0,213
2023-05-11 09:35:11,IO2312-C-4400,IO2312-C-4400,57.8,0.0,0.0,0.0,6,55.6,58.2,10,57.8,0.0,0.0,0.0,0.0,0.0,213
2023-05-11 09:35:12,IO2312-C-4400,IO2312-C-4400,57.8,0.0,0.0,0.0,6,55.6,58.2,4,57.8,0.0,0.0,0.0,0.0,0.0,213
2023-05-11 09:35:12,IO2312-C-4400,IO2312-C-4400,57.8,0.0,0.0,0.0,6,55.6,58.2,1,57.8,0.0,0.0,0.0,0.0,0.0,213
2023-05-11 09:35:13,IO2312-C-4400,IO2312-C-4400,57.8,0.0,0.0,0.0,6,55.6,58.2,4,57.8,0.0,0.0,0.0,0.0,0.0,213
2023-05-11 09:35:17,IO2312-C-4400,IO2312-C-4400,57.8,0.0,0.0,0.0,6,55.6,58.6,18,57.8,0.0,0.0,0.0,0.0,0.0,213
2023-05-11 09:35:18,IO2312-C-4400,IO2312-C-4400,57.8,0.0,0.0,0.0,9,55.6,58.6,9,57.8,0.0,0.0,0.0,0.0,0.0,213
2023-05-11 09:35:18,IO2312-C-4400,IO2312-C-4400,57.8,0.0,0.0,0.0,6,55.8,58.6,12,57.8,0.0,0.0,0.0,0.0,0.0,213
2023-05-11 09:35:19,IO2312-C-4400,IO2312-C-4400,57.8,0.0,0.0,0.0,6,56.0,58.8,13,57.8,0.0,0.0,0.0,0.0,0.0,213
2023-05-11 09:35:19,IO2312-C-4400,IO2312-C-4400,57.8,0.0,0.0,0.0,6,56.2,58.6,9,57.8,0.0,0.0,0.0,0.0,0.0,213
2023-05-11 09:35:20,IO2312-C-4400,IO2312-C-4400,57.8,0.0,0.0,0.0,6,56.0,58.4,6,57.8,0.0,0.0,0.0,0.0,0.0,213
2023-05-11 09:35:20,IO2312-C-4400,IO2312-C-4400,57.8,0.0,0.0,0.0,6,55.8,58.4,3,57.8,0.0,0.0,0.0,0.0,0.0,213
2023-05-11 09:35:21,IO2312-C-4400,IO2312-C-4400,57.8,0.0,0.0,0.0,6,55.8,58.4,9,57.8,0.0,0.0,0.0,0.0,0.0,213
2023-05-11 09:35:21,IO2312-C-4400,IO2312-C-4400,57.8,0.0,0.0,0.0,6,55.8,58.4,12,57.8,0.0,0.0,0.0,0.0,0.0,213
2023-05-11 09:35:22,IO2312-C-4400,IO2312-C-4400,57.8,0.0,0.0,0.0,6,55.6,58.4,6,57.8,0.0,0.0,0.0,0.0,0.0,213
2023-05-11 09:35:24,IO2312-C-4400,IO2312-C-4400,57.8,0.0,0.0,0.0,6,55.6,58.4,3,57.8,0.0,0.0,0.0,0.0,0.0,213
2023-05-11 09:35:24,IO2312-C-4400,IO2312-C-4400,57.8,0.0,0.0,0.0,9,55.6,58.4,3,57.8,0.0,0.0,0.0,0.0,0.0,213
2023-05-11 09:35:25,IO2312-C-4400,IO2312-C-4400,57.8,0.0,0.0,0.0,6,55.8,58.4,9,57.8,0.0,0.0,0.0,0.0,0.0,213
2023-05-11 09:35:25,IO2312-C-4400,IO2312-C-4400,57.8,0.0,0.0,0.0,6,55.8,58.2,3,57.8,0.0,0.0,0.0,0.0,0.0,213
2023-05-11 09:35:26,IO2312-C-4400,IO2312-C-4400,57.8,0.0,0.0,0.0,6,55.6,58.2,6,57.8,0.0,0.0,0.0,0.0,0.0,213
2023-05-11 09:35:26,IO2312-C-4400,IO2312-C-4400,57.8,0.0,0.0,0.0,6,55.4,58.2,3,57.8,0.0,0.0,0.0,0.0,0.0,213
2023-05-11 09:35:27,IO2312-C-4400,IO2312-C-4400,57.8,0.0,0.0,0.0,9,55.4,58.6,18,57.8,0.0,0.0,0.0,0.0,0.0,213
2023-05-11 09:35:27,IO2312-C-4400,IO2312-C-4400,57.8,0.0,0.0,0.0,6,55.6,58.4,3,57.8,0.0,0.0,0.0,0.0,0.0,213
2023-05-11 09:35:28,IO2312-C-4400,IO2312-C-4400,57.8,0.0,0.0,0.0,9,55.6,58.4,3,57.8,0.0,0.0,0.0,0.0,0.0,213
2023-05-11 09:35:28,IO2312-C-4400,IO2312-C-4400,57.8,0.0,0.0,0.0,6,55.8,58.4,3,57.8,0.0,0.0,0.0,0.0,0.0,213
2023-05-11 09:35:29,IO2312-C-4400,IO2312-C-4400,57.8,0.0,0.0,0.0,6,55.8,58.4,7,57.8,0.0,0.0,0.0,0.0,0.0,213
2023-05-11 09:35:29,IO2312-C-4400,IO2312-C-4400,57.8,0.0,0.0,0.0,6,55.6,58.4,7,57.8,0.0,0.0,0.0,0.0,0.0,213
2023-05-11 09:35:32,IO2312-C-4400,IO2312-C-4400,57.8,0.0,0.0,0.0,9,55.6,58.4,4,57.8,0.0,0.0,0.0,0.0,0.0,213
2023-05-11 09:35:33,IO2312-C-4400,IO2312-C-4400,57.8,0.0,0.0,0.0,6,55.8,58.4,4,57.8,0.0,0.0,0.0,0.0,0.0,213
2023-05-11 09:35:33,IO2312-C-4400,IO2312-C-4400,57.8,0.0,0.0,0.0,6,55.8,58.4,7,57.8,0.0,0.0,0.0,0.0,0.0,213
2023-05-11 09:35:34,IO2312-C-4400,IO2312-C-4400,57.8,0.0,0.0,0.0,6,55.6,58.4,7,57.8,0.0,0.0,0.0,0.0,0.0,213
2023-05-11 09:35:34,IO2312-C-4400,IO2312-C-4400,57.8,0.0,0.0,0.0,9,55.6,58.4,7,57.8,0.0,0.0,0.0,0.0,0.0,213
2023-05-11 09:35:35,IO2312-C-4400,IO2312-C-4400,57.8,0.0,0.0,0.0,6,55.8,58.4,3,57.8,0.0,0.0,0.0,0.0,0.0,213
2023-05-11 09:35:36,IO2312-C-4400,IO2312-C-4400,57.8,0.0,0.0,0.0,9,55.8,58.4,3,57.8,0.0,0.0,0.0,0.0,0.0,213
2023-05-11 09:35:37,IO2312-C-4400,IO2312-C-4400,57.8,0.0,0.0,0.0,6,56.0,58.4,3,57.8,0.0,0.0,0.0,0.0,0.0,213
2023-05-11 09:35:38,IO2312-C-4400,IO2312-C-4400,57.8,0.0,0.0,0.0,6,55.8,58.4,3,57.8,0.0,0.0,0.0,0.0,0.0,213
2023-05-11 09:35:46,IO2312-C-4400,IO2312-C-4400,57.8,0.0,0.0,0.0,6,55.8,58.6,9,57.8,0.0,0.0,0.0,0.0,0.0,213
2023-05-11 09:35:46,IO2312-C-4400,IO2312-C-4400,57.8,0.0,0.0,0.0,6,55.8,58.6,12,57.8,0.0,0.0,0.0,0.0,0.0,213
2023-05-11 09:35:47,IO2312-C-4400,IO2312-C-4400,57.8,0.0,0.0,0.0,9,55.8,58.6,12,57.8,0.0,0.0,0.0,0.0,0.0,213
2023-05-11 09:35:47,IO2312-C-4400,IO2312-C-4400,57.8,0.0,0.0,0.0,6,56.0,58.6,3,57.8,0.0,0.0,0.0,0.0,0.0,213
2023-05-11 09:35:49,IO2312-C-4400,IO2312-C-4400,57.8,0.0,0.0,0.0,6,56.0,58.6,6,57.8,0.0,0.0,0.0,0.0,0.0,213
2023-05-11 09:35:49,IO2312-C-4400,IO2312-C-4400,57.8,0.0,0.0,0.0,6,55.8,58.6,6,57.8,0.0,0.0,0.0,0.0,0.0,213
2023-05-11 09:35:56,IO2312-C-4400,IO2312-C-4400,57.8,0.0,0.0,0.0,6,55.8,58.6,3,57.8,0.0,0.0,0.0,0.0,0.0,213
2023-05-11 09:35:57,IO2312-C-4400,IO2312-C-4400,57.8,0.0,0.0,0.0,3,55.8,58.6,3,57.8,0.0,0.0,0.0,0.0,0.0,213
2023-05-11 09:35:57,IO2312-C-4400,IO2312-C-4400,57.8,0.0,0.0,0.0,6,56.0,58.6,3,57.8,0.0,0.0,0.0,0.0,0.0,213
2023-05-11 09:35:58,IO2312-C-4400,IO2312-C-4400,57.8,0.0,0.0,0.0,6,55.6,58.4,3,57.8,0.0,0.0,0.0,0.0,0.0,213
2023-05-11 09:35:58,IO2312-C-4400,IO2312-C-4400,57.8,0.0,0.0,0.0,9,55.6,58.4,3,57.8,0.0,0.0,0.0,0.0,0.0,213
2023-05-11 09:35:59,IO2312-C-4400,IO2312-C-4400,57.8,0.0,0.0,0.0,6,55.8,58.4,3,57.8,0.0,0.0,0.0,0.0,0.0,213
2023-05-11 09:35:59,IO2312-C-4400,IO2312-C-4400,57.8,0.0,0.0,0.0,6,55.8,58.4,6,57.8,0.0,0.0,0.0,0.0,0.0,213
2023-05-11 09:36:00,IO2312-C-4400,IO2312-C-4400,57.8,0.0,0.0,0.0,6,55.6,58.4,6,57.8,0.0,0.0,0.0,0.0,0.0,213
2023-05-11 09:36:02,IO2312-C-4400,IO2312-C-4400,57.8,0.0,0.0,0.0,9,55.6,58.6,6,57.8,0.0,0.0,0.0,0.0,0.0,213
2023-05-11 09:36:03,IO2312-C-4400,IO2312-C-4400,57.8,0.0,0.0,0.0,6,55.8,58.6,9,57.8,0.0,0.0,0.0,0.0,0.0,213
2023-05-11 09:36:03,IO2312-C-4400,IO2312-C-4400,57.8,0.0,0.0,0.0,6,55.8,58.6,12,57.8,0.0,0.0,0.0,0.0,0.0,213
2023-05-11 09:36:06,IO2312-C-4400,IO2312-C-4400,57.8,0.0,0.0,0.0,6,55.8,58.6,6,57.8,0.0,0.0,0.0,0.0,0.0,213
2023-05-11 09:36:07,IO2312-C-4400,IO2312-C-4400,57.8,0.0,0.0,0.0,9,55.8,58.6,3,57.8,0.0,0.0,0.0,0.0,0.0,213
2023-05-11 09:36:07,IO2312-C-4400,IO2312-C-4400,57.8,0.0,0.0,0.0,6,56.0,58.6,3,57.8,0.0,0.0,0.0,0.0,0.0,213
2023-05-11 09:36:08,IO2312-C-4400,IO2312-C-4400,57.8,0.0,0.0,0.0,6,56.0,58.6,6,57.8,0.0,0.0,0.0,0.0,0.0,213
2023-05-11 09:36:09,IO2312-C-4400,IO2312-C-4400,57.8,0.0,0.0,0.0,6,55.8,58.6,6,57.8,0.0,0.0,0.0,0.0,0.0,213
2023-05-11 09:36:12,IO2312-C-4400,IO2312-C-4400,57.8,0.0,0.0,0.0,6,55.8,58.6,3,57.8,0.0,0.0,0.0,0.0,0.0,213
2023-05-11 09:36:13,IO2312-C-4400,IO2312-C-4400,57.8,0.0,0.0,0.0,3,55.8,58.4,1,57.8,0.0,0.0,0.0,0.0,0.0,213
2023-05-11 09:36:13,IO2312-C-4400,IO2312-C-4400,57.8,0.0,0.0,0.0,6,56.0,58.2,3,57.8,0.0,0.0,0.0,0.0,0.0,213
2023-05-11 09:36:14,IO2312-C-4400,IO2312-C-4400,57.8,0.0,0.0,0.0,6,55.4,58.2,6,57.8,0.0,0.0,0.0,0.0,0.0,213
2023-05-11 09:36:14,IO2312-C-4400,IO2312-C-4400,57.8,0.0,0.0,0.0,6,55.4,58.2,3,57.8,0.0,0.0,0.0,0.0,0.0,213
2023-05-11 09:36:15,IO2312-C-4400,IO2312-C-4400,57.8,0.0,0.0,0.0,9,55.4,58.4,1,57.8,0.0,0.0,0.0,0.0,0.0,213
2023-05-11 09:36:15,IO2312-C-4400,IO2312-C-4400,57.8,0.0,0.0,0.0,6,55.6,58.4,4,57.8,0.0,0.0,0.0,0.0,0.0,213
2023-05-11 09:36:16,IO2312-C-4400,IO2312-C-4400,57.8,0.0,0.0,0.0,9,55.6,58.4,4,57.8,0.0,0.0,0.0,0.0,0.0,213
2023-05-11 09:36:16,IO2312-C-4400,IO2312-C-4400,57.8,0.0,0.0,0.0,6,55.8,58.4,10,57.8,0.0,0.0,0.0,0.0,0.0,213
2023-05-11 09:36:17,IO2312-C-4400,IO2312-C-4400,57.8,0.0,0.0,0.0,6,55.8,58.2,3,57.8,0.0,0.0,0.0,0.0,0.0,213
2023-05-11 09:36:17,IO2312-C-4400,IO2312-C-4400,57.8,0.0,0.0,0.0,6,55.4,58.2,6,57.8,0.0,0.0,0.0,0.0,0.0,213
2023-05-11 09:36:19,IO2312-C-4400,IO2312-C-4400,57.8,0.0,0.0,0.0,6,55.4,58.2,3,57.8,0.0,0.0,0.0,0.0,0.0,213
2023-05-11 09:36:19,IO2312-C-4400,IO2312-C-4400,57.8,0.0,0.0,0.0,9,55.4,58.4,7,57.8,0.0,0.0,0.0,0.0,0.0,213
2023-05-11 09:36:20,IO2312-C-4400,IO2312-C-4400,57.8,0.0,0.0,0.0,6,55.6,58.4,10,57.8,0.0,0.0,0.0,0.0,0.0,213
2023-05-11 09:36:20,IO2312-C-4400,IO2312-C-4400,57.8,0.0,0.0,0.0,6,55.6,58.2,3,57.8,0.0,0.0,0.0,0.0,0.0,213
2023-05-11 09:36:21,IO2312-C-4400,IO2312-C-4400,57.8,0.0,0.0,0.0,6,55.4,58.4,1,57.8,0.0,0.0,0.0,0.0,0.0,213
2023-05-11 09:36:22,IO2312-C-4400,IO2312-C-4400,57.8,0.0,0.0,0.0,9,55.4,58.2,3,57.8,0.0,0.0,0.0,0.0,0.0,213
2023-05-11 09:36:22,IO2312-C-4400,IO2312-C-4400,57.8,0.0,0.0,0.0,6,55.6,58.4,4,57.8,0.0,0.0,0.0,0.0,0.0,213
2023-05-11 09:36:23,IO2312-C-4400,IO2312-C-4400,57.8,0.0,0.0,0.0,9,55.6,58.4,4,57.8,0.0,0.0,0.0,0.0,0.0,213
2023-05-11 09:36:23,IO2312-C-4400,IO2312-C-4400,57.8,0.0,0.0,0.0,6,55.8,58.4,4,57.8,0.0,0.0,0.0,0.0,0.0,213
2023-05-11 09:36:24,IO2312-C-4400,IO2312-C-4400,57.8,0.0,0.0,0.0,6,55.8,58.4,7,57.8,0.0,0.0,0.0,0.0,0.0,213
2023-05-11 09:36:24,IO2312-C-4400,IO2312-C-4400,57.8,0.0,0.0,0.0,6,55.6,58.4,7,57.8,0.0,0.0,0.0,0.0,0.0,213
2023-05-11 09:36:25,IO2312-C-4400,IO2312-C-4400,57.8,0.0,0.0,0.0,6,55.4,58.4,4,57.8,0.0,0.0,0.0,0.0,0.0,213
2023-05-11 09:36:26,IO2312-C-4400,IO2312-C-4400,57.8,0.0,0.0,0.0,9,55.4,58.4,4,57.8,0.0,0.0,0.0,0.0,0.0,213
2023-05-11 09:36:26,IO2312-C-4400,IO2312-C-4400,57.8,0.0,0.0,0.0,6,55.6,58.4,4,57.8,0.0,0.0,0.0,0.0,0.0,213
2023-05-11 09:36:27,IO2312-C-4400,IO2312-C-4400,57.8,0.0,0.0,0.0,9,55.6,58.4,4,57.8,0.0,0.0,0.0,0.0,0.0,213
2023-05-11 09:36:27,IO2312-C-4400,IO2312-C-4400,57.8,0.0,0.0,0.0,6,55.8,58.4,4,57.8,0.0,0.0,0.0,0.0,0.0,213
2023-05-11 09:36:28,IO2312-C-4400,IO2312-C-4400,57.8,0.0,0.0,0.0,6,55.8,58.4,7,57.8,0.0,0.0,0.0,0.0,0.0,213
2023-05-11 09:36:28,IO2312-C-4400,IO2312-C-4400,57.8,0.0,0.0,0.0,6,55.6,58.4,7,57.8,0.0,0.0,0.0,0.0,0.0,213
2023-05-11 09:36:29,IO2312-C-4400,IO2312-C-4400,57.8,0.0,0.0,0.0,6,55.6,58.4,4,57.8,0.0,0.0,0.0,0.0,0.0,213
2023-05-11 09:36:30,IO2312-C-4400,IO2312-C-4400,57.8,0.0,0.0,0.0,3,55.6,58.4,4,57.8,0.0,0.0,0.0,0.0,0.0,213
2023-05-11 09:36:30,IO2312-C-4400,IO2312-C-4400,57.8,0.0,0.0,0.0,6,55.8,58.4,4,57.8,0.0,0.0,0.0,0.0,0.0,213
2023-05-11 09:36:31,IO2312-C-4400,IO2312-C-4400,57.8,0.0,0.0,0.0,6,55.4,58.2,3,57.8,0.0,0.0,0.0,0.0,0.0,213
2023-05-11 09:36:31,IO2312-C-4400,IO2312-C-4400,57.8,0.0,0.0,0.0,9,55.4,58.2,3,57.8,0.0,0.0,0.0,0.0,0.0,213
2023-05-11 09:36:32,IO2312-C-4400,IO2312-C-4400,57.8,0.0,0.0,0.0,6,55.6,58.2,3,57.8,0.0,0.0,0.0,0.0,0.0,213
2023-05-11 09:36:32,IO2312-C-4400,IO2312-C-4400,57.8,0.0,0.0,0.0,6,55.6,58.2,6,57.8,0.0,0.0,0.0,0.0,0.0,213
2023-05-11 09:36:33,IO2312-C-4400,IO2312-C-4400,57.8,0.0,0.0,0.0,6,55.4,58.2,6,57.8,0.0,0.0,0.0,0.0,0.0,213
2023-05-11 09:36:35,IO2312-C-4400,IO2312-C-4400,57.8,0.0,0.0,0.0,6,55.4,58.2,3,57.8,0.0,0.0,0.0,0.0,0.0,213
2023-05-11 09:36:35,IO2312-C-4400,IO2312-C-4400,57.8,0.0,0.0,0.0,9,55.4,58.4,1,57.8,0.0,0.0,0.0,0.0,0.0,213
2023-05-11 09:36:36,IO2312-C-4400,IO2312-C-4400,57.8,0.0,0.0,0.0,6,55.6,58.4,4,57.8,0.0,0.0,0.0,0.0,0.0,213
2023-05-11 09:36:36,IO2312-C-4400,IO2312-C-4400,57.8,0.0,0.0,0.0,9,55.6,58.4,4,57.8,0.0,0.0,0.0,0.0,0.0,213
2023-05-11 09:36:37,IO2312-C-4400,IO2312-C-4400,57.8,0.0,0.0,0.0,6,55.8,58.4,4,57.8,0.0,0.0,0.0,0.0,0.0,213
2023-05-11 09:36:37,IO2312-C-4400,IO2312-C-4400,57.8,0.0,0.0,0.0,6,55.8,58.4,7,57.8,0.0,0.0,0.0,0.0,0.0,213
2023-05-11 09:36:38,IO2312-C-4400,IO2312-C-4400,57.8,0.0,0.0,0.0,6,55.6,58.4,7,57.8,0.0,0.0,0.0,0.0,0.0,213
2023-05-11 09:36:43,IO2312-C-4400,IO2312-C-4400,57.8,0.0,0.0,0.0,6,55.6,58.4,6,57.8,0.0,0.0,0.0,0.0,0.0,213
2023-05-11 09:36:44,IO2312-C-4400,IO2312-C-4400,57.8,0.0,0.0,0.0,9,55.6,58.8,24,57.8,0.0,0.0,0.0,0.0,0.0,213
2023-05-11 09:36:44,IO2312-C-4400,IO2312-C-4400,57.8,0.0,0.0,0.0,6,55.8,58.6,3,57.8,0.0,0.0,0.0,0.0,0.0,213
2023-05-11 09:36:45,IO2312-C-4400,IO2312-C-4400,57.8,0.0,0.0,0.0,9,55.8,58.6,3,57.8,0.0,0.0,0.0,0.0,0.0,213
2023-05-11 09:36:45,IO2312-C-4400,IO2312-C-4400,57.8,0.0,0.0,0.0,6,56.0,58.6,3,57.8,0.0,0.0,0.0,0.0,0.0,213
2023-05-11 09:36:46,IO2312-C-4400,IO2312-C-4400,57.8,0.0,0.0,0.0,3,55.8,58.6,3,57.8,0.0,0.0,0.0,0.0,0.0,213
2023-05-11 09:36:47,IO2312-C-4400,IO2312-C-4400,57.8,0.0,0.0,0.0,6,56.0,58.4,6,57.8,0.0,0.0,0.0,0.0,0.0,213
2023-05-11 09:36:47,IO2312-C-4400,IO2312-C-4400,57.8,0.0,0.0,0.0,6,55.4,58.4,6,57.8,0.0,0.0,0.0,0.0,0.0,213
2023-05-11 09:36:48,IO2312-C-4400,IO2312-C-4400,57.8,0.0,0.0,0.0,9,55.4,58.4,6,57.8,0.0,0.0,0.0,0.0,0.0,213
2023-05-11 09:36:48,IO2312-C-4400,IO2312-C-4400,57.8,0.0,0.0,0.0,6,55.6,58.4,6,57.8,0.0,0.0,0.0,0.0,0.0,213
2023-05-11 09:36:59,IO2312-C-4400,IO2312-C-4400,57.8,0.0,0.0,0.0,6,55.6,58.4,3,57.8,0.0,0.0,0.0,0.0,0.0,213
2023-05-11 09:36:59,IO2312-C-4400,IO2312-C-4400,57.8,0.0,0.0,0.0,3,55.6,58.4,3,57.8,0.0,0.0,0.0,0.0,0.0,213
2023-05-11 09:37:00,IO2312-C-4400,IO2312-C-4400,57.8,0.0,0.0,0.0,6,55.8,58.4,9,57.8,0.0,0.0,0.0,0.0,0.0,213
2023-05-11 09:37:00,IO2312-C-4400,IO2312-C-4400,57.8,0.0,0.0,0.0,6,55.4,58.2,3,57.8,0.0,0.0,0.0,0.0,0.0,213
2023-05-11 09:37:01,IO2312-C-4400,IO2312-C-4400,57.8,0.0,0.0,0.0,9,55.4,58.2,3,57.8,0.0,0.0,0.0,0.0,0.0,213
2023-05-11 09:37:01,IO2312-C-4400,IO2312-C-4400,57.8,0.0,0.0,0.0,6,55.6,58.2,3,57.8,0.0,0.0,0.0,0.0,0.0,213
2023-05-11 09:37:02,IO2312-C-4400,IO2312-C-4400,57.8,0.0,0.0,0.0,6,55.6,58.2,6,57.8,0.0,0.0,0.0,0.0,0.0,213
2023-05-11 09:37:02,IO2312-C-4400,IO2312-C-4400,57.8,0.0,0.0,0.0,6,55.4,58.2,9,57.8,0.0,0.0,0.0,0.0,0.0,213
2023-05-11 09:37:03,IO2312-C-4400,IO2312-C-4400,57.8,0.0,0.0,0.0,6,55.4,58.0,3,57.8,0.0,0.0,0.0,0.0,0.0,213
2023-05-11 09:37:08,IO2312-C-4400,IO2312-C-4400,57.8,0.0,0.0,0.0,6,55.4,58.0,9,57.8,0.0,0.0,0.0,0.0,0.0,213
2023-05-11 09:37:11,IO2312-C-4400,IO2312-C-4400,57.8,0.0,0.0,0.0,24,55.2,57.8,6,57.8,0.0,0.0,0.0,0.0,0.0,213
2023-05-11 09:37:12,IO2312-C-4400,IO2312-C-4400,57.8,0.0,0.0,0.0,6,55.4,58.0,10,57.8,0.0,0.0,0.0,0.0,0.0,213
2023-05-11 09:37:13,IO2312-C-4400,IO2312-C-4400,57.8,0.0,0.0,0.0,6,55.4,58.0,13,57.8,0.0,0.0,0.0,0.0,0.0,213
2023-05-11 09:37:13,IO2312-C-4400,IO2312-C-4400,57.8,0.0,0.0,0.0,6,55.4,58.0,19,57.8,0.0,0.0,0.0,0.0,0.0,213
2023-05-11 09:37:14,IO2312-C-4400,IO2312-C-4400,57.8,0.0,0.0,0.0,6,55.4,58.0,16,57.8,0.0,0.0,0.0,0.0,0.0,213
2023-05-11 09:37:15,IO2312-C-4400,IO2312-C-4400,57.8,0.0,0.0,0.0,6,55.4,57.8,6,57.8,0.0,0.0,0.0,0.0,0.0,213
2023-05-11 09:37:17,IO2312-C-4400,IO2312-C-4400,57.8,0.0,0.0,0.0,24,55.2,57.8,9,57.8,0.0,0.0,0.0,0.0,0.0,213
2023-05-11 09:37:17,IO2312-C-4400,IO2312-C-4400,57.8,0.0,0.0,0.0,6,55.4,57.6,6,57.8,0.0,0.0,0.0,0.0,0.0,213
2023-05-11 09:37:18,IO2312-C-4400,IO2312-C-4400,57.8,0.0,0.0,0.0,6,55.4,57.6,9,57.8,0.0,0.0,0.0,0.0,0.0,213
2023-05-11 09:37:19,IO2312-C-4400,IO2312-C-4400,57.8,0.0,0.0,0.0,6,55.4,57.6,6,57.8,0.0,0.0,0.0,0.0,0.0,213
2023-05-11 09:37:21,IO2312-C-4400,IO2312-C-4400,57.8,0.0,0.0,0.0,6,55.4,57.8,15,57.8,0.0,0.0,0.0,0.0,0.0,213
2023-05-11 09:37:22,IO2312-C-4400,IO2312-C-4400,57.8,0.0,0.0,0.0,6,55.4,57.8,9,57.8,0.0,0.0,0.0,0.0,0.0,213
2023-05-11 09:37:22,IO2312-C-4400,IO2312-C-4400,57.8,0.0,0.0,0.0,6,55.4,58.0,30,57.8,0.0,0.0,0.0,0.0,0.0,213
2023-05-11 09:37:23,IO2312-C-4400,IO2312-C-4400,57.8,0.0,0.0,0.0,6,55.4,58.0,12,57.8,0.0,0.0,0.0,0.0,0.0,213
2023-05-11 09:37:23,IO2312-C-4400,IO2312-C-4400,57.8,0.0,0.0,0.0,6,55.4,58.2,30,57.8,0.0,0.0,0.0,0.0,0.0,213
2023-05-11 09:37:24,IO2312-C-4400,IO2312-C-4400,57.8,0.0,0.0,0.0,6,55.6,58.2,21,57.8,0.0,0.0,0.0,0.0,0.0,213
2023-05-11 09:37:24,IO2312-C-4400,IO2312-C-4400,57.8,0.0,0.0,0.0,6,55.8,58.0,6,57.8,0.0,0.0,0.0,0.0,0.0,213
2023-05-11 09:37:25,IO2312-C-4400,IO2312-C-4400,57.8,0.0,0.0,0.0,6,55.4,58.0,6,57.8,0.0,0.0,0.0,0.0,0.0,213
2023-05-11 09:37:25,IO2312-C-4400,IO2312-C-4400,57.8,0.0,0.0,0.0,6,55.4,58.0,3,57.8,0.0,0.0,0.0,0.0,0.0,213
2023-05-11 09:37:26,IO2312-C-4400,IO2312-C-4400,57.8,0.0,0.0,0.0,6,55.4,57.6,1,57.8,0.0,0.0,0.0,0.0,0.0,213
2023-05-11 09:37:28,IO2312-C-4400,IO2312-C-4400,57.8,0.0,0.0,0.0,6,55.4,58.0,9,57.8,0.0,0.0,0.0,0.0,0.0,213
2023-05-11 09:37:28,IO2312-C-4400,IO2312-C-4400,57.8,0.0,0.0,0.0,6,55.4,57.8,3,57.8,0.0,0.0,0.0,0.0,0.0,213
2023-05-11 09:37:29,IO2312-C-4400,IO2312-C-4400,57.8,0.0,0.0,0.0,6,55.4,57.8,6,57.8,0.0,0.0,0.0,0.0,0.0,213
2023-05-11 09:37:30,IO2312-C-4400,IO2312-C-4400,57.8,0.0,0.0,0.0,6,55.4,57.8,3,57.8,0.0,0.0,0.0,0.0,0.0,213
2023-05-11 09:37:31,IO2312-C-4400,IO2312-C-4400,57.8,0.0,0.0,0.0,6,55.4,57.8,9,57.8,0.0,0.0,0.0,0.0,0.0,213
2023-05-11 09:37:35,IO2312-C-4400,IO2312-C-4400,57.8,0.0,0.0,0.0,6,55.4,57.8,3,57.8,0.0,0.0,0.0,0.0,0.0,213
2023-05-11 09:37:43,IO2312-C-4400,IO2312-C-4400,57.8,0.0,0.0,0.0,6,55.4,57.8,6,57.8,0.0,0.0,0.0,0.0,0.0,213
2023-05-11 09:37:45,IO2312-C-4400,IO2312-C-4400,57.8,0.0,0.0,0.0,6,55.4,57.8,12,57.8,0.0,0.0,0.0,0.0,0.0,213
2023-05-11 09:37:47,IO2312-C-4400,IO2312-C-4400,57.8,0.0,0.0,0.0,6,55.4,57.8,3,57.8,0.0,0.0,0.0,0.0,0.0,213
2023-05-11 09:37:47,IO2312-C-4400,IO2312-C-4400,57.8,0.0,0.0,0.0,6,55.4,57.8,9,57.8,0.0,0.0,0.0,0.0,0.0,213
2023-05-11 09:37:48,IO2312-C-4400,IO2312-C-4400,57.8,0.0,0.0,0.0,6,55.4,57.8,12,57.8,0.0,0.0,0.0,0.0,0.0,213
2023-05-11 09:37:49,IO2312-C-4400,IO2312-C-4400,57.8,0.0,0.0,0.0,6,55.4,57.8,3,57.8,0.0,0.0,0.0,0.0,0.0,213
2023-05-11 09:37:50,IO2312-C-4400,IO2312-C-4400,57.8,0.0,0.0,0.0,6,55.4,58.2,36,57.8,0.0,0.0,0.0,0.0,0.0,213
2023-05-11 09:37:50,IO2312-C-4400,IO2312-C-4400,57.8,0.0,0.0,0.0,6,55.6,58.2,15,57.8,0.0,0.0,0.0,0.0,0.0,213
2023-05-11 09:37:51,IO2312-C-4400,IO2312-C-4400,57.8,0.0,0.0,0.0,6,55.8,58.2,12,57.8,0.0,0.0,0.0,0.0,0.0,213
2023-05-11 09:37:51,IO2312-C-4400,IO2312-C-4400,57.8,0.0,0.0,0.0,6,55.4,58.2,6,57.8,0.0,0.0,0.0,0.0,0.0,213
2023-05-11 09:37:55,IO2312-C-4400,IO2312-C-4400,57.8,0.0,0.0,0.0,6,55.4,58.2,3,57.8,0.0,0.0,0.0,0.0,0.0,213
2023-05-11 09:37:55,IO2312-C-4400,IO2312-C-4400,57.8,0.0,0.0,0.0,9,55.4,58.2,3,57.8,0.0,0.0,0.0,0.0,0.0,213
2023-05-11 09:37:56,IO2312-C-4400,IO2312-C-4400,57.8,0.0,0.0,0.0,6,55.6,58.2,9,57.8,0.0,0.0,0.0,0.0,0.0,213
2023-05-11 09:37:56,IO2312-C-4400,IO2312-C-4400,57.8,0.0,0.0,0.0,6,55.6,58.2,12,57.8,0.0,0.0,0.0,0.0,0.0,213
2023-05-11 09:37:57,IO2312-C-4400,IO2312-C-4400,57.8,0.0,0.0,0.0,6,55.4,58.2,3,57.8,0.0,0.0,0.0,0.0,0.0,213
2023-05-11 09:37:57,IO2312-C-4400,IO2312-C-4400,57.8,0.0,0.0,0.0,9,55.4,58.2,3,57.8,0.0,0.0,0.0,0.0,0.0,213
2023-05-11 09:37:58,IO2312-C-4400,IO2312-C-4400,57.8,0.0,0.0,0.0,6,55.6,58.2,9,57.8,0.0,0.0,0.0,0.0,0.0,213
2023-05-11 09:37:58,IO2312-C-4400,IO2312-C-4400,57.8,0.0,0.0,0.0,6,55.6,58.2,12,57.8,0.0,0.0,0.0,0.0,0.0,213
2023-05-11 09:37:59,IO2312-C-4400,IO2312-C-4400,57.8,0.0,0.0,0.0,6,55.4,58.2,6,57.8,0.0,0.0,0.0,0.0,0.0,213
2023-05-11 09:38:00,IO2312-C-4400,IO2312-C-4400,57.8,0.0,0.0,0.0,6,55.4,58.2,3,57.8,0.0,0.0,0.0,0.0,0.0,213
2023-05-11 09:38:01,IO2312-C-4400,IO2312-C-4400,57.8,0.0,0.0,0.0,9,55.4,58.2,3,57.8,0.0,0.0,0.0,0.0,0.0,213
2023-05-11 09:38:02,IO2312-C-4400,IO2312-C-4400,57.8,0.0,0.0,0.0,6,55.6,58.2,3,57.8,0.0,0.0,0.0,0.0,0.0,213
2023-05-11 09:38:02,IO2312-C-4400,IO2312-C-4400,57.8,0.0,0.0,0.0,9,55.6,58.2,6,57.8,0.0,0.0,0.0,0.0,0.0,213
2023-05-11 09:38:03,IO2312-C-4400,IO2312-C-4400,57.8,0.0,0.0,0.0,6,55.8,58.2,9,57.8,0.0,0.0,0.0,0.0,0.0,213
2023-05-11 09:38:03,IO2312-C-4400,IO2312-C-4400,57.8,0.0,0.0,0.0,9,55.8,58.2,9,57.8,0.0,0.0,0.0,0.0,0.0,213
2023-05-11 09:38:04,IO2312-C-4400,IO2312-C-4400,57.8,0.0,0.0,0.0,6,56.0,58.2,3,57.8,0.0,0.0,0.0,0.0,0.0,213
2023-05-11 09:38:05,IO2312-C-4400,IO2312-C-4400,57.8,0.0,0.0,0.0,6,55.4,58.4,25,57.8,0.0,0.0,0.0,0.0,0.0,213
2023-05-11 09:38:05,IO2312-C-4400,IO2312-C-4400,57.8,0.0,0.0,0.0,9,55.4,58.4,16,57.8,0.0,0.0,0.0,0.0,0.0,213
2023-05-11 09:38:06,IO2312-C-4400,IO2312-C-4400,57.8,0.0,0.0,0.0,6,55.6,58.4,10,57.8,0.0,0.0,0.0,0.0,0.0,213
2023-05-11 09:38:06,IO2312-C-4400,IO2312-C-4400,57.8,0.0,0.0,0.0,9,55.6,58.4,4,57.8,0.0,0.0,0.0,0.0,0.0,213
2023-05-11 09:38:07,IO2312-C-4400,IO2312-C-4400,57.8,0.0,0.0,0.0,6,55.8,58.4,4,57.8,0.0,0.0,0.0,0.0,0.0,213
2023-05-11 09:38:07,IO2312-C-4400,IO2312-C-4400,57.8,0.0,0.0,0.0,9,55.8,58.4,4,57.8,0.0,0.0,0.0,0.0,0.0,213
2023-05-11 09:38:08,IO2312-C-4400,IO2312-C-4400,57.8,0.0,0.0,0.0,6,56.0,58.4,4,57.8,0.0,0.0,0.0,0.0,0.0,213
2023-05-11 09:38:08,IO2312-C-4400,IO2312-C-4400,57.8,0.0,0.0,0.0,9,56.0,58.4,4,57.8,0.0,0.0,0.0,0.0,0.0,213
2023-05-11 09:38:09,IO2312-C-4400,IO2312-C-4400,57.8,0.0,0.0,0.0,6,56.2,58.4,10,57.8,0.0,0.0,0.0,0.0,0.0,213
2023-05-11 09:38:09,IO2312-C-4400,IO2312-C-4400,57.8,0.0,0.0,0.0,3,56.4,58.4,10,57.8,0.0,0.0,0.0,0.0,0.0,213
2023-05-11 09:38:10,IO2312-C-4400,IO2312-C-4400,57.8,0.0,0.0,0.0,9,56.4,58.2,6,57.8,0.0,0.0,0.0,0.0,0.0,213
2023-05-11 09:38:12,IO2312-C-4400,IO2312-C-4400,57.8,0.0,0.0,0.0,3,56.4,58.4,6,57.8,0.0,0.0,0.0,0.0,0.0,213
2023-05-11 09:38:13,IO2312-C-4400,IO2312-C-4400,57.8,0.0,0.0,0.0,6,56.2,58.4,6,57.8,0.0,0.0,0.0,0.0,0.0,213
2023-05-11 09:38:13,IO2312-C-4400,IO2312-C-4400,57.8,0.0,0.0,0.0,6,55.4,58.6,24,57.8,0.0,0.0,0.0,0.0,0.0,213
2023-05-11 09:38:14,IO2312-C-4400,IO2312-C-4400,57.8,0.0,0.0,0.0,9,55.4,58.6,21,57.8,0.0,0.0,0.0,0.0,0.0,213
2023-05-11 09:38:14,IO2312-C-4400,IO2312-C-4400,57.8,0.0,0.0,0.0,6,55.6,58.6,21,57.8,0.0,0.0,0.0,0.0,0.0,213
2023-05-11 09:38:15,IO2312-C-4400,IO2312-C-4400,57.8,0.0,0.0,0.0,9,55.6,58.6,21,57.8,0.0,0.0,0.0,0.0,0.0,213
2023-05-11 09:38:15,IO2312-C-4400,IO2312-C-4400,57.8,0.0,0.0,0.0,6,55.8,58.6,21,57.8,0.0,0.0,0.0,0.0,0.0,213
2023-05-11 09:38:16,IO2312-C-4400,IO2312-C-4400,57.8,0.0,0.0,0.0,9,55.8,58.6,21,57.8,0.0,0.0,0.0,0.0,0.0,213
2023-05-11 09:38:16,IO2312-C-4400,IO2312-C-4400,57.8,0.0,0.0,0.0,6,56.0,58.4,6,57.8,0.0,0.0,0.0,0.0,0.0,213
2023-05-11 09:38:17,IO2312-C-4400,IO2312-C-4400,57.8,0.0,0.0,0.0,3,56.4,58.4,9,57.8,0.0,0.0,0.0,0.0,0.0,213
2023-05-11 09:38:17,IO2312-C-4400,IO2312-C-4400,57.8,0.0,0.0,0.0,6,56.2,58.2,6,57.8,0.0,0.0,0.0,0.0,0.0,213
2023-05-11 09:38:18,IO2312-C-4400,IO2312-C-4400,57.8,0.0,0.0,0.0,6,55.4,58.6,18,57.8,0.0,0.0,0.0,0.0,0.0,213
2023-05-11 09:38:18,IO2312-C-4400,IO2312-C-4400,57.8,0.0,0.0,0.0,9,55.4,58.4,3,57.8,0.0,0.0,0.0,0.0,0.0,213
2023-05-11 09:38:19,IO2312-C-4400,IO2312-C-4400,57.8,0.0,0.0,0.0,6,55.6,58.4,3,57.8,0.0,0.0,0.0,0.0,0.0,213
2023-05-11 09:38:19,IO2312-C-4400,IO2312-C-4400,57.8,0.0,0.0,0.0,9,55.6,58.4,3,57.8,0.0,0.0,0.0,0.0,0.0,213
2023-05-11 09:38:20,IO2312-C-4400,IO2312-C-4400,57.8,0.0,0.0,0.0,6,55.8,58.4,3,57.8,0.0,0.0,0.0,0.0,0.0,213
2023-05-11 09:38:20,IO2312-C-4400,IO2312-C-4400,57.8,0.0,0.0,0.0,9,55.8,58.4,3,57.8,0.0,0.0,0.0,0.0,0.0,213
2023-05-11 09:38:21,IO2312-C-4400,IO2312-C-4400,57.8,0.0,0.0,0.0,6,56.0,58.4,9,57.8,0.0,0.0,0.0,0.0,0.0,213
2023-05-11 09:38:21,IO2312-C-4400,IO2312-C-4400,57.8,0.0,0.0,0.0,3,56.2,58.4,9,57.8,0.0,0.0,0.0,0.0,0.0,213
2023-05-11 09:38:22,IO2312-C-4400,IO2312-C-4400,57.8,0.0,0.0,0.0,9,56.2,58.2,6,57.8,0.0,0.0,0.0,0.0,0.0,213
2023-05-11 09:38:23,IO2312-C-4400,IO2312-C-4400,57.8,0.0,0.0,0.0,3,56.2,58.4,6,57.8,0.0,0.0,0.0,0.0,0.0,213
2023-05-11 09:38:23,IO2312-C-4400,IO2312-C-4400,57.8,0.0,0.0,0.0,3,56.2,58.4,9,57.8,0.0,0.0,0.0,0.0,0.0,213
2023-05-11 09:38:24,IO2312-C-4400,IO2312-C-4400,57.8,0.0,0.0,0.0,9,56.2,58.2,6,57.8,0.0,0.0,0.0,0.0,0.0,213
2023-05-11 09:38:24,IO2312-C-4400,IO2312-C-4400,57.8,0.0,0.0,0.0,3,56.2,58.4,6,57.8,0.0,0.0,0.0,0.0,0.0,213
2023-05-11 09:38:25,IO2312-C-4400,IO2312-C-4400,57.8,0.0,0.0,0.0,9,56.2,58.4,6,57.8,0.0,0.0,0.0,0.0,0.0,213
2023-05-11 09:38:26,IO2312-C-4400,IO2312-C-4400,57.8,0.0,0.0,0.0,3,56.2,58.4,6,57.8,0.0,0.0,0.0,0.0,0.0,213
2023-05-11 09:38:27,IO2312-C-4400,IO2312-C-4400,57.8,0.0,0.0,0.0,3,56.2,58.4,9,57.8,0.0,0.0,0.0,0.0,0.0,213
2023-05-11 09:38:28,IO2312-C-4400,IO2312-C-4400,57.8,0.0,0.0,0.0,3,56.2,58.2,6,57.8,0.0,0.0,0.0,0.0,0.0,213
2023-05-11 09:38:28,IO2312-C-4400,IO2312-C-4400,57.8,0.0,0.0,0.0,3,56.2,58.4,6,57.8,0.0,0.0,0.0,0.0,0.0,213
2023-05-11 09:38:34,IO2312-C-4400,IO2312-C-4400,57.8,0.0,0.0,0.0,9,56.2,58.4,6,57.8,0.0,0.0,0.0,0.0,0.0,213
2023-05-11 09:38:35,IO2312-C-4400,IO2312-C-4400,57.8,0.0,0.0,0.0,6,56.2,58.4,6,57.8,0.0,0.0,0.0,0.0,0.0,213
2023-05-11 09:38:36,IO2312-C-4400,IO2312-C-4400,57.8,0.0,0.0,0.0,6,55.4,58.6,12,57.8,0.0,0.0,0.0,0.0,0.0,213
2023-05-11 09:38:36,IO2312-C-4400,IO2312-C-4400,57.8,0.0,0.0,0.0,9,55.4,58.6,9,57.8,0.0,0.0,0.0,0.0,0.0,213
2023-05-11 09:38:37,IO2312-C-4400,IO2312-C-4400,57.8,0.0,0.0,0.0,6,55.6,58.6,3,57.8,0.0,0.0,0.0,0.0,0.0,213
2023-05-11 09:38:37,IO2312-C-4400,IO2312-C-4400,57.8,0.0,0.0,0.0,9,55.6,58.6,3,57.8,0.0,0.0,0.0,0.0,0.0,213
2023-05-11 09:38:38,IO2312-C-4400,IO2312-C-4400,57.8,0.0,0.0,0.0,6,55.8,58.6,3,57.8,0.0,0.0,0.0,0.0,0.0,213
2023-05-11 09:38:38,IO2312-C-4400,IO2312-C-4400,57.8,0.0,0.0,0.0,9,55.8,58.6,3,57.8,0.0,0.0,0.0,0.0,0.0,213
2023-05-11 09:38:39,IO2312-C-4400,IO2312-C-4400,57.8,0.0,0.0,0.0,6,56.0,58.6,3,57.8,0.0,0.0,0.0,0.0,0.0,213
2023-05-11 09:38:39,IO2312-C-4400,IO2312-C-4400,57.8,0.0,0.0,0.0,9,56.0,58.6,3,57.8,0.0,0.0,0.0,0.0,0.0,213
2023-05-11 09:38:40,IO2312-C-4400,IO2312-C-4400,57.8,0.0,0.0,0.0,6,56.2,58.6,9,57.8,0.0,0.0,0.0,0.0,0.0,213
2023-05-11 09:38:40,IO2312-C-4400,IO2312-C-4400,57.8,0.0,0.0,0.0,6,55.4,58.6,3,57.8,0.0,0.0,0.0,0.0,0.0,213
2023-05-11 09:38:41,IO2312-C-4400,IO2312-C-4400,57.8,0.0,0.0,0.0,9,55.4,58.6,3,57.8,0.0,0.0,0.0,0.0,0.0,213
2023-05-11 09:38:41,IO2312-C-4400,IO2312-C-4400,57.8,0.0,0.0,0.0,6,55.6,58.6,3,57.8,0.0,0.0,0.0,0.0,0.0,213
2023-05-11 09:38:42,IO2312-C-4400,IO2312-C-4400,57.8,0.0,0.0,0.0,9,55.6,58.6,3,57.8,0.0,0.0,0.0,0.0,0.0,213
2023-05-11 09:38:42,IO2312-C-4400,IO2312-C-4400,57.8,0.0,0.0,0.0,6,55.8,58.6,3,57.8,0.0,0.0,0.0,0.0,0.0,213
2023-05-11 09:38:43,IO2312-C-4400,IO2312-C-4400,57.8,0.0,0.0,0.0,9,55.8,58.6,3,57.8,0.0,0.0,0.0,0.0,0.0,213
2023-05-11 09:38:43,IO2312-C-4400,IO2312-C-4400,57.8,0.0,0.0,0.0,6,56.0,58.6,3,57.8,0.0,0.0,0.0,0.0,0.0,213
2023-05-11 09:38:44,IO2312-C-4400,IO2312-C-4400,57.8,0.0,0.0,0.0,9,56.0,58.6,3,57.8,0.0,0.0,0.0,0.0,0.0,213
2023-05-11 09:38:44,IO2312-C-4400,IO2312-C-4400,57.8,0.0,0.0,0.0,6,56.2,58.6,9,57.8,0.0,0.0,0.0,0.0,0.0,213
2023-05-11 09:38:45,IO2312-C-4400,IO2312-C-4400,57.8,0.0,0.0,0.0,3,56.4,58.6,6,57.8,0.0,0.0,0.0,0.0,0.0,213
2023-05-11 09:38:45,IO2312-C-4400,IO2312-C-4400,57.8,0.0,0.0,0.0,9,56.4,58.6,6,57.8,0.0,0.0,0.0,0.0,0.0,213
2023-05-11 09:38:46,IO2312-C-4400,IO2312-C-4400,57.8,0.0,0.0,0.0,9,56.4,58.6,9,57.8,0.0,0.0,0.0,0.0,0.0,213
2023-05-11 09:38:46,IO2312-C-4400,IO2312-C-4400,57.8,0.0,0.0,0.0,6,56.6,58.4,6,57.8,0.0,0.0,0.0,0.0,0.0,213
2023-05-11 09:38:47,IO2312-C-4400,IO2312-C-4400,57.8,0.0,0.0,0.0,9,56.4,58.4,6,57.8,0.0,0.0,0.0,0.0,0.0,213
2023-05-11 09:38:47,IO2312-C-4400,IO2312-C-4400,57.8,0.0,0.0,0.0,3,56.4,58.6,6,57.8,0.0,0.0,0.0,0.0,0.0,213
2023-05-11 09:38:48,IO2312-C-4400,IO2312-C-4400,57.8,0.0,0.0,0.0,3,56.4,58.6,9,57.8,0.0,0.0,0.0,0.0,0.0,213
2023-05-11 09:38:48,IO2312-C-4400,IO2312-C-4400,57.8,0.0,0.0,0.0,9,56.4,58.4,6,57.8,0.0,0.0,0.0,0.0,0.0,213
2023-05-11 09:38:49,IO2312-C-4400,IO2312-C-4400,57.8,0.0,0.0,0.0,3,56.4,58.6,6,57.8,0.0,0.0,0.0,0.0,0.0,213
2023-05-11 09:38:57,IO2312-C-4400,IO2312-C-4400,57.8,0.0,0.0,0.0,6,56.4,58.6,6,57.8,0.0,0.0,0.0,0.0,0.0,213
2023-05-11 09:38:57,IO2312-C-4400,IO2312-C-4400,57.8,0.0,0.0,0.0,6,55.4,58.8,30,57.8,0.0,0.0,0.0,0.0,0.0,213
2023-05-11 09:38:58,IO2312-C-4400,IO2312-C-4400,57.8,0.0,0.0,0.0,9,55.4,58.8,15,57.8,0.0,0.0,0.0,0.0,0.0,213
2023-05-11 09:38:58,IO2312-C-4400,IO2312-C-4400,57.8,0.0,0.0,0.0,12,55.6,58.8,9,57.8,0.0,0.0,0.0,0.0,0.0,213
2023-05-11 09:38:59,IO2312-C-4400,IO2312-C-4400,57.8,0.0,0.0,0.0,6,55.8,58.8,3,57.8,0.0,0.0,0.0,0.0,0.0,213
2023-05-11 09:38:59,IO2312-C-4400,IO2312-C-4400,57.8,0.0,0.0,0.0,9,55.8,58.8,3,57.8,0.0,0.0,0.0,0.0,0.0,213
2023-05-11 09:39:00,IO2312-C-4400,IO2312-C-4400,57.8,0.0,0.0,0.0,6,56.0,58.8,3,57.8,0.0,0.0,0.0,0.0,0.0,213
2023-05-11 09:39:00,IO2312-C-4400,IO2312-C-4400,57.8,0.0,0.0,0.0,15,56.0,58.8,3,57.8,0.0,0.0,0.0,0.0,0.0,213
2023-05-11 09:39:01,IO2312-C-4400,IO2312-C-4400,57.8,0.0,0.0,0.0,6,56.2,58.8,3,57.8,0.0,0.0,0.0,0.0,0.0,213
2023-05-11 09:39:01,IO2312-C-4400,IO2312-C-4400,57.8,0.0,0.0,0.0,9,56.2,59.0,19,57.8,0.0,0.0,0.0,0.0,0.0,213
2023-05-11 09:39:02,IO2312-C-4400,IO2312-C-4400,57.8,0.0,0.0,0.0,6,56.4,59.0,10,57.8,0.0,0.0,0.0,0.0,0.0,213
2023-05-11 09:39:02,IO2312-C-4400,IO2312-C-4400,57.8,0.0,0.0,0.0,9,56.4,59.0,4,57.8,0.0,0.0,0.0,0.0,0.0,213
2023-05-11 09:39:03,IO2312-C-4400,IO2312-C-4400,57.8,0.0,0.0,0.0,6,56.6,59.0,10,57.8,0.0,0.0,0.0,0.0,0.0,213
2023-05-11 09:39:03,IO2312-C-4400,IO2312-C-4400,57.8,0.0,0.0,0.0,3,56.8,59.0,10,57.8,0.0,0.0,0.0,0.0,0.0,213
2023-05-11 09:39:04,IO2312-C-4400,IO2312-C-4400,57.8,0.0,0.0,0.0,9,56.8,58.8,6,57.8,0.0,0.0,0.0,0.0,0.0,213
2023-05-11 09:39:04,IO2312-C-4400,IO2312-C-4400,57.8,0.0,0.0,0.0,6,56.8,58.8,9,57.8,0.0,0.0,0.0,0.0,0.0,213
2023-05-11 09:39:05,IO2312-C-4400,IO2312-C-4400,57.8,0.0,0.0,0.0,6,56.2,59.0,7,57.8,0.0,0.0,0.0,0.0,0.0,213
2023-05-11 09:39:05,IO2312-C-4400,IO2312-C-4400,57.8,0.0,0.0,0.0,9,56.2,59.0,4,57.8,0.0,0.0,0.0,0.0,0.0,213
2023-05-11 09:39:06,IO2312-C-4400,IO2312-C-4400,57.8,0.0,0.0,0.0,6,56.4,59.0,4,57.8,0.0,0.0,0.0,0.0,0.0,213
2023-05-11 09:39:06,IO2312-C-4400,IO2312-C-4400,57.8,0.0,0.0,0.0,3,56.6,59.0,4,57.8,0.0,0.0,0.0,0.0,0.0,213
2023-05-11 09:39:07,IO2312-C-4400,IO2312-C-4400,57.8,0.0,0.0,0.0,6,56.8,58.8,6,57.8,0.0,0.0,0.0,0.0,0.0,213
2023-05-11 09:39:07,IO2312-C-4400,IO2312-C-4400,57.8,0.0,0.0,0.0,9,56.8,58.8,6,57.8,0.0,0.0,0.0,0.0,0.0,213
2023-05-11 09:39:08,IO2312-C-4400,IO2312-C-4400,57.8,0.0,0.0,0.0,6,56.8,58.8,6,57.8,0.0,0.0,0.0,0.0,0.0,213
2023-05-11 09:39:08,IO2312-C-4400,IO2312-C-4400,57.8,0.0,0.0,0.0,6,56.2,59.0,7,57.8,0.0,0.0,0.0,0.0,0.0,213
2023-05-11 09:39:09,IO2312-C-4400,IO2312-C-4400,57.8,0.0,0.0,0.0,9,56.2,59.0,4,57.8,0.0,0.0,0.0,0.0,0.0,213
2023-05-11 09:39:09,IO2312-C-4400,IO2312-C-4400,57.8,0.0,0.0,0.0,6,56.4,59.0,4,57.8,0.0,0.0,0.0,0.0,0.0,213
2023-05-11 09:39:10,IO2312-C-4400,IO2312-C-4400,57.8,0.0,0.0,0.0,3,56.8,59.0,4,57.8,0.0,0.0,0.0,0.0,0.0,213
2023-05-11 09:39:10,IO2312-C-4400,IO2312-C-4400,57.8,0.0,0.0,0.0,9,56.8,58.8,6,57.8,0.0,0.0,0.0,0.0,0.0,213
2023-05-11 09:39:11,IO2312-C-4400,IO2312-C-4400,57.8,0.0,0.0,0.0,6,56.8,58.8,9,57.8,0.0,0.0,0.0,0.0,0.0,213
2023-05-11 09:39:11,IO2312-C-4400,IO2312-C-4400,57.8,0.0,0.0,0.0,6,56.2,58.8,3,57.8,0.0,0.0,0.0,0.0,0.0,213
2023-05-11 09:39:12,IO2312-C-4400,IO2312-C-4400,57.8,0.0,0.0,0.0,3,56.4,58.8,3,57.8,0.0,0.0,0.0,0.0,0.0,213
2023-05-11 09:39:12,IO2312-C-4400,IO2312-C-4400,57.8,0.0,0.0,0.0,6,56.6,58.8,9,57.8,0.0,0.0,0.0,0.0,0.0,213
2023-05-11 09:39:13,IO2312-C-4400,IO2312-C-4400,57.8,0.0,0.0,0.0,9,56.4,58.6,6,57.8,0.0,0.0,0.0,0.0,0.0,213
2023-05-11 09:39:13,IO2312-C-4400,IO2312-C-4400,57.8,0.0,0.0,0.0,9,56.4,58.6,9,57.8,0.0,0.0,0.0,0.0,0.0,213
2023-05-11 09:39:14,IO2312-C-4400,IO2312-C-4400,57.8,0.0,0.0,0.0,6,56.6,58.4,6,57.8,0.0,0.0,0.0,0.0,0.0,213
2023-05-11 09:39:14,IO2312-C-4400,IO2312-C-4400,57.8,0.0,0.0,0.0,9,56.4,58.6,6,57.8,0.0,0.0,0.0,0.0,0.0,213
2023-05-11 09:39:15,IO2312-C-4400,IO2312-C-4400,57.8,0.0,0.0,0.0,3,56.4,58.8,6,57.8,0.0,0.0,0.0,0.0,0.0,213
2023-05-11 09:39:15,IO2312-C-4400,IO2312-C-4400,57.8,0.0,0.0,0.0,6,56.2,58.8,9,57.8,0.0,0.0,0.0,0.0,0.0,213
2023-05-11 09:39:16,IO2312-C-4400,IO2312-C-4400,57.8,0.0,0.0,0.0,9,56.2,58.8,9,57.8,0.0,0.0,0.0,0.0,0.0,213
2023-05-11 09:39:17,IO2312-C-4400,IO2312-C-4400,57.8,0.0,0.0,0.0,6,56.4,58.6,6,57.8,0.0,0.0,0.0,0.0,0.0,213
2023-05-11 09:39:19,IO2312-C-4400,IO2312-C-4400,57.8,0.0,0.0,0.0,9,56.4,58.6,6,57.8,0.0,0.0,0.0,0.0,0.0,213
2023-05-11 09:39:20,IO2312-C-4400,IO2312-C-4400,57.8,0.0,0.0,0.0,3,56.4,58.8,6,57.8,0.0,0.0,0.0,0.0,0.0,213
2023-05-11 09:39:21,IO2312-C-4400,IO2312-C-4400,57.8,0.0,0.0,0.0,3,56.4,58.8,9,57.8,0.0,0.0,0.0,0.0,0.0,213
2023-05-11 09:39:21,IO2312-C-4400,IO2312-C-4400,57.8,0.0,0.0,0.0,36,56.0,58.6,6,57.8,0.0,0.0,0.0,0.0,0.0,213
2023-05-11 09:39:22,IO2312-C-4400,IO2312-C-4400,57.8,0.0,0.0,0.0,18,56.0,58.6,6,57.8,0.0,0.0,0.0,0.0,0.0,213
2023-05-11 09:39:22,IO2312-C-4400,IO2312-C-4400,57.8,0.0,0.0,0.0,3,56.2,58.6,6,57.8,0.0,0.0,0.0,0.0,0.0,213
2023-05-11 09:39:23,IO2312-C-4400,IO2312-C-4400,57.8,0.0,0.0,0.0,3,56.2,58.6,1,57.8,0.0,0.0,0.0,0.0,0.0,213
2023-05-11 09:39:24,IO2312-C-4400,IO2312-C-4400,57.8,0.0,0.0,0.0,9,56.2,58.4,6,57.8,0.0,0.0,0.0,0.0,0.0,213
2023-05-11 09:39:26,IO2312-C-4400,IO2312-C-4400,57.8,0.0,0.0,0.0,6,56.4,58.6,19,57.8,0.0,0.0,0.0,0.0,0.0,213
2023-05-11 09:39:26,IO2312-C-4400,IO2312-C-4400,57.8,0.0,0.0,0.0,9,56.4,58.6,13,57.8,0.0,0.0,0.0,0.0,0.0,213
2023-05-11 09:39:27,IO2312-C-4400,IO2312-C-4400,57.8,0.0,0.0,0.0,6,56.6,58.4,6,57.8,0.0,0.0,0.0,0.0,0.0,213
2023-05-11 09:39:29,IO2312-C-4400,IO2312-C-4400,57.8,0.0,0.0,0.0,3,56.4,58.4,6,57.8,0.0,0.0,0.0,0.0,0.0,213
2023-05-11 09:39:33,IO2312-C-4400,IO2312-C-4400,57.8,0.0,0.0,0.0,6,56.2,58.4,6,57.8,0.0,0.0,0.0,0.0,0.0,213
2023-05-11 09:39:33,IO2312-C-4400,IO2312-C-4400,57.8,0.0,0.0,0.0,6,56.0,58.6,13,57.8,0.0,0.0,0.0,0.0,0.0,213
2023-05-11 09:39:34,IO2312-C-4400,IO2312-C-4400,57.8,0.0,0.0,0.0,3,56.2,58.6,16,57.8,0.0,0.0,0.0,0.0,0.0,213
2023-05-11 09:39:34,IO2312-C-4400,IO2312-C-4400,57.8,0.0,0.0,0.0,9,56.2,58.4,6,57.8,0.0,0.0,0.0,0.0,0.0,213
2023-05-11 09:39:36,IO2312-C-4400,IO2312-C-4400,57.8,0.0,0.0,0.0,6,56.2,58.4,6,57.8,0.0,0.0,0.0,0.0,0.0,213
2023-05-11 09:39:36,IO2312-C-4400,IO2312-C-4400,57.8,0.0,0.0,0.0,6,56.0,58.6,13,57.8,0.0,0.0,0.0,0.0,0.0,213
2023-05-11 09:39:37,IO2312-C-4400,IO2312-C-4400,57.8,0.0,0.0,0.0,6,56.0,58.6,16,57.8,0.0,0.0,0.0,0.0,0.0,213
2023-05-11 09:39:37,IO2312-C-4400,IO2312-C-4400,57.8,0.0,0.0,0.0,3,56.4,58.6,16,57.8,0.0,0.0,0.0,0.0,0.0,213
2023-05-11 09:39:38,IO2312-C-4400,IO2312-C-4400,57.8,0.0,0.0,0.0,3,56.4,58.4,6,57.8,0.0,0.0,0.0,0.0,0.0,213
2023-05-11 09:39:40,IO2312-C-4400,IO2312-C-4400,57.8,0.0,0.0,0.0,6,56.2,58.4,6,57.8,0.0,0.0,0.0,0.0,0.0,213
2023-05-11 09:39:40,IO2312-C-4400,IO2312-C-4400,57.8,0.0,0.0,0.0,6,56.0,58.6,13,57.8,0.0,0.0,0.0,0.0,0.0,213
2023-05-11 09:39:41,IO2312-C-4400,IO2312-C-4400,57.8,0.0,0.0,0.0,3,56.2,58.6,13,57.8,0.0,0.0,0.0,0.0,0.0,213
2023-05-11 09:39:41,IO2312-C-4400,IO2312-C-4400,57.8,0.0,0.0,0.0,6,56.4,58.4,6,57.8,0.0,0.0,0.0,0.0,0.0,213
2023-05-11 09:39:42,IO2312-C-4400,IO2312-C-4400,57.8,0.0,0.0,0.0,9,56.4,58.4,6,57.8,0.0,0.0,0.0,0.0,0.0,213
2023-05-11 09:39:45,IO2312-C-4400,IO2312-C-4400,57.8,0.0,0.0,0.0,6,56.6,58.6,13,57.8,0.0,0.0,0.0,0.0,0.0,213
2023-05-11 09:39:46,IO2312-C-4400,IO2312-C-4400,57.8,0.0,0.0,0.0,6,56.0,58.6,7,57.8,0.0,0.0,0.0,0.0,0.0,213
2023-05-11 09:39:46,IO2312-C-4400,IO2312-C-4400,57.8,0.0,0.0,0.0,9,56.0,58.6,1,57.8,0.0,0.0,0.0,0.0,0.0,213
2023-05-11 09:39:47,IO2312-C-4400,IO2312-C-4400,57.8,0.0,0.0,0.0,12,56.2,58.6,1,57.8,0.0,0.0,0.0,0.0,0.0,213
2023-05-11 09:39:47,IO2312-C-4400,IO2312-C-4400,57.8,0.0,0.0,0.0,6,56.4,58.6,1,57.8,0.0,0.0,0.0,0.0,0.0,213
2023-05-11 09:39:48,IO2312-C-4400,IO2312-C-4400,57.8,0.0,0.0,0.0,3,56.6,58.6,1,57.8,0.0,0.0,0.0,0.0,0.0,213
2023-05-11 09:39:48,IO2312-C-4400,IO2312-C-4400,57.8,0.0,0.0,0.0,9,56.6,58.4,6,57.8,0.0,0.0,0.0,0.0,0.0,213
2023-05-11 09:40:10,IO2312-C-4400,IO2312-C-4400,57.8,0.0,0.0,0.0,3,56.6,58.4,6,57.8,0.0,0.0,0.0,0.0,0.0,213
2023-05-11 09:40:11,IO2312-C-4400,IO2312-C-4400,57.8,0.0,0.0,0.0,6,56.4,58.4,6,57.8,0.0,0.0,0.0,0.0,0.0,213
2023-05-11 09:40:11,IO2312-C-4400,IO2312-C-4400,57.8,0.0,0.0,0.0,6,56.0,58.6,7,57.8,0.0,0.0,0.0,0.0,0.0,213
2023-05-11 09:40:12,IO2312-C-4400,IO2312-C-4400,57.8,0.0,0.0,0.0,9,56.0,58.6,1,57.8,0.0,0.0,0.0,0.0,0.0,213
2023-05-11 09:40:12,IO2312-C-4400,IO2312-C-4400,57.8,0.0,0.0,0.0,6,56.2,58.6,7,57.8,0.0,0.0,0.0,0.0,0.0,213
2023-05-11 09:40:13,IO2312-C-4400,IO2312-C-4400,57.8,0.0,0.0,0.0,3,56.4,58.6,7,57.8,0.0,0.0,0.0,0.0,0.0,213
2023-05-11 09:40:13,IO2312-C-4400,IO2312-C-4400,57.8,0.0,0.0,0.0,9,56.4,58.4,6,57.8,0.0,0.0,0.0,0.0,0.0,213
2023-05-11 09:40:15,IO2312-C-4400,IO2312-C-4400,57.8,0.0,0.0,0.0,6,56.4,58.4,6,57.8,0.0,0.0,0.0,0.0,0.0,213
2023-05-11 09:40:15,IO2312-C-4400,IO2312-C-4400,57.8,0.0,0.0,0.0,6,56.0,58.6,1,57.8,0.0,0.0,0.0,0.0,0.0,213
2023-05-11 09:40:16,IO2312-C-4400,IO2312-C-4400,57.8,0.0,0.0,0.0,9,56.0,58.6,1,57.8,0.0,0.0,0.0,0.0,0.0,213
2023-05-11 09:40:16,IO2312-C-4400,IO2312-C-4400,57.8,0.0,0.0,0.0,6,56.2,58.6,1,57.8,0.0,0.0,0.0,0.0,0.0,213
2023-05-11 09:40:17,IO2312-C-4400,IO2312-C-4400,57.8,0.0,0.0,0.0,9,56.2,58.6,1,57.8,0.0,0.0,0.0,0.0,0.0,213
2023-05-11 09:40:17,IO2312-C-4400,IO2312-C-4400,57.8,0.0,0.0,0.0,6,56.4,58.6,1,57.8,0.0,0.0,0.0,0.0,0.0,213
2023-05-11 09:40:18,IO2312-C-4400,IO2312-C-4400,57.8,0.0,0.0,0.0,3,56.6,58.6,1,57.8,0.0,0.0,0.0,0.0,0.0,213
2023-05-11 09:40:18,IO2312-C-4400,IO2312-C-4400,57.8,0.0,0.0,0.0,6,56.8,58.6,7,57.8,0.0,0.0,0.0,0.0,0.0,213
2023-05-11 09:40:21,IO2312-C-4400,IO2312-C-4400,57.8,0.0,0.0,0.0,9,56.8,58.6,7,57.8,0.0,0.0,0.0,0.0,0.0,213
2023-05-11 09:40:23,IO2312-C-4400,IO2312-C-4400,57.8,0.0,0.0,0.0,6,56.8,58.6,7,57.8,0.0,0.0,0.0,0.0,0.0,213
2023-05-11 09:40:24,IO2312-C-4400,IO2312-C-4400,57.8,0.0,0.0,0.0,6,56.0,58.6,1,57.8,0.0,0.0,0.0,0.0,0.0,213
2023-05-11 09:40:24,IO2312-C-4400,IO2312-C-4400,57.8,0.0,0.0,0.0,9,56.0,58.6,1,57.8,0.0,0.0,0.0,0.0,0.0,213
2023-05-11 09:40:25,IO2312-C-4400,IO2312-C-4400,57.8,0.0,0.0,0.0,6,56.2,58.6,1,57.8,0.0,0.0,0.0,0.0,0.0,213
2023-05-11 09:40:25,IO2312-C-4400,IO2312-C-4400,57.8,0.0,0.0,0.0,9,56.2,58.6,1,57.8,0.0,0.0,0.0,0.0,0.0,213
2023-05-11 09:40:26,IO2312-C-4400,IO2312-C-4400,57.8,0.0,0.0,0.0,6,56.4,58.6,7,57.8,0.0,0.0,0.0,0.0,0.0,213
2023-05-11 09:40:26,IO2312-C-4400,IO2312-C-4400,57.8,0.0,0.0,0.0,3,56.6,58.6,7,57.8,0.0,0.0,0.0,0.0,0.0,213
2023-05-11 09:40:27,IO2312-C-4400,IO2312-C-4400,57.8,0.0,0.0,0.0,9,56.6,58.4,6,57.8,0.0,0.0,0.0,0.0,0.0,213
2023-05-11 09:40:34,IO2312-C-4400,IO2312-C-4400,57.8,0.0,0.0,0.0,6,56.6,58.4,6,57.8,0.0,0.0,0.0,0.0,0.0,213
2023-05-11 09:40:34,IO2312-C-4400,IO2312-C-4400,57.8,0.0,0.0,0.0,6,56.0,58.6,1,57.8,0.0,0.0,0.0,0.0,0.0,213
2023-05-11 09:40:35,IO2312-C-4400,IO2312-C-4400,57.8,0.0,0.0,0.0,9,56.0,58.6,1,57.8,0.0,0.0,0.0,0.0,0.0,213
2023-05-11 09:40:35,IO2312-C-4400,IO2312-C-4400,57.8,0.0,0.0,0.0,6,56.2,58.6,1,57.8,0.0,0.0,0.0,0.0,0.0,213
2023-05-11 09:40:36,IO2312-C-4400,IO2312-C-4400,57.8,0.0,0.0,0.0,9,56.2,58.6,1,57.8,0.0,0.0,0.0,0.0,0.0,213
2023-05-11 09:40:36,IO2312-C-4400,IO2312-C-4400,57.8,0.0,0.0,0.0,6,56.4,58.6,1,57.8,0.0,0.0,0.0,0.0,0.0,213
2023-05-11 09:40:37,IO2312-C-4400,IO2312-C-4400,57.8,0.0,0.0,0.0,6,56.0,58.6,1,57.8,0.0,0.0,0.0,0.0,0.0,213
2023-05-11 09:40:37,IO2312-C-4400,IO2312-C-4400,57.8,0.0,0.0,0.0,9,56.0,58.6,1,57.8,0.0,0.0,0.0,0.0,0.0,213
2023-05-11 09:40:38,IO2312-C-4400,IO2312-C-4400,57.8,0.0,0.0,0.0,6,56.2,58.6,1,57.8,0.0,0.0,0.0,0.0,0.0,213
2023-05-11 09:40:38,IO2312-C-4400,IO2312-C-4400,57.8,0.0,0.0,0.0,9,56.2,58.6,1,57.8,0.0,0.0,0.0,0.0,0.0,213
2023-05-11 09:40:39,IO2312-C-4400,IO2312-C-4400,57.8,0.0,0.0,0.0,6,56.4,58.6,10,57.8,0.0,0.0,0.0,0.0,0.0,213
2023-05-11 09:40:39,IO2312-C-4400,IO2312-C-4400,57.8,0.0,0.0,0.0,9,56.4,58.6,7,57.8,0.0,0.0,0.0,0.0,0.0,213
2023-05-11 09:40:40,IO2312-C-4400,IO2312-C-4400,57.8,0.0,0.0,0.0,6,56.6,58.4,6,57.8,0.0,0.0,0.0,0.0,0.0,213
2023-05-11 09:40:40,IO2312-C-4400,IO2312-C-4400,57.8,0.0,0.0,0.0,6,56.0,58.6,1,57.8,0.0,0.0,0.0,0.0,0.0,213
2023-05-11 09:40:41,IO2312-C-4400,IO2312-C-4400,57.8,0.0,0.0,0.0,9,56.0,58.6,4,57.8,0.0,0.0,0.0,0.0,0.0,213
2023-05-11 09:40:41,IO2312-C-4400,IO2312-C-4400,57.8,0.0,0.0,0.0,6,56.2,58.6,4,57.8,0.0,0.0,0.0,0.0,0.0,213
2023-05-11 09:40:42,IO2312-C-4400,IO2312-C-4400,57.8,0.0,0.0,0.0,3,56.4,58.6,1,57.8,0.0,0.0,0.0,0.0,0.0,213
2023-05-11 09:40:42,IO2312-C-4400,IO2312-C-4400,57.8,0.0,0.0,0.0,6,56.6,58.4,6,57.8,0.0,0.0,0.0,0.0,0.0,213
2023-05-11 09:40:44,IO2312-C-4400,IO2312-C-4400,57.8,0.0,0.0,0.0,9,56.6,58.4,6,57.8,0.0,0.0,0.0,0.0,0.0,213
2023-05-11 09:40:47,IO2312-C-4400,IO2312-C-4400,57.8,0.0,0.0,0.0,6,56.6,58.4,6,57.8,0.0,0.0,0.0,0.0,0.0,213
2023-05-11 09:40:48,IO2312-C-4400,IO2312-C-4400,57.8,0.0,0.0,0.0,6,56.0,58.6,1,57.8,0.0,0.0,0.0,0.0,0.0,213
2023-05-11 09:40:48,IO2312-C-4400,IO2312-C-4400,57.8,0.0,0.0,0.0,9,56.0,58.6,1,57.8,0.0,0.0,0.0,0.0,0.0,213
2023-05-11 09:40:49,IO2312-C-4400,IO2312-C-4400,57.8,0.0,0.0,0.0,6,56.2,58.6,1,57.8,0.0,0.0,0.0,0.0,0.0,213
2023-05-11 09:40:49,IO2312-C-4400,IO2312-C-4400,57.8,0.0,0.0,0.0,3,56.4,58.6,1,57.8,0.0,0.0,0.0,0.0,0.0,213
2023-05-11 09:40:50,IO2312-C-4400,IO2312-C-4400,57.8,0.0,0.0,0.0,6,56.6,58.4,6,57.8,0.0,0.0,0.0,0.0,0.0,213
2023-05-11 09:40:50,IO2312-C-4400,IO2312-C-4400,57.8,0.0,0.0,0.0,9,56.6,58.4,6,57.8,0.0,0.0,0.0,0.0,0.0,213
2023-05-11 09:40:51,IO2312-C-4400,IO2312-C-4400,57.8,0.0,0.0,0.0,6,56.6,58.4,6,57.8,0.0,0.0,0.0,0.0,0.0,213
2023-05-11 09:40:51,IO2312-C-4400,IO2312-C-4400,57.8,0.0,0.0,0.0,6,56.0,58.6,1,57.8,0.0,0.0,0.0,0.0,0.0,213
2023-05-11 09:40:52,IO2312-C-4400,IO2312-C-4400,57.8,0.0,0.0,0.0,9,56.0,58.6,1,57.8,0.0,0.0,0.0,0.0,0.0,213
2023-05-11 09:40:52,IO2312-C-4400,IO2312-C-4400,57.8,0.0,0.0,0.0,6,56.2,58.6,1,57.8,0.0,0.0,0.0,0.0,0.0,213
2023-05-11 09:40:53,IO2312-C-4400,IO2312-C-4400,57.8,0.0,0.0,0.0,3,56.4,58.6,1,57.8,0.0,0.0,0.0,0.0,0.0,213
2023-05-11 09:40:53,IO2312-C-4400,IO2312-C-4400,57.8,0.0,0.0,0.0,6,56.6,58.4,6,57.8,0.0,0.0,0.0,0.0,0.0,213
2023-05-11 09:40:54,IO2312-C-4400,IO2312-C-4400,57.8,0.0,0.0,0.0,6,56.0,58.6,1,57.8,0.0,0.0,0.0,0.0,0.0,213
2023-05-11 09:40:54,IO2312-C-4400,IO2312-C-4400,57.8,0.0,0.0,0.0,9,56.0,58.6,1,57.8,0.0,0.0,0.0,0.0,0.0,213
2023-05-11 09:40:55,IO2312-C-4400,IO2312-C-4400,57.8,0.0,0.0,0.0,6,56.2,58.6,1,57.8,0.0,0.0,0.0,0.0,0.0,213
2023-05-11 09:40:55,IO2312-C-4400,IO2312-C-4400,57.8,0.0,0.0,0.0,3,56.6,58.6,1,57.8,0.0,0.0,0.0,0.0,0.0,213
2023-05-11 09:40:56,IO2312-C-4400,IO2312-C-4400,57.8,0.0,0.0,0.0,9,56.6,58.4,6,57.8,0.0,0.0,0.0,0.0,0.0,213
2023-05-11 09:40:56,IO2312-C-4400,IO2312-C-4400,57.8,0.0,0.0,0.0,6,56.6,58.4,6,57.8,0.0,0.0,0.0,0.0,0.0,213
2023-05-11 09:40:57,IO2312-C-4400,IO2312-C-4400,57.8,0.0,0.0,0.0,6,56.0,58.6,1,57.8,0.0,0.0,0.0,0.0,0.0,213
2023-05-11 09:40:57,IO2312-C-4400,IO2312-C-4400,57.8,0.0,0.0,0.0,9,56.0,58.6,1,57.8,0.0,0.0,0.0,0.0,0.0,213
2023-05-11 09:40:58,IO2312-C-4400,IO2312-C-4400,57.8,0.0,0.0,0.0,6,56.2,58.6,1,57.8,0.0,0.0,0.0,0.0,0.0,213
2023-05-11 09:40:58,IO2312-C-4400,IO2312-C-4400,57.8,0.0,0.0,0.0,3,56.4,58.6,1,57.8,0.0,0.0,0.0,0.0,0.0,213
2023-05-11 09:40:59,IO2312-C-4400,IO2312-C-4400,57.8,0.0,0.0,0.0,6,56.6,58.4,6,57.8,0.0,0.0,0.0,0.0,0.0,213
2023-05-11 09:40:59,IO2312-C-4400,IO2312-C-4400,57.8,0.0,0.0,0.0,9,56.6,58.4,6,57.8,0.0,0.0,0.0,0.0,0.0,213
2023-05-11 09:41:02,IO2312-C-4400,IO2312-C-4400,57.8,0.0,0.0,0.0,6,56.6,58.4,6,57.8,0.0,0.0,0.0,0.0,0.0,213
2023-05-11 09:41:02,IO2312-C-4400,IO2312-C-4400,57.8,0.0,0.0,0.0,6,56.0,58.6,1,57.8,0.0,0.0,0.0,0.0,0.0,213
2023-05-11 09:41:03,IO2312-C-4400,IO2312-C-4400,57.8,0.0,0.0,0.0,9,56.0,58.6,1,57.8,0.0,0.0,0.0,0.0,0.0,213
2023-05-11 09:41:03,IO2312-C-4400,IO2312-C-4400,57.8,0.0,0.0,0.0,6,56.2,58.6,1,57.8,0.0,0.0,0.0,0.0,0.0,213
2023-05-11 09:41:04,IO2312-C-4400,IO2312-C-4400,57.8,0.0,0.0,0.0,3,56.6,58.6,1,57.8,0.0,0.0,0.0,0.0,0.0,213
2023-05-11 09:41:04,IO2312-C-4400,IO2312-C-4400,57.8,0.0,0.0,0.0,6,56.8,58.6,7,57.8,0.0,0.0,0.0,0.0,0.0,213
2023-05-11 09:41:06,IO2312-C-4400,IO2312-C-4400,57.8,0.0,0.0,0.0,6,56.8,58.2,1,57.8,0.0,0.0,0.0,0.0,0.0,213
2023-05-11 09:41:07,IO2312-C-4400,IO2312-C-4400,57.8,0.0,0.0,0.0,6,56.6,58.2,1,57.8,0.0,0.0,0.0,0.0,0.0,213
2023-05-11 09:41:07,IO2312-C-4400,IO2312-C-4400,57.8,0.0,0.0,0.0,6,56.4,58.2,1,57.8,0.0,0.0,0.0,0.0,0.0,213
2023-05-11 09:41:11,IO2312-C-4400,IO2312-C-4400,57.8,0.0,0.0,0.0,6,56.4,58.2,7,57.8,0.0,0.0,0.0,0.0,0.0,213
2023-05-11 09:41:13,IO2312-C-4400,IO2312-C-4400,57.8,0.0,0.0,0.0,6,56.2,58.2,1,57.8,0.0,0.0,0.0,0.0,0.0,213
2023-05-11 09:41:14,IO2312-C-4400,IO2312-C-4400,57.8,0.0,0.0,0.0,9,56.2,58.2,1,57.8,0.0,0.0,0.0,0.0,0.0,213
2023-05-11 09:41:14,IO2312-C-4400,IO2312-C-4400,57.8,0.0,0.0,0.0,6,56.4,58.2,7,57.8,0.0,0.0,0.0,0.0,0.0,213
2023-05-11 09:41:18,IO2312-C-4400,IO2312-C-4400,57.8,0.0,0.0,0.0,9,56.2,58.0,6,57.8,0.0,0.0,0.0,0.0,0.0,213
2023-05-11 09:41:19,IO2312-C-4400,IO2312-C-4400,57.8,0.0,0.0,0.0,6,56.2,58.0,6,57.8,0.0,0.0,0.0,0.0,0.0,213
2023-05-11 09:41:19,IO2312-C-4400,IO2312-C-4400,57.8,0.0,0.0,0.0,6,56.0,58.2,13,57.8,0.0,0.0,0.0,0.0,0.0,213
2023-05-11 09:41:20,IO2312-C-4400,IO2312-C-4400,57.8,0.0,0.0,0.0,3,56.0,58.2,1,57.8,0.0,0.0,0.0,0.0,0.0,213
2023-05-11 09:41:20,IO2312-C-4400,IO2312-C-4400,57.8,0.0,0.0,0.0,6,56.2,58.0,6,57.8,0.0,0.0,0.0,0.0,0.0,213
2023-05-11 09:41:26,IO2312-C-4400,IO2312-C-4400,57.8,0.0,0.0,0.0,6,56.2,58.2,1,57.8,0.0,0.0,0.0,0.0,0.0,213
2023-05-11 09:41:31,IO2312-C-4400,IO2312-C-4400,57.8,0.0,0.0,0.0,9,56.2,58.2,1,57.8,0.0,0.0,0.0,0.0,0.0,213
2023-05-11 09:41:32,IO2312-C-4400,IO2312-C-4400,57.8,0.0,0.0,0.0,6,56.4,58.2,7,57.8,0.0,0.0,0.0,0.0,0.0,213
2023-05-11 09:41:35,IO2312-C-4400,IO2312-C-4400,57.8,0.0,0.0,0.0,6,56.2,58.2,1,57.8,0.0,0.0,0.0,0.0,0.0,213
2023-05-11 09:41:41,IO2312-C-4400,IO2312-C-4400,57.8,0.0,0.0,0.0,9,56.2,58.2,1,57.8,0.0,0.0,0.0,0.0,0.0,213
2023-05-11 09:41:42,IO2312-C-4400,IO2312-C-4400,57.8,0.0,0.0,0.0,6,56.4,58.2,7,57.8,0.0,0.0,0.0,0.0,0.0,213
2023-05-11 09:41:42,IO2312-C-4400,IO2312-C-4400,57.8,0.0,0.0,0.0,9,56.4,58.2,7,57.8,0.0,0.0,0.0,0.0,0.0,213
2023-05-11 09:41:43,IO2312-C-4400,IO2312-C-4400,57.8,0.0,0.0,0.0,6,56.4,58.2,7,57.8,0.0,0.0,0.0,0.0,0.0,213
2023-05-11 09:41:43,IO2312-C-4400,IO2312-C-4400,57.8,0.0,0.0,0.0,6,55.8,58.2,1,57.8,0.0,0.0,0.0,0.0,0.0,213
2023-05-11 09:41:44,IO2312-C-4400,IO2312-C-4400,57.8,0.0,0.0,0.0,9,55.8,58.2,1,57.8,0.0,0.0,0.0,0.0,0.0,213
2023-05-11 09:41:44,IO2312-C-4400,IO2312-C-4400,57.8,0.0,0.0,0.0,6,56.0,58.2,1,57.8,0.0,0.0,0.0,0.0,0.0,213
2023-05-11 09:41:45,IO2312-C-4400,IO2312-C-4400,57.8,0.0,0.0,0.0,3,56.2,58.2,1,57.8,0.0,0.0,0.0,0.0,0.0,213
2023-05-11 09:41:45,IO2312-C-4400,IO2312-C-4400,57.8,0.0,0.0,0.0,6,56.4,58.2,7,57.8,0.0,0.0,0.0,0.0,0.0,213
2023-05-11 09:41:49,IO2312-C-4400,IO2312-C-4400,57.8,0.0,0.0,0.0,6,56.4,58.2,1,57.8,0.0,0.0,0.0,0.0,0.0,213
2023-05-11 09:41:53,IO2312-C-4400,IO2312-C-4400,57.8,0.0,0.0,0.0,6,56.4,58.2,7,57.8,0.0,0.0,0.0,0.0,0.0,213
2023-05-11 09:41:59,IO2312-C-4400,IO2312-C-4400,57.8,0.0,0.0,0.0,9,56.2,58.0,6,57.8,0.0,0.0,0.0,0.0,0.0,213
2023-05-11 09:42:01,IO2312-C-4400,IO2312-C-4400,57.8,0.0,0.0,0.0,6,56.2,58.0,6,57.8,0.0,0.0,0.0,0.0,0.0,213
2023-05-11 09:42:01,IO2312-C-4400,IO2312-C-4400,57.8,0.0,0.0,0.0,6,55.8,58.2,1,57.8,0.0,0.0,0.0,0.0,0.0,213
2023-05-11 09:42:02,IO2312-C-4400,IO2312-C-4400,57.8,0.0,0.0,0.0,3,56.0,58.2,1,57.8,0.0,0.0,0.0,0.0,0.0,213
2023-05-11 09:42:02,IO2312-C-4400,IO2312-C-4400,57.8,0.0,0.0,0.0,9,56.0,58.0,6,57.8,0.0,0.0,0.0,0.0,0.0,213
2023-05-11 09:42:06,IO2312-C-4400,IO2312-C-4400,57.8,0.0,0.0,0.0,6,56.2,58.2,7,57.8,0.0,0.0,0.0,0.0,0.0,213
2023-05-11 09:42:07,IO2312-C-4400,IO2312-C-4400,57.8,0.0,0.0,0.0,9,56.2,58.2,7,57.8,0.0,0.0,0.0,0.0,0.0,213
2023-05-11 09:42:07,IO2312-C-4400,IO2312-C-4400,57.8,0.0,0.0,0.0,6,56.2,58.0,6,57.8,0.0,0.0,0.0,0.0,0.0,213
2023-05-11 09:42:08,IO2312-C-4400,IO2312-C-4400,57.8,0.0,0.0,0.0,6,55.8,58.2,1,57.8,0.0,0.0,0.0,0.0,0.0,213
2023-05-11 09:42:08,IO2312-C-4400,IO2312-C-4400,57.8,0.0,0.0,0.0,3,56.0,58.2,7,57.8,0.0,0.0,0.0,0.0,0.0,213
2023-05-11 09:42:09,IO2312-C-4400,IO2312-C-4400,57.8,0.0,0.0,0.0,9,56.0,58.0,6,57.8,0.0,0.0,0.0,0.0,0.0,213
2023-05-11 09:42:09,IO2312-C-4400,IO2312-C-4400,57.8,0.0,0.0,0.0,9,56.0,57.8,1,57.8,0.0,0.0,0.0,0.0,0.0,213
2023-05-11 09:42:10,IO2312-C-4400,IO2312-C-4400,57.8,0.0,0.0,0.0,6,56.0,57.8,7,57.8,0.0,0.0,0.0,0.0,0.0,213
2023-05-11 09:42:10,IO2312-C-4400,IO2312-C-4400,57.8,0.0,0.0,0.0,6,55.8,57.8,1,57.8,0.0,0.0,0.0,0.0,0.0,213
2023-05-11 09:42:11,IO2312-C-4400,IO2312-C-4400,57.8,0.0,0.0,0.0,3,56.0,57.8,1,57.8,0.0,0.0,0.0,0.0,0.0,213
2023-05-11 09:42:11,IO2312-C-4400,IO2312-C-4400,57.8,0.0,0.0,0.0,9,56.0,57.8,7,57.8,0.0,0.0,0.0,0.0,0.0,213
2023-05-11 09:42:14,IO2312-C-4400,IO2312-C-4400,57.8,0.0,0.0,0.0,6,56.0,57.8,7,57.8,0.0,0.0,0.0,0.0,0.0,213
2023-05-11 09:42:15,IO2312-C-4400,IO2312-C-4400,57.8,0.0,0.0,0.0,6,55.8,57.8,1,57.8,0.0,0.0,0.0,0.0,0.0,213
2023-05-11 09:42:15,IO2312-C-4400,IO2312-C-4400,57.8,0.0,0.0,0.0,9,55.8,57.8,1,57.8,0.0,0.0,0.0,0.0,0.0,213
2023-05-11 09:42:16,IO2312-C-4400,IO2312-C-4400,57.8,0.0,0.0,0.0,6,56.0,57.8,10,57.8,0.0,0.0,0.0,0.0,0.0,213
2023-05-11 09:42:16,IO2312-C-4400,IO2312-C-4400,57.8,0.0,0.0,0.0,6,55.8,57.6,6,57.8,0.0,0.0,0.0,0.0,0.0,213
2023-05-11 09:42:18,IO2312-C-4400,IO2312-C-4400,57.8,0.0,0.0,0.0,6,55.8,57.6,9,57.8,0.0,0.0,0.0,0.0,0.0,213
2023-05-11 09:42:18,IO2312-C-4400,IO2312-C-4400,57.8,0.0,0.0,0.0,6,55.8,57.6,6,57.8,0.0,0.0,0.0,0.0,0.0,213
2023-05-11 09:42:20,IO2312-C-4400,IO2312-C-4400,57.8,0.0,0.0,0.0,6,55.8,57.8,16,57.8,0.0,0.0,0.0,0.0,0.0,213
2023-05-11 09:42:21,IO2312-C-4400,IO2312-C-4400,57.8,0.0,0.0,0.0,6,55.8,57.8,10,57.8,0.0,0.0,0.0,0.0,0.0,213
2023-05-11 09:42:21,IO2312-C-4400,IO2312-C-4400,57.8,0.0,0.0,0.0,6,55.8,57.8,1,57.8,0.0,0.0,0.0,0.0,0.0,213
2023-05-11 09:42:43,IO2312-C-4400,IO2312-C-4400,57.8,0.0,0.0,0.0,6,55.8,57.6,6,57.8,0.0,0.0,0.0,0.0,0.0,213
2023-05-11 09:42:45,IO2312-C-4400,IO2312-C-4400,57.8,0.0,0.0,0.0,24,55.6,57.6,6,57.8,0.0,0.0,0.0,0.0,0.0,213
2023-05-11 09:42:45,IO2312-C-4400,IO2312-C-4400,57.8,0.0,0.0,0.0,12,55.6,57.6,6,57.8,0.0,0.0,0.0,0.0,0.0,213
2023-05-11 09:42:46,IO2312-C-4400,IO2312-C-4400,57.8,0.0,0.0,0.0,6,55.6,57.6,6,57.8,0.0,0.0,0.0,0.0,0.0,213
2023-05-11 09:42:50,IO2312-C-4400,IO2312-C-4400,57.8,0.0,0.0,0.0,30,55.4,57.6,6,57.8,0.0,0.0,0.0,0.0,0.0,213
2023-05-11 09:42:50,IO2312-C-4400,IO2312-C-4400,57.8,0.0,0.0,0.0,24,55.4,57.6,6,57.8,0.0,0.0,0.0,0.0,0.0,213
2023-05-11 09:42:58,IO2312-C-4400,IO2312-C-4400,57.8,0.0,0.0,0.0,24,55.4,57.4,1,57.8,0.0,0.0,0.0,0.0,0.0,213
2023-05-11 09:42:59,IO2312-C-4400,IO2312-C-4400,57.8,0.0,0.0,0.0,6,55.6,57.4,7,57.8,0.0,0.0,0.0,0.0,0.0,213
2023-05-11 09:43:02,IO2312-C-4400,IO2312-C-4400,57.8,0.0,0.0,0.0,6,55.2,57.4,1,57.8,0.0,0.0,0.0,0.0,0.0,213
2023-05-11 09:43:09,IO2312-C-4400,IO2312-C-4400,57.8,0.0,0.0,0.0,9,55.2,57.4,1,57.8,0.0,0.0,0.0,0.0,0.0,213
2023-05-11 09:43:10,IO2312-C-4400,IO2312-C-4400,57.8,0.0,0.0,0.0,6,55.4,57.4,1,57.8,0.0,0.0,0.0,0.0,0.0,213
2023-05-11 09:43:10,IO2312-C-4400,IO2312-C-4400,57.8,0.0,0.0,0.0,6,55.2,57.4,1,57.8,0.0,0.0,0.0,0.0,0.0,213
2023-05-11 09:43:29,IO2312-C-4400,IO2312-C-4400,57.8,0.0,0.0,0.0,6,55.2,57.6,6,57.8,0.0,0.0,0.0,0.0,0.0,213
2023-05-11 09:43:30,IO2312-C-4400,IO2312-C-4400,57.8,0.0,0.0,0.0,6,55.2,58.0,52,57.8,0.0,0.0,0.0,0.0,0.0,213
2023-05-11 09:43:30,IO2312-C-4400,IO2312-C-4400,57.8,0.0,0.0,0.0,6,55.2,58.0,22,57.8,0.0,0.0,0.0,0.0,0.0,213
2023-05-11 09:43:33,IO2312-C-4400,IO2312-C-4400,57.8,0.0,0.0,0.0,6,55.2,57.8,3,57.8,0.0,0.0,0.0,0.0,0.0,213
2023-05-11 09:43:34,IO2312-C-4400,IO2312-C-4400,57.8,0.0,0.0,0.0,6,55.2,58.0,22,57.8,0.0,0.0,0.0,0.0,0.0,213
2023-05-11 09:43:35,IO2312-C-4400,IO2312-C-4400,57.8,0.0,0.0,0.0,6,55.2,57.8,3,57.8,0.0,0.0,0.0,0.0,0.0,213
2023-05-11 09:43:51,IO2312-C-4400,IO2312-C-4400,57.8,0.0,0.0,0.0,6,55.2,57.8,6,57.8,0.0,0.0,0.0,0.0,0.0,213
2023-05-11 09:43:52,IO2312-C-4400,IO2312-C-4400,57.8,0.0,0.0,0.0,6,55.2,57.8,3,57.8,0.0,0.0,0.0,0.0,0.0,213
2023-05-11 09:43:54,IO2312-C-4400,IO2312-C-4400,57.8,0.0,0.0,0.0,6,55.2,57.8,6,57.8,0.0,0.0,0.0,0.0,0.0,213
2023-05-11 09:43:55,IO2312-C-4400,IO2312-C-4400,57.8,0.0,0.0,0.0,9,55.0,57.8,3,57.8,0.0,0.0,0.0,0.0,0.0,213
2023-05-11 09:43:56,IO2312-C-4400,IO2312-C-4400,57.8,0.0,0.0,0.0,6,55.2,57.8,3,57.8,0.0,0.0,0.0,0.0,0.0,213
2023-05-11 09:43:56,IO2312-C-4400,IO2312-C-4400,57.8,0.0,0.0,0.0,6,55.2,57.8,6,57.8,0.0,0.0,0.0,0.0,0.0,213
2023-05-11 09:43:57,IO2312-C-4400,IO2312-C-4400,57.8,0.0,0.0,0.0,6,55.0,57.8,6,57.8,0.0,0.0,0.0,0.0,0.0,213
2023-05-11 09:44:00,IO2312-C-4400,IO2312-C-4400,57.8,0.0,0.0,0.0,9,55.0,57.8,3,57.8,0.0,0.0,0.0,0.0,0.0,213
2023-05-11 09:44:00,IO2312-C-4400,IO2312-C-4400,57.8,0.0,0.0,0.0,6,55.2,57.8,3,57.8,0.0,0.0,0.0,0.0,0.0,213
2023-05-11 09:44:02,IO2312-C-4400,IO2312-C-4400,57.8,0.0,0.0,0.0,6,55.2,57.8,6,57.8,0.0,0.0,0.0,0.0,0.0,213
2023-05-11 09:44:02,IO2312-C-4400,IO2312-C-4400,57.8,0.0,0.0,0.0,6,55.0,57.8,6,57.8,0.0,0.0,0.0,0.0,0.0,213
2023-05-11 09:44:10,IO2312-C-4400,IO2312-C-4400,57.8,0.0,0.0,0.0,9,55.0,57.8,3,57.8,0.0,0.0,0.0,0.0,0.0,213
2023-05-11 09:44:10,IO2312-C-4400,IO2312-C-4400,57.8,0.0,0.0,0.0,6,55.2,58.0,13,57.8,0.0,0.0,0.0,0.0,0.0,213
2023-05-11 09:44:12,IO2312-C-4400,IO2312-C-4400,57.8,0.0,0.0,0.0,6,55.2,58.0,10,57.8,0.0,0.0,0.0,0.0,0.0,213
2023-05-11 09:44:13,IO2312-C-4400,IO2312-C-4400,57.8,0.0,0.0,0.0,9,55.0,58.0,4,57.8,0.0,0.0,0.0,0.0,0.0,213
2023-05-11 09:44:13,IO2312-C-4400,IO2312-C-4400,57.8,0.0,0.0,0.0,6,55.2,58.0,4,57.8,0.0,0.0,0.0,0.0,0.0,213
2023-05-11 09:44:14,IO2312-C-4400,IO2312-C-4400,57.8,0.0,0.0,0.0,9,55.2,58.0,4,57.8,0.0,0.0,0.0,0.0,0.0,213
2023-05-11 09:44:14,IO2312-C-4400,IO2312-C-4400,57.8,0.0,0.0,0.0,6,55.4,58.0,10,57.8,0.0,0.0,0.0,0.0,0.0,213
2023-05-11 09:44:15,IO2312-C-4400,IO2312-C-4400,57.8,0.0,0.0,0.0,6,55.4,57.8,3,57.8,0.0,0.0,0.0,0.0,0.0,213
2023-05-11 09:44:15,IO2312-C-4400,IO2312-C-4400,57.8,0.0,0.0,0.0,6,55.2,57.8,3,57.8,0.0,0.0,0.0,0.0,0.0,213
2023-05-11 09:44:16,IO2312-C-4400,IO2312-C-4400,57.8,0.0,0.0,0.0,6,55.2,57.8,6,57.8,0.0,0.0,0.0,0.0,0.0,213
2023-05-11 09:44:17,IO2312-C-4400,IO2312-C-4400,57.8,0.0,0.0,0.0,6,55.0,57.8,6,57.8,0.0,0.0,0.0,0.0,0.0,213
2023-05-11 09:44:17,IO2312-C-4400,IO2312-C-4400,57.8,0.0,0.0,0.0,9,55.0,57.8,6,57.8,0.0,0.0,0.0,0.0,0.0,213
2023-05-11 09:44:18,IO2312-C-4400,IO2312-C-4400,57.8,0.0,0.0,0.0,6,55.2,57.8,3,57.8,0.0,0.0,0.0,0.0,0.0,213
2023-05-11 09:44:19,IO2312-C-4400,IO2312-C-4400,57.8,0.0,0.0,0.0,6,55.2,58.0,4,57.8,0.0,0.0,0.0,0.0,0.0,213
2023-05-11 09:44:20,IO2312-C-4400,IO2312-C-4400,57.8,0.0,0.0,0.0,9,55.2,58.0,4,57.8,0.0,0.0,0.0,0.0,0.0,213
2023-05-11 09:44:20,IO2312-C-4400,IO2312-C-4400,57.8,0.0,0.0,0.0,6,55.4,58.0,10,57.8,0.0,0.0,0.0,0.0,0.0,213
2023-05-11 09:44:21,IO2312-C-4400,IO2312-C-4400,57.8,0.0,0.0,0.0,6,55.4,58.0,13,57.8,0.0,0.0,0.0,0.0,0.0,213
2023-05-11 09:44:21,IO2312-C-4400,IO2312-C-4400,57.8,0.0,0.0,0.0,6,55.2,58.0,7,57.8,0.0,0.0,0.0,0.0,0.0,213
2023-05-11 09:44:22,IO2312-C-4400,IO2312-C-4400,57.8,0.0,0.0,0.0,9,55.2,58.0,7,57.8,0.0,0.0,0.0,0.0,0.0,213
2023-05-11 09:44:22,IO2312-C-4400,IO2312-C-4400,57.8,0.0,0.0,0.0,6,55.4,58.0,4,57.8,0.0,0.0,0.0,0.0,0.0,213
2023-05-11 09:44:28,IO2312-C-4400,IO2312-C-4400,57.8,0.0,0.0,0.0,6,55.4,58.0,7,57.8,0.0,0.0,0.0,0.0,0.0,213
2023-05-11 09:44:28,IO2312-C-4400,IO2312-C-4400,57.8,0.0,0.0,0.0,6,55.2,58.0,7,57.8,0.0,0.0,0.0,0.0,0.0,213
2023-05-11 09:44:30,IO2312-C-4400,IO2312-C-4400,57.8,0.0,0.0,0.0,6,55.2,58.0,4,57.8,0.0,0.0,0.0,0.0,0.0,213
2023-05-11 09:44:30,IO2312-C-4400,IO2312-C-4400,57.8,0.0,0.0,0.0,3,55.2,58.0,4,57.8,0.0,0.0,0.0,0.0,0.0,213
2023-05-11 09:44:31,IO2312-C-4400,IO2312-C-4400,57.8,0.0,0.0,0.0,6,55.4,58.0,10,57.8,0.0,0.0,0.0,0.0,0.0,213
2023-05-11 09:44:31,IO2312-C-4400,IO2312-C-4400,57.8,0.0,0.0,0.0,6,55.0,57.8,3,57.8,0.0,0.0,0.0,0.0,0.0,213
2023-05-11 09:44:32,IO2312-C-4400,IO2312-C-4400,57.8,0.0,0.0,0.0,9,55.0,57.8,3,57.8,0.0,0.0,0.0,0.0,0.0,213
2023-05-11 09:44:32,IO2312-C-4400,IO2312-C-4400,57.8,0.0,0.0,0.0,6,55.2,57.8,3,57.8,0.0,0.0,0.0,0.0,0.0,213
2023-05-11 09:44:33,IO2312-C-4400,IO2312-C-4400,57.8,0.0,0.0,0.0,6,55.2,57.8,6,57.8,0.0,0.0,0.0,0.0,0.0,213
2023-05-11 09:44:33,IO2312-C-4400,IO2312-C-4400,57.8,0.0,0.0,0.0,6,55.0,57.8,6,57.8,0.0,0.0,0.0,0.0,0.0,213
2023-05-11 09:44:35,IO2312-C-4400,IO2312-C-4400,57.8,0.0,0.0,0.0,9,55.0,58.0,1,57.8,0.0,0.0,0.0,0.0,0.0,213
2023-05-11 09:44:36,IO2312-C-4400,IO2312-C-4400,57.8,0.0,0.0,0.0,6,55.2,58.0,4,57.8,0.0,0.0,0.0,0.0,0.0,213
2023-05-11 09:44:36,IO2312-C-4400,IO2312-C-4400,57.8,0.0,0.0,0.0,9,55.2,58.0,4,57.8,0.0,0.0,0.0,0.0,0.0,213
2023-05-11 09:44:37,IO2312-C-4400,IO2312-C-4400,57.8,0.0,0.0,0.0,6,55.4,58.0,4,57.8,0.0,0.0,0.0,0.0,0.0,213
2023-05-11 09:44:38,IO2312-C-4400,IO2312-C-4400,57.8,0.0,0.0,0.0,6,55.4,58.0,7,57.8,0.0,0.0,0.0,0.0,0.0,213
2023-05-11 09:44:38,IO2312-C-4400,IO2312-C-4400,57.8,0.0,0.0,0.0,6,55.2,58.0,7,57.8,0.0,0.0,0.0,0.0,0.0,213
2023-05-11 09:44:39,IO2312-C-4400,IO2312-C-4400,57.8,0.0,0.0,0.0,9,55.2,58.0,7,57.8,0.0,0.0,0.0,0.0,0.0,213
2023-05-11 09:44:39,IO2312-C-4400,IO2312-C-4400,57.8,0.0,0.0,0.0,6,55.4,58.0,4,57.8,0.0,0.0,0.0,0.0,0.0,213
2023-05-11 09:44:41,IO2312-C-4400,IO2312-C-4400,57.8,0.0,0.0,0.0,6,55.4,58.0,7,57.8,0.0,0.0,0.0,0.0,0.0,213
2023-05-11 09:44:41,IO2312-C-4400,IO2312-C-4400,57.8,0.0,0.0,0.0,6,55.2,58.0,7,57.8,0.0,0.0,0.0,0.0,0.0,213
2023-05-11 09:44:43,IO2312-C-4400,IO2312-C-4400,57.8,0.0,0.0,0.0,6,55.2,58.0,13,57.8,0.0,0.0,0.0,0.0,0.0,213
2023-05-11 09:44:47,IO2312-C-4400,IO2312-C-4400,57.8,0.0,0.0,0.0,6,55.2,58.0,10,57.8,0.0,0.0,0.0,0.0,0.0,213
2023-05-11 09:44:47,IO2312-C-4400,IO2312-C-4400,57.8,0.0,0.0,0.0,9,55.0,58.0,4,57.8,0.0,0.0,0.0,0.0,0.0,213
2023-05-11 09:44:48,IO2312-C-4400,IO2312-C-4400,57.8,0.0,0.0,0.0,6,55.2,58.0,10,57.8,0.0,0.0,0.0,0.0,0.0,213
2023-05-11 09:44:48,IO2312-C-4400,IO2312-C-4400,57.8,0.0,0.0,0.0,6,55.2,58.0,13,57.8,0.0,0.0,0.0,0.0,0.0,213
2023-05-11 09:44:57,IO2312-C-4400,IO2312-C-4400,57.8,0.0,0.0,0.0,6,55.2,58.0,7,57.8,0.0,0.0,0.0,0.0,0.0,213
2023-05-11 09:44:57,IO2312-C-4400,IO2312-C-4400,57.8,0.0,0.0,0.0,9,55.2,58.0,4,57.8,0.0,0.0,0.0,0.0,0.0,213
2023-05-11 09:44:58,IO2312-C-4400,IO2312-C-4400,57.8,0.0,0.0,0.0,12,55.4,58.0,4,57.8,0.0,0.0,0.0,0.0,0.0,213
2023-05-11 09:44:58,IO2312-C-4400,IO2312-C-4400,57.8,0.0,0.0,0.0,6,55.6,58.0,4,57.8,0.0,0.0,0.0,0.0,0.0,213
2023-05-11 09:44:59,IO2312-C-4400,IO2312-C-4400,57.8,0.0,0.0,0.0,6,55.6,58.0,7,57.8,0.0,0.0,0.0,0.0,0.0,213
2023-05-11 09:45:01,IO2312-C-4400,IO2312-C-4400,57.8,0.0,0.0,0.0,6,55.6,58.0,4,57.8,0.0,0.0,0.0,0.0,0.0,213
2023-05-11 09:45:02,IO2312-C-4400,IO2312-C-4400,57.8,0.0,0.0,0.0,6,55.6,58.0,1,57.8,0.0,0.0,0.0,0.0,0.0,213
2023-05-11 09:45:03,IO2312-C-4400,IO2312-C-4400,57.8,0.0,0.0,0.0,6,55.6,58.0,4,57.8,0.0,0.0,0.0,0.0,0.0,213
2023-05-11 09:45:04,IO2312-C-4400,IO2312-C-4400,57.8,0.0,0.0,0.0,6,55.6,58.0,1,57.8,0.0,0.0,0.0,0.0,0.0,213
2023-05-11 09:45:04,IO2312-C-4400,IO2312-C-4400,57.8,0.0,0.0,0.0,6,55.6,58.0,4,57.8,0.0,0.0,0.0,0.0,0.0,213
2023-05-11 09:45:07,IO2312-C-4400,IO2312-C-4400,57.8,0.0,0.0,0.0,6,55.6,58.0,1,57.8,0.0,0.0,0.0,0.0,0.0,213
2023-05-11 09:45:10,IO2312-C-4400,IO2312-C-4400,57.8,0.0,0.0,0.0,9,55.6,58.0,1,57.8,0.0,0.0,0.0,0.0,0.0,213
2023-05-11 09:45:10,IO2312-C-4400,IO2312-C-4400,57.8,0.0,0.0,0.0,6,55.8,58.0,1,57.8,0.0,0.0,0.0,0.0,0.0,213
2023-05-11 09:45:11,IO2312-C-4400,IO2312-C-4400,57.8,0.0,0.0,0.0,9,55.8,58.0,1,57.8,0.0,0.0,0.0,0.0,0.0,213
2023-05-11 09:45:11,IO2312-C-4400,IO2312-C-4400,57.8,0.0,0.0,0.0,6,56.0,58.0,1,57.8,0.0,0.0,0.0,0.0,0.0,213
2023-05-11 09:45:12,IO2312-C-4400,IO2312-C-4400,57.8,0.0,0.0,0.0,9,56.0,58.0,1,57.8,0.0,0.0,0.0,0.0,0.0,213
2023-05-11 09:45:12,IO2312-C-4400,IO2312-C-4400,57.8,0.0,0.0,0.0,6,56.2,58.0,1,57.8,0.0,0.0,0.0,0.0,0.0,213
2023-05-11 09:45:13,IO2312-C-4400,IO2312-C-4400,57.8,0.0,0.0,0.0,3,56.4,58.0,1,57.8,0.0,0.0,0.0,0.0,0.0,213
2023-05-11 09:45:13,IO2312-C-4400,IO2312-C-4400,57.8,0.0,0.0,0.0,6,56.6,58.0,1,57.8,0.0,0.0,0.0,0.0,0.0,213
2023-05-11 09:45:23,IO2312-C-4400,IO2312-C-4400,57.8,0.0,0.0,0.0,9,56.4,58.0,1,57.8,0.0,0.0,0.0,0.0,0.0,213
2023-05-11 09:45:28,IO2312-C-4400,IO2312-C-4400,57.8,0.0,0.0,0.0,3,56.4,58.0,7,57.8,0.0,0.0,0.0,0.0,0.0,213
2023-05-11 09:45:28,IO2312-C-4400,IO2312-C-4400,57.8,0.0,0.0,0.0,6,56.2,58.0,7,57.8,0.0,0.0,0.0,0.0,0.0,213
2023-05-11 09:45:29,IO2312-C-4400,IO2312-C-4400,57.8,0.0,0.0,0.0,6,55.8,58.0,1,57.8,0.0,0.0,0.0,0.0,0.0,213
2023-05-11 09:45:29,IO2312-C-4400,IO2312-C-4400,57.8,0.0,0.0,0.0,9,55.8,58.0,1,57.8,0.0,0.0,0.0,0.0,0.0,213
2023-05-11 09:45:30,IO2312-C-4400,IO2312-C-4400,57.8,0.0,0.0,0.0,6,56.0,58.0,1,57.8,0.0,0.0,0.0,0.0,0.0,213
2023-05-11 09:45:30,IO2312-C-4400,IO2312-C-4400,57.8,0.0,0.0,0.0,3,56.4,58.0,1,57.8,0.0,0.0,0.0,0.0,0.0,213
2023-05-11 09:45:31,IO2312-C-4400,IO2312-C-4400,57.8,0.0,0.0,0.0,9,56.4,58.0,1,57.8,0.0,0.0,0.0,0.0,0.0,213
2023-05-11 09:45:31,IO2312-C-4400,IO2312-C-4400,57.8,0.0,0.0,0.0,6,56.4,58.0,1,57.8,0.0,0.0,0.0,0.0,0.0,213
2023-05-11 09:45:32,IO2312-C-4400,IO2312-C-4400,57.8,0.0,0.0,0.0,6,55.8,58.0,1,57.8,0.0,0.0,0.0,0.0,0.0,213
2023-05-11 09:45:32,IO2312-C-4400,IO2312-C-4400,57.8,0.0,0.0,0.0,9,55.8,58.0,1,57.8,0.0,0.0,0.0,0.0,0.0,213
2023-05-11 09:45:33,IO2312-C-4400,IO2312-C-4400,57.8,0.0,0.0,0.0,6,56.0,58.0,1,57.8,0.0,0.0,0.0,0.0,0.0,213
2023-05-11 09:45:33,IO2312-C-4400,IO2312-C-4400,57.8,0.0,0.0,0.0,9,56.0,58.0,1,57.8,0.0,0.0,0.0,0.0,0.0,213
2023-05-11 09:45:34,IO2312-C-4400,IO2312-C-4400,57.8,0.0,0.0,0.0,6,56.2,58.0,1,57.8,0.0,0.0,0.0,0.0,0.0,213
2023-05-11 09:45:34,IO2312-C-4400,IO2312-C-4400,57.8,0.0,0.0,0.0,3,56.4,58.0,7,57.8,0.0,0.0,0.0,0.0,0.0,213
2023-05-11 09:45:35,IO2312-C-4400,IO2312-C-4400,57.8,0.0,0.0,0.0,3,56.4,58.0,6,57.8,0.0,0.0,0.0,0.0,0.0,213
2023-05-11 09:45:37,IO2312-C-4400,IO2312-C-4400,57.8,0.0,0.0,0.0,6,56.2,58.0,6,57.8,0.0,0.0,0.0,0.0,0.0,213
2023-05-11 09:45:37,IO2312-C-4400,IO2312-C-4400,57.8,0.0,0.0,0.0,6,55.8,58.2,12,57.8,0.0,0.0,0.0,0.0,0.0,213
2023-05-11 09:45:38,IO2312-C-4400,IO2312-C-4400,57.8,0.0,0.0,0.0,9,55.8,58.4,30,57.8,0.0,0.0,0.0,0.0,0.0,213
2023-05-11 09:45:38,IO2312-C-4400,IO2312-C-4400,57.8,0.0,0.0,0.0,6,56.0,58.4,12,57.8,0.0,0.0,0.0,0.0,0.0,213
2023-05-11 09:45:39,IO2312-C-4400,IO2312-C-4400,57.8,0.0,0.0,0.0,9,56.0,58.6,13,57.8,0.0,0.0,0.0,0.0,0.0,213
2023-05-11 09:45:39,IO2312-C-4400,IO2312-C-4400,57.8,0.0,0.0,0.0,6,56.2,58.4,3,57.8,0.0,0.0,0.0,0.0,0.0,213
2023-05-11 09:45:40,IO2312-C-4400,IO2312-C-4400,57.8,0.0,0.0,0.0,3,56.4,58.6,13,57.8,0.0,0.0,0.0,0.0,0.0,213
2023-05-11 09:45:40,IO2312-C-4400,IO2312-C-4400,57.8,0.0,0.0,0.0,9,56.4,58.4,6,57.8,0.0,0.0,0.0,0.0,0.0,213
2023-05-11 09:45:41,IO2312-C-4400,IO2312-C-4400,57.8,0.0,0.0,0.0,9,56.4,58.4,9,57.8,0.0,0.0,0.0,0.0,0.0,213
2023-05-11 09:45:42,IO2312-C-4400,IO2312-C-4400,57.8,0.0,0.0,0.0,3,56.4,58.2,6,57.8,0.0,0.0,0.0,0.0,0.0,213
2023-05-11 09:45:43,IO2312-C-4400,IO2312-C-4400,57.8,0.0,0.0,0.0,3,56.4,58.4,6,57.8,0.0,0.0,0.0,0.0,0.0,213
2023-05-11 09:45:43,IO2312-C-4400,IO2312-C-4400,57.8,0.0,0.0,0.0,3,56.4,58.4,9,57.8,0.0,0.0,0.0,0.0,0.0,213
2023-05-11 09:45:44,IO2312-C-4400,IO2312-C-4400,57.8,0.0,0.0,0.0,9,56.4,58.2,6,57.8,0.0,0.0,0.0,0.0,0.0,213
2023-05-11 09:45:45,IO2312-C-4400,IO2312-C-4400,57.8,0.0,0.0,0.0,3,56.4,58.4,6,57.8,0.0,0.0,0.0,0.0,0.0,213
2023-05-11 09:45:47,IO2312-C-4400,IO2312-C-4400,57.8,0.0,0.0,0.0,6,56.6,58.4,6,57.8,0.0,0.0,0.0,0.0,0.0,213
2023-05-11 09:45:48,IO2312-C-4400,IO2312-C-4400,57.8,0.0,0.0,0.0,9,56.6,58.4,6,57.8,0.0,0.0,0.0,0.0,0.0,213
2023-05-11 09:45:49,IO2312-C-4400,IO2312-C-4400,57.8,0.0,0.0,0.0,3,56.6,58.4,6,57.8,0.0,0.0,0.0,0.0,0.0,213
2023-05-11 09:45:49,IO2312-C-4400,IO2312-C-4400,57.8,0.0,0.0,0.0,6,56.2,58.4,6,57.8,0.0,0.0,0.0,0.0,0.0,213
2023-05-11 09:45:50,IO2312-C-4400,IO2312-C-4400,57.8,0.0,0.0,0.0,6,55.8,58.6,7,57.8,0.0,0.0,0.0,0.0,0.0,213
2023-05-11 09:45:50,IO2312-C-4400,IO2312-C-4400,57.8,0.0,0.0,0.0,9,55.8,58.6,4,57.8,0.0,0.0,0.0,0.0,0.0,213
2023-05-11 09:45:51,IO2312-C-4400,IO2312-C-4400,57.8,0.0,0.0,0.0,6,56.0,58.6,10,57.8,0.0,0.0,0.0,0.0,0.0,213
2023-05-11 09:45:51,IO2312-C-4400,IO2312-C-4400,57.8,0.0,0.0,0.0,9,56.0,58.6,4,57.8,0.0,0.0,0.0,0.0,0.0,213
2023-05-11 09:45:52,IO2312-C-4400,IO2312-C-4400,57.8,0.0,0.0,0.0,6,56.2,58.6,1,57.8,0.0,0.0,0.0,0.0,0.0,213
2023-05-11 09:45:52,IO2312-C-4400,IO2312-C-4400,57.8,0.0,0.0,0.0,9,56.2,58.6,1,57.8,0.0,0.0,0.0,0.0,0.0,213
2023-05-11 09:45:53,IO2312-C-4400,IO2312-C-4400,57.8,0.0,0.0,0.0,6,56.4,58.6,1,57.8,0.0,0.0,0.0,0.0,0.0,213
2023-05-11 09:45:53,IO2312-C-4400,IO2312-C-4400,57.8,0.0,0.0,0.0,9,56.4,58.6,1,57.8,0.0,0.0,0.0,0.0,0.0,213
2023-05-11 09:45:54,IO2312-C-4400,IO2312-C-4400,57.8,0.0,0.0,0.0,6,56.6,58.6,1,57.8,0.0,0.0,0.0,0.0,0.0,213
2023-05-11 09:45:54,IO2312-C-4400,IO2312-C-4400,57.8,0.0,0.0,0.0,3,56.8,58.6,1,57.8,0.0,0.0,0.0,0.0,0.0,213
2023-05-11 09:45:55,IO2312-C-4400,IO2312-C-4400,57.8,0.0,0.0,0.0,6,57.0,58.6,1,57.8,0.0,0.0,0.0,0.0,0.0,213
2023-05-11 09:45:57,IO2312-C-4400,IO2312-C-4400,57.8,0.0,0.0,0.0,9,56.8,58.6,1,57.8,0.0,0.0,0.0,0.0,0.0,213
2023-05-11 09:45:57,IO2312-C-4400,IO2312-C-4400,57.8,0.0,0.0,0.0,6,57.0,58.6,1,57.8,0.0,0.0,0.0,0.0,0.0,213
2023-05-11 09:46:00,IO2312-C-4400,IO2312-C-4400,57.8,0.0,0.0,0.0,6,56.8,58.6,4,57.8,0.0,0.0,0.0,0.0,0.0,213
2023-05-11 09:46:01,IO2312-C-4400,IO2312-C-4400,57.8,0.0,0.0,0.0,6,56.8,58.6,1,57.8,0.0,0.0,0.0,0.0,0.0,213
2023-05-11 09:46:02,IO2312-C-4400,IO2312-C-4400,57.8,0.0,0.0,0.0,9,56.8,58.6,1,57.8,0.0,0.0,0.0,0.0,0.0,213
2023-05-11 09:46:02,IO2312-C-4400,IO2312-C-4400,57.8,0.0,0.0,0.0,6,57.0,58.6,1,57.8,0.0,0.0,0.0,0.0,0.0,213
2023-05-11 09:46:03,IO2312-C-4400,IO2312-C-4400,57.8,0.0,0.0,0.0,6,57.0,58.6,4,57.8,0.0,0.0,0.0,0.0,0.0,213
2023-05-11 09:46:03,IO2312-C-4400,IO2312-C-4400,57.8,0.0,0.0,0.0,6,56.8,58.6,10,57.8,0.0,0.0,0.0,0.0,0.0,213
2023-05-11 09:46:04,IO2312-C-4400,IO2312-C-4400,57.8,0.0,0.0,0.0,6,56.8,58.6,7,57.8,0.0,0.0,0.0,0.0,0.0,213
2023-05-11 09:46:04,IO2312-C-4400,IO2312-C-4400,57.8,0.0,0.0,0.0,6,56.6,58.6,1,57.8,0.0,0.0,0.0,0.0,0.0,213
2023-05-11 09:46:05,IO2312-C-4400,IO2312-C-4400,57.8,0.0,0.0,0.0,6,56.4,58.6,1,57.8,0.0,0.0,0.0,0.0,0.0,213
2023-05-11 09:46:06,IO2312-C-4400,IO2312-C-4400,57.8,0.0,0.0,0.0,6,56.4,58.6,4,57.8,0.0,0.0,0.0,0.0,0.0,213
2023-05-11 09:46:08,IO2312-C-4400,IO2312-C-4400,57.8,0.0,0.0,0.0,6,56.2,58.6,4,57.8,0.0,0.0,0.0,0.0,0.0,213
2023-05-11 09:46:10,IO2312-C-4400,IO2312-C-4400,57.8,0.0,0.0,0.0,6,56.2,58.6,1,57.8,0.0,0.0,0.0,0.0,0.0,213
2023-05-11 09:46:11,IO2312-C-4400,IO2312-C-4400,57.8,0.0,0.0,0.0,9,56.2,58.6,1,57.8,0.0,0.0,0.0,0.0,0.0,213
2023-05-11 09:46:11,IO2312-C-4400,IO2312-C-4400,57.8,0.0,0.0,0.0,6,56.4,58.6,1,57.8,0.0,0.0,0.0,0.0,0.0,213
2023-05-11 09:46:14,IO2312-C-4400,IO2312-C-4400,57.8,0.0,0.0,0.0,9,56.4,58.6,1,57.8,0.0,0.0,0.0,0.0,0.0,213
2023-05-11 09:46:15,IO2312-C-4400,IO2312-C-4400,57.8,0.0,0.0,0.0,6,56.6,58.6,1,57.8,0.0,0.0,0.0,0.0,0.0,213
2023-05-11 09:46:17,IO2312-C-4400,IO2312-C-4400,57.8,0.0,0.0,0.0,9,56.4,58.6,1,57.8,0.0,0.0,0.0,0.0,0.0,213
2023-05-11 09:46:18,IO2312-C-4400,IO2312-C-4400,57.8,0.0,0.0,0.0,6,56.6,58.6,1,57.8,0.0,0.0,0.0,0.0,0.0,213
2023-05-11 09:46:19,IO2312-C-4400,IO2312-C-4400,57.8,0.0,0.0,0.0,9,56.6,58.6,1,57.8,0.0,0.0,0.0,0.0,0.0,213
2023-05-11 09:46:19,IO2312-C-4400,IO2312-C-4400,57.8,0.0,0.0,0.0,6,56.8,58.6,1,57.8,0.0,0.0,0.0,0.0,0.0,213
2023-05-11 09:46:20,IO2312-C-4400,IO2312-C-4400,57.8,0.0,0.0,0.0,6,56.0,58.6,1,57.8,0.0,0.0,0.0,0.0,0.0,213
2023-05-11 09:46:20,IO2312-C-4400,IO2312-C-4400,57.8,0.0,0.0,0.0,9,56.0,58.6,1,57.8,0.0,0.0,0.0,0.0,0.0,213
2023-05-11 09:46:21,IO2312-C-4400,IO2312-C-4400,57.8,0.0,0.0,0.0,6,56.2,58.6,1,57.8,0.0,0.0,0.0,0.0,0.0,213
2023-05-11 09:46:21,IO2312-C-4400,IO2312-C-4400,57.8,0.0,0.0,0.0,3,56.4,58.6,1,57.8,0.0,0.0,0.0,0.0,0.0,213
2023-05-11 09:46:22,IO2312-C-4400,IO2312-C-4400,57.8,0.0,0.0,0.0,6,56.6,58.6,1,57.8,0.0,0.0,0.0,0.0,0.0,213
2023-05-11 09:46:22,IO2312-C-4400,IO2312-C-4400,57.8,0.0,0.0,0.0,9,56.6,58.6,1,57.8,0.0,0.0,0.0,0.0,0.0,213
2023-05-11 09:46:23,IO2312-C-4400,IO2312-C-4400,57.8,0.0,0.0,0.0,6,56.8,58.6,1,57.8,0.0,0.0,0.0,0.0,0.0,213
2023-05-11 09:46:23,IO2312-C-4400,IO2312-C-4400,57.8,0.0,0.0,0.0,6,55.8,58.6,4,57.8,0.0,0.0,0.0,0.0,0.0,213
2023-05-11 09:46:24,IO2312-C-4400,IO2312-C-4400,57.8,0.0,0.0,0.0,9,55.8,58.6,4,57.8,0.0,0.0,0.0,0.0,0.0,213
2023-05-11 09:46:24,IO2312-C-4400,IO2312-C-4400,57.8,0.0,0.0,0.0,6,56.0,58.6,4,57.8,0.0,0.0,0.0,0.0,0.0,213
2023-05-11 09:46:25,IO2312-C-4400,IO2312-C-4400,57.8,0.0,0.0,0.0,9,56.0,58.6,1,57.8,0.0,0.0,0.0,0.0,0.0,213
2023-05-11 09:46:25,IO2312-C-4400,IO2312-C-4400,57.8,0.0,0.0,0.0,6,56.2,58.6,1,57.8,0.0,0.0,0.0,0.0,0.0,213
2023-05-11 09:46:26,IO2312-C-4400,IO2312-C-4400,57.8,0.0,0.0,0.0,3,56.4,58.6,1,57.8,0.0,0.0,0.0,0.0,0.0,213
2023-05-11 09:46:26,IO2312-C-4400,IO2312-C-4400,57.8,0.0,0.0,0.0,6,56.6,58.6,1,57.8,0.0,0.0,0.0,0.0,0.0,213
2023-05-11 09:46:27,IO2312-C-4400,IO2312-C-4400,57.8,0.0,0.0,0.0,9,56.6,58.6,1,57.8,0.0,0.0,0.0,0.0,0.0,213
2023-05-11 09:46:27,IO2312-C-4400,IO2312-C-4400,57.8,0.0,0.0,0.0,6,56.8,58.6,1,57.8,0.0,0.0,0.0,0.0,0.0,213
2023-05-11 09:46:28,IO2312-C-4400,IO2312-C-4400,57.8,0.0,0.0,0.0,9,56.6,58.6,1,57.8,0.0,0.0,0.0,0.0,0.0,213
2023-05-11 09:46:29,IO2312-C-4400,IO2312-C-4400,57.8,0.0,0.0,0.0,6,56.8,58.6,1,57.8,0.0,0.0,0.0,0.0,0.0,213
2023-05-11 09:46:37,IO2312-C-4400,IO2312-C-4400,57.8,0.0,0.0,0.0,6,56.8,58.8,24,57.8,0.0,0.0,0.0,0.0,0.0,213
2023-05-11 09:46:37,IO2312-C-4400,IO2312-C-4400,57.8,0.0,0.0,0.0,6,56.8,58.8,12,57.8,0.0,0.0,0.0,0.0,0.0,213
2023-05-11 09:46:38,IO2312-C-4400,IO2312-C-4400,57.8,0.0,0.0,0.0,6,56.8,59.0,24,57.8,0.0,0.0,0.0,0.0,0.0,213
2023-05-11 09:46:38,IO2312-C-4400,IO2312-C-4400,57.8,0.0,0.0,0.0,9,56.8,59.0,12,57.8,0.0,0.0,0.0,0.0,0.0,213
2023-05-11 09:46:39,IO2312-C-4400,IO2312-C-4400,57.8,0.0,0.0,0.0,6,57.0,59.0,3,57.8,0.0,0.0,0.0,0.0,0.0,213
2023-05-11 09:46:39,IO2312-C-4400,IO2312-C-4400,57.8,0.0,0.0,0.0,6,57.0,58.8,1,57.8,0.0,0.0,0.0,0.0,0.0,213
2023-05-11 09:46:45,IO2312-C-4400,IO2312-C-4400,57.8,0.0,0.0,0.0,9,56.8,58.8,1,57.8,0.0,0.0,0.0,0.0,0.0,213
2023-05-11 09:46:45,IO2312-C-4400,IO2312-C-4400,57.8,0.0,0.0,0.0,6,57.0,58.8,1,57.8,0.0,0.0,0.0,0.0,0.0,213
2023-05-11 09:46:46,IO2312-C-4400,IO2312-C-4400,57.8,0.0,0.0,0.0,6,56.8,58.8,1,57.8,0.0,0.0,0.0,0.0,0.0,213
2023-05-11 09:46:47,IO2312-C-4400,IO2312-C-4400,57.8,0.0,0.0,0.0,9,56.8,58.8,1,57.8,0.0,0.0,0.0,0.0,0.0,213
2023-05-11 09:46:47,IO2312-C-4400,IO2312-C-4400,57.8,0.0,0.0,0.0,6,57.0,58.8,1,57.8,0.0,0.0,0.0,0.0,0.0,213
2023-05-11 09:46:48,IO2312-C-4400,IO2312-C-4400,57.8,0.0,0.0,0.0,9,56.8,58.8,1,57.8,0.0,0.0,0.0,0.0,0.0,213
2023-05-11 09:46:49,IO2312-C-4400,IO2312-C-4400,57.8,0.0,0.0,0.0,6,57.0,58.8,1,57.8,0.0,0.0,0.0,0.0,0.0,213
2023-05-11 09:46:51,IO2312-C-4400,IO2312-C-4400,57.8,0.0,0.0,0.0,6,56.8,58.8,4,57.8,0.0,0.0,0.0,0.0,0.0,213
2023-05-11 09:46:52,IO2312-C-4400,IO2312-C-4400,57.8,0.0,0.0,0.0,6,56.6,58.8,4,57.8,0.0,0.0,0.0,0.0,0.0,213
2023-05-11 09:46:53,IO2312-C-4400,IO2312-C-4400,57.8,0.0,0.0,0.0,6,56.6,58.8,1,57.8,0.0,0.0,0.0,0.0,0.0,213
2023-05-11 09:46:53,IO2312-C-4400,IO2312-C-4400,57.8,0.0,0.0,0.0,6,56.6,58.8,4,57.8,0.0,0.0,0.0,0.0,0.0,213
2023-05-11 09:46:54,IO2312-C-4400,IO2312-C-4400,57.8,0.0,0.0,0.0,9,56.6,58.8,4,57.8,0.0,0.0,0.0,0.0,0.0,213
2023-05-11 09:46:54,IO2312-C-4400,IO2312-C-4400,57.8,0.0,0.0,0.0,6,56.8,58.8,4,57.8,0.0,0.0,0.0,0.0,0.0,213
2023-05-11 09:46:55,IO2312-C-4400,IO2312-C-4400,57.8,0.0,0.0,0.0,6,56.6,58.8,4,57.8,0.0,0.0,0.0,0.0,0.0,213
2023-05-11 09:46:58,IO2312-C-4400,IO2312-C-4400,57.8,0.0,0.0,0.0,6,56.6,58.8,1,57.8,0.0,0.0,0.0,0.0,0.0,213
2023-05-11 09:47:03,IO2312-C-4400,IO2312-C-4400,57.8,0.0,0.0,0.0,6,56.6,58.8,4,57.8,0.0,0.0,0.0,0.0,0.0,213
2023-05-11 09:47:05,IO2312-C-4400,IO2312-C-4400,57.8,0.0,0.0,0.0,6,56.6,58.8,1,57.8,0.0,0.0,0.0,0.0,0.0,213
2023-05-11 09:47:06,IO2312-C-4400,IO2312-C-4400,57.8,0.0,0.0,0.0,9,56.6,58.8,1,57.8,0.0,0.0,0.0,0.0,0.0,213
2023-05-11 09:47:07,IO2312-C-4400,IO2312-C-4400,57.8,0.0,0.0,0.0,6,56.8,58.8,4,57.8,0.0,0.0,0.0,0.0,0.0,213
2023-05-11 09:47:08,IO2312-C-4400,IO2312-C-4400,57.8,0.0,0.0,0.0,6,56.6,58.8,4,57.8,0.0,0.0,0.0,0.0,0.0,213
2023-05-11 09:47:10,IO2312-C-4400,IO2312-C-4400,57.8,0.0,0.0,0.0,6,56.6,58.8,1,57.8,0.0,0.0,0.0,0.0,0.0,213
2023-05-11 09:47:22,IO2312-C-4400,IO2312-C-4400,57.8,0.0,0.0,0.0,6,56.6,58.8,4,57.8,0.0,0.0,0.0,0.0,0.0,213
2023-05-11 09:47:24,IO2312-C-4400,IO2312-C-4400,57.8,0.0,0.0,0.0,6,56.6,58.8,1,57.8,0.0,0.0,0.0,0.0,0.0,213
2023-05-11 09:47:24,IO2312-C-4400,IO2312-C-4400,57.8,0.0,0.0,0.0,6,56.6,58.8,4,57.8,0.0,0.0,0.0,0.0,0.0,213
2023-05-11 09:47:25,IO2312-C-4400,IO2312-C-4400,57.8,0.0,0.0,0.0,6,56.6,58.8,1,57.8,0.0,0.0,0.0,0.0,0.0,213
2023-05-11 09:47:27,IO2312-C-4400,IO2312-C-4400,57.8,0.0,0.0,0.0,9,56.6,58.8,1,57.8,0.0,0.0,0.0,0.0,0.0,213
2023-05-11 09:47:27,IO2312-C-4400,IO2312-C-4400,57.8,0.0,0.0,0.0,6,56.8,58.8,1,57.8,0.0,0.0,0.0,0.0,0.0,213
2023-05-11 09:47:28,IO2312-C-4400,IO2312-C-4400,57.8,0.0,0.0,0.0,6,56.6,58.8,4,57.8,0.0,0.0,0.0,0.0,0.0,213
2023-05-11 09:47:29,IO2312-C-4400,IO2312-C-4400,57.8,0.0,0.0,0.0,6,56.6,58.8,1,57.8,0.0,0.0,0.0,0.0,0.0,213
2023-05-11 09:47:32,IO2312-C-4400,IO2312-C-4400,57.8,0.0,0.0,0.0,9,56.6,58.8,1,57.8,0.0,0.0,0.0,0.0,0.0,213
2023-05-11 09:47:32,IO2312-C-4400,IO2312-C-4400,57.8,0.0,0.0,0.0,6,56.8,58.8,1,57.8,0.0,0.0,0.0,0.0,0.0,213
2023-05-11 09:47:42,IO2312-C-4400,IO2312-C-4400,57.8,0.0,0.0,0.0,9,56.8,58.8,1,57.8,0.0,0.0,0.0,0.0,0.0,213
2023-05-11 09:47:42,IO2312-C-4400,IO2312-C-4400,57.8,0.0,0.0,0.0,6,57.0,58.8,1,57.8,0.0,0.0,0.0,0.0,0.0,213
2023-05-11 09:47:49,IO2312-C-4400,IO2312-C-4400,57.8,0.0,0.0,0.0,6,56.8,58.8,1,57.8,0.0,0.0,0.0,0.0,0.0,213
2023-05-11 09:47:51,IO2312-C-4400,IO2312-C-4400,57.8,0.0,0.0,0.0,9,56.8,58.8,1,57.8,0.0,0.0,0.0,0.0,0.0,213
2023-05-11 09:47:51,IO2312-C-4400,IO2312-C-4400,57.8,0.0,0.0,0.0,6,57.0,58.8,1,57.8,0.0,0.0,0.0,0.0,0.0,213
2023-05-11 09:48:02,IO2312-C-4400,IO2312-C-4400,57.8,0.0,0.0,0.0,6,57.0,58.8,7,57.8,0.0,0.0,0.0,0.0,0.0,213
2023-05-11 09:48:03,IO2312-C-4400,IO2312-C-4400,57.8,0.0,0.0,0.0,6,56.8,58.8,1,57.8,0.0,0.0,0.0,0.0,0.0,213
2023-05-11 09:48:08,IO2312-C-4400,IO2312-C-4400,57.8,0.0,0.0,0.0,6,56.6,58.8,1,57.8,0.0,0.0,0.0,0.0,0.0,213
2023-05-11 09:48:14,IO2312-C-4400,IO2312-C-4400,57.8,0.0,0.0,0.0,6,56.6,58.8,4,57.8,0.0,0.0,0.0,0.0,0.0,213
2023-05-11 09:48:14,IO2312-C-4400,IO2312-C-4400,57.8,0.0,0.0,0.0,6,56.6,58.8,1,57.8,0.0,0.0,0.0,0.0,0.0,213
2023-05-11 09:48:17,IO2312-C-4400,IO2312-C-4400,57.8,0.0,0.0,0.0,9,56.6,58.8,1,57.8,0.0,0.0,0.0,0.0,0.0,213
2023-05-11 09:48:17,IO2312-C-4400,IO2312-C-4400,57.8,0.0,0.0,0.0,6,56.8,58.8,1,57.8,0.0,0.0,0.0,0.0,0.0,213
2023-05-11 09:48:18,IO2312-C-4400,IO2312-C-4400,57.8,0.0,0.0,0.0,6,56.6,58.8,1,57.8,0.0,0.0,0.0,0.0,0.0,213
2023-05-11 09:48:24,IO2312-C-4400,IO2312-C-4400,57.8,0.0,0.0,0.0,9,56.6,58.8,1,57.8,0.0,0.0,0.0,0.0,0.0,213
2023-05-11 09:48:25,IO2312-C-4400,IO2312-C-4400,57.8,0.0,0.0,0.0,6,56.8,58.8,1,57.8,0.0,0.0,0.0,0.0,0.0,213
2023-05-11 09:48:26,IO2312-C-4400,IO2312-C-4400,57.8,0.0,0.0,0.0,6,56.6,58.8,1,57.8,0.0,0.0,0.0,0.0,0.0,213
2023-05-11 09:48:37,IO2312-C-4400,IO2312-C-4400,57.8,0.0,0.0,0.0,9,56.6,58.8,1,57.8,0.0,0.0,0.0,0.0,0.0,213
2023-05-11 09:48:37,IO2312-C-4400,IO2312-C-4400,57.8,0.0,0.0,0.0,6,56.8,58.8,1,57.8,0.0,0.0,0.0,0.0,0.0,213
2023-05-11 09:48:41,IO2312-C-4400,IO2312-C-4400,57.8,0.0,0.0,0.0,6,56.6,58.8,1,57.8,0.0,0.0,0.0,0.0,0.0,213
2023-05-11 09:48:43,IO2312-C-4400,IO2312-C-4400,57.8,0.0,0.0,0.0,9,56.6,58.8,1,57.8,0.0,0.0,0.0,0.0,0.0,213
2023-05-11 09:48:43,IO2312-C-4400,IO2312-C-4400,57.8,0.0,0.0,0.0,6,56.8,58.8,1,57.8,0.0,0.0,0.0,0.0,0.0,213
2023-05-11 09:48:44,IO2312-C-4400,IO2312-C-4400,57.8,0.0,0.0,0.0,6,56.8,58.8,4,57.8,0.0,0.0,0.0,0.0,0.0,213
2023-05-11 09:48:45,IO2312-C-4400,IO2312-C-4400,57.8,0.0,0.0,0.0,6,56.8,58.8,1,57.8,0.0,0.0,0.0,0.0,0.0,213
2023-05-11 09:48:53,IO2312-C-4400,IO2312-C-4400,57.8,0.0,0.0,0.0,6,56.6,58.8,1,57.8,0.0,0.0,0.0,0.0,0.0,213
2023-05-11 09:48:55,IO2312-C-4400,IO2312-C-4400,57.8,0.0,0.0,0.0,9,56.6,58.8,1,57.8,0.0,0.0,0.0,0.0,0.0,213
2023-05-11 09:48:56,IO2312-C-4400,IO2312-C-4400,57.8,0.0,0.0,0.0,6,56.8,58.8,1,57.8,0.0,0.0,0.0,0.0,0.0,213
2023-05-11 09:48:57,IO2312-C-4400,IO2312-C-4400,57.8,0.0,0.0,0.0,9,56.6,58.8,1,57.8,0.0,0.0,0.0,0.0,0.0,213
2023-05-11 09:48:57,IO2312-C-4400,IO2312-C-4400,57.8,0.0,0.0,0.0,6,56.8,58.8,1,57.8,0.0,0.0,0.0,0.0,0.0,213
2023-05-11 09:49:01,IO2312-C-4400,IO2312-C-4400,57.8,0.0,0.0,0.0,9,56.8,58.8,1,57.8,0.0,0.0,0.0,0.0,0.0,213
2023-05-11 09:49:01,IO2312-C-4400,IO2312-C-4400,57.8,0.0,0.0,0.0,6,57.0,58.8,1,57.8,0.0,0.0,0.0,0.0,0.0,213
2023-05-11 09:49:04,IO2312-C-4400,IO2312-C-4400,57.8,0.0,0.0,0.0,6,56.8,58.8,4,57.8,0.0,0.0,0.0,0.0,0.0,213
2023-05-11 09:49:05,IO2312-C-4400,IO2312-C-4400,57.8,0.0,0.0,0.0,6,56.6,58.8,10,57.8,0.0,0.0,0.0,0.0,0.0,213
2023-05-11 09:49:08,IO2312-C-4400,IO2312-C-4400,57.8,0.0,0.0,0.0,6,56.6,58.4,1,57.8,0.0,0.0,0.0,0.0,0.0,213
2023-05-11 09:49:32,IO2312-C-4400,IO2312-C-4400,57.8,0.0,0.0,0.0,9,56.6,58.4,1,57.8,0.0,0.0,0.0,0.0,0.0,213
2023-05-11 09:49:32,IO2312-C-4400,IO2312-C-4400,57.8,0.0,0.0,0.0,6,56.8,58.4,1,57.8,0.0,0.0,0.0,0.0,0.0,213
2023-05-11 09:49:33,IO2312-C-4400,IO2312-C-4400,57.8,0.0,0.0,0.0,6,56.6,58.4,1,57.8,0.0,0.0,0.0,0.0,0.0,213
2023-05-11 09:49:41,IO2312-C-4400,IO2312-C-4400,57.8,0.0,0.0,0.0,9,56.6,58.4,1,57.8,0.0,0.0,0.0,0.0,0.0,213
2023-05-11 09:49:41,IO2312-C-4400,IO2312-C-4400,57.8,0.0,0.0,0.0,6,56.8,58.4,1,57.8,0.0,0.0,0.0,0.0,0.0,213
2023-05-11 09:49:43,IO2312-C-4400,IO2312-C-4400,57.8,0.0,0.0,0.0,9,56.6,58.4,1,57.8,0.0,0.0,0.0,0.0,0.0,213
2023-05-11 09:49:44,IO2312-C-4400,IO2312-C-4400,57.8,0.0,0.0,0.0,6,56.8,58.4,1,57.8,0.0,0.0,0.0,0.0,0.0,213
2023-05-11 09:50:03,IO2312-C-4400,IO2312-C-4400,57.8,0.0,0.0,0.0,6,56.6,58.4,1,57.8,0.0,0.0,0.0,0.0,0.0,213
2023-05-11 09:50:12,IO2312-C-4400,IO2312-C-4400,57.8,0.0,0.0,0.0,6,56.8,58.4,1,57.8,0.0,0.0,0.0,0.0,0.0,213
2023-05-11 09:50:12,IO2312-C-4400,IO2312-C-4400,57.8,0.0,0.0,0.0,6,57.0,58.4,1,57.8,0.0,0.0,0.0,0.0,0.0,213
