time,symbol_id,symbol_name,last,trade_volume,trade_amount,open_interest_change,bv1,bp1,ap1,av1,yesterday_close,today_open,today_high,today_low,volume,amount,open_interest
2023-05-11 09:29:00,IO2312-P-3900,IO2312-P-3900,139.0,0.0,0.0,0.0,1,118.0,155.8,1,139.0,137.2,0.0,0.0,0.0,0.0,275
2023-05-11 09:30:01,IO2312-P-3900,IO2312-P-3900,139.0,0.0,0.0,0.0,1,118.0,155.8,2,139.0,137.2,0.0,0.0,0.0,0.0,275
2023-05-11 09:30:01,IO2312-P-3900,IO2312-P-3900,139.0,0.0,0.0,0.0,6,118.2,155.8,2,139.0,137.2,0.0,0.0,0.0,0.0,275
2023-05-11 09:30:06,IO2312-P-3900,IO2312-P-3900,139.0,0.0,0.0,0.0,3,118.4,155.6,3,139.0,137.2,0.0,0.0,0.0,0.0,275
2023-05-11 09:30:06,IO2312-P-3900,IO2312-P-3900,139.0,0.0,0.0,0.0,6,118.6,155.6,4,139.0,137.2,0.0,0.0,0.0,0.0,275
2023-05-11 09:30:07,IO2312-P-3900,IO2312-P-3900,139.0,0.0,0.0,0.0,3,118.8,155.6,4,139.0,137.2,0.0,0.0,0.0,0.0,275
2023-05-11 09:30:07,IO2312-P-3900,IO2312-P-3900,139.0,0.0,0.0,0.0,6,119.0,147.6,1,139.0,137.2,0.0,0.0,0.0,0.0,275
2023-05-11 09:30:08,IO2312-P-3900,IO2312-P-3900,139.0,0.0,0.0,0.0,3,119.2,147.4,3,139.0,137.2,0.0,0.0,0.0,0.0,275
2023-05-11 09:30:08,IO2312-P-3900,IO2312-P-3900,139.0,0.0,0.0,0.0,6,119.4,141.2,1,139.0,137.2,0.0,0.0,0.0,0.0,275
2023-05-11 09:30:09,IO2312-P-3900,IO2312-P-3900,139.0,0.0,0.0,0.0,3,119.6,141.2,1,139.0,137.2,0.0,0.0,0.0,0.0,275
2023-05-11 09:30:09,IO2312-P-3900,IO2312-P-3900,139.0,0.0,0.0,0.0,6,119.8,141.2,1,139.0,137.2,0.0,0.0,0.0,0.0,275
2023-05-11 09:30:10,IO2312-P-3900,IO2312-P-3900,139.0,0.0,0.0,0.0,3,120.0,141.2,1,139.0,137.2,0.0,0.0,0.0,0.0,275
2023-05-11 09:30:10,IO2312-P-3900,IO2312-P-3900,139.0,0.0,0.0,0.0,6,120.2,141.2,1,139.0,137.2,0.0,0.0,0.0,0.0,275
2023-05-11 09:30:11,IO2312-P-3900,IO2312-P-3900,139.0,0.0,0.0,0.0,6,133.4,141.2,1,139.0,137.2,0.0,0.0,0.0,0.0,275
2023-05-11 09:30:11,IO2312-P-3900,IO2312-P-3900,139.0,0.0,0.0,0.0,6,131.4,141.2,1,139.0,137.2,0.0,0.0,0.0,0.0,275
2023-05-11 09:30:12,IO2312-P-3900,IO2312-P-3900,139.0,0.0,0.0,0.0,3,131.6,141.2,1,139.0,137.2,0.0,0.0,0.0,0.0,275
2023-05-11 09:30:12,IO2312-P-3900,IO2312-P-3900,139.0,0.0,0.0,0.0,1,136.2,141.2,1,139.0,137.2,0.0,0.0,0.0,0.0,275
2023-05-11 09:30:15,IO2312-P-3900,IO2312-P-3900,139.0,0.0,0.0,0.0,1,136.2,144.6,6,139.0,137.2,0.0,0.0,0.0,0.0,275
2023-05-11 09:30:15,IO2312-P-3900,IO2312-P-3900,139.0,0.0,0.0,0.0,1,136.2,144.2,6,139.0,137.2,0.0,0.0,0.0,0.0,275
2023-05-11 09:30:16,IO2312-P-3900,IO2312-P-3900,139.0,0.0,0.0,0.0,1,136.2,144.0,3,139.0,137.2,0.0,0.0,0.0,0.0,275
2023-05-11 09:30:16,IO2312-P-3900,IO2312-P-3900,139.0,0.0,0.0,0.0,1,136.2,144.0,4,139.0,137.2,0.0,0.0,0.0,0.0,275
2023-05-11 09:30:18,IO2312-P-3900,IO2312-P-3900,139.0,0.0,0.0,0.0,1,136.2,143.6,1,139.0,137.2,0.0,0.0,0.0,0.0,275
2023-05-11 09:30:18,IO2312-P-3900,IO2312-P-3900,139.0,0.0,0.0,0.0,6,131.6,143.6,1,139.0,137.2,0.0,0.0,0.0,0.0,275
2023-05-11 09:30:19,IO2312-P-3900,IO2312-P-3900,139.0,0.0,0.0,0.0,1,135.2,143.6,1,139.0,137.2,0.0,0.0,0.0,0.0,275
2023-05-11 09:30:22,IO2312-P-3900,IO2312-P-3900,139.0,0.0,0.0,0.0,1,135.2,143.6,4,139.0,137.2,0.0,0.0,0.0,0.0,275
2023-05-11 09:30:22,IO2312-P-3900,IO2312-P-3900,139.0,0.0,0.0,0.0,1,135.2,142.2,1,139.0,137.2,0.0,0.0,0.0,0.0,275
2023-05-11 09:30:23,IO2312-P-3900,IO2312-P-3900,139.0,0.0,0.0,0.0,1,135.2,142.2,7,139.0,137.2,0.0,0.0,0.0,0.0,275
2023-05-11 09:30:23,IO2312-P-3900,IO2312-P-3900,139.0,0.0,0.0,0.0,7,135.2,142.2,7,139.0,137.2,0.0,0.0,0.0,0.0,275
2023-05-11 09:30:24,IO2312-P-3900,IO2312-P-3900,139.0,0.0,0.0,0.0,1,135.8,142.2,7,139.0,137.2,0.0,0.0,0.0,0.0,275
2023-05-11 09:30:31,IO2312-P-3900,IO2312-P-3900,139.0,0.0,0.0,0.0,1,135.8,142.2,8,139.0,137.2,0.0,0.0,0.0,0.0,275
2023-05-11 09:30:33,IO2312-P-3900,IO2312-P-3900,139.0,0.0,0.0,0.0,6,135.2,142.2,8,139.0,137.2,0.0,0.0,0.0,0.0,275
2023-05-11 09:30:38,IO2312-P-3900,IO2312-P-3900,139.0,0.0,0.0,0.0,6,135.2,142.0,2,139.0,137.2,0.0,0.0,0.0,0.0,275
2023-05-11 09:30:39,IO2312-P-3900,IO2312-P-3900,139.0,0.0,0.0,0.0,1,137.4,142.0,2,139.0,137.2,0.0,0.0,0.0,0.0,275
2023-05-11 09:30:43,IO2312-P-3900,IO2312-P-3900,139.0,0.0,0.0,0.0,6,137.2,142.0,2,139.0,137.2,0.0,0.0,0.0,0.0,275
2023-05-11 09:30:44,IO2312-P-3900,IO2312-P-3900,139.0,0.0,0.0,0.0,1,136.6,142.0,2,139.0,137.2,0.0,0.0,0.0,0.0,275
2023-05-11 09:30:44,IO2312-P-3900,IO2312-P-3900,139.0,0.0,0.0,0.0,7,136.6,142.0,2,139.0,137.2,0.0,0.0,0.0,0.0,275
2023-05-11 09:30:48,IO2312-P-3900,IO2312-P-3900,139.0,0.0,0.0,0.0,7,136.6,141.8,1,139.0,137.2,0.0,0.0,0.0,0.0,275
2023-05-11 09:30:51,IO2312-P-3900,IO2312-P-3900,139.0,0.0,0.0,0.0,7,136.6,141.8,2,139.0,137.2,0.0,0.0,0.0,0.0,275
2023-05-11 09:30:52,IO2312-P-3900,IO2312-P-3900,139.0,0.0,0.0,0.0,7,136.6,141.8,1,139.0,137.2,0.0,0.0,0.0,0.0,275
2023-05-11 09:30:52,IO2312-P-3900,IO2312-P-3900,139.0,0.0,0.0,0.0,1,137.0,141.8,1,139.0,137.2,0.0,0.0,0.0,0.0,275
2023-05-11 09:30:53,IO2312-P-3900,IO2312-P-3900,139.0,0.0,0.0,0.0,6,136.6,141.8,1,139.0,137.2,0.0,0.0,0.0,0.0,275
2023-05-11 09:30:54,IO2312-P-3900,IO2312-P-3900,139.0,0.0,0.0,0.0,24,135.2,141.8,1,139.0,137.2,0.0,0.0,0.0,0.0,275
2023-05-11 09:30:54,IO2312-P-3900,IO2312-P-3900,139.0,0.0,0.0,0.0,12,135.2,141.8,1,139.0,137.2,0.0,0.0,0.0,0.0,275
2023-05-11 09:30:55,IO2312-P-3900,IO2312-P-3900,139.0,0.0,0.0,0.0,6,135.2,141.8,1,139.0,137.2,0.0,0.0,0.0,0.0,275
2023-05-11 09:31:01,IO2312-P-3900,IO2312-P-3900,139.0,0.0,0.0,0.0,1,136.4,141.8,1,139.0,137.2,0.0,0.0,0.0,0.0,275
2023-05-11 09:31:01,IO2312-P-3900,IO2312-P-3900,139.0,0.0,0.0,0.0,7,136.4,141.8,1,139.0,137.2,0.0,0.0,0.0,0.0,275
2023-05-11 09:31:06,IO2312-P-3900,IO2312-P-3900,139.0,0.0,0.0,0.0,1,136.8,141.8,1,139.0,137.2,0.0,0.0,0.0,0.0,275
2023-05-11 09:31:13,IO2312-P-3900,IO2312-P-3900,139.0,0.0,0.0,0.0,6,136.4,141.8,1,139.0,137.2,0.0,0.0,0.0,0.0,275
2023-05-11 09:31:16,IO2312-P-3900,IO2312-P-3900,139.0,0.0,0.0,0.0,7,136.4,141.8,1,139.0,137.2,0.0,0.0,0.0,0.0,275
2023-05-11 09:31:18,IO2312-P-3900,IO2312-P-3900,139.0,0.0,0.0,0.0,6,136.4,141.8,1,139.0,137.2,0.0,0.0,0.0,0.0,275
2023-05-11 09:31:20,IO2312-P-3900,IO2312-P-3900,139.0,0.0,0.0,0.0,1,136.6,141.8,1,139.0,137.2,0.0,0.0,0.0,0.0,275
2023-05-11 09:31:27,IO2312-P-3900,IO2312-P-3900,139.0,0.0,0.0,0.0,1,136.6,141.8,2,139.0,137.2,0.0,0.0,0.0,0.0,275
2023-05-11 09:31:28,IO2312-P-3900,IO2312-P-3900,139.0,0.0,0.0,0.0,1,136.6,140.8,1,139.0,137.2,0.0,0.0,0.0,0.0,275
2023-05-11 09:31:33,IO2312-P-3900,IO2312-P-3900,139.0,0.0,0.0,0.0,1,136.6,140.6,6,139.0,137.2,0.0,0.0,0.0,0.0,275
2023-05-11 09:31:37,IO2312-P-3900,IO2312-P-3900,139.0,0.0,0.0,0.0,1,136.6,141.2,6,139.0,137.2,0.0,0.0,0.0,0.0,275
2023-05-11 09:31:45,IO2312-P-3900,IO2312-P-3900,139.0,0.0,0.0,0.0,1,136.6,141.0,1,139.0,137.2,0.0,0.0,0.0,0.0,275
2023-05-11 09:31:45,IO2312-P-3900,IO2312-P-3900,139.0,0.0,0.0,0.0,1,136.6,140.8,6,139.0,137.2,0.0,0.0,0.0,0.0,275
2023-05-11 09:31:53,IO2312-P-3900,IO2312-P-3900,139.0,0.0,0.0,0.0,6,136.8,141.0,1,139.0,137.2,0.0,0.0,0.0,0.0,275
2023-05-11 09:31:53,IO2312-P-3900,IO2312-P-3900,139.0,0.0,0.0,0.0,1,137.6,141.0,1,139.0,137.2,0.0,0.0,0.0,0.0,275
2023-05-11 09:31:54,IO2312-P-3900,IO2312-P-3900,139.0,0.0,0.0,0.0,7,137.6,140.8,6,139.0,137.2,0.0,0.0,0.0,0.0,275
2023-05-11 09:31:55,IO2312-P-3900,IO2312-P-3900,139.0,0.0,0.0,0.0,7,137.6,141.2,6,139.0,137.2,0.0,0.0,0.0,0.0,275
2023-05-11 09:31:59,IO2312-P-3900,IO2312-P-3900,139.0,0.0,0.0,0.0,6,137.6,141.0,2,139.0,137.2,0.0,0.0,0.0,0.0,275
2023-05-11 09:32:00,IO2312-P-3900,IO2312-P-3900,139.0,0.0,0.0,0.0,6,137.6,140.8,6,139.0,137.2,0.0,0.0,0.0,0.0,275
2023-05-11 09:32:01,IO2312-P-3900,IO2312-P-3900,139.0,0.0,0.0,0.0,13,137.0,140.8,6,139.0,137.2,0.0,0.0,0.0,0.0,275
2023-05-11 09:32:02,IO2312-P-3900,IO2312-P-3900,139.0,0.0,0.0,0.0,7,137.0,140.8,6,139.0,137.2,0.0,0.0,0.0,0.0,275
2023-05-11 09:32:02,IO2312-P-3900,IO2312-P-3900,139.0,0.0,0.0,0.0,1,137.0,140.8,6,139.0,137.2,0.0,0.0,0.0,0.0,275
2023-05-11 09:32:04,IO2312-P-3900,IO2312-P-3900,139.0,0.0,0.0,0.0,7,137.0,140.8,6,139.0,137.2,0.0,0.0,0.0,0.0,275
2023-05-11 09:32:04,IO2312-P-3900,IO2312-P-3900,139.0,0.0,0.0,0.0,1,137.4,140.8,3,139.0,137.2,0.0,0.0,0.0,0.0,275
2023-05-11 09:32:05,IO2312-P-3900,IO2312-P-3900,139.0,0.0,0.0,0.0,6,137.6,141.0,8,139.0,137.2,0.0,0.0,0.0,0.0,275
2023-05-11 09:32:06,IO2312-P-3900,IO2312-P-3900,139.0,0.0,0.0,0.0,6,137.6,141.0,11,139.0,137.2,0.0,0.0,0.0,0.0,275
2023-05-11 09:32:14,IO2312-P-3900,IO2312-P-3900,139.0,0.0,0.0,0.0,6,137.6,140.8,1,139.0,137.2,0.0,0.0,0.0,0.0,275
2023-05-11 09:32:14,IO2312-P-3900,IO2312-P-3900,139.0,0.0,0.0,0.0,12,137.4,140.6,6,139.0,137.2,0.0,0.0,0.0,0.0,275
2023-05-11 09:32:15,IO2312-P-3900,IO2312-P-3900,139.0,0.0,0.0,0.0,6,137.4,140.6,9,139.0,137.2,0.0,0.0,0.0,0.0,275
2023-05-11 09:32:17,IO2312-P-3900,IO2312-P-3900,139.0,0.0,0.0,0.0,18,137.2,140.6,9,139.0,137.2,0.0,0.0,0.0,0.0,275
2023-05-11 09:32:17,IO2312-P-3900,IO2312-P-3900,139.0,0.0,0.0,0.0,12,137.2,140.6,9,139.0,137.2,0.0,0.0,0.0,0.0,275
2023-05-11 09:32:18,IO2312-P-3900,IO2312-P-3900,139.0,0.0,0.0,0.0,6,137.2,140.6,9,139.0,137.2,0.0,0.0,0.0,0.0,275
2023-05-11 09:32:18,IO2312-P-3900,IO2312-P-3900,139.0,0.0,0.0,0.0,6,137.2,140.6,3,139.0,137.2,0.0,0.0,0.0,0.0,275
2023-05-11 09:32:19,IO2312-P-3900,IO2312-P-3900,139.0,0.0,0.0,0.0,6,137.2,140.8,7,139.0,137.2,0.0,0.0,0.0,0.0,275
2023-05-11 09:32:20,IO2312-P-3900,IO2312-P-3900,139.0,0.0,0.0,0.0,6,137.2,140.8,10,139.0,137.2,0.0,0.0,0.0,0.0,275
2023-05-11 09:32:20,IO2312-P-3900,IO2312-P-3900,139.0,0.0,0.0,0.0,18,137.0,140.6,6,139.0,137.2,0.0,0.0,0.0,0.0,275
2023-05-11 09:32:21,IO2312-P-3900,IO2312-P-3900,139.0,0.0,0.0,0.0,6,137.2,140.8,10,139.0,137.2,0.0,0.0,0.0,0.0,275
2023-05-11 09:32:22,IO2312-P-3900,IO2312-P-3900,139.0,0.0,0.0,0.0,6,137.0,140.8,4,139.0,137.2,0.0,0.0,0.0,0.0,275
2023-05-11 09:32:22,IO2312-P-3900,IO2312-P-3900,139.0,0.0,0.0,0.0,6,137.0,140.8,1,139.0,137.2,0.0,0.0,0.0,0.0,275
2023-05-11 09:32:26,IO2312-P-3900,IO2312-P-3900,139.0,0.0,0.0,0.0,27,136.8,140.6,6,139.0,137.2,0.0,0.0,0.0,0.0,275
2023-05-11 09:32:26,IO2312-P-3900,IO2312-P-3900,139.0,0.0,0.0,0.0,24,136.8,140.6,9,139.0,137.2,0.0,0.0,0.0,0.0,275
2023-05-11 09:32:27,IO2312-P-3900,IO2312-P-3900,139.0,0.0,0.0,0.0,6,137.0,140.4,6,139.0,137.2,0.0,0.0,0.0,0.0,275
2023-05-11 09:32:28,IO2312-P-3900,IO2312-P-3900,139.0,0.0,0.0,0.0,6,136.8,140.6,9,139.0,137.2,0.0,0.0,0.0,0.0,275
2023-05-11 09:32:31,IO2312-P-3900,IO2312-P-3900,139.0,0.0,0.0,0.0,7,136.8,140.6,9,139.0,137.2,0.0,0.0,0.0,0.0,275
2023-05-11 09:32:32,IO2312-P-3900,IO2312-P-3900,139.0,0.0,0.0,0.0,6,137.0,140.4,6,139.0,137.2,0.0,0.0,0.0,0.0,275
2023-05-11 09:32:34,IO2312-P-3900,IO2312-P-3900,139.0,0.0,0.0,0.0,1,137.2,140.4,6,139.0,137.2,0.0,0.0,0.0,0.0,275
2023-05-11 09:32:35,IO2312-P-3900,IO2312-P-3900,139.0,0.0,0.0,0.0,6,137.4,140.6,3,139.0,137.2,0.0,0.0,0.0,0.0,275
2023-05-11 09:32:35,IO2312-P-3900,IO2312-P-3900,139.0,0.0,0.0,0.0,6,137.4,140.8,7,139.0,137.2,0.0,0.0,0.0,0.0,275
2023-05-11 09:32:36,IO2312-P-3900,IO2312-P-3900,139.0,0.0,0.0,0.0,6,137.4,140.8,10,139.0,137.2,0.0,0.0,0.0,0.0,275
2023-05-11 09:32:45,IO2312-P-3900,IO2312-P-3900,139.0,0.0,0.0,0.0,30,136.6,140.6,6,139.0,137.2,0.0,0.0,0.0,0.0,275
2023-05-11 09:32:45,IO2312-P-3900,IO2312-P-3900,139.0,0.0,0.0,0.0,1,136.8,140.6,6,139.0,137.2,0.0,0.0,0.0,0.0,275
2023-05-11 09:32:58,IO2312-P-3900,IO2312-P-3900,139.0,0.0,0.0,0.0,6,137.0,140.6,6,139.0,137.2,0.0,0.0,0.0,0.0,275
2023-05-11 09:32:59,IO2312-P-3900,IO2312-P-3900,139.0,0.0,0.0,0.0,1,137.4,140.6,6,139.0,137.2,0.0,0.0,0.0,0.0,275
2023-05-11 09:33:00,IO2312-P-3900,IO2312-P-3900,139.0,0.0,0.0,0.0,1,136.8,140.6,6,139.0,137.2,0.0,0.0,0.0,0.0,275
2023-05-11 09:33:04,IO2312-P-3900,IO2312-P-3900,139.0,0.0,0.0,0.0,6,137.0,140.6,6,139.0,137.2,0.0,0.0,0.0,0.0,275
2023-05-11 09:33:04,IO2312-P-3900,IO2312-P-3900,139.0,0.0,0.0,0.0,1,137.8,140.6,6,139.0,137.2,0.0,0.0,0.0,0.0,275
2023-05-11 09:33:12,IO2312-P-3900,IO2312-P-3900,139.0,0.0,0.0,0.0,1,137.8,140.8,3,139.0,137.2,0.0,0.0,0.0,0.0,275
2023-05-11 09:33:12,IO2312-P-3900,IO2312-P-3900,139.0,0.0,0.0,0.0,1,137.8,141.0,31,139.0,137.2,0.0,0.0,0.0,0.0,275
2023-05-11 09:33:13,IO2312-P-3900,IO2312-P-3900,139.0,0.0,0.0,0.0,1,137.8,141.0,19,139.0,137.2,0.0,0.0,0.0,0.0,275
2023-05-11 09:33:13,IO2312-P-3900,IO2312-P-3900,139.0,0.0,0.0,0.0,1,137.8,141.0,16,139.0,137.2,0.0,0.0,0.0,0.0,275
2023-05-11 09:33:14,IO2312-P-3900,IO2312-P-3900,139.0,0.0,0.0,0.0,1,137.8,141.0,13,139.0,137.2,0.0,0.0,0.0,0.0,275
2023-05-11 09:33:15,IO2312-P-3900,IO2312-P-3900,139.0,0.0,0.0,0.0,1,137.8,141.0,16,139.0,137.2,0.0,0.0,0.0,0.0,275
2023-05-11 09:33:18,IO2312-P-3900,IO2312-P-3900,139.0,0.0,0.0,0.0,1,137.8,140.8,6,139.0,137.2,0.0,0.0,0.0,0.0,275
2023-05-11 09:33:30,IO2312-P-3900,IO2312-P-3900,139.0,0.0,0.0,0.0,1,137.8,141.0,16,139.0,137.2,0.0,0.0,0.0,0.0,275
2023-05-11 09:33:31,IO2312-P-3900,IO2312-P-3900,139.0,0.0,0.0,0.0,1,137.8,141.0,10,139.0,137.2,0.0,0.0,0.0,0.0,275
2023-05-11 09:33:31,IO2312-P-3900,IO2312-P-3900,139.0,0.0,0.0,0.0,7,137.8,141.0,1,139.0,137.2,0.0,0.0,0.0,0.0,275
2023-05-11 09:33:32,IO2312-P-3900,IO2312-P-3900,139.0,0.0,0.0,0.0,1,138.2,141.0,1,139.0,137.2,0.0,0.0,0.0,0.0,275
2023-05-11 09:33:37,IO2312-P-3900,IO2312-P-3900,139.0,0.0,0.0,0.0,1,138.2,140.8,6,139.0,137.2,0.0,0.0,0.0,0.0,275
2023-05-11 09:33:40,IO2312-P-3900,IO2312-P-3900,139.0,0.0,0.0,0.0,25,137.6,140.8,6,139.0,137.2,0.0,0.0,0.0,0.0,275
2023-05-11 09:33:40,IO2312-P-3900,IO2312-P-3900,139.0,0.0,0.0,0.0,13,137.6,140.8,6,139.0,137.2,0.0,0.0,0.0,0.0,275
2023-05-11 09:33:44,IO2312-P-3900,IO2312-P-3900,139.0,0.0,0.0,0.0,12,137.6,140.8,7,139.0,137.2,0.0,0.0,0.0,0.0,275
2023-05-11 09:33:45,IO2312-P-3900,IO2312-P-3900,139.0,0.0,0.0,0.0,6,137.4,140.6,6,139.0,137.2,0.0,0.0,0.0,0.0,275
2023-05-11 09:33:45,IO2312-P-3900,IO2312-P-3900,139.0,0.0,0.0,0.0,24,137.2,140.6,6,139.0,137.2,0.0,0.0,0.0,0.0,275
2023-05-11 09:33:46,IO2312-P-3900,IO2312-P-3900,139.0,0.0,0.0,0.0,6,137.2,140.6,6,139.0,137.2,0.0,0.0,0.0,0.0,275
2023-05-11 09:33:46,IO2312-P-3900,IO2312-P-3900,139.0,0.0,0.0,0.0,1,137.0,140.6,6,139.0,137.2,0.0,0.0,0.0,0.0,275
2023-05-11 09:33:55,IO2312-P-3900,IO2312-P-3900,139.0,0.0,0.0,0.0,24,136.8,140.6,6,139.0,137.2,0.0,0.0,0.0,0.0,275
2023-05-11 09:33:56,IO2312-P-3900,IO2312-P-3900,139.0,0.0,0.0,0.0,6,136.8,140.6,6,139.0,137.2,0.0,0.0,0.0,0.0,275
2023-05-11 09:33:56,IO2312-P-3900,IO2312-P-3900,139.0,0.0,0.0,0.0,24,136.6,140.6,6,139.0,137.2,0.0,0.0,0.0,0.0,275
2023-05-11 09:33:57,IO2312-P-3900,IO2312-P-3900,139.0,0.0,0.0,0.0,1,136.8,140.6,6,139.0,137.2,0.0,0.0,0.0,0.0,275
2023-05-11 09:34:20,IO2312-P-3900,IO2312-P-3900,139.0,0.0,0.0,0.0,1,136.8,140.6,7,139.0,137.2,0.0,0.0,0.0,0.0,275
2023-05-11 09:34:21,IO2312-P-3900,IO2312-P-3900,139.0,0.0,0.0,0.0,1,136.8,140.4,6,139.0,137.2,0.0,0.0,0.0,0.0,275
2023-05-11 09:34:21,IO2312-P-3900,IO2312-P-3900,139.0,0.0,0.0,0.0,1,136.8,140.4,9,139.0,137.2,0.0,0.0,0.0,0.0,275
2023-05-11 09:34:22,IO2312-P-3900,IO2312-P-3900,139.0,0.0,0.0,0.0,1,136.8,140.2,6,139.0,137.2,0.0,0.0,0.0,0.0,275
2023-05-11 09:34:33,IO2312-P-3900,IO2312-P-3900,139.0,0.0,0.0,0.0,6,137.0,140.4,9,139.0,137.2,0.0,0.0,0.0,0.0,275
2023-05-11 09:34:34,IO2312-P-3900,IO2312-P-3900,139.0,0.0,0.0,0.0,6,137.0,140.4,6,139.0,137.2,0.0,0.0,0.0,0.0,275
2023-05-11 09:34:34,IO2312-P-3900,IO2312-P-3900,139.0,0.0,0.0,0.0,1,137.8,140.6,6,139.0,137.2,0.0,0.0,0.0,0.0,275
2023-05-11 09:34:39,IO2312-P-3900,IO2312-P-3900,139.0,0.0,0.0,0.0,1,137.8,141.0,19,139.0,137.2,0.0,0.0,0.0,0.0,275
2023-05-11 09:34:40,IO2312-P-3900,IO2312-P-3900,139.0,0.0,0.0,0.0,1,137.8,141.0,7,139.0,137.2,0.0,0.0,0.0,0.0,275
2023-05-11 09:34:47,IO2312-P-3900,IO2312-P-3900,139.0,0.0,0.0,0.0,1,137.8,140.8,3,139.0,137.2,0.0,0.0,0.0,0.0,275
2023-05-11 09:34:48,IO2312-P-3900,IO2312-P-3900,139.0,0.0,0.0,0.0,12,137.6,141.0,7,139.0,137.2,0.0,0.0,0.0,0.0,275
2023-05-11 09:34:49,IO2312-P-3900,IO2312-P-3900,139.0,0.0,0.0,0.0,12,137.6,140.8,1,139.0,137.2,0.0,0.0,0.0,0.0,275
2023-05-11 09:34:51,IO2312-P-3900,IO2312-P-3900,139.0,0.0,0.0,0.0,36,137.2,140.6,6,139.0,137.2,0.0,0.0,0.0,0.0,275
2023-05-11 09:34:52,IO2312-P-3900,IO2312-P-3900,139.0,0.0,0.0,0.0,12,137.2,140.6,9,139.0,137.2,0.0,0.0,0.0,0.0,275
2023-05-11 09:34:52,IO2312-P-3900,IO2312-P-3900,139.0,0.0,0.0,0.0,7,137.0,140.4,6,139.0,137.2,0.0,0.0,0.0,0.0,275
2023-05-11 09:34:53,IO2312-P-3900,IO2312-P-3900,139.0,0.0,0.0,0.0,1,137.0,140.4,6,139.0,137.2,0.0,0.0,0.0,0.0,275
2023-05-11 09:34:53,IO2312-P-3900,IO2312-P-3900,139.0,0.0,0.0,0.0,6,137.2,140.6,15,139.0,137.2,0.0,0.0,0.0,0.0,275
2023-05-11 09:34:55,IO2312-P-3900,IO2312-P-3900,139.0,0.0,0.0,0.0,1,137.8,140.6,12,139.0,137.2,0.0,0.0,0.0,0.0,275
2023-05-11 09:34:56,IO2312-P-3900,IO2312-P-3900,139.0,0.0,0.0,0.0,1,137.8,140.6,15,139.0,137.2,0.0,0.0,0.0,0.0,275
2023-05-11 09:34:57,IO2312-P-3900,IO2312-P-3900,139.0,0.0,0.0,0.0,1,137.8,140.6,9,139.0,137.2,0.0,0.0,0.0,0.0,275
2023-05-11 09:34:58,IO2312-P-3900,IO2312-P-3900,139.0,0.0,0.0,0.0,1,137.8,140.6,3,139.0,137.2,0.0,0.0,0.0,0.0,275
2023-05-11 09:34:58,IO2312-P-3900,IO2312-P-3900,139.0,0.0,0.0,0.0,1,137.8,140.8,7,139.0,137.2,0.0,0.0,0.0,0.0,275
2023-05-11 09:34:59,IO2312-P-3900,IO2312-P-3900,139.0,0.0,0.0,0.0,1,137.8,140.8,6,139.0,137.2,0.0,0.0,0.0,0.0,275
2023-05-11 09:34:59,IO2312-P-3900,IO2312-P-3900,139.0,0.0,0.0,0.0,1,137.8,140.8,9,139.0,137.2,0.0,0.0,0.0,0.0,275
2023-05-11 09:35:01,IO2312-P-3900,IO2312-P-3900,139.0,0.0,0.0,0.0,7,137.8,140.8,3,139.0,137.2,0.0,0.0,0.0,0.0,275
2023-05-11 09:35:02,IO2312-P-3900,IO2312-P-3900,139.0,0.0,0.0,0.0,7,137.8,141.0,1,139.0,137.2,0.0,0.0,0.0,0.0,275
2023-05-11 09:35:02,IO2312-P-3900,IO2312-P-3900,139.0,0.0,0.0,0.0,1,138.6,141.0,1,139.0,137.2,0.0,0.0,0.0,0.0,275
2023-05-11 09:35:06,IO2312-P-3900,IO2312-P-3900,139.0,0.0,0.0,0.0,7,138.6,141.0,1,139.0,137.2,0.0,0.0,0.0,0.0,275
2023-05-11 09:35:07,IO2312-P-3900,IO2312-P-3900,139.0,0.0,0.0,0.0,1,139.0,141.0,1,139.0,137.2,0.0,0.0,0.0,0.0,275
2023-05-11 09:35:10,IO2312-P-3900,IO2312-P-3900,139.0,0.0,0.0,0.0,6,138.6,141.0,1,139.0,137.2,0.0,0.0,0.0,0.0,275
2023-05-11 09:35:12,IO2312-P-3900,IO2312-P-3900,139.0,0.0,0.0,0.0,6,138.4,141.0,1,139.0,137.2,0.0,0.0,0.0,0.0,275
2023-05-11 09:35:12,IO2312-P-3900,IO2312-P-3900,139.0,0.0,0.0,0.0,12,138.2,141.0,1,139.0,137.2,0.0,0.0,0.0,0.0,275
2023-05-11 09:35:13,IO2312-P-3900,IO2312-P-3900,139.0,0.0,0.0,0.0,19,138.0,141.0,1,139.0,137.2,0.0,0.0,0.0,0.0,275
2023-05-11 09:35:13,IO2312-P-3900,IO2312-P-3900,139.0,0.0,0.0,0.0,7,138.0,141.0,1,139.0,137.2,0.0,0.0,0.0,0.0,275
2023-05-11 09:35:14,IO2312-P-3900,IO2312-P-3900,139.0,0.0,0.0,0.0,1,138.0,141.0,1,139.0,137.2,0.0,0.0,0.0,0.0,275
2023-05-11 09:35:17,IO2312-P-3900,IO2312-P-3900,139.0,0.0,0.0,0.0,1,138.0,140.8,6,139.0,137.2,0.0,0.0,0.0,0.0,275
2023-05-11 09:35:18,IO2312-P-3900,IO2312-P-3900,139.0,0.0,0.0,0.0,6,137.8,140.8,9,139.0,137.2,0.0,0.0,0.0,0.0,275
2023-05-11 09:35:18,IO2312-P-3900,IO2312-P-3900,139.0,0.0,0.0,0.0,30,137.6,140.6,6,139.0,137.2,0.0,0.0,0.0,0.0,275
2023-05-11 09:35:19,IO2312-P-3900,IO2312-P-3900,139.0,0.0,0.0,0.0,12,137.6,140.6,6,139.0,137.2,0.0,0.0,0.0,0.0,275
2023-05-11 09:35:19,IO2312-P-3900,IO2312-P-3900,139.0,0.0,0.0,0.0,6,137.6,140.6,6,139.0,137.2,0.0,0.0,0.0,0.0,275
2023-05-11 09:35:20,IO2312-P-3900,IO2312-P-3900,139.0,0.0,0.0,0.0,1,137.8,140.6,6,139.0,137.2,0.0,0.0,0.0,0.0,275
2023-05-11 09:35:23,IO2312-P-3900,IO2312-P-3900,139.0,0.0,0.0,0.0,1,137.8,140.8,9,139.0,137.2,0.0,0.0,0.0,0.0,275
2023-05-11 09:35:24,IO2312-P-3900,IO2312-P-3900,139.0,0.0,0.0,0.0,1,137.8,140.8,6,139.0,137.2,0.0,0.0,0.0,0.0,275
2023-05-11 09:35:28,IO2312-P-3900,IO2312-P-3900,139.0,0.0,0.0,0.0,6,137.6,140.8,6,139.0,137.2,0.0,0.0,0.0,0.0,275
2023-05-11 09:35:29,IO2312-P-3900,IO2312-P-3900,139.0,0.0,0.0,0.0,1,138.4,140.8,6,139.0,137.2,0.0,0.0,0.0,0.0,275
2023-05-11 09:35:30,IO2312-P-3900,IO2312-P-3900,139.0,0.0,0.0,0.0,1,138.4,140.6,3,139.0,137.2,0.0,0.0,0.0,0.0,275
2023-05-11 09:35:31,IO2312-P-3900,IO2312-P-3900,139.0,0.0,0.0,0.0,1,138.4,140.8,6,139.0,137.2,0.0,0.0,0.0,0.0,275
2023-05-11 09:35:32,IO2312-P-3900,IO2312-P-3900,139.0,0.0,0.0,0.0,1,138.4,140.8,9,139.0,137.2,0.0,0.0,0.0,0.0,275
2023-05-11 09:35:33,IO2312-P-3900,IO2312-P-3900,139.0,0.0,0.0,0.0,7,137.6,140.8,9,139.0,137.2,0.0,0.0,0.0,0.0,275
2023-05-11 09:35:35,IO2312-P-3900,IO2312-P-3900,139.0,0.0,0.0,0.0,6,137.6,140.6,6,139.0,137.2,0.0,0.0,0.0,0.0,275
2023-05-11 09:35:36,IO2312-P-3900,IO2312-P-3900,139.0,0.0,0.0,0.0,6,137.6,140.6,9,139.0,137.2,0.0,0.0,0.0,0.0,275
2023-05-11 09:35:37,IO2312-P-3900,IO2312-P-3900,139.0,0.0,0.0,0.0,6,137.6,140.4,6,139.0,137.2,0.0,0.0,0.0,0.0,275
2023-05-11 09:35:37,IO2312-P-3900,IO2312-P-3900,139.0,0.0,0.0,0.0,6,137.6,140.4,3,139.0,137.2,0.0,0.0,0.0,0.0,275
2023-05-11 09:35:38,IO2312-P-3900,IO2312-P-3900,139.0,0.0,0.0,0.0,6,137.6,140.4,6,139.0,137.2,0.0,0.0,0.0,0.0,275
2023-05-11 09:35:38,IO2312-P-3900,IO2312-P-3900,139.0,0.0,0.0,0.0,6,137.6,140.8,6,139.0,137.2,0.0,0.0,0.0,0.0,275
2023-05-11 09:35:39,IO2312-P-3900,IO2312-P-3900,139.0,0.0,0.0,0.0,6,137.6,140.8,9,139.0,137.2,0.0,0.0,0.0,0.0,275
2023-05-11 09:35:39,IO2312-P-3900,IO2312-P-3900,139.0,0.0,0.0,0.0,6,137.6,140.6,6,139.0,137.2,0.0,0.0,0.0,0.0,275
2023-05-11 09:36:00,IO2312-P-3900,IO2312-P-3900,139.0,0.0,0.0,0.0,1,137.8,140.6,6,139.0,137.2,0.0,0.0,0.0,0.0,275
2023-05-11 09:36:05,IO2312-P-3900,IO2312-P-3900,139.0,0.0,0.0,0.0,6,137.6,140.6,6,139.0,137.2,0.0,0.0,0.0,0.0,275
2023-05-11 09:36:10,IO2312-P-3900,IO2312-P-3900,139.0,0.0,0.0,0.0,7,137.6,140.6,6,139.0,137.2,0.0,0.0,0.0,0.0,275
2023-05-11 09:36:12,IO2312-P-3900,IO2312-P-3900,139.0,0.0,0.0,0.0,7,137.6,140.8,9,139.0,137.2,0.0,0.0,0.0,0.0,275
2023-05-11 09:36:13,IO2312-P-3900,IO2312-P-3900,139.0,0.0,0.0,0.0,1,138.4,140.8,6,139.0,137.2,0.0,0.0,0.0,0.0,275
2023-05-11 09:36:14,IO2312-P-3900,IO2312-P-3900,139.0,0.0,0.0,0.0,1,138.4,141.0,10,139.0,137.2,0.0,0.0,0.0,0.0,275
2023-05-11 09:36:14,IO2312-P-3900,IO2312-P-3900,139.0,0.0,0.0,0.0,1,138.4,141.0,4,139.0,137.2,0.0,0.0,0.0,0.0,275
2023-05-11 09:36:15,IO2312-P-3900,IO2312-P-3900,139.0,0.0,0.0,0.0,1,138.4,141.0,1,139.0,137.2,0.0,0.0,0.0,0.0,275
2023-05-11 09:36:21,IO2312-P-3900,IO2312-P-3900,139.0,0.0,0.0,0.0,1,137.8,140.8,6,139.0,137.2,0.0,0.0,0.0,0.0,275
2023-05-11 09:36:22,IO2312-P-3900,IO2312-P-3900,139.0,0.0,0.0,0.0,1,137.8,140.8,9,139.0,137.2,0.0,0.0,0.0,0.0,275
2023-05-11 09:36:25,IO2312-P-3900,IO2312-P-3900,139.0,0.0,0.0,0.0,1,137.8,140.8,6,139.0,137.2,0.0,0.0,0.0,0.0,275
2023-05-11 09:36:31,IO2312-P-3900,IO2312-P-3900,139.0,0.0,0.0,0.0,6,138.0,141.0,4,139.0,137.2,0.0,0.0,0.0,0.0,275
2023-05-11 09:36:31,IO2312-P-3900,IO2312-P-3900,139.0,0.0,0.0,0.0,6,138.0,141.0,1,139.0,137.2,0.0,0.0,0.0,0.0,275
2023-05-11 09:36:32,IO2312-P-3900,IO2312-P-3900,139.0,0.0,0.0,0.0,6,138.0,141.0,4,139.0,137.2,0.0,0.0,0.0,0.0,275
2023-05-11 09:36:33,IO2312-P-3900,IO2312-P-3900,139.0,0.0,0.0,0.0,6,138.0,141.0,1,139.0,137.2,0.0,0.0,0.0,0.0,275
2023-05-11 09:36:35,IO2312-P-3900,IO2312-P-3900,139.0,0.0,0.0,0.0,1,137.8,141.0,7,139.0,137.2,0.0,0.0,0.0,0.0,275
2023-05-11 09:36:44,IO2312-P-3900,IO2312-P-3900,139.0,0.0,0.0,0.0,1,137.8,140.8,6,139.0,137.2,0.0,0.0,0.0,0.0,275
2023-05-11 09:36:44,IO2312-P-3900,IO2312-P-3900,139.0,0.0,0.0,0.0,1,137.8,140.8,9,139.0,137.2,0.0,0.0,0.0,0.0,275
2023-05-11 09:36:45,IO2312-P-3900,IO2312-P-3900,139.0,0.0,0.0,0.0,1,137.8,140.6,6,139.0,137.2,0.0,0.0,0.0,0.0,275
2023-05-11 09:36:46,IO2312-P-3900,IO2312-P-3900,139.0,0.0,0.0,0.0,1,137.8,140.8,9,139.0,137.2,0.0,0.0,0.0,0.0,275
2023-05-11 09:36:59,IO2312-P-3900,IO2312-P-3900,139.0,0.0,0.0,0.0,7,137.8,141.0,1,139.0,137.2,0.0,0.0,0.0,0.0,275
2023-05-11 09:36:59,IO2312-P-3900,IO2312-P-3900,139.0,0.0,0.0,0.0,1,138.6,141.0,1,139.0,137.2,0.0,0.0,0.0,0.0,275
2023-05-11 09:37:02,IO2312-P-3900,IO2312-P-3900,139.0,0.0,0.0,0.0,13,138.6,141.0,1,139.0,137.2,0.0,0.0,0.0,0.0,275
2023-05-11 09:37:03,IO2312-P-3900,IO2312-P-3900,139.0,0.0,0.0,0.0,19,138.6,141.0,1,139.0,137.2,0.0,0.0,0.0,0.0,275
2023-05-11 09:37:03,IO2312-P-3900,IO2312-P-3900,139.0,0.0,0.0,0.0,1,139.0,141.0,1,139.0,137.2,0.0,0.0,0.0,0.0,275
2023-05-11 09:37:06,IO2312-P-3900,IO2312-P-3900,139.0,0.0,0.0,0.0,1,139.0,141.4,6,139.0,137.2,0.0,0.0,0.0,0.0,275
2023-05-11 09:37:06,IO2312-P-3900,IO2312-P-3900,139.0,0.0,0.0,0.0,1,139.0,141.6,9,139.0,137.2,0.0,0.0,0.0,0.0,275
2023-05-11 09:37:07,IO2312-P-3900,IO2312-P-3900,139.0,0.0,0.0,0.0,1,139.0,141.6,3,139.0,137.2,0.0,0.0,0.0,0.0,275
2023-05-11 09:37:07,IO2312-P-3900,IO2312-P-3900,139.0,0.0,0.0,0.0,1,139.0,142.0,18,139.0,137.2,0.0,0.0,0.0,0.0,275
2023-05-11 09:37:08,IO2312-P-3900,IO2312-P-3900,139.0,0.0,0.0,0.0,1,139.0,142.0,6,139.0,137.2,0.0,0.0,0.0,0.0,275
2023-05-11 09:37:08,IO2312-P-3900,IO2312-P-3900,139.0,0.0,0.0,0.0,1,139.0,142.0,9,139.0,137.2,0.0,0.0,0.0,0.0,275
2023-05-11 09:37:11,IO2312-P-3900,IO2312-P-3900,139.0,0.0,0.0,0.0,1,139.0,142.0,10,139.0,137.2,0.0,0.0,0.0,0.0,275
2023-05-11 09:37:11,IO2312-P-3900,IO2312-P-3900,139.0,0.0,0.0,0.0,1,139.0,142.0,4,139.0,137.2,0.0,0.0,0.0,0.0,275
2023-05-11 09:37:12,IO2312-P-3900,IO2312-P-3900,139.0,0.0,0.0,0.0,1,139.0,142.0,1,139.0,137.2,0.0,0.0,0.0,0.0,275
2023-05-11 09:37:17,IO2312-P-3900,IO2312-P-3900,139.0,0.0,0.0,0.0,6,139.2,142.0,1,139.0,137.2,0.0,0.0,0.0,0.0,275
2023-05-11 09:37:17,IO2312-P-3900,IO2312-P-3900,139.0,0.0,0.0,0.0,1,140.0,142.0,1,139.0,137.2,0.0,0.0,0.0,0.0,275
2023-05-11 09:37:18,IO2312-P-3900,IO2312-P-3900,139.0,0.0,0.0,0.0,6,139.2,142.0,1,139.0,137.2,0.0,0.0,0.0,0.0,275
2023-05-11 09:37:19,IO2312-P-3900,IO2312-P-3900,139.0,0.0,0.0,0.0,6,138.8,142.0,1,139.0,137.2,0.0,0.0,0.0,0.0,275
2023-05-11 09:37:21,IO2312-P-3900,IO2312-P-3900,139.0,0.0,0.0,0.0,18,138.6,142.0,7,139.0,137.2,0.0,0.0,0.0,0.0,275
2023-05-11 09:37:23,IO2312-P-3900,IO2312-P-3900,139.0,0.0,0.0,0.0,12,138.6,141.8,6,139.0,137.2,0.0,0.0,0.0,0.0,275
2023-05-11 09:37:23,IO2312-P-3900,IO2312-P-3900,139.0,0.0,0.0,0.0,6,138.4,141.8,9,139.0,137.2,0.0,0.0,0.0,0.0,275
2023-05-11 09:37:24,IO2312-P-3900,IO2312-P-3900,139.0,0.0,0.0,0.0,30,138.2,141.6,6,139.0,137.2,0.0,0.0,0.0,0.0,275
2023-05-11 09:37:24,IO2312-P-3900,IO2312-P-3900,139.0,0.0,0.0,0.0,1,140.6,141.6,6,139.0,137.2,0.0,0.0,0.0,0.0,275
2023-05-11 09:37:25,IO2312-P-3900,IO2312-P-3900,139.0,0.0,0.0,0.0,1,140.6,141.8,9,139.0,137.2,0.0,0.0,0.0,0.0,275
2023-05-11 09:37:25,IO2312-P-3900,IO2312-P-3900,139.0,0.0,0.0,0.0,1,140.6,141.8,3,139.0,137.2,0.0,0.0,0.0,0.0,275
2023-05-11 09:37:26,IO2312-P-3900,IO2312-P-3900,139.0,0.0,0.0,0.0,1,140.6,142.0,7,139.0,137.2,0.0,0.0,0.0,0.0,275
2023-05-11 09:37:26,IO2312-P-3900,IO2312-P-3900,139.0,0.0,0.0,0.0,1,140.6,142.0,1,139.0,137.2,0.0,0.0,0.0,0.0,275
2023-05-11 09:37:27,IO2312-P-3900,IO2312-P-3900,139.0,0.0,0.0,0.0,1,140.6,141.8,6,139.0,137.2,0.0,0.0,0.0,0.0,275
2023-05-11 09:37:27,IO2312-P-3900,IO2312-P-3900,139.0,0.0,0.0,0.0,1,140.6,141.8,9,139.0,137.2,0.0,0.0,0.0,0.0,275
2023-05-11 09:37:28,IO2312-P-3900,IO2312-P-3900,139.0,0.0,0.0,0.0,6,138.2,141.6,6,139.0,137.2,0.0,0.0,0.0,0.0,275
2023-05-11 09:37:28,IO2312-P-3900,IO2312-P-3900,139.0,0.0,0.0,0.0,6,138.2,141.8,3,139.0,137.2,0.0,0.0,0.0,0.0,275
2023-05-11 09:37:29,IO2312-P-3900,IO2312-P-3900,139.0,0.0,0.0,0.0,6,138.2,142.0,1,139.0,137.2,0.0,0.0,0.0,0.0,275
2023-05-11 09:37:30,IO2312-P-3900,IO2312-P-3900,139.0,0.0,0.0,0.0,1,138.6,142.0,1,139.0,137.2,0.0,0.0,0.0,0.0,275
2023-05-11 09:37:30,IO2312-P-3900,IO2312-P-3900,139.0,0.0,0.0,0.0,7,138.6,142.0,7,139.0,137.2,0.0,0.0,0.0,0.0,275
2023-05-11 09:37:31,IO2312-P-3900,IO2312-P-3900,139.0,0.0,0.0,0.0,6,138.8,142.0,1,139.0,137.2,0.0,0.0,0.0,0.0,275
2023-05-11 09:37:31,IO2312-P-3900,IO2312-P-3900,139.0,0.0,0.0,0.0,12,138.8,142.0,1,139.0,137.2,0.0,0.0,0.0,0.0,275
2023-05-11 09:37:32,IO2312-P-3900,IO2312-P-3900,139.0,0.0,0.0,0.0,6,139.0,142.0,1,139.0,137.2,0.0,0.0,0.0,0.0,275
2023-05-11 09:37:33,IO2312-P-3900,IO2312-P-3900,139.0,0.0,0.0,0.0,7,139.0,142.0,1,139.0,137.2,0.0,0.0,0.0,0.0,275
2023-05-11 09:37:40,IO2312-P-3900,IO2312-P-3900,139.0,0.0,0.0,0.0,1,139.0,142.0,7,139.0,137.2,0.0,0.0,0.0,0.0,275
2023-05-11 09:37:45,IO2312-P-3900,IO2312-P-3900,139.0,0.0,0.0,0.0,7,139.0,142.0,1,139.0,137.2,0.0,0.0,0.0,0.0,275
2023-05-11 09:37:46,IO2312-P-3900,IO2312-P-3900,139.0,0.0,0.0,0.0,1,139.4,142.0,1,139.0,137.2,0.0,0.0,0.0,0.0,275
2023-05-11 09:37:49,IO2312-P-3900,IO2312-P-3900,139.0,0.0,0.0,0.0,6,139.0,142.0,1,139.0,137.2,0.0,0.0,0.0,0.0,275
2023-05-11 09:37:50,IO2312-P-3900,IO2312-P-3900,139.0,0.0,0.0,0.0,6,138.8,141.8,6,139.0,137.2,0.0,0.0,0.0,0.0,275
2023-05-11 09:37:50,IO2312-P-3900,IO2312-P-3900,139.0,0.0,0.0,0.0,18,138.6,141.8,9,139.0,137.2,0.0,0.0,0.0,0.0,275
2023-05-11 09:37:51,IO2312-P-3900,IO2312-P-3900,139.0,0.0,0.0,0.0,1,138.8,141.6,6,139.0,137.2,0.0,0.0,0.0,0.0,275
2023-05-11 09:38:00,IO2312-P-3900,IO2312-P-3900,139.0,0.0,0.0,0.0,12,138.4,141.6,6,139.0,137.2,0.0,0.0,0.0,0.0,275
2023-05-11 09:38:00,IO2312-P-3900,IO2312-P-3900,139.0,0.0,0.0,0.0,25,138.2,141.6,6,139.0,137.2,0.0,0.0,0.0,0.0,275
2023-05-11 09:38:01,IO2312-P-3900,IO2312-P-3900,139.0,0.0,0.0,0.0,7,138.2,141.6,6,139.0,137.2,0.0,0.0,0.0,0.0,275
2023-05-11 09:38:01,IO2312-P-3900,IO2312-P-3900,139.0,0.0,0.0,0.0,1,138.2,141.6,6,139.0,137.2,0.0,0.0,0.0,0.0,275
2023-05-11 09:38:12,IO2312-P-3900,IO2312-P-3900,139.0,0.0,0.0,0.0,12,138.0,141.6,6,139.0,137.2,0.0,0.0,0.0,0.0,275
2023-05-11 09:38:12,IO2312-P-3900,IO2312-P-3900,139.0,0.0,0.0,0.0,30,137.8,141.6,6,139.0,137.2,0.0,0.0,0.0,0.0,275
2023-05-11 09:38:13,IO2312-P-3900,IO2312-P-3900,139.0,0.0,0.0,0.0,12,137.8,141.6,6,139.0,137.2,0.0,0.0,0.0,0.0,275
2023-05-11 09:38:13,IO2312-P-3900,IO2312-P-3900,139.0,0.0,0.0,0.0,6,137.8,141.6,6,139.0,137.2,0.0,0.0,0.0,0.0,275
2023-05-11 09:38:14,IO2312-P-3900,IO2312-P-3900,139.0,0.0,0.0,0.0,1,138.0,141.6,6,139.0,137.2,0.0,0.0,0.0,0.0,275
2023-05-11 09:38:36,IO2312-P-3900,IO2312-P-3900,139.0,0.0,0.0,0.0,1,138.0,141.6,9,139.0,137.2,0.0,0.0,0.0,0.0,275
2023-05-11 09:38:37,IO2312-P-3900,IO2312-P-3900,139.0,0.0,0.0,0.0,1,138.0,141.4,6,139.0,137.2,0.0,0.0,0.0,0.0,275
2023-05-11 09:38:37,IO2312-P-3900,IO2312-P-3900,139.0,0.0,0.0,0.0,1,138.0,141.4,9,139.0,137.2,0.0,0.0,0.0,0.0,275
2023-05-11 09:38:38,IO2312-P-3900,IO2312-P-3900,139.0,0.0,0.0,0.0,1,138.0,141.2,6,139.0,137.2,0.0,0.0,0.0,0.0,275
2023-05-11 09:38:38,IO2312-P-3900,IO2312-P-3900,139.0,0.0,0.0,0.0,6,137.8,141.2,6,139.0,137.2,0.0,0.0,0.0,0.0,275
2023-05-11 09:38:57,IO2312-P-3900,IO2312-P-3900,139.0,0.0,0.0,0.0,12,137.6,141.2,6,139.0,137.2,0.0,0.0,0.0,0.0,275
2023-05-11 09:38:58,IO2312-P-3900,IO2312-P-3900,139.0,0.0,0.0,0.0,25,137.4,141.2,10,139.0,137.2,0.0,0.0,0.0,0.0,275
2023-05-11 09:38:58,IO2312-P-3900,IO2312-P-3900,139.0,0.0,0.0,0.0,7,137.4,141.0,6,139.0,137.2,0.0,0.0,0.0,0.0,275
2023-05-11 09:38:59,IO2312-P-3900,IO2312-P-3900,139.0,0.0,0.0,0.0,1,137.4,141.0,9,139.0,137.2,0.0,0.0,0.0,0.0,275
2023-05-11 09:38:59,IO2312-P-3900,IO2312-P-3900,139.0,0.0,0.0,0.0,1,137.4,140.8,6,139.0,137.2,0.0,0.0,0.0,0.0,275
2023-05-11 09:39:01,IO2312-P-3900,IO2312-P-3900,139.0,0.0,0.0,0.0,1,137.4,140.8,9,139.0,137.2,0.0,0.0,0.0,0.0,275
2023-05-11 09:39:01,IO2312-P-3900,IO2312-P-3900,139.0,0.0,0.0,0.0,1,137.4,140.6,6,139.0,137.2,0.0,0.0,0.0,0.0,275
2023-05-11 09:39:02,IO2312-P-3900,IO2312-P-3900,139.0,0.0,0.0,0.0,1,137.4,140.6,9,139.0,137.2,0.0,0.0,0.0,0.0,275
2023-05-11 09:39:02,IO2312-P-3900,IO2312-P-3900,139.0,0.0,0.0,0.0,1,137.4,140.4,6,139.0,137.2,0.0,0.0,0.0,0.0,275
2023-05-11 09:39:08,IO2312-P-3900,IO2312-P-3900,139.0,0.0,0.0,0.0,24,137.0,140.4,6,139.0,137.2,0.0,0.0,0.0,0.0,275
2023-05-11 09:39:08,IO2312-P-3900,IO2312-P-3900,139.0,0.0,0.0,0.0,6,137.0,140.4,6,139.0,137.2,0.0,0.0,0.0,0.0,275
2023-05-11 09:39:09,IO2312-P-3900,IO2312-P-3900,139.0,0.0,0.0,0.0,13,136.8,140.4,6,139.0,137.2,0.0,0.0,0.0,0.0,275
2023-05-11 09:39:10,IO2312-P-3900,IO2312-P-3900,139.0,0.0,0.0,0.0,1,137.2,140.4,6,139.0,137.2,0.0,0.0,0.0,0.0,275
2023-05-11 09:39:13,IO2312-P-3900,IO2312-P-3900,139.0,0.0,0.0,0.0,6,137.4,140.6,3,139.0,137.2,0.0,0.0,0.0,0.0,275
2023-05-11 09:39:14,IO2312-P-3900,IO2312-P-3900,139.0,0.0,0.0,0.0,1,138.2,140.8,6,139.0,137.2,0.0,0.0,0.0,0.0,275
2023-05-11 09:39:15,IO2312-P-3900,IO2312-P-3900,139.0,0.0,0.0,0.0,1,138.2,140.8,9,139.0,137.2,0.0,0.0,0.0,0.0,275
2023-05-11 09:39:21,IO2312-P-3900,IO2312-P-3900,139.0,0.0,0.0,0.0,1,138.2,140.8,6,139.0,137.2,0.0,0.0,0.0,0.0,275
2023-05-11 09:39:21,IO2312-P-3900,IO2312-P-3900,139.0,0.0,0.0,0.0,1,138.2,141.0,6,139.0,137.2,0.0,0.0,0.0,0.0,275
2023-05-11 09:39:22,IO2312-P-3900,IO2312-P-3900,139.0,0.0,0.0,0.0,1,138.2,141.0,9,139.0,137.2,0.0,0.0,0.0,0.0,275
2023-05-11 09:39:22,IO2312-P-3900,IO2312-P-3900,139.0,0.0,0.0,0.0,1,138.2,140.8,6,139.0,137.2,0.0,0.0,0.0,0.0,275
2023-05-11 09:39:26,IO2312-P-3900,IO2312-P-3900,139.0,0.0,0.0,0.0,1,137.6,140.8,6,139.0,137.2,0.0,0.0,0.0,0.0,275
2023-05-11 09:39:46,IO2312-P-3900,IO2312-P-3900,139.0,0.0,0.0,0.0,1,137.6,140.8,9,139.0,137.2,0.0,0.0,0.0,0.0,275
2023-05-11 09:39:46,IO2312-P-3900,IO2312-P-3900,139.0,0.0,0.0,0.0,1,137.6,140.6,6,139.0,137.2,0.0,0.0,0.0,0.0,275
2023-05-11 09:39:47,IO2312-P-3900,IO2312-P-3900,139.0,0.0,0.0,0.0,1,137.6,140.6,3,139.0,137.2,0.0,0.0,0.0,0.0,275
2023-05-11 09:39:47,IO2312-P-3900,IO2312-P-3900,139.0,0.0,0.0,0.0,1,137.6,140.4,6,139.0,137.2,0.0,0.0,0.0,0.0,275
2023-05-11 09:39:48,IO2312-P-3900,IO2312-P-3900,139.0,0.0,0.0,0.0,1,137.6,141.0,6,139.0,137.2,0.0,0.0,0.0,0.0,275
2023-05-11 09:39:48,IO2312-P-3900,IO2312-P-3900,139.0,0.0,0.0,0.0,1,137.6,141.0,12,139.0,137.2,0.0,0.0,0.0,0.0,275
2023-05-11 09:39:49,IO2312-P-3900,IO2312-P-3900,139.0,0.0,0.0,0.0,1,137.6,140.8,6,139.0,137.2,0.0,0.0,0.0,0.0,275
2023-05-11 09:40:02,IO2312-P-3900,IO2312-P-3900,139.0,0.0,0.0,0.0,1,137.6,140.8,9,139.0,137.2,0.0,0.0,0.0,0.0,275
2023-05-11 09:40:02,IO2312-P-3900,IO2312-P-3900,139.0,0.0,0.0,0.0,1,137.6,140.6,6,139.0,137.2,0.0,0.0,0.0,0.0,275
2023-05-11 09:40:03,IO2312-P-3900,IO2312-P-3900,139.0,0.0,0.0,0.0,1,137.6,140.6,3,139.0,137.2,0.0,0.0,0.0,0.0,275
2023-05-11 09:40:03,IO2312-P-3900,IO2312-P-3900,139.0,0.0,0.0,0.0,1,137.6,140.4,6,139.0,137.2,0.0,0.0,0.0,0.0,275
2023-05-11 09:40:04,IO2312-P-3900,IO2312-P-3900,139.0,0.0,0.0,0.0,1,137.6,140.8,6,139.0,137.2,0.0,0.0,0.0,0.0,275
2023-05-11 09:40:04,IO2312-P-3900,IO2312-P-3900,139.0,0.0,0.0,0.0,1,137.6,140.8,9,139.0,137.2,0.0,0.0,0.0,0.0,275
2023-05-11 09:40:05,IO2312-P-3900,IO2312-P-3900,139.0,0.0,0.0,0.0,1,137.6,140.6,6,139.0,137.2,0.0,0.0,0.0,0.0,275
2023-05-11 09:41:07,IO2312-P-3900,IO2312-P-3900,139.0,0.0,0.0,0.0,7,137.6,140.8,3,139.0,137.2,0.0,0.0,0.0,0.0,275
2023-05-11 09:41:07,IO2312-P-3900,IO2312-P-3900,139.0,0.0,0.0,0.0,1,138.6,141.0,6,139.0,137.2,0.0,0.0,0.0,0.0,275
2023-05-11 09:41:08,IO2312-P-3900,IO2312-P-3900,139.0,0.0,0.0,0.0,1,138.6,141.2,12,139.0,137.2,0.0,0.0,0.0,0.0,275
2023-05-11 09:41:08,IO2312-P-3900,IO2312-P-3900,139.0,0.0,0.0,0.0,1,138.6,141.2,9,139.0,137.2,0.0,0.0,0.0,0.0,275
2023-05-11 09:41:26,IO2312-P-3900,IO2312-P-3900,139.0,0.0,0.0,0.0,1,138.6,141.2,3,139.0,137.2,0.0,0.0,0.0,0.0,275
2023-05-11 09:41:27,IO2312-P-3900,IO2312-P-3900,139.0,0.0,0.0,0.0,1,138.6,141.6,6,139.0,137.2,0.0,0.0,0.0,0.0,275
2023-05-11 09:41:27,IO2312-P-3900,IO2312-P-3900,139.0,0.0,0.0,0.0,1,138.6,141.8,12,139.0,137.2,0.0,0.0,0.0,0.0,275
2023-05-11 09:41:28,IO2312-P-3900,IO2312-P-3900,139.0,0.0,0.0,0.0,1,138.6,141.8,9,139.0,137.2,0.0,0.0,0.0,0.0,275
2023-05-11 09:41:30,IO2312-P-3900,IO2312-P-3900,139.0,0.0,0.0,0.0,1,138.6,141.8,12,139.0,137.2,0.0,0.0,0.0,0.0,275
2023-05-11 09:41:31,IO2312-P-3900,IO2312-P-3900,139.0,0.0,0.0,0.0,1,138.6,141.6,6,139.0,137.2,0.0,0.0,0.0,0.0,275
2023-05-11 09:42:16,IO2312-P-3900,IO2312-P-3900,139.0,0.0,0.0,0.0,1,138.6,141.8,9,139.0,137.2,0.0,0.0,0.0,0.0,275
2023-05-11 09:42:18,IO2312-P-3900,IO2312-P-3900,139.0,0.0,0.0,0.0,1,138.6,141.8,6,139.0,137.2,0.0,0.0,0.0,0.0,275
2023-05-11 09:42:20,IO2312-P-3900,IO2312-P-3900,139.0,0.0,0.0,0.0,1,138.6,141.8,9,139.0,137.2,0.0,0.0,0.0,0.0,275
2023-05-11 09:42:20,IO2312-P-3900,IO2312-P-3900,139.0,0.0,0.0,0.0,1,138.6,141.6,6,139.0,137.2,0.0,0.0,0.0,0.0,275
2023-05-11 09:42:34,IO2312-P-3900,IO2312-P-3900,139.0,0.0,0.0,0.0,12,138.0,141.6,6,139.0,137.2,0.0,0.0,0.0,0.0,275
2023-05-11 09:42:34,IO2312-P-3900,IO2312-P-3900,139.0,0.0,0.0,0.0,25,137.8,141.6,6,139.0,137.2,0.0,0.0,0.0,0.0,275
2023-05-11 09:42:35,IO2312-P-3900,IO2312-P-3900,139.0,0.0,0.0,0.0,19,137.8,141.6,6,139.0,137.2,0.0,0.0,0.0,0.0,275
2023-05-11 09:42:35,IO2312-P-3900,IO2312-P-3900,139.0,0.0,0.0,0.0,13,137.8,141.6,6,139.0,137.2,0.0,0.0,0.0,0.0,275
2023-05-11 09:42:40,IO2312-P-3900,IO2312-P-3900,139.0,0.0,0.0,0.0,1,138.4,141.8,27,139.0,137.2,0.0,0.0,0.0,0.0,275
2023-05-11 09:42:40,IO2312-P-3900,IO2312-P-3900,139.0,0.0,0.0,0.0,1,138.4,141.6,6,139.0,137.2,0.0,0.0,0.0,0.0,275
2023-05-11 09:42:50,IO2312-P-3900,IO2312-P-3900,139.0,0.0,0.0,0.0,3,138.4,141.6,6,139.0,137.2,0.0,0.0,0.0,0.0,275
2023-05-11 09:42:50,IO2312-P-3900,IO2312-P-3900,139.0,0.0,0.0,0.0,1,139.4,141.6,6,139.0,137.2,0.0,0.0,0.0,0.0,275
2023-05-11 09:42:58,IO2312-P-3900,IO2312-P-3900,139.0,0.0,0.0,0.0,1,139.4,141.8,9,139.0,137.2,0.0,0.0,0.0,0.0,275
2023-05-11 09:42:59,IO2312-P-3900,IO2312-P-3900,139.0,0.0,0.0,0.0,1,139.4,141.8,6,139.0,137.2,0.0,0.0,0.0,0.0,275
2023-05-11 09:43:09,IO2312-P-3900,IO2312-P-3900,139.0,0.0,0.0,0.0,25,138.4,141.8,6,139.0,137.2,0.0,0.0,0.0,0.0,275
2023-05-11 09:43:10,IO2312-P-3900,IO2312-P-3900,139.0,0.0,0.0,0.0,13,138.4,141.8,6,139.0,137.2,0.0,0.0,0.0,0.0,275
2023-05-11 09:43:10,IO2312-P-3900,IO2312-P-3900,139.0,0.0,0.0,0.0,7,138.4,141.8,6,139.0,137.2,0.0,0.0,0.0,0.0,275
2023-05-11 09:43:11,IO2312-P-3900,IO2312-P-3900,139.0,0.0,0.0,0.0,1,138.4,141.8,6,139.0,137.2,0.0,0.0,0.0,0.0,275
2023-05-11 09:43:28,IO2312-P-3900,IO2312-P-3900,139.0,0.0,0.0,0.0,1,138.4,141.8,9,139.0,137.2,0.0,0.0,0.0,0.0,275
2023-05-11 09:43:29,IO2312-P-3900,IO2312-P-3900,139.0,0.0,0.0,0.0,1,138.4,141.6,6,139.0,137.2,0.0,0.0,0.0,0.0,275
2023-05-11 09:43:29,IO2312-P-3900,IO2312-P-3900,139.0,0.0,0.0,0.0,1,138.4,141.6,9,139.0,137.2,0.0,0.0,0.0,0.0,275
2023-05-11 09:43:30,IO2312-P-3900,IO2312-P-3900,139.0,0.0,0.0,0.0,1,138.4,141.4,6,139.0,137.2,0.0,0.0,0.0,0.0,275
2023-05-11 09:44:30,IO2312-P-3900,IO2312-P-3900,139.0,0.0,0.0,0.0,1,138.4,141.6,9,139.0,137.2,0.0,0.0,0.0,0.0,275
2023-05-11 09:44:32,IO2312-P-3900,IO2312-P-3900,139.0,0.0,0.0,0.0,1,138.4,141.6,6,139.0,137.2,0.0,0.0,0.0,0.0,275
2023-05-11 09:44:33,IO2312-P-3900,IO2312-P-3900,139.0,0.0,0.0,0.0,1,138.4,141.8,6,139.0,137.2,0.0,0.0,0.0,0.0,275
2023-05-11 09:44:33,IO2312-P-3900,IO2312-P-3900,139.0,0.0,0.0,0.0,1,138.4,141.8,9,139.0,137.2,0.0,0.0,0.0,0.0,275
2023-05-11 09:44:34,IO2312-P-3900,IO2312-P-3900,139.0,0.0,0.0,0.0,1,138.4,141.6,6,139.0,137.2,0.0,0.0,0.0,0.0,275
2023-05-11 09:45:02,IO2312-P-3900,IO2312-P-3900,139.0,0.0,0.0,0.0,1,138.4,141.4,3,139.0,137.2,0.0,0.0,0.0,0.0,275
2023-05-11 09:45:03,IO2312-P-3900,IO2312-P-3900,139.0,0.0,0.0,0.0,1,138.4,141.2,6,139.0,137.2,0.0,0.0,0.0,0.0,275
2023-05-11 09:45:03,IO2312-P-3900,IO2312-P-3900,139.0,0.0,0.0,0.0,1,138.4,141.2,9,139.0,137.2,0.0,0.0,0.0,0.0,275
2023-05-11 09:45:04,IO2312-P-3900,IO2312-P-3900,139.0,0.0,0.0,0.0,1,138.4,141.0,6,139.0,137.2,0.0,0.0,0.0,0.0,275
2023-05-11 09:45:06,IO2312-P-3900,IO2312-P-3900,139.0,0.0,0.0,0.0,1,138.4,141.2,9,139.0,137.2,0.0,0.0,0.0,0.0,275
2023-05-11 09:45:07,IO2312-P-3900,IO2312-P-3900,139.0,0.0,0.0,0.0,1,138.4,141.0,6,139.0,137.2,0.0,0.0,0.0,0.0,275
2023-05-11 09:45:09,IO2312-P-3900,IO2312-P-3900,139.0,0.0,0.0,0.0,24,138.0,141.0,6,139.0,137.2,0.0,0.0,0.0,0.0,275
2023-05-11 09:45:10,IO2312-P-3900,IO2312-P-3900,139.0,0.0,0.0,0.0,6,138.0,141.0,6,139.0,137.2,0.0,0.0,0.0,0.0,275
2023-05-11 09:45:10,IO2312-P-3900,IO2312-P-3900,139.0,0.0,0.0,0.0,12,137.8,141.0,6,139.0,137.2,0.0,0.0,0.0,0.0,275
2023-05-11 09:45:11,IO2312-P-3900,IO2312-P-3900,139.0,0.0,0.0,0.0,6,137.8,141.0,6,139.0,137.2,0.0,0.0,0.0,0.0,275
2023-05-11 09:45:36,IO2312-P-3900,IO2312-P-3900,139.0,0.0,0.0,0.0,6,137.8,141.0,9,139.0,137.2,0.0,0.0,0.0,0.0,275
2023-05-11 09:45:37,IO2312-P-3900,IO2312-P-3900,139.0,0.0,0.0,0.0,6,137.8,140.8,6,139.0,137.2,0.0,0.0,0.0,0.0,275
2023-05-11 09:45:37,IO2312-P-3900,IO2312-P-3900,139.0,0.0,0.0,0.0,24,137.6,140.8,9,139.0,137.2,0.0,0.0,0.0,0.0,275
2023-05-11 09:45:38,IO2312-P-3900,IO2312-P-3900,139.0,0.0,0.0,0.0,12,137.6,140.6,6,139.0,137.2,0.0,0.0,0.0,0.0,275
2023-05-11 09:45:38,IO2312-P-3900,IO2312-P-3900,139.0,0.0,0.0,0.0,24,137.4,140.6,6,139.0,137.2,0.0,0.0,0.0,0.0,275
2023-05-11 09:45:39,IO2312-P-3900,IO2312-P-3900,139.0,0.0,0.0,0.0,12,137.4,140.6,6,139.0,137.2,0.0,0.0,0.0,0.0,275
2023-05-11 09:45:39,IO2312-P-3900,IO2312-P-3900,139.0,0.0,0.0,0.0,26,137.2,140.6,6,139.0,137.2,0.0,0.0,0.0,0.0,275
2023-05-11 09:45:40,IO2312-P-3900,IO2312-P-3900,139.0,0.0,0.0,0.0,14,137.2,140.6,6,139.0,137.2,0.0,0.0,0.0,0.0,275
2023-05-11 09:45:40,IO2312-P-3900,IO2312-P-3900,139.0,0.0,0.0,0.0,8,137.2,140.6,6,139.0,137.2,0.0,0.0,0.0,0.0,275
2023-05-11 09:45:41,IO2312-P-3900,IO2312-P-3900,139.0,0.0,0.0,0.0,2,137.2,140.6,6,139.0,137.2,0.0,0.0,0.0,0.0,275
2023-05-11 09:45:52,IO2312-P-3900,IO2312-P-3900,139.0,0.0,0.0,0.0,2,137.2,140.4,3,139.0,137.2,0.0,0.0,0.0,0.0,275
2023-05-11 09:45:52,IO2312-P-3900,IO2312-P-3900,139.0,0.0,0.0,0.0,2,137.2,140.2,6,139.0,137.2,0.0,0.0,0.0,0.0,275
2023-05-11 09:45:53,IO2312-P-3900,IO2312-P-3900,139.0,0.0,0.0,0.0,2,137.2,140.2,9,139.0,137.2,0.0,0.0,0.0,0.0,275
2023-05-11 09:45:53,IO2312-P-3900,IO2312-P-3900,139.0,0.0,0.0,0.0,2,137.2,140.0,6,139.0,137.2,0.0,0.0,0.0,0.0,275
2023-05-11 09:46:00,IO2312-P-3900,IO2312-P-3900,139.0,0.0,0.0,0.0,2,137.2,140.2,3,139.0,137.2,0.0,0.0,0.0,0.0,275
2023-05-11 09:46:01,IO2312-P-3900,IO2312-P-3900,139.0,0.0,0.0,0.0,2,137.2,140.4,6,139.0,137.2,0.0,0.0,0.0,0.0,275
2023-05-11 09:46:02,IO2312-P-3900,IO2312-P-3900,139.0,0.0,0.0,0.0,2,137.2,140.4,9,139.0,137.2,0.0,0.0,0.0,0.0,275
2023-05-11 09:46:03,IO2312-P-3900,IO2312-P-3900,139.0,0.0,0.0,0.0,8,137.2,140.4,3,139.0,137.2,0.0,0.0,0.0,0.0,275
2023-05-11 09:46:04,IO2312-P-3900,IO2312-P-3900,139.0,0.0,0.0,0.0,8,137.2,140.6,12,139.0,137.2,0.0,0.0,0.0,0.0,275
2023-05-11 09:46:04,IO2312-P-3900,IO2312-P-3900,139.0,0.0,0.0,0.0,8,137.2,140.6,6,139.0,137.2,0.0,0.0,0.0,0.0,275
2023-05-11 09:46:05,IO2312-P-3900,IO2312-P-3900,139.0,0.0,0.0,0.0,8,137.2,140.6,9,139.0,137.2,0.0,0.0,0.0,0.0,275
2023-05-11 09:46:08,IO2312-P-3900,IO2312-P-3900,139.0,0.0,0.0,0.0,6,137.4,140.8,6,139.0,137.2,0.0,0.0,0.0,0.0,275
2023-05-11 09:46:09,IO2312-P-3900,IO2312-P-3900,139.0,0.0,0.0,0.0,6,137.4,141.0,30,139.0,137.2,0.0,0.0,0.0,0.0,275
2023-05-11 09:46:09,IO2312-P-3900,IO2312-P-3900,139.0,0.0,0.0,0.0,6,137.4,141.0,27,139.0,137.2,0.0,0.0,0.0,0.0,275
2023-05-11 09:46:10,IO2312-P-3900,IO2312-P-3900,139.0,0.0,0.0,0.0,6,137.4,141.0,24,139.0,137.2,0.0,0.0,0.0,0.0,275
2023-05-11 09:46:13,IO2312-P-3900,IO2312-P-3900,139.0,0.0,0.0,0.0,2,137.2,140.8,6,139.0,137.2,0.0,0.0,0.0,0.0,275
2023-05-11 09:46:14,IO2312-P-3900,IO2312-P-3900,139.0,0.0,0.0,0.0,2,137.2,140.6,3,139.0,137.2,0.0,0.0,0.0,0.0,275
2023-05-11 09:46:15,IO2312-P-3900,IO2312-P-3900,139.0,0.0,0.0,0.0,2,137.2,140.4,6,139.0,137.2,0.0,0.0,0.0,0.0,275
2023-05-11 09:46:15,IO2312-P-3900,IO2312-P-3900,139.0,0.0,0.0,0.0,2,137.2,140.4,12,139.0,137.2,0.0,0.0,0.0,0.0,275
2023-05-11 09:46:16,IO2312-P-3900,IO2312-P-3900,139.0,0.0,0.0,0.0,2,137.2,140.2,6,139.0,137.2,0.0,0.0,0.0,0.0,275
2023-05-11 09:46:17,IO2312-P-3900,IO2312-P-3900,139.0,0.0,0.0,0.0,2,137.2,140.4,9,139.0,137.2,0.0,0.0,0.0,0.0,275
2023-05-11 09:46:18,IO2312-P-3900,IO2312-P-3900,139.0,0.0,0.0,0.0,2,137.2,140.2,9,139.0,137.2,0.0,0.0,0.0,0.0,275
2023-05-11 09:46:19,IO2312-P-3900,IO2312-P-3900,139.0,0.0,0.0,0.0,2,137.2,140.0,6,139.0,137.2,0.0,0.0,0.0,0.0,275
2023-05-11 09:46:20,IO2312-P-3900,IO2312-P-3900,139.0,0.0,0.0,0.0,2,137.2,140.2,6,139.0,137.2,0.0,0.0,0.0,0.0,275
2023-05-11 09:46:20,IO2312-P-3900,IO2312-P-3900,139.0,0.0,0.0,0.0,2,137.2,140.2,9,139.0,137.2,0.0,0.0,0.0,0.0,275
2023-05-11 09:46:21,IO2312-P-3900,IO2312-P-3900,139.0,0.0,0.0,0.0,2,137.2,140.0,6,139.0,137.2,0.0,0.0,0.0,0.0,275
2023-05-11 09:46:21,IO2312-P-3900,IO2312-P-3900,139.0,0.0,0.0,0.0,2,137.2,139.8,3,139.0,137.2,0.0,0.0,0.0,0.0,275
2023-05-11 09:46:22,IO2312-P-3900,IO2312-P-3900,139.0,0.0,0.0,0.0,1,137.2,139.8,9,139.0,137.2,0.0,0.0,0.0,0.0,275
2023-05-11 09:46:23,IO2312-P-3900,IO2312-P-3900,139.0,0.0,0.0,0.0,1,137.2,140.0,6,139.0,137.2,0.0,0.0,0.0,0.0,275
2023-05-11 09:46:23,IO2312-P-3900,IO2312-P-3900,139.0,0.0,0.0,0.0,1,137.2,140.2,6,139.0,137.2,0.0,0.0,0.0,0.0,275
2023-05-11 09:46:24,IO2312-P-3900,IO2312-P-3900,139.0,0.0,0.0,0.0,1,137.2,140.2,9,139.0,137.2,0.0,0.0,0.0,0.0,275
2023-05-11 09:46:24,IO2312-P-3900,IO2312-P-3900,139.0,0.0,0.0,0.0,1,137.2,140.0,6,139.0,137.2,0.0,0.0,0.0,0.0,275
2023-05-11 09:46:25,IO2312-P-3900,IO2312-P-3900,139.0,0.0,0.0,0.0,1,137.2,139.8,3,139.0,137.2,0.0,0.0,0.0,0.0,275
2023-05-11 09:46:27,IO2312-P-3900,IO2312-P-3900,139.0,0.0,0.0,0.0,1,137.2,140.0,6,139.0,137.2,0.0,0.0,0.0,0.0,275
2023-05-11 09:46:27,IO2312-P-3900,IO2312-P-3900,139.0,0.0,0.0,0.0,1,137.2,140.2,6,139.0,137.2,0.0,0.0,0.0,0.0,275
2023-05-11 09:46:28,IO2312-P-3900,IO2312-P-3900,139.0,0.0,0.0,0.0,1,137.2,140.2,9,139.0,137.2,0.0,0.0,0.0,0.0,275
2023-05-11 09:46:28,IO2312-P-3900,IO2312-P-3900,139.0,0.0,0.0,0.0,1,137.2,140.0,6,139.0,137.2,0.0,0.0,0.0,0.0,275
2023-05-11 09:47:04,IO2312-P-3900,IO2312-P-3900,139.0,0.0,0.0,0.0,7,137.2,140.2,3,139.0,137.2,0.0,0.0,0.0,0.0,275
2023-05-11 09:47:05,IO2312-P-3900,IO2312-P-3900,139.0,0.0,0.0,0.0,7,137.2,140.4,18,139.0,137.2,0.0,0.0,0.0,0.0,275
2023-05-11 09:47:05,IO2312-P-3900,IO2312-P-3900,139.0,0.0,0.0,0.0,7,137.2,140.4,6,139.0,137.2,0.0,0.0,0.0,0.0,275
2023-05-11 09:47:06,IO2312-P-3900,IO2312-P-3900,139.0,0.0,0.0,0.0,1,137.2,140.2,6,139.0,137.2,0.0,0.0,0.0,0.0,275
2023-05-11 09:47:14,IO2312-P-3900,IO2312-P-3900,139.0,0.0,0.0,0.0,1,137.2,140.0,3,139.0,137.2,0.0,0.0,0.0,0.0,275
2023-05-11 09:47:16,IO2312-P-3900,IO2312-P-3900,139.0,0.0,0.0,0.0,1,137.2,140.2,6,139.0,137.2,0.0,0.0,0.0,0.0,275
2023-05-11 09:47:17,IO2312-P-3900,IO2312-P-3900,139.0,0.0,0.0,0.0,1,137.2,140.4,6,139.0,137.2,0.0,0.0,0.0,0.0,275
2023-05-11 09:47:17,IO2312-P-3900,IO2312-P-3900,139.0,0.0,0.0,0.0,1,137.2,140.4,3,139.0,137.2,0.0,0.0,0.0,0.0,275
2023-05-11 09:47:18,IO2312-P-3900,IO2312-P-3900,139.0,0.0,0.0,0.0,1,137.2,140.2,6,139.0,137.2,0.0,0.0,0.0,0.0,275
2023-05-11 09:47:18,IO2312-P-3900,IO2312-P-3900,139.0,0.0,0.0,0.0,1,137.2,140.6,6,139.0,137.2,0.0,0.0,0.0,0.0,275
2023-05-11 09:47:19,IO2312-P-3900,IO2312-P-3900,139.0,0.0,0.0,0.0,1,137.2,140.6,12,139.0,137.2,0.0,0.0,0.0,0.0,275
2023-05-11 09:47:19,IO2312-P-3900,IO2312-P-3900,139.0,0.0,0.0,0.0,1,137.2,140.4,6,139.0,137.2,0.0,0.0,0.0,0.0,275
2023-05-11 09:47:20,IO2312-P-3900,IO2312-P-3900,139.0,0.0,0.0,0.0,1,137.2,140.4,9,139.0,137.2,0.0,0.0,0.0,0.0,275
2023-05-11 09:47:20,IO2312-P-3900,IO2312-P-3900,139.0,0.0,0.0,0.0,1,137.2,140.2,6,139.0,137.2,0.0,0.0,0.0,0.0,275
2023-05-11 09:47:21,IO2312-P-3900,IO2312-P-3900,139.0,0.0,0.0,0.0,1,137.2,140.2,3,139.0,137.2,0.0,0.0,0.0,0.0,275
2023-05-11 09:47:21,IO2312-P-3900,IO2312-P-3900,139.0,0.0,0.0,0.0,1,137.2,140.2,6,139.0,137.2,0.0,0.0,0.0,0.0,275
2023-05-11 09:47:22,IO2312-P-3900,IO2312-P-3900,139.0,0.0,0.0,0.0,1,137.2,140.6,6,139.0,137.2,0.0,0.0,0.0,0.0,275
2023-05-11 09:47:23,IO2312-P-3900,IO2312-P-3900,139.0,0.0,0.0,0.0,1,137.2,140.4,6,139.0,137.2,0.0,0.0,0.0,0.0,275
2023-05-11 09:47:32,IO2312-P-3900,IO2312-P-3900,139.0,0.0,0.0,0.0,1,137.2,140.4,9,139.0,137.2,0.0,0.0,0.0,0.0,275
2023-05-11 09:47:33,IO2312-P-3900,IO2312-P-3900,139.0,0.0,0.0,0.0,1,137.2,140.2,6,139.0,137.2,0.0,0.0,0.0,0.0,275
2023-05-11 09:47:33,IO2312-P-3900,IO2312-P-3900,139.0,0.0,0.0,0.0,1,137.2,140.2,12,139.0,137.2,0.0,0.0,0.0,0.0,275
2023-05-11 09:47:34,IO2312-P-3900,IO2312-P-3900,139.0,0.0,0.0,0.0,1,137.2,140.0,6,139.0,137.2,0.0,0.0,0.0,0.0,275
2023-05-11 09:47:41,IO2312-P-3900,IO2312-P-3900,139.0,0.0,0.0,0.0,1,137.2,140.0,9,139.0,137.2,0.0,0.0,0.0,0.0,275
2023-05-11 09:47:41,IO2312-P-3900,IO2312-P-3900,139.0,0.0,0.0,0.0,1,137.2,139.8,6,139.0,137.2,0.0,0.0,0.0,0.0,275
2023-05-11 09:47:42,IO2312-P-3900,IO2312-P-3900,139.0,0.0,0.0,0.0,1,137.2,139.8,12,139.0,137.2,0.0,0.0,0.0,0.0,275
2023-05-11 09:47:42,IO2312-P-3900,IO2312-P-3900,139.0,0.0,0.0,0.0,1,137.2,139.6,6,139.0,137.2,0.0,0.0,0.0,0.0,275
2023-05-11 09:47:51,IO2312-P-3900,IO2312-P-3900,139.0,0.0,0.0,0.0,1,137.2,139.4,3,139.0,137.2,0.0,0.0,0.0,0.0,275
2023-05-11 09:47:52,IO2312-P-3900,IO2312-P-3900,139.0,0.0,0.0,0.0,1,137.2,139.6,6,139.0,137.2,0.0,0.0,0.0,0.0,275
2023-05-11 09:47:53,IO2312-P-3900,IO2312-P-3900,139.0,0.0,0.0,0.0,1,137.2,140.0,6,139.0,137.2,0.0,0.0,0.0,0.0,275
2023-05-11 09:47:53,IO2312-P-3900,IO2312-P-3900,139.0,0.0,0.0,0.0,1,137.2,140.0,12,139.0,137.2,0.0,0.0,0.0,0.0,275
2023-05-11 09:47:54,IO2312-P-3900,IO2312-P-3900,139.0,0.0,0.0,0.0,1,137.2,139.8,6,139.0,137.2,0.0,0.0,0.0,0.0,275
2023-05-11 09:48:00,IO2312-P-3900,IO2312-P-3900,137.2,1.0,13720.0,0.0,1,136.6,137.2,2,139.0,137.2,137.2,137.2,1.0,13720.0,275
2023-05-11 09:48:01,IO2312-P-3900,IO2312-P-3900,137.2,1.0,13720.0,0.0,1,136.6,137.2,1,139.0,137.2,137.2,137.2,2.0,27440.0,275
2023-05-11 09:48:02,IO2312-P-3900,IO2312-P-3900,137.2,1.0,13720.0,0.0,7,136.6,139.4,3,139.0,137.2,137.2,137.2,3.0,41160.0,275
2023-05-11 09:48:03,IO2312-P-3900,IO2312-P-3900,137.2,0.0,0.0,0.0,7,136.6,140.0,12,139.0,137.2,137.2,137.2,3.0,41160.0,275
2023-05-11 09:48:03,IO2312-P-3900,IO2312-P-3900,137.2,0.0,0.0,0.0,1,136.6,139.8,6,139.0,137.2,137.2,137.2,3.0,41160.0,275
2023-05-11 09:48:04,IO2312-P-3900,IO2312-P-3900,137.2,0.0,0.0,0.0,1,136.6,139.8,3,139.0,137.2,137.2,137.2,3.0,41160.0,275
2023-05-11 09:48:04,IO2312-P-3900,IO2312-P-3900,137.2,0.0,0.0,0.0,1,136.6,139.6,6,139.0,137.2,137.2,137.2,3.0,41160.0,275
2023-05-11 09:48:05,IO2312-P-3900,IO2312-P-3900,137.2,0.0,0.0,0.0,1,136.6,140.0,6,139.0,137.2,137.2,137.2,3.0,41160.0,275
2023-05-11 09:48:05,IO2312-P-3900,IO2312-P-3900,137.2,0.0,0.0,0.0,1,136.6,140.0,3,139.0,137.2,137.2,137.2,3.0,41160.0,275
2023-05-11 09:48:06,IO2312-P-3900,IO2312-P-3900,137.2,0.0,0.0,0.0,1,136.6,139.8,6,139.0,137.2,137.2,137.2,3.0,41160.0,275
2023-05-11 09:48:06,IO2312-P-3900,IO2312-P-3900,137.2,0.0,0.0,0.0,1,136.6,140.2,6,139.0,137.2,137.2,137.2,3.0,41160.0,275
2023-05-11 09:48:07,IO2312-P-3900,IO2312-P-3900,137.2,0.0,0.0,0.0,6,136.8,140.2,9,139.0,137.2,137.2,137.2,3.0,41160.0,275
2023-05-11 09:48:07,IO2312-P-3900,IO2312-P-3900,137.2,0.0,0.0,0.0,6,136.8,140.0,6,139.0,137.2,137.2,137.2,3.0,41160.0,275
2023-05-11 09:48:08,IO2312-P-3900,IO2312-P-3900,137.2,0.0,0.0,0.0,12,136.8,140.2,9,139.0,137.2,137.2,137.2,3.0,41160.0,275
2023-05-11 09:48:16,IO2312-P-3900,IO2312-P-3900,137.2,0.0,0.0,0.0,12,137.0,140.2,3,139.0,137.2,137.2,137.2,3.0,41160.0,275
2023-05-11 09:48:16,IO2312-P-3900,IO2312-P-3900,137.2,0.0,0.0,0.0,6,137.2,140.4,18,139.0,137.2,137.2,137.2,3.0,41160.0,275
2023-05-11 09:48:17,IO2312-P-3900,IO2312-P-3900,137.2,0.0,0.0,0.0,6,137.2,140.4,6,139.0,137.2,137.2,137.2,3.0,41160.0,275
2023-05-11 09:48:17,IO2312-P-3900,IO2312-P-3900,137.2,0.0,0.0,0.0,6,137.2,140.4,3,139.0,137.2,137.2,137.2,3.0,41160.0,275
2023-05-11 09:48:18,IO2312-P-3900,IO2312-P-3900,137.2,0.0,0.0,0.0,6,137.2,140.6,12,139.0,137.2,137.2,137.2,3.0,41160.0,275
2023-05-11 09:48:18,IO2312-P-3900,IO2312-P-3900,137.2,0.0,0.0,0.0,6,137.2,140.6,6,139.0,137.2,137.2,137.2,3.0,41160.0,275
2023-05-11 09:48:19,IO2312-P-3900,IO2312-P-3900,137.2,0.0,0.0,0.0,6,137.2,140.6,3,139.0,137.2,137.2,137.2,3.0,41160.0,275
2023-05-11 09:48:19,IO2312-P-3900,IO2312-P-3900,137.2,0.0,0.0,0.0,6,137.2,140.8,30,139.0,137.2,137.2,137.2,3.0,41160.0,275
2023-05-11 09:48:20,IO2312-P-3900,IO2312-P-3900,137.2,0.0,0.0,0.0,6,137.2,140.8,18,139.0,137.2,137.2,137.2,3.0,41160.0,275
2023-05-11 09:48:20,IO2312-P-3900,IO2312-P-3900,137.2,0.0,0.0,0.0,6,137.2,140.6,3,139.0,137.2,137.2,137.2,3.0,41160.0,275
2023-05-11 09:48:38,IO2312-P-3900,IO2312-P-3900,137.2,0.0,0.0,0.0,6,137.0,140.4,6,139.0,137.2,137.2,137.2,3.0,41160.0,275
2023-05-11 09:48:38,IO2312-P-3900,IO2312-P-3900,137.2,0.0,0.0,0.0,6,137.0,140.2,3,139.0,137.2,137.2,137.2,3.0,41160.0,275
2023-05-11 09:48:39,IO2312-P-3900,IO2312-P-3900,137.2,0.0,0.0,0.0,12,137.0,140.4,9,139.0,137.2,137.2,137.2,3.0,41160.0,275
2023-05-11 09:48:39,IO2312-P-3900,IO2312-P-3900,137.2,0.0,0.0,0.0,12,137.0,140.4,12,139.0,137.2,137.2,137.2,3.0,41160.0,275
2023-05-11 09:48:40,IO2312-P-3900,IO2312-P-3900,137.2,0.0,0.0,0.0,12,137.0,140.4,9,139.0,137.2,137.2,137.2,3.0,41160.0,275
2023-05-11 09:48:42,IO2312-P-3900,IO2312-P-3900,137.2,0.0,0.0,0.0,6,137.2,140.4,3,139.0,137.2,137.2,137.2,3.0,41160.0,275
2023-05-11 09:48:43,IO2312-P-3900,IO2312-P-3900,137.2,0.0,0.0,0.0,6,137.2,140.6,6,139.0,137.2,137.2,137.2,3.0,41160.0,275
2023-05-11 09:48:43,IO2312-P-3900,IO2312-P-3900,137.2,0.0,0.0,0.0,6,137.2,140.6,9,139.0,137.2,137.2,137.2,3.0,41160.0,275
2023-05-11 09:48:44,IO2312-P-3900,IO2312-P-3900,137.2,0.0,0.0,0.0,6,137.2,140.6,12,139.0,137.2,137.2,137.2,3.0,41160.0,275
2023-05-11 09:48:46,IO2312-P-3900,IO2312-P-3900,137.2,0.0,0.0,0.0,6,137.0,140.4,6,139.0,137.2,137.2,137.2,3.0,41160.0,275
2023-05-11 09:48:47,IO2312-P-3900,IO2312-P-3900,137.2,0.0,0.0,0.0,6,137.0,140.4,9,139.0,137.2,137.2,137.2,3.0,41160.0,275
2023-05-11 09:48:47,IO2312-P-3900,IO2312-P-3900,137.2,0.0,0.0,0.0,12,137.0,140.4,9,139.0,137.2,137.2,137.2,3.0,41160.0,275
2023-05-11 09:48:50,IO2312-P-3900,IO2312-P-3900,137.2,0.0,0.0,0.0,12,137.0,140.4,6,139.0,137.2,137.2,137.2,3.0,41160.0,275
2023-05-11 09:48:50,IO2312-P-3900,IO2312-P-3900,137.2,0.0,0.0,0.0,6,137.0,140.4,6,139.0,137.2,137.2,137.2,3.0,41160.0,275
2023-05-11 09:49:01,IO2312-P-3900,IO2312-P-3900,137.2,0.0,0.0,0.0,30,136.8,140.4,6,139.0,137.2,137.2,137.2,3.0,41160.0,275
2023-05-11 09:49:01,IO2312-P-3900,IO2312-P-3900,137.2,0.0,0.0,0.0,12,136.8,140.2,3,139.0,137.2,137.2,137.2,3.0,41160.0,275
2023-05-11 09:49:02,IO2312-P-3900,IO2312-P-3900,137.2,0.0,0.0,0.0,6,136.6,140.0,6,139.0,137.2,137.2,137.2,3.0,41160.0,275
2023-05-11 09:49:02,IO2312-P-3900,IO2312-P-3900,137.2,0.0,0.0,0.0,18,136.4,140.0,12,139.0,137.2,137.2,137.2,3.0,41160.0,275
2023-05-11 09:49:03,IO2312-P-3900,IO2312-P-3900,137.2,0.0,0.0,0.0,12,136.4,139.8,6,139.0,137.2,137.2,137.2,3.0,41160.0,275
2023-05-11 09:49:03,IO2312-P-3900,IO2312-P-3900,137.2,0.0,0.0,0.0,6,136.4,139.8,6,139.0,137.2,137.2,137.2,3.0,41160.0,275
2023-05-11 09:49:04,IO2312-P-3900,IO2312-P-3900,137.2,0.0,0.0,0.0,6,136.4,140.0,9,139.0,137.2,137.2,137.2,3.0,41160.0,275
2023-05-11 09:49:04,IO2312-P-3900,IO2312-P-3900,137.2,0.0,0.0,0.0,8,136.4,140.0,3,139.0,137.2,137.2,137.2,3.0,41160.0,275
2023-05-11 09:49:05,IO2312-P-3900,IO2312-P-3900,137.2,0.0,0.0,0.0,6,136.6,140.4,6,139.0,137.2,137.2,137.2,3.0,41160.0,275
2023-05-11 09:49:05,IO2312-P-3900,IO2312-P-3900,137.2,0.0,0.0,0.0,6,136.6,140.8,24,139.0,137.2,137.2,137.2,3.0,41160.0,275
2023-05-11 09:49:06,IO2312-P-3900,IO2312-P-3900,137.2,0.0,0.0,0.0,8,136.8,140.8,15,139.0,137.2,137.2,137.2,3.0,41160.0,275
2023-05-11 09:49:06,IO2312-P-3900,IO2312-P-3900,137.2,0.0,0.0,0.0,6,137.0,140.8,9,139.0,137.2,137.2,137.2,3.0,41160.0,275
2023-05-11 09:49:07,IO2312-P-3900,IO2312-P-3900,137.2,0.0,0.0,0.0,2,137.2,140.8,3,139.0,137.2,137.2,137.2,3.0,41160.0,275
2023-05-11 09:49:07,IO2312-P-3900,IO2312-P-3900,137.2,0.0,0.0,0.0,6,137.2,140.6,6,139.0,137.2,137.2,137.2,3.0,41160.0,275
2023-05-11 09:49:08,IO2312-P-3900,IO2312-P-3900,137.2,0.0,0.0,0.0,6,137.2,141.0,24,139.0,137.2,137.2,137.2,3.0,41160.0,275
2023-05-11 09:49:08,IO2312-P-3900,IO2312-P-3900,137.2,0.0,0.0,0.0,12,137.2,140.8,6,139.0,137.2,137.2,137.2,3.0,41160.0,275
2023-05-11 09:49:10,IO2312-P-3900,IO2312-P-3900,137.2,0.0,0.0,0.0,14,137.2,140.8,6,139.0,137.2,137.2,137.2,3.0,41160.0,275
2023-05-11 09:49:11,IO2312-P-3900,IO2312-P-3900,137.2,0.0,0.0,0.0,6,137.4,141.0,15,139.0,137.2,137.2,137.2,3.0,41160.0,275
2023-05-11 09:49:11,IO2312-P-3900,IO2312-P-3900,137.2,0.0,0.0,0.0,6,137.4,141.0,9,139.0,137.2,137.2,137.2,3.0,41160.0,275
2023-05-11 09:49:12,IO2312-P-3900,IO2312-P-3900,137.2,0.0,0.0,0.0,6,137.4,141.0,6,139.0,137.2,137.2,137.2,3.0,41160.0,275
2023-05-11 09:49:12,IO2312-P-3900,IO2312-P-3900,137.2,0.0,0.0,0.0,6,137.4,141.0,3,139.0,137.2,137.2,137.2,3.0,41160.0,275
2023-05-11 09:49:13,IO2312-P-3900,IO2312-P-3900,137.2,0.0,0.0,0.0,6,137.4,141.2,19,139.0,137.2,137.2,137.2,3.0,41160.0,275
2023-05-11 09:49:13,IO2312-P-3900,IO2312-P-3900,137.2,0.0,0.0,0.0,6,137.4,141.2,16,139.0,137.2,137.2,137.2,3.0,41160.0,275
2023-05-11 09:49:14,IO2312-P-3900,IO2312-P-3900,137.2,0.0,0.0,0.0,6,137.4,141.2,19,139.0,137.2,137.2,137.2,3.0,41160.0,275
2023-05-11 09:49:19,IO2312-P-3900,IO2312-P-3900,137.2,0.0,0.0,0.0,6,137.4,141.2,13,139.0,137.2,137.2,137.2,3.0,41160.0,275
2023-05-11 09:49:22,IO2312-P-3900,IO2312-P-3900,137.2,0.0,0.0,0.0,8,137.4,141.2,13,139.0,137.2,137.2,137.2,3.0,41160.0,275
2023-05-11 09:49:22,IO2312-P-3900,IO2312-P-3900,137.2,0.0,0.0,0.0,6,137.6,141.2,13,139.0,137.2,137.2,137.2,3.0,41160.0,275
2023-05-11 09:49:23,IO2312-P-3900,IO2312-P-3900,137.2,0.0,0.0,0.0,6,137.4,141.2,13,139.0,137.2,137.2,137.2,3.0,41160.0,275
2023-05-11 09:49:27,IO2312-P-3900,IO2312-P-3900,137.2,0.0,0.0,0.0,8,137.4,141.2,13,139.0,137.2,137.2,137.2,3.0,41160.0,275
2023-05-11 09:49:28,IO2312-P-3900,IO2312-P-3900,137.2,0.0,0.0,0.0,6,137.6,141.2,13,139.0,137.2,137.2,137.2,3.0,41160.0,275
2023-05-11 09:49:30,IO2312-P-3900,IO2312-P-3900,137.2,0.0,0.0,0.0,6,137.4,141.2,13,139.0,137.2,137.2,137.2,3.0,41160.0,275
2023-05-11 09:49:30,IO2312-P-3900,IO2312-P-3900,137.2,0.0,0.0,0.0,8,137.4,141.2,13,139.0,137.2,137.2,137.2,3.0,41160.0,275
2023-05-11 09:49:31,IO2312-P-3900,IO2312-P-3900,137.2,0.0,0.0,0.0,6,137.6,141.2,13,139.0,137.2,137.2,137.2,3.0,41160.0,275
2023-05-11 09:49:32,IO2312-P-3900,IO2312-P-3900,137.2,0.0,0.0,0.0,6,137.4,141.2,13,139.0,137.2,137.2,137.2,3.0,41160.0,275
2023-05-11 09:49:32,IO2312-P-3900,IO2312-P-3900,137.2,0.0,0.0,0.0,8,137.4,141.2,13,139.0,137.2,137.2,137.2,3.0,41160.0,275
2023-05-11 09:49:33,IO2312-P-3900,IO2312-P-3900,137.2,0.0,0.0,0.0,6,137.6,141.2,13,139.0,137.2,137.2,137.2,3.0,41160.0,275
2023-05-11 09:49:38,IO2312-P-3900,IO2312-P-3900,137.2,0.0,0.0,0.0,6,137.4,141.2,13,139.0,137.2,137.2,137.2,3.0,41160.0,275
2023-05-11 09:49:45,IO2312-P-3900,IO2312-P-3900,137.2,0.0,0.0,0.0,6,137.4,141.0,6,139.0,137.2,137.2,137.2,3.0,41160.0,275
2023-05-11 09:49:46,IO2312-P-3900,IO2312-P-3900,137.2,0.0,0.0,0.0,6,137.4,140.8,3,139.0,137.2,137.2,137.2,3.0,41160.0,275
2023-05-11 09:49:47,IO2312-P-3900,IO2312-P-3900,137.2,0.0,0.0,0.0,6,137.4,141.0,6,139.0,137.2,137.2,137.2,3.0,41160.0,275
2023-05-11 09:49:47,IO2312-P-3900,IO2312-P-3900,137.2,0.0,0.0,0.0,6,137.4,141.0,9,139.0,137.2,137.2,137.2,3.0,41160.0,275
2023-05-11 09:49:53,IO2312-P-3900,IO2312-P-3900,137.2,0.0,0.0,0.0,6,137.4,141.0,6,139.0,137.2,137.2,137.2,3.0,41160.0,275
2023-05-11 09:49:53,IO2312-P-3900,IO2312-P-3900,137.2,0.0,0.0,0.0,6,137.4,141.0,9,139.0,137.2,137.2,137.2,3.0,41160.0,275
2023-05-11 09:49:58,IO2312-P-3900,IO2312-P-3900,137.2,0.0,0.0,0.0,12,137.2,140.8,6,139.0,137.2,137.2,137.2,3.0,41160.0,275
2023-05-11 09:49:58,IO2312-P-3900,IO2312-P-3900,137.2,0.0,0.0,0.0,12,137.2,140.8,12,139.0,137.2,137.2,137.2,3.0,41160.0,275
2023-05-11 09:49:59,IO2312-P-3900,IO2312-P-3900,137.2,0.0,0.0,0.0,12,137.2,140.6,6,139.0,137.2,137.2,137.2,3.0,41160.0,275
2023-05-11 09:50:02,IO2312-P-3900,IO2312-P-3900,137.2,0.0,0.0,0.0,6,137.4,140.8,3,139.0,137.2,137.2,137.2,3.0,41160.0,275
2023-05-11 09:50:02,IO2312-P-3900,IO2312-P-3900,137.2,0.0,0.0,0.0,6,137.4,141.0,6,139.0,137.2,137.2,137.2,3.0,41160.0,275
2023-05-11 09:50:03,IO2312-P-3900,IO2312-P-3900,137.2,0.0,0.0,0.0,6,137.4,141.2,7,139.0,137.2,137.2,137.2,3.0,41160.0,275
2023-05-11 09:50:03,IO2312-P-3900,IO2312-P-3900,137.2,0.0,0.0,0.0,8,137.4,141.2,4,139.0,137.2,137.2,137.2,3.0,41160.0,275
2023-05-11 09:50:04,IO2312-P-3900,IO2312-P-3900,137.2,0.0,0.0,0.0,6,137.6,141.2,1,139.0,137.2,137.2,137.2,3.0,41160.0,275
2023-05-11 09:50:05,IO2312-P-3900,IO2312-P-3900,137.2,0.0,0.0,0.0,8,137.6,141.2,1,139.0,137.2,137.2,137.2,3.0,41160.0,275
2023-05-11 09:50:06,IO2312-P-3900,IO2312-P-3900,137.2,0.0,0.0,0.0,6,137.8,141.2,1,139.0,137.2,137.2,137.2,3.0,41160.0,275
2023-05-11 09:50:06,IO2312-P-3900,IO2312-P-3900,137.2,0.0,0.0,0.0,6,137.4,141.2,4,139.0,137.2,137.2,137.2,3.0,41160.0,275
2023-05-11 09:50:07,IO2312-P-3900,IO2312-P-3900,137.2,0.0,0.0,0.0,8,137.4,141.2,1,139.0,137.2,137.2,137.2,3.0,41160.0,275
2023-05-11 09:50:07,IO2312-P-3900,IO2312-P-3900,137.2,0.0,0.0,0.0,6,137.6,141.2,4,139.0,137.2,137.2,137.2,3.0,41160.0,275
2023-05-11 09:50:08,IO2312-P-3900,IO2312-P-3900,137.2,0.0,0.0,0.0,6,137.4,141.2,4,139.0,137.2,137.2,137.2,3.0,41160.0,275
2023-05-11 09:50:12,IO2312-P-3900,IO2312-P-3900,137.2,0.0,0.0,0.0,6,137.2,141.0,6,139.0,137.2,137.2,137.2,3.0,41160.0,275
2023-05-11 09:50:12,IO2312-P-3900,IO2312-P-3900,137.2,0.0,0.0,0.0,6,137.2,140.8,3,139.0,137.2,137.2,137.2,3.0,41160.0,275
2023-05-11 09:50:13,IO2312-P-3900,IO2312-P-3900,137.2,0.0,0.0,0.0,6,137.4,140.8,9,139.0,137.2,137.2,137.2,3.0,41160.0,275
2023-05-11 09:50:13,IO2312-P-3900,IO2312-P-3900,137.2,0.0,0.0,0.0,6,137.2,140.8,9,139.0,137.2,137.2,137.2,3.0,41160.0,275
2023-05-11 09:50:16,IO2312-P-3900,IO2312-P-3900,137.2,0.0,0.0,0.0,18,137.0,140.6,6,139.0,137.2,137.2,137.2,3.0,41160.0,275
2023-05-11 09:50:16,IO2312-P-3900,IO2312-P-3900,137.2,0.0,0.0,0.0,6,137.0,140.6,12,139.0,137.2,137.2,137.2,3.0,41160.0,275
2023-05-11 09:50:17,IO2312-P-3900,IO2312-P-3900,137.2,0.0,0.0,0.0,36,136.8,140.4,6,139.0,137.2,137.2,137.2,3.0,41160.0,275
2023-05-11 09:50:17,IO2312-P-3900,IO2312-P-3900,137.2,0.0,0.0,0.0,30,136.8,140.4,6,139.0,137.2,137.2,137.2,3.0,41160.0,275
2023-05-11 09:50:18,IO2312-P-3900,IO2312-P-3900,137.2,0.0,0.0,0.0,24,136.8,140.4,9,139.0,137.2,137.2,137.2,3.0,41160.0,275
2023-05-11 09:50:18,IO2312-P-3900,IO2312-P-3900,137.2,0.0,0.0,0.0,6,137.0,140.4,6,139.0,137.2,137.2,137.2,3.0,41160.0,275
2023-05-11 09:50:19,IO2312-P-3900,IO2312-P-3900,137.2,0.0,0.0,0.0,24,136.8,140.4,6,139.0,137.2,137.2,137.2,3.0,41160.0,275
2023-05-11 09:50:25,IO2312-P-3900,IO2312-P-3900,137.2,0.0,0.0,0.0,18,136.8,140.4,6,139.0,137.2,137.2,137.2,3.0,41160.0,275
2023-05-11 09:50:25,IO2312-P-3900,IO2312-P-3900,137.2,0.0,0.0,0.0,12,136.8,140.4,6,139.0,137.2,137.2,137.2,3.0,41160.0,275
2023-05-11 09:50:26,IO2312-P-3900,IO2312-P-3900,137.2,0.0,0.0,0.0,6,136.8,140.4,6,139.0,137.2,137.2,137.2,3.0,41160.0,275
2023-05-11 09:50:27,IO2312-P-3900,IO2312-P-3900,137.2,0.0,0.0,0.0,6,137.0,140.6,9,139.0,137.2,137.2,137.2,3.0,41160.0,275
2023-05-11 09:50:30,IO2312-P-3900,IO2312-P-3900,137.2,0.0,0.0,0.0,12,136.8,140.4,6,139.0,137.2,137.2,137.2,3.0,41160.0,275
2023-05-11 09:50:31,IO2312-P-3900,IO2312-P-3900,137.2,0.0,0.0,0.0,12,136.8,140.4,9,139.0,137.2,137.2,137.2,3.0,41160.0,275
2023-05-11 09:50:31,IO2312-P-3900,IO2312-P-3900,137.2,0.0,0.0,0.0,24,136.6,140.2,6,139.0,137.2,137.2,137.2,3.0,41160.0,275
2023-05-11 09:50:32,IO2312-P-3900,IO2312-P-3900,137.2,0.0,0.0,0.0,12,136.6,140.2,12,139.0,137.2,137.2,137.2,3.0,41160.0,275
2023-05-11 09:50:32,IO2312-P-3900,IO2312-P-3900,137.2,0.0,0.0,0.0,18,136.4,140.0,6,139.0,137.2,137.2,137.2,3.0,41160.0,275
2023-05-11 09:50:33,IO2312-P-3900,IO2312-P-3900,137.2,0.0,0.0,0.0,12,136.4,140.0,6,139.0,137.2,137.2,137.2,3.0,41160.0,275
2023-05-11 09:50:33,IO2312-P-3900,IO2312-P-3900,137.2,0.0,0.0,0.0,6,136.4,140.0,6,139.0,137.2,137.2,137.2,3.0,41160.0,275
2023-05-11 09:50:36,IO2312-P-3900,IO2312-P-3900,137.2,0.0,0.0,0.0,36,136.2,140.0,6,139.0,137.2,137.2,137.2,3.0,41160.0,275
2023-05-11 09:50:36,IO2312-P-3900,IO2312-P-3900,137.2,0.0,0.0,0.0,24,136.2,140.0,9,139.0,137.2,137.2,137.2,3.0,41160.0,275
2023-05-11 09:50:37,IO2312-P-3900,IO2312-P-3900,137.2,0.0,0.0,0.0,24,136.2,139.8,6,139.0,137.2,137.2,137.2,3.0,41160.0,275
2023-05-11 09:50:37,IO2312-P-3900,IO2312-P-3900,137.2,0.0,0.0,0.0,24,136.2,139.8,12,139.0,137.2,137.2,137.2,3.0,41160.0,275
2023-05-11 09:50:38,IO2312-P-3900,IO2312-P-3900,137.2,0.0,0.0,0.0,30,136.2,139.6,6,139.0,137.2,137.2,137.2,3.0,41160.0,275
2023-05-11 09:50:39,IO2312-P-3900,IO2312-P-3900,137.2,0.0,0.0,0.0,24,136.2,139.6,6,139.0,137.2,137.2,137.2,3.0,41160.0,275
2023-05-11 09:50:46,IO2312-P-3900,IO2312-P-3900,137.2,0.0,0.0,0.0,24,136.2,139.4,3,139.0,137.2,137.2,137.2,3.0,41160.0,275
2023-05-11 09:50:46,IO2312-P-3900,IO2312-P-3900,137.2,0.0,0.0,0.0,24,136.2,139.4,9,139.0,137.2,137.2,137.2,3.0,41160.0,275
2023-05-11 09:50:47,IO2312-P-3900,IO2312-P-3900,137.2,0.0,0.0,0.0,24,136.2,139.4,6,139.0,137.2,137.2,137.2,3.0,41160.0,275
2023-05-11 09:50:47,IO2312-P-3900,IO2312-P-3900,137.2,0.0,0.0,0.0,24,136.2,139.8,6,139.0,137.2,137.2,137.2,3.0,41160.0,275
2023-05-11 09:50:48,IO2312-P-3900,IO2312-P-3900,137.2,0.0,0.0,0.0,24,136.2,139.8,12,139.0,137.2,137.2,137.2,3.0,41160.0,275
2023-05-11 09:50:48,IO2312-P-3900,IO2312-P-3900,137.2,0.0,0.0,0.0,24,136.2,139.6,6,139.0,137.2,137.2,137.2,3.0,41160.0,275
2023-05-11 09:50:49,IO2312-P-3900,IO2312-P-3900,137.2,0.0,0.0,0.0,24,136.2,139.4,3,139.0,137.2,137.2,137.2,3.0,41160.0,275
2023-05-11 09:50:49,IO2312-P-3900,IO2312-P-3900,137.2,0.0,0.0,0.0,24,136.2,139.2,6,139.0,137.2,137.2,137.2,3.0,41160.0,275
2023-05-11 09:50:50,IO2312-P-3900,IO2312-P-3900,137.2,0.0,0.0,0.0,24,136.2,139.8,6,139.0,137.2,137.2,137.2,3.0,41160.0,275
2023-05-11 09:50:50,IO2312-P-3900,IO2312-P-3900,137.2,0.0,0.0,0.0,24,136.2,139.8,9,139.0,137.2,137.2,137.2,3.0,41160.0,275
2023-05-11 09:50:51,IO2312-P-3900,IO2312-P-3900,137.2,0.0,0.0,0.0,24,136.2,139.6,6,139.0,137.2,137.2,137.2,3.0,41160.0,275
2023-05-11 09:50:53,IO2312-P-3900,IO2312-P-3900,137.2,0.0,0.0,0.0,24,136.2,139.4,3,139.0,137.2,137.2,137.2,3.0,41160.0,275
2023-05-11 09:50:53,IO2312-P-3900,IO2312-P-3900,137.2,0.0,0.0,0.0,24,136.2,139.2,6,139.0,137.2,137.2,137.2,3.0,41160.0,275
2023-05-11 09:50:54,IO2312-P-3900,IO2312-P-3900,137.2,0.0,0.0,0.0,18,136.2,139.2,6,139.0,137.2,137.2,137.2,3.0,41160.0,275
2023-05-11 09:50:54,IO2312-P-3900,IO2312-P-3900,137.2,0.0,0.0,0.0,12,136.2,139.2,6,139.0,137.2,137.2,137.2,3.0,41160.0,275
2023-05-11 09:50:55,IO2312-P-3900,IO2312-P-3900,137.2,0.0,0.0,0.0,6,136.2,139.2,6,139.0,137.2,137.2,137.2,3.0,41160.0,275
2023-05-11 09:51:08,IO2312-P-3900,IO2312-P-3900,137.2,0.0,0.0,0.0,6,136.2,139.4,9,139.0,137.2,137.2,137.2,3.0,41160.0,275
2023-05-11 09:51:09,IO2312-P-3900,IO2312-P-3900,137.2,0.0,0.0,0.0,6,136.2,139.4,6,139.0,137.2,137.2,137.2,3.0,41160.0,275
2023-05-11 09:51:10,IO2312-P-3900,IO2312-P-3900,137.2,0.0,0.0,0.0,6,136.2,139.4,9,139.0,137.2,137.2,137.2,3.0,41160.0,275
2023-05-11 09:51:10,IO2312-P-3900,IO2312-P-3900,137.2,0.0,0.0,0.0,6,136.2,139.2,6,139.0,137.2,137.2,137.2,3.0,41160.0,275
2023-05-11 09:51:18,IO2312-P-3900,IO2312-P-3900,137.2,0.0,0.0,0.0,6,136.2,139.4,9,139.0,137.2,137.2,137.2,3.0,41160.0,275
2023-05-11 09:51:19,IO2312-P-3900,IO2312-P-3900,137.2,0.0,0.0,0.0,6,136.2,139.4,6,139.0,137.2,137.2,137.2,3.0,41160.0,275
2023-05-11 09:51:20,IO2312-P-3900,IO2312-P-3900,137.2,0.0,0.0,0.0,6,136.4,139.6,6,139.0,137.2,137.2,137.2,3.0,41160.0,275
2023-05-11 09:51:20,IO2312-P-3900,IO2312-P-3900,137.2,0.0,0.0,0.0,6,136.4,139.8,21,139.0,137.2,137.2,137.2,3.0,41160.0,275
2023-05-11 09:51:25,IO2312-P-3900,IO2312-P-3900,137.2,0.0,0.0,0.0,6,136.2,139.6,6,139.0,137.2,137.2,137.2,3.0,41160.0,275
2023-05-11 09:51:40,IO2312-P-3900,IO2312-P-3900,137.2,0.0,0.0,0.0,6,136.2,139.6,9,139.0,137.2,137.2,137.2,3.0,41160.0,275
2023-05-11 09:51:41,IO2312-P-3900,IO2312-P-3900,137.2,0.0,0.0,0.0,6,136.2,139.4,6,139.0,137.2,137.2,137.2,3.0,41160.0,275
2023-05-11 09:51:41,IO2312-P-3900,IO2312-P-3900,137.2,0.0,0.0,0.0,6,136.2,139.4,9,139.0,137.2,137.2,137.2,3.0,41160.0,275
2023-05-11 09:51:42,IO2312-P-3900,IO2312-P-3900,137.2,0.0,0.0,0.0,6,136.2,139.2,6,139.0,137.2,137.2,137.2,3.0,41160.0,275
2023-05-11 09:51:54,IO2312-P-3900,IO2312-P-3900,137.2,0.0,0.0,0.0,6,136.2,139.4,9,139.0,137.2,137.2,137.2,3.0,41160.0,275
2023-05-11 09:51:57,IO2312-P-3900,IO2312-P-3900,137.2,0.0,0.0,0.0,6,136.2,139.4,6,139.0,137.2,137.2,137.2,3.0,41160.0,275
2023-05-11 09:51:58,IO2312-P-3900,IO2312-P-3900,137.2,0.0,0.0,0.0,6,136.2,139.6,6,139.0,137.2,137.2,137.2,3.0,41160.0,275
2023-05-11 09:51:58,IO2312-P-3900,IO2312-P-3900,137.2,0.0,0.0,0.0,6,136.2,139.6,12,139.0,137.2,137.2,137.2,3.0,41160.0,275
2023-05-11 09:51:59,IO2312-P-3900,IO2312-P-3900,137.2,0.0,0.0,0.0,6,136.2,139.4,6,139.0,137.2,137.2,137.2,3.0,41160.0,275
2023-05-11 09:52:03,IO2312-P-3900,IO2312-P-3900,137.2,0.0,0.0,0.0,6,136.2,139.2,3,139.0,137.2,137.2,137.2,3.0,41160.0,275
2023-05-11 09:52:04,IO2312-P-3900,IO2312-P-3900,137.2,0.0,0.0,0.0,6,136.2,139.4,6,139.0,137.2,137.2,137.2,3.0,41160.0,275
2023-05-11 09:52:04,IO2312-P-3900,IO2312-P-3900,137.2,0.0,0.0,0.0,6,136.2,139.6,6,139.0,137.2,137.2,137.2,3.0,41160.0,275
2023-05-11 09:52:05,IO2312-P-3900,IO2312-P-3900,137.2,0.0,0.0,0.0,6,136.2,139.6,9,139.0,137.2,137.2,137.2,3.0,41160.0,275
2023-05-11 09:52:05,IO2312-P-3900,IO2312-P-3900,137.2,0.0,0.0,0.0,6,136.2,139.4,6,139.0,137.2,137.2,137.2,3.0,41160.0,275
2023-05-11 09:52:07,IO2312-P-3900,IO2312-P-3900,137.2,0.0,0.0,0.0,6,136.2,139.2,3,139.0,137.2,137.2,137.2,3.0,41160.0,275
2023-05-11 09:52:08,IO2312-P-3900,IO2312-P-3900,137.2,0.0,0.0,0.0,6,136.2,139.4,6,139.0,137.2,137.2,137.2,3.0,41160.0,275
2023-05-11 09:52:09,IO2312-P-3900,IO2312-P-3900,137.2,0.0,0.0,0.0,6,136.2,139.6,6,139.0,137.2,137.2,137.2,3.0,41160.0,275
2023-05-11 09:52:09,IO2312-P-3900,IO2312-P-3900,137.2,0.0,0.0,0.0,6,136.2,139.6,9,139.0,137.2,137.2,137.2,3.0,41160.0,275
2023-05-11 09:52:10,IO2312-P-3900,IO2312-P-3900,137.2,0.0,0.0,0.0,6,136.2,139.4,6,139.0,137.2,137.2,137.2,3.0,41160.0,275
2023-05-11 09:52:19,IO2312-P-3900,IO2312-P-3900,137.2,0.0,0.0,0.0,6,136.2,139.2,3,139.0,137.2,137.2,137.2,3.0,41160.0,275
2023-05-11 09:52:20,IO2312-P-3900,IO2312-P-3900,137.2,0.0,0.0,0.0,6,136.2,139.4,6,139.0,137.2,137.2,137.2,3.0,41160.0,275
2023-05-11 09:52:21,IO2312-P-3900,IO2312-P-3900,137.2,0.0,0.0,0.0,6,136.2,139.6,6,139.0,137.2,137.2,137.2,3.0,41160.0,275
2023-05-11 09:52:21,IO2312-P-3900,IO2312-P-3900,137.2,0.0,0.0,0.0,6,136.2,139.6,9,139.0,137.2,137.2,137.2,3.0,41160.0,275
2023-05-11 09:52:22,IO2312-P-3900,IO2312-P-3900,137.2,0.0,0.0,0.0,6,136.2,139.4,6,139.0,137.2,137.2,137.2,3.0,41160.0,275
2023-05-11 09:52:43,IO2312-P-3900,IO2312-P-3900,137.2,0.0,0.0,0.0,6,136.2,139.4,9,139.0,137.2,137.2,137.2,3.0,41160.0,275
2023-05-11 09:52:44,IO2312-P-3900,IO2312-P-3900,137.2,0.0,0.0,0.0,6,136.2,139.2,6,139.0,137.2,137.2,137.2,3.0,41160.0,275
2023-05-11 09:52:44,IO2312-P-3900,IO2312-P-3900,137.2,0.0,0.0,0.0,6,136.2,139.2,9,139.0,137.2,137.2,137.2,3.0,41160.0,275
2023-05-11 09:52:45,IO2312-P-3900,IO2312-P-3900,137.2,0.0,0.0,0.0,6,136.2,139.0,6,139.0,137.2,137.2,137.2,3.0,41160.0,275
2023-05-11 09:53:00,IO2312-P-3900,IO2312-P-3900,137.2,0.0,0.0,0.0,6,136.2,138.8,3,139.0,137.2,137.2,137.2,3.0,41160.0,275
2023-05-11 09:53:00,IO2312-P-3900,IO2312-P-3900,137.2,0.0,0.0,0.0,6,136.2,138.6,6,139.0,137.2,137.2,137.2,3.0,41160.0,275
2023-05-11 09:53:01,IO2312-P-3900,IO2312-P-3900,137.2,0.0,0.0,0.0,6,136.2,139.2,6,139.0,137.2,137.2,137.2,3.0,41160.0,275
2023-05-11 09:53:01,IO2312-P-3900,IO2312-P-3900,137.2,0.0,0.0,0.0,6,136.2,139.2,9,139.0,137.2,137.2,137.2,3.0,41160.0,275
2023-05-11 09:53:02,IO2312-P-3900,IO2312-P-3900,137.2,0.0,0.0,0.0,6,136.2,139.0,6,139.0,137.2,137.2,137.2,3.0,41160.0,275
2023-05-11 09:53:38,IO2312-P-3900,IO2312-P-3900,137.2,0.0,0.0,0.0,6,136.2,138.8,3,139.0,137.2,137.2,137.2,3.0,41160.0,275
2023-05-11 09:53:39,IO2312-P-3900,IO2312-P-3900,137.2,0.0,0.0,0.0,6,136.2,138.6,6,139.0,137.2,137.2,137.2,3.0,41160.0,275
2023-05-11 09:53:41,IO2312-P-3900,IO2312-P-3900,137.2,0.0,0.0,0.0,6,136.2,138.8,3,139.0,137.2,137.2,137.2,3.0,41160.0,275
2023-05-11 09:53:42,IO2312-P-3900,IO2312-P-3900,137.2,0.0,0.0,0.0,6,136.2,139.0,6,139.0,137.2,137.2,137.2,3.0,41160.0,275
2023-05-11 09:53:42,IO2312-P-3900,IO2312-P-3900,137.2,0.0,0.0,0.0,6,136.2,139.2,6,139.0,137.2,137.2,137.2,3.0,41160.0,275
2023-05-11 09:53:43,IO2312-P-3900,IO2312-P-3900,137.2,0.0,0.0,0.0,6,136.2,139.2,12,139.0,137.2,137.2,137.2,3.0,41160.0,275
2023-05-11 09:53:43,IO2312-P-3900,IO2312-P-3900,137.2,0.0,0.0,0.0,6,136.2,139.0,6,139.0,137.2,137.2,137.2,3.0,41160.0,275
2023-05-11 09:54:39,IO2312-P-3900,IO2312-P-3900,137.2,0.0,0.0,0.0,6,136.2,139.0,9,139.0,137.2,137.2,137.2,3.0,41160.0,275
2023-05-11 09:54:40,IO2312-P-3900,IO2312-P-3900,137.2,0.0,0.0,0.0,6,136.2,138.8,6,139.0,137.2,137.2,137.2,3.0,41160.0,275
2023-05-11 09:54:40,IO2312-P-3900,IO2312-P-3900,137.2,0.0,0.0,0.0,6,136.2,138.8,9,139.0,137.2,137.2,137.2,3.0,41160.0,275
2023-05-11 09:54:41,IO2312-P-3900,IO2312-P-3900,137.2,0.0,0.0,0.0,6,136.2,138.6,6,139.0,137.2,137.2,137.2,3.0,41160.0,275
2023-05-11 09:54:50,IO2312-P-3900,IO2312-P-3900,137.2,0.0,0.0,0.0,6,136.2,138.4,3,139.0,137.2,137.2,137.2,3.0,41160.0,275
2023-05-11 09:54:50,IO2312-P-3900,IO2312-P-3900,137.2,0.0,0.0,0.0,6,136.2,138.2,6,139.0,137.2,137.2,137.2,3.0,41160.0,275
2023-05-11 09:54:58,IO2312-P-3900,IO2312-P-3900,137.2,0.0,0.0,0.0,6,136.2,138.6,6,139.0,137.2,137.2,137.2,3.0,41160.0,275
2023-05-11 09:55:12,IO2312-P-3900,IO2312-P-3900,137.2,0.0,0.0,0.0,6,136.2,138.6,9,139.0,137.2,137.2,137.2,3.0,41160.0,275
2023-05-11 09:55:12,IO2312-P-3900,IO2312-P-3900,137.2,0.0,0.0,0.0,6,136.2,138.4,6,139.0,137.2,137.2,137.2,3.0,41160.0,275
2023-05-11 09:55:13,IO2312-P-3900,IO2312-P-3900,137.2,0.0,0.0,0.0,6,136.2,138.6,6,139.0,137.2,137.2,137.2,3.0,41160.0,275
2023-05-11 09:55:13,IO2312-P-3900,IO2312-P-3900,137.2,0.0,0.0,0.0,18,135.6,138.6,3,139.0,137.2,137.2,137.2,3.0,41160.0,275
2023-05-11 09:55:14,IO2312-P-3900,IO2312-P-3900,137.2,0.0,0.0,0.0,6,135.6,138.4,6,139.0,137.2,137.2,137.2,3.0,41160.0,275
2023-05-11 09:55:14,IO2312-P-3900,IO2312-P-3900,137.2,0.0,0.0,0.0,24,135.4,138.2,3,139.0,137.2,137.2,137.2,3.0,41160.0,275
2023-05-11 09:55:15,IO2312-P-3900,IO2312-P-3900,137.2,0.0,0.0,0.0,6,135.4,138.0,6,139.0,137.2,137.2,137.2,3.0,41160.0,275
2023-05-11 09:55:15,IO2312-P-3900,IO2312-P-3900,137.2,0.0,0.0,0.0,18,135.2,138.0,6,139.0,137.2,137.2,137.2,3.0,41160.0,275
2023-05-11 09:55:16,IO2312-P-3900,IO2312-P-3900,137.2,0.0,0.0,0.0,12,135.2,138.0,6,139.0,137.2,137.2,137.2,3.0,41160.0,275
2023-05-11 09:55:16,IO2312-P-3900,IO2312-P-3900,137.2,0.0,0.0,0.0,6,135.2,138.0,6,139.0,137.2,137.2,137.2,3.0,41160.0,275
2023-05-11 09:55:18,IO2312-P-3900,IO2312-P-3900,137.2,0.0,0.0,0.0,6,135.2,137.8,3,139.0,137.2,137.2,137.2,3.0,41160.0,275
2023-05-11 09:55:18,IO2312-P-3900,IO2312-P-3900,137.2,0.0,0.0,0.0,6,135.2,137.8,9,139.0,137.2,137.2,137.2,3.0,41160.0,275
2023-05-11 09:55:19,IO2312-P-3900,IO2312-P-3900,137.2,0.0,0.0,0.0,6,135.2,137.8,6,139.0,137.2,137.2,137.2,3.0,41160.0,275
2023-05-11 09:55:19,IO2312-P-3900,IO2312-P-3900,137.2,0.0,0.0,0.0,6,135.2,138.6,6,139.0,137.2,137.2,137.2,3.0,41160.0,275
2023-05-11 09:55:20,IO2312-P-3900,IO2312-P-3900,137.2,0.0,0.0,0.0,6,135.2,138.6,9,139.0,137.2,137.2,137.2,3.0,41160.0,275
2023-05-11 09:55:20,IO2312-P-3900,IO2312-P-3900,137.2,0.0,0.0,0.0,6,135.2,138.4,6,139.0,137.2,137.2,137.2,3.0,41160.0,275
2023-05-11 09:55:21,IO2312-P-3900,IO2312-P-3900,137.2,0.0,0.0,0.0,6,135.2,138.8,6,139.0,137.2,137.2,137.2,3.0,41160.0,275
2023-05-11 09:55:21,IO2312-P-3900,IO2312-P-3900,137.2,0.0,0.0,0.0,6,135.2,138.8,9,139.0,137.2,137.2,137.2,3.0,41160.0,275
2023-05-11 09:55:22,IO2312-P-3900,IO2312-P-3900,137.2,0.0,0.0,0.0,6,135.2,138.6,6,139.0,137.2,137.2,137.2,3.0,41160.0,275
2023-05-11 09:55:26,IO2312-P-3900,IO2312-P-3900,137.2,0.0,0.0,0.0,12,135.2,138.6,6,139.0,137.2,137.2,137.2,3.0,41160.0,275
2023-05-11 09:55:30,IO2312-P-3900,IO2312-P-3900,137.2,0.0,0.0,0.0,12,135.2,138.4,3,139.0,137.2,137.2,137.2,3.0,41160.0,275
2023-05-11 09:55:30,IO2312-P-3900,IO2312-P-3900,137.2,0.0,0.0,0.0,18,135.2,138.4,9,139.0,137.2,137.2,137.2,3.0,41160.0,275
2023-05-11 09:55:31,IO2312-P-3900,IO2312-P-3900,137.2,0.0,0.0,0.0,18,135.2,138.4,6,139.0,137.2,137.2,137.2,3.0,41160.0,275
2023-05-11 09:55:31,IO2312-P-3900,IO2312-P-3900,137.2,0.0,0.0,0.0,12,135.2,138.8,6,139.0,137.2,137.2,137.2,3.0,41160.0,275
2023-05-11 09:55:32,IO2312-P-3900,IO2312-P-3900,137.2,0.0,0.0,0.0,12,135.2,138.8,3,139.0,137.2,137.2,137.2,3.0,41160.0,275
2023-05-11 09:55:32,IO2312-P-3900,IO2312-P-3900,137.2,0.0,0.0,0.0,12,135.2,138.6,6,139.0,137.2,137.2,137.2,3.0,41160.0,275
2023-05-11 09:55:33,IO2312-P-3900,IO2312-P-3900,137.2,0.0,0.0,0.0,12,135.2,139.0,6,139.0,137.2,137.2,137.2,3.0,41160.0,275
2023-05-11 09:55:33,IO2312-P-3900,IO2312-P-3900,137.2,0.0,0.0,0.0,12,135.2,139.0,10,139.0,137.2,137.2,137.2,3.0,41160.0,275
2023-05-11 09:55:34,IO2312-P-3900,IO2312-P-3900,137.2,0.0,0.0,0.0,12,135.2,138.8,6,139.0,137.2,137.2,137.2,3.0,41160.0,275
2023-05-11 09:56:08,IO2312-P-3900,IO2312-P-3900,137.2,0.0,0.0,0.0,12,135.2,138.8,9,139.0,137.2,137.2,137.2,3.0,41160.0,275
2023-05-11 09:56:09,IO2312-P-3900,IO2312-P-3900,137.2,0.0,0.0,0.0,12,135.2,138.6,6,139.0,137.2,137.2,137.2,3.0,41160.0,275
2023-05-11 09:56:09,IO2312-P-3900,IO2312-P-3900,137.2,0.0,0.0,0.0,12,135.2,138.6,9,139.0,137.2,137.2,137.2,3.0,41160.0,275
2023-05-11 09:56:10,IO2312-P-3900,IO2312-P-3900,137.2,0.0,0.0,0.0,12,135.2,138.4,6,139.0,137.2,137.2,137.2,3.0,41160.0,275
2023-05-11 09:56:10,IO2312-P-3900,IO2312-P-3900,137.2,0.0,0.0,0.0,12,135.2,138.2,3,139.0,137.2,137.2,137.2,3.0,41160.0,275
2023-05-11 09:56:11,IO2312-P-3900,IO2312-P-3900,137.2,0.0,0.0,0.0,12,135.2,138.2,6,139.0,137.2,137.2,137.2,3.0,41160.0,275
2023-05-11 09:56:11,IO2312-P-3900,IO2312-P-3900,137.2,0.0,0.0,0.0,12,135.2,138.8,6,139.0,137.2,137.2,137.2,3.0,41160.0,275
2023-05-11 09:56:12,IO2312-P-3900,IO2312-P-3900,137.2,0.0,0.0,0.0,12,135.2,138.8,12,139.0,137.2,137.2,137.2,3.0,41160.0,275
2023-05-11 09:56:12,IO2312-P-3900,IO2312-P-3900,137.2,0.0,0.0,0.0,12,135.2,138.6,6,139.0,137.2,137.2,137.2,3.0,41160.0,275
2023-05-11 09:56:21,IO2312-P-3900,IO2312-P-3900,137.2,0.0,0.0,0.0,6,135.2,138.6,9,139.0,137.2,137.2,137.2,3.0,41160.0,275
2023-05-11 09:56:22,IO2312-P-3900,IO2312-P-3900,137.2,0.0,0.0,0.0,6,135.2,138.4,6,139.0,137.2,137.2,137.2,3.0,41160.0,275
2023-05-11 09:56:22,IO2312-P-3900,IO2312-P-3900,137.2,0.0,0.0,0.0,6,135.2,138.4,9,139.0,137.2,137.2,137.2,3.0,41160.0,275
2023-05-11 09:56:23,IO2312-P-3900,IO2312-P-3900,137.2,0.0,0.0,0.0,6,135.2,138.2,6,139.0,137.2,137.2,137.2,3.0,41160.0,275
2023-05-11 09:56:32,IO2312-P-3900,IO2312-P-3900,137.2,0.0,0.0,0.0,6,135.2,138.2,9,139.0,137.2,137.2,137.2,3.0,41160.0,275
2023-05-11 09:56:33,IO2312-P-3900,IO2312-P-3900,137.2,0.0,0.0,0.0,6,135.2,138.0,6,139.0,137.2,137.2,137.2,3.0,41160.0,275
2023-05-11 09:56:33,IO2312-P-3900,IO2312-P-3900,137.2,0.0,0.0,0.0,6,135.2,138.0,9,139.0,137.2,137.2,137.2,3.0,41160.0,275
2023-05-11 09:56:34,IO2312-P-3900,IO2312-P-3900,137.2,0.0,0.0,0.0,6,135.2,137.8,6,139.0,137.2,137.2,137.2,3.0,41160.0,275
2023-05-11 09:56:38,IO2312-P-3900,IO2312-P-3900,137.2,0.0,0.0,0.0,6,135.2,137.6,3,139.0,137.2,137.2,137.2,3.0,41160.0,275
2023-05-11 09:56:39,IO2312-P-3900,IO2312-P-3900,137.2,0.0,0.0,0.0,6,135.2,137.4,6,139.0,137.2,137.2,137.2,3.0,41160.0,275
2023-05-11 09:56:41,IO2312-P-3900,IO2312-P-3900,137.2,0.0,0.0,0.0,6,135.2,137.2,3,139.0,137.2,137.2,137.2,3.0,41160.0,275
2023-05-11 09:56:42,IO2312-P-3900,IO2312-P-3900,137.2,0.0,0.0,0.0,6,135.2,137.4,6,139.0,137.2,137.2,137.2,3.0,41160.0,275
2023-05-11 09:56:43,IO2312-P-3900,IO2312-P-3900,137.2,0.0,0.0,0.0,6,135.2,138.2,6,139.0,137.2,137.2,137.2,3.0,41160.0,275
2023-05-11 09:56:43,IO2312-P-3900,IO2312-P-3900,137.2,0.0,0.0,0.0,6,135.2,138.2,9,139.0,137.2,137.2,137.2,3.0,41160.0,275
2023-05-11 09:56:44,IO2312-P-3900,IO2312-P-3900,137.2,0.0,0.0,0.0,6,135.2,138.0,6,139.0,137.2,137.2,137.2,3.0,41160.0,275
2023-05-11 09:57:00,IO2312-P-3900,IO2312-P-3900,137.2,0.0,0.0,0.0,6,135.2,137.8,3,139.0,137.2,137.2,137.2,3.0,41160.0,275
2023-05-11 09:57:01,IO2312-P-3900,IO2312-P-3900,137.2,0.0,0.0,0.0,6,135.2,137.6,6,139.0,137.2,137.2,137.2,3.0,41160.0,275
2023-05-11 09:57:01,IO2312-P-3900,IO2312-P-3900,137.2,0.0,0.0,0.0,18,134.8,137.6,9,139.0,137.2,137.2,137.2,3.0,41160.0,275
2023-05-11 09:57:02,IO2312-P-3900,IO2312-P-3900,137.2,0.0,0.0,0.0,6,134.8,137.4,6,139.0,137.2,137.2,137.2,3.0,41160.0,275
2023-05-11 09:57:02,IO2312-P-3900,IO2312-P-3900,137.2,0.0,0.0,0.0,19,134.6,137.4,6,139.0,137.2,137.2,137.2,3.0,41160.0,275
2023-05-11 09:57:03,IO2312-P-3900,IO2312-P-3900,137.2,0.0,0.0,0.0,7,134.6,137.4,6,139.0,137.2,137.2,137.2,3.0,41160.0,275
2023-05-11 09:57:03,IO2312-P-3900,IO2312-P-3900,137.2,0.0,0.0,0.0,1,134.6,137.4,6,139.0,137.2,137.2,137.2,3.0,41160.0,275
2023-05-11 09:57:55,IO2312-P-3900,IO2312-P-3900,137.2,0.0,0.0,0.0,1,134.6,137.6,9,139.0,137.2,137.2,137.2,3.0,41160.0,275
2023-05-11 09:57:55,IO2312-P-3900,IO2312-P-3900,137.2,0.0,0.0,0.0,1,134.6,137.6,6,139.0,137.2,137.2,137.2,3.0,41160.0,275
2023-05-11 09:57:56,IO2312-P-3900,IO2312-P-3900,137.2,0.0,0.0,0.0,1,134.6,137.6,9,139.0,137.2,137.2,137.2,3.0,41160.0,275
2023-05-11 09:58:03,IO2312-P-3900,IO2312-P-3900,137.2,0.0,0.0,0.0,1,134.6,137.6,6,139.0,137.2,137.2,137.2,3.0,41160.0,275
2023-05-11 09:58:04,IO2312-P-3900,IO2312-P-3900,137.2,0.0,0.0,0.0,1,134.6,137.6,9,139.0,137.2,137.2,137.2,3.0,41160.0,275
2023-05-11 09:58:10,IO2312-P-3900,IO2312-P-3900,137.2,0.0,0.0,0.0,7,134.6,137.6,3,139.0,137.2,137.2,137.2,3.0,41160.0,275
2023-05-11 09:58:12,IO2312-P-3900,IO2312-P-3900,137.2,0.0,0.0,0.0,7,134.6,137.8,18,139.0,137.2,137.2,137.2,3.0,41160.0,275
2023-05-11 09:58:12,IO2312-P-3900,IO2312-P-3900,137.2,0.0,0.0,0.0,7,134.6,137.8,12,139.0,137.2,137.2,137.2,3.0,41160.0,275
2023-05-11 09:58:13,IO2312-P-3900,IO2312-P-3900,137.2,0.0,0.0,0.0,7,134.6,137.8,9,139.0,137.2,137.2,137.2,3.0,41160.0,275
2023-05-11 09:58:18,IO2312-P-3900,IO2312-P-3900,137.2,0.0,0.0,0.0,7,134.6,137.8,6,139.0,137.2,137.2,137.2,3.0,41160.0,275
2023-05-11 09:58:18,IO2312-P-3900,IO2312-P-3900,137.2,0.0,0.0,0.0,1,134.6,138.0,6,139.0,137.2,137.2,137.2,3.0,41160.0,275
2023-05-11 09:58:19,IO2312-P-3900,IO2312-P-3900,137.2,0.0,0.0,0.0,1,134.6,138.0,9,139.0,137.2,137.2,137.2,3.0,41160.0,275
2023-05-11 09:58:19,IO2312-P-3900,IO2312-P-3900,137.2,0.0,0.0,0.0,7,134.6,137.8,6,139.0,137.2,137.2,137.2,3.0,41160.0,275
2023-05-11 09:58:24,IO2312-P-3900,IO2312-P-3900,137.2,0.0,0.0,0.0,7,134.6,137.6,3,139.0,137.2,137.2,137.2,3.0,41160.0,275
2023-05-11 09:58:25,IO2312-P-3900,IO2312-P-3900,137.2,0.0,0.0,0.0,7,134.6,137.8,6,139.0,137.2,137.2,137.2,3.0,41160.0,275
2023-05-11 09:58:26,IO2312-P-3900,IO2312-P-3900,137.2,0.0,0.0,0.0,1,134.6,138.0,6,139.0,137.2,137.2,137.2,3.0,41160.0,275
2023-05-11 09:58:26,IO2312-P-3900,IO2312-P-3900,137.2,0.0,0.0,0.0,6,134.8,138.0,3,139.0,137.2,137.2,137.2,3.0,41160.0,275
2023-05-11 09:58:27,IO2312-P-3900,IO2312-P-3900,137.2,0.0,0.0,0.0,6,134.8,138.2,24,139.0,137.2,137.2,137.2,3.0,41160.0,275
2023-05-11 09:58:27,IO2312-P-3900,IO2312-P-3900,137.2,0.0,0.0,0.0,6,134.8,138.2,12,139.0,137.2,137.2,137.2,3.0,41160.0,275
2023-05-11 09:58:28,IO2312-P-3900,IO2312-P-3900,137.2,0.0,0.0,0.0,6,134.8,138.2,3,139.0,137.2,137.2,137.2,3.0,41160.0,275
2023-05-11 09:58:28,IO2312-P-3900,IO2312-P-3900,137.2,0.0,0.0,0.0,6,134.8,138.4,12,139.0,137.2,137.2,137.2,3.0,41160.0,275
2023-05-11 09:58:29,IO2312-P-3900,IO2312-P-3900,137.2,0.0,0.0,0.0,6,134.8,138.4,6,139.0,137.2,137.2,137.2,3.0,41160.0,275
2023-05-11 09:58:29,IO2312-P-3900,IO2312-P-3900,137.2,0.0,0.0,0.0,6,134.8,138.2,3,139.0,137.2,137.2,137.2,3.0,41160.0,275
2023-05-11 09:58:36,IO2312-P-3900,IO2312-P-3900,137.2,0.0,0.0,0.0,6,134.8,138.4,9,139.0,137.2,137.2,137.2,3.0,41160.0,275
2023-05-11 09:58:36,IO2312-P-3900,IO2312-P-3900,137.2,0.0,0.0,0.0,6,134.8,138.4,12,139.0,137.2,137.2,137.2,3.0,41160.0,275
2023-05-11 09:58:50,IO2312-P-3900,IO2312-P-3900,137.2,0.0,0.0,0.0,6,134.8,138.4,3,139.0,137.2,137.2,137.2,3.0,41160.0,275
2023-05-11 09:58:51,IO2312-P-3900,IO2312-P-3900,137.2,0.0,0.0,0.0,6,134.8,138.6,19,139.0,137.2,137.2,137.2,3.0,41160.0,275
2023-05-11 09:58:51,IO2312-P-3900,IO2312-P-3900,137.2,0.0,0.0,0.0,6,134.8,138.6,10,139.0,137.2,137.2,137.2,3.0,41160.0,275
2023-05-11 09:58:52,IO2312-P-3900,IO2312-P-3900,137.2,0.0,0.0,0.0,8,134.8,138.6,3,139.0,137.2,137.2,137.2,3.0,41160.0,275
2023-05-11 09:58:52,IO2312-P-3900,IO2312-P-3900,137.2,0.0,0.0,0.0,6,135.0,138.6,3,139.0,137.2,137.2,137.2,3.0,41160.0,275
2023-05-11 09:58:53,IO2312-P-3900,IO2312-P-3900,137.2,0.0,0.0,0.0,6,134.8,138.8,18,139.0,137.2,137.2,137.2,3.0,41160.0,275
2023-05-11 09:58:53,IO2312-P-3900,IO2312-P-3900,137.2,0.0,0.0,0.0,8,134.8,138.8,9,139.0,137.2,137.2,137.2,3.0,41160.0,275
2023-05-11 09:58:54,IO2312-P-3900,IO2312-P-3900,137.2,0.0,0.0,0.0,6,135.0,138.8,6,139.0,137.2,137.2,137.2,3.0,41160.0,275
2023-05-11 09:58:54,IO2312-P-3900,IO2312-P-3900,137.2,0.0,0.0,0.0,8,135.0,138.8,6,139.0,137.2,137.2,137.2,3.0,41160.0,275
2023-05-11 09:58:55,IO2312-P-3900,IO2312-P-3900,137.2,0.0,0.0,0.0,6,135.2,138.8,3,139.0,137.2,137.2,137.2,3.0,41160.0,275
2023-05-11 09:58:55,IO2312-P-3900,IO2312-P-3900,137.2,0.0,0.0,0.0,12,135.2,139.0,26,139.0,137.2,137.2,137.2,3.0,41160.0,275
2023-05-11 09:58:56,IO2312-P-3900,IO2312-P-3900,137.2,0.0,0.0,0.0,6,135.4,138.8,3,139.0,137.2,137.2,137.2,3.0,41160.0,275
2023-05-11 09:58:57,IO2312-P-3900,IO2312-P-3900,137.2,0.0,0.0,0.0,6,135.4,139.0,22,139.0,137.2,137.2,137.2,3.0,41160.0,275
2023-05-11 09:58:58,IO2312-P-3900,IO2312-P-3900,137.2,0.0,0.0,0.0,6,135.4,139.0,25,139.0,137.2,137.2,137.2,3.0,41160.0,275
2023-05-11 09:59:04,IO2312-P-3900,IO2312-P-3900,137.2,0.0,0.0,0.0,8,135.4,139.0,25,139.0,137.2,137.2,137.2,3.0,41160.0,275
2023-05-11 09:59:05,IO2312-P-3900,IO2312-P-3900,137.2,0.0,0.0,0.0,6,135.6,139.0,16,139.0,137.2,137.2,137.2,3.0,41160.0,275
2023-05-11 09:59:05,IO2312-P-3900,IO2312-P-3900,137.2,0.0,0.0,0.0,6,135.6,139.0,10,139.0,137.2,137.2,137.2,3.0,41160.0,275
2023-05-11 09:59:06,IO2312-P-3900,IO2312-P-3900,137.2,0.0,0.0,0.0,6,135.6,139.0,3,139.0,137.2,137.2,137.2,3.0,41160.0,275
2023-05-11 09:59:06,IO2312-P-3900,IO2312-P-3900,137.2,0.0,0.0,0.0,8,135.6,139.4,12,139.0,137.2,137.2,137.2,3.0,41160.0,275
2023-05-11 09:59:07,IO2312-P-3900,IO2312-P-3900,137.2,0.0,0.0,0.0,6,135.8,139.2,3,139.0,137.2,137.2,137.2,3.0,41160.0,275
2023-05-11 09:59:08,IO2312-P-3900,IO2312-P-3900,137.2,0.0,0.0,0.0,6,135.8,139.4,4,139.0,137.2,137.2,137.2,3.0,41160.0,275
2023-05-11 09:59:08,IO2312-P-3900,IO2312-P-3900,137.2,0.0,0.0,0.0,6,135.8,139.4,1,139.0,137.2,137.2,137.2,3.0,41160.0,275
2023-05-11 09:59:09,IO2312-P-3900,IO2312-P-3900,137.2,0.0,0.0,0.0,8,135.8,139.4,1,139.0,137.2,137.2,137.2,3.0,41160.0,275
2023-05-11 09:59:09,IO2312-P-3900,IO2312-P-3900,137.2,0.0,0.0,0.0,6,136.0,139.4,1,139.0,137.2,137.2,137.2,3.0,41160.0,275
2023-05-11 09:59:12,IO2312-P-3900,IO2312-P-3900,137.2,0.0,0.0,0.0,6,135.4,139.4,1,139.0,137.2,137.2,137.2,3.0,41160.0,275
2023-05-11 09:59:12,IO2312-P-3900,IO2312-P-3900,137.2,0.0,0.0,0.0,2,135.6,139.4,1,139.0,137.2,137.2,137.2,3.0,41160.0,275
2023-05-11 09:59:13,IO2312-P-3900,IO2312-P-3900,137.2,0.0,0.0,0.0,6,135.8,139.4,1,139.0,137.2,137.2,137.2,3.0,41160.0,275
2023-05-11 09:59:13,IO2312-P-3900,IO2312-P-3900,137.2,0.0,0.0,0.0,8,135.8,139.4,1,139.0,137.2,137.2,137.2,3.0,41160.0,275
2023-05-11 09:59:14,IO2312-P-3900,IO2312-P-3900,137.2,0.0,0.0,0.0,6,136.0,139.4,4,139.0,137.2,137.2,137.2,3.0,41160.0,275
2023-05-11 09:59:14,IO2312-P-3900,IO2312-P-3900,137.2,0.0,0.0,0.0,6,136.0,139.4,1,139.0,137.2,137.2,137.2,3.0,41160.0,275
2023-05-11 09:59:15,IO2312-P-3900,IO2312-P-3900,137.2,0.0,0.0,0.0,6,136.0,139.4,4,139.0,137.2,137.2,137.2,3.0,41160.0,275
2023-05-11 09:59:18,IO2312-P-3900,IO2312-P-3900,137.2,0.0,0.0,0.0,6,136.0,139.4,1,139.0,137.2,137.2,137.2,3.0,41160.0,275
2023-05-11 09:59:22,IO2312-P-3900,IO2312-P-3900,137.2,0.0,0.0,0.0,6,136.0,139.4,4,139.0,137.2,137.2,137.2,3.0,41160.0,275
2023-05-11 09:59:26,IO2312-P-3900,IO2312-P-3900,137.2,0.0,0.0,0.0,6,136.0,139.4,1,139.0,137.2,137.2,137.2,3.0,41160.0,275
2023-05-11 09:59:27,IO2312-P-3900,IO2312-P-3900,137.2,0.0,0.0,0.0,8,136.0,139.4,1,139.0,137.2,137.2,137.2,3.0,41160.0,275
2023-05-11 09:59:28,IO2312-P-3900,IO2312-P-3900,137.2,0.0,0.0,0.0,6,136.2,139.4,1,139.0,137.2,137.2,137.2,3.0,41160.0,275
2023-05-11 09:59:33,IO2312-P-3900,IO2312-P-3900,137.2,0.0,0.0,0.0,6,135.6,139.4,1,139.0,137.2,137.2,137.2,3.0,41160.0,275
2023-05-11 09:59:34,IO2312-P-3900,IO2312-P-3900,137.2,0.0,0.0,0.0,2,135.8,139.4,1,139.0,137.2,137.2,137.2,3.0,41160.0,275
2023-05-11 09:59:34,IO2312-P-3900,IO2312-P-3900,137.2,0.0,0.0,0.0,6,136.0,139.4,4,139.0,137.2,137.2,137.2,3.0,41160.0,275
2023-05-11 09:59:36,IO2312-P-3900,IO2312-P-3900,137.2,0.0,0.0,0.0,6,136.0,139.4,1,139.0,137.2,137.2,137.2,3.0,41160.0,275
2023-05-11 09:59:37,IO2312-P-3900,IO2312-P-3900,137.2,0.0,0.0,0.0,6,136.0,139.4,4,139.0,137.2,137.2,137.2,3.0,41160.0,275
2023-05-11 09:59:38,IO2312-P-3900,IO2312-P-3900,137.2,0.0,0.0,0.0,6,136.0,139.4,1,139.0,137.2,137.2,137.2,3.0,41160.0,275
2023-05-11 09:59:40,IO2312-P-3900,IO2312-P-3900,137.2,0.0,0.0,0.0,8,136.0,139.4,1,139.0,137.2,137.2,137.2,3.0,41160.0,275
2023-05-11 09:59:40,IO2312-P-3900,IO2312-P-3900,137.2,0.0,0.0,0.0,6,136.2,139.4,1,139.0,137.2,137.2,137.2,3.0,41160.0,275
2023-05-11 09:59:41,IO2312-P-3900,IO2312-P-3900,137.2,0.0,0.0,0.0,8,136.2,139.4,1,139.0,137.2,137.2,137.2,3.0,41160.0,275
2023-05-11 09:59:42,IO2312-P-3900,IO2312-P-3900,137.2,0.0,0.0,0.0,6,136.4,139.4,1,139.0,137.2,137.2,137.2,3.0,41160.0,275
2023-05-11 09:59:44,IO2312-P-3900,IO2312-P-3900,137.2,0.0,0.0,0.0,6,135.4,139.4,1,139.0,137.2,137.2,137.2,3.0,41160.0,275
2023-05-11 09:59:44,IO2312-P-3900,IO2312-P-3900,137.2,0.0,0.0,0.0,2,135.6,139.4,1,139.0,137.2,137.2,137.2,3.0,41160.0,275
2023-05-11 09:59:45,IO2312-P-3900,IO2312-P-3900,137.2,0.0,0.0,0.0,6,135.8,139.4,1,139.0,137.2,137.2,137.2,3.0,41160.0,275
2023-05-11 09:59:45,IO2312-P-3900,IO2312-P-3900,137.2,0.0,0.0,0.0,2,136.0,139.4,1,139.0,137.2,137.2,137.2,3.0,41160.0,275
2023-05-11 09:59:46,IO2312-P-3900,IO2312-P-3900,137.2,0.0,0.0,0.0,6,136.2,139.4,1,139.0,137.2,137.2,137.2,3.0,41160.0,275
2023-05-11 09:59:47,IO2312-P-3900,IO2312-P-3900,137.2,0.0,0.0,0.0,8,136.2,139.4,1,139.0,137.2,137.2,137.2,3.0,41160.0,275
2023-05-11 09:59:47,IO2312-P-3900,IO2312-P-3900,137.2,0.0,0.0,0.0,6,136.4,139.4,1,139.0,137.2,137.2,137.2,3.0,41160.0,275
2023-05-11 09:59:51,IO2312-P-3900,IO2312-P-3900,137.2,0.0,0.0,0.0,8,136.4,139.4,1,139.0,137.2,137.2,137.2,3.0,41160.0,275
2023-05-11 09:59:51,IO2312-P-3900,IO2312-P-3900,137.2,0.0,0.0,0.0,6,136.6,139.4,1,139.0,137.2,137.2,137.2,3.0,41160.0,275
2023-05-11 09:59:56,IO2312-P-3900,IO2312-P-3900,137.2,0.0,0.0,0.0,6,136.0,139.4,1,139.0,137.2,137.2,137.2,3.0,41160.0,275
2023-05-11 09:59:56,IO2312-P-3900,IO2312-P-3900,137.2,0.0,0.0,0.0,2,136.2,139.4,1,139.0,137.2,137.2,137.2,3.0,41160.0,275
2023-05-11 09:59:57,IO2312-P-3900,IO2312-P-3900,137.2,0.0,0.0,0.0,6,136.4,139.4,1,139.0,137.2,137.2,137.2,3.0,41160.0,275
2023-05-11 10:00:03,IO2312-P-3900,IO2312-P-3900,137.2,0.0,0.0,0.0,6,136.0,139.4,1,139.0,137.2,137.2,137.2,3.0,41160.0,275
2023-05-11 10:00:04,IO2312-P-3900,IO2312-P-3900,137.2,0.0,0.0,0.0,2,136.2,139.4,1,139.0,137.2,137.2,137.2,3.0,41160.0,275
2023-05-11 10:00:04,IO2312-P-3900,IO2312-P-3900,137.2,0.0,0.0,0.0,6,136.4,139.4,1,139.0,137.2,137.2,137.2,3.0,41160.0,275
2023-05-11 10:00:05,IO2312-P-3900,IO2312-P-3900,137.2,0.0,0.0,0.0,6,136.0,139.4,1,139.0,137.2,137.2,137.2,3.0,41160.0,275
2023-05-11 10:00:05,IO2312-P-3900,IO2312-P-3900,137.2,0.0,0.0,0.0,8,136.0,139.4,1,139.0,137.2,137.2,137.2,3.0,41160.0,275
2023-05-11 10:00:06,IO2312-P-3900,IO2312-P-3900,137.2,0.0,0.0,0.0,6,136.2,139.4,1,139.0,137.2,137.2,137.2,3.0,41160.0,275
2023-05-11 10:00:10,IO2312-P-3900,IO2312-P-3900,137.2,0.0,0.0,0.0,2,136.4,139.4,1,139.0,137.2,137.2,137.2,3.0,41160.0,275
2023-05-11 10:00:10,IO2312-P-3900,IO2312-P-3900,137.2,0.0,0.0,0.0,6,136.6,139.4,1,139.0,137.2,137.2,137.2,3.0,41160.0,275
2023-05-11 10:00:11,IO2312-P-3900,IO2312-P-3900,137.2,0.0,0.0,0.0,6,136.0,139.4,1,139.0,137.2,137.2,137.2,3.0,41160.0,275
2023-05-11 10:00:11,IO2312-P-3900,IO2312-P-3900,137.2,0.0,0.0,0.0,2,136.2,139.4,1,139.0,137.2,137.2,137.2,3.0,41160.0,275
2023-05-11 10:00:12,IO2312-P-3900,IO2312-P-3900,137.2,0.0,0.0,0.0,6,136.4,139.4,1,139.0,137.2,137.2,137.2,3.0,41160.0,275
2023-05-11 10:00:15,IO2312-P-3900,IO2312-P-3900,137.2,0.0,0.0,0.0,6,136.0,139.4,1,139.0,137.2,137.2,137.2,3.0,41160.0,275
2023-05-11 10:00:15,IO2312-P-3900,IO2312-P-3900,137.2,0.0,0.0,0.0,2,136.2,139.4,1,139.0,137.2,137.2,137.2,3.0,41160.0,275
2023-05-11 10:00:16,IO2312-P-3900,IO2312-P-3900,137.2,0.0,0.0,0.0,6,136.4,139.4,1,139.0,137.2,137.2,137.2,3.0,41160.0,275
2023-05-11 10:00:18,IO2312-P-3900,IO2312-P-3900,137.2,0.0,0.0,0.0,6,136.4,139.2,2,139.0,137.2,137.2,137.2,3.0,41160.0,275
2023-05-11 10:00:18,IO2312-P-3900,IO2312-P-3900,137.2,0.0,0.0,0.0,6,136.4,139.0,1,139.0,137.2,137.2,137.2,3.0,41160.0,275
2023-05-11 10:00:19,IO2312-P-3900,IO2312-P-3900,137.2,0.0,0.0,0.0,6,136.4,138.8,4,139.0,137.2,137.2,137.2,3.0,41160.0,275
2023-05-11 10:00:19,IO2312-P-3900,IO2312-P-3900,137.2,0.0,0.0,0.0,6,136.4,138.8,5,139.0,137.2,137.2,137.2,3.0,41160.0,275
2023-05-11 10:00:24,IO2312-P-3900,IO2312-P-3900,137.2,0.0,0.0,0.0,6,136.0,138.8,5,139.0,137.2,137.2,137.2,3.0,41160.0,275
2023-05-11 10:00:24,IO2312-P-3900,IO2312-P-3900,137.2,0.0,0.0,0.0,8,136.0,138.8,5,139.0,137.2,137.2,137.2,3.0,41160.0,275
2023-05-11 10:00:25,IO2312-P-3900,IO2312-P-3900,137.2,0.0,0.0,0.0,6,136.2,138.8,5,139.0,137.2,137.2,137.2,3.0,41160.0,275
2023-05-11 10:00:27,IO2312-P-3900,IO2312-P-3900,137.2,0.0,0.0,0.0,6,136.0,138.8,5,139.0,137.2,137.2,137.2,3.0,41160.0,275
2023-05-11 10:00:40,IO2312-P-3900,IO2312-P-3900,137.2,0.0,0.0,0.0,6,136.0,138.8,8,139.0,137.2,137.2,137.2,3.0,41160.0,275
2023-05-11 10:00:41,IO2312-P-3900,IO2312-P-3900,137.2,0.0,0.0,0.0,6,136.0,138.8,5,139.0,137.2,137.2,137.2,3.0,41160.0,275
2023-05-11 10:00:45,IO2312-P-3900,IO2312-P-3900,137.2,0.0,0.0,0.0,6,135.6,138.8,5,139.0,137.2,137.2,137.2,3.0,41160.0,275
2023-05-11 10:00:47,IO2312-P-3900,IO2312-P-3900,137.2,0.0,0.0,0.0,6,135.6,138.8,4,139.0,137.2,137.2,137.2,3.0,41160.0,275
2023-05-11 10:00:51,IO2312-P-3900,IO2312-P-3900,137.2,0.0,0.0,0.0,6,135.6,138.8,7,139.0,137.2,137.2,137.2,3.0,41160.0,275
2023-05-11 10:00:52,IO2312-P-3900,IO2312-P-3900,137.2,0.0,0.0,0.0,6,135.6,138.8,4,139.0,137.2,137.2,137.2,3.0,41160.0,275
2023-05-11 10:00:53,IO2312-P-3900,IO2312-P-3900,137.2,0.0,0.0,0.0,6,135.6,138.8,7,139.0,137.2,137.2,137.2,3.0,41160.0,275
2023-05-11 10:00:54,IO2312-P-3900,IO2312-P-3900,137.2,0.0,0.0,0.0,6,135.6,138.8,4,139.0,137.2,137.2,137.2,3.0,41160.0,275
2023-05-11 10:00:55,IO2312-P-3900,IO2312-P-3900,137.2,0.0,0.0,0.0,8,135.6,138.8,4,139.0,137.2,137.2,137.2,3.0,41160.0,275
2023-05-11 10:00:56,IO2312-P-3900,IO2312-P-3900,137.2,0.0,0.0,0.0,6,135.8,138.8,4,139.0,137.2,137.2,137.2,3.0,41160.0,275
2023-05-11 10:01:02,IO2312-P-3900,IO2312-P-3900,137.2,0.0,0.0,0.0,6,135.8,138.6,1,139.0,137.2,137.2,137.2,3.0,41160.0,275
2023-05-11 10:01:06,IO2312-P-3900,IO2312-P-3900,137.2,0.0,0.0,0.0,6,135.6,138.6,1,139.0,137.2,137.2,137.2,3.0,41160.0,275
2023-05-11 10:01:07,IO2312-P-3900,IO2312-P-3900,137.2,0.0,0.0,0.0,6,135.6,138.8,7,139.0,137.2,137.2,137.2,3.0,41160.0,275
2023-05-11 10:01:09,IO2312-P-3900,IO2312-P-3900,137.2,0.0,0.0,0.0,8,135.6,138.8,7,139.0,137.2,137.2,137.2,3.0,41160.0,275
2023-05-11 10:01:09,IO2312-P-3900,IO2312-P-3900,137.2,0.0,0.0,0.0,6,135.8,138.8,7,139.0,137.2,137.2,137.2,3.0,41160.0,275
2023-05-11 10:01:10,IO2312-P-3900,IO2312-P-3900,137.2,0.0,0.0,0.0,6,135.8,138.8,4,139.0,137.2,137.2,137.2,3.0,41160.0,275
2023-05-11 10:01:10,IO2312-P-3900,IO2312-P-3900,137.2,0.0,0.0,0.0,8,135.8,138.8,4,139.0,137.2,137.2,137.2,3.0,41160.0,275
2023-05-11 10:01:11,IO2312-P-3900,IO2312-P-3900,137.2,0.0,0.0,0.0,6,136.0,138.8,4,139.0,137.2,137.2,137.2,3.0,41160.0,275
2023-05-11 10:01:11,IO2312-P-3900,IO2312-P-3900,137.2,0.0,0.0,0.0,8,136.0,138.8,4,139.0,137.2,137.2,137.2,3.0,41160.0,275
2023-05-11 10:01:12,IO2312-P-3900,IO2312-P-3900,137.2,0.0,0.0,0.0,6,136.2,138.6,1,139.0,137.2,137.2,137.2,3.0,41160.0,275
2023-05-11 10:01:13,IO2312-P-3900,IO2312-P-3900,137.2,0.0,0.0,0.0,6,135.8,138.6,1,139.0,137.2,137.2,137.2,3.0,41160.0,275
2023-05-11 10:01:13,IO2312-P-3900,IO2312-P-3900,137.2,0.0,0.0,0.0,8,135.8,138.6,1,139.0,137.2,137.2,137.2,3.0,41160.0,275
2023-05-11 10:01:14,IO2312-P-3900,IO2312-P-3900,137.2,0.0,0.0,0.0,6,136.0,138.6,1,139.0,137.2,137.2,137.2,3.0,41160.0,275
2023-05-11 10:01:16,IO2312-P-3900,IO2312-P-3900,137.2,0.0,0.0,0.0,8,136.0,138.6,1,139.0,137.2,137.2,137.2,3.0,41160.0,275
2023-05-11 10:01:16,IO2312-P-3900,IO2312-P-3900,137.2,0.0,0.0,0.0,6,136.2,138.6,1,139.0,137.2,137.2,137.2,3.0,41160.0,275
2023-05-11 10:01:27,IO2312-P-3900,IO2312-P-3900,137.2,0.0,0.0,0.0,6,135.8,138.6,1,139.0,137.2,137.2,137.2,3.0,41160.0,275
2023-05-11 10:01:27,IO2312-P-3900,IO2312-P-3900,137.2,0.0,0.0,0.0,8,135.8,138.6,1,139.0,137.2,137.2,137.2,3.0,41160.0,275
2023-05-11 10:01:28,IO2312-P-3900,IO2312-P-3900,137.2,0.0,0.0,0.0,6,136.0,138.6,1,139.0,137.2,137.2,137.2,3.0,41160.0,275
2023-05-11 10:01:32,IO2312-P-3900,IO2312-P-3900,137.2,0.0,0.0,0.0,6,136.0,138.8,4,139.0,137.2,137.2,137.2,3.0,41160.0,275
2023-05-11 10:01:34,IO2312-P-3900,IO2312-P-3900,137.2,0.0,0.0,0.0,8,136.0,138.8,4,139.0,137.2,137.2,137.2,3.0,41160.0,275
2023-05-11 10:01:35,IO2312-P-3900,IO2312-P-3900,137.2,0.0,0.0,0.0,6,136.2,138.8,4,139.0,137.2,137.2,137.2,3.0,41160.0,275
2023-05-11 10:01:37,IO2312-P-3900,IO2312-P-3900,137.2,0.0,0.0,0.0,6,136.2,138.6,1,139.0,137.2,137.2,137.2,3.0,41160.0,275
2023-05-11 10:01:42,IO2312-P-3900,IO2312-P-3900,137.2,0.0,0.0,0.0,12,136.2,138.6,1,139.0,137.2,137.2,137.2,3.0,41160.0,275
2023-05-11 10:01:42,IO2312-P-3900,IO2312-P-3900,137.2,0.0,0.0,0.0,6,136.4,138.6,1,139.0,137.2,137.2,137.2,3.0,41160.0,275
2023-05-11 10:01:43,IO2312-P-3900,IO2312-P-3900,137.2,0.0,0.0,0.0,18,136.2,138.6,1,139.0,137.2,137.2,137.2,3.0,41160.0,275
2023-05-11 10:01:44,IO2312-P-3900,IO2312-P-3900,137.2,0.0,0.0,0.0,20,136.2,138.6,1,139.0,137.2,137.2,137.2,3.0,41160.0,275
2023-05-11 10:02:04,IO2312-P-3900,IO2312-P-3900,137.2,0.0,0.0,0.0,6,136.4,138.6,1,139.0,137.2,137.2,137.2,3.0,41160.0,275
2023-05-11 10:02:25,IO2312-P-3900,IO2312-P-3900,136.0,81.0,1101000.0,75.0,12,136.0,138.6,1,139.0,137.2,137.2,135.6,84.0,1142160.0,350
2023-05-11 10:02:26,IO2312-P-3900,IO2312-P-3900,136.0,0.0,0.0,0.0,6,135.6,138.4,12,139.0,137.2,137.2,135.6,84.0,1142160.0,350
2023-05-11 10:02:26,IO2312-P-3900,IO2312-P-3900,136.0,0.0,0.0,0.0,8,135.6,138.2,6,139.0,137.2,137.2,135.6,84.0,1142160.0,350
2023-05-11 10:02:27,IO2312-P-3900,IO2312-P-3900,136.0,0.0,0.0,0.0,6,135.6,138.2,6,139.0,137.2,137.2,135.6,84.0,1142160.0,350
2023-05-11 10:02:33,IO2312-P-3900,IO2312-P-3900,136.0,0.0,0.0,0.0,6,135.4,138.2,6,139.0,137.2,137.2,135.6,84.0,1142160.0,350
2023-05-11 10:02:33,IO2312-P-3900,IO2312-P-3900,136.0,0.0,0.0,0.0,24,135.2,138.2,6,139.0,137.2,137.2,135.6,84.0,1142160.0,350
2023-05-11 10:02:34,IO2312-P-3900,IO2312-P-3900,136.0,0.0,0.0,0.0,12,135.2,138.2,9,139.0,137.2,137.2,135.6,84.0,1142160.0,350
2023-05-11 10:02:34,IO2312-P-3900,IO2312-P-3900,136.0,0.0,0.0,0.0,6,135.2,138.0,6,139.0,137.2,137.2,135.6,84.0,1142160.0,350
2023-05-11 10:02:35,IO2312-P-3900,IO2312-P-3900,136.0,0.0,0.0,0.0,6,135.2,138.2,6,139.0,137.2,137.2,135.6,84.0,1142160.0,350
2023-05-11 10:02:36,IO2312-P-3900,IO2312-P-3900,136.0,0.0,0.0,0.0,6,135.2,138.2,10,139.0,137.2,137.2,135.6,84.0,1142160.0,350
2023-05-11 10:02:36,IO2312-P-3900,IO2312-P-3900,136.0,0.0,0.0,0.0,6,135.2,138.0,6,139.0,137.2,137.2,135.6,84.0,1142160.0,350
2023-05-11 10:02:41,IO2312-P-3900,IO2312-P-3900,136.0,0.0,0.0,0.0,8,135.2,138.0,6,139.0,137.2,137.2,135.6,84.0,1142160.0,350
2023-05-11 10:02:43,IO2312-P-3900,IO2312-P-3900,136.0,0.0,0.0,0.0,11,135.2,138.0,6,139.0,137.2,137.2,135.6,84.0,1142160.0,350
2023-05-11 10:02:43,IO2312-P-3900,IO2312-P-3900,136.0,0.0,0.0,0.0,8,135.2,138.0,6,139.0,137.2,137.2,135.6,84.0,1142160.0,350
2023-05-11 10:02:45,IO2312-P-3900,IO2312-P-3900,136.0,0.0,0.0,0.0,6,135.2,138.0,6,139.0,137.2,137.2,135.6,84.0,1142160.0,350
2023-05-11 10:02:45,IO2312-P-3900,IO2312-P-3900,136.0,0.0,0.0,0.0,6,135.2,138.0,9,139.0,137.2,137.2,135.6,84.0,1142160.0,350
2023-05-11 10:02:46,IO2312-P-3900,IO2312-P-3900,136.0,0.0,0.0,0.0,6,135.2,137.8,6,139.0,137.2,137.2,135.6,84.0,1142160.0,350
2023-05-11 10:02:46,IO2312-P-3900,IO2312-P-3900,136.0,0.0,0.0,0.0,8,135.2,137.8,6,139.0,137.2,137.2,135.6,84.0,1142160.0,350
2023-05-11 10:02:47,IO2312-P-3900,IO2312-P-3900,136.0,0.0,0.0,0.0,8,135.2,138.0,6,139.0,137.2,137.2,135.6,84.0,1142160.0,350
2023-05-11 10:02:48,IO2312-P-3900,IO2312-P-3900,136.0,0.0,0.0,0.0,6,135.2,138.0,6,139.0,137.2,137.2,135.6,84.0,1142160.0,350
2023-05-11 10:02:49,IO2312-P-3900,IO2312-P-3900,136.0,0.0,0.0,0.0,8,135.2,138.0,6,139.0,137.2,137.2,135.6,84.0,1142160.0,350
2023-05-11 10:02:50,IO2312-P-3900,IO2312-P-3900,136.0,0.0,0.0,0.0,6,135.2,138.0,6,139.0,137.2,137.2,135.6,84.0,1142160.0,350
2023-05-11 10:02:51,IO2312-P-3900,IO2312-P-3900,136.0,0.0,0.0,0.0,6,135.2,138.0,7,139.0,137.2,137.2,135.6,84.0,1142160.0,350
2023-05-11 10:02:51,IO2312-P-3900,IO2312-P-3900,136.0,0.0,0.0,0.0,6,135.2,137.8,6,139.0,137.2,137.2,135.6,84.0,1142160.0,350
2023-05-11 10:02:54,IO2312-P-3900,IO2312-P-3900,136.0,0.0,0.0,0.0,8,135.2,137.8,6,139.0,137.2,137.2,135.6,84.0,1142160.0,350
2023-05-11 10:02:54,IO2312-P-3900,IO2312-P-3900,136.0,0.0,0.0,0.0,6,135.2,137.8,6,139.0,137.2,137.2,135.6,84.0,1142160.0,350
2023-05-11 10:02:55,IO2312-P-3900,IO2312-P-3900,136.0,0.0,0.0,0.0,8,135.2,137.8,6,139.0,137.2,137.2,135.6,84.0,1142160.0,350
