time,symbol_id,symbol_name,last,trade_volume,trade_amount,open_interest_change,bv1,bp1,ap1,av1,yesterday_close,today_open,today_high,today_low,volume,amount,open_interest
2023-05-11 09:29:00,IO2312-C-4600,IO2312-C-4600,31.0,0.0,0.0,0.0,1,28.4,39.4,1,31.0,32.2,0.0,0.0,0.0,0.0,496
2023-05-11 09:30:00,IO2312-C-4600,IO2312-C-4600,31.0,0.0,0.0,0.0,1,28.4,39.4,2,31.0,32.2,0.0,0.0,0.0,0.0,496
2023-05-11 09:30:01,IO2312-C-4600,IO2312-C-4600,31.0,0.0,0.0,0.0,1,28.4,38.0,1,31.0,32.2,0.0,0.0,0.0,0.0,496
2023-05-11 09:30:02,IO2312-C-4600,IO2312-C-4600,31.0,0.0,0.0,0.0,1,28.4,37.8,6,31.0,32.2,0.0,0.0,0.0,0.0,496
2023-05-11 09:30:05,IO2312-C-4600,IO2312-C-4600,31.0,0.0,0.0,0.0,1,28.4,37.8,7,31.0,32.2,0.0,0.0,0.0,0.0,496
2023-05-11 09:30:05,IO2312-C-4600,IO2312-C-4600,31.0,0.0,0.0,0.0,3,28.6,37.6,9,31.0,32.2,0.0,0.0,0.0,0.0,496
2023-05-11 09:30:06,IO2312-C-4600,IO2312-C-4600,31.0,0.0,0.0,0.0,3,28.6,37.4,6,31.0,32.2,0.0,0.0,0.0,0.0,496
2023-05-11 09:30:06,IO2312-C-4600,IO2312-C-4600,31.0,0.0,0.0,0.0,3,28.6,37.2,3,31.0,32.2,0.0,0.0,0.0,0.0,496
2023-05-11 09:30:07,IO2312-C-4600,IO2312-C-4600,31.0,0.0,0.0,0.0,3,28.6,37.0,6,31.0,32.2,0.0,0.0,0.0,0.0,496
2023-05-11 09:30:07,IO2312-C-4600,IO2312-C-4600,31.0,0.0,0.0,0.0,3,28.6,36.8,3,31.0,32.2,0.0,0.0,0.0,0.0,496
2023-05-11 09:30:08,IO2312-C-4600,IO2312-C-4600,31.0,0.0,0.0,0.0,6,28.8,36.6,6,31.0,32.2,0.0,0.0,0.0,0.0,496
2023-05-11 09:30:08,IO2312-C-4600,IO2312-C-4600,31.0,0.0,0.0,0.0,3,29.0,36.4,3,31.0,32.2,0.0,0.0,0.0,0.0,496
2023-05-11 09:30:09,IO2312-C-4600,IO2312-C-4600,31.0,0.0,0.0,0.0,9,29.0,36.2,6,31.0,32.2,0.0,0.0,0.0,0.0,496
2023-05-11 09:30:09,IO2312-C-4600,IO2312-C-4600,31.0,0.0,0.0,0.0,9,29.0,36.0,3,31.0,32.2,0.0,0.0,0.0,0.0,496
2023-05-11 09:30:10,IO2312-C-4600,IO2312-C-4600,31.0,0.0,0.0,0.0,6,29.2,36.0,9,31.0,32.2,0.0,0.0,0.0,0.0,496
2023-05-11 09:30:10,IO2312-C-4600,IO2312-C-4600,31.0,0.0,0.0,0.0,3,29.4,36.0,9,31.0,32.2,0.0,0.0,0.0,0.0,496
2023-05-11 09:30:11,IO2312-C-4600,IO2312-C-4600,31.0,0.0,0.0,0.0,6,30.4,33.8,6,31.0,32.2,0.0,0.0,0.0,0.0,496
2023-05-11 09:30:11,IO2312-C-4600,IO2312-C-4600,31.0,0.0,0.0,0.0,6,30.6,34.6,6,31.0,32.2,0.0,0.0,0.0,0.0,496
2023-05-11 09:30:12,IO2312-C-4600,IO2312-C-4600,31.0,0.0,0.0,0.0,1,28.4,37.6,6,31.0,32.2,0.0,0.0,0.0,0.0,496
2023-05-11 09:30:12,IO2312-C-4600,IO2312-C-4600,31.0,0.0,0.0,0.0,3,28.6,37.4,3,31.0,32.2,0.0,0.0,0.0,0.0,496
2023-05-11 09:30:13,IO2312-C-4600,IO2312-C-4600,31.0,0.0,0.0,0.0,3,28.6,37.2,6,31.0,32.2,0.0,0.0,0.0,0.0,496
2023-05-11 09:30:13,IO2312-C-4600,IO2312-C-4600,31.0,0.0,0.0,0.0,6,30.4,33.8,6,31.0,32.2,0.0,0.0,0.0,0.0,496
2023-05-11 09:30:14,IO2312-C-4600,IO2312-C-4600,31.0,0.0,0.0,0.0,6,30.6,34.8,6,31.0,32.2,0.0,0.0,0.0,0.0,496
2023-05-11 09:30:14,IO2312-C-4600,IO2312-C-4600,31.0,0.0,0.0,0.0,1,28.4,37.6,6,31.0,32.2,0.0,0.0,0.0,0.0,496
2023-05-11 09:30:15,IO2312-C-4600,IO2312-C-4600,31.0,0.0,0.0,0.0,3,28.6,37.4,3,31.0,32.2,0.0,0.0,0.0,0.0,496
2023-05-11 09:30:15,IO2312-C-4600,IO2312-C-4600,31.0,0.0,0.0,0.0,6,30.4,33.8,6,31.0,32.2,0.0,0.0,0.0,0.0,496
2023-05-11 09:30:16,IO2312-C-4600,IO2312-C-4600,31.0,0.0,0.0,0.0,6,30.6,34.8,6,31.0,32.2,0.0,0.0,0.0,0.0,496
2023-05-11 09:30:16,IO2312-C-4600,IO2312-C-4600,31.0,0.0,0.0,0.0,6,30.4,33.8,6,31.0,32.2,0.0,0.0,0.0,0.0,496
2023-05-11 09:30:17,IO2312-C-4600,IO2312-C-4600,31.0,0.0,0.0,0.0,6,30.6,34.4,6,31.0,32.2,0.0,0.0,0.0,0.0,496
2023-05-11 09:30:17,IO2312-C-4600,IO2312-C-4600,31.0,0.0,0.0,0.0,1,28.4,37.4,6,31.0,32.2,0.0,0.0,0.0,0.0,496
2023-05-11 09:30:18,IO2312-C-4600,IO2312-C-4600,31.0,0.0,0.0,0.0,3,28.6,37.2,3,31.0,32.2,0.0,0.0,0.0,0.0,496
2023-05-11 09:30:18,IO2312-C-4600,IO2312-C-4600,31.0,0.0,0.0,0.0,3,28.6,37.0,6,31.0,32.2,0.0,0.0,0.0,0.0,496
2023-05-11 09:30:19,IO2312-C-4600,IO2312-C-4600,31.0,0.0,0.0,0.0,6,30.6,34.0,6,31.0,32.2,0.0,0.0,0.0,0.0,496
2023-05-11 09:30:19,IO2312-C-4600,IO2312-C-4600,31.0,0.0,0.0,0.0,6,30.8,33.8,6,31.0,32.2,0.0,0.0,0.0,0.0,496
2023-05-11 09:30:20,IO2312-C-4600,IO2312-C-4600,31.0,0.0,0.0,0.0,6,30.6,33.8,6,31.0,32.2,0.0,0.0,0.0,0.0,496
2023-05-11 09:30:22,IO2312-C-4600,IO2312-C-4600,31.0,0.0,0.0,0.0,12,30.4,33.8,6,31.0,32.2,0.0,0.0,0.0,0.0,496
2023-05-11 09:30:23,IO2312-C-4600,IO2312-C-4600,31.0,0.0,0.0,0.0,18,30.4,33.8,12,31.0,32.2,0.0,0.0,0.0,0.0,496
2023-05-11 09:30:25,IO2312-C-4600,IO2312-C-4600,31.0,0.0,0.0,0.0,18,30.4,33.8,18,31.0,32.2,0.0,0.0,0.0,0.0,496
2023-05-11 09:30:25,IO2312-C-4600,IO2312-C-4600,31.0,0.0,0.0,0.0,12,30.4,33.8,18,31.0,32.2,0.0,0.0,0.0,0.0,496
2023-05-11 09:30:26,IO2312-C-4600,IO2312-C-4600,31.0,0.0,0.0,0.0,12,30.4,33.8,24,31.0,32.2,0.0,0.0,0.0,0.0,496
2023-05-11 09:30:27,IO2312-C-4600,IO2312-C-4600,31.0,0.0,0.0,0.0,18,30.4,33.8,18,31.0,32.2,0.0,0.0,0.0,0.0,496
2023-05-11 09:30:27,IO2312-C-4600,IO2312-C-4600,31.0,0.0,0.0,0.0,24,30.4,33.8,12,31.0,32.2,0.0,0.0,0.0,0.0,496
2023-05-11 09:30:28,IO2312-C-4600,IO2312-C-4600,31.0,0.0,0.0,0.0,6,30.6,33.8,12,31.0,32.2,0.0,0.0,0.0,0.0,496
2023-05-11 09:30:28,IO2312-C-4600,IO2312-C-4600,31.0,0.0,0.0,0.0,24,30.4,33.8,12,31.0,32.2,0.0,0.0,0.0,0.0,496
2023-05-11 09:30:30,IO2312-C-4600,IO2312-C-4600,31.0,0.0,0.0,0.0,24,30.4,33.8,13,31.0,32.2,0.0,0.0,0.0,0.0,496
2023-05-11 09:30:30,IO2312-C-4600,IO2312-C-4600,31.0,0.0,0.0,0.0,12,30.8,33.4,12,31.0,32.2,0.0,0.0,0.0,0.0,496
2023-05-11 09:30:31,IO2312-C-4600,IO2312-C-4600,31.0,0.0,0.0,0.0,27,30.4,33.8,16,31.0,32.2,0.0,0.0,0.0,0.0,496
2023-05-11 09:30:31,IO2312-C-4600,IO2312-C-4600,31.0,0.0,0.0,0.0,12,30.8,33.4,12,31.0,32.2,0.0,0.0,0.0,0.0,496
2023-05-11 09:30:32,IO2312-C-4600,IO2312-C-4600,31.0,0.0,0.0,0.0,24,30.4,33.8,13,31.0,32.2,0.0,0.0,0.0,0.0,496
2023-05-11 09:30:32,IO2312-C-4600,IO2312-C-4600,31.0,0.0,0.0,0.0,12,30.8,33.4,12,31.0,32.2,0.0,0.0,0.0,0.0,496
2023-05-11 09:30:33,IO2312-C-4600,IO2312-C-4600,31.0,0.0,0.0,0.0,24,30.4,33.8,13,31.0,32.2,0.0,0.0,0.0,0.0,496
2023-05-11 09:30:33,IO2312-C-4600,IO2312-C-4600,31.0,0.0,0.0,0.0,12,30.8,33.4,12,31.0,32.2,0.0,0.0,0.0,0.0,496
2023-05-11 09:30:34,IO2312-C-4600,IO2312-C-4600,31.0,0.0,0.0,0.0,18,30.4,33.8,19,31.0,32.2,0.0,0.0,0.0,0.0,496
2023-05-11 09:30:34,IO2312-C-4600,IO2312-C-4600,31.0,0.0,0.0,0.0,12,30.8,33.4,12,31.0,32.2,0.0,0.0,0.0,0.0,496
2023-05-11 09:30:35,IO2312-C-4600,IO2312-C-4600,31.0,0.0,0.0,0.0,12,30.4,33.8,19,31.0,32.2,0.0,0.0,0.0,0.0,496
2023-05-11 09:30:35,IO2312-C-4600,IO2312-C-4600,31.0,0.0,0.0,0.0,12,30.8,33.4,12,31.0,32.2,0.0,0.0,0.0,0.0,496
2023-05-11 09:30:36,IO2312-C-4600,IO2312-C-4600,31.0,0.0,0.0,0.0,3,30.8,33.8,16,31.0,32.2,0.0,0.0,0.0,0.0,496
2023-05-11 09:30:36,IO2312-C-4600,IO2312-C-4600,31.0,0.0,0.0,0.0,18,30.4,33.8,13,31.0,32.2,0.0,0.0,0.0,0.0,496
2023-05-11 09:30:37,IO2312-C-4600,IO2312-C-4600,31.0,0.0,0.0,0.0,12,30.8,33.4,12,31.0,32.2,0.0,0.0,0.0,0.0,496
2023-05-11 09:30:37,IO2312-C-4600,IO2312-C-4600,31.0,0.0,0.0,0.0,18,30.4,33.8,13,31.0,32.2,0.0,0.0,0.0,0.0,496
2023-05-11 09:30:38,IO2312-C-4600,IO2312-C-4600,31.0,0.0,0.0,0.0,12,30.8,33.4,12,31.0,32.2,0.0,0.0,0.0,0.0,496
2023-05-11 09:30:38,IO2312-C-4600,IO2312-C-4600,31.0,0.0,0.0,0.0,18,30.4,33.8,13,31.0,32.2,0.0,0.0,0.0,0.0,496
2023-05-11 09:30:39,IO2312-C-4600,IO2312-C-4600,31.0,0.0,0.0,0.0,12,30.8,33.4,12,31.0,32.2,0.0,0.0,0.0,0.0,496
2023-05-11 09:30:39,IO2312-C-4600,IO2312-C-4600,31.0,0.0,0.0,0.0,6,30.6,33.6,6,31.0,32.2,0.0,0.0,0.0,0.0,496
2023-05-11 09:30:40,IO2312-C-4600,IO2312-C-4600,31.0,0.0,0.0,0.0,12,30.8,33.4,12,31.0,32.2,0.0,0.0,0.0,0.0,496
2023-05-11 09:30:40,IO2312-C-4600,IO2312-C-4600,31.0,0.0,0.0,0.0,24,30.4,33.6,6,31.0,32.2,0.0,0.0,0.0,0.0,496
2023-05-11 09:30:41,IO2312-C-4600,IO2312-C-4600,31.0,0.0,0.0,0.0,12,30.6,33.4,12,31.0,32.2,0.0,0.0,0.0,0.0,496
2023-05-11 09:30:41,IO2312-C-4600,IO2312-C-4600,31.0,0.0,0.0,0.0,24,30.4,33.6,6,31.0,32.2,0.0,0.0,0.0,0.0,496
2023-05-11 09:30:42,IO2312-C-4600,IO2312-C-4600,31.0,0.0,0.0,0.0,12,30.6,33.4,12,31.0,32.2,0.0,0.0,0.0,0.0,496
2023-05-11 09:30:42,IO2312-C-4600,IO2312-C-4600,31.0,0.0,0.0,0.0,18,30.4,33.6,6,31.0,32.2,0.0,0.0,0.0,0.0,496
2023-05-11 09:30:43,IO2312-C-4600,IO2312-C-4600,31.0,0.0,0.0,0.0,12,30.6,33.4,12,31.0,32.2,0.0,0.0,0.0,0.0,496
2023-05-11 09:30:43,IO2312-C-4600,IO2312-C-4600,31.0,0.0,0.0,0.0,18,30.4,33.6,6,31.0,32.2,0.0,0.0,0.0,0.0,496
2023-05-11 09:30:44,IO2312-C-4600,IO2312-C-4600,31.0,0.0,0.0,0.0,12,30.6,33.4,12,31.0,32.2,0.0,0.0,0.0,0.0,496
2023-05-11 09:30:44,IO2312-C-4600,IO2312-C-4600,31.0,0.0,0.0,0.0,18,30.4,33.6,6,31.0,32.2,0.0,0.0,0.0,0.0,496
2023-05-11 09:30:45,IO2312-C-4600,IO2312-C-4600,31.0,0.0,0.0,0.0,12,30.6,33.4,12,31.0,32.2,0.0,0.0,0.0,0.0,496
2023-05-11 09:30:45,IO2312-C-4600,IO2312-C-4600,31.0,0.0,0.0,0.0,21,30.4,33.6,9,31.0,32.2,0.0,0.0,0.0,0.0,496
2023-05-11 09:30:46,IO2312-C-4600,IO2312-C-4600,31.0,0.0,0.0,0.0,12,30.6,33.4,12,31.0,32.2,0.0,0.0,0.0,0.0,496
2023-05-11 09:30:46,IO2312-C-4600,IO2312-C-4600,31.0,0.0,0.0,0.0,18,30.4,33.6,6,31.0,32.2,0.0,0.0,0.0,0.0,496
2023-05-11 09:30:47,IO2312-C-4600,IO2312-C-4600,31.0,0.0,0.0,0.0,12,30.6,33.4,12,31.0,32.2,0.0,0.0,0.0,0.0,496
2023-05-11 09:30:47,IO2312-C-4600,IO2312-C-4600,31.0,0.0,0.0,0.0,3,30.6,33.6,7,31.0,32.2,0.0,0.0,0.0,0.0,496
2023-05-11 09:30:48,IO2312-C-4600,IO2312-C-4600,31.0,0.0,0.0,0.0,18,30.4,33.6,7,31.0,32.2,0.0,0.0,0.0,0.0,496
2023-05-11 09:30:48,IO2312-C-4600,IO2312-C-4600,31.0,0.0,0.0,0.0,12,30.6,33.4,12,31.0,32.2,0.0,0.0,0.0,0.0,496
2023-05-11 09:30:49,IO2312-C-4600,IO2312-C-4600,31.0,0.0,0.0,0.0,3,30.6,33.6,7,31.0,32.2,0.0,0.0,0.0,0.0,496
2023-05-11 09:30:49,IO2312-C-4600,IO2312-C-4600,31.0,0.0,0.0,0.0,18,30.4,33.6,7,31.0,32.2,0.0,0.0,0.0,0.0,496
2023-05-11 09:30:50,IO2312-C-4600,IO2312-C-4600,31.0,0.0,0.0,0.0,12,30.6,33.4,12,31.0,32.2,0.0,0.0,0.0,0.0,496
2023-05-11 09:30:50,IO2312-C-4600,IO2312-C-4600,31.0,0.0,0.0,0.0,3,30.6,33.6,7,31.0,32.2,0.0,0.0,0.0,0.0,496
2023-05-11 09:30:51,IO2312-C-4600,IO2312-C-4600,31.0,0.0,0.0,0.0,18,30.4,33.6,7,31.0,32.2,0.0,0.0,0.0,0.0,496
2023-05-11 09:30:51,IO2312-C-4600,IO2312-C-4600,31.0,0.0,0.0,0.0,12,30.6,33.4,12,31.0,32.2,0.0,0.0,0.0,0.0,496
2023-05-11 09:30:52,IO2312-C-4600,IO2312-C-4600,31.0,0.0,0.0,0.0,3,30.6,33.6,6,31.0,32.2,0.0,0.0,0.0,0.0,496
2023-05-11 09:30:52,IO2312-C-4600,IO2312-C-4600,31.0,0.0,0.0,0.0,18,30.4,33.6,6,31.0,32.2,0.0,0.0,0.0,0.0,496
2023-05-11 09:30:53,IO2312-C-4600,IO2312-C-4600,31.0,0.0,0.0,0.0,12,30.6,33.4,12,31.0,32.2,0.0,0.0,0.0,0.0,496
2023-05-11 09:30:53,IO2312-C-4600,IO2312-C-4600,31.0,0.0,0.0,0.0,3,30.6,33.6,6,31.0,32.2,0.0,0.0,0.0,0.0,496
2023-05-11 09:30:54,IO2312-C-4600,IO2312-C-4600,31.0,0.0,0.0,0.0,18,30.4,33.6,6,31.0,32.2,0.0,0.0,0.0,0.0,496
2023-05-11 09:30:54,IO2312-C-4600,IO2312-C-4600,31.0,0.0,0.0,0.0,12,30.6,33.4,12,31.0,32.2,0.0,0.0,0.0,0.0,496
2023-05-11 09:30:55,IO2312-C-4600,IO2312-C-4600,31.0,0.0,0.0,0.0,9,30.6,33.6,6,31.0,32.2,0.0,0.0,0.0,0.0,496
2023-05-11 09:30:55,IO2312-C-4600,IO2312-C-4600,31.0,0.0,0.0,0.0,6,30.6,33.6,6,31.0,32.2,0.0,0.0,0.0,0.0,496
2023-05-11 09:30:56,IO2312-C-4600,IO2312-C-4600,31.0,0.0,0.0,0.0,6,30.8,33.6,6,31.0,32.2,0.0,0.0,0.0,0.0,496
2023-05-11 09:30:57,IO2312-C-4600,IO2312-C-4600,31.0,0.0,0.0,0.0,18,30.8,33.6,21,31.0,32.2,0.0,0.0,0.0,0.0,496
2023-05-11 09:30:57,IO2312-C-4600,IO2312-C-4600,31.0,0.0,0.0,0.0,18,30.8,33.6,18,31.0,32.2,0.0,0.0,0.0,0.0,496
2023-05-11 09:31:00,IO2312-C-4600,IO2312-C-4600,31.0,0.0,0.0,0.0,6,31.0,33.6,18,31.0,32.2,0.0,0.0,0.0,0.0,496
2023-05-11 09:31:01,IO2312-C-4600,IO2312-C-4600,31.0,0.0,0.0,0.0,21,31.0,33.6,18,31.0,32.2,0.0,0.0,0.0,0.0,496
2023-05-11 09:31:01,IO2312-C-4600,IO2312-C-4600,31.0,0.0,0.0,0.0,12,31.0,33.6,18,31.0,32.2,0.0,0.0,0.0,0.0,496
2023-05-11 09:31:02,IO2312-C-4600,IO2312-C-4600,31.0,0.0,0.0,0.0,6,30.8,33.6,6,31.0,32.2,0.0,0.0,0.0,0.0,496
2023-05-11 09:31:04,IO2312-C-4600,IO2312-C-4600,31.0,0.0,0.0,0.0,9,30.8,33.6,6,31.0,32.2,0.0,0.0,0.0,0.0,496
2023-05-11 09:31:05,IO2312-C-4600,IO2312-C-4600,31.0,0.0,0.0,0.0,6,30.8,33.6,6,31.0,32.2,0.0,0.0,0.0,0.0,496
2023-05-11 09:31:05,IO2312-C-4600,IO2312-C-4600,31.0,0.0,0.0,0.0,9,30.8,33.6,6,31.0,32.2,0.0,0.0,0.0,0.0,496
2023-05-11 09:31:06,IO2312-C-4600,IO2312-C-4600,31.0,0.0,0.0,0.0,6,30.8,33.6,6,31.0,32.2,0.0,0.0,0.0,0.0,496
2023-05-11 09:31:06,IO2312-C-4600,IO2312-C-4600,31.0,0.0,0.0,0.0,9,30.8,33.6,6,31.0,32.2,0.0,0.0,0.0,0.0,496
2023-05-11 09:31:07,IO2312-C-4600,IO2312-C-4600,31.0,0.0,0.0,0.0,6,30.8,33.6,6,31.0,32.2,0.0,0.0,0.0,0.0,496
2023-05-11 09:31:22,IO2312-C-4600,IO2312-C-4600,31.0,0.0,0.0,0.0,21,30.6,33.6,6,31.0,32.2,0.0,0.0,0.0,0.0,496
2023-05-11 09:31:24,IO2312-C-4600,IO2312-C-4600,31.0,0.0,0.0,0.0,18,30.6,33.6,6,31.0,32.2,0.0,0.0,0.0,0.0,496
2023-05-11 09:31:25,IO2312-C-4600,IO2312-C-4600,31.0,0.0,0.0,0.0,12,30.6,33.6,6,31.0,32.2,0.0,0.0,0.0,0.0,496
2023-05-11 09:31:27,IO2312-C-4600,IO2312-C-4600,31.0,0.0,0.0,0.0,18,30.6,33.6,6,31.0,32.2,0.0,0.0,0.0,0.0,496
2023-05-11 09:31:29,IO2312-C-4600,IO2312-C-4600,31.0,0.0,0.0,0.0,12,30.6,33.6,6,31.0,32.2,0.0,0.0,0.0,0.0,496
2023-05-11 09:31:33,IO2312-C-4600,IO2312-C-4600,31.0,0.0,0.0,0.0,1,31.0,33.6,6,31.0,32.2,0.0,0.0,0.0,0.0,496
2023-05-11 09:31:33,IO2312-C-4600,IO2312-C-4600,31.0,0.0,0.0,0.0,6,31.2,33.4,6,31.0,32.2,0.0,0.0,0.0,0.0,496
2023-05-11 09:31:36,IO2312-C-4600,IO2312-C-4600,31.0,0.0,0.0,0.0,24,31.0,33.4,6,31.0,32.2,0.0,0.0,0.0,0.0,496
2023-05-11 09:31:42,IO2312-C-4600,IO2312-C-4600,31.0,0.0,0.0,0.0,18,31.0,33.4,6,31.0,32.2,0.0,0.0,0.0,0.0,496
2023-05-11 09:31:43,IO2312-C-4600,IO2312-C-4600,31.0,0.0,0.0,0.0,24,31.0,33.4,6,31.0,32.2,0.0,0.0,0.0,0.0,496
2023-05-11 09:31:47,IO2312-C-4600,IO2312-C-4600,31.0,0.0,0.0,0.0,6,31.2,33.6,25,31.0,32.2,0.0,0.0,0.0,0.0,496
2023-05-11 09:31:47,IO2312-C-4600,IO2312-C-4600,31.0,0.0,0.0,0.0,6,31.2,33.4,6,31.0,32.2,0.0,0.0,0.0,0.0,496
2023-05-11 09:31:49,IO2312-C-4600,IO2312-C-4600,31.0,0.0,0.0,0.0,30,31.0,33.4,6,31.0,32.2,0.0,0.0,0.0,0.0,496
2023-05-11 09:31:53,IO2312-C-4600,IO2312-C-4600,31.0,0.0,0.0,0.0,24,31.0,33.4,6,31.0,32.2,0.0,0.0,0.0,0.0,496
2023-05-11 09:31:55,IO2312-C-4600,IO2312-C-4600,31.0,0.0,0.0,0.0,18,31.0,33.4,8,31.0,32.2,0.0,0.0,0.0,0.0,496
2023-05-11 09:31:55,IO2312-C-4600,IO2312-C-4600,31.0,0.0,0.0,0.0,6,31.2,33.2,6,31.0,32.2,0.0,0.0,0.0,0.0,496
2023-05-11 09:31:56,IO2312-C-4600,IO2312-C-4600,31.0,0.0,0.0,0.0,24,31.0,33.2,6,31.0,32.2,0.0,0.0,0.0,0.0,496
2023-05-11 09:31:56,IO2312-C-4600,IO2312-C-4600,31.0,0.0,0.0,0.0,6,31.2,33.2,6,31.0,32.2,0.0,0.0,0.0,0.0,496
2023-05-11 09:31:58,IO2312-C-4600,IO2312-C-4600,31.0,0.0,0.0,0.0,6,31.0,33.2,6,31.0,32.2,0.0,0.0,0.0,0.0,496
2023-05-11 09:32:01,IO2312-C-4600,IO2312-C-4600,31.0,0.0,0.0,0.0,12,31.0,33.2,6,31.0,32.2,0.0,0.0,0.0,0.0,496
2023-05-11 09:32:02,IO2312-C-4600,IO2312-C-4600,31.0,0.0,0.0,0.0,6,31.2,33.2,6,31.0,32.2,0.0,0.0,0.0,0.0,496
2023-05-11 09:32:04,IO2312-C-4600,IO2312-C-4600,31.0,0.0,0.0,0.0,6,31.2,33.2,9,31.0,32.2,0.0,0.0,0.0,0.0,496
2023-05-11 09:32:06,IO2312-C-4600,IO2312-C-4600,31.0,0.0,0.0,0.0,6,31.0,33.2,9,31.0,32.2,0.0,0.0,0.0,0.0,496
2023-05-11 09:32:16,IO2312-C-4600,IO2312-C-4600,31.0,0.0,0.0,0.0,6,31.0,33.2,10,31.0,32.2,0.0,0.0,0.0,0.0,496
2023-05-11 09:32:45,IO2312-C-4600,IO2312-C-4600,31.0,0.0,0.0,0.0,6,31.0,33.2,9,31.0,32.2,0.0,0.0,0.0,0.0,496
2023-05-11 09:33:03,IO2312-C-4600,IO2312-C-4600,31.0,0.0,0.0,0.0,6,31.0,33.2,10,31.0,32.2,0.0,0.0,0.0,0.0,496
2023-05-11 09:33:13,IO2312-C-4600,IO2312-C-4600,31.0,0.0,0.0,0.0,6,31.0,33.2,12,31.0,32.2,0.0,0.0,0.0,0.0,496
2023-05-11 09:33:16,IO2312-C-4600,IO2312-C-4600,31.0,0.0,0.0,0.0,6,31.0,33.2,10,31.0,32.2,0.0,0.0,0.0,0.0,496
2023-05-11 09:33:29,IO2312-C-4600,IO2312-C-4600,31.0,0.0,0.0,0.0,6,31.0,33.2,12,31.0,32.2,0.0,0.0,0.0,0.0,496
2023-05-11 09:33:31,IO2312-C-4600,IO2312-C-4600,31.0,0.0,0.0,0.0,6,31.0,33.2,18,31.0,32.2,0.0,0.0,0.0,0.0,496
2023-05-11 09:33:31,IO2312-C-4600,IO2312-C-4600,31.0,0.0,0.0,0.0,6,31.0,33.2,12,31.0,32.2,0.0,0.0,0.0,0.0,496
2023-05-11 09:33:32,IO2312-C-4600,IO2312-C-4600,31.0,0.0,0.0,0.0,6,31.0,33.2,18,31.0,32.2,0.0,0.0,0.0,0.0,496
2023-05-11 09:33:41,IO2312-C-4600,IO2312-C-4600,31.0,0.0,0.0,0.0,6,31.0,33.2,24,31.0,32.2,0.0,0.0,0.0,0.0,496
2023-05-11 09:33:44,IO2312-C-4600,IO2312-C-4600,31.0,0.0,0.0,0.0,6,31.0,33.2,18,31.0,32.2,0.0,0.0,0.0,0.0,496
2023-05-11 09:33:45,IO2312-C-4600,IO2312-C-4600,31.0,0.0,0.0,0.0,6,31.0,33.2,16,31.0,32.2,0.0,0.0,0.0,0.0,496
2023-05-11 09:33:47,IO2312-C-4600,IO2312-C-4600,31.0,0.0,0.0,0.0,6,31.2,33.2,16,31.0,32.2,0.0,0.0,0.0,0.0,496
2023-05-11 09:33:48,IO2312-C-4600,IO2312-C-4600,31.0,0.0,0.0,0.0,6,31.4,33.2,22,31.0,32.2,0.0,0.0,0.0,0.0,496
2023-05-11 09:33:49,IO2312-C-4600,IO2312-C-4600,31.0,0.0,0.0,0.0,6,31.4,33.0,6,31.0,32.2,0.0,0.0,0.0,0.0,496
2023-05-11 09:33:49,IO2312-C-4600,IO2312-C-4600,31.0,0.0,0.0,0.0,6,31.4,33.0,9,31.0,32.2,0.0,0.0,0.0,0.0,496
2023-05-11 09:33:50,IO2312-C-4600,IO2312-C-4600,31.0,0.0,0.0,0.0,6,31.0,33.0,3,31.0,32.2,0.0,0.0,0.0,0.0,496
2023-05-11 09:33:51,IO2312-C-4600,IO2312-C-4600,31.0,0.0,0.0,0.0,6,31.0,33.2,13,31.0,32.2,0.0,0.0,0.0,0.0,496
2023-05-11 09:33:52,IO2312-C-4600,IO2312-C-4600,31.0,0.0,0.0,0.0,6,31.0,33.2,16,31.0,32.2,0.0,0.0,0.0,0.0,496
2023-05-11 09:33:54,IO2312-C-4600,IO2312-C-4600,31.0,0.0,0.0,0.0,6,31.0,33.2,18,31.0,32.2,0.0,0.0,0.0,0.0,496
2023-05-11 09:33:54,IO2312-C-4600,IO2312-C-4600,31.0,0.0,0.0,0.0,6,31.0,33.2,16,31.0,32.2,0.0,0.0,0.0,0.0,496
2023-05-11 09:33:59,IO2312-C-4600,IO2312-C-4600,31.0,0.0,0.0,0.0,6,31.0,33.2,22,31.0,32.2,0.0,0.0,0.0,0.0,496
2023-05-11 09:34:05,IO2312-C-4600,IO2312-C-4600,31.0,0.0,0.0,0.0,6,31.0,33.2,16,31.0,32.2,0.0,0.0,0.0,0.0,496
2023-05-11 09:34:08,IO2312-C-4600,IO2312-C-4600,31.0,0.0,0.0,0.0,6,31.0,33.2,18,31.0,32.2,0.0,0.0,0.0,0.0,496
2023-05-11 09:34:09,IO2312-C-4600,IO2312-C-4600,31.0,0.0,0.0,0.0,6,31.0,33.2,24,31.0,32.2,0.0,0.0,0.0,0.0,496
2023-05-11 09:34:12,IO2312-C-4600,IO2312-C-4600,31.0,0.0,0.0,0.0,6,31.0,33.2,18,31.0,32.2,0.0,0.0,0.0,0.0,496
2023-05-11 09:34:13,IO2312-C-4600,IO2312-C-4600,31.0,0.0,0.0,0.0,6,31.0,33.2,24,31.0,32.2,0.0,0.0,0.0,0.0,496
2023-05-11 09:34:14,IO2312-C-4600,IO2312-C-4600,31.0,0.0,0.0,0.0,6,31.0,33.2,18,31.0,32.2,0.0,0.0,0.0,0.0,496
2023-05-11 09:34:20,IO2312-C-4600,IO2312-C-4600,31.0,0.0,0.0,0.0,6,31.0,33.2,16,31.0,32.2,0.0,0.0,0.0,0.0,496
2023-05-11 09:34:21,IO2312-C-4600,IO2312-C-4600,31.0,0.0,0.0,0.0,6,31.0,33.2,15,31.0,32.2,0.0,0.0,0.0,0.0,496
2023-05-11 09:34:27,IO2312-C-4600,IO2312-C-4600,31.0,0.0,0.0,0.0,6,31.0,33.2,17,31.0,32.2,0.0,0.0,0.0,0.0,496
2023-05-11 09:34:28,IO2312-C-4600,IO2312-C-4600,31.0,0.0,0.0,0.0,6,31.0,33.2,15,31.0,32.2,0.0,0.0,0.0,0.0,496
2023-05-11 09:34:28,IO2312-C-4600,IO2312-C-4600,31.0,0.0,0.0,0.0,6,31.0,33.2,17,31.0,32.2,0.0,0.0,0.0,0.0,496
2023-05-11 09:34:29,IO2312-C-4600,IO2312-C-4600,31.0,0.0,0.0,0.0,6,31.0,33.2,23,31.0,32.2,0.0,0.0,0.0,0.0,496
2023-05-11 09:34:31,IO2312-C-4600,IO2312-C-4600,31.0,0.0,0.0,0.0,6,31.0,33.2,24,31.0,32.2,0.0,0.0,0.0,0.0,496
2023-05-11 09:34:33,IO2312-C-4600,IO2312-C-4600,31.0,0.0,0.0,0.0,6,31.0,33.0,6,31.0,32.2,0.0,0.0,0.0,0.0,496
2023-05-11 09:34:34,IO2312-C-4600,IO2312-C-4600,31.0,0.0,0.0,0.0,6,31.0,33.0,9,31.0,32.2,0.0,0.0,0.0,0.0,496
2023-05-11 09:34:38,IO2312-C-4600,IO2312-C-4600,31.0,0.0,0.0,0.0,6,31.0,32.8,6,31.0,32.2,0.0,0.0,0.0,0.0,496
2023-05-11 09:34:39,IO2312-C-4600,IO2312-C-4600,31.0,0.0,0.0,0.0,6,31.0,32.8,9,31.0,32.2,0.0,0.0,0.0,0.0,496
2023-05-11 09:34:40,IO2312-C-4600,IO2312-C-4600,31.0,0.0,0.0,0.0,6,31.0,32.8,3,31.0,32.2,0.0,0.0,0.0,0.0,496
2023-05-11 09:34:41,IO2312-C-4600,IO2312-C-4600,31.0,0.0,0.0,0.0,6,31.0,33.0,9,31.0,32.2,0.0,0.0,0.0,0.0,496
2023-05-11 09:34:42,IO2312-C-4600,IO2312-C-4600,31.0,0.0,0.0,0.0,6,31.0,33.0,3,31.0,32.2,0.0,0.0,0.0,0.0,496
2023-05-11 09:34:42,IO2312-C-4600,IO2312-C-4600,31.0,0.0,0.0,0.0,6,31.0,33.0,6,31.0,32.2,0.0,0.0,0.0,0.0,496
2023-05-11 09:34:43,IO2312-C-4600,IO2312-C-4600,31.0,0.0,0.0,0.0,6,31.0,33.0,9,31.0,32.2,0.0,0.0,0.0,0.0,496
2023-05-11 09:34:44,IO2312-C-4600,IO2312-C-4600,31.0,0.0,0.0,0.0,6,31.0,33.0,12,31.0,32.2,0.0,0.0,0.0,0.0,496
2023-05-11 09:34:46,IO2312-C-4600,IO2312-C-4600,31.0,0.0,0.0,0.0,6,31.0,33.0,10,31.0,32.2,0.0,0.0,0.0,0.0,496
2023-05-11 09:34:47,IO2312-C-4600,IO2312-C-4600,31.0,0.0,0.0,0.0,6,31.0,33.0,12,31.0,32.2,0.0,0.0,0.0,0.0,496
2023-05-11 09:34:48,IO2312-C-4600,IO2312-C-4600,31.0,0.0,0.0,0.0,6,31.0,33.0,10,31.0,32.2,0.0,0.0,0.0,0.0,496
2023-05-11 09:34:48,IO2312-C-4600,IO2312-C-4600,31.0,0.0,0.0,0.0,6,31.0,33.0,4,31.0,32.2,0.0,0.0,0.0,0.0,496
2023-05-11 09:34:49,IO2312-C-4600,IO2312-C-4600,31.0,0.0,0.0,0.0,6,31.0,33.0,1,31.0,32.2,0.0,0.0,0.0,0.0,496
2023-05-11 09:34:50,IO2312-C-4600,IO2312-C-4600,31.0,0.0,0.0,0.0,6,31.0,33.0,3,31.0,32.2,0.0,0.0,0.0,0.0,496
2023-05-11 09:34:51,IO2312-C-4600,IO2312-C-4600,31.0,0.0,0.0,0.0,6,31.0,33.0,1,31.0,32.2,0.0,0.0,0.0,0.0,496
2023-05-11 09:34:57,IO2312-C-4600,IO2312-C-4600,31.0,0.0,0.0,0.0,6,31.0,33.0,7,31.0,32.2,0.0,0.0,0.0,0.0,496
2023-05-11 09:34:58,IO2312-C-4600,IO2312-C-4600,31.0,0.0,0.0,0.0,6,31.0,33.0,10,31.0,32.2,0.0,0.0,0.0,0.0,496
2023-05-11 09:35:02,IO2312-C-4600,IO2312-C-4600,31.0,0.0,0.0,0.0,6,31.0,33.0,12,31.0,32.2,0.0,0.0,0.0,0.0,496
2023-05-11 09:35:04,IO2312-C-4600,IO2312-C-4600,31.0,0.0,0.0,0.0,18,30.8,32.8,7,31.0,32.2,0.0,0.0,0.0,0.0,496
2023-05-11 09:35:04,IO2312-C-4600,IO2312-C-4600,31.0,0.0,0.0,0.0,6,31.0,32.6,6,31.0,32.2,0.0,0.0,0.0,0.0,496
2023-05-11 09:35:05,IO2312-C-4600,IO2312-C-4600,31.0,0.0,0.0,0.0,6,31.0,32.6,9,31.0,32.2,0.0,0.0,0.0,0.0,496
2023-05-11 09:35:05,IO2312-C-4600,IO2312-C-4600,31.0,0.0,0.0,0.0,6,30.8,32.6,9,31.0,32.2,0.0,0.0,0.0,0.0,496
2023-05-11 09:35:06,IO2312-C-4600,IO2312-C-4600,31.0,0.0,0.0,0.0,6,30.6,32.6,9,31.0,32.2,0.0,0.0,0.0,0.0,496
2023-05-11 09:35:17,IO2312-C-4600,IO2312-C-4600,31.0,0.0,0.0,0.0,6,30.6,32.6,3,31.0,32.2,0.0,0.0,0.0,0.0,496
2023-05-11 09:35:18,IO2312-C-4600,IO2312-C-4600,31.0,0.0,0.0,0.0,6,30.6,32.8,7,31.0,32.2,0.0,0.0,0.0,0.0,496
2023-05-11 09:35:19,IO2312-C-4600,IO2312-C-4600,31.0,0.0,0.0,0.0,6,30.6,32.6,1,31.0,32.2,0.0,0.0,0.0,0.0,496
2023-05-11 09:35:28,IO2312-C-4600,IO2312-C-4600,31.0,0.0,0.0,0.0,6,30.6,32.8,4,31.0,32.2,0.0,0.0,0.0,0.0,496
2023-05-11 09:35:29,IO2312-C-4600,IO2312-C-4600,31.0,0.0,0.0,0.0,6,30.6,32.8,1,31.0,32.2,0.0,0.0,0.0,0.0,496
2023-05-11 09:35:37,IO2312-C-4600,IO2312-C-4600,31.0,0.0,0.0,0.0,6,30.6,33.0,10,31.0,32.2,0.0,0.0,0.0,0.0,496
2023-05-11 09:35:37,IO2312-C-4600,IO2312-C-4600,31.0,0.0,0.0,0.0,6,30.6,33.0,9,31.0,32.2,0.0,0.0,0.0,0.0,496
2023-05-11 09:35:39,IO2312-C-4600,IO2312-C-4600,31.0,0.0,0.0,0.0,6,30.6,33.0,6,31.0,32.2,0.0,0.0,0.0,0.0,496
2023-05-11 09:35:46,IO2312-C-4600,IO2312-C-4600,31.0,0.0,0.0,0.0,9,30.6,33.0,6,31.0,32.2,0.0,0.0,0.0,0.0,496
2023-05-11 09:35:47,IO2312-C-4600,IO2312-C-4600,31.0,0.0,0.0,0.0,6,30.8,32.8,1,31.0,32.2,0.0,0.0,0.0,0.0,496
2023-05-11 09:35:48,IO2312-C-4600,IO2312-C-4600,31.0,0.0,0.0,0.0,6,30.6,32.8,1,31.0,32.2,0.0,0.0,0.0,0.0,496
2023-05-11 09:35:48,IO2312-C-4600,IO2312-C-4600,31.0,0.0,0.0,0.0,9,30.6,32.8,1,31.0,32.2,0.0,0.0,0.0,0.0,496
2023-05-11 09:35:49,IO2312-C-4600,IO2312-C-4600,31.0,0.0,0.0,0.0,6,30.8,32.8,1,31.0,32.2,0.0,0.0,0.0,0.0,496
2023-05-11 09:35:49,IO2312-C-4600,IO2312-C-4600,31.0,0.0,0.0,0.0,6,30.6,32.8,1,31.0,32.2,0.0,0.0,0.0,0.0,496
2023-05-11 09:35:50,IO2312-C-4600,IO2312-C-4600,31.0,0.0,0.0,0.0,9,30.6,32.8,1,31.0,32.2,0.0,0.0,0.0,0.0,496
2023-05-11 09:35:51,IO2312-C-4600,IO2312-C-4600,31.0,0.0,0.0,0.0,6,30.8,32.8,1,31.0,32.2,0.0,0.0,0.0,0.0,496
2023-05-11 09:35:51,IO2312-C-4600,IO2312-C-4600,31.0,0.0,0.0,0.0,6,30.6,32.8,1,31.0,32.2,0.0,0.0,0.0,0.0,496
2023-05-11 09:35:55,IO2312-C-4600,IO2312-C-4600,31.0,0.0,0.0,0.0,9,30.6,32.8,1,31.0,32.2,0.0,0.0,0.0,0.0,496
2023-05-11 09:35:56,IO2312-C-4600,IO2312-C-4600,31.0,0.0,0.0,0.0,6,30.8,32.8,1,31.0,32.2,0.0,0.0,0.0,0.0,496
2023-05-11 09:35:56,IO2312-C-4600,IO2312-C-4600,31.0,0.0,0.0,0.0,6,30.6,32.8,1,31.0,32.2,0.0,0.0,0.0,0.0,496
2023-05-11 09:35:58,IO2312-C-4600,IO2312-C-4600,31.0,0.0,0.0,0.0,6,30.6,32.6,1,31.0,32.2,0.0,0.0,0.0,0.0,496
2023-05-11 09:36:02,IO2312-C-4600,IO2312-C-4600,31.0,0.0,0.0,0.0,6,30.6,32.8,10,31.0,32.2,0.0,0.0,0.0,0.0,496
2023-05-11 09:36:03,IO2312-C-4600,IO2312-C-4600,31.0,0.0,0.0,0.0,9,30.6,32.8,4,31.0,32.2,0.0,0.0,0.0,0.0,496
2023-05-11 09:36:03,IO2312-C-4600,IO2312-C-4600,31.0,0.0,0.0,0.0,6,30.8,32.8,4,31.0,32.2,0.0,0.0,0.0,0.0,496
2023-05-11 09:36:04,IO2312-C-4600,IO2312-C-4600,31.0,0.0,0.0,0.0,6,30.8,32.8,1,31.0,32.2,0.0,0.0,0.0,0.0,496
2023-05-11 09:36:04,IO2312-C-4600,IO2312-C-4600,31.0,0.0,0.0,0.0,6,30.6,32.8,1,31.0,32.2,0.0,0.0,0.0,0.0,496
2023-05-11 09:36:05,IO2312-C-4600,IO2312-C-4600,31.0,0.0,0.0,0.0,9,30.6,32.8,1,31.0,32.2,0.0,0.0,0.0,0.0,496
2023-05-11 09:36:06,IO2312-C-4600,IO2312-C-4600,31.0,0.0,0.0,0.0,6,30.8,32.8,1,31.0,32.2,0.0,0.0,0.0,0.0,496
2023-05-11 09:36:07,IO2312-C-4600,IO2312-C-4600,31.0,0.0,0.0,0.0,6,30.6,32.8,1,31.0,32.2,0.0,0.0,0.0,0.0,496
2023-05-11 09:36:07,IO2312-C-4600,IO2312-C-4600,31.0,0.0,0.0,0.0,9,30.6,32.8,1,31.0,32.2,0.0,0.0,0.0,0.0,496
2023-05-11 09:36:08,IO2312-C-4600,IO2312-C-4600,31.0,0.0,0.0,0.0,6,30.8,32.8,1,31.0,32.2,0.0,0.0,0.0,0.0,496
2023-05-11 09:36:08,IO2312-C-4600,IO2312-C-4600,31.0,0.0,0.0,0.0,6,30.6,32.8,1,31.0,32.2,0.0,0.0,0.0,0.0,496
2023-05-11 09:36:13,IO2312-C-4600,IO2312-C-4600,31.0,0.0,0.0,0.0,6,30.6,32.8,3,31.0,32.2,0.0,0.0,0.0,0.0,496
2023-05-11 09:36:35,IO2312-C-4600,IO2312-C-4600,31.0,0.0,0.0,0.0,6,30.6,32.8,1,31.0,32.2,0.0,0.0,0.0,0.0,496
2023-05-11 09:36:36,IO2312-C-4600,IO2312-C-4600,31.0,0.0,0.0,0.0,6,30.6,32.8,3,31.0,32.2,0.0,0.0,0.0,0.0,496
2023-05-11 09:36:37,IO2312-C-4600,IO2312-C-4600,31.0,0.0,0.0,0.0,6,30.6,32.8,1,31.0,32.2,0.0,0.0,0.0,0.0,496
2023-05-11 09:36:37,IO2312-C-4600,IO2312-C-4600,31.0,0.0,0.0,0.0,9,30.6,32.8,1,31.0,32.2,0.0,0.0,0.0,0.0,496
2023-05-11 09:36:38,IO2312-C-4600,IO2312-C-4600,31.0,0.0,0.0,0.0,6,30.8,32.8,3,31.0,32.2,0.0,0.0,0.0,0.0,496
2023-05-11 09:36:38,IO2312-C-4600,IO2312-C-4600,31.0,0.0,0.0,0.0,6,30.6,32.8,3,31.0,32.2,0.0,0.0,0.0,0.0,496
2023-05-11 09:36:39,IO2312-C-4600,IO2312-C-4600,31.0,0.0,0.0,0.0,9,30.6,32.8,1,31.0,32.2,0.0,0.0,0.0,0.0,496
2023-05-11 09:36:39,IO2312-C-4600,IO2312-C-4600,31.0,0.0,0.0,0.0,6,30.8,32.8,1,31.0,32.2,0.0,0.0,0.0,0.0,496
2023-05-11 09:36:40,IO2312-C-4600,IO2312-C-4600,31.0,0.0,0.0,0.0,6,30.8,32.8,3,31.0,32.2,0.0,0.0,0.0,0.0,496
2023-05-11 09:36:40,IO2312-C-4600,IO2312-C-4600,31.0,0.0,0.0,0.0,6,30.6,32.8,3,31.0,32.2,0.0,0.0,0.0,0.0,496
2023-05-11 09:36:43,IO2312-C-4600,IO2312-C-4600,31.0,0.0,0.0,0.0,6,30.6,32.8,1,31.0,32.2,0.0,0.0,0.0,0.0,496
2023-05-11 09:36:43,IO2312-C-4600,IO2312-C-4600,31.0,0.0,0.0,0.0,6,30.6,32.8,3,31.0,32.2,0.0,0.0,0.0,0.0,496
2023-05-11 09:36:44,IO2312-C-4600,IO2312-C-4600,31.0,0.0,0.0,0.0,6,30.6,32.8,1,31.0,32.2,0.0,0.0,0.0,0.0,496
2023-05-11 09:36:47,IO2312-C-4600,IO2312-C-4600,31.0,0.0,0.0,0.0,6,30.6,32.8,3,31.0,32.2,0.0,0.0,0.0,0.0,496
2023-05-11 09:37:02,IO2312-C-4600,IO2312-C-4600,31.0,0.0,0.0,0.0,6,30.6,32.6,1,31.0,32.2,0.0,0.0,0.0,0.0,496
2023-05-11 09:37:02,IO2312-C-4600,IO2312-C-4600,31.0,0.0,0.0,0.0,6,30.6,32.6,3,31.0,32.2,0.0,0.0,0.0,0.0,496
2023-05-11 09:37:03,IO2312-C-4600,IO2312-C-4600,31.0,0.0,0.0,0.0,6,30.6,32.6,9,31.0,32.2,0.0,0.0,0.0,0.0,496
2023-05-11 09:37:03,IO2312-C-4600,IO2312-C-4600,31.0,0.0,0.0,0.0,6,30.4,32.6,12,31.0,32.2,0.0,0.0,0.0,0.0,496
2023-05-11 09:37:04,IO2312-C-4600,IO2312-C-4600,31.0,0.0,0.0,0.0,9,30.4,32.6,12,31.0,32.2,0.0,0.0,0.0,0.0,496
2023-05-11 09:37:04,IO2312-C-4600,IO2312-C-4600,31.0,0.0,0.0,0.0,6,30.6,32.6,12,31.0,32.2,0.0,0.0,0.0,0.0,496
2023-05-11 09:37:05,IO2312-C-4600,IO2312-C-4600,31.0,0.0,0.0,0.0,6,30.4,32.6,12,31.0,32.2,0.0,0.0,0.0,0.0,496
2023-05-11 09:37:06,IO2312-C-4600,IO2312-C-4600,31.0,0.0,0.0,0.0,9,30.4,32.6,12,31.0,32.2,0.0,0.0,0.0,0.0,496
2023-05-11 09:37:06,IO2312-C-4600,IO2312-C-4600,31.0,0.0,0.0,0.0,6,30.6,32.6,12,31.0,32.2,0.0,0.0,0.0,0.0,496
2023-05-11 09:37:07,IO2312-C-4600,IO2312-C-4600,31.0,0.0,0.0,0.0,6,30.4,32.6,12,31.0,32.2,0.0,0.0,0.0,0.0,496
2023-05-11 09:37:08,IO2312-C-4600,IO2312-C-4600,31.0,0.0,0.0,0.0,9,30.4,32.6,12,31.0,32.2,0.0,0.0,0.0,0.0,496
2023-05-11 09:37:08,IO2312-C-4600,IO2312-C-4600,31.0,0.0,0.0,0.0,6,30.6,32.6,12,31.0,32.2,0.0,0.0,0.0,0.0,496
2023-05-11 09:37:09,IO2312-C-4600,IO2312-C-4600,31.0,0.0,0.0,0.0,6,30.4,32.6,12,31.0,32.2,0.0,0.0,0.0,0.0,496
2023-05-11 09:37:10,IO2312-C-4600,IO2312-C-4600,31.0,0.0,0.0,0.0,9,30.4,32.6,12,31.0,32.2,0.0,0.0,0.0,0.0,496
2023-05-11 09:37:10,IO2312-C-4600,IO2312-C-4600,31.0,0.0,0.0,0.0,6,30.6,32.6,12,31.0,32.2,0.0,0.0,0.0,0.0,496
2023-05-11 09:37:11,IO2312-C-4600,IO2312-C-4600,31.0,0.0,0.0,0.0,6,30.4,32.6,12,31.0,32.2,0.0,0.0,0.0,0.0,496
2023-05-11 09:37:12,IO2312-C-4600,IO2312-C-4600,31.0,0.0,0.0,0.0,6,30.4,32.4,1,31.0,32.2,0.0,0.0,0.0,0.0,496
2023-05-11 09:37:12,IO2312-C-4600,IO2312-C-4600,31.0,0.0,0.0,0.0,9,30.4,32.4,1,31.0,32.2,0.0,0.0,0.0,0.0,496
2023-05-11 09:37:13,IO2312-C-4600,IO2312-C-4600,31.0,0.0,0.0,0.0,6,30.6,32.4,1,31.0,32.2,0.0,0.0,0.0,0.0,496
2023-05-11 09:37:13,IO2312-C-4600,IO2312-C-4600,31.0,0.0,0.0,0.0,6,30.6,32.6,12,31.0,32.2,0.0,0.0,0.0,0.0,496
2023-05-11 09:37:14,IO2312-C-4600,IO2312-C-4600,31.0,0.0,0.0,0.0,6,30.4,32.6,12,31.0,32.2,0.0,0.0,0.0,0.0,496
2023-05-11 09:37:14,IO2312-C-4600,IO2312-C-4600,31.0,0.0,0.0,0.0,9,30.4,32.6,12,31.0,32.2,0.0,0.0,0.0,0.0,496
2023-05-11 09:37:15,IO2312-C-4600,IO2312-C-4600,31.0,0.0,0.0,0.0,6,30.6,32.6,12,31.0,32.2,0.0,0.0,0.0,0.0,496
2023-05-11 09:37:15,IO2312-C-4600,IO2312-C-4600,31.0,0.0,0.0,0.0,6,30.6,32.6,18,31.0,32.2,0.0,0.0,0.0,0.0,496
2023-05-11 09:37:16,IO2312-C-4600,IO2312-C-4600,31.0,0.0,0.0,0.0,6,30.4,32.6,12,31.0,32.2,0.0,0.0,0.0,0.0,496
2023-05-11 09:37:17,IO2312-C-4600,IO2312-C-4600,31.0,0.0,0.0,0.0,6,30.4,32.6,18,31.0,32.2,0.0,0.0,0.0,0.0,496
2023-05-11 09:37:17,IO2312-C-4600,IO2312-C-4600,31.0,0.0,0.0,0.0,6,30.4,32.6,24,31.0,32.2,0.0,0.0,0.0,0.0,496
2023-05-11 09:37:21,IO2312-C-4600,IO2312-C-4600,31.0,0.0,0.0,0.0,9,30.4,32.6,18,31.0,32.2,0.0,0.0,0.0,0.0,496
2023-05-11 09:37:22,IO2312-C-4600,IO2312-C-4600,31.0,0.0,0.0,0.0,6,30.6,32.6,18,31.0,32.2,0.0,0.0,0.0,0.0,496
2023-05-11 09:37:22,IO2312-C-4600,IO2312-C-4600,31.0,0.0,0.0,0.0,6,30.6,32.6,16,31.0,32.2,0.0,0.0,0.0,0.0,496
2023-05-11 09:37:23,IO2312-C-4600,IO2312-C-4600,31.0,0.0,0.0,0.0,6,30.4,32.6,16,31.0,32.2,0.0,0.0,0.0,0.0,496
2023-05-11 09:37:23,IO2312-C-4600,IO2312-C-4600,31.0,0.0,0.0,0.0,9,30.4,32.6,16,31.0,32.2,0.0,0.0,0.0,0.0,496
2023-05-11 09:37:24,IO2312-C-4600,IO2312-C-4600,31.0,0.0,0.0,0.0,6,30.6,32.6,16,31.0,32.2,0.0,0.0,0.0,0.0,496
2023-05-11 09:37:25,IO2312-C-4600,IO2312-C-4600,31.0,0.0,0.0,0.0,6,30.4,32.6,16,31.0,32.2,0.0,0.0,0.0,0.0,496
2023-05-11 09:37:25,IO2312-C-4600,IO2312-C-4600,31.0,0.0,0.0,0.0,6,30.4,32.4,1,31.0,32.2,0.0,0.0,0.0,0.0,496
2023-05-11 09:37:35,IO2312-C-4600,IO2312-C-4600,31.0,0.0,0.0,0.0,6,30.4,32.6,16,31.0,32.2,0.0,0.0,0.0,0.0,496
2023-05-11 09:37:36,IO2312-C-4600,IO2312-C-4600,31.0,0.0,0.0,0.0,6,30.4,32.6,18,31.0,32.2,0.0,0.0,0.0,0.0,496
2023-05-11 09:37:36,IO2312-C-4600,IO2312-C-4600,31.0,0.0,0.0,0.0,6,30.4,32.6,16,31.0,32.2,0.0,0.0,0.0,0.0,496
2023-05-11 09:37:37,IO2312-C-4600,IO2312-C-4600,31.0,0.0,0.0,0.0,6,30.4,32.6,18,31.0,32.2,0.0,0.0,0.0,0.0,496
2023-05-11 09:37:38,IO2312-C-4600,IO2312-C-4600,31.0,0.0,0.0,0.0,6,30.4,32.6,16,31.0,32.2,0.0,0.0,0.0,0.0,496
2023-05-11 09:37:41,IO2312-C-4600,IO2312-C-4600,31.0,0.0,0.0,0.0,6,30.4,32.6,18,31.0,32.2,0.0,0.0,0.0,0.0,496
2023-05-11 09:37:45,IO2312-C-4600,IO2312-C-4600,31.0,0.0,0.0,0.0,6,30.4,32.4,1,31.0,32.2,0.0,0.0,0.0,0.0,496
2023-05-11 09:37:50,IO2312-C-4600,IO2312-C-4600,31.0,0.0,0.0,0.0,9,30.4,32.4,1,31.0,32.2,0.0,0.0,0.0,0.0,496
2023-05-11 09:37:50,IO2312-C-4600,IO2312-C-4600,31.0,0.0,0.0,0.0,6,30.6,32.6,16,31.0,32.2,0.0,0.0,0.0,0.0,496
2023-05-11 09:37:51,IO2312-C-4600,IO2312-C-4600,31.0,0.0,0.0,0.0,6,30.4,32.6,16,31.0,32.2,0.0,0.0,0.0,0.0,496
2023-05-11 09:38:02,IO2312-C-4600,IO2312-C-4600,31.0,0.0,0.0,0.0,9,30.4,32.6,16,31.0,32.2,0.0,0.0,0.0,0.0,496
2023-05-11 09:38:03,IO2312-C-4600,IO2312-C-4600,31.0,0.0,0.0,0.0,6,30.6,32.6,16,31.0,32.2,0.0,0.0,0.0,0.0,496
2023-05-11 09:38:03,IO2312-C-4600,IO2312-C-4600,31.0,0.0,0.0,0.0,9,30.6,32.6,16,31.0,32.2,0.0,0.0,0.0,0.0,496
2023-05-11 09:38:04,IO2312-C-4600,IO2312-C-4600,31.0,0.0,0.0,0.0,6,30.8,32.6,16,31.0,32.2,0.0,0.0,0.0,0.0,496
2023-05-11 09:38:04,IO2312-C-4600,IO2312-C-4600,31.0,0.0,0.0,0.0,9,30.8,32.6,16,31.0,32.2,0.0,0.0,0.0,0.0,496
2023-05-11 09:38:05,IO2312-C-4600,IO2312-C-4600,31.0,0.0,0.0,0.0,3,30.8,32.6,16,31.0,32.2,0.0,0.0,0.0,0.0,496
2023-05-11 09:38:05,IO2312-C-4600,IO2312-C-4600,31.0,0.0,0.0,0.0,6,31.0,32.6,10,31.0,32.2,0.0,0.0,0.0,0.0,496
2023-05-11 09:38:06,IO2312-C-4600,IO2312-C-4600,31.0,0.0,0.0,0.0,6,31.0,32.6,4,31.0,32.2,0.0,0.0,0.0,0.0,496
2023-05-11 09:38:06,IO2312-C-4600,IO2312-C-4600,31.0,0.0,0.0,0.0,6,30.4,32.6,1,31.0,32.2,0.0,0.0,0.0,0.0,496
2023-05-11 09:38:07,IO2312-C-4600,IO2312-C-4600,31.0,0.0,0.0,0.0,12,30.4,32.6,1,31.0,32.2,0.0,0.0,0.0,0.0,496
2023-05-11 09:38:07,IO2312-C-4600,IO2312-C-4600,31.0,0.0,0.0,0.0,6,30.6,32.6,1,31.0,32.2,0.0,0.0,0.0,0.0,496
2023-05-11 09:38:08,IO2312-C-4600,IO2312-C-4600,31.0,0.0,0.0,0.0,9,30.6,32.6,1,31.0,32.2,0.0,0.0,0.0,0.0,496
2023-05-11 09:38:08,IO2312-C-4600,IO2312-C-4600,31.0,0.0,0.0,0.0,6,30.8,32.6,1,31.0,32.2,0.0,0.0,0.0,0.0,496
2023-05-11 09:38:09,IO2312-C-4600,IO2312-C-4600,31.0,0.0,0.0,0.0,9,30.8,32.6,1,31.0,32.2,0.0,0.0,0.0,0.0,496
2023-05-11 09:38:09,IO2312-C-4600,IO2312-C-4600,31.0,0.0,0.0,0.0,6,31.0,32.6,1,31.0,32.2,0.0,0.0,0.0,0.0,496
2023-05-11 09:38:10,IO2312-C-4600,IO2312-C-4600,31.0,0.0,0.0,0.0,9,31.0,32.6,1,31.0,32.2,0.0,0.0,0.0,0.0,496
2023-05-11 09:38:10,IO2312-C-4600,IO2312-C-4600,31.0,0.0,0.0,0.0,6,31.2,32.6,1,31.0,32.2,0.0,0.0,0.0,0.0,496
2023-05-11 09:38:11,IO2312-C-4600,IO2312-C-4600,31.0,0.0,0.0,0.0,9,31.2,32.6,1,31.0,32.2,0.0,0.0,0.0,0.0,496
2023-05-11 09:38:11,IO2312-C-4600,IO2312-C-4600,31.0,0.0,0.0,0.0,9,31.2,32.8,22,31.0,32.2,0.0,0.0,0.0,0.0,496
2023-05-11 09:38:12,IO2312-C-4600,IO2312-C-4600,31.0,0.0,0.0,0.0,9,31.2,32.8,16,31.0,32.2,0.0,0.0,0.0,0.0,496
2023-05-11 09:38:18,IO2312-C-4600,IO2312-C-4600,31.0,0.0,0.0,0.0,6,31.2,32.8,16,31.0,32.2,0.0,0.0,0.0,0.0,496
2023-05-11 09:38:19,IO2312-C-4600,IO2312-C-4600,31.0,0.0,0.0,0.0,6,30.8,32.8,10,31.0,32.2,0.0,0.0,0.0,0.0,496
2023-05-11 09:38:19,IO2312-C-4600,IO2312-C-4600,31.0,0.0,0.0,0.0,9,30.8,32.8,4,31.0,32.2,0.0,0.0,0.0,0.0,496
2023-05-11 09:38:20,IO2312-C-4600,IO2312-C-4600,31.0,0.0,0.0,0.0,6,31.0,32.8,10,31.0,32.2,0.0,0.0,0.0,0.0,496
2023-05-11 09:38:20,IO2312-C-4600,IO2312-C-4600,31.0,0.0,0.0,0.0,9,31.0,32.8,10,31.0,32.2,0.0,0.0,0.0,0.0,496
2023-05-11 09:38:21,IO2312-C-4600,IO2312-C-4600,31.0,0.0,0.0,0.0,6,31.2,32.8,10,31.0,32.2,0.0,0.0,0.0,0.0,496
2023-05-11 09:38:21,IO2312-C-4600,IO2312-C-4600,31.0,0.0,0.0,0.0,9,31.2,32.8,10,31.0,32.2,0.0,0.0,0.0,0.0,496
2023-05-11 09:38:22,IO2312-C-4600,IO2312-C-4600,31.0,0.0,0.0,0.0,3,31.2,32.6,6,31.0,32.2,0.0,0.0,0.0,0.0,496
2023-05-11 09:38:22,IO2312-C-4600,IO2312-C-4600,31.0,0.0,0.0,0.0,6,31.0,32.6,9,31.0,32.2,0.0,0.0,0.0,0.0,496
2023-05-11 09:38:23,IO2312-C-4600,IO2312-C-4600,31.0,0.0,0.0,0.0,6,30.8,32.6,3,31.0,32.2,0.0,0.0,0.0,0.0,496
2023-05-11 09:38:23,IO2312-C-4600,IO2312-C-4600,31.0,0.0,0.0,0.0,3,31.0,32.6,3,31.0,32.2,0.0,0.0,0.0,0.0,496
2023-05-11 09:38:24,IO2312-C-4600,IO2312-C-4600,31.0,0.0,0.0,0.0,6,31.2,32.8,7,31.0,32.2,0.0,0.0,0.0,0.0,496
2023-05-11 09:38:24,IO2312-C-4600,IO2312-C-4600,31.0,0.0,0.0,0.0,6,30.8,32.8,1,31.0,32.2,0.0,0.0,0.0,0.0,496
2023-05-11 09:38:25,IO2312-C-4600,IO2312-C-4600,31.0,0.0,0.0,0.0,3,31.2,32.8,4,31.0,32.2,0.0,0.0,0.0,0.0,496
2023-05-11 09:38:25,IO2312-C-4600,IO2312-C-4600,31.0,0.0,0.0,0.0,6,31.2,32.8,7,31.0,32.2,0.0,0.0,0.0,0.0,496
2023-05-11 09:38:26,IO2312-C-4600,IO2312-C-4600,31.0,0.0,0.0,0.0,6,30.8,32.8,1,31.0,32.2,0.0,0.0,0.0,0.0,496
2023-05-11 09:38:26,IO2312-C-4600,IO2312-C-4600,31.0,0.0,0.0,0.0,3,31.2,32.8,4,31.0,32.2,0.0,0.0,0.0,0.0,496
2023-05-11 09:38:27,IO2312-C-4600,IO2312-C-4600,31.0,0.0,0.0,0.0,6,31.2,32.8,7,31.0,32.2,0.0,0.0,0.0,0.0,496
2023-05-11 09:38:27,IO2312-C-4600,IO2312-C-4600,31.0,0.0,0.0,0.0,6,30.8,32.8,1,31.0,32.2,0.0,0.0,0.0,0.0,496
2023-05-11 09:38:28,IO2312-C-4600,IO2312-C-4600,31.0,0.0,0.0,0.0,9,30.8,32.8,1,31.0,32.2,0.0,0.0,0.0,0.0,496
2023-05-11 09:38:28,IO2312-C-4600,IO2312-C-4600,31.0,0.0,0.0,0.0,6,31.0,32.8,7,31.0,32.2,0.0,0.0,0.0,0.0,496
2023-05-11 09:38:29,IO2312-C-4600,IO2312-C-4600,31.0,0.0,0.0,0.0,9,31.0,32.8,10,31.0,32.2,0.0,0.0,0.0,0.0,496
2023-05-11 09:38:29,IO2312-C-4600,IO2312-C-4600,31.0,0.0,0.0,0.0,6,31.2,32.8,10,31.0,32.2,0.0,0.0,0.0,0.0,496
2023-05-11 09:38:30,IO2312-C-4600,IO2312-C-4600,31.0,0.0,0.0,0.0,9,31.2,32.8,10,31.0,32.2,0.0,0.0,0.0,0.0,496
2023-05-11 09:38:31,IO2312-C-4600,IO2312-C-4600,31.0,0.0,0.0,0.0,6,31.2,32.8,10,31.0,32.2,0.0,0.0,0.0,0.0,496
2023-05-11 09:38:31,IO2312-C-4600,IO2312-C-4600,31.0,0.0,0.0,0.0,6,30.8,32.8,4,31.0,32.2,0.0,0.0,0.0,0.0,496
2023-05-11 09:38:32,IO2312-C-4600,IO2312-C-4600,31.0,0.0,0.0,0.0,3,31.2,32.8,4,31.0,32.2,0.0,0.0,0.0,0.0,496
2023-05-11 09:38:32,IO2312-C-4600,IO2312-C-4600,31.0,0.0,0.0,0.0,6,31.2,32.8,7,31.0,32.2,0.0,0.0,0.0,0.0,496
2023-05-11 09:38:33,IO2312-C-4600,IO2312-C-4600,31.0,0.0,0.0,0.0,6,30.8,32.8,1,31.0,32.2,0.0,0.0,0.0,0.0,496
2023-05-11 09:38:33,IO2312-C-4600,IO2312-C-4600,31.0,0.0,0.0,0.0,3,31.2,32.8,4,31.0,32.2,0.0,0.0,0.0,0.0,496
2023-05-11 09:38:34,IO2312-C-4600,IO2312-C-4600,31.0,0.0,0.0,0.0,6,31.2,32.8,7,31.0,32.2,0.0,0.0,0.0,0.0,496
2023-05-11 09:38:34,IO2312-C-4600,IO2312-C-4600,31.0,0.0,0.0,0.0,6,30.8,32.8,1,31.0,32.2,0.0,0.0,0.0,0.0,496
2023-05-11 09:38:35,IO2312-C-4600,IO2312-C-4600,31.0,0.0,0.0,0.0,9,30.8,32.8,1,31.0,32.2,0.0,0.0,0.0,0.0,496
2023-05-11 09:38:35,IO2312-C-4600,IO2312-C-4600,31.0,0.0,0.0,0.0,6,31.0,32.8,1,31.0,32.2,0.0,0.0,0.0,0.0,496
2023-05-11 09:38:36,IO2312-C-4600,IO2312-C-4600,31.0,0.0,0.0,0.0,9,31.0,32.8,1,31.0,32.2,0.0,0.0,0.0,0.0,496
2023-05-11 09:38:36,IO2312-C-4600,IO2312-C-4600,31.0,0.0,0.0,0.0,6,31.2,32.8,6,31.0,32.2,0.0,0.0,0.0,0.0,496
2023-05-11 09:38:37,IO2312-C-4600,IO2312-C-4600,31.0,0.0,0.0,0.0,9,31.2,32.8,9,31.0,32.2,0.0,0.0,0.0,0.0,496
2023-05-11 09:38:45,IO2312-C-4600,IO2312-C-4600,31.0,0.0,0.0,0.0,6,31.4,32.8,3,31.0,32.2,0.0,0.0,0.0,0.0,496
2023-05-11 09:38:46,IO2312-C-4600,IO2312-C-4600,31.0,0.0,0.0,0.0,6,31.4,33.0,25,31.0,32.2,0.0,0.0,0.0,0.0,496
2023-05-11 09:38:46,IO2312-C-4600,IO2312-C-4600,31.0,0.0,0.0,0.0,6,31.4,33.0,19,31.0,32.2,0.0,0.0,0.0,0.0,496
2023-05-11 09:38:47,IO2312-C-4600,IO2312-C-4600,31.0,0.0,0.0,0.0,3,31.2,33.0,16,31.0,32.2,0.0,0.0,0.0,0.0,496
2023-05-11 09:38:47,IO2312-C-4600,IO2312-C-4600,31.0,0.0,0.0,0.0,9,31.2,32.8,6,31.0,32.2,0.0,0.0,0.0,0.0,496
2023-05-11 09:38:48,IO2312-C-4600,IO2312-C-4600,31.0,0.0,0.0,0.0,9,31.2,32.8,9,31.0,32.2,0.0,0.0,0.0,0.0,496
2023-05-11 09:38:51,IO2312-C-4600,IO2312-C-4600,31.0,0.0,0.0,0.0,6,31.4,32.8,3,31.0,32.2,0.0,0.0,0.0,0.0,496
2023-05-11 09:38:52,IO2312-C-4600,IO2312-C-4600,31.0,0.0,0.0,0.0,6,31.4,33.0,19,31.0,32.2,0.0,0.0,0.0,0.0,496
2023-05-11 09:38:53,IO2312-C-4600,IO2312-C-4600,31.0,0.0,0.0,0.0,6,31.4,33.0,22,31.0,32.2,0.0,0.0,0.0,0.0,496
2023-05-11 09:38:57,IO2312-C-4600,IO2312-C-4600,31.0,0.0,0.0,0.0,9,31.4,33.0,22,31.0,32.2,0.0,0.0,0.0,0.0,496
2023-05-11 09:38:59,IO2312-C-4600,IO2312-C-4600,31.0,0.0,0.0,0.0,9,31.4,33.0,16,31.0,32.2,0.0,0.0,0.0,0.0,496
2023-05-11 09:39:12,IO2312-C-4600,IO2312-C-4600,31.0,0.0,0.0,0.0,6,31.4,33.0,16,31.0,32.2,0.0,0.0,0.0,0.0,496
2023-05-11 09:39:12,IO2312-C-4600,IO2312-C-4600,31.0,0.0,0.0,0.0,6,30.8,33.0,10,31.0,32.2,0.0,0.0,0.0,0.0,496
2023-05-11 09:39:13,IO2312-C-4600,IO2312-C-4600,31.0,0.0,0.0,0.0,9,30.8,33.0,4,31.0,32.2,0.0,0.0,0.0,0.0,496
2023-05-11 09:39:13,IO2312-C-4600,IO2312-C-4600,31.0,0.0,0.0,0.0,12,30.8,33.0,1,31.0,32.2,0.0,0.0,0.0,0.0,496
2023-05-11 09:39:14,IO2312-C-4600,IO2312-C-4600,31.0,0.0,0.0,0.0,6,31.0,33.0,1,31.0,32.2,0.0,0.0,0.0,0.0,496
2023-05-11 09:39:14,IO2312-C-4600,IO2312-C-4600,31.0,0.0,0.0,0.0,9,31.0,33.0,1,31.0,32.2,0.0,0.0,0.0,0.0,496
2023-05-11 09:39:15,IO2312-C-4600,IO2312-C-4600,31.0,0.0,0.0,0.0,6,31.2,33.0,7,31.0,32.2,0.0,0.0,0.0,0.0,496
2023-05-11 09:39:15,IO2312-C-4600,IO2312-C-4600,31.0,0.0,0.0,0.0,9,31.2,33.0,10,31.0,32.2,0.0,0.0,0.0,0.0,496
2023-05-11 09:39:16,IO2312-C-4600,IO2312-C-4600,31.0,0.0,0.0,0.0,6,31.4,33.0,10,31.0,32.2,0.0,0.0,0.0,0.0,496
2023-05-11 09:39:17,IO2312-C-4600,IO2312-C-4600,31.0,0.0,0.0,0.0,6,31.4,33.0,12,31.0,32.2,0.0,0.0,0.0,0.0,496
2023-05-11 09:39:23,IO2312-C-4600,IO2312-C-4600,31.0,0.0,0.0,0.0,3,31.2,33.0,6,31.0,32.2,0.0,0.0,0.0,0.0,496
2023-05-11 09:39:23,IO2312-C-4600,IO2312-C-4600,31.0,0.0,0.0,0.0,9,31.2,32.8,6,31.0,32.2,0.0,0.0,0.0,0.0,496
2023-05-11 09:39:24,IO2312-C-4600,IO2312-C-4600,31.0,0.0,0.0,0.0,6,31.2,32.8,9,31.0,32.2,0.0,0.0,0.0,0.0,496
2023-05-11 09:39:24,IO2312-C-4600,IO2312-C-4600,31.0,0.0,0.0,0.0,6,30.8,32.8,3,31.0,32.2,0.0,0.0,0.0,0.0,496
2023-05-11 09:39:25,IO2312-C-4600,IO2312-C-4600,31.0,0.0,0.0,0.0,3,31.2,32.8,3,31.0,32.2,0.0,0.0,0.0,0.0,496
2023-05-11 09:39:25,IO2312-C-4600,IO2312-C-4600,31.0,0.0,0.0,0.0,6,31.2,32.8,6,31.0,32.2,0.0,0.0,0.0,0.0,496
2023-05-11 09:39:26,IO2312-C-4600,IO2312-C-4600,31.0,0.0,0.0,0.0,6,30.8,33.0,1,31.0,32.2,0.0,0.0,0.0,0.0,496
2023-05-11 09:39:26,IO2312-C-4600,IO2312-C-4600,31.0,0.0,0.0,0.0,3,31.2,32.8,3,31.0,32.2,0.0,0.0,0.0,0.0,496
2023-05-11 09:39:27,IO2312-C-4600,IO2312-C-4600,31.0,0.0,0.0,0.0,6,31.4,33.0,7,31.0,32.2,0.0,0.0,0.0,0.0,496
2023-05-11 09:39:27,IO2312-C-4600,IO2312-C-4600,31.0,0.0,0.0,0.0,6,30.8,33.0,1,31.0,32.2,0.0,0.0,0.0,0.0,496
2023-05-11 09:39:28,IO2312-C-4600,IO2312-C-4600,31.0,0.0,0.0,0.0,12,30.8,33.0,1,31.0,32.2,0.0,0.0,0.0,0.0,496
2023-05-11 09:39:28,IO2312-C-4600,IO2312-C-4600,31.0,0.0,0.0,0.0,6,31.0,33.0,1,31.0,32.2,0.0,0.0,0.0,0.0,496
2023-05-11 09:39:29,IO2312-C-4600,IO2312-C-4600,31.0,0.0,0.0,0.0,9,31.0,33.0,3,31.0,32.2,0.0,0.0,0.0,0.0,496
2023-05-11 09:39:29,IO2312-C-4600,IO2312-C-4600,31.0,0.0,0.0,0.0,6,31.2,33.0,9,31.0,32.2,0.0,0.0,0.0,0.0,496
2023-05-11 09:39:30,IO2312-C-4600,IO2312-C-4600,31.0,0.0,0.0,0.0,9,31.2,33.0,12,31.0,32.2,0.0,0.0,0.0,0.0,496
2023-05-11 09:39:30,IO2312-C-4600,IO2312-C-4600,31.0,0.0,0.0,0.0,9,31.2,32.8,6,31.0,32.2,0.0,0.0,0.0,0.0,496
2023-05-11 09:39:31,IO2312-C-4600,IO2312-C-4600,31.0,0.0,0.0,0.0,9,31.2,32.8,9,31.0,32.2,0.0,0.0,0.0,0.0,496
2023-05-11 09:39:45,IO2312-C-4600,IO2312-C-4600,31.0,0.0,0.0,0.0,6,31.4,32.8,3,31.0,32.2,0.0,0.0,0.0,0.0,496
2023-05-11 09:39:45,IO2312-C-4600,IO2312-C-4600,31.0,0.0,0.0,0.0,9,31.4,32.8,3,31.0,32.2,0.0,0.0,0.0,0.0,496
2023-05-11 09:39:46,IO2312-C-4600,IO2312-C-4600,31.0,0.0,0.0,0.0,9,31.4,33.0,7,31.0,32.2,0.0,0.0,0.0,0.0,496
2023-05-11 09:39:47,IO2312-C-4600,IO2312-C-4600,31.0,0.0,0.0,0.0,9,31.4,33.0,10,31.0,32.2,0.0,0.0,0.0,0.0,496
2023-05-11 09:40:10,IO2312-C-4600,IO2312-C-4600,31.0,0.0,0.0,0.0,3,31.4,32.8,6,31.0,32.2,0.0,0.0,0.0,0.0,496
2023-05-11 09:40:10,IO2312-C-4600,IO2312-C-4600,31.0,0.0,0.0,0.0,6,31.2,32.8,9,31.0,32.2,0.0,0.0,0.0,0.0,496
2023-05-11 09:40:11,IO2312-C-4600,IO2312-C-4600,31.0,0.0,0.0,0.0,6,30.8,32.8,3,31.0,32.2,0.0,0.0,0.0,0.0,496
2023-05-11 09:40:11,IO2312-C-4600,IO2312-C-4600,31.0,0.0,0.0,0.0,12,30.8,33.0,1,31.0,32.2,0.0,0.0,0.0,0.0,496
2023-05-11 09:40:12,IO2312-C-4600,IO2312-C-4600,31.0,0.0,0.0,0.0,6,31.0,33.0,7,31.0,32.2,0.0,0.0,0.0,0.0,496
2023-05-11 09:40:12,IO2312-C-4600,IO2312-C-4600,31.0,0.0,0.0,0.0,9,31.0,33.0,4,31.0,32.2,0.0,0.0,0.0,0.0,496
2023-05-11 09:40:13,IO2312-C-4600,IO2312-C-4600,31.0,0.0,0.0,0.0,6,31.2,33.0,12,31.0,32.2,0.0,0.0,0.0,0.0,496
2023-05-11 09:40:13,IO2312-C-4600,IO2312-C-4600,31.0,0.0,0.0,0.0,9,31.2,32.8,6,31.0,32.2,0.0,0.0,0.0,0.0,496
2023-05-11 09:40:14,IO2312-C-4600,IO2312-C-4600,31.0,0.0,0.0,0.0,9,31.2,32.8,9,31.0,32.2,0.0,0.0,0.0,0.0,496
2023-05-11 09:40:15,IO2312-C-4600,IO2312-C-4600,31.0,0.0,0.0,0.0,6,31.4,32.8,3,31.0,32.2,0.0,0.0,0.0,0.0,496
2023-05-11 09:40:16,IO2312-C-4600,IO2312-C-4600,31.0,0.0,0.0,0.0,9,31.4,33.0,6,31.0,32.2,0.0,0.0,0.0,0.0,496
2023-05-11 09:40:17,IO2312-C-4600,IO2312-C-4600,31.0,0.0,0.0,0.0,9,31.4,33.0,9,31.0,32.2,0.0,0.0,0.0,0.0,496
2023-05-11 09:40:26,IO2312-C-4600,IO2312-C-4600,31.0,0.0,0.0,0.0,3,31.4,32.8,6,31.0,32.2,0.0,0.0,0.0,0.0,496
2023-05-11 09:40:26,IO2312-C-4600,IO2312-C-4600,31.0,0.0,0.0,0.0,6,31.0,32.8,3,31.0,32.2,0.0,0.0,0.0,0.0,496
2023-05-11 09:40:27,IO2312-C-4600,IO2312-C-4600,31.0,0.0,0.0,0.0,6,31.0,33.2,31,31.0,32.2,0.0,0.0,0.0,0.0,496
2023-05-11 09:40:27,IO2312-C-4600,IO2312-C-4600,31.0,0.0,0.0,0.0,9,31.0,33.2,27,31.0,32.2,0.0,0.0,0.0,0.0,496
2023-05-11 09:40:28,IO2312-C-4600,IO2312-C-4600,31.0,0.0,0.0,0.0,6,31.2,33.0,6,31.0,32.2,0.0,0.0,0.0,0.0,496
2023-05-11 09:40:28,IO2312-C-4600,IO2312-C-4600,31.0,0.0,0.0,0.0,9,31.2,33.0,9,31.0,32.2,0.0,0.0,0.0,0.0,496
2023-05-11 09:40:29,IO2312-C-4600,IO2312-C-4600,31.0,0.0,0.0,0.0,6,31.4,33.0,9,31.0,32.2,0.0,0.0,0.0,0.0,496
2023-05-11 09:40:29,IO2312-C-4600,IO2312-C-4600,31.0,0.0,0.0,0.0,9,31.4,33.0,9,31.0,32.2,0.0,0.0,0.0,0.0,496
2023-05-11 09:40:37,IO2312-C-4600,IO2312-C-4600,31.0,0.0,0.0,0.0,3,31.4,32.8,6,31.0,32.2,0.0,0.0,0.0,0.0,496
2023-05-11 09:40:38,IO2312-C-4600,IO2312-C-4600,31.0,0.0,0.0,0.0,3,31.4,32.8,9,31.0,32.2,0.0,0.0,0.0,0.0,496
2023-05-11 09:40:38,IO2312-C-4600,IO2312-C-4600,31.0,0.0,0.0,0.0,6,31.2,32.8,9,31.0,32.2,0.0,0.0,0.0,0.0,496
2023-05-11 09:40:39,IO2312-C-4600,IO2312-C-4600,31.0,0.0,0.0,0.0,6,31.0,32.8,3,31.0,32.2,0.0,0.0,0.0,0.0,496
2023-05-11 09:40:39,IO2312-C-4600,IO2312-C-4600,31.0,0.0,0.0,0.0,9,31.0,33.0,6,31.0,32.2,0.0,0.0,0.0,0.0,496
2023-05-11 09:40:40,IO2312-C-4600,IO2312-C-4600,31.0,0.0,0.0,0.0,6,31.2,33.0,6,31.0,32.2,0.0,0.0,0.0,0.0,496
2023-05-11 09:40:40,IO2312-C-4600,IO2312-C-4600,31.0,0.0,0.0,0.0,9,31.2,33.0,9,31.0,32.2,0.0,0.0,0.0,0.0,496
2023-05-11 09:40:41,IO2312-C-4600,IO2312-C-4600,31.0,0.0,0.0,0.0,9,31.2,32.8,6,31.0,32.2,0.0,0.0,0.0,0.0,496
2023-05-11 09:40:41,IO2312-C-4600,IO2312-C-4600,31.0,0.0,0.0,0.0,9,31.2,32.8,9,31.0,32.2,0.0,0.0,0.0,0.0,496
2023-05-11 09:40:44,IO2312-C-4600,IO2312-C-4600,31.0,0.0,0.0,0.0,6,31.4,32.8,3,31.0,32.2,0.0,0.0,0.0,0.0,496
2023-05-11 09:40:44,IO2312-C-4600,IO2312-C-4600,31.0,0.0,0.0,0.0,9,31.4,32.8,3,31.0,32.2,0.0,0.0,0.0,0.0,496
2023-05-11 09:40:45,IO2312-C-4600,IO2312-C-4600,31.0,0.0,0.0,0.0,9,31.4,33.0,12,31.0,32.2,0.0,0.0,0.0,0.0,496
2023-05-11 09:40:45,IO2312-C-4600,IO2312-C-4600,31.0,0.0,0.0,0.0,9,31.4,33.0,6,31.0,32.2,0.0,0.0,0.0,0.0,496
2023-05-11 09:40:46,IO2312-C-4600,IO2312-C-4600,31.0,0.0,0.0,0.0,3,31.4,33.0,9,31.0,32.2,0.0,0.0,0.0,0.0,496
2023-05-11 09:40:46,IO2312-C-4600,IO2312-C-4600,31.0,0.0,0.0,0.0,6,31.4,33.0,9,31.0,32.2,0.0,0.0,0.0,0.0,496
2023-05-11 09:40:47,IO2312-C-4600,IO2312-C-4600,31.0,0.0,0.0,0.0,6,31.0,33.0,3,31.0,32.2,0.0,0.0,0.0,0.0,496
2023-05-11 09:40:47,IO2312-C-4600,IO2312-C-4600,31.0,0.0,0.0,0.0,9,31.0,33.2,25,31.0,32.2,0.0,0.0,0.0,0.0,496
2023-05-11 09:40:48,IO2312-C-4600,IO2312-C-4600,31.0,0.0,0.0,0.0,6,31.2,33.0,6,31.0,32.2,0.0,0.0,0.0,0.0,496
2023-05-11 09:40:48,IO2312-C-4600,IO2312-C-4600,31.0,0.0,0.0,0.0,9,31.2,33.0,9,31.0,32.2,0.0,0.0,0.0,0.0,496
2023-05-11 09:40:49,IO2312-C-4600,IO2312-C-4600,31.0,0.0,0.0,0.0,6,31.4,33.0,9,31.0,32.2,0.0,0.0,0.0,0.0,496
2023-05-11 09:40:50,IO2312-C-4600,IO2312-C-4600,31.0,0.0,0.0,0.0,9,31.4,33.0,9,31.0,32.2,0.0,0.0,0.0,0.0,496
2023-05-11 09:40:51,IO2312-C-4600,IO2312-C-4600,31.0,0.0,0.0,0.0,6,31.4,33.0,9,31.0,32.2,0.0,0.0,0.0,0.0,496
2023-05-11 09:40:51,IO2312-C-4600,IO2312-C-4600,31.0,0.0,0.0,0.0,6,30.8,33.0,3,31.0,32.2,0.0,0.0,0.0,0.0,496
2023-05-11 09:40:52,IO2312-C-4600,IO2312-C-4600,31.0,0.0,0.0,0.0,12,30.8,33.2,15,31.0,32.2,0.0,0.0,0.0,0.0,496
2023-05-11 09:40:52,IO2312-C-4600,IO2312-C-4600,31.0,0.0,0.0,0.0,6,31.0,33.2,21,31.0,32.2,0.0,0.0,0.0,0.0,496
2023-05-11 09:40:53,IO2312-C-4600,IO2312-C-4600,31.0,0.0,0.0,0.0,9,31.0,33.2,24,31.0,32.2,0.0,0.0,0.0,0.0,496
2023-05-11 09:40:53,IO2312-C-4600,IO2312-C-4600,31.0,0.0,0.0,0.0,6,31.2,33.0,6,31.0,32.2,0.0,0.0,0.0,0.0,496
2023-05-11 09:40:54,IO2312-C-4600,IO2312-C-4600,31.0,0.0,0.0,0.0,9,31.2,33.0,9,31.0,32.2,0.0,0.0,0.0,0.0,496
2023-05-11 09:40:54,IO2312-C-4600,IO2312-C-4600,31.0,0.0,0.0,0.0,6,31.4,33.0,9,31.0,32.2,0.0,0.0,0.0,0.0,496
2023-05-11 09:40:55,IO2312-C-4600,IO2312-C-4600,31.0,0.0,0.0,0.0,9,31.4,33.0,9,31.0,32.2,0.0,0.0,0.0,0.0,496
2023-05-11 09:40:56,IO2312-C-4600,IO2312-C-4600,31.0,0.0,0.0,0.0,6,31.4,33.0,9,31.0,32.2,0.0,0.0,0.0,0.0,496
2023-05-11 09:40:56,IO2312-C-4600,IO2312-C-4600,31.0,0.0,0.0,0.0,6,30.8,33.0,3,31.0,32.2,0.0,0.0,0.0,0.0,496
2023-05-11 09:40:57,IO2312-C-4600,IO2312-C-4600,31.0,0.0,0.0,0.0,12,30.8,33.2,15,31.0,32.2,0.0,0.0,0.0,0.0,496
2023-05-11 09:40:57,IO2312-C-4600,IO2312-C-4600,31.0,0.0,0.0,0.0,6,31.0,33.2,21,31.0,32.2,0.0,0.0,0.0,0.0,496
2023-05-11 09:40:58,IO2312-C-4600,IO2312-C-4600,31.0,0.0,0.0,0.0,9,31.0,33.2,24,31.0,32.2,0.0,0.0,0.0,0.0,496
2023-05-11 09:40:58,IO2312-C-4600,IO2312-C-4600,31.0,0.0,0.0,0.0,6,31.2,33.0,6,31.0,32.2,0.0,0.0,0.0,0.0,496
2023-05-11 09:40:59,IO2312-C-4600,IO2312-C-4600,31.0,0.0,0.0,0.0,9,31.2,33.0,9,31.0,32.2,0.0,0.0,0.0,0.0,496
2023-05-11 09:40:59,IO2312-C-4600,IO2312-C-4600,31.0,0.0,0.0,0.0,6,31.4,33.0,9,31.0,32.2,0.0,0.0,0.0,0.0,496
2023-05-11 09:41:00,IO2312-C-4600,IO2312-C-4600,31.0,0.0,0.0,0.0,9,31.4,33.0,9,31.0,32.2,0.0,0.0,0.0,0.0,496
2023-05-11 09:41:02,IO2312-C-4600,IO2312-C-4600,31.0,0.0,0.0,0.0,6,31.4,33.0,9,31.0,32.2,0.0,0.0,0.0,0.0,496
2023-05-11 09:41:02,IO2312-C-4600,IO2312-C-4600,31.0,0.0,0.0,0.0,6,30.8,33.0,3,31.0,32.2,0.0,0.0,0.0,0.0,496
2023-05-11 09:41:03,IO2312-C-4600,IO2312-C-4600,31.0,0.0,0.0,0.0,12,30.8,33.2,15,31.0,32.2,0.0,0.0,0.0,0.0,496
2023-05-11 09:41:03,IO2312-C-4600,IO2312-C-4600,31.0,0.0,0.0,0.0,6,31.0,33.2,21,31.0,32.2,0.0,0.0,0.0,0.0,496
2023-05-11 09:41:04,IO2312-C-4600,IO2312-C-4600,31.0,0.0,0.0,0.0,9,31.0,33.2,24,31.0,32.2,0.0,0.0,0.0,0.0,496
2023-05-11 09:41:04,IO2312-C-4600,IO2312-C-4600,31.0,0.0,0.0,0.0,6,31.2,33.2,18,31.0,32.2,0.0,0.0,0.0,0.0,496
2023-05-11 09:41:05,IO2312-C-4600,IO2312-C-4600,31.0,0.0,0.0,0.0,9,31.2,33.2,18,31.0,32.2,0.0,0.0,0.0,0.0,496
2023-05-11 09:41:05,IO2312-C-4600,IO2312-C-4600,31.0,0.0,0.0,0.0,6,31.4,33.2,24,31.0,32.2,0.0,0.0,0.0,0.0,496
2023-05-11 09:41:06,IO2312-C-4600,IO2312-C-4600,31.0,0.0,0.0,0.0,9,31.4,33.2,24,31.0,32.2,0.0,0.0,0.0,0.0,496
2023-05-11 09:41:06,IO2312-C-4600,IO2312-C-4600,31.0,0.0,0.0,0.0,6,31.4,33.0,6,31.0,32.2,0.0,0.0,0.0,0.0,496
2023-05-11 09:41:07,IO2312-C-4600,IO2312-C-4600,31.0,0.0,0.0,0.0,6,30.8,33.0,3,31.0,32.2,0.0,0.0,0.0,0.0,496
2023-05-11 09:41:07,IO2312-C-4600,IO2312-C-4600,31.0,0.0,0.0,0.0,3,31.2,33.0,4,31.0,32.2,0.0,0.0,0.0,0.0,496
2023-05-11 09:41:08,IO2312-C-4600,IO2312-C-4600,31.0,0.0,0.0,0.0,6,31.2,32.8,6,31.0,32.2,0.0,0.0,0.0,0.0,496
2023-05-11 09:41:08,IO2312-C-4600,IO2312-C-4600,31.0,0.0,0.0,0.0,6,30.8,33.0,9,31.0,32.2,0.0,0.0,0.0,0.0,496
2023-05-11 09:41:09,IO2312-C-4600,IO2312-C-4600,31.0,0.0,0.0,0.0,12,30.8,33.0,6,31.0,32.2,0.0,0.0,0.0,0.0,496
2023-05-11 09:41:09,IO2312-C-4600,IO2312-C-4600,31.0,0.0,0.0,0.0,6,31.0,33.0,6,31.0,32.2,0.0,0.0,0.0,0.0,496
2023-05-11 09:41:10,IO2312-C-4600,IO2312-C-4600,31.0,0.0,0.0,0.0,9,31.0,33.0,12,31.0,32.2,0.0,0.0,0.0,0.0,496
2023-05-11 09:41:10,IO2312-C-4600,IO2312-C-4600,31.0,0.0,0.0,0.0,6,31.2,32.8,6,31.0,32.2,0.0,0.0,0.0,0.0,496
2023-05-11 09:41:11,IO2312-C-4600,IO2312-C-4600,31.0,0.0,0.0,0.0,6,31.2,32.8,9,31.0,32.2,0.0,0.0,0.0,0.0,496
2023-05-11 09:41:11,IO2312-C-4600,IO2312-C-4600,31.0,0.0,0.0,0.0,9,31.2,32.8,9,31.0,32.2,0.0,0.0,0.0,0.0,496
2023-05-11 09:41:12,IO2312-C-4600,IO2312-C-4600,31.0,0.0,0.0,0.0,6,31.2,32.8,9,31.0,32.2,0.0,0.0,0.0,0.0,496
2023-05-11 09:41:12,IO2312-C-4600,IO2312-C-4600,31.0,0.0,0.0,0.0,6,30.8,32.8,3,31.0,32.2,0.0,0.0,0.0,0.0,496
2023-05-11 09:41:13,IO2312-C-4600,IO2312-C-4600,31.0,0.0,0.0,0.0,3,31.0,32.8,3,31.0,32.2,0.0,0.0,0.0,0.0,496
2023-05-11 09:41:13,IO2312-C-4600,IO2312-C-4600,31.0,0.0,0.0,0.0,6,31.2,32.8,6,31.0,32.2,0.0,0.0,0.0,0.0,496
2023-05-11 09:41:14,IO2312-C-4600,IO2312-C-4600,31.0,0.0,0.0,0.0,6,30.8,33.0,3,31.0,32.2,0.0,0.0,0.0,0.0,496
2023-05-11 09:41:14,IO2312-C-4600,IO2312-C-4600,31.0,0.0,0.0,0.0,12,30.8,33.0,3,31.0,32.2,0.0,0.0,0.0,0.0,496
2023-05-11 09:41:15,IO2312-C-4600,IO2312-C-4600,31.0,0.0,0.0,0.0,6,31.0,33.0,9,31.0,32.2,0.0,0.0,0.0,0.0,496
2023-05-11 09:41:15,IO2312-C-4600,IO2312-C-4600,31.0,0.0,0.0,0.0,9,31.0,33.0,12,31.0,32.2,0.0,0.0,0.0,0.0,496
2023-05-11 09:41:16,IO2312-C-4600,IO2312-C-4600,31.0,0.0,0.0,0.0,6,31.2,32.8,6,31.0,32.2,0.0,0.0,0.0,0.0,496
2023-05-11 09:41:16,IO2312-C-4600,IO2312-C-4600,31.0,0.0,0.0,0.0,9,31.2,32.8,9,31.0,32.2,0.0,0.0,0.0,0.0,496
2023-05-11 09:41:17,IO2312-C-4600,IO2312-C-4600,31.0,0.0,0.0,0.0,6,31.2,32.8,9,31.0,32.2,0.0,0.0,0.0,0.0,496
2023-05-11 09:41:17,IO2312-C-4600,IO2312-C-4600,31.0,0.0,0.0,0.0,6,30.8,32.8,3,31.0,32.2,0.0,0.0,0.0,0.0,496
2023-05-11 09:41:18,IO2312-C-4600,IO2312-C-4600,31.0,0.0,0.0,0.0,12,30.8,33.0,9,31.0,32.2,0.0,0.0,0.0,0.0,496
2023-05-11 09:41:18,IO2312-C-4600,IO2312-C-4600,31.0,0.0,0.0,0.0,9,30.8,32.8,6,31.0,32.2,0.0,0.0,0.0,0.0,496
2023-05-11 09:41:19,IO2312-C-4600,IO2312-C-4600,31.0,0.0,0.0,0.0,12,30.8,32.8,9,31.0,32.2,0.0,0.0,0.0,0.0,496
2023-05-11 09:41:19,IO2312-C-4600,IO2312-C-4600,31.0,0.0,0.0,0.0,6,31.0,32.6,6,31.0,32.2,0.0,0.0,0.0,0.0,496
2023-05-11 09:41:20,IO2312-C-4600,IO2312-C-4600,31.0,0.0,0.0,0.0,9,31.0,32.6,9,31.0,32.2,0.0,0.0,0.0,0.0,496
2023-05-11 09:41:26,IO2312-C-4600,IO2312-C-4600,31.0,0.0,0.0,0.0,6,31.2,32.6,3,31.0,32.2,0.0,0.0,0.0,0.0,496
2023-05-11 09:41:27,IO2312-C-4600,IO2312-C-4600,31.0,0.0,0.0,0.0,6,31.2,32.8,13,31.0,32.2,0.0,0.0,0.0,0.0,496
2023-05-11 09:41:27,IO2312-C-4600,IO2312-C-4600,31.0,0.0,0.0,0.0,6,31.2,32.8,9,31.0,32.2,0.0,0.0,0.0,0.0,496
2023-05-11 09:41:28,IO2312-C-4600,IO2312-C-4600,31.0,0.0,0.0,0.0,6,31.2,32.8,10,31.0,32.2,0.0,0.0,0.0,0.0,496
2023-05-11 09:41:31,IO2312-C-4600,IO2312-C-4600,31.0,0.0,0.0,0.0,6,31.2,32.8,4,31.0,32.2,0.0,0.0,0.0,0.0,496
2023-05-11 09:41:31,IO2312-C-4600,IO2312-C-4600,31.0,0.0,0.0,0.0,9,31.2,32.8,4,31.0,32.2,0.0,0.0,0.0,0.0,496
2023-05-11 09:41:32,IO2312-C-4600,IO2312-C-4600,31.0,0.0,0.0,0.0,9,31.2,32.8,7,31.0,32.2,0.0,0.0,0.0,0.0,496
2023-05-11 09:41:32,IO2312-C-4600,IO2312-C-4600,31.0,0.0,0.0,0.0,6,31.2,32.8,6,31.0,32.2,0.0,0.0,0.0,0.0,496
2023-05-11 09:41:33,IO2312-C-4600,IO2312-C-4600,31.0,0.0,0.0,0.0,6,30.8,32.8,3,31.0,32.2,0.0,0.0,0.0,0.0,496
2023-05-11 09:41:33,IO2312-C-4600,IO2312-C-4600,31.0,0.0,0.0,0.0,3,31.0,32.8,3,31.0,32.2,0.0,0.0,0.0,0.0,496
2023-05-11 09:41:34,IO2312-C-4600,IO2312-C-4600,31.0,0.0,0.0,0.0,6,31.2,33.0,19,31.0,32.2,0.0,0.0,0.0,0.0,496
2023-05-11 09:41:34,IO2312-C-4600,IO2312-C-4600,31.0,0.0,0.0,0.0,6,30.8,33.0,3,31.0,32.2,0.0,0.0,0.0,0.0,496
2023-05-11 09:41:35,IO2312-C-4600,IO2312-C-4600,31.0,0.0,0.0,0.0,3,31.0,33.0,6,31.0,32.2,0.0,0.0,0.0,0.0,496
2023-05-11 09:41:35,IO2312-C-4600,IO2312-C-4600,31.0,0.0,0.0,0.0,6,31.2,32.8,6,31.0,32.2,0.0,0.0,0.0,0.0,496
2023-05-11 09:41:36,IO2312-C-4600,IO2312-C-4600,31.0,0.0,0.0,0.0,6,30.8,33.0,3,31.0,32.2,0.0,0.0,0.0,0.0,496
2023-05-11 09:41:36,IO2312-C-4600,IO2312-C-4600,31.0,0.0,0.0,0.0,9,30.8,33.0,3,31.0,32.2,0.0,0.0,0.0,0.0,496
2023-05-11 09:41:37,IO2312-C-4600,IO2312-C-4600,31.0,0.0,0.0,0.0,6,31.0,33.0,9,31.0,32.2,0.0,0.0,0.0,0.0,496
2023-05-11 09:41:37,IO2312-C-4600,IO2312-C-4600,31.0,0.0,0.0,0.0,9,31.0,33.0,12,31.0,32.2,0.0,0.0,0.0,0.0,496
2023-05-11 09:41:38,IO2312-C-4600,IO2312-C-4600,31.0,0.0,0.0,0.0,6,31.2,32.8,6,31.0,32.2,0.0,0.0,0.0,0.0,496
2023-05-11 09:41:38,IO2312-C-4600,IO2312-C-4600,31.0,0.0,0.0,0.0,6,31.2,32.8,9,31.0,32.2,0.0,0.0,0.0,0.0,496
2023-05-11 09:41:42,IO2312-C-4600,IO2312-C-4600,31.0,0.0,0.0,0.0,9,31.2,32.8,9,31.0,32.2,0.0,0.0,0.0,0.0,496
2023-05-11 09:41:56,IO2312-C-4600,IO2312-C-4600,31.0,0.0,0.0,0.0,6,31.2,32.8,9,31.0,32.2,0.0,0.0,0.0,0.0,496
2023-05-11 09:41:56,IO2312-C-4600,IO2312-C-4600,31.0,0.0,0.0,0.0,6,30.8,32.8,3,31.0,32.2,0.0,0.0,0.0,0.0,496
2023-05-11 09:41:57,IO2312-C-4600,IO2312-C-4600,31.0,0.0,0.0,0.0,9,30.8,33.0,1,31.0,32.2,0.0,0.0,0.0,0.0,496
2023-05-11 09:41:57,IO2312-C-4600,IO2312-C-4600,31.0,0.0,0.0,0.0,6,31.0,33.0,9,31.0,32.2,0.0,0.0,0.0,0.0,496
2023-05-11 09:41:58,IO2312-C-4600,IO2312-C-4600,31.0,0.0,0.0,0.0,9,31.0,33.0,12,31.0,32.2,0.0,0.0,0.0,0.0,496
2023-05-11 09:41:58,IO2312-C-4600,IO2312-C-4600,31.0,0.0,0.0,0.0,6,31.2,32.8,6,31.0,32.2,0.0,0.0,0.0,0.0,496
2023-05-11 09:41:59,IO2312-C-4600,IO2312-C-4600,31.0,0.0,0.0,0.0,3,31.2,32.8,9,31.0,32.2,0.0,0.0,0.0,0.0,496
2023-05-11 09:41:59,IO2312-C-4600,IO2312-C-4600,31.0,0.0,0.0,0.0,9,31.2,32.8,9,31.0,32.2,0.0,0.0,0.0,0.0,496
2023-05-11 09:42:00,IO2312-C-4600,IO2312-C-4600,31.0,0.0,0.0,0.0,6,31.2,32.8,9,31.0,32.2,0.0,0.0,0.0,0.0,496
2023-05-11 09:42:00,IO2312-C-4600,IO2312-C-4600,31.0,0.0,0.0,0.0,6,30.8,32.8,3,31.0,32.2,0.0,0.0,0.0,0.0,496
2023-05-11 09:42:01,IO2312-C-4600,IO2312-C-4600,31.0,0.0,0.0,0.0,3,31.0,32.8,3,31.0,32.2,0.0,0.0,0.0,0.0,496
2023-05-11 09:42:01,IO2312-C-4600,IO2312-C-4600,31.0,0.0,0.0,0.0,6,31.2,32.8,6,31.0,32.2,0.0,0.0,0.0,0.0,496
2023-05-11 09:42:02,IO2312-C-4600,IO2312-C-4600,31.0,0.0,0.0,0.0,6,30.8,32.8,6,31.0,32.2,0.0,0.0,0.0,0.0,496
2023-05-11 09:42:02,IO2312-C-4600,IO2312-C-4600,31.0,0.0,0.0,0.0,3,31.0,32.8,9,31.0,32.2,0.0,0.0,0.0,0.0,496
2023-05-11 09:42:03,IO2312-C-4600,IO2312-C-4600,31.0,0.0,0.0,0.0,6,31.0,32.6,6,31.0,32.2,0.0,0.0,0.0,0.0,496
2023-05-11 09:42:03,IO2312-C-4600,IO2312-C-4600,31.0,0.0,0.0,0.0,6,30.8,32.6,3,31.0,32.2,0.0,0.0,0.0,0.0,496
2023-05-11 09:42:04,IO2312-C-4600,IO2312-C-4600,31.0,0.0,0.0,0.0,9,30.8,32.8,12,31.0,32.2,0.0,0.0,0.0,0.0,496
2023-05-11 09:42:04,IO2312-C-4600,IO2312-C-4600,31.0,0.0,0.0,0.0,6,31.0,32.6,6,31.0,32.2,0.0,0.0,0.0,0.0,496
2023-05-11 09:42:05,IO2312-C-4600,IO2312-C-4600,31.0,0.0,0.0,0.0,3,31.0,32.6,3,31.0,32.2,0.0,0.0,0.0,0.0,496
2023-05-11 09:42:05,IO2312-C-4600,IO2312-C-4600,31.0,0.0,0.0,0.0,6,31.0,32.6,6,31.0,32.2,0.0,0.0,0.0,0.0,496
2023-05-11 09:42:06,IO2312-C-4600,IO2312-C-4600,31.0,0.0,0.0,0.0,6,30.8,32.8,6,31.0,32.2,0.0,0.0,0.0,0.0,496
2023-05-11 09:42:06,IO2312-C-4600,IO2312-C-4600,31.0,0.0,0.0,0.0,9,30.8,32.8,3,31.0,32.2,0.0,0.0,0.0,0.0,496
2023-05-11 09:42:07,IO2312-C-4600,IO2312-C-4600,31.0,0.0,0.0,0.0,6,31.0,32.8,9,31.0,32.2,0.0,0.0,0.0,0.0,496
2023-05-11 09:42:07,IO2312-C-4600,IO2312-C-4600,31.0,0.0,0.0,0.0,9,31.0,32.8,6,31.0,32.2,0.0,0.0,0.0,0.0,496
2023-05-11 09:42:08,IO2312-C-4600,IO2312-C-4600,31.0,0.0,0.0,0.0,3,31.0,32.8,11,31.0,32.2,0.0,0.0,0.0,0.0,496
2023-05-11 09:42:09,IO2312-C-4600,IO2312-C-4600,31.0,0.0,0.0,0.0,9,31.0,32.6,6,31.0,32.2,0.0,0.0,0.0,0.0,496
2023-05-11 09:42:09,IO2312-C-4600,IO2312-C-4600,31.0,0.0,0.0,0.0,9,31.0,32.6,9,31.0,32.2,0.0,0.0,0.0,0.0,496
2023-05-11 09:42:10,IO2312-C-4600,IO2312-C-4600,31.0,0.0,0.0,0.0,9,31.0,32.6,15,31.0,32.2,0.0,0.0,0.0,0.0,496
2023-05-11 09:42:10,IO2312-C-4600,IO2312-C-4600,31.0,0.0,0.0,0.0,9,31.0,32.6,21,31.0,32.2,0.0,0.0,0.0,0.0,496
2023-05-11 09:42:14,IO2312-C-4600,IO2312-C-4600,31.0,0.0,0.0,0.0,6,31.0,32.6,21,31.0,32.2,0.0,0.0,0.0,0.0,496
2023-05-11 09:42:15,IO2312-C-4600,IO2312-C-4600,31.0,0.0,0.0,0.0,6,30.8,32.6,21,31.0,32.2,0.0,0.0,0.0,0.0,496
2023-05-11 09:42:15,IO2312-C-4600,IO2312-C-4600,31.0,0.0,0.0,0.0,3,30.8,32.6,15,31.0,32.2,0.0,0.0,0.0,0.0,496
2023-05-11 09:42:16,IO2312-C-4600,IO2312-C-4600,31.0,0.0,0.0,0.0,6,31.0,32.6,21,31.0,32.2,0.0,0.0,0.0,0.0,496
2023-05-11 09:42:16,IO2312-C-4600,IO2312-C-4600,31.0,0.0,0.0,0.0,6,30.6,32.6,15,31.0,32.2,0.0,0.0,0.0,0.0,496
2023-05-11 09:42:18,IO2312-C-4600,IO2312-C-4600,31.0,0.0,0.0,0.0,6,30.6,32.6,16,31.0,32.2,0.0,0.0,0.0,0.0,496
2023-05-11 09:42:20,IO2312-C-4600,IO2312-C-4600,31.0,0.0,0.0,0.0,6,30.6,32.6,18,31.0,32.2,0.0,0.0,0.0,0.0,496
2023-05-11 09:42:20,IO2312-C-4600,IO2312-C-4600,31.0,0.0,0.0,0.0,6,30.6,32.6,16,31.0,32.2,0.0,0.0,0.0,0.0,496
2023-05-11 09:42:21,IO2312-C-4600,IO2312-C-4600,31.0,0.0,0.0,0.0,9,30.6,32.6,16,31.0,32.2,0.0,0.0,0.0,0.0,496
2023-05-11 09:42:21,IO2312-C-4600,IO2312-C-4600,31.0,0.0,0.0,0.0,6,30.8,32.6,22,31.0,32.2,0.0,0.0,0.0,0.0,496
2023-05-11 09:42:22,IO2312-C-4600,IO2312-C-4600,31.0,0.0,0.0,0.0,6,30.6,32.6,16,31.0,32.2,0.0,0.0,0.0,0.0,496
2023-05-11 09:42:43,IO2312-C-4600,IO2312-C-4600,31.0,0.0,0.0,0.0,6,30.6,32.6,18,31.0,32.2,0.0,0.0,0.0,0.0,496
2023-05-11 09:42:44,IO2312-C-4600,IO2312-C-4600,31.0,0.0,0.0,0.0,6,30.6,32.6,24,31.0,32.2,0.0,0.0,0.0,0.0,496
2023-05-11 09:42:47,IO2312-C-4600,IO2312-C-4600,31.0,0.0,0.0,0.0,6,30.6,32.4,6,31.0,32.2,0.0,0.0,0.0,0.0,496
2023-05-11 09:42:48,IO2312-C-4600,IO2312-C-4600,31.0,0.0,0.0,0.0,6,30.6,32.4,9,31.0,32.2,0.0,0.0,0.0,0.0,496
2023-05-11 09:43:09,IO2312-C-4600,IO2312-C-4600,31.0,0.0,0.0,0.0,6,30.6,32.4,3,31.0,32.2,0.0,0.0,0.0,0.0,496
2023-05-11 09:43:10,IO2312-C-4600,IO2312-C-4600,31.0,0.0,0.0,0.0,6,30.6,32.6,27,31.0,32.2,0.0,0.0,0.0,0.0,496
2023-05-11 09:43:10,IO2312-C-4600,IO2312-C-4600,31.0,0.0,0.0,0.0,6,30.6,32.6,21,31.0,32.2,0.0,0.0,0.0,0.0,496
2023-05-11 09:43:11,IO2312-C-4600,IO2312-C-4600,31.0,0.0,0.0,0.0,6,30.4,32.6,18,31.0,32.2,0.0,0.0,0.0,0.0,496
2023-05-11 09:43:13,IO2312-C-4600,IO2312-C-4600,31.0,0.0,0.0,0.0,6,30.4,32.4,1,31.0,32.2,0.0,0.0,0.0,0.0,496
2023-05-11 09:43:18,IO2312-C-4600,IO2312-C-4600,31.0,0.0,0.0,0.0,6,30.4,32.6,18,31.0,32.2,0.0,0.0,0.0,0.0,496
2023-05-11 09:43:29,IO2312-C-4600,IO2312-C-4600,31.0,0.0,0.0,0.0,6,30.4,32.6,16,31.0,32.2,0.0,0.0,0.0,0.0,496
2023-05-11 09:43:30,IO2312-C-4600,IO2312-C-4600,31.0,0.0,0.0,0.0,6,30.4,32.6,18,31.0,32.2,0.0,0.0,0.0,0.0,496
2023-05-11 09:43:32,IO2312-C-4600,IO2312-C-4600,31.0,0.0,0.0,0.0,6,30.4,32.4,1,31.0,32.2,0.0,0.0,0.0,0.0,496
2023-05-11 09:43:39,IO2312-C-4600,IO2312-C-4600,31.0,0.0,0.0,0.0,6,30.4,32.6,18,31.0,32.2,0.0,0.0,0.0,0.0,496
2023-05-11 09:43:39,IO2312-C-4600,IO2312-C-4600,31.0,0.0,0.0,0.0,6,30.4,32.6,16,31.0,32.2,0.0,0.0,0.0,0.0,496
2023-05-11 09:43:40,IO2312-C-4600,IO2312-C-4600,31.0,0.0,0.0,0.0,6,30.4,32.6,18,31.0,32.2,0.0,0.0,0.0,0.0,496
2023-05-11 09:44:04,IO2312-C-4600,IO2312-C-4600,31.0,0.0,0.0,0.0,6,30.4,32.6,24,31.0,32.2,0.0,0.0,0.0,0.0,496
2023-05-11 09:44:10,IO2312-C-4600,IO2312-C-4600,31.0,0.0,0.0,0.0,6,30.4,32.6,18,31.0,32.2,0.0,0.0,0.0,0.0,496
2023-05-11 09:44:20,IO2312-C-4600,IO2312-C-4600,31.0,0.0,0.0,0.0,6,30.4,32.6,16,31.0,32.2,0.0,0.0,0.0,0.0,496
2023-05-11 09:44:20,IO2312-C-4600,IO2312-C-4600,31.0,0.0,0.0,0.0,6,30.4,32.6,18,31.0,32.2,0.0,0.0,0.0,0.0,496
2023-05-11 09:44:23,IO2312-C-4600,IO2312-C-4600,31.0,0.0,0.0,0.0,6,30.4,32.6,16,31.0,32.2,0.0,0.0,0.0,0.0,496
2023-05-11 09:44:23,IO2312-C-4600,IO2312-C-4600,31.0,0.0,0.0,0.0,6,30.4,32.6,18,31.0,32.2,0.0,0.0,0.0,0.0,496
2023-05-11 09:44:24,IO2312-C-4600,IO2312-C-4600,31.0,0.0,0.0,0.0,6,30.4,32.4,1,31.0,32.2,0.0,0.0,0.0,0.0,496
2023-05-11 09:44:25,IO2312-C-4600,IO2312-C-4600,31.0,0.0,0.0,0.0,6,30.4,32.6,16,31.0,32.2,0.0,0.0,0.0,0.0,496
2023-05-11 09:44:28,IO2312-C-4600,IO2312-C-4600,31.0,0.0,0.0,0.0,6,30.4,32.6,18,31.0,32.2,0.0,0.0,0.0,0.0,496
2023-05-11 09:44:36,IO2312-C-4600,IO2312-C-4600,31.0,0.0,0.0,0.0,9,30.4,32.6,18,31.0,32.2,0.0,0.0,0.0,0.0,496
2023-05-11 09:44:36,IO2312-C-4600,IO2312-C-4600,31.0,0.0,0.0,0.0,6,30.6,32.6,18,31.0,32.2,0.0,0.0,0.0,0.0,496
2023-05-11 09:44:37,IO2312-C-4600,IO2312-C-4600,31.0,0.0,0.0,0.0,6,30.4,32.6,18,31.0,32.2,0.0,0.0,0.0,0.0,496
2023-05-11 09:44:59,IO2312-C-4600,IO2312-C-4600,31.0,0.0,0.0,0.0,9,30.4,32.6,18,31.0,32.2,0.0,0.0,0.0,0.0,496
2023-05-11 09:44:59,IO2312-C-4600,IO2312-C-4600,31.0,0.0,0.0,0.0,6,30.6,32.6,18,31.0,32.2,0.0,0.0,0.0,0.0,496
2023-05-11 09:45:00,IO2312-C-4600,IO2312-C-4600,31.0,0.0,0.0,0.0,6,30.6,32.6,16,31.0,32.2,0.0,0.0,0.0,0.0,496
2023-05-11 09:45:00,IO2312-C-4600,IO2312-C-4600,31.0,0.0,0.0,0.0,6,30.4,32.6,18,31.0,32.2,0.0,0.0,0.0,0.0,496
2023-05-11 09:45:01,IO2312-C-4600,IO2312-C-4600,31.0,0.0,0.0,0.0,6,30.4,32.6,16,31.0,32.2,0.0,0.0,0.0,0.0,496
2023-05-11 09:45:01,IO2312-C-4600,IO2312-C-4600,31.0,0.0,0.0,0.0,6,30.4,32.6,18,31.0,32.2,0.0,0.0,0.0,0.0,496
2023-05-11 09:45:02,IO2312-C-4600,IO2312-C-4600,31.0,0.0,0.0,0.0,9,30.4,32.6,16,31.0,32.2,0.0,0.0,0.0,0.0,496
2023-05-11 09:45:02,IO2312-C-4600,IO2312-C-4600,31.0,0.0,0.0,0.0,6,30.6,32.6,16,31.0,32.2,0.0,0.0,0.0,0.0,496
2023-05-11 09:45:03,IO2312-C-4600,IO2312-C-4600,31.0,0.0,0.0,0.0,6,30.8,32.6,16,31.0,32.2,0.0,0.0,0.0,0.0,496
2023-05-11 09:45:09,IO2312-C-4600,IO2312-C-4600,31.0,0.0,0.0,0.0,6,30.8,32.6,15,31.0,32.2,0.0,0.0,0.0,0.0,496
2023-05-11 09:45:10,IO2312-C-4600,IO2312-C-4600,31.0,0.0,0.0,0.0,9,30.8,32.6,15,31.0,32.2,0.0,0.0,0.0,0.0,496
2023-05-11 09:45:10,IO2312-C-4600,IO2312-C-4600,31.0,0.0,0.0,0.0,6,31.0,32.6,9,31.0,32.2,0.0,0.0,0.0,0.0,496
2023-05-11 09:45:11,IO2312-C-4600,IO2312-C-4600,31.0,0.0,0.0,0.0,9,31.0,32.6,3,31.0,32.2,0.0,0.0,0.0,0.0,496
2023-05-11 09:45:11,IO2312-C-4600,IO2312-C-4600,31.0,0.0,0.0,0.0,6,31.2,32.6,3,31.0,32.2,0.0,0.0,0.0,0.0,496
2023-05-11 09:45:12,IO2312-C-4600,IO2312-C-4600,31.0,0.0,0.0,0.0,9,31.2,32.8,19,31.0,32.2,0.0,0.0,0.0,0.0,496
2023-05-11 09:45:12,IO2312-C-4600,IO2312-C-4600,31.0,0.0,0.0,0.0,6,31.4,32.8,7,31.0,32.2,0.0,0.0,0.0,0.0,496
2023-05-11 09:45:13,IO2312-C-4600,IO2312-C-4600,31.0,0.0,0.0,0.0,6,31.4,32.8,10,31.0,32.2,0.0,0.0,0.0,0.0,496
2023-05-11 09:45:13,IO2312-C-4600,IO2312-C-4600,31.0,0.0,0.0,0.0,6,31.4,32.8,4,31.0,32.2,0.0,0.0,0.0,0.0,496
2023-05-11 09:45:14,IO2312-C-4600,IO2312-C-4600,31.0,0.0,0.0,0.0,6,31.4,32.8,1,31.0,32.2,0.0,0.0,0.0,0.0,496
2023-05-11 09:45:17,IO2312-C-4600,IO2312-C-4600,31.0,0.0,0.0,0.0,9,31.2,32.8,7,31.0,32.2,0.0,0.0,0.0,0.0,496
2023-05-11 09:45:17,IO2312-C-4600,IO2312-C-4600,31.0,0.0,0.0,0.0,9,31.2,32.8,10,31.0,32.2,0.0,0.0,0.0,0.0,496
2023-05-11 09:45:20,IO2312-C-4600,IO2312-C-4600,31.0,0.0,0.0,0.0,9,31.2,32.8,9,31.0,32.2,0.0,0.0,0.0,0.0,496
2023-05-11 09:45:28,IO2312-C-4600,IO2312-C-4600,31.0,0.0,0.0,0.0,3,31.2,32.6,6,31.0,32.2,0.0,0.0,0.0,0.0,496
2023-05-11 09:45:28,IO2312-C-4600,IO2312-C-4600,31.0,0.0,0.0,0.0,3,31.2,32.6,9,31.0,32.2,0.0,0.0,0.0,0.0,496
2023-05-11 09:45:29,IO2312-C-4600,IO2312-C-4600,31.0,0.0,0.0,0.0,6,31.0,32.6,9,31.0,32.2,0.0,0.0,0.0,0.0,496
2023-05-11 09:45:29,IO2312-C-4600,IO2312-C-4600,31.0,0.0,0.0,0.0,6,30.8,32.6,3,31.0,32.2,0.0,0.0,0.0,0.0,496
2023-05-11 09:45:30,IO2312-C-4600,IO2312-C-4600,31.0,0.0,0.0,0.0,9,30.8,32.8,6,31.0,32.2,0.0,0.0,0.0,0.0,496
2023-05-11 09:45:30,IO2312-C-4600,IO2312-C-4600,31.0,0.0,0.0,0.0,6,31.0,32.8,6,31.0,32.2,0.0,0.0,0.0,0.0,496
2023-05-11 09:45:31,IO2312-C-4600,IO2312-C-4600,31.0,0.0,0.0,0.0,9,31.0,32.8,9,31.0,32.2,0.0,0.0,0.0,0.0,496
2023-05-11 09:45:31,IO2312-C-4600,IO2312-C-4600,31.0,0.0,0.0,0.0,6,31.2,32.8,15,31.0,32.2,0.0,0.0,0.0,0.0,496
2023-05-11 09:45:32,IO2312-C-4600,IO2312-C-4600,31.0,0.0,0.0,0.0,9,31.2,32.8,9,31.0,32.2,0.0,0.0,0.0,0.0,496
2023-05-11 09:45:32,IO2312-C-4600,IO2312-C-4600,31.0,0.0,0.0,0.0,9,31.2,32.8,15,31.0,32.2,0.0,0.0,0.0,0.0,496
2023-05-11 09:45:33,IO2312-C-4600,IO2312-C-4600,31.0,0.0,0.0,0.0,9,31.2,32.8,9,31.0,32.2,0.0,0.0,0.0,0.0,496
2023-05-11 09:45:34,IO2312-C-4600,IO2312-C-4600,31.0,0.0,0.0,0.0,3,31.2,32.6,6,31.0,32.2,0.0,0.0,0.0,0.0,496
2023-05-11 09:45:35,IO2312-C-4600,IO2312-C-4600,31.0,0.0,0.0,0.0,6,31.0,32.6,9,31.0,32.2,0.0,0.0,0.0,0.0,496
2023-05-11 09:45:35,IO2312-C-4600,IO2312-C-4600,31.0,0.0,0.0,0.0,6,30.8,32.6,3,31.0,32.2,0.0,0.0,0.0,0.0,496
2023-05-11 09:45:36,IO2312-C-4600,IO2312-C-4600,31.0,0.0,0.0,0.0,12,30.8,32.8,6,31.0,32.2,0.0,0.0,0.0,0.0,496
2023-05-11 09:45:37,IO2312-C-4600,IO2312-C-4600,31.0,0.0,0.0,0.0,12,30.8,32.8,9,31.0,32.2,0.0,0.0,0.0,0.0,496
2023-05-11 09:45:37,IO2312-C-4600,IO2312-C-4600,31.0,0.0,0.0,0.0,6,31.0,32.8,3,31.0,32.2,0.0,0.0,0.0,0.0,496
2023-05-11 09:45:38,IO2312-C-4600,IO2312-C-4600,31.0,0.0,0.0,0.0,9,31.0,32.8,3,31.0,32.2,0.0,0.0,0.0,0.0,496
2023-05-11 09:45:38,IO2312-C-4600,IO2312-C-4600,31.0,0.0,0.0,0.0,6,31.2,32.8,6,31.0,32.2,0.0,0.0,0.0,0.0,496
2023-05-11 09:45:39,IO2312-C-4600,IO2312-C-4600,31.0,0.0,0.0,0.0,9,31.2,32.8,6,31.0,32.2,0.0,0.0,0.0,0.0,496
2023-05-11 09:45:39,IO2312-C-4600,IO2312-C-4600,31.0,0.0,0.0,0.0,9,31.2,32.8,9,31.0,32.2,0.0,0.0,0.0,0.0,496
2023-05-11 09:45:47,IO2312-C-4600,IO2312-C-4600,31.0,0.0,0.0,0.0,6,31.4,32.8,3,31.0,32.2,0.0,0.0,0.0,0.0,496
2023-05-11 09:45:48,IO2312-C-4600,IO2312-C-4600,31.0,0.0,0.0,0.0,9,31.4,33.0,19,31.0,32.2,0.0,0.0,0.0,0.0,496
2023-05-11 09:45:48,IO2312-C-4600,IO2312-C-4600,31.0,0.0,0.0,0.0,9,31.4,33.0,13,31.0,32.2,0.0,0.0,0.0,0.0,496
2023-05-11 09:45:49,IO2312-C-4600,IO2312-C-4600,31.0,0.0,0.0,0.0,3,31.4,32.8,6,31.0,32.2,0.0,0.0,0.0,0.0,496
2023-05-11 09:45:49,IO2312-C-4600,IO2312-C-4600,31.0,0.0,0.0,0.0,6,31.2,32.8,9,31.0,32.2,0.0,0.0,0.0,0.0,496
2023-05-11 09:45:50,IO2312-C-4600,IO2312-C-4600,31.0,0.0,0.0,0.0,6,30.8,32.8,3,31.0,32.2,0.0,0.0,0.0,0.0,496
2023-05-11 09:45:50,IO2312-C-4600,IO2312-C-4600,31.0,0.0,0.0,0.0,12,30.8,33.0,7,31.0,32.2,0.0,0.0,0.0,0.0,496
2023-05-11 09:45:51,IO2312-C-4600,IO2312-C-4600,31.0,0.0,0.0,0.0,12,31.0,33.0,7,31.0,32.2,0.0,0.0,0.0,0.0,496
2023-05-11 09:45:51,IO2312-C-4600,IO2312-C-4600,31.0,0.0,0.0,0.0,15,31.0,33.0,4,31.0,32.2,0.0,0.0,0.0,0.0,496
2023-05-11 09:45:52,IO2312-C-4600,IO2312-C-4600,31.0,0.0,0.0,0.0,12,31.2,33.0,3,31.0,32.2,0.0,0.0,0.0,0.0,496
2023-05-11 09:45:52,IO2312-C-4600,IO2312-C-4600,31.0,0.0,0.0,0.0,6,31.4,33.2,37,31.0,32.2,0.0,0.0,0.0,0.0,496
2023-05-11 09:45:53,IO2312-C-4600,IO2312-C-4600,31.0,0.0,0.0,0.0,9,31.4,33.2,27,31.0,32.2,0.0,0.0,0.0,0.0,496
2023-05-11 09:45:53,IO2312-C-4600,IO2312-C-4600,31.0,0.0,0.0,0.0,6,31.6,33.2,30,31.0,32.2,0.0,0.0,0.0,0.0,496
2023-05-11 09:45:54,IO2312-C-4600,IO2312-C-4600,31.0,0.0,0.0,0.0,9,31.6,33.2,30,31.0,32.2,0.0,0.0,0.0,0.0,496
2023-05-11 09:45:54,IO2312-C-4600,IO2312-C-4600,31.0,0.0,0.0,0.0,6,31.6,33.2,30,31.0,32.2,0.0,0.0,0.0,0.0,496
2023-05-11 09:45:55,IO2312-C-4600,IO2312-C-4600,31.0,0.0,0.0,0.0,6,31.4,33.2,30,31.0,32.2,0.0,0.0,0.0,0.0,496
2023-05-11 09:45:55,IO2312-C-4600,IO2312-C-4600,31.0,0.0,0.0,0.0,9,31.4,33.2,30,31.0,32.2,0.0,0.0,0.0,0.0,496
2023-05-11 09:45:56,IO2312-C-4600,IO2312-C-4600,31.0,0.0,0.0,0.0,6,31.6,33.2,30,31.0,32.2,0.0,0.0,0.0,0.0,496
2023-05-11 09:45:57,IO2312-C-4600,IO2312-C-4600,31.0,0.0,0.0,0.0,6,31.6,33.2,22,31.0,32.2,0.0,0.0,0.0,0.0,496
2023-05-11 09:45:58,IO2312-C-4600,IO2312-C-4600,31.0,0.0,0.0,0.0,9,31.6,33.2,22,31.0,32.2,0.0,0.0,0.0,0.0,496
2023-05-11 09:45:59,IO2312-C-4600,IO2312-C-4600,31.0,0.0,0.0,0.0,6,31.6,33.2,24,31.0,32.2,0.0,0.0,0.0,0.0,496
2023-05-11 09:46:00,IO2312-C-4600,IO2312-C-4600,31.0,0.0,0.0,0.0,6,31.4,33.2,18,31.0,32.2,0.0,0.0,0.0,0.0,496
2023-05-11 09:46:00,IO2312-C-4600,IO2312-C-4600,31.0,0.0,0.0,0.0,9,31.4,33.2,18,31.0,32.2,0.0,0.0,0.0,0.0,496
2023-05-11 09:46:01,IO2312-C-4600,IO2312-C-4600,31.0,0.0,0.0,0.0,6,31.6,33.2,24,31.0,32.2,0.0,0.0,0.0,0.0,496
2023-05-11 09:46:02,IO2312-C-4600,IO2312-C-4600,31.0,0.0,0.0,0.0,6,31.6,33.0,1,31.0,32.2,0.0,0.0,0.0,0.0,496
2023-05-11 09:46:03,IO2312-C-4600,IO2312-C-4600,31.0,0.0,0.0,0.0,9,31.4,33.0,1,31.0,32.2,0.0,0.0,0.0,0.0,496
2023-05-11 09:46:03,IO2312-C-4600,IO2312-C-4600,31.0,0.0,0.0,0.0,9,31.4,33.0,7,31.0,32.2,0.0,0.0,0.0,0.0,496
2023-05-11 09:46:04,IO2312-C-4600,IO2312-C-4600,31.0,0.0,0.0,0.0,6,31.4,33.0,10,31.0,32.2,0.0,0.0,0.0,0.0,496
2023-05-11 09:46:04,IO2312-C-4600,IO2312-C-4600,31.0,0.0,0.0,0.0,6,31.4,33.0,4,31.0,32.2,0.0,0.0,0.0,0.0,496
2023-05-11 09:46:05,IO2312-C-4600,IO2312-C-4600,31.0,0.0,0.0,0.0,6,31.4,33.0,1,31.0,32.2,0.0,0.0,0.0,0.0,496
2023-05-11 09:46:08,IO2312-C-4600,IO2312-C-4600,31.0,0.0,0.0,0.0,6,31.4,33.0,7,31.0,32.2,0.0,0.0,0.0,0.0,496
2023-05-11 09:46:09,IO2312-C-4600,IO2312-C-4600,31.0,0.0,0.0,0.0,6,31.4,33.0,4,31.0,32.2,0.0,0.0,0.0,0.0,496
2023-05-11 09:46:10,IO2312-C-4600,IO2312-C-4600,31.0,0.0,0.0,0.0,6,31.4,33.0,1,31.0,32.2,0.0,0.0,0.0,0.0,496
2023-05-11 09:46:13,IO2312-C-4600,IO2312-C-4600,31.0,0.0,0.0,0.0,6,31.4,33.2,23,31.0,32.2,0.0,0.0,0.0,0.0,496
2023-05-11 09:46:14,IO2312-C-4600,IO2312-C-4600,31.0,0.0,0.0,0.0,6,31.4,33.2,17,31.0,32.2,0.0,0.0,0.0,0.0,496
2023-05-11 09:46:15,IO2312-C-4600,IO2312-C-4600,31.0,0.0,0.0,0.0,6,31.4,33.2,15,31.0,32.2,0.0,0.0,0.0,0.0,496
2023-05-11 09:46:17,IO2312-C-4600,IO2312-C-4600,31.0,0.0,0.0,0.0,6,31.4,33.2,17,31.0,32.2,0.0,0.0,0.0,0.0,496
2023-05-11 09:46:18,IO2312-C-4600,IO2312-C-4600,31.0,0.0,0.0,0.0,6,31.4,33.2,15,31.0,32.2,0.0,0.0,0.0,0.0,496
2023-05-11 09:46:20,IO2312-C-4600,IO2312-C-4600,31.0,0.0,0.0,0.0,12,31.2,33.0,6,31.0,32.2,0.0,0.0,0.0,0.0,496
2023-05-11 09:46:21,IO2312-C-4600,IO2312-C-4600,31.0,0.0,0.0,0.0,6,31.2,33.0,3,31.0,32.2,0.0,0.0,0.0,0.0,496
2023-05-11 09:46:21,IO2312-C-4600,IO2312-C-4600,31.0,0.0,0.0,0.0,6,31.2,33.2,12,31.0,32.2,0.0,0.0,0.0,0.0,496
2023-05-11 09:46:22,IO2312-C-4600,IO2312-C-4600,31.0,0.0,0.0,0.0,9,31.2,33.2,6,31.0,32.2,0.0,0.0,0.0,0.0,496
2023-05-11 09:46:22,IO2312-C-4600,IO2312-C-4600,31.0,0.0,0.0,0.0,6,31.4,33.2,9,31.0,32.2,0.0,0.0,0.0,0.0,496
2023-05-11 09:46:23,IO2312-C-4600,IO2312-C-4600,31.0,0.0,0.0,0.0,6,31.4,33.2,11,31.0,32.2,0.0,0.0,0.0,0.0,496
2023-05-11 09:46:23,IO2312-C-4600,IO2312-C-4600,31.0,0.0,0.0,0.0,6,31.0,33.2,11,31.0,32.2,0.0,0.0,0.0,0.0,496
2023-05-11 09:46:24,IO2312-C-4600,IO2312-C-4600,31.0,0.0,0.0,0.0,12,31.0,33.2,11,31.0,32.2,0.0,0.0,0.0,0.0,496
2023-05-11 09:46:24,IO2312-C-4600,IO2312-C-4600,31.0,0.0,0.0,0.0,6,31.2,33.2,11,31.0,32.2,0.0,0.0,0.0,0.0,496
2023-05-11 09:46:27,IO2312-C-4600,IO2312-C-4600,31.0,0.0,0.0,0.0,9,31.2,33.2,11,31.0,32.2,0.0,0.0,0.0,0.0,496
2023-05-11 09:46:27,IO2312-C-4600,IO2312-C-4600,31.0,0.0,0.0,0.0,6,31.4,33.2,11,31.0,32.2,0.0,0.0,0.0,0.0,496
2023-05-11 09:46:28,IO2312-C-4600,IO2312-C-4600,31.0,0.0,0.0,0.0,6,31.0,33.2,11,31.0,32.2,0.0,0.0,0.0,0.0,496
2023-05-11 09:46:28,IO2312-C-4600,IO2312-C-4600,31.0,0.0,0.0,0.0,12,31.0,33.2,11,31.0,32.2,0.0,0.0,0.0,0.0,496
2023-05-11 09:46:29,IO2312-C-4600,IO2312-C-4600,31.0,0.0,0.0,0.0,6,31.2,33.2,11,31.0,32.2,0.0,0.0,0.0,0.0,496
2023-05-11 09:46:29,IO2312-C-4600,IO2312-C-4600,31.0,0.0,0.0,0.0,9,31.2,33.2,11,31.0,32.2,0.0,0.0,0.0,0.0,496
2023-05-11 09:46:30,IO2312-C-4600,IO2312-C-4600,31.0,0.0,0.0,0.0,6,31.4,33.2,11,31.0,32.2,0.0,0.0,0.0,0.0,496
2023-05-11 09:46:36,IO2312-C-4600,IO2312-C-4600,31.0,0.0,0.0,0.0,6,31.4,33.2,9,31.0,32.2,0.0,0.0,0.0,0.0,496
2023-05-11 09:46:36,IO2312-C-4600,IO2312-C-4600,31.0,0.0,0.0,0.0,6,31.4,33.2,11,31.0,32.2,0.0,0.0,0.0,0.0,496
2023-05-11 09:46:37,IO2312-C-4600,IO2312-C-4600,31.0,0.0,0.0,0.0,6,31.4,33.2,9,31.0,32.2,0.0,0.0,0.0,0.0,496
2023-05-11 09:46:44,IO2312-C-4600,IO2312-C-4600,31.0,0.0,0.0,0.0,9,31.4,33.2,9,31.0,32.2,0.0,0.0,0.0,0.0,496
2023-05-11 09:46:44,IO2312-C-4600,IO2312-C-4600,31.0,0.0,0.0,0.0,6,31.6,33.2,9,31.0,32.2,0.0,0.0,0.0,0.0,496
2023-05-11 09:46:45,IO2312-C-4600,IO2312-C-4600,31.0,0.0,0.0,0.0,6,31.0,33.2,9,31.0,32.2,0.0,0.0,0.0,0.0,496
2023-05-11 09:46:45,IO2312-C-4600,IO2312-C-4600,31.0,0.0,0.0,0.0,6,31.2,33.2,9,31.0,32.2,0.0,0.0,0.0,0.0,496
2023-05-11 09:46:46,IO2312-C-4600,IO2312-C-4600,31.0,0.0,0.0,0.0,6,31.4,33.2,9,31.0,32.2,0.0,0.0,0.0,0.0,496
2023-05-11 09:46:47,IO2312-C-4600,IO2312-C-4600,31.0,0.0,0.0,0.0,3,31.2,33.2,9,31.0,32.2,0.0,0.0,0.0,0.0,496
2023-05-11 09:46:47,IO2312-C-4600,IO2312-C-4600,31.0,0.0,0.0,0.0,6,31.4,33.2,9,31.0,32.2,0.0,0.0,0.0,0.0,496
2023-05-11 09:46:51,IO2312-C-4600,IO2312-C-4600,31.0,0.0,0.0,0.0,6,31.4,33.2,12,31.0,32.2,0.0,0.0,0.0,0.0,496
2023-05-11 09:46:52,IO2312-C-4600,IO2312-C-4600,31.0,0.0,0.0,0.0,6,31.2,33.2,12,31.0,32.2,0.0,0.0,0.0,0.0,496
2023-05-11 09:46:54,IO2312-C-4600,IO2312-C-4600,31.0,0.0,0.0,0.0,9,31.2,33.2,12,31.0,32.2,0.0,0.0,0.0,0.0,496
2023-05-11 09:46:54,IO2312-C-4600,IO2312-C-4600,31.0,0.0,0.0,0.0,6,31.4,33.2,12,31.0,32.2,0.0,0.0,0.0,0.0,496
2023-05-11 09:46:55,IO2312-C-4600,IO2312-C-4600,31.0,0.0,0.0,0.0,6,31.0,33.2,12,31.0,32.2,0.0,0.0,0.0,0.0,496
2023-05-11 09:46:55,IO2312-C-4600,IO2312-C-4600,31.0,0.0,0.0,0.0,12,31.0,33.2,12,31.0,32.2,0.0,0.0,0.0,0.0,496
2023-05-11 09:46:56,IO2312-C-4600,IO2312-C-4600,31.0,0.0,0.0,0.0,6,31.2,33.2,12,31.0,32.2,0.0,0.0,0.0,0.0,496
2023-05-11 09:46:57,IO2312-C-4600,IO2312-C-4600,31.0,0.0,0.0,0.0,9,31.2,33.2,12,31.0,32.2,0.0,0.0,0.0,0.0,496
2023-05-11 09:46:57,IO2312-C-4600,IO2312-C-4600,31.0,0.0,0.0,0.0,6,31.4,33.2,12,31.0,32.2,0.0,0.0,0.0,0.0,496
2023-05-11 09:46:58,IO2312-C-4600,IO2312-C-4600,31.0,0.0,0.0,0.0,6,31.2,33.2,12,31.0,32.2,0.0,0.0,0.0,0.0,496
2023-05-11 09:46:58,IO2312-C-4600,IO2312-C-4600,31.0,0.0,0.0,0.0,9,31.2,33.2,12,31.0,32.2,0.0,0.0,0.0,0.0,496
2023-05-11 09:46:59,IO2312-C-4600,IO2312-C-4600,31.0,0.0,0.0,0.0,6,31.4,33.2,12,31.0,32.2,0.0,0.0,0.0,0.0,496
2023-05-11 09:47:00,IO2312-C-4600,IO2312-C-4600,31.0,0.0,0.0,0.0,6,31.2,33.2,12,31.0,32.2,0.0,0.0,0.0,0.0,496
2023-05-11 09:47:00,IO2312-C-4600,IO2312-C-4600,31.0,0.0,0.0,0.0,9,31.2,33.2,12,31.0,32.2,0.0,0.0,0.0,0.0,496
2023-05-11 09:47:01,IO2312-C-4600,IO2312-C-4600,31.0,0.0,0.0,0.0,6,31.4,33.2,12,31.0,32.2,0.0,0.0,0.0,0.0,496
2023-05-11 09:47:02,IO2312-C-4600,IO2312-C-4600,31.0,0.0,0.0,0.0,6,31.2,33.2,12,31.0,32.2,0.0,0.0,0.0,0.0,496
2023-05-11 09:47:02,IO2312-C-4600,IO2312-C-4600,31.0,0.0,0.0,0.0,9,31.2,33.2,12,31.0,32.2,0.0,0.0,0.0,0.0,496
2023-05-11 09:47:03,IO2312-C-4600,IO2312-C-4600,31.0,0.0,0.0,0.0,6,31.4,33.2,12,31.0,32.2,0.0,0.0,0.0,0.0,496
2023-05-11 09:47:03,IO2312-C-4600,IO2312-C-4600,31.0,0.0,0.0,0.0,6,31.2,33.2,12,31.0,32.2,0.0,0.0,0.0,0.0,496
2023-05-11 09:47:06,IO2312-C-4600,IO2312-C-4600,31.0,0.0,0.0,0.0,12,31.2,33.2,12,31.0,32.2,0.0,0.0,0.0,0.0,496
2023-05-11 09:47:07,IO2312-C-4600,IO2312-C-4600,31.0,0.0,0.0,0.0,6,31.4,33.2,12,31.0,32.2,0.0,0.0,0.0,0.0,496
2023-05-11 09:47:07,IO2312-C-4600,IO2312-C-4600,31.0,0.0,0.0,0.0,6,31.0,33.2,12,31.0,32.2,0.0,0.0,0.0,0.0,496
2023-05-11 09:47:08,IO2312-C-4600,IO2312-C-4600,31.0,0.0,0.0,0.0,3,31.2,33.2,12,31.0,32.2,0.0,0.0,0.0,0.0,496
2023-05-11 09:47:08,IO2312-C-4600,IO2312-C-4600,31.0,0.0,0.0,0.0,6,31.4,33.2,12,31.0,32.2,0.0,0.0,0.0,0.0,496
2023-05-11 09:47:09,IO2312-C-4600,IO2312-C-4600,31.0,0.0,0.0,0.0,6,31.2,33.2,12,31.0,32.2,0.0,0.0,0.0,0.0,496
2023-05-11 09:47:12,IO2312-C-4600,IO2312-C-4600,31.0,0.0,0.0,0.0,9,31.2,33.2,12,31.0,32.2,0.0,0.0,0.0,0.0,496
2023-05-11 09:47:12,IO2312-C-4600,IO2312-C-4600,31.0,0.0,0.0,0.0,6,31.4,33.2,12,31.0,32.2,0.0,0.0,0.0,0.0,496
2023-05-11 09:47:13,IO2312-C-4600,IO2312-C-4600,31.0,0.0,0.0,0.0,6,31.2,33.2,12,31.0,32.2,0.0,0.0,0.0,0.0,496
2023-05-11 09:47:14,IO2312-C-4600,IO2312-C-4600,31.0,0.0,0.0,0.0,9,31.2,33.2,12,31.0,32.2,0.0,0.0,0.0,0.0,496
2023-05-11 09:47:15,IO2312-C-4600,IO2312-C-4600,31.0,0.0,0.0,0.0,6,31.4,33.2,12,31.0,32.2,0.0,0.0,0.0,0.0,496
2023-05-11 09:47:16,IO2312-C-4600,IO2312-C-4600,31.0,0.0,0.0,0.0,6,31.2,33.2,12,31.0,32.2,0.0,0.0,0.0,0.0,496
2023-05-11 09:47:16,IO2312-C-4600,IO2312-C-4600,31.0,0.0,0.0,0.0,9,31.2,33.2,12,31.0,32.2,0.0,0.0,0.0,0.0,496
2023-05-11 09:47:17,IO2312-C-4600,IO2312-C-4600,31.0,0.0,0.0,0.0,6,31.4,33.2,12,31.0,32.2,0.0,0.0,0.0,0.0,496
2023-05-11 09:47:18,IO2312-C-4600,IO2312-C-4600,31.0,0.0,0.0,0.0,6,31.2,33.2,12,31.0,32.2,0.0,0.0,0.0,0.0,496
2023-05-11 09:47:18,IO2312-C-4600,IO2312-C-4600,31.0,0.0,0.0,0.0,9,31.2,33.2,12,31.0,32.2,0.0,0.0,0.0,0.0,496
2023-05-11 09:47:19,IO2312-C-4600,IO2312-C-4600,31.0,0.0,0.0,0.0,6,31.4,33.2,12,31.0,32.2,0.0,0.0,0.0,0.0,496
2023-05-11 09:47:20,IO2312-C-4600,IO2312-C-4600,31.0,0.0,0.0,0.0,6,31.2,33.2,12,31.0,32.2,0.0,0.0,0.0,0.0,496
2023-05-11 09:47:20,IO2312-C-4600,IO2312-C-4600,31.0,0.0,0.0,0.0,9,31.2,33.2,12,31.0,32.2,0.0,0.0,0.0,0.0,496
2023-05-11 09:47:21,IO2312-C-4600,IO2312-C-4600,31.0,0.0,0.0,0.0,6,31.4,33.2,12,31.0,32.2,0.0,0.0,0.0,0.0,496
2023-05-11 09:47:22,IO2312-C-4600,IO2312-C-4600,31.0,0.0,0.0,0.0,6,31.2,33.2,12,31.0,32.2,0.0,0.0,0.0,0.0,496
2023-05-11 09:47:25,IO2312-C-4600,IO2312-C-4600,31.0,0.0,0.0,0.0,9,31.2,33.2,12,31.0,32.2,0.0,0.0,0.0,0.0,496
2023-05-11 09:47:26,IO2312-C-4600,IO2312-C-4600,31.0,0.0,0.0,0.0,6,31.4,33.2,12,31.0,32.2,0.0,0.0,0.0,0.0,496
2023-05-11 09:47:27,IO2312-C-4600,IO2312-C-4600,31.0,0.0,0.0,0.0,9,31.2,33.2,12,31.0,32.2,0.0,0.0,0.0,0.0,496
2023-05-11 09:47:27,IO2312-C-4600,IO2312-C-4600,31.0,0.0,0.0,0.0,6,31.4,33.2,12,31.0,32.2,0.0,0.0,0.0,0.0,496
2023-05-11 09:47:28,IO2312-C-4600,IO2312-C-4600,31.0,0.0,0.0,0.0,6,31.2,33.2,12,31.0,32.2,0.0,0.0,0.0,0.0,496
2023-05-11 09:47:30,IO2312-C-4600,IO2312-C-4600,31.0,0.0,0.0,0.0,9,31.2,33.2,12,31.0,32.2,0.0,0.0,0.0,0.0,496
2023-05-11 09:47:31,IO2312-C-4600,IO2312-C-4600,31.0,0.0,0.0,0.0,6,31.4,33.2,12,31.0,32.2,0.0,0.0,0.0,0.0,496
2023-05-11 09:47:32,IO2312-C-4600,IO2312-C-4600,31.0,0.0,0.0,0.0,9,31.2,33.2,12,31.0,32.2,0.0,0.0,0.0,0.0,496
2023-05-11 09:47:32,IO2312-C-4600,IO2312-C-4600,31.0,0.0,0.0,0.0,6,31.4,33.2,12,31.0,32.2,0.0,0.0,0.0,0.0,496
2023-05-11 09:47:34,IO2312-C-4600,IO2312-C-4600,31.0,0.0,0.0,0.0,6,31.4,33.2,10,31.0,32.2,0.0,0.0,0.0,0.0,496
2023-05-11 09:47:37,IO2312-C-4600,IO2312-C-4600,31.0,0.0,0.0,0.0,6,31.4,33.2,12,31.0,32.2,0.0,0.0,0.0,0.0,496
2023-05-11 09:47:40,IO2312-C-4600,IO2312-C-4600,31.0,0.0,0.0,0.0,6,31.4,33.2,11,31.0,32.2,0.0,0.0,0.0,0.0,496
2023-05-11 09:47:41,IO2312-C-4600,IO2312-C-4600,31.0,0.0,0.0,0.0,6,31.4,33.2,9,31.0,32.2,0.0,0.0,0.0,0.0,496
2023-05-11 09:48:02,IO2312-C-4600,IO2312-C-4600,31.0,0.0,0.0,0.0,6,31.4,33.2,15,31.0,32.2,0.0,0.0,0.0,0.0,496
2023-05-11 09:48:03,IO2312-C-4600,IO2312-C-4600,31.0,0.0,0.0,0.0,6,31.4,33.2,9,31.0,32.2,0.0,0.0,0.0,0.0,496
2023-05-11 09:48:05,IO2312-C-4600,IO2312-C-4600,31.0,0.0,0.0,0.0,6,31.4,33.2,11,31.0,32.2,0.0,0.0,0.0,0.0,496
2023-05-11 09:48:08,IO2312-C-4600,IO2312-C-4600,31.0,0.0,0.0,0.0,6,31.2,33.2,11,31.0,32.2,0.0,0.0,0.0,0.0,496
2023-05-11 09:48:08,IO2312-C-4600,IO2312-C-4600,31.0,0.0,0.0,0.0,9,31.2,33.2,11,31.0,32.2,0.0,0.0,0.0,0.0,496
2023-05-11 09:48:09,IO2312-C-4600,IO2312-C-4600,31.0,0.0,0.0,0.0,6,31.4,33.2,11,31.0,32.2,0.0,0.0,0.0,0.0,496
2023-05-11 09:48:10,IO2312-C-4600,IO2312-C-4600,31.0,0.0,0.0,0.0,6,31.2,33.2,11,31.0,32.2,0.0,0.0,0.0,0.0,496
2023-05-11 09:48:10,IO2312-C-4600,IO2312-C-4600,31.0,0.0,0.0,0.0,9,31.2,33.2,11,31.0,32.2,0.0,0.0,0.0,0.0,496
2023-05-11 09:48:11,IO2312-C-4600,IO2312-C-4600,31.0,0.0,0.0,0.0,6,31.4,33.2,11,31.0,32.2,0.0,0.0,0.0,0.0,496
2023-05-11 09:48:12,IO2312-C-4600,IO2312-C-4600,31.0,0.0,0.0,0.0,6,31.2,33.2,11,31.0,32.2,0.0,0.0,0.0,0.0,496
2023-05-11 09:48:12,IO2312-C-4600,IO2312-C-4600,31.0,0.0,0.0,0.0,9,31.2,33.2,11,31.0,32.2,0.0,0.0,0.0,0.0,496
2023-05-11 09:48:13,IO2312-C-4600,IO2312-C-4600,31.0,0.0,0.0,0.0,6,31.4,33.2,11,31.0,32.2,0.0,0.0,0.0,0.0,496
2023-05-11 09:48:14,IO2312-C-4600,IO2312-C-4600,31.0,0.0,0.0,0.0,6,31.2,33.2,11,31.0,32.2,0.0,0.0,0.0,0.0,496
2023-05-11 09:48:14,IO2312-C-4600,IO2312-C-4600,31.0,0.0,0.0,0.0,9,31.2,33.2,11,31.0,32.2,0.0,0.0,0.0,0.0,496
2023-05-11 09:48:15,IO2312-C-4600,IO2312-C-4600,31.0,0.0,0.0,0.0,6,31.4,33.2,11,31.0,32.2,0.0,0.0,0.0,0.0,496
2023-05-11 09:48:16,IO2312-C-4600,IO2312-C-4600,31.0,0.0,0.0,0.0,6,31.2,33.2,11,31.0,32.2,0.0,0.0,0.0,0.0,496
2023-05-11 09:48:16,IO2312-C-4600,IO2312-C-4600,31.0,0.0,0.0,0.0,9,31.2,33.2,12,31.0,32.2,0.0,0.0,0.0,0.0,496
2023-05-11 09:48:17,IO2312-C-4600,IO2312-C-4600,31.0,0.0,0.0,0.0,6,31.4,33.2,12,31.0,32.2,0.0,0.0,0.0,0.0,496
2023-05-11 09:48:18,IO2312-C-4600,IO2312-C-4600,31.0,0.0,0.0,0.0,6,31.2,33.2,12,31.0,32.2,0.0,0.0,0.0,0.0,496
2023-05-11 09:48:21,IO2312-C-4600,IO2312-C-4600,31.0,0.0,0.0,0.0,9,31.2,33.2,12,31.0,32.2,0.0,0.0,0.0,0.0,496
2023-05-11 09:48:22,IO2312-C-4600,IO2312-C-4600,31.0,0.0,0.0,0.0,6,31.4,33.2,12,31.0,32.2,0.0,0.0,0.0,0.0,496
2023-05-11 09:48:23,IO2312-C-4600,IO2312-C-4600,31.0,0.0,0.0,0.0,6,31.2,33.2,12,31.0,32.2,0.0,0.0,0.0,0.0,496
2023-05-11 09:48:23,IO2312-C-4600,IO2312-C-4600,31.0,0.0,0.0,0.0,9,31.2,33.2,12,31.0,32.2,0.0,0.0,0.0,0.0,496
2023-05-11 09:48:24,IO2312-C-4600,IO2312-C-4600,31.0,0.0,0.0,0.0,6,31.4,33.2,12,31.0,32.2,0.0,0.0,0.0,0.0,496
2023-05-11 09:48:24,IO2312-C-4600,IO2312-C-4600,31.0,0.0,0.0,0.0,6,31.4,33.2,10,31.0,32.2,0.0,0.0,0.0,0.0,496
2023-05-11 09:48:25,IO2312-C-4600,IO2312-C-4600,31.0,0.0,0.0,0.0,6,31.2,33.2,10,31.0,32.2,0.0,0.0,0.0,0.0,496
2023-05-11 09:48:26,IO2312-C-4600,IO2312-C-4600,31.0,0.0,0.0,0.0,9,31.2,33.2,10,31.0,32.2,0.0,0.0,0.0,0.0,496
2023-05-11 09:48:26,IO2312-C-4600,IO2312-C-4600,31.0,0.0,0.0,0.0,6,31.4,33.2,10,31.0,32.2,0.0,0.0,0.0,0.0,496
2023-05-11 09:48:27,IO2312-C-4600,IO2312-C-4600,31.0,0.0,0.0,0.0,6,31.4,33.2,12,31.0,32.2,0.0,0.0,0.0,0.0,496
2023-05-11 09:48:27,IO2312-C-4600,IO2312-C-4600,31.0,0.0,0.0,0.0,6,31.2,33.2,12,31.0,32.2,0.0,0.0,0.0,0.0,496
2023-05-11 09:48:28,IO2312-C-4600,IO2312-C-4600,31.0,0.0,0.0,0.0,9,31.2,33.2,12,31.0,32.2,0.0,0.0,0.0,0.0,496
2023-05-11 09:48:28,IO2312-C-4600,IO2312-C-4600,31.0,0.0,0.0,0.0,6,31.4,33.2,12,31.0,32.2,0.0,0.0,0.0,0.0,496
2023-05-11 09:48:29,IO2312-C-4600,IO2312-C-4600,31.0,0.0,0.0,0.0,6,31.2,33.2,12,31.0,32.2,0.0,0.0,0.0,0.0,496
2023-05-11 09:48:30,IO2312-C-4600,IO2312-C-4600,31.0,0.0,0.0,0.0,9,31.2,33.2,12,31.0,32.2,0.0,0.0,0.0,0.0,496
2023-05-11 09:48:30,IO2312-C-4600,IO2312-C-4600,31.0,0.0,0.0,0.0,6,31.4,33.2,12,31.0,32.2,0.0,0.0,0.0,0.0,496
2023-05-11 09:48:31,IO2312-C-4600,IO2312-C-4600,31.0,0.0,0.0,0.0,6,31.4,33.2,10,31.0,32.2,0.0,0.0,0.0,0.0,496
2023-05-11 09:48:31,IO2312-C-4600,IO2312-C-4600,31.0,0.0,0.0,0.0,6,31.2,33.2,10,31.0,32.2,0.0,0.0,0.0,0.0,496
2023-05-11 09:48:32,IO2312-C-4600,IO2312-C-4600,31.0,0.0,0.0,0.0,9,31.2,33.2,10,31.0,32.2,0.0,0.0,0.0,0.0,496
2023-05-11 09:48:32,IO2312-C-4600,IO2312-C-4600,31.0,0.0,0.0,0.0,6,31.4,33.2,10,31.0,32.2,0.0,0.0,0.0,0.0,496
2023-05-11 09:48:33,IO2312-C-4600,IO2312-C-4600,31.0,0.0,0.0,0.0,6,31.2,33.2,10,31.0,32.2,0.0,0.0,0.0,0.0,496
2023-05-11 09:48:34,IO2312-C-4600,IO2312-C-4600,31.0,0.0,0.0,0.0,9,31.2,33.2,10,31.0,32.2,0.0,0.0,0.0,0.0,496
2023-05-11 09:48:34,IO2312-C-4600,IO2312-C-4600,31.0,0.0,0.0,0.0,6,31.4,33.2,10,31.0,32.2,0.0,0.0,0.0,0.0,496
2023-05-11 09:48:35,IO2312-C-4600,IO2312-C-4600,31.0,0.0,0.0,0.0,6,31.2,33.2,10,31.0,32.2,0.0,0.0,0.0,0.0,496
2023-05-11 09:48:36,IO2312-C-4600,IO2312-C-4600,31.0,0.0,0.0,0.0,9,31.2,33.2,10,31.0,32.2,0.0,0.0,0.0,0.0,496
2023-05-11 09:48:36,IO2312-C-4600,IO2312-C-4600,31.0,0.0,0.0,0.0,6,31.4,33.2,9,31.0,32.2,0.0,0.0,0.0,0.0,496
2023-05-11 09:48:41,IO2312-C-4600,IO2312-C-4600,31.0,0.0,0.0,0.0,6,31.2,33.2,9,31.0,32.2,0.0,0.0,0.0,0.0,496
2023-05-11 09:48:42,IO2312-C-4600,IO2312-C-4600,31.0,0.0,0.0,0.0,9,31.2,33.2,9,31.0,32.2,0.0,0.0,0.0,0.0,496
2023-05-11 09:48:43,IO2312-C-4600,IO2312-C-4600,31.0,0.0,0.0,0.0,6,31.4,33.2,9,31.0,32.2,0.0,0.0,0.0,0.0,496
2023-05-11 09:48:46,IO2312-C-4600,IO2312-C-4600,31.0,0.0,0.0,0.0,9,31.2,33.2,9,31.0,32.2,0.0,0.0,0.0,0.0,496
2023-05-11 09:48:46,IO2312-C-4600,IO2312-C-4600,31.0,0.0,0.0,0.0,6,31.4,33.2,9,31.0,32.2,0.0,0.0,0.0,0.0,496
2023-05-11 09:48:53,IO2312-C-4600,IO2312-C-4600,31.0,0.0,0.0,0.0,6,31.2,33.2,9,31.0,32.2,0.0,0.0,0.0,0.0,496
2023-05-11 09:48:53,IO2312-C-4600,IO2312-C-4600,31.0,0.0,0.0,0.0,9,31.2,33.2,9,31.0,32.2,0.0,0.0,0.0,0.0,496
2023-05-11 09:48:54,IO2312-C-4600,IO2312-C-4600,31.0,0.0,0.0,0.0,6,31.4,33.2,9,31.0,32.2,0.0,0.0,0.0,0.0,496
2023-05-11 09:48:55,IO2312-C-4600,IO2312-C-4600,31.0,0.0,0.0,0.0,6,31.2,33.2,9,31.0,32.2,0.0,0.0,0.0,0.0,496
2023-05-11 09:48:55,IO2312-C-4600,IO2312-C-4600,31.0,0.0,0.0,0.0,9,31.2,33.2,9,31.0,32.2,0.0,0.0,0.0,0.0,496
2023-05-11 09:48:56,IO2312-C-4600,IO2312-C-4600,31.0,0.0,0.0,0.0,6,31.4,33.2,9,31.0,32.2,0.0,0.0,0.0,0.0,496
2023-05-11 09:48:57,IO2312-C-4600,IO2312-C-4600,31.0,0.0,0.0,0.0,6,31.2,33.2,9,31.0,32.2,0.0,0.0,0.0,0.0,496
2023-05-11 09:48:57,IO2312-C-4600,IO2312-C-4600,31.0,0.0,0.0,0.0,9,31.2,33.2,9,31.0,32.2,0.0,0.0,0.0,0.0,496
2023-05-11 09:48:58,IO2312-C-4600,IO2312-C-4600,31.0,0.0,0.0,0.0,6,31.4,33.2,9,31.0,32.2,0.0,0.0,0.0,0.0,496
2023-05-11 09:49:01,IO2312-C-4600,IO2312-C-4600,31.0,0.0,0.0,0.0,9,31.4,33.2,9,31.0,32.2,0.0,0.0,0.0,0.0,496
2023-05-11 09:49:02,IO2312-C-4600,IO2312-C-4600,31.0,0.0,0.0,0.0,6,31.6,33.2,9,31.0,32.2,0.0,0.0,0.0,0.0,496
2023-05-11 09:49:03,IO2312-C-4600,IO2312-C-4600,31.0,0.0,0.0,0.0,8,31.6,33.2,9,31.0,32.2,0.0,0.0,0.0,0.0,496
2023-05-11 09:49:04,IO2312-C-4600,IO2312-C-4600,31.0,0.0,0.0,0.0,2,31.6,33.2,9,31.0,32.2,0.0,0.0,0.0,0.0,496
2023-05-11 09:49:04,IO2312-C-4600,IO2312-C-4600,31.0,0.0,0.0,0.0,8,31.6,33.2,15,31.0,32.2,0.0,0.0,0.0,0.0,496
2023-05-11 09:49:05,IO2312-C-4600,IO2312-C-4600,31.0,0.0,0.0,0.0,2,31.6,33.0,6,31.0,32.2,0.0,0.0,0.0,0.0,496
2023-05-11 09:49:06,IO2312-C-4600,IO2312-C-4600,31.0,0.0,0.0,0.0,2,31.6,33.0,9,31.0,32.2,0.0,0.0,0.0,0.0,496
2023-05-11 09:49:09,IO2312-C-4600,IO2312-C-4600,31.0,0.0,0.0,0.0,8,31.6,33.0,3,31.0,32.2,0.0,0.0,0.0,0.0,496
2023-05-11 09:49:10,IO2312-C-4600,IO2312-C-4600,31.0,0.0,0.0,0.0,8,31.6,33.2,12,31.0,32.2,0.0,0.0,0.0,0.0,496
2023-05-11 09:49:10,IO2312-C-4600,IO2312-C-4600,31.0,0.0,0.0,0.0,8,31.6,33.2,14,31.0,32.2,0.0,0.0,0.0,0.0,496
2023-05-11 09:49:11,IO2312-C-4600,IO2312-C-4600,31.0,0.0,0.0,0.0,8,31.6,33.2,17,31.0,32.2,0.0,0.0,0.0,0.0,496
2023-05-11 09:49:19,IO2312-C-4600,IO2312-C-4600,31.0,0.0,0.0,0.0,6,31.8,33.2,11,31.0,32.2,0.0,0.0,0.0,0.0,496
2023-05-11 09:49:27,IO2312-C-4600,IO2312-C-4600,31.0,0.0,0.0,0.0,8,31.6,33.2,17,31.0,32.2,0.0,0.0,0.0,0.0,496
2023-05-11 09:49:45,IO2312-C-4600,IO2312-C-4600,31.0,0.0,0.0,0.0,6,31.8,33.2,11,31.0,32.2,0.0,0.0,0.0,0.0,496
2023-05-11 09:49:47,IO2312-C-4600,IO2312-C-4600,31.0,0.0,0.0,0.0,6,31.8,33.2,9,31.0,32.2,0.0,0.0,0.0,0.0,496
2023-05-11 09:49:47,IO2312-C-4600,IO2312-C-4600,31.0,0.0,0.0,0.0,6,31.8,33.2,11,31.0,32.2,0.0,0.0,0.0,0.0,496
2023-05-11 09:49:53,IO2312-C-4600,IO2312-C-4600,31.0,0.0,0.0,0.0,8,31.6,33.2,17,31.0,32.2,0.0,0.0,0.0,0.0,496
2023-05-11 09:49:54,IO2312-C-4600,IO2312-C-4600,31.0,0.0,0.0,0.0,6,31.8,33.2,9,31.0,32.2,0.0,0.0,0.0,0.0,496
2023-05-11 09:50:02,IO2312-C-4600,IO2312-C-4600,31.0,0.0,0.0,0.0,2,31.6,33.2,11,31.0,32.2,0.0,0.0,0.0,0.0,496
2023-05-11 09:50:03,IO2312-C-4600,IO2312-C-4600,31.0,0.0,0.0,0.0,8,31.6,33.2,17,31.0,32.2,0.0,0.0,0.0,0.0,496
2023-05-11 09:50:08,IO2312-C-4600,IO2312-C-4600,31.0,0.0,0.0,0.0,8,31.6,33.2,15,31.0,32.2,0.0,0.0,0.0,0.0,496
2023-05-11 09:50:12,IO2312-C-4600,IO2312-C-4600,31.0,0.0,0.0,0.0,6,31.8,33.2,9,31.0,32.2,0.0,0.0,0.0,0.0,496
2023-05-11 09:50:27,IO2312-C-4600,IO2312-C-4600,31.0,0.0,0.0,0.0,8,31.6,33.2,9,31.0,32.2,0.0,0.0,0.0,0.0,496
2023-05-11 09:50:28,IO2312-C-4600,IO2312-C-4600,31.0,0.0,0.0,0.0,8,31.6,33.2,15,31.0,32.2,0.0,0.0,0.0,0.0,496
2023-05-11 09:50:28,IO2312-C-4600,IO2312-C-4600,31.0,0.0,0.0,0.0,6,31.8,33.2,9,31.0,32.2,0.0,0.0,0.0,0.0,496
2023-05-11 09:50:32,IO2312-C-4600,IO2312-C-4600,31.0,0.0,0.0,0.0,6,31.8,33.2,3,31.0,32.2,0.0,0.0,0.0,0.0,496
2023-05-11 09:50:33,IO2312-C-4600,IO2312-C-4600,31.0,0.0,0.0,0.0,6,31.8,33.4,12,31.0,32.2,0.0,0.0,0.0,0.0,496
2023-05-11 09:50:33,IO2312-C-4600,IO2312-C-4600,31.0,0.0,0.0,0.0,6,31.8,33.4,6,31.0,32.2,0.0,0.0,0.0,0.0,496
2023-05-11 09:50:34,IO2312-C-4600,IO2312-C-4600,31.0,0.0,0.0,0.0,6,31.8,33.4,3,31.0,32.2,0.0,0.0,0.0,0.0,496
2023-05-11 09:50:34,IO2312-C-4600,IO2312-C-4600,31.0,0.0,0.0,0.0,6,31.8,33.6,43,31.0,32.2,0.0,0.0,0.0,0.0,496
2023-05-11 09:50:35,IO2312-C-4600,IO2312-C-4600,31.0,0.0,0.0,0.0,6,31.8,33.4,6,31.0,32.2,0.0,0.0,0.0,0.0,496
2023-05-11 09:50:35,IO2312-C-4600,IO2312-C-4600,31.0,0.0,0.0,0.0,6,31.8,33.4,9,31.0,32.2,0.0,0.0,0.0,0.0,496
2023-05-11 09:50:36,IO2312-C-4600,IO2312-C-4600,31.0,0.0,0.0,0.0,6,31.8,33.4,3,31.0,32.2,0.0,0.0,0.0,0.0,496
2023-05-11 09:50:37,IO2312-C-4600,IO2312-C-4600,31.0,0.0,0.0,0.0,6,31.8,33.6,21,31.0,32.2,0.0,0.0,0.0,0.0,496
2023-05-11 09:50:38,IO2312-C-4600,IO2312-C-4600,31.0,0.0,0.0,0.0,6,31.8,33.6,20,31.0,32.2,0.0,0.0,0.0,0.0,496
2023-05-11 09:50:38,IO2312-C-4600,IO2312-C-4600,31.0,0.0,0.0,0.0,6,31.8,33.6,23,31.0,32.2,0.0,0.0,0.0,0.0,496
2023-05-11 09:50:39,IO2312-C-4600,IO2312-C-4600,31.0,0.0,0.0,0.0,6,31.8,33.6,21,31.0,32.2,0.0,0.0,0.0,0.0,496
2023-05-11 09:50:40,IO2312-C-4600,IO2312-C-4600,31.0,0.0,0.0,0.0,6,31.8,33.6,23,31.0,32.2,0.0,0.0,0.0,0.0,496
2023-05-11 09:50:41,IO2312-C-4600,IO2312-C-4600,31.0,0.0,0.0,0.0,6,31.8,33.6,21,31.0,32.2,0.0,0.0,0.0,0.0,496
2023-05-11 09:50:41,IO2312-C-4600,IO2312-C-4600,31.0,0.0,0.0,0.0,6,31.8,33.6,23,31.0,32.2,0.0,0.0,0.0,0.0,496
2023-05-11 09:50:47,IO2312-C-4600,IO2312-C-4600,31.0,0.0,0.0,0.0,6,31.8,33.6,21,31.0,32.2,0.0,0.0,0.0,0.0,496
2023-05-11 09:50:48,IO2312-C-4600,IO2312-C-4600,31.0,0.0,0.0,0.0,6,31.8,33.6,23,31.0,32.2,0.0,0.0,0.0,0.0,496
2023-05-11 09:50:53,IO2312-C-4600,IO2312-C-4600,31.0,0.0,0.0,0.0,6,31.8,33.6,15,31.0,32.2,0.0,0.0,0.0,0.0,496
2023-05-11 09:50:53,IO2312-C-4600,IO2312-C-4600,31.0,0.0,0.0,0.0,6,31.8,33.6,17,31.0,32.2,0.0,0.0,0.0,0.0,496
2023-05-11 09:50:54,IO2312-C-4600,IO2312-C-4600,31.0,0.0,0.0,0.0,6,31.8,33.6,15,31.0,32.2,0.0,0.0,0.0,0.0,496
2023-05-11 09:50:54,IO2312-C-4600,IO2312-C-4600,31.0,0.0,0.0,0.0,6,31.8,33.6,9,31.0,32.2,0.0,0.0,0.0,0.0,496
2023-05-11 09:50:55,IO2312-C-4600,IO2312-C-4600,31.0,0.0,0.0,0.0,9,31.8,33.6,11,31.0,32.2,0.0,0.0,0.0,0.0,496
2023-05-11 09:50:55,IO2312-C-4600,IO2312-C-4600,31.0,0.0,0.0,0.0,9,31.8,33.4,6,31.0,32.2,0.0,0.0,0.0,0.0,496
2023-05-11 09:50:56,IO2312-C-4600,IO2312-C-4600,31.0,0.0,0.0,0.0,9,31.8,33.4,9,31.0,32.2,0.0,0.0,0.0,0.0,496
2023-05-11 09:50:56,IO2312-C-4600,IO2312-C-4600,31.0,0.0,0.0,0.0,6,31.8,33.4,9,31.0,32.2,0.0,0.0,0.0,0.0,496
2023-05-11 09:50:57,IO2312-C-4600,IO2312-C-4600,31.0,0.0,0.0,0.0,6,31.8,33.4,3,31.0,32.2,0.0,0.0,0.0,0.0,496
2023-05-11 09:50:57,IO2312-C-4600,IO2312-C-4600,31.0,0.0,0.0,0.0,6,31.8,33.6,8,31.0,32.2,0.0,0.0,0.0,0.0,496
2023-05-11 09:50:58,IO2312-C-4600,IO2312-C-4600,31.0,0.0,0.0,0.0,6,31.8,33.6,9,31.0,32.2,0.0,0.0,0.0,0.0,496
2023-05-11 09:50:59,IO2312-C-4600,IO2312-C-4600,31.0,0.0,0.0,0.0,9,31.8,33.6,9,31.0,32.2,0.0,0.0,0.0,0.0,496
2023-05-11 09:50:59,IO2312-C-4600,IO2312-C-4600,31.0,0.0,0.0,0.0,9,31.8,33.4,6,31.0,32.2,0.0,0.0,0.0,0.0,496
2023-05-11 09:51:00,IO2312-C-4600,IO2312-C-4600,31.0,0.0,0.0,0.0,6,31.8,33.4,9,31.0,32.2,0.0,0.0,0.0,0.0,496
2023-05-11 09:51:00,IO2312-C-4600,IO2312-C-4600,31.0,0.0,0.0,0.0,6,31.8,33.4,3,31.0,32.2,0.0,0.0,0.0,0.0,496
2023-05-11 09:51:01,IO2312-C-4600,IO2312-C-4600,31.0,0.0,0.0,0.0,9,31.8,33.6,6,31.0,32.2,0.0,0.0,0.0,0.0,496
2023-05-11 09:51:02,IO2312-C-4600,IO2312-C-4600,31.0,0.0,0.0,0.0,9,31.8,33.6,9,31.0,32.2,0.0,0.0,0.0,0.0,496
2023-05-11 09:51:03,IO2312-C-4600,IO2312-C-4600,31.0,0.0,0.0,0.0,6,32.0,33.6,9,31.0,32.2,0.0,0.0,0.0,0.0,496
2023-05-11 09:51:04,IO2312-C-4600,IO2312-C-4600,31.0,0.0,0.0,0.0,9,31.8,33.6,9,31.0,32.2,0.0,0.0,0.0,0.0,496
2023-05-11 09:51:04,IO2312-C-4600,IO2312-C-4600,31.0,0.0,0.0,0.0,6,31.8,33.4,6,31.0,32.2,0.0,0.0,0.0,0.0,496
2023-05-11 09:51:05,IO2312-C-4600,IO2312-C-4600,31.0,0.0,0.0,0.0,6,31.8,33.4,3,31.0,32.2,0.0,0.0,0.0,0.0,496
2023-05-11 09:51:05,IO2312-C-4600,IO2312-C-4600,31.0,0.0,0.0,0.0,6,31.8,33.6,6,31.0,32.2,0.0,0.0,0.0,0.0,496
2023-05-11 09:51:06,IO2312-C-4600,IO2312-C-4600,31.0,0.0,0.0,0.0,6,31.8,33.6,8,31.0,32.2,0.0,0.0,0.0,0.0,496
2023-05-11 09:51:06,IO2312-C-4600,IO2312-C-4600,31.0,0.0,0.0,0.0,6,31.8,33.6,11,31.0,32.2,0.0,0.0,0.0,0.0,496
2023-05-11 09:51:07,IO2312-C-4600,IO2312-C-4600,31.0,0.0,0.0,0.0,6,31.8,33.4,6,31.0,32.2,0.0,0.0,0.0,0.0,496
2023-05-11 09:51:08,IO2312-C-4600,IO2312-C-4600,31.0,0.0,0.0,0.0,6,31.8,33.4,9,31.0,32.2,0.0,0.0,0.0,0.0,496
2023-05-11 09:51:08,IO2312-C-4600,IO2312-C-4600,31.0,0.0,0.0,0.0,11,31.6,33.4,9,31.0,32.2,0.0,0.0,0.0,0.0,496
2023-05-11 09:51:09,IO2312-C-4600,IO2312-C-4600,31.0,0.0,0.0,0.0,6,31.8,33.4,9,31.0,32.2,0.0,0.0,0.0,0.0,496
2023-05-11 09:51:14,IO2312-C-4600,IO2312-C-4600,31.0,0.0,0.0,0.0,6,31.8,33.4,3,31.0,32.2,0.0,0.0,0.0,0.0,496
2023-05-11 09:51:15,IO2312-C-4600,IO2312-C-4600,31.0,0.0,0.0,0.0,6,31.8,33.6,6,31.0,32.2,0.0,0.0,0.0,0.0,496
2023-05-11 09:51:16,IO2312-C-4600,IO2312-C-4600,31.0,0.0,0.0,0.0,6,31.8,33.6,9,31.0,32.2,0.0,0.0,0.0,0.0,496
2023-05-11 09:51:17,IO2312-C-4600,IO2312-C-4600,31.0,0.0,0.0,0.0,6,31.8,33.6,11,31.0,32.2,0.0,0.0,0.0,0.0,496
2023-05-11 09:51:17,IO2312-C-4600,IO2312-C-4600,31.0,0.0,0.0,0.0,6,31.8,33.6,9,31.0,32.2,0.0,0.0,0.0,0.0,496
2023-05-11 09:51:18,IO2312-C-4600,IO2312-C-4600,31.0,0.0,0.0,0.0,11,31.6,33.4,6,31.0,32.2,0.0,0.0,0.0,0.0,496
2023-05-11 09:51:18,IO2312-C-4600,IO2312-C-4600,31.0,0.0,0.0,0.0,11,31.6,33.4,9,31.0,32.2,0.0,0.0,0.0,0.0,496
2023-05-11 09:51:19,IO2312-C-4600,IO2312-C-4600,31.0,0.0,0.0,0.0,6,31.8,33.4,9,31.0,32.2,0.0,0.0,0.0,0.0,496
2023-05-11 09:51:19,IO2312-C-4600,IO2312-C-4600,31.0,0.0,0.0,0.0,8,31.6,33.4,9,31.0,32.2,0.0,0.0,0.0,0.0,496
2023-05-11 09:51:20,IO2312-C-4600,IO2312-C-4600,31.0,0.0,0.0,0.0,8,31.6,33.2,6,31.0,32.2,0.0,0.0,0.0,0.0,496
2023-05-11 09:51:20,IO2312-C-4600,IO2312-C-4600,31.0,0.0,0.0,0.0,8,31.6,33.2,9,31.0,32.2,0.0,0.0,0.0,0.0,496
2023-05-11 09:51:22,IO2312-C-4600,IO2312-C-4600,31.0,0.0,0.0,0.0,11,31.6,33.2,9,31.0,32.2,0.0,0.0,0.0,0.0,496
2023-05-11 09:51:22,IO2312-C-4600,IO2312-C-4600,31.0,0.0,0.0,0.0,8,31.6,33.2,9,31.0,32.2,0.0,0.0,0.0,0.0,496
2023-05-11 09:51:25,IO2312-C-4600,IO2312-C-4600,31.0,0.0,0.0,0.0,6,31.8,33.2,3,31.0,32.2,0.0,0.0,0.0,0.0,496
2023-05-11 09:51:26,IO2312-C-4600,IO2312-C-4600,31.0,0.0,0.0,0.0,6,31.8,33.4,12,31.0,32.2,0.0,0.0,0.0,0.0,496
2023-05-11 09:51:26,IO2312-C-4600,IO2312-C-4600,31.0,0.0,0.0,0.0,6,31.8,33.4,6,31.0,32.2,0.0,0.0,0.0,0.0,496
2023-05-11 09:51:27,IO2312-C-4600,IO2312-C-4600,31.0,0.0,0.0,0.0,6,31.8,33.4,9,31.0,32.2,0.0,0.0,0.0,0.0,496
2023-05-11 09:51:32,IO2312-C-4600,IO2312-C-4600,31.0,0.0,0.0,0.0,8,31.6,33.4,9,31.0,32.2,0.0,0.0,0.0,0.0,496
2023-05-11 09:51:32,IO2312-C-4600,IO2312-C-4600,31.0,0.0,0.0,0.0,8,31.6,33.2,6,31.0,32.2,0.0,0.0,0.0,0.0,496
2023-05-11 09:51:33,IO2312-C-4600,IO2312-C-4600,31.0,0.0,0.0,0.0,8,31.6,33.2,9,31.0,32.2,0.0,0.0,0.0,0.0,496
2023-05-11 09:51:34,IO2312-C-4600,IO2312-C-4600,31.0,0.0,0.0,0.0,11,31.6,33.2,9,31.0,32.2,0.0,0.0,0.0,0.0,496
2023-05-11 09:51:35,IO2312-C-4600,IO2312-C-4600,31.0,0.0,0.0,0.0,14,31.6,33.2,9,31.0,32.2,0.0,0.0,0.0,0.0,496
2023-05-11 09:51:36,IO2312-C-4600,IO2312-C-4600,31.0,0.0,0.0,0.0,11,31.6,33.2,9,31.0,32.2,0.0,0.0,0.0,0.0,496
2023-05-11 09:51:39,IO2312-C-4600,IO2312-C-4600,31.0,0.0,0.0,0.0,6,31.8,33.2,3,31.0,32.2,0.0,0.0,0.0,0.0,496
2023-05-11 09:51:40,IO2312-C-4600,IO2312-C-4600,31.0,0.0,0.0,0.0,6,31.8,33.4,12,31.0,32.2,0.0,0.0,0.0,0.0,496
2023-05-11 09:51:41,IO2312-C-4600,IO2312-C-4600,31.0,0.0,0.0,0.0,6,31.8,33.4,6,31.0,32.2,0.0,0.0,0.0,0.0,496
2023-05-11 09:51:41,IO2312-C-4600,IO2312-C-4600,31.0,0.0,0.0,0.0,6,31.8,33.4,9,31.0,32.2,0.0,0.0,0.0,0.0,496
2023-05-11 09:52:44,IO2312-C-4600,IO2312-C-4600,31.0,0.0,0.0,0.0,6,31.8,33.4,3,31.0,32.2,0.0,0.0,0.0,0.0,496
2023-05-11 09:52:44,IO2312-C-4600,IO2312-C-4600,31.0,0.0,0.0,0.0,6,31.8,33.6,18,31.0,32.2,0.0,0.0,0.0,0.0,496
2023-05-11 09:52:45,IO2312-C-4600,IO2312-C-4600,31.0,0.0,0.0,0.0,6,31.8,33.6,12,31.0,32.2,0.0,0.0,0.0,0.0,496
2023-05-11 09:52:45,IO2312-C-4600,IO2312-C-4600,31.0,0.0,0.0,0.0,6,31.8,33.6,15,31.0,32.2,0.0,0.0,0.0,0.0,496
2023-05-11 09:52:46,IO2312-C-4600,IO2312-C-4600,31.0,0.0,0.0,0.0,9,31.8,33.6,15,31.0,32.2,0.0,0.0,0.0,0.0,496
2023-05-11 09:52:47,IO2312-C-4600,IO2312-C-4600,31.0,0.0,0.0,0.0,9,31.8,33.4,6,31.0,32.2,0.0,0.0,0.0,0.0,496
2023-05-11 09:52:47,IO2312-C-4600,IO2312-C-4600,31.0,0.0,0.0,0.0,6,31.8,33.4,9,31.0,32.2,0.0,0.0,0.0,0.0,496
2023-05-11 09:52:48,IO2312-C-4600,IO2312-C-4600,31.0,0.0,0.0,0.0,6,31.8,33.4,3,31.0,32.2,0.0,0.0,0.0,0.0,496
2023-05-11 09:52:49,IO2312-C-4600,IO2312-C-4600,31.0,0.0,0.0,0.0,6,31.8,33.6,6,31.0,32.2,0.0,0.0,0.0,0.0,496
2023-05-11 09:52:49,IO2312-C-4600,IO2312-C-4600,31.0,0.0,0.0,0.0,9,31.8,33.6,6,31.0,32.2,0.0,0.0,0.0,0.0,496
2023-05-11 09:52:50,IO2312-C-4600,IO2312-C-4600,31.0,0.0,0.0,0.0,6,32.0,33.6,9,31.0,32.2,0.0,0.0,0.0,0.0,496
2023-05-11 09:52:53,IO2312-C-4600,IO2312-C-4600,31.0,0.0,0.0,0.0,6,31.8,33.6,9,31.0,32.2,0.0,0.0,0.0,0.0,496
2023-05-11 09:52:56,IO2312-C-4600,IO2312-C-4600,31.0,0.0,0.0,0.0,9,31.8,33.6,9,31.0,32.2,0.0,0.0,0.0,0.0,496
2023-05-11 09:52:57,IO2312-C-4600,IO2312-C-4600,31.0,0.0,0.0,0.0,6,31.8,33.4,6,31.0,32.2,0.0,0.0,0.0,0.0,496
2023-05-11 09:52:57,IO2312-C-4600,IO2312-C-4600,31.0,0.0,0.0,0.0,6,31.8,33.4,3,31.0,32.2,0.0,0.0,0.0,0.0,496
2023-05-11 09:52:58,IO2312-C-4600,IO2312-C-4600,31.0,0.0,0.0,0.0,9,31.8,33.6,6,31.0,32.2,0.0,0.0,0.0,0.0,496
2023-05-11 09:52:59,IO2312-C-4600,IO2312-C-4600,31.0,0.0,0.0,0.0,6,31.8,33.6,9,31.0,32.2,0.0,0.0,0.0,0.0,496
2023-05-11 09:53:02,IO2312-C-4600,IO2312-C-4600,31.0,0.0,0.0,0.0,9,31.8,33.6,9,31.0,32.2,0.0,0.0,0.0,0.0,496
2023-05-11 09:53:02,IO2312-C-4600,IO2312-C-4600,31.0,0.0,0.0,0.0,6,32.0,33.6,9,31.0,32.2,0.0,0.0,0.0,0.0,496
2023-05-11 09:53:08,IO2312-C-4600,IO2312-C-4600,31.0,0.0,0.0,0.0,9,31.8,33.4,6,31.0,32.2,0.0,0.0,0.0,0.0,496
2023-05-11 09:53:09,IO2312-C-4600,IO2312-C-4600,31.0,0.0,0.0,0.0,6,31.8,33.4,9,31.0,32.2,0.0,0.0,0.0,0.0,496
2023-05-11 09:53:09,IO2312-C-4600,IO2312-C-4600,31.0,0.0,0.0,0.0,6,31.8,33.4,3,31.0,32.2,0.0,0.0,0.0,0.0,496
2023-05-11 09:53:10,IO2312-C-4600,IO2312-C-4600,31.0,0.0,0.0,0.0,9,31.8,33.6,6,31.0,32.2,0.0,0.0,0.0,0.0,496
2023-05-11 09:53:11,IO2312-C-4600,IO2312-C-4600,31.0,0.0,0.0,0.0,6,31.8,33.6,9,31.0,32.2,0.0,0.0,0.0,0.0,496
2023-05-11 09:53:13,IO2312-C-4600,IO2312-C-4600,31.0,0.0,0.0,0.0,6,31.8,33.6,11,31.0,32.2,0.0,0.0,0.0,0.0,496
2023-05-11 09:53:13,IO2312-C-4600,IO2312-C-4600,31.0,0.0,0.0,0.0,6,31.8,33.6,9,31.0,32.2,0.0,0.0,0.0,0.0,496
2023-05-11 09:53:14,IO2312-C-4600,IO2312-C-4600,31.0,0.0,0.0,0.0,9,31.8,33.6,9,31.0,32.2,0.0,0.0,0.0,0.0,496
