time,symbol_id,symbol_name,last,trade_volume,trade_amount,open_interest_change,bv1,bp1,ap1,av1,yesterday_close,today_open,today_high,today_low,volume,amount,open_interest
2023-05-11 09:29:00,IO2312-C-3700,IO2312-C-3700,342.2,0.0,0.0,0.0,1,315.4,387.8,1,342.2,349.8,0.0,0.0,0.0,0.0,97
2023-05-11 09:30:01,IO2312-C-3700,IO2312-C-3700,342.2,0.0,0.0,0.0,6,315.6,387.6,7,342.2,349.8,0.0,0.0,0.0,0.0,97
2023-05-11 09:30:02,IO2312-C-3700,IO2312-C-3700,342.2,0.0,0.0,0.0,1,315.4,387.4,6,342.2,349.8,0.0,0.0,0.0,0.0,97
2023-05-11 09:30:11,IO2312-C-3700,IO2312-C-3700,342.2,0.0,0.0,0.0,6,340.8,355.0,6,342.2,349.8,0.0,0.0,0.0,0.0,97
2023-05-11 09:30:11,IO2312-C-3700,IO2312-C-3700,342.2,0.0,0.0,0.0,6,338.6,361.2,6,342.2,349.8,0.0,0.0,0.0,0.0,97
2023-05-11 09:30:12,IO2312-C-3700,IO2312-C-3700,342.2,0.0,0.0,0.0,1,315.4,385.8,6,342.2,349.8,0.0,0.0,0.0,0.0,97
2023-05-11 09:30:13,IO2312-C-3700,IO2312-C-3700,342.2,0.0,0.0,0.0,6,341.0,355.2,6,342.2,349.8,0.0,0.0,0.0,0.0,97
2023-05-11 09:30:14,IO2312-C-3700,IO2312-C-3700,342.2,0.0,0.0,0.0,6,339.2,361.8,6,342.2,349.8,0.0,0.0,0.0,0.0,97
2023-05-11 09:30:14,IO2312-C-3700,IO2312-C-3700,342.2,0.0,0.0,0.0,7,315.4,385.8,6,342.2,349.8,0.0,0.0,0.0,0.0,97
2023-05-11 09:30:15,IO2312-C-3700,IO2312-C-3700,342.2,0.0,0.0,0.0,1,315.4,387.6,6,342.2,349.8,0.0,0.0,0.0,0.0,97
2023-05-11 09:30:15,IO2312-C-3700,IO2312-C-3700,342.2,0.0,0.0,0.0,6,341.0,355.2,6,342.2,349.8,0.0,0.0,0.0,0.0,97
2023-05-11 09:30:16,IO2312-C-3700,IO2312-C-3700,342.2,0.0,0.0,0.0,6,339.2,350.6,1,342.2,349.8,0.0,0.0,0.0,0.0,97
2023-05-11 09:30:16,IO2312-C-3700,IO2312-C-3700,342.2,0.0,0.0,0.0,6,340.2,350.6,1,342.2,349.8,0.0,0.0,0.0,0.0,97
2023-05-11 09:30:17,IO2312-C-3700,IO2312-C-3700,342.2,0.0,0.0,0.0,6,338.2,350.6,1,342.2,349.8,0.0,0.0,0.0,0.0,97
2023-05-11 09:30:17,IO2312-C-3700,IO2312-C-3700,342.2,0.0,0.0,0.0,6,315.6,350.6,1,342.2,349.8,0.0,0.0,0.0,0.0,97
2023-05-11 09:30:18,IO2312-C-3700,IO2312-C-3700,342.2,0.0,0.0,0.0,6,315.6,383.0,1,342.2,349.8,0.0,0.0,0.0,0.0,97
2023-05-11 09:30:18,IO2312-C-3700,IO2312-C-3700,342.2,0.0,0.0,0.0,6,315.6,383.4,6,342.2,349.8,0.0,0.0,0.0,0.0,97
2023-05-11 09:30:19,IO2312-C-3700,IO2312-C-3700,342.2,0.0,0.0,0.0,6,340.8,355.0,6,342.2,349.8,0.0,0.0,0.0,0.0,97
2023-05-11 09:30:19,IO2312-C-3700,IO2312-C-3700,342.2,0.0,0.0,0.0,6,340.0,354.2,6,342.2,349.8,0.0,0.0,0.0,0.0,97
2023-05-11 09:30:20,IO2312-C-3700,IO2312-C-3700,342.2,0.0,0.0,0.0,6,340.2,352.8,1,342.2,349.8,0.0,0.0,0.0,0.0,97
2023-05-11 09:30:23,IO2312-C-3700,IO2312-C-3700,342.2,0.0,0.0,0.0,12,340.2,352.8,1,342.2,349.8,0.0,0.0,0.0,0.0,97
2023-05-11 09:30:28,IO2312-C-3700,IO2312-C-3700,342.2,0.0,0.0,0.0,6,340.4,352.8,1,342.2,349.8,0.0,0.0,0.0,0.0,97
2023-05-11 09:30:30,IO2312-C-3700,IO2312-C-3700,342.2,0.0,0.0,0.0,18,340.4,352.6,12,342.2,349.8,0.0,0.0,0.0,0.0,97
2023-05-11 09:30:31,IO2312-C-3700,IO2312-C-3700,342.2,0.0,0.0,0.0,6,340.4,352.8,1,342.2,349.8,0.0,0.0,0.0,0.0,97
2023-05-11 09:30:33,IO2312-C-3700,IO2312-C-3700,342.2,0.0,0.0,0.0,6,340.4,354.4,6,342.2,349.8,0.0,0.0,0.0,0.0,97
2023-05-11 09:30:38,IO2312-C-3700,IO2312-C-3700,342.2,0.0,0.0,0.0,6,340.4,349.8,1,342.2,349.8,0.0,0.0,0.0,0.0,97
2023-05-11 09:30:43,IO2312-C-3700,IO2312-C-3700,342.2,0.0,0.0,0.0,6,340.4,351.8,1,342.2,349.8,0.0,0.0,0.0,0.0,97
2023-05-11 09:30:53,IO2312-C-3700,IO2312-C-3700,342.2,0.0,0.0,0.0,6,340.4,354.2,1,342.2,349.8,0.0,0.0,0.0,0.0,97
2023-05-11 09:30:55,IO2312-C-3700,IO2312-C-3700,342.2,0.0,0.0,0.0,1,342.8,354.2,1,342.2,349.8,0.0,0.0,0.0,0.0,97
2023-05-11 09:30:56,IO2312-C-3700,IO2312-C-3700,342.2,0.0,0.0,0.0,7,342.8,354.6,18,342.2,349.8,0.0,0.0,0.0,0.0,97
2023-05-11 09:30:59,IO2312-C-3700,IO2312-C-3700,342.2,0.0,0.0,0.0,6,342.8,352.0,1,342.2,349.8,0.0,0.0,0.0,0.0,97
2023-05-11 09:31:07,IO2312-C-3700,IO2312-C-3700,342.2,0.0,0.0,0.0,6,343.0,352.0,1,342.2,349.8,0.0,0.0,0.0,0.0,97
2023-05-11 09:31:18,IO2312-C-3700,IO2312-C-3700,342.2,0.0,0.0,0.0,6,343.0,353.2,1,342.2,349.8,0.0,0.0,0.0,0.0,97
2023-05-11 09:31:33,IO2312-C-3700,IO2312-C-3700,342.2,0.0,0.0,0.0,6,343.2,353.2,1,342.2,349.8,0.0,0.0,0.0,0.0,97
2023-05-11 09:31:38,IO2312-C-3700,IO2312-C-3700,342.2,0.0,0.0,0.0,6,343.2,353.0,6,342.2,349.8,0.0,0.0,0.0,0.0,97
2023-05-11 09:31:38,IO2312-C-3700,IO2312-C-3700,342.2,0.0,0.0,0.0,6,343.2,350.6,1,342.2,349.8,0.0,0.0,0.0,0.0,97
2023-05-11 09:31:45,IO2312-C-3700,IO2312-C-3700,342.2,0.0,0.0,0.0,6,343.2,352.0,1,342.2,349.8,0.0,0.0,0.0,0.0,97
2023-05-11 09:31:59,IO2312-C-3700,IO2312-C-3700,342.2,0.0,0.0,0.0,6,343.4,352.0,1,342.2,349.8,0.0,0.0,0.0,0.0,97
2023-05-11 09:32:00,IO2312-C-3700,IO2312-C-3700,342.2,0.0,0.0,0.0,6,343.6,352.0,1,342.2,349.8,0.0,0.0,0.0,0.0,97
2023-05-11 09:32:01,IO2312-C-3700,IO2312-C-3700,342.2,0.0,0.0,0.0,6,344.2,352.0,1,342.2,349.8,0.0,0.0,0.0,0.0,97
2023-05-11 09:32:02,IO2312-C-3700,IO2312-C-3700,342.2,0.0,0.0,0.0,6,344.4,352.0,1,342.2,349.8,0.0,0.0,0.0,0.0,97
2023-05-11 09:32:04,IO2312-C-3700,IO2312-C-3700,342.2,0.0,0.0,0.0,9,344.4,352.0,1,342.2,349.8,0.0,0.0,0.0,0.0,97
2023-05-11 09:32:05,IO2312-C-3700,IO2312-C-3700,342.2,0.0,0.0,0.0,6,344.6,352.0,1,342.2,349.8,0.0,0.0,0.0,0.0,97
2023-05-11 09:32:18,IO2312-C-3700,IO2312-C-3700,342.2,0.0,0.0,0.0,3,345.2,352.0,1,342.2,349.8,0.0,0.0,0.0,0.0,97
2023-05-11 09:32:18,IO2312-C-3700,IO2312-C-3700,342.2,0.0,0.0,0.0,6,345.4,352.0,1,342.2,349.8,0.0,0.0,0.0,0.0,97
2023-05-11 09:32:19,IO2312-C-3700,IO2312-C-3700,342.2,0.0,0.0,0.0,6,345.6,352.4,12,342.2,349.8,0.0,0.0,0.0,0.0,97
2023-05-11 09:32:20,IO2312-C-3700,IO2312-C-3700,342.2,0.0,0.0,0.0,6,345.8,352.4,6,342.2,349.8,0.0,0.0,0.0,0.0,97
2023-05-11 09:32:29,IO2312-C-3700,IO2312-C-3700,342.2,0.0,0.0,0.0,6,345.8,353.0,19,342.2,349.8,0.0,0.0,0.0,0.0,97
2023-05-11 09:32:30,IO2312-C-3700,IO2312-C-3700,342.2,0.0,0.0,0.0,6,345.8,353.0,13,342.2,349.8,0.0,0.0,0.0,0.0,97
2023-05-11 09:32:33,IO2312-C-3700,IO2312-C-3700,342.2,0.0,0.0,0.0,6,345.8,351.6,1,342.2,349.8,0.0,0.0,0.0,0.0,97
2023-05-11 09:32:46,IO2312-C-3700,IO2312-C-3700,342.2,0.0,0.0,0.0,3,346.0,351.6,1,342.2,349.8,0.0,0.0,0.0,0.0,97
2023-05-11 09:32:47,IO2312-C-3700,IO2312-C-3700,342.2,0.0,0.0,0.0,6,346.2,351.6,1,342.2,349.8,0.0,0.0,0.0,0.0,97
2023-05-11 09:32:50,IO2312-C-3700,IO2312-C-3700,342.2,0.0,0.0,0.0,6,345.8,351.6,1,342.2,349.8,0.0,0.0,0.0,0.0,97
2023-05-11 09:33:07,IO2312-C-3700,IO2312-C-3700,342.2,0.0,0.0,0.0,6,345.4,351.6,1,342.2,349.8,0.0,0.0,0.0,0.0,97
2023-05-11 09:33:13,IO2312-C-3700,IO2312-C-3700,342.2,0.0,0.0,0.0,27,345.2,351.4,6,342.2,349.8,0.0,0.0,0.0,0.0,97
2023-05-11 09:33:14,IO2312-C-3700,IO2312-C-3700,342.2,0.0,0.0,0.0,18,345.2,350.0,1,342.2,349.8,0.0,0.0,0.0,0.0,97
2023-05-11 09:33:15,IO2312-C-3700,IO2312-C-3700,342.2,0.0,0.0,0.0,6,345.4,350.0,1,342.2,349.8,0.0,0.0,0.0,0.0,97
2023-05-11 09:33:15,IO2312-C-3700,IO2312-C-3700,342.2,0.0,0.0,0.0,12,345.2,350.0,1,342.2,349.8,0.0,0.0,0.0,0.0,97
2023-05-11 09:33:16,IO2312-C-3700,IO2312-C-3700,342.2,0.0,0.0,0.0,6,345.2,351.0,6,342.2,349.8,0.0,0.0,0.0,0.0,97
2023-05-11 09:33:16,IO2312-C-3700,IO2312-C-3700,342.2,0.0,0.0,0.0,6,345.4,351.0,1,342.2,349.8,0.0,0.0,0.0,0.0,97
2023-05-11 09:33:31,IO2312-C-3700,IO2312-C-3700,342.2,0.0,0.0,0.0,6,345.2,350.8,6,342.2,349.8,0.0,0.0,0.0,0.0,97
2023-05-11 09:33:32,IO2312-C-3700,IO2312-C-3700,342.2,0.0,0.0,0.0,6,345.2,349.6,1,342.2,349.8,0.0,0.0,0.0,0.0,97
2023-05-11 09:33:37,IO2312-C-3700,IO2312-C-3700,342.2,0.0,0.0,0.0,6,345.4,349.6,1,342.2,349.8,0.0,0.0,0.0,0.0,97
2023-05-11 09:33:41,IO2312-C-3700,IO2312-C-3700,342.2,0.0,0.0,0.0,6,345.2,349.6,1,342.2,349.8,0.0,0.0,0.0,0.0,97
2023-05-11 09:33:45,IO2312-C-3700,IO2312-C-3700,342.2,0.0,0.0,0.0,12,345.4,350.8,7,342.2,349.8,0.0,0.0,0.0,0.0,97
2023-05-11 09:33:45,IO2312-C-3700,IO2312-C-3700,342.2,0.0,0.0,0.0,6,345.6,350.8,1,342.2,349.8,0.0,0.0,0.0,0.0,97
2023-05-11 09:33:46,IO2312-C-3700,IO2312-C-3700,342.2,0.0,0.0,0.0,6,345.8,350.8,1,342.2,349.8,0.0,0.0,0.0,0.0,97
2023-05-11 09:33:55,IO2312-C-3700,IO2312-C-3700,342.2,0.0,0.0,0.0,6,346.0,350.8,1,342.2,349.8,0.0,0.0,0.0,0.0,97
2023-05-11 09:33:58,IO2312-C-3700,IO2312-C-3700,342.2,0.0,0.0,0.0,6,346.2,350.8,1,342.2,349.8,0.0,0.0,0.0,0.0,97
2023-05-11 09:33:59,IO2312-C-3700,IO2312-C-3700,342.2,0.0,0.0,0.0,6,345.8,350.8,1,342.2,349.8,0.0,0.0,0.0,0.0,97
2023-05-11 09:34:08,IO2312-C-3700,IO2312-C-3700,342.2,0.0,0.0,0.0,6,345.6,350.8,1,342.2,349.8,0.0,0.0,0.0,0.0,97
2023-05-11 09:34:21,IO2312-C-3700,IO2312-C-3700,342.2,0.0,0.0,0.0,6,345.8,350.8,1,342.2,349.8,0.0,0.0,0.0,0.0,97
2023-05-11 09:34:22,IO2312-C-3700,IO2312-C-3700,342.2,0.0,0.0,0.0,12,346.0,350.8,1,342.2,349.8,0.0,0.0,0.0,0.0,97
2023-05-11 09:34:22,IO2312-C-3700,IO2312-C-3700,342.2,0.0,0.0,0.0,6,346.2,350.8,1,342.2,349.8,0.0,0.0,0.0,0.0,97
2023-05-11 09:34:23,IO2312-C-3700,IO2312-C-3700,342.2,0.0,0.0,0.0,18,345.8,350.8,1,342.2,349.8,0.0,0.0,0.0,0.0,97
2023-05-11 09:34:23,IO2312-C-3700,IO2312-C-3700,342.2,0.0,0.0,0.0,6,346.0,350.8,1,342.2,349.8,0.0,0.0,0.0,0.0,97
2023-05-11 09:34:24,IO2312-C-3700,IO2312-C-3700,342.2,0.0,0.0,0.0,18,345.8,350.8,1,342.2,349.8,0.0,0.0,0.0,0.0,97
2023-05-11 09:34:25,IO2312-C-3700,IO2312-C-3700,342.2,0.0,0.0,0.0,12,345.8,350.8,1,342.2,349.8,0.0,0.0,0.0,0.0,97
2023-05-11 09:34:26,IO2312-C-3700,IO2312-C-3700,342.2,0.0,0.0,0.0,6,345.8,350.8,1,342.2,349.8,0.0,0.0,0.0,0.0,97
2023-05-11 09:34:26,IO2312-C-3700,IO2312-C-3700,342.2,0.0,0.0,0.0,6,345.6,350.8,1,342.2,349.8,0.0,0.0,0.0,0.0,97
2023-05-11 09:34:33,IO2312-C-3700,IO2312-C-3700,342.2,0.0,0.0,0.0,12,345.4,350.8,7,342.2,349.8,0.0,0.0,0.0,0.0,97
2023-05-11 09:34:34,IO2312-C-3700,IO2312-C-3700,342.2,0.0,0.0,0.0,12,345.2,348.8,1,342.2,349.8,0.0,0.0,0.0,0.0,97
2023-05-11 09:34:34,IO2312-C-3700,IO2312-C-3700,342.2,0.0,0.0,0.0,6,345.2,348.8,1,342.2,349.8,0.0,0.0,0.0,0.0,97
2023-05-11 09:34:39,IO2312-C-3700,IO2312-C-3700,342.2,0.0,0.0,0.0,12,345.0,348.8,1,342.2,349.8,0.0,0.0,0.0,0.0,97
2023-05-11 09:34:39,IO2312-C-3700,IO2312-C-3700,342.2,0.0,0.0,0.0,18,344.6,348.8,1,342.2,349.8,0.0,0.0,0.0,0.0,97
2023-05-11 09:34:40,IO2312-C-3700,IO2312-C-3700,342.2,0.0,0.0,0.0,12,344.6,348.8,1,342.2,349.8,0.0,0.0,0.0,0.0,97
2023-05-11 09:34:40,IO2312-C-3700,IO2312-C-3700,342.2,0.0,0.0,0.0,6,344.6,348.8,1,342.2,349.8,0.0,0.0,0.0,0.0,97
2023-05-11 09:34:41,IO2312-C-3700,IO2312-C-3700,342.2,0.0,0.0,0.0,6,344.0,348.8,1,342.2,349.8,0.0,0.0,0.0,0.0,97
2023-05-11 09:34:41,IO2312-C-3700,IO2312-C-3700,342.2,0.0,0.0,0.0,6,344.2,348.8,1,342.2,349.8,0.0,0.0,0.0,0.0,97
2023-05-11 09:34:42,IO2312-C-3700,IO2312-C-3700,342.2,0.0,0.0,0.0,6,344.4,348.8,1,342.2,349.8,0.0,0.0,0.0,0.0,97
2023-05-11 09:34:48,IO2312-C-3700,IO2312-C-3700,342.2,0.0,0.0,0.0,6,344.4,350.8,10,342.2,349.8,0.0,0.0,0.0,0.0,97
2023-05-11 09:34:48,IO2312-C-3700,IO2312-C-3700,342.2,0.0,0.0,0.0,6,344.4,350.8,4,342.2,349.8,0.0,0.0,0.0,0.0,97
2023-05-11 09:34:49,IO2312-C-3700,IO2312-C-3700,342.2,0.0,0.0,0.0,6,344.4,350.8,1,342.2,349.8,0.0,0.0,0.0,0.0,97
2023-05-11 09:34:51,IO2312-C-3700,IO2312-C-3700,342.2,0.0,0.0,0.0,6,344.4,351.0,12,342.2,349.8,0.0,0.0,0.0,0.0,97
2023-05-11 09:34:52,IO2312-C-3700,IO2312-C-3700,342.2,0.0,0.0,0.0,12,344.6,351.2,21,342.2,349.8,0.0,0.0,0.0,0.0,97
2023-05-11 09:34:52,IO2312-C-3700,IO2312-C-3700,342.2,0.0,0.0,0.0,12,344.8,351.2,6,342.2,349.8,0.0,0.0,0.0,0.0,97
2023-05-11 09:34:53,IO2312-C-3700,IO2312-C-3700,342.2,0.0,0.0,0.0,12,345.0,351.4,24,342.2,349.8,0.0,0.0,0.0,0.0,97
2023-05-11 09:34:53,IO2312-C-3700,IO2312-C-3700,342.2,0.0,0.0,0.0,6,345.0,349.6,1,342.2,349.8,0.0,0.0,0.0,0.0,97
2023-05-11 09:34:54,IO2312-C-3700,IO2312-C-3700,342.2,0.0,0.0,0.0,12,344.8,349.6,1,342.2,349.8,0.0,0.0,0.0,0.0,97
2023-05-11 09:34:54,IO2312-C-3700,IO2312-C-3700,342.2,0.0,0.0,0.0,6,345.0,349.6,1,342.2,349.8,0.0,0.0,0.0,0.0,97
2023-05-11 09:34:58,IO2312-C-3700,IO2312-C-3700,342.2,0.0,0.0,0.0,6,344.8,349.6,1,342.2,349.8,0.0,0.0,0.0,0.0,97
2023-05-11 09:34:58,IO2312-C-3700,IO2312-C-3700,342.2,0.0,0.0,0.0,6,344.6,349.6,1,342.2,349.8,0.0,0.0,0.0,0.0,97
2023-05-11 09:35:01,IO2312-C-3700,IO2312-C-3700,342.2,0.0,0.0,0.0,18,344.4,349.6,1,342.2,349.8,0.0,0.0,0.0,0.0,97
2023-05-11 09:35:02,IO2312-C-3700,IO2312-C-3700,342.2,0.0,0.0,0.0,12,344.4,349.6,1,342.2,349.8,0.0,0.0,0.0,0.0,97
2023-05-11 09:35:02,IO2312-C-3700,IO2312-C-3700,342.2,0.0,0.0,0.0,6,344.4,349.6,1,342.2,349.8,0.0,0.0,0.0,0.0,97
2023-05-11 09:35:03,IO2312-C-3700,IO2312-C-3700,342.2,0.0,0.0,0.0,18,343.8,349.6,1,342.2,349.8,0.0,0.0,0.0,0.0,97
2023-05-11 09:35:03,IO2312-C-3700,IO2312-C-3700,342.2,0.0,0.0,0.0,6,344.0,349.6,1,342.2,349.8,0.0,0.0,0.0,0.0,97
2023-05-11 09:35:04,IO2312-C-3700,IO2312-C-3700,342.2,0.0,0.0,0.0,6,344.0,349.4,6,342.2,349.8,0.0,0.0,0.0,0.0,97
2023-05-11 09:35:04,IO2312-C-3700,IO2312-C-3700,342.2,0.0,0.0,0.0,6,344.0,347.6,1,342.2,349.8,0.0,0.0,0.0,0.0,97
2023-05-11 09:35:05,IO2312-C-3700,IO2312-C-3700,342.2,0.0,0.0,0.0,6,343.8,347.6,1,342.2,349.8,0.0,0.0,0.0,0.0,97
2023-05-11 09:35:07,IO2312-C-3700,IO2312-C-3700,342.2,0.0,0.0,0.0,12,343.6,347.6,1,342.2,349.8,0.0,0.0,0.0,0.0,97
2023-05-11 09:35:07,IO2312-C-3700,IO2312-C-3700,342.2,0.0,0.0,0.0,6,343.6,347.6,1,342.2,349.8,0.0,0.0,0.0,0.0,97
2023-05-11 09:35:12,IO2312-C-3700,IO2312-C-3700,342.2,0.0,0.0,0.0,12,343.6,349.0,6,342.2,349.8,0.0,0.0,0.0,0.0,97
2023-05-11 09:35:12,IO2312-C-3700,IO2312-C-3700,342.2,0.0,0.0,0.0,6,343.8,349.0,1,342.2,349.8,0.0,0.0,0.0,0.0,97
2023-05-11 09:35:13,IO2312-C-3700,IO2312-C-3700,342.2,0.0,0.0,0.0,6,343.6,349.0,1,342.2,349.8,0.0,0.0,0.0,0.0,97
2023-05-11 09:35:17,IO2312-C-3700,IO2312-C-3700,342.2,0.0,0.0,0.0,6,343.8,349.0,1,342.2,349.8,0.0,0.0,0.0,0.0,97
2023-05-11 09:35:18,IO2312-C-3700,IO2312-C-3700,342.2,0.0,0.0,0.0,6,343.8,349.2,6,342.2,349.8,0.0,0.0,0.0,0.0,97
2023-05-11 09:35:18,IO2312-C-3700,IO2312-C-3700,342.2,0.0,0.0,0.0,6,343.8,349.4,18,342.2,349.8,0.0,0.0,0.0,0.0,97
2023-05-11 09:35:19,IO2312-C-3700,IO2312-C-3700,342.2,0.0,0.0,0.0,9,343.8,349.4,6,342.2,349.8,0.0,0.0,0.0,0.0,97
2023-05-11 09:35:19,IO2312-C-3700,IO2312-C-3700,342.2,0.0,0.0,0.0,6,344.0,349.6,18,342.2,349.8,0.0,0.0,0.0,0.0,97
2023-05-11 09:35:20,IO2312-C-3700,IO2312-C-3700,342.2,0.0,0.0,0.0,12,344.2,349.6,6,342.2,349.8,0.0,0.0,0.0,0.0,97
2023-05-11 09:35:20,IO2312-C-3700,IO2312-C-3700,342.2,0.0,0.0,0.0,6,344.4,350.0,25,342.2,349.8,0.0,0.0,0.0,0.0,97
2023-05-11 09:35:21,IO2312-C-3700,IO2312-C-3700,342.2,0.0,0.0,0.0,6,344.4,350.0,7,342.2,349.8,0.0,0.0,0.0,0.0,97
2023-05-11 09:35:21,IO2312-C-3700,IO2312-C-3700,342.2,0.0,0.0,0.0,6,344.2,350.0,1,342.2,349.8,0.0,0.0,0.0,0.0,97
2023-05-11 09:35:23,IO2312-C-3700,IO2312-C-3700,342.2,0.0,0.0,0.0,18,344.0,350.0,1,342.2,349.8,0.0,0.0,0.0,0.0,97
2023-05-11 09:35:24,IO2312-C-3700,IO2312-C-3700,342.2,0.0,0.0,0.0,12,344.0,350.0,1,342.2,349.8,0.0,0.0,0.0,0.0,97
2023-05-11 09:35:24,IO2312-C-3700,IO2312-C-3700,342.2,0.0,0.0,0.0,6,344.0,350.0,1,342.2,349.8,0.0,0.0,0.0,0.0,97
2023-05-11 09:35:25,IO2312-C-3700,IO2312-C-3700,342.2,0.0,0.0,0.0,12,343.6,349.8,6,342.2,349.8,0.0,0.0,0.0,0.0,97
2023-05-11 09:35:25,IO2312-C-3700,IO2312-C-3700,342.2,0.0,0.0,0.0,6,343.6,349.8,6,342.2,349.8,0.0,0.0,0.0,0.0,97
2023-05-11 09:35:27,IO2312-C-3700,IO2312-C-3700,342.2,0.0,0.0,0.0,6,343.8,350.0,7,342.2,349.8,0.0,0.0,0.0,0.0,97
2023-05-11 09:35:28,IO2312-C-3700,IO2312-C-3700,342.2,0.0,0.0,0.0,6,344.0,350.0,1,342.2,349.8,0.0,0.0,0.0,0.0,97
2023-05-11 09:35:29,IO2312-C-3700,IO2312-C-3700,342.2,0.0,0.0,0.0,6,343.8,350.0,1,342.2,349.8,0.0,0.0,0.0,0.0,97
2023-05-11 09:35:35,IO2312-C-3700,IO2312-C-3700,342.2,0.0,0.0,0.0,12,343.8,350.0,1,342.2,349.8,0.0,0.0,0.0,0.0,97
2023-05-11 09:35:36,IO2312-C-3700,IO2312-C-3700,342.2,0.0,0.0,0.0,6,344.0,350.0,1,342.2,349.8,0.0,0.0,0.0,0.0,97
2023-05-11 09:35:47,IO2312-C-3700,IO2312-C-3700,342.2,0.0,0.0,0.0,3,344.4,350.2,12,342.2,349.8,0.0,0.0,0.0,0.0,97
2023-05-11 09:35:48,IO2312-C-3700,IO2312-C-3700,342.2,0.0,0.0,0.0,6,344.6,350.4,12,342.2,349.8,0.0,0.0,0.0,0.0,97
2023-05-11 09:35:48,IO2312-C-3700,IO2312-C-3700,342.2,0.0,0.0,0.0,6,344.0,350.6,18,342.2,349.8,0.0,0.0,0.0,0.0,97
2023-05-11 09:35:49,IO2312-C-3700,IO2312-C-3700,342.2,0.0,0.0,0.0,6,344.0,350.6,6,342.2,349.8,0.0,0.0,0.0,0.0,97
2023-05-11 09:35:49,IO2312-C-3700,IO2312-C-3700,342.2,0.0,0.0,0.0,6,344.2,350.8,19,342.2,349.8,0.0,0.0,0.0,0.0,97
2023-05-11 09:35:50,IO2312-C-3700,IO2312-C-3700,342.2,0.0,0.0,0.0,6,344.4,350.8,7,342.2,349.8,0.0,0.0,0.0,0.0,97
2023-05-11 09:35:50,IO2312-C-3700,IO2312-C-3700,342.2,0.0,0.0,0.0,6,344.4,350.8,1,342.2,349.8,0.0,0.0,0.0,0.0,97
2023-05-11 09:35:59,IO2312-C-3700,IO2312-C-3700,342.2,0.0,0.0,0.0,6,344.2,350.6,6,342.2,349.8,0.0,0.0,0.0,0.0,97
2023-05-11 09:36:00,IO2312-C-3700,IO2312-C-3700,342.2,0.0,0.0,0.0,6,344.2,349.4,1,342.2,349.8,0.0,0.0,0.0,0.0,97
2023-05-11 09:36:00,IO2312-C-3700,IO2312-C-3700,342.2,0.0,0.0,0.0,12,344.2,349.4,1,342.2,349.8,0.0,0.0,0.0,0.0,97
2023-05-11 09:36:01,IO2312-C-3700,IO2312-C-3700,342.2,0.0,0.0,0.0,6,344.4,349.4,1,342.2,349.8,0.0,0.0,0.0,0.0,97
2023-05-11 09:36:02,IO2312-C-3700,IO2312-C-3700,342.2,0.0,0.0,0.0,6,344.6,349.4,1,342.2,349.8,0.0,0.0,0.0,0.0,97
2023-05-11 09:36:05,IO2312-C-3700,IO2312-C-3700,342.2,0.0,0.0,0.0,6,344.6,350.4,12,342.2,349.8,0.0,0.0,0.0,0.0,97
2023-05-11 09:36:05,IO2312-C-3700,IO2312-C-3700,342.2,0.0,0.0,0.0,6,344.6,350.8,13,342.2,349.8,0.0,0.0,0.0,0.0,97
2023-05-11 09:36:06,IO2312-C-3700,IO2312-C-3700,342.2,0.0,0.0,0.0,6,344.6,350.8,7,342.2,349.8,0.0,0.0,0.0,0.0,97
2023-05-11 09:36:06,IO2312-C-3700,IO2312-C-3700,342.2,0.0,0.0,0.0,6,344.6,350.8,1,342.2,349.8,0.0,0.0,0.0,0.0,97
2023-05-11 09:36:10,IO2312-C-3700,IO2312-C-3700,342.2,0.0,0.0,0.0,6,344.8,350.8,1,342.2,349.8,0.0,0.0,0.0,0.0,97
2023-05-11 09:36:10,IO2312-C-3700,IO2312-C-3700,342.2,0.0,0.0,0.0,6,345.0,350.8,1,342.2,349.8,0.0,0.0,0.0,0.0,97
2023-05-11 09:36:13,IO2312-C-3700,IO2312-C-3700,342.2,0.0,0.0,0.0,12,343.8,350.6,6,342.2,349.8,0.0,0.0,0.0,0.0,97
2023-05-11 09:36:13,IO2312-C-3700,IO2312-C-3700,342.2,0.0,0.0,0.0,6,344.0,350.6,6,342.2,349.8,0.0,0.0,0.0,0.0,97
2023-05-11 09:36:14,IO2312-C-3700,IO2312-C-3700,342.2,0.0,0.0,0.0,6,344.0,348.8,1,342.2,349.8,0.0,0.0,0.0,0.0,97
2023-05-11 09:36:14,IO2312-C-3700,IO2312-C-3700,342.2,0.0,0.0,0.0,12,344.0,348.8,1,342.2,349.8,0.0,0.0,0.0,0.0,97
2023-05-11 09:36:15,IO2312-C-3700,IO2312-C-3700,342.2,0.0,0.0,0.0,6,344.2,348.8,1,342.2,349.8,0.0,0.0,0.0,0.0,97
2023-05-11 09:36:16,IO2312-C-3700,IO2312-C-3700,342.2,0.0,0.0,0.0,6,344.0,348.8,1,342.2,349.8,0.0,0.0,0.0,0.0,97
2023-05-11 09:36:17,IO2312-C-3700,IO2312-C-3700,342.2,0.0,0.0,0.0,6,343.8,348.8,1,342.2,349.8,0.0,0.0,0.0,0.0,97
2023-05-11 09:36:18,IO2312-C-3700,IO2312-C-3700,342.2,0.0,0.0,0.0,12,343.6,348.8,1,342.2,349.8,0.0,0.0,0.0,0.0,97
2023-05-11 09:36:19,IO2312-C-3700,IO2312-C-3700,342.2,0.0,0.0,0.0,6,343.6,348.8,1,342.2,349.8,0.0,0.0,0.0,0.0,97
2023-05-11 09:36:21,IO2312-C-3700,IO2312-C-3700,342.2,0.0,0.0,0.0,6,343.8,348.8,1,342.2,349.8,0.0,0.0,0.0,0.0,97
2023-05-11 09:36:23,IO2312-C-3700,IO2312-C-3700,342.2,0.0,0.0,0.0,6,344.0,348.8,1,342.2,349.8,0.0,0.0,0.0,0.0,97
2023-05-11 09:36:24,IO2312-C-3700,IO2312-C-3700,342.2,0.0,0.0,0.0,6,343.8,348.8,1,342.2,349.8,0.0,0.0,0.0,0.0,97
2023-05-11 09:36:31,IO2312-C-3700,IO2312-C-3700,342.2,0.0,0.0,0.0,6,343.6,348.8,1,342.2,349.8,0.0,0.0,0.0,0.0,97
2023-05-11 09:36:35,IO2312-C-3700,IO2312-C-3700,342.2,0.0,0.0,0.0,6,343.8,348.8,1,342.2,349.8,0.0,0.0,0.0,0.0,97
2023-05-11 09:36:36,IO2312-C-3700,IO2312-C-3700,342.2,0.0,0.0,0.0,6,344.0,348.8,1,342.2,349.8,0.0,0.0,0.0,0.0,97
2023-05-11 09:36:36,IO2312-C-3700,IO2312-C-3700,342.2,0.0,0.0,0.0,6,344.2,348.8,1,342.2,349.8,0.0,0.0,0.0,0.0,97
2023-05-11 09:36:38,IO2312-C-3700,IO2312-C-3700,342.2,0.0,0.0,0.0,6,343.8,348.8,1,342.2,349.8,0.0,0.0,0.0,0.0,97
2023-05-11 09:36:42,IO2312-C-3700,IO2312-C-3700,342.2,0.0,0.0,0.0,6,343.8,350.2,25,342.2,349.8,0.0,0.0,0.0,0.0,97
2023-05-11 09:36:43,IO2312-C-3700,IO2312-C-3700,342.2,0.0,0.0,0.0,6,343.8,350.2,7,342.2,349.8,0.0,0.0,0.0,0.0,97
2023-05-11 09:36:43,IO2312-C-3700,IO2312-C-3700,342.2,0.0,0.0,0.0,6,343.8,350.2,1,342.2,349.8,0.0,0.0,0.0,0.0,97
2023-05-11 09:36:44,IO2312-C-3700,IO2312-C-3700,342.2,0.0,0.0,0.0,12,344.0,350.2,1,342.2,349.8,0.0,0.0,0.0,0.0,97
2023-05-11 09:36:44,IO2312-C-3700,IO2312-C-3700,342.2,0.0,0.0,0.0,12,344.2,350.2,1,342.2,349.8,0.0,0.0,0.0,0.0,97
2023-05-11 09:36:45,IO2312-C-3700,IO2312-C-3700,342.2,0.0,0.0,0.0,6,344.4,350.2,1,342.2,349.8,0.0,0.0,0.0,0.0,97
2023-05-11 09:36:46,IO2312-C-3700,IO2312-C-3700,342.2,0.0,0.0,0.0,24,344.0,350.2,7,342.2,349.8,0.0,0.0,0.0,0.0,97
2023-05-11 09:36:47,IO2312-C-3700,IO2312-C-3700,342.2,0.0,0.0,0.0,18,344.0,350.2,7,342.2,349.8,0.0,0.0,0.0,0.0,97
2023-05-11 09:36:47,IO2312-C-3700,IO2312-C-3700,342.2,0.0,0.0,0.0,12,344.0,350.2,7,342.2,349.8,0.0,0.0,0.0,0.0,97
2023-05-11 09:36:48,IO2312-C-3700,IO2312-C-3700,342.2,0.0,0.0,0.0,6,344.0,350.2,7,342.2,349.8,0.0,0.0,0.0,0.0,97
2023-05-11 09:36:48,IO2312-C-3700,IO2312-C-3700,342.2,0.0,0.0,0.0,6,343.8,350.2,1,342.2,349.8,0.0,0.0,0.0,0.0,97
2023-05-11 09:37:01,IO2312-C-3700,IO2312-C-3700,342.2,0.0,0.0,0.0,18,343.6,350.0,12,342.2,349.8,0.0,0.0,0.0,0.0,97
2023-05-11 09:37:02,IO2312-C-3700,IO2312-C-3700,342.2,0.0,0.0,0.0,12,343.6,347.8,1,342.2,349.8,0.0,0.0,0.0,0.0,97
2023-05-11 09:37:02,IO2312-C-3700,IO2312-C-3700,342.2,0.0,0.0,0.0,6,343.6,347.8,1,342.2,349.8,0.0,0.0,0.0,0.0,97
2023-05-11 09:37:11,IO2312-C-3700,IO2312-C-3700,342.2,0.0,0.0,0.0,6,343.6,347.8,7,342.2,349.8,0.0,0.0,0.0,0.0,97
2023-05-11 09:37:15,IO2312-C-3700,IO2312-C-3700,342.2,0.0,0.0,0.0,12,343.0,347.8,7,342.2,349.8,0.0,0.0,0.0,0.0,97
2023-05-11 09:37:16,IO2312-C-3700,IO2312-C-3700,342.2,0.0,0.0,0.0,6,342.8,346.6,1,342.2,349.8,0.0,0.0,0.0,0.0,97
2023-05-11 09:37:16,IO2312-C-3700,IO2312-C-3700,342.2,0.0,0.0,0.0,12,342.6,346.6,1,342.2,349.8,0.0,0.0,0.0,0.0,97
2023-05-11 09:37:17,IO2312-C-3700,IO2312-C-3700,342.2,0.0,0.0,0.0,6,342.0,346.6,1,342.2,349.8,0.0,0.0,0.0,0.0,97
2023-05-11 09:37:17,IO2312-C-3700,IO2312-C-3700,342.2,0.0,0.0,0.0,15,341.6,346.6,1,342.2,349.8,0.0,0.0,0.0,0.0,97
2023-05-11 09:37:18,IO2312-C-3700,IO2312-C-3700,342.2,0.0,0.0,0.0,6,341.6,346.6,1,342.2,349.8,0.0,0.0,0.0,0.0,97
2023-05-11 09:37:18,IO2312-C-3700,IO2312-C-3700,342.2,0.0,0.0,0.0,24,341.0,346.8,6,342.2,349.8,0.0,0.0,0.0,0.0,97
2023-05-11 09:37:19,IO2312-C-3700,IO2312-C-3700,342.2,0.0,0.0,0.0,18,341.0,346.8,6,342.2,349.8,0.0,0.0,0.0,0.0,97
2023-05-11 09:37:19,IO2312-C-3700,IO2312-C-3700,342.2,0.0,0.0,0.0,12,341.0,346.8,6,342.2,349.8,0.0,0.0,0.0,0.0,97
2023-05-11 09:37:20,IO2312-C-3700,IO2312-C-3700,342.2,0.0,0.0,0.0,6,341.0,346.8,6,342.2,349.8,0.0,0.0,0.0,0.0,97
2023-05-11 09:37:20,IO2312-C-3700,IO2312-C-3700,342.2,0.0,0.0,0.0,6,341.2,347.0,24,342.2,349.8,0.0,0.0,0.0,0.0,97
2023-05-11 09:37:21,IO2312-C-3700,IO2312-C-3700,342.2,0.0,0.0,0.0,3,342.0,347.0,12,342.2,349.8,0.0,0.0,0.0,0.0,97
2023-05-11 09:37:21,IO2312-C-3700,IO2312-C-3700,342.2,0.0,0.0,0.0,6,341.4,347.6,30,342.2,349.8,0.0,0.0,0.0,0.0,97
2023-05-11 09:37:22,IO2312-C-3700,IO2312-C-3700,342.2,0.0,0.0,0.0,6,341.6,347.6,18,342.2,349.8,0.0,0.0,0.0,0.0,97
2023-05-11 09:37:22,IO2312-C-3700,IO2312-C-3700,342.2,0.0,0.0,0.0,9,341.8,347.6,6,342.2,349.8,0.0,0.0,0.0,0.0,97
2023-05-11 09:37:23,IO2312-C-3700,IO2312-C-3700,342.2,0.0,0.0,0.0,12,342.0,347.8,18,342.2,349.8,0.0,0.0,0.0,0.0,97
2023-05-11 09:37:23,IO2312-C-3700,IO2312-C-3700,342.2,0.0,0.0,0.0,6,342.2,347.8,6,342.2,349.8,0.0,0.0,0.0,0.0,97
2023-05-11 09:37:24,IO2312-C-3700,IO2312-C-3700,342.2,0.0,0.0,0.0,6,342.2,348.0,30,342.2,349.8,0.0,0.0,0.0,0.0,97
2023-05-11 09:37:24,IO2312-C-3700,IO2312-C-3700,342.2,0.0,0.0,0.0,6,342.4,344.8,1,342.2,349.8,0.0,0.0,0.0,0.0,97
2023-05-11 09:37:27,IO2312-C-3700,IO2312-C-3700,342.2,0.0,0.0,0.0,6,342.2,344.8,1,342.2,349.8,0.0,0.0,0.0,0.0,97
2023-05-11 09:37:28,IO2312-C-3700,IO2312-C-3700,342.2,0.0,0.0,0.0,6,342.2,348.2,24,342.2,349.8,0.0,0.0,0.0,0.0,97
2023-05-11 09:37:28,IO2312-C-3700,IO2312-C-3700,342.2,0.0,0.0,0.0,6,342.2,348.2,12,342.2,349.8,0.0,0.0,0.0,0.0,97
2023-05-11 09:37:29,IO2312-C-3700,IO2312-C-3700,342.2,0.0,0.0,0.0,6,342.2,348.4,25,342.2,349.8,0.0,0.0,0.0,0.0,97
2023-05-11 09:37:29,IO2312-C-3700,IO2312-C-3700,342.2,0.0,0.0,0.0,6,342.2,348.4,19,342.2,349.8,0.0,0.0,0.0,0.0,97
2023-05-11 09:37:30,IO2312-C-3700,IO2312-C-3700,342.2,0.0,0.0,0.0,6,342.0,348.4,7,342.2,349.8,0.0,0.0,0.0,0.0,97
2023-05-11 09:37:30,IO2312-C-3700,IO2312-C-3700,342.2,0.0,0.0,0.0,6,342.0,348.4,1,342.2,349.8,0.0,0.0,0.0,0.0,97
2023-05-11 09:37:31,IO2312-C-3700,IO2312-C-3700,342.2,0.0,0.0,0.0,18,341.8,348.2,6,342.2,349.8,0.0,0.0,0.0,0.0,97
2023-05-11 09:37:31,IO2312-C-3700,IO2312-C-3700,342.2,0.0,0.0,0.0,6,341.8,348.2,6,342.2,349.8,0.0,0.0,0.0,0.0,97
2023-05-11 09:37:32,IO2312-C-3700,IO2312-C-3700,342.2,0.0,0.0,0.0,12,341.4,348.2,6,342.2,349.8,0.0,0.0,0.0,0.0,97
2023-05-11 09:37:32,IO2312-C-3700,IO2312-C-3700,342.2,0.0,0.0,0.0,6,341.4,348.2,6,342.2,349.8,0.0,0.0,0.0,0.0,97
2023-05-11 09:37:33,IO2312-C-3700,IO2312-C-3700,342.2,0.0,0.0,0.0,45,341.2,347.2,1,342.2,349.8,0.0,0.0,0.0,0.0,97
2023-05-11 09:37:33,IO2312-C-3700,IO2312-C-3700,342.2,0.0,0.0,0.0,6,341.4,347.2,1,342.2,349.8,0.0,0.0,0.0,0.0,97
2023-05-11 09:37:50,IO2312-C-3700,IO2312-C-3700,342.2,0.0,0.0,0.0,3,341.8,347.6,12,342.2,349.8,0.0,0.0,0.0,0.0,97
2023-05-11 09:37:50,IO2312-C-3700,IO2312-C-3700,342.2,0.0,0.0,0.0,12,342.0,348.2,13,342.2,349.8,0.0,0.0,0.0,0.0,97
2023-05-11 09:37:51,IO2312-C-3700,IO2312-C-3700,342.2,0.0,0.0,0.0,12,342.2,348.2,7,342.2,349.8,0.0,0.0,0.0,0.0,97
2023-05-11 09:37:51,IO2312-C-3700,IO2312-C-3700,342.2,0.0,0.0,0.0,6,342.4,348.2,1,342.2,349.8,0.0,0.0,0.0,0.0,97
2023-05-11 09:38:04,IO2312-C-3700,IO2312-C-3700,342.2,0.0,0.0,0.0,6,342.4,348.4,12,342.2,349.8,0.0,0.0,0.0,0.0,97
2023-05-11 09:38:04,IO2312-C-3700,IO2312-C-3700,342.2,0.0,0.0,0.0,6,342.6,348.6,30,342.2,349.8,0.0,0.0,0.0,0.0,97
2023-05-11 09:38:05,IO2312-C-3700,IO2312-C-3700,342.2,0.0,0.0,0.0,6,342.8,348.6,12,342.2,349.8,0.0,0.0,0.0,0.0,97
2023-05-11 09:38:05,IO2312-C-3700,IO2312-C-3700,342.2,0.0,0.0,0.0,6,342.8,348.8,12,342.2,349.8,0.0,0.0,0.0,0.0,97
2023-05-11 09:38:06,IO2312-C-3700,IO2312-C-3700,342.2,0.0,0.0,0.0,6,343.0,349.0,12,342.2,349.8,0.0,0.0,0.0,0.0,97
2023-05-11 09:38:06,IO2312-C-3700,IO2312-C-3700,342.2,0.0,0.0,0.0,6,343.2,349.2,30,342.2,349.8,0.0,0.0,0.0,0.0,97
2023-05-11 09:38:07,IO2312-C-3700,IO2312-C-3700,342.2,0.0,0.0,0.0,6,343.4,349.2,12,342.2,349.8,0.0,0.0,0.0,0.0,97
2023-05-11 09:38:07,IO2312-C-3700,IO2312-C-3700,342.2,0.0,0.0,0.0,6,343.6,349.4,13,342.2,349.8,0.0,0.0,0.0,0.0,97
2023-05-11 09:38:08,IO2312-C-3700,IO2312-C-3700,342.2,0.0,0.0,0.0,6,343.6,349.4,7,342.2,349.8,0.0,0.0,0.0,0.0,97
2023-05-11 09:38:08,IO2312-C-3700,IO2312-C-3700,342.2,0.0,0.0,0.0,6,343.6,349.4,1,342.2,349.8,0.0,0.0,0.0,0.0,97
2023-05-11 09:38:15,IO2312-C-3700,IO2312-C-3700,342.2,0.0,0.0,0.0,6,343.2,349.4,1,342.2,349.8,0.0,0.0,0.0,0.0,97
2023-05-11 09:38:19,IO2312-C-3700,IO2312-C-3700,342.2,0.0,0.0,0.0,6,343.0,349.4,1,342.2,349.8,0.0,0.0,0.0,0.0,97
2023-05-11 09:38:19,IO2312-C-3700,IO2312-C-3700,342.2,0.0,0.0,0.0,6,342.8,349.4,1,342.2,349.8,0.0,0.0,0.0,0.0,97
2023-05-11 09:38:36,IO2312-C-3700,IO2312-C-3700,342.2,0.0,0.0,0.0,6,343.0,349.4,1,342.2,349.8,0.0,0.0,0.0,0.0,97
2023-05-11 09:38:36,IO2312-C-3700,IO2312-C-3700,342.2,0.0,0.0,0.0,6,343.2,349.4,1,342.2,349.8,0.0,0.0,0.0,0.0,97
2023-05-11 09:38:42,IO2312-C-3700,IO2312-C-3700,342.2,0.0,0.0,0.0,6,343.2,349.6,12,342.2,349.8,0.0,0.0,0.0,0.0,97
2023-05-11 09:38:42,IO2312-C-3700,IO2312-C-3700,342.2,0.0,0.0,0.0,6,343.2,349.8,24,342.2,349.8,0.0,0.0,0.0,0.0,97
2023-05-11 09:38:43,IO2312-C-3700,IO2312-C-3700,342.2,0.0,0.0,0.0,6,343.2,349.8,12,342.2,349.8,0.0,0.0,0.0,0.0,97
2023-05-11 09:38:43,IO2312-C-3700,IO2312-C-3700,342.2,0.0,0.0,0.0,6,343.2,350.0,25,342.2,349.8,0.0,0.0,0.0,0.0,97
2023-05-11 09:38:44,IO2312-C-3700,IO2312-C-3700,342.2,0.0,0.0,0.0,6,343.2,350.0,13,342.2,349.8,0.0,0.0,0.0,0.0,97
2023-05-11 09:38:44,IO2312-C-3700,IO2312-C-3700,342.2,0.0,0.0,0.0,6,343.2,350.0,7,342.2,349.8,0.0,0.0,0.0,0.0,97
2023-05-11 09:38:45,IO2312-C-3700,IO2312-C-3700,342.2,0.0,0.0,0.0,6,343.4,350.0,1,342.2,349.8,0.0,0.0,0.0,0.0,97
2023-05-11 09:38:45,IO2312-C-3700,IO2312-C-3700,342.2,0.0,0.0,0.0,6,343.6,350.0,1,342.2,349.8,0.0,0.0,0.0,0.0,97
2023-05-11 09:38:57,IO2312-C-3700,IO2312-C-3700,342.2,0.0,0.0,0.0,6,343.6,350.2,30,342.2,349.8,0.0,0.0,0.0,0.0,97
2023-05-11 09:38:57,IO2312-C-3700,IO2312-C-3700,342.2,0.0,0.0,0.0,6,343.6,350.2,12,342.2,349.8,0.0,0.0,0.0,0.0,97
2023-05-11 09:38:58,IO2312-C-3700,IO2312-C-3700,342.2,0.0,0.0,0.0,6,343.6,350.4,24,342.2,349.8,0.0,0.0,0.0,0.0,97
2023-05-11 09:38:58,IO2312-C-3700,IO2312-C-3700,342.2,0.0,0.0,0.0,6,343.8,350.4,12,342.2,349.8,0.0,0.0,0.0,0.0,97
2023-05-11 09:38:59,IO2312-C-3700,IO2312-C-3700,342.2,0.0,0.0,0.0,6,344.0,350.6,24,342.2,349.8,0.0,0.0,0.0,0.0,97
2023-05-11 09:38:59,IO2312-C-3700,IO2312-C-3700,342.2,0.0,0.0,0.0,6,344.0,350.6,12,342.2,349.8,0.0,0.0,0.0,0.0,97
2023-05-11 09:39:00,IO2312-C-3700,IO2312-C-3700,342.2,0.0,0.0,0.0,6,344.0,350.8,24,342.2,349.8,0.0,0.0,0.0,0.0,97
2023-05-11 09:39:00,IO2312-C-3700,IO2312-C-3700,342.2,0.0,0.0,0.0,6,344.0,350.8,12,342.2,349.8,0.0,0.0,0.0,0.0,97
2023-05-11 09:39:01,IO2312-C-3700,IO2312-C-3700,342.2,0.0,0.0,0.0,6,344.2,351.0,31,342.2,349.8,0.0,0.0,0.0,0.0,97
2023-05-11 09:39:01,IO2312-C-3700,IO2312-C-3700,342.2,0.0,0.0,0.0,6,344.4,351.0,19,342.2,349.8,0.0,0.0,0.0,0.0,97
2023-05-11 09:39:02,IO2312-C-3700,IO2312-C-3700,342.2,0.0,0.0,0.0,6,344.4,351.0,13,342.2,349.8,0.0,0.0,0.0,0.0,97
2023-05-11 09:39:02,IO2312-C-3700,IO2312-C-3700,342.2,0.0,0.0,0.0,6,344.4,351.0,7,342.2,349.8,0.0,0.0,0.0,0.0,97
2023-05-11 09:39:03,IO2312-C-3700,IO2312-C-3700,342.2,0.0,0.0,0.0,6,344.4,351.0,1,342.2,349.8,0.0,0.0,0.0,0.0,97
2023-05-11 09:39:12,IO2312-C-3700,IO2312-C-3700,342.2,0.0,0.0,0.0,6,344.4,350.4,3,342.2,349.8,0.0,0.0,0.0,0.0,97
2023-05-11 09:39:13,IO2312-C-3700,IO2312-C-3700,342.2,0.0,0.0,0.0,6,344.2,350.4,3,342.2,349.8,0.0,0.0,0.0,0.0,97
2023-05-11 09:39:13,IO2312-C-3700,IO2312-C-3700,342.2,0.0,0.0,0.0,6,344.2,349.2,1,342.2,349.8,0.0,0.0,0.0,0.0,97
2023-05-11 09:39:14,IO2312-C-3700,IO2312-C-3700,342.2,0.0,0.0,0.0,6,344.0,349.2,1,342.2,349.8,0.0,0.0,0.0,0.0,97
2023-05-11 09:39:23,IO2312-C-3700,IO2312-C-3700,342.2,0.0,0.0,0.0,6,343.8,349.2,1,342.2,349.8,0.0,0.0,0.0,0.0,97
2023-05-11 09:39:24,IO2312-C-3700,IO2312-C-3700,342.2,0.0,0.0,0.0,6,343.6,349.2,1,342.2,349.8,0.0,0.0,0.0,0.0,97
2023-05-11 09:39:45,IO2312-C-3700,IO2312-C-3700,342.2,0.0,0.0,0.0,6,343.8,349.2,1,342.2,349.8,0.0,0.0,0.0,0.0,97
2023-05-11 09:39:45,IO2312-C-3700,IO2312-C-3700,342.2,0.0,0.0,0.0,6,344.0,349.2,1,342.2,349.8,0.0,0.0,0.0,0.0,97
2023-05-11 09:39:57,IO2312-C-3700,IO2312-C-3700,342.2,0.0,0.0,0.0,6,344.0,350.6,37,342.2,349.8,0.0,0.0,0.0,0.0,97
2023-05-11 09:39:57,IO2312-C-3700,IO2312-C-3700,342.2,0.0,0.0,0.0,6,344.0,350.6,19,342.2,349.8,0.0,0.0,0.0,0.0,97
2023-05-11 09:39:58,IO2312-C-3700,IO2312-C-3700,342.2,0.0,0.0,0.0,6,344.0,350.6,13,342.2,349.8,0.0,0.0,0.0,0.0,97
2023-05-11 09:40:05,IO2312-C-3700,IO2312-C-3700,342.2,0.0,0.0,0.0,6,343.8,350.6,13,342.2,349.8,0.0,0.0,0.0,0.0,97
2023-05-11 09:40:09,IO2312-C-3700,IO2312-C-3700,342.2,0.0,0.0,0.0,6,343.8,349.4,1,342.2,349.8,0.0,0.0,0.0,0.0,97
2023-05-11 09:40:15,IO2312-C-3700,IO2312-C-3700,342.2,0.0,0.0,0.0,6,343.6,349.4,1,342.2,349.8,0.0,0.0,0.0,0.0,97
2023-05-11 09:40:16,IO2312-C-3700,IO2312-C-3700,342.2,0.0,0.0,0.0,6,343.8,349.4,1,342.2,349.8,0.0,0.0,0.0,0.0,97
2023-05-11 09:40:17,IO2312-C-3700,IO2312-C-3700,342.2,0.0,0.0,0.0,6,344.0,349.4,1,342.2,349.8,0.0,0.0,0.0,0.0,97
2023-05-11 09:40:26,IO2312-C-3700,IO2312-C-3700,342.2,0.0,0.0,0.0,6,343.8,349.4,1,342.2,349.8,0.0,0.0,0.0,0.0,97
2023-05-11 09:40:39,IO2312-C-3700,IO2312-C-3700,342.2,0.0,0.0,0.0,6,343.6,349.4,1,342.2,349.8,0.0,0.0,0.0,0.0,97
2023-05-11 09:41:12,IO2312-C-3700,IO2312-C-3700,342.2,0.0,0.0,0.0,6,343.6,349.2,3,342.2,349.8,0.0,0.0,0.0,0.0,97
2023-05-11 09:41:13,IO2312-C-3700,IO2312-C-3700,342.2,0.0,0.0,0.0,6,343.6,346.8,1,342.2,349.8,0.0,0.0,0.0,0.0,97
2023-05-11 09:41:18,IO2312-C-3700,IO2312-C-3700,342.2,0.0,0.0,0.0,24,343.4,346.8,1,342.2,349.8,0.0,0.0,0.0,0.0,97
2023-05-11 09:41:18,IO2312-C-3700,IO2312-C-3700,342.2,0.0,0.0,0.0,12,343.4,346.8,1,342.2,349.8,0.0,0.0,0.0,0.0,97
2023-05-11 09:41:19,IO2312-C-3700,IO2312-C-3700,342.2,0.0,0.0,0.0,6,343.4,346.8,1,342.2,349.8,0.0,0.0,0.0,0.0,97
2023-05-11 09:41:30,IO2312-C-3700,IO2312-C-3700,342.2,0.0,0.0,0.0,6,343.4,348.8,1,342.2,349.8,0.0,0.0,0.0,0.0,97
2023-05-11 09:42:10,IO2312-C-3700,IO2312-C-3700,342.2,0.0,0.0,0.0,18,343.2,348.8,4,342.2,349.8,0.0,0.0,0.0,0.0,97
2023-05-11 09:42:11,IO2312-C-3700,IO2312-C-3700,342.2,0.0,0.0,0.0,12,343.2,348.8,4,342.2,349.8,0.0,0.0,0.0,0.0,97
2023-05-11 09:42:11,IO2312-C-3700,IO2312-C-3700,342.2,0.0,0.0,0.0,6,343.2,348.8,1,342.2,349.8,0.0,0.0,0.0,0.0,97
2023-05-11 09:42:12,IO2312-C-3700,IO2312-C-3700,342.2,0.0,0.0,0.0,6,343.2,348.8,4,342.2,349.8,0.0,0.0,0.0,0.0,97
2023-05-11 09:42:13,IO2312-C-3700,IO2312-C-3700,342.2,0.0,0.0,0.0,6,343.2,348.6,6,342.2,349.8,0.0,0.0,0.0,0.0,97
2023-05-11 09:42:15,IO2312-C-3700,IO2312-C-3700,342.2,0.0,0.0,0.0,6,343.2,347.0,1,342.2,349.8,0.0,0.0,0.0,0.0,97
2023-05-11 09:42:35,IO2312-C-3700,IO2312-C-3700,342.2,0.0,0.0,0.0,6,343.2,348.4,24,342.2,349.8,0.0,0.0,0.0,0.0,97
2023-05-11 09:42:35,IO2312-C-3700,IO2312-C-3700,342.2,0.0,0.0,0.0,6,343.2,348.4,12,342.2,349.8,0.0,0.0,0.0,0.0,97
2023-05-11 09:42:36,IO2312-C-3700,IO2312-C-3700,342.2,0.0,0.0,0.0,6,343.2,348.8,30,342.2,349.8,0.0,0.0,0.0,0.0,97
2023-05-11 09:42:36,IO2312-C-3700,IO2312-C-3700,342.2,0.0,0.0,0.0,6,343.2,348.8,18,342.2,349.8,0.0,0.0,0.0,0.0,97
2023-05-11 09:42:37,IO2312-C-3700,IO2312-C-3700,342.2,0.0,0.0,0.0,6,343.2,348.8,12,342.2,349.8,0.0,0.0,0.0,0.0,97
2023-05-11 09:42:37,IO2312-C-3700,IO2312-C-3700,342.2,0.0,0.0,0.0,6,343.2,348.8,6,342.2,349.8,0.0,0.0,0.0,0.0,97
2023-05-11 09:42:43,IO2312-C-3700,IO2312-C-3700,342.2,0.0,0.0,0.0,6,343.2,347.2,1,342.2,349.8,0.0,0.0,0.0,0.0,97
2023-05-11 09:43:01,IO2312-C-3700,IO2312-C-3700,342.2,0.0,0.0,0.0,6,342.6,347.2,1,342.2,349.8,0.0,0.0,0.0,0.0,97
2023-05-11 09:43:01,IO2312-C-3700,IO2312-C-3700,342.2,0.0,0.0,0.0,30,342.4,347.2,1,342.2,349.8,0.0,0.0,0.0,0.0,97
2023-05-11 09:43:02,IO2312-C-3700,IO2312-C-3700,342.2,0.0,0.0,0.0,18,342.4,347.2,1,342.2,349.8,0.0,0.0,0.0,0.0,97
2023-05-11 09:43:02,IO2312-C-3700,IO2312-C-3700,342.2,0.0,0.0,0.0,12,342.4,347.2,1,342.2,349.8,0.0,0.0,0.0,0.0,97
2023-05-11 09:43:03,IO2312-C-3700,IO2312-C-3700,342.2,0.0,0.0,0.0,6,342.4,347.2,1,342.2,349.8,0.0,0.0,0.0,0.0,97
2023-05-11 09:43:07,IO2312-C-3700,IO2312-C-3700,342.2,0.0,0.0,0.0,24,342.0,347.2,1,342.2,349.8,0.0,0.0,0.0,0.0,97
2023-05-11 09:43:07,IO2312-C-3700,IO2312-C-3700,342.2,0.0,0.0,0.0,18,342.0,347.2,1,342.2,349.8,0.0,0.0,0.0,0.0,97
2023-05-11 09:43:08,IO2312-C-3700,IO2312-C-3700,342.2,0.0,0.0,0.0,12,342.0,347.2,1,342.2,349.8,0.0,0.0,0.0,0.0,97
2023-05-11 09:43:08,IO2312-C-3700,IO2312-C-3700,342.2,0.0,0.0,0.0,6,342.0,347.2,1,342.2,349.8,0.0,0.0,0.0,0.0,97
2023-05-11 09:43:09,IO2312-C-3700,IO2312-C-3700,342.2,0.0,0.0,0.0,6,341.8,347.2,1,342.2,349.8,0.0,0.0,0.0,0.0,97
2023-05-11 09:43:09,IO2312-C-3700,IO2312-C-3700,342.2,0.0,0.0,0.0,3,342.4,347.2,1,342.2,349.8,0.0,0.0,0.0,0.0,97
2023-05-11 09:43:10,IO2312-C-3700,IO2312-C-3700,342.2,0.0,0.0,0.0,6,342.0,347.2,1,342.2,349.8,0.0,0.0,0.0,0.0,97
2023-05-11 09:43:11,IO2312-C-3700,IO2312-C-3700,342.2,0.0,0.0,0.0,6,341.6,347.2,1,342.2,349.8,0.0,0.0,0.0,0.0,97
2023-05-11 09:43:11,IO2312-C-3700,IO2312-C-3700,342.2,0.0,0.0,0.0,3,342.0,347.2,1,342.2,349.8,0.0,0.0,0.0,0.0,97
2023-05-11 09:43:12,IO2312-C-3700,IO2312-C-3700,342.2,0.0,0.0,0.0,9,342.0,347.2,1,342.2,349.8,0.0,0.0,0.0,0.0,97
2023-05-11 09:43:13,IO2312-C-3700,IO2312-C-3700,342.2,0.0,0.0,0.0,6,342.0,347.2,1,342.2,349.8,0.0,0.0,0.0,0.0,97
2023-05-11 09:43:13,IO2312-C-3700,IO2312-C-3700,342.2,0.0,0.0,0.0,6,341.6,347.2,1,342.2,349.8,0.0,0.0,0.0,0.0,97
2023-05-11 09:43:14,IO2312-C-3700,IO2312-C-3700,342.2,0.0,0.0,0.0,9,341.6,347.2,1,342.2,349.8,0.0,0.0,0.0,0.0,97
2023-05-11 09:43:14,IO2312-C-3700,IO2312-C-3700,342.2,0.0,0.0,0.0,6,341.8,347.2,1,342.2,349.8,0.0,0.0,0.0,0.0,97
2023-05-11 09:43:18,IO2312-C-3700,IO2312-C-3700,342.2,0.0,0.0,0.0,6,342.0,347.2,1,342.2,349.8,0.0,0.0,0.0,0.0,97
2023-05-11 09:43:19,IO2312-C-3700,IO2312-C-3700,342.2,0.0,0.0,0.0,12,342.0,347.2,1,342.2,349.8,0.0,0.0,0.0,0.0,97
2023-05-11 09:43:20,IO2312-C-3700,IO2312-C-3700,342.2,0.0,0.0,0.0,6,342.0,347.2,1,342.2,349.8,0.0,0.0,0.0,0.0,97
2023-05-11 09:43:21,IO2312-C-3700,IO2312-C-3700,342.2,0.0,0.0,0.0,6,341.8,347.2,1,342.2,349.8,0.0,0.0,0.0,0.0,97
2023-05-11 09:44:23,IO2312-C-3700,IO2312-C-3700,342.2,0.0,0.0,0.0,3,342.4,347.2,1,342.2,349.8,0.0,0.0,0.0,0.0,97
2023-05-11 09:44:23,IO2312-C-3700,IO2312-C-3700,342.2,0.0,0.0,0.0,9,342.4,347.2,1,342.2,349.8,0.0,0.0,0.0,0.0,97
2023-05-11 09:44:24,IO2312-C-3700,IO2312-C-3700,342.2,0.0,0.0,0.0,6,342.6,347.2,1,342.2,349.8,0.0,0.0,0.0,0.0,97
2023-05-11 09:44:25,IO2312-C-3700,IO2312-C-3700,342.2,0.0,0.0,0.0,9,342.4,347.2,1,342.2,349.8,0.0,0.0,0.0,0.0,97
2023-05-11 09:44:27,IO2312-C-3700,IO2312-C-3700,342.2,0.0,0.0,0.0,6,342.4,347.2,1,342.2,349.8,0.0,0.0,0.0,0.0,97
2023-05-11 09:44:27,IO2312-C-3700,IO2312-C-3700,342.2,0.0,0.0,0.0,6,341.8,347.2,1,342.2,349.8,0.0,0.0,0.0,0.0,97
2023-05-11 09:44:28,IO2312-C-3700,IO2312-C-3700,342.2,0.0,0.0,0.0,3,342.2,347.2,1,342.2,349.8,0.0,0.0,0.0,0.0,97
2023-05-11 09:44:28,IO2312-C-3700,IO2312-C-3700,342.2,0.0,0.0,0.0,9,342.2,347.2,1,342.2,349.8,0.0,0.0,0.0,0.0,97
2023-05-11 09:44:29,IO2312-C-3700,IO2312-C-3700,342.2,0.0,0.0,0.0,6,342.2,347.2,1,342.2,349.8,0.0,0.0,0.0,0.0,97
2023-05-11 09:44:30,IO2312-C-3700,IO2312-C-3700,342.2,0.0,0.0,0.0,6,341.6,347.2,1,342.2,349.8,0.0,0.0,0.0,0.0,97
2023-05-11 09:44:30,IO2312-C-3700,IO2312-C-3700,342.2,0.0,0.0,0.0,9,341.6,347.2,1,342.2,349.8,0.0,0.0,0.0,0.0,97
2023-05-11 09:44:31,IO2312-C-3700,IO2312-C-3700,342.2,0.0,0.0,0.0,6,341.8,347.2,1,342.2,349.8,0.0,0.0,0.0,0.0,97
2023-05-11 09:44:31,IO2312-C-3700,IO2312-C-3700,342.2,0.0,0.0,0.0,6,341.6,347.2,1,342.2,349.8,0.0,0.0,0.0,0.0,97
2023-05-11 09:44:35,IO2312-C-3700,IO2312-C-3700,342.2,0.0,0.0,0.0,6,341.8,347.2,1,342.2,349.8,0.0,0.0,0.0,0.0,97
2023-05-11 09:44:36,IO2312-C-3700,IO2312-C-3700,342.2,0.0,0.0,0.0,6,342.0,347.2,1,342.2,349.8,0.0,0.0,0.0,0.0,97
2023-05-11 09:44:37,IO2312-C-3700,IO2312-C-3700,342.2,0.0,0.0,0.0,3,342.4,347.2,1,342.2,349.8,0.0,0.0,0.0,0.0,97
2023-05-11 09:44:37,IO2312-C-3700,IO2312-C-3700,342.2,0.0,0.0,0.0,9,342.4,347.2,1,342.2,349.8,0.0,0.0,0.0,0.0,97
2023-05-11 09:44:38,IO2312-C-3700,IO2312-C-3700,342.2,0.0,0.0,0.0,6,342.4,347.2,1,342.2,349.8,0.0,0.0,0.0,0.0,97
2023-05-11 09:44:39,IO2312-C-3700,IO2312-C-3700,342.2,0.0,0.0,0.0,6,342.0,347.2,1,342.2,349.8,0.0,0.0,0.0,0.0,97
2023-05-11 09:44:39,IO2312-C-3700,IO2312-C-3700,342.2,0.0,0.0,0.0,3,342.2,347.2,1,342.2,349.8,0.0,0.0,0.0,0.0,97
2023-05-11 09:44:40,IO2312-C-3700,IO2312-C-3700,342.2,0.0,0.0,0.0,9,342.2,347.2,1,342.2,349.8,0.0,0.0,0.0,0.0,97
2023-05-11 09:44:41,IO2312-C-3700,IO2312-C-3700,342.2,0.0,0.0,0.0,6,342.2,347.2,1,342.2,349.8,0.0,0.0,0.0,0.0,97
2023-05-11 09:44:41,IO2312-C-3700,IO2312-C-3700,342.2,0.0,0.0,0.0,6,342.0,347.2,1,342.2,349.8,0.0,0.0,0.0,0.0,97
2023-05-11 09:44:42,IO2312-C-3700,IO2312-C-3700,342.2,0.0,0.0,0.0,3,342.2,347.2,1,342.2,349.8,0.0,0.0,0.0,0.0,97
2023-05-11 09:44:43,IO2312-C-3700,IO2312-C-3700,342.2,0.0,0.0,0.0,6,342.0,347.2,1,342.2,349.8,0.0,0.0,0.0,0.0,97
2023-05-11 09:44:44,IO2312-C-3700,IO2312-C-3700,342.2,0.0,0.0,0.0,9,342.0,347.2,1,342.2,349.8,0.0,0.0,0.0,0.0,97
2023-05-11 09:44:46,IO2312-C-3700,IO2312-C-3700,342.2,0.0,0.0,0.0,6,342.0,347.2,1,342.2,349.8,0.0,0.0,0.0,0.0,97
2023-05-11 09:44:46,IO2312-C-3700,IO2312-C-3700,342.2,0.0,0.0,0.0,6,341.6,347.2,1,342.2,349.8,0.0,0.0,0.0,0.0,97
2023-05-11 09:44:47,IO2312-C-3700,IO2312-C-3700,342.2,0.0,0.0,0.0,9,341.6,347.2,1,342.2,349.8,0.0,0.0,0.0,0.0,97
2023-05-11 09:44:47,IO2312-C-3700,IO2312-C-3700,342.2,0.0,0.0,0.0,6,341.8,347.2,1,342.2,349.8,0.0,0.0,0.0,0.0,97
2023-05-11 09:44:49,IO2312-C-3700,IO2312-C-3700,342.2,0.0,0.0,0.0,6,342.0,347.2,1,342.2,349.8,0.0,0.0,0.0,0.0,97
2023-05-11 09:44:49,IO2312-C-3700,IO2312-C-3700,342.2,0.0,0.0,0.0,12,342.0,347.2,1,342.2,349.8,0.0,0.0,0.0,0.0,97
2023-05-11 09:44:50,IO2312-C-3700,IO2312-C-3700,342.2,0.0,0.0,0.0,6,342.0,347.2,1,342.2,349.8,0.0,0.0,0.0,0.0,97
2023-05-11 09:44:50,IO2312-C-3700,IO2312-C-3700,342.2,0.0,0.0,0.0,6,341.8,347.2,1,342.2,349.8,0.0,0.0,0.0,0.0,97
2023-05-11 09:44:57,IO2312-C-3700,IO2312-C-3700,342.2,0.0,0.0,0.0,3,342.4,347.2,1,342.2,349.8,0.0,0.0,0.0,0.0,97
2023-05-11 09:44:58,IO2312-C-3700,IO2312-C-3700,342.2,0.0,0.0,0.0,9,342.4,347.2,1,342.2,349.8,0.0,0.0,0.0,0.0,97
2023-05-11 09:44:59,IO2312-C-3700,IO2312-C-3700,342.2,0.0,0.0,0.0,6,342.4,347.2,1,342.2,349.8,0.0,0.0,0.0,0.0,97
2023-05-11 09:44:59,IO2312-C-3700,IO2312-C-3700,342.2,0.0,0.0,0.0,6,342.2,347.2,1,342.2,349.8,0.0,0.0,0.0,0.0,97
2023-05-11 09:45:00,IO2312-C-3700,IO2312-C-3700,342.2,0.0,0.0,0.0,9,342.2,347.2,1,342.2,349.8,0.0,0.0,0.0,0.0,97
2023-05-11 09:45:00,IO2312-C-3700,IO2312-C-3700,342.2,0.0,0.0,0.0,6,342.2,347.2,1,342.2,349.8,0.0,0.0,0.0,0.0,97
2023-05-11 09:45:01,IO2312-C-3700,IO2312-C-3700,342.2,0.0,0.0,0.0,3,342.6,347.2,1,342.2,349.8,0.0,0.0,0.0,0.0,97
2023-05-11 09:45:02,IO2312-C-3700,IO2312-C-3700,342.2,0.0,0.0,0.0,9,342.6,347.2,1,342.2,349.8,0.0,0.0,0.0,0.0,97
2023-05-11 09:45:03,IO2312-C-3700,IO2312-C-3700,342.2,0.0,0.0,0.0,6,342.6,347.2,1,342.2,349.8,0.0,0.0,0.0,0.0,97
2023-05-11 09:45:04,IO2312-C-3700,IO2312-C-3700,342.2,0.0,0.0,0.0,3,343.0,347.2,1,342.2,349.8,0.0,0.0,0.0,0.0,97
2023-05-11 09:45:05,IO2312-C-3700,IO2312-C-3700,342.2,0.0,0.0,0.0,6,342.8,347.2,1,342.2,349.8,0.0,0.0,0.0,0.0,97
2023-05-11 09:45:06,IO2312-C-3700,IO2312-C-3700,342.2,0.0,0.0,0.0,6,342.6,347.2,1,342.2,349.8,0.0,0.0,0.0,0.0,97
2023-05-11 09:45:06,IO2312-C-3700,IO2312-C-3700,342.2,0.0,0.0,0.0,3,342.8,347.2,1,342.2,349.8,0.0,0.0,0.0,0.0,97
2023-05-11 09:45:07,IO2312-C-3700,IO2312-C-3700,342.2,0.0,0.0,0.0,9,342.8,347.2,1,342.2,349.8,0.0,0.0,0.0,0.0,97
2023-05-11 09:45:07,IO2312-C-3700,IO2312-C-3700,342.2,0.0,0.0,0.0,6,343.0,347.2,1,342.2,349.8,0.0,0.0,0.0,0.0,97
2023-05-11 09:45:09,IO2312-C-3700,IO2312-C-3700,342.2,0.0,0.0,0.0,6,343.0,347.8,30,342.2,349.8,0.0,0.0,0.0,0.0,97
2023-05-11 09:45:10,IO2312-C-3700,IO2312-C-3700,342.2,0.0,0.0,0.0,6,343.0,347.8,6,342.2,349.8,0.0,0.0,0.0,0.0,97
2023-05-11 09:45:10,IO2312-C-3700,IO2312-C-3700,342.2,0.0,0.0,0.0,6,343.2,348.0,18,342.2,349.8,0.0,0.0,0.0,0.0,97
2023-05-11 09:45:11,IO2312-C-3700,IO2312-C-3700,342.2,0.0,0.0,0.0,12,343.4,348.0,6,342.2,349.8,0.0,0.0,0.0,0.0,97
2023-05-11 09:45:11,IO2312-C-3700,IO2312-C-3700,342.2,0.0,0.0,0.0,6,343.6,348.2,24,342.2,349.8,0.0,0.0,0.0,0.0,97
2023-05-11 09:45:12,IO2312-C-3700,IO2312-C-3700,342.2,0.0,0.0,0.0,6,343.6,348.2,6,342.2,349.8,0.0,0.0,0.0,0.0,97
2023-05-11 09:45:12,IO2312-C-3700,IO2312-C-3700,342.2,0.0,0.0,0.0,6,343.6,348.8,24,342.2,349.8,0.0,0.0,0.0,0.0,97
2023-05-11 09:45:13,IO2312-C-3700,IO2312-C-3700,342.2,0.0,0.0,0.0,6,343.8,348.8,12,342.2,349.8,0.0,0.0,0.0,0.0,97
2023-05-11 09:45:13,IO2312-C-3700,IO2312-C-3700,342.2,0.0,0.0,0.0,6,344.0,349.2,30,342.2,349.8,0.0,0.0,0.0,0.0,97
2023-05-11 09:45:14,IO2312-C-3700,IO2312-C-3700,342.2,0.0,0.0,0.0,6,344.0,349.2,18,342.2,349.8,0.0,0.0,0.0,0.0,97
2023-05-11 09:45:14,IO2312-C-3700,IO2312-C-3700,342.2,0.0,0.0,0.0,6,343.6,349.2,6,342.2,349.8,0.0,0.0,0.0,0.0,97
2023-05-11 09:45:15,IO2312-C-3700,IO2312-C-3700,342.2,0.0,0.0,0.0,6,343.6,349.4,12,342.2,349.8,0.0,0.0,0.0,0.0,97
2023-05-11 09:45:15,IO2312-C-3700,IO2312-C-3700,342.2,0.0,0.0,0.0,6,343.6,349.6,12,342.2,349.8,0.0,0.0,0.0,0.0,97
2023-05-11 09:45:16,IO2312-C-3700,IO2312-C-3700,342.2,0.0,0.0,0.0,6,343.6,349.8,30,342.2,349.8,0.0,0.0,0.0,0.0,97
2023-05-11 09:45:16,IO2312-C-3700,IO2312-C-3700,342.2,0.0,0.0,0.0,6,343.6,349.8,12,342.2,349.8,0.0,0.0,0.0,0.0,97
2023-05-11 09:45:17,IO2312-C-3700,IO2312-C-3700,342.2,0.0,0.0,0.0,6,343.4,350.2,30,342.2,349.8,0.0,0.0,0.0,0.0,97
2023-05-11 09:45:17,IO2312-C-3700,IO2312-C-3700,342.2,0.0,0.0,0.0,6,343.4,350.2,24,342.2,349.8,0.0,0.0,0.0,0.0,97
2023-05-11 09:45:20,IO2312-C-3700,IO2312-C-3700,342.2,0.0,0.0,0.0,6,343.4,350.2,18,342.2,349.8,0.0,0.0,0.0,0.0,97
2023-05-11 09:45:21,IO2312-C-3700,IO2312-C-3700,342.2,0.0,0.0,0.0,6,343.4,350.2,12,342.2,349.8,0.0,0.0,0.0,0.0,97
2023-05-11 09:45:21,IO2312-C-3700,IO2312-C-3700,342.2,0.0,0.0,0.0,6,343.4,350.2,6,342.2,349.8,0.0,0.0,0.0,0.0,97
2023-05-11 09:45:30,IO2312-C-3700,IO2312-C-3700,342.2,0.0,0.0,0.0,6,343.2,350.2,6,342.2,349.8,0.0,0.0,0.0,0.0,97
2023-05-11 09:45:32,IO2312-C-3700,IO2312-C-3700,342.2,0.0,0.0,0.0,6,343.4,350.2,6,342.2,349.8,0.0,0.0,0.0,0.0,97
2023-05-11 09:45:32,IO2312-C-3700,IO2312-C-3700,342.2,0.0,0.0,0.0,6,343.6,350.2,6,342.2,349.8,0.0,0.0,0.0,0.0,97
2023-05-11 09:45:35,IO2312-C-3700,IO2312-C-3700,342.2,0.0,0.0,0.0,6,343.6,350.4,15,342.2,349.8,0.0,0.0,0.0,0.0,97
2023-05-11 09:45:36,IO2312-C-3700,IO2312-C-3700,342.2,0.0,0.0,0.0,6,343.6,350.6,30,342.2,349.8,0.0,0.0,0.0,0.0,97
2023-05-11 09:45:36,IO2312-C-3700,IO2312-C-3700,342.2,0.0,0.0,0.0,6,343.6,350.6,18,342.2,349.8,0.0,0.0,0.0,0.0,97
2023-05-11 09:45:37,IO2312-C-3700,IO2312-C-3700,342.2,0.0,0.0,0.0,6,343.6,350.6,12,342.2,349.8,0.0,0.0,0.0,0.0,97
2023-05-11 09:45:37,IO2312-C-3700,IO2312-C-3700,342.2,0.0,0.0,0.0,6,343.6,350.6,6,342.2,349.8,0.0,0.0,0.0,0.0,97
2023-05-11 09:45:42,IO2312-C-3700,IO2312-C-3700,342.2,0.0,0.0,0.0,6,343.6,350.4,3,342.2,349.8,0.0,0.0,0.0,0.0,97
2023-05-11 09:45:44,IO2312-C-3700,IO2312-C-3700,342.2,0.0,0.0,0.0,6,343.6,350.6,6,342.2,349.8,0.0,0.0,0.0,0.0,97
2023-05-11 09:45:52,IO2312-C-3700,IO2312-C-3700,342.2,0.0,0.0,0.0,6,343.6,350.8,3,342.2,349.8,0.0,0.0,0.0,0.0,97
2023-05-11 09:45:52,IO2312-C-3700,IO2312-C-3700,342.2,0.0,0.0,0.0,3,344.4,351.2,36,342.2,349.8,0.0,0.0,0.0,0.0,97
2023-05-11 09:45:53,IO2312-C-3700,IO2312-C-3700,342.2,0.0,0.0,0.0,6,344.6,351.2,12,342.2,349.8,0.0,0.0,0.0,0.0,97
2023-05-11 09:45:53,IO2312-C-3700,IO2312-C-3700,342.2,0.0,0.0,0.0,6,344.6,351.6,6,342.2,349.8,0.0,0.0,0.0,0.0,97
2023-05-11 09:45:54,IO2312-C-3700,IO2312-C-3700,342.2,0.0,0.0,0.0,6,344.8,352.0,42,342.2,349.8,0.0,0.0,0.0,0.0,97
2023-05-11 09:45:54,IO2312-C-3700,IO2312-C-3700,342.2,0.0,0.0,0.0,6,345.0,352.0,18,342.2,349.8,0.0,0.0,0.0,0.0,97
2023-05-11 09:45:55,IO2312-C-3700,IO2312-C-3700,342.2,0.0,0.0,0.0,6,345.0,352.0,12,342.2,349.8,0.0,0.0,0.0,0.0,97
2023-05-11 09:45:55,IO2312-C-3700,IO2312-C-3700,342.2,0.0,0.0,0.0,6,345.0,352.0,6,342.2,349.8,0.0,0.0,0.0,0.0,97
2023-05-11 09:45:56,IO2312-C-3700,IO2312-C-3700,342.2,0.0,0.0,0.0,6,345.0,351.4,3,342.2,349.8,0.0,0.0,0.0,0.0,97
2023-05-11 09:45:58,IO2312-C-3700,IO2312-C-3700,342.2,0.0,0.0,0.0,6,345.0,352.2,30,342.2,349.8,0.0,0.0,0.0,0.0,97
2023-05-11 09:45:58,IO2312-C-3700,IO2312-C-3700,342.2,0.0,0.0,0.0,6,345.0,352.2,18,342.2,349.8,0.0,0.0,0.0,0.0,97
2023-05-11 09:45:59,IO2312-C-3700,IO2312-C-3700,342.2,0.0,0.0,0.0,6,345.0,352.2,15,342.2,349.8,0.0,0.0,0.0,0.0,97
2023-05-11 09:46:00,IO2312-C-3700,IO2312-C-3700,342.2,0.0,0.0,0.0,6,345.0,352.2,12,342.2,349.8,0.0,0.0,0.0,0.0,97
2023-05-11 09:46:00,IO2312-C-3700,IO2312-C-3700,342.2,0.0,0.0,0.0,6,345.0,352.2,6,342.2,349.8,0.0,0.0,0.0,0.0,97
2023-05-11 09:46:01,IO2312-C-3700,IO2312-C-3700,342.2,0.0,0.0,0.0,6,344.8,351.4,3,342.2,349.8,0.0,0.0,0.0,0.0,97
2023-05-11 09:46:02,IO2312-C-3700,IO2312-C-3700,342.2,0.0,0.0,0.0,6,344.8,352.2,6,342.2,349.8,0.0,0.0,0.0,0.0,97
2023-05-11 09:46:03,IO2312-C-3700,IO2312-C-3700,342.2,0.0,0.0,0.0,6,344.8,352.2,9,342.2,349.8,0.0,0.0,0.0,0.0,97
2023-05-11 09:46:04,IO2312-C-3700,IO2312-C-3700,342.2,0.0,0.0,0.0,6,344.8,351.2,6,342.2,349.8,0.0,0.0,0.0,0.0,97
2023-05-11 09:46:04,IO2312-C-3700,IO2312-C-3700,342.2,0.0,0.0,0.0,6,344.8,350.4,3,342.2,349.8,0.0,0.0,0.0,0.0,97
2023-05-11 09:46:05,IO2312-C-3700,IO2312-C-3700,342.2,0.0,0.0,0.0,6,344.8,351.2,6,342.2,349.8,0.0,0.0,0.0,0.0,97
2023-05-11 09:46:08,IO2312-C-3700,IO2312-C-3700,342.2,0.0,0.0,0.0,6,344.8,350.6,3,342.2,349.8,0.0,0.0,0.0,0.0,97
2023-05-11 09:46:09,IO2312-C-3700,IO2312-C-3700,342.2,0.0,0.0,0.0,6,344.8,351.0,6,342.2,349.8,0.0,0.0,0.0,0.0,97
2023-05-11 09:46:10,IO2312-C-3700,IO2312-C-3700,342.2,0.0,0.0,0.0,6,344.8,351.0,3,342.2,349.8,0.0,0.0,0.0,0.0,97
2023-05-11 09:46:11,IO2312-C-3700,IO2312-C-3700,342.2,0.0,0.0,0.0,6,344.8,351.2,30,342.2,349.8,0.0,0.0,0.0,0.0,97
2023-05-11 09:46:12,IO2312-C-3700,IO2312-C-3700,342.2,0.0,0.0,0.0,6,344.8,351.2,18,342.2,349.8,0.0,0.0,0.0,0.0,97
2023-05-11 09:46:13,IO2312-C-3700,IO2312-C-3700,342.2,0.0,0.0,0.0,6,345.0,351.2,12,342.2,349.8,0.0,0.0,0.0,0.0,97
2023-05-11 09:46:14,IO2312-C-3700,IO2312-C-3700,342.2,0.0,0.0,0.0,6,345.2,351.2,6,342.2,349.8,0.0,0.0,0.0,0.0,97
2023-05-11 09:46:15,IO2312-C-3700,IO2312-C-3700,342.2,0.0,0.0,0.0,6,344.8,351.4,12,342.2,349.8,0.0,0.0,0.0,0.0,97
2023-05-11 09:46:15,IO2312-C-3700,IO2312-C-3700,342.2,0.0,0.0,0.0,6,344.8,351.6,24,342.2,349.8,0.0,0.0,0.0,0.0,97
2023-05-11 09:46:16,IO2312-C-3700,IO2312-C-3700,342.2,0.0,0.0,0.0,6,344.8,351.6,6,342.2,349.8,0.0,0.0,0.0,0.0,97
2023-05-11 09:46:16,IO2312-C-3700,IO2312-C-3700,342.2,0.0,0.0,0.0,6,344.8,352.0,6,342.2,349.8,0.0,0.0,0.0,0.0,97
2023-05-11 09:46:17,IO2312-C-3700,IO2312-C-3700,342.2,0.0,0.0,0.0,6,344.8,351.8,3,342.2,349.8,0.0,0.0,0.0,0.0,97
2023-05-11 09:46:18,IO2312-C-3700,IO2312-C-3700,342.2,0.0,0.0,0.0,6,344.8,352.2,24,342.2,349.8,0.0,0.0,0.0,0.0,97
2023-05-11 09:46:21,IO2312-C-3700,IO2312-C-3700,342.2,0.0,0.0,0.0,6,344.8,352.2,18,342.2,349.8,0.0,0.0,0.0,0.0,97
2023-05-11 09:46:38,IO2312-C-3700,IO2312-C-3700,342.2,0.0,0.0,0.0,3,345.4,352.2,18,342.2,349.8,0.0,0.0,0.0,0.0,97
2023-05-11 09:46:39,IO2312-C-3700,IO2312-C-3700,342.2,0.0,0.0,0.0,6,345.6,352.2,18,342.2,349.8,0.0,0.0,0.0,0.0,97
2023-05-11 09:46:39,IO2312-C-3700,IO2312-C-3700,342.2,0.0,0.0,0.0,6,345.8,352.2,12,342.2,349.8,0.0,0.0,0.0,0.0,97
2023-05-11 09:46:40,IO2312-C-3700,IO2312-C-3700,342.2,0.0,0.0,0.0,6,346.0,352.2,6,342.2,349.8,0.0,0.0,0.0,0.0,97
2023-05-11 09:46:40,IO2312-C-3700,IO2312-C-3700,342.2,0.0,0.0,0.0,6,346.0,352.4,24,342.2,349.8,0.0,0.0,0.0,0.0,97
2023-05-11 09:46:41,IO2312-C-3700,IO2312-C-3700,342.2,0.0,0.0,0.0,6,346.0,352.4,18,342.2,349.8,0.0,0.0,0.0,0.0,97
2023-05-11 09:46:41,IO2312-C-3700,IO2312-C-3700,342.2,0.0,0.0,0.0,6,346.0,352.4,6,342.2,349.8,0.0,0.0,0.0,0.0,97
2023-05-11 09:46:42,IO2312-C-3700,IO2312-C-3700,342.2,0.0,0.0,0.0,6,346.0,352.6,30,342.2,349.8,0.0,0.0,0.0,0.0,97
2023-05-11 09:46:42,IO2312-C-3700,IO2312-C-3700,342.2,0.0,0.0,0.0,6,346.0,352.6,24,342.2,349.8,0.0,0.0,0.0,0.0,97
2023-05-11 09:46:43,IO2312-C-3700,IO2312-C-3700,342.2,0.0,0.0,0.0,6,345.8,352.6,24,342.2,349.8,0.0,0.0,0.0,0.0,97
2023-05-11 09:46:44,IO2312-C-3700,IO2312-C-3700,342.2,0.0,0.0,0.0,6,345.6,352.6,24,342.2,349.8,0.0,0.0,0.0,0.0,97
2023-05-11 09:46:46,IO2312-C-3700,IO2312-C-3700,342.2,0.0,0.0,0.0,6,345.6,352.6,18,342.2,349.8,0.0,0.0,0.0,0.0,97
2023-05-11 09:46:46,IO2312-C-3700,IO2312-C-3700,342.2,0.0,0.0,0.0,6,345.6,352.6,12,342.2,349.8,0.0,0.0,0.0,0.0,97
2023-05-11 09:46:47,IO2312-C-3700,IO2312-C-3700,342.2,0.0,0.0,0.0,6,345.6,352.6,6,342.2,349.8,0.0,0.0,0.0,0.0,97
2023-05-11 09:46:48,IO2312-C-3700,IO2312-C-3700,342.2,0.0,0.0,0.0,6,345.8,352.6,6,342.2,349.8,0.0,0.0,0.0,0.0,97
2023-05-11 09:46:49,IO2312-C-3700,IO2312-C-3700,342.2,0.0,0.0,0.0,6,346.0,352.6,6,342.2,349.8,0.0,0.0,0.0,0.0,97
2023-05-11 09:46:51,IO2312-C-3700,IO2312-C-3700,342.2,0.0,0.0,0.0,6,345.6,352.6,9,342.2,349.8,0.0,0.0,0.0,0.0,97
2023-05-11 09:46:52,IO2312-C-3700,IO2312-C-3700,342.2,0.0,0.0,0.0,6,345.6,352.6,6,342.2,349.8,0.0,0.0,0.0,0.0,97
2023-05-11 09:46:53,IO2312-C-3700,IO2312-C-3700,342.2,0.0,0.0,0.0,6,345.4,352.6,6,342.2,349.8,0.0,0.0,0.0,0.0,97
2023-05-11 09:46:53,IO2312-C-3700,IO2312-C-3700,342.2,0.0,0.0,0.0,6,345.4,352.4,3,342.2,349.8,0.0,0.0,0.0,0.0,97
2023-05-11 09:46:54,IO2312-C-3700,IO2312-C-3700,342.2,0.0,0.0,0.0,6,345.2,352.4,3,342.2,349.8,0.0,0.0,0.0,0.0,97
2023-05-11 09:46:54,IO2312-C-3700,IO2312-C-3700,342.2,0.0,0.0,0.0,6,345.2,352.6,12,342.2,349.8,0.0,0.0,0.0,0.0,97
2023-05-11 09:46:55,IO2312-C-3700,IO2312-C-3700,342.2,0.0,0.0,0.0,6,345.2,352.6,6,342.2,349.8,0.0,0.0,0.0,0.0,97
2023-05-11 09:46:55,IO2312-C-3700,IO2312-C-3700,342.2,0.0,0.0,0.0,6,345.2,352.2,3,342.2,349.8,0.0,0.0,0.0,0.0,97
2023-05-11 09:46:58,IO2312-C-3700,IO2312-C-3700,342.2,0.0,0.0,0.0,6,345.2,352.6,6,342.2,349.8,0.0,0.0,0.0,0.0,97
2023-05-11 09:46:59,IO2312-C-3700,IO2312-C-3700,342.2,0.0,0.0,0.0,6,345.2,352.4,3,342.2,349.8,0.0,0.0,0.0,0.0,97
2023-05-11 09:47:00,IO2312-C-3700,IO2312-C-3700,342.2,0.0,0.0,0.0,6,345.2,352.6,6,342.2,349.8,0.0,0.0,0.0,0.0,97
2023-05-11 09:47:01,IO2312-C-3700,IO2312-C-3700,342.2,0.0,0.0,0.0,6,345.2,352.4,3,342.2,349.8,0.0,0.0,0.0,0.0,97
2023-05-11 09:47:02,IO2312-C-3700,IO2312-C-3700,342.2,0.0,0.0,0.0,6,345.2,352.6,6,342.2,349.8,0.0,0.0,0.0,0.0,97
2023-05-11 09:47:03,IO2312-C-3700,IO2312-C-3700,342.2,0.0,0.0,0.0,6,345.2,352.4,3,342.2,349.8,0.0,0.0,0.0,0.0,97
2023-05-11 09:47:04,IO2312-C-3700,IO2312-C-3700,342.2,0.0,0.0,0.0,30,345.0,352.2,6,342.2,349.8,0.0,0.0,0.0,0.0,97
2023-05-11 09:47:05,IO2312-C-3700,IO2312-C-3700,342.2,0.0,0.0,0.0,18,345.0,352.4,12,342.2,349.8,0.0,0.0,0.0,0.0,97
2023-05-11 09:47:05,IO2312-C-3700,IO2312-C-3700,342.2,0.0,0.0,0.0,18,345.0,352.0,3,342.2,349.8,0.0,0.0,0.0,0.0,97
2023-05-11 09:47:06,IO2312-C-3700,IO2312-C-3700,342.2,0.0,0.0,0.0,6,345.2,352.0,3,342.2,349.8,0.0,0.0,0.0,0.0,97
2023-05-11 09:47:06,IO2312-C-3700,IO2312-C-3700,342.2,0.0,0.0,0.0,6,345.2,352.6,24,342.2,349.8,0.0,0.0,0.0,0.0,97
2023-05-11 09:47:07,IO2312-C-3700,IO2312-C-3700,342.2,0.0,0.0,0.0,6,345.2,352.6,12,342.2,349.8,0.0,0.0,0.0,0.0,97
2023-05-11 09:47:07,IO2312-C-3700,IO2312-C-3700,342.2,0.0,0.0,0.0,6,345.2,352.4,3,342.2,349.8,0.0,0.0,0.0,0.0,97
2023-05-11 09:47:09,IO2312-C-3700,IO2312-C-3700,342.2,0.0,0.0,0.0,6,345.2,352.6,6,342.2,349.8,0.0,0.0,0.0,0.0,97
2023-05-11 09:47:10,IO2312-C-3700,IO2312-C-3700,342.2,0.0,0.0,0.0,6,345.2,352.2,3,342.2,349.8,0.0,0.0,0.0,0.0,97
2023-05-11 09:47:11,IO2312-C-3700,IO2312-C-3700,342.2,0.0,0.0,0.0,6,345.2,352.6,6,342.2,349.8,0.0,0.0,0.0,0.0,97
2023-05-11 09:47:12,IO2312-C-3700,IO2312-C-3700,342.2,0.0,0.0,0.0,6,345.2,352.6,9,342.2,349.8,0.0,0.0,0.0,0.0,97
2023-05-11 09:47:14,IO2312-C-3700,IO2312-C-3700,342.2,0.0,0.0,0.0,6,345.2,352.6,6,342.2,349.8,0.0,0.0,0.0,0.0,97
2023-05-11 09:47:15,IO2312-C-3700,IO2312-C-3700,342.2,0.0,0.0,0.0,6,345.2,352.2,3,342.2,349.8,0.0,0.0,0.0,0.0,97
2023-05-11 09:47:16,IO2312-C-3700,IO2312-C-3700,342.2,0.0,0.0,0.0,6,345.2,352.6,6,342.2,349.8,0.0,0.0,0.0,0.0,97
2023-05-11 09:47:17,IO2312-C-3700,IO2312-C-3700,342.2,0.0,0.0,0.0,6,345.2,352.4,3,342.2,349.8,0.0,0.0,0.0,0.0,97
2023-05-11 09:47:24,IO2312-C-3700,IO2312-C-3700,342.2,0.0,0.0,0.0,6,345.2,352.6,6,342.2,349.8,0.0,0.0,0.0,0.0,97
2023-05-11 09:47:25,IO2312-C-3700,IO2312-C-3700,342.2,0.0,0.0,0.0,6,345.2,352.4,3,342.2,349.8,0.0,0.0,0.0,0.0,97
2023-05-11 09:47:27,IO2312-C-3700,IO2312-C-3700,342.2,0.0,0.0,0.0,6,345.2,352.6,12,342.2,349.8,0.0,0.0,0.0,0.0,97
2023-05-11 09:47:27,IO2312-C-3700,IO2312-C-3700,342.2,0.0,0.0,0.0,6,345.2,352.6,6,342.2,349.8,0.0,0.0,0.0,0.0,97
2023-05-11 09:47:28,IO2312-C-3700,IO2312-C-3700,342.2,0.0,0.0,0.0,6,345.2,352.4,3,342.2,349.8,0.0,0.0,0.0,0.0,97
2023-05-11 09:47:32,IO2312-C-3700,IO2312-C-3700,342.2,0.0,0.0,0.0,6,345.2,352.6,6,342.2,349.8,0.0,0.0,0.0,0.0,97
2023-05-11 09:47:42,IO2312-C-3700,IO2312-C-3700,342.2,0.0,0.0,0.0,3,345.8,352.6,6,342.2,349.8,0.0,0.0,0.0,0.0,97
2023-05-11 09:47:42,IO2312-C-3700,IO2312-C-3700,342.2,0.0,0.0,0.0,6,346.0,352.6,6,342.2,349.8,0.0,0.0,0.0,0.0,97
2023-05-11 09:47:43,IO2312-C-3700,IO2312-C-3700,342.2,0.0,0.0,0.0,6,346.2,352.6,6,342.2,349.8,0.0,0.0,0.0,0.0,97
2023-05-11 09:47:43,IO2312-C-3700,IO2312-C-3700,342.2,0.0,0.0,0.0,6,346.4,352.6,6,342.2,349.8,0.0,0.0,0.0,0.0,97
2023-05-11 09:47:50,IO2312-C-3700,IO2312-C-3700,342.2,0.0,0.0,0.0,6,346.0,352.6,6,342.2,349.8,0.0,0.0,0.0,0.0,97
2023-05-11 09:47:51,IO2312-C-3700,IO2312-C-3700,342.2,0.0,0.0,0.0,6,345.4,352.6,6,342.2,349.8,0.0,0.0,0.0,0.0,97
2023-05-11 09:47:52,IO2312-C-3700,IO2312-C-3700,342.2,0.0,0.0,0.0,6,345.6,352.6,6,342.2,349.8,0.0,0.0,0.0,0.0,97
2023-05-11 09:47:52,IO2312-C-3700,IO2312-C-3700,342.2,0.0,0.0,0.0,6,345.8,352.6,6,342.2,349.8,0.0,0.0,0.0,0.0,97
2023-05-11 09:47:58,IO2312-C-3700,IO2312-C-3700,342.2,0.0,0.0,0.0,9,345.8,352.6,6,342.2,349.8,0.0,0.0,0.0,0.0,97
2023-05-11 09:47:58,IO2312-C-3700,IO2312-C-3700,342.2,0.0,0.0,0.0,6,346.0,352.6,6,342.2,349.8,0.0,0.0,0.0,0.0,97
2023-05-11 09:48:02,IO2312-C-3700,IO2312-C-3700,342.2,0.0,0.0,0.0,6,346.0,352.6,12,342.2,349.8,0.0,0.0,0.0,0.0,97
2023-05-11 09:48:03,IO2312-C-3700,IO2312-C-3700,342.2,0.0,0.0,0.0,6,345.8,352.6,6,342.2,349.8,0.0,0.0,0.0,0.0,97
2023-05-11 09:48:05,IO2312-C-3700,IO2312-C-3700,342.2,0.0,0.0,0.0,6,345.8,352.6,18,342.2,349.8,0.0,0.0,0.0,0.0,97
2023-05-11 09:48:06,IO2312-C-3700,IO2312-C-3700,342.2,0.0,0.0,0.0,6,345.4,352.6,12,342.2,349.8,0.0,0.0,0.0,0.0,97
2023-05-11 09:48:13,IO2312-C-3700,IO2312-C-3700,342.2,0.0,0.0,0.0,6,345.4,352.0,3,342.2,349.8,0.0,0.0,0.0,0.0,97
2023-05-11 09:48:14,IO2312-C-3700,IO2312-C-3700,342.2,0.0,0.0,0.0,6,345.4,352.6,12,342.2,349.8,0.0,0.0,0.0,0.0,97
2023-05-11 09:48:15,IO2312-C-3700,IO2312-C-3700,342.2,0.0,0.0,0.0,6,345.4,351.8,3,342.2,349.8,0.0,0.0,0.0,0.0,97
2023-05-11 09:48:16,IO2312-C-3700,IO2312-C-3700,342.2,0.0,0.0,0.0,6,345.4,352.6,12,342.2,349.8,0.0,0.0,0.0,0.0,97
2023-05-11 09:48:17,IO2312-C-3700,IO2312-C-3700,342.2,0.0,0.0,0.0,6,345.4,352.2,3,342.2,349.8,0.0,0.0,0.0,0.0,97
2023-05-11 09:48:18,IO2312-C-3700,IO2312-C-3700,342.2,0.0,0.0,0.0,6,345.4,352.6,12,342.2,349.8,0.0,0.0,0.0,0.0,97
2023-05-11 09:48:19,IO2312-C-3700,IO2312-C-3700,342.2,0.0,0.0,0.0,6,345.4,352.0,3,342.2,349.8,0.0,0.0,0.0,0.0,97
2023-05-11 09:48:20,IO2312-C-3700,IO2312-C-3700,342.2,0.0,0.0,0.0,6,345.4,352.6,12,342.2,349.8,0.0,0.0,0.0,0.0,97
2023-05-11 09:48:21,IO2312-C-3700,IO2312-C-3700,342.2,0.0,0.0,0.0,6,345.4,352.4,3,342.2,349.8,0.0,0.0,0.0,0.0,97
2023-05-11 09:48:24,IO2312-C-3700,IO2312-C-3700,342.2,0.0,0.0,0.0,6,345.4,352.6,18,342.2,349.8,0.0,0.0,0.0,0.0,97
2023-05-11 09:48:25,IO2312-C-3700,IO2312-C-3700,342.2,0.0,0.0,0.0,6,345.4,352.6,12,342.2,349.8,0.0,0.0,0.0,0.0,97
2023-05-11 09:48:25,IO2312-C-3700,IO2312-C-3700,342.2,0.0,0.0,0.0,6,345.4,352.4,3,342.2,349.8,0.0,0.0,0.0,0.0,97
2023-05-11 09:48:26,IO2312-C-3700,IO2312-C-3700,342.2,0.0,0.0,0.0,6,345.4,352.6,12,342.2,349.8,0.0,0.0,0.0,0.0,97
2023-05-11 09:48:27,IO2312-C-3700,IO2312-C-3700,342.2,0.0,0.0,0.0,6,345.4,352.2,3,342.2,349.8,0.0,0.0,0.0,0.0,97
2023-05-11 09:48:29,IO2312-C-3700,IO2312-C-3700,342.2,0.0,0.0,0.0,6,345.2,352.6,12,342.2,349.8,0.0,0.0,0.0,0.0,97
2023-05-11 09:48:30,IO2312-C-3700,IO2312-C-3700,342.2,0.0,0.0,0.0,6,345.2,352.4,3,342.2,349.8,0.0,0.0,0.0,0.0,97
2023-05-11 09:48:31,IO2312-C-3700,IO2312-C-3700,342.2,0.0,0.0,0.0,6,345.2,352.6,12,342.2,349.8,0.0,0.0,0.0,0.0,97
2023-05-11 09:48:32,IO2312-C-3700,IO2312-C-3700,342.2,0.0,0.0,0.0,6,345.2,352.6,15,342.2,349.8,0.0,0.0,0.0,0.0,97
2023-05-11 09:48:34,IO2312-C-3700,IO2312-C-3700,342.2,0.0,0.0,0.0,6,345.2,352.6,12,342.2,349.8,0.0,0.0,0.0,0.0,97
2023-05-11 09:48:35,IO2312-C-3700,IO2312-C-3700,342.2,0.0,0.0,0.0,6,345.2,352.6,15,342.2,349.8,0.0,0.0,0.0,0.0,97
2023-05-11 09:48:37,IO2312-C-3700,IO2312-C-3700,342.2,0.0,0.0,0.0,6,345.2,352.6,12,342.2,349.8,0.0,0.0,0.0,0.0,97
2023-05-11 09:48:37,IO2312-C-3700,IO2312-C-3700,342.2,0.0,0.0,0.0,6,345.2,352.6,6,342.2,349.8,0.0,0.0,0.0,0.0,97
2023-05-11 09:48:40,IO2312-C-3700,IO2312-C-3700,342.2,0.0,0.0,0.0,6,345.2,352.4,3,342.2,349.8,0.0,0.0,0.0,0.0,97
2023-05-11 09:48:42,IO2312-C-3700,IO2312-C-3700,342.2,0.0,0.0,0.0,6,345.2,352.6,6,342.2,349.8,0.0,0.0,0.0,0.0,97
2023-05-11 09:49:02,IO2312-C-3700,IO2312-C-3700,342.2,0.0,0.0,0.0,6,345.4,352.6,6,342.2,349.8,0.0,0.0,0.0,0.0,97
2023-05-11 09:49:02,IO2312-C-3700,IO2312-C-3700,342.2,0.0,0.0,0.0,3,345.8,352.6,6,342.2,349.8,0.0,0.0,0.0,0.0,97
2023-05-11 09:49:03,IO2312-C-3700,IO2312-C-3700,342.2,0.0,0.0,0.0,6,346.0,352.6,6,342.2,349.8,0.0,0.0,0.0,0.0,97
2023-05-11 09:49:04,IO2312-C-3700,IO2312-C-3700,342.2,0.0,0.0,0.0,6,345.6,352.6,6,342.2,349.8,0.0,0.0,0.0,0.0,97
2023-05-11 09:49:05,IO2312-C-3700,IO2312-C-3700,342.2,0.0,0.0,0.0,6,345.2,352.6,9,342.2,349.8,0.0,0.0,0.0,0.0,97
2023-05-11 09:49:05,IO2312-C-3700,IO2312-C-3700,342.2,0.0,0.0,0.0,18,345.0,352.4,12,342.2,349.8,0.0,0.0,0.0,0.0,97
2023-05-11 09:49:06,IO2312-C-3700,IO2312-C-3700,342.2,0.0,0.0,0.0,6,345.0,352.2,6,342.2,349.8,0.0,0.0,0.0,0.0,97
2023-05-11 09:49:06,IO2312-C-3700,IO2312-C-3700,342.2,0.0,0.0,0.0,24,344.8,352.2,9,342.2,349.8,0.0,0.0,0.0,0.0,97
2023-05-11 09:49:07,IO2312-C-3700,IO2312-C-3700,342.2,0.0,0.0,0.0,24,344.8,352.0,6,342.2,349.8,0.0,0.0,0.0,0.0,97
2023-05-11 09:49:07,IO2312-C-3700,IO2312-C-3700,342.2,0.0,0.0,0.0,18,344.8,352.2,6,342.2,349.8,0.0,0.0,0.0,0.0,97
2023-05-11 09:49:08,IO2312-C-3700,IO2312-C-3700,342.2,0.0,0.0,0.0,12,344.8,352.2,9,342.2,349.8,0.0,0.0,0.0,0.0,97
2023-05-11 09:49:08,IO2312-C-3700,IO2312-C-3700,342.2,0.0,0.0,0.0,12,344.8,352.0,6,342.2,349.8,0.0,0.0,0.0,0.0,97
2023-05-11 09:49:09,IO2312-C-3700,IO2312-C-3700,342.2,0.0,0.0,0.0,6,344.8,352.0,6,342.2,349.8,0.0,0.0,0.0,0.0,97
2023-05-11 09:49:32,IO2312-C-3700,IO2312-C-3700,342.2,0.0,0.0,0.0,3,345.0,352.0,6,342.2,349.8,0.0,0.0,0.0,0.0,97
2023-05-11 09:49:33,IO2312-C-3700,IO2312-C-3700,342.2,0.0,0.0,0.0,6,344.8,352.0,9,342.2,349.8,0.0,0.0,0.0,0.0,97
2023-05-11 09:49:36,IO2312-C-3700,IO2312-C-3700,342.2,0.0,0.0,0.0,6,344.8,352.0,6,342.2,349.8,0.0,0.0,0.0,0.0,97
2023-05-11 09:49:41,IO2312-C-3700,IO2312-C-3700,342.2,0.0,0.0,0.0,3,345.0,352.0,6,342.2,349.8,0.0,0.0,0.0,0.0,97
2023-05-11 09:49:43,IO2312-C-3700,IO2312-C-3700,342.2,0.0,0.0,0.0,6,344.8,352.0,6,342.2,349.8,0.0,0.0,0.0,0.0,97
2023-05-11 09:49:44,IO2312-C-3700,IO2312-C-3700,342.2,0.0,0.0,0.0,3,345.0,352.0,6,342.2,349.8,0.0,0.0,0.0,0.0,97
2023-05-11 09:49:47,IO2312-C-3700,IO2312-C-3700,342.2,0.0,0.0,0.0,6,345.0,352.0,6,342.2,349.8,0.0,0.0,0.0,0.0,97
2023-05-11 09:49:47,IO2312-C-3700,IO2312-C-3700,342.2,0.0,0.0,0.0,6,345.2,352.2,12,342.2,349.8,0.0,0.0,0.0,0.0,97
2023-05-11 09:49:48,IO2312-C-3700,IO2312-C-3700,342.2,0.0,0.0,0.0,9,345.2,352.4,30,342.2,349.8,0.0,0.0,0.0,0.0,97
2023-05-11 09:49:48,IO2312-C-3700,IO2312-C-3700,342.2,0.0,0.0,0.0,6,345.4,352.4,24,342.2,349.8,0.0,0.0,0.0,0.0,97
2023-05-11 09:49:49,IO2312-C-3700,IO2312-C-3700,342.2,0.0,0.0,0.0,6,345.4,352.4,18,342.2,349.8,0.0,0.0,0.0,0.0,97
2023-05-11 09:49:50,IO2312-C-3700,IO2312-C-3700,342.2,0.0,0.0,0.0,6,345.4,352.4,12,342.2,349.8,0.0,0.0,0.0,0.0,97
2023-05-11 09:49:50,IO2312-C-3700,IO2312-C-3700,342.2,0.0,0.0,0.0,6,345.4,352.4,6,342.2,349.8,0.0,0.0,0.0,0.0,97
2023-05-11 09:49:59,IO2312-C-3700,IO2312-C-3700,342.2,0.0,0.0,0.0,6,345.4,352.6,30,342.2,349.8,0.0,0.0,0.0,0.0,97
2023-05-11 09:50:00,IO2312-C-3700,IO2312-C-3700,342.2,0.0,0.0,0.0,6,345.4,352.6,24,342.2,349.8,0.0,0.0,0.0,0.0,97
2023-05-11 09:50:00,IO2312-C-3700,IO2312-C-3700,342.2,0.0,0.0,0.0,6,345.6,352.6,12,342.2,349.8,0.0,0.0,0.0,0.0,97
2023-05-11 09:50:01,IO2312-C-3700,IO2312-C-3700,342.2,0.0,0.0,0.0,6,345.8,352.6,6,342.2,349.8,0.0,0.0,0.0,0.0,97
2023-05-11 09:50:02,IO2312-C-3700,IO2312-C-3700,342.2,0.0,0.0,0.0,6,345.4,352.8,24,342.2,349.8,0.0,0.0,0.0,0.0,97
2023-05-11 09:50:03,IO2312-C-3700,IO2312-C-3700,342.2,0.0,0.0,0.0,6,345.4,352.8,18,342.2,349.8,0.0,0.0,0.0,0.0,97
2023-05-11 09:50:03,IO2312-C-3700,IO2312-C-3700,342.2,0.0,0.0,0.0,12,345.2,352.2,3,342.2,349.8,0.0,0.0,0.0,0.0,97
2023-05-11 09:50:04,IO2312-C-3700,IO2312-C-3700,342.2,0.0,0.0,0.0,12,345.0,352.0,6,342.2,349.8,0.0,0.0,0.0,0.0,97
2023-05-11 09:50:04,IO2312-C-3700,IO2312-C-3700,342.2,0.0,0.0,0.0,24,344.8,352.0,6,342.2,349.8,0.0,0.0,0.0,0.0,97
2023-05-11 09:50:05,IO2312-C-3700,IO2312-C-3700,342.2,0.0,0.0,0.0,12,344.8,351.2,6,342.2,349.8,0.0,0.0,0.0,0.0,97
2023-05-11 09:50:05,IO2312-C-3700,IO2312-C-3700,342.2,0.0,0.0,0.0,6,345.0,351.2,6,342.2,349.8,0.0,0.0,0.0,0.0,97
2023-05-11 09:50:06,IO2312-C-3700,IO2312-C-3700,342.2,0.0,0.0,0.0,6,344.8,351.2,6,342.2,349.8,0.0,0.0,0.0,0.0,97
2023-05-11 09:50:12,IO2312-C-3700,IO2312-C-3700,342.2,0.0,0.0,0.0,6,344.8,352.2,24,342.2,349.8,0.0,0.0,0.0,0.0,97
2023-05-11 09:50:12,IO2312-C-3700,IO2312-C-3700,342.2,0.0,0.0,0.0,6,345.0,352.2,12,342.2,349.8,0.0,0.0,0.0,0.0,97
2023-05-11 09:50:13,IO2312-C-3700,IO2312-C-3700,342.2,0.0,0.0,0.0,6,345.2,352.4,24,342.2,349.8,0.0,0.0,0.0,0.0,97
2023-05-11 09:50:13,IO2312-C-3700,IO2312-C-3700,342.2,0.0,0.0,0.0,3,345.8,352.4,18,342.2,349.8,0.0,0.0,0.0,0.0,97
2023-05-11 09:50:14,IO2312-C-3700,IO2312-C-3700,342.2,0.0,0.0,0.0,6,346.0,352.4,6,342.2,349.8,0.0,0.0,0.0,0.0,97
2023-05-11 09:50:14,IO2312-C-3700,IO2312-C-3700,342.2,0.0,0.0,0.0,6,345.2,352.6,30,342.2,349.8,0.0,0.0,0.0,0.0,97
2023-05-11 09:50:15,IO2312-C-3700,IO2312-C-3700,342.2,0.0,0.0,0.0,3,345.6,352.6,18,342.2,349.8,0.0,0.0,0.0,0.0,97
2023-05-11 09:50:15,IO2312-C-3700,IO2312-C-3700,342.2,0.0,0.0,0.0,6,345.8,352.6,12,342.2,349.8,0.0,0.0,0.0,0.0,97
2023-05-11 09:50:16,IO2312-C-3700,IO2312-C-3700,342.2,0.0,0.0,0.0,6,345.8,352.6,6,342.2,349.8,0.0,0.0,0.0,0.0,97
2023-05-11 09:50:32,IO2312-C-3700,IO2312-C-3700,342.2,0.0,0.0,0.0,12,345.8,352.6,6,342.2,349.8,0.0,0.0,0.0,0.0,97
2023-05-11 09:50:32,IO2312-C-3700,IO2312-C-3700,342.2,0.0,0.0,0.0,6,346.0,352.6,6,342.2,349.8,0.0,0.0,0.0,0.0,97
2023-05-11 09:50:33,IO2312-C-3700,IO2312-C-3700,342.2,0.0,0.0,0.0,3,346.6,352.6,6,342.2,349.8,0.0,0.0,0.0,0.0,97
2023-05-11 09:50:33,IO2312-C-3700,IO2312-C-3700,342.2,0.0,0.0,0.0,6,346.8,352.6,6,342.2,349.8,0.0,0.0,0.0,0.0,97
2023-05-11 09:50:36,IO2312-C-3700,IO2312-C-3700,342.2,0.0,0.0,0.0,6,346.8,352.8,18,342.2,349.8,0.0,0.0,0.0,0.0,97
2023-05-11 09:50:37,IO2312-C-3700,IO2312-C-3700,342.2,0.0,0.0,0.0,6,347.0,352.8,6,342.2,349.8,0.0,0.0,0.0,0.0,97
2023-05-11 09:50:37,IO2312-C-3700,IO2312-C-3700,342.2,0.0,0.0,0.0,6,347.2,353.0,18,342.2,349.8,0.0,0.0,0.0,0.0,97
2023-05-11 09:50:38,IO2312-C-3700,IO2312-C-3700,342.2,0.0,0.0,0.0,6,347.2,353.0,6,342.2,349.8,0.0,0.0,0.0,0.0,97
2023-05-11 09:50:38,IO2312-C-3700,IO2312-C-3700,342.2,0.0,0.0,0.0,6,347.2,353.2,24,342.2,349.8,0.0,0.0,0.0,0.0,97
2023-05-11 09:50:39,IO2312-C-3700,IO2312-C-3700,342.2,0.0,0.0,0.0,6,347.2,353.2,12,342.2,349.8,0.0,0.0,0.0,0.0,97
2023-05-11 09:50:39,IO2312-C-3700,IO2312-C-3700,342.2,0.0,0.0,0.0,6,347.2,353.6,36,342.2,349.8,0.0,0.0,0.0,0.0,97
2023-05-11 09:50:40,IO2312-C-3700,IO2312-C-3700,342.2,0.0,0.0,0.0,6,347.0,353.6,24,342.2,349.8,0.0,0.0,0.0,0.0,97
2023-05-11 09:50:41,IO2312-C-3700,IO2312-C-3700,342.2,0.0,0.0,0.0,6,346.8,353.6,18,342.2,349.8,0.0,0.0,0.0,0.0,97
2023-05-11 09:50:41,IO2312-C-3700,IO2312-C-3700,342.2,0.0,0.0,0.0,6,346.8,353.6,12,342.2,349.8,0.0,0.0,0.0,0.0,97
2023-05-11 09:50:42,IO2312-C-3700,IO2312-C-3700,342.2,0.0,0.0,0.0,6,346.8,353.6,6,342.2,349.8,0.0,0.0,0.0,0.0,97
2023-05-11 09:50:54,IO2312-C-3700,IO2312-C-3700,342.2,0.0,0.0,0.0,3,347.4,353.6,6,342.2,349.8,0.0,0.0,0.0,0.0,97
2023-05-11 09:50:54,IO2312-C-3700,IO2312-C-3700,342.2,0.0,0.0,0.0,6,347.6,353.6,6,342.2,349.8,0.0,0.0,0.0,0.0,97
2023-05-11 09:50:55,IO2312-C-3700,IO2312-C-3700,342.2,0.0,0.0,0.0,6,346.8,353.6,6,342.2,349.8,0.0,0.0,0.0,0.0,97
2023-05-11 09:51:08,IO2312-C-3700,IO2312-C-3700,342.2,0.0,0.0,0.0,6,346.8,353.6,12,342.2,349.8,0.0,0.0,0.0,0.0,97
2023-05-11 09:51:19,IO2312-C-3700,IO2312-C-3700,342.2,0.0,0.0,0.0,6,346.8,353.2,3,342.2,349.8,0.0,0.0,0.0,0.0,97
2023-05-11 09:51:19,IO2312-C-3700,IO2312-C-3700,342.2,0.0,0.0,0.0,6,346.8,353.6,18,342.2,349.8,0.0,0.0,0.0,0.0,97
2023-05-11 09:51:20,IO2312-C-3700,IO2312-C-3700,342.2,0.0,0.0,0.0,6,346.8,353.6,12,342.2,349.8,0.0,0.0,0.0,0.0,97
2023-05-11 09:51:20,IO2312-C-3700,IO2312-C-3700,342.2,0.0,0.0,0.0,6,346.8,353.6,15,342.2,349.8,0.0,0.0,0.0,0.0,97
2023-05-11 09:51:21,IO2312-C-3700,IO2312-C-3700,342.2,0.0,0.0,0.0,18,346.6,353.4,6,342.2,349.8,0.0,0.0,0.0,0.0,97
2023-05-11 09:51:21,IO2312-C-3700,IO2312-C-3700,342.2,0.0,0.0,0.0,6,346.6,352.6,3,342.2,349.8,0.0,0.0,0.0,0.0,97
2023-05-11 09:51:22,IO2312-C-3700,IO2312-C-3700,342.2,0.0,0.0,0.0,6,346.6,352.8,6,342.2,349.8,0.0,0.0,0.0,0.0,97
2023-05-11 09:51:22,IO2312-C-3700,IO2312-C-3700,342.2,0.0,0.0,0.0,12,346.4,353.4,6,342.2,349.8,0.0,0.0,0.0,0.0,97
2023-05-11 09:51:23,IO2312-C-3700,IO2312-C-3700,342.2,0.0,0.0,0.0,6,346.4,353.2,3,342.2,349.8,0.0,0.0,0.0,0.0,97
2023-05-11 09:51:23,IO2312-C-3700,IO2312-C-3700,342.2,0.0,0.0,0.0,6,346.6,353.0,6,342.2,349.8,0.0,0.0,0.0,0.0,97
2023-05-11 09:51:25,IO2312-C-3700,IO2312-C-3700,342.2,0.0,0.0,0.0,6,346.6,353.2,3,342.2,349.8,0.0,0.0,0.0,0.0,97
2023-05-11 09:51:26,IO2312-C-3700,IO2312-C-3700,342.2,0.0,0.0,0.0,6,346.6,353.6,36,342.2,349.8,0.0,0.0,0.0,0.0,97
2023-05-11 09:51:27,IO2312-C-3700,IO2312-C-3700,342.2,0.0,0.0,0.0,6,346.6,353.6,30,342.2,349.8,0.0,0.0,0.0,0.0,97
2023-05-11 09:51:27,IO2312-C-3700,IO2312-C-3700,342.2,0.0,0.0,0.0,6,346.6,353.0,3,342.2,349.8,0.0,0.0,0.0,0.0,97
2023-05-11 09:51:30,IO2312-C-3700,IO2312-C-3700,342.2,0.0,0.0,0.0,6,346.6,353.6,30,342.2,349.8,0.0,0.0,0.0,0.0,97
2023-05-11 09:51:31,IO2312-C-3700,IO2312-C-3700,342.2,0.0,0.0,0.0,6,346.6,353.2,3,342.2,349.8,0.0,0.0,0.0,0.0,97
2023-05-11 09:51:32,IO2312-C-3700,IO2312-C-3700,342.2,0.0,0.0,0.0,6,346.6,353.6,24,342.2,349.8,0.0,0.0,0.0,0.0,97
2023-05-11 09:51:33,IO2312-C-3700,IO2312-C-3700,342.2,0.0,0.0,0.0,6,346.6,353.0,3,342.2,349.8,0.0,0.0,0.0,0.0,97
2023-05-11 09:51:34,IO2312-C-3700,IO2312-C-3700,342.2,0.0,0.0,0.0,6,346.6,353.6,24,342.2,349.8,0.0,0.0,0.0,0.0,97
2023-05-11 09:51:35,IO2312-C-3700,IO2312-C-3700,342.2,0.0,0.0,0.0,6,346.6,353.4,3,342.2,349.8,0.0,0.0,0.0,0.0,97
2023-05-11 09:51:36,IO2312-C-3700,IO2312-C-3700,342.2,0.0,0.0,0.0,6,346.6,353.6,24,342.2,349.8,0.0,0.0,0.0,0.0,97
2023-05-11 09:51:37,IO2312-C-3700,IO2312-C-3700,342.2,0.0,0.0,0.0,6,346.6,353.0,3,342.2,349.8,0.0,0.0,0.0,0.0,97
2023-05-11 09:51:39,IO2312-C-3700,IO2312-C-3700,342.2,0.0,0.0,0.0,6,346.6,353.6,24,342.2,349.8,0.0,0.0,0.0,0.0,97
2023-05-11 09:51:40,IO2312-C-3700,IO2312-C-3700,342.2,0.0,0.0,0.0,6,346.6,353.6,18,342.2,349.8,0.0,0.0,0.0,0.0,97
2023-05-11 09:51:40,IO2312-C-3700,IO2312-C-3700,342.2,0.0,0.0,0.0,6,346.6,353.6,15,342.2,349.8,0.0,0.0,0.0,0.0,97
2023-05-11 09:51:42,IO2312-C-3700,IO2312-C-3700,342.2,0.0,0.0,0.0,6,346.6,353.6,12,342.2,349.8,0.0,0.0,0.0,0.0,97
2023-05-11 09:51:43,IO2312-C-3700,IO2312-C-3700,342.2,0.0,0.0,0.0,6,346.6,353.4,3,342.2,349.8,0.0,0.0,0.0,0.0,97
2023-05-11 09:51:46,IO2312-C-3700,IO2312-C-3700,342.2,0.0,0.0,0.0,6,346.6,353.6,12,342.2,349.8,0.0,0.0,0.0,0.0,97
2023-05-11 09:51:47,IO2312-C-3700,IO2312-C-3700,342.2,0.0,0.0,0.0,6,346.6,353.2,3,342.2,349.8,0.0,0.0,0.0,0.0,97
2023-05-11 09:51:48,IO2312-C-3700,IO2312-C-3700,342.2,0.0,0.0,0.0,6,346.6,353.6,12,342.2,349.8,0.0,0.0,0.0,0.0,97
2023-05-11 09:51:49,IO2312-C-3700,IO2312-C-3700,342.2,0.0,0.0,0.0,6,346.6,353.4,3,342.2,349.8,0.0,0.0,0.0,0.0,97
2023-05-11 09:51:53,IO2312-C-3700,IO2312-C-3700,342.2,0.0,0.0,0.0,6,346.6,353.6,12,342.2,349.8,0.0,0.0,0.0,0.0,97
2023-05-11 09:51:54,IO2312-C-3700,IO2312-C-3700,342.2,0.0,0.0,0.0,6,346.6,353.4,3,342.2,349.8,0.0,0.0,0.0,0.0,97
2023-05-11 09:51:55,IO2312-C-3700,IO2312-C-3700,342.2,0.0,0.0,0.0,6,346.6,353.6,18,342.2,349.8,0.0,0.0,0.0,0.0,97
2023-05-11 09:51:56,IO2312-C-3700,IO2312-C-3700,342.2,0.0,0.0,0.0,6,346.6,353.6,12,342.2,349.8,0.0,0.0,0.0,0.0,97
2023-05-11 09:51:56,IO2312-C-3700,IO2312-C-3700,342.2,0.0,0.0,0.0,6,346.6,353.2,3,342.2,349.8,0.0,0.0,0.0,0.0,97
2023-05-11 09:51:57,IO2312-C-3700,IO2312-C-3700,342.2,0.0,0.0,0.0,6,346.6,353.6,18,342.2,349.8,0.0,0.0,0.0,0.0,97
2023-05-11 09:51:58,IO2312-C-3700,IO2312-C-3700,342.2,0.0,0.0,0.0,6,346.6,353.6,12,342.2,349.8,0.0,0.0,0.0,0.0,97
2023-05-11 09:51:58,IO2312-C-3700,IO2312-C-3700,342.2,0.0,0.0,0.0,6,346.6,353.2,3,342.2,349.8,0.0,0.0,0.0,0.0,97
2023-05-11 09:52:02,IO2312-C-3700,IO2312-C-3700,342.2,0.0,0.0,0.0,6,346.6,353.6,12,342.2,349.8,0.0,0.0,0.0,0.0,97
2023-05-11 09:52:03,IO2312-C-3700,IO2312-C-3700,342.2,0.0,0.0,0.0,6,346.6,353.2,3,342.2,349.8,0.0,0.0,0.0,0.0,97
2023-05-11 09:52:04,IO2312-C-3700,IO2312-C-3700,342.2,0.0,0.0,0.0,6,346.6,353.6,12,342.2,349.8,0.0,0.0,0.0,0.0,97
2023-05-11 09:52:05,IO2312-C-3700,IO2312-C-3700,342.2,0.0,0.0,0.0,6,346.6,353.2,3,342.2,349.8,0.0,0.0,0.0,0.0,97
2023-05-11 09:52:07,IO2312-C-3700,IO2312-C-3700,342.2,0.0,0.0,0.0,6,346.6,353.6,12,342.2,349.8,0.0,0.0,0.0,0.0,97
2023-05-11 09:52:08,IO2312-C-3700,IO2312-C-3700,342.2,0.0,0.0,0.0,6,346.6,353.4,3,342.2,349.8,0.0,0.0,0.0,0.0,97
2023-05-11 09:52:10,IO2312-C-3700,IO2312-C-3700,342.2,0.0,0.0,0.0,6,346.6,353.6,12,342.2,349.8,0.0,0.0,0.0,0.0,97
2023-05-11 09:52:11,IO2312-C-3700,IO2312-C-3700,342.2,0.0,0.0,0.0,6,346.6,353.2,3,342.2,349.8,0.0,0.0,0.0,0.0,97
2023-05-11 09:52:12,IO2312-C-3700,IO2312-C-3700,342.2,0.0,0.0,0.0,6,346.6,353.6,12,342.2,349.8,0.0,0.0,0.0,0.0,97
2023-05-11 09:52:13,IO2312-C-3700,IO2312-C-3700,342.2,0.0,0.0,0.0,6,346.6,353.4,3,342.2,349.8,0.0,0.0,0.0,0.0,97
2023-05-11 09:52:20,IO2312-C-3700,IO2312-C-3700,342.2,0.0,0.0,0.0,6,346.4,353.4,3,342.2,349.8,0.0,0.0,0.0,0.0,97
2023-05-11 09:52:20,IO2312-C-3700,IO2312-C-3700,342.2,0.0,0.0,0.0,6,346.4,353.6,12,342.2,349.8,0.0,0.0,0.0,0.0,97
2023-05-11 09:52:21,IO2312-C-3700,IO2312-C-3700,342.2,0.0,0.0,0.0,6,346.4,352.8,6,342.2,349.8,0.0,0.0,0.0,0.0,97
2023-05-11 09:52:43,IO2312-C-3700,IO2312-C-3700,342.2,0.0,0.0,0.0,6,346.4,353.0,6,342.2,349.8,0.0,0.0,0.0,0.0,97
2023-05-11 09:52:43,IO2312-C-3700,IO2312-C-3700,342.2,0.0,0.0,0.0,9,346.4,353.6,12,342.2,349.8,0.0,0.0,0.0,0.0,97
2023-05-11 09:52:44,IO2312-C-3700,IO2312-C-3700,342.2,0.0,0.0,0.0,6,346.6,353.8,18,342.2,349.8,0.0,0.0,0.0,0.0,97
2023-05-11 09:52:44,IO2312-C-3700,IO2312-C-3700,342.2,0.0,0.0,0.0,6,346.6,353.8,6,342.2,349.8,0.0,0.0,0.0,0.0,97
2023-05-11 09:52:50,IO2312-C-3700,IO2312-C-3700,342.2,0.0,0.0,0.0,6,346.8,354.0,39,342.2,349.8,0.0,0.0,0.0,0.0,97
2023-05-11 09:52:50,IO2312-C-3700,IO2312-C-3700,342.2,0.0,0.0,0.0,6,347.0,354.0,18,342.2,349.8,0.0,0.0,0.0,0.0,97
2023-05-11 09:52:51,IO2312-C-3700,IO2312-C-3700,342.2,0.0,0.0,0.0,6,347.0,354.0,6,342.2,349.8,0.0,0.0,0.0,0.0,97
2023-05-11 09:52:51,IO2312-C-3700,IO2312-C-3700,342.2,0.0,0.0,0.0,6,347.0,354.2,12,342.2,349.8,0.0,0.0,0.0,0.0,97
2023-05-11 09:52:52,IO2312-C-3700,IO2312-C-3700,342.2,0.0,0.0,0.0,6,347.0,354.4,12,342.2,349.8,0.0,0.0,0.0,0.0,97
2023-05-11 09:52:52,IO2312-C-3700,IO2312-C-3700,342.2,0.0,0.0,0.0,6,347.0,354.6,21,342.2,349.8,0.0,0.0,0.0,0.0,97
2023-05-11 09:52:53,IO2312-C-3700,IO2312-C-3700,342.2,0.0,0.0,0.0,6,347.0,354.6,15,342.2,349.8,0.0,0.0,0.0,0.0,97
2023-05-11 09:52:53,IO2312-C-3700,IO2312-C-3700,342.2,0.0,0.0,0.0,6,347.0,354.6,6,342.2,349.8,0.0,0.0,0.0,0.0,97
2023-05-11 09:52:54,IO2312-C-3700,IO2312-C-3700,342.2,0.0,0.0,0.0,6,347.0,355.0,30,342.2,349.8,0.0,0.0,0.0,0.0,97
2023-05-11 09:52:54,IO2312-C-3700,IO2312-C-3700,342.2,0.0,0.0,0.0,6,347.0,355.0,27,342.2,349.8,0.0,0.0,0.0,0.0,97
2023-05-11 09:53:00,IO2312-C-3700,IO2312-C-3700,342.2,0.0,0.0,0.0,6,346.8,355.0,27,342.2,349.8,0.0,0.0,0.0,0.0,97
2023-05-11 09:53:01,IO2312-C-3700,IO2312-C-3700,342.2,0.0,0.0,0.0,6,346.6,355.0,21,342.2,349.8,0.0,0.0,0.0,0.0,97
2023-05-11 09:53:37,IO2312-C-3700,IO2312-C-3700,342.2,0.0,0.0,0.0,6,346.6,355.0,15,342.2,349.8,0.0,0.0,0.0,0.0,97
2023-05-11 09:53:37,IO2312-C-3700,IO2312-C-3700,342.2,0.0,0.0,0.0,6,346.6,355.0,9,342.2,349.8,0.0,0.0,0.0,0.0,97
2023-05-11 09:53:38,IO2312-C-3700,IO2312-C-3700,342.2,0.0,0.0,0.0,6,346.6,355.0,3,342.2,349.8,0.0,0.0,0.0,0.0,97
2023-05-11 09:53:38,IO2312-C-3700,IO2312-C-3700,342.2,0.0,0.0,0.0,6,346.6,355.2,30,342.2,349.8,0.0,0.0,0.0,0.0,97
2023-05-11 09:53:39,IO2312-C-3700,IO2312-C-3700,342.2,0.0,0.0,0.0,6,346.6,355.2,24,342.2,349.8,0.0,0.0,0.0,0.0,97
2023-05-11 09:53:39,IO2312-C-3700,IO2312-C-3700,342.2,0.0,0.0,0.0,6,346.6,355.2,27,342.2,349.8,0.0,0.0,0.0,0.0,97
2023-05-11 09:53:41,IO2312-C-3700,IO2312-C-3700,342.2,0.0,0.0,0.0,6,346.6,355.2,21,342.2,349.8,0.0,0.0,0.0,0.0,97
2023-05-11 09:53:51,IO2312-C-3700,IO2312-C-3700,342.2,0.0,0.0,0.0,6,346.6,353.8,6,342.2,349.8,0.0,0.0,0.0,0.0,97
2023-05-11 09:54:06,IO2312-C-3700,IO2312-C-3700,342.2,0.0,0.0,0.0,6,346.4,353.8,6,342.2,349.8,0.0,0.0,0.0,0.0,97
2023-05-11 09:54:12,IO2312-C-3700,IO2312-C-3700,342.2,0.0,0.0,0.0,6,346.4,353.2,3,342.2,349.8,0.0,0.0,0.0,0.0,97
2023-05-11 09:54:13,IO2312-C-3700,IO2312-C-3700,342.2,0.0,0.0,0.0,6,346.4,353.8,6,342.2,349.8,0.0,0.0,0.0,0.0,97
2023-05-11 09:54:14,IO2312-C-3700,IO2312-C-3700,342.2,0.0,0.0,0.0,6,346.4,353.8,9,342.2,349.8,0.0,0.0,0.0,0.0,97
2023-05-11 09:54:15,IO2312-C-3700,IO2312-C-3700,342.2,0.0,0.0,0.0,6,346.4,353.8,6,342.2,349.8,0.0,0.0,0.0,0.0,97
2023-05-11 09:54:16,IO2312-C-3700,IO2312-C-3700,342.2,0.0,0.0,0.0,6,346.4,353.8,9,342.2,349.8,0.0,0.0,0.0,0.0,97
2023-05-11 09:54:29,IO2312-C-3700,IO2312-C-3700,342.2,0.0,0.0,0.0,6,346.4,353.8,6,342.2,349.8,0.0,0.0,0.0,0.0,97
2023-05-11 09:54:37,IO2312-C-3700,IO2312-C-3700,342.2,0.0,0.0,0.0,9,346.4,353.8,6,342.2,349.8,0.0,0.0,0.0,0.0,97
2023-05-11 09:54:37,IO2312-C-3700,IO2312-C-3700,342.2,0.0,0.0,0.0,6,346.6,353.8,6,342.2,349.8,0.0,0.0,0.0,0.0,97
2023-05-11 09:54:38,IO2312-C-3700,IO2312-C-3700,342.2,0.0,0.0,0.0,6,346.8,353.8,6,342.2,349.8,0.0,0.0,0.0,0.0,97
2023-05-11 09:54:38,IO2312-C-3700,IO2312-C-3700,342.2,0.0,0.0,0.0,6,347.0,353.8,6,342.2,349.8,0.0,0.0,0.0,0.0,97
2023-05-11 09:54:39,IO2312-C-3700,IO2312-C-3700,342.2,0.0,0.0,0.0,6,347.0,354.0,18,342.2,349.8,0.0,0.0,0.0,0.0,97
2023-05-11 09:54:40,IO2312-C-3700,IO2312-C-3700,342.2,0.0,0.0,0.0,6,347.0,354.0,12,342.2,349.8,0.0,0.0,0.0,0.0,97
2023-05-11 09:54:40,IO2312-C-3700,IO2312-C-3700,342.2,0.0,0.0,0.0,6,347.0,354.0,6,342.2,349.8,0.0,0.0,0.0,0.0,97
2023-05-11 09:54:49,IO2312-C-3700,IO2312-C-3700,342.2,0.0,0.0,0.0,6,347.2,354.8,15,342.2,349.8,0.0,0.0,0.0,0.0,97
2023-05-11 09:54:49,IO2312-C-3700,IO2312-C-3700,342.2,0.0,0.0,0.0,6,347.4,354.8,6,342.2,349.8,0.0,0.0,0.0,0.0,97
2023-05-11 09:54:50,IO2312-C-3700,IO2312-C-3700,342.2,0.0,0.0,0.0,6,347.4,355.0,24,342.2,349.8,0.0,0.0,0.0,0.0,97
2023-05-11 09:54:50,IO2312-C-3700,IO2312-C-3700,342.2,0.0,0.0,0.0,6,347.4,354.8,3,342.2,349.8,0.0,0.0,0.0,0.0,97
2023-05-11 09:54:57,IO2312-C-3700,IO2312-C-3700,342.2,0.0,0.0,0.0,6,347.4,355.0,18,342.2,349.8,0.0,0.0,0.0,0.0,97
2023-05-11 09:54:58,IO2312-C-3700,IO2312-C-3700,342.2,0.0,0.0,0.0,6,347.4,354.4,3,342.2,349.8,0.0,0.0,0.0,0.0,97
2023-05-11 09:55:04,IO2312-C-3700,IO2312-C-3700,342.2,0.0,0.0,0.0,6,347.4,355.0,18,342.2,349.8,0.0,0.0,0.0,0.0,97
2023-05-11 09:55:05,IO2312-C-3700,IO2312-C-3700,342.2,0.0,0.0,0.0,6,347.4,355.0,27,342.2,349.8,0.0,0.0,0.0,0.0,97
2023-05-11 09:55:10,IO2312-C-3700,IO2312-C-3700,342.2,0.0,0.0,0.0,6,347.4,355.0,24,342.2,349.8,0.0,0.0,0.0,0.0,97
2023-05-11 09:55:11,IO2312-C-3700,IO2312-C-3700,342.2,0.0,0.0,0.0,6,347.4,354.6,3,342.2,349.8,0.0,0.0,0.0,0.0,97
2023-05-11 09:55:11,IO2312-C-3700,IO2312-C-3700,342.2,0.0,0.0,0.0,6,347.6,354.6,3,342.2,349.8,0.0,0.0,0.0,0.0,97
2023-05-11 09:55:12,IO2312-C-3700,IO2312-C-3700,342.2,0.0,0.0,0.0,6,347.8,354.6,3,342.2,349.8,0.0,0.0,0.0,0.0,97
2023-05-11 09:55:12,IO2312-C-3700,IO2312-C-3700,342.2,0.0,0.0,0.0,6,347.8,355.0,12,342.2,349.8,0.0,0.0,0.0,0.0,97
2023-05-11 09:55:13,IO2312-C-3700,IO2312-C-3700,342.2,0.0,0.0,0.0,6,347.8,355.0,6,342.2,349.8,0.0,0.0,0.0,0.0,97
2023-05-11 09:55:13,IO2312-C-3700,IO2312-C-3700,342.2,0.0,0.0,0.0,6,347.8,354.8,3,342.2,349.8,0.0,0.0,0.0,0.0,97
2023-05-11 09:55:14,IO2312-C-3700,IO2312-C-3700,342.2,0.0,0.0,0.0,6,347.8,355.0,6,342.2,349.8,0.0,0.0,0.0,0.0,97
2023-05-11 09:55:15,IO2312-C-3700,IO2312-C-3700,342.2,0.0,0.0,0.0,6,347.8,355.2,21,342.2,349.8,0.0,0.0,0.0,0.0,97
2023-05-11 09:55:16,IO2312-C-3700,IO2312-C-3700,342.2,0.0,0.0,0.0,6,347.8,355.2,12,342.2,349.8,0.0,0.0,0.0,0.0,97
2023-05-11 09:55:16,IO2312-C-3700,IO2312-C-3700,342.2,0.0,0.0,0.0,6,347.8,355.4,24,342.2,349.8,0.0,0.0,0.0,0.0,97
2023-05-11 09:55:17,IO2312-C-3700,IO2312-C-3700,342.2,0.0,0.0,0.0,6,347.8,355.4,12,342.2,349.8,0.0,0.0,0.0,0.0,97
2023-05-11 09:55:17,IO2312-C-3700,IO2312-C-3700,342.2,0.0,0.0,0.0,6,347.8,355.6,33,342.2,349.8,0.0,0.0,0.0,0.0,97
2023-05-11 09:55:18,IO2312-C-3700,IO2312-C-3700,342.2,0.0,0.0,0.0,3,348.0,355.6,27,342.2,349.8,0.0,0.0,0.0,0.0,97
2023-05-11 09:55:18,IO2312-C-3700,IO2312-C-3700,342.2,0.0,0.0,0.0,6,348.2,355.6,18,342.2,349.8,0.0,0.0,0.0,0.0,97
2023-05-11 09:55:19,IO2312-C-3700,IO2312-C-3700,342.2,0.0,0.0,0.0,6,348.2,355.6,12,342.2,349.8,0.0,0.0,0.0,0.0,97
2023-05-11 09:55:19,IO2312-C-3700,IO2312-C-3700,342.2,0.0,0.0,0.0,6,348.2,355.8,24,342.2,349.8,0.0,0.0,0.0,0.0,97
2023-05-11 09:55:20,IO2312-C-3700,IO2312-C-3700,342.2,0.0,0.0,0.0,6,348.0,355.8,18,342.2,349.8,0.0,0.0,0.0,0.0,97
2023-05-11 09:55:20,IO2312-C-3700,IO2312-C-3700,342.2,0.0,0.0,0.0,6,348.0,355.8,15,342.2,349.8,0.0,0.0,0.0,0.0,97
2023-05-11 09:55:22,IO2312-C-3700,IO2312-C-3700,342.2,0.0,0.0,0.0,6,348.0,355.8,12,342.2,349.8,0.0,0.0,0.0,0.0,97
2023-05-11 09:55:22,IO2312-C-3700,IO2312-C-3700,342.2,0.0,0.0,0.0,6,348.0,355.8,6,342.2,349.8,0.0,0.0,0.0,0.0,97
2023-05-11 09:55:23,IO2312-C-3700,IO2312-C-3700,342.2,0.0,0.0,0.0,6,348.0,355.2,3,342.2,349.8,0.0,0.0,0.0,0.0,97
2023-05-11 09:55:24,IO2312-C-3700,IO2312-C-3700,342.2,0.0,0.0,0.0,6,348.0,355.0,6,342.2,349.8,0.0,0.0,0.0,0.0,97
2023-05-11 09:55:25,IO2312-C-3700,IO2312-C-3700,342.2,0.0,0.0,0.0,6,348.0,355.0,9,342.2,349.8,0.0,0.0,0.0,0.0,97
2023-05-11 09:55:27,IO2312-C-3700,IO2312-C-3700,342.2,0.0,0.0,0.0,6,348.0,355.0,6,342.2,349.8,0.0,0.0,0.0,0.0,97
2023-05-11 09:55:28,IO2312-C-3700,IO2312-C-3700,342.2,0.0,0.0,0.0,6,348.0,354.6,3,342.2,349.8,0.0,0.0,0.0,0.0,97
2023-05-11 09:55:30,IO2312-C-3700,IO2312-C-3700,342.2,0.0,0.0,0.0,6,348.0,355.0,18,342.2,349.8,0.0,0.0,0.0,0.0,97
2023-05-11 09:55:30,IO2312-C-3700,IO2312-C-3700,342.2,0.0,0.0,0.0,6,348.0,355.0,12,342.2,349.8,0.0,0.0,0.0,0.0,97
2023-05-11 09:55:31,IO2312-C-3700,IO2312-C-3700,342.2,0.0,0.0,0.0,6,348.0,354.8,3,342.2,349.8,0.0,0.0,0.0,0.0,97
2023-05-11 09:55:32,IO2312-C-3700,IO2312-C-3700,342.2,0.0,0.0,0.0,6,348.0,355.0,6,342.2,349.8,0.0,0.0,0.0,0.0,97
2023-05-11 09:55:33,IO2312-C-3700,IO2312-C-3700,342.2,0.0,0.0,0.0,6,348.0,355.0,9,342.2,349.8,0.0,0.0,0.0,0.0,97
2023-05-11 09:55:34,IO2312-C-3700,IO2312-C-3700,342.2,0.0,0.0,0.0,6,348.0,355.0,6,342.2,349.8,0.0,0.0,0.0,0.0,97
2023-05-11 09:55:58,IO2312-C-3700,IO2312-C-3700,342.2,0.0,0.0,0.0,6,347.8,355.0,6,342.2,349.8,0.0,0.0,0.0,0.0,97
2023-05-11 09:56:21,IO2312-C-3700,IO2312-C-3700,342.2,0.0,0.0,0.0,6,348.0,355.0,6,342.2,349.8,0.0,0.0,0.0,0.0,97
2023-05-11 09:56:21,IO2312-C-3700,IO2312-C-3700,342.2,0.0,0.0,0.0,6,348.2,355.0,6,342.2,349.8,0.0,0.0,0.0,0.0,97
2023-05-11 09:56:22,IO2312-C-3700,IO2312-C-3700,342.2,0.0,0.0,0.0,9,348.2,355.0,6,342.2,349.8,0.0,0.0,0.0,0.0,97
2023-05-11 09:56:23,IO2312-C-3700,IO2312-C-3700,342.2,0.0,0.0,0.0,6,348.4,355.0,6,342.2,349.8,0.0,0.0,0.0,0.0,97
2023-05-11 09:56:23,IO2312-C-3700,IO2312-C-3700,342.2,0.0,0.0,0.0,6,348.4,355.2,18,342.2,349.8,0.0,0.0,0.0,0.0,97
2023-05-11 09:56:24,IO2312-C-3700,IO2312-C-3700,342.2,0.0,0.0,0.0,6,348.4,355.2,6,342.2,349.8,0.0,0.0,0.0,0.0,97
2023-05-11 09:56:24,IO2312-C-3700,IO2312-C-3700,342.2,0.0,0.0,0.0,6,348.4,355.6,30,342.2,349.8,0.0,0.0,0.0,0.0,97
2023-05-11 09:56:25,IO2312-C-3700,IO2312-C-3700,342.2,0.0,0.0,0.0,6,348.4,355.6,18,342.2,349.8,0.0,0.0,0.0,0.0,97
2023-05-11 09:56:25,IO2312-C-3700,IO2312-C-3700,342.2,0.0,0.0,0.0,6,348.4,355.6,12,342.2,349.8,0.0,0.0,0.0,0.0,97
2023-05-11 09:56:26,IO2312-C-3700,IO2312-C-3700,342.2,0.0,0.0,0.0,6,348.4,355.6,6,342.2,349.8,0.0,0.0,0.0,0.0,97
2023-05-11 09:56:31,IO2312-C-3700,IO2312-C-3700,342.2,0.0,0.0,0.0,6,348.4,356.4,39,342.2,349.8,0.0,0.0,0.0,0.0,97
2023-05-11 09:56:31,IO2312-C-3700,IO2312-C-3700,342.2,0.0,0.0,0.0,6,348.4,356.4,33,342.2,349.8,0.0,0.0,0.0,0.0,97
2023-05-11 09:56:41,IO2312-C-3700,IO2312-C-3700,342.2,0.0,0.0,0.0,6,348.6,356.4,33,342.2,349.8,0.0,0.0,0.0,0.0,97
2023-05-11 09:56:42,IO2312-C-3700,IO2312-C-3700,342.2,0.0,0.0,0.0,3,349.2,356.4,30,342.2,349.8,0.0,0.0,0.0,0.0,97
2023-05-11 09:56:42,IO2312-C-3700,IO2312-C-3700,342.2,0.0,0.0,0.0,6,349.4,356.4,24,342.2,349.8,0.0,0.0,0.0,0.0,97
2023-05-11 09:57:00,IO2312-C-3700,IO2312-C-3700,342.2,0.0,0.0,0.0,6,349.6,356.4,18,342.2,349.8,0.0,0.0,0.0,0.0,97
2023-05-11 09:57:01,IO2312-C-3700,IO2312-C-3700,342.2,0.0,0.0,0.0,6,349.8,356.4,6,342.2,349.8,0.0,0.0,0.0,0.0,97
2023-05-11 09:57:01,IO2312-C-3700,IO2312-C-3700,342.2,0.0,0.0,0.0,9,350.0,356.8,12,342.2,349.8,0.0,0.0,0.0,0.0,97
2023-05-11 09:57:02,IO2312-C-3700,IO2312-C-3700,342.2,0.0,0.0,0.0,6,350.2,357.0,24,342.2,349.8,0.0,0.0,0.0,0.0,97
2023-05-11 09:57:02,IO2312-C-3700,IO2312-C-3700,342.2,0.0,0.0,0.0,6,350.2,357.0,18,342.2,349.8,0.0,0.0,0.0,0.0,97
2023-05-11 09:57:03,IO2312-C-3700,IO2312-C-3700,342.2,0.0,0.0,0.0,6,350.2,357.0,12,342.2,349.8,0.0,0.0,0.0,0.0,97
2023-05-11 09:57:03,IO2312-C-3700,IO2312-C-3700,342.2,0.0,0.0,0.0,6,350.2,357.0,6,342.2,349.8,0.0,0.0,0.0,0.0,97
2023-05-11 09:57:11,IO2312-C-3700,IO2312-C-3700,342.2,0.0,0.0,0.0,6,350.2,357.6,12,342.2,349.8,0.0,0.0,0.0,0.0,97
2023-05-11 09:57:11,IO2312-C-3700,IO2312-C-3700,342.2,0.0,0.0,0.0,6,350.2,357.8,42,342.2,349.8,0.0,0.0,0.0,0.0,97
2023-05-11 09:57:12,IO2312-C-3700,IO2312-C-3700,342.2,0.0,0.0,0.0,6,350.2,357.8,30,342.2,349.8,0.0,0.0,0.0,0.0,97
2023-05-11 09:57:30,IO2312-C-3700,IO2312-C-3700,342.2,0.0,0.0,0.0,6,350.2,357.8,24,342.2,349.8,0.0,0.0,0.0,0.0,97
2023-05-11 09:57:31,IO2312-C-3700,IO2312-C-3700,342.2,0.0,0.0,0.0,3,350.8,357.8,18,342.2,349.8,0.0,0.0,0.0,0.0,97
2023-05-11 09:57:31,IO2312-C-3700,IO2312-C-3700,342.2,0.0,0.0,0.0,6,351.0,357.8,6,342.2,349.8,0.0,0.0,0.0,0.0,97
2023-05-11 09:57:32,IO2312-C-3700,IO2312-C-3700,342.2,0.0,0.0,0.0,6,351.0,358.0,18,342.2,349.8,0.0,0.0,0.0,0.0,97
2023-05-11 09:57:32,IO2312-C-3700,IO2312-C-3700,342.2,0.0,0.0,0.0,6,351.0,358.0,6,342.2,349.8,0.0,0.0,0.0,0.0,97
2023-05-11 09:57:33,IO2312-C-3700,IO2312-C-3700,342.2,0.0,0.0,0.0,6,351.0,358.8,27,342.2,349.8,0.0,0.0,0.0,0.0,97
2023-05-11 09:57:33,IO2312-C-3700,IO2312-C-3700,342.2,0.0,0.0,0.0,6,351.0,358.8,18,342.2,349.8,0.0,0.0,0.0,0.0,97
2023-05-11 09:57:34,IO2312-C-3700,IO2312-C-3700,342.2,0.0,0.0,0.0,6,351.0,358.8,12,342.2,349.8,0.0,0.0,0.0,0.0,97
2023-05-11 09:57:34,IO2312-C-3700,IO2312-C-3700,342.2,0.0,0.0,0.0,6,351.0,358.6,3,342.2,349.8,0.0,0.0,0.0,0.0,97
2023-05-11 09:57:38,IO2312-C-3700,IO2312-C-3700,342.2,0.0,0.0,0.0,6,351.0,358.8,6,342.2,349.8,0.0,0.0,0.0,0.0,97
2023-05-11 09:57:39,IO2312-C-3700,IO2312-C-3700,342.2,0.0,0.0,0.0,6,351.0,358.2,3,342.2,349.8,0.0,0.0,0.0,0.0,97
2023-05-11 09:57:43,IO2312-C-3700,IO2312-C-3700,342.2,0.0,0.0,0.0,6,351.0,358.8,6,342.2,349.8,0.0,0.0,0.0,0.0,97
2023-05-11 09:57:44,IO2312-C-3700,IO2312-C-3700,342.2,0.0,0.0,0.0,6,351.0,358.4,3,342.2,349.8,0.0,0.0,0.0,0.0,97
2023-05-11 09:57:46,IO2312-C-3700,IO2312-C-3700,342.2,0.0,0.0,0.0,6,351.0,358.8,6,342.2,349.8,0.0,0.0,0.0,0.0,97
2023-05-11 09:57:47,IO2312-C-3700,IO2312-C-3700,342.2,0.0,0.0,0.0,6,351.0,358.2,3,342.2,349.8,0.0,0.0,0.0,0.0,97
2023-05-11 09:57:51,IO2312-C-3700,IO2312-C-3700,342.2,0.0,0.0,0.0,6,351.0,358.8,6,342.2,349.8,0.0,0.0,0.0,0.0,97
2023-05-11 09:57:52,IO2312-C-3700,IO2312-C-3700,342.2,0.0,0.0,0.0,6,351.0,358.4,3,342.2,349.8,0.0,0.0,0.0,0.0,97
2023-05-11 09:57:53,IO2312-C-3700,IO2312-C-3700,342.2,0.0,0.0,0.0,6,351.0,358.8,6,342.2,349.8,0.0,0.0,0.0,0.0,97
2023-05-11 09:57:54,IO2312-C-3700,IO2312-C-3700,342.2,0.0,0.0,0.0,6,351.0,358.2,3,342.2,349.8,0.0,0.0,0.0,0.0,97
2023-05-11 09:57:55,IO2312-C-3700,IO2312-C-3700,342.2,0.0,0.0,0.0,6,351.0,358.8,6,342.2,349.8,0.0,0.0,0.0,0.0,97
2023-05-11 09:57:56,IO2312-C-3700,IO2312-C-3700,342.2,0.0,0.0,0.0,6,351.0,358.4,3,342.2,349.8,0.0,0.0,0.0,0.0,97
2023-05-11 09:58:01,IO2312-C-3700,IO2312-C-3700,342.2,0.0,0.0,0.0,6,351.0,358.8,6,342.2,349.8,0.0,0.0,0.0,0.0,97
2023-05-11 09:58:02,IO2312-C-3700,IO2312-C-3700,342.2,0.0,0.0,0.0,6,351.0,358.8,9,342.2,349.8,0.0,0.0,0.0,0.0,97
2023-05-11 09:58:03,IO2312-C-3700,IO2312-C-3700,342.2,0.0,0.0,0.0,6,351.0,358.8,6,342.2,349.8,0.0,0.0,0.0,0.0,97
2023-05-11 09:58:04,IO2312-C-3700,IO2312-C-3700,342.2,0.0,0.0,0.0,6,351.0,358.6,3,342.2,349.8,0.0,0.0,0.0,0.0,97
2023-05-11 09:58:05,IO2312-C-3700,IO2312-C-3700,342.2,0.0,0.0,0.0,6,351.0,358.8,6,342.2,349.8,0.0,0.0,0.0,0.0,97
2023-05-11 09:58:06,IO2312-C-3700,IO2312-C-3700,342.2,0.0,0.0,0.0,6,351.0,358.4,3,342.2,349.8,0.0,0.0,0.0,0.0,97
2023-05-11 09:58:10,IO2312-C-3700,IO2312-C-3700,342.2,0.0,0.0,0.0,6,351.0,358.8,6,342.2,349.8,0.0,0.0,0.0,0.0,97
2023-05-11 09:58:11,IO2312-C-3700,IO2312-C-3700,342.2,0.0,0.0,0.0,6,350.8,358.0,3,342.2,349.8,0.0,0.0,0.0,0.0,97
2023-05-11 09:58:12,IO2312-C-3700,IO2312-C-3700,342.2,0.0,0.0,0.0,6,350.6,358.8,12,342.2,349.8,0.0,0.0,0.0,0.0,97
2023-05-11 09:58:13,IO2312-C-3700,IO2312-C-3700,342.2,0.0,0.0,0.0,6,350.6,358.8,6,342.2,349.8,0.0,0.0,0.0,0.0,97
2023-05-11 09:58:13,IO2312-C-3700,IO2312-C-3700,342.2,0.0,0.0,0.0,6,350.6,358.8,9,342.2,349.8,0.0,0.0,0.0,0.0,97
2023-05-11 09:58:37,IO2312-C-3700,IO2312-C-3700,342.2,0.0,0.0,0.0,6,350.4,358.8,9,342.2,349.8,0.0,0.0,0.0,0.0,97
2023-05-11 09:58:38,IO2312-C-3700,IO2312-C-3700,342.2,0.0,0.0,0.0,6,350.2,358.8,9,342.2,349.8,0.0,0.0,0.0,0.0,97
2023-05-11 09:58:41,IO2312-C-3700,IO2312-C-3700,342.2,0.0,0.0,0.0,6,350.2,358.8,3,342.2,349.8,0.0,0.0,0.0,0.0,97
2023-05-11 09:58:41,IO2312-C-3700,IO2312-C-3700,342.2,0.0,0.0,0.0,6,350.2,359.0,30,342.2,349.8,0.0,0.0,0.0,0.0,97
2023-05-11 09:58:42,IO2312-C-3700,IO2312-C-3700,342.2,0.0,0.0,0.0,6,350.2,359.0,24,342.2,349.8,0.0,0.0,0.0,0.0,97
2023-05-11 09:58:42,IO2312-C-3700,IO2312-C-3700,342.2,0.0,0.0,0.0,6,350.2,359.0,27,342.2,349.8,0.0,0.0,0.0,0.0,97
2023-05-11 09:58:46,IO2312-C-3700,IO2312-C-3700,342.2,0.0,0.0,0.0,6,350.2,357.8,6,342.2,349.8,0.0,0.0,0.0,0.0,97
2023-05-11 09:58:50,IO2312-C-3700,IO2312-C-3700,342.2,0.0,0.0,0.0,6,350.2,357.4,3,342.2,349.8,0.0,0.0,0.0,0.0,97
2023-05-11 09:58:52,IO2312-C-3700,IO2312-C-3700,342.2,0.0,0.0,0.0,6,350.2,357.8,18,342.2,349.8,0.0,0.0,0.0,0.0,97
2023-05-11 09:58:52,IO2312-C-3700,IO2312-C-3700,342.2,0.0,0.0,0.0,6,350.2,357.8,12,342.2,349.8,0.0,0.0,0.0,0.0,97
2023-05-11 09:58:53,IO2312-C-3700,IO2312-C-3700,342.2,0.0,0.0,0.0,6,350.2,357.2,3,342.2,349.8,0.0,0.0,0.0,0.0,97
2023-05-11 09:58:54,IO2312-C-3700,IO2312-C-3700,342.2,0.0,0.0,0.0,6,350.2,357.8,6,342.2,349.8,0.0,0.0,0.0,0.0,97
2023-05-11 09:58:55,IO2312-C-3700,IO2312-C-3700,342.2,0.0,0.0,0.0,6,350.2,357.0,3,342.2,349.8,0.0,0.0,0.0,0.0,97
2023-05-11 09:58:58,IO2312-C-3700,IO2312-C-3700,342.2,0.0,0.0,0.0,6,350.2,357.8,6,342.2,349.8,0.0,0.0,0.0,0.0,97
2023-05-11 09:58:59,IO2312-C-3700,IO2312-C-3700,342.2,0.0,0.0,0.0,6,350.2,357.6,3,342.2,349.8,0.0,0.0,0.0,0.0,97
2023-05-11 09:59:03,IO2312-C-3700,IO2312-C-3700,342.2,0.0,0.0,0.0,6,350.2,357.8,6,342.2,349.8,0.0,0.0,0.0,0.0,97
2023-05-11 09:59:04,IO2312-C-3700,IO2312-C-3700,342.2,0.0,0.0,0.0,6,350.2,357.6,3,342.2,349.8,0.0,0.0,0.0,0.0,97
2023-05-11 09:59:05,IO2312-C-3700,IO2312-C-3700,342.2,0.0,0.0,0.0,6,350.2,357.6,1,342.2,349.8,0.0,0.0,0.0,0.0,97
2023-05-11 09:59:06,IO2312-C-3700,IO2312-C-3700,342.2,0.0,0.0,0.0,6,350.2,356.4,6,342.2,349.8,0.0,0.0,0.0,0.0,97
2023-05-11 09:59:11,IO2312-C-3700,IO2312-C-3700,342.2,0.0,0.0,0.0,6,350.2,356.4,7,342.2,349.8,0.0,0.0,0.0,0.0,97
2023-05-11 09:59:16,IO2312-C-3700,IO2312-C-3700,342.2,0.0,0.0,0.0,6,350.2,356.4,6,342.2,349.8,0.0,0.0,0.0,0.0,97
2023-05-11 09:59:28,IO2312-C-3700,IO2312-C-3700,342.2,0.0,0.0,0.0,6,350.0,356.4,6,342.2,349.8,0.0,0.0,0.0,0.0,97
2023-05-11 09:59:33,IO2312-C-3700,IO2312-C-3700,342.2,0.0,0.0,0.0,6,350.2,356.4,6,342.2,349.8,0.0,0.0,0.0,0.0,97
2023-05-11 09:59:33,IO2312-C-3700,IO2312-C-3700,342.2,0.0,0.0,0.0,6,350.4,356.4,6,342.2,349.8,0.0,0.0,0.0,0.0,97
2023-05-11 09:59:40,IO2312-C-3700,IO2312-C-3700,342.2,0.0,0.0,0.0,6,350.2,356.4,6,342.2,349.8,0.0,0.0,0.0,0.0,97
2023-05-11 09:59:51,IO2312-C-3700,IO2312-C-3700,342.2,0.0,0.0,0.0,6,350.2,356.2,1,342.2,349.8,0.0,0.0,0.0,0.0,97
2023-05-11 09:59:52,IO2312-C-3700,IO2312-C-3700,342.2,0.0,0.0,0.0,6,350.0,356.2,1,342.2,349.8,0.0,0.0,0.0,0.0,97
2023-05-11 10:00:01,IO2312-C-3700,IO2312-C-3700,342.2,0.0,0.0,0.0,6,350.0,356.4,18,342.2,349.8,0.0,0.0,0.0,0.0,97
2023-05-11 10:00:02,IO2312-C-3700,IO2312-C-3700,342.2,0.0,0.0,0.0,6,350.0,356.4,12,342.2,349.8,0.0,0.0,0.0,0.0,97
2023-05-11 10:00:02,IO2312-C-3700,IO2312-C-3700,342.2,0.0,0.0,0.0,6,350.0,356.4,6,342.2,349.8,0.0,0.0,0.0,0.0,97
2023-05-11 10:00:11,IO2312-C-3700,IO2312-C-3700,342.2,0.0,0.0,0.0,6,350.0,356.4,7,342.2,349.8,0.0,0.0,0.0,0.0,97
2023-05-11 10:00:12,IO2312-C-3700,IO2312-C-3700,342.2,0.0,0.0,0.0,6,350.0,356.4,8,342.2,349.8,0.0,0.0,0.0,0.0,97
2023-05-11 10:00:18,IO2312-C-3700,IO2312-C-3700,342.2,0.0,0.0,0.0,6,350.0,356.4,6,342.2,349.8,0.0,0.0,0.0,0.0,97
2023-05-11 10:00:18,IO2312-C-3700,IO2312-C-3700,342.2,0.0,0.0,0.0,6,350.0,356.2,6,342.2,349.8,0.0,0.0,0.0,0.0,97
2023-05-11 10:00:40,IO2312-C-3700,IO2312-C-3700,342.2,0.0,0.0,0.0,9,350.0,356.2,6,342.2,349.8,0.0,0.0,0.0,0.0,97
2023-05-11 10:00:40,IO2312-C-3700,IO2312-C-3700,342.2,0.0,0.0,0.0,6,350.2,356.2,6,342.2,349.8,0.0,0.0,0.0,0.0,97
2023-05-11 10:00:57,IO2312-C-3700,IO2312-C-3700,342.2,0.0,0.0,0.0,6,350.0,356.2,6,342.2,349.8,0.0,0.0,0.0,0.0,97
2023-05-11 10:01:06,IO2312-C-3700,IO2312-C-3700,342.2,0.0,0.0,0.0,3,350.8,356.2,6,342.2,349.8,0.0,0.0,0.0,0.0,97
2023-05-11 10:01:07,IO2312-C-3700,IO2312-C-3700,342.2,0.0,0.0,0.0,6,351.0,356.0,1,342.2,349.8,0.0,0.0,0.0,0.0,97
2023-05-11 10:01:09,IO2312-C-3700,IO2312-C-3700,342.2,0.0,0.0,0.0,6,350.2,356.0,1,342.2,349.8,0.0,0.0,0.0,0.0,97
2023-05-11 10:01:11,IO2312-C-3700,IO2312-C-3700,342.2,0.0,0.0,0.0,6,350.0,356.0,1,342.2,349.8,0.0,0.0,0.0,0.0,97
2023-05-11 10:01:12,IO2312-C-3700,IO2312-C-3700,342.2,0.0,0.0,0.0,6,350.0,356.2,12,342.2,349.8,0.0,0.0,0.0,0.0,97
2023-05-11 10:01:12,IO2312-C-3700,IO2312-C-3700,342.2,0.0,0.0,0.0,6,350.0,356.2,6,342.2,349.8,0.0,0.0,0.0,0.0,97
2023-05-11 10:01:32,IO2312-C-3700,IO2312-C-3700,342.2,0.0,0.0,0.0,6,350.0,356.0,1,342.2,349.8,0.0,0.0,0.0,0.0,97
2023-05-11 10:01:34,IO2312-C-3700,IO2312-C-3700,342.2,0.0,0.0,0.0,6,350.0,355.8,6,342.2,349.8,0.0,0.0,0.0,0.0,97
2023-05-11 10:01:47,IO2312-C-3700,IO2312-C-3700,342.2,0.0,0.0,0.0,6,350.0,355.8,7,342.2,349.8,0.0,0.0,0.0,0.0,97
2023-05-11 10:01:57,IO2312-C-3700,IO2312-C-3700,342.2,0.0,0.0,0.0,6,350.0,355.0,6,342.2,349.8,0.0,0.0,0.0,0.0,97
2023-05-11 10:01:58,IO2312-C-3700,IO2312-C-3700,342.2,0.0,0.0,0.0,6,350.0,354.8,1,342.2,349.8,0.0,0.0,0.0,0.0,97
2023-05-11 10:02:02,IO2312-C-3700,IO2312-C-3700,342.2,0.0,0.0,0.0,6,350.0,354.8,4,342.2,349.8,0.0,0.0,0.0,0.0,97
2023-05-11 10:02:07,IO2312-C-3700,IO2312-C-3700,342.2,0.0,0.0,0.0,6,350.0,354.8,1,342.2,349.8,0.0,0.0,0.0,0.0,97
2023-05-11 10:02:08,IO2312-C-3700,IO2312-C-3700,342.2,0.0,0.0,0.0,6,350.0,355.0,20,342.2,349.8,0.0,0.0,0.0,0.0,97
2023-05-11 10:02:08,IO2312-C-3700,IO2312-C-3700,342.2,0.0,0.0,0.0,6,350.0,355.0,14,342.2,349.8,0.0,0.0,0.0,0.0,97
2023-05-11 10:02:10,IO2312-C-3700,IO2312-C-3700,342.2,0.0,0.0,0.0,6,350.0,355.0,12,342.2,349.8,0.0,0.0,0.0,0.0,97
2023-05-11 10:02:11,IO2312-C-3700,IO2312-C-3700,342.2,0.0,0.0,0.0,6,350.0,355.0,6,342.2,349.8,0.0,0.0,0.0,0.0,97
2023-05-11 10:02:30,IO2312-C-3700,IO2312-C-3700,342.2,0.0,0.0,0.0,24,349.8,355.0,6,342.2,349.8,0.0,0.0,0.0,0.0,97
2023-05-11 10:02:31,IO2312-C-3700,IO2312-C-3700,342.2,0.0,0.0,0.0,18,349.8,355.0,6,342.2,349.8,0.0,0.0,0.0,0.0,97
2023-05-11 10:02:31,IO2312-C-3700,IO2312-C-3700,342.2,0.0,0.0,0.0,12,349.8,355.0,6,342.2,349.8,0.0,0.0,0.0,0.0,97
2023-05-11 10:02:32,IO2312-C-3700,IO2312-C-3700,342.2,0.0,0.0,0.0,6,349.8,355.0,8,342.2,349.8,0.0,0.0,0.0,0.0,97
2023-05-11 10:02:33,IO2312-C-3700,IO2312-C-3700,342.2,0.0,0.0,0.0,6,349.8,355.0,10,342.2,349.8,0.0,0.0,0.0,0.0,97
2023-05-11 10:02:39,IO2312-C-3700,IO2312-C-3700,342.2,0.0,0.0,0.0,6,349.8,354.8,6,342.2,349.8,0.0,0.0,0.0,0.0,97
2023-05-11 10:02:39,IO2312-C-3700,IO2312-C-3700,342.2,0.0,0.0,0.0,6,349.8,353.8,6,342.2,349.8,0.0,0.0,0.0,0.0,97
2023-05-11 10:02:42,IO2312-C-3700,IO2312-C-3700,349.8,1.0,34980.0,0.0,5,349.8,353.8,6,342.2,349.8,349.8,349.8,1.0,34980.0,97
2023-05-11 10:02:42,IO2312-C-3700,IO2312-C-3700,349.8,0.0,0.0,0.0,18,349.0,353.6,6,342.2,349.8,349.8,349.8,1.0,34980.0,97
2023-05-11 10:02:43,IO2312-C-3700,IO2312-C-3700,349.8,0.0,0.0,0.0,6,349.0,352.4,6,342.2,349.8,349.8,349.8,1.0,34980.0,97
2023-05-11 10:02:43,IO2312-C-3700,IO2312-C-3700,349.8,0.0,0.0,0.0,18,348.4,352.4,6,342.2,349.8,349.8,349.8,1.0,34980.0,97
2023-05-11 10:02:44,IO2312-C-3700,IO2312-C-3700,349.8,0.0,0.0,0.0,6,348.4,352.4,6,342.2,349.8,349.8,349.8,1.0,34980.0,97
2023-05-11 10:02:44,IO2312-C-3700,IO2312-C-3700,349.8,0.0,0.0,0.0,42,347.8,352.4,6,342.2,349.8,349.8,349.8,1.0,34980.0,97
2023-05-11 10:02:45,IO2312-C-3700,IO2312-C-3700,349.8,0.0,0.0,0.0,12,347.8,352.4,6,342.2,349.8,349.8,349.8,1.0,34980.0,97
2023-05-11 10:02:45,IO2312-C-3700,IO2312-C-3700,349.8,0.0,0.0,0.0,12,347.6,352.4,6,342.2,349.8,349.8,349.8,1.0,34980.0,97
2023-05-11 10:02:46,IO2312-C-3700,IO2312-C-3700,349.8,0.0,0.0,0.0,6,347.6,352.4,6,342.2,349.8,349.8,349.8,1.0,34980.0,97
2023-05-11 10:02:47,IO2312-C-3700,IO2312-C-3700,349.8,0.0,0.0,0.0,24,347.4,352.4,6,342.2,349.8,349.8,349.8,1.0,34980.0,97
2023-05-11 10:02:47,IO2312-C-3700,IO2312-C-3700,349.8,0.0,0.0,0.0,18,347.4,352.4,6,342.2,349.8,349.8,349.8,1.0,34980.0,97
2023-05-11 10:02:48,IO2312-C-3700,IO2312-C-3700,349.8,0.0,0.0,0.0,12,347.4,352.4,6,342.2,349.8,349.8,349.8,1.0,34980.0,97
2023-05-11 10:02:48,IO2312-C-3700,IO2312-C-3700,349.8,0.0,0.0,0.0,6,347.4,352.4,6,342.2,349.8,349.8,349.8,1.0,34980.0,97
2023-05-11 10:02:54,IO2312-C-3700,IO2312-C-3700,349.8,0.0,0.0,0.0,6,347.4,352.2,6,342.2,349.8,349.8,349.8,1.0,34980.0,97
2023-05-11 10:02:54,IO2312-C-3700,IO2312-C-3700,349.8,0.0,0.0,0.0,6,347.4,352.6,6,342.2,349.8,349.8,349.8,1.0,34980.0,97
2023-05-11 10:02:59,IO2312-C-3700,IO2312-C-3700,349.8,0.0,0.0,0.0,6,347.4,352.8,18,342.2,349.8,349.8,349.8,1.0,34980.0,97
2023-05-11 10:02:59,IO2312-C-3700,IO2312-C-3700,349.8,0.0,0.0,0.0,6,347.4,352.8,6,342.2,349.8,349.8,349.8,1.0,34980.0,97
2023-05-11 10:03:04,IO2312-C-3700,IO2312-C-3700,349.8,0.0,0.0,0.0,6,347.4,352.6,6,342.2,349.8,349.8,349.8,1.0,34980.0,97
2023-05-11 10:03:08,IO2312-C-3700,IO2312-C-3700,349.8,0.0,0.0,0.0,6,347.4,352.4,6,342.2,349.8,349.8,349.8,1.0,34980.0,97
2023-05-11 10:03:08,IO2312-C-3700,IO2312-C-3700,349.8,0.0,0.0,0.0,6,347.4,352.2,6,342.2,349.8,349.8,349.8,1.0,34980.0,97
2023-05-11 10:03:13,IO2312-C-3700,IO2312-C-3700,349.8,0.0,0.0,0.0,6,347.4,352.8,6,342.2,349.8,349.8,349.8,1.0,34980.0,97
2023-05-11 10:03:13,IO2312-C-3700,IO2312-C-3700,349.8,0.0,0.0,0.0,6,347.4,353.0,36,342.2,349.8,349.8,349.8,1.0,34980.0,97
2023-05-11 10:03:14,IO2312-C-3700,IO2312-C-3700,349.8,0.0,0.0,0.0,6,347.4,353.0,30,342.2,349.8,349.8,349.8,1.0,34980.0,97
2023-05-11 10:03:15,IO2312-C-3700,IO2312-C-3700,349.8,0.0,0.0,0.0,6,347.4,352.8,6,342.2,349.8,349.8,349.8,1.0,34980.0,97
2023-05-11 10:03:31,IO2312-C-3700,IO2312-C-3700,349.8,0.0,0.0,0.0,6,347.4,353.0,30,342.2,349.8,349.8,349.8,1.0,34980.0,97
2023-05-11 10:03:31,IO2312-C-3700,IO2312-C-3700,349.8,0.0,0.0,0.0,6,347.4,353.0,24,342.2,349.8,349.8,349.8,1.0,34980.0,97
2023-05-11 10:03:36,IO2312-C-3700,IO2312-C-3700,349.8,0.0,0.0,0.0,6,347.4,351.6,6,342.2,349.8,349.8,349.8,1.0,34980.0,97
2023-05-11 10:03:36,IO2312-C-3700,IO2312-C-3700,349.8,0.0,0.0,0.0,6,347.4,351.6,12,342.2,349.8,349.8,349.8,1.0,34980.0,97
2023-05-11 10:03:41,IO2312-C-3700,IO2312-C-3700,349.8,0.0,0.0,0.0,6,347.4,351.6,6,342.2,349.8,349.8,349.8,1.0,34980.0,97
2023-05-11 10:03:42,IO2312-C-3700,IO2312-C-3700,349.8,0.0,0.0,0.0,6,347.4,351.6,12,342.2,349.8,349.8,349.8,1.0,34980.0,97
2023-05-11 10:03:50,IO2312-C-3700,IO2312-C-3700,349.8,0.0,0.0,0.0,12,347.4,351.6,12,342.2,349.8,349.8,349.8,1.0,34980.0,97
2023-05-11 10:04:12,IO2312-C-3700,IO2312-C-3700,349.8,0.0,0.0,0.0,6,347.6,351.6,12,342.2,349.8,349.8,349.8,1.0,34980.0,97
2023-05-11 10:04:14,IO2312-C-3700,IO2312-C-3700,349.8,0.0,0.0,0.0,6,347.6,351.6,6,342.2,349.8,349.8,349.8,1.0,34980.0,97
2023-05-11 10:04:14,IO2312-C-3700,IO2312-C-3700,349.8,0.0,0.0,0.0,6,347.6,353.0,24,342.2,349.8,349.8,349.8,1.0,34980.0,97
2023-05-11 10:04:32,IO2312-C-3700,IO2312-C-3700,349.8,0.0,0.0,0.0,6,347.6,353.0,18,342.2,349.8,349.8,349.8,1.0,34980.0,97
2023-05-11 10:04:33,IO2312-C-3700,IO2312-C-3700,349.8,0.0,0.0,0.0,6,347.8,353.0,12,342.2,349.8,349.8,349.8,1.0,34980.0,97
2023-05-11 10:04:33,IO2312-C-3700,IO2312-C-3700,349.8,0.0,0.0,0.0,6,348.0,353.0,6,342.2,349.8,349.8,349.8,1.0,34980.0,97
2023-05-11 10:04:34,IO2312-C-3700,IO2312-C-3700,349.8,0.0,0.0,0.0,6,348.0,353.8,24,342.2,349.8,349.8,349.8,1.0,34980.0,97
2023-05-11 10:04:34,IO2312-C-3700,IO2312-C-3700,349.8,0.0,0.0,0.0,6,348.0,353.8,18,342.2,349.8,349.8,349.8,1.0,34980.0,97
2023-05-11 10:04:35,IO2312-C-3700,IO2312-C-3700,349.8,0.0,0.0,0.0,6,348.0,353.8,12,342.2,349.8,349.8,349.8,1.0,34980.0,97
2023-05-11 10:04:35,IO2312-C-3700,IO2312-C-3700,349.8,0.0,0.0,0.0,6,348.0,353.8,6,342.2,349.8,349.8,349.8,1.0,34980.0,97
2023-05-11 10:04:36,IO2312-C-3700,IO2312-C-3700,349.8,0.0,0.0,0.0,6,348.0,354.2,36,342.2,349.8,349.8,349.8,1.0,34980.0,97
2023-05-11 10:04:36,IO2312-C-3700,IO2312-C-3700,349.8,0.0,0.0,0.0,6,348.0,354.2,30,342.2,349.8,349.8,349.8,1.0,34980.0,97
2023-05-11 10:04:37,IO2312-C-3700,IO2312-C-3700,349.8,0.0,0.0,0.0,6,347.8,354.2,30,342.2,349.8,349.8,349.8,1.0,34980.0,97
