time,symbol_id,symbol_name,last,trade_volume,trade_amount,open_interest_change,bv1,bp1,ap1,av1,yesterday_close,today_open,today_high,today_low,volume,amount,open_interest
2023-05-11 09:29:00,IO2403-P-4000,IO2403-P-4000,212.0,0.0,0.0,0.0,1,183.0,232.2,1,212.0,209.0,0.0,0.0,0.0,0.0,268
2023-05-11 09:30:00,IO2403-P-4000,IO2403-P-4000,212.0,0.0,0.0,0.0,1,186.6,228.2,1,212.0,209.0,0.0,0.0,0.0,0.0,268
2023-05-11 09:30:01,IO2403-P-4000,IO2403-P-4000,212.0,0.0,0.0,0.0,1,186.6,228.2,2,212.0,209.0,0.0,0.0,0.0,0.0,268
2023-05-11 09:30:01,IO2403-P-4000,IO2403-P-4000,212.0,0.0,0.0,0.0,1,187.6,228.0,6,212.0,209.0,0.0,0.0,0.0,0.0,268
2023-05-11 09:30:02,IO2403-P-4000,IO2403-P-4000,212.0,0.0,0.0,0.0,1,187.6,228.2,2,212.0,209.0,0.0,0.0,0.0,0.0,268
2023-05-11 09:30:02,IO2403-P-4000,IO2403-P-4000,212.0,0.0,0.0,0.0,6,187.8,228.2,2,212.0,209.0,0.0,0.0,0.0,0.0,268
2023-05-11 09:30:05,IO2403-P-4000,IO2403-P-4000,212.0,0.0,0.0,0.0,2,188.0,228.0,2,212.0,209.0,0.0,0.0,0.0,0.0,268
2023-05-11 09:30:05,IO2403-P-4000,IO2403-P-4000,212.0,0.0,0.0,0.0,6,188.2,228.0,8,212.0,209.0,0.0,0.0,0.0,0.0,268
2023-05-11 09:30:06,IO2403-P-4000,IO2403-P-4000,212.0,0.0,0.0,0.0,2,188.4,228.0,9,212.0,209.0,0.0,0.0,0.0,0.0,268
2023-05-11 09:30:06,IO2403-P-4000,IO2403-P-4000,212.0,0.0,0.0,0.0,8,188.4,220.0,1,212.0,209.0,0.0,0.0,0.0,0.0,268
2023-05-11 09:30:07,IO2403-P-4000,IO2403-P-4000,212.0,0.0,0.0,0.0,6,188.6,219.8,2,212.0,209.0,0.0,0.0,0.0,0.0,268
2023-05-11 09:30:07,IO2403-P-4000,IO2403-P-4000,212.0,0.0,0.0,0.0,2,188.8,219.8,2,212.0,209.0,0.0,0.0,0.0,0.0,268
2023-05-11 09:30:08,IO2403-P-4000,IO2403-P-4000,212.0,0.0,0.0,0.0,6,189.0,219.8,2,212.0,209.0,0.0,0.0,0.0,0.0,268
2023-05-11 09:30:08,IO2403-P-4000,IO2403-P-4000,212.0,0.0,0.0,0.0,2,189.2,219.8,2,212.0,209.0,0.0,0.0,0.0,0.0,268
2023-05-11 09:30:09,IO2403-P-4000,IO2403-P-4000,212.0,0.0,0.0,0.0,6,189.4,219.8,2,212.0,209.0,0.0,0.0,0.0,0.0,268
2023-05-11 09:30:09,IO2403-P-4000,IO2403-P-4000,212.0,0.0,0.0,0.0,2,189.6,211.8,1,212.0,209.0,0.0,0.0,0.0,0.0,268
2023-05-11 09:30:10,IO2403-P-4000,IO2403-P-4000,212.0,0.0,0.0,0.0,6,189.8,211.8,1,212.0,209.0,0.0,0.0,0.0,0.0,268
2023-05-11 09:30:10,IO2403-P-4000,IO2403-P-4000,212.0,0.0,0.0,0.0,2,190.0,211.8,1,212.0,209.0,0.0,0.0,0.0,0.0,268
2023-05-11 09:30:11,IO2403-P-4000,IO2403-P-4000,212.0,0.0,0.0,0.0,6,202.8,211.8,1,212.0,209.0,0.0,0.0,0.0,0.0,268
2023-05-11 09:30:11,IO2403-P-4000,IO2403-P-4000,212.0,0.0,0.0,0.0,6,201.2,211.8,1,212.0,209.0,0.0,0.0,0.0,0.0,268
2023-05-11 09:30:12,IO2403-P-4000,IO2403-P-4000,212.0,0.0,0.0,0.0,2,201.4,211.8,1,212.0,209.0,0.0,0.0,0.0,0.0,268
2023-05-11 09:30:12,IO2403-P-4000,IO2403-P-4000,212.0,0.0,0.0,0.0,1,205.8,211.8,1,212.0,209.0,0.0,0.0,0.0,0.0,268
2023-05-11 09:30:15,IO2403-P-4000,IO2403-P-4000,212.0,0.0,0.0,0.0,1,205.8,214.8,6,212.0,209.0,0.0,0.0,0.0,0.0,268
2023-05-11 09:30:15,IO2403-P-4000,IO2403-P-4000,212.0,0.0,0.0,0.0,1,205.8,214.6,2,212.0,209.0,0.0,0.0,0.0,0.0,268
2023-05-11 09:30:16,IO2403-P-4000,IO2403-P-4000,212.0,0.0,0.0,0.0,1,205.8,214.6,3,212.0,209.0,0.0,0.0,0.0,0.0,268
2023-05-11 09:30:16,IO2403-P-4000,IO2403-P-4000,212.0,0.0,0.0,0.0,1,205.8,214.6,1,212.0,209.0,0.0,0.0,0.0,0.0,268
2023-05-11 09:30:17,IO2403-P-4000,IO2403-P-4000,212.0,0.0,0.0,0.0,1,205.8,213.4,1,212.0,209.0,0.0,0.0,0.0,0.0,268
2023-05-11 09:30:18,IO2403-P-4000,IO2403-P-4000,212.0,0.0,0.0,0.0,6,201.8,213.4,1,212.0,209.0,0.0,0.0,0.0,0.0,268
2023-05-11 09:30:19,IO2403-P-4000,IO2403-P-4000,212.0,0.0,0.0,0.0,1,204.0,213.4,1,212.0,209.0,0.0,0.0,0.0,0.0,268
2023-05-11 09:30:22,IO2403-P-4000,IO2403-P-4000,212.0,0.0,0.0,0.0,3,204.0,213.4,1,212.0,209.0,0.0,0.0,0.0,0.0,268
2023-05-11 09:30:23,IO2403-P-4000,IO2403-P-4000,212.0,0.0,0.0,0.0,9,204.0,213.4,1,212.0,209.0,0.0,0.0,0.0,0.0,268
2023-05-11 09:30:28,IO2403-P-4000,IO2403-P-4000,212.0,0.0,0.0,0.0,6,204.2,213.4,1,212.0,209.0,0.0,0.0,0.0,0.0,268
2023-05-11 09:30:28,IO2403-P-4000,IO2403-P-4000,212.0,0.0,0.0,0.0,2,204.4,213.4,1,212.0,209.0,0.0,0.0,0.0,0.0,268
2023-05-11 09:30:30,IO2403-P-4000,IO2403-P-4000,212.0,0.0,0.0,0.0,14,204.4,213.4,13,212.0,209.0,0.0,0.0,0.0,0.0,268
2023-05-11 09:30:31,IO2403-P-4000,IO2403-P-4000,212.0,0.0,0.0,0.0,14,204.4,212.6,1,212.0,209.0,0.0,0.0,0.0,0.0,268
2023-05-11 09:30:31,IO2403-P-4000,IO2403-P-4000,212.0,0.0,0.0,0.0,6,204.6,212.6,1,212.0,209.0,0.0,0.0,0.0,0.0,268
2023-05-11 09:30:32,IO2403-P-4000,IO2403-P-4000,212.0,0.0,0.0,0.0,2,204.4,212.6,1,212.0,209.0,0.0,0.0,0.0,0.0,268
2023-05-11 09:30:32,IO2403-P-4000,IO2403-P-4000,212.0,0.0,0.0,0.0,1,205.4,212.6,1,212.0,209.0,0.0,0.0,0.0,0.0,268
2023-05-11 09:30:33,IO2403-P-4000,IO2403-P-4000,212.0,0.0,0.0,0.0,7,205.4,212.6,1,212.0,209.0,0.0,0.0,0.0,0.0,268
2023-05-11 09:30:35,IO2403-P-4000,IO2403-P-4000,212.0,0.0,0.0,0.0,6,205.4,212.6,1,212.0,209.0,0.0,0.0,0.0,0.0,268
2023-05-11 09:30:35,IO2403-P-4000,IO2403-P-4000,212.0,0.0,0.0,0.0,6,204.6,212.6,1,212.0,209.0,0.0,0.0,0.0,0.0,268
2023-05-11 09:30:36,IO2403-P-4000,IO2403-P-4000,212.0,0.0,0.0,0.0,8,204.4,212.6,1,212.0,209.0,0.0,0.0,0.0,0.0,268
2023-05-11 09:30:38,IO2403-P-4000,IO2403-P-4000,212.0,0.0,0.0,0.0,1,207.2,213.0,12,212.0,209.0,0.0,0.0,0.0,0.0,268
2023-05-11 09:30:38,IO2403-P-4000,IO2403-P-4000,212.0,0.0,0.0,0.0,7,207.2,213.4,7,212.0,209.0,0.0,0.0,0.0,0.0,268
2023-05-11 09:30:41,IO2403-P-4000,IO2403-P-4000,212.0,0.0,0.0,0.0,7,207.2,213.2,1,212.0,209.0,0.0,0.0,0.0,0.0,268
2023-05-11 09:30:46,IO2403-P-4000,IO2403-P-4000,212.0,0.0,0.0,0.0,6,207.2,213.2,1,212.0,209.0,0.0,0.0,0.0,0.0,268
2023-05-11 09:30:47,IO2403-P-4000,IO2403-P-4000,212.0,0.0,0.0,0.0,18,205.8,213.2,1,212.0,209.0,0.0,0.0,0.0,0.0,268
2023-05-11 09:30:49,IO2403-P-4000,IO2403-P-4000,212.0,0.0,0.0,0.0,18,205.8,212.0,1,212.0,209.0,0.0,0.0,0.0,0.0,268
2023-05-11 09:30:49,IO2403-P-4000,IO2403-P-4000,212.0,0.0,0.0,0.0,6,205.8,212.0,1,212.0,209.0,0.0,0.0,0.0,0.0,268
2023-05-11 09:30:50,IO2403-P-4000,IO2403-P-4000,212.0,0.0,0.0,0.0,18,204.4,212.0,1,212.0,209.0,0.0,0.0,0.0,0.0,268
2023-05-11 09:30:50,IO2403-P-4000,IO2403-P-4000,212.0,0.0,0.0,0.0,2,204.6,212.0,1,212.0,209.0,0.0,0.0,0.0,0.0,268
2023-05-11 09:30:52,IO2403-P-4000,IO2403-P-4000,212.0,0.0,0.0,0.0,1,206.6,212.0,1,212.0,209.0,0.0,0.0,0.0,0.0,268
2023-05-11 09:30:53,IO2403-P-4000,IO2403-P-4000,212.0,0.0,0.0,0.0,7,206.6,212.0,1,212.0,209.0,0.0,0.0,0.0,0.0,268
2023-05-11 09:30:53,IO2403-P-4000,IO2403-P-4000,212.0,0.0,0.0,0.0,6,206.6,212.0,1,212.0,209.0,0.0,0.0,0.0,0.0,268
2023-05-11 09:30:54,IO2403-P-4000,IO2403-P-4000,212.0,0.0,0.0,0.0,12,204.8,212.0,1,212.0,209.0,0.0,0.0,0.0,0.0,268
2023-05-11 09:30:54,IO2403-P-4000,IO2403-P-4000,212.0,0.0,0.0,0.0,6,204.4,212.0,1,212.0,209.0,0.0,0.0,0.0,0.0,268
2023-05-11 09:30:55,IO2403-P-4000,IO2403-P-4000,212.0,0.0,0.0,0.0,1,205.0,212.0,1,212.0,209.0,0.0,0.0,0.0,0.0,268
2023-05-11 09:31:07,IO2403-P-4000,IO2403-P-4000,212.0,0.0,0.0,0.0,1,205.0,212.6,13,212.0,209.0,0.0,0.0,0.0,0.0,268
2023-05-11 09:31:09,IO2403-P-4000,IO2403-P-4000,212.0,0.0,0.0,0.0,1,205.0,212.0,1,212.0,209.0,0.0,0.0,0.0,0.0,268
2023-05-11 09:31:21,IO2403-P-4000,IO2403-P-4000,212.0,0.0,0.0,0.0,3,205.0,212.0,1,212.0,209.0,0.0,0.0,0.0,0.0,268
2023-05-11 09:31:22,IO2403-P-4000,IO2403-P-4000,212.0,0.0,0.0,0.0,1,207.0,212.0,1,212.0,209.0,0.0,0.0,0.0,0.0,268
2023-05-11 09:31:22,IO2403-P-4000,IO2403-P-4000,212.0,0.0,0.0,0.0,7,207.0,212.0,1,212.0,209.0,0.0,0.0,0.0,0.0,268
2023-05-11 09:31:32,IO2403-P-4000,IO2403-P-4000,212.0,0.0,0.0,0.0,6,207.2,212.0,1,212.0,209.0,0.0,0.0,0.0,0.0,268
2023-05-11 09:31:33,IO2403-P-4000,IO2403-P-4000,212.0,0.0,0.0,0.0,6,207.4,212.0,1,212.0,209.0,0.0,0.0,0.0,0.0,268
2023-05-11 09:31:36,IO2403-P-4000,IO2403-P-4000,212.0,0.0,0.0,0.0,6,207.2,212.0,1,212.0,209.0,0.0,0.0,0.0,0.0,268
2023-05-11 09:31:37,IO2403-P-4000,IO2403-P-4000,212.0,0.0,0.0,0.0,6,207.2,212.4,6,212.0,209.0,0.0,0.0,0.0,0.0,268
2023-05-11 09:31:37,IO2403-P-4000,IO2403-P-4000,212.0,0.0,0.0,0.0,6,207.2,212.6,1,212.0,209.0,0.0,0.0,0.0,0.0,268
2023-05-11 09:31:47,IO2403-P-4000,IO2403-P-4000,212.0,0.0,0.0,0.0,13,207.0,212.4,6,212.0,209.0,0.0,0.0,0.0,0.0,268
2023-05-11 09:31:47,IO2403-P-4000,IO2403-P-4000,212.0,0.0,0.0,0.0,13,207.0,211.2,1,212.0,209.0,0.0,0.0,0.0,0.0,268
2023-05-11 09:31:48,IO2403-P-4000,IO2403-P-4000,212.0,0.0,0.0,0.0,6,207.2,211.2,1,212.0,209.0,0.0,0.0,0.0,0.0,268
2023-05-11 09:31:49,IO2403-P-4000,IO2403-P-4000,212.0,0.0,0.0,0.0,6,207.2,211.8,1,212.0,209.0,0.0,0.0,0.0,0.0,268
2023-05-11 09:31:52,IO2403-P-4000,IO2403-P-4000,212.0,0.0,0.0,0.0,6,207.2,212.4,1,212.0,209.0,0.0,0.0,0.0,0.0,268
2023-05-11 09:31:53,IO2403-P-4000,IO2403-P-4000,212.0,0.0,0.0,0.0,8,207.2,212.4,1,212.0,209.0,0.0,0.0,0.0,0.0,268
2023-05-11 09:31:53,IO2403-P-4000,IO2403-P-4000,212.0,0.0,0.0,0.0,6,207.4,212.4,1,212.0,209.0,0.0,0.0,0.0,0.0,268
2023-05-11 09:31:54,IO2403-P-4000,IO2403-P-4000,212.0,0.0,0.0,0.0,1,208.0,212.4,1,212.0,209.0,0.0,0.0,0.0,0.0,268
2023-05-11 09:31:55,IO2403-P-4000,IO2403-P-4000,212.0,0.0,0.0,0.0,6,208.2,212.4,1,212.0,209.0,0.0,0.0,0.0,0.0,268
2023-05-11 09:31:55,IO2403-P-4000,IO2403-P-4000,212.0,0.0,0.0,0.0,12,208.2,212.4,1,212.0,209.0,0.0,0.0,0.0,0.0,268
2023-05-11 09:31:56,IO2403-P-4000,IO2403-P-4000,212.0,0.0,0.0,0.0,6,208.2,212.4,1,212.0,209.0,0.0,0.0,0.0,0.0,268
2023-05-11 09:31:56,IO2403-P-4000,IO2403-P-4000,212.0,0.0,0.0,0.0,6,208.4,212.2,6,212.0,209.0,0.0,0.0,0.0,0.0,268
2023-05-11 09:31:57,IO2403-P-4000,IO2403-P-4000,212.0,0.0,0.0,0.0,6,208.4,212.0,1,212.0,209.0,0.0,0.0,0.0,0.0,268
2023-05-11 09:31:59,IO2403-P-4000,IO2403-P-4000,212.0,0.0,0.0,0.0,6,208.2,211.8,6,212.0,209.0,0.0,0.0,0.0,0.0,268
2023-05-11 09:32:01,IO2403-P-4000,IO2403-P-4000,212.0,0.0,0.0,0.0,12,208.0,211.4,1,212.0,209.0,0.0,0.0,0.0,0.0,268
2023-05-11 09:32:02,IO2403-P-4000,IO2403-P-4000,212.0,0.0,0.0,0.0,6,207.2,211.2,6,212.0,209.0,0.0,0.0,0.0,0.0,268
2023-05-11 09:32:02,IO2403-P-4000,IO2403-P-4000,212.0,0.0,0.0,0.0,1,207.2,211.2,6,212.0,209.0,0.0,0.0,0.0,0.0,268
2023-05-11 09:32:04,IO2403-P-4000,IO2403-P-4000,212.0,0.0,0.0,0.0,1,207.2,212.8,6,212.0,209.0,0.0,0.0,0.0,0.0,268
2023-05-11 09:32:04,IO2403-P-4000,IO2403-P-4000,212.0,0.0,0.0,0.0,3,207.2,212.2,1,212.0,209.0,0.0,0.0,0.0,0.0,268
2023-05-11 09:32:05,IO2403-P-4000,IO2403-P-4000,212.0,0.0,0.0,0.0,6,207.4,212.0,6,212.0,209.0,0.0,0.0,0.0,0.0,268
2023-05-11 09:32:08,IO2403-P-4000,IO2403-P-4000,212.0,0.0,0.0,0.0,6,207.4,211.8,1,212.0,209.0,0.0,0.0,0.0,0.0,268
2023-05-11 09:32:14,IO2403-P-4000,IO2403-P-4000,212.0,0.0,0.0,0.0,1,207.2,211.6,6,212.0,209.0,0.0,0.0,0.0,0.0,268
2023-05-11 09:32:15,IO2403-P-4000,IO2403-P-4000,212.0,0.0,0.0,0.0,1,207.2,211.0,1,212.0,209.0,0.0,0.0,0.0,0.0,268
2023-05-11 09:32:15,IO2403-P-4000,IO2403-P-4000,212.0,0.0,0.0,0.0,6,207.4,211.0,1,212.0,209.0,0.0,0.0,0.0,0.0,268
2023-05-11 09:32:17,IO2403-P-4000,IO2403-P-4000,212.0,0.0,0.0,0.0,1,207.2,210.8,6,212.0,209.0,0.0,0.0,0.0,0.0,268
2023-05-11 09:32:19,IO2403-P-4000,IO2403-P-4000,212.0,0.0,0.0,0.0,15,207.0,210.6,1,212.0,209.0,0.0,0.0,0.0,0.0,268
2023-05-11 09:32:19,IO2403-P-4000,IO2403-P-4000,212.0,0.0,0.0,0.0,21,207.0,210.6,1,212.0,209.0,0.0,0.0,0.0,0.0,268
2023-05-11 09:32:20,IO2403-P-4000,IO2403-P-4000,212.0,0.0,0.0,0.0,18,207.0,210.6,1,212.0,209.0,0.0,0.0,0.0,0.0,268
2023-05-11 09:32:20,IO2403-P-4000,IO2403-P-4000,212.0,0.0,0.0,0.0,6,207.2,210.6,1,212.0,209.0,0.0,0.0,0.0,0.0,268
2023-05-11 09:32:22,IO2403-P-4000,IO2403-P-4000,212.0,0.0,0.0,0.0,6,207.2,211.2,1,212.0,209.0,0.0,0.0,0.0,0.0,268
2023-05-11 09:32:34,IO2403-P-4000,IO2403-P-4000,212.0,0.0,0.0,0.0,7,207.2,211.2,1,212.0,209.0,0.0,0.0,0.0,0.0,268
2023-05-11 09:32:34,IO2403-P-4000,IO2403-P-4000,212.0,0.0,0.0,0.0,6,207.4,211.2,1,212.0,209.0,0.0,0.0,0.0,0.0,268
2023-05-11 09:32:49,IO2403-P-4000,IO2403-P-4000,212.0,0.0,0.0,0.0,6,207.4,211.6,9,212.0,209.0,0.0,0.0,0.0,0.0,268
2023-05-11 09:32:49,IO2403-P-4000,IO2403-P-4000,212.0,0.0,0.0,0.0,6,207.4,211.6,6,212.0,209.0,0.0,0.0,0.0,0.0,268
2023-05-11 09:32:50,IO2403-P-4000,IO2403-P-4000,212.0,0.0,0.0,0.0,6,207.4,211.4,1,212.0,209.0,0.0,0.0,0.0,0.0,268
2023-05-11 09:33:03,IO2403-P-4000,IO2403-P-4000,212.0,0.0,0.0,0.0,6,207.4,211.8,6,212.0,209.0,0.0,0.0,0.0,0.0,268
2023-05-11 09:33:04,IO2403-P-4000,IO2403-P-4000,212.0,0.0,0.0,0.0,6,207.4,212.0,4,212.0,209.0,0.0,0.0,0.0,0.0,268
2023-05-11 09:33:05,IO2403-P-4000,IO2403-P-4000,212.0,0.0,0.0,0.0,1,208.0,212.0,1,212.0,209.0,0.0,0.0,0.0,0.0,268
2023-05-11 09:33:05,IO2403-P-4000,IO2403-P-4000,212.0,0.0,0.0,0.0,6,208.2,212.0,1,212.0,209.0,0.0,0.0,0.0,0.0,268
2023-05-11 09:33:12,IO2403-P-4000,IO2403-P-4000,212.0,0.0,0.0,0.0,12,208.2,212.0,1,212.0,209.0,0.0,0.0,0.0,0.0,268
2023-05-11 09:33:12,IO2403-P-4000,IO2403-P-4000,212.0,0.0,0.0,0.0,6,208.4,212.0,1,212.0,209.0,0.0,0.0,0.0,0.0,268
2023-05-11 09:33:30,IO2403-P-4000,IO2403-P-4000,212.0,0.0,0.0,0.0,6,208.4,212.2,12,212.0,209.0,0.0,0.0,0.0,0.0,268
2023-05-11 09:33:31,IO2403-P-4000,IO2403-P-4000,212.0,0.0,0.0,0.0,12,208.4,212.6,10,212.0,209.0,0.0,0.0,0.0,0.0,268
2023-05-11 09:33:31,IO2403-P-4000,IO2403-P-4000,212.0,0.0,0.0,0.0,6,208.6,212.6,1,212.0,209.0,0.0,0.0,0.0,0.0,268
2023-05-11 09:33:35,IO2403-P-4000,IO2403-P-4000,212.0,0.0,0.0,0.0,9,208.6,212.6,1,212.0,209.0,0.0,0.0,0.0,0.0,268
2023-05-11 09:33:35,IO2403-P-4000,IO2403-P-4000,212.0,0.0,0.0,0.0,6,208.8,212.6,7,212.0,209.0,0.0,0.0,0.0,0.0,268
2023-05-11 09:33:36,IO2403-P-4000,IO2403-P-4000,212.0,0.0,0.0,0.0,6,208.6,212.6,1,212.0,209.0,0.0,0.0,0.0,0.0,268
2023-05-11 09:33:36,IO2403-P-4000,IO2403-P-4000,212.0,0.0,0.0,0.0,6,208.6,212.2,1,212.0,209.0,0.0,0.0,0.0,0.0,268
2023-05-11 09:33:45,IO2403-P-4000,IO2403-P-4000,212.0,0.0,0.0,0.0,3,208.4,212.0,6,212.0,209.0,0.0,0.0,0.0,0.0,268
2023-05-11 09:33:45,IO2403-P-4000,IO2403-P-4000,212.0,0.0,0.0,0.0,12,208.2,212.0,6,212.0,209.0,0.0,0.0,0.0,0.0,268
2023-05-11 09:33:47,IO2403-P-4000,IO2403-P-4000,212.0,0.0,0.0,0.0,12,208.2,210.2,1,212.0,209.0,0.0,0.0,0.0,0.0,268
2023-05-11 09:33:48,IO2403-P-4000,IO2403-P-4000,212.0,0.0,0.0,0.0,6,208.2,210.2,1,212.0,209.0,0.0,0.0,0.0,0.0,268
2023-05-11 09:34:08,IO2403-P-4000,IO2403-P-4000,212.0,0.0,0.0,0.0,6,208.2,210.8,1,212.0,209.0,0.0,0.0,0.0,0.0,268
2023-05-11 09:34:21,IO2403-P-4000,IO2403-P-4000,212.0,0.0,0.0,0.0,33,207.8,210.8,1,212.0,209.0,0.0,0.0,0.0,0.0,268
2023-05-11 09:34:22,IO2403-P-4000,IO2403-P-4000,212.0,0.0,0.0,0.0,9,207.8,210.8,1,212.0,209.0,0.0,0.0,0.0,0.0,268
2023-05-11 09:34:22,IO2403-P-4000,IO2403-P-4000,212.0,0.0,0.0,0.0,30,207.4,210.8,1,212.0,209.0,0.0,0.0,0.0,0.0,268
2023-05-11 09:34:23,IO2403-P-4000,IO2403-P-4000,212.0,0.0,0.0,0.0,6,207.4,210.8,1,212.0,209.0,0.0,0.0,0.0,0.0,268
2023-05-11 09:34:23,IO2403-P-4000,IO2403-P-4000,212.0,0.0,0.0,0.0,3,207.4,210.8,1,212.0,209.0,0.0,0.0,0.0,0.0,268
2023-05-11 09:34:24,IO2403-P-4000,IO2403-P-4000,212.0,0.0,0.0,0.0,6,207.2,210.8,1,212.0,209.0,0.0,0.0,0.0,0.0,268
2023-05-11 09:34:25,IO2403-P-4000,IO2403-P-4000,212.0,0.0,0.0,0.0,9,207.2,210.8,1,212.0,209.0,0.0,0.0,0.0,0.0,268
2023-05-11 09:34:33,IO2403-P-4000,IO2403-P-4000,212.0,0.0,0.0,0.0,6,207.4,210.8,1,212.0,209.0,0.0,0.0,0.0,0.0,268
2023-05-11 09:34:34,IO2403-P-4000,IO2403-P-4000,212.0,0.0,0.0,0.0,6,207.4,211.4,1,212.0,209.0,0.0,0.0,0.0,0.0,268
2023-05-11 09:34:36,IO2403-P-4000,IO2403-P-4000,212.0,0.0,0.0,0.0,1,207.6,211.4,1,212.0,209.0,0.0,0.0,0.0,0.0,268
2023-05-11 09:34:36,IO2403-P-4000,IO2403-P-4000,212.0,0.0,0.0,0.0,6,207.8,211.4,1,212.0,209.0,0.0,0.0,0.0,0.0,268
2023-05-11 09:34:37,IO2403-P-4000,IO2403-P-4000,212.0,0.0,0.0,0.0,9,207.8,211.4,1,212.0,209.0,0.0,0.0,0.0,0.0,268
2023-05-11 09:34:38,IO2403-P-4000,IO2403-P-4000,212.0,0.0,0.0,0.0,6,208.0,211.4,1,212.0,209.0,0.0,0.0,0.0,0.0,268
2023-05-11 09:34:39,IO2403-P-4000,IO2403-P-4000,212.0,0.0,0.0,0.0,12,208.0,211.4,1,212.0,209.0,0.0,0.0,0.0,0.0,268
2023-05-11 09:34:39,IO2403-P-4000,IO2403-P-4000,212.0,0.0,0.0,0.0,6,208.2,211.4,1,212.0,209.0,0.0,0.0,0.0,0.0,268
2023-05-11 09:34:40,IO2403-P-4000,IO2403-P-4000,212.0,0.0,0.0,0.0,12,208.2,212.0,1,212.0,209.0,0.0,0.0,0.0,0.0,268
2023-05-11 09:34:40,IO2403-P-4000,IO2403-P-4000,212.0,0.0,0.0,0.0,6,208.4,212.0,1,212.0,209.0,0.0,0.0,0.0,0.0,268
2023-05-11 09:34:41,IO2403-P-4000,IO2403-P-4000,212.0,0.0,0.0,0.0,9,208.4,212.0,1,212.0,209.0,0.0,0.0,0.0,0.0,268
2023-05-11 09:34:41,IO2403-P-4000,IO2403-P-4000,212.0,0.0,0.0,0.0,6,208.6,212.0,1,212.0,209.0,0.0,0.0,0.0,0.0,268
2023-05-11 09:34:43,IO2403-P-4000,IO2403-P-4000,212.0,0.0,0.0,0.0,7,208.6,212.0,1,212.0,209.0,0.0,0.0,0.0,0.0,268
2023-05-11 09:34:43,IO2403-P-4000,IO2403-P-4000,212.0,0.0,0.0,0.0,6,208.8,212.0,1,212.0,209.0,0.0,0.0,0.0,0.0,268
2023-05-11 09:34:48,IO2403-P-4000,IO2403-P-4000,212.0,0.0,0.0,0.0,6,208.6,212.0,1,212.0,209.0,0.0,0.0,0.0,0.0,268
2023-05-11 09:34:51,IO2403-P-4000,IO2403-P-4000,212.0,0.0,0.0,0.0,9,208.4,212.0,1,212.0,209.0,0.0,0.0,0.0,0.0,268
2023-05-11 09:34:52,IO2403-P-4000,IO2403-P-4000,212.0,0.0,0.0,0.0,6,208.4,212.0,1,212.0,209.0,0.0,0.0,0.0,0.0,268
2023-05-11 09:34:58,IO2403-P-4000,IO2403-P-4000,212.0,0.0,0.0,0.0,9,208.4,212.0,1,212.0,209.0,0.0,0.0,0.0,0.0,268
2023-05-11 09:34:58,IO2403-P-4000,IO2403-P-4000,212.0,0.0,0.0,0.0,6,208.6,212.0,1,212.0,209.0,0.0,0.0,0.0,0.0,268
2023-05-11 09:34:59,IO2403-P-4000,IO2403-P-4000,212.0,0.0,0.0,0.0,6,208.4,212.0,1,212.0,209.0,0.0,0.0,0.0,0.0,268
2023-05-11 09:35:03,IO2403-P-4000,IO2403-P-4000,212.0,0.0,0.0,0.0,12,208.4,212.0,1,212.0,209.0,0.0,0.0,0.0,0.0,268
2023-05-11 09:35:03,IO2403-P-4000,IO2403-P-4000,212.0,0.0,0.0,0.0,6,208.6,212.0,1,212.0,209.0,0.0,0.0,0.0,0.0,268
2023-05-11 09:35:12,IO2403-P-4000,IO2403-P-4000,212.0,0.0,0.0,0.0,6,208.4,212.0,1,212.0,209.0,0.0,0.0,0.0,0.0,268
2023-05-11 09:35:18,IO2403-P-4000,IO2403-P-4000,212.0,0.0,0.0,0.0,21,208.2,212.0,1,212.0,209.0,0.0,0.0,0.0,0.0,268
2023-05-11 09:35:18,IO2403-P-4000,IO2403-P-4000,212.0,0.0,0.0,0.0,21,208.2,212.0,7,212.0,209.0,0.0,0.0,0.0,0.0,268
2023-05-11 09:35:19,IO2403-P-4000,IO2403-P-4000,212.0,0.0,0.0,0.0,12,208.2,211.8,6,212.0,209.0,0.0,0.0,0.0,0.0,268
2023-05-11 09:35:19,IO2403-P-4000,IO2403-P-4000,212.0,0.0,0.0,0.0,6,208.2,210.6,1,212.0,209.0,0.0,0.0,0.0,0.0,268
2023-05-11 09:35:21,IO2403-P-4000,IO2403-P-4000,212.0,0.0,0.0,0.0,12,208.2,210.6,1,212.0,209.0,0.0,0.0,0.0,0.0,268
2023-05-11 09:35:21,IO2403-P-4000,IO2403-P-4000,212.0,0.0,0.0,0.0,15,208.2,210.6,1,212.0,209.0,0.0,0.0,0.0,0.0,268
2023-05-11 09:35:22,IO2403-P-4000,IO2403-P-4000,212.0,0.0,0.0,0.0,6,208.4,211.2,1,212.0,209.0,0.0,0.0,0.0,0.0,268
2023-05-11 09:35:23,IO2403-P-4000,IO2403-P-4000,212.0,0.0,0.0,0.0,6,208.4,211.8,1,212.0,209.0,0.0,0.0,0.0,0.0,268
2023-05-11 09:35:28,IO2403-P-4000,IO2403-P-4000,212.0,0.0,0.0,0.0,6,208.4,212.6,13,212.0,209.0,0.0,0.0,0.0,0.0,268
2023-05-11 09:35:28,IO2403-P-4000,IO2403-P-4000,212.0,0.0,0.0,0.0,7,208.4,212.6,1,212.0,209.0,0.0,0.0,0.0,0.0,268
2023-05-11 09:35:29,IO2403-P-4000,IO2403-P-4000,212.0,0.0,0.0,0.0,6,208.6,212.8,4,212.0,209.0,0.0,0.0,0.0,0.0,268
2023-05-11 09:35:29,IO2403-P-4000,IO2403-P-4000,212.0,0.0,0.0,0.0,6,208.6,212.8,1,212.0,209.0,0.0,0.0,0.0,0.0,268
2023-05-11 09:35:33,IO2403-P-4000,IO2403-P-4000,212.0,0.0,0.0,0.0,6,208.4,212.8,1,212.0,209.0,0.0,0.0,0.0,0.0,268
2023-05-11 09:36:31,IO2403-P-4000,IO2403-P-4000,212.0,0.0,0.0,0.0,12,208.4,212.8,1,212.0,209.0,0.0,0.0,0.0,0.0,268
2023-05-11 09:36:32,IO2403-P-4000,IO2403-P-4000,212.0,0.0,0.0,0.0,6,208.6,212.8,1,212.0,209.0,0.0,0.0,0.0,0.0,268
2023-05-11 09:36:36,IO2403-P-4000,IO2403-P-4000,212.0,0.0,0.0,0.0,6,208.4,212.8,1,212.0,209.0,0.0,0.0,0.0,0.0,268
2023-05-11 09:36:44,IO2403-P-4000,IO2403-P-4000,212.0,0.0,0.0,0.0,6,208.4,212.6,6,212.0,209.0,0.0,0.0,0.0,0.0,268
2023-05-11 09:36:44,IO2403-P-4000,IO2403-P-4000,212.0,0.0,0.0,0.0,6,208.4,211.2,1,212.0,209.0,0.0,0.0,0.0,0.0,268
2023-05-11 09:36:46,IO2403-P-4000,IO2403-P-4000,212.0,0.0,0.0,0.0,6,208.4,211.8,1,212.0,209.0,0.0,0.0,0.0,0.0,268
2023-05-11 09:36:59,IO2403-P-4000,IO2403-P-4000,212.0,0.0,0.0,0.0,12,208.4,212.6,1,212.0,209.0,0.0,0.0,0.0,0.0,268
2023-05-11 09:36:59,IO2403-P-4000,IO2403-P-4000,212.0,0.0,0.0,0.0,6,208.6,212.6,1,212.0,209.0,0.0,0.0,0.0,0.0,268
2023-05-11 09:37:02,IO2403-P-4000,IO2403-P-4000,212.0,0.0,0.0,0.0,6,208.6,213.0,6,212.0,209.0,0.0,0.0,0.0,0.0,268
2023-05-11 09:37:03,IO2403-P-4000,IO2403-P-4000,212.0,0.0,0.0,0.0,6,208.6,213.0,1,212.0,209.0,0.0,0.0,0.0,0.0,268
2023-05-11 09:37:03,IO2403-P-4000,IO2403-P-4000,212.0,0.0,0.0,0.0,1,208.8,213.0,1,212.0,209.0,0.0,0.0,0.0,0.0,268
2023-05-11 09:37:04,IO2403-P-4000,IO2403-P-4000,212.0,0.0,0.0,0.0,6,209.0,213.0,1,212.0,209.0,0.0,0.0,0.0,0.0,268
2023-05-11 09:37:04,IO2403-P-4000,IO2403-P-4000,212.0,0.0,0.0,0.0,9,209.0,213.0,1,212.0,209.0,0.0,0.0,0.0,0.0,268
2023-05-11 09:37:05,IO2403-P-4000,IO2403-P-4000,212.0,0.0,0.0,0.0,6,209.2,213.0,1,212.0,209.0,0.0,0.0,0.0,0.0,268
2023-05-11 09:37:16,IO2403-P-4000,IO2403-P-4000,212.0,0.0,0.0,0.0,6,209.2,213.4,1,212.0,209.0,0.0,0.0,0.0,0.0,268
2023-05-11 09:37:17,IO2403-P-4000,IO2403-P-4000,212.0,0.0,0.0,0.0,12,209.2,213.4,1,212.0,209.0,0.0,0.0,0.0,0.0,268
2023-05-11 09:37:17,IO2403-P-4000,IO2403-P-4000,212.0,0.0,0.0,0.0,6,209.4,213.4,1,212.0,209.0,0.0,0.0,0.0,0.0,268
2023-05-11 09:37:18,IO2403-P-4000,IO2403-P-4000,212.0,0.0,0.0,0.0,12,209.4,213.4,1,212.0,209.0,0.0,0.0,0.0,0.0,268
2023-05-11 09:37:19,IO2403-P-4000,IO2403-P-4000,212.0,0.0,0.0,0.0,6,209.6,213.4,1,212.0,209.0,0.0,0.0,0.0,0.0,268
2023-05-11 09:37:19,IO2403-P-4000,IO2403-P-4000,212.0,0.0,0.0,0.0,9,209.6,212.8,1,212.0,209.0,0.0,0.0,0.0,0.0,268
2023-05-11 09:37:20,IO2403-P-4000,IO2403-P-4000,212.0,0.0,0.0,0.0,6,209.8,212.8,1,212.0,209.0,0.0,0.0,0.0,0.0,268
2023-05-11 09:37:20,IO2403-P-4000,IO2403-P-4000,212.0,0.0,0.0,0.0,6,209.6,212.8,1,212.0,209.0,0.0,0.0,0.0,0.0,268
2023-05-11 09:37:23,IO2403-P-4000,IO2403-P-4000,212.0,0.0,0.0,0.0,6,209.4,213.0,6,212.0,209.0,0.0,0.0,0.0,0.0,268
2023-05-11 09:37:23,IO2403-P-4000,IO2403-P-4000,212.0,0.0,0.0,0.0,1,209.8,213.2,6,212.0,209.0,0.0,0.0,0.0,0.0,268
2023-05-11 09:37:25,IO2403-P-4000,IO2403-P-4000,212.0,0.0,0.0,0.0,1,209.8,213.4,8,212.0,209.0,0.0,0.0,0.0,0.0,268
2023-05-11 09:37:25,IO2403-P-4000,IO2403-P-4000,212.0,0.0,0.0,0.0,1,209.8,213.4,7,212.0,209.0,0.0,0.0,0.0,0.0,268
2023-05-11 09:37:28,IO2403-P-4000,IO2403-P-4000,212.0,0.0,0.0,0.0,6,209.6,212.2,1,212.0,209.0,0.0,0.0,0.0,0.0,268
2023-05-11 09:37:33,IO2403-P-4000,IO2403-P-4000,212.0,0.0,0.0,0.0,6,209.6,212.8,1,212.0,209.0,0.0,0.0,0.0,0.0,268
2023-05-11 09:37:33,IO2403-P-4000,IO2403-P-4000,212.0,0.0,0.0,0.0,6,209.6,213.4,2,212.0,209.0,0.0,0.0,0.0,0.0,268
2023-05-11 09:37:36,IO2403-P-4000,IO2403-P-4000,212.0,0.0,0.0,0.0,6,209.6,212.8,1,212.0,209.0,0.0,0.0,0.0,0.0,268
2023-05-11 09:37:46,IO2403-P-4000,IO2403-P-4000,212.0,0.0,0.0,0.0,6,209.6,213.4,1,212.0,209.0,0.0,0.0,0.0,0.0,268
2023-05-11 09:37:50,IO2403-P-4000,IO2403-P-4000,212.0,0.0,0.0,0.0,15,209.4,213.2,6,212.0,209.0,0.0,0.0,0.0,0.0,268
2023-05-11 09:37:50,IO2403-P-4000,IO2403-P-4000,212.0,0.0,0.0,0.0,12,209.4,213.2,6,212.0,209.0,0.0,0.0,0.0,0.0,268
2023-05-11 09:37:52,IO2403-P-4000,IO2403-P-4000,212.0,0.0,0.0,0.0,12,209.4,212.2,1,212.0,209.0,0.0,0.0,0.0,0.0,268
2023-05-11 09:37:59,IO2403-P-4000,IO2403-P-4000,212.0,0.0,0.0,0.0,6,209.4,212.2,1,212.0,209.0,0.0,0.0,0.0,0.0,268
2023-05-11 09:38:05,IO2403-P-4000,IO2403-P-4000,212.0,0.0,0.0,0.0,18,209.0,212.2,1,212.0,209.0,0.0,0.0,0.0,0.0,268
2023-05-11 09:38:05,IO2403-P-4000,IO2403-P-4000,212.0,0.0,0.0,0.0,12,209.0,212.2,1,212.0,209.0,0.0,0.0,0.0,0.0,268
2023-05-11 09:38:06,IO2403-P-4000,IO2403-P-4000,212.0,0.0,0.0,0.0,18,208.8,212.2,1,212.0,209.0,0.0,0.0,0.0,0.0,268
2023-05-11 09:38:06,IO2403-P-4000,IO2403-P-4000,212.0,0.0,0.0,0.0,6,208.8,212.2,1,212.0,209.0,0.0,0.0,0.0,0.0,268
2023-05-11 09:38:07,IO2403-P-4000,IO2403-P-4000,212.0,0.0,0.0,0.0,6,208.6,212.2,1,212.0,209.0,0.0,0.0,0.0,0.0,268
2023-05-11 09:38:35,IO2403-P-4000,IO2403-P-4000,212.0,0.0,0.0,0.0,30,208.4,212.2,7,212.0,209.0,0.0,0.0,0.0,0.0,268
2023-05-11 09:38:35,IO2403-P-4000,IO2403-P-4000,212.0,0.0,0.0,0.0,12,208.4,212.2,7,212.0,209.0,0.0,0.0,0.0,0.0,268
2023-05-11 09:38:36,IO2403-P-4000,IO2403-P-4000,212.0,0.0,0.0,0.0,6,208.4,211.4,1,212.0,209.0,0.0,0.0,0.0,0.0,268
2023-05-11 09:38:44,IO2403-P-4000,IO2403-P-4000,212.0,0.0,0.0,0.0,12,208.2,211.4,1,212.0,209.0,0.0,0.0,0.0,0.0,268
2023-05-11 09:38:45,IO2403-P-4000,IO2403-P-4000,212.0,0.0,0.0,0.0,6,208.2,211.4,1,212.0,209.0,0.0,0.0,0.0,0.0,268
2023-05-11 09:38:51,IO2403-P-4000,IO2403-P-4000,212.0,0.0,0.0,0.0,6,208.2,211.4,7,212.0,209.0,0.0,0.0,0.0,0.0,268
2023-05-11 09:38:51,IO2403-P-4000,IO2403-P-4000,212.0,0.0,0.0,0.0,6,208.2,211.0,1,212.0,209.0,0.0,0.0,0.0,0.0,268
2023-05-11 09:38:58,IO2403-P-4000,IO2403-P-4000,212.0,0.0,0.0,0.0,6,208.2,211.0,7,212.0,209.0,0.0,0.0,0.0,0.0,268
2023-05-11 09:38:59,IO2403-P-4000,IO2403-P-4000,212.0,0.0,0.0,0.0,6,208.2,210.6,1,212.0,209.0,0.0,0.0,0.0,0.0,268
2023-05-11 09:39:10,IO2403-P-4000,IO2403-P-4000,212.0,0.0,0.0,0.0,6,208.2,210.6,7,212.0,209.0,0.0,0.0,0.0,0.0,268
2023-05-11 09:39:11,IO2403-P-4000,IO2403-P-4000,212.0,0.0,0.0,0.0,6,208.2,210.6,6,212.0,209.0,0.0,0.0,0.0,0.0,268
2023-05-11 09:39:11,IO2403-P-4000,IO2403-P-4000,212.0,0.0,0.0,0.0,6,208.2,211.2,6,212.0,209.0,0.0,0.0,0.0,0.0,268
2023-05-11 09:39:13,IO2403-P-4000,IO2403-P-4000,212.0,0.0,0.0,0.0,6,208.2,211.4,1,212.0,209.0,0.0,0.0,0.0,0.0,268
2023-05-11 09:39:15,IO2403-P-4000,IO2403-P-4000,212.0,0.0,0.0,0.0,6,208.2,211.8,7,212.0,209.0,0.0,0.0,0.0,0.0,268
2023-05-11 09:39:19,IO2403-P-4000,IO2403-P-4000,212.0,0.0,0.0,0.0,6,208.2,211.8,8,212.0,209.0,0.0,0.0,0.0,0.0,268
2023-05-11 09:39:22,IO2403-P-4000,IO2403-P-4000,212.0,0.0,0.0,0.0,6,208.2,211.6,1,212.0,209.0,0.0,0.0,0.0,0.0,268
2023-05-11 09:39:25,IO2403-P-4000,IO2403-P-4000,212.0,0.0,0.0,0.0,6,208.2,211.2,1,212.0,209.0,0.0,0.0,0.0,0.0,268
2023-05-11 09:39:27,IO2403-P-4000,IO2403-P-4000,212.0,0.0,0.0,0.0,6,208.2,211.2,7,212.0,209.0,0.0,0.0,0.0,0.0,268
2023-05-11 09:39:32,IO2403-P-4000,IO2403-P-4000,212.0,0.0,0.0,0.0,6,208.2,211.2,1,212.0,209.0,0.0,0.0,0.0,0.0,268
2023-05-11 09:39:44,IO2403-P-4000,IO2403-P-4000,212.0,0.0,0.0,0.0,6,208.2,211.2,7,212.0,209.0,0.0,0.0,0.0,0.0,268
2023-05-11 09:39:45,IO2403-P-4000,IO2403-P-4000,212.0,0.0,0.0,0.0,6,208.2,210.8,1,212.0,209.0,0.0,0.0,0.0,0.0,268
2023-05-11 09:40:01,IO2403-P-4000,IO2403-P-4000,212.0,0.0,0.0,0.0,6,208.2,210.8,7,212.0,209.0,0.0,0.0,0.0,0.0,268
2023-05-11 09:40:10,IO2403-P-4000,IO2403-P-4000,212.0,0.0,0.0,0.0,6,208.2,210.8,1,212.0,209.0,0.0,0.0,0.0,0.0,268
2023-05-11 09:40:13,IO2403-P-4000,IO2403-P-4000,212.0,0.0,0.0,0.0,6,208.2,211.2,6,212.0,209.0,0.0,0.0,0.0,0.0,268
2023-05-11 09:40:15,IO2403-P-4000,IO2403-P-4000,212.0,0.0,0.0,0.0,6,208.2,211.0,1,212.0,209.0,0.0,0.0,0.0,0.0,268
2023-05-11 09:40:16,IO2403-P-4000,IO2403-P-4000,212.0,0.0,0.0,0.0,6,208.2,210.8,6,212.0,209.0,0.0,0.0,0.0,0.0,268
2023-05-11 09:40:19,IO2403-P-4000,IO2403-P-4000,212.0,0.0,0.0,0.0,6,208.2,210.6,1,212.0,209.0,0.0,0.0,0.0,0.0,268
2023-05-11 09:40:30,IO2403-P-4000,IO2403-P-4000,212.0,0.0,0.0,0.0,6,208.2,210.8,6,212.0,209.0,0.0,0.0,0.0,0.0,268
2023-05-11 09:40:30,IO2403-P-4000,IO2403-P-4000,212.0,0.0,0.0,0.0,6,208.2,211.0,6,212.0,209.0,0.0,0.0,0.0,0.0,268
2023-05-11 09:40:38,IO2403-P-4000,IO2403-P-4000,212.0,0.0,0.0,0.0,6,208.2,211.2,14,212.0,209.0,0.0,0.0,0.0,0.0,268
2023-05-11 09:40:39,IO2403-P-4000,IO2403-P-4000,212.0,0.0,0.0,0.0,6,208.2,211.2,8,212.0,209.0,0.0,0.0,0.0,0.0,268
2023-05-11 09:40:59,IO2403-P-4000,IO2403-P-4000,212.0,0.0,0.0,0.0,6,208.2,211.2,7,212.0,209.0,0.0,0.0,0.0,0.0,268
2023-05-11 09:41:06,IO2403-P-4000,IO2403-P-4000,212.0,0.0,0.0,0.0,6,208.2,211.2,6,212.0,209.0,0.0,0.0,0.0,0.0,268
2023-05-11 09:41:07,IO2403-P-4000,IO2403-P-4000,212.0,0.0,0.0,0.0,6,208.2,211.4,6,212.0,209.0,0.0,0.0,0.0,0.0,268
2023-05-11 09:41:07,IO2403-P-4000,IO2403-P-4000,212.0,0.0,0.0,0.0,6,208.2,211.6,19,212.0,209.0,0.0,0.0,0.0,0.0,268
2023-05-11 09:41:08,IO2403-P-4000,IO2403-P-4000,212.0,0.0,0.0,0.0,6,208.2,211.6,6,212.0,209.0,0.0,0.0,0.0,0.0,268
2023-05-11 09:41:11,IO2403-P-4000,IO2403-P-4000,212.0,0.0,0.0,0.0,6,208.2,211.8,6,212.0,209.0,0.0,0.0,0.0,0.0,268
2023-05-11 09:41:18,IO2403-P-4000,IO2403-P-4000,212.0,0.0,0.0,0.0,6,208.2,211.8,7,212.0,209.0,0.0,0.0,0.0,0.0,268
2023-05-11 09:41:18,IO2403-P-4000,IO2403-P-4000,212.0,0.0,0.0,0.0,6,208.4,211.8,1,212.0,209.0,0.0,0.0,0.0,0.0,268
2023-05-11 09:41:30,IO2403-P-4000,IO2403-P-4000,212.0,0.0,0.0,0.0,6,208.2,211.8,7,212.0,209.0,0.0,0.0,0.0,0.0,268
2023-05-11 09:42:02,IO2403-P-4000,IO2403-P-4000,212.0,0.0,0.0,0.0,6,208.4,211.8,1,212.0,209.0,0.0,0.0,0.0,0.0,268
2023-05-11 09:42:06,IO2403-P-4000,IO2403-P-4000,212.0,0.0,0.0,0.0,6,208.2,211.8,7,212.0,209.0,0.0,0.0,0.0,0.0,268
2023-05-11 09:42:08,IO2403-P-4000,IO2403-P-4000,212.0,0.0,0.0,0.0,6,208.4,211.8,1,212.0,209.0,0.0,0.0,0.0,0.0,268
2023-05-11 09:42:14,IO2403-P-4000,IO2403-P-4000,212.0,0.0,0.0,0.0,9,208.4,211.8,1,212.0,209.0,0.0,0.0,0.0,0.0,268
2023-05-11 09:42:15,IO2403-P-4000,IO2403-P-4000,212.0,0.0,0.0,0.0,9,208.4,212.0,12,212.0,209.0,0.0,0.0,0.0,0.0,268
2023-05-11 09:42:16,IO2403-P-4000,IO2403-P-4000,212.0,0.0,0.0,0.0,1,208.6,212.2,6,212.0,209.0,0.0,0.0,0.0,0.0,268
2023-05-11 09:42:16,IO2403-P-4000,IO2403-P-4000,212.0,0.0,0.0,0.0,7,208.6,212.4,12,212.0,209.0,0.0,0.0,0.0,0.0,268
2023-05-11 09:42:17,IO2403-P-4000,IO2403-P-4000,212.0,0.0,0.0,0.0,6,208.8,212.6,8,212.0,209.0,0.0,0.0,0.0,0.0,268
2023-05-11 09:42:17,IO2403-P-4000,IO2403-P-4000,212.0,0.0,0.0,0.0,6,208.8,212.6,2,212.0,209.0,0.0,0.0,0.0,0.0,268
2023-05-11 09:42:20,IO2403-P-4000,IO2403-P-4000,212.0,0.0,0.0,0.0,1,208.6,212.4,6,212.0,209.0,0.0,0.0,0.0,0.0,268
2023-05-11 09:42:29,IO2403-P-4000,IO2403-P-4000,212.0,0.0,0.0,0.0,1,208.6,212.4,7,212.0,209.0,0.0,0.0,0.0,0.0,268
2023-05-11 09:42:30,IO2403-P-4000,IO2403-P-4000,212.0,0.0,0.0,0.0,1,208.6,212.2,6,212.0,209.0,0.0,0.0,0.0,0.0,268
2023-05-11 09:42:33,IO2403-P-4000,IO2403-P-4000,212.0,0.0,0.0,0.0,6,208.4,211.8,1,212.0,209.0,0.0,0.0,0.0,0.0,268
2023-05-11 09:42:43,IO2403-P-4000,IO2403-P-4000,212.0,0.0,0.0,0.0,6,208.4,212.4,7,212.0,209.0,0.0,0.0,0.0,0.0,268
2023-05-11 09:42:43,IO2403-P-4000,IO2403-P-4000,212.0,0.0,0.0,0.0,6,208.4,212.4,6,212.0,209.0,0.0,0.0,0.0,0.0,268
2023-05-11 09:42:45,IO2403-P-4000,IO2403-P-4000,212.0,0.0,0.0,0.0,1,208.8,212.4,6,212.0,209.0,0.0,0.0,0.0,0.0,268
2023-05-11 09:42:47,IO2403-P-4000,IO2403-P-4000,212.0,0.0,0.0,0.0,6,209.0,212.6,6,212.0,209.0,0.0,0.0,0.0,0.0,268
2023-05-11 09:42:48,IO2403-P-4000,IO2403-P-4000,212.0,0.0,0.0,0.0,6,209.0,212.8,19,212.0,209.0,0.0,0.0,0.0,0.0,268
2023-05-11 09:42:48,IO2403-P-4000,IO2403-P-4000,212.0,0.0,0.0,0.0,6,209.0,212.8,7,212.0,209.0,0.0,0.0,0.0,0.0,268
2023-05-11 09:43:01,IO2403-P-4000,IO2403-P-4000,212.0,0.0,0.0,0.0,6,209.0,212.8,1,212.0,209.0,0.0,0.0,0.0,0.0,268
2023-05-11 09:43:05,IO2403-P-4000,IO2403-P-4000,212.0,0.0,0.0,0.0,6,209.0,212.8,7,212.0,209.0,0.0,0.0,0.0,0.0,268
2023-05-11 09:43:07,IO2403-P-4000,IO2403-P-4000,212.0,0.0,0.0,0.0,6,209.0,212.6,1,212.0,209.0,0.0,0.0,0.0,0.0,268
2023-05-11 09:43:08,IO2403-P-4000,IO2403-P-4000,212.0,0.0,0.0,0.0,6,209.0,212.8,6,212.0,209.0,0.0,0.0,0.0,0.0,268
2023-05-11 09:43:09,IO2403-P-4000,IO2403-P-4000,212.0,0.0,0.0,0.0,1,208.8,212.8,6,212.0,209.0,0.0,0.0,0.0,0.0,268
2023-05-11 09:43:13,IO2403-P-4000,IO2403-P-4000,212.0,0.0,0.0,0.0,6,209.0,213.0,8,212.0,209.0,0.0,0.0,0.0,0.0,268
2023-05-11 09:43:18,IO2403-P-4000,IO2403-P-4000,212.0,0.0,0.0,0.0,6,209.0,212.8,1,212.0,209.0,0.0,0.0,0.0,0.0,268
2023-05-11 09:43:26,IO2403-P-4000,IO2403-P-4000,212.0,0.0,0.0,0.0,1,208.8,212.6,6,212.0,209.0,0.0,0.0,0.0,0.0,268
2023-05-11 09:43:34,IO2403-P-4000,IO2403-P-4000,212.0,0.0,0.0,0.0,1,208.8,212.6,7,212.0,209.0,0.0,0.0,0.0,0.0,268
2023-05-11 09:43:35,IO2403-P-4000,IO2403-P-4000,212.0,0.0,0.0,0.0,1,208.8,212.4,6,212.0,209.0,0.0,0.0,0.0,0.0,268
2023-05-11 09:43:44,IO2403-P-4000,IO2403-P-4000,212.0,0.0,0.0,0.0,1,208.8,212.4,7,212.0,209.0,0.0,0.0,0.0,0.0,268
2023-05-11 09:43:54,IO2403-P-4000,IO2403-P-4000,212.0,0.0,0.0,0.0,1,208.8,212.2,1,212.0,209.0,0.0,0.0,0.0,0.0,268
2023-05-11 09:44:21,IO2403-P-4000,IO2403-P-4000,212.0,0.0,0.0,0.0,1,208.8,212.0,6,212.0,209.0,0.0,0.0,0.0,0.0,268
2023-05-11 09:44:23,IO2403-P-4000,IO2403-P-4000,212.0,0.0,0.0,0.0,27,208.2,212.0,7,212.0,209.0,0.0,0.0,0.0,0.0,268
2023-05-11 09:44:23,IO2403-P-4000,IO2403-P-4000,212.0,0.0,0.0,0.0,12,208.2,211.8,6,212.0,209.0,0.0,0.0,0.0,0.0,268
2023-05-11 09:44:24,IO2403-P-4000,IO2403-P-4000,212.0,0.0,0.0,0.0,6,208.2,211.8,6,212.0,209.0,0.0,0.0,0.0,0.0,268
2023-05-11 09:44:24,IO2403-P-4000,IO2403-P-4000,212.0,0.0,0.0,0.0,6,208.2,212.2,6,212.0,209.0,0.0,0.0,0.0,0.0,268
2023-05-11 09:44:29,IO2403-P-4000,IO2403-P-4000,212.0,0.0,0.0,0.0,6,208.4,212.4,1,212.0,209.0,0.0,0.0,0.0,0.0,268
2023-05-11 09:44:30,IO2403-P-4000,IO2403-P-4000,212.0,0.0,0.0,0.0,9,208.4,212.4,1,212.0,209.0,0.0,0.0,0.0,0.0,268
2023-05-11 09:44:30,IO2403-P-4000,IO2403-P-4000,212.0,0.0,0.0,0.0,7,208.6,212.4,7,212.0,209.0,0.0,0.0,0.0,0.0,268
2023-05-11 09:44:35,IO2403-P-4000,IO2403-P-4000,212.0,0.0,0.0,0.0,7,208.6,212.2,1,212.0,209.0,0.0,0.0,0.0,0.0,268
2023-05-11 09:44:42,IO2403-P-4000,IO2403-P-4000,212.0,0.0,0.0,0.0,7,208.6,212.4,6,212.0,209.0,0.0,0.0,0.0,0.0,268
2023-05-11 09:44:58,IO2403-P-4000,IO2403-P-4000,212.0,0.0,0.0,0.0,1,208.6,212.4,6,212.0,209.0,0.0,0.0,0.0,0.0,268
2023-05-11 09:45:01,IO2403-P-4000,IO2403-P-4000,212.0,0.0,0.0,0.0,6,208.2,212.4,6,212.0,209.0,0.0,0.0,0.0,0.0,268
2023-05-11 09:45:02,IO2403-P-4000,IO2403-P-4000,212.0,0.0,0.0,0.0,6,208.2,212.4,7,212.0,209.0,0.0,0.0,0.0,0.0,268
2023-05-11 09:45:03,IO2403-P-4000,IO2403-P-4000,212.0,0.0,0.0,0.0,6,208.2,212.2,6,212.0,209.0,0.0,0.0,0.0,0.0,268
2023-05-11 09:45:07,IO2403-P-4000,IO2403-P-4000,212.0,0.0,0.0,0.0,6,208.2,212.2,7,212.0,209.0,0.0,0.0,0.0,0.0,268
2023-05-11 09:45:07,IO2403-P-4000,IO2403-P-4000,212.0,0.0,0.0,0.0,6,208.2,212.0,6,212.0,209.0,0.0,0.0,0.0,0.0,268
2023-05-11 09:45:09,IO2403-P-4000,IO2403-P-4000,212.0,0.0,0.0,0.0,6,208.2,211.8,1,212.0,209.0,0.0,0.0,0.0,0.0,268
2023-05-11 09:45:10,IO2403-P-4000,IO2403-P-4000,212.0,0.0,0.0,0.0,6,208.2,211.6,6,212.0,209.0,0.0,0.0,0.0,0.0,268
2023-05-11 09:45:52,IO2403-P-4000,IO2403-P-4000,212.0,0.0,0.0,0.0,24,207.6,211.6,6,212.0,209.0,0.0,0.0,0.0,0.0,268
2023-05-11 09:45:52,IO2403-P-4000,IO2403-P-4000,212.0,0.0,0.0,0.0,6,207.6,211.6,12,212.0,209.0,0.0,0.0,0.0,0.0,268
2023-05-11 09:45:53,IO2403-P-4000,IO2403-P-4000,212.0,0.0,0.0,0.0,24,207.2,211.4,6,212.0,209.0,0.0,0.0,0.0,0.0,268
2023-05-11 09:45:53,IO2403-P-4000,IO2403-P-4000,212.0,0.0,0.0,0.0,6,207.2,211.4,9,212.0,209.0,0.0,0.0,0.0,0.0,268
2023-05-11 09:45:54,IO2403-P-4000,IO2403-P-4000,212.0,0.0,0.0,0.0,6,207.0,211.2,6,212.0,209.0,0.0,0.0,0.0,0.0,268
2023-05-11 09:45:56,IO2403-P-4000,IO2403-P-4000,212.0,0.0,0.0,0.0,9,207.0,211.2,6,212.0,209.0,0.0,0.0,0.0,0.0,268
2023-05-11 09:45:57,IO2403-P-4000,IO2403-P-4000,212.0,0.0,0.0,0.0,6,207.0,211.2,6,212.0,209.0,0.0,0.0,0.0,0.0,268
2023-05-11 09:45:58,IO2403-P-4000,IO2403-P-4000,212.0,0.0,0.0,0.0,6,207.0,211.2,7,212.0,209.0,0.0,0.0,0.0,0.0,268
2023-05-11 09:45:58,IO2403-P-4000,IO2403-P-4000,212.0,0.0,0.0,0.0,6,207.0,211.0,6,212.0,209.0,0.0,0.0,0.0,0.0,268
2023-05-11 09:46:01,IO2403-P-4000,IO2403-P-4000,212.0,0.0,0.0,0.0,6,207.0,211.2,6,212.0,209.0,0.0,0.0,0.0,0.0,268
2023-05-11 09:46:03,IO2403-P-4000,IO2403-P-4000,212.0,0.0,0.0,0.0,8,207.0,211.2,6,212.0,209.0,0.0,0.0,0.0,0.0,268
2023-05-11 09:46:04,IO2403-P-4000,IO2403-P-4000,212.0,0.0,0.0,0.0,6,207.0,211.2,6,212.0,209.0,0.0,0.0,0.0,0.0,268
2023-05-11 09:46:05,IO2403-P-4000,IO2403-P-4000,212.0,0.0,0.0,0.0,8,207.0,211.2,6,212.0,209.0,0.0,0.0,0.0,0.0,268
2023-05-11 09:46:06,IO2403-P-4000,IO2403-P-4000,212.0,0.0,0.0,0.0,6,207.0,211.2,6,212.0,209.0,0.0,0.0,0.0,0.0,268
2023-05-11 09:46:07,IO2403-P-4000,IO2403-P-4000,212.0,0.0,0.0,0.0,8,207.0,211.2,6,212.0,209.0,0.0,0.0,0.0,0.0,268
2023-05-11 09:46:08,IO2403-P-4000,IO2403-P-4000,212.0,0.0,0.0,0.0,8,207.0,211.4,6,212.0,209.0,0.0,0.0,0.0,0.0,268
2023-05-11 09:46:09,IO2403-P-4000,IO2403-P-4000,212.0,0.0,0.0,0.0,8,207.0,211.6,6,212.0,209.0,0.0,0.0,0.0,0.0,268
2023-05-11 09:46:10,IO2403-P-4000,IO2403-P-4000,212.0,0.0,0.0,0.0,6,207.0,211.6,6,212.0,209.0,0.0,0.0,0.0,0.0,268
2023-05-11 09:46:14,IO2403-P-4000,IO2403-P-4000,212.0,0.0,0.0,0.0,6,207.0,211.6,9,212.0,209.0,0.0,0.0,0.0,0.0,268
2023-05-11 09:46:15,IO2403-P-4000,IO2403-P-4000,212.0,0.0,0.0,0.0,6,207.0,211.4,6,212.0,209.0,0.0,0.0,0.0,0.0,268
2023-05-11 09:46:19,IO2403-P-4000,IO2403-P-4000,212.0,0.0,0.0,0.0,6,207.0,211.4,7,212.0,209.0,0.0,0.0,0.0,0.0,268
2023-05-11 09:46:19,IO2403-P-4000,IO2403-P-4000,212.0,0.0,0.0,0.0,6,207.0,211.2,6,212.0,209.0,0.0,0.0,0.0,0.0,268
2023-05-11 09:46:39,IO2403-P-4000,IO2403-P-4000,212.0,0.0,0.0,0.0,6,207.0,211.2,7,212.0,209.0,0.0,0.0,0.0,0.0,268
2023-05-11 09:46:39,IO2403-P-4000,IO2403-P-4000,212.0,0.0,0.0,0.0,6,207.0,211.0,6,212.0,209.0,0.0,0.0,0.0,0.0,268
2023-05-11 09:46:40,IO2403-P-4000,IO2403-P-4000,212.0,0.0,0.0,0.0,6,207.0,211.0,9,212.0,209.0,0.0,0.0,0.0,0.0,268
2023-05-11 09:46:40,IO2403-P-4000,IO2403-P-4000,212.0,0.0,0.0,0.0,6,207.0,210.8,6,212.0,209.0,0.0,0.0,0.0,0.0,268
2023-05-11 09:46:52,IO2403-P-4000,IO2403-P-4000,212.0,0.0,0.0,0.0,6,207.0,211.0,6,212.0,209.0,0.0,0.0,0.0,0.0,268
2023-05-11 09:46:54,IO2403-P-4000,IO2403-P-4000,212.0,0.0,0.0,0.0,6,207.0,211.6,6,212.0,209.0,0.0,0.0,0.0,0.0,268
2023-05-11 09:46:58,IO2403-P-4000,IO2403-P-4000,212.0,0.0,0.0,0.0,6,207.0,211.6,7,212.0,209.0,0.0,0.0,0.0,0.0,268
2023-05-11 09:46:58,IO2403-P-4000,IO2403-P-4000,212.0,0.0,0.0,0.0,6,207.0,211.4,6,212.0,209.0,0.0,0.0,0.0,0.0,268
2023-05-11 09:47:04,IO2403-P-4000,IO2403-P-4000,212.0,0.0,0.0,0.0,8,207.0,211.4,6,212.0,209.0,0.0,0.0,0.0,0.0,268
2023-05-11 09:47:05,IO2403-P-4000,IO2403-P-4000,212.0,0.0,0.0,0.0,6,207.0,211.4,6,212.0,209.0,0.0,0.0,0.0,0.0,268
2023-05-11 09:47:08,IO2403-P-4000,IO2403-P-4000,212.0,0.0,0.0,0.0,6,207.0,211.4,7,212.0,209.0,0.0,0.0,0.0,0.0,268
2023-05-11 09:47:08,IO2403-P-4000,IO2403-P-4000,212.0,0.0,0.0,0.0,6,207.0,211.2,6,212.0,209.0,0.0,0.0,0.0,0.0,268
2023-05-11 09:47:23,IO2403-P-4000,IO2403-P-4000,212.0,0.0,0.0,0.0,6,207.0,211.2,7,212.0,209.0,0.0,0.0,0.0,0.0,268
2023-05-11 09:47:23,IO2403-P-4000,IO2403-P-4000,212.0,0.0,0.0,0.0,6,207.0,211.0,6,212.0,209.0,0.0,0.0,0.0,0.0,268
2023-05-11 09:47:43,IO2403-P-4000,IO2403-P-4000,212.0,0.0,0.0,0.0,6,207.0,211.0,7,212.0,209.0,0.0,0.0,0.0,0.0,268
2023-05-11 09:47:43,IO2403-P-4000,IO2403-P-4000,212.0,0.0,0.0,0.0,6,207.0,210.8,6,212.0,209.0,0.0,0.0,0.0,0.0,268
2023-05-11 09:47:49,IO2403-P-4000,IO2403-P-4000,212.0,0.0,0.0,0.0,6,207.0,210.8,7,212.0,209.0,0.0,0.0,0.0,0.0,268
2023-05-11 09:47:49,IO2403-P-4000,IO2403-P-4000,212.0,0.0,0.0,0.0,6,207.0,210.6,6,212.0,209.0,0.0,0.0,0.0,0.0,268
2023-05-11 09:48:02,IO2403-P-4000,IO2403-P-4000,212.0,0.0,0.0,0.0,6,207.0,210.6,7,212.0,209.0,0.0,0.0,0.0,0.0,268
2023-05-11 09:48:02,IO2403-P-4000,IO2403-P-4000,212.0,0.0,0.0,0.0,6,207.0,210.4,6,212.0,209.0,0.0,0.0,0.0,0.0,268
2023-05-11 09:48:03,IO2403-P-4000,IO2403-P-4000,212.0,0.0,0.0,0.0,6,207.0,210.8,6,212.0,209.0,0.0,0.0,0.0,0.0,268
2023-05-11 09:48:21,IO2403-P-4000,IO2403-P-4000,212.0,0.0,0.0,0.0,6,207.0,210.8,7,212.0,209.0,0.0,0.0,0.0,0.0,268
2023-05-11 09:48:21,IO2403-P-4000,IO2403-P-4000,212.0,0.0,0.0,0.0,12,207.0,210.8,7,212.0,209.0,0.0,0.0,0.0,0.0,268
2023-05-11 09:48:36,IO2403-P-4000,IO2403-P-4000,212.0,0.0,0.0,0.0,12,207.0,210.6,1,212.0,209.0,0.0,0.0,0.0,0.0,268
2023-05-11 09:48:38,IO2403-P-4000,IO2403-P-4000,212.0,0.0,0.0,0.0,6,207.0,210.4,6,212.0,209.0,0.0,0.0,0.0,0.0,268
2023-05-11 09:48:40,IO2403-P-4000,IO2403-P-4000,212.0,0.0,0.0,0.0,6,207.0,210.6,7,212.0,209.0,0.0,0.0,0.0,0.0,268
2023-05-11 09:48:40,IO2403-P-4000,IO2403-P-4000,212.0,0.0,0.0,0.0,6,207.0,210.6,6,212.0,209.0,0.0,0.0,0.0,0.0,268
2023-05-11 09:48:41,IO2403-P-4000,IO2403-P-4000,212.0,0.0,0.0,0.0,6,207.0,210.8,6,212.0,209.0,0.0,0.0,0.0,0.0,268
2023-05-11 09:49:00,IO2403-P-4000,IO2403-P-4000,212.0,0.0,0.0,0.0,6,207.0,210.8,7,212.0,209.0,0.0,0.0,0.0,0.0,268
2023-05-11 09:49:01,IO2403-P-4000,IO2403-P-4000,212.0,0.0,0.0,0.0,6,207.0,210.6,6,212.0,209.0,0.0,0.0,0.0,0.0,268
2023-05-11 09:49:05,IO2403-P-4000,IO2403-P-4000,212.0,0.0,0.0,0.0,6,207.2,211.0,6,212.0,209.0,0.0,0.0,0.0,0.0,268
2023-05-11 09:49:06,IO2403-P-4000,IO2403-P-4000,212.0,0.0,0.0,0.0,12,207.0,211.0,6,212.0,209.0,0.0,0.0,0.0,0.0,268
2023-05-11 09:49:06,IO2403-P-4000,IO2403-P-4000,212.0,0.0,0.0,0.0,6,207.0,211.4,6,212.0,209.0,0.0,0.0,0.0,0.0,268
2023-05-11 09:49:11,IO2403-P-4000,IO2403-P-4000,212.0,0.0,0.0,0.0,6,207.0,211.4,7,212.0,209.0,0.0,0.0,0.0,0.0,268
2023-05-11 09:49:11,IO2403-P-4000,IO2403-P-4000,212.0,0.0,0.0,0.0,6,207.0,211.2,6,212.0,209.0,0.0,0.0,0.0,0.0,268
2023-05-11 09:49:19,IO2403-P-4000,IO2403-P-4000,212.0,0.0,0.0,0.0,6,207.2,211.4,1,212.0,209.0,0.0,0.0,0.0,0.0,268
2023-05-11 09:49:21,IO2403-P-4000,IO2403-P-4000,212.0,0.0,0.0,0.0,6,207.2,211.2,1,212.0,209.0,0.0,0.0,0.0,0.0,268
2023-05-11 09:49:31,IO2403-P-4000,IO2403-P-4000,212.0,0.0,0.0,0.0,6,207.2,211.6,1,212.0,209.0,0.0,0.0,0.0,0.0,268
2023-05-11 09:49:35,IO2403-P-4000,IO2403-P-4000,212.0,0.0,0.0,0.0,6,207.2,211.8,22,212.0,209.0,0.0,0.0,0.0,0.0,268
2023-05-11 09:49:35,IO2403-P-4000,IO2403-P-4000,212.0,0.0,0.0,0.0,6,207.2,211.8,7,212.0,209.0,0.0,0.0,0.0,0.0,268
2023-05-11 09:49:45,IO2403-P-4000,IO2403-P-4000,212.0,0.0,0.0,0.0,6,207.2,211.8,8,212.0,209.0,0.0,0.0,0.0,0.0,268
2023-05-11 09:49:54,IO2403-P-4000,IO2403-P-4000,212.0,0.0,0.0,0.0,18,207.0,211.6,6,212.0,209.0,0.0,0.0,0.0,0.0,268
2023-05-11 09:49:56,IO2403-P-4000,IO2403-P-4000,212.0,0.0,0.0,0.0,12,207.0,211.6,6,212.0,209.0,0.0,0.0,0.0,0.0,268
2023-05-11 09:49:56,IO2403-P-4000,IO2403-P-4000,212.0,0.0,0.0,0.0,6,207.0,211.6,6,212.0,209.0,0.0,0.0,0.0,0.0,268
2023-05-11 09:50:01,IO2403-P-4000,IO2403-P-4000,212.0,0.0,0.0,0.0,6,207.0,211.6,7,212.0,209.0,0.0,0.0,0.0,0.0,268
2023-05-11 09:50:01,IO2403-P-4000,IO2403-P-4000,212.0,0.0,0.0,0.0,6,207.0,211.4,6,212.0,209.0,0.0,0.0,0.0,0.0,268
2023-05-11 09:50:02,IO2403-P-4000,IO2403-P-4000,212.0,0.0,0.0,0.0,6,207.0,211.4,9,212.0,209.0,0.0,0.0,0.0,0.0,268
2023-05-11 09:50:02,IO2403-P-4000,IO2403-P-4000,212.0,0.0,0.0,0.0,6,207.0,211.2,6,212.0,209.0,0.0,0.0,0.0,0.0,268
2023-05-11 09:50:03,IO2403-P-4000,IO2403-P-4000,212.0,0.0,0.0,0.0,6,207.2,211.8,13,212.0,209.0,0.0,0.0,0.0,0.0,268
2023-05-11 09:50:04,IO2403-P-4000,IO2403-P-4000,212.0,0.0,0.0,0.0,6,207.2,211.8,7,212.0,209.0,0.0,0.0,0.0,0.0,268
2023-05-11 09:50:12,IO2403-P-4000,IO2403-P-4000,212.0,0.0,0.0,0.0,6,207.0,211.6,6,212.0,209.0,0.0,0.0,0.0,0.0,268
2023-05-11 09:50:47,IO2403-P-4000,IO2403-P-4000,212.0,0.0,0.0,0.0,6,207.0,211.6,7,212.0,209.0,0.0,0.0,0.0,0.0,268
2023-05-11 09:50:47,IO2403-P-4000,IO2403-P-4000,212.0,0.0,0.0,0.0,6,207.0,211.4,6,212.0,209.0,0.0,0.0,0.0,0.0,268
2023-05-11 09:50:48,IO2403-P-4000,IO2403-P-4000,212.0,0.0,0.0,0.0,6,207.0,211.4,9,212.0,209.0,0.0,0.0,0.0,0.0,268
2023-05-11 09:50:48,IO2403-P-4000,IO2403-P-4000,212.0,0.0,0.0,0.0,6,207.0,211.2,6,212.0,209.0,0.0,0.0,0.0,0.0,268
2023-05-11 09:50:52,IO2403-P-4000,IO2403-P-4000,212.0,0.0,0.0,0.0,6,207.0,211.2,7,212.0,209.0,0.0,0.0,0.0,0.0,268
2023-05-11 09:50:53,IO2403-P-4000,IO2403-P-4000,212.0,0.0,0.0,0.0,6,207.0,211.0,6,212.0,209.0,0.0,0.0,0.0,0.0,268
2023-05-11 09:51:00,IO2403-P-4000,IO2403-P-4000,212.0,0.0,0.0,0.0,6,207.0,211.2,6,212.0,209.0,0.0,0.0,0.0,0.0,268
2023-05-11 09:51:20,IO2403-P-4000,IO2403-P-4000,212.0,0.0,0.0,0.0,8,207.0,211.2,6,212.0,209.0,0.0,0.0,0.0,0.0,268
2023-05-11 09:51:21,IO2403-P-4000,IO2403-P-4000,212.0,0.0,0.0,0.0,6,207.0,211.2,6,212.0,209.0,0.0,0.0,0.0,0.0,268
2023-05-11 09:52:50,IO2403-P-4000,IO2403-P-4000,212.0,0.0,0.0,0.0,6,207.0,211.2,7,212.0,209.0,0.0,0.0,0.0,0.0,268
2023-05-11 09:52:50,IO2403-P-4000,IO2403-P-4000,212.0,0.0,0.0,0.0,6,207.0,211.0,6,212.0,209.0,0.0,0.0,0.0,0.0,268
2023-05-11 09:52:53,IO2403-P-4000,IO2403-P-4000,212.0,0.0,0.0,0.0,6,207.0,211.2,6,212.0,209.0,0.0,0.0,0.0,0.0,268
2023-05-11 09:53:39,IO2403-P-4000,IO2403-P-4000,212.0,0.0,0.0,0.0,6,207.0,211.2,7,212.0,209.0,0.0,0.0,0.0,0.0,268
2023-05-11 09:53:39,IO2403-P-4000,IO2403-P-4000,212.0,0.0,0.0,0.0,6,207.0,211.0,6,212.0,209.0,0.0,0.0,0.0,0.0,268
2023-05-11 09:53:42,IO2403-P-4000,IO2403-P-4000,212.0,0.0,0.0,0.0,9,207.0,211.2,6,212.0,209.0,0.0,0.0,0.0,0.0,268
2023-05-11 09:53:43,IO2403-P-4000,IO2403-P-4000,212.0,0.0,0.0,0.0,6,207.0,211.2,6,212.0,209.0,0.0,0.0,0.0,0.0,268
2023-05-11 09:54:13,IO2403-P-4000,IO2403-P-4000,212.0,0.0,0.0,0.0,6,207.0,211.4,6,212.0,209.0,0.0,0.0,0.0,0.0,268
2023-05-11 09:54:36,IO2403-P-4000,IO2403-P-4000,212.0,0.0,0.0,0.0,6,207.0,211.4,9,212.0,209.0,0.0,0.0,0.0,0.0,268
2023-05-11 09:54:36,IO2403-P-4000,IO2403-P-4000,212.0,0.0,0.0,0.0,6,207.0,211.2,6,212.0,209.0,0.0,0.0,0.0,0.0,268
2023-05-11 09:54:37,IO2403-P-4000,IO2403-P-4000,212.0,0.0,0.0,0.0,6,207.0,211.4,6,212.0,209.0,0.0,0.0,0.0,0.0,268
2023-05-11 09:54:37,IO2403-P-4000,IO2403-P-4000,212.0,0.0,0.0,0.0,6,207.0,211.4,9,212.0,209.0,0.0,0.0,0.0,0.0,268
2023-05-11 09:54:38,IO2403-P-4000,IO2403-P-4000,212.0,0.0,0.0,0.0,6,207.0,211.2,6,212.0,209.0,0.0,0.0,0.0,0.0,268
2023-05-11 09:55:14,IO2403-P-4000,IO2403-P-4000,212.0,0.0,0.0,0.0,6,207.0,211.2,7,212.0,209.0,0.0,0.0,0.0,0.0,268
2023-05-11 09:55:15,IO2403-P-4000,IO2403-P-4000,212.0,0.0,0.0,0.0,6,207.0,211.0,6,212.0,209.0,0.0,0.0,0.0,0.0,268
2023-05-11 09:55:15,IO2403-P-4000,IO2403-P-4000,212.0,0.0,0.0,0.0,6,207.0,211.0,8,212.0,209.0,0.0,0.0,0.0,0.0,268
2023-05-11 09:55:16,IO2403-P-4000,IO2403-P-4000,212.0,0.0,0.0,0.0,6,207.0,210.8,6,212.0,209.0,0.0,0.0,0.0,0.0,268
2023-05-11 09:55:16,IO2403-P-4000,IO2403-P-4000,212.0,0.0,0.0,0.0,6,207.0,210.8,9,212.0,209.0,0.0,0.0,0.0,0.0,268
2023-05-11 09:55:17,IO2403-P-4000,IO2403-P-4000,212.0,0.0,0.0,0.0,6,207.0,210.6,6,212.0,209.0,0.0,0.0,0.0,0.0,268
2023-05-11 09:55:27,IO2403-P-4000,IO2403-P-4000,212.0,0.0,0.0,0.0,6,207.0,210.8,6,212.0,209.0,0.0,0.0,0.0,0.0,268
2023-05-11 09:56:15,IO2403-P-4000,IO2403-P-4000,212.0,0.0,0.0,0.0,6,207.0,210.8,7,212.0,209.0,0.0,0.0,0.0,0.0,268
2023-05-11 09:56:16,IO2403-P-4000,IO2403-P-4000,212.0,0.0,0.0,0.0,6,207.0,210.6,6,212.0,209.0,0.0,0.0,0.0,0.0,268
2023-05-11 09:56:20,IO2403-P-4000,IO2403-P-4000,212.0,0.0,0.0,0.0,6,207.0,210.6,7,212.0,209.0,0.0,0.0,0.0,0.0,268
2023-05-11 09:56:21,IO2403-P-4000,IO2403-P-4000,212.0,0.0,0.0,0.0,6,207.0,210.4,6,212.0,209.0,0.0,0.0,0.0,0.0,268
2023-05-11 09:56:30,IO2403-P-4000,IO2403-P-4000,212.0,0.0,0.0,0.0,6,207.0,210.4,7,212.0,209.0,0.0,0.0,0.0,0.0,268
2023-05-11 09:56:31,IO2403-P-4000,IO2403-P-4000,212.0,0.0,0.0,0.0,6,207.0,210.2,6,212.0,209.0,0.0,0.0,0.0,0.0,268
2023-05-11 09:56:32,IO2403-P-4000,IO2403-P-4000,212.0,0.0,0.0,0.0,21,206.2,210.2,6,212.0,209.0,0.0,0.0,0.0,0.0,268
2023-05-11 09:56:32,IO2403-P-4000,IO2403-P-4000,212.0,0.0,0.0,0.0,9,206.2,210.2,6,212.0,209.0,0.0,0.0,0.0,0.0,268
2023-05-11 09:56:33,IO2403-P-4000,IO2403-P-4000,212.0,0.0,0.0,0.0,18,205.8,210.2,6,212.0,209.0,0.0,0.0,0.0,0.0,268
2023-05-11 09:56:33,IO2403-P-4000,IO2403-P-4000,212.0,0.0,0.0,0.0,12,205.8,210.2,6,212.0,209.0,0.0,0.0,0.0,0.0,268
2023-05-11 09:56:34,IO2403-P-4000,IO2403-P-4000,212.0,0.0,0.0,0.0,9,205.8,210.2,6,212.0,209.0,0.0,0.0,0.0,0.0,268
2023-05-11 09:56:40,IO2403-P-4000,IO2403-P-4000,212.0,0.0,0.0,0.0,6,205.8,210.2,6,212.0,209.0,0.0,0.0,0.0,0.0,268
2023-05-11 09:56:41,IO2403-P-4000,IO2403-P-4000,212.0,0.0,0.0,0.0,6,205.8,210.2,9,212.0,209.0,0.0,0.0,0.0,0.0,268
2023-05-11 09:56:41,IO2403-P-4000,IO2403-P-4000,212.0,0.0,0.0,0.0,6,205.8,210.0,6,212.0,209.0,0.0,0.0,0.0,0.0,268
2023-05-11 09:57:02,IO2403-P-4000,IO2403-P-4000,212.0,0.0,0.0,0.0,6,205.8,210.0,7,212.0,209.0,0.0,0.0,0.0,0.0,268
2023-05-11 09:57:03,IO2403-P-4000,IO2403-P-4000,212.0,0.0,0.0,0.0,6,205.8,209.8,6,212.0,209.0,0.0,0.0,0.0,0.0,268
2023-05-11 09:57:17,IO2403-P-4000,IO2403-P-4000,212.0,0.0,0.0,0.0,18,205.6,209.8,6,212.0,209.0,0.0,0.0,0.0,0.0,268
2023-05-11 09:57:17,IO2403-P-4000,IO2403-P-4000,212.0,0.0,0.0,0.0,6,205.6,209.8,6,212.0,209.0,0.0,0.0,0.0,0.0,268
2023-05-11 09:57:18,IO2403-P-4000,IO2403-P-4000,212.0,0.0,0.0,0.0,18,205.4,209.8,6,212.0,209.0,0.0,0.0,0.0,0.0,268
2023-05-11 09:57:18,IO2403-P-4000,IO2403-P-4000,212.0,0.0,0.0,0.0,6,205.4,209.8,6,212.0,209.0,0.0,0.0,0.0,0.0,268
2023-05-11 09:57:19,IO2403-P-4000,IO2403-P-4000,212.0,0.0,0.0,0.0,18,205.2,209.8,6,212.0,209.0,0.0,0.0,0.0,0.0,268
2023-05-11 09:57:19,IO2403-P-4000,IO2403-P-4000,212.0,0.0,0.0,0.0,6,205.2,209.8,6,212.0,209.0,0.0,0.0,0.0,0.0,268
2023-05-11 09:57:20,IO2403-P-4000,IO2403-P-4000,212.0,0.0,0.0,0.0,18,205.0,209.8,6,212.0,209.0,0.0,0.0,0.0,0.0,268
2023-05-11 09:57:20,IO2403-P-4000,IO2403-P-4000,212.0,0.0,0.0,0.0,6,205.0,209.8,6,212.0,209.0,0.0,0.0,0.0,0.0,268
2023-05-11 09:57:21,IO2403-P-4000,IO2403-P-4000,212.0,0.0,0.0,0.0,27,204.8,209.8,6,212.0,209.0,0.0,0.0,0.0,0.0,268
2023-05-11 09:57:21,IO2403-P-4000,IO2403-P-4000,212.0,0.0,0.0,0.0,15,204.8,209.8,6,212.0,209.0,0.0,0.0,0.0,0.0,268
2023-05-11 09:57:22,IO2403-P-4000,IO2403-P-4000,212.0,0.0,0.0,0.0,9,204.8,209.8,6,212.0,209.0,0.0,0.0,0.0,0.0,268
2023-05-11 09:57:23,IO2403-P-4000,IO2403-P-4000,212.0,0.0,0.0,0.0,3,204.8,209.8,6,212.0,209.0,0.0,0.0,0.0,0.0,268
2023-05-11 09:57:23,IO2403-P-4000,IO2403-P-4000,212.0,0.0,0.0,0.0,18,204.6,209.8,6,212.0,209.0,0.0,0.0,0.0,0.0,268
2023-05-11 09:57:24,IO2403-P-4000,IO2403-P-4000,212.0,0.0,0.0,0.0,12,204.6,209.8,6,212.0,209.0,0.0,0.0,0.0,0.0,268
2023-05-11 09:57:24,IO2403-P-4000,IO2403-P-4000,212.0,0.0,0.0,0.0,9,204.6,209.8,6,212.0,209.0,0.0,0.0,0.0,0.0,268
2023-05-11 09:57:27,IO2403-P-4000,IO2403-P-4000,212.0,0.0,0.0,0.0,9,204.6,209.8,7,212.0,209.0,0.0,0.0,0.0,0.0,268
2023-05-11 09:57:28,IO2403-P-4000,IO2403-P-4000,212.0,0.0,0.0,0.0,9,204.6,209.6,6,212.0,209.0,0.0,0.0,0.0,0.0,268
2023-05-11 09:57:28,IO2403-P-4000,IO2403-P-4000,212.0,0.0,0.0,0.0,9,204.6,209.6,9,212.0,209.0,0.0,0.0,0.0,0.0,268
2023-05-11 09:57:29,IO2403-P-4000,IO2403-P-4000,212.0,0.0,0.0,0.0,9,204.6,209.4,6,212.0,209.0,0.0,0.0,0.0,0.0,268
2023-05-11 09:57:30,IO2403-P-4000,IO2403-P-4000,212.0,0.0,0.0,0.0,6,204.6,209.4,6,212.0,209.0,0.0,0.0,0.0,0.0,268
2023-05-11 09:58:53,IO2403-P-4000,IO2403-P-4000,212.0,0.0,0.0,0.0,6,204.6,209.4,7,212.0,209.0,0.0,0.0,0.0,0.0,268
2023-05-11 09:58:53,IO2403-P-4000,IO2403-P-4000,212.0,0.0,0.0,0.0,6,204.6,209.2,6,212.0,209.0,0.0,0.0,0.0,0.0,268
2023-05-11 09:58:54,IO2403-P-4000,IO2403-P-4000,212.0,0.0,0.0,0.0,6,204.6,209.2,7,212.0,209.0,0.0,0.0,0.0,0.0,268
2023-05-11 09:58:55,IO2403-P-4000,IO2403-P-4000,212.0,0.0,0.0,0.0,6,204.6,209.0,6,212.0,209.0,0.0,0.0,0.0,0.0,268
2023-05-11 09:58:55,IO2403-P-4000,IO2403-P-4000,212.0,0.0,0.0,0.0,6,204.6,209.2,6,212.0,209.0,0.0,0.0,0.0,0.0,268
2023-05-11 09:59:06,IO2403-P-4000,IO2403-P-4000,212.0,0.0,0.0,0.0,6,204.6,209.2,7,212.0,209.0,0.0,0.0,0.0,0.0,268
2023-05-11 09:59:07,IO2403-P-4000,IO2403-P-4000,212.0,0.0,0.0,0.0,6,204.6,209.0,6,212.0,209.0,0.0,0.0,0.0,0.0,268
2023-05-11 09:59:10,IO2403-P-4000,IO2403-P-4000,212.0,0.0,0.0,0.0,6,204.6,209.4,6,212.0,209.0,0.0,0.0,0.0,0.0,268
2023-05-11 09:59:19,IO2403-P-4000,IO2403-P-4000,212.0,0.0,0.0,0.0,6,204.6,209.4,7,212.0,209.0,0.0,0.0,0.0,0.0,268
2023-05-11 09:59:20,IO2403-P-4000,IO2403-P-4000,212.0,0.0,0.0,0.0,6,204.6,209.2,6,212.0,209.0,0.0,0.0,0.0,0.0,268
2023-05-11 09:59:34,IO2403-P-4000,IO2403-P-4000,212.0,0.0,0.0,0.0,6,204.6,209.2,7,212.0,209.0,0.0,0.0,0.0,0.0,268
2023-05-11 09:59:35,IO2403-P-4000,IO2403-P-4000,212.0,0.0,0.0,0.0,6,204.6,209.0,6,212.0,209.0,0.0,0.0,0.0,0.0,268
2023-05-11 09:59:54,IO2403-P-4000,IO2403-P-4000,212.0,0.0,0.0,0.0,6,204.6,209.0,7,212.0,209.0,0.0,0.0,0.0,0.0,268
2023-05-11 09:59:55,IO2403-P-4000,IO2403-P-4000,212.0,0.0,0.0,0.0,6,204.6,208.8,6,212.0,209.0,0.0,0.0,0.0,0.0,268
2023-05-11 09:59:59,IO2403-P-4000,IO2403-P-4000,212.0,0.0,0.0,0.0,6,204.6,208.8,7,212.0,209.0,0.0,0.0,0.0,0.0,268
2023-05-11 10:00:00,IO2403-P-4000,IO2403-P-4000,212.0,0.0,0.0,0.0,6,204.6,208.6,6,212.0,209.0,0.0,0.0,0.0,0.0,268
2023-05-11 10:00:19,IO2403-P-4000,IO2403-P-4000,212.0,0.0,0.0,0.0,6,204.6,209.0,6,212.0,209.0,0.0,0.0,0.0,0.0,268
2023-05-11 10:00:29,IO2403-P-4000,IO2403-P-4000,212.0,0.0,0.0,0.0,6,204.6,209.0,7,212.0,209.0,0.0,0.0,0.0,0.0,268
2023-05-11 10:00:29,IO2403-P-4000,IO2403-P-4000,212.0,0.0,0.0,0.0,6,204.6,208.8,6,212.0,209.0,0.0,0.0,0.0,0.0,268
2023-05-11 10:00:44,IO2403-P-4000,IO2403-P-4000,212.0,0.0,0.0,0.0,6,204.6,208.8,7,212.0,209.0,0.0,0.0,0.0,0.0,268
2023-05-11 10:00:44,IO2403-P-4000,IO2403-P-4000,212.0,0.0,0.0,0.0,6,204.6,208.6,6,212.0,209.0,0.0,0.0,0.0,0.0,268
2023-05-11 10:01:06,IO2403-P-4000,IO2403-P-4000,212.0,0.0,0.0,0.0,6,204.6,208.6,7,212.0,209.0,0.0,0.0,0.0,0.0,268
2023-05-11 10:01:06,IO2403-P-4000,IO2403-P-4000,212.0,0.0,0.0,0.0,6,204.6,208.4,6,212.0,209.0,0.0,0.0,0.0,0.0,268
2023-05-11 10:01:10,IO2403-P-4000,IO2403-P-4000,212.0,0.0,0.0,0.0,6,204.6,208.6,6,212.0,209.0,0.0,0.0,0.0,0.0,268
2023-05-11 10:01:10,IO2403-P-4000,IO2403-P-4000,212.0,0.0,0.0,0.0,6,204.6,209.0,6,212.0,209.0,0.0,0.0,0.0,0.0,268
2023-05-11 10:01:14,IO2403-P-4000,IO2403-P-4000,212.0,0.0,0.0,0.0,6,204.6,209.0,7,212.0,209.0,0.0,0.0,0.0,0.0,268
2023-05-11 10:01:15,IO2403-P-4000,IO2403-P-4000,212.0,0.0,0.0,0.0,6,204.6,208.8,6,212.0,209.0,0.0,0.0,0.0,0.0,268
2023-05-11 10:01:25,IO2403-P-4000,IO2403-P-4000,212.0,0.0,0.0,0.0,6,204.6,208.8,7,212.0,209.0,0.0,0.0,0.0,0.0,268
2023-05-11 10:01:26,IO2403-P-4000,IO2403-P-4000,212.0,0.0,0.0,0.0,6,204.6,208.6,6,212.0,209.0,0.0,0.0,0.0,0.0,268
2023-05-11 10:01:26,IO2403-P-4000,IO2403-P-4000,212.0,0.0,0.0,0.0,6,204.6,209.0,6,212.0,209.0,0.0,0.0,0.0,0.0,268
2023-05-11 10:01:35,IO2403-P-4000,IO2403-P-4000,212.0,0.0,0.0,0.0,6,204.6,209.4,6,212.0,209.0,0.0,0.0,0.0,0.0,268
2023-05-11 10:01:42,IO2403-P-4000,IO2403-P-4000,212.0,0.0,0.0,0.0,12,204.6,209.4,6,212.0,209.0,0.0,0.0,0.0,0.0,268
2023-05-11 10:02:26,IO2403-P-4000,IO2403-P-4000,212.0,0.0,0.0,0.0,12,204.6,209.4,7,212.0,209.0,0.0,0.0,0.0,0.0,268
2023-05-11 10:02:26,IO2403-P-4000,IO2403-P-4000,212.0,0.0,0.0,0.0,12,204.6,209.2,6,212.0,209.0,0.0,0.0,0.0,0.0,268
2023-05-11 10:02:33,IO2403-P-4000,IO2403-P-4000,212.0,0.0,0.0,0.0,6,204.6,209.2,6,212.0,209.0,0.0,0.0,0.0,0.0,268
2023-05-11 10:02:42,IO2403-P-4000,IO2403-P-4000,212.0,0.0,0.0,0.0,6,204.8,209.4,7,212.0,209.0,0.0,0.0,0.0,0.0,268
2023-05-11 10:02:42,IO2403-P-4000,IO2403-P-4000,212.0,0.0,0.0,0.0,6,204.8,209.4,6,212.0,209.0,0.0,0.0,0.0,0.0,268
2023-05-11 10:02:45,IO2403-P-4000,IO2403-P-4000,212.0,0.0,0.0,0.0,12,204.6,209.4,6,212.0,209.0,0.0,0.0,0.0,0.0,268
2023-05-11 10:02:47,IO2403-P-4000,IO2403-P-4000,212.0,0.0,0.0,0.0,6,204.8,209.4,6,212.0,209.0,0.0,0.0,0.0,0.0,268
2023-05-11 10:02:59,IO2403-P-4000,IO2403-P-4000,212.0,0.0,0.0,0.0,12,204.6,209.4,6,212.0,209.0,0.0,0.0,0.0,0.0,268
2023-05-11 10:02:59,IO2403-P-4000,IO2403-P-4000,212.0,0.0,0.0,0.0,12,204.6,209.4,8,212.0,209.0,0.0,0.0,0.0,0.0,268
2023-05-11 10:03:00,IO2403-P-4000,IO2403-P-4000,212.0,0.0,0.0,0.0,6,204.6,209.2,6,212.0,209.0,0.0,0.0,0.0,0.0,268
2023-05-11 10:03:00,IO2403-P-4000,IO2403-P-4000,212.0,0.0,0.0,0.0,6,204.6,209.4,6,212.0,209.0,0.0,0.0,0.0,0.0,268
2023-05-11 10:03:04,IO2403-P-4000,IO2403-P-4000,212.0,0.0,0.0,0.0,6,204.8,209.4,6,212.0,209.0,0.0,0.0,0.0,0.0,268
2023-05-11 10:03:12,IO2403-P-4000,IO2403-P-4000,212.0,0.0,0.0,0.0,6,204.6,209.4,7,212.0,209.0,0.0,0.0,0.0,0.0,268
2023-05-11 10:03:13,IO2403-P-4000,IO2403-P-4000,212.0,0.0,0.0,0.0,6,204.6,209.2,6,212.0,209.0,0.0,0.0,0.0,0.0,268
2023-05-11 10:03:17,IO2403-P-4000,IO2403-P-4000,212.0,0.0,0.0,0.0,6,204.6,209.2,7,212.0,209.0,0.0,0.0,0.0,0.0,268
2023-05-11 10:03:18,IO2403-P-4000,IO2403-P-4000,212.0,0.0,0.0,0.0,6,204.6,209.0,6,212.0,209.0,0.0,0.0,0.0,0.0,268
2023-05-11 10:03:27,IO2403-P-4000,IO2403-P-4000,212.0,0.0,0.0,0.0,6,204.6,209.0,7,212.0,209.0,0.0,0.0,0.0,0.0,268
2023-05-11 10:03:28,IO2403-P-4000,IO2403-P-4000,212.0,0.0,0.0,0.0,6,204.6,208.8,6,212.0,209.0,0.0,0.0,0.0,0.0,268
2023-05-11 10:03:42,IO2403-P-4000,IO2403-P-4000,212.0,0.0,0.0,0.0,6,204.6,208.8,7,212.0,209.0,0.0,0.0,0.0,0.0,268
2023-05-11 10:03:43,IO2403-P-4000,IO2403-P-4000,212.0,0.0,0.0,0.0,6,204.6,208.6,6,212.0,209.0,0.0,0.0,0.0,0.0,268
2023-05-11 10:04:02,IO2403-P-4000,IO2403-P-4000,212.0,0.0,0.0,0.0,6,204.6,208.6,7,212.0,209.0,0.0,0.0,0.0,0.0,268
2023-05-11 10:04:03,IO2403-P-4000,IO2403-P-4000,212.0,0.0,0.0,0.0,6,204.6,208.4,6,212.0,209.0,0.0,0.0,0.0,0.0,268
2023-05-11 10:04:09,IO2403-P-4000,IO2403-P-4000,212.0,0.0,0.0,0.0,6,204.6,208.4,7,212.0,209.0,0.0,0.0,0.0,0.0,268
2023-05-11 10:04:09,IO2403-P-4000,IO2403-P-4000,212.0,0.0,0.0,0.0,6,204.6,208.2,6,212.0,209.0,0.0,0.0,0.0,0.0,268
2023-05-11 10:04:19,IO2403-P-4000,IO2403-P-4000,212.0,0.0,0.0,0.0,6,204.6,208.2,7,212.0,209.0,0.0,0.0,0.0,0.0,268
2023-05-11 10:04:19,IO2403-P-4000,IO2403-P-4000,212.0,0.0,0.0,0.0,6,204.6,208.0,6,212.0,209.0,0.0,0.0,0.0,0.0,268
2023-05-11 10:04:30,IO2403-P-4000,IO2403-P-4000,212.0,0.0,0.0,0.0,6,204.6,208.2,6,212.0,209.0,0.0,0.0,0.0,0.0,268
2023-05-11 10:04:44,IO2403-P-4000,IO2403-P-4000,212.0,0.0,0.0,0.0,6,204.6,208.2,7,212.0,209.0,0.0,0.0,0.0,0.0,268
2023-05-11 10:04:45,IO2403-P-4000,IO2403-P-4000,212.0,0.0,0.0,0.0,6,204.6,208.0,6,212.0,209.0,0.0,0.0,0.0,0.0,268
2023-05-11 10:05:05,IO2403-P-4000,IO2403-P-4000,212.0,0.0,0.0,0.0,9,204.6,208.0,6,212.0,209.0,0.0,0.0,0.0,0.0,268
2023-05-11 10:05:06,IO2403-P-4000,IO2403-P-4000,212.0,0.0,0.0,0.0,6,204.6,208.0,6,212.0,209.0,0.0,0.0,0.0,0.0,268
2023-05-11 10:05:12,IO2403-P-4000,IO2403-P-4000,212.0,0.0,0.0,0.0,6,204.6,208.2,6,212.0,209.0,0.0,0.0,0.0,0.0,268
2023-05-11 10:05:34,IO2403-P-4000,IO2403-P-4000,212.0,0.0,0.0,0.0,6,204.6,208.2,7,212.0,209.0,0.0,0.0,0.0,0.0,268
2023-05-11 10:05:34,IO2403-P-4000,IO2403-P-4000,212.0,0.0,0.0,0.0,6,204.6,208.0,6,212.0,209.0,0.0,0.0,0.0,0.0,268
2023-05-11 10:05:39,IO2403-P-4000,IO2403-P-4000,212.0,0.0,0.0,0.0,6,204.6,208.0,7,212.0,209.0,0.0,0.0,0.0,0.0,268
2023-05-11 10:05:39,IO2403-P-4000,IO2403-P-4000,212.0,0.0,0.0,0.0,6,204.6,207.8,6,212.0,209.0,0.0,0.0,0.0,0.0,268
2023-05-11 10:05:49,IO2403-P-4000,IO2403-P-4000,212.0,0.0,0.0,0.0,6,204.6,207.8,7,212.0,209.0,0.0,0.0,0.0,0.0,268
2023-05-11 10:05:49,IO2403-P-4000,IO2403-P-4000,212.0,0.0,0.0,0.0,6,204.6,207.6,6,212.0,209.0,0.0,0.0,0.0,0.0,268
2023-05-11 10:06:04,IO2403-P-4000,IO2403-P-4000,212.0,0.0,0.0,0.0,6,204.6,207.6,7,212.0,209.0,0.0,0.0,0.0,0.0,268
2023-05-11 10:06:04,IO2403-P-4000,IO2403-P-4000,212.0,0.0,0.0,0.0,6,204.6,207.4,6,212.0,209.0,0.0,0.0,0.0,0.0,268
2023-05-11 10:06:12,IO2403-P-4000,IO2403-P-4000,212.0,0.0,0.0,0.0,6,204.6,207.8,6,212.0,209.0,0.0,0.0,0.0,0.0,268
2023-05-11 10:06:36,IO2403-P-4000,IO2403-P-4000,212.0,0.0,0.0,0.0,6,204.6,207.8,7,212.0,209.0,0.0,0.0,0.0,0.0,268
2023-05-11 10:06:37,IO2403-P-4000,IO2403-P-4000,212.0,0.0,0.0,0.0,6,204.6,207.6,6,212.0,209.0,0.0,0.0,0.0,0.0,268
2023-05-11 10:07:00,IO2403-P-4000,IO2403-P-4000,212.0,0.0,0.0,0.0,6,204.6,207.6,7,212.0,209.0,0.0,0.0,0.0,0.0,268
2023-05-11 10:07:00,IO2403-P-4000,IO2403-P-4000,212.0,0.0,0.0,0.0,6,204.6,207.4,6,212.0,209.0,0.0,0.0,0.0,0.0,268
2023-05-11 10:07:07,IO2403-P-4000,IO2403-P-4000,212.0,0.0,0.0,0.0,6,204.6,207.8,6,212.0,209.0,0.0,0.0,0.0,0.0,268
2023-05-11 10:07:17,IO2403-P-4000,IO2403-P-4000,212.0,0.0,0.0,0.0,6,204.6,207.8,7,212.0,209.0,0.0,0.0,0.0,0.0,268
2023-05-11 10:07:17,IO2403-P-4000,IO2403-P-4000,212.0,0.0,0.0,0.0,6,204.6,207.6,6,212.0,209.0,0.0,0.0,0.0,0.0,268
2023-05-11 10:07:32,IO2403-P-4000,IO2403-P-4000,212.0,0.0,0.0,0.0,6,204.6,207.6,7,212.0,209.0,0.0,0.0,0.0,0.0,268
2023-05-11 10:07:32,IO2403-P-4000,IO2403-P-4000,212.0,0.0,0.0,0.0,6,204.6,207.4,6,212.0,209.0,0.0,0.0,0.0,0.0,268
2023-05-11 10:07:53,IO2403-P-4000,IO2403-P-4000,212.0,0.0,0.0,0.0,6,204.6,207.4,7,212.0,209.0,0.0,0.0,0.0,0.0,268
2023-05-11 10:07:54,IO2403-P-4000,IO2403-P-4000,212.0,0.0,0.0,0.0,6,204.6,207.2,6,212.0,209.0,0.0,0.0,0.0,0.0,268
2023-05-11 10:08:01,IO2403-P-4000,IO2403-P-4000,212.0,0.0,0.0,0.0,6,204.6,207.6,6,212.0,209.0,0.0,0.0,0.0,0.0,268
2023-05-11 10:08:06,IO2403-P-4000,IO2403-P-4000,212.0,0.0,0.0,0.0,6,204.6,207.6,7,212.0,209.0,0.0,0.0,0.0,0.0,268
2023-05-11 10:08:14,IO2403-P-4000,IO2403-P-4000,212.0,0.0,0.0,0.0,6,204.6,207.4,6,212.0,209.0,0.0,0.0,0.0,0.0,268
2023-05-11 10:08:17,IO2403-P-4000,IO2403-P-4000,212.0,0.0,0.0,0.0,6,204.6,207.4,7,212.0,209.0,0.0,0.0,0.0,0.0,268
2023-05-11 10:08:18,IO2403-P-4000,IO2403-P-4000,212.0,0.0,0.0,0.0,6,204.6,207.2,6,212.0,209.0,0.0,0.0,0.0,0.0,268
2023-05-11 10:08:24,IO2403-P-4000,IO2403-P-4000,212.0,0.0,0.0,0.0,6,204.6,207.4,6,212.0,209.0,0.0,0.0,0.0,0.0,268
2023-05-11 10:08:51,IO2403-P-4000,IO2403-P-4000,212.0,0.0,0.0,0.0,6,204.6,207.4,7,212.0,209.0,0.0,0.0,0.0,0.0,268
2023-05-11 10:08:51,IO2403-P-4000,IO2403-P-4000,212.0,0.0,0.0,0.0,6,204.6,207.2,6,212.0,209.0,0.0,0.0,0.0,0.0,268
2023-05-11 10:08:55,IO2403-P-4000,IO2403-P-4000,212.0,0.0,0.0,0.0,6,204.6,207.4,6,212.0,209.0,0.0,0.0,0.0,0.0,268
2023-05-11 10:09:28,IO2403-P-4000,IO2403-P-4000,212.0,0.0,0.0,0.0,6,204.6,207.4,7,212.0,209.0,0.0,0.0,0.0,0.0,268
2023-05-11 10:09:29,IO2403-P-4000,IO2403-P-4000,212.0,0.0,0.0,0.0,6,204.6,207.2,6,212.0,209.0,0.0,0.0,0.0,0.0,268
2023-05-11 10:09:33,IO2403-P-4000,IO2403-P-4000,212.0,0.0,0.0,0.0,6,204.6,207.2,7,212.0,209.0,0.0,0.0,0.0,0.0,268
2023-05-11 10:09:34,IO2403-P-4000,IO2403-P-4000,212.0,0.0,0.0,0.0,6,204.6,207.0,6,212.0,209.0,0.0,0.0,0.0,0.0,268
2023-05-11 10:09:38,IO2403-P-4000,IO2403-P-4000,212.0,0.0,0.0,0.0,18,203.8,207.0,6,212.0,209.0,0.0,0.0,0.0,0.0,268
2023-05-11 10:09:38,IO2403-P-4000,IO2403-P-4000,212.0,0.0,0.0,0.0,6,203.8,207.0,6,212.0,209.0,0.0,0.0,0.0,0.0,268
2023-05-11 10:09:39,IO2403-P-4000,IO2403-P-4000,212.0,0.0,0.0,0.0,30,203.4,207.0,6,212.0,209.0,0.0,0.0,0.0,0.0,268
2023-05-11 10:09:39,IO2403-P-4000,IO2403-P-4000,212.0,0.0,0.0,0.0,12,203.4,207.0,6,212.0,209.0,0.0,0.0,0.0,0.0,268
2023-05-11 10:09:40,IO2403-P-4000,IO2403-P-4000,212.0,0.0,0.0,0.0,6,203.4,207.0,6,212.0,209.0,0.0,0.0,0.0,0.0,268
2023-05-11 10:09:45,IO2403-P-4000,IO2403-P-4000,212.0,0.0,0.0,0.0,6,203.4,207.0,7,212.0,209.0,0.0,0.0,0.0,0.0,268
2023-05-11 10:09:45,IO2403-P-4000,IO2403-P-4000,212.0,0.0,0.0,0.0,6,203.4,206.8,6,212.0,209.0,0.0,0.0,0.0,0.0,268
2023-05-11 10:09:46,IO2403-P-4000,IO2403-P-4000,212.0,0.0,0.0,0.0,6,203.4,207.2,6,212.0,209.0,0.0,0.0,0.0,0.0,268
2023-05-11 10:10:03,IO2403-P-4000,IO2403-P-4000,212.0,0.0,0.0,0.0,6,203.4,207.2,7,212.0,209.0,0.0,0.0,0.0,0.0,268
2023-05-11 10:10:03,IO2403-P-4000,IO2403-P-4000,212.0,0.0,0.0,0.0,6,203.4,207.0,6,212.0,209.0,0.0,0.0,0.0,0.0,268
2023-05-11 10:10:06,IO2403-P-4000,IO2403-P-4000,212.0,0.0,0.0,0.0,12,203.4,207.2,6,212.0,209.0,0.0,0.0,0.0,0.0,268
2023-05-11 10:10:15,IO2403-P-4000,IO2403-P-4000,212.0,0.0,0.0,0.0,6,203.4,207.2,6,212.0,209.0,0.0,0.0,0.0,0.0,268
2023-05-11 10:10:37,IO2403-P-4000,IO2403-P-4000,212.0,0.0,0.0,0.0,6,203.4,207.2,7,212.0,209.0,0.0,0.0,0.0,0.0,268
2023-05-11 10:10:38,IO2403-P-4000,IO2403-P-4000,212.0,0.0,0.0,0.0,6,203.4,207.0,6,212.0,209.0,0.0,0.0,0.0,0.0,268
2023-05-11 10:10:42,IO2403-P-4000,IO2403-P-4000,212.0,0.0,0.0,0.0,6,203.4,207.0,7,212.0,209.0,0.0,0.0,0.0,0.0,268
2023-05-11 10:10:43,IO2403-P-4000,IO2403-P-4000,212.0,0.0,0.0,0.0,6,203.4,206.8,6,212.0,209.0,0.0,0.0,0.0,0.0,268
2023-05-11 10:11:00,IO2403-P-4000,IO2403-P-4000,212.0,0.0,0.0,0.0,6,203.4,207.0,6,212.0,209.0,0.0,0.0,0.0,0.0,268
2023-05-11 10:11:02,IO2403-P-4000,IO2403-P-4000,212.0,0.0,0.0,0.0,6,203.4,207.2,6,212.0,209.0,0.0,0.0,0.0,0.0,268
2023-05-11 10:11:17,IO2403-P-4000,IO2403-P-4000,212.0,0.0,0.0,0.0,6,203.4,207.2,7,212.0,209.0,0.0,0.0,0.0,0.0,268
2023-05-11 10:11:17,IO2403-P-4000,IO2403-P-4000,212.0,0.0,0.0,0.0,6,203.4,207.0,6,212.0,209.0,0.0,0.0,0.0,0.0,268
2023-05-11 10:11:32,IO2403-P-4000,IO2403-P-4000,212.0,0.0,0.0,0.0,6,203.4,207.0,7,212.0,209.0,0.0,0.0,0.0,0.0,268
2023-05-11 10:11:32,IO2403-P-4000,IO2403-P-4000,212.0,0.0,0.0,0.0,6,203.4,206.8,6,212.0,209.0,0.0,0.0,0.0,0.0,268
2023-05-11 10:11:56,IO2403-P-4000,IO2403-P-4000,212.0,0.0,0.0,0.0,6,203.4,206.8,7,212.0,209.0,0.0,0.0,0.0,0.0,268
2023-05-11 10:11:56,IO2403-P-4000,IO2403-P-4000,212.0,0.0,0.0,0.0,6,203.4,206.6,6,212.0,209.0,0.0,0.0,0.0,0.0,268
2023-05-11 10:11:58,IO2403-P-4000,IO2403-P-4000,212.0,0.0,0.0,0.0,6,203.4,207.0,6,212.0,209.0,0.0,0.0,0.0,0.0,268
2023-05-11 10:12:03,IO2403-P-4000,IO2403-P-4000,212.0,0.0,0.0,0.0,6,203.4,207.0,7,212.0,209.0,0.0,0.0,0.0,0.0,268
2023-05-11 10:12:04,IO2403-P-4000,IO2403-P-4000,212.0,0.0,0.0,0.0,6,203.4,206.8,6,212.0,209.0,0.0,0.0,0.0,0.0,268
2023-05-11 10:12:11,IO2403-P-4000,IO2403-P-4000,212.0,0.0,0.0,0.0,6,203.6,207.4,24,212.0,209.0,0.0,0.0,0.0,0.0,268
2023-05-11 10:12:12,IO2403-P-4000,IO2403-P-4000,212.0,0.0,0.0,0.0,9,203.6,207.4,12,212.0,209.0,0.0,0.0,0.0,0.0,268
2023-05-11 10:12:12,IO2403-P-4000,IO2403-P-4000,212.0,0.0,0.0,0.0,9,203.6,207.4,6,212.0,209.0,0.0,0.0,0.0,0.0,268
2023-05-11 10:12:13,IO2403-P-4000,IO2403-P-4000,212.0,0.0,0.0,0.0,3,203.6,207.6,6,212.0,209.0,0.0,0.0,0.0,0.0,268
2023-05-11 10:12:14,IO2403-P-4000,IO2403-P-4000,212.0,0.0,0.0,0.0,24,203.4,207.6,6,212.0,209.0,0.0,0.0,0.0,0.0,268
2023-05-11 10:12:15,IO2403-P-4000,IO2403-P-4000,212.0,0.0,0.0,0.0,27,203.4,207.6,6,212.0,209.0,0.0,0.0,0.0,0.0,268
2023-05-11 10:13:09,IO2403-P-4000,IO2403-P-4000,212.0,0.0,0.0,0.0,21,203.4,207.6,6,212.0,209.0,0.0,0.0,0.0,0.0,268
2023-05-11 10:13:14,IO2403-P-4000,IO2403-P-4000,212.0,0.0,0.0,0.0,18,203.4,207.6,6,212.0,209.0,0.0,0.0,0.0,0.0,268
2023-05-11 10:13:15,IO2403-P-4000,IO2403-P-4000,212.0,0.0,0.0,0.0,12,203.4,207.6,6,212.0,209.0,0.0,0.0,0.0,0.0,268
2023-05-11 10:13:15,IO2403-P-4000,IO2403-P-4000,212.0,0.0,0.0,0.0,6,203.4,207.6,6,212.0,209.0,0.0,0.0,0.0,0.0,268
2023-05-11 10:14:40,IO2403-P-4000,IO2403-P-4000,212.0,0.0,0.0,0.0,6,203.4,207.6,8,212.0,209.0,0.0,0.0,0.0,0.0,268
2023-05-11 10:14:41,IO2403-P-4000,IO2403-P-4000,212.0,0.0,0.0,0.0,6,203.4,207.4,6,212.0,209.0,0.0,0.0,0.0,0.0,268
2023-05-11 10:14:41,IO2403-P-4000,IO2403-P-4000,212.0,0.0,0.0,0.0,6,203.4,207.4,9,212.0,209.0,0.0,0.0,0.0,0.0,268
2023-05-11 10:14:42,IO2403-P-4000,IO2403-P-4000,212.0,0.0,0.0,0.0,6,203.4,207.2,6,212.0,209.0,0.0,0.0,0.0,0.0,268
2023-05-11 10:15:17,IO2403-P-4000,IO2403-P-4000,212.0,0.0,0.0,0.0,6,203.4,207.4,6,212.0,209.0,0.0,0.0,0.0,0.0,268
2023-05-11 10:15:17,IO2403-P-4000,IO2403-P-4000,212.0,0.0,0.0,0.0,6,203.4,207.6,6,212.0,209.0,0.0,0.0,0.0,0.0,268
2023-05-11 10:15:23,IO2403-P-4000,IO2403-P-4000,212.0,0.0,0.0,0.0,6,203.4,207.6,7,212.0,209.0,0.0,0.0,0.0,0.0,268
2023-05-11 10:15:24,IO2403-P-4000,IO2403-P-4000,212.0,0.0,0.0,0.0,6,203.4,207.4,6,212.0,209.0,0.0,0.0,0.0,0.0,268
2023-05-11 10:15:26,IO2403-P-4000,IO2403-P-4000,212.0,0.0,0.0,0.0,6,203.4,207.4,9,212.0,209.0,0.0,0.0,0.0,0.0,268
2023-05-11 10:15:27,IO2403-P-4000,IO2403-P-4000,212.0,0.0,0.0,0.0,6,203.4,207.2,6,212.0,209.0,0.0,0.0,0.0,0.0,268
2023-05-11 10:15:27,IO2403-P-4000,IO2403-P-4000,212.0,0.0,0.0,0.0,6,203.4,207.4,6,212.0,209.0,0.0,0.0,0.0,0.0,268
2023-05-11 10:17:11,IO2403-P-4000,IO2403-P-4000,212.0,0.0,0.0,0.0,6,203.4,207.6,6,212.0,209.0,0.0,0.0,0.0,0.0,268
2023-05-11 10:17:24,IO2403-P-4000,IO2403-P-4000,212.0,0.0,0.0,0.0,6,203.4,207.6,9,212.0,209.0,0.0,0.0,0.0,0.0,268
2023-05-11 10:17:25,IO2403-P-4000,IO2403-P-4000,212.0,0.0,0.0,0.0,6,203.4,207.4,6,212.0,209.0,0.0,0.0,0.0,0.0,268
2023-05-11 10:17:25,IO2403-P-4000,IO2403-P-4000,212.0,0.0,0.0,0.0,6,203.4,207.6,6,212.0,209.0,0.0,0.0,0.0,0.0,268
2023-05-11 10:21:19,IO2403-P-4000,IO2403-P-4000,212.0,0.0,0.0,0.0,6,203.4,207.6,7,212.0,209.0,0.0,0.0,0.0,0.0,268
2023-05-11 10:21:19,IO2403-P-4000,IO2403-P-4000,212.0,0.0,0.0,0.0,6,203.4,207.4,6,212.0,209.0,0.0,0.0,0.0,0.0,268
2023-05-11 10:21:23,IO2403-P-4000,IO2403-P-4000,212.0,0.0,0.0,0.0,6,203.4,207.6,6,212.0,209.0,0.0,0.0,0.0,0.0,268
2023-05-11 10:21:40,IO2403-P-4000,IO2403-P-4000,212.0,0.0,0.0,0.0,12,203.4,207.6,6,212.0,209.0,0.0,0.0,0.0,0.0,268
2023-05-11 10:22:01,IO2403-P-4000,IO2403-P-4000,212.0,0.0,0.0,0.0,6,203.4,207.6,6,212.0,209.0,0.0,0.0,0.0,0.0,268
2023-05-11 10:22:32,IO2403-P-4000,IO2403-P-4000,212.0,0.0,0.0,0.0,6,203.4,207.6,8,212.0,209.0,0.0,0.0,0.0,0.0,268
2023-05-11 10:22:33,IO2403-P-4000,IO2403-P-4000,212.0,0.0,0.0,0.0,6,203.4,207.4,6,212.0,209.0,0.0,0.0,0.0,0.0,268
2023-05-11 10:22:34,IO2403-P-4000,IO2403-P-4000,212.0,0.0,0.0,0.0,6,203.4,207.6,6,212.0,209.0,0.0,0.0,0.0,0.0,268
2023-05-11 10:22:45,IO2403-P-4000,IO2403-P-4000,212.0,0.0,0.0,0.0,6,203.4,207.6,7,212.0,209.0,0.0,0.0,0.0,0.0,268
2023-05-11 10:22:46,IO2403-P-4000,IO2403-P-4000,212.0,0.0,0.0,0.0,6,203.4,207.4,6,212.0,209.0,0.0,0.0,0.0,0.0,268
2023-05-11 10:22:59,IO2403-P-4000,IO2403-P-4000,212.0,0.0,0.0,0.0,6,203.4,207.6,6,212.0,209.0,0.0,0.0,0.0,0.0,268
2023-05-11 10:23:29,IO2403-P-4000,IO2403-P-4000,212.0,0.0,0.0,0.0,6,203.4,207.6,7,212.0,209.0,0.0,0.0,0.0,0.0,268
2023-05-11 10:23:29,IO2403-P-4000,IO2403-P-4000,212.0,0.0,0.0,0.0,6,203.4,207.4,6,212.0,209.0,0.0,0.0,0.0,0.0,268
2023-05-11 10:23:36,IO2403-P-4000,IO2403-P-4000,212.0,0.0,0.0,0.0,6,203.4,207.6,6,212.0,209.0,0.0,0.0,0.0,0.0,268
2023-05-11 10:24:07,IO2403-P-4000,IO2403-P-4000,212.0,0.0,0.0,0.0,14,203.4,207.6,6,212.0,209.0,0.0,0.0,0.0,0.0,268
2023-05-11 10:24:09,IO2403-P-4000,IO2403-P-4000,212.0,0.0,0.0,0.0,12,203.4,207.6,6,212.0,209.0,0.0,0.0,0.0,0.0,268
2023-05-11 10:24:10,IO2403-P-4000,IO2403-P-4000,212.0,0.0,0.0,0.0,6,203.4,207.6,6,212.0,209.0,0.0,0.0,0.0,0.0,268
2023-05-11 10:25:05,IO2403-P-4000,IO2403-P-4000,212.0,0.0,0.0,0.0,6,203.6,207.8,27,212.0,209.0,0.0,0.0,0.0,0.0,268
2023-05-11 10:25:05,IO2403-P-4000,IO2403-P-4000,212.0,0.0,0.0,0.0,6,203.6,207.8,15,212.0,209.0,0.0,0.0,0.0,0.0,268
2023-05-11 10:25:06,IO2403-P-4000,IO2403-P-4000,212.0,0.0,0.0,0.0,6,203.6,207.8,6,212.0,209.0,0.0,0.0,0.0,0.0,268
2023-05-11 10:25:07,IO2403-P-4000,IO2403-P-4000,212.0,0.0,0.0,0.0,24,203.4,208.0,6,212.0,209.0,0.0,0.0,0.0,0.0,268
2023-05-11 10:25:10,IO2403-P-4000,IO2403-P-4000,212.0,0.0,0.0,0.0,18,203.4,208.0,6,212.0,209.0,0.0,0.0,0.0,0.0,268
2023-05-11 10:25:10,IO2403-P-4000,IO2403-P-4000,212.0,0.0,0.0,0.0,12,203.4,208.0,6,212.0,209.0,0.0,0.0,0.0,0.0,268
2023-05-11 10:25:12,IO2403-P-4000,IO2403-P-4000,212.0,0.0,0.0,0.0,6,203.4,208.0,6,212.0,209.0,0.0,0.0,0.0,0.0,268
2023-05-11 10:25:12,IO2403-P-4000,IO2403-P-4000,212.0,0.0,0.0,0.0,6,203.4,208.0,8,212.0,209.0,0.0,0.0,0.0,0.0,268
2023-05-11 10:25:13,IO2403-P-4000,IO2403-P-4000,212.0,0.0,0.0,0.0,6,203.4,207.8,6,212.0,209.0,0.0,0.0,0.0,0.0,268
2023-05-11 10:25:14,IO2403-P-4000,IO2403-P-4000,212.0,0.0,0.0,0.0,6,203.4,207.8,8,212.0,209.0,0.0,0.0,0.0,0.0,268
2023-05-11 10:25:14,IO2403-P-4000,IO2403-P-4000,212.0,0.0,0.0,0.0,6,203.4,207.6,6,212.0,209.0,0.0,0.0,0.0,0.0,268
2023-05-11 10:25:15,IO2403-P-4000,IO2403-P-4000,212.0,0.0,0.0,0.0,6,203.4,207.6,3,212.0,209.0,0.0,0.0,0.0,0.0,268
2023-05-11 10:25:16,IO2403-P-4000,IO2403-P-4000,212.0,0.0,0.0,0.0,6,203.4,207.4,6,212.0,209.0,0.0,0.0,0.0,0.0,268
2023-05-11 10:25:16,IO2403-P-4000,IO2403-P-4000,212.0,0.0,0.0,0.0,6,203.4,207.8,6,212.0,209.0,0.0,0.0,0.0,0.0,268
2023-05-11 10:25:17,IO2403-P-4000,IO2403-P-4000,212.0,0.0,0.0,0.0,6,203.4,207.8,9,212.0,209.0,0.0,0.0,0.0,0.0,268
2023-05-11 10:25:17,IO2403-P-4000,IO2403-P-4000,212.0,0.0,0.0,0.0,6,203.4,207.6,6,212.0,209.0,0.0,0.0,0.0,0.0,268
2023-05-11 10:25:53,IO2403-P-4000,IO2403-P-4000,212.0,0.0,0.0,0.0,6,203.4,207.8,6,212.0,209.0,0.0,0.0,0.0,0.0,268
2023-05-11 10:25:53,IO2403-P-4000,IO2403-P-4000,212.0,0.0,0.0,0.0,6,203.4,208.0,6,212.0,209.0,0.0,0.0,0.0,0.0,268
2023-05-11 10:25:57,IO2403-P-4000,IO2403-P-4000,212.0,0.0,0.0,0.0,14,203.4,208.0,6,212.0,209.0,0.0,0.0,0.0,0.0,268
2023-05-11 10:25:59,IO2403-P-4000,IO2403-P-4000,212.0,0.0,0.0,0.0,20,203.4,208.0,6,212.0,209.0,0.0,0.0,0.0,0.0,268
2023-05-11 10:26:00,IO2403-P-4000,IO2403-P-4000,212.0,0.0,0.0,0.0,18,203.4,208.0,6,212.0,209.0,0.0,0.0,0.0,0.0,268
2023-05-11 10:26:06,IO2403-P-4000,IO2403-P-4000,212.0,0.0,0.0,0.0,20,203.4,208.0,6,212.0,209.0,0.0,0.0,0.0,0.0,268
2023-05-11 10:26:06,IO2403-P-4000,IO2403-P-4000,212.0,0.0,0.0,0.0,18,203.4,208.0,6,212.0,209.0,0.0,0.0,0.0,0.0,268
2023-05-11 10:26:08,IO2403-P-4000,IO2403-P-4000,212.0,0.0,0.0,0.0,20,203.4,208.0,6,212.0,209.0,0.0,0.0,0.0,0.0,268
2023-05-11 10:26:08,IO2403-P-4000,IO2403-P-4000,212.0,0.0,0.0,0.0,18,203.4,208.0,6,212.0,209.0,0.0,0.0,0.0,0.0,268
2023-05-11 10:26:15,IO2403-P-4000,IO2403-P-4000,212.0,0.0,0.0,0.0,20,203.4,208.0,6,212.0,209.0,0.0,0.0,0.0,0.0,268
2023-05-11 10:26:17,IO2403-P-4000,IO2403-P-4000,212.0,0.0,0.0,0.0,18,203.4,208.0,6,212.0,209.0,0.0,0.0,0.0,0.0,268
2023-05-11 10:26:17,IO2403-P-4000,IO2403-P-4000,212.0,0.0,0.0,0.0,20,203.4,208.0,6,212.0,209.0,0.0,0.0,0.0,0.0,268
2023-05-11 10:26:18,IO2403-P-4000,IO2403-P-4000,212.0,0.0,0.0,0.0,18,203.4,208.0,6,212.0,209.0,0.0,0.0,0.0,0.0,268
2023-05-11 10:26:18,IO2403-P-4000,IO2403-P-4000,212.0,0.0,0.0,0.0,20,203.4,208.0,6,212.0,209.0,0.0,0.0,0.0,0.0,268
2023-05-11 10:26:26,IO2403-P-4000,IO2403-P-4000,212.0,0.0,0.0,0.0,18,203.4,208.0,6,212.0,209.0,0.0,0.0,0.0,0.0,268
2023-05-11 10:26:30,IO2403-P-4000,IO2403-P-4000,212.0,0.0,0.0,0.0,20,203.4,208.0,6,212.0,209.0,0.0,0.0,0.0,0.0,268
2023-05-11 10:26:37,IO2403-P-4000,IO2403-P-4000,212.0,0.0,0.0,0.0,18,203.4,208.0,6,212.0,209.0,0.0,0.0,0.0,0.0,268
2023-05-11 10:26:45,IO2403-P-4000,IO2403-P-4000,212.0,0.0,0.0,0.0,20,203.4,208.0,6,212.0,209.0,0.0,0.0,0.0,0.0,268
2023-05-11 10:26:46,IO2403-P-4000,IO2403-P-4000,212.0,0.0,0.0,0.0,18,203.4,208.0,6,212.0,209.0,0.0,0.0,0.0,0.0,268
2023-05-11 10:26:47,IO2403-P-4000,IO2403-P-4000,212.0,0.0,0.0,0.0,20,203.4,208.0,6,212.0,209.0,0.0,0.0,0.0,0.0,268
2023-05-11 10:26:48,IO2403-P-4000,IO2403-P-4000,212.0,0.0,0.0,0.0,18,203.4,208.0,6,212.0,209.0,0.0,0.0,0.0,0.0,268
2023-05-11 10:26:49,IO2403-P-4000,IO2403-P-4000,212.0,0.0,0.0,0.0,20,203.4,208.0,6,212.0,209.0,0.0,0.0,0.0,0.0,268
2023-05-11 10:26:56,IO2403-P-4000,IO2403-P-4000,212.0,0.0,0.0,0.0,6,203.6,208.2,18,212.0,209.0,0.0,0.0,0.0,0.0,268
2023-05-11 10:26:57,IO2403-P-4000,IO2403-P-4000,212.0,0.0,0.0,0.0,6,203.6,208.4,15,212.0,209.0,0.0,0.0,0.0,0.0,268
2023-05-11 10:26:57,IO2403-P-4000,IO2403-P-4000,212.0,0.0,0.0,0.0,6,203.6,208.4,3,212.0,209.0,0.0,0.0,0.0,0.0,268
2023-05-11 10:26:58,IO2403-P-4000,IO2403-P-4000,212.0,0.0,0.0,0.0,6,203.6,208.6,24,212.0,209.0,0.0,0.0,0.0,0.0,268
2023-05-11 10:26:58,IO2403-P-4000,IO2403-P-4000,212.0,0.0,0.0,0.0,6,203.6,208.6,12,212.0,209.0,0.0,0.0,0.0,0.0,268
2023-05-11 10:26:59,IO2403-P-4000,IO2403-P-4000,212.0,0.0,0.0,0.0,6,203.6,208.6,9,212.0,209.0,0.0,0.0,0.0,0.0,268
2023-05-11 10:27:00,IO2403-P-4000,IO2403-P-4000,212.0,0.0,0.0,0.0,8,203.6,208.6,9,212.0,209.0,0.0,0.0,0.0,0.0,268
2023-05-11 10:27:01,IO2403-P-4000,IO2403-P-4000,212.0,0.0,0.0,0.0,6,203.8,208.4,6,212.0,209.0,0.0,0.0,0.0,0.0,268
2023-05-11 10:27:01,IO2403-P-4000,IO2403-P-4000,212.0,0.0,0.0,0.0,9,203.8,208.4,6,212.0,209.0,0.0,0.0,0.0,0.0,268
2023-05-11 10:27:05,IO2403-P-4000,IO2403-P-4000,212.0,0.0,0.0,0.0,6,203.8,208.4,6,212.0,209.0,0.0,0.0,0.0,0.0,268
2023-05-11 10:27:06,IO2403-P-4000,IO2403-P-4000,212.0,0.0,0.0,0.0,6,203.6,208.6,9,212.0,209.0,0.0,0.0,0.0,0.0,268
2023-05-11 10:27:06,IO2403-P-4000,IO2403-P-4000,212.0,0.0,0.0,0.0,9,203.6,208.4,2,212.0,209.0,0.0,0.0,0.0,0.0,268
2023-05-11 10:27:07,IO2403-P-4000,IO2403-P-4000,212.0,0.0,0.0,0.0,18,203.4,208.4,8,212.0,209.0,0.0,0.0,0.0,0.0,268
2023-05-11 10:27:07,IO2403-P-4000,IO2403-P-4000,212.0,0.0,0.0,0.0,6,203.4,208.2,6,212.0,209.0,0.0,0.0,0.0,0.0,268
2023-05-11 10:27:08,IO2403-P-4000,IO2403-P-4000,212.0,0.0,0.0,0.0,9,203.4,208.2,6,212.0,209.0,0.0,0.0,0.0,0.0,268
2023-05-11 10:27:08,IO2403-P-4000,IO2403-P-4000,212.0,0.0,0.0,0.0,9,203.4,208.2,2,212.0,209.0,0.0,0.0,0.0,0.0,268
2023-05-11 10:27:09,IO2403-P-4000,IO2403-P-4000,212.0,0.0,0.0,0.0,15,203.4,208.0,6,212.0,209.0,0.0,0.0,0.0,0.0,268
2023-05-11 10:27:09,IO2403-P-4000,IO2403-P-4000,212.0,0.0,0.0,0.0,9,203.4,208.0,3,212.0,209.0,0.0,0.0,0.0,0.0,268
2023-05-11 10:27:10,IO2403-P-4000,IO2403-P-4000,212.0,0.0,0.0,0.0,6,203.6,207.8,6,212.0,209.0,0.0,0.0,0.0,0.0,268
2023-05-11 10:27:10,IO2403-P-4000,IO2403-P-4000,212.0,0.0,0.0,0.0,9,203.4,208.4,6,212.0,209.0,0.0,0.0,0.0,0.0,268
2023-05-11 10:27:11,IO2403-P-4000,IO2403-P-4000,212.0,0.0,0.0,0.0,9,203.4,208.4,9,212.0,209.0,0.0,0.0,0.0,0.0,268
2023-05-11 10:27:11,IO2403-P-4000,IO2403-P-4000,212.0,0.0,0.0,0.0,9,203.4,208.2,6,212.0,209.0,0.0,0.0,0.0,0.0,268
2023-05-11 10:27:17,IO2403-P-4000,IO2403-P-4000,212.0,0.0,0.0,0.0,6,203.4,208.2,6,212.0,209.0,0.0,0.0,0.0,0.0,268
2023-05-11 10:27:19,IO2403-P-4000,IO2403-P-4000,212.0,0.0,0.0,0.0,8,203.4,208.2,6,212.0,209.0,0.0,0.0,0.0,0.0,268
2023-05-11 10:27:24,IO2403-P-4000,IO2403-P-4000,212.0,0.0,0.0,0.0,6,203.4,208.2,6,212.0,209.0,0.0,0.0,0.0,0.0,268
2023-05-11 10:27:24,IO2403-P-4000,IO2403-P-4000,212.0,0.0,0.0,0.0,8,203.4,208.2,6,212.0,209.0,0.0,0.0,0.0,0.0,268
2023-05-11 10:27:25,IO2403-P-4000,IO2403-P-4000,212.0,0.0,0.0,0.0,6,203.4,208.2,6,212.0,209.0,0.0,0.0,0.0,0.0,268
2023-05-11 10:27:35,IO2403-P-4000,IO2403-P-4000,212.0,0.0,0.0,0.0,8,203.4,208.2,6,212.0,209.0,0.0,0.0,0.0,0.0,268
2023-05-11 10:27:39,IO2403-P-4000,IO2403-P-4000,212.0,0.0,0.0,0.0,6,203.4,208.2,6,212.0,209.0,0.0,0.0,0.0,0.0,268
2023-05-11 10:27:39,IO2403-P-4000,IO2403-P-4000,212.0,0.0,0.0,0.0,8,203.4,208.2,6,212.0,209.0,0.0,0.0,0.0,0.0,268
2023-05-11 10:27:47,IO2403-P-4000,IO2403-P-4000,212.0,0.0,0.0,0.0,6,203.4,208.2,6,212.0,209.0,0.0,0.0,0.0,0.0,268
2023-05-11 10:27:47,IO2403-P-4000,IO2403-P-4000,212.0,0.0,0.0,0.0,8,203.4,208.2,6,212.0,209.0,0.0,0.0,0.0,0.0,268
2023-05-11 10:27:51,IO2403-P-4000,IO2403-P-4000,212.0,0.0,0.0,0.0,6,203.4,208.2,6,212.0,209.0,0.0,0.0,0.0,0.0,268
2023-05-11 10:27:54,IO2403-P-4000,IO2403-P-4000,212.0,0.0,0.0,0.0,8,203.4,208.2,6,212.0,209.0,0.0,0.0,0.0,0.0,268
2023-05-11 10:27:54,IO2403-P-4000,IO2403-P-4000,212.0,0.0,0.0,0.0,6,203.4,208.2,6,212.0,209.0,0.0,0.0,0.0,0.0,268
2023-05-11 10:27:55,IO2403-P-4000,IO2403-P-4000,212.0,0.0,0.0,0.0,8,203.4,208.2,6,212.0,209.0,0.0,0.0,0.0,0.0,268
2023-05-11 10:27:56,IO2403-P-4000,IO2403-P-4000,212.0,0.0,0.0,0.0,6,203.4,208.2,6,212.0,209.0,0.0,0.0,0.0,0.0,268
2023-05-11 10:27:56,IO2403-P-4000,IO2403-P-4000,212.0,0.0,0.0,0.0,8,203.4,208.2,6,212.0,209.0,0.0,0.0,0.0,0.0,268
2023-05-11 10:28:13,IO2403-P-4000,IO2403-P-4000,212.0,0.0,0.0,0.0,6,203.4,208.2,6,212.0,209.0,0.0,0.0,0.0,0.0,268
2023-05-11 10:28:13,IO2403-P-4000,IO2403-P-4000,212.0,0.0,0.0,0.0,8,203.4,208.2,6,212.0,209.0,0.0,0.0,0.0,0.0,268
2023-05-11 10:28:15,IO2403-P-4000,IO2403-P-4000,212.0,0.0,0.0,0.0,6,203.4,208.2,6,212.0,209.0,0.0,0.0,0.0,0.0,268
2023-05-11 10:28:15,IO2403-P-4000,IO2403-P-4000,212.0,0.0,0.0,0.0,8,203.4,208.2,6,212.0,209.0,0.0,0.0,0.0,0.0,268
2023-05-11 10:28:19,IO2403-P-4000,IO2403-P-4000,212.0,0.0,0.0,0.0,10,203.4,208.2,6,212.0,209.0,0.0,0.0,0.0,0.0,268
2023-05-11 10:28:21,IO2403-P-4000,IO2403-P-4000,212.0,0.0,0.0,0.0,8,203.4,208.2,6,212.0,209.0,0.0,0.0,0.0,0.0,268
2023-05-11 10:28:24,IO2403-P-4000,IO2403-P-4000,212.0,0.0,0.0,0.0,6,203.6,208.4,3,212.0,209.0,0.0,0.0,0.0,0.0,268
2023-05-11 10:28:25,IO2403-P-4000,IO2403-P-4000,212.0,0.0,0.0,0.0,6,203.6,208.6,18,212.0,209.0,0.0,0.0,0.0,0.0,268
2023-05-11 10:28:25,IO2403-P-4000,IO2403-P-4000,212.0,0.0,0.0,0.0,6,203.6,208.6,6,212.0,209.0,0.0,0.0,0.0,0.0,268
2023-05-11 10:28:26,IO2403-P-4000,IO2403-P-4000,212.0,0.0,0.0,0.0,8,203.6,208.6,9,212.0,209.0,0.0,0.0,0.0,0.0,268
2023-05-11 10:28:26,IO2403-P-4000,IO2403-P-4000,212.0,0.0,0.0,0.0,6,203.8,208.4,6,212.0,209.0,0.0,0.0,0.0,0.0,268
2023-05-11 10:28:28,IO2403-P-4000,IO2403-P-4000,212.0,0.0,0.0,0.0,6,203.6,208.6,9,212.0,209.0,0.0,0.0,0.0,0.0,268
2023-05-11 10:28:29,IO2403-P-4000,IO2403-P-4000,212.0,0.0,0.0,0.0,8,203.6,208.6,9,212.0,209.0,0.0,0.0,0.0,0.0,268
2023-05-11 10:28:29,IO2403-P-4000,IO2403-P-4000,212.0,0.0,0.0,0.0,6,203.8,208.4,6,212.0,209.0,0.0,0.0,0.0,0.0,268
2023-05-11 10:28:30,IO2403-P-4000,IO2403-P-4000,212.0,0.0,0.0,0.0,6,203.6,208.6,9,212.0,209.0,0.0,0.0,0.0,0.0,268
2023-05-11 10:28:31,IO2403-P-4000,IO2403-P-4000,212.0,0.0,0.0,0.0,8,203.6,208.6,9,212.0,209.0,0.0,0.0,0.0,0.0,268
2023-05-11 10:28:31,IO2403-P-4000,IO2403-P-4000,212.0,0.0,0.0,0.0,6,203.8,208.4,6,212.0,209.0,0.0,0.0,0.0,0.0,268
2023-05-11 10:28:32,IO2403-P-4000,IO2403-P-4000,212.0,0.0,0.0,0.0,9,203.8,208.4,6,212.0,209.0,0.0,0.0,0.0,0.0,268
2023-05-11 10:28:37,IO2403-P-4000,IO2403-P-4000,212.0,0.0,0.0,0.0,6,203.8,208.4,6,212.0,209.0,0.0,0.0,0.0,0.0,268
2023-05-11 10:28:38,IO2403-P-4000,IO2403-P-4000,212.0,0.0,0.0,0.0,9,203.6,208.6,9,212.0,209.0,0.0,0.0,0.0,0.0,268
2023-05-11 10:28:38,IO2403-P-4000,IO2403-P-4000,212.0,0.0,0.0,0.0,6,203.8,208.4,6,212.0,209.0,0.0,0.0,0.0,0.0,268
2023-05-11 10:28:56,IO2403-P-4000,IO2403-P-4000,212.0,0.0,0.0,0.0,8,203.8,208.4,6,212.0,209.0,0.0,0.0,0.0,0.0,268
2023-05-11 10:28:57,IO2403-P-4000,IO2403-P-4000,212.0,0.0,0.0,0.0,6,203.8,208.4,6,212.0,209.0,0.0,0.0,0.0,0.0,268
2023-05-11 10:28:59,IO2403-P-4000,IO2403-P-4000,212.0,0.0,0.0,0.0,8,203.8,208.4,6,212.0,209.0,0.0,0.0,0.0,0.0,268
2023-05-11 10:29:03,IO2403-P-4000,IO2403-P-4000,212.0,0.0,0.0,0.0,6,203.8,208.4,6,212.0,209.0,0.0,0.0,0.0,0.0,268
2023-05-11 10:29:04,IO2403-P-4000,IO2403-P-4000,212.0,0.0,0.0,0.0,8,203.8,208.4,6,212.0,209.0,0.0,0.0,0.0,0.0,268
2023-05-11 10:29:06,IO2403-P-4000,IO2403-P-4000,212.0,0.0,0.0,0.0,6,203.8,208.4,6,212.0,209.0,0.0,0.0,0.0,0.0,268
2023-05-11 10:29:10,IO2403-P-4000,IO2403-P-4000,212.0,0.0,0.0,0.0,8,203.8,208.4,6,212.0,209.0,0.0,0.0,0.0,0.0,268
2023-05-11 10:29:11,IO2403-P-4000,IO2403-P-4000,212.0,0.0,0.0,0.0,6,203.8,208.4,6,212.0,209.0,0.0,0.0,0.0,0.0,268
2023-05-11 10:29:12,IO2403-P-4000,IO2403-P-4000,212.0,0.0,0.0,0.0,8,203.8,208.4,6,212.0,209.0,0.0,0.0,0.0,0.0,268
2023-05-11 10:29:12,IO2403-P-4000,IO2403-P-4000,212.0,0.0,0.0,0.0,6,203.8,208.4,6,212.0,209.0,0.0,0.0,0.0,0.0,268
2023-05-11 10:29:18,IO2403-P-4000,IO2403-P-4000,212.0,0.0,0.0,0.0,8,203.8,208.4,6,212.0,209.0,0.0,0.0,0.0,0.0,268
2023-05-11 10:29:18,IO2403-P-4000,IO2403-P-4000,212.0,0.0,0.0,0.0,6,203.8,208.4,6,212.0,209.0,0.0,0.0,0.0,0.0,268
2023-05-11 10:29:23,IO2403-P-4000,IO2403-P-4000,212.0,0.0,0.0,0.0,8,203.8,208.4,6,212.0,209.0,0.0,0.0,0.0,0.0,268
2023-05-11 10:29:24,IO2403-P-4000,IO2403-P-4000,212.0,0.0,0.0,0.0,6,203.8,208.4,6,212.0,209.0,0.0,0.0,0.0,0.0,268
2023-05-11 10:29:24,IO2403-P-4000,IO2403-P-4000,212.0,0.0,0.0,0.0,8,203.8,208.4,6,212.0,209.0,0.0,0.0,0.0,0.0,268
2023-05-11 10:29:25,IO2403-P-4000,IO2403-P-4000,212.0,0.0,0.0,0.0,6,203.8,208.4,6,212.0,209.0,0.0,0.0,0.0,0.0,268
2023-05-11 10:29:40,IO2403-P-4000,IO2403-P-4000,212.0,0.0,0.0,0.0,8,203.8,208.4,6,212.0,209.0,0.0,0.0,0.0,0.0,268
2023-05-11 10:29:40,IO2403-P-4000,IO2403-P-4000,212.0,0.0,0.0,0.0,6,203.8,208.4,6,212.0,209.0,0.0,0.0,0.0,0.0,268
2023-05-11 10:29:56,IO2403-P-4000,IO2403-P-4000,212.0,0.0,0.0,0.0,8,203.8,208.4,6,212.0,209.0,0.0,0.0,0.0,0.0,268
2023-05-11 10:29:59,IO2403-P-4000,IO2403-P-4000,212.0,0.0,0.0,0.0,6,203.8,208.4,6,212.0,209.0,0.0,0.0,0.0,0.0,268
2023-05-11 10:30:01,IO2403-P-4000,IO2403-P-4000,212.0,0.0,0.0,0.0,8,203.8,208.4,6,212.0,209.0,0.0,0.0,0.0,0.0,268
2023-05-11 10:30:02,IO2403-P-4000,IO2403-P-4000,212.0,0.0,0.0,0.0,6,204.0,208.6,3,212.0,209.0,0.0,0.0,0.0,0.0,268
2023-05-11 10:30:03,IO2403-P-4000,IO2403-P-4000,212.0,0.0,0.0,0.0,6,204.0,209.0,24,212.0,209.0,0.0,0.0,0.0,0.0,268
2023-05-11 10:30:04,IO2403-P-4000,IO2403-P-4000,212.0,0.0,0.0,0.0,6,204.0,209.0,6,212.0,209.0,0.0,0.0,0.0,0.0,268
2023-05-11 10:30:04,IO2403-P-4000,IO2403-P-4000,212.0,0.0,0.0,0.0,6,204.0,209.0,3,212.0,209.0,0.0,0.0,0.0,0.0,268
2023-05-11 10:30:05,IO2403-P-4000,IO2403-P-4000,212.0,0.0,0.0,0.0,6,204.0,209.2,12,212.0,209.0,0.0,0.0,0.0,0.0,268
2023-05-11 10:30:06,IO2403-P-4000,IO2403-P-4000,212.0,0.0,0.0,0.0,6,204.0,209.2,6,212.0,209.0,0.0,0.0,0.0,0.0,268
2023-05-11 10:30:06,IO2403-P-4000,IO2403-P-4000,212.0,0.0,0.0,0.0,2,204.2,209.2,3,212.0,209.0,0.0,0.0,0.0,0.0,268
2023-05-11 10:30:07,IO2403-P-4000,IO2403-P-4000,212.0,0.0,0.0,0.0,6,204.4,209.2,3,212.0,209.0,0.0,0.0,0.0,0.0,268
2023-05-11 10:30:07,IO2403-P-4000,IO2403-P-4000,212.0,0.0,0.0,0.0,2,204.6,209.4,24,212.0,209.0,0.0,0.0,0.0,0.0,268
2023-05-11 10:30:08,IO2403-P-4000,IO2403-P-4000,212.0,0.0,0.0,0.0,6,204.8,209.4,6,212.0,209.0,0.0,0.0,0.0,0.0,268
2023-05-11 10:30:08,IO2403-P-4000,IO2403-P-4000,212.0,0.0,0.0,0.0,2,205.0,209.8,28,212.0,209.0,0.0,0.0,0.0,0.0,268
2023-05-11 10:30:09,IO2403-P-4000,IO2403-P-4000,212.0,0.0,0.0,0.0,6,205.0,209.6,6,212.0,209.0,0.0,0.0,0.0,0.0,268
2023-05-11 10:30:09,IO2403-P-4000,IO2403-P-4000,212.0,0.0,0.0,0.0,11,205.0,209.8,4,212.0,209.0,0.0,0.0,0.0,0.0,268
2023-05-11 10:30:10,IO2403-P-4000,IO2403-P-4000,212.0,0.0,0.0,0.0,6,205.2,209.8,1,212.0,209.0,0.0,0.0,0.0,0.0,268
2023-05-11 10:30:13,IO2403-P-4000,IO2403-P-4000,212.0,0.0,0.0,0.0,6,205.2,209.6,6,212.0,209.0,0.0,0.0,0.0,0.0,268
2023-05-11 10:30:14,IO2403-P-4000,IO2403-P-4000,212.0,0.0,0.0,0.0,6,205.2,209.6,8,212.0,209.0,0.0,0.0,0.0,0.0,268
2023-05-11 10:30:15,IO2403-P-4000,IO2403-P-4000,212.0,0.0,0.0,0.0,6,205.2,209.6,6,212.0,209.0,0.0,0.0,0.0,0.0,268
2023-05-11 10:30:22,IO2403-P-4000,IO2403-P-4000,212.0,0.0,0.0,0.0,18,204.8,209.6,6,212.0,209.0,0.0,0.0,0.0,0.0,268
2023-05-11 10:30:23,IO2403-P-4000,IO2403-P-4000,212.0,0.0,0.0,0.0,12,204.8,209.4,2,212.0,209.0,0.0,0.0,0.0,0.0,268
2023-05-11 10:30:23,IO2403-P-4000,IO2403-P-4000,212.0,0.0,0.0,0.0,6,204.8,209.2,6,212.0,209.0,0.0,0.0,0.0,0.0,268
2023-05-11 10:30:24,IO2403-P-4000,IO2403-P-4000,212.0,0.0,0.0,0.0,6,204.8,209.2,9,212.0,209.0,0.0,0.0,0.0,0.0,268
2023-05-11 10:30:24,IO2403-P-4000,IO2403-P-4000,212.0,0.0,0.0,0.0,12,204.8,209.0,6,212.0,209.0,0.0,0.0,0.0,0.0,268
2023-05-11 10:30:33,IO2403-P-4000,IO2403-P-4000,212.0,0.0,0.0,0.0,6,204.8,209.0,6,212.0,209.0,0.0,0.0,0.0,0.0,268
2023-05-11 10:30:35,IO2403-P-4000,IO2403-P-4000,212.0,0.0,0.0,0.0,6,204.8,209.2,9,212.0,209.0,0.0,0.0,0.0,0.0,268
2023-05-11 10:30:36,IO2403-P-4000,IO2403-P-4000,212.0,0.0,0.0,0.0,12,204.8,209.0,6,212.0,209.0,0.0,0.0,0.0,0.0,268
2023-05-11 10:30:40,IO2403-P-4000,IO2403-P-4000,212.0,0.0,0.0,0.0,6,204.8,209.0,6,212.0,209.0,0.0,0.0,0.0,0.0,268
2023-05-11 10:30:41,IO2403-P-4000,IO2403-P-4000,212.0,0.0,0.0,0.0,6,204.8,209.0,8,212.0,209.0,0.0,0.0,0.0,0.0,268
2023-05-11 10:30:42,IO2403-P-4000,IO2403-P-4000,212.0,0.0,0.0,0.0,6,204.8,208.8,6,212.0,209.0,0.0,0.0,0.0,0.0,268
2023-05-11 10:30:43,IO2403-P-4000,IO2403-P-4000,212.0,0.0,0.0,0.0,6,204.8,209.0,6,212.0,209.0,0.0,0.0,0.0,0.0,268
2023-05-11 10:30:46,IO2403-P-4000,IO2403-P-4000,212.0,0.0,0.0,0.0,6,204.8,209.0,8,212.0,209.0,0.0,0.0,0.0,0.0,268
2023-05-11 10:30:46,IO2403-P-4000,IO2403-P-4000,212.0,0.0,0.0,0.0,6,204.8,208.8,6,212.0,209.0,0.0,0.0,0.0,0.0,268
2023-05-11 10:30:47,IO2403-P-4000,IO2403-P-4000,212.0,0.0,0.0,0.0,6,204.8,209.0,6,212.0,209.0,0.0,0.0,0.0,0.0,268
2023-05-11 10:31:06,IO2403-P-4000,IO2403-P-4000,212.0,0.0,0.0,0.0,9,204.8,209.0,6,212.0,209.0,0.0,0.0,0.0,0.0,268
2023-05-11 10:31:09,IO2403-P-4000,IO2403-P-4000,212.0,0.0,0.0,0.0,11,204.8,209.0,6,212.0,209.0,0.0,0.0,0.0,0.0,268
2023-05-11 10:31:10,IO2403-P-4000,IO2403-P-4000,212.0,0.0,0.0,0.0,9,204.8,209.0,6,212.0,209.0,0.0,0.0,0.0,0.0,268
2023-05-11 10:31:10,IO2403-P-4000,IO2403-P-4000,212.0,0.0,0.0,0.0,6,204.8,209.0,6,212.0,209.0,0.0,0.0,0.0,0.0,268
2023-05-11 10:31:11,IO2403-P-4000,IO2403-P-4000,212.0,0.0,0.0,0.0,9,204.8,209.0,6,212.0,209.0,0.0,0.0,0.0,0.0,268
2023-05-11 10:31:16,IO2403-P-4000,IO2403-P-4000,212.0,0.0,0.0,0.0,6,204.8,209.0,6,212.0,209.0,0.0,0.0,0.0,0.0,268
2023-05-11 10:33:15,IO2403-P-4000,IO2403-P-4000,212.0,0.0,0.0,0.0,6,204.8,209.0,7,212.0,209.0,0.0,0.0,0.0,0.0,268
2023-05-11 10:33:15,IO2403-P-4000,IO2403-P-4000,212.0,0.0,0.0,0.0,6,204.8,208.8,6,212.0,209.0,0.0,0.0,0.0,0.0,268
2023-05-11 10:33:17,IO2403-P-4000,IO2403-P-4000,212.0,0.0,0.0,0.0,18,204.2,208.8,6,212.0,209.0,0.0,0.0,0.0,0.0,268
2023-05-11 10:33:18,IO2403-P-4000,IO2403-P-4000,212.0,0.0,0.0,0.0,6,204.2,208.8,8,212.0,209.0,0.0,0.0,0.0,0.0,268
2023-05-11 10:33:18,IO2403-P-4000,IO2403-P-4000,212.0,0.0,0.0,0.0,24,204.0,208.6,6,212.0,209.0,0.0,0.0,0.0,0.0,268
2023-05-11 10:33:19,IO2403-P-4000,IO2403-P-4000,212.0,0.0,0.0,0.0,12,204.0,208.6,9,212.0,209.0,0.0,0.0,0.0,0.0,268
2023-05-11 10:33:19,IO2403-P-4000,IO2403-P-4000,212.0,0.0,0.0,0.0,6,203.8,208.4,6,212.0,209.0,0.0,0.0,0.0,0.0,268
2023-05-11 10:33:20,IO2403-P-4000,IO2403-P-4000,212.0,0.0,0.0,0.0,51,203.4,208.4,6,212.0,209.0,0.0,0.0,0.0,0.0,268
2023-05-11 10:33:20,IO2403-P-4000,IO2403-P-4000,212.0,0.0,0.0,0.0,20,203.4,208.4,6,212.0,209.0,0.0,0.0,0.0,0.0,268
2023-05-11 10:33:21,IO2403-P-4000,IO2403-P-4000,212.0,0.0,0.0,0.0,14,203.4,208.4,6,212.0,209.0,0.0,0.0,0.0,0.0,268
2023-05-11 10:33:21,IO2403-P-4000,IO2403-P-4000,212.0,0.0,0.0,0.0,17,203.4,208.4,6,212.0,209.0,0.0,0.0,0.0,0.0,268
2023-05-11 10:33:27,IO2403-P-4000,IO2403-P-4000,212.0,0.0,0.0,0.0,14,203.4,208.4,6,212.0,209.0,0.0,0.0,0.0,0.0,268
2023-05-11 10:33:28,IO2403-P-4000,IO2403-P-4000,212.0,0.0,0.0,0.0,12,203.4,208.4,6,212.0,209.0,0.0,0.0,0.0,0.0,268
2023-05-11 10:33:28,IO2403-P-4000,IO2403-P-4000,212.0,0.0,0.0,0.0,8,203.4,208.4,6,212.0,209.0,0.0,0.0,0.0,0.0,268
2023-05-11 10:33:32,IO2403-P-4000,IO2403-P-4000,212.0,0.0,0.0,0.0,8,203.4,208.4,7,212.0,209.0,0.0,0.0,0.0,0.0,268
2023-05-11 10:33:32,IO2403-P-4000,IO2403-P-4000,212.0,0.0,0.0,0.0,8,203.4,208.2,6,212.0,209.0,0.0,0.0,0.0,0.0,268
2023-05-11 10:33:33,IO2403-P-4000,IO2403-P-4000,212.0,0.0,0.0,0.0,6,203.4,208.2,6,212.0,209.0,0.0,0.0,0.0,0.0,268
2023-05-11 10:33:35,IO2403-P-4000,IO2403-P-4000,212.0,0.0,0.0,0.0,8,203.4,208.2,6,212.0,209.0,0.0,0.0,0.0,0.0,268
2023-05-11 10:33:35,IO2403-P-4000,IO2403-P-4000,212.0,0.0,0.0,0.0,6,203.4,208.2,6,212.0,209.0,0.0,0.0,0.0,0.0,268
2023-05-11 10:33:36,IO2403-P-4000,IO2403-P-4000,212.0,0.0,0.0,0.0,8,203.4,208.2,6,212.0,209.0,0.0,0.0,0.0,0.0,268
2023-05-11 10:33:47,IO2403-P-4000,IO2403-P-4000,212.0,0.0,0.0,0.0,6,203.4,208.2,6,212.0,209.0,0.0,0.0,0.0,0.0,268
2023-05-11 10:33:47,IO2403-P-4000,IO2403-P-4000,212.0,0.0,0.0,0.0,8,203.4,208.2,6,212.0,209.0,0.0,0.0,0.0,0.0,268
2023-05-11 10:33:48,IO2403-P-4000,IO2403-P-4000,212.0,0.0,0.0,0.0,6,203.4,208.2,6,212.0,209.0,0.0,0.0,0.0,0.0,268
2023-05-11 10:33:48,IO2403-P-4000,IO2403-P-4000,212.0,0.0,0.0,0.0,8,203.4,208.2,6,212.0,209.0,0.0,0.0,0.0,0.0,268
2023-05-11 10:33:53,IO2403-P-4000,IO2403-P-4000,212.0,0.0,0.0,0.0,8,203.4,208.4,6,212.0,209.0,0.0,0.0,0.0,0.0,268
2023-05-11 10:34:04,IO2403-P-4000,IO2403-P-4000,212.0,0.0,0.0,0.0,10,203.4,208.4,6,212.0,209.0,0.0,0.0,0.0,0.0,268
2023-05-11 10:34:05,IO2403-P-4000,IO2403-P-4000,212.0,0.0,0.0,0.0,8,203.4,208.4,6,212.0,209.0,0.0,0.0,0.0,0.0,268
2023-05-11 10:34:23,IO2403-P-4000,IO2403-P-4000,212.0,0.0,0.0,0.0,10,203.4,208.4,6,212.0,209.0,0.0,0.0,0.0,0.0,268
2023-05-11 10:34:24,IO2403-P-4000,IO2403-P-4000,212.0,0.0,0.0,0.0,8,203.4,208.4,6,212.0,209.0,0.0,0.0,0.0,0.0,268
2023-05-11 10:34:28,IO2403-P-4000,IO2403-P-4000,212.0,0.0,0.0,0.0,10,203.4,208.4,6,212.0,209.0,0.0,0.0,0.0,0.0,268
2023-05-11 10:34:29,IO2403-P-4000,IO2403-P-4000,212.0,0.0,0.0,0.0,8,203.4,208.4,6,212.0,209.0,0.0,0.0,0.0,0.0,268
2023-05-11 10:34:39,IO2403-P-4000,IO2403-P-4000,212.0,0.0,0.0,0.0,6,203.4,208.4,6,212.0,209.0,0.0,0.0,0.0,0.0,268
2023-05-11 10:34:40,IO2403-P-4000,IO2403-P-4000,212.0,0.0,0.0,0.0,6,203.4,208.4,7,212.0,209.0,0.0,0.0,0.0,0.0,268
2023-05-11 10:34:40,IO2403-P-4000,IO2403-P-4000,212.0,0.0,0.0,0.0,6,203.4,208.2,6,212.0,209.0,0.0,0.0,0.0,0.0,268
2023-05-11 10:34:41,IO2403-P-4000,IO2403-P-4000,212.0,0.0,0.0,0.0,8,203.4,208.2,6,212.0,209.0,0.0,0.0,0.0,0.0,268
2023-05-11 10:34:44,IO2403-P-4000,IO2403-P-4000,212.0,0.0,0.0,0.0,6,203.4,208.2,6,212.0,209.0,0.0,0.0,0.0,0.0,268
2023-05-11 10:34:45,IO2403-P-4000,IO2403-P-4000,212.0,0.0,0.0,0.0,8,203.4,208.2,6,212.0,209.0,0.0,0.0,0.0,0.0,268
2023-05-11 10:34:53,IO2403-P-4000,IO2403-P-4000,212.0,0.0,0.0,0.0,6,203.4,208.2,6,212.0,209.0,0.0,0.0,0.0,0.0,268
2023-05-11 10:34:55,IO2403-P-4000,IO2403-P-4000,212.0,0.0,0.0,0.0,8,203.4,208.2,6,212.0,209.0,0.0,0.0,0.0,0.0,268
2023-05-11 10:34:55,IO2403-P-4000,IO2403-P-4000,212.0,0.0,0.0,0.0,6,203.4,208.2,6,212.0,209.0,0.0,0.0,0.0,0.0,268
2023-05-11 10:34:56,IO2403-P-4000,IO2403-P-4000,212.0,0.0,0.0,0.0,6,203.4,208.2,7,212.0,209.0,0.0,0.0,0.0,0.0,268
2023-05-11 10:34:56,IO2403-P-4000,IO2403-P-4000,212.0,0.0,0.0,0.0,6,203.4,208.0,6,212.0,209.0,0.0,0.0,0.0,0.0,268
2023-05-11 10:34:57,IO2403-P-4000,IO2403-P-4000,212.0,0.0,0.0,0.0,6,203.4,208.0,9,212.0,209.0,0.0,0.0,0.0,0.0,268
2023-05-11 10:34:57,IO2403-P-4000,IO2403-P-4000,212.0,0.0,0.0,0.0,6,203.4,207.8,6,212.0,209.0,0.0,0.0,0.0,0.0,268
2023-05-11 10:35:01,IO2403-P-4000,IO2403-P-4000,212.0,0.0,0.0,0.0,8,203.4,207.8,6,212.0,209.0,0.0,0.0,0.0,0.0,268
2023-05-11 10:35:07,IO2403-P-4000,IO2403-P-4000,212.0,0.0,0.0,0.0,10,203.4,208.0,6,212.0,209.0,0.0,0.0,0.0,0.0,268
2023-05-11 10:35:08,IO2403-P-4000,IO2403-P-4000,212.0,0.0,0.0,0.0,14,203.4,208.0,6,212.0,209.0,0.0,0.0,0.0,0.0,268
2023-05-11 10:35:08,IO2403-P-4000,IO2403-P-4000,212.0,0.0,0.0,0.0,16,203.4,208.4,6,212.0,209.0,0.0,0.0,0.0,0.0,268
2023-05-11 10:35:09,IO2403-P-4000,IO2403-P-4000,212.0,0.0,0.0,0.0,14,203.4,208.4,6,212.0,209.0,0.0,0.0,0.0,0.0,268
2023-05-11 10:35:12,IO2403-P-4000,IO2403-P-4000,212.0,0.0,0.0,0.0,6,203.4,208.4,6,212.0,209.0,0.0,0.0,0.0,0.0,268
2023-05-11 10:35:13,IO2403-P-4000,IO2403-P-4000,212.0,0.0,0.0,0.0,8,203.4,208.4,6,212.0,209.0,0.0,0.0,0.0,0.0,268
2023-05-11 10:35:17,IO2403-P-4000,IO2403-P-4000,212.0,0.0,0.0,0.0,6,203.4,208.4,6,212.0,209.0,0.0,0.0,0.0,0.0,268
2023-05-11 10:35:21,IO2403-P-4000,IO2403-P-4000,212.0,0.0,0.0,0.0,6,203.4,208.4,8,212.0,209.0,0.0,0.0,0.0,0.0,268
2023-05-11 10:35:21,IO2403-P-4000,IO2403-P-4000,212.0,0.0,0.0,0.0,6,203.4,208.2,6,212.0,209.0,0.0,0.0,0.0,0.0,268
2023-05-11 10:35:22,IO2403-P-4000,IO2403-P-4000,212.0,0.0,0.0,0.0,8,203.4,208.4,7,212.0,209.0,0.0,0.0,0.0,0.0,268
2023-05-11 10:35:22,IO2403-P-4000,IO2403-P-4000,212.0,0.0,0.0,0.0,8,203.4,208.2,6,212.0,209.0,0.0,0.0,0.0,0.0,268
2023-05-11 10:35:26,IO2403-P-4000,IO2403-P-4000,212.0,0.0,0.0,0.0,6,203.4,208.2,6,212.0,209.0,0.0,0.0,0.0,0.0,268
2023-05-11 10:35:26,IO2403-P-4000,IO2403-P-4000,212.0,0.0,0.0,0.0,8,203.4,208.2,6,212.0,209.0,0.0,0.0,0.0,0.0,268
2023-05-11 10:35:27,IO2403-P-4000,IO2403-P-4000,212.0,0.0,0.0,0.0,6,203.4,208.2,6,212.0,209.0,0.0,0.0,0.0,0.0,268
2023-05-11 10:35:27,IO2403-P-4000,IO2403-P-4000,212.0,0.0,0.0,0.0,8,203.4,208.2,6,212.0,209.0,0.0,0.0,0.0,0.0,268
2023-05-11 10:35:34,IO2403-P-4000,IO2403-P-4000,212.0,0.0,0.0,0.0,8,203.4,208.4,6,212.0,209.0,0.0,0.0,0.0,0.0,268
2023-05-11 10:35:58,IO2403-P-4000,IO2403-P-4000,212.0,0.0,0.0,0.0,6,203.4,208.4,6,212.0,209.0,0.0,0.0,0.0,0.0,268
2023-05-11 10:35:59,IO2403-P-4000,IO2403-P-4000,212.0,0.0,0.0,0.0,8,203.4,208.4,6,212.0,209.0,0.0,0.0,0.0,0.0,268
2023-05-11 10:36:23,IO2403-P-4000,IO2403-P-4000,212.0,0.0,0.0,0.0,8,203.4,208.4,7,212.0,209.0,0.0,0.0,0.0,0.0,268
2023-05-11 10:36:24,IO2403-P-4000,IO2403-P-4000,212.0,0.0,0.0,0.0,8,203.4,208.2,6,212.0,209.0,0.0,0.0,0.0,0.0,268
2023-05-11 10:36:35,IO2403-P-4000,IO2403-P-4000,212.0,0.0,0.0,0.0,8,203.4,208.4,6,212.0,209.0,0.0,0.0,0.0,0.0,268
2023-05-11 10:36:39,IO2403-P-4000,IO2403-P-4000,212.0,0.0,0.0,0.0,8,203.4,208.4,7,212.0,209.0,0.0,0.0,0.0,0.0,268
2023-05-11 10:36:40,IO2403-P-4000,IO2403-P-4000,212.0,0.0,0.0,0.0,8,203.4,208.2,6,212.0,209.0,0.0,0.0,0.0,0.0,268
2023-05-11 10:36:51,IO2403-P-4000,IO2403-P-4000,212.0,0.0,0.0,0.0,6,203.4,208.2,7,212.0,209.0,0.0,0.0,0.0,0.0,268
2023-05-11 10:36:51,IO2403-P-4000,IO2403-P-4000,212.0,0.0,0.0,0.0,6,203.4,208.0,6,212.0,209.0,0.0,0.0,0.0,0.0,268
2023-05-11 10:36:53,IO2403-P-4000,IO2403-P-4000,212.0,0.0,0.0,0.0,8,203.4,208.0,6,212.0,209.0,0.0,0.0,0.0,0.0,268
2023-05-11 10:36:55,IO2403-P-4000,IO2403-P-4000,212.0,0.0,0.0,0.0,6,203.4,208.0,6,212.0,209.0,0.0,0.0,0.0,0.0,268
2023-05-11 10:36:57,IO2403-P-4000,IO2403-P-4000,212.0,0.0,0.0,0.0,6,203.4,208.0,9,212.0,209.0,0.0,0.0,0.0,0.0,268
2023-05-11 10:36:58,IO2403-P-4000,IO2403-P-4000,212.0,0.0,0.0,0.0,6,203.4,207.8,6,212.0,209.0,0.0,0.0,0.0,0.0,268
2023-05-11 10:36:58,IO2403-P-4000,IO2403-P-4000,212.0,0.0,0.0,0.0,6,203.4,208.0,6,212.0,209.0,0.0,0.0,0.0,0.0,268
2023-05-11 10:37:01,IO2403-P-4000,IO2403-P-4000,212.0,0.0,0.0,0.0,8,203.4,208.0,6,212.0,209.0,0.0,0.0,0.0,0.0,268
2023-05-11 10:37:31,IO2403-P-4000,IO2403-P-4000,212.0,0.0,0.0,0.0,6,203.4,208.0,6,212.0,209.0,0.0,0.0,0.0,0.0,268
2023-05-11 10:37:31,IO2403-P-4000,IO2403-P-4000,212.0,0.0,0.0,0.0,8,203.4,208.0,6,212.0,209.0,0.0,0.0,0.0,0.0,268
2023-05-11 10:37:37,IO2403-P-4000,IO2403-P-4000,212.0,0.0,0.0,0.0,6,203.4,208.0,6,212.0,209.0,0.0,0.0,0.0,0.0,268
2023-05-11 10:37:38,IO2403-P-4000,IO2403-P-4000,212.0,0.0,0.0,0.0,8,203.4,208.0,6,212.0,209.0,0.0,0.0,0.0,0.0,268
2023-05-11 10:37:52,IO2403-P-4000,IO2403-P-4000,212.0,0.0,0.0,0.0,6,203.4,208.0,6,212.0,209.0,0.0,0.0,0.0,0.0,268
2023-05-11 10:37:58,IO2403-P-4000,IO2403-P-4000,212.0,0.0,0.0,0.0,8,203.4,208.0,6,212.0,209.0,0.0,0.0,0.0,0.0,268
2023-05-11 10:38:02,IO2403-P-4000,IO2403-P-4000,212.0,0.0,0.0,0.0,6,203.4,208.0,6,212.0,209.0,0.0,0.0,0.0,0.0,268
2023-05-11 10:38:04,IO2403-P-4000,IO2403-P-4000,212.0,0.0,0.0,0.0,8,203.4,208.0,6,212.0,209.0,0.0,0.0,0.0,0.0,268
2023-05-11 10:38:19,IO2403-P-4000,IO2403-P-4000,212.0,0.0,0.0,0.0,6,203.4,208.0,6,212.0,209.0,0.0,0.0,0.0,0.0,268
2023-05-11 10:38:20,IO2403-P-4000,IO2403-P-4000,212.0,0.0,0.0,0.0,8,203.4,208.0,6,212.0,209.0,0.0,0.0,0.0,0.0,268
2023-05-11 10:38:22,IO2403-P-4000,IO2403-P-4000,212.0,0.0,0.0,0.0,6,203.4,208.0,6,212.0,209.0,0.0,0.0,0.0,0.0,268
2023-05-11 10:38:22,IO2403-P-4000,IO2403-P-4000,212.0,0.0,0.0,0.0,8,203.4,208.0,6,212.0,209.0,0.0,0.0,0.0,0.0,268
2023-05-11 10:38:24,IO2403-P-4000,IO2403-P-4000,212.0,0.0,0.0,0.0,6,203.4,208.0,6,212.0,209.0,0.0,0.0,0.0,0.0,268
2023-05-11 10:38:24,IO2403-P-4000,IO2403-P-4000,212.0,0.0,0.0,0.0,8,203.4,208.0,6,212.0,209.0,0.0,0.0,0.0,0.0,268
2023-05-11 10:39:09,IO2403-P-4000,IO2403-P-4000,212.0,0.0,0.0,0.0,6,203.4,208.0,6,212.0,209.0,0.0,0.0,0.0,0.0,268
2023-05-11 10:39:15,IO2403-P-4000,IO2403-P-4000,212.0,0.0,0.0,0.0,8,203.4,208.0,6,212.0,209.0,0.0,0.0,0.0,0.0,268
2023-05-11 10:39:35,IO2403-P-4000,IO2403-P-4000,212.0,0.0,0.0,0.0,6,203.4,208.0,6,212.0,209.0,0.0,0.0,0.0,0.0,268
2023-05-11 10:39:36,IO2403-P-4000,IO2403-P-4000,212.0,0.0,0.0,0.0,8,203.4,208.0,6,212.0,209.0,0.0,0.0,0.0,0.0,268
2023-05-11 10:39:37,IO2403-P-4000,IO2403-P-4000,212.0,0.0,0.0,0.0,6,203.4,208.0,6,212.0,209.0,0.0,0.0,0.0,0.0,268
2023-05-11 10:39:41,IO2403-P-4000,IO2403-P-4000,212.0,0.0,0.0,0.0,8,203.4,208.0,6,212.0,209.0,0.0,0.0,0.0,0.0,268
2023-05-11 10:39:50,IO2403-P-4000,IO2403-P-4000,212.0,0.0,0.0,0.0,6,203.4,208.0,6,212.0,209.0,0.0,0.0,0.0,0.0,268
2023-05-11 10:39:51,IO2403-P-4000,IO2403-P-4000,212.0,0.0,0.0,0.0,8,203.4,208.0,6,212.0,209.0,0.0,0.0,0.0,0.0,268
2023-05-11 10:39:52,IO2403-P-4000,IO2403-P-4000,212.0,0.0,0.0,0.0,6,203.4,208.0,6,212.0,209.0,0.0,0.0,0.0,0.0,268
2023-05-11 10:39:52,IO2403-P-4000,IO2403-P-4000,212.0,0.0,0.0,0.0,8,203.4,208.0,6,212.0,209.0,0.0,0.0,0.0,0.0,268
2023-05-11 10:39:53,IO2403-P-4000,IO2403-P-4000,212.0,0.0,0.0,0.0,6,203.4,208.0,6,212.0,209.0,0.0,0.0,0.0,0.0,268
2023-05-11 10:39:55,IO2403-P-4000,IO2403-P-4000,212.0,0.0,0.0,0.0,8,203.4,208.0,6,212.0,209.0,0.0,0.0,0.0,0.0,268
2023-05-11 10:39:57,IO2403-P-4000,IO2403-P-4000,212.0,0.0,0.0,0.0,6,203.4,208.0,6,212.0,209.0,0.0,0.0,0.0,0.0,268
2023-05-11 10:39:57,IO2403-P-4000,IO2403-P-4000,212.0,0.0,0.0,0.0,8,203.4,208.0,6,212.0,209.0,0.0,0.0,0.0,0.0,268
2023-05-11 10:40:06,IO2403-P-4000,IO2403-P-4000,212.0,0.0,0.0,0.0,6,203.4,208.0,6,212.0,209.0,0.0,0.0,0.0,0.0,268
2023-05-11 10:40:07,IO2403-P-4000,IO2403-P-4000,212.0,0.0,0.0,0.0,6,203.4,208.0,7,212.0,209.0,0.0,0.0,0.0,0.0,268
2023-05-11 10:40:07,IO2403-P-4000,IO2403-P-4000,212.0,0.0,0.0,0.0,6,203.4,207.8,6,212.0,209.0,0.0,0.0,0.0,0.0,268
2023-05-11 10:40:10,IO2403-P-4000,IO2403-P-4000,212.0,0.0,0.0,0.0,8,203.4,207.8,6,212.0,209.0,0.0,0.0,0.0,0.0,268
2023-05-11 10:40:10,IO2403-P-4000,IO2403-P-4000,212.0,0.0,0.0,0.0,6,203.4,208.0,6,212.0,209.0,0.0,0.0,0.0,0.0,268
2023-05-11 10:40:11,IO2403-P-4000,IO2403-P-4000,212.0,0.0,0.0,0.0,8,203.4,208.0,6,212.0,209.0,0.0,0.0,0.0,0.0,268
2023-05-11 10:40:12,IO2403-P-4000,IO2403-P-4000,212.0,0.0,0.0,0.0,6,203.4,208.0,6,212.0,209.0,0.0,0.0,0.0,0.0,268
2023-05-11 10:40:13,IO2403-P-4000,IO2403-P-4000,212.0,0.0,0.0,0.0,8,203.4,208.0,6,212.0,209.0,0.0,0.0,0.0,0.0,268
2023-05-11 10:40:17,IO2403-P-4000,IO2403-P-4000,212.0,0.0,0.0,0.0,6,203.4,208.0,6,212.0,209.0,0.0,0.0,0.0,0.0,268
2023-05-11 10:40:18,IO2403-P-4000,IO2403-P-4000,212.0,0.0,0.0,0.0,8,203.4,208.0,6,212.0,209.0,0.0,0.0,0.0,0.0,268
2023-05-11 10:40:18,IO2403-P-4000,IO2403-P-4000,212.0,0.0,0.0,0.0,6,203.4,208.0,6,212.0,209.0,0.0,0.0,0.0,0.0,268
2023-05-11 10:40:25,IO2403-P-4000,IO2403-P-4000,212.0,0.0,0.0,0.0,8,203.4,208.0,6,212.0,209.0,0.0,0.0,0.0,0.0,268
2023-05-11 10:41:13,IO2403-P-4000,IO2403-P-4000,212.0,0.0,0.0,0.0,20,203.4,208.0,6,212.0,209.0,0.0,0.0,0.0,0.0,268
2023-05-11 10:41:14,IO2403-P-4000,IO2403-P-4000,212.0,0.0,0.0,0.0,2,203.6,208.0,6,212.0,209.0,0.0,0.0,0.0,0.0,268
2023-05-11 10:41:14,IO2403-P-4000,IO2403-P-4000,212.0,0.0,0.0,0.0,2,203.8,208.0,6,212.0,209.0,0.0,0.0,0.0,0.0,268
2023-05-11 10:41:34,IO2403-P-4000,IO2403-P-4000,212.0,0.0,0.0,0.0,18,203.4,208.0,6,212.0,209.0,0.0,0.0,0.0,0.0,268
2023-05-11 10:41:34,IO2403-P-4000,IO2403-P-4000,212.0,0.0,0.0,0.0,2,203.6,208.0,6,212.0,209.0,0.0,0.0,0.0,0.0,268
2023-05-11 10:41:47,IO2403-P-4000,IO2403-P-4000,212.0,0.0,0.0,0.0,18,203.4,208.0,6,212.0,209.0,0.0,0.0,0.0,0.0,268
