time,symbol_id,symbol_name,last,trade_volume,trade_amount,open_interest_change,bv1,bp1,ap1,av1,yesterday_close,today_open,today_high,today_low,volume,amount,open_interest
2023-05-11 09:29:00,IO2403-P-4100,IO2403-P-4100,260.2,0.0,0.0,0.0,1,236.2,291.2,1,260.2,261.4,0.0,0.0,0.0,0.0,183
2023-05-11 09:30:00,IO2403-P-4100,IO2403-P-4100,260.2,0.0,0.0,0.0,1,238.2,285.6,1,260.2,261.4,0.0,0.0,0.0,0.0,183
2023-05-11 09:30:01,IO2403-P-4100,IO2403-P-4100,260.2,0.0,0.0,0.0,1,250.0,285.6,7,260.2,261.4,0.0,0.0,0.0,0.0,183
2023-05-11 09:30:02,IO2403-P-4100,IO2403-P-4100,260.2,0.0,0.0,0.0,2,250.0,285.6,1,260.2,261.4,0.0,0.0,0.0,0.0,183
2023-05-11 09:30:02,IO2403-P-4100,IO2403-P-4100,260.2,0.0,0.0,0.0,3,250.0,285.4,6,260.2,261.4,0.0,0.0,0.0,0.0,183
2023-05-11 09:30:05,IO2403-P-4100,IO2403-P-4100,260.2,0.0,0.0,0.0,3,250.0,285.4,7,260.2,261.4,0.0,0.0,0.0,0.0,183
2023-05-11 09:30:05,IO2403-P-4100,IO2403-P-4100,260.2,0.0,0.0,0.0,3,250.0,285.2,6,260.2,261.4,0.0,0.0,0.0,0.0,183
2023-05-11 09:30:07,IO2403-P-4100,IO2403-P-4100,260.2,0.0,0.0,0.0,3,250.0,277.2,1,260.2,261.4,0.0,0.0,0.0,0.0,183
2023-05-11 09:30:08,IO2403-P-4100,IO2403-P-4100,260.2,0.0,0.0,0.0,3,250.0,277.0,6,260.2,261.4,0.0,0.0,0.0,0.0,183
2023-05-11 09:30:09,IO2403-P-4100,IO2403-P-4100,260.2,0.0,0.0,0.0,3,250.0,269.0,1,260.2,261.4,0.0,0.0,0.0,0.0,183
2023-05-11 09:30:10,IO2403-P-4100,IO2403-P-4100,260.2,0.0,0.0,0.0,6,250.2,269.0,1,260.2,261.4,0.0,0.0,0.0,0.0,183
2023-05-11 09:30:11,IO2403-P-4100,IO2403-P-4100,260.2,0.0,0.0,0.0,6,257.2,269.0,1,260.2,261.4,0.0,0.0,0.0,0.0,183
2023-05-11 09:30:11,IO2403-P-4100,IO2403-P-4100,260.2,0.0,0.0,0.0,6,256.0,269.0,1,260.2,261.4,0.0,0.0,0.0,0.0,183
2023-05-11 09:30:12,IO2403-P-4100,IO2403-P-4100,260.2,0.0,0.0,0.0,6,250.2,269.0,1,260.2,261.4,0.0,0.0,0.0,0.0,183
2023-05-11 09:30:13,IO2403-P-4100,IO2403-P-4100,260.2,0.0,0.0,0.0,6,257.0,269.0,1,260.2,261.4,0.0,0.0,0.0,0.0,183
2023-05-11 09:30:14,IO2403-P-4100,IO2403-P-4100,260.2,0.0,0.0,0.0,1,261.0,269.0,1,260.2,261.4,0.0,0.0,0.0,0.0,183
2023-05-11 09:30:15,IO2403-P-4100,IO2403-P-4100,260.2,0.0,0.0,0.0,6,256.0,269.0,2,260.2,261.4,0.0,0.0,0.0,0.0,183
2023-05-11 09:30:15,IO2403-P-4100,IO2403-P-4100,260.2,0.0,0.0,0.0,6,257.0,269.0,2,260.2,261.4,0.0,0.0,0.0,0.0,183
2023-05-11 09:30:16,IO2403-P-4100,IO2403-P-4100,260.2,0.0,0.0,0.0,6,256.0,269.0,2,260.2,261.4,0.0,0.0,0.0,0.0,183
2023-05-11 09:30:16,IO2403-P-4100,IO2403-P-4100,260.2,0.0,0.0,0.0,6,257.6,269.0,2,260.2,261.4,0.0,0.0,0.0,0.0,183
2023-05-11 09:30:17,IO2403-P-4100,IO2403-P-4100,260.2,0.0,0.0,0.0,1,260.4,269.0,2,260.2,261.4,0.0,0.0,0.0,0.0,183
2023-05-11 09:30:18,IO2403-P-4100,IO2403-P-4100,260.2,0.0,0.0,0.0,6,257.6,269.0,2,260.2,261.4,0.0,0.0,0.0,0.0,183
2023-05-11 09:30:18,IO2403-P-4100,IO2403-P-4100,260.2,0.0,0.0,0.0,6,256.6,269.0,2,260.2,261.4,0.0,0.0,0.0,0.0,183
2023-05-11 09:30:19,IO2403-P-4100,IO2403-P-4100,260.2,0.0,0.0,0.0,1,258.2,269.0,2,260.2,261.4,0.0,0.0,0.0,0.0,183
2023-05-11 09:30:20,IO2403-P-4100,IO2403-P-4100,260.2,0.0,0.0,0.0,1,258.2,266.8,1,260.2,261.4,0.0,0.0,0.0,0.0,183
2023-05-11 09:30:22,IO2403-P-4100,IO2403-P-4100,260.2,0.0,0.0,0.0,2,258.4,266.8,1,260.2,261.4,0.0,0.0,0.0,0.0,183
2023-05-11 09:30:28,IO2403-P-4100,IO2403-P-4100,260.2,0.0,0.0,0.0,8,258.4,266.8,1,260.2,261.4,0.0,0.0,0.0,0.0,183
2023-05-11 09:30:32,IO2403-P-4100,IO2403-P-4100,260.2,0.0,0.0,0.0,1,259.8,267.6,1,260.2,261.4,0.0,0.0,0.0,0.0,183
2023-05-11 09:30:33,IO2403-P-4100,IO2403-P-4100,260.2,0.0,0.0,0.0,7,259.8,267.0,1,260.2,261.4,0.0,0.0,0.0,0.0,183
2023-05-11 09:30:35,IO2403-P-4100,IO2403-P-4100,260.2,0.0,0.0,0.0,6,259.8,267.0,1,260.2,261.4,0.0,0.0,0.0,0.0,183
2023-05-11 09:30:35,IO2403-P-4100,IO2403-P-4100,260.2,0.0,0.0,0.0,8,258.4,267.0,1,260.2,261.4,0.0,0.0,0.0,0.0,183
2023-05-11 09:30:36,IO2403-P-4100,IO2403-P-4100,260.2,0.0,0.0,0.0,1,258.6,267.0,1,260.2,261.4,0.0,0.0,0.0,0.0,183
2023-05-11 09:30:36,IO2403-P-4100,IO2403-P-4100,260.2,0.0,0.0,0.0,2,258.8,267.0,1,260.2,261.4,0.0,0.0,0.0,0.0,183
2023-05-11 09:30:38,IO2403-P-4100,IO2403-P-4100,260.2,0.0,0.0,0.0,1,261.8,267.6,1,260.2,261.4,0.0,0.0,0.0,0.0,183
2023-05-11 09:30:38,IO2403-P-4100,IO2403-P-4100,260.2,0.0,0.0,0.0,7,261.8,267.6,1,260.2,261.4,0.0,0.0,0.0,0.0,183
2023-05-11 09:30:42,IO2403-P-4100,IO2403-P-4100,260.2,0.0,0.0,0.0,7,261.8,268.2,1,260.2,261.4,0.0,0.0,0.0,0.0,183
2023-05-11 09:30:46,IO2403-P-4100,IO2403-P-4100,260.2,0.0,0.0,0.0,6,261.8,268.2,1,260.2,261.4,0.0,0.0,0.0,0.0,183
2023-05-11 09:30:47,IO2403-P-4100,IO2403-P-4100,260.2,0.0,0.0,0.0,2,258.8,268.2,1,260.2,261.4,0.0,0.0,0.0,0.0,183
2023-05-11 09:30:47,IO2403-P-4100,IO2403-P-4100,260.2,0.0,0.0,0.0,1,259.4,268.2,1,260.2,261.4,0.0,0.0,0.0,0.0,183
2023-05-11 09:30:48,IO2403-P-4100,IO2403-P-4100,260.2,0.0,0.0,0.0,2,259.6,268.2,1,260.2,261.4,0.0,0.0,0.0,0.0,183
2023-05-11 09:30:49,IO2403-P-4100,IO2403-P-4100,260.2,0.0,0.0,0.0,7,259.4,267.0,1,260.2,261.4,0.0,0.0,0.0,0.0,183
2023-05-11 09:30:50,IO2403-P-4100,IO2403-P-4100,260.2,0.0,0.0,0.0,9,259.4,267.0,1,260.2,261.4,0.0,0.0,0.0,0.0,183
2023-05-11 09:30:52,IO2403-P-4100,IO2403-P-4100,260.2,0.0,0.0,0.0,1,261.2,267.0,1,260.2,261.4,0.0,0.0,0.0,0.0,183
2023-05-11 09:30:53,IO2403-P-4100,IO2403-P-4100,260.2,0.0,0.0,0.0,7,261.2,267.0,1,260.2,261.4,0.0,0.0,0.0,0.0,183
2023-05-11 09:30:53,IO2403-P-4100,IO2403-P-4100,260.2,0.0,0.0,0.0,6,261.2,267.0,1,260.2,261.4,0.0,0.0,0.0,0.0,183
2023-05-11 09:30:54,IO2403-P-4100,IO2403-P-4100,260.2,0.0,0.0,0.0,8,259.4,267.0,1,260.2,261.4,0.0,0.0,0.0,0.0,183
2023-05-11 09:30:56,IO2403-P-4100,IO2403-P-4100,260.2,0.0,0.0,0.0,6,259.4,267.0,1,260.2,261.4,0.0,0.0,0.0,0.0,183
2023-05-11 09:31:01,IO2403-P-4100,IO2403-P-4100,260.2,0.0,0.0,0.0,1,261.0,267.0,1,260.2,261.4,0.0,0.0,0.0,0.0,183
2023-05-11 09:31:01,IO2403-P-4100,IO2403-P-4100,260.2,0.0,0.0,0.0,7,261.0,267.0,1,260.2,261.4,0.0,0.0,0.0,0.0,183
2023-05-11 09:31:07,IO2403-P-4100,IO2403-P-4100,260.2,0.0,0.0,0.0,7,261.0,267.6,1,260.2,261.4,0.0,0.0,0.0,0.0,183
2023-05-11 09:31:09,IO2403-P-4100,IO2403-P-4100,260.2,0.0,0.0,0.0,1,262.0,267.6,1,260.2,261.4,0.0,0.0,0.0,0.0,183
2023-05-11 09:31:13,IO2403-P-4100,IO2403-P-4100,260.2,0.0,0.0,0.0,6,261.0,267.6,1,260.2,261.4,0.0,0.0,0.0,0.0,183
2023-05-11 09:31:21,IO2403-P-4100,IO2403-P-4100,260.2,0.0,0.0,0.0,1,261.4,267.6,1,260.2,261.4,0.0,0.0,0.0,0.0,183
2023-05-11 09:31:33,IO2403-P-4100,IO2403-P-4100,260.2,0.0,0.0,0.0,6,261.6,267.6,1,260.2,261.4,0.0,0.0,0.0,0.0,183
2023-05-11 09:31:37,IO2403-P-4100,IO2403-P-4100,260.2,0.0,0.0,0.0,1,262.4,267.6,1,260.2,261.4,0.0,0.0,0.0,0.0,183
2023-05-11 09:31:37,IO2403-P-4100,IO2403-P-4100,260.2,0.0,0.0,0.0,7,262.4,267.4,6,260.2,261.4,0.0,0.0,0.0,0.0,183
2023-05-11 09:31:38,IO2403-P-4100,IO2403-P-4100,260.2,0.0,0.0,0.0,7,262.4,267.0,1,260.2,261.4,0.0,0.0,0.0,0.0,183
2023-05-11 09:31:39,IO2403-P-4100,IO2403-P-4100,260.2,0.0,0.0,0.0,6,262.6,267.0,7,260.2,261.4,0.0,0.0,0.0,0.0,183
2023-05-11 09:31:41,IO2403-P-4100,IO2403-P-4100,260.2,0.0,0.0,0.0,6,262.6,266.6,1,260.2,261.4,0.0,0.0,0.0,0.0,183
2023-05-11 09:31:47,IO2403-P-4100,IO2403-P-4100,260.2,0.0,0.0,0.0,6,262.4,266.6,7,260.2,261.4,0.0,0.0,0.0,0.0,183
2023-05-11 09:31:47,IO2403-P-4100,IO2403-P-4100,260.2,0.0,0.0,0.0,6,262.4,266.0,1,260.2,261.4,0.0,0.0,0.0,0.0,183
2023-05-11 09:31:48,IO2403-P-4100,IO2403-P-4100,260.2,0.0,0.0,0.0,6,262.4,266.6,7,260.2,261.4,0.0,0.0,0.0,0.0,183
2023-05-11 09:31:49,IO2403-P-4100,IO2403-P-4100,260.2,0.0,0.0,0.0,6,262.4,266.6,6,260.2,261.4,0.0,0.0,0.0,0.0,183
2023-05-11 09:31:50,IO2403-P-4100,IO2403-P-4100,260.2,0.0,0.0,0.0,6,262.4,267.2,1,260.2,261.4,0.0,0.0,0.0,0.0,183
2023-05-11 09:31:50,IO2403-P-4100,IO2403-P-4100,260.2,0.0,0.0,0.0,6,262.6,267.0,6,260.2,261.4,0.0,0.0,0.0,0.0,183
2023-05-11 09:31:53,IO2403-P-4100,IO2403-P-4100,260.2,0.0,0.0,0.0,6,262.6,267.2,1,260.2,261.4,0.0,0.0,0.0,0.0,183
2023-05-11 09:31:56,IO2403-P-4100,IO2403-P-4100,260.2,0.0,0.0,0.0,6,262.6,267.0,6,260.2,261.4,0.0,0.0,0.0,0.0,183
2023-05-11 09:31:58,IO2403-P-4100,IO2403-P-4100,260.2,0.0,0.0,0.0,8,262.6,267.0,6,260.2,261.4,0.0,0.0,0.0,0.0,183
2023-05-11 09:31:58,IO2403-P-4100,IO2403-P-4100,260.2,0.0,0.0,0.0,6,262.6,267.0,6,260.2,261.4,0.0,0.0,0.0,0.0,183
2023-05-11 09:31:59,IO2403-P-4100,IO2403-P-4100,260.2,0.0,0.0,0.0,8,262.6,266.8,1,260.2,261.4,0.0,0.0,0.0,0.0,183
2023-05-11 09:31:59,IO2403-P-4100,IO2403-P-4100,260.2,0.0,0.0,0.0,6,262.6,266.8,1,260.2,261.4,0.0,0.0,0.0,0.0,183
2023-05-11 09:32:00,IO2403-P-4100,IO2403-P-4100,260.2,0.0,0.0,0.0,6,262.4,266.6,6,260.2,261.4,0.0,0.0,0.0,0.0,183
2023-05-11 09:32:03,IO2403-P-4100,IO2403-P-4100,260.2,0.0,0.0,0.0,6,262.4,266.4,1,260.2,261.4,0.0,0.0,0.0,0.0,183
2023-05-11 09:32:03,IO2403-P-4100,IO2403-P-4100,260.2,0.0,0.0,0.0,6,262.4,266.2,6,260.2,261.4,0.0,0.0,0.0,0.0,183
2023-05-11 09:32:04,IO2403-P-4100,IO2403-P-4100,260.2,0.0,0.0,0.0,6,262.4,266.8,6,260.2,261.4,0.0,0.0,0.0,0.0,183
2023-05-11 09:32:05,IO2403-P-4100,IO2403-P-4100,260.2,0.0,0.0,0.0,6,262.4,267.0,1,260.2,261.4,0.0,0.0,0.0,0.0,183
2023-05-11 09:32:05,IO2403-P-4100,IO2403-P-4100,260.2,0.0,0.0,0.0,12,262.4,266.8,6,260.2,261.4,0.0,0.0,0.0,0.0,183
2023-05-11 09:32:08,IO2403-P-4100,IO2403-P-4100,260.2,0.0,0.0,0.0,12,262.4,266.6,1,260.2,261.4,0.0,0.0,0.0,0.0,183
2023-05-11 09:32:11,IO2403-P-4100,IO2403-P-4100,260.2,0.0,0.0,0.0,12,262.4,266.8,6,260.2,261.4,0.0,0.0,0.0,0.0,183
2023-05-11 09:32:11,IO2403-P-4100,IO2403-P-4100,260.2,0.0,0.0,0.0,6,262.4,266.8,1,260.2,261.4,0.0,0.0,0.0,0.0,183
2023-05-11 09:32:12,IO2403-P-4100,IO2403-P-4100,260.2,0.0,0.0,0.0,12,262.4,266.8,7,260.2,261.4,0.0,0.0,0.0,0.0,183
2023-05-11 09:32:13,IO2403-P-4100,IO2403-P-4100,260.2,0.0,0.0,0.0,12,262.4,266.2,1,260.2,261.4,0.0,0.0,0.0,0.0,183
2023-05-11 09:32:15,IO2403-P-4100,IO2403-P-4100,260.2,0.0,0.0,0.0,6,262.4,266.2,7,260.2,261.4,0.0,0.0,0.0,0.0,183
2023-05-11 09:32:15,IO2403-P-4100,IO2403-P-4100,260.2,0.0,0.0,0.0,6,262.4,265.8,1,260.2,261.4,0.0,0.0,0.0,0.0,183
2023-05-11 09:32:19,IO2403-P-4100,IO2403-P-4100,260.2,0.0,0.0,0.0,6,262.4,265.6,6,260.2,261.4,0.0,0.0,0.0,0.0,183
2023-05-11 09:32:20,IO2403-P-4100,IO2403-P-4100,260.2,0.0,0.0,0.0,6,262.4,265.0,1,260.2,261.4,0.0,0.0,0.0,0.0,183
2023-05-11 09:32:21,IO2403-P-4100,IO2403-P-4100,260.2,0.0,0.0,0.0,6,262.4,265.8,1,260.2,261.4,0.0,0.0,0.0,0.0,183
2023-05-11 09:32:22,IO2403-P-4100,IO2403-P-4100,260.2,0.0,0.0,0.0,6,262.6,265.8,1,260.2,261.4,0.0,0.0,0.0,0.0,183
2023-05-11 09:32:33,IO2403-P-4100,IO2403-P-4100,260.2,0.0,0.0,0.0,6,262.6,266.0,1,260.2,261.4,0.0,0.0,0.0,0.0,183
2023-05-11 09:32:39,IO2403-P-4100,IO2403-P-4100,260.2,0.0,0.0,0.0,6,262.6,266.0,2,260.2,261.4,0.0,0.0,0.0,0.0,183
2023-05-11 09:32:43,IO2403-P-4100,IO2403-P-4100,260.2,0.0,0.0,0.0,6,262.6,266.0,1,260.2,261.4,0.0,0.0,0.0,0.0,183
2023-05-11 09:32:44,IO2403-P-4100,IO2403-P-4100,260.2,0.0,0.0,0.0,6,262.6,266.4,1,260.2,261.4,0.0,0.0,0.0,0.0,183
2023-05-11 09:32:44,IO2403-P-4100,IO2403-P-4100,260.2,0.0,0.0,0.0,6,262.6,266.2,1,260.2,261.4,0.0,0.0,0.0,0.0,183
2023-05-11 09:32:49,IO2403-P-4100,IO2403-P-4100,260.2,0.0,0.0,0.0,6,262.6,266.4,1,260.2,261.4,0.0,0.0,0.0,0.0,183
2023-05-11 09:32:50,IO2403-P-4100,IO2403-P-4100,260.2,0.0,0.0,0.0,6,262.6,266.2,1,260.2,261.4,0.0,0.0,0.0,0.0,183
2023-05-11 09:33:03,IO2403-P-4100,IO2403-P-4100,260.2,0.0,0.0,0.0,6,262.6,266.6,12,260.2,261.4,0.0,0.0,0.0,0.0,183
2023-05-11 09:33:04,IO2403-P-4100,IO2403-P-4100,260.2,0.0,0.0,0.0,6,262.6,266.8,1,260.2,261.4,0.0,0.0,0.0,0.0,183
2023-05-11 09:33:11,IO2403-P-4100,IO2403-P-4100,260.2,0.0,0.0,0.0,1,263.0,266.8,1,260.2,261.4,0.0,0.0,0.0,0.0,183
2023-05-11 09:33:12,IO2403-P-4100,IO2403-P-4100,260.2,0.0,0.0,0.0,6,263.2,267.0,12,260.2,261.4,0.0,0.0,0.0,0.0,183
2023-05-11 09:33:12,IO2403-P-4100,IO2403-P-4100,260.2,0.0,0.0,0.0,6,263.2,267.4,7,260.2,261.4,0.0,0.0,0.0,0.0,183
2023-05-11 09:33:13,IO2403-P-4100,IO2403-P-4100,260.2,0.0,0.0,0.0,6,263.2,267.4,1,260.2,261.4,0.0,0.0,0.0,0.0,183
2023-05-11 09:33:18,IO2403-P-4100,IO2403-P-4100,260.2,0.0,0.0,0.0,6,262.6,267.4,1,260.2,261.4,0.0,0.0,0.0,0.0,183
2023-05-11 09:33:29,IO2403-P-4100,IO2403-P-4100,260.2,0.0,0.0,0.0,8,262.6,267.4,1,260.2,261.4,0.0,0.0,0.0,0.0,183
2023-05-11 09:33:30,IO2403-P-4100,IO2403-P-4100,260.2,0.0,0.0,0.0,6,262.8,267.4,1,260.2,261.4,0.0,0.0,0.0,0.0,183
2023-05-11 09:33:31,IO2403-P-4100,IO2403-P-4100,260.2,0.0,0.0,0.0,2,263.0,267.4,1,260.2,261.4,0.0,0.0,0.0,0.0,183
2023-05-11 09:33:32,IO2403-P-4100,IO2403-P-4100,260.2,0.0,0.0,0.0,7,263.2,267.4,1,260.2,261.4,0.0,0.0,0.0,0.0,183
2023-05-11 09:33:32,IO2403-P-4100,IO2403-P-4100,260.2,0.0,0.0,0.0,6,263.4,267.4,1,260.2,261.4,0.0,0.0,0.0,0.0,183
2023-05-11 09:33:40,IO2403-P-4100,IO2403-P-4100,260.2,0.0,0.0,0.0,6,262.6,267.4,1,260.2,261.4,0.0,0.0,0.0,0.0,183
2023-05-11 09:33:41,IO2403-P-4100,IO2403-P-4100,260.2,0.0,0.0,0.0,2,262.8,267.4,1,260.2,261.4,0.0,0.0,0.0,0.0,183
2023-05-11 09:33:41,IO2403-P-4100,IO2403-P-4100,260.2,0.0,0.0,0.0,6,263.0,267.4,1,260.2,261.4,0.0,0.0,0.0,0.0,183
2023-05-11 09:33:42,IO2403-P-4100,IO2403-P-4100,260.2,0.0,0.0,0.0,6,262.6,267.4,1,260.2,261.4,0.0,0.0,0.0,0.0,183
2023-05-11 09:33:42,IO2403-P-4100,IO2403-P-4100,260.2,0.0,0.0,0.0,8,262.6,267.4,1,260.2,261.4,0.0,0.0,0.0,0.0,183
2023-05-11 09:33:43,IO2403-P-4100,IO2403-P-4100,260.2,0.0,0.0,0.0,6,262.8,267.4,1,260.2,261.4,0.0,0.0,0.0,0.0,183
2023-05-11 09:33:43,IO2403-P-4100,IO2403-P-4100,260.2,0.0,0.0,0.0,6,262.6,267.4,1,260.2,261.4,0.0,0.0,0.0,0.0,183
2023-05-11 09:33:45,IO2403-P-4100,IO2403-P-4100,260.2,0.0,0.0,0.0,6,262.6,267.4,7,260.2,261.4,0.0,0.0,0.0,0.0,183
2023-05-11 09:33:47,IO2403-P-4100,IO2403-P-4100,260.2,0.0,0.0,0.0,6,262.6,264.8,1,260.2,261.4,0.0,0.0,0.0,0.0,183
2023-05-11 09:33:48,IO2403-P-4100,IO2403-P-4100,260.2,0.0,0.0,0.0,24,262.4,264.8,1,260.2,261.4,0.0,0.0,0.0,0.0,183
2023-05-11 09:33:48,IO2403-P-4100,IO2403-P-4100,260.2,0.0,0.0,0.0,12,262.4,264.8,1,260.2,261.4,0.0,0.0,0.0,0.0,183
2023-05-11 09:33:49,IO2403-P-4100,IO2403-P-4100,260.2,0.0,0.0,0.0,6,262.4,264.8,1,260.2,261.4,0.0,0.0,0.0,0.0,183
2023-05-11 09:33:59,IO2403-P-4100,IO2403-P-4100,260.2,0.0,0.0,0.0,6,262.4,265.4,1,260.2,261.4,0.0,0.0,0.0,0.0,183
2023-05-11 09:34:16,IO2403-P-4100,IO2403-P-4100,260.2,0.0,0.0,0.0,6,262.4,266.0,1,260.2,261.4,0.0,0.0,0.0,0.0,183
2023-05-11 09:34:21,IO2403-P-4100,IO2403-P-4100,260.2,0.0,0.0,0.0,6,262.4,265.8,6,260.2,261.4,0.0,0.0,0.0,0.0,183
2023-05-11 09:34:22,IO2403-P-4100,IO2403-P-4100,260.2,0.0,0.0,0.0,6,262.4,265.2,1,260.2,261.4,0.0,0.0,0.0,0.0,183
2023-05-11 09:34:33,IO2403-P-4100,IO2403-P-4100,260.2,0.0,0.0,0.0,6,262.4,265.8,1,260.2,261.4,0.0,0.0,0.0,0.0,183
2023-05-11 09:34:34,IO2403-P-4100,IO2403-P-4100,260.2,0.0,0.0,0.0,6,262.6,265.8,1,260.2,261.4,0.0,0.0,0.0,0.0,183
2023-05-11 09:34:38,IO2403-P-4100,IO2403-P-4100,260.2,0.0,0.0,0.0,1,262.8,266.4,1,260.2,261.4,0.0,0.0,0.0,0.0,183
2023-05-11 09:34:38,IO2403-P-4100,IO2403-P-4100,260.2,0.0,0.0,0.0,6,263.0,266.4,1,260.2,261.4,0.0,0.0,0.0,0.0,183
2023-05-11 09:34:39,IO2403-P-4100,IO2403-P-4100,260.2,0.0,0.0,0.0,6,263.0,266.8,12,260.2,261.4,0.0,0.0,0.0,0.0,183
2023-05-11 09:34:40,IO2403-P-4100,IO2403-P-4100,260.2,0.0,0.0,0.0,6,263.0,267.0,1,260.2,261.4,0.0,0.0,0.0,0.0,183
2023-05-11 09:34:48,IO2403-P-4100,IO2403-P-4100,260.2,0.0,0.0,0.0,6,262.6,267.0,1,260.2,261.4,0.0,0.0,0.0,0.0,183
2023-05-11 09:35:02,IO2403-P-4100,IO2403-P-4100,260.2,0.0,0.0,0.0,8,262.6,267.0,1,260.2,261.4,0.0,0.0,0.0,0.0,183
2023-05-11 09:35:03,IO2403-P-4100,IO2403-P-4100,260.2,0.0,0.0,0.0,6,262.8,267.0,1,260.2,261.4,0.0,0.0,0.0,0.0,183
2023-05-11 09:35:05,IO2403-P-4100,IO2403-P-4100,260.2,0.0,0.0,0.0,2,262.8,267.0,1,260.2,261.4,0.0,0.0,0.0,0.0,183
2023-05-11 09:35:06,IO2403-P-4100,IO2403-P-4100,260.2,0.0,0.0,0.0,6,263.0,267.0,1,260.2,261.4,0.0,0.0,0.0,0.0,183
2023-05-11 09:35:07,IO2403-P-4100,IO2403-P-4100,260.2,0.0,0.0,0.0,4,263.2,267.4,6,260.2,261.4,0.0,0.0,0.0,0.0,183
2023-05-11 09:35:07,IO2403-P-4100,IO2403-P-4100,260.2,0.0,0.0,0.0,6,263.4,267.8,19,260.2,261.4,0.0,0.0,0.0,0.0,183
2023-05-11 09:35:08,IO2403-P-4100,IO2403-P-4100,260.2,0.0,0.0,0.0,6,263.4,267.8,1,260.2,261.4,0.0,0.0,0.0,0.0,183
2023-05-11 09:35:11,IO2403-P-4100,IO2403-P-4100,260.2,0.0,0.0,0.0,6,263.0,267.8,1,260.2,261.4,0.0,0.0,0.0,0.0,183
2023-05-11 09:35:12,IO2403-P-4100,IO2403-P-4100,260.2,0.0,0.0,0.0,6,263.0,267.8,7,260.2,261.4,0.0,0.0,0.0,0.0,183
2023-05-11 09:35:13,IO2403-P-4100,IO2403-P-4100,260.2,0.0,0.0,0.0,6,263.0,267.8,1,260.2,261.4,0.0,0.0,0.0,0.0,183
2023-05-11 09:35:18,IO2403-P-4100,IO2403-P-4100,260.2,0.0,0.0,0.0,18,262.8,267.6,6,260.2,261.4,0.0,0.0,0.0,0.0,183
2023-05-11 09:35:18,IO2403-P-4100,IO2403-P-4100,260.2,0.0,0.0,0.0,6,262.8,267.6,6,260.2,261.4,0.0,0.0,0.0,0.0,183
2023-05-11 09:35:19,IO2403-P-4100,IO2403-P-4100,260.2,0.0,0.0,0.0,6,262.6,267.6,6,260.2,261.4,0.0,0.0,0.0,0.0,183
2023-05-11 09:35:19,IO2403-P-4100,IO2403-P-4100,260.2,0.0,0.0,0.0,30,262.4,265.6,1,260.2,261.4,0.0,0.0,0.0,0.0,183
2023-05-11 09:35:20,IO2403-P-4100,IO2403-P-4100,260.2,0.0,0.0,0.0,18,262.4,265.6,1,260.2,261.4,0.0,0.0,0.0,0.0,183
2023-05-11 09:35:21,IO2403-P-4100,IO2403-P-4100,260.2,0.0,0.0,0.0,6,262.6,265.6,1,260.2,261.4,0.0,0.0,0.0,0.0,183
2023-05-11 09:35:22,IO2403-P-4100,IO2403-P-4100,260.2,0.0,0.0,0.0,6,262.6,266.4,1,260.2,261.4,0.0,0.0,0.0,0.0,183
2023-05-11 09:35:28,IO2403-P-4100,IO2403-P-4100,260.2,0.0,0.0,0.0,6,262.6,266.8,1,260.2,261.4,0.0,0.0,0.0,0.0,183
2023-05-11 09:35:28,IO2403-P-4100,IO2403-P-4100,260.2,0.0,0.0,0.0,1,263.2,266.8,1,260.2,261.4,0.0,0.0,0.0,0.0,183
2023-05-11 09:35:29,IO2403-P-4100,IO2403-P-4100,260.2,0.0,0.0,0.0,6,263.4,267.8,18,260.2,261.4,0.0,0.0,0.0,0.0,183
2023-05-11 09:35:29,IO2403-P-4100,IO2403-P-4100,260.2,0.0,0.0,0.0,6,263.4,267.6,1,260.2,261.4,0.0,0.0,0.0,0.0,183
2023-05-11 09:35:33,IO2403-P-4100,IO2403-P-4100,260.2,0.0,0.0,0.0,6,262.6,267.6,1,260.2,261.4,0.0,0.0,0.0,0.0,183
2023-05-11 09:35:35,IO2403-P-4100,IO2403-P-4100,260.2,0.0,0.0,0.0,6,262.6,267.6,2,260.2,261.4,0.0,0.0,0.0,0.0,183
2023-05-11 09:35:36,IO2403-P-4100,IO2403-P-4100,260.2,0.0,0.0,0.0,6,262.6,265.6,1,260.2,261.4,0.0,0.0,0.0,0.0,183
2023-05-11 09:35:38,IO2403-P-4100,IO2403-P-4100,260.2,0.0,0.0,0.0,6,262.6,266.4,1,260.2,261.4,0.0,0.0,0.0,0.0,183
2023-05-11 09:35:59,IO2403-P-4100,IO2403-P-4100,260.2,0.0,0.0,0.0,8,262.6,266.4,1,260.2,261.4,0.0,0.0,0.0,0.0,183
2023-05-11 09:36:00,IO2403-P-4100,IO2403-P-4100,260.2,0.0,0.0,0.0,6,262.8,266.4,1,260.2,261.4,0.0,0.0,0.0,0.0,183
2023-05-11 09:36:02,IO2403-P-4100,IO2403-P-4100,260.2,0.0,0.0,0.0,6,262.6,266.4,1,260.2,261.4,0.0,0.0,0.0,0.0,183
2023-05-11 09:36:12,IO2403-P-4100,IO2403-P-4100,260.2,0.0,0.0,0.0,8,262.6,266.4,1,260.2,261.4,0.0,0.0,0.0,0.0,183
2023-05-11 09:36:12,IO2403-P-4100,IO2403-P-4100,260.2,0.0,0.0,0.0,6,262.8,266.4,1,260.2,261.4,0.0,0.0,0.0,0.0,183
2023-05-11 09:36:13,IO2403-P-4100,IO2403-P-4100,260.2,0.0,0.0,0.0,6,262.8,267.2,1,260.2,261.4,0.0,0.0,0.0,0.0,183
2023-05-11 09:36:13,IO2403-P-4100,IO2403-P-4100,260.2,0.0,0.0,0.0,8,262.8,267.2,1,260.2,261.4,0.0,0.0,0.0,0.0,183
2023-05-11 09:36:14,IO2403-P-4100,IO2403-P-4100,260.2,0.0,0.0,0.0,6,263.0,267.2,1,260.2,261.4,0.0,0.0,0.0,0.0,183
2023-05-11 09:36:14,IO2403-P-4100,IO2403-P-4100,260.2,0.0,0.0,0.0,8,263.0,267.2,1,260.2,261.4,0.0,0.0,0.0,0.0,183
2023-05-11 09:36:15,IO2403-P-4100,IO2403-P-4100,260.2,0.0,0.0,0.0,6,263.2,267.2,1,260.2,261.4,0.0,0.0,0.0,0.0,183
2023-05-11 09:36:15,IO2403-P-4100,IO2403-P-4100,260.2,0.0,0.0,0.0,6,262.6,267.2,1,260.2,261.4,0.0,0.0,0.0,0.0,183
2023-05-11 09:36:16,IO2403-P-4100,IO2403-P-4100,260.2,0.0,0.0,0.0,2,262.8,267.2,1,260.2,261.4,0.0,0.0,0.0,0.0,183
2023-05-11 09:36:16,IO2403-P-4100,IO2403-P-4100,260.2,0.0,0.0,0.0,6,263.0,267.2,1,260.2,261.4,0.0,0.0,0.0,0.0,183
2023-05-11 09:36:19,IO2403-P-4100,IO2403-P-4100,260.2,0.0,0.0,0.0,6,262.6,267.2,1,260.2,261.4,0.0,0.0,0.0,0.0,183
2023-05-11 09:36:20,IO2403-P-4100,IO2403-P-4100,260.2,0.0,0.0,0.0,8,262.6,267.2,1,260.2,261.4,0.0,0.0,0.0,0.0,183
2023-05-11 09:36:20,IO2403-P-4100,IO2403-P-4100,260.2,0.0,0.0,0.0,6,262.8,267.2,1,260.2,261.4,0.0,0.0,0.0,0.0,183
2023-05-11 09:36:21,IO2403-P-4100,IO2403-P-4100,260.2,0.0,0.0,0.0,6,262.6,267.2,1,260.2,261.4,0.0,0.0,0.0,0.0,183
2023-05-11 09:36:23,IO2403-P-4100,IO2403-P-4100,260.2,0.0,0.0,0.0,8,262.6,267.2,1,260.2,261.4,0.0,0.0,0.0,0.0,183
2023-05-11 09:36:24,IO2403-P-4100,IO2403-P-4100,260.2,0.0,0.0,0.0,6,262.8,267.2,1,260.2,261.4,0.0,0.0,0.0,0.0,183
2023-05-11 09:36:24,IO2403-P-4100,IO2403-P-4100,260.2,0.0,0.0,0.0,6,262.6,267.2,1,260.2,261.4,0.0,0.0,0.0,0.0,183
2023-05-11 09:36:25,IO2403-P-4100,IO2403-P-4100,260.2,0.0,0.0,0.0,8,262.6,267.2,1,260.2,261.4,0.0,0.0,0.0,0.0,183
2023-05-11 09:36:25,IO2403-P-4100,IO2403-P-4100,260.2,0.0,0.0,0.0,6,262.8,267.2,1,260.2,261.4,0.0,0.0,0.0,0.0,183
2023-05-11 09:36:26,IO2403-P-4100,IO2403-P-4100,260.2,0.0,0.0,0.0,6,262.6,267.2,1,260.2,261.4,0.0,0.0,0.0,0.0,183
2023-05-11 09:36:30,IO2403-P-4100,IO2403-P-4100,260.2,0.0,0.0,0.0,8,262.6,267.2,1,260.2,261.4,0.0,0.0,0.0,0.0,183
2023-05-11 09:36:31,IO2403-P-4100,IO2403-P-4100,260.2,0.0,0.0,0.0,6,262.8,267.2,1,260.2,261.4,0.0,0.0,0.0,0.0,183
2023-05-11 09:36:33,IO2403-P-4100,IO2403-P-4100,260.2,0.0,0.0,0.0,6,262.6,267.2,1,260.2,261.4,0.0,0.0,0.0,0.0,183
2023-05-11 09:36:59,IO2403-P-4100,IO2403-P-4100,260.2,0.0,0.0,0.0,1,263.0,267.2,1,260.2,261.4,0.0,0.0,0.0,0.0,183
2023-05-11 09:36:59,IO2403-P-4100,IO2403-P-4100,260.2,0.0,0.0,0.0,6,263.2,267.2,1,260.2,261.4,0.0,0.0,0.0,0.0,183
2023-05-11 09:37:01,IO2403-P-4100,IO2403-P-4100,260.2,0.0,0.0,0.0,6,263.2,268.0,2,260.2,261.4,0.0,0.0,0.0,0.0,183
2023-05-11 09:37:02,IO2403-P-4100,IO2403-P-4100,260.2,0.0,0.0,0.0,8,263.2,268.0,1,260.2,261.4,0.0,0.0,0.0,0.0,183
2023-05-11 09:37:03,IO2403-P-4100,IO2403-P-4100,260.2,0.0,0.0,0.0,6,263.4,268.0,1,260.2,261.4,0.0,0.0,0.0,0.0,183
2023-05-11 09:37:04,IO2403-P-4100,IO2403-P-4100,260.2,0.0,0.0,0.0,6,263.2,268.0,1,260.2,261.4,0.0,0.0,0.0,0.0,183
2023-05-11 09:37:08,IO2403-P-4100,IO2403-P-4100,260.2,0.0,0.0,0.0,8,263.2,268.0,1,260.2,261.4,0.0,0.0,0.0,0.0,183
2023-05-11 09:37:08,IO2403-P-4100,IO2403-P-4100,260.2,0.0,0.0,0.0,6,263.4,268.0,1,260.2,261.4,0.0,0.0,0.0,0.0,183
2023-05-11 09:37:09,IO2403-P-4100,IO2403-P-4100,260.2,0.0,0.0,0.0,6,263.2,268.0,1,260.2,261.4,0.0,0.0,0.0,0.0,183
2023-05-11 09:37:09,IO2403-P-4100,IO2403-P-4100,260.2,0.0,0.0,0.0,8,263.2,268.0,1,260.2,261.4,0.0,0.0,0.0,0.0,183
2023-05-11 09:37:10,IO2403-P-4100,IO2403-P-4100,260.2,0.0,0.0,0.0,6,263.4,268.0,1,260.2,261.4,0.0,0.0,0.0,0.0,183
2023-05-11 09:37:10,IO2403-P-4100,IO2403-P-4100,260.2,0.0,0.0,0.0,6,263.2,268.0,1,260.2,261.4,0.0,0.0,0.0,0.0,183
2023-05-11 09:37:11,IO2403-P-4100,IO2403-P-4100,260.2,0.0,0.0,0.0,1,264.0,268.0,1,260.2,261.4,0.0,0.0,0.0,0.0,183
2023-05-11 09:37:12,IO2403-P-4100,IO2403-P-4100,260.2,0.0,0.0,0.0,6,264.2,268.0,1,260.2,261.4,0.0,0.0,0.0,0.0,183
2023-05-11 09:37:16,IO2403-P-4100,IO2403-P-4100,260.2,0.0,0.0,0.0,6,264.2,268.4,12,260.2,261.4,0.0,0.0,0.0,0.0,183
2023-05-11 09:37:17,IO2403-P-4100,IO2403-P-4100,260.2,0.0,0.0,0.0,6,264.2,268.8,31,260.2,261.4,0.0,0.0,0.0,0.0,183
2023-05-11 09:37:17,IO2403-P-4100,IO2403-P-4100,260.2,0.0,0.0,0.0,6,264.2,268.8,1,260.2,261.4,0.0,0.0,0.0,0.0,183
2023-05-11 09:37:23,IO2403-P-4100,IO2403-P-4100,260.2,0.0,0.0,0.0,18,264.0,268.6,6,260.2,261.4,0.0,0.0,0.0,0.0,183
2023-05-11 09:37:23,IO2403-P-4100,IO2403-P-4100,260.2,0.0,0.0,0.0,1,264.8,268.6,6,260.2,261.4,0.0,0.0,0.0,0.0,183
2023-05-11 09:37:25,IO2403-P-4100,IO2403-P-4100,260.2,0.0,0.0,0.0,1,264.8,268.8,6,260.2,261.4,0.0,0.0,0.0,0.0,183
2023-05-11 09:37:28,IO2403-P-4100,IO2403-P-4100,260.2,0.0,0.0,0.0,6,264.6,267.2,1,260.2,261.4,0.0,0.0,0.0,0.0,183
2023-05-11 09:37:28,IO2403-P-4100,IO2403-P-4100,260.2,0.0,0.0,0.0,6,264.2,267.2,1,260.2,261.4,0.0,0.0,0.0,0.0,183
2023-05-11 09:37:33,IO2403-P-4100,IO2403-P-4100,260.2,0.0,0.0,0.0,6,264.2,268.0,1,260.2,261.4,0.0,0.0,0.0,0.0,183
2023-05-11 09:37:33,IO2403-P-4100,IO2403-P-4100,260.2,0.0,0.0,0.0,6,264.2,268.6,1,260.2,261.4,0.0,0.0,0.0,0.0,183
2023-05-11 09:37:34,IO2403-P-4100,IO2403-P-4100,260.2,0.0,0.0,0.0,6,264.2,268.4,1,260.2,261.4,0.0,0.0,0.0,0.0,183
2023-05-11 09:37:55,IO2403-P-4100,IO2403-P-4100,260.2,0.0,0.0,0.0,6,264.2,268.4,2,260.2,261.4,0.0,0.0,0.0,0.0,183
2023-05-11 09:37:56,IO2403-P-4100,IO2403-P-4100,260.2,0.0,0.0,0.0,6,264.2,267.6,1,260.2,261.4,0.0,0.0,0.0,0.0,183
2023-05-11 09:38:00,IO2403-P-4100,IO2403-P-4100,260.2,0.0,0.0,0.0,12,264.0,267.6,1,260.2,261.4,0.0,0.0,0.0,0.0,183
2023-05-11 09:38:01,IO2403-P-4100,IO2403-P-4100,260.2,0.0,0.0,0.0,6,264.0,267.6,1,260.2,261.4,0.0,0.0,0.0,0.0,183
2023-05-11 09:38:06,IO2403-P-4100,IO2403-P-4100,260.2,0.0,0.0,0.0,6,264.0,267.6,7,260.2,261.4,0.0,0.0,0.0,0.0,183
2023-05-11 09:38:06,IO2403-P-4100,IO2403-P-4100,260.2,0.0,0.0,0.0,6,264.0,266.4,1,260.2,261.4,0.0,0.0,0.0,0.0,183
2023-05-11 09:38:15,IO2403-P-4100,IO2403-P-4100,260.2,0.0,0.0,0.0,6,264.0,267.2,1,260.2,261.4,0.0,0.0,0.0,0.0,183
2023-05-11 09:38:15,IO2403-P-4100,IO2403-P-4100,260.2,0.0,0.0,0.0,6,264.0,267.0,1,260.2,261.4,0.0,0.0,0.0,0.0,183
2023-05-11 09:38:33,IO2403-P-4100,IO2403-P-4100,260.2,0.0,0.0,0.0,6,264.0,267.0,2,260.2,261.4,0.0,0.0,0.0,0.0,183
2023-05-11 09:38:35,IO2403-P-4100,IO2403-P-4100,260.2,0.0,0.0,0.0,6,264.0,266.4,1,260.2,261.4,0.0,0.0,0.0,0.0,183
2023-05-11 09:38:57,IO2403-P-4100,IO2403-P-4100,260.2,0.0,0.0,0.0,18,263.0,266.2,6,260.2,261.4,0.0,0.0,0.0,0.0,183
2023-05-11 09:38:58,IO2403-P-4100,IO2403-P-4100,260.2,0.0,0.0,0.0,6,263.0,265.4,1,260.2,261.4,0.0,0.0,0.0,0.0,183
2023-05-11 09:38:58,IO2403-P-4100,IO2403-P-4100,260.2,0.0,0.0,0.0,6,262.8,265.4,1,260.2,261.4,0.0,0.0,0.0,0.0,183
2023-05-11 09:39:11,IO2403-P-4100,IO2403-P-4100,260.2,0.0,0.0,0.0,6,262.8,265.6,6,260.2,261.4,0.0,0.0,0.0,0.0,183
2023-05-11 09:39:12,IO2403-P-4100,IO2403-P-4100,260.2,0.0,0.0,0.0,6,262.8,266.2,2,260.2,261.4,0.0,0.0,0.0,0.0,183
2023-05-11 09:39:12,IO2403-P-4100,IO2403-P-4100,260.2,0.0,0.0,0.0,6,262.8,266.2,1,260.2,261.4,0.0,0.0,0.0,0.0,183
2023-05-11 09:39:14,IO2403-P-4100,IO2403-P-4100,260.2,0.0,0.0,0.0,6,262.8,266.6,19,260.2,261.4,0.0,0.0,0.0,0.0,183
2023-05-11 09:39:14,IO2403-P-4100,IO2403-P-4100,260.2,0.0,0.0,0.0,6,262.8,266.6,7,260.2,261.4,0.0,0.0,0.0,0.0,183
2023-05-11 09:39:15,IO2403-P-4100,IO2403-P-4100,260.2,0.0,0.0,0.0,6,262.8,266.6,1,260.2,261.4,0.0,0.0,0.0,0.0,183
2023-05-11 09:39:22,IO2403-P-4100,IO2403-P-4100,260.2,0.0,0.0,0.0,6,262.8,266.4,1,260.2,261.4,0.0,0.0,0.0,0.0,183
2023-05-11 09:39:24,IO2403-P-4100,IO2403-P-4100,260.2,0.0,0.0,0.0,6,262.8,266.2,1,260.2,261.4,0.0,0.0,0.0,0.0,183
2023-05-11 09:39:44,IO2403-P-4100,IO2403-P-4100,260.2,0.0,0.0,0.0,6,262.8,266.2,2,260.2,261.4,0.0,0.0,0.0,0.0,183
2023-05-11 09:39:44,IO2403-P-4100,IO2403-P-4100,260.2,0.0,0.0,0.0,6,262.8,265.6,1,260.2,261.4,0.0,0.0,0.0,0.0,183
2023-05-11 09:40:10,IO2403-P-4100,IO2403-P-4100,260.2,0.0,0.0,0.0,6,262.8,266.0,18,260.2,261.4,0.0,0.0,0.0,0.0,183
2023-05-11 09:40:10,IO2403-P-4100,IO2403-P-4100,260.2,0.0,0.0,0.0,6,262.8,266.2,1,260.2,261.4,0.0,0.0,0.0,0.0,183
2023-05-11 09:40:12,IO2403-P-4100,IO2403-P-4100,260.2,0.0,0.0,0.0,6,262.8,266.2,2,260.2,261.4,0.0,0.0,0.0,0.0,183
2023-05-11 09:40:13,IO2403-P-4100,IO2403-P-4100,260.2,0.0,0.0,0.0,6,262.8,266.2,1,260.2,261.4,0.0,0.0,0.0,0.0,183
2023-05-11 09:40:15,IO2403-P-4100,IO2403-P-4100,260.2,0.0,0.0,0.0,6,262.8,265.8,1,260.2,261.4,0.0,0.0,0.0,0.0,183
2023-05-11 09:40:16,IO2403-P-4100,IO2403-P-4100,260.2,0.0,0.0,0.0,6,262.8,265.8,7,260.2,261.4,0.0,0.0,0.0,0.0,183
2023-05-11 09:40:20,IO2403-P-4100,IO2403-P-4100,260.2,0.0,0.0,0.0,6,262.8,265.2,1,260.2,261.4,0.0,0.0,0.0,0.0,183
2023-05-11 09:40:25,IO2403-P-4100,IO2403-P-4100,260.2,0.0,0.0,0.0,6,262.8,265.8,6,260.2,261.4,0.0,0.0,0.0,0.0,183
2023-05-11 09:40:41,IO2403-P-4100,IO2403-P-4100,260.2,0.0,0.0,0.0,6,262.8,266.4,25,260.2,261.4,0.0,0.0,0.0,0.0,183
2023-05-11 09:40:41,IO2403-P-4100,IO2403-P-4100,260.2,0.0,0.0,0.0,6,262.8,266.4,8,260.2,261.4,0.0,0.0,0.0,0.0,183
2023-05-11 09:40:52,IO2403-P-4100,IO2403-P-4100,260.2,0.0,0.0,0.0,6,262.8,266.2,1,260.2,261.4,0.0,0.0,0.0,0.0,183
2023-05-11 09:40:59,IO2403-P-4100,IO2403-P-4100,260.2,0.0,0.0,0.0,6,262.8,266.4,7,260.2,261.4,0.0,0.0,0.0,0.0,183
2023-05-11 09:41:07,IO2403-P-4100,IO2403-P-4100,260.2,0.0,0.0,0.0,6,262.8,266.4,6,260.2,261.4,0.0,0.0,0.0,0.0,183
2023-05-11 09:41:08,IO2403-P-4100,IO2403-P-4100,260.2,0.0,0.0,0.0,6,262.8,266.8,18,260.2,261.4,0.0,0.0,0.0,0.0,183
2023-05-11 09:41:08,IO2403-P-4100,IO2403-P-4100,260.2,0.0,0.0,0.0,6,262.8,267.0,14,260.2,261.4,0.0,0.0,0.0,0.0,183
2023-05-11 09:41:09,IO2403-P-4100,IO2403-P-4100,260.2,0.0,0.0,0.0,6,262.8,267.0,8,260.2,261.4,0.0,0.0,0.0,0.0,183
2023-05-11 09:41:11,IO2403-P-4100,IO2403-P-4100,260.2,0.0,0.0,0.0,6,262.8,267.0,7,260.2,261.4,0.0,0.0,0.0,0.0,183
2023-05-11 09:41:18,IO2403-P-4100,IO2403-P-4100,260.2,0.0,0.0,0.0,6,263.0,267.0,1,260.2,261.4,0.0,0.0,0.0,0.0,183
2023-05-11 09:41:30,IO2403-P-4100,IO2403-P-4100,260.2,0.0,0.0,0.0,6,262.8,267.0,7,260.2,261.4,0.0,0.0,0.0,0.0,183
2023-05-11 09:42:02,IO2403-P-4100,IO2403-P-4100,260.2,0.0,0.0,0.0,6,263.0,267.0,1,260.2,261.4,0.0,0.0,0.0,0.0,183
2023-05-11 09:42:07,IO2403-P-4100,IO2403-P-4100,260.2,0.0,0.0,0.0,6,262.8,267.0,7,260.2,261.4,0.0,0.0,0.0,0.0,183
2023-05-11 09:42:08,IO2403-P-4100,IO2403-P-4100,260.2,0.0,0.0,0.0,6,263.0,267.0,1,260.2,261.4,0.0,0.0,0.0,0.0,183
2023-05-11 09:42:15,IO2403-P-4100,IO2403-P-4100,260.2,0.0,0.0,0.0,1,263.2,267.0,1,260.2,261.4,0.0,0.0,0.0,0.0,183
2023-05-11 09:42:16,IO2403-P-4100,IO2403-P-4100,260.2,0.0,0.0,0.0,7,263.2,267.2,12,260.2,261.4,0.0,0.0,0.0,0.0,183
2023-05-11 09:42:16,IO2403-P-4100,IO2403-P-4100,260.2,0.0,0.0,0.0,6,263.4,267.6,12,260.2,261.4,0.0,0.0,0.0,0.0,183
2023-05-11 09:42:17,IO2403-P-4100,IO2403-P-4100,260.2,0.0,0.0,0.0,6,263.4,267.8,1,260.2,261.4,0.0,0.0,0.0,0.0,183
2023-05-11 09:42:20,IO2403-P-4100,IO2403-P-4100,260.2,0.0,0.0,0.0,1,263.2,267.8,7,260.2,261.4,0.0,0.0,0.0,0.0,183
2023-05-11 09:42:21,IO2403-P-4100,IO2403-P-4100,260.2,0.0,0.0,0.0,7,263.2,267.6,6,260.2,261.4,0.0,0.0,0.0,0.0,183
2023-05-11 09:42:25,IO2403-P-4100,IO2403-P-4100,260.2,0.0,0.0,0.0,7,263.2,267.6,7,260.2,261.4,0.0,0.0,0.0,0.0,183
2023-05-11 09:42:33,IO2403-P-4100,IO2403-P-4100,260.2,0.0,0.0,0.0,6,263.2,267.2,1,260.2,261.4,0.0,0.0,0.0,0.0,183
2023-05-11 09:42:34,IO2403-P-4100,IO2403-P-4100,260.2,0.0,0.0,0.0,6,263.0,267.2,1,260.2,261.4,0.0,0.0,0.0,0.0,183
2023-05-11 09:42:43,IO2403-P-4100,IO2403-P-4100,260.2,0.0,0.0,0.0,1,263.4,267.2,1,260.2,261.4,0.0,0.0,0.0,0.0,183
2023-05-11 09:42:43,IO2403-P-4100,IO2403-P-4100,260.2,0.0,0.0,0.0,1,263.4,267.6,6,260.2,261.4,0.0,0.0,0.0,0.0,183
2023-05-11 09:42:46,IO2403-P-4100,IO2403-P-4100,260.2,0.0,0.0,0.0,6,263.6,267.8,1,260.2,261.4,0.0,0.0,0.0,0.0,183
2023-05-11 09:42:53,IO2403-P-4100,IO2403-P-4100,260.2,0.0,0.0,0.0,6,263.6,267.6,1,260.2,261.4,0.0,0.0,0.0,0.0,183
2023-05-11 09:42:55,IO2403-P-4100,IO2403-P-4100,260.2,0.0,0.0,0.0,6,263.6,268.0,13,260.2,261.4,0.0,0.0,0.0,0.0,183
2023-05-11 09:42:56,IO2403-P-4100,IO2403-P-4100,260.2,0.0,0.0,0.0,6,263.6,268.0,1,260.2,261.4,0.0,0.0,0.0,0.0,183
2023-05-11 09:43:07,IO2403-P-4100,IO2403-P-4100,260.2,0.0,0.0,0.0,6,263.6,267.8,1,260.2,261.4,0.0,0.0,0.0,0.0,183
2023-05-11 09:43:18,IO2403-P-4100,IO2403-P-4100,260.2,0.0,0.0,0.0,6,263.6,267.6,1,260.2,261.4,0.0,0.0,0.0,0.0,183
2023-05-11 09:43:27,IO2403-P-4100,IO2403-P-4100,260.2,0.0,0.0,0.0,1,263.4,267.6,7,260.2,261.4,0.0,0.0,0.0,0.0,183
2023-05-11 09:43:35,IO2403-P-4100,IO2403-P-4100,260.2,0.0,0.0,0.0,1,263.4,267.4,1,260.2,261.4,0.0,0.0,0.0,0.0,183
2023-05-11 09:43:45,IO2403-P-4100,IO2403-P-4100,260.2,0.0,0.0,0.0,1,263.4,267.2,1,260.2,261.4,0.0,0.0,0.0,0.0,183
2023-05-11 09:43:47,IO2403-P-4100,IO2403-P-4100,260.2,0.0,0.0,0.0,1,263.4,267.6,7,260.2,261.4,0.0,0.0,0.0,0.0,183
2023-05-11 09:43:57,IO2403-P-4100,IO2403-P-4100,260.2,0.0,0.0,0.0,6,263.6,267.6,1,260.2,261.4,0.0,0.0,0.0,0.0,183
2023-05-11 09:43:57,IO2403-P-4100,IO2403-P-4100,260.2,0.0,0.0,0.0,6,263.6,267.4,1,260.2,261.4,0.0,0.0,0.0,0.0,183
2023-05-11 09:44:09,IO2403-P-4100,IO2403-P-4100,260.2,0.0,0.0,0.0,6,263.6,267.2,1,260.2,261.4,0.0,0.0,0.0,0.0,183
2023-05-11 09:44:19,IO2403-P-4100,IO2403-P-4100,260.2,0.0,0.0,0.0,1,263.4,267.2,1,260.2,261.4,0.0,0.0,0.0,0.0,183
2023-05-11 09:44:20,IO2403-P-4100,IO2403-P-4100,260.2,0.0,0.0,0.0,1,263.4,267.0,1,260.2,261.4,0.0,0.0,0.0,0.0,183
2023-05-11 09:44:24,IO2403-P-4100,IO2403-P-4100,260.2,0.0,0.0,0.0,36,262.8,267.0,7,260.2,261.4,0.0,0.0,0.0,0.0,183
2023-05-11 09:44:24,IO2403-P-4100,IO2403-P-4100,260.2,0.0,0.0,0.0,6,262.8,267.0,7,260.2,261.4,0.0,0.0,0.0,0.0,183
2023-05-11 09:44:28,IO2403-P-4100,IO2403-P-4100,260.2,0.0,0.0,0.0,6,263.0,267.0,1,260.2,261.4,0.0,0.0,0.0,0.0,183
2023-05-11 09:44:29,IO2403-P-4100,IO2403-P-4100,260.2,0.0,0.0,0.0,6,263.0,267.4,1,260.2,261.4,0.0,0.0,0.0,0.0,183
2023-05-11 09:44:31,IO2403-P-4100,IO2403-P-4100,260.2,0.0,0.0,0.0,8,263.0,267.4,1,260.2,261.4,0.0,0.0,0.0,0.0,183
2023-05-11 09:44:31,IO2403-P-4100,IO2403-P-4100,260.2,0.0,0.0,0.0,6,263.2,267.6,6,260.2,261.4,0.0,0.0,0.0,0.0,183
2023-05-11 09:44:35,IO2403-P-4100,IO2403-P-4100,260.2,0.0,0.0,0.0,6,263.0,267.8,7,260.2,261.4,0.0,0.0,0.0,0.0,183
2023-05-11 09:44:41,IO2403-P-4100,IO2403-P-4100,260.2,0.0,0.0,0.0,6,263.0,267.6,1,260.2,261.4,0.0,0.0,0.0,0.0,183
2023-05-11 09:44:42,IO2403-P-4100,IO2403-P-4100,260.2,0.0,0.0,0.0,8,263.0,267.6,1,260.2,261.4,0.0,0.0,0.0,0.0,183
2023-05-11 09:44:42,IO2403-P-4100,IO2403-P-4100,260.2,0.0,0.0,0.0,6,263.2,267.6,7,260.2,261.4,0.0,0.0,0.0,0.0,183
2023-05-11 09:44:49,IO2403-P-4100,IO2403-P-4100,260.2,0.0,0.0,0.0,6,263.0,267.6,1,260.2,261.4,0.0,0.0,0.0,0.0,183
2023-05-11 09:44:50,IO2403-P-4100,IO2403-P-4100,260.2,0.0,0.0,0.0,8,263.0,267.6,1,260.2,261.4,0.0,0.0,0.0,0.0,183
2023-05-11 09:44:50,IO2403-P-4100,IO2403-P-4100,260.2,0.0,0.0,0.0,6,263.2,267.6,7,260.2,261.4,0.0,0.0,0.0,0.0,183
2023-05-11 09:44:51,IO2403-P-4100,IO2403-P-4100,260.2,0.0,0.0,0.0,6,263.0,267.6,1,260.2,261.4,0.0,0.0,0.0,0.0,183
2023-05-11 09:44:54,IO2403-P-4100,IO2403-P-4100,260.2,0.0,0.0,0.0,6,263.0,267.4,1,260.2,261.4,0.0,0.0,0.0,0.0,183
2023-05-11 09:45:01,IO2403-P-4100,IO2403-P-4100,260.2,0.0,0.0,0.0,6,262.8,267.2,6,260.2,261.4,0.0,0.0,0.0,0.0,183
2023-05-11 09:45:09,IO2403-P-4100,IO2403-P-4100,260.2,0.0,0.0,0.0,6,262.8,267.2,7,260.2,261.4,0.0,0.0,0.0,0.0,183
2023-05-11 09:45:10,IO2403-P-4100,IO2403-P-4100,260.2,0.0,0.0,0.0,6,262.8,267.0,6,260.2,261.4,0.0,0.0,0.0,0.0,183
2023-05-11 09:45:28,IO2403-P-4100,IO2403-P-4100,260.2,0.0,0.0,0.0,8,262.8,267.4,6,260.2,261.4,0.0,0.0,0.0,0.0,183
2023-05-11 09:45:29,IO2403-P-4100,IO2403-P-4100,260.2,0.0,0.0,0.0,6,262.8,267.4,6,260.2,261.4,0.0,0.0,0.0,0.0,183
2023-05-11 09:45:48,IO2403-P-4100,IO2403-P-4100,260.2,0.0,0.0,0.0,6,262.8,267.4,7,260.2,261.4,0.0,0.0,0.0,0.0,183
2023-05-11 09:45:48,IO2403-P-4100,IO2403-P-4100,260.2,0.0,0.0,0.0,6,262.8,267.2,6,260.2,261.4,0.0,0.0,0.0,0.0,183
2023-05-11 09:45:51,IO2403-P-4100,IO2403-P-4100,260.2,0.0,0.0,0.0,6,262.8,267.0,1,260.2,261.4,0.0,0.0,0.0,0.0,183
2023-05-11 09:45:51,IO2403-P-4100,IO2403-P-4100,260.2,0.0,0.0,0.0,6,262.8,266.8,6,260.2,261.4,0.0,0.0,0.0,0.0,183
2023-05-11 09:45:53,IO2403-P-4100,IO2403-P-4100,260.2,0.0,0.0,0.0,6,262.8,266.8,7,260.2,261.4,0.0,0.0,0.0,0.0,183
2023-05-11 09:45:53,IO2403-P-4100,IO2403-P-4100,260.2,0.0,0.0,0.0,6,262.8,266.6,6,260.2,261.4,0.0,0.0,0.0,0.0,183
2023-05-11 09:45:54,IO2403-P-4100,IO2403-P-4100,260.2,0.0,0.0,0.0,24,261.4,266.6,6,260.2,261.4,0.0,0.0,0.0,0.0,183
2023-05-11 09:45:54,IO2403-P-4100,IO2403-P-4100,260.2,0.0,0.0,0.0,12,261.4,266.6,6,260.2,261.4,0.0,0.0,0.0,0.0,183
2023-05-11 09:45:55,IO2403-P-4100,IO2403-P-4100,260.2,0.0,0.0,0.0,8,261.4,266.6,6,260.2,261.4,0.0,0.0,0.0,0.0,183
2023-05-11 09:45:57,IO2403-P-4100,IO2403-P-4100,260.2,0.0,0.0,0.0,6,261.4,266.6,6,260.2,261.4,0.0,0.0,0.0,0.0,183
2023-05-11 09:45:58,IO2403-P-4100,IO2403-P-4100,260.2,0.0,0.0,0.0,8,261.4,266.6,6,260.2,261.4,0.0,0.0,0.0,0.0,183
2023-05-11 09:45:58,IO2403-P-4100,IO2403-P-4100,260.2,0.0,0.0,0.0,6,261.4,266.6,6,260.2,261.4,0.0,0.0,0.0,0.0,183
2023-05-11 09:45:59,IO2403-P-4100,IO2403-P-4100,260.2,0.0,0.0,0.0,8,261.4,266.6,6,260.2,261.4,0.0,0.0,0.0,0.0,183
2023-05-11 09:46:03,IO2403-P-4100,IO2403-P-4100,260.2,0.0,0.0,0.0,8,261.4,266.8,6,260.2,261.4,0.0,0.0,0.0,0.0,183
2023-05-11 09:46:08,IO2403-P-4100,IO2403-P-4100,260.2,0.0,0.0,0.0,3,261.6,266.8,6,260.2,261.4,0.0,0.0,0.0,0.0,183
2023-05-11 09:46:09,IO2403-P-4100,IO2403-P-4100,260.2,0.0,0.0,0.0,2,261.8,266.8,6,260.2,261.4,0.0,0.0,0.0,0.0,183
2023-05-11 09:46:11,IO2403-P-4100,IO2403-P-4100,260.2,0.0,0.0,0.0,9,261.4,266.8,6,260.2,261.4,0.0,0.0,0.0,0.0,183
2023-05-11 09:46:11,IO2403-P-4100,IO2403-P-4100,260.2,0.0,0.0,0.0,2,261.6,266.8,6,260.2,261.4,0.0,0.0,0.0,0.0,183
2023-05-11 09:46:13,IO2403-P-4100,IO2403-P-4100,260.2,0.0,0.0,0.0,2,261.6,266.8,7,260.2,261.4,0.0,0.0,0.0,0.0,183
2023-05-11 09:46:13,IO2403-P-4100,IO2403-P-4100,260.2,0.0,0.0,0.0,6,261.4,266.6,6,260.2,261.4,0.0,0.0,0.0,0.0,183
2023-05-11 09:46:14,IO2403-P-4100,IO2403-P-4100,260.2,0.0,0.0,0.0,8,261.4,266.6,6,260.2,261.4,0.0,0.0,0.0,0.0,183
2023-05-11 09:46:14,IO2403-P-4100,IO2403-P-4100,260.2,0.0,0.0,0.0,6,261.4,266.6,6,260.2,261.4,0.0,0.0,0.0,0.0,183
2023-05-11 09:46:17,IO2403-P-4100,IO2403-P-4100,260.2,0.0,0.0,0.0,8,261.4,266.6,6,260.2,261.4,0.0,0.0,0.0,0.0,183
2023-05-11 09:46:18,IO2403-P-4100,IO2403-P-4100,260.2,0.0,0.0,0.0,6,261.4,266.6,6,260.2,261.4,0.0,0.0,0.0,0.0,183
2023-05-11 09:46:28,IO2403-P-4100,IO2403-P-4100,260.2,0.0,0.0,0.0,6,261.4,266.6,7,260.2,261.4,0.0,0.0,0.0,0.0,183
2023-05-11 09:46:28,IO2403-P-4100,IO2403-P-4100,260.2,0.0,0.0,0.0,6,261.4,266.4,6,260.2,261.4,0.0,0.0,0.0,0.0,183
2023-05-11 09:46:48,IO2403-P-4100,IO2403-P-4100,260.2,0.0,0.0,0.0,6,261.4,266.4,7,260.2,261.4,0.0,0.0,0.0,0.0,183
2023-05-11 09:46:48,IO2403-P-4100,IO2403-P-4100,260.2,0.0,0.0,0.0,6,261.4,266.2,6,260.2,261.4,0.0,0.0,0.0,0.0,183
2023-05-11 09:46:51,IO2403-P-4100,IO2403-P-4100,260.2,0.0,0.0,0.0,8,261.4,266.2,6,260.2,261.4,0.0,0.0,0.0,0.0,183
2023-05-11 09:46:51,IO2403-P-4100,IO2403-P-4100,260.2,0.0,0.0,0.0,8,261.4,266.6,6,260.2,261.4,0.0,0.0,0.0,0.0,183
2023-05-11 09:46:52,IO2403-P-4100,IO2403-P-4100,260.2,0.0,0.0,0.0,8,261.4,266.8,6,260.2,261.4,0.0,0.0,0.0,0.0,183
2023-05-11 09:46:58,IO2403-P-4100,IO2403-P-4100,260.2,0.0,0.0,0.0,8,261.4,266.8,7,260.2,261.4,0.0,0.0,0.0,0.0,183
2023-05-11 09:46:58,IO2403-P-4100,IO2403-P-4100,260.2,0.0,0.0,0.0,8,261.4,266.6,6,260.2,261.4,0.0,0.0,0.0,0.0,183
2023-05-11 09:47:01,IO2403-P-4100,IO2403-P-4100,260.2,0.0,0.0,0.0,6,261.4,266.6,6,260.2,261.4,0.0,0.0,0.0,0.0,183
2023-05-11 09:47:02,IO2403-P-4100,IO2403-P-4100,260.2,0.0,0.0,0.0,8,261.4,266.6,6,260.2,261.4,0.0,0.0,0.0,0.0,183
2023-05-11 09:47:08,IO2403-P-4100,IO2403-P-4100,260.2,0.0,0.0,0.0,8,261.4,266.6,7,260.2,261.4,0.0,0.0,0.0,0.0,183
2023-05-11 09:47:08,IO2403-P-4100,IO2403-P-4100,260.2,0.0,0.0,0.0,8,261.4,266.4,6,260.2,261.4,0.0,0.0,0.0,0.0,183
2023-05-11 09:47:10,IO2403-P-4100,IO2403-P-4100,260.2,0.0,0.0,0.0,6,261.4,266.4,6,260.2,261.4,0.0,0.0,0.0,0.0,183
2023-05-11 09:47:15,IO2403-P-4100,IO2403-P-4100,260.2,0.0,0.0,0.0,8,261.4,266.4,6,260.2,261.4,0.0,0.0,0.0,0.0,183
2023-05-11 09:47:16,IO2403-P-4100,IO2403-P-4100,260.2,0.0,0.0,0.0,6,261.4,266.4,6,260.2,261.4,0.0,0.0,0.0,0.0,183
2023-05-11 09:47:23,IO2403-P-4100,IO2403-P-4100,260.2,0.0,0.0,0.0,6,261.4,266.4,7,260.2,261.4,0.0,0.0,0.0,0.0,183
2023-05-11 09:47:23,IO2403-P-4100,IO2403-P-4100,260.2,0.0,0.0,0.0,6,261.4,266.2,6,260.2,261.4,0.0,0.0,0.0,0.0,183
2023-05-11 09:47:43,IO2403-P-4100,IO2403-P-4100,260.2,0.0,0.0,0.0,6,261.4,266.2,7,260.2,261.4,0.0,0.0,0.0,0.0,183
2023-05-11 09:47:43,IO2403-P-4100,IO2403-P-4100,260.2,0.0,0.0,0.0,6,261.4,266.0,6,260.2,261.4,0.0,0.0,0.0,0.0,183
2023-05-11 09:47:48,IO2403-P-4100,IO2403-P-4100,260.2,0.0,0.0,0.0,6,261.4,266.0,7,260.2,261.4,0.0,0.0,0.0,0.0,183
2023-05-11 09:47:48,IO2403-P-4100,IO2403-P-4100,260.2,0.0,0.0,0.0,6,261.4,265.8,6,260.2,261.4,0.0,0.0,0.0,0.0,183
2023-05-11 09:47:58,IO2403-P-4100,IO2403-P-4100,260.2,0.0,0.0,0.0,6,261.4,265.8,7,260.2,261.4,0.0,0.0,0.0,0.0,183
2023-05-11 09:47:58,IO2403-P-4100,IO2403-P-4100,260.2,0.0,0.0,0.0,6,261.4,265.6,6,260.2,261.4,0.0,0.0,0.0,0.0,183
2023-05-11 09:48:05,IO2403-P-4100,IO2403-P-4100,260.2,0.0,0.0,0.0,8,261.4,265.6,6,260.2,261.4,0.0,0.0,0.0,0.0,183
2023-05-11 09:48:06,IO2403-P-4100,IO2403-P-4100,260.2,0.0,0.0,0.0,6,261.4,265.6,6,260.2,261.4,0.0,0.0,0.0,0.0,183
2023-05-11 09:48:07,IO2403-P-4100,IO2403-P-4100,260.2,0.0,0.0,0.0,8,261.4,265.6,6,260.2,261.4,0.0,0.0,0.0,0.0,183
2023-05-11 09:48:07,IO2403-P-4100,IO2403-P-4100,260.2,0.0,0.0,0.0,6,261.4,265.6,6,260.2,261.4,0.0,0.0,0.0,0.0,183
2023-05-11 09:48:08,IO2403-P-4100,IO2403-P-4100,260.2,0.0,0.0,0.0,6,261.4,266.0,6,260.2,261.4,0.0,0.0,0.0,0.0,183
2023-05-11 09:48:23,IO2403-P-4100,IO2403-P-4100,260.2,0.0,0.0,0.0,6,261.4,266.0,7,260.2,261.4,0.0,0.0,0.0,0.0,183
2023-05-11 09:48:23,IO2403-P-4100,IO2403-P-4100,260.2,0.0,0.0,0.0,6,261.4,265.8,6,260.2,261.4,0.0,0.0,0.0,0.0,183
2023-05-11 09:48:43,IO2403-P-4100,IO2403-P-4100,260.2,0.0,0.0,0.0,6,261.4,265.8,7,260.2,261.4,0.0,0.0,0.0,0.0,183
2023-05-11 09:48:43,IO2403-P-4100,IO2403-P-4100,260.2,0.0,0.0,0.0,6,261.4,265.6,6,260.2,261.4,0.0,0.0,0.0,0.0,183
2023-05-11 09:48:48,IO2403-P-4100,IO2403-P-4100,260.2,0.0,0.0,0.0,6,261.4,265.6,7,260.2,261.4,0.0,0.0,0.0,0.0,183
2023-05-11 09:48:58,IO2403-P-4100,IO2403-P-4100,260.2,0.0,0.0,0.0,6,261.4,265.4,1,260.2,261.4,0.0,0.0,0.0,0.0,183
2023-05-11 09:49:01,IO2403-P-4100,IO2403-P-4100,260.2,0.0,0.0,0.0,6,261.4,265.2,6,260.2,261.4,0.0,0.0,0.0,0.0,183
2023-05-11 09:49:05,IO2403-P-4100,IO2403-P-4100,260.2,0.0,0.0,0.0,6,261.4,265.4,1,260.2,261.4,0.0,0.0,0.0,0.0,183
2023-05-11 09:49:05,IO2403-P-4100,IO2403-P-4100,260.2,0.0,0.0,0.0,14,261.4,265.6,12,260.2,261.4,0.0,0.0,0.0,0.0,183
2023-05-11 09:49:06,IO2403-P-4100,IO2403-P-4100,260.2,0.0,0.0,0.0,20,261.4,265.8,12,260.2,261.4,0.0,0.0,0.0,0.0,183
2023-05-11 09:49:06,IO2403-P-4100,IO2403-P-4100,260.2,0.0,0.0,0.0,6,261.6,266.0,18,260.2,261.4,0.0,0.0,0.0,0.0,183
2023-05-11 09:49:07,IO2403-P-4100,IO2403-P-4100,260.2,0.0,0.0,0.0,6,261.6,266.2,1,260.2,261.4,0.0,0.0,0.0,0.0,183
2023-05-11 09:49:16,IO2403-P-4100,IO2403-P-4100,260.2,0.0,0.0,0.0,6,261.6,266.0,1,260.2,261.4,0.0,0.0,0.0,0.0,183
2023-05-11 09:49:19,IO2403-P-4100,IO2403-P-4100,260.2,0.0,0.0,0.0,8,261.6,266.0,1,260.2,261.4,0.0,0.0,0.0,0.0,183
2023-05-11 09:49:19,IO2403-P-4100,IO2403-P-4100,260.2,0.0,0.0,0.0,6,261.8,266.0,1,260.2,261.4,0.0,0.0,0.0,0.0,183
2023-05-11 09:49:20,IO2403-P-4100,IO2403-P-4100,260.2,0.0,0.0,0.0,6,261.6,266.0,1,260.2,261.4,0.0,0.0,0.0,0.0,183
2023-05-11 09:49:31,IO2403-P-4100,IO2403-P-4100,260.2,0.0,0.0,0.0,6,261.6,266.4,1,260.2,261.4,0.0,0.0,0.0,0.0,183
2023-05-11 09:49:33,IO2403-P-4100,IO2403-P-4100,260.2,0.0,0.0,0.0,6,261.6,266.6,12,260.2,261.4,0.0,0.0,0.0,0.0,183
2023-05-11 09:49:33,IO2403-P-4100,IO2403-P-4100,260.2,0.0,0.0,0.0,6,261.6,266.8,13,260.2,261.4,0.0,0.0,0.0,0.0,183
2023-05-11 09:49:34,IO2403-P-4100,IO2403-P-4100,260.2,0.0,0.0,0.0,6,261.6,266.8,7,260.2,261.4,0.0,0.0,0.0,0.0,183
2023-05-11 09:49:34,IO2403-P-4100,IO2403-P-4100,260.2,0.0,0.0,0.0,8,261.6,266.8,7,260.2,261.4,0.0,0.0,0.0,0.0,183
2023-05-11 09:49:35,IO2403-P-4100,IO2403-P-4100,260.2,0.0,0.0,0.0,6,261.8,266.6,6,260.2,261.4,0.0,0.0,0.0,0.0,183
2023-05-11 09:49:35,IO2403-P-4100,IO2403-P-4100,260.2,0.0,0.0,0.0,6,261.6,266.8,7,260.2,261.4,0.0,0.0,0.0,0.0,183
2023-05-11 09:49:42,IO2403-P-4100,IO2403-P-4100,260.2,0.0,0.0,0.0,6,261.6,266.8,6,260.2,261.4,0.0,0.0,0.0,0.0,183
2023-05-11 09:49:58,IO2403-P-4100,IO2403-P-4100,260.2,0.0,0.0,0.0,18,261.4,266.8,6,260.2,261.4,0.0,0.0,0.0,0.0,183
2023-05-11 09:49:58,IO2403-P-4100,IO2403-P-4100,260.2,0.0,0.0,0.0,12,261.4,266.8,6,260.2,261.4,0.0,0.0,0.0,0.0,183
2023-05-11 09:49:59,IO2403-P-4100,IO2403-P-4100,260.2,0.0,0.0,0.0,6,261.4,266.8,6,260.2,261.4,0.0,0.0,0.0,0.0,183
2023-05-11 09:50:02,IO2403-P-4100,IO2403-P-4100,260.2,0.0,0.0,0.0,8,261.4,266.8,6,260.2,261.4,0.0,0.0,0.0,0.0,183
2023-05-11 09:50:05,IO2403-P-4100,IO2403-P-4100,260.2,0.0,0.0,0.0,6,261.6,267.0,7,260.2,261.4,0.0,0.0,0.0,0.0,183
2023-05-11 09:50:05,IO2403-P-4100,IO2403-P-4100,260.2,0.0,0.0,0.0,2,261.8,267.0,1,260.2,261.4,0.0,0.0,0.0,0.0,183
2023-05-11 09:50:06,IO2403-P-4100,IO2403-P-4100,260.2,0.0,0.0,0.0,6,262.0,267.0,1,260.2,261.4,0.0,0.0,0.0,0.0,183
2023-05-11 09:50:06,IO2403-P-4100,IO2403-P-4100,260.2,0.0,0.0,0.0,6,261.6,267.0,1,260.2,261.4,0.0,0.0,0.0,0.0,183
2023-05-11 09:50:07,IO2403-P-4100,IO2403-P-4100,260.2,0.0,0.0,0.0,8,261.6,267.0,1,260.2,261.4,0.0,0.0,0.0,0.0,183
2023-05-11 09:50:07,IO2403-P-4100,IO2403-P-4100,260.2,0.0,0.0,0.0,6,261.8,267.0,1,260.2,261.4,0.0,0.0,0.0,0.0,183
2023-05-11 09:50:09,IO2403-P-4100,IO2403-P-4100,260.2,0.0,0.0,0.0,6,261.6,267.0,1,260.2,261.4,0.0,0.0,0.0,0.0,183
2023-05-11 09:50:10,IO2403-P-4100,IO2403-P-4100,260.2,0.0,0.0,0.0,12,261.4,266.8,6,260.2,261.4,0.0,0.0,0.0,0.0,183
2023-05-11 09:50:11,IO2403-P-4100,IO2403-P-4100,260.2,0.0,0.0,0.0,8,261.4,266.8,6,260.2,261.4,0.0,0.0,0.0,0.0,183
2023-05-11 09:50:11,IO2403-P-4100,IO2403-P-4100,260.2,0.0,0.0,0.0,6,261.4,266.8,6,260.2,261.4,0.0,0.0,0.0,0.0,183
2023-05-11 09:50:15,IO2403-P-4100,IO2403-P-4100,260.2,0.0,0.0,0.0,6,261.4,266.8,7,260.2,261.4,0.0,0.0,0.0,0.0,183
2023-05-11 09:50:16,IO2403-P-4100,IO2403-P-4100,260.2,0.0,0.0,0.0,6,261.4,266.6,6,260.2,261.4,0.0,0.0,0.0,0.0,183
2023-05-11 09:50:27,IO2403-P-4100,IO2403-P-4100,260.2,0.0,0.0,0.0,8,261.4,266.6,6,260.2,261.4,0.0,0.0,0.0,0.0,183
2023-05-11 09:50:27,IO2403-P-4100,IO2403-P-4100,260.2,0.0,0.0,0.0,8,261.4,266.8,6,260.2,261.4,0.0,0.0,0.0,0.0,183
2023-05-11 09:50:28,IO2403-P-4100,IO2403-P-4100,260.2,0.0,0.0,0.0,6,261.4,266.8,6,260.2,261.4,0.0,0.0,0.0,0.0,183
2023-05-11 09:50:43,IO2403-P-4100,IO2403-P-4100,260.2,0.0,0.0,0.0,6,261.4,266.8,7,260.2,261.4,0.0,0.0,0.0,0.0,183
2023-05-11 09:50:44,IO2403-P-4100,IO2403-P-4100,260.2,0.0,0.0,0.0,6,261.4,266.6,6,260.2,261.4,0.0,0.0,0.0,0.0,183
2023-05-11 09:51:00,IO2403-P-4100,IO2403-P-4100,260.2,0.0,0.0,0.0,6,261.4,266.8,6,260.2,261.4,0.0,0.0,0.0,0.0,183
2023-05-11 09:51:04,IO2403-P-4100,IO2403-P-4100,260.2,0.0,0.0,0.0,8,261.4,266.8,6,260.2,261.4,0.0,0.0,0.0,0.0,183
2023-05-11 09:51:14,IO2403-P-4100,IO2403-P-4100,260.2,0.0,0.0,0.0,6,261.4,266.8,6,260.2,261.4,0.0,0.0,0.0,0.0,183
2023-05-11 09:51:17,IO2403-P-4100,IO2403-P-4100,260.2,0.0,0.0,0.0,8,261.4,266.8,6,260.2,261.4,0.0,0.0,0.0,0.0,183
2023-05-11 09:51:25,IO2403-P-4100,IO2403-P-4100,260.2,0.0,0.0,0.0,6,261.4,266.8,6,260.2,261.4,0.0,0.0,0.0,0.0,183
2023-05-11 09:51:26,IO2403-P-4100,IO2403-P-4100,260.2,0.0,0.0,0.0,8,261.4,266.8,6,260.2,261.4,0.0,0.0,0.0,0.0,183
2023-05-11 09:51:29,IO2403-P-4100,IO2403-P-4100,260.2,0.0,0.0,0.0,6,261.4,266.8,6,260.2,261.4,0.0,0.0,0.0,0.0,183
2023-05-11 09:51:29,IO2403-P-4100,IO2403-P-4100,260.2,0.0,0.0,0.0,8,261.4,266.8,6,260.2,261.4,0.0,0.0,0.0,0.0,183
2023-05-11 09:51:31,IO2403-P-4100,IO2403-P-4100,260.2,0.0,0.0,0.0,6,261.4,266.8,6,260.2,261.4,0.0,0.0,0.0,0.0,183
2023-05-11 09:51:32,IO2403-P-4100,IO2403-P-4100,260.2,0.0,0.0,0.0,8,261.4,266.8,6,260.2,261.4,0.0,0.0,0.0,0.0,183
2023-05-11 09:51:34,IO2403-P-4100,IO2403-P-4100,260.2,0.0,0.0,0.0,6,261.4,266.8,6,260.2,261.4,0.0,0.0,0.0,0.0,183
2023-05-11 09:51:36,IO2403-P-4100,IO2403-P-4100,260.2,0.0,0.0,0.0,8,261.4,266.8,6,260.2,261.4,0.0,0.0,0.0,0.0,183
2023-05-11 09:51:38,IO2403-P-4100,IO2403-P-4100,260.2,0.0,0.0,0.0,6,261.4,266.8,6,260.2,261.4,0.0,0.0,0.0,0.0,183
2023-05-11 09:51:54,IO2403-P-4100,IO2403-P-4100,260.2,0.0,0.0,0.0,8,261.4,266.8,6,260.2,261.4,0.0,0.0,0.0,0.0,183
2023-05-11 09:51:56,IO2403-P-4100,IO2403-P-4100,260.2,0.0,0.0,0.0,6,261.4,266.8,6,260.2,261.4,0.0,0.0,0.0,0.0,183
2023-05-11 09:51:58,IO2403-P-4100,IO2403-P-4100,260.2,0.0,0.0,0.0,6,261.4,266.8,7,260.2,261.4,0.0,0.0,0.0,0.0,183
2023-05-11 09:51:59,IO2403-P-4100,IO2403-P-4100,260.2,0.0,0.0,0.0,6,261.4,266.6,6,260.2,261.4,0.0,0.0,0.0,0.0,183
2023-05-11 09:52:04,IO2403-P-4100,IO2403-P-4100,260.2,0.0,0.0,0.0,8,261.4,266.6,6,260.2,261.4,0.0,0.0,0.0,0.0,183
2023-05-11 09:52:04,IO2403-P-4100,IO2403-P-4100,260.2,0.0,0.0,0.0,8,261.4,266.8,6,260.2,261.4,0.0,0.0,0.0,0.0,183
2023-05-11 09:52:05,IO2403-P-4100,IO2403-P-4100,260.2,0.0,0.0,0.0,6,261.4,266.8,6,260.2,261.4,0.0,0.0,0.0,0.0,183
2023-05-11 09:52:05,IO2403-P-4100,IO2403-P-4100,260.2,0.0,0.0,0.0,8,261.4,266.8,6,260.2,261.4,0.0,0.0,0.0,0.0,183
2023-05-11 09:52:06,IO2403-P-4100,IO2403-P-4100,260.2,0.0,0.0,0.0,6,261.4,266.8,6,260.2,261.4,0.0,0.0,0.0,0.0,183
2023-05-11 09:52:09,IO2403-P-4100,IO2403-P-4100,260.2,0.0,0.0,0.0,6,261.4,266.8,7,260.2,261.4,0.0,0.0,0.0,0.0,183
2023-05-11 09:52:09,IO2403-P-4100,IO2403-P-4100,260.2,0.0,0.0,0.0,6,261.4,266.6,6,260.2,261.4,0.0,0.0,0.0,0.0,183
2023-05-11 09:52:19,IO2403-P-4100,IO2403-P-4100,260.2,0.0,0.0,0.0,8,261.4,266.6,6,260.2,261.4,0.0,0.0,0.0,0.0,183
2023-05-11 09:52:20,IO2403-P-4100,IO2403-P-4100,260.2,0.0,0.0,0.0,8,261.4,266.8,6,260.2,261.4,0.0,0.0,0.0,0.0,183
2023-05-11 09:52:23,IO2403-P-4100,IO2403-P-4100,260.2,0.0,0.0,0.0,6,261.4,266.8,6,260.2,261.4,0.0,0.0,0.0,0.0,183
2023-05-11 09:52:29,IO2403-P-4100,IO2403-P-4100,260.2,0.0,0.0,0.0,6,261.4,266.8,7,260.2,261.4,0.0,0.0,0.0,0.0,183
2023-05-11 09:52:30,IO2403-P-4100,IO2403-P-4100,260.2,0.0,0.0,0.0,6,261.4,266.6,6,260.2,261.4,0.0,0.0,0.0,0.0,183
2023-05-11 09:52:34,IO2403-P-4100,IO2403-P-4100,260.2,0.0,0.0,0.0,8,261.4,266.6,6,260.2,261.4,0.0,0.0,0.0,0.0,183
2023-05-11 09:52:35,IO2403-P-4100,IO2403-P-4100,260.2,0.0,0.0,0.0,6,261.4,266.6,6,260.2,261.4,0.0,0.0,0.0,0.0,183
2023-05-11 09:52:44,IO2403-P-4100,IO2403-P-4100,260.2,0.0,0.0,0.0,6,261.4,266.6,7,260.2,261.4,0.0,0.0,0.0,0.0,183
2023-05-11 09:52:45,IO2403-P-4100,IO2403-P-4100,260.2,0.0,0.0,0.0,6,261.4,266.4,6,260.2,261.4,0.0,0.0,0.0,0.0,183
2023-05-11 09:52:53,IO2403-P-4100,IO2403-P-4100,260.2,0.0,0.0,0.0,6,261.4,266.8,6,260.2,261.4,0.0,0.0,0.0,0.0,183
2023-05-11 09:53:09,IO2403-P-4100,IO2403-P-4100,260.2,0.0,0.0,0.0,8,261.4,266.8,6,260.2,261.4,0.0,0.0,0.0,0.0,183
2023-05-11 09:53:10,IO2403-P-4100,IO2403-P-4100,260.2,0.0,0.0,0.0,6,261.4,266.8,6,260.2,261.4,0.0,0.0,0.0,0.0,183
2023-05-11 09:53:37,IO2403-P-4100,IO2403-P-4100,260.2,0.0,0.0,0.0,8,261.4,266.8,6,260.2,261.4,0.0,0.0,0.0,0.0,183
2023-05-11 09:53:38,IO2403-P-4100,IO2403-P-4100,260.2,0.0,0.0,0.0,6,261.4,266.8,6,260.2,261.4,0.0,0.0,0.0,0.0,183
2023-05-11 09:53:41,IO2403-P-4100,IO2403-P-4100,260.2,0.0,0.0,0.0,8,261.4,266.8,6,260.2,261.4,0.0,0.0,0.0,0.0,183
2023-05-11 09:53:42,IO2403-P-4100,IO2403-P-4100,260.2,0.0,0.0,0.0,6,261.4,266.8,6,260.2,261.4,0.0,0.0,0.0,0.0,183
2023-05-11 09:54:05,IO2403-P-4100,IO2403-P-4100,260.2,0.0,0.0,0.0,2,261.6,266.8,6,260.2,261.4,0.0,0.0,0.0,0.0,183
2023-05-11 09:54:05,IO2403-P-4100,IO2403-P-4100,260.2,0.0,0.0,0.0,6,261.4,266.8,6,260.2,261.4,0.0,0.0,0.0,0.0,183
2023-05-11 09:54:06,IO2403-P-4100,IO2403-P-4100,260.2,0.0,0.0,0.0,8,261.4,266.8,6,260.2,261.4,0.0,0.0,0.0,0.0,183
2023-05-11 09:54:09,IO2403-P-4100,IO2403-P-4100,260.2,0.0,0.0,0.0,6,261.4,266.8,6,260.2,261.4,0.0,0.0,0.0,0.0,183
2023-05-11 09:54:10,IO2403-P-4100,IO2403-P-4100,260.2,0.0,0.0,0.0,8,261.4,266.8,6,260.2,261.4,0.0,0.0,0.0,0.0,183
2023-05-11 09:54:13,IO2403-P-4100,IO2403-P-4100,260.2,0.0,0.0,0.0,6,261.4,266.8,6,260.2,261.4,0.0,0.0,0.0,0.0,183
2023-05-11 09:54:15,IO2403-P-4100,IO2403-P-4100,260.2,0.0,0.0,0.0,8,261.4,266.8,6,260.2,261.4,0.0,0.0,0.0,0.0,183
2023-05-11 09:54:18,IO2403-P-4100,IO2403-P-4100,260.2,0.0,0.0,0.0,6,261.4,266.8,6,260.2,261.4,0.0,0.0,0.0,0.0,183
2023-05-11 09:54:49,IO2403-P-4100,IO2403-P-4100,260.2,0.0,0.0,0.0,6,261.4,266.8,12,260.2,261.4,0.0,0.0,0.0,0.0,183
2023-05-11 09:54:50,IO2403-P-4100,IO2403-P-4100,260.2,0.0,0.0,0.0,6,261.4,266.6,6,260.2,261.4,0.0,0.0,0.0,0.0,183
2023-05-11 09:54:55,IO2403-P-4100,IO2403-P-4100,260.2,0.0,0.0,0.0,6,261.4,266.6,7,260.2,261.4,0.0,0.0,0.0,0.0,183
2023-05-11 09:54:56,IO2403-P-4100,IO2403-P-4100,260.2,0.0,0.0,0.0,6,261.4,266.4,6,260.2,261.4,0.0,0.0,0.0,0.0,183
2023-05-11 09:55:08,IO2403-P-4100,IO2403-P-4100,260.2,0.0,0.0,0.0,6,261.4,266.4,7,260.2,261.4,0.0,0.0,0.0,0.0,183
2023-05-11 09:55:09,IO2403-P-4100,IO2403-P-4100,260.2,0.0,0.0,0.0,6,261.4,266.2,6,260.2,261.4,0.0,0.0,0.0,0.0,183
2023-05-11 09:55:18,IO2403-P-4100,IO2403-P-4100,260.2,0.0,0.0,0.0,6,261.4,266.2,7,260.2,261.4,0.0,0.0,0.0,0.0,183
2023-05-11 09:55:19,IO2403-P-4100,IO2403-P-4100,260.2,0.0,0.0,0.0,6,261.4,266.0,6,260.2,261.4,0.0,0.0,0.0,0.0,183
2023-05-11 09:55:33,IO2403-P-4100,IO2403-P-4100,260.2,0.0,0.0,0.0,6,261.4,266.4,6,260.2,261.4,0.0,0.0,0.0,0.0,183
2023-05-11 09:55:48,IO2403-P-4100,IO2403-P-4100,260.2,0.0,0.0,0.0,6,261.4,266.4,7,260.2,261.4,0.0,0.0,0.0,0.0,183
2023-05-11 09:55:48,IO2403-P-4100,IO2403-P-4100,260.2,0.0,0.0,0.0,6,261.4,266.2,6,260.2,261.4,0.0,0.0,0.0,0.0,183
2023-05-11 09:56:08,IO2403-P-4100,IO2403-P-4100,260.2,0.0,0.0,0.0,6,261.4,266.2,7,260.2,261.4,0.0,0.0,0.0,0.0,183
2023-05-11 09:56:08,IO2403-P-4100,IO2403-P-4100,260.2,0.0,0.0,0.0,6,261.4,266.0,6,260.2,261.4,0.0,0.0,0.0,0.0,183
2023-05-11 09:56:13,IO2403-P-4100,IO2403-P-4100,260.2,0.0,0.0,0.0,6,261.4,266.0,7,260.2,261.4,0.0,0.0,0.0,0.0,183
2023-05-11 09:56:13,IO2403-P-4100,IO2403-P-4100,260.2,0.0,0.0,0.0,6,261.4,265.8,6,260.2,261.4,0.0,0.0,0.0,0.0,183
2023-05-11 09:56:23,IO2403-P-4100,IO2403-P-4100,260.2,0.0,0.0,0.0,6,261.4,265.8,7,260.2,261.4,0.0,0.0,0.0,0.0,183
2023-05-11 09:56:23,IO2403-P-4100,IO2403-P-4100,260.2,0.0,0.0,0.0,6,261.4,265.6,6,260.2,261.4,0.0,0.0,0.0,0.0,183
2023-05-11 09:56:38,IO2403-P-4100,IO2403-P-4100,260.2,0.0,0.0,0.0,6,261.4,265.6,7,260.2,261.4,0.0,0.0,0.0,0.0,183
2023-05-11 09:56:38,IO2403-P-4100,IO2403-P-4100,260.2,0.0,0.0,0.0,6,261.4,265.4,6,260.2,261.4,0.0,0.0,0.0,0.0,183
2023-05-11 09:56:58,IO2403-P-4100,IO2403-P-4100,260.2,0.0,0.0,0.0,6,261.4,265.4,7,260.2,261.4,0.0,0.0,0.0,0.0,183
2023-05-11 09:56:58,IO2403-P-4100,IO2403-P-4100,260.2,0.0,0.0,0.0,6,261.4,265.2,6,260.2,261.4,0.0,0.0,0.0,0.0,183
2023-05-11 09:57:00,IO2403-P-4100,IO2403-P-4100,261.4,1.0,26140.0,0.0,6,261.4,265.2,6,260.2,261.4,261.4,261.4,1.0,26140.0,183
2023-05-11 09:57:00,IO2403-P-4100,IO2403-P-4100,261.4,1.0,26140.0,0.0,18,260.4,265.2,6,260.2,261.4,261.4,261.4,2.0,52280.0,183
2023-05-11 09:57:01,IO2403-P-4100,IO2403-P-4100,261.4,0.0,0.0,0.0,6,260.4,265.2,6,260.2,261.4,261.4,261.4,2.0,52280.0,183
2023-05-11 09:57:01,IO2403-P-4100,IO2403-P-4100,261.4,0.0,0.0,0.0,18,260.2,265.2,6,260.2,261.4,261.4,261.4,2.0,52280.0,183
2023-05-11 09:57:02,IO2403-P-4100,IO2403-P-4100,261.4,0.0,0.0,0.0,6,260.2,265.2,6,260.2,261.4,261.4,261.4,2.0,52280.0,183
2023-05-11 09:57:02,IO2403-P-4100,IO2403-P-4100,261.4,0.0,0.0,0.0,24,259.8,265.2,6,260.2,261.4,261.4,261.4,2.0,52280.0,183
2023-05-11 09:57:03,IO2403-P-4100,IO2403-P-4100,261.4,0.0,0.0,0.0,12,259.8,265.2,6,260.2,261.4,261.4,261.4,2.0,52280.0,183
2023-05-11 09:57:03,IO2403-P-4100,IO2403-P-4100,261.4,0.0,0.0,0.0,12,259.6,265.2,6,260.2,261.4,261.4,261.4,2.0,52280.0,183
2023-05-11 09:57:04,IO2403-P-4100,IO2403-P-4100,261.4,0.0,0.0,0.0,6,259.6,265.2,6,260.2,261.4,261.4,261.4,2.0,52280.0,183
2023-05-11 09:57:05,IO2403-P-4100,IO2403-P-4100,261.4,0.0,0.0,0.0,6,259.6,265.2,7,260.2,261.4,261.4,261.4,2.0,52280.0,183
2023-05-11 09:57:06,IO2403-P-4100,IO2403-P-4100,261.4,0.0,0.0,0.0,6,259.6,265.0,6,260.2,261.4,261.4,261.4,2.0,52280.0,183
2023-05-11 09:57:15,IO2403-P-4100,IO2403-P-4100,261.4,0.0,0.0,0.0,6,259.6,265.0,7,260.2,261.4,261.4,261.4,2.0,52280.0,183
2023-05-11 09:57:16,IO2403-P-4100,IO2403-P-4100,261.4,0.0,0.0,0.0,6,259.6,264.8,6,260.2,261.4,261.4,261.4,2.0,52280.0,183
2023-05-11 09:57:30,IO2403-P-4100,IO2403-P-4100,261.4,0.0,0.0,0.0,6,259.6,264.8,7,260.2,261.4,261.4,261.4,2.0,52280.0,183
2023-05-11 09:57:31,IO2403-P-4100,IO2403-P-4100,261.4,0.0,0.0,0.0,6,259.6,264.8,1,260.2,261.4,261.4,261.4,2.0,52280.0,183
2023-05-11 09:57:31,IO2403-P-4100,IO2403-P-4100,261.4,0.0,0.0,0.0,24,258.8,264.6,6,260.2,261.4,261.4,261.4,2.0,52280.0,183
2023-05-11 09:57:32,IO2403-P-4100,IO2403-P-4100,261.4,0.0,0.0,0.0,12,258.8,264.6,6,260.2,261.4,261.4,261.4,2.0,52280.0,183
2023-05-11 09:57:32,IO2403-P-4100,IO2403-P-4100,261.4,0.0,0.0,0.0,18,258.6,264.6,6,260.2,261.4,261.4,261.4,2.0,52280.0,183
2023-05-11 09:57:33,IO2403-P-4100,IO2403-P-4100,261.4,0.0,0.0,0.0,6,258.6,264.6,6,260.2,261.4,261.4,261.4,2.0,52280.0,183
2023-05-11 09:57:33,IO2403-P-4100,IO2403-P-4100,261.4,0.0,0.0,0.0,48,258.2,264.6,6,260.2,261.4,261.4,261.4,2.0,52280.0,183
2023-05-11 09:57:34,IO2403-P-4100,IO2403-P-4100,261.4,0.0,0.0,0.0,2,258.4,264.6,6,260.2,261.4,261.4,261.4,2.0,52280.0,183
2023-05-11 09:57:50,IO2403-P-4100,IO2403-P-4100,261.4,0.0,0.0,0.0,2,258.4,264.6,7,260.2,261.4,261.4,261.4,2.0,52280.0,183
2023-05-11 09:57:51,IO2403-P-4100,IO2403-P-4100,261.4,0.0,0.0,0.0,2,258.4,264.4,6,260.2,261.4,261.4,261.4,2.0,52280.0,183
2023-05-11 09:57:53,IO2403-P-4100,IO2403-P-4100,261.4,0.0,0.0,0.0,24,258.2,264.4,6,260.2,261.4,261.4,261.4,2.0,52280.0,183
2023-05-11 09:57:53,IO2403-P-4100,IO2403-P-4100,261.4,0.0,0.0,0.0,2,258.4,264.4,6,260.2,261.4,261.4,261.4,2.0,52280.0,183
2023-05-11 09:57:55,IO2403-P-4100,IO2403-P-4100,261.4,0.0,0.0,0.0,2,258.4,264.4,7,260.2,261.4,261.4,261.4,2.0,52280.0,183
2023-05-11 09:57:56,IO2403-P-4100,IO2403-P-4100,261.4,0.0,0.0,0.0,2,258.4,264.2,6,260.2,261.4,261.4,261.4,2.0,52280.0,183
2023-05-11 09:58:06,IO2403-P-4100,IO2403-P-4100,261.4,0.0,0.0,0.0,2,258.4,264.2,7,260.2,261.4,261.4,261.4,2.0,52280.0,183
2023-05-11 09:58:07,IO2403-P-4100,IO2403-P-4100,261.4,0.0,0.0,0.0,2,258.4,264.0,6,260.2,261.4,261.4,261.4,2.0,52280.0,183
2023-05-11 09:58:11,IO2403-P-4100,IO2403-P-4100,261.4,0.0,0.0,0.0,5,258.4,264.0,6,260.2,261.4,261.4,261.4,2.0,52280.0,183
2023-05-11 09:58:12,IO2403-P-4100,IO2403-P-4100,261.4,0.0,0.0,0.0,2,258.4,264.0,6,260.2,261.4,261.4,261.4,2.0,52280.0,183
2023-05-11 09:58:12,IO2403-P-4100,IO2403-P-4100,261.4,0.0,0.0,0.0,2,258.4,264.4,6,260.2,261.4,261.4,261.4,2.0,52280.0,183
2023-05-11 09:58:18,IO2403-P-4100,IO2403-P-4100,261.4,0.0,0.0,0.0,27,258.2,264.4,6,260.2,261.4,261.4,261.4,2.0,52280.0,183
2023-05-11 09:58:18,IO2403-P-4100,IO2403-P-4100,261.4,0.0,0.0,0.0,29,258.2,264.4,6,260.2,261.4,261.4,261.4,2.0,52280.0,183
2023-05-11 09:58:19,IO2403-P-4100,IO2403-P-4100,261.4,0.0,0.0,0.0,26,258.2,264.4,6,260.2,261.4,261.4,261.4,2.0,52280.0,183
2023-05-11 09:58:27,IO2403-P-4100,IO2403-P-4100,261.4,0.0,0.0,0.0,26,258.2,264.4,7,260.2,261.4,261.4,261.4,2.0,52280.0,183
2023-05-11 09:58:27,IO2403-P-4100,IO2403-P-4100,261.4,0.0,0.0,0.0,26,258.2,264.2,6,260.2,261.4,261.4,261.4,2.0,52280.0,183
2023-05-11 09:58:47,IO2403-P-4100,IO2403-P-4100,261.4,0.0,0.0,0.0,26,258.2,264.2,7,260.2,261.4,261.4,261.4,2.0,52280.0,183
2023-05-11 09:58:47,IO2403-P-4100,IO2403-P-4100,261.4,0.0,0.0,0.0,26,258.2,264.0,6,260.2,261.4,261.4,261.4,2.0,52280.0,183
2023-05-11 09:58:50,IO2403-P-4100,IO2403-P-4100,261.4,0.0,0.0,0.0,3,258.6,264.0,6,260.2,261.4,261.4,261.4,2.0,52280.0,183
2023-05-11 09:58:51,IO2403-P-4100,IO2403-P-4100,261.4,0.0,0.0,0.0,26,258.2,264.0,6,260.2,261.4,261.4,261.4,2.0,52280.0,183
2023-05-11 09:58:52,IO2403-P-4100,IO2403-P-4100,261.4,0.0,0.0,0.0,3,258.8,264.0,6,260.2,261.4,261.4,261.4,2.0,52280.0,183
2023-05-11 09:58:53,IO2403-P-4100,IO2403-P-4100,261.4,0.0,0.0,0.0,3,258.8,264.0,7,260.2,261.4,261.4,261.4,2.0,52280.0,183
2023-05-11 09:58:53,IO2403-P-4100,IO2403-P-4100,261.4,0.0,0.0,0.0,3,258.8,263.8,6,260.2,261.4,261.4,261.4,2.0,52280.0,183
2023-05-11 09:58:57,IO2403-P-4100,IO2403-P-4100,261.4,0.0,0.0,0.0,26,258.2,263.8,6,260.2,261.4,261.4,261.4,2.0,52280.0,183
2023-05-11 09:58:58,IO2403-P-4100,IO2403-P-4100,261.4,0.0,0.0,0.0,3,258.6,263.8,6,260.2,261.4,261.4,261.4,2.0,52280.0,183
2023-05-11 09:59:03,IO2403-P-4100,IO2403-P-4100,261.4,0.0,0.0,0.0,26,258.2,263.8,6,260.2,261.4,261.4,261.4,2.0,52280.0,183
2023-05-11 09:59:04,IO2403-P-4100,IO2403-P-4100,261.4,0.0,0.0,0.0,3,258.6,263.8,6,260.2,261.4,261.4,261.4,2.0,52280.0,183
2023-05-11 09:59:05,IO2403-P-4100,IO2403-P-4100,261.4,0.0,0.0,0.0,26,258.2,263.8,6,260.2,261.4,261.4,261.4,2.0,52280.0,183
2023-05-11 09:59:06,IO2403-P-4100,IO2403-P-4100,261.4,0.0,0.0,0.0,3,258.8,263.8,6,260.2,261.4,261.4,261.4,2.0,52280.0,183
2023-05-11 09:59:06,IO2403-P-4100,IO2403-P-4100,261.4,0.0,0.0,0.0,3,258.8,264.0,6,260.2,261.4,261.4,261.4,2.0,52280.0,183
2023-05-11 09:59:07,IO2403-P-4100,IO2403-P-4100,261.4,0.0,0.0,0.0,24,258.2,264.0,6,260.2,261.4,261.4,261.4,2.0,52280.0,183
2023-05-11 09:59:08,IO2403-P-4100,IO2403-P-4100,261.4,0.0,0.0,0.0,2,258.4,264.0,6,260.2,261.4,261.4,261.4,2.0,52280.0,183
2023-05-11 09:59:08,IO2403-P-4100,IO2403-P-4100,261.4,0.0,0.0,0.0,3,258.8,264.0,6,260.2,261.4,261.4,261.4,2.0,52280.0,183
2023-05-11 09:59:11,IO2403-P-4100,IO2403-P-4100,261.4,0.0,0.0,0.0,3,258.8,264.2,6,260.2,261.4,261.4,261.4,2.0,52280.0,183
2023-05-11 09:59:12,IO2403-P-4100,IO2403-P-4100,261.4,0.0,0.0,0.0,36,258.2,264.2,6,260.2,261.4,261.4,261.4,2.0,52280.0,183
2023-05-11 09:59:12,IO2403-P-4100,IO2403-P-4100,261.4,0.0,0.0,0.0,2,258.4,264.2,6,260.2,261.4,261.4,261.4,2.0,52280.0,183
2023-05-11 09:59:13,IO2403-P-4100,IO2403-P-4100,261.4,0.0,0.0,0.0,3,258.8,264.2,6,260.2,261.4,261.4,261.4,2.0,52280.0,183
2023-05-11 09:59:14,IO2403-P-4100,IO2403-P-4100,261.4,0.0,0.0,0.0,2,258.4,264.2,6,260.2,261.4,261.4,261.4,2.0,52280.0,183
2023-05-11 09:59:15,IO2403-P-4100,IO2403-P-4100,261.4,0.0,0.0,0.0,3,258.8,264.2,6,260.2,261.4,261.4,261.4,2.0,52280.0,183
2023-05-11 09:59:16,IO2403-P-4100,IO2403-P-4100,261.4,0.0,0.0,0.0,3,258.8,264.2,7,260.2,261.4,261.4,261.4,2.0,52280.0,183
2023-05-11 09:59:16,IO2403-P-4100,IO2403-P-4100,261.4,0.0,0.0,0.0,3,258.8,264.0,6,260.2,261.4,261.4,261.4,2.0,52280.0,183
2023-05-11 09:59:17,IO2403-P-4100,IO2403-P-4100,261.4,0.0,0.0,0.0,24,258.2,264.0,6,260.2,261.4,261.4,261.4,2.0,52280.0,183
2023-05-11 09:59:17,IO2403-P-4100,IO2403-P-4100,261.4,0.0,0.0,0.0,26,258.2,264.0,6,260.2,261.4,261.4,261.4,2.0,52280.0,183
2023-05-11 09:59:18,IO2403-P-4100,IO2403-P-4100,261.4,0.0,0.0,0.0,3,258.8,264.0,6,260.2,261.4,261.4,261.4,2.0,52280.0,183
2023-05-11 09:59:21,IO2403-P-4100,IO2403-P-4100,261.4,0.0,0.0,0.0,26,258.2,264.0,6,260.2,261.4,261.4,261.4,2.0,52280.0,183
2023-05-11 09:59:22,IO2403-P-4100,IO2403-P-4100,261.4,0.0,0.0,0.0,24,258.2,264.0,6,260.2,261.4,261.4,261.4,2.0,52280.0,183
2023-05-11 09:59:22,IO2403-P-4100,IO2403-P-4100,261.4,0.0,0.0,0.0,3,258.4,264.0,6,260.2,261.4,261.4,261.4,2.0,52280.0,183
2023-05-11 09:59:26,IO2403-P-4100,IO2403-P-4100,261.4,0.0,0.0,0.0,24,258.2,264.0,6,260.2,261.4,261.4,261.4,2.0,52280.0,183
2023-05-11 09:59:27,IO2403-P-4100,IO2403-P-4100,261.4,0.0,0.0,0.0,2,258.4,264.0,6,260.2,261.4,261.4,261.4,2.0,52280.0,183
2023-05-11 09:59:27,IO2403-P-4100,IO2403-P-4100,261.4,0.0,0.0,0.0,3,258.6,264.0,6,260.2,261.4,261.4,261.4,2.0,52280.0,183
2023-05-11 09:59:28,IO2403-P-4100,IO2403-P-4100,261.4,0.0,0.0,0.0,2,258.4,264.0,6,260.2,261.4,261.4,261.4,2.0,52280.0,183
2023-05-11 09:59:28,IO2403-P-4100,IO2403-P-4100,261.4,0.0,0.0,0.0,30,258.2,264.0,6,260.2,261.4,261.4,261.4,2.0,52280.0,183
2023-05-11 09:59:29,IO2403-P-4100,IO2403-P-4100,261.4,0.0,0.0,0.0,3,259.0,264.0,6,260.2,261.4,261.4,261.4,2.0,52280.0,183
2023-05-11 09:59:30,IO2403-P-4100,IO2403-P-4100,261.4,0.0,0.0,0.0,26,258.2,264.0,6,260.2,261.4,261.4,261.4,2.0,52280.0,183
2023-05-11 09:59:31,IO2403-P-4100,IO2403-P-4100,261.4,0.0,0.0,0.0,3,258.6,264.0,7,260.2,261.4,261.4,261.4,2.0,52280.0,183
2023-05-11 09:59:31,IO2403-P-4100,IO2403-P-4100,261.4,0.0,0.0,0.0,3,258.6,263.8,6,260.2,261.4,261.4,261.4,2.0,52280.0,183
2023-05-11 09:59:33,IO2403-P-4100,IO2403-P-4100,261.4,0.0,0.0,0.0,18,258.2,263.8,6,260.2,261.4,261.4,261.4,2.0,52280.0,183
2023-05-11 09:59:33,IO2403-P-4100,IO2403-P-4100,261.4,0.0,0.0,0.0,12,258.2,263.8,6,260.2,261.4,261.4,261.4,2.0,52280.0,183
2023-05-11 09:59:34,IO2403-P-4100,IO2403-P-4100,261.4,0.0,0.0,0.0,6,258.2,263.8,6,260.2,261.4,261.4,261.4,2.0,52280.0,183
2023-05-11 09:59:34,IO2403-P-4100,IO2403-P-4100,261.4,0.0,0.0,0.0,3,258.4,263.8,6,260.2,261.4,261.4,261.4,2.0,52280.0,183
2023-05-11 09:59:35,IO2403-P-4100,IO2403-P-4100,261.4,0.0,0.0,0.0,6,258.2,263.8,6,260.2,261.4,261.4,261.4,2.0,52280.0,183
2023-05-11 09:59:36,IO2403-P-4100,IO2403-P-4100,261.4,0.0,0.0,0.0,9,258.2,263.8,6,260.2,261.4,261.4,261.4,2.0,52280.0,183
2023-05-11 09:59:39,IO2403-P-4100,IO2403-P-4100,261.4,0.0,0.0,0.0,6,258.2,263.8,6,260.2,261.4,261.4,261.4,2.0,52280.0,183
2023-05-11 09:59:40,IO2403-P-4100,IO2403-P-4100,261.4,0.0,0.0,0.0,3,258.4,263.8,6,260.2,261.4,261.4,261.4,2.0,52280.0,183
2023-05-11 09:59:41,IO2403-P-4100,IO2403-P-4100,261.4,0.0,0.0,0.0,5,258.4,263.8,6,260.2,261.4,261.4,261.4,2.0,52280.0,183
2023-05-11 09:59:41,IO2403-P-4100,IO2403-P-4100,261.4,0.0,0.0,0.0,6,258.2,263.8,6,260.2,261.4,261.4,261.4,2.0,52280.0,183
2023-05-11 09:59:42,IO2403-P-4100,IO2403-P-4100,261.4,0.0,0.0,0.0,8,258.2,263.8,6,260.2,261.4,261.4,261.4,2.0,52280.0,183
2023-05-11 09:59:42,IO2403-P-4100,IO2403-P-4100,261.4,0.0,0.0,0.0,3,258.4,263.8,6,260.2,261.4,261.4,261.4,2.0,52280.0,183
2023-05-11 09:59:45,IO2403-P-4100,IO2403-P-4100,261.4,0.0,0.0,0.0,6,258.2,263.8,6,260.2,261.4,261.4,261.4,2.0,52280.0,183
2023-05-11 09:59:46,IO2403-P-4100,IO2403-P-4100,261.4,0.0,0.0,0.0,3,258.6,263.8,6,260.2,261.4,261.4,261.4,2.0,52280.0,183
2023-05-11 09:59:48,IO2403-P-4100,IO2403-P-4100,261.4,0.0,0.0,0.0,6,258.2,263.8,6,260.2,261.4,261.4,261.4,2.0,52280.0,183
2023-05-11 09:59:49,IO2403-P-4100,IO2403-P-4100,261.4,0.0,0.0,0.0,2,258.4,263.8,6,260.2,261.4,261.4,261.4,2.0,52280.0,183
2023-05-11 09:59:49,IO2403-P-4100,IO2403-P-4100,261.4,0.0,0.0,0.0,3,258.6,263.8,6,260.2,261.4,261.4,261.4,2.0,52280.0,183
2023-05-11 09:59:50,IO2403-P-4100,IO2403-P-4100,261.4,0.0,0.0,0.0,6,258.2,263.8,6,260.2,261.4,261.4,261.4,2.0,52280.0,183
2023-05-11 09:59:50,IO2403-P-4100,IO2403-P-4100,261.4,0.0,0.0,0.0,2,258.4,263.8,6,260.2,261.4,261.4,261.4,2.0,52280.0,183
2023-05-11 09:59:51,IO2403-P-4100,IO2403-P-4100,261.4,0.0,0.0,0.0,3,258.8,263.8,7,260.2,261.4,261.4,261.4,2.0,52280.0,183
2023-05-11 09:59:51,IO2403-P-4100,IO2403-P-4100,261.4,0.0,0.0,0.0,3,258.8,263.6,6,260.2,261.4,261.4,261.4,2.0,52280.0,183
2023-05-11 09:59:54,IO2403-P-4100,IO2403-P-4100,261.4,0.0,0.0,0.0,24,258.2,263.6,6,260.2,261.4,261.4,261.4,2.0,52280.0,183
2023-05-11 09:59:55,IO2403-P-4100,IO2403-P-4100,261.4,0.0,0.0,0.0,14,258.2,263.6,6,260.2,261.4,261.4,261.4,2.0,52280.0,183
2023-05-11 09:59:55,IO2403-P-4100,IO2403-P-4100,261.4,0.0,0.0,0.0,3,258.6,263.6,6,260.2,261.4,261.4,261.4,2.0,52280.0,183
2023-05-11 09:59:56,IO2403-P-4100,IO2403-P-4100,261.4,0.0,0.0,0.0,3,258.6,263.6,7,260.2,261.4,261.4,261.4,2.0,52280.0,183
2023-05-11 09:59:56,IO2403-P-4100,IO2403-P-4100,261.4,0.0,0.0,0.0,12,258.2,263.4,6,260.2,261.4,261.4,261.4,2.0,52280.0,183
2023-05-11 09:59:57,IO2403-P-4100,IO2403-P-4100,261.4,0.0,0.0,0.0,6,258.2,263.4,6,260.2,261.4,261.4,261.4,2.0,52280.0,183
2023-05-11 09:59:57,IO2403-P-4100,IO2403-P-4100,261.4,0.0,0.0,0.0,3,258.8,263.4,6,260.2,261.4,261.4,261.4,2.0,52280.0,183
2023-05-11 09:59:58,IO2403-P-4100,IO2403-P-4100,261.4,0.0,0.0,0.0,6,258.2,263.4,6,260.2,261.4,261.4,261.4,2.0,52280.0,183
2023-05-11 09:59:59,IO2403-P-4100,IO2403-P-4100,261.4,0.0,0.0,0.0,3,258.6,263.4,6,260.2,261.4,261.4,261.4,2.0,52280.0,183
2023-05-11 10:00:00,IO2403-P-4100,IO2403-P-4100,261.4,0.0,0.0,0.0,6,258.2,263.4,6,260.2,261.4,261.4,261.4,2.0,52280.0,183
2023-05-11 10:00:01,IO2403-P-4100,IO2403-P-4100,261.4,0.0,0.0,0.0,3,258.4,263.4,6,260.2,261.4,261.4,261.4,2.0,52280.0,183
2023-05-11 10:00:02,IO2403-P-4100,IO2403-P-4100,261.4,0.0,0.0,0.0,6,258.2,263.4,6,260.2,261.4,261.4,261.4,2.0,52280.0,183
2023-05-11 10:00:06,IO2403-P-4100,IO2403-P-4100,261.4,0.0,0.0,0.0,6,258.2,263.4,7,260.2,261.4,261.4,261.4,2.0,52280.0,183
2023-05-11 10:00:06,IO2403-P-4100,IO2403-P-4100,261.4,0.0,0.0,0.0,6,258.2,263.2,6,260.2,261.4,261.4,261.4,2.0,52280.0,183
2023-05-11 10:00:10,IO2403-P-4100,IO2403-P-4100,261.4,0.0,0.0,0.0,3,258.6,263.2,6,260.2,261.4,261.4,261.4,2.0,52280.0,183
2023-05-11 10:00:11,IO2403-P-4100,IO2403-P-4100,261.4,0.0,0.0,0.0,6,258.2,263.2,6,260.2,261.4,261.4,261.4,2.0,52280.0,183
2023-05-11 10:00:12,IO2403-P-4100,IO2403-P-4100,261.4,0.0,0.0,0.0,3,258.6,263.2,6,260.2,261.4,261.4,261.4,2.0,52280.0,183
2023-05-11 10:00:12,IO2403-P-4100,IO2403-P-4100,261.4,0.0,0.0,0.0,6,258.2,263.2,6,260.2,261.4,261.4,261.4,2.0,52280.0,183
2023-05-11 10:00:13,IO2403-P-4100,IO2403-P-4100,261.4,0.0,0.0,0.0,9,258.2,263.2,6,260.2,261.4,261.4,261.4,2.0,52280.0,183
2023-05-11 10:00:14,IO2403-P-4100,IO2403-P-4100,261.4,0.0,0.0,0.0,11,258.2,263.2,6,260.2,261.4,261.4,261.4,2.0,52280.0,183
2023-05-11 10:00:14,IO2403-P-4100,IO2403-P-4100,261.4,0.0,0.0,0.0,9,258.2,263.2,6,260.2,261.4,261.4,261.4,2.0,52280.0,183
2023-05-11 10:00:15,IO2403-P-4100,IO2403-P-4100,261.4,0.0,0.0,0.0,6,258.2,263.2,6,260.2,261.4,261.4,261.4,2.0,52280.0,183
2023-05-11 10:00:16,IO2403-P-4100,IO2403-P-4100,261.4,0.0,0.0,0.0,9,258.2,263.2,6,260.2,261.4,261.4,261.4,2.0,52280.0,183
2023-05-11 10:00:18,IO2403-P-4100,IO2403-P-4100,261.4,0.0,0.0,0.0,6,258.2,263.2,6,260.2,261.4,261.4,261.4,2.0,52280.0,183
2023-05-11 10:00:19,IO2403-P-4100,IO2403-P-4100,261.4,0.0,0.0,0.0,8,258.2,263.2,6,260.2,261.4,261.4,261.4,2.0,52280.0,183
2023-05-11 10:00:19,IO2403-P-4100,IO2403-P-4100,261.4,0.0,0.0,0.0,3,258.4,263.2,6,260.2,261.4,261.4,261.4,2.0,52280.0,183
2023-05-11 10:00:23,IO2403-P-4100,IO2403-P-4100,261.4,0.0,0.0,0.0,6,258.2,263.2,6,260.2,261.4,261.4,261.4,2.0,52280.0,183
2023-05-11 10:00:23,IO2403-P-4100,IO2403-P-4100,261.4,0.0,0.0,0.0,6,258.2,263.8,6,260.2,261.4,261.4,261.4,2.0,52280.0,183
2023-05-11 10:00:24,IO2403-P-4100,IO2403-P-4100,261.4,0.0,0.0,0.0,9,258.2,263.8,6,260.2,261.4,261.4,261.4,2.0,52280.0,183
2023-05-11 10:00:26,IO2403-P-4100,IO2403-P-4100,261.4,0.0,0.0,0.0,6,258.2,263.8,6,260.2,261.4,261.4,261.4,2.0,52280.0,183
2023-05-11 10:00:38,IO2403-P-4100,IO2403-P-4100,261.4,0.0,0.0,0.0,6,258.2,263.8,7,260.2,261.4,261.4,261.4,2.0,52280.0,183
2023-05-11 10:00:38,IO2403-P-4100,IO2403-P-4100,261.4,0.0,0.0,0.0,6,258.2,263.6,6,260.2,261.4,261.4,261.4,2.0,52280.0,183
2023-05-11 10:00:58,IO2403-P-4100,IO2403-P-4100,261.4,0.0,0.0,0.0,8,258.2,263.6,7,260.2,261.4,261.4,261.4,2.0,52280.0,183
2023-05-11 10:00:58,IO2403-P-4100,IO2403-P-4100,261.4,0.0,0.0,0.0,8,258.2,263.4,6,260.2,261.4,261.4,261.4,2.0,52280.0,183
2023-05-11 10:01:00,IO2403-P-4100,IO2403-P-4100,261.4,0.0,0.0,0.0,6,258.2,263.4,6,260.2,261.4,261.4,261.4,2.0,52280.0,183
2023-05-11 10:01:01,IO2403-P-4100,IO2403-P-4100,261.4,0.0,0.0,0.0,8,258.2,263.4,6,260.2,261.4,261.4,261.4,2.0,52280.0,183
2023-05-11 10:01:02,IO2403-P-4100,IO2403-P-4100,261.4,0.0,0.0,0.0,6,258.2,263.4,6,260.2,261.4,261.4,261.4,2.0,52280.0,183
2023-05-11 10:01:03,IO2403-P-4100,IO2403-P-4100,261.4,0.0,0.0,0.0,6,258.2,263.4,7,260.2,261.4,261.4,261.4,2.0,52280.0,183
2023-05-11 10:01:03,IO2403-P-4100,IO2403-P-4100,261.4,0.0,0.0,0.0,6,258.2,263.2,6,260.2,261.4,261.4,261.4,2.0,52280.0,183
2023-05-11 10:01:09,IO2403-P-4100,IO2403-P-4100,261.4,0.0,0.0,0.0,8,258.2,263.2,6,260.2,261.4,261.4,261.4,2.0,52280.0,183
2023-05-11 10:01:10,IO2403-P-4100,IO2403-P-4100,261.4,0.0,0.0,0.0,6,258.2,263.2,6,260.2,261.4,261.4,261.4,2.0,52280.0,183
2023-05-11 10:01:10,IO2403-P-4100,IO2403-P-4100,261.4,0.0,0.0,0.0,3,258.4,263.2,6,260.2,261.4,261.4,261.4,2.0,52280.0,183
2023-05-11 10:01:11,IO2403-P-4100,IO2403-P-4100,261.4,0.0,0.0,0.0,8,258.2,263.2,6,260.2,261.4,261.4,261.4,2.0,52280.0,183
2023-05-11 10:01:12,IO2403-P-4100,IO2403-P-4100,261.4,0.0,0.0,0.0,3,258.4,263.2,6,260.2,261.4,261.4,261.4,2.0,52280.0,183
2023-05-11 10:01:12,IO2403-P-4100,IO2403-P-4100,261.4,0.0,0.0,0.0,8,258.2,263.2,6,260.2,261.4,261.4,261.4,2.0,52280.0,183
2023-05-11 10:01:13,IO2403-P-4100,IO2403-P-4100,261.4,0.0,0.0,0.0,6,258.2,263.2,6,260.2,261.4,261.4,261.4,2.0,52280.0,183
2023-05-11 10:01:13,IO2403-P-4100,IO2403-P-4100,261.4,0.0,0.0,0.0,6,258.2,263.2,7,260.2,261.4,261.4,261.4,2.0,52280.0,183
2023-05-11 10:01:14,IO2403-P-4100,IO2403-P-4100,261.4,0.0,0.0,0.0,8,258.2,263.0,6,260.2,261.4,261.4,261.4,2.0,52280.0,183
2023-05-11 10:01:14,IO2403-P-4100,IO2403-P-4100,261.4,0.0,0.0,0.0,6,258.2,263.0,6,260.2,261.4,261.4,261.4,2.0,52280.0,183
2023-05-11 10:01:15,IO2403-P-4100,IO2403-P-4100,261.4,0.0,0.0,0.0,8,258.2,263.0,6,260.2,261.4,261.4,261.4,2.0,52280.0,183
2023-05-11 10:01:17,IO2403-P-4100,IO2403-P-4100,261.4,0.0,0.0,0.0,8,258.2,263.4,6,260.2,261.4,261.4,261.4,2.0,52280.0,183
2023-05-11 10:01:25,IO2403-P-4100,IO2403-P-4100,261.4,0.0,0.0,0.0,6,258.2,263.4,6,260.2,261.4,261.4,261.4,2.0,52280.0,183
2023-05-11 10:01:33,IO2403-P-4100,IO2403-P-4100,261.4,0.0,0.0,0.0,8,258.2,263.4,6,260.2,261.4,261.4,261.4,2.0,52280.0,183
2023-05-11 10:01:33,IO2403-P-4100,IO2403-P-4100,261.4,0.0,0.0,0.0,8,258.2,263.8,6,260.2,261.4,261.4,261.4,2.0,52280.0,183
2023-05-11 10:01:40,IO2403-P-4100,IO2403-P-4100,261.4,0.0,0.0,0.0,6,258.2,263.8,6,260.2,261.4,261.4,261.4,2.0,52280.0,183
2023-05-11 10:01:41,IO2403-P-4100,IO2403-P-4100,261.4,0.0,0.0,0.0,8,258.2,263.8,6,260.2,261.4,261.4,261.4,2.0,52280.0,183
2023-05-11 10:01:45,IO2403-P-4100,IO2403-P-4100,261.4,0.0,0.0,0.0,3,258.6,263.8,6,260.2,261.4,261.4,261.4,2.0,52280.0,183
2023-05-11 10:01:52,IO2403-P-4100,IO2403-P-4100,261.4,0.0,0.0,0.0,6,258.4,263.8,6,260.2,261.4,261.4,261.4,2.0,52280.0,183
2023-05-11 10:01:53,IO2403-P-4100,IO2403-P-4100,261.4,0.0,0.0,0.0,3,258.6,263.8,6,260.2,261.4,261.4,261.4,2.0,52280.0,183
2023-05-11 10:01:54,IO2403-P-4100,IO2403-P-4100,261.4,0.0,0.0,0.0,6,258.4,263.8,6,260.2,261.4,261.4,261.4,2.0,52280.0,183
2023-05-11 10:01:55,IO2403-P-4100,IO2403-P-4100,261.4,0.0,0.0,0.0,9,258.4,263.8,6,260.2,261.4,261.4,261.4,2.0,52280.0,183
2023-05-11 10:02:02,IO2403-P-4100,IO2403-P-4100,261.4,0.0,0.0,0.0,6,258.4,263.8,6,260.2,261.4,261.4,261.4,2.0,52280.0,183
2023-05-11 10:02:03,IO2403-P-4100,IO2403-P-4100,261.4,0.0,0.0,0.0,9,258.4,263.8,6,260.2,261.4,261.4,261.4,2.0,52280.0,183
2023-05-11 10:02:05,IO2403-P-4100,IO2403-P-4100,261.4,0.0,0.0,0.0,6,258.4,263.8,6,260.2,261.4,261.4,261.4,2.0,52280.0,183
2023-05-11 10:02:06,IO2403-P-4100,IO2403-P-4100,261.4,0.0,0.0,0.0,9,258.4,263.8,6,260.2,261.4,261.4,261.4,2.0,52280.0,183
2023-05-11 10:02:07,IO2403-P-4100,IO2403-P-4100,261.4,0.0,0.0,0.0,6,258.4,263.8,6,260.2,261.4,261.4,261.4,2.0,52280.0,183
2023-05-11 10:02:08,IO2403-P-4100,IO2403-P-4100,261.4,0.0,0.0,0.0,9,258.4,263.8,6,260.2,261.4,261.4,261.4,2.0,52280.0,183
2023-05-11 10:02:08,IO2403-P-4100,IO2403-P-4100,261.4,0.0,0.0,0.0,6,258.4,263.8,6,260.2,261.4,261.4,261.4,2.0,52280.0,183
2023-05-11 10:02:27,IO2403-P-4100,IO2403-P-4100,261.4,0.0,0.0,0.0,9,258.2,263.8,6,260.2,261.4,261.4,261.4,2.0,52280.0,183
2023-05-11 10:02:28,IO2403-P-4100,IO2403-P-4100,261.4,0.0,0.0,0.0,6,258.2,263.8,6,260.2,261.4,261.4,261.4,2.0,52280.0,183
2023-05-11 10:02:37,IO2403-P-4100,IO2403-P-4100,261.4,0.0,0.0,0.0,6,258.2,263.8,7,260.2,261.4,261.4,261.4,2.0,52280.0,183
2023-05-11 10:02:37,IO2403-P-4100,IO2403-P-4100,261.4,0.0,0.0,0.0,6,258.2,263.6,6,260.2,261.4,261.4,261.4,2.0,52280.0,183
2023-05-11 10:02:39,IO2403-P-4100,IO2403-P-4100,261.4,0.0,0.0,0.0,6,258.4,263.8,7,260.2,261.4,261.4,261.4,2.0,52280.0,183
2023-05-11 10:02:41,IO2403-P-4100,IO2403-P-4100,261.4,0.0,0.0,0.0,8,258.4,263.8,7,260.2,261.4,261.4,261.4,2.0,52280.0,183
2023-05-11 10:02:42,IO2403-P-4100,IO2403-P-4100,261.4,0.0,0.0,0.0,8,258.4,264.0,12,260.2,261.4,261.4,261.4,2.0,52280.0,183
2023-05-11 10:02:42,IO2403-P-4100,IO2403-P-4100,261.4,0.0,0.0,0.0,6,258.6,264.2,7,260.2,261.4,261.4,261.4,2.0,52280.0,183
2023-05-11 10:02:43,IO2403-P-4100,IO2403-P-4100,261.4,0.0,0.0,0.0,2,258.8,264.2,1,260.2,261.4,261.4,261.4,2.0,52280.0,183
2023-05-11 10:02:43,IO2403-P-4100,IO2403-P-4100,261.4,0.0,0.0,0.0,6,259.0,264.2,7,260.2,261.4,261.4,261.4,2.0,52280.0,183
2023-05-11 10:02:44,IO2403-P-4100,IO2403-P-4100,261.4,0.0,0.0,0.0,9,258.6,264.2,1,260.2,261.4,261.4,261.4,2.0,52280.0,183
2023-05-11 10:02:44,IO2403-P-4100,IO2403-P-4100,261.4,0.0,0.0,0.0,6,258.8,264.2,1,260.2,261.4,261.4,261.4,2.0,52280.0,183
2023-05-11 10:02:45,IO2403-P-4100,IO2403-P-4100,261.4,0.0,0.0,0.0,18,258.2,264.0,6,260.2,261.4,261.4,261.4,2.0,52280.0,183
2023-05-11 10:02:45,IO2403-P-4100,IO2403-P-4100,261.4,0.0,0.0,0.0,2,258.4,264.0,6,260.2,261.4,261.4,261.4,2.0,52280.0,183
2023-05-11 10:02:47,IO2403-P-4100,IO2403-P-4100,261.4,0.0,0.0,0.0,6,258.6,264.2,1,260.2,261.4,261.4,261.4,2.0,52280.0,183
2023-05-11 10:02:48,IO2403-P-4100,IO2403-P-4100,261.4,0.0,0.0,0.0,6,258.4,264.2,1,260.2,261.4,261.4,261.4,2.0,52280.0,183
2023-05-11 10:02:48,IO2403-P-4100,IO2403-P-4100,261.4,0.0,0.0,0.0,8,258.4,264.2,1,260.2,261.4,261.4,261.4,2.0,52280.0,183
2023-05-11 10:02:49,IO2403-P-4100,IO2403-P-4100,261.4,0.0,0.0,0.0,6,258.6,264.2,1,260.2,261.4,261.4,261.4,2.0,52280.0,183
2023-05-11 10:02:50,IO2403-P-4100,IO2403-P-4100,261.4,0.0,0.0,0.0,2,258.6,264.2,1,260.2,261.4,261.4,261.4,2.0,52280.0,183
2023-05-11 10:02:51,IO2403-P-4100,IO2403-P-4100,261.4,0.0,0.0,0.0,6,258.8,264.2,1,260.2,261.4,261.4,261.4,2.0,52280.0,183
2023-05-11 10:02:53,IO2403-P-4100,IO2403-P-4100,261.4,0.0,0.0,0.0,6,258.4,264.2,1,260.2,261.4,261.4,261.4,2.0,52280.0,183
2023-05-11 10:02:54,IO2403-P-4100,IO2403-P-4100,261.4,0.0,0.0,0.0,2,258.6,264.2,1,260.2,261.4,261.4,261.4,2.0,52280.0,183
2023-05-11 10:02:54,IO2403-P-4100,IO2403-P-4100,261.4,0.0,0.0,0.0,6,258.8,264.2,1,260.2,261.4,261.4,261.4,2.0,52280.0,183
2023-05-11 10:02:55,IO2403-P-4100,IO2403-P-4100,261.4,0.0,0.0,0.0,6,258.8,264.0,1,260.2,261.4,261.4,261.4,2.0,52280.0,183
2023-05-11 10:02:56,IO2403-P-4100,IO2403-P-4100,261.4,0.0,0.0,0.0,6,258.4,264.0,1,260.2,261.4,261.4,261.4,2.0,52280.0,183
2023-05-11 10:02:57,IO2403-P-4100,IO2403-P-4100,261.4,0.0,0.0,0.0,8,258.4,264.0,1,260.2,261.4,261.4,261.4,2.0,52280.0,183
2023-05-11 10:02:57,IO2403-P-4100,IO2403-P-4100,261.4,0.0,0.0,0.0,6,258.6,264.0,1,260.2,261.4,261.4,261.4,2.0,52280.0,183
2023-05-11 10:02:59,IO2403-P-4100,IO2403-P-4100,261.4,0.0,0.0,0.0,6,258.4,264.0,7,260.2,261.4,261.4,261.4,2.0,52280.0,183
2023-05-11 10:03:04,IO2403-P-4100,IO2403-P-4100,261.4,0.0,0.0,0.0,8,258.4,264.0,7,260.2,261.4,261.4,261.4,2.0,52280.0,183
2023-05-11 10:03:04,IO2403-P-4100,IO2403-P-4100,261.4,0.0,0.0,0.0,6,258.6,263.8,6,260.2,261.4,261.4,261.4,2.0,52280.0,183
2023-05-11 10:03:05,IO2403-P-4100,IO2403-P-4100,261.4,0.0,0.0,0.0,6,258.6,264.4,7,260.2,261.4,261.4,261.4,2.0,52280.0,183
2023-05-11 10:03:06,IO2403-P-4100,IO2403-P-4100,261.4,0.0,0.0,0.0,6,258.6,264.4,1,260.2,261.4,261.4,261.4,2.0,52280.0,183
2023-05-11 10:03:12,IO2403-P-4100,IO2403-P-4100,261.4,0.0,0.0,0.0,33,258.2,264.2,6,260.2,261.4,261.4,261.4,2.0,52280.0,183
2023-05-11 10:03:13,IO2403-P-4100,IO2403-P-4100,261.4,0.0,0.0,0.0,15,258.2,264.2,6,260.2,261.4,261.4,261.4,2.0,52280.0,183
2023-05-11 10:03:13,IO2403-P-4100,IO2403-P-4100,261.4,0.0,0.0,0.0,6,258.2,264.2,6,260.2,261.4,261.4,261.4,2.0,52280.0,183
2023-05-11 10:03:15,IO2403-P-4100,IO2403-P-4100,261.4,0.0,0.0,0.0,8,258.2,264.2,6,260.2,261.4,261.4,261.4,2.0,52280.0,183
2023-05-11 10:03:16,IO2403-P-4100,IO2403-P-4100,261.4,0.0,0.0,0.0,6,258.2,264.2,6,260.2,261.4,261.4,261.4,2.0,52280.0,183
2023-05-11 10:03:25,IO2403-P-4100,IO2403-P-4100,261.4,0.0,0.0,0.0,6,258.2,264.2,7,260.2,261.4,261.4,261.4,2.0,52280.0,183
2023-05-11 10:03:26,IO2403-P-4100,IO2403-P-4100,261.4,0.0,0.0,0.0,12,258.2,264.0,6,260.2,261.4,261.4,261.4,2.0,52280.0,183
2023-05-11 10:03:30,IO2403-P-4100,IO2403-P-4100,261.4,0.0,0.0,0.0,12,258.2,264.0,7,260.2,261.4,261.4,261.4,2.0,52280.0,183
2023-05-11 10:03:31,IO2403-P-4100,IO2403-P-4100,261.4,0.0,0.0,0.0,6,258.4,263.8,6,260.2,261.4,261.4,261.4,2.0,52280.0,183
2023-05-11 10:03:32,IO2403-P-4100,IO2403-P-4100,261.4,0.0,0.0,0.0,6,258.2,263.8,6,260.2,261.4,261.4,261.4,2.0,52280.0,183
2023-05-11 10:03:40,IO2403-P-4100,IO2403-P-4100,261.4,0.0,0.0,0.0,6,258.2,263.8,7,260.2,261.4,261.4,261.4,2.0,52280.0,183
2023-05-11 10:03:41,IO2403-P-4100,IO2403-P-4100,261.4,0.0,0.0,0.0,6,258.2,263.6,6,260.2,261.4,261.4,261.4,2.0,52280.0,183
2023-05-11 10:03:55,IO2403-P-4100,IO2403-P-4100,261.4,0.0,0.0,0.0,6,258.2,263.6,7,260.2,261.4,261.4,261.4,2.0,52280.0,183
2023-05-11 10:03:56,IO2403-P-4100,IO2403-P-4100,261.4,0.0,0.0,0.0,6,258.2,263.4,6,260.2,261.4,261.4,261.4,2.0,52280.0,183
2023-05-11 10:04:15,IO2403-P-4100,IO2403-P-4100,261.4,0.0,0.0,0.0,6,258.2,263.4,7,260.2,261.4,261.4,261.4,2.0,52280.0,183
2023-05-11 10:04:16,IO2403-P-4100,IO2403-P-4100,261.4,0.0,0.0,0.0,6,258.2,263.2,6,260.2,261.4,261.4,261.4,2.0,52280.0,183
2023-05-11 10:04:20,IO2403-P-4100,IO2403-P-4100,261.4,0.0,0.0,0.0,6,258.2,263.2,7,260.2,261.4,261.4,261.4,2.0,52280.0,183
2023-05-11 10:04:21,IO2403-P-4100,IO2403-P-4100,261.4,0.0,0.0,0.0,6,258.2,263.0,6,260.2,261.4,261.4,261.4,2.0,52280.0,183
2023-05-11 10:04:32,IO2403-P-4100,IO2403-P-4100,261.4,0.0,0.0,0.0,6,258.2,263.0,7,260.2,261.4,261.4,261.4,2.0,52280.0,183
2023-05-11 10:04:33,IO2403-P-4100,IO2403-P-4100,261.4,0.0,0.0,0.0,6,258.2,262.8,6,260.2,261.4,261.4,261.4,2.0,52280.0,183
2023-05-11 10:04:47,IO2403-P-4100,IO2403-P-4100,261.4,0.0,0.0,0.0,6,258.2,262.8,7,260.2,261.4,261.4,261.4,2.0,52280.0,183
2023-05-11 10:04:48,IO2403-P-4100,IO2403-P-4100,261.4,0.0,0.0,0.0,6,258.2,262.6,6,260.2,261.4,261.4,261.4,2.0,52280.0,183
2023-05-11 10:05:01,IO2403-P-4100,IO2403-P-4100,261.4,0.0,0.0,0.0,6,258.2,263.0,6,260.2,261.4,261.4,261.4,2.0,52280.0,183
2023-05-11 10:05:05,IO2403-P-4100,IO2403-P-4100,261.4,0.0,0.0,0.0,8,258.2,263.2,6,260.2,261.4,261.4,261.4,2.0,52280.0,183
2023-05-11 10:05:05,IO2403-P-4100,IO2403-P-4100,261.4,0.0,0.0,0.0,6,258.2,263.2,6,260.2,261.4,261.4,261.4,2.0,52280.0,183
2023-05-11 10:05:06,IO2403-P-4100,IO2403-P-4100,261.4,0.0,0.0,0.0,8,258.2,263.4,6,260.2,261.4,261.4,261.4,2.0,52280.0,183
2023-05-11 10:05:06,IO2403-P-4100,IO2403-P-4100,261.4,0.0,0.0,0.0,6,258.2,263.4,6,260.2,261.4,261.4,261.4,2.0,52280.0,183
2023-05-11 10:05:08,IO2403-P-4100,IO2403-P-4100,261.4,0.0,0.0,0.0,8,258.2,263.4,6,260.2,261.4,261.4,261.4,2.0,52280.0,183
2023-05-11 10:05:09,IO2403-P-4100,IO2403-P-4100,261.4,0.0,0.0,0.0,6,258.2,263.4,6,260.2,261.4,261.4,261.4,2.0,52280.0,183
2023-05-11 10:05:10,IO2403-P-4100,IO2403-P-4100,261.4,0.0,0.0,0.0,8,258.2,263.4,6,260.2,261.4,261.4,261.4,2.0,52280.0,183
2023-05-11 10:05:12,IO2403-P-4100,IO2403-P-4100,261.4,0.0,0.0,0.0,8,258.2,263.8,6,260.2,261.4,261.4,261.4,2.0,52280.0,183
2023-05-11 10:05:19,IO2403-P-4100,IO2403-P-4100,261.4,0.0,0.0,0.0,6,258.2,263.8,6,260.2,261.4,261.4,261.4,2.0,52280.0,183
2023-05-11 10:05:21,IO2403-P-4100,IO2403-P-4100,261.4,0.0,0.0,0.0,8,258.2,263.8,6,260.2,261.4,261.4,261.4,2.0,52280.0,183
2023-05-11 10:05:22,IO2403-P-4100,IO2403-P-4100,261.4,0.0,0.0,0.0,6,258.2,263.8,6,260.2,261.4,261.4,261.4,2.0,52280.0,183
2023-05-11 10:05:29,IO2403-P-4100,IO2403-P-4100,261.4,0.0,0.0,0.0,6,258.2,263.8,7,260.2,261.4,261.4,261.4,2.0,52280.0,183
2023-05-11 10:05:30,IO2403-P-4100,IO2403-P-4100,261.4,0.0,0.0,0.0,6,258.2,263.6,6,260.2,261.4,261.4,261.4,2.0,52280.0,183
2023-05-11 10:05:34,IO2403-P-4100,IO2403-P-4100,261.4,0.0,0.0,0.0,6,258.2,263.6,7,260.2,261.4,261.4,261.4,2.0,52280.0,183
2023-05-11 10:05:35,IO2403-P-4100,IO2403-P-4100,261.4,0.0,0.0,0.0,6,258.2,263.4,6,260.2,261.4,261.4,261.4,2.0,52280.0,183
2023-05-11 10:05:44,IO2403-P-4100,IO2403-P-4100,261.4,0.0,0.0,0.0,6,258.2,263.4,7,260.2,261.4,261.4,261.4,2.0,52280.0,183
2023-05-11 10:05:45,IO2403-P-4100,IO2403-P-4100,261.4,0.0,0.0,0.0,6,258.2,263.2,6,260.2,261.4,261.4,261.4,2.0,52280.0,183
2023-05-11 10:05:59,IO2403-P-4100,IO2403-P-4100,261.4,0.0,0.0,0.0,6,258.2,263.2,7,260.2,261.4,261.4,261.4,2.0,52280.0,183
2023-05-11 10:06:00,IO2403-P-4100,IO2403-P-4100,261.4,0.0,0.0,0.0,6,258.2,263.0,6,260.2,261.4,261.4,261.4,2.0,52280.0,183
2023-05-11 10:06:19,IO2403-P-4100,IO2403-P-4100,261.4,0.0,0.0,0.0,6,258.2,263.0,7,260.2,261.4,261.4,261.4,2.0,52280.0,183
2023-05-11 10:06:20,IO2403-P-4100,IO2403-P-4100,261.4,0.0,0.0,0.0,6,258.2,262.8,6,260.2,261.4,261.4,261.4,2.0,52280.0,183
2023-05-11 10:06:24,IO2403-P-4100,IO2403-P-4100,261.4,0.0,0.0,0.0,6,258.2,262.8,7,260.2,261.4,261.4,261.4,2.0,52280.0,183
2023-05-11 10:06:25,IO2403-P-4100,IO2403-P-4100,261.4,0.0,0.0,0.0,6,258.2,262.6,6,260.2,261.4,261.4,261.4,2.0,52280.0,183
2023-05-11 10:06:36,IO2403-P-4100,IO2403-P-4100,261.4,0.0,0.0,0.0,6,258.2,262.6,7,260.2,261.4,261.4,261.4,2.0,52280.0,183
2023-05-11 10:06:37,IO2403-P-4100,IO2403-P-4100,261.4,0.0,0.0,0.0,6,258.2,262.4,6,260.2,261.4,261.4,261.4,2.0,52280.0,183
2023-05-11 10:06:41,IO2403-P-4100,IO2403-P-4100,261.4,0.0,0.0,0.0,6,258.2,262.8,6,260.2,261.4,261.4,261.4,2.0,52280.0,183
2023-05-11 10:06:56,IO2403-P-4100,IO2403-P-4100,261.4,0.0,0.0,0.0,6,258.2,262.8,7,260.2,261.4,261.4,261.4,2.0,52280.0,183
2023-05-11 10:06:56,IO2403-P-4100,IO2403-P-4100,261.4,0.0,0.0,0.0,6,258.2,262.6,6,260.2,261.4,261.4,261.4,2.0,52280.0,183
2023-05-11 10:07:16,IO2403-P-4100,IO2403-P-4100,261.4,0.0,0.0,0.0,6,258.2,262.6,7,260.2,261.4,261.4,261.4,2.0,52280.0,183
2023-05-11 10:07:16,IO2403-P-4100,IO2403-P-4100,261.4,0.0,0.0,0.0,6,258.2,262.4,6,260.2,261.4,261.4,261.4,2.0,52280.0,183
2023-05-11 10:07:21,IO2403-P-4100,IO2403-P-4100,261.4,0.0,0.0,0.0,6,258.2,262.4,7,260.2,261.4,261.4,261.4,2.0,52280.0,183
2023-05-11 10:07:21,IO2403-P-4100,IO2403-P-4100,261.4,0.0,0.0,0.0,6,258.2,262.2,6,260.2,261.4,261.4,261.4,2.0,52280.0,183
2023-05-11 10:07:31,IO2403-P-4100,IO2403-P-4100,261.4,0.0,0.0,0.0,6,258.2,262.2,7,260.2,261.4,261.4,261.4,2.0,52280.0,183
2023-05-11 10:07:32,IO2403-P-4100,IO2403-P-4100,261.4,0.0,0.0,0.0,6,258.2,262.0,6,260.2,261.4,261.4,261.4,2.0,52280.0,183
2023-05-11 10:07:46,IO2403-P-4100,IO2403-P-4100,261.4,0.0,0.0,0.0,6,258.2,262.0,7,260.2,261.4,261.4,261.4,2.0,52280.0,183
2023-05-11 10:07:47,IO2403-P-4100,IO2403-P-4100,261.4,0.0,0.0,0.0,6,258.2,261.8,6,260.2,261.4,261.4,261.4,2.0,52280.0,183
2023-05-11 10:07:51,IO2403-P-4100,IO2403-P-4100,261.4,0.0,0.0,0.0,6,258.2,262.2,6,260.2,261.4,261.4,261.4,2.0,52280.0,183
2023-05-11 10:08:04,IO2403-P-4100,IO2403-P-4100,261.4,0.0,0.0,0.0,6,258.2,262.4,7,260.2,261.4,261.4,261.4,2.0,52280.0,183
2023-05-11 10:08:05,IO2403-P-4100,IO2403-P-4100,261.4,0.0,0.0,0.0,8,258.2,262.4,7,260.2,261.4,261.4,261.4,2.0,52280.0,183
2023-05-11 10:08:06,IO2403-P-4100,IO2403-P-4100,261.4,0.0,0.0,0.0,6,258.2,262.2,1,260.2,261.4,261.4,261.4,2.0,52280.0,183
2023-05-11 10:08:14,IO2403-P-4100,IO2403-P-4100,261.4,0.0,0.0,0.0,6,258.2,262.0,6,260.2,261.4,261.4,261.4,2.0,52280.0,183
2023-05-11 10:08:24,IO2403-P-4100,IO2403-P-4100,261.4,0.0,0.0,0.0,6,258.2,262.2,6,260.2,261.4,261.4,261.4,2.0,52280.0,183
2023-05-11 10:09:28,IO2403-P-4100,IO2403-P-4100,261.4,0.0,0.0,0.0,6,258.2,262.2,7,260.2,261.4,261.4,261.4,2.0,52280.0,183
2023-05-11 10:09:29,IO2403-P-4100,IO2403-P-4100,261.4,0.0,0.0,0.0,6,258.2,262.0,6,260.2,261.4,261.4,261.4,2.0,52280.0,183
2023-05-11 10:09:33,IO2403-P-4100,IO2403-P-4100,261.4,0.0,0.0,0.0,6,258.2,262.0,7,260.2,261.4,261.4,261.4,2.0,52280.0,183
2023-05-11 10:09:34,IO2403-P-4100,IO2403-P-4100,261.4,0.0,0.0,0.0,6,258.2,261.8,6,260.2,261.4,261.4,261.4,2.0,52280.0,183
2023-05-11 10:09:45,IO2403-P-4100,IO2403-P-4100,261.4,0.0,0.0,0.0,6,258.2,261.8,7,260.2,261.4,261.4,261.4,2.0,52280.0,183
2023-05-11 10:09:45,IO2403-P-4100,IO2403-P-4100,261.4,0.0,0.0,0.0,6,258.2,261.6,6,260.2,261.4,261.4,261.4,2.0,52280.0,183
2023-05-11 10:09:46,IO2403-P-4100,IO2403-P-4100,261.4,0.0,0.0,0.0,6,258.2,262.0,6,260.2,261.4,261.4,261.4,2.0,52280.0,183
2023-05-11 10:09:57,IO2403-P-4100,IO2403-P-4100,261.4,0.0,0.0,0.0,6,258.2,262.2,6,260.2,261.4,261.4,261.4,2.0,52280.0,183
2023-05-11 10:10:22,IO2403-P-4100,IO2403-P-4100,261.4,0.0,0.0,0.0,6,258.2,262.2,7,260.2,261.4,261.4,261.4,2.0,52280.0,183
2023-05-11 10:10:22,IO2403-P-4100,IO2403-P-4100,261.4,0.0,0.0,0.0,6,258.2,262.0,6,260.2,261.4,261.4,261.4,2.0,52280.0,183
2023-05-11 10:10:42,IO2403-P-4100,IO2403-P-4100,261.4,0.0,0.0,0.0,6,258.2,262.0,7,260.2,261.4,261.4,261.4,2.0,52280.0,183
2023-05-11 10:10:42,IO2403-P-4100,IO2403-P-4100,261.4,0.0,0.0,0.0,6,258.2,261.8,6,260.2,261.4,261.4,261.4,2.0,52280.0,183
2023-05-11 10:11:00,IO2403-P-4100,IO2403-P-4100,261.4,0.0,0.0,0.0,6,258.2,262.2,6,260.2,261.4,261.4,261.4,2.0,52280.0,183
2023-05-11 10:11:05,IO2403-P-4100,IO2403-P-4100,261.4,0.0,0.0,0.0,6,258.2,262.2,7,260.2,261.4,261.4,261.4,2.0,52280.0,183
2023-05-11 10:11:05,IO2403-P-4100,IO2403-P-4100,261.4,0.0,0.0,0.0,6,258.2,262.0,6,260.2,261.4,261.4,261.4,2.0,52280.0,183
2023-05-11 10:11:07,IO2403-P-4100,IO2403-P-4100,261.4,0.0,0.0,0.0,6,258.2,262.2,6,260.2,261.4,261.4,261.4,2.0,52280.0,183
2023-05-11 10:11:17,IO2403-P-4100,IO2403-P-4100,261.4,0.0,0.0,0.0,6,258.2,262.2,7,260.2,261.4,261.4,261.4,2.0,52280.0,183
2023-05-11 10:11:18,IO2403-P-4100,IO2403-P-4100,261.4,0.0,0.0,0.0,6,258.2,262.0,6,260.2,261.4,261.4,261.4,2.0,52280.0,183
2023-05-11 10:11:32,IO2403-P-4100,IO2403-P-4100,261.4,0.0,0.0,0.0,6,258.2,262.0,7,260.2,261.4,261.4,261.4,2.0,52280.0,183
2023-05-11 10:11:33,IO2403-P-4100,IO2403-P-4100,261.4,0.0,0.0,0.0,6,258.2,261.8,6,260.2,261.4,261.4,261.4,2.0,52280.0,183
2023-05-11 10:11:52,IO2403-P-4100,IO2403-P-4100,261.4,0.0,0.0,0.0,6,258.2,261.8,7,260.2,261.4,261.4,261.4,2.0,52280.0,183
2023-05-11 10:11:53,IO2403-P-4100,IO2403-P-4100,261.4,0.0,0.0,0.0,6,258.2,261.6,6,260.2,261.4,261.4,261.4,2.0,52280.0,183
2023-05-11 10:12:01,IO2403-P-4100,IO2403-P-4100,261.4,0.0,0.0,0.0,6,258.2,261.8,7,260.2,261.4,261.4,261.4,2.0,52280.0,183
2023-05-11 10:12:04,IO2403-P-4100,IO2403-P-4100,261.4,0.0,0.0,0.0,6,258.2,261.6,1,260.2,261.4,261.4,261.4,2.0,52280.0,183
2023-05-11 10:12:05,IO2403-P-4100,IO2403-P-4100,261.4,0.0,0.0,0.0,6,258.2,261.4,6,260.2,261.4,261.4,261.4,2.0,52280.0,183
2023-05-11 10:12:07,IO2403-P-4100,IO2403-P-4100,261.4,0.0,0.0,0.0,6,258.2,261.6,1,260.2,261.4,261.4,261.4,2.0,52280.0,183
2023-05-11 10:12:07,IO2403-P-4100,IO2403-P-4100,261.4,0.0,0.0,0.0,6,258.2,261.6,7,260.2,261.4,261.4,261.4,2.0,52280.0,183
2023-05-11 10:12:11,IO2403-P-4100,IO2403-P-4100,261.6,3.0,78480.0,2.0,6,258.2,262.4,12,260.2,261.4,261.6,261.4,5.0,130760.0,185
2023-05-11 10:12:12,IO2403-P-4100,IO2403-P-4100,261.6,0.0,0.0,0.0,6,258.2,262.4,6,260.2,261.4,261.6,261.4,5.0,130760.0,185
2023-05-11 10:12:26,IO2403-P-4100,IO2403-P-4100,261.6,0.0,0.0,0.0,6,258.2,262.6,6,260.2,261.4,261.6,261.4,5.0,130760.0,185
2023-05-11 10:13:59,IO2403-P-4100,IO2403-P-4100,261.6,0.0,0.0,0.0,6,258.2,262.6,7,260.2,261.4,261.6,261.4,5.0,130760.0,185
2023-05-11 10:13:59,IO2403-P-4100,IO2403-P-4100,261.6,0.0,0.0,0.0,6,258.2,262.4,6,260.2,261.4,261.6,261.4,5.0,130760.0,185
2023-05-11 10:14:03,IO2403-P-4100,IO2403-P-4100,261.6,0.0,0.0,0.0,6,258.2,262.6,6,260.2,261.4,261.6,261.4,5.0,130760.0,185
2023-05-11 10:15:01,IO2403-P-4100,IO2403-P-4100,261.6,0.0,0.0,0.0,6,258.2,262.6,7,260.2,261.4,261.6,261.4,5.0,130760.0,185
2023-05-11 10:15:02,IO2403-P-4100,IO2403-P-4100,261.6,0.0,0.0,0.0,6,258.2,262.4,6,260.2,261.4,261.6,261.4,5.0,130760.0,185
2023-05-11 10:15:12,IO2403-P-4100,IO2403-P-4100,261.6,0.0,0.0,0.0,6,258.2,262.6,6,260.2,261.4,261.6,261.4,5.0,130760.0,185
2023-05-11 10:21:19,IO2403-P-4100,IO2403-P-4100,261.6,0.0,0.0,0.0,6,258.2,262.6,7,260.2,261.4,261.6,261.4,5.0,130760.0,185
2023-05-11 10:21:19,IO2403-P-4100,IO2403-P-4100,261.6,0.0,0.0,0.0,6,258.2,262.4,6,260.2,261.4,261.6,261.4,5.0,130760.0,185
2023-05-11 10:21:39,IO2403-P-4100,IO2403-P-4100,261.6,0.0,0.0,0.0,6,258.2,262.6,6,260.2,261.4,261.6,261.4,5.0,130760.0,185
2023-05-11 10:22:05,IO2403-P-4100,IO2403-P-4100,261.6,0.0,0.0,0.0,6,258.2,262.6,7,260.2,261.4,261.6,261.4,5.0,130760.0,185
2023-05-11 10:22:05,IO2403-P-4100,IO2403-P-4100,261.6,0.0,0.0,0.0,6,258.2,262.4,6,260.2,261.4,261.6,261.4,5.0,130760.0,185
2023-05-11 10:22:11,IO2403-P-4100,IO2403-P-4100,261.6,0.0,0.0,0.0,6,258.2,262.4,7,260.2,261.4,261.6,261.4,5.0,130760.0,185
2023-05-11 10:22:12,IO2403-P-4100,IO2403-P-4100,261.6,0.0,0.0,0.0,6,258.2,262.2,6,260.2,261.4,261.6,261.4,5.0,130760.0,185
2023-05-11 10:22:13,IO2403-P-4100,IO2403-P-4100,261.6,0.0,0.0,0.0,6,258.2,262.6,6,260.2,261.4,261.6,261.4,5.0,130760.0,185
2023-05-11 10:22:32,IO2403-P-4100,IO2403-P-4100,261.6,0.0,0.0,0.0,6,258.2,262.6,7,260.2,261.4,261.6,261.4,5.0,130760.0,185
2023-05-11 10:22:33,IO2403-P-4100,IO2403-P-4100,261.6,0.0,0.0,0.0,6,258.2,262.4,6,260.2,261.4,261.6,261.4,5.0,130760.0,185
2023-05-11 10:22:47,IO2403-P-4100,IO2403-P-4100,261.6,0.0,0.0,0.0,6,258.2,262.4,7,260.2,261.4,261.6,261.4,5.0,130760.0,185
2023-05-11 10:22:48,IO2403-P-4100,IO2403-P-4100,261.6,0.0,0.0,0.0,6,258.2,262.2,6,260.2,261.4,261.6,261.4,5.0,130760.0,185
2023-05-11 10:22:56,IO2403-P-4100,IO2403-P-4100,261.6,0.0,0.0,0.0,6,258.2,262.6,6,260.2,261.4,261.6,261.4,5.0,130760.0,185
2023-05-11 10:24:07,IO2403-P-4100,IO2403-P-4100,261.6,0.0,0.0,0.0,8,258.2,262.6,6,260.2,261.4,261.6,261.4,5.0,130760.0,185
2023-05-11 10:24:09,IO2403-P-4100,IO2403-P-4100,261.6,0.0,0.0,0.0,6,258.2,262.6,6,260.2,261.4,261.6,261.4,5.0,130760.0,185
2023-05-11 10:25:58,IO2403-P-4100,IO2403-P-4100,261.6,0.0,0.0,0.0,8,258.2,262.6,6,260.2,261.4,261.6,261.4,5.0,130760.0,185
2023-05-11 10:25:59,IO2403-P-4100,IO2403-P-4100,261.6,0.0,0.0,0.0,6,258.2,262.6,6,260.2,261.4,261.6,261.4,5.0,130760.0,185
2023-05-11 10:25:59,IO2403-P-4100,IO2403-P-4100,261.6,0.0,0.0,0.0,8,258.2,262.6,6,260.2,261.4,261.6,261.4,5.0,130760.0,185
2023-05-11 10:26:00,IO2403-P-4100,IO2403-P-4100,261.6,0.0,0.0,0.0,6,258.2,262.6,6,260.2,261.4,261.6,261.4,5.0,130760.0,185
2023-05-11 10:26:20,IO2403-P-4100,IO2403-P-4100,261.6,0.0,0.0,0.0,8,258.2,262.6,6,260.2,261.4,261.6,261.4,5.0,130760.0,185
2023-05-11 10:26:22,IO2403-P-4100,IO2403-P-4100,261.6,0.0,0.0,0.0,6,258.2,262.6,6,260.2,261.4,261.6,261.4,5.0,130760.0,185
2023-05-11 10:26:56,IO2403-P-4100,IO2403-P-4100,261.6,0.0,0.0,0.0,8,258.2,262.6,6,260.2,261.4,261.6,261.4,5.0,130760.0,185
2023-05-11 10:26:59,IO2403-P-4100,IO2403-P-4100,261.6,0.0,0.0,0.0,6,258.4,262.8,12,260.2,261.4,261.6,261.4,5.0,130760.0,185
2023-05-11 10:27:00,IO2403-P-4100,IO2403-P-4100,261.6,0.0,0.0,0.0,6,258.4,263.2,24,260.2,261.4,261.6,261.4,5.0,130760.0,185
2023-05-11 10:27:00,IO2403-P-4100,IO2403-P-4100,261.6,0.0,0.0,0.0,6,258.4,263.4,12,260.2,261.4,261.6,261.4,5.0,130760.0,185
2023-05-11 10:27:01,IO2403-P-4100,IO2403-P-4100,261.6,0.0,0.0,0.0,6,258.4,263.4,6,260.2,261.4,261.6,261.4,5.0,130760.0,185
2023-05-11 10:27:06,IO2403-P-4100,IO2403-P-4100,261.6,0.0,0.0,0.0,6,258.2,263.2,6,260.2,261.4,261.6,261.4,5.0,130760.0,185
2023-05-11 10:27:40,IO2403-P-4100,IO2403-P-4100,261.6,0.0,0.0,0.0,8,258.2,263.2,6,260.2,261.4,261.6,261.4,5.0,130760.0,185
2023-05-11 10:27:45,IO2403-P-4100,IO2403-P-4100,261.6,0.0,0.0,0.0,6,258.2,263.2,6,260.2,261.4,261.6,261.4,5.0,130760.0,185
2023-05-11 10:27:56,IO2403-P-4100,IO2403-P-4100,261.6,0.0,0.0,0.0,8,258.2,263.2,6,260.2,261.4,261.6,261.4,5.0,130760.0,185
2023-05-11 10:27:58,IO2403-P-4100,IO2403-P-4100,261.6,0.0,0.0,0.0,6,258.2,263.2,6,260.2,261.4,261.6,261.4,5.0,130760.0,185
2023-05-11 10:28:08,IO2403-P-4100,IO2403-P-4100,261.6,0.0,0.0,0.0,8,258.2,263.2,6,260.2,261.4,261.6,261.4,5.0,130760.0,185
2023-05-11 10:28:11,IO2403-P-4100,IO2403-P-4100,261.6,0.0,0.0,0.0,6,258.2,263.2,6,260.2,261.4,261.6,261.4,5.0,130760.0,185
2023-05-11 10:28:16,IO2403-P-4100,IO2403-P-4100,261.6,0.0,0.0,0.0,8,258.2,263.2,6,260.2,261.4,261.6,261.4,5.0,130760.0,185
2023-05-11 10:28:18,IO2403-P-4100,IO2403-P-4100,261.6,0.0,0.0,0.0,6,258.2,263.2,6,260.2,261.4,261.6,261.4,5.0,130760.0,185
2023-05-11 10:28:19,IO2403-P-4100,IO2403-P-4100,261.6,0.0,0.0,0.0,2,258.4,263.2,6,260.2,261.4,261.6,261.4,5.0,130760.0,185
2023-05-11 10:28:20,IO2403-P-4100,IO2403-P-4100,261.6,0.0,0.0,0.0,2,258.4,263.4,6,260.2,261.4,261.6,261.4,5.0,130760.0,185
2023-05-11 10:28:23,IO2403-P-4100,IO2403-P-4100,261.6,0.0,0.0,0.0,6,258.2,263.4,6,260.2,261.4,261.6,261.4,5.0,130760.0,185
2023-05-11 10:28:23,IO2403-P-4100,IO2403-P-4100,261.6,0.0,0.0,0.0,8,258.2,263.4,6,260.2,261.4,261.6,261.4,5.0,130760.0,185
2023-05-11 10:28:30,IO2403-P-4100,IO2403-P-4100,261.6,0.0,0.0,0.0,6,258.2,263.4,6,260.2,261.4,261.6,261.4,5.0,130760.0,185
2023-05-11 10:28:30,IO2403-P-4100,IO2403-P-4100,261.6,0.0,0.0,0.0,8,258.2,263.4,6,260.2,261.4,261.6,261.4,5.0,130760.0,185
2023-05-11 10:28:34,IO2403-P-4100,IO2403-P-4100,261.6,0.0,0.0,0.0,6,258.4,263.6,24,260.2,261.4,261.6,261.4,5.0,130760.0,185
2023-05-11 10:28:34,IO2403-P-4100,IO2403-P-4100,261.6,0.0,0.0,0.0,8,258.4,263.6,24,260.2,261.4,261.6,261.4,5.0,130760.0,185
2023-05-11 10:28:35,IO2403-P-4100,IO2403-P-4100,261.6,0.0,0.0,0.0,6,258.6,263.4,6,260.2,261.4,261.6,261.4,5.0,130760.0,185
2023-05-11 10:28:37,IO2403-P-4100,IO2403-P-4100,261.6,0.0,0.0,0.0,6,258.4,263.6,18,260.2,261.4,261.6,261.4,5.0,130760.0,185
2023-05-11 10:28:37,IO2403-P-4100,IO2403-P-4100,261.6,0.0,0.0,0.0,6,258.2,263.4,6,260.2,261.4,261.6,261.4,5.0,130760.0,185
2023-05-11 10:28:41,IO2403-P-4100,IO2403-P-4100,261.6,0.0,0.0,0.0,8,258.2,263.4,6,260.2,261.4,261.6,261.4,5.0,130760.0,185
2023-05-11 10:28:56,IO2403-P-4100,IO2403-P-4100,261.6,0.0,0.0,0.0,6,258.4,263.6,12,260.2,261.4,261.6,261.4,5.0,130760.0,185
2023-05-11 10:29:02,IO2403-P-4100,IO2403-P-4100,261.6,0.0,0.0,0.0,2,258.6,263.6,12,260.2,261.4,261.6,261.4,5.0,130760.0,185
2023-05-11 10:29:03,IO2403-P-4100,IO2403-P-4100,261.6,0.0,0.0,0.0,8,258.6,263.4,6,260.2,261.4,261.6,261.4,5.0,130760.0,185
2023-05-11 10:29:03,IO2403-P-4100,IO2403-P-4100,261.6,0.0,0.0,0.0,6,258.6,263.4,6,260.2,261.4,261.6,261.4,5.0,130760.0,185
2023-05-11 10:29:04,IO2403-P-4100,IO2403-P-4100,261.6,0.0,0.0,0.0,6,258.4,263.6,12,260.2,261.4,261.6,261.4,5.0,130760.0,185
2023-05-11 10:29:04,IO2403-P-4100,IO2403-P-4100,261.6,0.0,0.0,0.0,2,258.6,263.6,6,260.2,261.4,261.6,261.4,5.0,130760.0,185
2023-05-11 10:29:05,IO2403-P-4100,IO2403-P-4100,261.6,0.0,0.0,0.0,12,258.2,263.8,6,260.2,261.4,261.6,261.4,5.0,130760.0,185
2023-05-11 10:29:05,IO2403-P-4100,IO2403-P-4100,261.6,0.0,0.0,0.0,2,258.4,263.8,6,260.2,261.4,261.6,261.4,5.0,130760.0,185
2023-05-11 10:29:11,IO2403-P-4100,IO2403-P-4100,261.6,0.0,0.0,0.0,12,258.2,263.8,6,260.2,261.4,261.6,261.4,5.0,130760.0,185
2023-05-11 10:29:12,IO2403-P-4100,IO2403-P-4100,261.6,0.0,0.0,0.0,2,258.4,263.8,6,260.2,261.4,261.6,261.4,5.0,130760.0,185
2023-05-11 10:29:12,IO2403-P-4100,IO2403-P-4100,261.6,0.0,0.0,0.0,12,258.2,263.8,6,260.2,261.4,261.6,261.4,5.0,130760.0,185
2023-05-11 10:29:13,IO2403-P-4100,IO2403-P-4100,261.6,0.0,0.0,0.0,2,258.4,263.8,6,260.2,261.4,261.6,261.4,5.0,130760.0,185
2023-05-11 10:29:13,IO2403-P-4100,IO2403-P-4100,261.6,0.0,0.0,0.0,12,258.2,263.8,6,260.2,261.4,261.6,261.4,5.0,130760.0,185
2023-05-11 10:29:14,IO2403-P-4100,IO2403-P-4100,261.6,0.0,0.0,0.0,14,258.2,263.8,6,260.2,261.4,261.6,261.4,5.0,130760.0,185
2023-05-11 10:29:18,IO2403-P-4100,IO2403-P-4100,261.6,0.0,0.0,0.0,12,258.2,263.8,6,260.2,261.4,261.6,261.4,5.0,130760.0,185
2023-05-11 10:29:19,IO2403-P-4100,IO2403-P-4100,261.6,0.0,0.0,0.0,14,258.2,263.8,6,260.2,261.4,261.6,261.4,5.0,130760.0,185
2023-05-11 10:29:28,IO2403-P-4100,IO2403-P-4100,261.6,0.0,0.0,0.0,12,258.2,263.8,6,260.2,261.4,261.6,261.4,5.0,130760.0,185
2023-05-11 10:29:33,IO2403-P-4100,IO2403-P-4100,261.6,0.0,0.0,0.0,14,258.2,263.8,6,260.2,261.4,261.6,261.4,5.0,130760.0,185
2023-05-11 10:29:42,IO2403-P-4100,IO2403-P-4100,261.6,0.0,0.0,0.0,12,258.2,263.8,6,260.2,261.4,261.6,261.4,5.0,130760.0,185
2023-05-11 10:29:42,IO2403-P-4100,IO2403-P-4100,261.6,0.0,0.0,0.0,14,258.2,263.8,6,260.2,261.4,261.6,261.4,5.0,130760.0,185
2023-05-11 10:30:06,IO2403-P-4100,IO2403-P-4100,261.6,0.0,0.0,0.0,6,258.4,264.0,18,260.2,261.4,261.6,261.4,5.0,130760.0,185
2023-05-11 10:30:06,IO2403-P-4100,IO2403-P-4100,261.6,0.0,0.0,0.0,8,258.6,264.6,42,260.2,261.4,261.6,261.4,5.0,130760.0,185
2023-05-11 10:30:07,IO2403-P-4100,IO2403-P-4100,261.6,0.0,0.0,0.0,6,258.8,264.6,6,260.2,261.4,261.6,261.4,5.0,130760.0,185
2023-05-11 10:30:07,IO2403-P-4100,IO2403-P-4100,261.6,0.0,0.0,0.0,2,259.0,265.0,24,260.2,261.4,261.6,261.4,5.0,130760.0,185
2023-05-11 10:30:08,IO2403-P-4100,IO2403-P-4100,261.6,0.0,0.0,0.0,6,259.2,265.0,6,260.2,261.4,261.6,261.4,5.0,130760.0,185
2023-05-11 10:30:08,IO2403-P-4100,IO2403-P-4100,261.6,0.0,0.0,0.0,2,259.4,265.2,6,260.2,261.4,261.6,261.4,5.0,130760.0,185
2023-05-11 10:30:09,IO2403-P-4100,IO2403-P-4100,261.6,0.0,0.0,0.0,6,259.6,265.4,24,260.2,261.4,261.6,261.4,5.0,130760.0,185
2023-05-11 10:30:10,IO2403-P-4100,IO2403-P-4100,261.6,0.0,0.0,0.0,2,259.8,265.4,6,260.2,261.4,261.6,261.4,5.0,130760.0,185
2023-05-11 10:30:10,IO2403-P-4100,IO2403-P-4100,261.6,0.0,0.0,0.0,6,260.0,265.6,7,260.2,261.4,261.6,261.4,5.0,130760.0,185
2023-05-11 10:30:11,IO2403-P-4100,IO2403-P-4100,261.6,0.0,0.0,0.0,6,259.8,265.6,3,260.2,261.4,261.6,261.4,5.0,130760.0,185
2023-05-11 10:30:13,IO2403-P-4100,IO2403-P-4100,261.6,0.0,0.0,0.0,24,259.6,265.4,6,260.2,261.4,261.6,261.4,5.0,130760.0,185
2023-05-11 10:30:14,IO2403-P-4100,IO2403-P-4100,261.6,0.0,0.0,0.0,12,259.6,265.2,2,260.2,261.4,261.6,261.4,5.0,130760.0,185
2023-05-11 10:30:14,IO2403-P-4100,IO2403-P-4100,261.6,0.0,0.0,0.0,6,259.6,265.0,6,260.2,261.4,261.6,261.4,5.0,130760.0,185
2023-05-11 10:30:16,IO2403-P-4100,IO2403-P-4100,261.6,0.0,0.0,0.0,8,259.6,265.4,6,260.2,261.4,261.6,261.4,5.0,130760.0,185
2023-05-11 10:30:16,IO2403-P-4100,IO2403-P-4100,261.6,0.0,0.0,0.0,6,259.6,265.4,8,260.2,261.4,261.6,261.4,5.0,130760.0,185
2023-05-11 10:30:17,IO2403-P-4100,IO2403-P-4100,261.6,0.0,0.0,0.0,6,259.6,265.2,6,260.2,261.4,261.6,261.4,5.0,130760.0,185
