time,symbol_id,symbol_name,last,trade_volume,trade_amount,open_interest_change,bv1,bp1,ap1,av1,yesterday_close,today_open,today_high,today_low,volume,amount,open_interest
2023-05-11 09:29:00,IO2403-C-3700,IO2403-C-3700,389.4,0.0,0.0,0.0,1,354.6,433.8,1,389.4,396.6,0.0,0.0,0.0,0.0,30
2023-05-11 09:30:00,IO2403-C-3700,IO2403-C-3700,389.4,0.0,0.0,0.0,1,354.6,433.8,2,389.4,396.6,0.0,0.0,0.0,0.0,30
2023-05-11 09:30:01,IO2403-C-3700,IO2403-C-3700,389.4,0.0,0.0,0.0,1,356.0,431.0,1,389.4,396.6,0.0,0.0,0.0,0.0,30
2023-05-11 09:30:02,IO2403-C-3700,IO2403-C-3700,389.4,0.0,0.0,0.0,6,356.2,431.0,1,389.4,396.6,0.0,0.0,0.0,0.0,30
2023-05-11 09:30:05,IO2403-C-3700,IO2403-C-3700,389.4,0.0,0.0,0.0,6,356.2,431.0,2,389.4,396.6,0.0,0.0,0.0,0.0,30
2023-05-11 09:30:11,IO2403-C-3700,IO2403-C-3700,389.4,0.0,0.0,0.0,6,386.2,401.6,6,389.4,396.6,0.0,0.0,0.0,0.0,30
2023-05-11 09:30:11,IO2403-C-3700,IO2403-C-3700,389.4,0.0,0.0,0.0,6,383.0,401.2,1,389.4,396.6,0.0,0.0,0.0,0.0,30
2023-05-11 09:30:12,IO2403-C-3700,IO2403-C-3700,389.4,0.0,0.0,0.0,6,354.8,401.2,1,389.4,396.6,0.0,0.0,0.0,0.0,30
2023-05-11 09:30:12,IO2403-C-3700,IO2403-C-3700,389.4,0.0,0.0,0.0,1,362.8,401.2,1,389.4,396.6,0.0,0.0,0.0,0.0,30
2023-05-11 09:30:13,IO2403-C-3700,IO2403-C-3700,389.4,0.0,0.0,0.0,6,363.0,401.2,1,389.4,396.6,0.0,0.0,0.0,0.0,30
2023-05-11 09:30:13,IO2403-C-3700,IO2403-C-3700,389.4,0.0,0.0,0.0,6,386.4,401.2,1,389.4,396.6,0.0,0.0,0.0,0.0,30
2023-05-11 09:30:14,IO2403-C-3700,IO2403-C-3700,389.4,0.0,0.0,0.0,6,383.0,401.2,1,389.4,396.6,0.0,0.0,0.0,0.0,30
2023-05-11 09:30:15,IO2403-C-3700,IO2403-C-3700,389.4,0.0,0.0,0.0,1,382.6,401.2,2,389.4,396.6,0.0,0.0,0.0,0.0,30
2023-05-11 09:30:15,IO2403-C-3700,IO2403-C-3700,389.4,0.0,0.0,0.0,6,386.4,401.2,2,389.4,396.6,0.0,0.0,0.0,0.0,30
2023-05-11 09:30:16,IO2403-C-3700,IO2403-C-3700,389.4,0.0,0.0,0.0,6,383.0,401.2,2,389.4,396.6,0.0,0.0,0.0,0.0,30
2023-05-11 09:30:16,IO2403-C-3700,IO2403-C-3700,389.4,0.0,0.0,0.0,6,385.6,401.0,6,389.4,396.6,0.0,0.0,0.0,0.0,30
2023-05-11 09:30:18,IO2403-C-3700,IO2403-C-3700,389.4,0.0,0.0,0.0,1,382.6,401.2,2,389.4,396.6,0.0,0.0,0.0,0.0,30
2023-05-11 09:30:19,IO2403-C-3700,IO2403-C-3700,389.4,0.0,0.0,0.0,6,386.2,401.2,2,389.4,396.6,0.0,0.0,0.0,0.0,30
2023-05-11 09:30:19,IO2403-C-3700,IO2403-C-3700,389.4,0.0,0.0,0.0,6,385.2,400.6,6,389.4,396.6,0.0,0.0,0.0,0.0,30
2023-05-11 09:30:23,IO2403-C-3700,IO2403-C-3700,389.4,0.0,0.0,0.0,12,385.2,400.6,12,389.4,396.6,0.0,0.0,0.0,0.0,30
2023-05-11 09:30:28,IO2403-C-3700,IO2403-C-3700,389.4,0.0,0.0,0.0,6,385.4,400.6,12,389.4,396.6,0.0,0.0,0.0,0.0,30
2023-05-11 09:30:30,IO2403-C-3700,IO2403-C-3700,389.4,0.0,0.0,0.0,6,385.4,400.6,13,389.4,396.6,0.0,0.0,0.0,0.0,30
2023-05-11 09:30:30,IO2403-C-3700,IO2403-C-3700,389.4,0.0,0.0,0.0,12,386.8,399.2,12,389.4,396.6,0.0,0.0,0.0,0.0,30
2023-05-11 09:30:31,IO2403-C-3700,IO2403-C-3700,389.4,0.0,0.0,0.0,6,385.4,400.6,13,389.4,396.6,0.0,0.0,0.0,0.0,30
2023-05-11 09:30:31,IO2403-C-3700,IO2403-C-3700,389.4,0.0,0.0,0.0,12,386.8,399.2,12,389.4,396.6,0.0,0.0,0.0,0.0,30
2023-05-11 09:30:32,IO2403-C-3700,IO2403-C-3700,389.4,0.0,0.0,0.0,6,385.4,400.6,13,389.4,396.6,0.0,0.0,0.0,0.0,30
2023-05-11 09:30:32,IO2403-C-3700,IO2403-C-3700,389.4,0.0,0.0,0.0,12,386.8,399.2,12,389.4,396.6,0.0,0.0,0.0,0.0,30
2023-05-11 09:30:33,IO2403-C-3700,IO2403-C-3700,389.4,0.0,0.0,0.0,6,385.4,400.6,13,389.4,396.6,0.0,0.0,0.0,0.0,30
2023-05-11 09:30:33,IO2403-C-3700,IO2403-C-3700,389.4,0.0,0.0,0.0,12,386.8,399.2,12,389.4,396.6,0.0,0.0,0.0,0.0,30
2023-05-11 09:30:34,IO2403-C-3700,IO2403-C-3700,389.4,0.0,0.0,0.0,6,385.4,400.6,13,389.4,396.6,0.0,0.0,0.0,0.0,30
2023-05-11 09:30:34,IO2403-C-3700,IO2403-C-3700,389.4,0.0,0.0,0.0,12,386.8,399.2,12,389.4,396.6,0.0,0.0,0.0,0.0,30
2023-05-11 09:30:35,IO2403-C-3700,IO2403-C-3700,389.4,0.0,0.0,0.0,6,385.4,400.6,13,389.4,396.6,0.0,0.0,0.0,0.0,30
2023-05-11 09:30:35,IO2403-C-3700,IO2403-C-3700,389.4,0.0,0.0,0.0,12,386.8,399.2,12,389.4,396.6,0.0,0.0,0.0,0.0,30
2023-05-11 09:30:36,IO2403-C-3700,IO2403-C-3700,389.4,0.0,0.0,0.0,6,385.4,400.6,13,389.4,396.6,0.0,0.0,0.0,0.0,30
2023-05-11 09:30:36,IO2403-C-3700,IO2403-C-3700,389.4,0.0,0.0,0.0,12,386.8,399.2,12,389.4,396.6,0.0,0.0,0.0,0.0,30
2023-05-11 09:30:37,IO2403-C-3700,IO2403-C-3700,389.4,0.0,0.0,0.0,6,385.4,400.6,13,389.4,396.6,0.0,0.0,0.0,0.0,30
2023-05-11 09:30:37,IO2403-C-3700,IO2403-C-3700,389.4,0.0,0.0,0.0,12,386.8,399.2,12,389.4,396.6,0.0,0.0,0.0,0.0,30
2023-05-11 09:30:38,IO2403-C-3700,IO2403-C-3700,389.4,0.0,0.0,0.0,6,385.4,400.6,13,389.4,396.6,0.0,0.0,0.0,0.0,30
2023-05-11 09:30:38,IO2403-C-3700,IO2403-C-3700,389.4,0.0,0.0,0.0,12,386.8,399.2,12,389.4,396.6,0.0,0.0,0.0,0.0,30
2023-05-11 09:30:39,IO2403-C-3700,IO2403-C-3700,389.4,0.0,0.0,0.0,6,385.4,400.6,13,389.4,396.6,0.0,0.0,0.0,0.0,30
2023-05-11 09:30:39,IO2403-C-3700,IO2403-C-3700,389.4,0.0,0.0,0.0,12,386.8,399.2,12,389.4,396.6,0.0,0.0,0.0,0.0,30
2023-05-11 09:30:40,IO2403-C-3700,IO2403-C-3700,389.4,0.0,0.0,0.0,6,385.4,400.6,13,389.4,396.6,0.0,0.0,0.0,0.0,30
2023-05-11 09:30:40,IO2403-C-3700,IO2403-C-3700,389.4,0.0,0.0,0.0,12,386.8,399.2,12,389.4,396.6,0.0,0.0,0.0,0.0,30
2023-05-11 09:30:41,IO2403-C-3700,IO2403-C-3700,389.4,0.0,0.0,0.0,6,385.4,400.4,1,389.4,396.6,0.0,0.0,0.0,0.0,30
2023-05-11 09:30:41,IO2403-C-3700,IO2403-C-3700,389.4,0.0,0.0,0.0,12,386.8,399.0,12,389.4,396.6,0.0,0.0,0.0,0.0,30
2023-05-11 09:30:42,IO2403-C-3700,IO2403-C-3700,389.4,0.0,0.0,0.0,6,385.4,400.4,1,389.4,396.6,0.0,0.0,0.0,0.0,30
2023-05-11 09:30:42,IO2403-C-3700,IO2403-C-3700,389.4,0.0,0.0,0.0,12,386.8,399.0,12,389.4,396.6,0.0,0.0,0.0,0.0,30
2023-05-11 09:30:43,IO2403-C-3700,IO2403-C-3700,389.4,0.0,0.0,0.0,6,385.4,400.4,1,389.4,396.6,0.0,0.0,0.0,0.0,30
2023-05-11 09:30:43,IO2403-C-3700,IO2403-C-3700,389.4,0.0,0.0,0.0,12,386.8,399.0,12,389.4,396.6,0.0,0.0,0.0,0.0,30
2023-05-11 09:30:44,IO2403-C-3700,IO2403-C-3700,389.4,0.0,0.0,0.0,6,385.4,400.4,1,389.4,396.6,0.0,0.0,0.0,0.0,30
2023-05-11 09:30:44,IO2403-C-3700,IO2403-C-3700,389.4,0.0,0.0,0.0,12,386.8,399.0,12,389.4,396.6,0.0,0.0,0.0,0.0,30
2023-05-11 09:30:45,IO2403-C-3700,IO2403-C-3700,389.4,0.0,0.0,0.0,6,385.4,400.4,1,389.4,396.6,0.0,0.0,0.0,0.0,30
2023-05-11 09:30:45,IO2403-C-3700,IO2403-C-3700,389.4,0.0,0.0,0.0,12,386.8,399.0,12,389.4,396.6,0.0,0.0,0.0,0.0,30
2023-05-11 09:30:46,IO2403-C-3700,IO2403-C-3700,389.4,0.0,0.0,0.0,6,385.4,400.4,1,389.4,396.6,0.0,0.0,0.0,0.0,30
2023-05-11 09:30:46,IO2403-C-3700,IO2403-C-3700,389.4,0.0,0.0,0.0,12,386.8,399.0,12,389.4,396.6,0.0,0.0,0.0,0.0,30
2023-05-11 09:30:47,IO2403-C-3700,IO2403-C-3700,389.4,0.0,0.0,0.0,6,385.4,400.4,1,389.4,396.6,0.0,0.0,0.0,0.0,30
2023-05-11 09:30:47,IO2403-C-3700,IO2403-C-3700,389.4,0.0,0.0,0.0,12,386.8,399.0,12,389.4,396.6,0.0,0.0,0.0,0.0,30
2023-05-11 09:30:48,IO2403-C-3700,IO2403-C-3700,389.4,0.0,0.0,0.0,6,385.4,400.4,1,389.4,396.6,0.0,0.0,0.0,0.0,30
2023-05-11 09:30:48,IO2403-C-3700,IO2403-C-3700,389.4,0.0,0.0,0.0,12,386.8,399.0,12,389.4,396.6,0.0,0.0,0.0,0.0,30
2023-05-11 09:30:49,IO2403-C-3700,IO2403-C-3700,389.4,0.0,0.0,0.0,6,385.4,400.4,1,389.4,396.6,0.0,0.0,0.0,0.0,30
2023-05-11 09:30:49,IO2403-C-3700,IO2403-C-3700,389.4,0.0,0.0,0.0,12,386.8,399.0,12,389.4,396.6,0.0,0.0,0.0,0.0,30
2023-05-11 09:30:50,IO2403-C-3700,IO2403-C-3700,389.4,0.0,0.0,0.0,6,385.4,400.4,1,389.4,396.6,0.0,0.0,0.0,0.0,30
2023-05-11 09:30:50,IO2403-C-3700,IO2403-C-3700,389.4,0.0,0.0,0.0,12,386.8,399.0,12,389.4,396.6,0.0,0.0,0.0,0.0,30
2023-05-11 09:30:51,IO2403-C-3700,IO2403-C-3700,389.4,0.0,0.0,0.0,6,385.4,400.2,1,389.4,396.6,0.0,0.0,0.0,0.0,30
2023-05-11 09:30:51,IO2403-C-3700,IO2403-C-3700,389.4,0.0,0.0,0.0,12,386.6,398.8,12,389.4,396.6,0.0,0.0,0.0,0.0,30
2023-05-11 09:30:52,IO2403-C-3700,IO2403-C-3700,389.4,0.0,0.0,0.0,6,385.4,400.6,12,389.4,396.6,0.0,0.0,0.0,0.0,30
2023-05-11 09:30:52,IO2403-C-3700,IO2403-C-3700,389.4,0.0,0.0,0.0,12,386.8,399.2,12,389.4,396.6,0.0,0.0,0.0,0.0,30
2023-05-11 09:30:53,IO2403-C-3700,IO2403-C-3700,389.4,0.0,0.0,0.0,6,385.4,400.6,12,389.4,396.6,0.0,0.0,0.0,0.0,30
2023-05-11 09:30:53,IO2403-C-3700,IO2403-C-3700,389.4,0.0,0.0,0.0,12,386.8,399.2,12,389.4,396.6,0.0,0.0,0.0,0.0,30
2023-05-11 09:30:54,IO2403-C-3700,IO2403-C-3700,389.4,0.0,0.0,0.0,6,385.4,400.6,12,389.4,396.6,0.0,0.0,0.0,0.0,30
2023-05-11 09:30:54,IO2403-C-3700,IO2403-C-3700,389.4,0.0,0.0,0.0,12,386.8,399.2,12,389.4,396.6,0.0,0.0,0.0,0.0,30
2023-05-11 09:30:55,IO2403-C-3700,IO2403-C-3700,389.4,0.0,0.0,0.0,1,386.4,400.6,12,389.4,396.6,0.0,0.0,0.0,0.0,30
2023-05-11 09:30:55,IO2403-C-3700,IO2403-C-3700,389.4,0.0,0.0,0.0,12,387.4,399.6,12,389.4,396.6,0.0,0.0,0.0,0.0,30
2023-05-11 09:30:56,IO2403-C-3700,IO2403-C-3700,389.4,0.0,0.0,0.0,1,386.4,400.6,12,389.4,396.6,0.0,0.0,0.0,0.0,30
2023-05-11 09:30:56,IO2403-C-3700,IO2403-C-3700,389.4,0.0,0.0,0.0,12,387.4,399.6,12,389.4,396.6,0.0,0.0,0.0,0.0,30
2023-05-11 09:30:57,IO2403-C-3700,IO2403-C-3700,389.4,0.0,0.0,0.0,1,386.4,400.6,12,389.4,396.6,0.0,0.0,0.0,0.0,30
2023-05-11 09:30:57,IO2403-C-3700,IO2403-C-3700,389.4,0.0,0.0,0.0,12,387.4,399.6,12,389.4,396.6,0.0,0.0,0.0,0.0,30
2023-05-11 09:30:58,IO2403-C-3700,IO2403-C-3700,389.4,0.0,0.0,0.0,1,386.4,400.6,12,389.4,396.6,0.0,0.0,0.0,0.0,30
2023-05-11 09:30:58,IO2403-C-3700,IO2403-C-3700,389.4,0.0,0.0,0.0,12,387.4,399.6,12,389.4,396.6,0.0,0.0,0.0,0.0,30
2023-05-11 09:30:59,IO2403-C-3700,IO2403-C-3700,389.4,0.0,0.0,0.0,6,387.4,400.6,6,389.4,396.6,0.0,0.0,0.0,0.0,30
2023-05-11 09:31:22,IO2403-C-3700,IO2403-C-3700,389.4,0.0,0.0,0.0,3,386.6,400.6,12,389.4,396.6,0.0,0.0,0.0,0.0,30
2023-05-11 09:31:22,IO2403-C-3700,IO2403-C-3700,389.4,0.0,0.0,0.0,12,387.4,399.6,12,389.4,396.6,0.0,0.0,0.0,0.0,30
2023-05-11 09:31:23,IO2403-C-3700,IO2403-C-3700,389.4,0.0,0.0,0.0,6,385.4,400.6,12,389.4,396.6,0.0,0.0,0.0,0.0,30
2023-05-11 09:31:23,IO2403-C-3700,IO2403-C-3700,389.4,0.0,0.0,0.0,12,386.8,399.2,12,389.4,396.6,0.0,0.0,0.0,0.0,30
2023-05-11 09:31:24,IO2403-C-3700,IO2403-C-3700,389.4,0.0,0.0,0.0,6,385.4,398.2,1,389.4,396.6,0.0,0.0,0.0,0.0,30
2023-05-11 09:31:24,IO2403-C-3700,IO2403-C-3700,389.4,0.0,0.0,0.0,12,385.6,397.8,12,389.4,396.6,0.0,0.0,0.0,0.0,30
2023-05-11 09:31:25,IO2403-C-3700,IO2403-C-3700,389.4,0.0,0.0,0.0,6,385.4,397.8,6,389.4,396.6,0.0,0.0,0.0,0.0,30
2023-05-11 09:31:33,IO2403-C-3700,IO2403-C-3700,389.4,0.0,0.0,0.0,6,385.6,397.8,6,389.4,396.6,0.0,0.0,0.0,0.0,30
2023-05-11 09:31:47,IO2403-C-3700,IO2403-C-3700,389.4,0.0,0.0,0.0,6,385.8,397.8,6,389.4,396.6,0.0,0.0,0.0,0.0,30
2023-05-11 09:31:47,IO2403-C-3700,IO2403-C-3700,389.4,0.0,0.0,0.0,6,386.0,397.8,6,389.4,396.6,0.0,0.0,0.0,0.0,30
2023-05-11 09:31:56,IO2403-C-3700,IO2403-C-3700,389.4,0.0,0.0,0.0,6,387.2,397.8,6,389.4,396.6,0.0,0.0,0.0,0.0,30
2023-05-11 09:31:57,IO2403-C-3700,IO2403-C-3700,389.4,0.0,0.0,0.0,6,387.4,397.8,6,389.4,396.6,0.0,0.0,0.0,0.0,30
2023-05-11 09:32:01,IO2403-C-3700,IO2403-C-3700,389.4,0.0,0.0,0.0,6,388.8,397.8,6,389.4,396.6,0.0,0.0,0.0,0.0,30
2023-05-11 09:32:01,IO2403-C-3700,IO2403-C-3700,389.4,0.0,0.0,0.0,6,389.0,398.2,7,389.4,396.6,0.0,0.0,0.0,0.0,30
2023-05-11 09:32:02,IO2403-C-3700,IO2403-C-3700,389.4,0.0,0.0,0.0,6,389.0,398.2,1,389.4,396.6,0.0,0.0,0.0,0.0,30
2023-05-11 09:32:02,IO2403-C-3700,IO2403-C-3700,389.4,0.0,0.0,0.0,6,389.0,398.2,2,389.4,396.6,0.0,0.0,0.0,0.0,30
2023-05-11 09:32:03,IO2403-C-3700,IO2403-C-3700,389.4,0.0,0.0,0.0,18,388.8,398.0,6,389.4,396.6,0.0,0.0,0.0,0.0,30
2023-05-11 09:32:04,IO2403-C-3700,IO2403-C-3700,389.4,0.0,0.0,0.0,18,388.8,398.0,9,389.4,396.6,0.0,0.0,0.0,0.0,30
2023-05-11 09:32:05,IO2403-C-3700,IO2403-C-3700,389.4,0.0,0.0,0.0,6,389.0,397.8,6,389.4,396.6,0.0,0.0,0.0,0.0,30
2023-05-11 09:32:15,IO2403-C-3700,IO2403-C-3700,389.4,0.0,0.0,0.0,12,389.0,397.8,6,389.4,396.6,0.0,0.0,0.0,0.0,30
2023-05-11 09:32:20,IO2403-C-3700,IO2403-C-3700,389.4,0.0,0.0,0.0,6,389.2,398.0,3,389.4,396.6,0.0,0.0,0.0,0.0,30
2023-05-11 09:32:21,IO2403-C-3700,IO2403-C-3700,389.4,0.0,0.0,0.0,6,389.2,398.2,18,389.4,396.6,0.0,0.0,0.0,0.0,30
2023-05-11 09:32:21,IO2403-C-3700,IO2403-C-3700,389.4,0.0,0.0,0.0,6,389.2,398.2,12,389.4,396.6,0.0,0.0,0.0,0.0,30
2023-05-11 09:32:22,IO2403-C-3700,IO2403-C-3700,389.4,0.0,0.0,0.0,6,389.2,398.2,9,389.4,396.6,0.0,0.0,0.0,0.0,30
2023-05-11 09:32:28,IO2403-C-3700,IO2403-C-3700,389.4,0.0,0.0,0.0,6,389.4,398.2,3,389.4,396.6,0.0,0.0,0.0,0.0,30
2023-05-11 09:32:29,IO2403-C-3700,IO2403-C-3700,389.4,0.0,0.0,0.0,6,389.6,398.6,12,389.4,396.6,0.0,0.0,0.0,0.0,30
2023-05-11 09:32:29,IO2403-C-3700,IO2403-C-3700,389.4,0.0,0.0,0.0,6,389.6,399.2,18,389.4,396.6,0.0,0.0,0.0,0.0,30
2023-05-11 09:32:30,IO2403-C-3700,IO2403-C-3700,389.4,0.0,0.0,0.0,6,389.6,399.2,21,389.4,396.6,0.0,0.0,0.0,0.0,30
2023-05-11 09:32:35,IO2403-C-3700,IO2403-C-3700,389.4,0.0,0.0,0.0,15,389.4,399.0,6,389.4,396.6,0.0,0.0,0.0,0.0,30
2023-05-11 09:32:45,IO2403-C-3700,IO2403-C-3700,389.4,0.0,0.0,0.0,6,389.6,399.2,15,389.4,396.6,0.0,0.0,0.0,0.0,30
2023-05-11 09:32:45,IO2403-C-3700,IO2403-C-3700,389.4,0.0,0.0,0.0,6,390.6,399.2,9,389.4,396.6,0.0,0.0,0.0,0.0,30
2023-05-11 09:32:46,IO2403-C-3700,IO2403-C-3700,389.4,0.0,0.0,0.0,6,390.6,399.0,6,389.4,396.6,0.0,0.0,0.0,0.0,30
2023-05-11 09:33:13,IO2403-C-3700,IO2403-C-3700,389.4,0.0,0.0,0.0,3,390.4,399.0,6,389.4,396.6,0.0,0.0,0.0,0.0,30
2023-05-11 09:33:13,IO2403-C-3700,IO2403-C-3700,389.4,0.0,0.0,0.0,18,390.2,399.0,6,389.4,396.6,0.0,0.0,0.0,0.0,30
2023-05-11 09:33:14,IO2403-C-3700,IO2403-C-3700,389.4,0.0,0.0,0.0,6,390.2,399.0,6,389.4,396.6,0.0,0.0,0.0,0.0,30
2023-05-11 09:33:14,IO2403-C-3700,IO2403-C-3700,389.4,0.0,0.0,0.0,12,390.0,399.0,6,389.4,396.6,0.0,0.0,0.0,0.0,30
2023-05-11 09:33:15,IO2403-C-3700,IO2403-C-3700,389.4,0.0,0.0,0.0,6,390.0,399.0,6,389.4,396.6,0.0,0.0,0.0,0.0,30
2023-05-11 09:33:44,IO2403-C-3700,IO2403-C-3700,389.4,0.0,0.0,0.0,9,390.0,399.0,6,389.4,396.6,0.0,0.0,0.0,0.0,30
2023-05-11 09:33:46,IO2403-C-3700,IO2403-C-3700,389.4,0.0,0.0,0.0,6,390.2,399.0,6,389.4,396.6,0.0,0.0,0.0,0.0,30
2023-05-11 09:33:55,IO2403-C-3700,IO2403-C-3700,389.4,0.0,0.0,0.0,12,390.2,399.0,6,389.4,396.6,0.0,0.0,0.0,0.0,30
2023-05-11 09:33:59,IO2403-C-3700,IO2403-C-3700,389.4,0.0,0.0,0.0,3,390.0,399.0,6,389.4,396.6,0.0,0.0,0.0,0.0,30
2023-05-11 09:34:00,IO2403-C-3700,IO2403-C-3700,389.4,0.0,0.0,0.0,24,389.8,399.0,6,389.4,396.6,0.0,0.0,0.0,0.0,30
2023-05-11 09:34:00,IO2403-C-3700,IO2403-C-3700,389.4,0.0,0.0,0.0,12,389.8,399.0,6,389.4,396.6,0.0,0.0,0.0,0.0,30
2023-05-11 09:34:01,IO2403-C-3700,IO2403-C-3700,389.4,0.0,0.0,0.0,3,389.8,399.0,6,389.4,396.6,0.0,0.0,0.0,0.0,30
2023-05-11 09:34:02,IO2403-C-3700,IO2403-C-3700,389.4,0.0,0.0,0.0,30,389.4,399.0,6,389.4,396.6,0.0,0.0,0.0,0.0,30
2023-05-11 09:34:02,IO2403-C-3700,IO2403-C-3700,389.4,0.0,0.0,0.0,24,389.4,399.0,6,389.4,396.6,0.0,0.0,0.0,0.0,30
2023-05-11 09:34:03,IO2403-C-3700,IO2403-C-3700,389.4,0.0,0.0,0.0,27,389.4,399.0,6,389.4,396.6,0.0,0.0,0.0,0.0,30
2023-05-11 09:34:21,IO2403-C-3700,IO2403-C-3700,389.4,0.0,0.0,0.0,6,390.4,399.2,15,389.4,396.6,0.0,0.0,0.0,0.0,30
2023-05-11 09:34:22,IO2403-C-3700,IO2403-C-3700,389.4,0.0,0.0,0.0,15,390.4,399.0,6,389.4,396.6,0.0,0.0,0.0,0.0,30
2023-05-11 09:34:22,IO2403-C-3700,IO2403-C-3700,389.4,0.0,0.0,0.0,21,390.4,399.0,6,389.4,396.6,0.0,0.0,0.0,0.0,30
2023-05-11 09:34:25,IO2403-C-3700,IO2403-C-3700,389.4,0.0,0.0,0.0,15,390.4,399.0,6,389.4,396.6,0.0,0.0,0.0,0.0,30
2023-05-11 09:34:33,IO2403-C-3700,IO2403-C-3700,389.4,0.0,0.0,0.0,12,390.4,399.0,12,389.4,396.6,0.0,0.0,0.0,0.0,30
2023-05-11 09:34:34,IO2403-C-3700,IO2403-C-3700,389.4,0.0,0.0,0.0,18,389.4,398.8,6,389.4,396.6,0.0,0.0,0.0,0.0,30
2023-05-11 09:34:34,IO2403-C-3700,IO2403-C-3700,389.4,0.0,0.0,0.0,15,389.4,398.8,6,389.4,396.6,0.0,0.0,0.0,0.0,30
2023-05-11 09:34:39,IO2403-C-3700,IO2403-C-3700,389.4,0.0,0.0,0.0,12,389.4,398.8,6,389.4,396.6,0.0,0.0,0.0,0.0,30
2023-05-11 09:34:39,IO2403-C-3700,IO2403-C-3700,389.4,0.0,0.0,0.0,6,389.4,398.8,6,389.4,396.6,0.0,0.0,0.0,0.0,30
2023-05-11 09:34:43,IO2403-C-3700,IO2403-C-3700,389.4,0.0,0.0,0.0,6,389.4,396.8,1,389.4,396.6,0.0,0.0,0.0,0.0,30
2023-05-11 09:34:43,IO2403-C-3700,IO2403-C-3700,389.4,0.0,0.0,0.0,6,389.4,396.6,6,389.4,396.6,0.0,0.0,0.0,0.0,30
2023-05-11 09:34:48,IO2403-C-3700,IO2403-C-3700,389.4,0.0,0.0,0.0,6,389.4,396.8,6,389.4,396.6,0.0,0.0,0.0,0.0,30
2023-05-11 09:34:51,IO2403-C-3700,IO2403-C-3700,389.4,0.0,0.0,0.0,6,389.6,397.0,21,389.4,396.6,0.0,0.0,0.0,0.0,30
2023-05-11 09:34:52,IO2403-C-3700,IO2403-C-3700,389.4,0.0,0.0,0.0,6,389.6,397.0,6,389.4,396.6,0.0,0.0,0.0,0.0,30
2023-05-11 09:34:52,IO2403-C-3700,IO2403-C-3700,389.4,0.0,0.0,0.0,6,389.6,398.8,6,389.4,396.6,0.0,0.0,0.0,0.0,30
2023-05-11 09:34:53,IO2403-C-3700,IO2403-C-3700,389.4,0.0,0.0,0.0,6,389.6,398.8,9,389.4,396.6,0.0,0.0,0.0,0.0,30
2023-05-11 09:34:54,IO2403-C-3700,IO2403-C-3700,389.4,0.0,0.0,0.0,6,389.4,398.6,6,389.4,396.6,0.0,0.0,0.0,0.0,30
2023-05-11 09:35:06,IO2403-C-3700,IO2403-C-3700,389.4,0.0,0.0,0.0,18,389.2,398.6,6,389.4,396.6,0.0,0.0,0.0,0.0,30
2023-05-11 09:35:07,IO2403-C-3700,IO2403-C-3700,389.4,0.0,0.0,0.0,12,389.0,398.6,6,389.4,396.6,0.0,0.0,0.0,0.0,30
2023-05-11 09:35:07,IO2403-C-3700,IO2403-C-3700,389.4,0.0,0.0,0.0,48,388.6,398.0,6,389.4,396.6,0.0,0.0,0.0,0.0,30
2023-05-11 09:35:08,IO2403-C-3700,IO2403-C-3700,389.4,0.0,0.0,0.0,18,388.6,397.8,6,389.4,396.6,0.0,0.0,0.0,0.0,30
2023-05-11 09:35:08,IO2403-C-3700,IO2403-C-3700,389.4,0.0,0.0,0.0,12,388.6,397.8,6,389.4,396.6,0.0,0.0,0.0,0.0,30
2023-05-11 09:35:12,IO2403-C-3700,IO2403-C-3700,389.4,0.0,0.0,0.0,6,389.6,397.8,6,389.4,396.6,0.0,0.0,0.0,0.0,30
2023-05-11 09:35:12,IO2403-C-3700,IO2403-C-3700,389.4,0.0,0.0,0.0,9,389.6,397.8,6,389.4,396.6,0.0,0.0,0.0,0.0,30
2023-05-11 09:35:13,IO2403-C-3700,IO2403-C-3700,389.4,0.0,0.0,0.0,6,389.6,397.8,6,389.4,396.6,0.0,0.0,0.0,0.0,30
2023-05-11 09:35:47,IO2403-C-3700,IO2403-C-3700,389.4,0.0,0.0,0.0,6,389.8,398.0,15,389.4,396.6,0.0,0.0,0.0,0.0,30
2023-05-11 09:35:48,IO2403-C-3700,IO2403-C-3700,389.4,0.0,0.0,0.0,6,389.8,398.0,6,389.4,396.6,0.0,0.0,0.0,0.0,30
2023-05-11 09:35:48,IO2403-C-3700,IO2403-C-3700,389.4,0.0,0.0,0.0,6,389.8,398.8,24,389.4,396.6,0.0,0.0,0.0,0.0,30
2023-05-11 09:35:49,IO2403-C-3700,IO2403-C-3700,389.4,0.0,0.0,0.0,6,389.8,398.8,15,389.4,396.6,0.0,0.0,0.0,0.0,30
2023-05-11 09:35:49,IO2403-C-3700,IO2403-C-3700,389.4,0.0,0.0,0.0,6,389.8,398.8,9,389.4,396.6,0.0,0.0,0.0,0.0,30
2023-05-11 09:35:50,IO2403-C-3700,IO2403-C-3700,389.4,0.0,0.0,0.0,6,389.8,398.8,3,389.4,396.6,0.0,0.0,0.0,0.0,30
2023-05-11 09:35:50,IO2403-C-3700,IO2403-C-3700,389.4,0.0,0.0,0.0,6,389.8,399.0,30,389.4,396.6,0.0,0.0,0.0,0.0,30
2023-05-11 09:35:51,IO2403-C-3700,IO2403-C-3700,389.4,0.0,0.0,0.0,6,389.8,399.0,24,389.4,396.6,0.0,0.0,0.0,0.0,30
2023-05-11 09:35:51,IO2403-C-3700,IO2403-C-3700,389.4,0.0,0.0,0.0,6,389.8,399.0,27,389.4,396.6,0.0,0.0,0.0,0.0,30
2023-05-11 09:35:59,IO2403-C-3700,IO2403-C-3700,389.4,0.0,0.0,0.0,6,389.6,398.8,6,389.4,396.6,0.0,0.0,0.0,0.0,30
2023-05-11 09:37:02,IO2403-C-3700,IO2403-C-3700,389.4,0.0,0.0,0.0,18,389.4,398.6,6,389.4,396.6,0.0,0.0,0.0,0.0,30
2023-05-11 09:37:03,IO2403-C-3700,IO2403-C-3700,389.4,0.0,0.0,0.0,12,389.0,398.4,6,389.4,396.6,0.0,0.0,0.0,0.0,30
2023-05-11 09:37:03,IO2403-C-3700,IO2403-C-3700,389.4,0.0,0.0,0.0,21,388.6,398.4,6,389.4,396.6,0.0,0.0,0.0,0.0,30
2023-05-11 09:37:04,IO2403-C-3700,IO2403-C-3700,389.4,0.0,0.0,0.0,9,388.6,398.4,6,389.4,396.6,0.0,0.0,0.0,0.0,30
2023-05-11 09:37:04,IO2403-C-3700,IO2403-C-3700,389.4,0.0,0.0,0.0,3,388.6,398.4,6,389.4,396.6,0.0,0.0,0.0,0.0,30
2023-05-11 09:37:05,IO2403-C-3700,IO2403-C-3700,389.4,0.0,0.0,0.0,24,388.4,398.4,6,389.4,396.6,0.0,0.0,0.0,0.0,30
2023-05-11 09:37:05,IO2403-C-3700,IO2403-C-3700,389.4,0.0,0.0,0.0,18,388.4,398.4,6,389.4,396.6,0.0,0.0,0.0,0.0,30
2023-05-11 09:37:06,IO2403-C-3700,IO2403-C-3700,389.4,0.0,0.0,0.0,15,388.4,398.4,6,389.4,396.6,0.0,0.0,0.0,0.0,30
2023-05-11 09:37:08,IO2403-C-3700,IO2403-C-3700,389.4,0.0,0.0,0.0,15,388.4,398.4,7,389.4,396.6,0.0,0.0,0.0,0.0,30
2023-05-11 09:37:08,IO2403-C-3700,IO2403-C-3700,389.4,0.0,0.0,0.0,15,388.4,398.2,6,389.4,396.6,0.0,0.0,0.0,0.0,30
2023-05-11 09:37:09,IO2403-C-3700,IO2403-C-3700,389.4,0.0,0.0,0.0,9,388.4,398.2,9,389.4,396.6,0.0,0.0,0.0,0.0,30
2023-05-11 09:37:09,IO2403-C-3700,IO2403-C-3700,389.4,0.0,0.0,0.0,9,388.4,398.0,6,389.4,396.6,0.0,0.0,0.0,0.0,30
2023-05-11 09:37:14,IO2403-C-3700,IO2403-C-3700,389.4,0.0,0.0,0.0,9,388.4,398.0,12,389.4,396.6,0.0,0.0,0.0,0.0,30
2023-05-11 09:37:14,IO2403-C-3700,IO2403-C-3700,389.4,0.0,0.0,0.0,9,388.4,397.8,6,389.4,396.6,0.0,0.0,0.0,0.0,30
2023-05-11 09:37:17,IO2403-C-3700,IO2403-C-3700,389.4,0.0,0.0,0.0,6,388.4,397.8,6,389.4,396.6,0.0,0.0,0.0,0.0,30
2023-05-11 09:37:17,IO2403-C-3700,IO2403-C-3700,389.4,0.0,0.0,0.0,6,388.4,395.8,1,389.4,396.6,0.0,0.0,0.0,0.0,30
2023-05-11 09:37:18,IO2403-C-3700,IO2403-C-3700,389.4,0.0,0.0,0.0,6,388.4,395.6,6,389.4,396.6,0.0,0.0,0.0,0.0,30
2023-05-11 09:37:21,IO2403-C-3700,IO2403-C-3700,389.4,0.0,0.0,0.0,3,388.6,395.6,6,389.4,396.6,0.0,0.0,0.0,0.0,30
2023-05-11 09:37:21,IO2403-C-3700,IO2403-C-3700,389.4,0.0,0.0,0.0,6,388.4,395.6,6,389.4,396.6,0.0,0.0,0.0,0.0,30
2023-05-11 09:37:22,IO2403-C-3700,IO2403-C-3700,389.4,0.0,0.0,0.0,9,388.4,395.6,6,389.4,396.6,0.0,0.0,0.0,0.0,30
2023-05-11 09:37:23,IO2403-C-3700,IO2403-C-3700,389.4,0.0,0.0,0.0,6,388.4,395.6,6,389.4,396.6,0.0,0.0,0.0,0.0,30
2023-05-11 09:37:23,IO2403-C-3700,IO2403-C-3700,389.4,0.0,0.0,0.0,6,388.4,395.6,7,389.4,396.6,0.0,0.0,0.0,0.0,30
2023-05-11 09:37:24,IO2403-C-3700,IO2403-C-3700,389.4,0.0,0.0,0.0,9,388.4,395.4,6,389.4,396.6,0.0,0.0,0.0,0.0,30
2023-05-11 09:37:25,IO2403-C-3700,IO2403-C-3700,389.4,0.0,0.0,0.0,6,388.4,395.4,6,389.4,396.6,0.0,0.0,0.0,0.0,30
2023-05-11 09:37:26,IO2403-C-3700,IO2403-C-3700,389.4,0.0,0.0,0.0,9,388.4,395.4,6,389.4,396.6,0.0,0.0,0.0,0.0,30
2023-05-11 09:37:28,IO2403-C-3700,IO2403-C-3700,389.4,0.0,0.0,0.0,6,388.4,395.4,6,389.4,396.6,0.0,0.0,0.0,0.0,30
2023-05-11 09:37:38,IO2403-C-3700,IO2403-C-3700,389.4,0.0,0.0,0.0,6,388.4,395.4,7,389.4,396.6,0.0,0.0,0.0,0.0,30
2023-05-11 09:37:38,IO2403-C-3700,IO2403-C-3700,389.4,0.0,0.0,0.0,6,388.4,395.2,6,389.4,396.6,0.0,0.0,0.0,0.0,30
2023-05-11 09:37:50,IO2403-C-3700,IO2403-C-3700,389.4,0.0,0.0,0.0,9,388.4,395.2,6,389.4,396.6,0.0,0.0,0.0,0.0,30
2023-05-11 09:37:51,IO2403-C-3700,IO2403-C-3700,389.4,0.0,0.0,0.0,9,388.4,395.4,6,389.4,396.6,0.0,0.0,0.0,0.0,30
2023-05-11 09:37:56,IO2403-C-3700,IO2403-C-3700,389.4,0.0,0.0,0.0,6,388.4,395.4,6,389.4,396.6,0.0,0.0,0.0,0.0,30
2023-05-11 09:37:57,IO2403-C-3700,IO2403-C-3700,389.4,0.0,0.0,0.0,9,388.4,395.4,6,389.4,396.6,0.0,0.0,0.0,0.0,30
2023-05-11 09:38:18,IO2403-C-3700,IO2403-C-3700,389.4,0.0,0.0,0.0,6,388.4,395.4,6,389.4,396.6,0.0,0.0,0.0,0.0,30
2023-05-11 09:38:44,IO2403-C-3700,IO2403-C-3700,389.4,0.0,0.0,0.0,6,388.6,395.6,6,389.4,396.6,0.0,0.0,0.0,0.0,30
2023-05-11 09:38:45,IO2403-C-3700,IO2403-C-3700,389.4,0.0,0.0,0.0,6,388.8,396.0,42,389.4,396.6,0.0,0.0,0.0,0.0,30
2023-05-11 09:38:45,IO2403-C-3700,IO2403-C-3700,389.4,0.0,0.0,0.0,6,389.0,396.0,24,389.4,396.6,0.0,0.0,0.0,0.0,30
2023-05-11 09:38:46,IO2403-C-3700,IO2403-C-3700,389.4,0.0,0.0,0.0,6,389.0,396.0,18,389.4,396.6,0.0,0.0,0.0,0.0,30
2023-05-11 09:38:46,IO2403-C-3700,IO2403-C-3700,389.4,0.0,0.0,0.0,6,389.0,396.0,12,389.4,396.6,0.0,0.0,0.0,0.0,30
2023-05-11 09:38:47,IO2403-C-3700,IO2403-C-3700,389.4,0.0,0.0,0.0,6,389.0,396.0,6,389.4,396.6,0.0,0.0,0.0,0.0,30
2023-05-11 09:38:47,IO2403-C-3700,IO2403-C-3700,389.4,0.0,0.0,0.0,21,388.8,396.2,6,389.4,396.6,0.0,0.0,0.0,0.0,30
2023-05-11 09:38:49,IO2403-C-3700,IO2403-C-3700,389.4,0.0,0.0,0.0,18,388.8,396.2,6,389.4,396.6,0.0,0.0,0.0,0.0,30
2023-05-11 09:38:49,IO2403-C-3700,IO2403-C-3700,389.4,0.0,0.0,0.0,12,388.8,396.2,6,389.4,396.6,0.0,0.0,0.0,0.0,30
2023-05-11 09:38:50,IO2403-C-3700,IO2403-C-3700,389.4,0.0,0.0,0.0,3,389.0,396.2,6,389.4,396.6,0.0,0.0,0.0,0.0,30
2023-05-11 09:38:50,IO2403-C-3700,IO2403-C-3700,389.4,0.0,0.0,0.0,12,388.8,396.2,6,389.4,396.6,0.0,0.0,0.0,0.0,30
2023-05-11 09:38:51,IO2403-C-3700,IO2403-C-3700,389.4,0.0,0.0,0.0,15,388.8,396.2,6,389.4,396.6,0.0,0.0,0.0,0.0,30
2023-05-11 09:38:58,IO2403-C-3700,IO2403-C-3700,389.4,0.0,0.0,0.0,21,388.8,396.2,6,389.4,396.6,0.0,0.0,0.0,0.0,30
2023-05-11 09:39:01,IO2403-C-3700,IO2403-C-3700,389.4,0.0,0.0,0.0,6,389.0,396.4,18,389.4,396.6,0.0,0.0,0.0,0.0,30
2023-05-11 09:39:01,IO2403-C-3700,IO2403-C-3700,389.4,0.0,0.0,0.0,6,389.0,396.4,6,389.4,396.6,0.0,0.0,0.0,0.0,30
2023-05-11 09:39:02,IO2403-C-3700,IO2403-C-3700,389.4,0.0,0.0,0.0,6,389.0,397.0,12,389.4,396.6,0.0,0.0,0.0,0.0,30
2023-05-11 09:39:02,IO2403-C-3700,IO2403-C-3700,389.4,0.0,0.0,0.0,6,389.0,397.2,24,389.4,396.6,0.0,0.0,0.0,0.0,30
2023-05-11 09:39:03,IO2403-C-3700,IO2403-C-3700,389.4,0.0,0.0,0.0,6,389.0,397.2,12,389.4,396.6,0.0,0.0,0.0,0.0,30
2023-05-11 09:39:03,IO2403-C-3700,IO2403-C-3700,389.4,0.0,0.0,0.0,6,389.0,397.4,28,389.4,396.6,0.0,0.0,0.0,0.0,30
2023-05-11 09:39:04,IO2403-C-3700,IO2403-C-3700,389.4,0.0,0.0,0.0,6,389.0,397.4,22,389.4,396.6,0.0,0.0,0.0,0.0,30
2023-05-11 09:39:07,IO2403-C-3700,IO2403-C-3700,389.4,0.0,0.0,0.0,6,389.0,397.4,19,389.4,396.6,0.0,0.0,0.0,0.0,30
2023-05-11 09:39:07,IO2403-C-3700,IO2403-C-3700,389.4,0.0,0.0,0.0,6,389.0,397.4,13,389.4,396.6,0.0,0.0,0.0,0.0,30
2023-05-11 09:39:08,IO2403-C-3700,IO2403-C-3700,389.4,0.0,0.0,0.0,6,389.0,397.4,16,389.4,396.6,0.0,0.0,0.0,0.0,30
2023-05-11 09:39:09,IO2403-C-3700,IO2403-C-3700,389.4,0.0,0.0,0.0,6,389.0,397.4,13,389.4,396.6,0.0,0.0,0.0,0.0,30
2023-05-11 09:39:12,IO2403-C-3700,IO2403-C-3700,389.4,0.0,0.0,0.0,21,388.8,397.2,6,389.4,396.6,0.0,0.0,0.0,0.0,30
2023-05-11 09:39:13,IO2403-C-3700,IO2403-C-3700,389.4,0.0,0.0,0.0,9,388.8,397.2,6,389.4,396.6,0.0,0.0,0.0,0.0,30
2023-05-11 09:39:13,IO2403-C-3700,IO2403-C-3700,389.4,0.0,0.0,0.0,3,388.8,397.2,6,389.4,396.6,0.0,0.0,0.0,0.0,30
2023-05-11 09:39:14,IO2403-C-3700,IO2403-C-3700,389.4,0.0,0.0,0.0,36,388.4,397.2,6,389.4,396.6,0.0,0.0,0.0,0.0,30
2023-05-11 09:39:14,IO2403-C-3700,IO2403-C-3700,389.4,0.0,0.0,0.0,24,388.4,397.2,6,389.4,396.6,0.0,0.0,0.0,0.0,30
2023-05-11 09:39:15,IO2403-C-3700,IO2403-C-3700,389.4,0.0,0.0,0.0,27,388.4,397.2,6,389.4,396.6,0.0,0.0,0.0,0.0,30
2023-05-11 09:39:15,IO2403-C-3700,IO2403-C-3700,389.4,0.0,0.0,0.0,21,388.4,397.2,6,389.4,396.6,0.0,0.0,0.0,0.0,30
2023-05-11 09:39:22,IO2403-C-3700,IO2403-C-3700,389.4,0.0,0.0,0.0,21,388.4,397.2,7,389.4,396.6,0.0,0.0,0.0,0.0,30
2023-05-11 09:39:23,IO2403-C-3700,IO2403-C-3700,389.4,0.0,0.0,0.0,21,388.4,397.0,6,389.4,396.6,0.0,0.0,0.0,0.0,30
2023-05-11 09:39:27,IO2403-C-3700,IO2403-C-3700,389.4,0.0,0.0,0.0,21,388.4,397.0,7,389.4,396.6,0.0,0.0,0.0,0.0,30
2023-05-11 09:39:28,IO2403-C-3700,IO2403-C-3700,389.4,0.0,0.0,0.0,27,388.4,396.8,6,389.4,396.6,0.0,0.0,0.0,0.0,30
2023-05-11 09:39:28,IO2403-C-3700,IO2403-C-3700,389.4,0.0,0.0,0.0,27,388.4,396.8,9,389.4,396.6,0.0,0.0,0.0,0.0,30
2023-05-11 09:39:29,IO2403-C-3700,IO2403-C-3700,389.4,0.0,0.0,0.0,6,388.6,396.6,6,389.4,396.6,0.0,0.0,0.0,0.0,30
2023-05-11 09:39:32,IO2403-C-3700,IO2403-C-3700,389.4,0.0,0.0,0.0,21,388.4,396.6,6,389.4,396.6,0.0,0.0,0.0,0.0,30
2023-05-11 09:39:37,IO2403-C-3700,IO2403-C-3700,389.4,0.0,0.0,0.0,21,388.4,396.6,7,389.4,396.6,0.0,0.0,0.0,0.0,30
2023-05-11 09:39:38,IO2403-C-3700,IO2403-C-3700,389.4,0.0,0.0,0.0,21,388.4,396.4,6,389.4,396.6,0.0,0.0,0.0,0.0,30
2023-05-11 09:39:45,IO2403-C-3700,IO2403-C-3700,389.4,0.0,0.0,0.0,6,388.6,396.6,1,389.4,396.6,0.0,0.0,0.0,0.0,30
2023-05-11 09:39:54,IO2403-C-3700,IO2403-C-3700,389.4,0.0,0.0,0.0,6,388.6,396.4,1,389.4,396.6,0.0,0.0,0.0,0.0,30
2023-05-11 09:39:55,IO2403-C-3700,IO2403-C-3700,389.4,0.0,0.0,0.0,6,388.6,396.8,10,389.4,396.6,0.0,0.0,0.0,0.0,30
2023-05-11 09:39:56,IO2403-C-3700,IO2403-C-3700,389.4,0.0,0.0,0.0,6,388.6,396.8,7,389.4,396.6,0.0,0.0,0.0,0.0,30
2023-05-11 09:40:01,IO2403-C-3700,IO2403-C-3700,389.4,0.0,0.0,0.0,6,388.6,396.8,6,389.4,396.6,0.0,0.0,0.0,0.0,30
2023-05-11 09:40:02,IO2403-C-3700,IO2403-C-3700,389.4,0.0,0.0,0.0,6,388.6,397.0,3,389.4,396.6,0.0,0.0,0.0,0.0,30
2023-05-11 09:40:03,IO2403-C-3700,IO2403-C-3700,389.4,0.0,0.0,0.0,6,388.6,397.4,24,389.4,396.6,0.0,0.0,0.0,0.0,30
2023-05-11 09:40:03,IO2403-C-3700,IO2403-C-3700,389.4,0.0,0.0,0.0,6,388.6,397.2,1,389.4,396.6,0.0,0.0,0.0,0.0,30
2023-05-11 09:40:10,IO2403-C-3700,IO2403-C-3700,389.4,0.0,0.0,0.0,21,388.4,397.0,6,389.4,396.6,0.0,0.0,0.0,0.0,30
2023-05-11 09:40:16,IO2403-C-3700,IO2403-C-3700,389.4,0.0,0.0,0.0,6,388.6,397.0,6,389.4,396.6,0.0,0.0,0.0,0.0,30
2023-05-11 09:40:18,IO2403-C-3700,IO2403-C-3700,389.4,0.0,0.0,0.0,6,388.6,397.0,7,389.4,396.6,0.0,0.0,0.0,0.0,30
2023-05-11 09:40:19,IO2403-C-3700,IO2403-C-3700,389.4,0.0,0.0,0.0,6,388.6,396.8,6,389.4,396.6,0.0,0.0,0.0,0.0,30
2023-05-11 09:40:19,IO2403-C-3700,IO2403-C-3700,389.4,0.0,0.0,0.0,6,388.8,397.0,1,389.4,396.6,0.0,0.0,0.0,0.0,30
2023-05-11 09:40:28,IO2403-C-3700,IO2403-C-3700,389.4,0.0,0.0,0.0,6,388.8,396.8,1,389.4,396.6,0.0,0.0,0.0,0.0,30
2023-05-11 09:40:37,IO2403-C-3700,IO2403-C-3700,389.4,0.0,0.0,0.0,6,388.6,396.6,6,389.4,396.6,0.0,0.0,0.0,0.0,30
2023-05-11 09:40:39,IO2403-C-3700,IO2403-C-3700,389.4,0.0,0.0,0.0,6,388.6,396.6,9,389.4,396.6,0.0,0.0,0.0,0.0,30
2023-05-11 09:40:39,IO2403-C-3700,IO2403-C-3700,389.4,0.0,0.0,0.0,12,388.6,396.4,6,389.4,396.6,0.0,0.0,0.0,0.0,30
2023-05-11 09:40:40,IO2403-C-3700,IO2403-C-3700,389.4,0.0,0.0,0.0,6,388.8,396.4,6,389.4,396.6,0.0,0.0,0.0,0.0,30
2023-05-11 09:40:48,IO2403-C-3700,IO2403-C-3700,389.4,0.0,0.0,0.0,6,388.8,396.4,7,389.4,396.6,0.0,0.0,0.0,0.0,30
2023-05-11 09:40:49,IO2403-C-3700,IO2403-C-3700,389.4,0.0,0.0,0.0,12,388.8,396.2,6,389.4,396.6,0.0,0.0,0.0,0.0,30
2023-05-11 09:40:53,IO2403-C-3700,IO2403-C-3700,389.4,0.0,0.0,0.0,12,388.8,396.2,7,389.4,396.6,0.0,0.0,0.0,0.0,30
2023-05-11 09:40:54,IO2403-C-3700,IO2403-C-3700,389.4,0.0,0.0,0.0,6,389.0,396.0,6,389.4,396.6,0.0,0.0,0.0,0.0,30
2023-05-11 09:40:59,IO2403-C-3700,IO2403-C-3700,389.4,0.0,0.0,0.0,6,388.6,396.2,1,389.4,396.6,0.0,0.0,0.0,0.0,30
2023-05-11 09:41:03,IO2403-C-3700,IO2403-C-3700,389.4,0.0,0.0,0.0,6,388.6,396.0,1,389.4,396.6,0.0,0.0,0.0,0.0,30
2023-05-11 09:41:07,IO2403-C-3700,IO2403-C-3700,389.4,0.0,0.0,0.0,21,388.4,395.8,6,389.4,396.6,0.0,0.0,0.0,0.0,30
2023-05-11 09:41:08,IO2403-C-3700,IO2403-C-3700,389.4,0.0,0.0,0.0,18,388.4,395.8,9,389.4,396.6,0.0,0.0,0.0,0.0,30
2023-05-11 09:41:08,IO2403-C-3700,IO2403-C-3700,389.4,0.0,0.0,0.0,12,388.4,395.6,6,389.4,396.6,0.0,0.0,0.0,0.0,30
2023-05-11 09:41:09,IO2403-C-3700,IO2403-C-3700,389.4,0.0,0.0,0.0,6,388.4,395.6,6,389.4,396.6,0.0,0.0,0.0,0.0,30
2023-05-11 09:41:13,IO2403-C-3700,IO2403-C-3700,389.4,0.0,0.0,0.0,6,388.4,395.6,7,389.4,396.6,0.0,0.0,0.0,0.0,30
2023-05-11 09:41:14,IO2403-C-3700,IO2403-C-3700,389.4,0.0,0.0,0.0,6,388.4,395.4,6,389.4,396.6,0.0,0.0,0.0,0.0,30
2023-05-11 09:41:28,IO2403-C-3700,IO2403-C-3700,389.4,0.0,0.0,0.0,6,388.4,395.4,7,389.4,396.6,0.0,0.0,0.0,0.0,30
2023-05-11 09:41:29,IO2403-C-3700,IO2403-C-3700,389.4,0.0,0.0,0.0,6,388.4,395.2,6,389.4,396.6,0.0,0.0,0.0,0.0,30
2023-05-11 09:41:33,IO2403-C-3700,IO2403-C-3700,389.4,0.0,0.0,0.0,6,388.4,395.6,6,389.4,396.6,0.0,0.0,0.0,0.0,30
2023-05-11 09:41:42,IO2403-C-3700,IO2403-C-3700,389.4,0.0,0.0,0.0,9,388.4,395.6,6,389.4,396.6,0.0,0.0,0.0,0.0,30
2023-05-11 09:41:42,IO2403-C-3700,IO2403-C-3700,389.4,0.0,0.0,0.0,6,388.4,395.6,6,389.4,396.6,0.0,0.0,0.0,0.0,30
2023-05-11 09:41:53,IO2403-C-3700,IO2403-C-3700,389.4,0.0,0.0,0.0,6,388.4,395.6,7,389.4,396.6,0.0,0.0,0.0,0.0,30
2023-05-11 09:41:53,IO2403-C-3700,IO2403-C-3700,389.4,0.0,0.0,0.0,6,388.4,395.4,6,389.4,396.6,0.0,0.0,0.0,0.0,30
2023-05-11 09:41:58,IO2403-C-3700,IO2403-C-3700,389.4,0.0,0.0,0.0,6,388.4,395.4,7,389.4,396.6,0.0,0.0,0.0,0.0,30
2023-05-11 09:41:58,IO2403-C-3700,IO2403-C-3700,389.4,0.0,0.0,0.0,6,388.4,395.2,6,389.4,396.6,0.0,0.0,0.0,0.0,30
2023-05-11 09:42:08,IO2403-C-3700,IO2403-C-3700,389.4,0.0,0.0,0.0,6,388.4,395.2,7,389.4,396.6,0.0,0.0,0.0,0.0,30
2023-05-11 09:42:08,IO2403-C-3700,IO2403-C-3700,389.4,0.0,0.0,0.0,6,388.4,395.2,1,389.4,396.6,0.0,0.0,0.0,0.0,30
2023-05-11 09:42:09,IO2403-C-3700,IO2403-C-3700,389.4,0.0,0.0,0.0,6,388.4,395.0,6,389.4,396.6,0.0,0.0,0.0,0.0,30
2023-05-11 09:42:13,IO2403-C-3700,IO2403-C-3700,389.4,0.0,0.0,0.0,6,388.4,395.0,9,389.4,396.6,0.0,0.0,0.0,0.0,30
2023-05-11 09:42:14,IO2403-C-3700,IO2403-C-3700,389.4,0.0,0.0,0.0,6,388.4,394.8,6,389.4,396.6,0.0,0.0,0.0,0.0,30
2023-05-11 09:42:23,IO2403-C-3700,IO2403-C-3700,389.4,0.0,0.0,0.0,6,388.4,394.8,7,389.4,396.6,0.0,0.0,0.0,0.0,30
2023-05-11 09:42:23,IO2403-C-3700,IO2403-C-3700,389.4,0.0,0.0,0.0,6,388.4,394.6,6,389.4,396.6,0.0,0.0,0.0,0.0,30
2023-05-11 09:42:43,IO2403-C-3700,IO2403-C-3700,389.4,0.0,0.0,0.0,6,388.4,394.6,7,389.4,396.6,0.0,0.0,0.0,0.0,30
2023-05-11 09:42:43,IO2403-C-3700,IO2403-C-3700,389.4,0.0,0.0,0.0,6,388.4,394.4,6,389.4,396.6,0.0,0.0,0.0,0.0,30
2023-05-11 09:42:48,IO2403-C-3700,IO2403-C-3700,389.4,0.0,0.0,0.0,6,388.4,394.4,7,389.4,396.6,0.0,0.0,0.0,0.0,30
2023-05-11 09:42:48,IO2403-C-3700,IO2403-C-3700,389.4,0.0,0.0,0.0,6,388.4,394.2,6,389.4,396.6,0.0,0.0,0.0,0.0,30
2023-05-11 09:42:58,IO2403-C-3700,IO2403-C-3700,389.4,0.0,0.0,0.0,6,388.4,394.2,7,389.4,396.6,0.0,0.0,0.0,0.0,30
2023-05-11 09:42:59,IO2403-C-3700,IO2403-C-3700,389.4,0.0,0.0,0.0,6,388.4,394.0,6,389.4,396.6,0.0,0.0,0.0,0.0,30
2023-05-11 09:43:02,IO2403-C-3700,IO2403-C-3700,389.4,0.0,0.0,0.0,6,388.4,393.8,3,389.4,396.6,0.0,0.0,0.0,0.0,30
2023-05-11 09:43:02,IO2403-C-3700,IO2403-C-3700,389.4,0.0,0.0,0.0,6,388.4,393.6,6,389.4,396.6,0.0,0.0,0.0,0.0,30
2023-05-11 09:43:03,IO2403-C-3700,IO2403-C-3700,389.4,0.0,0.0,0.0,6,388.4,394.0,6,389.4,396.6,0.0,0.0,0.0,0.0,30
2023-05-11 09:43:13,IO2403-C-3700,IO2403-C-3700,389.4,0.0,0.0,0.0,6,388.4,394.0,7,389.4,396.6,0.0,0.0,0.0,0.0,30
2023-05-11 09:43:14,IO2403-C-3700,IO2403-C-3700,389.4,0.0,0.0,0.0,6,388.4,393.8,6,389.4,396.6,0.0,0.0,0.0,0.0,30
2023-05-11 09:43:19,IO2403-C-3700,IO2403-C-3700,389.4,0.0,0.0,0.0,6,388.4,394.0,6,389.4,396.6,0.0,0.0,0.0,0.0,30
2023-05-11 09:45:03,IO2403-C-3700,IO2403-C-3700,389.4,0.0,0.0,0.0,12,388.4,394.0,6,389.4,396.6,0.0,0.0,0.0,0.0,30
2023-05-11 09:45:08,IO2403-C-3700,IO2403-C-3700,389.4,0.0,0.0,0.0,18,388.4,394.2,24,389.4,396.6,0.0,0.0,0.0,0.0,30
2023-05-11 09:45:08,IO2403-C-3700,IO2403-C-3700,389.4,0.0,0.0,0.0,30,388.4,394.4,12,389.4,396.6,0.0,0.0,0.0,0.0,30
2023-05-11 09:45:09,IO2403-C-3700,IO2403-C-3700,389.4,0.0,0.0,0.0,30,388.4,394.4,6,389.4,396.6,0.0,0.0,0.0,0.0,30
2023-05-11 09:45:16,IO2403-C-3700,IO2403-C-3700,389.4,0.0,0.0,0.0,6,388.6,394.6,30,389.4,396.6,0.0,0.0,0.0,0.0,30
2023-05-11 09:45:16,IO2403-C-3700,IO2403-C-3700,389.4,0.0,0.0,0.0,9,388.6,394.6,12,389.4,396.6,0.0,0.0,0.0,0.0,30
2023-05-11 09:45:17,IO2403-C-3700,IO2403-C-3700,389.4,0.0,0.0,0.0,6,388.8,394.8,6,389.4,396.6,0.0,0.0,0.0,0.0,30
2023-05-11 09:45:17,IO2403-C-3700,IO2403-C-3700,389.4,0.0,0.0,0.0,6,388.8,395.0,30,389.4,396.6,0.0,0.0,0.0,0.0,30
2023-05-11 09:45:18,IO2403-C-3700,IO2403-C-3700,389.4,0.0,0.0,0.0,6,388.8,395.0,18,389.4,396.6,0.0,0.0,0.0,0.0,30
2023-05-11 09:45:18,IO2403-C-3700,IO2403-C-3700,389.4,0.0,0.0,0.0,6,388.8,395.0,6,389.4,396.6,0.0,0.0,0.0,0.0,30
2023-05-11 09:45:19,IO2403-C-3700,IO2403-C-3700,389.4,0.0,0.0,0.0,6,388.8,395.2,1,389.4,396.6,0.0,0.0,0.0,0.0,30
2023-05-11 09:45:26,IO2403-C-3700,IO2403-C-3700,389.4,0.0,0.0,0.0,6,388.8,395.0,1,389.4,396.6,0.0,0.0,0.0,0.0,30
2023-05-11 09:45:28,IO2403-C-3700,IO2403-C-3700,389.4,0.0,0.0,0.0,3,388.6,394.8,6,389.4,396.6,0.0,0.0,0.0,0.0,30
2023-05-11 09:45:28,IO2403-C-3700,IO2403-C-3700,389.4,0.0,0.0,0.0,42,388.4,394.8,6,389.4,396.6,0.0,0.0,0.0,0.0,30
2023-05-11 09:45:29,IO2403-C-3700,IO2403-C-3700,389.4,0.0,0.0,0.0,24,388.4,394.8,6,389.4,396.6,0.0,0.0,0.0,0.0,30
2023-05-11 09:45:29,IO2403-C-3700,IO2403-C-3700,389.4,0.0,0.0,0.0,3,388.6,394.8,6,389.4,396.6,0.0,0.0,0.0,0.0,30
2023-05-11 09:45:30,IO2403-C-3700,IO2403-C-3700,389.4,0.0,0.0,0.0,24,388.4,394.8,6,389.4,396.6,0.0,0.0,0.0,0.0,30
2023-05-11 09:45:31,IO2403-C-3700,IO2403-C-3700,389.4,0.0,0.0,0.0,3,388.6,394.8,6,389.4,396.6,0.0,0.0,0.0,0.0,30
2023-05-11 09:45:32,IO2403-C-3700,IO2403-C-3700,389.4,0.0,0.0,0.0,24,388.4,394.8,6,389.4,396.6,0.0,0.0,0.0,0.0,30
2023-05-11 09:45:33,IO2403-C-3700,IO2403-C-3700,389.4,0.0,0.0,0.0,27,388.4,394.8,6,389.4,396.6,0.0,0.0,0.0,0.0,30
2023-05-11 09:45:34,IO2403-C-3700,IO2403-C-3700,389.4,0.0,0.0,0.0,6,388.6,395.0,1,389.4,396.6,0.0,0.0,0.0,0.0,30
2023-05-11 09:45:38,IO2403-C-3700,IO2403-C-3700,389.4,0.0,0.0,0.0,6,388.6,394.8,1,389.4,396.6,0.0,0.0,0.0,0.0,30
2023-05-11 09:45:38,IO2403-C-3700,IO2403-C-3700,389.4,0.0,0.0,0.0,6,388.6,395.2,1,389.4,396.6,0.0,0.0,0.0,0.0,30
2023-05-11 09:45:48,IO2403-C-3700,IO2403-C-3700,389.4,0.0,0.0,0.0,6,388.6,395.0,1,389.4,396.6,0.0,0.0,0.0,0.0,30
2023-05-11 09:45:51,IO2403-C-3700,IO2403-C-3700,389.4,0.0,0.0,0.0,6,388.6,395.4,30,389.4,396.6,0.0,0.0,0.0,0.0,30
2023-05-11 09:45:52,IO2403-C-3700,IO2403-C-3700,389.4,0.0,0.0,0.0,12,388.6,395.4,12,389.4,396.6,0.0,0.0,0.0,0.0,30
2023-05-11 09:45:52,IO2403-C-3700,IO2403-C-3700,389.4,0.0,0.0,0.0,12,388.8,395.6,6,389.4,396.6,0.0,0.0,0.0,0.0,30
2023-05-11 09:45:53,IO2403-C-3700,IO2403-C-3700,389.4,0.0,0.0,0.0,6,389.0,395.8,30,389.4,396.6,0.0,0.0,0.0,0.0,30
2023-05-11 09:45:53,IO2403-C-3700,IO2403-C-3700,389.4,0.0,0.0,0.0,6,389.0,395.8,12,389.4,396.6,0.0,0.0,0.0,0.0,30
2023-05-11 09:45:54,IO2403-C-3700,IO2403-C-3700,389.4,0.0,0.0,0.0,6,388.8,396.2,31,389.4,396.6,0.0,0.0,0.0,0.0,30
2023-05-11 09:45:54,IO2403-C-3700,IO2403-C-3700,389.4,0.0,0.0,0.0,6,388.8,396.2,19,389.4,396.6,0.0,0.0,0.0,0.0,30
2023-05-11 09:45:55,IO2403-C-3700,IO2403-C-3700,389.4,0.0,0.0,0.0,6,388.8,396.2,13,389.4,396.6,0.0,0.0,0.0,0.0,30
2023-05-11 09:46:02,IO2403-C-3700,IO2403-C-3700,389.4,0.0,0.0,0.0,6,388.8,396.0,1,389.4,396.6,0.0,0.0,0.0,0.0,30
2023-05-11 09:46:06,IO2403-C-3700,IO2403-C-3700,389.4,0.0,0.0,0.0,24,388.6,395.8,6,389.4,396.6,0.0,0.0,0.0,0.0,30
2023-05-11 09:46:08,IO2403-C-3700,IO2403-C-3700,389.4,0.0,0.0,0.0,18,388.6,395.8,6,389.4,396.6,0.0,0.0,0.0,0.0,30
2023-05-11 09:46:08,IO2403-C-3700,IO2403-C-3700,389.4,0.0,0.0,0.0,12,388.6,395.8,6,389.4,396.6,0.0,0.0,0.0,0.0,30
2023-05-11 09:46:14,IO2403-C-3700,IO2403-C-3700,389.4,0.0,0.0,0.0,6,388.8,396.0,6,389.4,396.6,0.0,0.0,0.0,0.0,30
2023-05-11 09:46:14,IO2403-C-3700,IO2403-C-3700,389.4,0.0,0.0,0.0,12,388.8,396.2,18,389.4,396.6,0.0,0.0,0.0,0.0,30
2023-05-11 09:46:15,IO2403-C-3700,IO2403-C-3700,389.4,0.0,0.0,0.0,6,389.0,396.2,6,389.4,396.6,0.0,0.0,0.0,0.0,30
2023-05-11 09:46:15,IO2403-C-3700,IO2403-C-3700,389.4,0.0,0.0,0.0,6,389.0,396.6,24,389.4,396.6,0.0,0.0,0.0,0.0,30
2023-05-11 09:46:16,IO2403-C-3700,IO2403-C-3700,389.4,0.0,0.0,0.0,6,389.2,396.6,12,389.4,396.6,0.0,0.0,0.0,0.0,30
2023-05-11 09:46:16,IO2403-C-3700,IO2403-C-3700,389.4,0.0,0.0,0.0,6,389.4,396.8,13,389.4,396.6,0.0,0.0,0.0,0.0,30
2023-05-11 09:46:17,IO2403-C-3700,IO2403-C-3700,389.4,0.0,0.0,0.0,6,389.4,396.8,7,389.4,396.6,0.0,0.0,0.0,0.0,30
2023-05-11 09:46:17,IO2403-C-3700,IO2403-C-3700,389.4,0.0,0.0,0.0,6,389.4,396.8,1,389.4,396.6,0.0,0.0,0.0,0.0,30
2023-05-11 09:46:18,IO2403-C-3700,IO2403-C-3700,389.4,0.0,0.0,0.0,6,389.6,396.8,1,389.4,396.6,0.0,0.0,0.0,0.0,30
2023-05-11 09:46:19,IO2403-C-3700,IO2403-C-3700,389.4,0.0,0.0,0.0,6,389.8,396.8,1,389.4,396.6,0.0,0.0,0.0,0.0,30
2023-05-11 09:46:22,IO2403-C-3700,IO2403-C-3700,389.4,0.0,0.0,0.0,3,390.0,396.8,1,389.4,396.6,0.0,0.0,0.0,0.0,30
2023-05-11 09:46:22,IO2403-C-3700,IO2403-C-3700,389.4,0.0,0.0,0.0,6,390.2,396.6,6,389.4,396.6,0.0,0.0,0.0,0.0,30
2023-05-11 09:46:23,IO2403-C-3700,IO2403-C-3700,389.4,0.0,0.0,0.0,6,389.8,396.8,1,389.4,396.6,0.0,0.0,0.0,0.0,30
2023-05-11 09:46:25,IO2403-C-3700,IO2403-C-3700,389.4,0.0,0.0,0.0,6,389.8,396.6,1,389.4,396.6,0.0,0.0,0.0,0.0,30
2023-05-11 09:46:33,IO2403-C-3700,IO2403-C-3700,389.4,0.0,0.0,0.0,3,390.0,396.6,1,389.4,396.6,0.0,0.0,0.0,0.0,30
2023-05-11 09:46:34,IO2403-C-3700,IO2403-C-3700,389.4,0.0,0.0,0.0,6,390.2,396.6,7,389.4,396.6,0.0,0.0,0.0,0.0,30
2023-05-11 09:46:35,IO2403-C-3700,IO2403-C-3700,389.4,0.0,0.0,0.0,6,390.2,396.4,1,389.4,396.6,0.0,0.0,0.0,0.0,30
2023-05-11 09:46:37,IO2403-C-3700,IO2403-C-3700,389.4,0.0,0.0,0.0,6,390.2,396.8,1,389.4,396.6,0.0,0.0,0.0,0.0,30
2023-05-11 09:46:47,IO2403-C-3700,IO2403-C-3700,389.4,0.0,0.0,0.0,6,390.2,396.6,1,389.4,396.6,0.0,0.0,0.0,0.0,30
2023-05-11 09:46:53,IO2403-C-3700,IO2403-C-3700,389.4,0.0,0.0,0.0,6,389.8,396.6,1,389.4,396.6,0.0,0.0,0.0,0.0,30
2023-05-11 09:46:54,IO2403-C-3700,IO2403-C-3700,389.4,0.0,0.0,0.0,9,389.8,396.6,1,389.4,396.6,0.0,0.0,0.0,0.0,30
2023-05-11 09:46:54,IO2403-C-3700,IO2403-C-3700,389.4,0.0,0.0,0.0,6,390.0,396.6,1,389.4,396.6,0.0,0.0,0.0,0.0,30
2023-05-11 09:46:55,IO2403-C-3700,IO2403-C-3700,389.4,0.0,0.0,0.0,6,389.8,396.6,1,389.4,396.6,0.0,0.0,0.0,0.0,30
2023-05-11 09:46:57,IO2403-C-3700,IO2403-C-3700,389.4,0.0,0.0,0.0,6,389.8,396.4,1,389.4,396.6,0.0,0.0,0.0,0.0,30
2023-05-11 09:47:04,IO2403-C-3700,IO2403-C-3700,389.4,0.0,0.0,0.0,24,389.6,396.2,6,389.4,396.6,0.0,0.0,0.0,0.0,30
2023-05-11 09:47:05,IO2403-C-3700,IO2403-C-3700,389.4,0.0,0.0,0.0,12,389.6,396.2,6,389.4,396.6,0.0,0.0,0.0,0.0,30
2023-05-11 09:47:05,IO2403-C-3700,IO2403-C-3700,389.4,0.0,0.0,0.0,12,389.4,396.2,6,389.4,396.6,0.0,0.0,0.0,0.0,30
2023-05-11 09:47:06,IO2403-C-3700,IO2403-C-3700,389.4,0.0,0.0,0.0,6,389.4,396.2,6,389.4,396.6,0.0,0.0,0.0,0.0,30
2023-05-11 09:47:11,IO2403-C-3700,IO2403-C-3700,389.4,0.0,0.0,0.0,6,389.4,396.4,1,389.4,396.6,0.0,0.0,0.0,0.0,30
2023-05-11 09:47:14,IO2403-C-3700,IO2403-C-3700,389.4,0.0,0.0,0.0,6,389.4,396.2,1,389.4,396.6,0.0,0.0,0.0,0.0,30
2023-05-11 09:47:19,IO2403-C-3700,IO2403-C-3700,389.4,0.0,0.0,0.0,6,389.4,396.6,12,389.4,396.6,0.0,0.0,0.0,0.0,30
2023-05-11 09:47:20,IO2403-C-3700,IO2403-C-3700,389.4,0.0,0.0,0.0,6,389.4,396.8,28,389.4,396.6,0.0,0.0,0.0,0.0,30
2023-05-11 09:47:20,IO2403-C-3700,IO2403-C-3700,389.4,0.0,0.0,0.0,6,389.4,396.8,16,389.4,396.6,0.0,0.0,0.0,0.0,30
2023-05-11 09:47:21,IO2403-C-3700,IO2403-C-3700,389.4,0.0,0.0,0.0,6,389.4,396.8,7,389.4,396.6,0.0,0.0,0.0,0.0,30
2023-05-11 09:47:21,IO2403-C-3700,IO2403-C-3700,389.4,0.0,0.0,0.0,6,389.4,396.8,1,389.4,396.6,0.0,0.0,0.0,0.0,30
2023-05-11 09:47:29,IO2403-C-3700,IO2403-C-3700,389.4,0.0,0.0,0.0,6,389.4,396.6,1,389.4,396.6,0.0,0.0,0.0,0.0,30
2023-05-11 09:47:31,IO2403-C-3700,IO2403-C-3700,389.4,0.0,0.0,0.0,6,389.4,397.0,1,389.4,396.6,0.0,0.0,0.0,0.0,30
2023-05-11 09:47:33,IO2403-C-3700,IO2403-C-3700,389.4,0.0,0.0,0.0,6,389.6,397.0,1,389.4,396.6,0.0,0.0,0.0,0.0,30
2023-05-11 09:47:34,IO2403-C-3700,IO2403-C-3700,389.4,0.0,0.0,0.0,6,389.8,397.0,1,389.4,396.6,0.0,0.0,0.0,0.0,30
2023-05-11 09:47:35,IO2403-C-3700,IO2403-C-3700,389.4,0.0,0.0,0.0,12,389.8,397.0,1,389.4,396.6,0.0,0.0,0.0,0.0,30
2023-05-11 09:47:35,IO2403-C-3700,IO2403-C-3700,389.4,0.0,0.0,0.0,6,390.0,397.0,1,389.4,396.6,0.0,0.0,0.0,0.0,30
2023-05-11 09:47:40,IO2403-C-3700,IO2403-C-3700,389.4,0.0,0.0,0.0,6,390.0,397.2,21,389.4,396.6,0.0,0.0,0.0,0.0,30
2023-05-11 09:47:41,IO2403-C-3700,IO2403-C-3700,389.4,0.0,0.0,0.0,6,390.0,397.2,12,389.4,396.6,0.0,0.0,0.0,0.0,30
2023-05-11 09:47:41,IO2403-C-3700,IO2403-C-3700,389.4,0.0,0.0,0.0,6,390.2,397.4,24,389.4,396.6,0.0,0.0,0.0,0.0,30
2023-05-11 09:47:42,IO2403-C-3700,IO2403-C-3700,389.4,0.0,0.0,0.0,9,390.4,397.4,12,389.4,396.6,0.0,0.0,0.0,0.0,30
2023-05-11 09:47:42,IO2403-C-3700,IO2403-C-3700,389.4,0.0,0.0,0.0,6,390.6,397.6,12,389.4,396.6,0.0,0.0,0.0,0.0,30
2023-05-11 09:47:43,IO2403-C-3700,IO2403-C-3700,389.4,0.0,0.0,0.0,6,390.6,397.8,6,389.4,396.6,0.0,0.0,0.0,0.0,30
2023-05-11 09:47:43,IO2403-C-3700,IO2403-C-3700,389.4,0.0,0.0,0.0,6,390.6,398.0,31,389.4,396.6,0.0,0.0,0.0,0.0,30
2023-05-11 09:47:44,IO2403-C-3700,IO2403-C-3700,389.4,0.0,0.0,0.0,6,390.6,398.0,13,389.4,396.6,0.0,0.0,0.0,0.0,30
2023-05-11 09:47:44,IO2403-C-3700,IO2403-C-3700,389.4,0.0,0.0,0.0,6,390.6,398.0,7,389.4,396.6,0.0,0.0,0.0,0.0,30
2023-05-11 09:47:45,IO2403-C-3700,IO2403-C-3700,389.4,0.0,0.0,0.0,6,390.6,398.0,1,389.4,396.6,0.0,0.0,0.0,0.0,30
2023-05-11 09:47:52,IO2403-C-3700,IO2403-C-3700,389.4,0.0,0.0,0.0,6,390.6,397.8,1,389.4,396.6,0.0,0.0,0.0,0.0,30
2023-05-11 09:48:02,IO2403-C-3700,IO2403-C-3700,389.4,0.0,0.0,0.0,9,390.4,397.6,7,389.4,396.6,0.0,0.0,0.0,0.0,30
2023-05-11 09:48:02,IO2403-C-3700,IO2403-C-3700,389.4,0.0,0.0,0.0,6,390.6,397.4,6,389.4,396.6,0.0,0.0,0.0,0.0,30
2023-05-11 09:48:03,IO2403-C-3700,IO2403-C-3700,389.4,0.0,0.0,0.0,6,390.4,397.4,3,389.4,396.6,0.0,0.0,0.0,0.0,30
2023-05-11 09:48:04,IO2403-C-3700,IO2403-C-3700,389.4,0.0,0.0,0.0,6,390.4,397.6,7,389.4,396.6,0.0,0.0,0.0,0.0,30
2023-05-11 09:48:05,IO2403-C-3700,IO2403-C-3700,389.4,0.0,0.0,0.0,6,390.4,397.4,3,389.4,396.6,0.0,0.0,0.0,0.0,30
2023-05-11 09:48:05,IO2403-C-3700,IO2403-C-3700,389.4,0.0,0.0,0.0,6,390.4,397.6,7,389.4,396.6,0.0,0.0,0.0,0.0,30
2023-05-11 09:48:06,IO2403-C-3700,IO2403-C-3700,389.4,0.0,0.0,0.0,6,390.4,397.4,3,389.4,396.6,0.0,0.0,0.0,0.0,30
2023-05-11 09:48:07,IO2403-C-3700,IO2403-C-3700,389.4,0.0,0.0,0.0,6,390.4,397.6,7,389.4,396.6,0.0,0.0,0.0,0.0,30
2023-05-11 09:48:08,IO2403-C-3700,IO2403-C-3700,389.4,0.0,0.0,0.0,6,390.4,397.6,10,389.4,396.6,0.0,0.0,0.0,0.0,30
2023-05-11 09:48:12,IO2403-C-3700,IO2403-C-3700,389.4,0.0,0.0,0.0,6,390.4,397.4,1,389.4,396.6,0.0,0.0,0.0,0.0,30
2023-05-11 09:48:14,IO2403-C-3700,IO2403-C-3700,389.4,0.0,0.0,0.0,18,390.2,397.2,6,389.4,396.6,0.0,0.0,0.0,0.0,30
2023-05-11 09:48:14,IO2403-C-3700,IO2403-C-3700,389.4,0.0,0.0,0.0,6,390.2,397.2,6,389.4,396.6,0.0,0.0,0.0,0.0,30
2023-05-11 09:48:32,IO2403-C-3700,IO2403-C-3700,389.4,0.0,0.0,0.0,6,390.2,397.2,7,389.4,396.6,0.0,0.0,0.0,0.0,30
2023-05-11 09:48:32,IO2403-C-3700,IO2403-C-3700,389.4,0.0,0.0,0.0,6,390.2,397.0,6,389.4,396.6,0.0,0.0,0.0,0.0,30
2023-05-11 09:48:38,IO2403-C-3700,IO2403-C-3700,389.4,0.0,0.0,0.0,6,390.4,397.2,7,389.4,396.6,0.0,0.0,0.0,0.0,30
2023-05-11 09:48:40,IO2403-C-3700,IO2403-C-3700,389.4,0.0,0.0,0.0,6,390.2,397.0,6,389.4,396.6,0.0,0.0,0.0,0.0,30
2023-05-11 09:48:40,IO2403-C-3700,IO2403-C-3700,389.4,0.0,0.0,0.0,6,390.2,397.0,7,389.4,396.6,0.0,0.0,0.0,0.0,30
2023-05-11 09:48:41,IO2403-C-3700,IO2403-C-3700,389.4,0.0,0.0,0.0,6,390.2,396.8,6,389.4,396.6,0.0,0.0,0.0,0.0,30
2023-05-11 09:48:46,IO2403-C-3700,IO2403-C-3700,389.4,0.0,0.0,0.0,6,390.4,397.2,6,389.4,396.6,0.0,0.0,0.0,0.0,30
2023-05-11 09:48:47,IO2403-C-3700,IO2403-C-3700,389.4,0.0,0.0,0.0,12,390.2,397.4,6,389.4,396.6,0.0,0.0,0.0,0.0,30
2023-05-11 09:48:57,IO2403-C-3700,IO2403-C-3700,389.4,0.0,0.0,0.0,12,390.2,397.4,7,389.4,396.6,0.0,0.0,0.0,0.0,30
2023-05-11 09:48:57,IO2403-C-3700,IO2403-C-3700,389.4,0.0,0.0,0.0,6,390.4,397.2,6,389.4,396.6,0.0,0.0,0.0,0.0,30
2023-05-11 09:49:01,IO2403-C-3700,IO2403-C-3700,389.4,0.0,0.0,0.0,15,390.2,397.4,6,389.4,396.6,0.0,0.0,0.0,0.0,30
2023-05-11 09:49:01,IO2403-C-3700,IO2403-C-3700,389.4,0.0,0.0,0.0,6,390.4,397.4,6,389.4,396.6,0.0,0.0,0.0,0.0,30
2023-05-11 09:49:02,IO2403-C-3700,IO2403-C-3700,389.4,0.0,0.0,0.0,9,390.4,397.4,6,389.4,396.6,0.0,0.0,0.0,0.0,30
2023-05-11 09:49:03,IO2403-C-3700,IO2403-C-3700,389.4,0.0,0.0,0.0,6,390.6,397.6,24,389.4,396.6,0.0,0.0,0.0,0.0,30
2023-05-11 09:49:03,IO2403-C-3700,IO2403-C-3700,389.4,0.0,0.0,0.0,6,390.6,397.6,12,389.4,396.6,0.0,0.0,0.0,0.0,30
2023-05-11 09:49:04,IO2403-C-3700,IO2403-C-3700,389.4,0.0,0.0,0.0,15,390.4,397.4,6,389.4,396.6,0.0,0.0,0.0,0.0,30
2023-05-11 09:49:04,IO2403-C-3700,IO2403-C-3700,389.4,0.0,0.0,0.0,6,390.4,397.6,6,389.4,396.6,0.0,0.0,0.0,0.0,30
2023-05-11 09:49:05,IO2403-C-3700,IO2403-C-3700,389.4,0.0,0.0,0.0,36,390.2,397.6,6,389.4,396.6,0.0,0.0,0.0,0.0,30
2023-05-11 09:49:05,IO2403-C-3700,IO2403-C-3700,389.4,0.0,0.0,0.0,12,390.2,397.6,6,389.4,396.6,0.0,0.0,0.0,0.0,30
2023-05-11 09:49:06,IO2403-C-3700,IO2403-C-3700,389.4,0.0,0.0,0.0,24,389.8,397.6,15,389.4,396.6,0.0,0.0,0.0,0.0,30
2023-05-11 09:49:06,IO2403-C-3700,IO2403-C-3700,389.4,0.0,0.0,0.0,18,389.8,397.4,6,389.4,396.6,0.0,0.0,0.0,0.0,30
2023-05-11 09:49:07,IO2403-C-3700,IO2403-C-3700,389.4,0.0,0.0,0.0,6,389.8,397.4,6,389.4,396.6,0.0,0.0,0.0,0.0,30
2023-05-11 09:49:07,IO2403-C-3700,IO2403-C-3700,389.4,0.0,0.0,0.0,30,389.6,397.4,6,389.4,396.6,0.0,0.0,0.0,0.0,30
2023-05-11 09:49:08,IO2403-C-3700,IO2403-C-3700,389.4,0.0,0.0,0.0,18,389.6,397.4,6,389.4,396.6,0.0,0.0,0.0,0.0,30
2023-05-11 09:49:08,IO2403-C-3700,IO2403-C-3700,389.4,0.0,0.0,0.0,12,389.6,397.4,6,389.4,396.6,0.0,0.0,0.0,0.0,30
2023-05-11 09:49:09,IO2403-C-3700,IO2403-C-3700,389.4,0.0,0.0,0.0,6,389.6,397.4,6,389.4,396.6,0.0,0.0,0.0,0.0,30
2023-05-11 09:49:09,IO2403-C-3700,IO2403-C-3700,389.4,0.0,0.0,0.0,27,389.2,397.4,6,389.4,396.6,0.0,0.0,0.0,0.0,30
2023-05-11 09:49:10,IO2403-C-3700,IO2403-C-3700,389.4,0.0,0.0,0.0,18,389.2,397.4,6,389.4,396.6,0.0,0.0,0.0,0.0,30
2023-05-11 09:49:10,IO2403-C-3700,IO2403-C-3700,389.4,0.0,0.0,0.0,12,389.2,397.4,6,389.4,396.6,0.0,0.0,0.0,0.0,30
2023-05-11 09:49:11,IO2403-C-3700,IO2403-C-3700,389.4,0.0,0.0,0.0,6,389.2,397.4,6,389.4,396.6,0.0,0.0,0.0,0.0,30
2023-05-11 09:49:18,IO2403-C-3700,IO2403-C-3700,389.4,0.0,0.0,0.0,6,389.2,397.4,7,389.4,396.6,0.0,0.0,0.0,0.0,30
2023-05-11 09:49:19,IO2403-C-3700,IO2403-C-3700,389.4,0.0,0.0,0.0,6,389.2,397.2,6,389.4,396.6,0.0,0.0,0.0,0.0,30
2023-05-11 09:49:38,IO2403-C-3700,IO2403-C-3700,389.4,0.0,0.0,0.0,6,389.2,397.2,7,389.4,396.6,0.0,0.0,0.0,0.0,30
2023-05-11 09:49:39,IO2403-C-3700,IO2403-C-3700,389.4,0.0,0.0,0.0,6,389.2,397.0,6,389.4,396.6,0.0,0.0,0.0,0.0,30
2023-05-11 09:49:43,IO2403-C-3700,IO2403-C-3700,389.4,0.0,0.0,0.0,6,389.2,397.0,7,389.4,396.6,0.0,0.0,0.0,0.0,30
2023-05-11 09:49:44,IO2403-C-3700,IO2403-C-3700,389.4,0.0,0.0,0.0,6,389.2,396.8,6,389.4,396.6,0.0,0.0,0.0,0.0,30
2023-05-11 09:49:53,IO2403-C-3700,IO2403-C-3700,389.4,0.0,0.0,0.0,6,389.2,396.8,7,389.4,396.6,0.0,0.0,0.0,0.0,30
2023-05-11 09:49:54,IO2403-C-3700,IO2403-C-3700,389.4,0.0,0.0,0.0,6,389.2,396.6,6,389.4,396.6,0.0,0.0,0.0,0.0,30
2023-05-11 09:49:54,IO2403-C-3700,IO2403-C-3700,389.4,0.0,0.0,0.0,6,389.4,396.8,1,389.4,396.6,0.0,0.0,0.0,0.0,30
2023-05-11 09:49:55,IO2403-C-3700,IO2403-C-3700,389.4,0.0,0.0,0.0,3,389.6,396.8,1,389.4,396.6,0.0,0.0,0.0,0.0,30
2023-05-11 09:49:55,IO2403-C-3700,IO2403-C-3700,389.4,0.0,0.0,0.0,6,389.8,396.8,7,389.4,396.6,0.0,0.0,0.0,0.0,30
2023-05-11 09:49:56,IO2403-C-3700,IO2403-C-3700,389.4,0.0,0.0,0.0,6,389.4,396.8,1,389.4,396.6,0.0,0.0,0.0,0.0,30
2023-05-11 09:49:56,IO2403-C-3700,IO2403-C-3700,389.4,0.0,0.0,0.0,9,389.4,396.8,1,389.4,396.6,0.0,0.0,0.0,0.0,30
2023-05-11 09:49:57,IO2403-C-3700,IO2403-C-3700,389.4,0.0,0.0,0.0,6,389.6,396.8,1,389.4,396.6,0.0,0.0,0.0,0.0,30
2023-05-11 09:50:03,IO2403-C-3700,IO2403-C-3700,389.4,0.0,0.0,0.0,3,389.4,396.6,6,389.4,396.6,0.0,0.0,0.0,0.0,30
2023-05-11 09:50:03,IO2403-C-3700,IO2403-C-3700,389.4,0.0,0.0,0.0,30,389.2,396.6,9,389.4,396.6,0.0,0.0,0.0,0.0,30
2023-05-11 09:50:04,IO2403-C-3700,IO2403-C-3700,389.4,0.0,0.0,0.0,12,389.2,396.4,6,389.4,396.6,0.0,0.0,0.0,0.0,30
2023-05-11 09:50:04,IO2403-C-3700,IO2403-C-3700,389.4,0.0,0.0,0.0,6,389.2,396.4,6,389.4,396.6,0.0,0.0,0.0,0.0,30
2023-05-11 09:50:08,IO2403-C-3700,IO2403-C-3700,389.4,0.0,0.0,0.0,6,389.2,396.4,7,389.4,396.6,0.0,0.0,0.0,0.0,30
2023-05-11 09:50:09,IO2403-C-3700,IO2403-C-3700,389.4,0.0,0.0,0.0,6,389.2,396.2,6,389.4,396.6,0.0,0.0,0.0,0.0,30
2023-05-11 09:50:12,IO2403-C-3700,IO2403-C-3700,389.4,0.0,0.0,0.0,12,389.4,396.4,1,389.4,396.6,0.0,0.0,0.0,0.0,30
2023-05-11 09:50:12,IO2403-C-3700,IO2403-C-3700,389.4,0.0,0.0,0.0,6,389.6,396.4,1,389.4,396.6,0.0,0.0,0.0,0.0,30
2023-05-11 09:50:13,IO2403-C-3700,IO2403-C-3700,389.4,0.0,0.0,0.0,9,389.6,396.4,1,389.4,396.6,0.0,0.0,0.0,0.0,30
2023-05-11 09:50:13,IO2403-C-3700,IO2403-C-3700,389.4,0.0,0.0,0.0,6,389.8,396.4,1,389.4,396.6,0.0,0.0,0.0,0.0,30
2023-05-11 09:50:15,IO2403-C-3700,IO2403-C-3700,389.4,0.0,0.0,0.0,12,389.8,396.4,1,389.4,396.6,0.0,0.0,0.0,0.0,30
2023-05-11 09:50:15,IO2403-C-3700,IO2403-C-3700,389.4,0.0,0.0,0.0,6,390.0,396.4,1,389.4,396.6,0.0,0.0,0.0,0.0,30
2023-05-11 09:50:18,IO2403-C-3700,IO2403-C-3700,389.4,0.0,0.0,0.0,6,390.0,396.2,1,389.4,396.6,0.0,0.0,0.0,0.0,30
2023-05-11 09:50:28,IO2403-C-3700,IO2403-C-3700,389.4,0.0,0.0,0.0,6,390.0,396.0,1,389.4,396.6,0.0,0.0,0.0,0.0,30
2023-05-11 09:50:32,IO2403-C-3700,IO2403-C-3700,389.4,0.0,0.0,0.0,6,390.0,396.4,1,389.4,396.6,0.0,0.0,0.0,0.0,30
2023-05-11 09:50:37,IO2403-C-3700,IO2403-C-3700,389.4,0.0,0.0,0.0,6,390.2,396.4,1,389.4,396.6,0.0,0.0,0.0,0.0,30
2023-05-11 09:50:38,IO2403-C-3700,IO2403-C-3700,389.4,0.0,0.0,0.0,6,390.4,396.4,1,389.4,396.6,0.0,0.0,0.0,0.0,30
2023-05-11 09:50:38,IO2403-C-3700,IO2403-C-3700,389.4,0.0,0.0,0.0,9,390.4,396.4,1,389.4,396.6,0.0,0.0,0.0,0.0,30
2023-05-11 09:50:39,IO2403-C-3700,IO2403-C-3700,389.4,0.0,0.0,0.0,6,390.6,396.4,1,389.4,396.6,0.0,0.0,0.0,0.0,30
2023-05-11 09:50:44,IO2403-C-3700,IO2403-C-3700,389.4,0.0,0.0,0.0,6,390.6,396.2,1,389.4,396.6,0.0,0.0,0.0,0.0,30
2023-05-11 09:50:45,IO2403-C-3700,IO2403-C-3700,389.4,0.0,0.0,0.0,6,390.6,396.8,1,389.4,396.6,0.0,0.0,0.0,0.0,30
2023-05-11 09:50:53,IO2403-C-3700,IO2403-C-3700,389.4,0.0,0.0,0.0,12,390.6,396.8,1,389.4,396.6,0.0,0.0,0.0,0.0,30
2023-05-11 09:50:53,IO2403-C-3700,IO2403-C-3700,389.4,0.0,0.0,0.0,6,390.8,396.8,1,389.4,396.6,0.0,0.0,0.0,0.0,30
2023-05-11 09:50:54,IO2403-C-3700,IO2403-C-3700,389.4,0.0,0.0,0.0,6,390.8,397.4,25,389.4,396.6,0.0,0.0,0.0,0.0,30
2023-05-11 09:50:54,IO2403-C-3700,IO2403-C-3700,389.4,0.0,0.0,0.0,6,390.8,397.4,7,389.4,396.6,0.0,0.0,0.0,0.0,30
2023-05-11 09:50:55,IO2403-C-3700,IO2403-C-3700,389.4,0.0,0.0,0.0,6,390.8,397.4,1,389.4,396.6,0.0,0.0,0.0,0.0,30
2023-05-11 09:51:04,IO2403-C-3700,IO2403-C-3700,389.4,0.0,0.0,0.0,6,390.8,397.2,1,389.4,396.6,0.0,0.0,0.0,0.0,30
2023-05-11 09:51:08,IO2403-C-3700,IO2403-C-3700,389.4,0.0,0.0,0.0,12,390.8,397.2,1,389.4,396.6,0.0,0.0,0.0,0.0,30
2023-05-11 09:51:08,IO2403-C-3700,IO2403-C-3700,389.4,0.0,0.0,0.0,6,391.0,397.2,1,389.4,396.6,0.0,0.0,0.0,0.0,30
2023-05-11 09:51:14,IO2403-C-3700,IO2403-C-3700,389.4,0.0,0.0,0.0,6,391.0,397.0,1,389.4,396.6,0.0,0.0,0.0,0.0,30
2023-05-11 09:51:24,IO2403-C-3700,IO2403-C-3700,389.4,0.0,0.0,0.0,6,391.0,396.8,1,389.4,396.6,0.0,0.0,0.0,0.0,30
2023-05-11 09:51:34,IO2403-C-3700,IO2403-C-3700,389.4,0.0,0.0,0.0,6,391.0,396.6,1,389.4,396.6,0.0,0.0,0.0,0.0,30
2023-05-11 09:51:44,IO2403-C-3700,IO2403-C-3700,389.4,0.0,0.0,0.0,6,391.0,396.4,1,389.4,396.6,0.0,0.0,0.0,0.0,30
2023-05-11 09:51:54,IO2403-C-3700,IO2403-C-3700,389.4,0.0,0.0,0.0,6,391.0,396.2,1,389.4,396.6,0.0,0.0,0.0,0.0,30
2023-05-11 09:51:58,IO2403-C-3700,IO2403-C-3700,389.4,0.0,0.0,0.0,6,391.0,396.6,1,389.4,396.6,0.0,0.0,0.0,0.0,30
2023-05-11 09:52:12,IO2403-C-3700,IO2403-C-3700,389.4,0.0,0.0,0.0,6,391.0,396.4,1,389.4,396.6,0.0,0.0,0.0,0.0,30
2023-05-11 09:52:23,IO2403-C-3700,IO2403-C-3700,389.4,0.0,0.0,0.0,6,391.0,396.2,1,389.4,396.6,0.0,0.0,0.0,0.0,30
2023-05-11 09:52:24,IO2403-C-3700,IO2403-C-3700,389.4,0.0,0.0,0.0,6,391.0,396.8,1,389.4,396.6,0.0,0.0,0.0,0.0,30
2023-05-11 09:52:34,IO2403-C-3700,IO2403-C-3700,389.4,0.0,0.0,0.0,6,391.0,396.6,1,389.4,396.6,0.0,0.0,0.0,0.0,30
2023-05-11 09:52:44,IO2403-C-3700,IO2403-C-3700,389.4,0.0,0.0,0.0,12,391.0,397.0,1,389.4,396.6,0.0,0.0,0.0,0.0,30
2023-05-11 09:52:44,IO2403-C-3700,IO2403-C-3700,389.4,0.0,0.0,0.0,6,391.2,397.0,1,389.4,396.6,0.0,0.0,0.0,0.0,30
2023-05-11 09:52:51,IO2403-C-3700,IO2403-C-3700,389.4,0.0,0.0,0.0,9,391.2,397.0,1,389.4,396.6,0.0,0.0,0.0,0.0,30
2023-05-11 09:52:51,IO2403-C-3700,IO2403-C-3700,389.4,0.0,0.0,0.0,6,391.4,397.0,1,389.4,396.6,0.0,0.0,0.0,0.0,30
2023-05-11 09:52:52,IO2403-C-3700,IO2403-C-3700,389.4,0.0,0.0,0.0,6,391.2,397.0,1,389.4,396.6,0.0,0.0,0.0,0.0,30
2023-05-11 09:52:54,IO2403-C-3700,IO2403-C-3700,389.4,0.0,0.0,0.0,6,391.2,396.8,1,389.4,396.6,0.0,0.0,0.0,0.0,30
2023-05-11 09:53:04,IO2403-C-3700,IO2403-C-3700,389.4,0.0,0.0,0.0,6,391.2,396.6,1,389.4,396.6,0.0,0.0,0.0,0.0,30
2023-05-11 09:53:19,IO2403-C-3700,IO2403-C-3700,389.4,0.0,0.0,0.0,6,391.2,397.0,1,389.4,396.6,0.0,0.0,0.0,0.0,30
2023-05-11 09:53:29,IO2403-C-3700,IO2403-C-3700,389.4,0.0,0.0,0.0,6,391.2,396.8,1,389.4,396.6,0.0,0.0,0.0,0.0,30
2023-05-11 09:53:38,IO2403-C-3700,IO2403-C-3700,389.4,0.0,0.0,0.0,12,391.2,396.8,1,389.4,396.6,0.0,0.0,0.0,0.0,30
2023-05-11 09:53:38,IO2403-C-3700,IO2403-C-3700,389.4,0.0,0.0,0.0,6,391.4,396.8,1,389.4,396.6,0.0,0.0,0.0,0.0,30
2023-05-11 09:53:39,IO2403-C-3700,IO2403-C-3700,389.4,0.0,0.0,0.0,6,391.4,397.2,1,389.4,396.6,0.0,0.0,0.0,0.0,30
2023-05-11 09:53:49,IO2403-C-3700,IO2403-C-3700,389.4,0.0,0.0,0.0,6,391.4,397.0,1,389.4,396.6,0.0,0.0,0.0,0.0,30
2023-05-11 09:53:59,IO2403-C-3700,IO2403-C-3700,389.4,0.0,0.0,0.0,6,391.4,396.8,1,389.4,396.6,0.0,0.0,0.0,0.0,30
2023-05-11 09:54:09,IO2403-C-3700,IO2403-C-3700,389.4,0.0,0.0,0.0,6,391.4,396.6,1,389.4,396.6,0.0,0.0,0.0,0.0,30
2023-05-11 09:54:19,IO2403-C-3700,IO2403-C-3700,389.4,0.0,0.0,0.0,6,391.4,396.4,1,389.4,396.6,0.0,0.0,0.0,0.0,30
2023-05-11 09:54:29,IO2403-C-3700,IO2403-C-3700,389.4,0.0,0.0,0.0,6,391.4,396.2,1,389.4,396.6,0.0,0.0,0.0,0.0,30
2023-05-11 09:54:38,IO2403-C-3700,IO2403-C-3700,389.4,0.0,0.0,0.0,6,391.4,396.6,1,389.4,396.6,0.0,0.0,0.0,0.0,30
2023-05-11 09:54:49,IO2403-C-3700,IO2403-C-3700,396.6,1.0,39660.0,1.0,12,391.4,397.8,30,389.4,396.6,396.6,396.6,1.0,39660.0,31
2023-05-11 09:54:50,IO2403-C-3700,IO2403-C-3700,396.6,0.0,0.0,0.0,6,391.6,397.8,12,389.4,396.6,396.6,396.6,1.0,39660.0,31
2023-05-11 09:54:50,IO2403-C-3700,IO2403-C-3700,396.6,0.0,0.0,0.0,6,391.6,398.0,1,389.4,396.6,396.6,396.6,1.0,39660.0,31
2023-05-11 09:54:52,IO2403-C-3700,IO2403-C-3700,396.6,0.0,0.0,0.0,6,391.6,398.4,30,389.4,396.6,396.6,396.6,1.0,39660.0,31
2023-05-11 09:54:53,IO2403-C-3700,IO2403-C-3700,396.6,0.0,0.0,0.0,6,391.6,398.4,12,389.4,396.6,396.6,396.6,1.0,39660.0,31
2023-05-11 09:54:53,IO2403-C-3700,IO2403-C-3700,396.6,0.0,0.0,0.0,6,391.6,399.0,42,389.4,396.6,396.6,396.6,1.0,39660.0,31
2023-05-11 09:54:54,IO2403-C-3700,IO2403-C-3700,396.6,0.0,0.0,0.0,6,391.6,398.8,1,389.4,396.6,396.6,396.6,1.0,39660.0,31
2023-05-11 09:54:54,IO2403-C-3700,IO2403-C-3700,396.6,0.0,0.0,0.0,12,391.6,398.8,1,389.4,396.6,396.6,396.6,1.0,39660.0,31
2023-05-11 09:54:55,IO2403-C-3700,IO2403-C-3700,396.6,0.0,0.0,0.0,6,391.8,398.8,1,389.4,396.6,396.6,396.6,1.0,39660.0,31
2023-05-11 09:55:04,IO2403-C-3700,IO2403-C-3700,396.6,0.0,0.0,0.0,6,391.8,398.6,1,389.4,396.6,396.6,396.6,1.0,39660.0,31
2023-05-11 09:55:05,IO2403-C-3700,IO2403-C-3700,396.6,0.0,0.0,0.0,6,391.6,398.6,1,389.4,396.6,396.6,396.6,1.0,39660.0,31
2023-05-11 09:55:08,IO2403-C-3700,IO2403-C-3700,396.6,0.0,0.0,0.0,6,391.6,399.2,22,389.4,396.6,396.6,396.6,1.0,39660.0,31
2023-05-11 09:55:09,IO2403-C-3700,IO2403-C-3700,396.6,0.0,0.0,0.0,6,391.6,399.2,16,389.4,396.6,396.6,396.6,1.0,39660.0,31
2023-05-11 09:55:09,IO2403-C-3700,IO2403-C-3700,396.6,0.0,0.0,0.0,6,391.6,399.2,10,389.4,396.6,396.6,396.6,1.0,39660.0,31
2023-05-11 09:55:10,IO2403-C-3700,IO2403-C-3700,396.6,0.0,0.0,0.0,6,391.6,399.2,4,389.4,396.6,396.6,396.6,1.0,39660.0,31
2023-05-11 09:55:10,IO2403-C-3700,IO2403-C-3700,396.6,0.0,0.0,0.0,6,391.6,399.2,1,389.4,396.6,396.6,396.6,1.0,39660.0,31
2023-05-11 09:55:11,IO2403-C-3700,IO2403-C-3700,396.6,0.0,0.0,0.0,6,391.6,399.2,3,389.4,396.6,396.6,396.6,1.0,39660.0,31
2023-05-11 09:55:12,IO2403-C-3700,IO2403-C-3700,396.6,0.0,0.0,0.0,12,391.8,399.4,24,389.4,396.6,396.6,396.6,1.0,39660.0,31
2023-05-11 09:55:12,IO2403-C-3700,IO2403-C-3700,396.6,0.0,0.0,0.0,6,392.0,399.4,12,389.4,396.6,396.6,396.6,1.0,39660.0,31
2023-05-11 09:55:13,IO2403-C-3700,IO2403-C-3700,396.6,0.0,0.0,0.0,6,392.0,399.4,3,389.4,396.6,396.6,396.6,1.0,39660.0,31
2023-05-11 09:55:13,IO2403-C-3700,IO2403-C-3700,396.6,0.0,0.0,0.0,6,392.0,399.8,24,389.4,396.6,396.6,396.6,1.0,39660.0,31
2023-05-11 09:55:14,IO2403-C-3700,IO2403-C-3700,396.6,0.0,0.0,0.0,6,392.0,399.8,18,389.4,396.6,396.6,396.6,1.0,39660.0,31
2023-05-11 09:55:14,IO2403-C-3700,IO2403-C-3700,396.6,0.0,0.0,0.0,6,392.0,399.8,15,389.4,396.6,396.6,396.6,1.0,39660.0,31
2023-05-11 09:55:15,IO2403-C-3700,IO2403-C-3700,396.6,0.0,0.0,0.0,9,392.0,399.8,12,389.4,396.6,396.6,396.6,1.0,39660.0,31
2023-05-11 09:55:16,IO2403-C-3700,IO2403-C-3700,396.6,0.0,0.0,0.0,6,392.2,399.8,6,389.4,396.6,396.6,396.6,1.0,39660.0,31
2023-05-11 09:55:16,IO2403-C-3700,IO2403-C-3700,396.6,0.0,0.0,0.0,6,392.0,399.8,6,389.4,396.6,396.6,396.6,1.0,39660.0,31
2023-05-11 09:55:17,IO2403-C-3700,IO2403-C-3700,396.6,0.0,0.0,0.0,9,392.0,399.8,6,389.4,396.6,396.6,396.6,1.0,39660.0,31
2023-05-11 09:55:17,IO2403-C-3700,IO2403-C-3700,396.6,0.0,0.0,0.0,6,392.2,399.8,6,389.4,396.6,396.6,396.6,1.0,39660.0,31
2023-05-11 09:55:18,IO2403-C-3700,IO2403-C-3700,396.6,0.0,0.0,0.0,6,392.2,400.2,21,389.4,396.6,396.6,396.6,1.0,39660.0,31
2023-05-11 09:55:23,IO2403-C-3700,IO2403-C-3700,396.6,0.0,0.0,0.0,6,392.2,400.2,22,389.4,396.6,396.6,396.6,1.0,39660.0,31
2023-05-11 09:55:33,IO2403-C-3700,IO2403-C-3700,396.6,0.0,0.0,0.0,6,392.2,400.0,1,389.4,396.6,396.6,396.6,1.0,39660.0,31
2023-05-11 09:55:33,IO2403-C-3700,IO2403-C-3700,396.6,0.0,0.0,0.0,6,392.2,400.2,21,389.4,396.6,396.6,396.6,1.0,39660.0,31
2023-05-11 09:55:45,IO2403-C-3700,IO2403-C-3700,396.6,0.0,0.0,0.0,6,392.2,400.2,22,389.4,396.6,396.6,396.6,1.0,39660.0,31
2023-05-11 09:56:00,IO2403-C-3700,IO2403-C-3700,396.6,0.0,0.0,0.0,6,392.2,400.0,1,389.4,396.6,396.6,396.6,1.0,39660.0,31
2023-05-11 09:56:06,IO2403-C-3700,IO2403-C-3700,396.6,0.0,0.0,0.0,6,392.2,400.2,21,389.4,396.6,396.6,396.6,1.0,39660.0,31
2023-05-11 09:56:22,IO2403-C-3700,IO2403-C-3700,396.6,0.0,0.0,0.0,6,392.4,400.2,15,389.4,396.6,396.6,396.6,1.0,39660.0,31
2023-05-11 09:56:22,IO2403-C-3700,IO2403-C-3700,396.6,0.0,0.0,0.0,6,392.6,400.2,6,389.4,396.6,396.6,396.6,1.0,39660.0,31
2023-05-11 09:56:23,IO2403-C-3700,IO2403-C-3700,396.6,0.0,0.0,0.0,6,392.6,400.6,6,389.4,396.6,396.6,396.6,1.0,39660.0,31
2023-05-11 09:56:23,IO2403-C-3700,IO2403-C-3700,396.6,0.0,0.0,0.0,6,392.6,400.6,3,389.4,396.6,396.6,396.6,1.0,39660.0,31
2023-05-11 09:56:24,IO2403-C-3700,IO2403-C-3700,396.6,0.0,0.0,0.0,6,392.6,401.0,36,389.4,396.6,396.6,396.6,1.0,39660.0,31
2023-05-11 09:56:24,IO2403-C-3700,IO2403-C-3700,396.6,0.0,0.0,0.0,6,392.6,401.0,18,389.4,396.6,396.6,396.6,1.0,39660.0,31
2023-05-11 09:56:25,IO2403-C-3700,IO2403-C-3700,396.6,0.0,0.0,0.0,6,392.6,401.0,15,389.4,396.6,396.6,396.6,1.0,39660.0,31
2023-05-11 09:56:25,IO2403-C-3700,IO2403-C-3700,396.6,0.0,0.0,0.0,6,392.6,401.0,9,389.4,396.6,396.6,396.6,1.0,39660.0,31
2023-05-11 09:56:26,IO2403-C-3700,IO2403-C-3700,396.6,0.0,0.0,0.0,6,392.4,401.0,3,389.4,396.6,396.6,396.6,1.0,39660.0,31
2023-05-11 09:56:26,IO2403-C-3700,IO2403-C-3700,396.6,0.0,0.0,0.0,6,392.4,401.2,13,389.4,396.6,396.6,396.6,1.0,39660.0,31
2023-05-11 09:56:27,IO2403-C-3700,IO2403-C-3700,396.6,0.0,0.0,0.0,6,392.4,401.2,16,389.4,396.6,396.6,396.6,1.0,39660.0,31
2023-05-11 09:56:34,IO2403-C-3700,IO2403-C-3700,396.6,0.0,0.0,0.0,6,392.4,401.2,15,389.4,396.6,396.6,396.6,1.0,39660.0,31
2023-05-11 09:56:38,IO2403-C-3700,IO2403-C-3700,396.6,0.0,0.0,0.0,6,392.4,401.2,16,389.4,396.6,396.6,396.6,1.0,39660.0,31
2023-05-11 09:56:40,IO2403-C-3700,IO2403-C-3700,396.6,0.0,0.0,0.0,6,392.4,401.2,15,389.4,396.6,396.6,396.6,1.0,39660.0,31
2023-05-11 09:56:41,IO2403-C-3700,IO2403-C-3700,396.6,0.0,0.0,0.0,6,392.4,401.2,12,389.4,396.6,396.6,396.6,1.0,39660.0,31
2023-05-11 09:56:41,IO2403-C-3700,IO2403-C-3700,396.6,0.0,0.0,0.0,6,392.4,401.2,6,389.4,396.6,396.6,396.6,1.0,39660.0,31
2023-05-11 09:56:45,IO2403-C-3700,IO2403-C-3700,396.6,0.0,0.0,0.0,6,392.4,401.2,7,389.4,396.6,396.6,396.6,1.0,39660.0,31
2023-05-11 09:56:50,IO2403-C-3700,IO2403-C-3700,396.6,0.0,0.0,0.0,6,392.4,401.2,6,389.4,396.6,396.6,396.6,1.0,39660.0,31
2023-05-11 09:56:56,IO2403-C-3700,IO2403-C-3700,396.6,0.0,0.0,0.0,6,392.4,401.2,7,389.4,396.6,396.6,396.6,1.0,39660.0,31
2023-05-11 09:56:57,IO2403-C-3700,IO2403-C-3700,396.6,0.0,0.0,0.0,6,392.4,401.2,6,389.4,396.6,396.6,396.6,1.0,39660.0,31
2023-05-11 09:57:00,IO2403-C-3700,IO2403-C-3700,396.6,0.0,0.0,0.0,6,393.6,401.4,30,389.4,396.6,396.6,396.6,1.0,39660.0,31
2023-05-11 09:57:01,IO2403-C-3700,IO2403-C-3700,396.6,0.0,0.0,0.0,6,393.8,401.4,18,389.4,396.6,396.6,396.6,1.0,39660.0,31
2023-05-11 09:57:01,IO2403-C-3700,IO2403-C-3700,396.6,0.0,0.0,0.0,6,393.8,401.4,6,389.4,396.6,396.6,396.6,1.0,39660.0,31
2023-05-11 09:57:02,IO2403-C-3700,IO2403-C-3700,396.6,0.0,0.0,0.0,6,393.8,401.4,1,389.4,396.6,396.6,396.6,1.0,39660.0,31
2023-05-11 09:57:05,IO2403-C-3700,IO2403-C-3700,396.6,0.0,0.0,0.0,6,393.8,401.6,3,389.4,396.6,396.6,396.6,1.0,39660.0,31
2023-05-11 09:57:06,IO2403-C-3700,IO2403-C-3700,396.6,0.0,0.0,0.0,6,393.8,401.8,7,389.4,396.6,396.6,396.6,1.0,39660.0,31
2023-05-11 09:57:06,IO2403-C-3700,IO2403-C-3700,396.6,0.0,0.0,0.0,6,393.8,401.8,1,389.4,396.6,396.6,396.6,1.0,39660.0,31
2023-05-11 09:57:08,IO2403-C-3700,IO2403-C-3700,396.6,0.0,0.0,0.0,6,393.8,402.0,3,389.4,396.6,396.6,396.6,1.0,39660.0,31
2023-05-11 09:57:08,IO2403-C-3700,IO2403-C-3700,396.6,0.0,0.0,0.0,6,393.8,402.2,31,389.4,396.6,396.6,396.6,1.0,39660.0,31
2023-05-11 09:57:09,IO2403-C-3700,IO2403-C-3700,396.6,0.0,0.0,0.0,6,393.8,402.2,13,389.4,396.6,396.6,396.6,1.0,39660.0,31
2023-05-11 09:57:09,IO2403-C-3700,IO2403-C-3700,396.6,0.0,0.0,0.0,6,393.8,402.2,10,389.4,396.6,396.6,396.6,1.0,39660.0,31
2023-05-11 09:57:10,IO2403-C-3700,IO2403-C-3700,396.6,0.0,0.0,0.0,6,393.8,402.2,4,389.4,396.6,396.6,396.6,1.0,39660.0,31
2023-05-11 09:57:10,IO2403-C-3700,IO2403-C-3700,396.6,0.0,0.0,0.0,12,393.8,402.2,1,389.4,396.6,396.6,396.6,1.0,39660.0,31
2023-05-11 09:57:11,IO2403-C-3700,IO2403-C-3700,396.6,0.0,0.0,0.0,6,394.0,402.2,1,389.4,396.6,396.6,396.6,1.0,39660.0,31
2023-05-11 09:57:15,IO2403-C-3700,IO2403-C-3700,396.6,0.0,0.0,0.0,6,394.0,402.4,27,389.4,396.6,396.6,396.6,1.0,39660.0,31
2023-05-11 09:57:16,IO2403-C-3700,IO2403-C-3700,396.6,0.0,0.0,0.0,6,394.0,402.2,1,389.4,396.6,396.6,396.6,1.0,39660.0,31
2023-05-11 09:57:16,IO2403-C-3700,IO2403-C-3700,396.6,0.0,0.0,0.0,6,394.0,402.4,27,389.4,396.6,396.6,396.6,1.0,39660.0,31
2023-05-11 09:57:18,IO2403-C-3700,IO2403-C-3700,396.6,0.0,0.0,0.0,6,394.0,402.4,24,389.4,396.6,396.6,396.6,1.0,39660.0,31
2023-05-11 09:57:19,IO2403-C-3700,IO2403-C-3700,396.6,0.0,0.0,0.0,6,394.0,402.4,27,389.4,396.6,396.6,396.6,1.0,39660.0,31
2023-05-11 09:57:19,IO2403-C-3700,IO2403-C-3700,396.6,0.0,0.0,0.0,6,394.0,402.4,24,389.4,396.6,396.6,396.6,1.0,39660.0,31
2023-05-11 09:57:22,IO2403-C-3700,IO2403-C-3700,396.6,0.0,0.0,0.0,6,394.2,402.4,18,389.4,396.6,396.6,396.6,1.0,39660.0,31
2023-05-11 09:57:23,IO2403-C-3700,IO2403-C-3700,396.6,0.0,0.0,0.0,6,394.4,402.4,6,389.4,396.6,396.6,396.6,1.0,39660.0,31
2023-05-11 09:57:23,IO2403-C-3700,IO2403-C-3700,396.6,0.0,0.0,0.0,9,394.4,402.6,9,389.4,396.6,396.6,396.6,1.0,39660.0,31
2023-05-11 09:57:24,IO2403-C-3700,IO2403-C-3700,396.6,0.0,0.0,0.0,6,394.6,402.6,3,389.4,396.6,396.6,396.6,1.0,39660.0,31
2023-05-11 09:57:24,IO2403-C-3700,IO2403-C-3700,396.6,0.0,0.0,0.0,6,394.8,402.6,3,389.4,396.6,396.6,396.6,1.0,39660.0,31
2023-05-11 09:57:25,IO2403-C-3700,IO2403-C-3700,396.6,0.0,0.0,0.0,6,395.0,403.0,6,389.4,396.6,396.6,396.6,1.0,39660.0,31
2023-05-11 09:57:26,IO2403-C-3700,IO2403-C-3700,396.6,0.0,0.0,0.0,6,395.0,403.0,9,389.4,396.6,396.6,396.6,1.0,39660.0,31
2023-05-11 09:57:30,IO2403-C-3700,IO2403-C-3700,396.6,0.0,0.0,0.0,6,395.0,403.0,6,389.4,396.6,396.6,396.6,1.0,39660.0,31
2023-05-11 09:57:31,IO2403-C-3700,IO2403-C-3700,396.6,0.0,0.0,0.0,6,395.4,403.2,21,389.4,396.6,396.6,396.6,1.0,39660.0,31
2023-05-11 09:57:32,IO2403-C-3700,IO2403-C-3700,396.6,0.0,0.0,0.0,6,395.6,403.2,7,389.4,396.6,396.6,396.6,1.0,39660.0,31
2023-05-11 09:57:32,IO2403-C-3700,IO2403-C-3700,396.6,0.0,0.0,0.0,6,395.6,403.2,1,389.4,396.6,396.6,396.6,1.0,39660.0,31
2023-05-11 09:57:33,IO2403-C-3700,IO2403-C-3700,396.6,0.0,0.0,0.0,6,395.6,403.2,4,389.4,396.6,396.6,396.6,1.0,39660.0,31
2023-05-11 09:57:35,IO2403-C-3700,IO2403-C-3700,396.6,0.0,0.0,0.0,6,395.6,403.2,1,389.4,396.6,396.6,396.6,1.0,39660.0,31
2023-05-11 09:57:35,IO2403-C-3700,IO2403-C-3700,396.6,0.0,0.0,0.0,6,395.6,403.4,12,389.4,396.6,396.6,396.6,1.0,39660.0,31
2023-05-11 09:57:36,IO2403-C-3700,IO2403-C-3700,396.6,0.0,0.0,0.0,6,395.6,403.4,9,389.4,396.6,396.6,396.6,1.0,39660.0,31
2023-05-11 09:57:36,IO2403-C-3700,IO2403-C-3700,396.6,0.0,0.0,0.0,6,395.6,403.4,6,389.4,396.6,396.6,396.6,1.0,39660.0,31
2023-05-11 09:57:37,IO2403-C-3700,IO2403-C-3700,396.6,0.0,0.0,0.0,6,395.6,403.4,9,389.4,396.6,396.6,396.6,1.0,39660.0,31
2023-05-11 09:57:45,IO2403-C-3700,IO2403-C-3700,396.6,0.0,0.0,0.0,6,395.6,403.4,6,389.4,396.6,396.6,396.6,1.0,39660.0,31
2023-05-11 09:57:46,IO2403-C-3700,IO2403-C-3700,396.6,0.0,0.0,0.0,6,395.6,403.4,9,389.4,396.6,396.6,396.6,1.0,39660.0,31
2023-05-11 09:57:52,IO2403-C-3700,IO2403-C-3700,396.6,0.0,0.0,0.0,6,395.6,403.4,6,389.4,396.6,396.6,396.6,1.0,39660.0,31
2023-05-11 09:57:53,IO2403-C-3700,IO2403-C-3700,396.6,0.0,0.0,0.0,6,395.8,403.4,3,389.4,396.6,396.6,396.6,1.0,39660.0,31
2023-05-11 09:57:53,IO2403-C-3700,IO2403-C-3700,396.6,0.0,0.0,0.0,6,396.0,403.6,30,389.4,396.6,396.6,396.6,1.0,39660.0,31
2023-05-11 09:57:54,IO2403-C-3700,IO2403-C-3700,396.6,0.0,0.0,0.0,6,395.6,403.6,12,389.4,396.6,396.6,396.6,1.0,39660.0,31
2023-05-11 09:57:54,IO2403-C-3700,IO2403-C-3700,396.6,0.0,0.0,0.0,6,395.6,403.6,3,389.4,396.6,396.6,396.6,1.0,39660.0,31
2023-05-11 09:57:55,IO2403-C-3700,IO2403-C-3700,396.6,0.0,0.0,0.0,6,395.6,403.8,19,389.4,396.6,396.6,396.6,1.0,39660.0,31
2023-05-11 09:57:55,IO2403-C-3700,IO2403-C-3700,396.6,0.0,0.0,0.0,6,395.6,403.6,1,389.4,396.6,396.6,396.6,1.0,39660.0,31
2023-05-11 09:58:05,IO2403-C-3700,IO2403-C-3700,396.6,0.0,0.0,0.0,6,395.6,403.4,1,389.4,396.6,396.6,396.6,1.0,39660.0,31
2023-05-11 09:58:15,IO2403-C-3700,IO2403-C-3700,396.6,0.0,0.0,0.0,6,395.6,403.2,1,389.4,396.6,396.6,396.6,1.0,39660.0,31
2023-05-11 09:58:25,IO2403-C-3700,IO2403-C-3700,396.6,0.0,0.0,0.0,6,395.6,403.0,1,389.4,396.6,396.6,396.6,1.0,39660.0,31
2023-05-11 09:58:31,IO2403-C-3700,IO2403-C-3700,396.6,0.0,0.0,0.0,6,395.6,403.6,1,389.4,396.6,396.6,396.6,1.0,39660.0,31
2023-05-11 09:58:41,IO2403-C-3700,IO2403-C-3700,396.6,0.0,0.0,0.0,6,395.6,403.4,1,389.4,396.6,396.6,396.6,1.0,39660.0,31
2023-05-11 09:58:52,IO2403-C-3700,IO2403-C-3700,396.6,0.0,0.0,0.0,6,395.6,403.2,1,389.4,396.6,396.6,396.6,1.0,39660.0,31
2023-05-11 09:59:04,IO2403-C-3700,IO2403-C-3700,396.6,0.0,0.0,0.0,6,395.6,403.0,1,389.4,396.6,396.6,396.6,1.0,39660.0,31
2023-05-11 09:59:06,IO2403-C-3700,IO2403-C-3700,396.6,0.0,0.0,0.0,6,395.4,403.0,1,389.4,396.6,396.6,396.6,1.0,39660.0,31
2023-05-11 09:59:07,IO2403-C-3700,IO2403-C-3700,396.6,0.0,0.0,0.0,6,395.2,403.0,1,389.4,396.6,396.6,396.6,1.0,39660.0,31
2023-05-11 09:59:09,IO2403-C-3700,IO2403-C-3700,396.6,0.0,0.0,0.0,30,395.0,402.8,6,389.4,396.6,396.6,396.6,1.0,39660.0,31
2023-05-11 09:59:10,IO2403-C-3700,IO2403-C-3700,396.6,0.0,0.0,0.0,18,395.0,402.8,9,389.4,396.6,396.6,396.6,1.0,39660.0,31
2023-05-11 09:59:10,IO2403-C-3700,IO2403-C-3700,396.6,0.0,0.0,0.0,18,395.0,402.6,6,389.4,396.6,396.6,396.6,1.0,39660.0,31
2023-05-11 09:59:11,IO2403-C-3700,IO2403-C-3700,396.6,0.0,0.0,0.0,6,395.0,402.6,6,389.4,396.6,396.6,396.6,1.0,39660.0,31
2023-05-11 09:59:12,IO2403-C-3700,IO2403-C-3700,396.6,0.0,0.0,0.0,6,394.8,402.8,21,389.4,396.6,396.6,396.6,1.0,39660.0,31
2023-05-11 09:59:27,IO2403-C-3700,IO2403-C-3700,396.6,0.0,0.0,0.0,6,394.8,402.8,22,389.4,396.6,396.6,396.6,1.0,39660.0,31
2023-05-11 09:59:34,IO2403-C-3700,IO2403-C-3700,396.6,0.0,0.0,0.0,6,394.8,402.8,21,389.4,396.6,396.6,396.6,1.0,39660.0,31
2023-05-11 09:59:35,IO2403-C-3700,IO2403-C-3700,396.6,0.0,0.0,0.0,9,394.8,402.8,21,389.4,396.6,396.6,396.6,1.0,39660.0,31
2023-05-11 09:59:35,IO2403-C-3700,IO2403-C-3700,396.6,0.0,0.0,0.0,6,395.0,402.6,6,389.4,396.6,396.6,396.6,1.0,39660.0,31
2023-05-11 09:59:36,IO2403-C-3700,IO2403-C-3700,396.6,0.0,0.0,0.0,6,394.8,402.8,21,389.4,396.6,396.6,396.6,1.0,39660.0,31
2023-05-11 09:59:37,IO2403-C-3700,IO2403-C-3700,396.6,0.0,0.0,0.0,6,394.8,402.8,15,389.4,396.6,396.6,396.6,1.0,39660.0,31
2023-05-11 09:59:37,IO2403-C-3700,IO2403-C-3700,396.6,0.0,0.0,0.0,6,394.8,402.8,9,389.4,396.6,396.6,396.6,1.0,39660.0,31
2023-05-11 09:59:39,IO2403-C-3700,IO2403-C-3700,396.6,0.0,0.0,0.0,6,394.8,402.8,15,389.4,396.6,396.6,396.6,1.0,39660.0,31
2023-05-11 09:59:44,IO2403-C-3700,IO2403-C-3700,396.6,0.0,0.0,0.0,6,394.8,402.8,16,389.4,396.6,396.6,396.6,1.0,39660.0,31
2023-05-11 09:59:45,IO2403-C-3700,IO2403-C-3700,396.6,0.0,0.0,0.0,6,394.8,402.8,15,389.4,396.6,396.6,396.6,1.0,39660.0,31
2023-05-11 09:59:45,IO2403-C-3700,IO2403-C-3700,396.6,0.0,0.0,0.0,6,394.8,402.8,16,389.4,396.6,396.6,396.6,1.0,39660.0,31
2023-05-11 09:59:50,IO2403-C-3700,IO2403-C-3700,396.6,0.0,0.0,0.0,24,394.6,402.6,6,389.4,396.6,396.6,396.6,1.0,39660.0,31
2023-05-11 09:59:50,IO2403-C-3700,IO2403-C-3700,396.6,0.0,0.0,0.0,6,394.6,402.6,6,389.4,396.6,396.6,396.6,1.0,39660.0,31
2023-05-11 09:59:51,IO2403-C-3700,IO2403-C-3700,396.6,0.0,0.0,0.0,24,394.4,402.6,6,389.4,396.6,396.6,396.6,1.0,39660.0,31
2023-05-11 09:59:51,IO2403-C-3700,IO2403-C-3700,396.6,0.0,0.0,0.0,18,394.4,402.6,6,389.4,396.6,396.6,396.6,1.0,39660.0,31
2023-05-11 09:59:52,IO2403-C-3700,IO2403-C-3700,396.6,0.0,0.0,0.0,12,394.4,402.6,6,389.4,396.6,396.6,396.6,1.0,39660.0,31
2023-05-11 10:00:02,IO2403-C-3700,IO2403-C-3700,396.6,0.0,0.0,0.0,6,394.6,402.8,15,389.4,396.6,396.6,396.6,1.0,39660.0,31
2023-05-11 10:00:03,IO2403-C-3700,IO2403-C-3700,396.6,0.0,0.0,0.0,9,394.6,402.8,9,389.4,396.6,396.6,396.6,1.0,39660.0,31
2023-05-11 10:00:03,IO2403-C-3700,IO2403-C-3700,396.6,0.0,0.0,0.0,6,394.8,402.8,9,389.4,396.6,396.6,396.6,1.0,39660.0,31
2023-05-11 10:00:04,IO2403-C-3700,IO2403-C-3700,396.6,0.0,0.0,0.0,6,394.6,402.8,3,389.4,396.6,396.6,396.6,1.0,39660.0,31
2023-05-11 10:00:04,IO2403-C-3700,IO2403-C-3700,396.6,0.0,0.0,0.0,9,394.6,403.2,36,389.4,396.6,396.6,396.6,1.0,39660.0,31
2023-05-11 10:00:05,IO2403-C-3700,IO2403-C-3700,396.6,0.0,0.0,0.0,6,394.8,403.2,24,389.4,396.6,396.6,396.6,1.0,39660.0,31
2023-05-11 10:00:05,IO2403-C-3700,IO2403-C-3700,396.6,0.0,0.0,0.0,6,394.6,403.2,21,389.4,396.6,396.6,396.6,1.0,39660.0,31
2023-05-11 10:00:06,IO2403-C-3700,IO2403-C-3700,396.6,0.0,0.0,0.0,9,394.6,403.2,21,389.4,396.6,396.6,396.6,1.0,39660.0,31
2023-05-11 10:00:06,IO2403-C-3700,IO2403-C-3700,396.6,0.0,0.0,0.0,6,394.8,403.2,27,389.4,396.6,396.6,396.6,1.0,39660.0,31
2023-05-11 10:00:09,IO2403-C-3700,IO2403-C-3700,396.6,0.0,0.0,0.0,6,394.8,403.0,1,389.4,396.6,396.6,396.6,1.0,39660.0,31
2023-05-11 10:00:19,IO2403-C-3700,IO2403-C-3700,396.6,0.0,0.0,0.0,6,394.8,402.8,1,389.4,396.6,396.6,396.6,1.0,39660.0,31
2023-05-11 10:00:26,IO2403-C-3700,IO2403-C-3700,396.6,0.0,0.0,0.0,6,394.8,403.2,27,389.4,396.6,396.6,396.6,1.0,39660.0,31
2023-05-11 10:00:30,IO2403-C-3700,IO2403-C-3700,396.6,0.0,0.0,0.0,6,394.8,403.0,1,389.4,396.6,396.6,396.6,1.0,39660.0,31
2023-05-11 10:00:36,IO2403-C-3700,IO2403-C-3700,396.6,0.0,0.0,0.0,6,394.8,403.2,27,389.4,396.6,396.6,396.6,1.0,39660.0,31
2023-05-11 10:00:40,IO2403-C-3700,IO2403-C-3700,396.6,0.0,0.0,0.0,6,394.8,403.0,1,389.4,396.6,396.6,396.6,1.0,39660.0,31
2023-05-11 10:00:43,IO2403-C-3700,IO2403-C-3700,396.6,0.0,0.0,0.0,6,394.8,403.2,27,389.4,396.6,396.6,396.6,1.0,39660.0,31
2023-05-11 10:00:45,IO2403-C-3700,IO2403-C-3700,396.6,0.0,0.0,0.0,12,394.8,403.2,27,389.4,396.6,396.6,396.6,1.0,39660.0,31
2023-05-11 10:00:45,IO2403-C-3700,IO2403-C-3700,396.6,0.0,0.0,0.0,6,395.0,403.0,6,389.4,396.6,396.6,396.6,1.0,39660.0,31
2023-05-11 10:00:54,IO2403-C-3700,IO2403-C-3700,396.6,0.0,0.0,0.0,6,395.0,403.0,7,389.4,396.6,396.6,396.6,1.0,39660.0,31
2023-05-11 10:01:03,IO2403-C-3700,IO2403-C-3700,396.6,0.0,0.0,0.0,6,395.0,403.0,6,389.4,396.6,396.6,396.6,1.0,39660.0,31
2023-05-11 10:01:05,IO2403-C-3700,IO2403-C-3700,396.6,0.0,0.0,0.0,6,395.0,403.0,7,389.4,396.6,396.6,396.6,1.0,39660.0,31
2023-05-11 10:01:06,IO2403-C-3700,IO2403-C-3700,396.6,0.0,0.0,0.0,6,395.0,403.0,6,389.4,396.6,396.6,396.6,1.0,39660.0,31
2023-05-11 10:01:09,IO2403-C-3700,IO2403-C-3700,396.6,0.0,0.0,0.0,3,394.6,403.0,7,389.4,396.6,396.6,396.6,1.0,39660.0,31
2023-05-11 10:01:10,IO2403-C-3700,IO2403-C-3700,396.6,0.0,0.0,0.0,18,394.4,402.8,6,389.4,396.6,396.6,396.6,1.0,39660.0,31
2023-05-11 10:01:10,IO2403-C-3700,IO2403-C-3700,396.6,0.0,0.0,0.0,12,394.4,402.8,6,389.4,396.6,396.6,396.6,1.0,39660.0,31
2023-05-11 10:01:11,IO2403-C-3700,IO2403-C-3700,396.6,0.0,0.0,0.0,15,394.4,402.8,6,389.4,396.6,396.6,396.6,1.0,39660.0,31
2023-05-11 10:01:11,IO2403-C-3700,IO2403-C-3700,396.6,0.0,0.0,0.0,12,394.4,402.8,6,389.4,396.6,396.6,396.6,1.0,39660.0,31
2023-05-11 10:01:12,IO2403-C-3700,IO2403-C-3700,396.6,0.0,0.0,0.0,15,394.4,402.8,6,389.4,396.6,396.6,396.6,1.0,39660.0,31
2023-05-11 10:01:17,IO2403-C-3700,IO2403-C-3700,396.6,0.0,0.0,0.0,12,394.4,402.8,6,389.4,396.6,396.6,396.6,1.0,39660.0,31
2023-05-11 10:01:19,IO2403-C-3700,IO2403-C-3700,396.6,0.0,0.0,0.0,12,394.4,402.8,7,389.4,396.6,396.6,396.6,1.0,39660.0,31
2023-05-11 10:01:20,IO2403-C-3700,IO2403-C-3700,396.6,0.0,0.0,0.0,12,394.4,402.6,6,389.4,396.6,396.6,396.6,1.0,39660.0,31
2023-05-11 10:01:20,IO2403-C-3700,IO2403-C-3700,396.6,0.0,0.0,0.0,6,394.6,402.6,6,389.4,396.6,396.6,396.6,1.0,39660.0,31
2023-05-11 10:01:21,IO2403-C-3700,IO2403-C-3700,396.6,0.0,0.0,0.0,12,394.4,402.6,6,389.4,396.6,396.6,396.6,1.0,39660.0,31
2023-05-11 10:02:18,IO2403-C-3700,IO2403-C-3700,396.6,0.0,0.0,0.0,6,394.4,402.6,6,389.4,396.6,396.6,396.6,1.0,39660.0,31
2023-05-11 10:02:40,IO2403-C-3700,IO2403-C-3700,396.6,0.0,0.0,0.0,15,394.2,402.6,6,389.4,396.6,396.6,396.6,1.0,39660.0,31
2023-05-11 10:02:40,IO2403-C-3700,IO2403-C-3700,396.6,0.0,0.0,0.0,3,394.2,402.6,6,389.4,396.6,396.6,396.6,1.0,39660.0,31
2023-05-11 10:02:41,IO2403-C-3700,IO2403-C-3700,396.6,0.0,0.0,0.0,18,394.0,402.6,7,389.4,396.6,396.6,396.6,1.0,39660.0,31
2023-05-11 10:02:41,IO2403-C-3700,IO2403-C-3700,396.6,0.0,0.0,0.0,6,394.0,402.4,6,389.4,396.6,396.6,396.6,1.0,39660.0,31
2023-05-11 10:02:42,IO2403-C-3700,IO2403-C-3700,396.6,0.0,0.0,0.0,15,393.8,402.4,6,389.4,396.6,396.6,396.6,1.0,39660.0,31
2023-05-11 10:02:43,IO2403-C-3700,IO2403-C-3700,396.6,0.0,0.0,0.0,18,393.6,402.4,6,389.4,396.6,396.6,396.6,1.0,39660.0,31
2023-05-11 10:02:43,IO2403-C-3700,IO2403-C-3700,396.6,0.0,0.0,0.0,18,393.0,402.4,6,389.4,396.6,396.6,396.6,1.0,39660.0,31
2023-05-11 10:02:44,IO2403-C-3700,IO2403-C-3700,396.6,0.0,0.0,0.0,9,393.0,402.4,6,389.4,396.6,396.6,396.6,1.0,39660.0,31
2023-05-11 10:02:46,IO2403-C-3700,IO2403-C-3700,396.6,0.0,0.0,0.0,6,393.0,402.4,6,389.4,396.6,396.6,396.6,1.0,39660.0,31
2023-05-11 10:02:47,IO2403-C-3700,IO2403-C-3700,396.6,0.0,0.0,0.0,9,393.0,402.4,6,389.4,396.6,396.6,396.6,1.0,39660.0,31
2023-05-11 10:02:50,IO2403-C-3700,IO2403-C-3700,396.6,0.0,0.0,0.0,6,393.0,402.4,6,389.4,396.6,396.6,396.6,1.0,39660.0,31
2023-05-11 10:02:51,IO2403-C-3700,IO2403-C-3700,396.6,0.0,0.0,0.0,3,392.8,402.4,12,389.4,396.6,396.6,396.6,1.0,39660.0,31
2023-05-11 10:02:52,IO2403-C-3700,IO2403-C-3700,396.6,0.0,0.0,0.0,18,392.6,402.2,6,389.4,396.6,396.6,396.6,1.0,39660.0,31
2023-05-11 10:02:52,IO2403-C-3700,IO2403-C-3700,396.6,0.0,0.0,0.0,24,392.4,402.2,9,389.4,396.6,396.6,396.6,1.0,39660.0,31
2023-05-11 10:02:53,IO2403-C-3700,IO2403-C-3700,396.6,0.0,0.0,0.0,15,392.4,402.0,6,389.4,396.6,396.6,396.6,1.0,39660.0,31
2023-05-11 10:02:53,IO2403-C-3700,IO2403-C-3700,396.6,0.0,0.0,0.0,9,392.4,402.0,6,389.4,396.6,396.6,396.6,1.0,39660.0,31
2023-05-11 10:02:54,IO2403-C-3700,IO2403-C-3700,396.6,0.0,0.0,0.0,3,392.4,402.0,6,389.4,396.6,396.6,396.6,1.0,39660.0,31
2023-05-11 10:02:54,IO2403-C-3700,IO2403-C-3700,396.6,0.0,0.0,0.0,18,392.0,402.0,6,389.4,396.6,396.6,396.6,1.0,39660.0,31
2023-05-11 10:02:55,IO2403-C-3700,IO2403-C-3700,396.6,0.0,0.0,0.0,12,391.8,402.0,6,389.4,396.6,396.6,396.6,1.0,39660.0,31
2023-05-11 10:02:55,IO2403-C-3700,IO2403-C-3700,396.6,0.0,0.0,0.0,9,391.8,402.0,6,389.4,396.6,396.6,396.6,1.0,39660.0,31
2023-05-11 10:03:01,IO2403-C-3700,IO2403-C-3700,396.6,0.0,0.0,0.0,9,391.8,402.0,7,389.4,396.6,396.6,396.6,1.0,39660.0,31
2023-05-11 10:03:01,IO2403-C-3700,IO2403-C-3700,396.6,0.0,0.0,0.0,9,391.8,401.8,6,389.4,396.6,396.6,396.6,1.0,39660.0,31
2023-05-11 10:03:06,IO2403-C-3700,IO2403-C-3700,396.6,0.0,0.0,0.0,9,391.8,401.8,7,389.4,396.6,396.6,396.6,1.0,39660.0,31
2023-05-11 10:03:06,IO2403-C-3700,IO2403-C-3700,396.6,0.0,0.0,0.0,9,391.8,401.6,6,389.4,396.6,396.6,396.6,1.0,39660.0,31
2023-05-11 10:03:16,IO2403-C-3700,IO2403-C-3700,396.6,0.0,0.0,0.0,9,391.8,401.6,7,389.4,396.6,396.6,396.6,1.0,39660.0,31
2023-05-11 10:03:16,IO2403-C-3700,IO2403-C-3700,396.6,0.0,0.0,0.0,9,391.8,401.4,6,389.4,396.6,396.6,396.6,1.0,39660.0,31
2023-05-11 10:03:17,IO2403-C-3700,IO2403-C-3700,396.6,0.0,0.0,0.0,3,391.8,401.4,6,389.4,396.6,396.6,396.6,1.0,39660.0,31
2023-05-11 10:03:17,IO2403-C-3700,IO2403-C-3700,396.6,0.0,0.0,0.0,30,391.4,401.4,6,389.4,396.6,396.6,396.6,1.0,39660.0,31
2023-05-11 10:03:18,IO2403-C-3700,IO2403-C-3700,396.6,0.0,0.0,0.0,24,391.4,401.4,6,389.4,396.6,396.6,396.6,1.0,39660.0,31
2023-05-11 10:03:18,IO2403-C-3700,IO2403-C-3700,396.6,0.0,0.0,0.0,27,391.4,401.4,6,389.4,396.6,396.6,396.6,1.0,39660.0,31
2023-05-11 10:03:31,IO2403-C-3700,IO2403-C-3700,396.6,0.0,0.0,0.0,27,391.4,401.4,7,389.4,396.6,396.6,396.6,1.0,39660.0,31
2023-05-11 10:03:31,IO2403-C-3700,IO2403-C-3700,396.6,0.0,0.0,0.0,27,391.4,401.2,6,389.4,396.6,396.6,396.6,1.0,39660.0,31
2023-05-11 10:03:32,IO2403-C-3700,IO2403-C-3700,396.6,0.0,0.0,0.0,27,391.4,401.2,9,389.4,396.6,396.6,396.6,1.0,39660.0,31
2023-05-11 10:03:33,IO2403-C-3700,IO2403-C-3700,396.6,0.0,0.0,0.0,27,391.4,401.0,6,389.4,396.6,396.6,396.6,1.0,39660.0,31
2023-05-11 10:03:36,IO2403-C-3700,IO2403-C-3700,396.6,0.0,0.0,0.0,6,391.8,401.0,6,389.4,396.6,396.6,396.6,1.0,39660.0,31
2023-05-11 10:03:51,IO2403-C-3700,IO2403-C-3700,396.6,0.0,0.0,0.0,6,391.8,401.0,7,389.4,396.6,396.6,396.6,1.0,39660.0,31
2023-05-11 10:03:51,IO2403-C-3700,IO2403-C-3700,396.6,0.0,0.0,0.0,6,391.8,400.8,6,389.4,396.6,396.6,396.6,1.0,39660.0,31
2023-05-11 10:03:56,IO2403-C-3700,IO2403-C-3700,396.6,0.0,0.0,0.0,6,391.8,400.8,7,389.4,396.6,396.6,396.6,1.0,39660.0,31
2023-05-11 10:03:56,IO2403-C-3700,IO2403-C-3700,396.6,0.0,0.0,0.0,6,391.8,400.6,6,389.4,396.6,396.6,396.6,1.0,39660.0,31
2023-05-11 10:04:06,IO2403-C-3700,IO2403-C-3700,396.6,0.0,0.0,0.0,6,391.8,400.6,7,389.4,396.6,396.6,396.6,1.0,39660.0,31
2023-05-11 10:04:06,IO2403-C-3700,IO2403-C-3700,396.6,0.0,0.0,0.0,6,391.8,400.4,6,389.4,396.6,396.6,396.6,1.0,39660.0,31
2023-05-11 10:04:12,IO2403-C-3700,IO2403-C-3700,396.6,0.0,0.0,0.0,6,392.0,400.4,6,389.4,396.6,396.6,396.6,1.0,39660.0,31
2023-05-11 10:04:20,IO2403-C-3700,IO2403-C-3700,396.6,0.0,0.0,0.0,6,392.0,400.6,1,389.4,396.6,396.6,396.6,1.0,39660.0,31
2023-05-11 10:04:21,IO2403-C-3700,IO2403-C-3700,396.6,0.0,0.0,0.0,6,392.0,400.4,1,389.4,396.6,396.6,396.6,1.0,39660.0,31
2023-05-11 10:04:31,IO2403-C-3700,IO2403-C-3700,396.6,0.0,0.0,0.0,6,392.0,400.2,1,389.4,396.6,396.6,396.6,1.0,39660.0,31
2023-05-11 10:04:32,IO2403-C-3700,IO2403-C-3700,396.6,0.0,0.0,0.0,12,392.0,400.2,1,389.4,396.6,396.6,396.6,1.0,39660.0,31
2023-05-11 10:04:33,IO2403-C-3700,IO2403-C-3700,396.6,0.0,0.0,0.0,6,392.2,400.2,1,389.4,396.6,396.6,396.6,1.0,39660.0,31
2023-05-11 10:04:33,IO2403-C-3700,IO2403-C-3700,396.6,0.0,0.0,0.0,9,392.2,400.2,1,389.4,396.6,396.6,396.6,1.0,39660.0,31
2023-05-11 10:04:34,IO2403-C-3700,IO2403-C-3700,396.6,0.0,0.0,0.0,6,392.4,400.2,1,389.4,396.6,396.6,396.6,1.0,39660.0,31
2023-05-11 10:04:41,IO2403-C-3700,IO2403-C-3700,396.6,0.0,0.0,0.0,6,392.4,400.0,1,389.4,396.6,396.6,396.6,1.0,39660.0,31
2023-05-11 10:04:51,IO2403-C-3700,IO2403-C-3700,396.6,0.0,0.0,0.0,6,392.4,399.8,1,389.4,396.6,396.6,396.6,1.0,39660.0,31
2023-05-11 10:05:01,IO2403-C-3700,IO2403-C-3700,396.6,0.0,0.0,0.0,6,392.4,399.6,1,389.4,396.6,396.6,396.6,1.0,39660.0,31
2023-05-11 10:05:11,IO2403-C-3700,IO2403-C-3700,396.6,0.0,0.0,0.0,6,392.4,399.4,1,389.4,396.6,396.6,396.6,1.0,39660.0,31
2023-05-11 10:05:11,IO2403-C-3700,IO2403-C-3700,396.6,0.0,0.0,0.0,3,392.2,399.4,1,389.4,396.6,396.6,396.6,1.0,39660.0,31
2023-05-11 10:05:12,IO2403-C-3700,IO2403-C-3700,396.6,0.0,0.0,0.0,6,392.0,399.2,6,389.4,396.6,396.6,396.6,1.0,39660.0,31
2023-05-11 10:05:13,IO2403-C-3700,IO2403-C-3700,396.6,0.0,0.0,0.0,9,392.0,399.2,6,389.4,396.6,396.6,396.6,1.0,39660.0,31
2023-05-11 10:05:13,IO2403-C-3700,IO2403-C-3700,396.6,0.0,0.0,0.0,6,392.0,399.2,6,389.4,396.6,396.6,396.6,1.0,39660.0,31
2023-05-11 10:05:14,IO2403-C-3700,IO2403-C-3700,396.6,0.0,0.0,0.0,9,392.0,399.2,6,389.4,396.6,396.6,396.6,1.0,39660.0,31
2023-05-11 10:05:15,IO2403-C-3700,IO2403-C-3700,396.6,0.0,0.0,0.0,6,392.0,399.2,6,389.4,396.6,396.6,396.6,1.0,39660.0,31
2023-05-11 10:05:16,IO2403-C-3700,IO2403-C-3700,396.6,0.0,0.0,0.0,9,392.0,399.2,6,389.4,396.6,396.6,396.6,1.0,39660.0,31
2023-05-11 10:05:16,IO2403-C-3700,IO2403-C-3700,396.6,0.0,0.0,0.0,6,392.0,399.2,6,389.4,396.6,396.6,396.6,1.0,39660.0,31
2023-05-11 10:05:20,IO2403-C-3700,IO2403-C-3700,396.6,0.0,0.0,0.0,6,392.2,399.2,6,389.4,396.6,396.6,396.6,1.0,39660.0,31
2023-05-11 10:05:21,IO2403-C-3700,IO2403-C-3700,396.6,0.0,0.0,0.0,6,392.0,399.2,6,389.4,396.6,396.6,396.6,1.0,39660.0,31
2023-05-11 10:05:26,IO2403-C-3700,IO2403-C-3700,396.6,0.0,0.0,0.0,6,392.0,399.2,7,389.4,396.6,396.6,396.6,1.0,39660.0,31
2023-05-11 10:05:36,IO2403-C-3700,IO2403-C-3700,396.6,0.0,0.0,0.0,6,392.0,399.0,1,389.4,396.6,396.6,396.6,1.0,39660.0,31
2023-05-11 10:05:46,IO2403-C-3700,IO2403-C-3700,396.6,0.0,0.0,0.0,6,392.0,398.8,1,389.4,396.6,396.6,396.6,1.0,39660.0,31
2023-05-11 10:05:56,IO2403-C-3700,IO2403-C-3700,396.6,0.0,0.0,0.0,6,392.0,398.6,1,389.4,396.6,396.6,396.6,1.0,39660.0,31
2023-05-11 10:06:06,IO2403-C-3700,IO2403-C-3700,396.6,0.0,0.0,0.0,6,392.2,398.6,1,389.4,396.6,396.6,396.6,1.0,39660.0,31
2023-05-11 10:06:07,IO2403-C-3700,IO2403-C-3700,396.6,0.0,0.0,0.0,6,392.4,398.6,1,389.4,396.6,396.6,396.6,1.0,39660.0,31
2023-05-11 10:06:07,IO2403-C-3700,IO2403-C-3700,396.6,0.0,0.0,0.0,12,392.0,398.6,1,389.4,396.6,396.6,396.6,1.0,39660.0,31
2023-05-11 10:06:08,IO2403-C-3700,IO2403-C-3700,396.6,0.0,0.0,0.0,6,392.2,398.6,1,389.4,396.6,396.6,396.6,1.0,39660.0,31
2023-05-11 10:06:09,IO2403-C-3700,IO2403-C-3700,396.6,0.0,0.0,0.0,6,392.2,398.4,1,389.4,396.6,396.6,396.6,1.0,39660.0,31
2023-05-11 10:06:11,IO2403-C-3700,IO2403-C-3700,396.6,0.0,0.0,0.0,6,392.2,398.4,7,389.4,396.6,396.6,396.6,1.0,39660.0,31
2023-05-11 10:06:12,IO2403-C-3700,IO2403-C-3700,396.6,0.0,0.0,0.0,6,392.0,398.4,1,389.4,396.6,396.6,396.6,1.0,39660.0,31
2023-05-11 10:06:19,IO2403-C-3700,IO2403-C-3700,396.6,0.0,0.0,0.0,6,392.0,398.2,1,389.4,396.6,396.6,396.6,1.0,39660.0,31
2023-05-11 10:06:31,IO2403-C-3700,IO2403-C-3700,396.6,0.0,0.0,0.0,6,392.0,398.0,1,389.4,396.6,396.6,396.6,1.0,39660.0,31
2023-05-11 10:06:41,IO2403-C-3700,IO2403-C-3700,396.6,0.0,0.0,0.0,6,392.0,397.8,1,389.4,396.6,396.6,396.6,1.0,39660.0,31
2023-05-11 10:06:55,IO2403-C-3700,IO2403-C-3700,396.6,0.0,0.0,0.0,6,392.0,398.2,1,389.4,396.6,396.6,396.6,1.0,39660.0,31
2023-05-11 10:07:00,IO2403-C-3700,IO2403-C-3700,396.6,0.0,0.0,0.0,6,392.0,398.6,1,389.4,396.6,396.6,396.6,1.0,39660.0,31
2023-05-11 10:07:10,IO2403-C-3700,IO2403-C-3700,396.6,0.0,0.0,0.0,6,392.0,398.4,1,389.4,396.6,396.6,396.6,1.0,39660.0,31
2023-05-11 10:07:20,IO2403-C-3700,IO2403-C-3700,396.6,0.0,0.0,0.0,6,392.0,398.2,1,389.4,396.6,396.6,396.6,1.0,39660.0,31
2023-05-11 10:07:24,IO2403-C-3700,IO2403-C-3700,396.6,0.0,0.0,0.0,6,392.0,398.8,1,389.4,396.6,396.6,396.6,1.0,39660.0,31
2023-05-11 10:07:34,IO2403-C-3700,IO2403-C-3700,396.6,0.0,0.0,0.0,6,392.0,398.6,1,389.4,396.6,396.6,396.6,1.0,39660.0,31
2023-05-11 10:07:35,IO2403-C-3700,IO2403-C-3700,396.6,0.0,0.0,0.0,6,392.0,399.0,7,389.4,396.6,396.6,396.6,1.0,39660.0,31
2023-05-11 10:07:42,IO2403-C-3700,IO2403-C-3700,396.6,0.0,0.0,0.0,6,392.0,399.0,6,389.4,396.6,396.6,396.6,1.0,39660.0,31
2023-05-11 10:08:02,IO2403-C-3700,IO2403-C-3700,396.6,0.0,0.0,0.0,6,392.0,399.0,7,389.4,396.6,396.6,396.6,1.0,39660.0,31
2023-05-11 10:08:05,IO2403-C-3700,IO2403-C-3700,396.6,0.0,0.0,0.0,12,391.8,398.8,6,389.4,396.6,396.6,396.6,1.0,39660.0,31
2023-05-11 10:08:05,IO2403-C-3700,IO2403-C-3700,396.6,0.0,0.0,0.0,30,391.4,398.8,6,389.4,396.6,396.6,396.6,1.0,39660.0,31
2023-05-11 10:08:06,IO2403-C-3700,IO2403-C-3700,396.6,0.0,0.0,0.0,6,391.6,398.8,6,389.4,396.6,396.6,396.6,1.0,39660.0,31
2023-05-11 10:08:07,IO2403-C-3700,IO2403-C-3700,396.6,0.0,0.0,0.0,6,391.6,398.8,7,389.4,396.6,396.6,396.6,1.0,39660.0,31
2023-05-11 10:08:07,IO2403-C-3700,IO2403-C-3700,396.6,0.0,0.0,0.0,6,391.6,398.6,6,389.4,396.6,396.6,396.6,1.0,39660.0,31
2023-05-11 10:08:11,IO2403-C-3700,IO2403-C-3700,396.6,0.0,0.0,0.0,18,391.4,398.6,6,389.4,396.6,396.6,396.6,1.0,39660.0,31
2023-05-11 10:08:11,IO2403-C-3700,IO2403-C-3700,396.6,0.0,0.0,0.0,12,391.4,398.6,6,389.4,396.6,396.6,396.6,1.0,39660.0,31
2023-05-11 10:08:12,IO2403-C-3700,IO2403-C-3700,396.6,0.0,0.0,0.0,6,391.4,398.6,6,389.4,396.6,396.6,396.6,1.0,39660.0,31
2023-05-11 10:08:14,IO2403-C-3700,IO2403-C-3700,396.6,0.0,0.0,0.0,6,391.6,398.6,6,389.4,396.6,396.6,396.6,1.0,39660.0,31
2023-05-11 10:08:14,IO2403-C-3700,IO2403-C-3700,396.6,0.0,0.0,0.0,12,391.6,399.0,9,389.4,396.6,396.6,396.6,1.0,39660.0,31
2023-05-11 10:08:15,IO2403-C-3700,IO2403-C-3700,396.6,0.0,0.0,0.0,6,391.8,399.2,30,389.4,396.6,396.6,396.6,1.0,39660.0,31
2023-05-11 10:08:15,IO2403-C-3700,IO2403-C-3700,396.6,0.0,0.0,0.0,9,391.8,399.2,12,389.4,396.6,396.6,396.6,1.0,39660.0,31
2023-05-11 10:08:16,IO2403-C-3700,IO2403-C-3700,396.6,0.0,0.0,0.0,6,392.0,399.2,6,389.4,396.6,396.6,396.6,1.0,39660.0,31
2023-05-11 10:08:19,IO2403-C-3700,IO2403-C-3700,396.6,0.0,0.0,0.0,18,392.0,399.2,6,389.4,396.6,396.6,396.6,1.0,39660.0,31
2023-05-11 10:08:20,IO2403-C-3700,IO2403-C-3700,396.6,0.0,0.0,0.0,6,392.2,399.4,7,389.4,396.6,396.6,396.6,1.0,39660.0,31
2023-05-11 10:08:20,IO2403-C-3700,IO2403-C-3700,396.6,0.0,0.0,0.0,6,392.2,399.6,30,389.4,396.6,396.6,396.6,1.0,39660.0,31
2023-05-11 10:08:21,IO2403-C-3700,IO2403-C-3700,396.6,0.0,0.0,0.0,6,392.4,399.6,12,389.4,396.6,396.6,396.6,1.0,39660.0,31
2023-05-11 10:08:21,IO2403-C-3700,IO2403-C-3700,396.6,0.0,0.0,0.0,6,392.6,400.0,36,389.4,396.6,396.6,396.6,1.0,39660.0,31
2023-05-11 10:08:22,IO2403-C-3700,IO2403-C-3700,396.6,0.0,0.0,0.0,9,392.6,400.0,18,389.4,396.6,396.6,396.6,1.0,39660.0,31
2023-05-11 10:08:22,IO2403-C-3700,IO2403-C-3700,396.6,0.0,0.0,0.0,6,392.8,400.0,12,389.4,396.6,396.6,396.6,1.0,39660.0,31
2023-05-11 10:08:23,IO2403-C-3700,IO2403-C-3700,396.6,0.0,0.0,0.0,6,392.8,400.0,6,389.4,396.6,396.6,396.6,1.0,39660.0,31
2023-05-11 10:08:23,IO2403-C-3700,IO2403-C-3700,396.6,0.0,0.0,0.0,3,392.6,399.8,6,389.4,396.6,396.6,396.6,1.0,39660.0,31
2023-05-11 10:08:24,IO2403-C-3700,IO2403-C-3700,396.6,0.0,0.0,0.0,6,392.4,399.8,6,389.4,396.6,396.6,396.6,1.0,39660.0,31
2023-05-11 10:08:24,IO2403-C-3700,IO2403-C-3700,396.6,0.0,0.0,0.0,42,392.0,399.8,6,389.4,396.6,396.6,396.6,1.0,39660.0,31
2023-05-11 10:08:25,IO2403-C-3700,IO2403-C-3700,396.6,0.0,0.0,0.0,27,392.0,399.8,6,389.4,396.6,396.6,396.6,1.0,39660.0,31
2023-05-11 10:08:31,IO2403-C-3700,IO2403-C-3700,396.6,0.0,0.0,0.0,27,392.0,399.8,7,389.4,396.6,396.6,396.6,1.0,39660.0,31
2023-05-11 10:08:32,IO2403-C-3700,IO2403-C-3700,396.6,0.0,0.0,0.0,27,392.0,399.6,6,389.4,396.6,396.6,396.6,1.0,39660.0,31
2023-05-11 10:08:37,IO2403-C-3700,IO2403-C-3700,396.6,0.0,0.0,0.0,6,392.2,399.8,1,389.4,396.6,396.6,396.6,1.0,39660.0,31
2023-05-11 10:08:38,IO2403-C-3700,IO2403-C-3700,396.6,0.0,0.0,0.0,6,392.4,399.8,1,389.4,396.6,396.6,396.6,1.0,39660.0,31
2023-05-11 10:08:38,IO2403-C-3700,IO2403-C-3700,396.6,0.0,0.0,0.0,6,392.6,399.8,1,389.4,396.6,396.6,396.6,1.0,39660.0,31
2023-05-11 10:08:40,IO2403-C-3700,IO2403-C-3700,396.6,0.0,0.0,0.0,6,392.2,399.8,1,389.4,396.6,396.6,396.6,1.0,39660.0,31
2023-05-11 10:08:41,IO2403-C-3700,IO2403-C-3700,396.6,0.0,0.0,0.0,6,392.2,399.6,1,389.4,396.6,396.6,396.6,1.0,39660.0,31
2023-05-11 10:08:51,IO2403-C-3700,IO2403-C-3700,396.6,0.0,0.0,0.0,6,392.2,399.4,1,389.4,396.6,396.6,396.6,1.0,39660.0,31
2023-05-11 10:09:01,IO2403-C-3700,IO2403-C-3700,396.6,0.0,0.0,0.0,6,392.2,399.2,1,389.4,396.6,396.6,396.6,1.0,39660.0,31
2023-05-11 10:09:11,IO2403-C-3700,IO2403-C-3700,396.6,0.0,0.0,0.0,6,392.2,399.0,1,389.4,396.6,396.6,396.6,1.0,39660.0,31
2023-05-11 10:09:21,IO2403-C-3700,IO2403-C-3700,396.6,0.0,0.0,0.0,6,392.2,398.8,1,389.4,396.6,396.6,396.6,1.0,39660.0,31
2023-05-11 10:09:32,IO2403-C-3700,IO2403-C-3700,396.6,0.0,0.0,0.0,6,392.2,398.6,1,389.4,396.6,396.6,396.6,1.0,39660.0,31
2023-05-11 10:09:34,IO2403-C-3700,IO2403-C-3700,396.6,0.0,0.0,0.0,6,392.2,399.2,1,389.4,396.6,396.6,396.6,1.0,39660.0,31
2023-05-11 10:09:39,IO2403-C-3700,IO2403-C-3700,396.6,0.0,0.0,0.0,6,392.4,399.2,1,389.4,396.6,396.6,396.6,1.0,39660.0,31
2023-05-11 10:09:39,IO2403-C-3700,IO2403-C-3700,396.6,0.0,0.0,0.0,6,392.6,399.2,1,389.4,396.6,396.6,396.6,1.0,39660.0,31
2023-05-11 10:09:43,IO2403-C-3700,IO2403-C-3700,396.6,0.0,0.0,0.0,6,392.2,399.2,1,389.4,396.6,396.6,396.6,1.0,39660.0,31
2023-05-11 10:09:44,IO2403-C-3700,IO2403-C-3700,396.6,0.0,0.0,0.0,6,392.2,399.0,1,389.4,396.6,396.6,396.6,1.0,39660.0,31
2023-05-11 10:09:54,IO2403-C-3700,IO2403-C-3700,396.6,0.0,0.0,0.0,6,392.2,398.8,1,389.4,396.6,396.6,396.6,1.0,39660.0,31
2023-05-11 10:10:04,IO2403-C-3700,IO2403-C-3700,396.6,0.0,0.0,0.0,6,392.2,398.6,1,389.4,396.6,396.6,396.6,1.0,39660.0,31
2023-05-11 10:10:05,IO2403-C-3700,IO2403-C-3700,396.6,0.0,0.0,0.0,6,392.2,398.6,7,389.4,396.6,396.6,396.6,1.0,39660.0,31
2023-05-11 10:10:14,IO2403-C-3700,IO2403-C-3700,396.6,0.0,0.0,0.0,6,392.2,398.4,1,389.4,396.6,396.6,396.6,1.0,39660.0,31
2023-05-11 10:10:15,IO2403-C-3700,IO2403-C-3700,396.6,0.0,0.0,0.0,6,392.2,398.6,6,389.4,396.6,396.6,396.6,1.0,39660.0,31
2023-05-11 10:10:30,IO2403-C-3700,IO2403-C-3700,396.6,0.0,0.0,0.0,6,392.2,398.6,7,389.4,396.6,396.6,396.6,1.0,39660.0,31
2023-05-11 10:10:31,IO2403-C-3700,IO2403-C-3700,396.6,0.0,0.0,0.0,6,392.2,398.6,1,389.4,396.6,396.6,396.6,1.0,39660.0,31
2023-05-11 10:10:42,IO2403-C-3700,IO2403-C-3700,396.6,0.0,0.0,0.0,6,392.2,398.4,1,389.4,396.6,396.6,396.6,1.0,39660.0,31
2023-05-11 10:10:52,IO2403-C-3700,IO2403-C-3700,396.6,0.0,0.0,0.0,6,392.2,398.2,1,389.4,396.6,396.6,396.6,1.0,39660.0,31
2023-05-11 10:11:03,IO2403-C-3700,IO2403-C-3700,396.6,0.0,0.0,0.0,6,392.2,398.0,1,389.4,396.6,396.6,396.6,1.0,39660.0,31
2023-05-11 10:11:13,IO2403-C-3700,IO2403-C-3700,396.6,0.0,0.0,0.0,6,392.2,397.8,1,389.4,396.6,396.6,396.6,1.0,39660.0,31
2023-05-11 10:11:16,IO2403-C-3700,IO2403-C-3700,396.6,0.0,0.0,0.0,6,392.0,397.8,1,389.4,396.6,396.6,396.6,1.0,39660.0,31
2023-05-11 10:11:19,IO2403-C-3700,IO2403-C-3700,396.6,0.0,0.0,0.0,6,391.8,397.8,1,389.4,396.6,396.6,396.6,1.0,39660.0,31
2023-05-11 10:11:23,IO2403-C-3700,IO2403-C-3700,396.6,0.0,0.0,0.0,6,391.8,397.6,1,389.4,396.6,396.6,396.6,1.0,39660.0,31
2023-05-11 10:11:29,IO2403-C-3700,IO2403-C-3700,396.6,0.0,0.0,0.0,6,391.8,398.2,1,389.4,396.6,396.6,396.6,1.0,39660.0,31
2023-05-11 10:11:30,IO2403-C-3700,IO2403-C-3700,396.6,0.0,0.0,0.0,3,392.0,398.2,1,389.4,396.6,396.6,396.6,1.0,39660.0,31
2023-05-11 10:11:30,IO2403-C-3700,IO2403-C-3700,396.6,0.0,0.0,0.0,6,392.2,398.2,1,389.4,396.6,396.6,396.6,1.0,39660.0,31
2023-05-11 10:11:31,IO2403-C-3700,IO2403-C-3700,396.6,0.0,0.0,0.0,6,391.8,398.2,1,389.4,396.6,396.6,396.6,1.0,39660.0,31
2023-05-11 10:11:40,IO2403-C-3700,IO2403-C-3700,396.6,0.0,0.0,0.0,6,391.8,398.0,1,389.4,396.6,396.6,396.6,1.0,39660.0,31
2023-05-11 10:11:50,IO2403-C-3700,IO2403-C-3700,396.6,0.0,0.0,0.0,6,391.8,397.8,1,389.4,396.6,396.6,396.6,1.0,39660.0,31
2023-05-11 10:11:57,IO2403-C-3700,IO2403-C-3700,396.6,0.0,0.0,0.0,30,391.6,397.6,6,389.4,396.6,396.6,396.6,1.0,39660.0,31
2023-05-11 10:11:58,IO2403-C-3700,IO2403-C-3700,396.6,0.0,0.0,0.0,18,391.6,397.6,6,389.4,396.6,396.6,396.6,1.0,39660.0,31
2023-05-11 10:11:58,IO2403-C-3700,IO2403-C-3700,396.6,0.0,0.0,0.0,12,391.6,397.6,6,389.4,396.6,396.6,396.6,1.0,39660.0,31
2023-05-11 10:11:59,IO2403-C-3700,IO2403-C-3700,396.6,0.0,0.0,0.0,6,391.6,397.6,6,389.4,396.6,396.6,396.6,1.0,39660.0,31
2023-05-11 10:12:10,IO2403-C-3700,IO2403-C-3700,396.6,0.0,0.0,0.0,6,391.6,397.6,7,389.4,396.6,396.6,396.6,1.0,39660.0,31
2023-05-11 10:12:11,IO2403-C-3700,IO2403-C-3700,396.6,0.0,0.0,0.0,6,391.6,397.4,6,389.4,396.6,396.6,396.6,1.0,39660.0,31
2023-05-11 10:12:30,IO2403-C-3700,IO2403-C-3700,396.6,0.0,0.0,0.0,6,391.6,397.8,6,389.4,396.6,396.6,396.6,1.0,39660.0,31
2023-05-11 10:12:44,IO2403-C-3700,IO2403-C-3700,396.6,0.0,0.0,0.0,6,391.6,397.8,7,389.4,396.6,396.6,396.6,1.0,39660.0,31
2023-05-11 10:12:45,IO2403-C-3700,IO2403-C-3700,396.6,0.0,0.0,0.0,6,391.6,397.6,6,389.4,396.6,396.6,396.6,1.0,39660.0,31
2023-05-11 10:12:45,IO2403-C-3700,IO2403-C-3700,396.6,0.0,0.0,0.0,6,391.6,397.8,6,389.4,396.6,396.6,396.6,1.0,39660.0,31
2023-05-11 10:13:06,IO2403-C-3700,IO2403-C-3700,396.6,0.0,0.0,0.0,6,391.6,397.8,7,389.4,396.6,396.6,396.6,1.0,39660.0,31
2023-05-11 10:13:06,IO2403-C-3700,IO2403-C-3700,396.6,0.0,0.0,0.0,6,391.6,397.6,6,389.4,396.6,396.6,396.6,1.0,39660.0,31
2023-05-11 10:13:09,IO2403-C-3700,IO2403-C-3700,396.6,0.0,0.0,0.0,6,391.6,397.8,6,389.4,396.6,396.6,396.6,1.0,39660.0,31
2023-05-11 10:13:10,IO2403-C-3700,IO2403-C-3700,396.6,0.0,0.0,0.0,12,391.6,397.8,6,389.4,396.6,396.6,396.6,1.0,39660.0,31
2023-05-11 10:13:10,IO2403-C-3700,IO2403-C-3700,396.6,0.0,0.0,0.0,3,391.8,397.8,6,389.4,396.6,396.6,396.6,1.0,39660.0,31
2023-05-11 10:13:11,IO2403-C-3700,IO2403-C-3700,396.6,0.0,0.0,0.0,12,391.6,397.8,6,389.4,396.6,396.6,396.6,1.0,39660.0,31
2023-05-11 10:13:12,IO2403-C-3700,IO2403-C-3700,396.6,0.0,0.0,0.0,15,391.6,397.8,6,389.4,396.6,396.6,396.6,1.0,39660.0,31
2023-05-11 10:13:12,IO2403-C-3700,IO2403-C-3700,396.6,0.0,0.0,0.0,12,391.6,397.8,6,389.4,396.6,396.6,396.6,1.0,39660.0,31
2023-05-11 10:13:13,IO2403-C-3700,IO2403-C-3700,396.6,0.0,0.0,0.0,6,391.8,398.0,18,389.4,396.6,396.6,396.6,1.0,39660.0,31
2023-05-11 10:13:14,IO2403-C-3700,IO2403-C-3700,396.6,0.0,0.0,0.0,6,391.8,398.0,6,389.4,396.6,396.6,396.6,1.0,39660.0,31
2023-05-11 10:13:14,IO2403-C-3700,IO2403-C-3700,396.6,0.0,0.0,0.0,6,391.8,398.2,12,389.4,396.6,396.6,396.6,1.0,39660.0,31
2023-05-11 10:13:15,IO2403-C-3700,IO2403-C-3700,396.6,0.0,0.0,0.0,9,391.8,398.4,6,389.4,396.6,396.6,396.6,1.0,39660.0,31
2023-05-11 10:13:15,IO2403-C-3700,IO2403-C-3700,396.6,0.0,0.0,0.0,6,392.0,398.6,25,389.4,396.6,396.6,396.6,1.0,39660.0,31
2023-05-11 10:13:16,IO2403-C-3700,IO2403-C-3700,396.6,0.0,0.0,0.0,6,392.0,398.6,13,389.4,396.6,396.6,396.6,1.0,39660.0,31
2023-05-11 10:13:16,IO2403-C-3700,IO2403-C-3700,396.6,0.0,0.0,0.0,6,392.0,398.6,7,389.4,396.6,396.6,396.6,1.0,39660.0,31
2023-05-11 10:13:17,IO2403-C-3700,IO2403-C-3700,396.6,0.0,0.0,0.0,6,392.0,398.6,1,389.4,396.6,396.6,396.6,1.0,39660.0,31
2023-05-11 10:13:21,IO2403-C-3700,IO2403-C-3700,396.6,0.0,0.0,0.0,6,392.0,398.4,1,389.4,396.6,396.6,396.6,1.0,39660.0,31
2023-05-11 10:13:31,IO2403-C-3700,IO2403-C-3700,396.6,0.0,0.0,0.0,6,392.0,398.2,1,389.4,396.6,396.6,396.6,1.0,39660.0,31
2023-05-11 10:13:42,IO2403-C-3700,IO2403-C-3700,396.6,0.0,0.0,0.0,6,392.0,398.0,1,389.4,396.6,396.6,396.6,1.0,39660.0,31
2023-05-11 10:13:46,IO2403-C-3700,IO2403-C-3700,396.6,0.0,0.0,0.0,6,392.0,398.6,1,389.4,396.6,396.6,396.6,1.0,39660.0,31
2023-05-11 10:13:56,IO2403-C-3700,IO2403-C-3700,396.6,0.0,0.0,0.0,6,392.0,398.4,1,389.4,396.6,396.6,396.6,1.0,39660.0,31
2023-05-11 10:13:59,IO2403-C-3700,IO2403-C-3700,396.6,0.0,0.0,0.0,12,392.0,398.8,24,389.4,396.6,396.6,396.6,1.0,39660.0,31
2023-05-11 10:13:59,IO2403-C-3700,IO2403-C-3700,396.6,0.0,0.0,0.0,6,392.2,398.8,18,389.4,396.6,396.6,396.6,1.0,39660.0,31
2023-05-11 10:14:00,IO2403-C-3700,IO2403-C-3700,396.6,0.0,0.0,0.0,6,392.2,398.8,7,389.4,396.6,396.6,396.6,1.0,39660.0,31
2023-05-11 10:14:00,IO2403-C-3700,IO2403-C-3700,396.6,0.0,0.0,0.0,6,392.2,398.8,1,389.4,396.6,396.6,396.6,1.0,39660.0,31
2023-05-11 10:14:10,IO2403-C-3700,IO2403-C-3700,396.6,0.0,0.0,0.0,6,392.2,398.6,1,389.4,396.6,396.6,396.6,1.0,39660.0,31
2023-05-11 10:14:20,IO2403-C-3700,IO2403-C-3700,396.6,0.0,0.0,0.0,6,392.2,398.4,1,389.4,396.6,396.6,396.6,1.0,39660.0,31
2023-05-11 10:14:21,IO2403-C-3700,IO2403-C-3700,396.6,0.0,0.0,0.0,6,392.2,398.8,1,389.4,396.6,396.6,396.6,1.0,39660.0,31
2023-05-11 10:14:31,IO2403-C-3700,IO2403-C-3700,396.6,0.0,0.0,0.0,6,392.2,398.6,1,389.4,396.6,396.6,396.6,1.0,39660.0,31
2023-05-11 10:14:40,IO2403-C-3700,IO2403-C-3700,396.6,0.0,0.0,0.0,6,392.2,399.0,24,389.4,396.6,396.6,396.6,1.0,39660.0,31
2023-05-11 10:14:40,IO2403-C-3700,IO2403-C-3700,396.6,0.0,0.0,0.0,6,392.2,399.0,12,389.4,396.6,396.6,396.6,1.0,39660.0,31
2023-05-11 10:14:41,IO2403-C-3700,IO2403-C-3700,396.6,0.0,0.0,0.0,6,392.2,399.2,7,389.4,396.6,396.6,396.6,1.0,39660.0,31
2023-05-11 10:14:41,IO2403-C-3700,IO2403-C-3700,396.6,0.0,0.0,0.0,6,392.2,399.2,1,389.4,396.6,396.6,396.6,1.0,39660.0,31
2023-05-11 10:14:50,IO2403-C-3700,IO2403-C-3700,396.6,0.0,0.0,0.0,6,392.2,399.0,1,389.4,396.6,396.6,396.6,1.0,39660.0,31
2023-05-11 10:15:00,IO2403-C-3700,IO2403-C-3700,396.6,0.0,0.0,0.0,6,392.2,398.8,1,389.4,396.6,396.6,396.6,1.0,39660.0,31
2023-05-11 10:15:10,IO2403-C-3700,IO2403-C-3700,396.6,0.0,0.0,0.0,6,392.2,398.6,1,389.4,396.6,396.6,396.6,1.0,39660.0,31
2023-05-11 10:15:23,IO2403-C-3700,IO2403-C-3700,396.6,0.0,0.0,0.0,6,392.2,399.8,24,389.4,396.6,396.6,396.6,1.0,39660.0,31
