time,symbol_id,symbol_name,last,trade_volume,trade_amount,open_interest_change,bv1,bp1,ap1,av1,yesterday_close,today_open,today_high,today_low,volume,amount,open_interest
2023-05-11 09:29:00,IO2403-P-3600,IO2403-P-3600,67.4,0.0,0.0,0.0,1,52.2,78.6,1,67.4,65.6,0.0,0.0,0.0,0.0,176
2023-05-11 09:30:00,IO2403-P-3600,IO2403-P-3600,67.4,0.0,0.0,0.0,1,57.6,73.6,1,67.4,65.6,0.0,0.0,0.0,0.0,176
2023-05-11 09:30:00,IO2403-P-3600,IO2403-P-3600,67.4,0.0,0.0,0.0,2,57.6,73.2,1,67.4,65.6,0.0,0.0,0.0,0.0,176
2023-05-11 09:30:01,IO2403-P-3600,IO2403-P-3600,67.4,0.0,0.0,0.0,1,57.6,73.2,2,67.4,65.6,0.0,0.0,0.0,0.0,176
2023-05-11 09:30:01,IO2403-P-3600,IO2403-P-3600,67.4,0.0,0.0,0.0,7,57.8,73.2,2,67.4,65.6,0.0,0.0,0.0,0.0,176
2023-05-11 09:30:02,IO2403-P-3600,IO2403-P-3600,67.4,0.0,0.0,0.0,6,58.0,73.2,2,67.4,65.6,0.0,0.0,0.0,0.0,176
2023-05-11 09:30:04,IO2403-P-3600,IO2403-P-3600,67.4,0.0,0.0,0.0,6,58.0,67.8,1,67.4,65.6,0.0,0.0,0.0,0.0,176
2023-05-11 09:30:05,IO2403-P-3600,IO2403-P-3600,67.4,0.0,0.0,0.0,2,58.2,67.8,1,67.4,65.6,0.0,0.0,0.0,0.0,176
2023-05-11 09:30:05,IO2403-P-3600,IO2403-P-3600,67.4,0.0,0.0,0.0,1,63.2,67.8,1,67.4,65.6,0.0,0.0,0.0,0.0,176
2023-05-11 09:30:06,IO2403-P-3600,IO2403-P-3600,67.4,0.0,0.0,0.0,1,63.2,67.8,2,67.4,65.6,0.0,0.0,0.0,0.0,176
2023-05-11 09:30:13,IO2403-P-3600,IO2403-P-3600,67.4,0.0,0.0,0.0,1,63.2,67.8,1,67.4,65.6,0.0,0.0,0.0,0.0,176
2023-05-11 09:30:16,IO2403-P-3600,IO2403-P-3600,67.4,0.0,0.0,0.0,1,63.2,67.6,1,67.4,65.6,0.0,0.0,0.0,0.0,176
2023-05-11 09:30:17,IO2403-P-3600,IO2403-P-3600,67.4,0.0,0.0,0.0,1,63.2,68.0,1,67.4,65.6,0.0,0.0,0.0,0.0,176
2023-05-11 09:30:23,IO2403-P-3600,IO2403-P-3600,67.4,0.0,0.0,0.0,6,63.4,68.0,1,67.4,65.6,0.0,0.0,0.0,0.0,176
2023-05-11 09:30:27,IO2403-P-3600,IO2403-P-3600,67.4,0.0,0.0,0.0,6,63.4,67.8,1,67.4,65.6,0.0,0.0,0.0,0.0,176
2023-05-11 09:30:48,IO2403-P-3600,IO2403-P-3600,67.4,0.0,0.0,0.0,6,63.4,67.6,1,67.4,65.6,0.0,0.0,0.0,0.0,176
2023-05-11 09:30:49,IO2403-P-3600,IO2403-P-3600,67.4,0.0,0.0,0.0,6,63.4,67.8,1,67.4,65.6,0.0,0.0,0.0,0.0,176
2023-05-11 09:30:50,IO2403-P-3600,IO2403-P-3600,67.4,0.0,0.0,0.0,1,64.8,67.8,1,67.4,65.6,0.0,0.0,0.0,0.0,176
2023-05-11 09:30:50,IO2403-P-3600,IO2403-P-3600,67.4,0.0,0.0,0.0,7,64.8,67.8,1,67.4,65.6,0.0,0.0,0.0,0.0,176
2023-05-11 09:30:52,IO2403-P-3600,IO2403-P-3600,67.4,0.0,0.0,0.0,7,64.8,68.6,12,67.4,65.6,0.0,0.0,0.0,0.0,176
2023-05-11 09:30:52,IO2403-P-3600,IO2403-P-3600,67.4,0.0,0.0,0.0,7,64.8,68.6,1,67.4,65.6,0.0,0.0,0.0,0.0,176
2023-05-11 09:31:33,IO2403-P-3600,IO2403-P-3600,67.4,0.0,0.0,0.0,6,65.0,68.6,1,67.4,65.6,0.0,0.0,0.0,0.0,176
2023-05-11 09:32:15,IO2403-P-3600,IO2403-P-3600,67.4,0.0,0.0,0.0,6,65.0,68.4,6,67.4,65.6,0.0,0.0,0.0,0.0,176
2023-05-11 09:32:15,IO2403-P-3600,IO2403-P-3600,67.4,0.0,0.0,0.0,6,65.0,68.4,9,67.4,65.6,0.0,0.0,0.0,0.0,176
2023-05-11 09:32:17,IO2403-P-3600,IO2403-P-3600,67.4,0.0,0.0,0.0,6,65.0,68.2,1,67.4,65.6,0.0,0.0,0.0,0.0,176
2023-05-11 09:33:03,IO2403-P-3600,IO2403-P-3600,67.4,0.0,0.0,0.0,6,65.0,68.4,3,67.4,65.6,0.0,0.0,0.0,0.0,176
2023-05-11 09:33:04,IO2403-P-3600,IO2403-P-3600,67.4,0.0,0.0,0.0,6,65.0,68.6,18,67.4,65.6,0.0,0.0,0.0,0.0,176
2023-05-11 09:33:04,IO2403-P-3600,IO2403-P-3600,67.4,0.0,0.0,0.0,6,65.0,68.6,6,67.4,65.6,0.0,0.0,0.0,0.0,176
2023-05-11 09:33:05,IO2403-P-3600,IO2403-P-3600,67.4,0.0,0.0,0.0,9,65.0,68.6,9,67.4,65.6,0.0,0.0,0.0,0.0,176
2023-05-11 09:33:05,IO2403-P-3600,IO2403-P-3600,67.4,0.0,0.0,0.0,6,65.2,68.6,9,67.4,65.6,0.0,0.0,0.0,0.0,176
2023-05-11 09:33:06,IO2403-P-3600,IO2403-P-3600,67.4,0.0,0.0,0.0,9,65.2,68.6,9,67.4,65.6,0.0,0.0,0.0,0.0,176
2023-05-11 09:33:06,IO2403-P-3600,IO2403-P-3600,67.4,0.0,0.0,0.0,6,65.4,68.6,9,67.4,65.6,0.0,0.0,0.0,0.0,176
2023-05-11 09:33:07,IO2403-P-3600,IO2403-P-3600,67.4,0.0,0.0,0.0,9,65.4,68.6,9,67.4,65.6,0.0,0.0,0.0,0.0,176
2023-05-11 09:33:07,IO2403-P-3600,IO2403-P-3600,67.4,0.0,0.0,0.0,6,65.6,68.6,9,67.4,65.6,0.0,0.0,0.0,0.0,176
2023-05-11 09:33:08,IO2403-P-3600,IO2403-P-3600,67.4,0.0,0.0,0.0,9,65.6,68.6,3,67.4,65.6,0.0,0.0,0.0,0.0,176
2023-05-11 09:33:08,IO2403-P-3600,IO2403-P-3600,67.4,0.0,0.0,0.0,6,65.8,68.6,3,67.4,65.6,0.0,0.0,0.0,0.0,176
2023-05-11 09:33:09,IO2403-P-3600,IO2403-P-3600,67.4,0.0,0.0,0.0,6,65.8,68.8,1,67.4,65.6,0.0,0.0,0.0,0.0,176
2023-05-11 09:33:14,IO2403-P-3600,IO2403-P-3600,67.4,0.0,0.0,0.0,9,65.8,68.8,1,67.4,65.6,0.0,0.0,0.0,0.0,176
2023-05-11 09:33:15,IO2403-P-3600,IO2403-P-3600,67.4,0.0,0.0,0.0,6,66.0,68.8,1,67.4,65.6,0.0,0.0,0.0,0.0,176
2023-05-11 09:33:15,IO2403-P-3600,IO2403-P-3600,67.4,0.0,0.0,0.0,6,65.8,68.8,1,67.4,65.6,0.0,0.0,0.0,0.0,176
2023-05-11 09:33:20,IO2403-P-3600,IO2403-P-3600,67.4,0.0,0.0,0.0,9,65.8,68.8,1,67.4,65.6,0.0,0.0,0.0,0.0,176
2023-05-11 09:33:21,IO2403-P-3600,IO2403-P-3600,67.4,0.0,0.0,0.0,6,66.0,68.8,1,67.4,65.6,0.0,0.0,0.0,0.0,176
2023-05-11 09:33:21,IO2403-P-3600,IO2403-P-3600,67.4,0.0,0.0,0.0,6,65.8,68.8,1,67.4,65.6,0.0,0.0,0.0,0.0,176
2023-05-11 09:33:31,IO2403-P-3600,IO2403-P-3600,67.4,0.0,0.0,0.0,15,65.8,68.8,1,67.4,65.6,0.0,0.0,0.0,0.0,176
2023-05-11 09:33:31,IO2403-P-3600,IO2403-P-3600,67.4,0.0,0.0,0.0,6,66.0,68.8,1,67.4,65.6,0.0,0.0,0.0,0.0,176
2023-05-11 09:33:35,IO2403-P-3600,IO2403-P-3600,67.4,0.0,0.0,0.0,9,66.0,68.8,1,67.4,65.6,0.0,0.0,0.0,0.0,176
2023-05-11 09:33:35,IO2403-P-3600,IO2403-P-3600,67.4,0.0,0.0,0.0,6,66.2,68.8,1,67.4,65.6,0.0,0.0,0.0,0.0,176
2023-05-11 09:33:36,IO2403-P-3600,IO2403-P-3600,67.4,0.0,0.0,0.0,6,66.0,68.8,1,67.4,65.6,0.0,0.0,0.0,0.0,176
2023-05-11 09:33:39,IO2403-P-3600,IO2403-P-3600,67.4,0.0,0.0,0.0,9,66.0,68.8,1,67.4,65.6,0.0,0.0,0.0,0.0,176
2023-05-11 09:33:40,IO2403-P-3600,IO2403-P-3600,67.4,0.0,0.0,0.0,6,66.2,68.8,1,67.4,65.6,0.0,0.0,0.0,0.0,176
2023-05-11 09:33:43,IO2403-P-3600,IO2403-P-3600,67.4,0.0,0.0,0.0,9,66.0,68.8,1,67.4,65.6,0.0,0.0,0.0,0.0,176
2023-05-11 09:33:43,IO2403-P-3600,IO2403-P-3600,67.4,0.0,0.0,0.0,6,66.2,68.8,1,67.4,65.6,0.0,0.0,0.0,0.0,176
2023-05-11 09:33:44,IO2403-P-3600,IO2403-P-3600,67.4,0.0,0.0,0.0,6,66.0,68.8,1,67.4,65.6,0.0,0.0,0.0,0.0,176
2023-05-11 09:33:49,IO2403-P-3600,IO2403-P-3600,67.4,0.0,0.0,0.0,18,65.8,68.6,6,67.4,65.6,0.0,0.0,0.0,0.0,176
2023-05-11 09:33:49,IO2403-P-3600,IO2403-P-3600,67.4,0.0,0.0,0.0,12,65.8,67.8,1,67.4,65.6,0.0,0.0,0.0,0.0,176
2023-05-11 09:33:50,IO2403-P-3600,IO2403-P-3600,67.4,0.0,0.0,0.0,6,66.0,67.8,1,67.4,65.6,0.0,0.0,0.0,0.0,176
2023-05-11 09:33:55,IO2403-P-3600,IO2403-P-3600,67.4,0.0,0.0,0.0,6,66.0,67.8,7,67.4,65.6,0.0,0.0,0.0,0.0,176
2023-05-11 09:33:56,IO2403-P-3600,IO2403-P-3600,67.4,0.0,0.0,0.0,6,65.8,67.8,1,67.4,65.6,0.0,0.0,0.0,0.0,176
2023-05-11 09:34:16,IO2403-P-3600,IO2403-P-3600,67.4,0.0,0.0,0.0,6,65.6,67.8,1,67.4,65.6,0.0,0.0,0.0,0.0,176
2023-05-11 09:34:34,IO2403-P-3600,IO2403-P-3600,67.4,0.0,0.0,0.0,9,65.6,67.8,1,67.4,65.6,0.0,0.0,0.0,0.0,176
2023-05-11 09:34:35,IO2403-P-3600,IO2403-P-3600,67.4,0.0,0.0,0.0,6,65.8,67.8,1,67.4,65.6,0.0,0.0,0.0,0.0,176
2023-05-11 09:34:36,IO2403-P-3600,IO2403-P-3600,67.4,0.0,0.0,0.0,12,65.8,67.8,1,67.4,65.6,0.0,0.0,0.0,0.0,176
2023-05-11 09:34:36,IO2403-P-3600,IO2403-P-3600,67.4,0.0,0.0,0.0,6,66.0,67.8,1,67.4,65.6,0.0,0.0,0.0,0.0,176
2023-05-11 09:34:38,IO2403-P-3600,IO2403-P-3600,67.4,0.0,0.0,0.0,6,66.0,68.4,22,67.4,65.6,0.0,0.0,0.0,0.0,176
2023-05-11 09:34:38,IO2403-P-3600,IO2403-P-3600,67.4,0.0,0.0,0.0,6,66.0,68.4,7,67.4,65.6,0.0,0.0,0.0,0.0,176
2023-05-11 09:34:39,IO2403-P-3600,IO2403-P-3600,67.4,0.0,0.0,0.0,6,66.0,68.4,1,67.4,65.6,0.0,0.0,0.0,0.0,176
2023-05-11 09:34:50,IO2403-P-3600,IO2403-P-3600,67.4,0.0,0.0,0.0,6,66.0,68.4,4,67.4,65.6,0.0,0.0,0.0,0.0,176
2023-05-11 09:34:50,IO2403-P-3600,IO2403-P-3600,67.4,0.0,0.0,0.0,6,66.0,67.8,1,67.4,65.6,0.0,0.0,0.0,0.0,176
2023-05-11 09:35:01,IO2403-P-3600,IO2403-P-3600,67.4,0.0,0.0,0.0,6,66.0,68.4,1,67.4,65.6,0.0,0.0,0.0,0.0,176
2023-05-11 09:35:04,IO2403-P-3600,IO2403-P-3600,67.4,0.0,0.0,0.0,6,66.2,68.4,1,67.4,65.6,0.0,0.0,0.0,0.0,176
2023-05-11 09:35:12,IO2403-P-3600,IO2403-P-3600,67.4,0.0,0.0,0.0,6,66.2,68.4,4,67.4,65.6,0.0,0.0,0.0,0.0,176
2023-05-11 09:35:13,IO2403-P-3600,IO2403-P-3600,67.4,0.0,0.0,0.0,6,66.2,68.4,1,67.4,65.6,0.0,0.0,0.0,0.0,176
2023-05-11 09:35:17,IO2403-P-3600,IO2403-P-3600,67.4,0.0,0.0,0.0,6,66.2,68.4,4,67.4,65.6,0.0,0.0,0.0,0.0,176
2023-05-11 09:35:18,IO2403-P-3600,IO2403-P-3600,67.4,0.0,0.0,0.0,6,66.2,68.4,1,67.4,65.6,0.0,0.0,0.0,0.0,176
2023-05-11 09:35:19,IO2403-P-3600,IO2403-P-3600,67.4,0.0,0.0,0.0,12,66.0,68.2,6,67.4,65.6,0.0,0.0,0.0,0.0,176
2023-05-11 09:35:19,IO2403-P-3600,IO2403-P-3600,67.4,0.0,0.0,0.0,6,66.0,68.2,9,67.4,65.6,0.0,0.0,0.0,0.0,176
2023-05-11 09:35:21,IO2403-P-3600,IO2403-P-3600,67.4,0.0,0.0,0.0,6,66.0,68.4,1,67.4,65.6,0.0,0.0,0.0,0.0,176
2023-05-11 09:35:23,IO2403-P-3600,IO2403-P-3600,67.4,0.0,0.0,0.0,6,66.0,68.4,4,67.4,65.6,0.0,0.0,0.0,0.0,176
2023-05-11 09:35:24,IO2403-P-3600,IO2403-P-3600,67.4,0.0,0.0,0.0,6,66.0,68.4,1,67.4,65.6,0.0,0.0,0.0,0.0,176
2023-05-11 09:35:27,IO2403-P-3600,IO2403-P-3600,67.4,0.0,0.0,0.0,6,66.0,68.4,4,67.4,65.6,0.0,0.0,0.0,0.0,176
2023-05-11 09:35:28,IO2403-P-3600,IO2403-P-3600,67.4,0.0,0.0,0.0,6,66.0,68.4,1,67.4,65.6,0.0,0.0,0.0,0.0,176
2023-05-11 09:35:29,IO2403-P-3600,IO2403-P-3600,67.4,0.0,0.0,0.0,6,66.0,68.4,4,67.4,65.6,0.0,0.0,0.0,0.0,176
2023-05-11 09:35:30,IO2403-P-3600,IO2403-P-3600,67.4,0.0,0.0,0.0,6,66.0,68.4,1,67.4,65.6,0.0,0.0,0.0,0.0,176
2023-05-11 09:35:32,IO2403-P-3600,IO2403-P-3600,67.4,0.0,0.0,0.0,6,66.0,68.4,4,67.4,65.6,0.0,0.0,0.0,0.0,176
2023-05-11 09:35:32,IO2403-P-3600,IO2403-P-3600,67.4,0.0,0.0,0.0,6,66.0,68.4,1,67.4,65.6,0.0,0.0,0.0,0.0,176
2023-05-11 09:35:57,IO2403-P-3600,IO2403-P-3600,67.4,0.0,0.0,0.0,6,66.0,68.4,4,67.4,65.6,0.0,0.0,0.0,0.0,176
2023-05-11 09:35:58,IO2403-P-3600,IO2403-P-3600,67.4,0.0,0.0,0.0,6,66.0,68.4,1,67.4,65.6,0.0,0.0,0.0,0.0,176
2023-05-11 09:36:00,IO2403-P-3600,IO2403-P-3600,67.4,0.0,0.0,0.0,6,66.0,68.4,4,67.4,65.6,0.0,0.0,0.0,0.0,176
2023-05-11 09:36:02,IO2403-P-3600,IO2403-P-3600,67.4,0.0,0.0,0.0,6,66.0,68.4,1,67.4,65.6,0.0,0.0,0.0,0.0,176
2023-05-11 09:36:12,IO2403-P-3600,IO2403-P-3600,67.4,0.0,0.0,0.0,6,66.0,68.4,4,67.4,65.6,0.0,0.0,0.0,0.0,176
2023-05-11 09:36:14,IO2403-P-3600,IO2403-P-3600,67.4,0.0,0.0,0.0,6,66.0,68.4,1,67.4,65.6,0.0,0.0,0.0,0.0,176
2023-05-11 09:36:15,IO2403-P-3600,IO2403-P-3600,67.4,0.0,0.0,0.0,6,66.0,68.4,4,67.4,65.6,0.0,0.0,0.0,0.0,176
2023-05-11 09:36:17,IO2403-P-3600,IO2403-P-3600,67.4,0.0,0.0,0.0,12,66.0,68.4,1,67.4,65.6,0.0,0.0,0.0,0.0,176
2023-05-11 09:36:17,IO2403-P-3600,IO2403-P-3600,67.4,0.0,0.0,0.0,6,66.2,68.4,1,67.4,65.6,0.0,0.0,0.0,0.0,176
2023-05-11 09:36:20,IO2403-P-3600,IO2403-P-3600,67.4,0.0,0.0,0.0,6,66.2,68.4,4,67.4,65.6,0.0,0.0,0.0,0.0,176
2023-05-11 09:36:21,IO2403-P-3600,IO2403-P-3600,67.4,0.0,0.0,0.0,6,66.2,68.4,1,67.4,65.6,0.0,0.0,0.0,0.0,176
2023-05-11 09:36:22,IO2403-P-3600,IO2403-P-3600,67.4,0.0,0.0,0.0,6,66.2,68.4,4,67.4,65.6,0.0,0.0,0.0,0.0,176
2023-05-11 09:36:24,IO2403-P-3600,IO2403-P-3600,67.4,0.0,0.0,0.0,6,66.2,68.4,1,67.4,65.6,0.0,0.0,0.0,0.0,176
2023-05-11 09:36:26,IO2403-P-3600,IO2403-P-3600,67.4,0.0,0.0,0.0,6,66.2,68.4,4,67.4,65.6,0.0,0.0,0.0,0.0,176
2023-05-11 09:36:31,IO2403-P-3600,IO2403-P-3600,67.4,0.0,0.0,0.0,6,66.2,68.4,1,67.4,65.6,0.0,0.0,0.0,0.0,176
2023-05-11 09:36:33,IO2403-P-3600,IO2403-P-3600,67.4,0.0,0.0,0.0,6,66.2,68.4,4,67.4,65.6,0.0,0.0,0.0,0.0,176
2023-05-11 09:36:36,IO2403-P-3600,IO2403-P-3600,67.4,0.0,0.0,0.0,6,66.2,68.4,1,67.4,65.6,0.0,0.0,0.0,0.0,176
2023-05-11 09:36:38,IO2403-P-3600,IO2403-P-3600,67.4,0.0,0.0,0.0,6,66.2,68.4,4,67.4,65.6,0.0,0.0,0.0,0.0,176
2023-05-11 09:36:39,IO2403-P-3600,IO2403-P-3600,67.4,0.0,0.0,0.0,6,66.2,68.4,1,67.4,65.6,0.0,0.0,0.0,0.0,176
2023-05-11 09:36:40,IO2403-P-3600,IO2403-P-3600,67.4,0.0,0.0,0.0,6,66.2,68.4,4,67.4,65.6,0.0,0.0,0.0,0.0,176
2023-05-11 09:36:42,IO2403-P-3600,IO2403-P-3600,67.4,0.0,0.0,0.0,6,66.2,68.4,1,67.4,65.6,0.0,0.0,0.0,0.0,176
2023-05-11 09:36:46,IO2403-P-3600,IO2403-P-3600,67.4,0.0,0.0,0.0,6,66.2,68.4,4,67.4,65.6,0.0,0.0,0.0,0.0,176
2023-05-11 09:36:48,IO2403-P-3600,IO2403-P-3600,67.4,0.0,0.0,0.0,6,66.2,68.4,1,67.4,65.6,0.0,0.0,0.0,0.0,176
2023-05-11 09:36:49,IO2403-P-3600,IO2403-P-3600,67.4,0.0,0.0,0.0,6,66.2,68.4,4,67.4,65.6,0.0,0.0,0.0,0.0,176
2023-05-11 09:36:50,IO2403-P-3600,IO2403-P-3600,67.4,0.0,0.0,0.0,6,66.2,68.4,1,67.4,65.6,0.0,0.0,0.0,0.0,176
2023-05-11 09:36:51,IO2403-P-3600,IO2403-P-3600,67.4,0.0,0.0,0.0,6,66.2,68.4,4,67.4,65.6,0.0,0.0,0.0,0.0,176
2023-05-11 09:36:53,IO2403-P-3600,IO2403-P-3600,67.4,0.0,0.0,0.0,6,66.2,68.4,1,67.4,65.6,0.0,0.0,0.0,0.0,176
2023-05-11 09:36:55,IO2403-P-3600,IO2403-P-3600,67.4,0.0,0.0,0.0,6,66.2,68.4,4,67.4,65.6,0.0,0.0,0.0,0.0,176
2023-05-11 09:36:56,IO2403-P-3600,IO2403-P-3600,67.4,0.0,0.0,0.0,6,66.2,68.4,1,67.4,65.6,0.0,0.0,0.0,0.0,176
2023-05-11 09:36:57,IO2403-P-3600,IO2403-P-3600,67.4,0.0,0.0,0.0,6,66.2,68.4,4,67.4,65.6,0.0,0.0,0.0,0.0,176
2023-05-11 09:36:57,IO2403-P-3600,IO2403-P-3600,67.4,0.0,0.0,0.0,6,66.2,68.4,1,67.4,65.6,0.0,0.0,0.0,0.0,176
2023-05-11 09:36:58,IO2403-P-3600,IO2403-P-3600,67.4,0.0,0.0,0.0,6,66.2,68.4,4,67.4,65.6,0.0,0.0,0.0,0.0,176
2023-05-11 09:36:59,IO2403-P-3600,IO2403-P-3600,67.4,0.0,0.0,0.0,6,66.2,68.4,1,67.4,65.6,0.0,0.0,0.0,0.0,176
2023-05-11 09:37:00,IO2403-P-3600,IO2403-P-3600,67.4,0.0,0.0,0.0,6,66.2,68.4,4,67.4,65.6,0.0,0.0,0.0,0.0,176
2023-05-11 09:37:01,IO2403-P-3600,IO2403-P-3600,67.4,0.0,0.0,0.0,6,66.2,68.4,3,67.4,65.6,0.0,0.0,0.0,0.0,176
2023-05-11 09:37:02,IO2403-P-3600,IO2403-P-3600,67.4,0.0,0.0,0.0,6,66.2,69.0,25,67.4,65.6,0.0,0.0,0.0,0.0,176
2023-05-11 09:37:02,IO2403-P-3600,IO2403-P-3600,67.4,0.0,0.0,0.0,6,66.2,69.0,7,67.4,65.6,0.0,0.0,0.0,0.0,176
2023-05-11 09:37:03,IO2403-P-3600,IO2403-P-3600,67.4,0.0,0.0,0.0,6,66.2,68.8,3,67.4,65.6,0.0,0.0,0.0,0.0,176
2023-05-11 09:37:04,IO2403-P-3600,IO2403-P-3600,67.4,0.0,0.0,0.0,6,66.2,69.0,1,67.4,65.6,0.0,0.0,0.0,0.0,176
2023-05-11 09:37:05,IO2403-P-3600,IO2403-P-3600,67.4,0.0,0.0,0.0,9,66.2,69.0,1,67.4,65.6,0.0,0.0,0.0,0.0,176
2023-05-11 09:37:05,IO2403-P-3600,IO2403-P-3600,67.4,0.0,0.0,0.0,6,66.4,69.0,1,67.4,65.6,0.0,0.0,0.0,0.0,176
2023-05-11 09:37:07,IO2403-P-3600,IO2403-P-3600,67.4,0.0,0.0,0.0,6,66.2,69.0,1,67.4,65.6,0.0,0.0,0.0,0.0,176
2023-05-11 09:37:08,IO2403-P-3600,IO2403-P-3600,67.4,0.0,0.0,0.0,9,66.2,69.0,1,67.4,65.6,0.0,0.0,0.0,0.0,176
2023-05-11 09:37:09,IO2403-P-3600,IO2403-P-3600,67.4,0.0,0.0,0.0,6,66.4,69.0,1,67.4,65.6,0.0,0.0,0.0,0.0,176
2023-05-11 09:37:10,IO2403-P-3600,IO2403-P-3600,67.4,0.0,0.0,0.0,6,66.2,69.0,1,67.4,65.6,0.0,0.0,0.0,0.0,176
2023-05-11 09:37:12,IO2403-P-3600,IO2403-P-3600,67.4,0.0,0.0,0.0,9,66.2,69.0,1,67.4,65.6,0.0,0.0,0.0,0.0,176
2023-05-11 09:37:12,IO2403-P-3600,IO2403-P-3600,67.4,0.0,0.0,0.0,6,66.4,69.0,1,67.4,65.6,0.0,0.0,0.0,0.0,176
2023-05-11 09:37:14,IO2403-P-3600,IO2403-P-3600,67.4,0.0,0.0,0.0,9,66.2,69.0,1,67.4,65.6,0.0,0.0,0.0,0.0,176
2023-05-11 09:37:14,IO2403-P-3600,IO2403-P-3600,67.4,0.0,0.0,0.0,6,66.4,69.0,1,67.4,65.6,0.0,0.0,0.0,0.0,176
2023-05-11 09:37:18,IO2403-P-3600,IO2403-P-3600,67.4,0.0,0.0,0.0,12,66.4,69.0,4,67.4,65.6,0.0,0.0,0.0,0.0,176
2023-05-11 09:37:18,IO2403-P-3600,IO2403-P-3600,67.4,0.0,0.0,0.0,6,66.6,69.0,4,67.4,65.6,0.0,0.0,0.0,0.0,176
2023-05-11 09:37:19,IO2403-P-3600,IO2403-P-3600,67.4,0.0,0.0,0.0,12,66.6,69.0,4,67.4,65.6,0.0,0.0,0.0,0.0,176
2023-05-11 09:37:19,IO2403-P-3600,IO2403-P-3600,67.4,0.0,0.0,0.0,6,66.8,69.0,4,67.4,65.6,0.0,0.0,0.0,0.0,176
2023-05-11 09:37:20,IO2403-P-3600,IO2403-P-3600,67.4,0.0,0.0,0.0,6,66.8,69.0,1,67.4,65.6,0.0,0.0,0.0,0.0,176
2023-05-11 09:37:22,IO2403-P-3600,IO2403-P-3600,67.4,0.0,0.0,0.0,6,66.8,69.0,7,67.4,65.6,0.0,0.0,0.0,0.0,176
2023-05-11 09:37:23,IO2403-P-3600,IO2403-P-3600,67.4,0.0,0.0,0.0,42,66.4,69.0,10,67.4,65.6,0.0,0.0,0.0,0.0,176
2023-05-11 09:37:23,IO2403-P-3600,IO2403-P-3600,67.4,0.0,0.0,0.0,6,66.6,68.8,6,67.4,65.6,0.0,0.0,0.0,0.0,176
2023-05-11 09:37:24,IO2403-P-3600,IO2403-P-3600,67.4,0.0,0.0,0.0,6,66.6,68.6,3,67.4,65.6,0.0,0.0,0.0,0.0,176
2023-05-11 09:37:25,IO2403-P-3600,IO2403-P-3600,67.4,0.0,0.0,0.0,6,66.4,69.0,12,67.4,65.6,0.0,0.0,0.0,0.0,176
2023-05-11 09:37:25,IO2403-P-3600,IO2403-P-3600,67.4,0.0,0.0,0.0,6,66.4,69.2,6,67.4,65.6,0.0,0.0,0.0,0.0,176
2023-05-11 09:37:26,IO2403-P-3600,IO2403-P-3600,67.4,0.0,0.0,0.0,6,66.4,68.8,3,67.4,65.6,0.0,0.0,0.0,0.0,176
2023-05-11 09:37:26,IO2403-P-3600,IO2403-P-3600,67.4,0.0,0.0,0.0,6,66.4,69.4,30,67.4,65.6,0.0,0.0,0.0,0.0,176
2023-05-11 09:37:27,IO2403-P-3600,IO2403-P-3600,67.4,0.0,0.0,0.0,6,66.4,69.4,24,67.4,65.6,0.0,0.0,0.0,0.0,176
2023-05-11 09:37:27,IO2403-P-3600,IO2403-P-3600,67.4,0.0,0.0,0.0,6,66.4,69.4,21,67.4,65.6,0.0,0.0,0.0,0.0,176
2023-05-11 09:37:28,IO2403-P-3600,IO2403-P-3600,67.4,0.0,0.0,0.0,6,66.4,69.4,15,67.4,65.6,0.0,0.0,0.0,0.0,176
2023-05-11 09:37:29,IO2403-P-3600,IO2403-P-3600,67.4,0.0,0.0,0.0,9,66.4,69.4,10,67.4,65.6,0.0,0.0,0.0,0.0,176
2023-05-11 09:37:29,IO2403-P-3600,IO2403-P-3600,67.4,0.0,0.0,0.0,6,66.6,69.4,4,67.4,65.6,0.0,0.0,0.0,0.0,176
2023-05-11 09:37:30,IO2403-P-3600,IO2403-P-3600,67.4,0.0,0.0,0.0,6,66.4,69.4,1,67.4,65.6,0.0,0.0,0.0,0.0,176
2023-05-11 09:37:31,IO2403-P-3600,IO2403-P-3600,67.4,0.0,0.0,0.0,6,66.4,68.8,1,67.4,65.6,0.0,0.0,0.0,0.0,176
2023-05-11 09:37:35,IO2403-P-3600,IO2403-P-3600,67.4,0.0,0.0,0.0,6,66.4,68.8,4,67.4,65.6,0.0,0.0,0.0,0.0,176
2023-05-11 09:37:37,IO2403-P-3600,IO2403-P-3600,67.4,0.0,0.0,0.0,6,66.4,68.8,1,67.4,65.6,0.0,0.0,0.0,0.0,176
2023-05-11 09:37:38,IO2403-P-3600,IO2403-P-3600,67.4,0.0,0.0,0.0,6,66.4,68.8,4,67.4,65.6,0.0,0.0,0.0,0.0,176
2023-05-11 09:37:42,IO2403-P-3600,IO2403-P-3600,67.4,0.0,0.0,0.0,6,66.4,68.8,1,67.4,65.6,0.0,0.0,0.0,0.0,176
2023-05-11 09:37:49,IO2403-P-3600,IO2403-P-3600,67.4,0.0,0.0,0.0,6,66.4,68.8,4,67.4,65.6,0.0,0.0,0.0,0.0,176
2023-05-11 09:37:50,IO2403-P-3600,IO2403-P-3600,67.4,0.0,0.0,0.0,6,66.4,68.8,1,67.4,65.6,0.0,0.0,0.0,0.0,176
2023-05-11 09:38:05,IO2403-P-3600,IO2403-P-3600,67.4,0.0,0.0,0.0,6,66.4,68.6,6,67.4,65.6,0.0,0.0,0.0,0.0,176
2023-05-11 09:38:05,IO2403-P-3600,IO2403-P-3600,67.4,0.0,0.0,0.0,6,66.2,68.6,3,67.4,65.6,0.0,0.0,0.0,0.0,176
2023-05-11 09:38:06,IO2403-P-3600,IO2403-P-3600,67.4,0.0,0.0,0.0,6,66.2,68.8,7,67.4,65.6,0.0,0.0,0.0,0.0,176
2023-05-11 09:38:07,IO2403-P-3600,IO2403-P-3600,67.4,0.0,0.0,0.0,6,66.2,68.8,10,67.4,65.6,0.0,0.0,0.0,0.0,176
2023-05-11 09:38:07,IO2403-P-3600,IO2403-P-3600,67.4,0.0,0.0,0.0,6,66.2,68.6,6,67.4,65.6,0.0,0.0,0.0,0.0,176
2023-05-11 09:38:08,IO2403-P-3600,IO2403-P-3600,67.4,0.0,0.0,0.0,6,66.2,68.6,9,67.4,65.6,0.0,0.0,0.0,0.0,176
2023-05-11 09:38:16,IO2403-P-3600,IO2403-P-3600,67.4,0.0,0.0,0.0,6,66.2,68.6,3,67.4,65.6,0.0,0.0,0.0,0.0,176
2023-05-11 09:38:17,IO2403-P-3600,IO2403-P-3600,67.4,0.0,0.0,0.0,6,66.2,68.8,7,67.4,65.6,0.0,0.0,0.0,0.0,176
2023-05-11 09:38:18,IO2403-P-3600,IO2403-P-3600,67.4,0.0,0.0,0.0,6,66.2,68.8,10,67.4,65.6,0.0,0.0,0.0,0.0,176
2023-05-11 09:38:28,IO2403-P-3600,IO2403-P-3600,67.4,0.0,0.0,0.0,6,66.2,68.8,4,67.4,65.6,0.0,0.0,0.0,0.0,176
2023-05-11 09:38:28,IO2403-P-3600,IO2403-P-3600,67.4,0.0,0.0,0.0,6,66.2,68.8,1,67.4,65.6,0.0,0.0,0.0,0.0,176
2023-05-11 09:38:29,IO2403-P-3600,IO2403-P-3600,67.4,0.0,0.0,0.0,6,66.2,68.8,7,67.4,65.6,0.0,0.0,0.0,0.0,176
2023-05-11 09:38:29,IO2403-P-3600,IO2403-P-3600,67.4,0.0,0.0,0.0,6,66.2,68.8,10,67.4,65.6,0.0,0.0,0.0,0.0,176
2023-05-11 09:38:31,IO2403-P-3600,IO2403-P-3600,67.4,0.0,0.0,0.0,6,66.2,68.8,11,67.4,65.6,0.0,0.0,0.0,0.0,176
2023-05-11 09:38:36,IO2403-P-3600,IO2403-P-3600,67.4,0.0,0.0,0.0,24,66.0,68.6,6,67.4,65.6,0.0,0.0,0.0,0.0,176
2023-05-11 09:38:36,IO2403-P-3600,IO2403-P-3600,67.4,0.0,0.0,0.0,12,66.0,68.6,9,67.4,65.6,0.0,0.0,0.0,0.0,176
2023-05-11 09:38:37,IO2403-P-3600,IO2403-P-3600,67.4,0.0,0.0,0.0,6,66.2,68.4,6,67.4,65.6,0.0,0.0,0.0,0.0,176
2023-05-11 09:38:37,IO2403-P-3600,IO2403-P-3600,67.4,0.0,0.0,0.0,6,66.0,68.4,3,67.4,65.6,0.0,0.0,0.0,0.0,176
2023-05-11 09:38:38,IO2403-P-3600,IO2403-P-3600,67.4,0.0,0.0,0.0,6,66.0,68.4,4,67.4,65.6,0.0,0.0,0.0,0.0,176
2023-05-11 09:38:39,IO2403-P-3600,IO2403-P-3600,67.4,0.0,0.0,0.0,6,66.0,68.4,1,67.4,65.6,0.0,0.0,0.0,0.0,176
2023-05-11 09:38:41,IO2403-P-3600,IO2403-P-3600,67.4,0.0,0.0,0.0,6,65.8,68.4,1,67.4,65.6,0.0,0.0,0.0,0.0,176
2023-05-11 09:38:45,IO2403-P-3600,IO2403-P-3600,67.4,0.0,0.0,0.0,6,65.8,68.4,7,67.4,65.6,0.0,0.0,0.0,0.0,176
2023-05-11 09:38:45,IO2403-P-3600,IO2403-P-3600,67.4,0.0,0.0,0.0,6,65.8,68.4,10,67.4,65.6,0.0,0.0,0.0,0.0,176
2023-05-11 09:38:53,IO2403-P-3600,IO2403-P-3600,67.4,0.0,0.0,0.0,42,65.6,68.2,6,67.4,65.6,0.0,0.0,0.0,0.0,176
2023-05-11 09:38:53,IO2403-P-3600,IO2403-P-3600,67.4,0.0,0.0,0.0,18,65.6,68.2,9,67.4,65.6,0.0,0.0,0.0,0.0,176
2023-05-11 09:38:54,IO2403-P-3600,IO2403-P-3600,67.4,0.0,0.0,0.0,6,65.8,68.0,6,67.4,65.6,0.0,0.0,0.0,0.0,176
2023-05-11 09:38:54,IO2403-P-3600,IO2403-P-3600,67.4,0.0,0.0,0.0,6,65.8,68.0,9,67.4,65.6,0.0,0.0,0.0,0.0,176
2023-05-11 09:38:58,IO2403-P-3600,IO2403-P-3600,67.4,0.0,0.0,0.0,18,65.6,67.8,6,67.4,65.6,0.0,0.0,0.0,0.0,176
2023-05-11 09:38:59,IO2403-P-3600,IO2403-P-3600,67.4,0.0,0.0,0.0,18,65.6,67.6,3,67.4,65.6,0.0,0.0,0.0,0.0,176
2023-05-11 09:38:59,IO2403-P-3600,IO2403-P-3600,67.4,0.0,0.0,0.0,6,65.8,67.6,9,67.4,65.6,0.0,0.0,0.0,0.0,176
2023-05-11 09:39:00,IO2403-P-3600,IO2403-P-3600,67.4,0.0,0.0,0.0,6,65.8,67.6,6,67.4,65.6,0.0,0.0,0.0,0.0,176
2023-05-11 09:39:00,IO2403-P-3600,IO2403-P-3600,67.4,0.0,0.0,0.0,12,65.6,68.2,6,67.4,65.6,0.0,0.0,0.0,0.0,176
2023-05-11 09:39:01,IO2403-P-3600,IO2403-P-3600,67.4,0.0,0.0,0.0,6,65.6,68.2,9,67.4,65.6,0.0,0.0,0.0,0.0,176
2023-05-11 09:39:01,IO2403-P-3600,IO2403-P-3600,67.4,0.0,0.0,0.0,6,65.6,68.0,6,67.4,65.6,0.0,0.0,0.0,0.0,176
2023-05-11 09:39:02,IO2403-P-3600,IO2403-P-3600,67.4,0.0,0.0,0.0,6,65.6,68.0,9,67.4,65.6,0.0,0.0,0.0,0.0,176
2023-05-11 09:39:02,IO2403-P-3600,IO2403-P-3600,67.4,0.0,0.0,0.0,12,65.6,67.8,6,67.4,65.6,0.0,0.0,0.0,0.0,176
2023-05-11 09:39:03,IO2403-P-3600,IO2403-P-3600,67.4,0.0,0.0,0.0,12,65.6,67.8,9,67.4,65.6,0.0,0.0,0.0,0.0,176
2023-05-11 09:39:03,IO2403-P-3600,IO2403-P-3600,67.4,0.0,0.0,0.0,6,65.8,67.6,6,67.4,65.6,0.0,0.0,0.0,0.0,176
2023-05-11 09:39:04,IO2403-P-3600,IO2403-P-3600,67.4,0.0,0.0,0.0,6,65.8,67.6,9,67.4,65.6,0.0,0.0,0.0,0.0,176
2023-05-11 09:39:07,IO2403-P-3600,IO2403-P-3600,67.4,0.0,0.0,0.0,6,65.8,67.6,6,67.4,65.6,0.0,0.0,0.0,0.0,176
2023-05-11 09:39:07,IO2403-P-3600,IO2403-P-3600,67.4,0.0,0.0,0.0,6,65.6,68.2,6,67.4,65.6,0.0,0.0,0.0,0.0,176
2023-05-11 09:39:08,IO2403-P-3600,IO2403-P-3600,67.4,0.0,0.0,0.0,6,65.6,68.2,9,67.4,65.6,0.0,0.0,0.0,0.0,176
2023-05-11 09:39:08,IO2403-P-3600,IO2403-P-3600,67.4,0.0,0.0,0.0,6,65.6,68.0,6,67.4,65.6,0.0,0.0,0.0,0.0,176
2023-05-11 09:39:09,IO2403-P-3600,IO2403-P-3600,67.4,0.0,0.0,0.0,6,65.6,68.0,9,67.4,65.6,0.0,0.0,0.0,0.0,176
2023-05-11 09:39:09,IO2403-P-3600,IO2403-P-3600,67.4,0.0,0.0,0.0,12,65.6,67.8,6,67.4,65.6,0.0,0.0,0.0,0.0,176
2023-05-11 09:39:10,IO2403-P-3600,IO2403-P-3600,67.4,0.0,0.0,0.0,12,65.6,67.8,9,67.4,65.6,0.0,0.0,0.0,0.0,176
2023-05-11 09:39:10,IO2403-P-3600,IO2403-P-3600,67.4,0.0,0.0,0.0,6,65.8,67.6,6,67.4,65.6,0.0,0.0,0.0,0.0,176
2023-05-11 09:39:11,IO2403-P-3600,IO2403-P-3600,67.4,0.0,0.0,0.0,6,65.8,67.6,9,67.4,65.6,0.0,0.0,0.0,0.0,176
2023-05-11 09:39:12,IO2403-P-3600,IO2403-P-3600,67.4,0.0,0.0,0.0,6,65.8,68.0,6,67.4,65.6,0.0,0.0,0.0,0.0,176
2023-05-11 09:39:12,IO2403-P-3600,IO2403-P-3600,67.4,0.0,0.0,0.0,12,65.6,68.2,6,67.4,65.6,0.0,0.0,0.0,0.0,176
2023-05-11 09:39:13,IO2403-P-3600,IO2403-P-3600,67.4,0.0,0.0,0.0,12,65.6,68.2,9,67.4,65.6,0.0,0.0,0.0,0.0,176
2023-05-11 09:39:13,IO2403-P-3600,IO2403-P-3600,67.4,0.0,0.0,0.0,6,65.8,68.0,6,67.4,65.6,0.0,0.0,0.0,0.0,176
2023-05-11 09:39:14,IO2403-P-3600,IO2403-P-3600,67.4,0.0,0.0,0.0,6,65.8,67.8,3,67.4,65.6,0.0,0.0,0.0,0.0,176
2023-05-11 09:39:19,IO2403-P-3600,IO2403-P-3600,67.4,0.0,0.0,0.0,6,65.8,68.2,1,67.4,65.6,0.0,0.0,0.0,0.0,176
2023-05-11 09:39:26,IO2403-P-3600,IO2403-P-3600,67.4,0.0,0.0,0.0,6,65.8,68.0,6,67.4,65.6,0.0,0.0,0.0,0.0,176
2023-05-11 09:39:26,IO2403-P-3600,IO2403-P-3600,67.4,0.0,0.0,0.0,6,65.8,67.8,3,67.4,65.6,0.0,0.0,0.0,0.0,176
2023-05-11 09:39:40,IO2403-P-3600,IO2403-P-3600,67.4,0.0,0.0,0.0,6,65.8,68.0,7,67.4,65.6,0.0,0.0,0.0,0.0,176
2023-05-11 09:39:41,IO2403-P-3600,IO2403-P-3600,67.4,0.0,0.0,0.0,6,65.8,67.8,3,67.4,65.6,0.0,0.0,0.0,0.0,176
2023-05-11 09:39:45,IO2403-P-3600,IO2403-P-3600,67.4,0.0,0.0,0.0,6,65.8,67.6,6,67.4,65.6,0.0,0.0,0.0,0.0,176
2023-05-11 09:39:46,IO2403-P-3600,IO2403-P-3600,67.4,0.0,0.0,0.0,12,65.6,67.8,6,67.4,65.6,0.0,0.0,0.0,0.0,176
2023-05-11 09:39:46,IO2403-P-3600,IO2403-P-3600,67.4,0.0,0.0,0.0,12,65.6,67.6,3,67.4,65.6,0.0,0.0,0.0,0.0,176
2023-05-11 09:39:47,IO2403-P-3600,IO2403-P-3600,67.4,0.0,0.0,0.0,6,65.8,67.6,9,67.4,65.6,0.0,0.0,0.0,0.0,176
2023-05-11 09:39:51,IO2403-P-3600,IO2403-P-3600,67.4,0.0,0.0,0.0,6,65.8,67.6,6,67.4,65.6,0.0,0.0,0.0,0.0,176
2023-05-11 09:39:52,IO2403-P-3600,IO2403-P-3600,67.4,0.0,0.0,0.0,12,65.6,67.8,6,67.4,65.6,0.0,0.0,0.0,0.0,176
2023-05-11 09:39:52,IO2403-P-3600,IO2403-P-3600,67.4,0.0,0.0,0.0,12,65.6,67.8,9,67.4,65.6,0.0,0.0,0.0,0.0,176
2023-05-11 09:39:53,IO2403-P-3600,IO2403-P-3600,67.4,0.0,0.0,0.0,6,65.8,67.6,6,67.4,65.6,0.0,0.0,0.0,0.0,176
2023-05-11 09:39:53,IO2403-P-3600,IO2403-P-3600,67.4,0.0,0.0,0.0,12,65.6,67.8,6,67.4,65.6,0.0,0.0,0.0,0.0,176
2023-05-11 09:39:54,IO2403-P-3600,IO2403-P-3600,67.4,0.0,0.0,0.0,12,65.6,67.6,3,67.4,65.6,0.0,0.0,0.0,0.0,176
2023-05-11 09:39:54,IO2403-P-3600,IO2403-P-3600,67.4,0.0,0.0,0.0,6,65.8,67.6,6,67.4,65.6,0.0,0.0,0.0,0.0,176
2023-05-11 09:39:55,IO2403-P-3600,IO2403-P-3600,67.4,0.0,0.0,0.0,12,65.6,67.8,6,67.4,65.6,0.0,0.0,0.0,0.0,176
2023-05-11 09:39:55,IO2403-P-3600,IO2403-P-3600,67.4,0.0,0.0,0.0,12,65.6,67.8,9,67.4,65.6,0.0,0.0,0.0,0.0,176
2023-05-11 09:39:56,IO2403-P-3600,IO2403-P-3600,67.4,0.0,0.0,0.0,6,65.8,67.6,6,67.4,65.6,0.0,0.0,0.0,0.0,176
2023-05-11 09:39:56,IO2403-P-3600,IO2403-P-3600,67.4,0.0,0.0,0.0,6,65.8,67.6,9,67.4,65.6,0.0,0.0,0.0,0.0,176
2023-05-11 09:40:04,IO2403-P-3600,IO2403-P-3600,67.4,0.0,0.0,0.0,6,65.8,67.6,6,67.4,65.6,0.0,0.0,0.0,0.0,176
2023-05-11 09:40:05,IO2403-P-3600,IO2403-P-3600,67.4,0.0,0.0,0.0,12,65.6,67.8,6,67.4,65.6,0.0,0.0,0.0,0.0,176
2023-05-11 09:40:05,IO2403-P-3600,IO2403-P-3600,67.4,0.0,0.0,0.0,12,65.6,67.8,9,67.4,65.6,0.0,0.0,0.0,0.0,176
2023-05-11 09:40:06,IO2403-P-3600,IO2403-P-3600,67.4,0.0,0.0,0.0,6,65.8,67.6,6,67.4,65.6,0.0,0.0,0.0,0.0,176
2023-05-11 09:40:06,IO2403-P-3600,IO2403-P-3600,67.4,0.0,0.0,0.0,6,65.8,67.6,9,67.4,65.6,0.0,0.0,0.0,0.0,176
2023-05-11 09:40:13,IO2403-P-3600,IO2403-P-3600,67.4,0.0,0.0,0.0,6,65.8,67.6,6,67.4,65.6,0.0,0.0,0.0,0.0,176
2023-05-11 09:40:14,IO2403-P-3600,IO2403-P-3600,67.4,0.0,0.0,0.0,12,65.6,67.8,6,67.4,65.6,0.0,0.0,0.0,0.0,176
2023-05-11 09:40:14,IO2403-P-3600,IO2403-P-3600,67.4,0.0,0.0,0.0,12,65.6,67.6,3,67.4,65.6,0.0,0.0,0.0,0.0,176
2023-05-11 09:40:15,IO2403-P-3600,IO2403-P-3600,67.4,0.0,0.0,0.0,6,65.8,67.6,9,67.4,65.6,0.0,0.0,0.0,0.0,176
2023-05-11 09:40:18,IO2403-P-3600,IO2403-P-3600,67.4,0.0,0.0,0.0,6,65.8,67.6,6,67.4,65.6,0.0,0.0,0.0,0.0,176
2023-05-11 09:40:18,IO2403-P-3600,IO2403-P-3600,67.4,0.0,0.0,0.0,12,65.6,67.8,6,67.4,65.6,0.0,0.0,0.0,0.0,176
2023-05-11 09:40:19,IO2403-P-3600,IO2403-P-3600,67.4,0.0,0.0,0.0,12,65.6,67.8,9,67.4,65.6,0.0,0.0,0.0,0.0,176
2023-05-11 09:40:19,IO2403-P-3600,IO2403-P-3600,67.4,0.0,0.0,0.0,6,65.8,67.6,6,67.4,65.6,0.0,0.0,0.0,0.0,176
2023-05-11 09:40:20,IO2403-P-3600,IO2403-P-3600,67.4,0.0,0.0,0.0,12,65.6,67.8,6,67.4,65.6,0.0,0.0,0.0,0.0,176
2023-05-11 09:40:20,IO2403-P-3600,IO2403-P-3600,67.4,0.0,0.0,0.0,12,65.6,67.8,9,67.4,65.6,0.0,0.0,0.0,0.0,176
2023-05-11 09:40:21,IO2403-P-3600,IO2403-P-3600,67.4,0.0,0.0,0.0,6,65.8,67.6,6,67.4,65.6,0.0,0.0,0.0,0.0,176
2023-05-11 09:40:21,IO2403-P-3600,IO2403-P-3600,67.4,0.0,0.0,0.0,6,65.8,67.4,3,67.4,65.6,0.0,0.0,0.0,0.0,176
2023-05-11 09:40:23,IO2403-P-3600,IO2403-P-3600,67.4,0.0,0.0,0.0,6,65.8,67.6,6,67.4,65.6,0.0,0.0,0.0,0.0,176
2023-05-11 09:40:24,IO2403-P-3600,IO2403-P-3600,67.4,0.0,0.0,0.0,12,65.6,67.8,6,67.4,65.6,0.0,0.0,0.0,0.0,176
2023-05-11 09:40:24,IO2403-P-3600,IO2403-P-3600,67.4,0.0,0.0,0.0,12,65.6,67.4,3,67.4,65.6,0.0,0.0,0.0,0.0,176
2023-05-11 09:40:25,IO2403-P-3600,IO2403-P-3600,67.4,0.0,0.0,0.0,6,65.8,67.6,6,67.4,65.6,0.0,0.0,0.0,0.0,176
2023-05-11 09:40:25,IO2403-P-3600,IO2403-P-3600,67.4,0.0,0.0,0.0,12,65.6,67.8,6,67.4,65.6,0.0,0.0,0.0,0.0,176
2023-05-11 09:40:26,IO2403-P-3600,IO2403-P-3600,67.4,0.0,0.0,0.0,12,65.6,67.8,9,67.4,65.6,0.0,0.0,0.0,0.0,176
2023-05-11 09:40:26,IO2403-P-3600,IO2403-P-3600,67.4,0.0,0.0,0.0,6,65.8,67.6,6,67.4,65.6,0.0,0.0,0.0,0.0,176
2023-05-11 09:40:27,IO2403-P-3600,IO2403-P-3600,67.4,0.0,0.0,0.0,6,65.8,67.6,9,67.4,65.6,0.0,0.0,0.0,0.0,176
2023-05-11 09:40:34,IO2403-P-3600,IO2403-P-3600,67.4,0.0,0.0,0.0,6,65.8,67.6,6,67.4,65.6,0.0,0.0,0.0,0.0,176
2023-05-11 09:40:34,IO2403-P-3600,IO2403-P-3600,67.4,0.0,0.0,0.0,12,65.6,67.8,6,67.4,65.6,0.0,0.0,0.0,0.0,176
2023-05-11 09:40:35,IO2403-P-3600,IO2403-P-3600,67.4,0.0,0.0,0.0,12,65.6,67.8,9,67.4,65.6,0.0,0.0,0.0,0.0,176
2023-05-11 09:40:35,IO2403-P-3600,IO2403-P-3600,67.4,0.0,0.0,0.0,6,65.8,67.6,6,67.4,65.6,0.0,0.0,0.0,0.0,176
2023-05-11 09:40:36,IO2403-P-3600,IO2403-P-3600,67.4,0.0,0.0,0.0,6,65.8,67.6,9,67.4,65.6,0.0,0.0,0.0,0.0,176
2023-05-11 09:40:42,IO2403-P-3600,IO2403-P-3600,67.4,0.0,0.0,0.0,6,65.8,67.6,6,67.4,65.6,0.0,0.0,0.0,0.0,176
2023-05-11 09:40:42,IO2403-P-3600,IO2403-P-3600,67.4,0.0,0.0,0.0,12,65.6,67.8,6,67.4,65.6,0.0,0.0,0.0,0.0,176
2023-05-11 09:40:43,IO2403-P-3600,IO2403-P-3600,67.4,0.0,0.0,0.0,12,65.6,67.8,9,67.4,65.6,0.0,0.0,0.0,0.0,176
2023-05-11 09:40:43,IO2403-P-3600,IO2403-P-3600,67.4,0.0,0.0,0.0,6,65.8,67.6,6,67.4,65.6,0.0,0.0,0.0,0.0,176
2023-05-11 09:40:44,IO2403-P-3600,IO2403-P-3600,67.4,0.0,0.0,0.0,6,65.8,67.6,9,67.4,65.6,0.0,0.0,0.0,0.0,176
2023-05-11 09:40:56,IO2403-P-3600,IO2403-P-3600,67.4,0.0,0.0,0.0,6,65.8,67.6,6,67.4,65.6,0.0,0.0,0.0,0.0,176
2023-05-11 09:40:56,IO2403-P-3600,IO2403-P-3600,67.4,0.0,0.0,0.0,12,65.6,67.8,6,67.4,65.6,0.0,0.0,0.0,0.0,176
2023-05-11 09:40:57,IO2403-P-3600,IO2403-P-3600,67.4,0.0,0.0,0.0,12,65.6,67.8,9,67.4,65.6,0.0,0.0,0.0,0.0,176
2023-05-11 09:40:57,IO2403-P-3600,IO2403-P-3600,67.4,0.0,0.0,0.0,6,65.8,67.6,6,67.4,65.6,0.0,0.0,0.0,0.0,176
2023-05-11 09:40:58,IO2403-P-3600,IO2403-P-3600,67.4,0.0,0.0,0.0,12,65.6,67.8,6,67.4,65.6,0.0,0.0,0.0,0.0,176
2023-05-11 09:40:58,IO2403-P-3600,IO2403-P-3600,67.4,0.0,0.0,0.0,12,65.6,67.8,9,67.4,65.6,0.0,0.0,0.0,0.0,176
2023-05-11 09:40:59,IO2403-P-3600,IO2403-P-3600,67.4,0.0,0.0,0.0,6,65.8,67.6,6,67.4,65.6,0.0,0.0,0.0,0.0,176
2023-05-11 09:41:00,IO2403-P-3600,IO2403-P-3600,67.4,0.0,0.0,0.0,12,65.6,67.8,6,67.4,65.6,0.0,0.0,0.0,0.0,176
2023-05-11 09:41:00,IO2403-P-3600,IO2403-P-3600,67.4,0.0,0.0,0.0,12,65.6,67.6,3,67.4,65.6,0.0,0.0,0.0,0.0,176
2023-05-11 09:41:01,IO2403-P-3600,IO2403-P-3600,67.4,0.0,0.0,0.0,6,65.8,67.6,9,67.4,65.6,0.0,0.0,0.0,0.0,176
2023-05-11 09:41:02,IO2403-P-3600,IO2403-P-3600,67.4,0.0,0.0,0.0,6,65.8,67.6,6,67.4,65.6,0.0,0.0,0.0,0.0,176
2023-05-11 09:41:02,IO2403-P-3600,IO2403-P-3600,67.4,0.0,0.0,0.0,12,65.6,67.8,6,67.4,65.6,0.0,0.0,0.0,0.0,176
2023-05-11 09:41:03,IO2403-P-3600,IO2403-P-3600,67.4,0.0,0.0,0.0,12,65.6,67.8,9,67.4,65.6,0.0,0.0,0.0,0.0,176
2023-05-11 09:41:03,IO2403-P-3600,IO2403-P-3600,67.4,0.0,0.0,0.0,6,65.8,67.6,6,67.4,65.6,0.0,0.0,0.0,0.0,176
2023-05-11 09:41:04,IO2403-P-3600,IO2403-P-3600,67.4,0.0,0.0,0.0,12,65.6,67.8,6,67.4,65.6,0.0,0.0,0.0,0.0,176
2023-05-11 09:41:04,IO2403-P-3600,IO2403-P-3600,67.4,0.0,0.0,0.0,12,65.6,67.8,9,67.4,65.6,0.0,0.0,0.0,0.0,176
2023-05-11 09:41:05,IO2403-P-3600,IO2403-P-3600,67.4,0.0,0.0,0.0,6,65.8,67.6,6,67.4,65.6,0.0,0.0,0.0,0.0,176
2023-05-11 09:41:05,IO2403-P-3600,IO2403-P-3600,67.4,0.0,0.0,0.0,12,65.6,67.8,6,67.4,65.6,0.0,0.0,0.0,0.0,176
2023-05-11 09:41:06,IO2403-P-3600,IO2403-P-3600,67.4,0.0,0.0,0.0,12,65.6,67.6,3,67.4,65.6,0.0,0.0,0.0,0.0,176
2023-05-11 09:41:06,IO2403-P-3600,IO2403-P-3600,67.4,0.0,0.0,0.0,6,65.8,67.6,9,67.4,65.6,0.0,0.0,0.0,0.0,176
2023-05-11 09:41:07,IO2403-P-3600,IO2403-P-3600,67.4,0.0,0.0,0.0,6,65.8,67.6,6,67.4,65.6,0.0,0.0,0.0,0.0,176
2023-05-11 09:41:07,IO2403-P-3600,IO2403-P-3600,67.4,0.0,0.0,0.0,6,65.8,68.0,6,67.4,65.6,0.0,0.0,0.0,0.0,176
2023-05-11 09:41:08,IO2403-P-3600,IO2403-P-3600,67.4,0.0,0.0,0.0,6,65.8,68.0,9,67.4,65.6,0.0,0.0,0.0,0.0,176
2023-05-11 09:41:12,IO2403-P-3600,IO2403-P-3600,67.4,0.0,0.0,0.0,6,65.8,68.0,6,67.4,65.6,0.0,0.0,0.0,0.0,176
2023-05-11 09:41:13,IO2403-P-3600,IO2403-P-3600,67.4,0.0,0.0,0.0,6,65.8,68.0,9,67.4,65.6,0.0,0.0,0.0,0.0,176
2023-05-11 09:41:18,IO2403-P-3600,IO2403-P-3600,67.4,0.0,0.0,0.0,6,65.8,68.0,3,67.4,65.6,0.0,0.0,0.0,0.0,176
2023-05-11 09:41:23,IO2403-P-3600,IO2403-P-3600,67.4,0.0,0.0,0.0,6,65.8,68.2,1,67.4,65.6,0.0,0.0,0.0,0.0,176
2023-05-11 09:41:37,IO2403-P-3600,IO2403-P-3600,67.4,0.0,0.0,0.0,6,65.8,68.4,27,67.4,65.6,0.0,0.0,0.0,0.0,176
2023-05-11 09:41:38,IO2403-P-3600,IO2403-P-3600,67.4,0.0,0.0,0.0,6,65.8,68.4,21,67.4,65.6,0.0,0.0,0.0,0.0,176
2023-05-11 09:41:49,IO2403-P-3600,IO2403-P-3600,67.4,0.0,0.0,0.0,18,65.6,68.2,6,67.4,65.6,0.0,0.0,0.0,0.0,176
2023-05-11 09:41:50,IO2403-P-3600,IO2403-P-3600,67.4,0.0,0.0,0.0,18,65.6,68.2,9,67.4,65.6,0.0,0.0,0.0,0.0,176
2023-05-11 09:41:50,IO2403-P-3600,IO2403-P-3600,67.4,0.0,0.0,0.0,6,65.8,68.0,6,67.4,65.6,0.0,0.0,0.0,0.0,176
2023-05-11 09:41:51,IO2403-P-3600,IO2403-P-3600,67.4,0.0,0.0,0.0,6,65.8,67.8,3,67.4,65.6,0.0,0.0,0.0,0.0,176
2023-05-11 09:42:00,IO2403-P-3600,IO2403-P-3600,67.4,0.0,0.0,0.0,6,65.8,68.2,1,67.4,65.6,0.0,0.0,0.0,0.0,176
2023-05-11 09:42:05,IO2403-P-3600,IO2403-P-3600,67.4,0.0,0.0,0.0,6,65.8,68.2,2,67.4,65.6,0.0,0.0,0.0,0.0,176
2023-05-11 09:42:09,IO2403-P-3600,IO2403-P-3600,67.4,0.0,0.0,0.0,6,65.8,68.2,1,67.4,65.6,0.0,0.0,0.0,0.0,176
2023-05-11 09:42:14,IO2403-P-3600,IO2403-P-3600,67.4,0.0,0.0,0.0,6,65.8,68.2,4,67.4,65.6,0.0,0.0,0.0,0.0,176
2023-05-11 09:42:19,IO2403-P-3600,IO2403-P-3600,67.4,0.0,0.0,0.0,6,65.8,68.2,1,67.4,65.6,0.0,0.0,0.0,0.0,176
2023-05-11 09:42:20,IO2403-P-3600,IO2403-P-3600,67.4,0.0,0.0,0.0,6,65.8,68.2,4,67.4,65.6,0.0,0.0,0.0,0.0,176
2023-05-11 09:42:21,IO2403-P-3600,IO2403-P-3600,67.4,0.0,0.0,0.0,6,65.8,68.2,1,67.4,65.6,0.0,0.0,0.0,0.0,176
2023-05-11 09:42:43,IO2403-P-3600,IO2403-P-3600,67.4,0.0,0.0,0.0,6,65.8,68.2,4,67.4,65.6,0.0,0.0,0.0,0.0,176
2023-05-11 09:42:44,IO2403-P-3600,IO2403-P-3600,67.4,0.0,0.0,0.0,6,65.8,68.2,3,67.4,65.6,0.0,0.0,0.0,0.0,176
2023-05-11 09:42:50,IO2403-P-3600,IO2403-P-3600,67.4,0.0,0.0,0.0,12,65.8,68.2,3,67.4,65.6,0.0,0.0,0.0,0.0,176
2023-05-11 09:42:50,IO2403-P-3600,IO2403-P-3600,67.4,0.0,0.0,0.0,6,66.0,68.2,3,67.4,65.6,0.0,0.0,0.0,0.0,176
2023-05-11 09:42:57,IO2403-P-3600,IO2403-P-3600,67.4,0.0,0.0,0.0,6,66.0,68.6,24,67.4,65.6,0.0,0.0,0.0,0.0,176
2023-05-11 09:42:58,IO2403-P-3600,IO2403-P-3600,67.4,0.0,0.0,0.0,6,66.0,68.6,12,67.4,65.6,0.0,0.0,0.0,0.0,176
2023-05-11 09:42:58,IO2403-P-3600,IO2403-P-3600,67.4,0.0,0.0,0.0,6,66.0,68.6,3,67.4,65.6,0.0,0.0,0.0,0.0,176
2023-05-11 09:42:59,IO2403-P-3600,IO2403-P-3600,67.4,0.0,0.0,0.0,6,66.0,68.8,14,67.4,65.6,0.0,0.0,0.0,0.0,176
2023-05-11 09:42:59,IO2403-P-3600,IO2403-P-3600,67.4,0.0,0.0,0.0,6,66.0,68.8,8,67.4,65.6,0.0,0.0,0.0,0.0,176
2023-05-11 09:43:00,IO2403-P-3600,IO2403-P-3600,67.4,0.0,0.0,0.0,6,66.0,68.8,5,67.4,65.6,0.0,0.0,0.0,0.0,176
2023-05-11 09:43:00,IO2403-P-3600,IO2403-P-3600,67.4,0.0,0.0,0.0,6,66.0,68.8,2,67.4,65.6,0.0,0.0,0.0,0.0,176
2023-05-11 09:43:09,IO2403-P-3600,IO2403-P-3600,67.4,0.0,0.0,0.0,6,66.0,68.6,6,67.4,65.6,0.0,0.0,0.0,0.0,176
2023-05-11 09:43:09,IO2403-P-3600,IO2403-P-3600,67.4,0.0,0.0,0.0,6,66.0,68.6,9,67.4,65.6,0.0,0.0,0.0,0.0,176
2023-05-11 09:43:13,IO2403-P-3600,IO2403-P-3600,67.4,0.0,0.0,0.0,6,66.0,68.6,3,67.4,65.6,0.0,0.0,0.0,0.0,176
2023-05-11 09:43:14,IO2403-P-3600,IO2403-P-3600,67.4,0.0,0.0,0.0,6,66.0,68.8,2,67.4,65.6,0.0,0.0,0.0,0.0,176
2023-05-11 09:43:26,IO2403-P-3600,IO2403-P-3600,67.4,0.0,0.0,0.0,6,66.0,68.6,6,67.4,65.6,0.0,0.0,0.0,0.0,176
2023-05-11 09:43:26,IO2403-P-3600,IO2403-P-3600,67.4,0.0,0.0,0.0,6,66.0,68.6,9,67.4,65.6,0.0,0.0,0.0,0.0,176
2023-05-11 09:43:29,IO2403-P-3600,IO2403-P-3600,67.4,0.0,0.0,0.0,18,65.8,68.4,6,67.4,65.6,0.0,0.0,0.0,0.0,176
2023-05-11 09:43:29,IO2403-P-3600,IO2403-P-3600,67.4,0.0,0.0,0.0,18,65.8,68.4,9,67.4,65.6,0.0,0.0,0.0,0.0,176
2023-05-11 09:43:30,IO2403-P-3600,IO2403-P-3600,67.4,0.0,0.0,0.0,6,66.0,68.2,6,67.4,65.6,0.0,0.0,0.0,0.0,176
2023-05-11 09:43:30,IO2403-P-3600,IO2403-P-3600,67.4,0.0,0.0,0.0,6,66.0,68.0,3,67.4,65.6,0.0,0.0,0.0,0.0,176
2023-05-11 09:43:34,IO2403-P-3600,IO2403-P-3600,67.4,0.0,0.0,0.0,6,66.0,68.4,1,67.4,65.6,0.0,0.0,0.0,0.0,176
2023-05-11 09:43:34,IO2403-P-3600,IO2403-P-3600,67.4,0.0,0.0,0.0,6,66.0,68.2,6,67.4,65.6,0.0,0.0,0.0,0.0,176
2023-05-11 09:43:35,IO2403-P-3600,IO2403-P-3600,67.4,0.0,0.0,0.0,6,66.0,68.0,3,67.4,65.6,0.0,0.0,0.0,0.0,176
2023-05-11 09:43:35,IO2403-P-3600,IO2403-P-3600,67.4,0.0,0.0,0.0,6,66.0,68.2,6,67.4,65.6,0.0,0.0,0.0,0.0,176
2023-05-11 09:43:36,IO2403-P-3600,IO2403-P-3600,67.4,0.0,0.0,0.0,6,66.0,68.0,3,67.4,65.6,0.0,0.0,0.0,0.0,176
2023-05-11 09:43:43,IO2403-P-3600,IO2403-P-3600,67.4,0.0,0.0,0.0,6,66.0,68.2,6,67.4,65.6,0.0,0.0,0.0,0.0,176
2023-05-11 09:43:44,IO2403-P-3600,IO2403-P-3600,67.4,0.0,0.0,0.0,6,66.0,68.2,3,67.4,65.6,0.0,0.0,0.0,0.0,176
2023-05-11 09:43:45,IO2403-P-3600,IO2403-P-3600,67.4,0.0,0.0,0.0,6,66.0,68.4,1,67.4,65.6,0.0,0.0,0.0,0.0,176
2023-05-11 09:44:21,IO2403-P-3600,IO2403-P-3600,67.4,0.0,0.0,0.0,6,65.8,68.4,1,67.4,65.6,0.0,0.0,0.0,0.0,176
2023-05-11 09:44:21,IO2403-P-3600,IO2403-P-3600,67.4,0.0,0.0,0.0,6,65.8,68.4,7,67.4,65.6,0.0,0.0,0.0,0.0,176
2023-05-11 09:44:22,IO2403-P-3600,IO2403-P-3600,67.4,0.0,0.0,0.0,6,65.8,68.4,10,67.4,65.6,0.0,0.0,0.0,0.0,176
2023-05-11 09:44:30,IO2403-P-3600,IO2403-P-3600,67.4,0.0,0.0,0.0,6,65.8,68.4,7,67.4,65.6,0.0,0.0,0.0,0.0,176
2023-05-11 09:44:31,IO2403-P-3600,IO2403-P-3600,67.4,0.0,0.0,0.0,6,65.8,68.2,3,67.4,65.6,0.0,0.0,0.0,0.0,176
2023-05-11 09:44:35,IO2403-P-3600,IO2403-P-3600,67.4,0.0,0.0,0.0,6,65.8,68.4,2,67.4,65.6,0.0,0.0,0.0,0.0,176
2023-05-11 09:44:36,IO2403-P-3600,IO2403-P-3600,67.4,0.0,0.0,0.0,36,65.6,68.4,2,67.4,65.6,0.0,0.0,0.0,0.0,176
2023-05-11 09:44:36,IO2403-P-3600,IO2403-P-3600,67.4,0.0,0.0,0.0,6,65.8,68.4,8,67.4,65.6,0.0,0.0,0.0,0.0,176
2023-05-11 09:44:37,IO2403-P-3600,IO2403-P-3600,67.4,0.0,0.0,0.0,6,65.8,68.4,11,67.4,65.6,0.0,0.0,0.0,0.0,176
2023-05-11 09:44:42,IO2403-P-3600,IO2403-P-3600,67.4,0.0,0.0,0.0,6,65.8,68.4,5,67.4,65.6,0.0,0.0,0.0,0.0,176
2023-05-11 09:44:43,IO2403-P-3600,IO2403-P-3600,67.4,0.0,0.0,0.0,6,65.8,68.4,2,67.4,65.6,0.0,0.0,0.0,0.0,176
2023-05-11 09:44:51,IO2403-P-3600,IO2403-P-3600,67.4,0.0,0.0,0.0,6,65.8,68.4,1,67.4,65.6,0.0,0.0,0.0,0.0,176
2023-05-11 09:44:57,IO2403-P-3600,IO2403-P-3600,67.4,0.0,0.0,0.0,6,65.8,68.4,7,67.4,65.6,0.0,0.0,0.0,0.0,176
2023-05-11 09:44:57,IO2403-P-3600,IO2403-P-3600,67.4,0.0,0.0,0.0,6,65.8,68.4,10,67.4,65.6,0.0,0.0,0.0,0.0,176
2023-05-11 09:45:02,IO2403-P-3600,IO2403-P-3600,67.4,0.0,0.0,0.0,18,65.6,68.2,6,67.4,65.6,0.0,0.0,0.0,0.0,176
2023-05-11 09:45:02,IO2403-P-3600,IO2403-P-3600,67.4,0.0,0.0,0.0,18,65.6,68.2,9,67.4,65.6,0.0,0.0,0.0,0.0,176
2023-05-11 09:45:03,IO2403-P-3600,IO2403-P-3600,67.4,0.0,0.0,0.0,6,65.8,68.0,6,67.4,65.6,0.0,0.0,0.0,0.0,176
2023-05-11 09:45:03,IO2403-P-3600,IO2403-P-3600,67.4,0.0,0.0,0.0,6,65.8,67.8,3,67.4,65.6,0.0,0.0,0.0,0.0,176
2023-05-11 09:45:04,IO2403-P-3600,IO2403-P-3600,67.4,0.0,0.0,0.0,6,65.8,67.6,6,67.4,65.6,0.0,0.0,0.0,0.0,176
2023-05-11 09:45:06,IO2403-P-3600,IO2403-P-3600,67.4,0.0,0.0,0.0,18,65.6,67.8,9,67.4,65.6,0.0,0.0,0.0,0.0,176
2023-05-11 09:45:06,IO2403-P-3600,IO2403-P-3600,67.4,0.0,0.0,0.0,6,65.8,68.0,6,67.4,65.6,0.0,0.0,0.0,0.0,176
2023-05-11 09:45:07,IO2403-P-3600,IO2403-P-3600,67.4,0.0,0.0,0.0,18,65.6,68.2,6,67.4,65.6,0.0,0.0,0.0,0.0,176
2023-05-11 09:45:07,IO2403-P-3600,IO2403-P-3600,67.4,0.0,0.0,0.0,12,65.6,68.2,9,67.4,65.6,0.0,0.0,0.0,0.0,176
2023-05-11 09:45:08,IO2403-P-3600,IO2403-P-3600,67.4,0.0,0.0,0.0,6,65.6,68.0,6,67.4,65.6,0.0,0.0,0.0,0.0,176
2023-05-11 09:45:08,IO2403-P-3600,IO2403-P-3600,67.4,0.0,0.0,0.0,6,65.6,68.2,6,67.4,65.6,0.0,0.0,0.0,0.0,176
2023-05-11 09:45:09,IO2403-P-3600,IO2403-P-3600,67.4,0.0,0.0,0.0,6,65.6,68.2,9,67.4,65.6,0.0,0.0,0.0,0.0,176
2023-05-11 09:45:09,IO2403-P-3600,IO2403-P-3600,67.4,0.0,0.0,0.0,6,65.6,68.0,7,67.4,65.6,0.0,0.0,0.0,0.0,176
2023-05-11 09:45:10,IO2403-P-3600,IO2403-P-3600,67.4,0.0,0.0,0.0,6,65.6,68.0,10,67.4,65.6,0.0,0.0,0.0,0.0,176
2023-05-11 09:45:10,IO2403-P-3600,IO2403-P-3600,67.4,0.0,0.0,0.0,6,65.6,67.8,6,67.4,65.6,0.0,0.0,0.0,0.0,176
2023-05-11 09:45:11,IO2403-P-3600,IO2403-P-3600,67.4,0.0,0.0,0.0,6,65.6,67.6,3,67.4,65.6,0.0,0.0,0.0,0.0,176
2023-05-11 09:45:11,IO2403-P-3600,IO2403-P-3600,67.4,0.0,0.0,0.0,12,65.6,67.4,6,67.4,65.6,0.0,0.0,0.0,0.0,176
2023-05-11 09:45:17,IO2403-P-3600,IO2403-P-3600,67.4,0.0,0.0,0.0,6,65.8,67.6,9,67.4,65.6,0.0,0.0,0.0,0.0,176
2023-05-11 09:45:27,IO2403-P-3600,IO2403-P-3600,67.4,0.0,0.0,0.0,6,65.8,67.6,6,67.4,65.6,0.0,0.0,0.0,0.0,176
2023-05-11 09:45:28,IO2403-P-3600,IO2403-P-3600,67.4,0.0,0.0,0.0,6,65.8,68.0,26,67.4,65.6,0.0,0.0,0.0,0.0,176
2023-05-11 09:45:28,IO2403-P-3600,IO2403-P-3600,67.4,0.0,0.0,0.0,6,65.8,67.8,3,67.4,65.6,0.0,0.0,0.0,0.0,176
2023-05-11 09:45:30,IO2403-P-3600,IO2403-P-3600,67.4,0.0,0.0,0.0,6,65.8,68.0,14,67.4,65.6,0.0,0.0,0.0,0.0,176
2023-05-11 09:45:30,IO2403-P-3600,IO2403-P-3600,67.4,0.0,0.0,0.0,12,65.6,67.8,6,67.4,65.6,0.0,0.0,0.0,0.0,176
2023-05-11 09:45:31,IO2403-P-3600,IO2403-P-3600,67.4,0.0,0.0,0.0,12,65.6,67.8,9,67.4,65.6,0.0,0.0,0.0,0.0,176
2023-05-11 09:45:31,IO2403-P-3600,IO2403-P-3600,67.4,0.0,0.0,0.0,6,65.8,67.6,6,67.4,65.6,0.0,0.0,0.0,0.0,176
2023-05-11 09:45:32,IO2403-P-3600,IO2403-P-3600,67.4,0.0,0.0,0.0,12,65.6,67.8,6,67.4,65.6,0.0,0.0,0.0,0.0,176
2023-05-11 09:45:33,IO2403-P-3600,IO2403-P-3600,67.4,0.0,0.0,0.0,12,65.6,67.6,3,67.4,65.6,0.0,0.0,0.0,0.0,176
2023-05-11 09:45:33,IO2403-P-3600,IO2403-P-3600,67.4,0.0,0.0,0.0,6,65.8,67.6,9,67.4,65.6,0.0,0.0,0.0,0.0,176
2023-05-11 09:45:42,IO2403-P-3600,IO2403-P-3600,67.4,0.0,0.0,0.0,6,65.8,67.6,6,67.4,65.6,0.0,0.0,0.0,0.0,176
2023-05-11 09:45:43,IO2403-P-3600,IO2403-P-3600,67.4,0.0,0.0,0.0,12,65.6,67.8,6,67.4,65.6,0.0,0.0,0.0,0.0,176
2023-05-11 09:45:43,IO2403-P-3600,IO2403-P-3600,67.4,0.0,0.0,0.0,12,65.6,67.8,9,67.4,65.6,0.0,0.0,0.0,0.0,176
2023-05-11 09:45:44,IO2403-P-3600,IO2403-P-3600,67.4,0.0,0.0,0.0,6,65.8,67.6,6,67.4,65.6,0.0,0.0,0.0,0.0,176
2023-05-11 09:45:45,IO2403-P-3600,IO2403-P-3600,67.4,0.0,0.0,0.0,6,65.8,67.6,9,67.4,65.6,0.0,0.0,0.0,0.0,176
2023-05-11 09:45:47,IO2403-P-3600,IO2403-P-3600,67.4,0.0,0.0,0.0,12,65.6,67.4,6,67.4,65.6,0.0,0.0,0.0,0.0,176
2023-05-11 09:45:52,IO2403-P-3600,IO2403-P-3600,67.4,0.0,0.0,0.0,6,65.6,67.4,6,67.4,65.6,0.0,0.0,0.0,0.0,176
2023-05-11 09:45:52,IO2403-P-3600,IO2403-P-3600,67.4,0.0,0.0,0.0,6,65.6,67.2,3,67.4,65.6,0.0,0.0,0.0,0.0,176
2023-05-11 09:45:53,IO2403-P-3600,IO2403-P-3600,67.4,0.0,0.0,0.0,6,65.6,67.0,6,67.4,65.6,0.0,0.0,0.0,0.0,176
2023-05-11 09:45:53,IO2403-P-3600,IO2403-P-3600,67.4,0.0,0.0,0.0,6,65.6,67.4,6,67.4,65.6,0.0,0.0,0.0,0.0,176
2023-05-11 09:45:54,IO2403-P-3600,IO2403-P-3600,67.4,0.0,0.0,0.0,6,65.6,67.4,9,67.4,65.6,0.0,0.0,0.0,0.0,176
2023-05-11 09:45:54,IO2403-P-3600,IO2403-P-3600,67.4,0.0,0.0,0.0,6,65.6,67.2,6,67.4,65.6,0.0,0.0,0.0,0.0,176
2023-05-11 09:45:56,IO2403-P-3600,IO2403-P-3600,67.4,0.0,0.0,0.0,12,65.6,67.2,6,67.4,65.6,0.0,0.0,0.0,0.0,176
2023-05-11 09:45:57,IO2403-P-3600,IO2403-P-3600,67.4,0.0,0.0,0.0,12,65.6,67.4,9,67.4,65.6,0.0,0.0,0.0,0.0,176
2023-05-11 09:45:57,IO2403-P-3600,IO2403-P-3600,67.4,0.0,0.0,0.0,12,65.6,67.2,6,67.4,65.6,0.0,0.0,0.0,0.0,176
2023-05-11 09:46:00,IO2403-P-3600,IO2403-P-3600,67.4,0.0,0.0,0.0,12,65.6,67.4,6,67.4,65.6,0.0,0.0,0.0,0.0,176
2023-05-11 09:46:02,IO2403-P-3600,IO2403-P-3600,67.4,0.0,0.0,0.0,12,65.6,67.4,9,67.4,65.6,0.0,0.0,0.0,0.0,176
2023-05-11 09:46:02,IO2403-P-3600,IO2403-P-3600,67.4,0.0,0.0,0.0,12,65.6,67.2,6,67.4,65.6,0.0,0.0,0.0,0.0,176
2023-05-11 09:46:03,IO2403-P-3600,IO2403-P-3600,67.4,0.0,0.0,0.0,12,65.6,67.4,6,67.4,65.6,0.0,0.0,0.0,0.0,176
2023-05-11 09:46:09,IO2403-P-3600,IO2403-P-3600,67.4,0.0,0.0,0.0,6,65.6,67.6,6,67.4,65.6,0.0,0.0,0.0,0.0,176
2023-05-11 09:46:12,IO2403-P-3600,IO2403-P-3600,67.4,0.0,0.0,0.0,6,65.6,67.6,9,67.4,65.6,0.0,0.0,0.0,0.0,176
2023-05-11 09:46:13,IO2403-P-3600,IO2403-P-3600,67.4,0.0,0.0,0.0,12,65.6,67.4,6,67.4,65.6,0.0,0.0,0.0,0.0,176
2023-05-11 09:46:13,IO2403-P-3600,IO2403-P-3600,67.4,0.0,0.0,0.0,6,65.6,67.6,6,67.4,65.6,0.0,0.0,0.0,0.0,176
2023-05-11 09:46:14,IO2403-P-3600,IO2403-P-3600,67.4,0.0,0.0,0.0,6,65.6,67.6,9,67.4,65.6,0.0,0.0,0.0,0.0,176
2023-05-11 09:46:14,IO2403-P-3600,IO2403-P-3600,67.4,0.0,0.0,0.0,12,65.6,67.4,6,67.4,65.6,0.0,0.0,0.0,0.0,176
2023-05-11 09:46:15,IO2403-P-3600,IO2403-P-3600,67.4,0.0,0.0,0.0,6,65.6,67.6,6,67.4,65.6,0.0,0.0,0.0,0.0,176
2023-05-11 09:46:15,IO2403-P-3600,IO2403-P-3600,67.4,0.0,0.0,0.0,6,65.6,67.4,3,67.4,65.6,0.0,0.0,0.0,0.0,176
2023-05-11 09:46:16,IO2403-P-3600,IO2403-P-3600,67.4,0.0,0.0,0.0,6,65.6,67.2,6,67.4,65.6,0.0,0.0,0.0,0.0,176
2023-05-11 09:46:16,IO2403-P-3600,IO2403-P-3600,67.4,0.0,0.0,0.0,6,65.6,67.6,6,67.4,65.6,0.0,0.0,0.0,0.0,176
2023-05-11 09:46:17,IO2403-P-3600,IO2403-P-3600,67.4,0.0,0.0,0.0,6,65.6,67.6,9,67.4,65.6,0.0,0.0,0.0,0.0,176
2023-05-11 09:46:17,IO2403-P-3600,IO2403-P-3600,67.4,0.0,0.0,0.0,12,65.6,67.4,6,67.4,65.6,0.0,0.0,0.0,0.0,176
2023-05-11 09:46:18,IO2403-P-3600,IO2403-P-3600,67.4,0.0,0.0,0.0,6,65.6,67.4,6,67.4,65.6,0.0,0.0,0.0,0.0,176
2023-05-11 09:46:19,IO2403-P-3600,IO2403-P-3600,67.4,0.0,0.0,0.0,6,65.6,67.4,9,67.4,65.6,0.0,0.0,0.0,0.0,176
2023-05-11 09:46:19,IO2403-P-3600,IO2403-P-3600,67.4,0.0,0.0,0.0,6,65.6,67.2,6,67.4,65.6,0.0,0.0,0.0,0.0,176
2023-05-11 09:46:24,IO2403-P-3600,IO2403-P-3600,67.4,0.0,0.0,0.0,6,65.6,67.4,6,67.4,65.6,0.0,0.0,0.0,0.0,176
2023-05-11 09:46:24,IO2403-P-3600,IO2403-P-3600,67.4,0.0,0.0,0.0,6,65.6,67.4,9,67.4,65.6,0.0,0.0,0.0,0.0,176
2023-05-11 09:46:25,IO2403-P-3600,IO2403-P-3600,67.4,0.0,0.0,0.0,6,65.6,67.2,6,67.4,65.6,0.0,0.0,0.0,0.0,176
2023-05-11 09:46:38,IO2403-P-3600,IO2403-P-3600,67.4,0.0,0.0,0.0,6,65.6,67.2,9,67.4,65.6,0.0,0.0,0.0,0.0,176
2023-05-11 09:46:39,IO2403-P-3600,IO2403-P-3600,67.4,0.0,0.0,0.0,12,65.6,67.2,9,67.4,65.6,0.0,0.0,0.0,0.0,176
2023-05-11 09:46:44,IO2403-P-3600,IO2403-P-3600,67.4,0.0,0.0,0.0,12,65.6,67.2,6,67.4,65.6,0.0,0.0,0.0,0.0,176
2023-05-11 09:46:45,IO2403-P-3600,IO2403-P-3600,67.4,0.0,0.0,0.0,6,65.6,67.4,6,67.4,65.6,0.0,0.0,0.0,0.0,176
2023-05-11 09:46:45,IO2403-P-3600,IO2403-P-3600,67.4,0.0,0.0,0.0,6,65.6,67.4,9,67.4,65.6,0.0,0.0,0.0,0.0,176
2023-05-11 09:46:46,IO2403-P-3600,IO2403-P-3600,67.4,0.0,0.0,0.0,6,65.6,67.2,6,67.4,65.6,0.0,0.0,0.0,0.0,176
2023-05-11 09:46:47,IO2403-P-3600,IO2403-P-3600,67.4,0.0,0.0,0.0,6,65.6,67.2,9,67.4,65.6,0.0,0.0,0.0,0.0,176
2023-05-11 09:46:47,IO2403-P-3600,IO2403-P-3600,67.4,0.0,0.0,0.0,6,65.6,67.0,6,67.4,65.6,0.0,0.0,0.0,0.0,176
2023-05-11 09:46:48,IO2403-P-3600,IO2403-P-3600,67.4,0.0,0.0,0.0,6,65.6,67.4,6,67.4,65.6,0.0,0.0,0.0,0.0,176
2023-05-11 09:46:48,IO2403-P-3600,IO2403-P-3600,67.4,0.0,0.0,0.0,6,65.6,67.2,3,67.4,65.6,0.0,0.0,0.0,0.0,176
2023-05-11 09:46:49,IO2403-P-3600,IO2403-P-3600,67.4,0.0,0.0,0.0,6,65.6,67.0,6,67.4,65.6,0.0,0.0,0.0,0.0,176
2023-05-11 09:46:51,IO2403-P-3600,IO2403-P-3600,67.4,0.0,0.0,0.0,6,65.6,67.2,6,67.4,65.6,0.0,0.0,0.0,0.0,176
2023-05-11 09:46:53,IO2403-P-3600,IO2403-P-3600,67.4,0.0,0.0,0.0,6,65.6,67.4,6,67.4,65.6,0.0,0.0,0.0,0.0,176
2023-05-11 09:46:54,IO2403-P-3600,IO2403-P-3600,67.4,0.0,0.0,0.0,6,65.6,67.4,9,67.4,65.6,0.0,0.0,0.0,0.0,176
2023-05-11 09:46:54,IO2403-P-3600,IO2403-P-3600,67.4,0.0,0.0,0.0,6,65.6,67.2,6,67.4,65.6,0.0,0.0,0.0,0.0,176
2023-05-11 09:46:55,IO2403-P-3600,IO2403-P-3600,67.4,0.0,0.0,0.0,6,65.6,67.4,6,67.4,65.6,0.0,0.0,0.0,0.0,176
2023-05-11 09:46:56,IO2403-P-3600,IO2403-P-3600,67.4,0.0,0.0,0.0,6,65.6,67.6,27,67.4,65.6,0.0,0.0,0.0,0.0,176
2023-05-11 09:46:56,IO2403-P-3600,IO2403-P-3600,67.4,0.0,0.0,0.0,12,65.6,67.4,6,67.4,65.6,0.0,0.0,0.0,0.0,176
2023-05-11 09:47:00,IO2403-P-3600,IO2403-P-3600,67.4,0.0,0.0,0.0,12,65.6,67.4,9,67.4,65.6,0.0,0.0,0.0,0.0,176
2023-05-11 09:47:01,IO2403-P-3600,IO2403-P-3600,67.4,0.0,0.0,0.0,12,65.6,67.2,6,67.4,65.6,0.0,0.0,0.0,0.0,176
2023-05-11 09:47:02,IO2403-P-3600,IO2403-P-3600,67.4,0.0,0.0,0.0,12,65.6,67.4,6,67.4,65.6,0.0,0.0,0.0,0.0,176
2023-05-11 09:47:02,IO2403-P-3600,IO2403-P-3600,67.4,0.0,0.0,0.0,12,65.6,67.4,9,67.4,65.6,0.0,0.0,0.0,0.0,176
2023-05-11 09:47:03,IO2403-P-3600,IO2403-P-3600,67.4,0.0,0.0,0.0,12,65.6,67.2,6,67.4,65.6,0.0,0.0,0.0,0.0,176
2023-05-11 09:47:04,IO2403-P-3600,IO2403-P-3600,67.4,0.0,0.0,0.0,12,65.6,67.4,6,67.4,65.6,0.0,0.0,0.0,0.0,176
2023-05-11 09:47:04,IO2403-P-3600,IO2403-P-3600,67.4,0.0,0.0,0.0,6,65.8,67.6,15,67.4,65.6,0.0,0.0,0.0,0.0,176
2023-05-11 09:47:05,IO2403-P-3600,IO2403-P-3600,67.4,0.0,0.0,0.0,6,65.8,67.6,12,67.4,65.6,0.0,0.0,0.0,0.0,176
2023-05-11 09:47:05,IO2403-P-3600,IO2403-P-3600,67.4,0.0,0.0,0.0,6,65.6,67.6,9,67.4,65.6,0.0,0.0,0.0,0.0,176
2023-05-11 09:47:06,IO2403-P-3600,IO2403-P-3600,67.4,0.0,0.0,0.0,12,65.6,67.4,6,67.4,65.6,0.0,0.0,0.0,0.0,176
2023-05-11 09:47:06,IO2403-P-3600,IO2403-P-3600,67.4,0.0,0.0,0.0,12,65.6,67.4,9,67.4,65.6,0.0,0.0,0.0,0.0,176
2023-05-11 09:47:07,IO2403-P-3600,IO2403-P-3600,67.4,0.0,0.0,0.0,6,65.8,67.4,6,67.4,65.6,0.0,0.0,0.0,0.0,176
2023-05-11 09:47:07,IO2403-P-3600,IO2403-P-3600,67.4,0.0,0.0,0.0,6,65.6,67.6,6,67.4,65.6,0.0,0.0,0.0,0.0,176
2023-05-11 09:47:08,IO2403-P-3600,IO2403-P-3600,67.4,0.0,0.0,0.0,6,65.6,67.6,9,67.4,65.6,0.0,0.0,0.0,0.0,176
2023-05-11 09:47:08,IO2403-P-3600,IO2403-P-3600,67.4,0.0,0.0,0.0,12,65.6,67.4,6,67.4,65.6,0.0,0.0,0.0,0.0,176
2023-05-11 09:47:11,IO2403-P-3600,IO2403-P-3600,67.4,0.0,0.0,0.0,6,65.6,67.4,6,67.4,65.6,0.0,0.0,0.0,0.0,176
2023-05-11 09:47:27,IO2403-P-3600,IO2403-P-3600,67.4,0.0,0.0,0.0,6,65.6,67.4,9,67.4,65.6,0.0,0.0,0.0,0.0,176
2023-05-11 09:47:27,IO2403-P-3600,IO2403-P-3600,67.4,0.0,0.0,0.0,6,65.6,67.2,6,67.4,65.6,0.0,0.0,0.0,0.0,176
2023-05-11 09:47:28,IO2403-P-3600,IO2403-P-3600,67.4,0.0,0.0,0.0,6,65.6,67.6,6,67.4,65.6,0.0,0.0,0.0,0.0,176
2023-05-11 09:47:28,IO2403-P-3600,IO2403-P-3600,67.4,0.0,0.0,0.0,6,65.6,67.6,9,67.4,65.6,0.0,0.0,0.0,0.0,176
2023-05-11 09:47:29,IO2403-P-3600,IO2403-P-3600,67.4,0.0,0.0,0.0,6,65.6,67.4,6,67.4,65.6,0.0,0.0,0.0,0.0,176
2023-05-11 09:47:32,IO2403-P-3600,IO2403-P-3600,67.4,0.0,0.0,0.0,6,65.6,67.4,9,67.4,65.6,0.0,0.0,0.0,0.0,176
2023-05-11 09:47:33,IO2403-P-3600,IO2403-P-3600,67.4,0.0,0.0,0.0,6,65.6,67.2,6,67.4,65.6,0.0,0.0,0.0,0.0,176
2023-05-11 09:47:42,IO2403-P-3600,IO2403-P-3600,67.4,0.0,0.0,0.0,6,65.6,67.2,9,67.4,65.6,0.0,0.0,0.0,0.0,176
2023-05-11 09:47:42,IO2403-P-3600,IO2403-P-3600,67.4,0.0,0.0,0.0,6,65.6,67.0,6,67.4,65.6,0.0,0.0,0.0,0.0,176
2023-05-11 09:47:45,IO2403-P-3600,IO2403-P-3600,67.4,0.0,0.0,0.0,6,65.6,67.2,6,67.4,65.6,0.0,0.0,0.0,0.0,176
2023-05-11 09:47:58,IO2403-P-3600,IO2403-P-3600,67.4,0.0,0.0,0.0,6,65.6,67.2,9,67.4,65.6,0.0,0.0,0.0,0.0,176
2023-05-11 09:47:58,IO2403-P-3600,IO2403-P-3600,67.4,0.0,0.0,0.0,12,65.6,67.2,6,67.4,65.6,0.0,0.0,0.0,0.0,176
2023-05-11 09:47:59,IO2403-P-3600,IO2403-P-3600,67.4,0.0,0.0,0.0,6,65.6,67.6,6,67.4,65.6,0.0,0.0,0.0,0.0,176
2023-05-11 09:47:59,IO2403-P-3600,IO2403-P-3600,67.4,0.0,0.0,0.0,6,65.6,67.6,9,67.4,65.6,0.0,0.0,0.0,0.0,176
2023-05-11 09:48:00,IO2403-P-3600,IO2403-P-3600,67.4,0.0,0.0,0.0,6,65.6,67.4,6,67.4,65.6,0.0,0.0,0.0,0.0,176
2023-05-11 09:48:00,IO2403-P-3600,IO2403-P-3600,67.4,0.0,0.0,0.0,6,65.6,67.4,9,67.4,65.6,0.0,0.0,0.0,0.0,176
2023-05-11 09:48:01,IO2403-P-3600,IO2403-P-3600,67.4,0.0,0.0,0.0,6,65.6,67.2,6,67.4,65.6,0.0,0.0,0.0,0.0,176
2023-05-11 09:48:02,IO2403-P-3600,IO2403-P-3600,67.4,0.0,0.0,0.0,6,65.8,67.4,9,67.4,65.6,0.0,0.0,0.0,0.0,176
2023-05-11 09:48:03,IO2403-P-3600,IO2403-P-3600,67.4,0.0,0.0,0.0,6,65.8,67.4,6,67.4,65.6,0.0,0.0,0.0,0.0,176
2023-05-11 09:48:03,IO2403-P-3600,IO2403-P-3600,67.4,0.0,0.0,0.0,6,65.6,67.6,6,67.4,65.6,0.0,0.0,0.0,0.0,176
2023-05-11 09:48:04,IO2403-P-3600,IO2403-P-3600,67.4,0.0,0.0,0.0,6,65.6,67.4,3,67.4,65.6,0.0,0.0,0.0,0.0,176
2023-05-11 09:48:04,IO2403-P-3600,IO2403-P-3600,67.4,0.0,0.0,0.0,12,65.6,67.2,6,67.4,65.6,0.0,0.0,0.0,0.0,176
2023-05-11 09:48:06,IO2403-P-3600,IO2403-P-3600,67.4,0.0,0.0,0.0,12,65.6,67.4,6,67.4,65.6,0.0,0.0,0.0,0.0,176
2023-05-11 09:48:13,IO2403-P-3600,IO2403-P-3600,67.4,0.0,0.0,0.0,6,65.6,67.6,6,67.4,65.6,0.0,0.0,0.0,0.0,176
2023-05-11 09:48:16,IO2403-P-3600,IO2403-P-3600,67.4,0.0,0.0,0.0,6,65.8,67.6,6,67.4,65.6,0.0,0.0,0.0,0.0,176
2023-05-11 09:48:16,IO2403-P-3600,IO2403-P-3600,67.4,0.0,0.0,0.0,6,65.8,67.6,9,67.4,65.6,0.0,0.0,0.0,0.0,176
2023-05-11 09:48:19,IO2403-P-3600,IO2403-P-3600,67.4,0.0,0.0,0.0,6,65.8,67.6,6,67.4,65.6,0.0,0.0,0.0,0.0,176
2023-05-11 09:48:20,IO2403-P-3600,IO2403-P-3600,67.4,0.0,0.0,0.0,6,65.8,67.6,9,67.4,65.6,0.0,0.0,0.0,0.0,176
2023-05-11 09:48:24,IO2403-P-3600,IO2403-P-3600,67.4,0.0,0.0,0.0,6,65.8,67.6,6,67.4,65.6,0.0,0.0,0.0,0.0,176
2023-05-11 09:48:25,IO2403-P-3600,IO2403-P-3600,67.4,0.0,0.0,0.0,6,65.8,67.6,9,67.4,65.6,0.0,0.0,0.0,0.0,176
2023-05-11 09:48:36,IO2403-P-3600,IO2403-P-3600,67.4,0.0,0.0,0.0,6,65.8,67.6,10,67.4,65.6,0.0,0.0,0.0,0.0,176
2023-05-11 09:48:37,IO2403-P-3600,IO2403-P-3600,67.4,0.0,0.0,0.0,6,65.8,67.6,7,67.4,65.6,0.0,0.0,0.0,0.0,176
2023-05-11 09:48:38,IO2403-P-3600,IO2403-P-3600,67.4,0.0,0.0,0.0,12,65.6,67.4,6,67.4,65.6,0.0,0.0,0.0,0.0,176
2023-05-11 09:48:38,IO2403-P-3600,IO2403-P-3600,67.4,0.0,0.0,0.0,12,65.6,67.4,9,67.4,65.6,0.0,0.0,0.0,0.0,176
2023-05-11 09:48:39,IO2403-P-3600,IO2403-P-3600,67.4,0.0,0.0,0.0,12,65.6,67.2,6,67.4,65.6,0.0,0.0,0.0,0.0,176
2023-05-11 09:48:40,IO2403-P-3600,IO2403-P-3600,67.4,0.0,0.0,0.0,12,65.6,67.4,9,67.4,65.6,0.0,0.0,0.0,0.0,176
2023-05-11 09:48:40,IO2403-P-3600,IO2403-P-3600,67.4,0.0,0.0,0.0,6,65.8,67.4,6,67.4,65.6,0.0,0.0,0.0,0.0,176
2023-05-11 09:48:41,IO2403-P-3600,IO2403-P-3600,67.4,0.0,0.0,0.0,12,65.6,67.4,6,67.4,65.6,0.0,0.0,0.0,0.0,176
2023-05-11 09:48:43,IO2403-P-3600,IO2403-P-3600,67.4,0.0,0.0,0.0,12,65.6,67.4,9,67.4,65.6,0.0,0.0,0.0,0.0,176
2023-05-11 09:48:43,IO2403-P-3600,IO2403-P-3600,67.4,0.0,0.0,0.0,6,65.8,67.4,9,67.4,65.6,0.0,0.0,0.0,0.0,176
2023-05-11 09:48:45,IO2403-P-3600,IO2403-P-3600,67.4,0.0,0.0,0.0,6,65.8,67.4,6,67.4,65.6,0.0,0.0,0.0,0.0,176
2023-05-11 09:48:46,IO2403-P-3600,IO2403-P-3600,67.4,0.0,0.0,0.0,6,65.6,67.6,6,67.4,65.6,0.0,0.0,0.0,0.0,176
2023-05-11 09:48:46,IO2403-P-3600,IO2403-P-3600,67.4,0.0,0.0,0.0,6,65.6,67.4,3,67.4,65.6,0.0,0.0,0.0,0.0,176
2023-05-11 09:48:47,IO2403-P-3600,IO2403-P-3600,67.4,0.0,0.0,0.0,12,65.6,67.2,6,67.4,65.6,0.0,0.0,0.0,0.0,176
2023-05-11 09:49:02,IO2403-P-3600,IO2403-P-3600,67.4,0.0,0.0,0.0,6,65.6,67.2,9,67.4,65.6,0.0,0.0,0.0,0.0,176
2023-05-11 09:49:02,IO2403-P-3600,IO2403-P-3600,67.4,0.0,0.0,0.0,6,65.6,67.0,6,67.4,65.6,0.0,0.0,0.0,0.0,176
2023-05-11 09:49:04,IO2403-P-3600,IO2403-P-3600,67.4,0.0,0.0,0.0,12,65.6,67.2,6,67.4,65.6,0.0,0.0,0.0,0.0,176
2023-05-11 09:49:05,IO2403-P-3600,IO2403-P-3600,67.4,0.0,0.0,0.0,6,65.8,67.4,1,67.4,65.6,0.0,0.0,0.0,0.0,176
2023-05-11 09:49:08,IO2403-P-3600,IO2403-P-3600,67.4,0.0,0.0,0.0,6,65.8,67.6,9,67.4,65.6,0.0,0.0,0.0,0.0,176
2023-05-11 09:49:09,IO2403-P-3600,IO2403-P-3600,67.4,0.0,0.0,0.0,6,65.8,67.6,6,67.4,65.6,0.0,0.0,0.0,0.0,176
2023-05-11 09:49:09,IO2403-P-3600,IO2403-P-3600,67.4,0.0,0.0,0.0,6,65.8,67.8,18,67.4,65.6,0.0,0.0,0.0,0.0,176
2023-05-11 09:49:10,IO2403-P-3600,IO2403-P-3600,67.4,0.0,0.0,0.0,6,65.8,67.8,9,67.4,65.6,0.0,0.0,0.0,0.0,176
2023-05-11 09:49:10,IO2403-P-3600,IO2403-P-3600,67.4,0.0,0.0,0.0,6,65.8,67.8,3,67.4,65.6,0.0,0.0,0.0,0.0,176
2023-05-11 09:49:12,IO2403-P-3600,IO2403-P-3600,67.4,0.0,0.0,0.0,6,65.8,67.8,1,67.4,65.6,0.0,0.0,0.0,0.0,176
2023-05-11 09:49:14,IO2403-P-3600,IO2403-P-3600,67.4,0.0,0.0,0.0,6,65.8,67.8,4,67.4,65.6,0.0,0.0,0.0,0.0,176
2023-05-11 09:49:14,IO2403-P-3600,IO2403-P-3600,67.4,0.0,0.0,0.0,6,65.8,67.8,1,67.4,65.6,0.0,0.0,0.0,0.0,176
2023-05-11 09:49:16,IO2403-P-3600,IO2403-P-3600,67.4,0.0,0.0,0.0,6,65.8,67.8,4,67.4,65.6,0.0,0.0,0.0,0.0,176
2023-05-11 09:49:16,IO2403-P-3600,IO2403-P-3600,67.4,0.0,0.0,0.0,6,65.8,67.8,1,67.4,65.6,0.0,0.0,0.0,0.0,176
2023-05-11 09:49:17,IO2403-P-3600,IO2403-P-3600,67.4,0.0,0.0,0.0,6,65.8,67.8,4,67.4,65.6,0.0,0.0,0.0,0.0,176
2023-05-11 09:49:19,IO2403-P-3600,IO2403-P-3600,67.4,0.0,0.0,0.0,6,65.8,67.8,1,67.4,65.6,0.0,0.0,0.0,0.0,176
2023-05-11 09:49:26,IO2403-P-3600,IO2403-P-3600,67.4,0.0,0.0,0.0,6,65.8,68.0,35,67.4,65.6,0.0,0.0,0.0,0.0,176
2023-05-11 09:49:27,IO2403-P-3600,IO2403-P-3600,67.4,0.0,0.0,0.0,6,65.8,68.0,29,67.4,65.6,0.0,0.0,0.0,0.0,176
2023-05-11 09:49:27,IO2403-P-3600,IO2403-P-3600,67.4,0.0,0.0,0.0,6,65.8,68.0,23,67.4,65.6,0.0,0.0,0.0,0.0,176
2023-05-11 09:49:29,IO2403-P-3600,IO2403-P-3600,67.4,0.0,0.0,0.0,6,65.8,68.0,20,67.4,65.6,0.0,0.0,0.0,0.0,176
2023-05-11 09:49:30,IO2403-P-3600,IO2403-P-3600,67.4,0.0,0.0,0.0,6,65.8,68.0,14,67.4,65.6,0.0,0.0,0.0,0.0,176
2023-05-11 09:49:30,IO2403-P-3600,IO2403-P-3600,67.4,0.0,0.0,0.0,6,65.8,68.0,17,67.4,65.6,0.0,0.0,0.0,0.0,176
2023-05-11 09:49:33,IO2403-P-3600,IO2403-P-3600,67.4,0.0,0.0,0.0,6,65.8,68.0,14,67.4,65.6,0.0,0.0,0.0,0.0,176
2023-05-11 09:49:34,IO2403-P-3600,IO2403-P-3600,67.4,0.0,0.0,0.0,6,65.8,67.8,3,67.4,65.6,0.0,0.0,0.0,0.0,176
2023-05-11 09:49:36,IO2403-P-3600,IO2403-P-3600,67.4,0.0,0.0,0.0,6,65.8,68.0,14,67.4,65.6,0.0,0.0,0.0,0.0,176
2023-05-11 09:49:37,IO2403-P-3600,IO2403-P-3600,67.4,0.0,0.0,0.0,6,65.8,68.0,17,67.4,65.6,0.0,0.0,0.0,0.0,176
2023-05-11 09:49:56,IO2403-P-3600,IO2403-P-3600,67.4,0.0,0.0,0.0,6,65.8,67.8,1,67.4,65.6,0.0,0.0,0.0,0.0,176
2023-05-11 09:49:58,IO2403-P-3600,IO2403-P-3600,67.4,0.0,0.0,0.0,6,65.8,67.6,6,67.4,65.6,0.0,0.0,0.0,0.0,176
2023-05-11 09:49:58,IO2403-P-3600,IO2403-P-3600,67.4,0.0,0.0,0.0,6,65.8,67.4,3,67.4,65.6,0.0,0.0,0.0,0.0,176
2023-05-11 09:50:03,IO2403-P-3600,IO2403-P-3600,67.4,0.0,0.0,0.0,6,65.8,68.0,19,67.4,65.6,0.0,0.0,0.0,0.0,176
2023-05-11 09:50:03,IO2403-P-3600,IO2403-P-3600,67.4,0.0,0.0,0.0,6,65.8,68.0,13,67.4,65.6,0.0,0.0,0.0,0.0,176
2023-05-11 09:50:04,IO2403-P-3600,IO2403-P-3600,67.4,0.0,0.0,0.0,6,65.8,67.8,3,67.4,65.6,0.0,0.0,0.0,0.0,176
2023-05-11 09:50:04,IO2403-P-3600,IO2403-P-3600,67.4,0.0,0.0,0.0,6,65.8,68.0,13,67.4,65.6,0.0,0.0,0.0,0.0,176
2023-05-11 09:50:05,IO2403-P-3600,IO2403-P-3600,67.4,0.0,0.0,0.0,6,65.8,68.0,16,67.4,65.6,0.0,0.0,0.0,0.0,176
2023-05-11 09:50:12,IO2403-P-3600,IO2403-P-3600,67.4,0.0,0.0,0.0,12,65.6,67.8,6,67.4,65.6,0.0,0.0,0.0,0.0,176
2023-05-11 09:50:12,IO2403-P-3600,IO2403-P-3600,67.4,0.0,0.0,0.0,12,65.6,67.8,9,67.4,65.6,0.0,0.0,0.0,0.0,176
2023-05-11 09:50:13,IO2403-P-3600,IO2403-P-3600,67.4,0.0,0.0,0.0,6,65.8,67.6,6,67.4,65.6,0.0,0.0,0.0,0.0,176
2023-05-11 09:50:13,IO2403-P-3600,IO2403-P-3600,67.4,0.0,0.0,0.0,6,65.6,67.4,3,67.4,65.6,0.0,0.0,0.0,0.0,176
2023-05-11 09:50:14,IO2403-P-3600,IO2403-P-3600,67.4,0.0,0.0,0.0,6,65.8,67.4,6,67.4,65.6,0.0,0.0,0.0,0.0,176
2023-05-11 09:50:14,IO2403-P-3600,IO2403-P-3600,67.4,0.0,0.0,0.0,6,65.6,67.6,6,67.4,65.6,0.0,0.0,0.0,0.0,176
2023-05-11 09:50:15,IO2403-P-3600,IO2403-P-3600,67.4,0.0,0.0,0.0,6,65.6,67.4,3,67.4,65.6,0.0,0.0,0.0,0.0,176
2023-05-11 09:50:15,IO2403-P-3600,IO2403-P-3600,67.4,0.0,0.0,0.0,6,65.8,67.4,6,67.4,65.6,0.0,0.0,0.0,0.0,176
2023-05-11 09:50:16,IO2403-P-3600,IO2403-P-3600,67.4,0.0,0.0,0.0,6,65.6,67.6,6,67.4,65.6,0.0,0.0,0.0,0.0,176
2023-05-11 09:50:16,IO2403-P-3600,IO2403-P-3600,67.4,0.0,0.0,0.0,6,65.6,67.6,9,67.4,65.6,0.0,0.0,0.0,0.0,176
2023-05-11 09:50:17,IO2403-P-3600,IO2403-P-3600,67.4,0.0,0.0,0.0,12,65.6,67.4,6,67.4,65.6,0.0,0.0,0.0,0.0,176
2023-05-11 09:50:17,IO2403-P-3600,IO2403-P-3600,67.4,0.0,0.0,0.0,12,65.6,67.2,3,67.4,65.6,0.0,0.0,0.0,0.0,176
2023-05-11 09:50:18,IO2403-P-3600,IO2403-P-3600,67.4,0.0,0.0,0.0,6,65.8,67.2,3,67.4,65.6,0.0,0.0,0.0,0.0,176
2023-05-11 09:50:20,IO2403-P-3600,IO2403-P-3600,67.4,0.0,0.0,0.0,6,65.8,67.4,6,67.4,65.6,0.0,0.0,0.0,0.0,176
2023-05-11 09:50:20,IO2403-P-3600,IO2403-P-3600,67.4,0.0,0.0,0.0,6,65.6,67.6,6,67.4,65.6,0.0,0.0,0.0,0.0,176
2023-05-11 09:50:21,IO2403-P-3600,IO2403-P-3600,67.4,0.0,0.0,0.0,6,65.6,67.6,9,67.4,65.6,0.0,0.0,0.0,0.0,176
2023-05-11 09:50:21,IO2403-P-3600,IO2403-P-3600,67.4,0.0,0.0,0.0,12,65.6,67.4,6,67.4,65.6,0.0,0.0,0.0,0.0,176
2023-05-11 09:50:22,IO2403-P-3600,IO2403-P-3600,67.4,0.0,0.0,0.0,12,65.6,67.4,9,67.4,65.6,0.0,0.0,0.0,0.0,176
2023-05-11 09:50:22,IO2403-P-3600,IO2403-P-3600,67.4,0.0,0.0,0.0,6,65.8,67.4,9,67.4,65.6,0.0,0.0,0.0,0.0,176
2023-05-11 09:50:27,IO2403-P-3600,IO2403-P-3600,67.4,0.0,0.0,0.0,6,65.8,67.6,6,67.4,65.6,0.0,0.0,0.0,0.0,176
2023-05-11 09:50:28,IO2403-P-3600,IO2403-P-3600,67.4,0.0,0.0,0.0,6,65.8,67.6,9,67.4,65.6,0.0,0.0,0.0,0.0,176
2023-05-11 09:50:28,IO2403-P-3600,IO2403-P-3600,67.4,0.0,0.0,0.0,6,65.8,67.6,6,67.4,65.6,0.0,0.0,0.0,0.0,176
2023-05-11 09:50:29,IO2403-P-3600,IO2403-P-3600,67.4,0.0,0.0,0.0,6,65.8,67.4,3,67.4,65.6,0.0,0.0,0.0,0.0,176
2023-05-11 09:50:30,IO2403-P-3600,IO2403-P-3600,67.4,0.0,0.0,0.0,6,65.8,67.4,9,67.4,65.6,0.0,0.0,0.0,0.0,176
2023-05-11 09:50:31,IO2403-P-3600,IO2403-P-3600,67.4,0.0,0.0,0.0,6,65.6,67.2,6,67.4,65.6,0.0,0.0,0.0,0.0,176
2023-05-11 09:50:32,IO2403-P-3600,IO2403-P-3600,67.4,0.0,0.0,0.0,6,65.6,67.4,6,67.4,65.6,0.0,0.0,0.0,0.0,176
2023-05-11 09:50:32,IO2403-P-3600,IO2403-P-3600,67.4,0.0,0.0,0.0,6,65.6,67.2,3,67.4,65.6,0.0,0.0,0.0,0.0,176
2023-05-11 09:50:33,IO2403-P-3600,IO2403-P-3600,67.4,0.0,0.0,0.0,12,65.6,67.2,9,67.4,65.6,0.0,0.0,0.0,0.0,176
2023-05-11 09:50:39,IO2403-P-3600,IO2403-P-3600,67.4,0.0,0.0,0.0,12,65.6,67.2,6,67.4,65.6,0.0,0.0,0.0,0.0,176
2023-05-11 09:50:40,IO2403-P-3600,IO2403-P-3600,67.4,0.0,0.0,0.0,6,65.6,67.4,6,67.4,65.6,0.0,0.0,0.0,0.0,176
2023-05-11 09:50:40,IO2403-P-3600,IO2403-P-3600,67.4,0.0,0.0,0.0,6,65.6,67.4,9,67.4,65.6,0.0,0.0,0.0,0.0,176
2023-05-11 09:50:41,IO2403-P-3600,IO2403-P-3600,67.4,0.0,0.0,0.0,6,65.6,67.2,6,67.4,65.6,0.0,0.0,0.0,0.0,176
2023-05-11 09:50:41,IO2403-P-3600,IO2403-P-3600,67.4,0.0,0.0,0.0,6,65.6,67.4,6,67.4,65.6,0.0,0.0,0.0,0.0,176
2023-05-11 09:50:42,IO2403-P-3600,IO2403-P-3600,67.4,0.0,0.0,0.0,6,65.6,67.4,9,67.4,65.6,0.0,0.0,0.0,0.0,176
2023-05-11 09:50:42,IO2403-P-3600,IO2403-P-3600,67.4,0.0,0.0,0.0,6,65.6,67.2,6,67.4,65.6,0.0,0.0,0.0,0.0,176
2023-05-11 09:50:43,IO2403-P-3600,IO2403-P-3600,67.4,0.0,0.0,0.0,6,65.6,67.2,9,67.4,65.6,0.0,0.0,0.0,0.0,176
2023-05-11 09:50:43,IO2403-P-3600,IO2403-P-3600,67.4,0.0,0.0,0.0,12,65.6,67.2,9,67.4,65.6,0.0,0.0,0.0,0.0,176
2023-05-11 09:50:53,IO2403-P-3600,IO2403-P-3600,67.4,0.0,0.0,0.0,6,65.6,67.0,6,67.4,65.6,0.0,0.0,0.0,0.0,176
2023-05-11 09:50:53,IO2403-P-3600,IO2403-P-3600,67.4,0.0,0.0,0.0,6,65.6,67.0,9,67.4,65.6,0.0,0.0,0.0,0.0,176
2023-05-11 09:50:57,IO2403-P-3600,IO2403-P-3600,67.4,0.0,0.0,0.0,6,65.6,67.0,6,67.4,65.6,0.0,0.0,0.0,0.0,176
2023-05-11 09:50:58,IO2403-P-3600,IO2403-P-3600,67.4,0.0,0.0,0.0,6,65.6,67.4,6,67.4,65.6,0.0,0.0,0.0,0.0,176
2023-05-11 09:50:58,IO2403-P-3600,IO2403-P-3600,67.4,0.0,0.0,0.0,6,65.6,67.4,9,67.4,65.6,0.0,0.0,0.0,0.0,176
2023-05-11 09:50:59,IO2403-P-3600,IO2403-P-3600,67.4,0.0,0.0,0.0,6,65.6,67.2,6,67.4,65.6,0.0,0.0,0.0,0.0,176
2023-05-11 09:50:59,IO2403-P-3600,IO2403-P-3600,67.4,0.0,0.0,0.0,6,65.6,67.0,3,67.4,65.6,0.0,0.0,0.0,0.0,176
2023-05-11 09:51:00,IO2403-P-3600,IO2403-P-3600,67.4,0.0,0.0,0.0,6,65.6,67.0,9,67.4,65.6,0.0,0.0,0.0,0.0,176
2023-05-11 09:51:06,IO2403-P-3600,IO2403-P-3600,67.4,0.0,0.0,0.0,12,65.6,67.2,6,67.4,65.6,0.0,0.0,0.0,0.0,176
2023-05-11 09:51:06,IO2403-P-3600,IO2403-P-3600,67.4,0.0,0.0,0.0,6,65.6,67.4,6,67.4,65.6,0.0,0.0,0.0,0.0,176
2023-05-11 09:51:07,IO2403-P-3600,IO2403-P-3600,67.4,0.0,0.0,0.0,6,65.6,67.2,3,67.4,65.6,0.0,0.0,0.0,0.0,176
2023-05-11 09:51:07,IO2403-P-3600,IO2403-P-3600,67.4,0.0,0.0,0.0,12,65.6,67.2,9,67.4,65.6,0.0,0.0,0.0,0.0,176
2023-05-11 09:51:08,IO2403-P-3600,IO2403-P-3600,67.4,0.0,0.0,0.0,6,65.8,67.2,3,67.4,65.6,0.0,0.0,0.0,0.0,176
2023-05-11 09:51:09,IO2403-P-3600,IO2403-P-3600,67.4,0.0,0.0,0.0,6,65.8,67.4,6,67.4,65.6,0.0,0.0,0.0,0.0,176
2023-05-11 09:51:09,IO2403-P-3600,IO2403-P-3600,67.4,0.0,0.0,0.0,12,65.6,67.4,6,67.4,65.6,0.0,0.0,0.0,0.0,176
2023-05-11 09:51:10,IO2403-P-3600,IO2403-P-3600,67.4,0.0,0.0,0.0,12,65.6,67.2,3,67.4,65.6,0.0,0.0,0.0,0.0,176
2023-05-11 09:51:10,IO2403-P-3600,IO2403-P-3600,67.4,0.0,0.0,0.0,6,65.8,67.2,3,67.4,65.6,0.0,0.0,0.0,0.0,176
2023-05-11 09:51:18,IO2403-P-3600,IO2403-P-3600,67.4,0.0,0.0,0.0,6,65.8,67.4,6,67.4,65.6,0.0,0.0,0.0,0.0,176
2023-05-11 09:51:19,IO2403-P-3600,IO2403-P-3600,67.4,0.0,0.0,0.0,6,65.8,67.6,19,67.4,65.6,0.0,0.0,0.0,0.0,176
2023-05-11 09:51:19,IO2403-P-3600,IO2403-P-3600,67.4,0.0,0.0,0.0,6,65.8,67.4,3,67.4,65.6,0.0,0.0,0.0,0.0,176
2023-05-11 09:51:20,IO2403-P-3600,IO2403-P-3600,67.4,0.0,0.0,0.0,6,65.8,67.6,7,67.4,65.6,0.0,0.0,0.0,0.0,176
2023-05-11 09:51:21,IO2403-P-3600,IO2403-P-3600,67.4,0.0,0.0,0.0,6,65.8,67.4,3,67.4,65.6,0.0,0.0,0.0,0.0,176
2023-05-11 09:51:22,IO2403-P-3600,IO2403-P-3600,67.4,0.0,0.0,0.0,6,65.6,67.6,7,67.4,65.6,0.0,0.0,0.0,0.0,176
2023-05-11 09:51:22,IO2403-P-3600,IO2403-P-3600,67.4,0.0,0.0,0.0,12,65.6,67.4,6,67.4,65.6,0.0,0.0,0.0,0.0,176
2023-05-11 09:51:23,IO2403-P-3600,IO2403-P-3600,67.4,0.0,0.0,0.0,12,65.6,67.4,9,67.4,65.6,0.0,0.0,0.0,0.0,176
2023-05-11 09:51:23,IO2403-P-3600,IO2403-P-3600,67.4,0.0,0.0,0.0,6,65.8,67.4,9,67.4,65.6,0.0,0.0,0.0,0.0,176
2023-05-11 09:51:40,IO2403-P-3600,IO2403-P-3600,67.4,0.0,0.0,0.0,6,65.6,67.2,6,67.4,65.6,0.0,0.0,0.0,0.0,176
2023-05-11 09:51:40,IO2403-P-3600,IO2403-P-3600,67.4,0.0,0.0,0.0,6,65.6,67.4,6,67.4,65.6,0.0,0.0,0.0,0.0,176
2023-05-11 09:51:41,IO2403-P-3600,IO2403-P-3600,67.4,0.0,0.0,0.0,12,65.6,67.2,3,67.4,65.6,0.0,0.0,0.0,0.0,176
2023-05-11 09:51:41,IO2403-P-3600,IO2403-P-3600,67.4,0.0,0.0,0.0,6,65.8,67.2,3,67.4,65.6,0.0,0.0,0.0,0.0,176
2023-05-11 09:51:42,IO2403-P-3600,IO2403-P-3600,67.4,0.0,0.0,0.0,6,65.8,67.4,6,67.4,65.6,0.0,0.0,0.0,0.0,176
2023-05-11 09:51:42,IO2403-P-3600,IO2403-P-3600,67.4,0.0,0.0,0.0,12,65.6,67.4,6,67.4,65.6,0.0,0.0,0.0,0.0,176
2023-05-11 09:51:43,IO2403-P-3600,IO2403-P-3600,67.4,0.0,0.0,0.0,12,65.6,67.4,9,67.4,65.6,0.0,0.0,0.0,0.0,176
2023-05-11 09:51:43,IO2403-P-3600,IO2403-P-3600,67.4,0.0,0.0,0.0,6,65.8,67.4,9,67.4,65.6,0.0,0.0,0.0,0.0,176
2023-05-11 09:51:54,IO2403-P-3600,IO2403-P-3600,67.4,0.0,0.0,0.0,6,65.8,67.4,3,67.4,65.6,0.0,0.0,0.0,0.0,176
2023-05-11 09:51:57,IO2403-P-3600,IO2403-P-3600,67.4,0.0,0.0,0.0,6,65.8,67.4,9,67.4,65.6,0.0,0.0,0.0,0.0,176
2023-05-11 09:52:21,IO2403-P-3600,IO2403-P-3600,67.4,0.0,0.0,0.0,6,65.8,67.4,6,67.4,65.6,0.0,0.0,0.0,0.0,176
2023-05-11 09:52:21,IO2403-P-3600,IO2403-P-3600,67.4,0.0,0.0,0.0,12,65.6,67.4,6,67.4,65.6,0.0,0.0,0.0,0.0,176
2023-05-11 09:52:23,IO2403-P-3600,IO2403-P-3600,67.4,0.0,0.0,0.0,12,65.6,67.4,9,67.4,65.6,0.0,0.0,0.0,0.0,176
2023-05-11 09:52:23,IO2403-P-3600,IO2403-P-3600,67.4,0.0,0.0,0.0,6,65.8,67.4,9,67.4,65.6,0.0,0.0,0.0,0.0,176
2023-05-11 09:52:39,IO2403-P-3600,IO2403-P-3600,67.4,0.0,0.0,0.0,6,65.8,67.4,6,67.4,65.6,0.0,0.0,0.0,0.0,176
2023-05-11 09:52:40,IO2403-P-3600,IO2403-P-3600,67.4,0.0,0.0,0.0,12,65.6,67.4,6,67.4,65.6,0.0,0.0,0.0,0.0,176
2023-05-11 09:52:40,IO2403-P-3600,IO2403-P-3600,67.4,0.0,0.0,0.0,12,65.6,67.4,9,67.4,65.6,0.0,0.0,0.0,0.0,176
2023-05-11 09:52:41,IO2403-P-3600,IO2403-P-3600,67.4,0.0,0.0,0.0,6,65.8,67.4,9,67.4,65.6,0.0,0.0,0.0,0.0,176
2023-05-11 09:52:43,IO2403-P-3600,IO2403-P-3600,67.4,0.0,0.0,0.0,6,65.6,67.2,6,67.4,65.6,0.0,0.0,0.0,0.0,176
2023-05-11 09:52:43,IO2403-P-3600,IO2403-P-3600,67.4,0.0,0.0,0.0,6,65.6,67.4,6,67.4,65.6,0.0,0.0,0.0,0.0,176
2023-05-11 09:52:44,IO2403-P-3600,IO2403-P-3600,67.4,0.0,0.0,0.0,6,65.6,67.2,3,67.4,65.6,0.0,0.0,0.0,0.0,176
2023-05-11 09:52:44,IO2403-P-3600,IO2403-P-3600,67.4,0.0,0.0,0.0,6,65.6,67.0,6,67.4,65.6,0.0,0.0,0.0,0.0,176
2023-05-11 09:52:47,IO2403-P-3600,IO2403-P-3600,67.4,0.0,0.0,0.0,6,65.6,67.0,9,67.4,65.6,0.0,0.0,0.0,0.0,176
2023-05-11 09:52:47,IO2403-P-3600,IO2403-P-3600,67.4,0.0,0.0,0.0,6,65.6,67.0,6,67.4,65.6,0.0,0.0,0.0,0.0,176
2023-05-11 09:52:48,IO2403-P-3600,IO2403-P-3600,67.4,0.0,0.0,0.0,6,65.6,67.4,6,67.4,65.6,0.0,0.0,0.0,0.0,176
2023-05-11 09:52:48,IO2403-P-3600,IO2403-P-3600,67.4,0.0,0.0,0.0,6,65.6,67.2,3,67.4,65.6,0.0,0.0,0.0,0.0,176
2023-05-11 09:52:49,IO2403-P-3600,IO2403-P-3600,67.4,0.0,0.0,0.0,6,65.6,67.0,6,67.4,65.6,0.0,0.0,0.0,0.0,176
2023-05-11 09:52:49,IO2403-P-3600,IO2403-P-3600,67.4,0.0,0.0,0.0,6,65.6,67.0,9,67.4,65.6,0.0,0.0,0.0,0.0,176
2023-05-11 09:52:50,IO2403-P-3600,IO2403-P-3600,67.4,0.0,0.0,0.0,6,65.6,67.0,6,67.4,65.6,0.0,0.0,0.0,0.0,176
2023-05-11 09:52:50,IO2403-P-3600,IO2403-P-3600,67.4,0.0,0.0,0.0,6,65.6,67.4,6,67.4,65.6,0.0,0.0,0.0,0.0,176
2023-05-11 09:52:51,IO2403-P-3600,IO2403-P-3600,67.4,0.0,0.0,0.0,6,65.6,67.4,9,67.4,65.6,0.0,0.0,0.0,0.0,176
2023-05-11 09:52:51,IO2403-P-3600,IO2403-P-3600,67.4,0.0,0.0,0.0,6,65.6,67.2,6,67.4,65.6,0.0,0.0,0.0,0.0,176
2023-05-11 09:52:52,IO2403-P-3600,IO2403-P-3600,67.4,0.0,0.0,0.0,6,65.6,67.0,3,67.4,65.6,0.0,0.0,0.0,0.0,176
2023-05-11 09:52:52,IO2403-P-3600,IO2403-P-3600,67.4,0.0,0.0,0.0,6,65.6,67.0,9,67.4,65.6,0.0,0.0,0.0,0.0,176
2023-05-11 09:52:53,IO2403-P-3600,IO2403-P-3600,67.4,0.0,0.0,0.0,6,65.6,67.0,6,67.4,65.6,0.0,0.0,0.0,0.0,176
2023-05-11 09:52:53,IO2403-P-3600,IO2403-P-3600,67.4,0.0,0.0,0.0,6,65.6,67.4,6,67.4,65.6,0.0,0.0,0.0,0.0,176
2023-05-11 09:52:54,IO2403-P-3600,IO2403-P-3600,67.4,0.0,0.0,0.0,6,65.6,67.4,9,67.4,65.6,0.0,0.0,0.0,0.0,176
2023-05-11 09:52:55,IO2403-P-3600,IO2403-P-3600,67.4,0.0,0.0,0.0,6,65.6,67.2,6,67.4,65.6,0.0,0.0,0.0,0.0,176
2023-05-11 09:52:56,IO2403-P-3600,IO2403-P-3600,67.4,0.0,0.0,0.0,6,65.6,66.6,2,67.4,65.6,0.0,0.0,0.0,0.0,176
2023-05-11 09:52:57,IO2403-P-3600,IO2403-P-3600,67.4,0.0,0.0,0.0,12,65.6,66.6,2,67.4,65.6,0.0,0.0,0.0,0.0,176
2023-05-11 09:53:24,IO2403-P-3600,IO2403-P-3600,67.4,0.0,0.0,0.0,6,65.6,66.6,2,67.4,65.6,0.0,0.0,0.0,0.0,176
2023-05-11 09:53:25,IO2403-P-3600,IO2403-P-3600,65.6,2.0,13120.0,0.0,4,65.6,66.6,2,67.4,65.6,65.6,65.6,2.0,13120.0,176
2023-05-11 09:53:25,IO2403-P-3600,IO2403-P-3600,65.6,0.0,0.0,0.0,6,65.6,66.6,2,67.4,65.6,65.6,65.6,2.0,13120.0,176
2023-05-11 09:53:37,IO2403-P-3600,IO2403-P-3600,65.6,0.0,0.0,0.0,12,65.6,66.6,2,67.4,65.6,65.6,65.6,2.0,13120.0,176
2023-05-11 09:54:12,IO2403-P-3600,IO2403-P-3600,65.6,0.0,0.0,0.0,6,65.8,66.6,2,67.4,65.6,65.6,65.6,2.0,13120.0,176
2023-05-11 09:54:18,IO2403-P-3600,IO2403-P-3600,65.6,0.0,0.0,0.0,12,65.6,66.6,2,67.4,65.6,65.6,65.6,2.0,13120.0,176
2023-05-11 09:54:37,IO2403-P-3600,IO2403-P-3600,65.6,0.0,0.0,0.0,6,65.6,66.6,2,67.4,65.6,65.6,65.6,2.0,13120.0,176
2023-05-11 09:54:57,IO2403-P-3600,IO2403-P-3600,65.6,0.0,0.0,0.0,12,65.6,66.6,2,67.4,65.6,65.6,65.6,2.0,13120.0,176
2023-05-11 09:55:11,IO2403-P-3600,IO2403-P-3600,65.6,0.0,0.0,0.0,6,65.6,66.6,2,67.4,65.6,65.6,65.6,2.0,13120.0,176
2023-05-11 09:55:18,IO2403-P-3600,IO2403-P-3600,65.6,0.0,0.0,0.0,18,65.2,66.6,2,67.4,65.6,65.6,65.6,2.0,13120.0,176
2023-05-11 09:55:18,IO2403-P-3600,IO2403-P-3600,65.6,0.0,0.0,0.0,12,65.2,66.6,2,67.4,65.6,65.6,65.6,2.0,13120.0,176
2023-05-11 09:55:19,IO2403-P-3600,IO2403-P-3600,65.6,0.0,0.0,0.0,6,65.2,66.6,2,67.4,65.6,65.6,65.6,2.0,13120.0,176
2023-05-11 09:55:29,IO2403-P-3600,IO2403-P-3600,65.2,1.0,6520.0,1.0,6,65.2,66.6,2,67.4,65.6,65.6,65.2,3.0,19640.0,177
2023-05-11 09:55:46,IO2403-P-3600,IO2403-P-3600,65.2,1.0,6520.0,1.0,6,65.2,66.6,2,67.4,65.6,65.6,65.2,4.0,26160.0,178
2023-05-11 09:56:21,IO2403-P-3600,IO2403-P-3600,65.2,0.0,0.0,0.0,24,65.0,66.6,8,67.4,65.6,65.6,65.2,4.0,26160.0,178
2023-05-11 09:56:21,IO2403-P-3600,IO2403-P-3600,65.2,0.0,0.0,0.0,18,65.0,66.6,8,67.4,65.6,65.6,65.2,4.0,26160.0,178
2023-05-11 09:56:22,IO2403-P-3600,IO2403-P-3600,65.2,0.0,0.0,0.0,12,65.0,66.6,8,67.4,65.6,65.6,65.2,4.0,26160.0,178
2023-05-11 09:56:22,IO2403-P-3600,IO2403-P-3600,65.2,0.0,0.0,0.0,6,65.0,66.6,8,67.4,65.6,65.6,65.2,4.0,26160.0,178
2023-05-11 09:56:23,IO2403-P-3600,IO2403-P-3600,65.2,0.0,0.0,0.0,6,65.0,66.6,2,67.4,65.6,65.6,65.2,4.0,26160.0,178
2023-05-11 09:56:32,IO2403-P-3600,IO2403-P-3600,65.2,0.0,0.0,0.0,37,64.8,66.4,6,67.4,65.6,65.6,65.2,4.0,26160.0,178
2023-05-11 09:56:32,IO2403-P-3600,IO2403-P-3600,65.2,0.0,0.0,0.0,19,64.8,66.4,6,67.4,65.6,65.6,65.2,4.0,26160.0,178
2023-05-11 09:56:35,IO2403-P-3600,IO2403-P-3600,65.2,0.0,0.0,0.0,13,64.8,66.4,6,67.4,65.6,65.6,65.2,4.0,26160.0,178
2023-05-11 09:56:41,IO2403-P-3600,IO2403-P-3600,65.2,0.0,0.0,0.0,7,64.8,66.4,6,67.4,65.6,65.6,65.2,4.0,26160.0,178
2023-05-11 09:56:42,IO2403-P-3600,IO2403-P-3600,65.2,0.0,0.0,0.0,1,64.8,66.4,6,67.4,65.6,65.6,65.2,4.0,26160.0,178
2023-05-11 09:56:46,IO2403-P-3600,IO2403-P-3600,65.2,0.0,0.0,0.0,7,64.8,66.6,8,67.4,65.6,65.6,65.2,4.0,26160.0,178
2023-05-11 09:56:46,IO2403-P-3600,IO2403-P-3600,65.2,0.0,0.0,0.0,7,64.8,66.4,6,67.4,65.6,65.6,65.2,4.0,26160.0,178
2023-05-11 09:57:00,IO2403-P-3600,IO2403-P-3600,65.2,0.0,0.0,0.0,1,64.8,66.4,6,67.4,65.6,65.6,65.2,4.0,26160.0,178
2023-05-11 09:57:30,IO2403-P-3600,IO2403-P-3600,65.2,0.0,0.0,0.0,12,64.6,66.4,6,67.4,65.6,65.6,65.2,4.0,26160.0,178
2023-05-11 09:57:30,IO2403-P-3600,IO2403-P-3600,65.2,0.0,0.0,0.0,6,64.6,66.4,6,67.4,65.6,65.6,65.2,4.0,26160.0,178
2023-05-11 09:58:16,IO2403-P-3600,IO2403-P-3600,65.2,0.0,0.0,0.0,12,64.6,66.4,6,67.4,65.6,65.6,65.2,4.0,26160.0,178
2023-05-11 09:59:04,IO2403-P-3600,IO2403-P-3600,65.2,0.0,0.0,0.0,1,64.8,66.4,6,67.4,65.6,65.6,65.2,4.0,26160.0,178
2023-05-11 09:59:05,IO2403-P-3600,IO2403-P-3600,65.2,0.0,0.0,0.0,6,65.0,66.6,2,67.4,65.6,65.6,65.2,4.0,26160.0,178
2023-05-11 09:59:07,IO2403-P-3600,IO2403-P-3600,65.2,0.0,0.0,0.0,7,64.8,66.6,8,67.4,65.6,65.6,65.2,4.0,26160.0,178
2023-05-11 09:59:07,IO2403-P-3600,IO2403-P-3600,65.2,0.0,0.0,0.0,7,64.8,66.4,6,67.4,65.6,65.6,65.2,4.0,26160.0,178
2023-05-11 09:59:22,IO2403-P-3600,IO2403-P-3600,65.2,0.0,0.0,0.0,1,64.8,66.4,6,67.4,65.6,65.6,65.2,4.0,26160.0,178
2023-05-11 09:59:27,IO2403-P-3600,IO2403-P-3600,65.2,0.0,0.0,0.0,7,64.8,66.4,6,67.4,65.6,65.6,65.2,4.0,26160.0,178
2023-05-11 09:59:28,IO2403-P-3600,IO2403-P-3600,65.2,0.0,0.0,0.0,1,64.8,66.4,6,67.4,65.6,65.6,65.2,4.0,26160.0,178
2023-05-11 09:59:50,IO2403-P-3600,IO2403-P-3600,65.2,0.0,0.0,0.0,7,64.8,66.4,6,67.4,65.6,65.6,65.2,4.0,26160.0,178
2023-05-11 09:59:55,IO2403-P-3600,IO2403-P-3600,65.2,0.0,0.0,0.0,1,64.8,66.4,6,67.4,65.6,65.6,65.2,4.0,26160.0,178
2023-05-11 10:00:10,IO2403-P-3600,IO2403-P-3600,65.2,0.0,0.0,0.0,7,64.8,66.4,6,67.4,65.6,65.6,65.2,4.0,26160.0,178
2023-05-11 10:00:40,IO2403-P-3600,IO2403-P-3600,65.2,0.0,0.0,0.0,1,64.8,66.4,6,67.4,65.6,65.6,65.2,4.0,26160.0,178
2023-05-11 10:01:01,IO2403-P-3600,IO2403-P-3600,65.2,0.0,0.0,0.0,7,64.8,66.4,6,67.4,65.6,65.6,65.2,4.0,26160.0,178
2023-05-11 10:01:06,IO2403-P-3600,IO2403-P-3600,65.2,0.0,0.0,0.0,1,64.8,66.4,6,67.4,65.6,65.6,65.2,4.0,26160.0,178
2023-05-11 10:01:09,IO2403-P-3600,IO2403-P-3600,65.2,0.0,0.0,0.0,7,64.8,66.4,6,67.4,65.6,65.6,65.2,4.0,26160.0,178
2023-05-11 10:01:42,IO2403-P-3600,IO2403-P-3600,65.2,0.0,0.0,0.0,13,64.8,66.4,6,67.4,65.6,65.6,65.2,4.0,26160.0,178
2023-05-11 10:02:25,IO2403-P-3600,IO2403-P-3600,65.2,0.0,0.0,0.0,12,64.8,66.4,6,67.4,65.6,65.6,65.2,4.0,26160.0,178
2023-05-11 10:02:25,IO2403-P-3600,IO2403-P-3600,65.2,0.0,0.0,0.0,12,64.8,66.0,1,67.4,65.6,65.6,65.2,4.0,26160.0,178
2023-05-11 10:02:27,IO2403-P-3600,IO2403-P-3600,65.2,0.0,0.0,0.0,6,64.8,66.0,1,67.4,65.6,65.6,65.2,4.0,26160.0,178
2023-05-11 10:02:30,IO2403-P-3600,IO2403-P-3600,65.2,0.0,0.0,0.0,12,64.8,66.0,1,67.4,65.6,65.6,65.2,4.0,26160.0,178
2023-05-11 10:02:33,IO2403-P-3600,IO2403-P-3600,65.2,0.0,0.0,0.0,6,64.8,66.0,1,67.4,65.6,65.6,65.2,4.0,26160.0,178
2023-05-11 10:02:33,IO2403-P-3600,IO2403-P-3600,65.2,0.0,0.0,0.0,18,64.6,66.0,1,67.4,65.6,65.6,65.2,4.0,26160.0,178
2023-05-11 10:02:39,IO2403-P-3600,IO2403-P-3600,65.2,0.0,0.0,0.0,6,64.8,66.0,1,67.4,65.6,65.6,65.2,4.0,26160.0,178
2023-05-11 10:02:40,IO2403-P-3600,IO2403-P-3600,65.2,0.0,0.0,0.0,6,64.8,66.6,9,67.4,65.6,65.6,65.2,4.0,26160.0,178
2023-05-11 10:02:42,IO2403-P-3600,IO2403-P-3600,65.2,0.0,0.0,0.0,15,64.8,66.6,9,67.4,65.6,65.6,65.2,4.0,26160.0,178
2023-05-11 10:02:43,IO2403-P-3600,IO2403-P-3600,65.2,0.0,0.0,0.0,6,65.0,66.6,9,67.4,65.6,65.6,65.2,4.0,26160.0,178
2023-05-11 10:02:45,IO2403-P-3600,IO2403-P-3600,65.2,0.0,0.0,0.0,9,64.8,66.4,6,67.4,65.6,65.6,65.2,4.0,26160.0,178
2023-05-11 10:02:45,IO2403-P-3600,IO2403-P-3600,65.2,0.0,0.0,0.0,6,64.8,66.4,6,67.4,65.6,65.6,65.2,4.0,26160.0,178
2023-05-11 10:02:47,IO2403-P-3600,IO2403-P-3600,65.2,0.0,0.0,0.0,12,64.8,66.6,9,67.4,65.6,65.6,65.2,4.0,26160.0,178
2023-05-11 10:02:47,IO2403-P-3600,IO2403-P-3600,65.2,0.0,0.0,0.0,12,64.8,66.4,6,67.4,65.6,65.6,65.2,4.0,26160.0,178
2023-05-11 10:02:58,IO2403-P-3600,IO2403-P-3600,65.2,0.0,0.0,0.0,6,64.8,66.4,6,67.4,65.6,65.6,65.2,4.0,26160.0,178
2023-05-11 10:03:13,IO2403-P-3600,IO2403-P-3600,65.2,0.0,0.0,0.0,6,64.6,66.4,6,67.4,65.6,65.6,65.2,4.0,26160.0,178
2023-05-11 10:03:15,IO2403-P-3600,IO2403-P-3600,65.2,0.0,0.0,0.0,9,64.6,66.4,6,67.4,65.6,65.6,65.2,4.0,26160.0,178
2023-05-11 10:03:16,IO2403-P-3600,IO2403-P-3600,65.2,0.0,0.0,0.0,6,64.6,66.4,6,67.4,65.6,65.6,65.2,4.0,26160.0,178
2023-05-11 10:04:11,IO2403-P-3600,IO2403-P-3600,65.2,0.0,0.0,0.0,6,64.6,66.4,7,67.4,65.6,65.6,65.2,4.0,26160.0,178
2023-05-11 10:04:12,IO2403-P-3600,IO2403-P-3600,65.2,0.0,0.0,0.0,6,64.6,66.2,7,67.4,65.6,65.6,65.2,4.0,26160.0,178
2023-05-11 10:04:12,IO2403-P-3600,IO2403-P-3600,65.2,0.0,0.0,0.0,6,64.6,66.0,6,67.4,65.6,65.6,65.2,4.0,26160.0,178
2023-05-11 10:04:26,IO2403-P-3600,IO2403-P-3600,65.2,0.0,0.0,0.0,6,64.6,65.8,1,67.4,65.6,65.6,65.2,4.0,26160.0,178
2023-05-11 10:04:27,IO2403-P-3600,IO2403-P-3600,65.2,0.0,0.0,0.0,6,64.6,65.6,6,67.4,65.6,65.6,65.2,4.0,26160.0,178
2023-05-11 10:04:32,IO2403-P-3600,IO2403-P-3600,65.2,0.0,0.0,0.0,24,64.2,65.6,6,67.4,65.6,65.6,65.2,4.0,26160.0,178
2023-05-11 10:04:33,IO2403-P-3600,IO2403-P-3600,65.2,0.0,0.0,0.0,6,64.2,65.6,6,67.4,65.6,65.6,65.2,4.0,26160.0,178
2023-05-11 10:04:33,IO2403-P-3600,IO2403-P-3600,65.2,0.0,0.0,0.0,12,64.0,65.6,6,67.4,65.6,65.6,65.2,4.0,26160.0,178
2023-05-11 10:04:34,IO2403-P-3600,IO2403-P-3600,65.2,0.0,0.0,0.0,27,63.8,65.6,6,67.4,65.6,65.6,65.2,4.0,26160.0,178
2023-05-11 10:04:34,IO2403-P-3600,IO2403-P-3600,65.2,0.0,0.0,0.0,9,63.8,65.6,6,67.4,65.6,65.6,65.2,4.0,26160.0,178
2023-05-11 10:04:35,IO2403-P-3600,IO2403-P-3600,65.2,0.0,0.0,0.0,3,63.8,65.6,6,67.4,65.6,65.6,65.2,4.0,26160.0,178
2023-05-11 10:04:37,IO2403-P-3600,IO2403-P-3600,65.2,0.0,0.0,0.0,9,63.8,65.6,6,67.4,65.6,65.6,65.2,4.0,26160.0,178
2023-05-11 10:04:39,IO2403-P-3600,IO2403-P-3600,65.2,0.0,0.0,0.0,6,63.8,65.6,6,67.4,65.6,65.6,65.2,4.0,26160.0,178
2023-05-11 10:04:40,IO2403-P-3600,IO2403-P-3600,65.2,0.0,0.0,0.0,3,64.0,65.6,6,67.4,65.6,65.6,65.2,4.0,26160.0,178
2023-05-11 10:04:41,IO2403-P-3600,IO2403-P-3600,65.2,0.0,0.0,0.0,6,63.8,65.6,6,67.4,65.6,65.6,65.2,4.0,26160.0,178
2023-05-11 10:04:42,IO2403-P-3600,IO2403-P-3600,65.2,0.0,0.0,0.0,9,63.8,65.6,6,67.4,65.6,65.6,65.2,4.0,26160.0,178
2023-05-11 10:04:43,IO2403-P-3600,IO2403-P-3600,65.2,0.0,0.0,0.0,3,63.8,65.6,6,67.4,65.6,65.6,65.2,4.0,26160.0,178
2023-05-11 10:04:58,IO2403-P-3600,IO2403-P-3600,65.2,0.0,0.0,0.0,12,63.6,65.6,6,67.4,65.6,65.6,65.2,4.0,26160.0,178
2023-05-11 10:04:58,IO2403-P-3600,IO2403-P-3600,65.2,0.0,0.0,0.0,6,63.6,65.6,6,67.4,65.6,65.6,65.2,4.0,26160.0,178
2023-05-11 10:04:59,IO2403-P-3600,IO2403-P-3600,65.2,0.0,0.0,0.0,3,63.8,65.6,6,67.4,65.6,65.6,65.2,4.0,26160.0,178
2023-05-11 10:05:00,IO2403-P-3600,IO2403-P-3600,65.2,0.0,0.0,0.0,6,63.6,65.6,6,67.4,65.6,65.6,65.2,4.0,26160.0,178
2023-05-11 10:05:01,IO2403-P-3600,IO2403-P-3600,65.2,0.0,0.0,0.0,9,63.8,65.6,6,67.4,65.6,65.6,65.2,4.0,26160.0,178
2023-05-11 10:05:01,IO2403-P-3600,IO2403-P-3600,65.2,0.0,0.0,0.0,6,63.8,65.6,6,67.4,65.6,65.6,65.2,4.0,26160.0,178
2023-05-11 10:05:02,IO2403-P-3600,IO2403-P-3600,65.2,0.0,0.0,0.0,3,64.0,65.6,6,67.4,65.6,65.6,65.2,4.0,26160.0,178
2023-05-11 10:05:03,IO2403-P-3600,IO2403-P-3600,65.2,0.0,0.0,0.0,6,63.8,65.6,6,67.4,65.6,65.6,65.2,4.0,26160.0,178
2023-05-11 10:05:04,IO2403-P-3600,IO2403-P-3600,65.2,0.0,0.0,0.0,9,63.8,65.6,6,67.4,65.6,65.6,65.2,4.0,26160.0,178
2023-05-11 10:05:05,IO2403-P-3600,IO2403-P-3600,65.2,0.0,0.0,0.0,9,63.8,65.8,7,67.4,65.6,65.6,65.2,4.0,26160.0,178
2023-05-11 10:05:05,IO2403-P-3600,IO2403-P-3600,65.2,0.0,0.0,0.0,6,64.0,65.6,6,67.4,65.6,65.6,65.2,4.0,26160.0,178
2023-05-11 10:05:06,IO2403-P-3600,IO2403-P-3600,65.2,0.0,0.0,0.0,3,64.2,65.6,6,67.4,65.6,65.6,65.2,4.0,26160.0,178
2023-05-11 10:05:11,IO2403-P-3600,IO2403-P-3600,65.2,0.0,0.0,0.0,9,64.2,65.8,7,67.4,65.6,65.6,65.2,4.0,26160.0,178
2023-05-11 10:05:12,IO2403-P-3600,IO2403-P-3600,65.2,0.0,0.0,0.0,6,64.2,65.8,7,67.4,65.6,65.6,65.2,4.0,26160.0,178
2023-05-11 10:05:12,IO2403-P-3600,IO2403-P-3600,65.2,0.0,0.0,0.0,6,63.8,66.0,12,67.4,65.6,65.6,65.2,4.0,26160.0,178
2023-05-11 10:05:13,IO2403-P-3600,IO2403-P-3600,65.2,0.0,0.0,0.0,3,64.4,66.0,6,67.4,65.6,65.6,65.2,4.0,26160.0,178
2023-05-11 10:05:14,IO2403-P-3600,IO2403-P-3600,65.2,0.0,0.0,0.0,3,64.4,66.2,6,67.4,65.6,65.6,65.2,4.0,26160.0,178
2023-05-11 10:05:23,IO2403-P-3600,IO2403-P-3600,65.2,0.0,0.0,0.0,6,64.0,66.2,6,67.4,65.6,65.6,65.2,4.0,26160.0,178
2023-05-11 10:05:23,IO2403-P-3600,IO2403-P-3600,65.2,0.0,0.0,0.0,6,64.0,66.0,1,67.4,65.6,65.6,65.2,4.0,26160.0,178
2023-05-11 10:05:24,IO2403-P-3600,IO2403-P-3600,65.2,0.0,0.0,0.0,3,64.2,65.8,6,67.4,65.6,65.6,65.2,4.0,26160.0,178
2023-05-11 10:05:28,IO2403-P-3600,IO2403-P-3600,65.2,0.0,0.0,0.0,18,64.0,65.8,6,67.4,65.6,65.6,65.2,4.0,26160.0,178
2023-05-11 10:05:29,IO2403-P-3600,IO2403-P-3600,65.2,0.0,0.0,0.0,3,64.2,65.8,6,67.4,65.6,65.6,65.2,4.0,26160.0,178
2023-05-11 10:05:33,IO2403-P-3600,IO2403-P-3600,65.2,0.0,0.0,0.0,6,64.0,65.8,6,67.4,65.6,65.6,65.2,4.0,26160.0,178
2023-05-11 10:05:34,IO2403-P-3600,IO2403-P-3600,65.2,0.0,0.0,0.0,6,63.8,66.0,7,67.4,65.6,65.6,65.2,4.0,26160.0,178
2023-05-11 10:05:34,IO2403-P-3600,IO2403-P-3600,65.2,0.0,0.0,0.0,9,63.8,66.0,7,67.4,65.6,65.6,65.2,4.0,26160.0,178
2023-05-11 10:05:35,IO2403-P-3600,IO2403-P-3600,65.2,0.0,0.0,0.0,6,64.0,65.8,6,67.4,65.6,65.6,65.2,4.0,26160.0,178
2023-05-11 10:05:35,IO2403-P-3600,IO2403-P-3600,65.2,0.0,0.0,0.0,9,64.0,65.8,6,67.4,65.6,65.6,65.2,4.0,26160.0,178
2023-05-11 10:05:37,IO2403-P-3600,IO2403-P-3600,65.2,0.0,0.0,0.0,6,64.0,65.8,6,67.4,65.6,65.6,65.2,4.0,26160.0,178
2023-05-11 10:05:38,IO2403-P-3600,IO2403-P-3600,65.2,0.0,0.0,0.0,6,63.8,66.0,7,67.4,65.6,65.6,65.2,4.0,26160.0,178
2023-05-11 10:05:38,IO2403-P-3600,IO2403-P-3600,65.2,0.0,0.0,0.0,9,63.8,66.0,7,67.4,65.6,65.6,65.2,4.0,26160.0,178
2023-05-11 10:05:39,IO2403-P-3600,IO2403-P-3600,65.2,0.0,0.0,0.0,6,64.0,65.8,6,67.4,65.6,65.6,65.2,4.0,26160.0,178
2023-05-11 10:05:39,IO2403-P-3600,IO2403-P-3600,65.2,0.0,0.0,0.0,3,64.2,65.8,6,67.4,65.6,65.6,65.2,4.0,26160.0,178
2023-05-11 10:05:40,IO2403-P-3600,IO2403-P-3600,65.2,0.0,0.0,0.0,6,64.0,65.8,6,67.4,65.6,65.6,65.2,4.0,26160.0,178
2023-05-11 10:05:41,IO2403-P-3600,IO2403-P-3600,65.2,0.0,0.0,0.0,6,63.8,66.0,7,67.4,65.6,65.6,65.2,4.0,26160.0,178
2023-05-11 10:05:41,IO2403-P-3600,IO2403-P-3600,65.2,0.0,0.0,0.0,33,63.6,65.8,6,67.4,65.6,65.6,65.2,4.0,26160.0,178
2023-05-11 10:05:42,IO2403-P-3600,IO2403-P-3600,65.2,0.0,0.0,0.0,27,63.6,65.8,6,67.4,65.6,65.6,65.2,4.0,26160.0,178
2023-05-11 10:05:52,IO2403-P-3600,IO2403-P-3600,65.2,0.0,0.0,0.0,6,63.8,66.0,8,67.4,65.6,65.6,65.2,4.0,26160.0,178
2023-05-11 10:05:52,IO2403-P-3600,IO2403-P-3600,65.2,0.0,0.0,0.0,6,63.8,66.0,7,67.4,65.6,65.6,65.2,4.0,26160.0,178
2023-05-11 10:06:00,IO2403-P-3600,IO2403-P-3600,65.2,0.0,0.0,0.0,27,63.6,65.8,6,67.4,65.6,65.6,65.2,4.0,26160.0,178
2023-05-11 10:06:01,IO2403-P-3600,IO2403-P-3600,65.2,0.0,0.0,0.0,21,63.6,65.8,6,67.4,65.6,65.6,65.2,4.0,26160.0,178
2023-05-11 10:06:02,IO2403-P-3600,IO2403-P-3600,65.2,0.0,0.0,0.0,18,63.6,65.8,6,67.4,65.6,65.6,65.2,4.0,26160.0,178
2023-05-11 10:06:06,IO2403-P-3600,IO2403-P-3600,65.2,0.0,0.0,0.0,12,63.6,65.8,6,67.4,65.6,65.6,65.2,4.0,26160.0,178
2023-05-11 10:06:06,IO2403-P-3600,IO2403-P-3600,65.2,0.0,0.0,0.0,6,63.6,65.8,6,67.4,65.6,65.6,65.2,4.0,26160.0,178
2023-05-11 10:06:09,IO2403-P-3600,IO2403-P-3600,65.2,0.0,0.0,0.0,12,63.6,65.8,6,67.4,65.6,65.6,65.2,4.0,26160.0,178
2023-05-11 10:06:10,IO2403-P-3600,IO2403-P-3600,65.2,0.0,0.0,0.0,15,63.6,65.8,6,67.4,65.6,65.6,65.2,4.0,26160.0,178
2023-05-11 10:06:12,IO2403-P-3600,IO2403-P-3600,65.2,0.0,0.0,0.0,6,63.8,65.8,6,67.4,65.6,65.6,65.2,4.0,26160.0,178
2023-05-11 10:06:19,IO2403-P-3600,IO2403-P-3600,65.2,0.0,0.0,0.0,15,63.6,65.8,6,67.4,65.6,65.6,65.2,4.0,26160.0,178
2023-05-11 10:06:22,IO2403-P-3600,IO2403-P-3600,65.2,0.0,0.0,0.0,12,63.6,65.8,6,67.4,65.6,65.6,65.2,4.0,26160.0,178
2023-05-11 10:06:25,IO2403-P-3600,IO2403-P-3600,65.2,0.0,0.0,0.0,15,63.6,65.8,6,67.4,65.6,65.6,65.2,4.0,26160.0,178
2023-05-11 10:06:26,IO2403-P-3600,IO2403-P-3600,65.2,0.0,0.0,0.0,12,63.6,65.8,6,67.4,65.6,65.6,65.2,4.0,26160.0,178
2023-05-11 10:06:31,IO2403-P-3600,IO2403-P-3600,65.2,0.0,0.0,0.0,15,63.6,65.8,6,67.4,65.6,65.6,65.2,4.0,26160.0,178
2023-05-11 10:06:32,IO2403-P-3600,IO2403-P-3600,65.2,0.0,0.0,0.0,12,63.6,65.8,6,67.4,65.6,65.6,65.2,4.0,26160.0,178
2023-05-11 10:06:33,IO2403-P-3600,IO2403-P-3600,65.2,0.0,0.0,0.0,15,63.6,65.8,6,67.4,65.6,65.6,65.2,4.0,26160.0,178
2023-05-11 10:06:37,IO2403-P-3600,IO2403-P-3600,65.2,0.0,0.0,0.0,12,63.6,65.8,6,67.4,65.6,65.6,65.2,4.0,26160.0,178
2023-05-11 10:06:38,IO2403-P-3600,IO2403-P-3600,65.2,0.0,0.0,0.0,15,63.6,65.8,6,67.4,65.6,65.6,65.2,4.0,26160.0,178
2023-05-11 10:06:42,IO2403-P-3600,IO2403-P-3600,65.2,0.0,0.0,0.0,6,63.8,66.0,7,67.4,65.6,65.6,65.2,4.0,26160.0,178
2023-05-11 10:06:44,IO2403-P-3600,IO2403-P-3600,65.2,0.0,0.0,0.0,15,63.6,65.8,6,67.4,65.6,65.6,65.2,4.0,26160.0,178
2023-05-11 10:06:53,IO2403-P-3600,IO2403-P-3600,65.2,0.0,0.0,0.0,12,63.6,65.8,6,67.4,65.6,65.6,65.2,4.0,26160.0,178
2023-05-11 10:06:54,IO2403-P-3600,IO2403-P-3600,65.2,0.0,0.0,0.0,6,63.6,65.8,6,67.4,65.6,65.6,65.2,4.0,26160.0,178
2023-05-11 10:06:57,IO2403-P-3600,IO2403-P-3600,65.2,0.0,0.0,0.0,15,63.6,65.8,6,67.4,65.6,65.6,65.2,4.0,26160.0,178
2023-05-11 10:06:59,IO2403-P-3600,IO2403-P-3600,65.2,0.0,0.0,0.0,12,63.6,65.8,6,67.4,65.6,65.6,65.2,4.0,26160.0,178
2023-05-11 10:07:00,IO2403-P-3600,IO2403-P-3600,65.2,0.0,0.0,0.0,6,63.6,65.8,6,67.4,65.6,65.6,65.2,4.0,26160.0,178
2023-05-11 10:07:01,IO2403-P-3600,IO2403-P-3600,65.2,0.0,0.0,0.0,15,63.6,65.8,6,67.4,65.6,65.6,65.2,4.0,26160.0,178
2023-05-11 10:07:03,IO2403-P-3600,IO2403-P-3600,65.2,0.0,0.0,0.0,9,63.6,65.8,6,67.4,65.6,65.6,65.2,4.0,26160.0,178
2023-05-11 10:07:03,IO2403-P-3600,IO2403-P-3600,65.2,0.0,0.0,0.0,6,63.6,65.8,6,67.4,65.6,65.6,65.2,4.0,26160.0,178
2023-05-11 10:07:05,IO2403-P-3600,IO2403-P-3600,65.2,0.0,0.0,0.0,9,63.6,65.8,6,67.4,65.6,65.6,65.2,4.0,26160.0,178
2023-05-11 10:07:06,IO2403-P-3600,IO2403-P-3600,65.2,0.0,0.0,0.0,15,63.6,65.8,6,67.4,65.6,65.6,65.2,4.0,26160.0,178
2023-05-11 10:07:07,IO2403-P-3600,IO2403-P-3600,65.2,0.0,0.0,0.0,9,63.6,65.8,6,67.4,65.6,65.6,65.2,4.0,26160.0,178
2023-05-11 10:07:08,IO2403-P-3600,IO2403-P-3600,65.2,0.0,0.0,0.0,15,63.6,65.8,6,67.4,65.6,65.6,65.2,4.0,26160.0,178
2023-05-11 10:07:11,IO2403-P-3600,IO2403-P-3600,65.2,0.0,0.0,0.0,12,63.6,65.8,6,67.4,65.6,65.6,65.2,4.0,26160.0,178
2023-05-11 10:07:12,IO2403-P-3600,IO2403-P-3600,65.2,0.0,0.0,0.0,6,63.6,65.8,6,67.4,65.6,65.6,65.2,4.0,26160.0,178
2023-05-11 10:07:12,IO2403-P-3600,IO2403-P-3600,65.2,0.0,0.0,0.0,9,63.6,65.8,6,67.4,65.6,65.6,65.2,4.0,26160.0,178
2023-05-11 10:07:13,IO2403-P-3600,IO2403-P-3600,65.2,0.0,0.0,0.0,6,63.6,65.8,6,67.4,65.6,65.6,65.2,4.0,26160.0,178
2023-05-11 10:07:14,IO2403-P-3600,IO2403-P-3600,65.2,0.0,0.0,0.0,9,63.6,65.8,6,67.4,65.6,65.6,65.2,4.0,26160.0,178
2023-05-11 10:07:14,IO2403-P-3600,IO2403-P-3600,65.2,0.0,0.0,0.0,15,63.6,65.8,6,67.4,65.6,65.6,65.2,4.0,26160.0,178
2023-05-11 10:07:24,IO2403-P-3600,IO2403-P-3600,65.2,0.0,0.0,0.0,9,63.6,65.8,6,67.4,65.6,65.6,65.2,4.0,26160.0,178
2023-05-11 10:07:26,IO2403-P-3600,IO2403-P-3600,65.2,0.0,0.0,0.0,15,63.6,65.8,6,67.4,65.6,65.6,65.2,4.0,26160.0,178
2023-05-11 10:07:39,IO2403-P-3600,IO2403-P-3600,65.2,0.0,0.0,0.0,12,63.6,65.8,6,67.4,65.6,65.6,65.2,4.0,26160.0,178
2023-05-11 10:07:40,IO2403-P-3600,IO2403-P-3600,65.2,0.0,0.0,0.0,6,63.6,65.8,6,67.4,65.6,65.6,65.2,4.0,26160.0,178
2023-05-11 10:07:40,IO2403-P-3600,IO2403-P-3600,65.2,0.0,0.0,0.0,9,63.6,65.8,6,67.4,65.6,65.6,65.2,4.0,26160.0,178
2023-05-11 10:07:41,IO2403-P-3600,IO2403-P-3600,65.2,0.0,0.0,0.0,6,63.6,65.8,6,67.4,65.6,65.6,65.2,4.0,26160.0,178
2023-05-11 10:07:46,IO2403-P-3600,IO2403-P-3600,65.2,0.0,0.0,0.0,9,63.6,65.8,6,67.4,65.6,65.6,65.2,4.0,26160.0,178
2023-05-11 10:07:47,IO2403-P-3600,IO2403-P-3600,65.2,0.0,0.0,0.0,6,63.6,65.8,6,67.4,65.6,65.6,65.2,4.0,26160.0,178
2023-05-11 10:07:50,IO2403-P-3600,IO2403-P-3600,65.2,0.0,0.0,0.0,15,63.6,65.8,6,67.4,65.6,65.6,65.2,4.0,26160.0,178
2023-05-11 10:08:01,IO2403-P-3600,IO2403-P-3600,65.2,0.0,0.0,0.0,12,63.6,65.8,6,67.4,65.6,65.6,65.2,4.0,26160.0,178
2023-05-11 10:08:02,IO2403-P-3600,IO2403-P-3600,65.2,0.0,0.0,0.0,15,63.6,65.8,6,67.4,65.6,65.6,65.2,4.0,26160.0,178
2023-05-11 10:08:04,IO2403-P-3600,IO2403-P-3600,65.2,0.0,0.0,0.0,6,63.8,66.0,8,67.4,65.6,65.6,65.2,4.0,26160.0,178
2023-05-11 10:08:05,IO2403-P-3600,IO2403-P-3600,65.2,0.0,0.0,0.0,9,63.8,66.0,7,67.4,65.6,65.6,65.2,4.0,26160.0,178
2023-05-11 10:08:05,IO2403-P-3600,IO2403-P-3600,65.2,0.0,0.0,0.0,6,64.0,65.8,6,67.4,65.6,65.6,65.2,4.0,26160.0,178
2023-05-11 10:08:06,IO2403-P-3600,IO2403-P-3600,65.2,0.0,0.0,0.0,12,63.6,65.8,6,67.4,65.6,65.6,65.2,4.0,26160.0,178
2023-05-11 10:08:07,IO2403-P-3600,IO2403-P-3600,65.2,0.0,0.0,0.0,15,63.6,65.8,6,67.4,65.6,65.6,65.2,4.0,26160.0,178
2023-05-11 10:08:15,IO2403-P-3600,IO2403-P-3600,65.2,0.0,0.0,0.0,12,63.6,65.8,6,67.4,65.6,65.6,65.2,4.0,26160.0,178
2023-05-11 10:08:19,IO2403-P-3600,IO2403-P-3600,65.2,0.0,0.0,0.0,6,63.6,65.8,6,67.4,65.6,65.6,65.2,4.0,26160.0,178
2023-05-11 10:08:23,IO2403-P-3600,IO2403-P-3600,65.2,0.0,0.0,0.0,12,63.6,65.8,6,67.4,65.6,65.6,65.2,4.0,26160.0,178
2023-05-11 10:08:31,IO2403-P-3600,IO2403-P-3600,65.2,0.0,0.0,0.0,6,63.6,65.8,6,67.4,65.6,65.6,65.2,4.0,26160.0,178
2023-05-11 10:08:47,IO2403-P-3600,IO2403-P-3600,65.2,0.0,0.0,0.0,6,63.6,65.6,1,67.4,65.6,65.6,65.2,4.0,26160.0,178
2023-05-11 10:08:48,IO2403-P-3600,IO2403-P-3600,65.2,0.0,0.0,0.0,6,63.6,65.4,6,67.4,65.6,65.6,65.2,4.0,26160.0,178
2023-05-11 10:08:56,IO2403-P-3600,IO2403-P-3600,65.2,0.0,0.0,0.0,12,63.6,65.4,6,67.4,65.6,65.6,65.2,4.0,26160.0,178
2023-05-11 10:09:06,IO2403-P-3600,IO2403-P-3600,65.2,0.0,0.0,0.0,6,63.6,65.4,6,67.4,65.6,65.6,65.2,4.0,26160.0,178
2023-05-11 10:09:07,IO2403-P-3600,IO2403-P-3600,65.2,0.0,0.0,0.0,12,63.6,65.4,6,67.4,65.6,65.6,65.2,4.0,26160.0,178
2023-05-11 10:09:18,IO2403-P-3600,IO2403-P-3600,65.2,0.0,0.0,0.0,6,63.6,65.4,6,67.4,65.6,65.6,65.2,4.0,26160.0,178
2023-05-11 10:09:31,IO2403-P-3600,IO2403-P-3600,65.2,0.0,0.0,0.0,6,63.6,65.4,7,67.4,65.6,65.6,65.2,4.0,26160.0,178
2023-05-11 10:09:31,IO2403-P-3600,IO2403-P-3600,65.2,0.0,0.0,0.0,6,63.6,65.2,6,67.4,65.6,65.6,65.2,4.0,26160.0,178
2023-05-11 10:10:06,IO2403-P-3600,IO2403-P-3600,65.2,0.0,0.0,0.0,9,63.6,65.2,6,67.4,65.6,65.6,65.2,4.0,26160.0,178
2023-05-11 10:10:08,IO2403-P-3600,IO2403-P-3600,65.2,0.0,0.0,0.0,6,63.6,65.2,6,67.4,65.6,65.6,65.2,4.0,26160.0,178
2023-05-11 10:11:07,IO2403-P-3600,IO2403-P-3600,65.2,0.0,0.0,0.0,6,63.6,65.6,6,67.4,65.6,65.6,65.2,4.0,26160.0,178
2023-05-11 10:11:12,IO2403-P-3600,IO2403-P-3600,65.2,0.0,0.0,0.0,6,63.6,65.6,7,67.4,65.6,65.6,65.2,4.0,26160.0,178
2023-05-11 10:11:12,IO2403-P-3600,IO2403-P-3600,65.2,0.0,0.0,0.0,6,63.6,65.4,6,67.4,65.6,65.6,65.2,4.0,26160.0,178
2023-05-11 10:11:22,IO2403-P-3600,IO2403-P-3600,65.2,0.0,0.0,0.0,6,63.6,65.4,7,67.4,65.6,65.6,65.2,4.0,26160.0,178
2023-05-11 10:11:23,IO2403-P-3600,IO2403-P-3600,65.2,0.0,0.0,0.0,6,63.6,65.2,6,67.4,65.6,65.6,65.2,4.0,26160.0,178
2023-05-11 10:12:11,IO2403-P-3600,IO2403-P-3600,65.2,0.0,0.0,0.0,6,63.8,65.4,6,67.4,65.6,65.6,65.2,4.0,26160.0,178
2023-05-11 10:12:12,IO2403-P-3600,IO2403-P-3600,65.2,0.0,0.0,0.0,6,63.6,65.6,6,67.4,65.6,65.6,65.2,4.0,26160.0,178
2023-05-11 10:12:14,IO2403-P-3600,IO2403-P-3600,65.2,0.0,0.0,0.0,6,63.8,65.6,6,67.4,65.6,65.6,65.2,4.0,26160.0,178
2023-05-11 10:12:30,IO2403-P-3600,IO2403-P-3600,65.2,0.0,0.0,0.0,6,63.6,65.6,6,67.4,65.6,65.6,65.2,4.0,26160.0,178
2023-05-11 10:12:45,IO2403-P-3600,IO2403-P-3600,65.2,0.0,0.0,0.0,12,63.6,65.6,6,67.4,65.6,65.6,65.2,4.0,26160.0,178
2023-05-11 10:13:09,IO2403-P-3600,IO2403-P-3600,65.2,0.0,0.0,0.0,6,63.6,65.6,6,67.4,65.6,65.6,65.2,4.0,26160.0,178
2023-05-11 10:13:46,IO2403-P-3600,IO2403-P-3600,65.2,0.0,0.0,0.0,6,63.6,65.6,9,67.4,65.6,65.6,65.2,4.0,26160.0,178
2023-05-11 10:13:46,IO2403-P-3600,IO2403-P-3600,65.2,0.0,0.0,0.0,6,63.6,65.4,6,67.4,65.6,65.6,65.2,4.0,26160.0,178
2023-05-11 10:13:47,IO2403-P-3600,IO2403-P-3600,65.2,0.0,0.0,0.0,6,63.6,65.6,6,67.4,65.6,65.6,65.2,4.0,26160.0,178
2023-05-11 10:13:57,IO2403-P-3600,IO2403-P-3600,65.2,0.0,0.0,0.0,6,63.6,65.6,9,67.4,65.6,65.6,65.2,4.0,26160.0,178
2023-05-11 10:13:58,IO2403-P-3600,IO2403-P-3600,65.2,0.0,0.0,0.0,6,63.6,65.4,6,67.4,65.6,65.6,65.2,4.0,26160.0,178
2023-05-11 10:13:58,IO2403-P-3600,IO2403-P-3600,65.2,0.0,0.0,0.0,6,63.6,65.6,6,67.4,65.6,65.6,65.2,4.0,26160.0,178
2023-05-11 10:13:59,IO2403-P-3600,IO2403-P-3600,65.2,0.0,0.0,0.0,6,63.6,65.6,9,67.4,65.6,65.6,65.2,4.0,26160.0,178
2023-05-11 10:13:59,IO2403-P-3600,IO2403-P-3600,65.2,0.0,0.0,0.0,6,63.6,65.4,6,67.4,65.6,65.6,65.2,4.0,26160.0,178
2023-05-11 10:14:01,IO2403-P-3600,IO2403-P-3600,65.2,0.0,0.0,0.0,6,63.6,65.6,9,67.4,65.6,65.6,65.2,4.0,26160.0,178
2023-05-11 10:14:01,IO2403-P-3600,IO2403-P-3600,65.2,0.0,0.0,0.0,6,63.6,65.4,6,67.4,65.6,65.6,65.2,4.0,26160.0,178
2023-05-11 10:14:02,IO2403-P-3600,IO2403-P-3600,65.2,0.0,0.0,0.0,6,63.6,65.6,6,67.4,65.6,65.6,65.2,4.0,26160.0,178
2023-05-11 10:14:04,IO2403-P-3600,IO2403-P-3600,65.2,0.0,0.0,0.0,6,63.6,65.6,9,67.4,65.6,65.6,65.2,4.0,26160.0,178
2023-05-11 10:14:05,IO2403-P-3600,IO2403-P-3600,65.2,0.0,0.0,0.0,6,63.6,65.4,6,67.4,65.6,65.6,65.2,4.0,26160.0,178
2023-05-11 10:14:07,IO2403-P-3600,IO2403-P-3600,65.2,0.0,0.0,0.0,6,63.6,65.6,6,67.4,65.6,65.6,65.2,4.0,26160.0,178
2023-05-11 10:14:08,IO2403-P-3600,IO2403-P-3600,65.2,0.0,0.0,0.0,6,63.6,65.6,9,67.4,65.6,65.6,65.2,4.0,26160.0,178
2023-05-11 10:14:08,IO2403-P-3600,IO2403-P-3600,65.2,0.0,0.0,0.0,6,63.6,65.4,6,67.4,65.6,65.6,65.2,4.0,26160.0,178
2023-05-11 10:14:09,IO2403-P-3600,IO2403-P-3600,65.2,0.0,0.0,0.0,6,63.6,65.6,6,67.4,65.6,65.6,65.2,4.0,26160.0,178
2023-05-11 10:14:13,IO2403-P-3600,IO2403-P-3600,65.2,0.0,0.0,0.0,6,63.6,65.6,9,67.4,65.6,65.6,65.2,4.0,26160.0,178
2023-05-11 10:14:13,IO2403-P-3600,IO2403-P-3600,65.2,0.0,0.0,0.0,6,63.6,65.4,6,67.4,65.6,65.6,65.2,4.0,26160.0,178
2023-05-11 10:14:15,IO2403-P-3600,IO2403-P-3600,65.2,0.0,0.0,0.0,6,63.6,65.6,6,67.4,65.6,65.6,65.2,4.0,26160.0,178
2023-05-11 10:14:21,IO2403-P-3600,IO2403-P-3600,65.2,0.0,0.0,0.0,6,63.6,65.6,9,67.4,65.6,65.6,65.2,4.0,26160.0,178
2023-05-11 10:14:21,IO2403-P-3600,IO2403-P-3600,65.2,0.0,0.0,0.0,6,63.6,65.4,6,67.4,65.6,65.6,65.2,4.0,26160.0,178
2023-05-11 10:14:22,IO2403-P-3600,IO2403-P-3600,65.2,0.0,0.0,0.0,6,63.6,65.6,6,67.4,65.6,65.6,65.2,4.0,26160.0,178
2023-05-11 10:14:22,IO2403-P-3600,IO2403-P-3600,65.2,0.0,0.0,0.0,6,63.6,65.6,9,67.4,65.6,65.6,65.2,4.0,26160.0,178
2023-05-11 10:14:23,IO2403-P-3600,IO2403-P-3600,65.2,0.0,0.0,0.0,6,63.6,65.4,6,67.4,65.6,65.6,65.2,4.0,26160.0,178
2023-05-11 10:14:31,IO2403-P-3600,IO2403-P-3600,65.2,0.0,0.0,0.0,6,63.6,65.6,9,67.4,65.6,65.6,65.2,4.0,26160.0,178
2023-05-11 10:14:31,IO2403-P-3600,IO2403-P-3600,65.2,0.0,0.0,0.0,6,63.6,65.4,6,67.4,65.6,65.6,65.2,4.0,26160.0,178
2023-05-11 10:14:40,IO2403-P-3600,IO2403-P-3600,65.2,0.0,0.0,0.0,6,63.6,65.4,7,67.4,65.6,65.6,65.2,4.0,26160.0,178
2023-05-11 10:14:41,IO2403-P-3600,IO2403-P-3600,65.2,0.0,0.0,0.0,6,63.6,65.2,6,67.4,65.6,65.6,65.2,4.0,26160.0,178
2023-05-11 10:14:41,IO2403-P-3600,IO2403-P-3600,65.2,0.0,0.0,0.0,25,63.2,65.2,6,67.4,65.6,65.6,65.2,4.0,26160.0,178
2023-05-11 10:14:42,IO2403-P-3600,IO2403-P-3600,65.2,0.0,0.0,0.0,7,63.2,65.2,6,67.4,65.6,65.6,65.2,4.0,26160.0,178
2023-05-11 10:14:42,IO2403-P-3600,IO2403-P-3600,65.2,0.0,0.0,0.0,1,63.2,65.2,6,67.4,65.6,65.6,65.2,4.0,26160.0,178
2023-05-11 10:15:07,IO2403-P-3600,IO2403-P-3600,65.2,0.0,0.0,0.0,6,63.4,65.2,6,67.4,65.6,65.6,65.2,4.0,26160.0,178
2023-05-11 10:15:14,IO2403-P-3600,IO2403-P-3600,65.2,0.0,0.0,0.0,6,63.4,65.4,1,67.4,65.6,65.6,65.2,4.0,26160.0,178
2023-05-11 10:15:23,IO2403-P-3600,IO2403-P-3600,65.2,0.0,0.0,0.0,6,63.4,65.2,6,67.4,65.6,65.6,65.2,4.0,26160.0,178
2023-05-11 10:15:38,IO2403-P-3600,IO2403-P-3600,65.2,0.0,0.0,0.0,6,63.4,65.4,7,67.4,65.6,65.6,65.2,4.0,26160.0,178
2023-05-11 10:15:38,IO2403-P-3600,IO2403-P-3600,65.2,0.0,0.0,0.0,6,63.4,65.2,6,67.4,65.6,65.6,65.2,4.0,26160.0,178
2023-05-11 10:15:40,IO2403-P-3600,IO2403-P-3600,65.2,0.0,0.0,0.0,6,63.4,65.4,7,67.4,65.6,65.6,65.2,4.0,26160.0,178
2023-05-11 10:15:45,IO2403-P-3600,IO2403-P-3600,65.2,0.0,0.0,0.0,6,63.4,65.2,6,67.4,65.6,65.6,65.2,4.0,26160.0,178
2023-05-11 10:16:44,IO2403-P-3600,IO2403-P-3600,65.2,0.0,0.0,0.0,6,63.4,65.4,1,67.4,65.6,65.6,65.2,4.0,26160.0,178
2023-05-11 10:16:53,IO2403-P-3600,IO2403-P-3600,65.2,0.0,0.0,0.0,6,63.4,65.6,24,67.4,65.6,65.6,65.2,4.0,26160.0,178
2023-05-11 10:16:53,IO2403-P-3600,IO2403-P-3600,65.2,0.0,0.0,0.0,6,63.4,65.6,12,67.4,65.6,65.6,65.2,4.0,26160.0,178
2023-05-11 10:16:54,IO2403-P-3600,IO2403-P-3600,65.2,0.0,0.0,0.0,6,63.4,65.6,6,67.4,65.6,65.6,65.2,4.0,26160.0,178
2023-05-11 10:16:55,IO2403-P-3600,IO2403-P-3600,65.2,0.0,0.0,0.0,1,63.2,65.6,6,67.4,65.6,65.6,65.2,4.0,26160.0,178
2023-05-11 10:16:57,IO2403-P-3600,IO2403-P-3600,65.2,0.0,0.0,0.0,6,63.4,65.6,6,67.4,65.6,65.6,65.2,4.0,26160.0,178
2023-05-11 10:17:06,IO2403-P-3600,IO2403-P-3600,65.2,0.0,0.0,0.0,7,63.2,65.6,6,67.4,65.6,65.6,65.2,4.0,26160.0,178
2023-05-11 10:17:36,IO2403-P-3600,IO2403-P-3600,65.2,0.0,0.0,0.0,1,63.2,65.6,9,67.4,65.6,65.6,65.2,4.0,26160.0,178
2023-05-11 10:17:37,IO2403-P-3600,IO2403-P-3600,65.2,0.0,0.0,0.0,7,63.2,65.4,6,67.4,65.6,65.6,65.2,4.0,26160.0,178
2023-05-11 10:17:40,IO2403-P-3600,IO2403-P-3600,65.2,0.0,0.0,0.0,7,63.2,65.6,6,67.4,65.6,65.6,65.2,4.0,26160.0,178
2023-05-11 10:18:08,IO2403-P-3600,IO2403-P-3600,65.2,0.0,0.0,0.0,7,63.2,65.6,9,67.4,65.6,65.6,65.2,4.0,26160.0,178
2023-05-11 10:18:09,IO2403-P-3600,IO2403-P-3600,65.2,0.0,0.0,0.0,6,63.4,65.4,6,67.4,65.6,65.6,65.2,4.0,26160.0,178
2023-05-11 10:18:29,IO2403-P-3600,IO2403-P-3600,65.2,0.0,0.0,0.0,7,63.2,65.6,6,67.4,65.6,65.6,65.2,4.0,26160.0,178
2023-05-11 10:18:58,IO2403-P-3600,IO2403-P-3600,65.2,0.0,0.0,0.0,6,63.4,65.6,6,67.4,65.6,65.6,65.2,4.0,26160.0,178
2023-05-11 10:19:33,IO2403-P-3600,IO2403-P-3600,65.2,0.0,0.0,0.0,6,63.4,65.4,1,67.4,65.6,65.6,65.2,4.0,26160.0,178
2023-05-11 10:19:53,IO2403-P-3600,IO2403-P-3600,65.2,0.0,0.0,0.0,6,63.4,65.6,6,67.4,65.6,65.6,65.2,4.0,26160.0,178
2023-05-11 10:20:19,IO2403-P-3600,IO2403-P-3600,65.2,0.0,0.0,0.0,6,63.4,65.8,18,67.4,65.6,65.6,65.2,4.0,26160.0,178
2023-05-11 10:20:19,IO2403-P-3600,IO2403-P-3600,65.2,0.0,0.0,0.0,6,63.4,65.8,6,67.4,65.6,65.6,65.2,4.0,26160.0,178
2023-05-11 10:20:20,IO2403-P-3600,IO2403-P-3600,65.2,0.0,0.0,0.0,6,63.4,66.0,40,67.4,65.6,65.6,65.2,4.0,26160.0,178
2023-05-11 10:20:20,IO2403-P-3600,IO2403-P-3600,65.2,0.0,0.0,0.0,6,63.4,66.0,28,67.4,65.6,65.6,65.2,4.0,26160.0,178
2023-05-11 10:20:21,IO2403-P-3600,IO2403-P-3600,65.2,0.0,0.0,0.0,6,63.4,66.0,29,67.4,65.6,65.6,65.2,4.0,26160.0,178
2023-05-11 10:20:27,IO2403-P-3600,IO2403-P-3600,65.2,0.0,0.0,0.0,7,63.2,65.8,6,67.4,65.6,65.6,65.2,4.0,26160.0,178
2023-05-11 10:20:34,IO2403-P-3600,IO2403-P-3600,65.2,0.0,0.0,0.0,7,63.2,65.8,9,67.4,65.6,65.6,65.2,4.0,26160.0,178
2023-05-11 10:20:35,IO2403-P-3600,IO2403-P-3600,65.2,0.0,0.0,0.0,6,63.4,65.6,6,67.4,65.6,65.6,65.2,4.0,26160.0,178
2023-05-11 10:20:37,IO2403-P-3600,IO2403-P-3600,65.2,0.0,0.0,0.0,7,63.2,65.8,6,67.4,65.6,65.6,65.2,4.0,26160.0,178
2023-05-11 10:20:39,IO2403-P-3600,IO2403-P-3600,65.2,0.0,0.0,0.0,10,63.2,65.8,6,67.4,65.6,65.6,65.2,4.0,26160.0,178
2023-05-11 10:20:40,IO2403-P-3600,IO2403-P-3600,65.2,0.0,0.0,0.0,6,63.4,66.0,28,67.4,65.6,65.6,65.2,4.0,26160.0,178
2023-05-11 10:20:40,IO2403-P-3600,IO2403-P-3600,65.2,0.0,0.0,0.0,6,63.4,66.0,22,67.4,65.6,65.6,65.2,4.0,26160.0,178
2023-05-11 10:20:43,IO2403-P-3600,IO2403-P-3600,65.2,0.0,0.0,0.0,7,63.2,65.8,6,67.4,65.6,65.6,65.2,4.0,26160.0,178
2023-05-11 10:20:57,IO2403-P-3600,IO2403-P-3600,65.2,0.0,0.0,0.0,6,63.4,66.0,22,67.4,65.6,65.6,65.2,4.0,26160.0,178
2023-05-11 10:21:02,IO2403-P-3600,IO2403-P-3600,65.2,0.0,0.0,0.0,7,63.2,65.8,6,67.4,65.6,65.6,65.2,4.0,26160.0,178
2023-05-11 10:21:06,IO2403-P-3600,IO2403-P-3600,65.2,0.0,0.0,0.0,6,63.4,65.8,6,67.4,65.6,65.6,65.2,4.0,26160.0,178
