time,symbol_id,symbol_name,last,trade_volume,trade_amount,open_interest_change,bv1,bp1,ap1,av1,yesterday_close,today_open,today_high,today_low,volume,amount,open_interest
2023-05-11 09:29:00,IO2403-P-3500,IO2403-P-3500,50.0,0.0,0.0,0.0,1,41.6,48.0,1,50.0,48.0,0.0,0.0,0.0,0.0,508
2023-05-11 09:30:01,IO2403-P-3500,IO2403-P-3500,50.0,0.0,0.0,0.0,6,41.8,48.0,1,50.0,48.0,0.0,0.0,0.0,0.0,508
2023-05-11 09:30:11,IO2403-P-3500,IO2403-P-3500,50.0,0.0,0.0,0.0,6,46.6,48.0,1,50.0,48.0,0.0,0.0,0.0,0.0,508
2023-05-11 09:30:12,IO2403-P-3500,IO2403-P-3500,50.0,0.0,0.0,0.0,6,41.8,48.0,1,50.0,48.0,0.0,0.0,0.0,0.0,508
2023-05-11 09:30:12,IO2403-P-3500,IO2403-P-3500,50.0,0.0,0.0,0.0,2,42.0,48.0,1,50.0,48.0,0.0,0.0,0.0,0.0,508
2023-05-11 09:30:13,IO2403-P-3500,IO2403-P-3500,50.0,0.0,0.0,0.0,6,42.2,48.0,1,50.0,48.0,0.0,0.0,0.0,0.0,508
2023-05-11 09:30:13,IO2403-P-3500,IO2403-P-3500,50.0,0.0,0.0,0.0,6,46.2,48.0,1,50.0,48.0,0.0,0.0,0.0,0.0,508
2023-05-11 09:30:14,IO2403-P-3500,IO2403-P-3500,50.0,0.0,0.0,0.0,6,46.4,48.0,1,50.0,48.0,0.0,0.0,0.0,0.0,508
2023-05-11 09:30:15,IO2403-P-3500,IO2403-P-3500,50.0,0.0,0.0,0.0,6,41.8,48.0,1,50.0,48.0,0.0,0.0,0.0,0.0,508
2023-05-11 09:30:15,IO2403-P-3500,IO2403-P-3500,50.0,0.0,0.0,0.0,6,46.0,48.0,1,50.0,48.0,0.0,0.0,0.0,0.0,508
2023-05-11 09:30:16,IO2403-P-3500,IO2403-P-3500,50.0,0.0,0.0,0.0,6,46.2,48.0,1,50.0,48.0,0.0,0.0,0.0,0.0,508
2023-05-11 09:30:16,IO2403-P-3500,IO2403-P-3500,50.0,0.0,0.0,0.0,6,46.0,48.0,1,50.0,48.0,0.0,0.0,0.0,0.0,508
2023-05-11 09:30:17,IO2403-P-3500,IO2403-P-3500,50.0,0.0,0.0,0.0,6,46.2,48.0,1,50.0,48.0,0.0,0.0,0.0,0.0,508
2023-05-11 09:30:19,IO2403-P-3500,IO2403-P-3500,50.0,0.0,0.0,0.0,6,45.8,48.0,1,50.0,48.0,0.0,0.0,0.0,0.0,508
2023-05-11 09:30:19,IO2403-P-3500,IO2403-P-3500,50.0,0.0,0.0,0.0,12,46.0,48.0,1,50.0,48.0,0.0,0.0,0.0,0.0,508
2023-05-11 09:30:20,IO2403-P-3500,IO2403-P-3500,50.0,0.0,0.0,0.0,6,46.2,48.0,1,50.0,48.0,0.0,0.0,0.0,0.0,508
2023-05-11 09:30:23,IO2403-P-3500,IO2403-P-3500,50.0,0.0,0.0,0.0,6,47.2,48.0,1,50.0,48.0,0.0,0.0,0.0,0.0,508
2023-05-11 09:30:23,IO2403-P-3500,IO2403-P-3500,48.0,1.0,4800.0,0.0,6,47.2,49.4,6,50.0,48.0,48.0,48.0,1.0,4800.0,508
2023-05-11 09:30:39,IO2403-P-3500,IO2403-P-3500,48.0,0.0,0.0,0.0,12,47.2,49.4,6,50.0,48.0,48.0,48.0,1.0,4800.0,508
2023-05-11 09:30:48,IO2403-P-3500,IO2403-P-3500,48.0,0.0,0.0,0.0,6,47.2,49.4,6,50.0,48.0,48.0,48.0,1.0,4800.0,508
2023-05-11 09:30:59,IO2403-P-3500,IO2403-P-3500,48.0,0.0,0.0,0.0,6,47.2,49.6,6,50.0,48.0,48.0,48.0,1.0,4800.0,508
2023-05-11 09:31:23,IO2403-P-3500,IO2403-P-3500,48.0,0.0,0.0,0.0,18,47.2,49.8,18,50.0,48.0,48.0,48.0,1.0,4800.0,508
2023-05-11 09:31:24,IO2403-P-3500,IO2403-P-3500,48.0,0.0,0.0,0.0,18,47.2,50.0,18,50.0,48.0,48.0,48.0,1.0,4800.0,508
2023-05-11 09:31:26,IO2403-P-3500,IO2403-P-3500,48.0,0.0,0.0,0.0,18,47.2,50.0,12,50.0,48.0,48.0,48.0,1.0,4800.0,508
2023-05-11 09:31:26,IO2403-P-3500,IO2403-P-3500,48.0,0.0,0.0,0.0,18,47.2,50.2,6,50.0,48.0,48.0,48.0,1.0,4800.0,508
2023-05-11 09:31:27,IO2403-P-3500,IO2403-P-3500,48.0,0.0,0.0,0.0,30,47.2,50.2,12,50.0,48.0,48.0,48.0,1.0,4800.0,508
2023-05-11 09:31:27,IO2403-P-3500,IO2403-P-3500,48.0,0.0,0.0,0.0,18,47.2,50.4,6,50.0,48.0,48.0,48.0,1.0,4800.0,508
2023-05-11 09:31:28,IO2403-P-3500,IO2403-P-3500,48.0,0.0,0.0,0.0,30,47.2,50.4,18,50.0,48.0,48.0,48.0,1.0,4800.0,508
2023-05-11 09:31:28,IO2403-P-3500,IO2403-P-3500,48.0,0.0,0.0,0.0,30,47.2,50.4,12,50.0,48.0,48.0,48.0,1.0,4800.0,508
2023-05-11 09:31:29,IO2403-P-3500,IO2403-P-3500,48.0,0.0,0.0,0.0,18,47.2,50.6,27,50.0,48.0,48.0,48.0,1.0,4800.0,508
2023-05-11 09:31:29,IO2403-P-3500,IO2403-P-3500,48.0,0.0,0.0,0.0,12,47.4,50.4,12,50.0,48.0,48.0,48.0,1.0,4800.0,508
2023-05-11 09:31:30,IO2403-P-3500,IO2403-P-3500,48.0,0.0,0.0,0.0,18,47.2,50.6,18,50.0,48.0,48.0,48.0,1.0,4800.0,508
2023-05-11 09:31:30,IO2403-P-3500,IO2403-P-3500,48.0,0.0,0.0,0.0,12,47.4,50.4,12,50.0,48.0,48.0,48.0,1.0,4800.0,508
2023-05-11 09:31:31,IO2403-P-3500,IO2403-P-3500,48.0,0.0,0.0,0.0,18,47.2,50.6,18,50.0,48.0,48.0,48.0,1.0,4800.0,508
2023-05-11 09:31:31,IO2403-P-3500,IO2403-P-3500,48.0,0.0,0.0,0.0,12,47.4,50.4,12,50.0,48.0,48.0,48.0,1.0,4800.0,508
2023-05-11 09:31:32,IO2403-P-3500,IO2403-P-3500,48.0,0.0,0.0,0.0,24,47.2,50.6,24,50.0,48.0,48.0,48.0,1.0,4800.0,508
2023-05-11 09:31:32,IO2403-P-3500,IO2403-P-3500,48.0,0.0,0.0,0.0,18,47.4,50.4,12,50.0,48.0,48.0,48.0,1.0,4800.0,508
2023-05-11 09:31:33,IO2403-P-3500,IO2403-P-3500,48.0,0.0,0.0,0.0,6,47.4,50.6,24,50.0,48.0,48.0,48.0,1.0,4800.0,508
2023-05-11 09:31:33,IO2403-P-3500,IO2403-P-3500,48.0,0.0,0.0,0.0,6,47.4,50.6,18,50.0,48.0,48.0,48.0,1.0,4800.0,508
2023-05-11 09:31:56,IO2403-P-3500,IO2403-P-3500,48.0,0.0,0.0,0.0,6,47.4,50.6,24,50.0,48.0,48.0,48.0,1.0,4800.0,508
2023-05-11 09:31:59,IO2403-P-3500,IO2403-P-3500,48.0,0.0,0.0,0.0,8,47.4,50.6,24,50.0,48.0,48.0,48.0,1.0,4800.0,508
2023-05-11 09:31:59,IO2403-P-3500,IO2403-P-3500,48.0,0.0,0.0,0.0,6,47.6,50.4,6,50.0,48.0,48.0,48.0,1.0,4800.0,508
2023-05-11 09:32:00,IO2403-P-3500,IO2403-P-3500,48.0,0.0,0.0,0.0,6,47.4,50.6,30,50.0,48.0,48.0,48.0,1.0,4800.0,508
2023-05-11 09:32:00,IO2403-P-3500,IO2403-P-3500,48.0,0.0,0.0,0.0,24,47.2,50.4,6,50.0,48.0,48.0,48.0,1.0,4800.0,508
2023-05-11 09:32:01,IO2403-P-3500,IO2403-P-3500,48.0,0.0,0.0,0.0,26,47.2,50.4,6,50.0,48.0,48.0,48.0,1.0,4800.0,508
2023-05-11 09:32:01,IO2403-P-3500,IO2403-P-3500,48.0,0.0,0.0,0.0,18,47.2,50.4,6,50.0,48.0,48.0,48.0,1.0,4800.0,508
2023-05-11 09:32:02,IO2403-P-3500,IO2403-P-3500,48.0,0.0,0.0,0.0,20,47.2,50.4,6,50.0,48.0,48.0,48.0,1.0,4800.0,508
2023-05-11 09:32:04,IO2403-P-3500,IO2403-P-3500,48.0,0.0,0.0,0.0,20,47.2,50.4,9,50.0,48.0,48.0,48.0,1.0,4800.0,508
2023-05-11 09:32:05,IO2403-P-3500,IO2403-P-3500,48.0,0.0,0.0,0.0,6,47.4,50.4,3,50.0,48.0,48.0,48.0,1.0,4800.0,508
2023-05-11 09:32:06,IO2403-P-3500,IO2403-P-3500,48.0,0.0,0.0,0.0,6,47.4,50.6,24,50.0,48.0,48.0,48.0,1.0,4800.0,508
2023-05-11 09:32:06,IO2403-P-3500,IO2403-P-3500,48.0,0.0,0.0,0.0,20,47.2,50.4,6,50.0,48.0,48.0,48.0,1.0,4800.0,508
2023-05-11 09:32:07,IO2403-P-3500,IO2403-P-3500,48.0,0.0,0.0,0.0,20,47.2,50.4,9,50.0,48.0,48.0,48.0,1.0,4800.0,508
2023-05-11 09:32:07,IO2403-P-3500,IO2403-P-3500,48.0,0.0,0.0,0.0,6,47.4,50.2,6,50.0,48.0,48.0,48.0,1.0,4800.0,508
2023-05-11 09:32:08,IO2403-P-3500,IO2403-P-3500,48.0,0.0,0.0,0.0,6,47.4,50.2,9,50.0,48.0,48.0,48.0,1.0,4800.0,508
2023-05-11 09:32:16,IO2403-P-3500,IO2403-P-3500,48.0,0.0,0.0,0.0,24,47.2,50.0,6,50.0,48.0,48.0,48.0,1.0,4800.0,508
2023-05-11 09:32:17,IO2403-P-3500,IO2403-P-3500,48.0,0.0,0.0,0.0,18,47.2,50.0,9,50.0,48.0,48.0,48.0,1.0,4800.0,508
2023-05-11 09:32:17,IO2403-P-3500,IO2403-P-3500,48.0,0.0,0.0,0.0,6,47.4,49.8,6,50.0,48.0,48.0,48.0,1.0,4800.0,508
2023-05-11 09:32:18,IO2403-P-3500,IO2403-P-3500,48.0,0.0,0.0,0.0,6,47.4,49.8,9,50.0,48.0,48.0,48.0,1.0,4800.0,508
2023-05-11 09:32:21,IO2403-P-3500,IO2403-P-3500,48.0,0.0,0.0,0.0,6,47.4,49.8,3,50.0,48.0,48.0,48.0,1.0,4800.0,508
2023-05-11 09:32:22,IO2403-P-3500,IO2403-P-3500,48.0,0.0,0.0,0.0,6,47.4,50.0,24,50.0,48.0,48.0,48.0,1.0,4800.0,508
2023-05-11 09:32:23,IO2403-P-3500,IO2403-P-3500,48.0,0.0,0.0,0.0,6,47.4,50.0,27,50.0,48.0,48.0,48.0,1.0,4800.0,508
2023-05-11 09:32:45,IO2403-P-3500,IO2403-P-3500,48.0,0.0,0.0,0.0,6,47.4,50.0,33,50.0,48.0,48.0,48.0,1.0,4800.0,508
2023-05-11 09:32:45,IO2403-P-3500,IO2403-P-3500,48.0,0.0,0.0,0.0,6,47.4,50.0,39,50.0,48.0,48.0,48.0,1.0,4800.0,508
2023-05-11 09:33:05,IO2403-P-3500,IO2403-P-3500,48.0,0.0,0.0,0.0,9,47.4,50.0,39,50.0,48.0,48.0,48.0,1.0,4800.0,508
2023-05-11 09:33:05,IO2403-P-3500,IO2403-P-3500,48.0,0.0,0.0,0.0,6,47.6,50.0,39,50.0,48.0,48.0,48.0,1.0,4800.0,508
2023-05-11 09:33:06,IO2403-P-3500,IO2403-P-3500,48.0,0.0,0.0,0.0,9,47.6,50.0,27,50.0,48.0,48.0,48.0,1.0,4800.0,508
2023-05-11 09:33:06,IO2403-P-3500,IO2403-P-3500,48.0,0.0,0.0,0.0,6,47.8,50.0,27,50.0,48.0,48.0,48.0,1.0,4800.0,508
2023-05-11 09:33:07,IO2403-P-3500,IO2403-P-3500,48.0,0.0,0.0,0.0,9,47.8,50.0,27,50.0,48.0,48.0,48.0,1.0,4800.0,508
2023-05-11 09:33:07,IO2403-P-3500,IO2403-P-3500,48.0,0.0,0.0,0.0,6,48.0,50.0,21,50.0,48.0,48.0,48.0,1.0,4800.0,508
2023-05-11 09:33:08,IO2403-P-3500,IO2403-P-3500,48.0,0.0,0.0,0.0,9,48.0,50.0,21,50.0,48.0,48.0,48.0,1.0,4800.0,508
2023-05-11 09:33:08,IO2403-P-3500,IO2403-P-3500,48.0,0.0,0.0,0.0,6,48.2,50.0,21,50.0,48.0,48.0,48.0,1.0,4800.0,508
2023-05-11 09:33:11,IO2403-P-3500,IO2403-P-3500,48.0,0.0,0.0,0.0,6,48.2,50.0,15,50.0,48.0,48.0,48.0,1.0,4800.0,508
2023-05-11 09:33:12,IO2403-P-3500,IO2403-P-3500,48.0,0.0,0.0,0.0,9,48.2,50.0,15,50.0,48.0,48.0,48.0,1.0,4800.0,508
2023-05-11 09:33:13,IO2403-P-3500,IO2403-P-3500,48.0,0.0,0.0,0.0,6,48.4,50.0,15,50.0,48.0,48.0,48.0,1.0,4800.0,508
2023-05-11 09:33:15,IO2403-P-3500,IO2403-P-3500,48.0,0.0,0.0,0.0,6,48.2,50.0,15,50.0,48.0,48.0,48.0,1.0,4800.0,508
2023-05-11 09:33:16,IO2403-P-3500,IO2403-P-3500,48.0,0.0,0.0,0.0,9,48.2,50.0,15,50.0,48.0,48.0,48.0,1.0,4800.0,508
2023-05-11 09:33:16,IO2403-P-3500,IO2403-P-3500,48.0,0.0,0.0,0.0,6,48.4,50.0,15,50.0,48.0,48.0,48.0,1.0,4800.0,508
2023-05-11 09:33:17,IO2403-P-3500,IO2403-P-3500,48.0,0.0,0.0,0.0,6,48.4,50.0,9,50.0,48.0,48.0,48.0,1.0,4800.0,508
2023-05-11 09:33:18,IO2403-P-3500,IO2403-P-3500,48.0,0.0,0.0,0.0,6,48.2,50.0,3,50.0,48.0,48.0,48.0,1.0,4800.0,508
2023-05-11 09:33:18,IO2403-P-3500,IO2403-P-3500,48.0,0.0,0.0,0.0,6,48.2,50.2,12,50.0,48.0,48.0,48.0,1.0,4800.0,508
2023-05-11 09:33:19,IO2403-P-3500,IO2403-P-3500,48.0,0.0,0.0,0.0,6,48.2,50.2,6,50.0,48.0,48.0,48.0,1.0,4800.0,508
2023-05-11 09:33:19,IO2403-P-3500,IO2403-P-3500,48.0,0.0,0.0,0.0,6,48.2,50.2,9,50.0,48.0,48.0,48.0,1.0,4800.0,508
2023-05-11 09:33:20,IO2403-P-3500,IO2403-P-3500,48.0,0.0,0.0,0.0,9,48.2,50.2,9,50.0,48.0,48.0,48.0,1.0,4800.0,508
2023-05-11 09:33:21,IO2403-P-3500,IO2403-P-3500,48.0,0.0,0.0,0.0,6,48.4,50.2,9,50.0,48.0,48.0,48.0,1.0,4800.0,508
2023-05-11 09:33:21,IO2403-P-3500,IO2403-P-3500,48.0,0.0,0.0,0.0,18,47.8,50.2,9,50.0,48.0,48.0,48.0,1.0,4800.0,508
2023-05-11 09:33:22,IO2403-P-3500,IO2403-P-3500,48.0,0.0,0.0,0.0,6,48.0,50.2,9,50.0,48.0,48.0,48.0,1.0,4800.0,508
2023-05-11 09:33:22,IO2403-P-3500,IO2403-P-3500,48.0,0.0,0.0,0.0,9,48.0,50.2,9,50.0,48.0,48.0,48.0,1.0,4800.0,508
2023-05-11 09:33:23,IO2403-P-3500,IO2403-P-3500,48.0,0.0,0.0,0.0,6,48.2,50.2,9,50.0,48.0,48.0,48.0,1.0,4800.0,508
2023-05-11 09:33:31,IO2403-P-3500,IO2403-P-3500,48.0,0.0,0.0,0.0,9,48.2,50.2,9,50.0,48.0,48.0,48.0,1.0,4800.0,508
2023-05-11 09:33:31,IO2403-P-3500,IO2403-P-3500,48.0,0.0,0.0,0.0,6,48.4,50.2,3,50.0,48.0,48.0,48.0,1.0,4800.0,508
2023-05-11 09:33:32,IO2403-P-3500,IO2403-P-3500,48.0,0.0,0.0,0.0,6,48.4,50.4,12,50.0,48.0,48.0,48.0,1.0,4800.0,508
2023-05-11 09:33:33,IO2403-P-3500,IO2403-P-3500,48.0,0.0,0.0,0.0,6,48.4,50.4,6,50.0,48.0,48.0,48.0,1.0,4800.0,508
2023-05-11 09:33:33,IO2403-P-3500,IO2403-P-3500,48.0,0.0,0.0,0.0,6,48.4,50.4,9,50.0,48.0,48.0,48.0,1.0,4800.0,508
2023-05-11 09:33:35,IO2403-P-3500,IO2403-P-3500,48.0,0.0,0.0,0.0,9,48.4,50.4,9,50.0,48.0,48.0,48.0,1.0,4800.0,508
2023-05-11 09:33:35,IO2403-P-3500,IO2403-P-3500,48.0,0.0,0.0,0.0,6,48.6,50.2,6,50.0,48.0,48.0,48.0,1.0,4800.0,508
2023-05-11 09:33:36,IO2403-P-3500,IO2403-P-3500,48.0,0.0,0.0,0.0,6,48.0,50.2,3,50.0,48.0,48.0,48.0,1.0,4800.0,508
2023-05-11 09:33:36,IO2403-P-3500,IO2403-P-3500,48.0,0.0,0.0,0.0,9,48.0,50.6,48,50.0,48.0,48.0,48.0,1.0,4800.0,508
2023-05-11 09:33:37,IO2403-P-3500,IO2403-P-3500,48.0,0.0,0.0,0.0,6,48.2,50.6,36,50.0,48.0,48.0,48.0,1.0,4800.0,508
2023-05-11 09:33:37,IO2403-P-3500,IO2403-P-3500,48.0,0.0,0.0,0.0,9,48.2,50.6,39,50.0,48.0,48.0,48.0,1.0,4800.0,508
2023-05-11 09:33:38,IO2403-P-3500,IO2403-P-3500,48.0,0.0,0.0,0.0,6,48.4,50.4,6,50.0,48.0,48.0,48.0,1.0,4800.0,508
2023-05-11 09:33:38,IO2403-P-3500,IO2403-P-3500,48.0,0.0,0.0,0.0,6,48.4,50.4,9,50.0,48.0,48.0,48.0,1.0,4800.0,508
2023-05-11 09:33:41,IO2403-P-3500,IO2403-P-3500,48.0,0.0,0.0,0.0,9,48.4,50.4,9,50.0,48.0,48.0,48.0,1.0,4800.0,508
2023-05-11 09:33:41,IO2403-P-3500,IO2403-P-3500,48.0,0.0,0.0,0.0,6,48.6,50.2,6,50.0,48.0,48.0,48.0,1.0,4800.0,508
2023-05-11 09:33:42,IO2403-P-3500,IO2403-P-3500,48.0,0.0,0.0,0.0,6,48.6,50.2,9,50.0,48.0,48.0,48.0,1.0,4800.0,508
2023-05-11 09:33:42,IO2403-P-3500,IO2403-P-3500,48.0,0.0,0.0,0.0,6,48.4,50.2,3,50.0,48.0,48.0,48.0,1.0,4800.0,508
2023-05-11 09:33:43,IO2403-P-3500,IO2403-P-3500,48.0,0.0,0.0,0.0,6,48.4,50.4,6,50.0,48.0,48.0,48.0,1.0,4800.0,508
2023-05-11 09:33:44,IO2403-P-3500,IO2403-P-3500,48.0,0.0,0.0,0.0,6,48.4,50.4,9,50.0,48.0,48.0,48.0,1.0,4800.0,508
2023-05-11 09:33:45,IO2403-P-3500,IO2403-P-3500,48.0,0.0,0.0,0.0,6,48.4,50.2,6,50.0,48.0,48.0,48.0,1.0,4800.0,508
2023-05-11 09:33:45,IO2403-P-3500,IO2403-P-3500,48.0,0.0,0.0,0.0,6,48.4,50.2,9,50.0,48.0,48.0,48.0,1.0,4800.0,508
2023-05-11 09:33:46,IO2403-P-3500,IO2403-P-3500,48.0,0.0,0.0,0.0,6,48.2,50.2,3,50.0,48.0,48.0,48.0,1.0,4800.0,508
2023-05-11 09:33:46,IO2403-P-3500,IO2403-P-3500,48.0,0.0,0.0,0.0,6,48.2,50.2,6,50.0,48.0,48.0,48.0,1.0,4800.0,508
2023-05-11 09:33:47,IO2403-P-3500,IO2403-P-3500,48.0,0.0,0.0,0.0,9,48.0,50.4,6,50.0,48.0,48.0,48.0,1.0,4800.0,508
2023-05-11 09:33:47,IO2403-P-3500,IO2403-P-3500,48.0,0.0,0.0,0.0,9,48.0,50.4,9,50.0,48.0,48.0,48.0,1.0,4800.0,508
2023-05-11 09:33:48,IO2403-P-3500,IO2403-P-3500,48.0,0.0,0.0,0.0,3,48.0,50.2,6,50.0,48.0,48.0,48.0,1.0,4800.0,508
2023-05-11 09:33:48,IO2403-P-3500,IO2403-P-3500,48.0,0.0,0.0,0.0,3,48.0,50.2,9,50.0,48.0,48.0,48.0,1.0,4800.0,508
2023-05-11 09:33:49,IO2403-P-3500,IO2403-P-3500,48.0,0.0,0.0,0.0,6,48.0,50.0,6,50.0,48.0,48.0,48.0,1.0,4800.0,508
2023-05-11 09:33:49,IO2403-P-3500,IO2403-P-3500,48.0,0.0,0.0,0.0,6,48.0,50.0,9,50.0,48.0,48.0,48.0,1.0,4800.0,508
2023-05-11 09:33:50,IO2403-P-3500,IO2403-P-3500,48.0,0.0,0.0,0.0,9,48.0,50.0,9,50.0,48.0,48.0,48.0,1.0,4800.0,508
2023-05-11 09:33:50,IO2403-P-3500,IO2403-P-3500,48.0,0.0,0.0,0.0,6,48.2,49.8,6,50.0,48.0,48.0,48.0,1.0,4800.0,508
2023-05-11 09:33:51,IO2403-P-3500,IO2403-P-3500,48.0,0.0,0.0,0.0,6,48.2,49.8,9,50.0,48.0,48.0,48.0,1.0,4800.0,508
2023-05-11 09:33:55,IO2403-P-3500,IO2403-P-3500,48.0,0.0,0.0,0.0,6,48.0,49.6,6,50.0,48.0,48.0,48.0,1.0,4800.0,508
2023-05-11 09:33:56,IO2403-P-3500,IO2403-P-3500,48.0,0.0,0.0,0.0,9,48.0,49.6,6,50.0,48.0,48.0,48.0,1.0,4800.0,508
2023-05-11 09:33:58,IO2403-P-3500,IO2403-P-3500,48.0,0.0,0.0,0.0,6,48.2,49.8,9,50.0,48.0,48.0,48.0,1.0,4800.0,508
2023-05-11 09:34:08,IO2403-P-3500,IO2403-P-3500,48.0,0.0,0.0,0.0,6,48.2,49.8,6,50.0,48.0,48.0,48.0,1.0,4800.0,508
2023-05-11 09:34:09,IO2403-P-3500,IO2403-P-3500,48.0,0.0,0.0,0.0,3,48.0,50.2,6,50.0,48.0,48.0,48.0,1.0,4800.0,508
2023-05-11 09:34:09,IO2403-P-3500,IO2403-P-3500,48.0,0.0,0.0,0.0,6,48.2,50.2,9,50.0,48.0,48.0,48.0,1.0,4800.0,508
2023-05-11 09:34:10,IO2403-P-3500,IO2403-P-3500,48.0,0.0,0.0,0.0,6,48.0,50.2,3,50.0,48.0,48.0,48.0,1.0,4800.0,508
2023-05-11 09:34:10,IO2403-P-3500,IO2403-P-3500,48.0,0.0,0.0,0.0,9,48.0,50.4,12,50.0,48.0,48.0,48.0,1.0,4800.0,508
2023-05-11 09:34:11,IO2403-P-3500,IO2403-P-3500,48.0,0.0,0.0,0.0,6,48.2,50.2,6,50.0,48.0,48.0,48.0,1.0,4800.0,508
2023-05-11 09:34:11,IO2403-P-3500,IO2403-P-3500,48.0,0.0,0.0,0.0,6,48.2,50.2,9,50.0,48.0,48.0,48.0,1.0,4800.0,508
2023-05-11 09:34:12,IO2403-P-3500,IO2403-P-3500,48.0,0.0,0.0,0.0,3,48.0,50.2,9,50.0,48.0,48.0,48.0,1.0,4800.0,508
2023-05-11 09:34:12,IO2403-P-3500,IO2403-P-3500,48.0,0.0,0.0,0.0,6,48.0,50.0,6,50.0,48.0,48.0,48.0,1.0,4800.0,508
2023-05-11 09:34:13,IO2403-P-3500,IO2403-P-3500,48.0,0.0,0.0,0.0,6,48.0,50.0,9,50.0,48.0,48.0,48.0,1.0,4800.0,508
2023-05-11 09:34:13,IO2403-P-3500,IO2403-P-3500,48.0,0.0,0.0,0.0,9,48.0,50.0,9,50.0,48.0,48.0,48.0,1.0,4800.0,508
2023-05-11 09:34:14,IO2403-P-3500,IO2403-P-3500,48.0,0.0,0.0,0.0,6,48.2,49.8,6,50.0,48.0,48.0,48.0,1.0,4800.0,508
2023-05-11 09:34:14,IO2403-P-3500,IO2403-P-3500,48.0,0.0,0.0,0.0,6,48.2,49.8,9,50.0,48.0,48.0,48.0,1.0,4800.0,508
2023-05-11 09:34:17,IO2403-P-3500,IO2403-P-3500,48.0,0.0,0.0,0.0,6,48.2,49.8,3,50.0,48.0,48.0,48.0,1.0,4800.0,508
2023-05-11 09:34:18,IO2403-P-3500,IO2403-P-3500,48.0,0.0,0.0,0.0,6,48.2,50.0,6,50.0,48.0,48.0,48.0,1.0,4800.0,508
2023-05-11 09:34:18,IO2403-P-3500,IO2403-P-3500,48.0,0.0,0.0,0.0,9,48.0,50.2,6,50.0,48.0,48.0,48.0,1.0,4800.0,508
2023-05-11 09:34:19,IO2403-P-3500,IO2403-P-3500,48.0,0.0,0.0,0.0,9,48.0,50.2,9,50.0,48.0,48.0,48.0,1.0,4800.0,508
2023-05-11 09:34:19,IO2403-P-3500,IO2403-P-3500,48.0,0.0,0.0,0.0,6,48.2,50.0,6,50.0,48.0,48.0,48.0,1.0,4800.0,508
2023-05-11 09:34:20,IO2403-P-3500,IO2403-P-3500,48.0,0.0,0.0,0.0,6,48.2,50.0,9,50.0,48.0,48.0,48.0,1.0,4800.0,508
2023-05-11 09:34:20,IO2403-P-3500,IO2403-P-3500,48.0,0.0,0.0,0.0,3,48.0,50.0,3,50.0,48.0,48.0,48.0,1.0,4800.0,508
2023-05-11 09:34:21,IO2403-P-3500,IO2403-P-3500,48.0,0.0,0.0,0.0,18,47.8,49.8,6,50.0,48.0,48.0,48.0,1.0,4800.0,508
2023-05-11 09:34:21,IO2403-P-3500,IO2403-P-3500,48.0,0.0,0.0,0.0,6,47.8,50.2,6,50.0,48.0,48.0,48.0,1.0,4800.0,508
2023-05-11 09:34:22,IO2403-P-3500,IO2403-P-3500,48.0,0.0,0.0,0.0,9,47.8,49.8,3,50.0,48.0,48.0,48.0,1.0,4800.0,508
2023-05-11 09:34:22,IO2403-P-3500,IO2403-P-3500,48.0,0.0,0.0,0.0,6,48.0,49.6,6,50.0,48.0,48.0,48.0,1.0,4800.0,508
2023-05-11 09:34:23,IO2403-P-3500,IO2403-P-3500,48.0,0.0,0.0,0.0,3,48.0,50.0,6,50.0,48.0,48.0,48.0,1.0,4800.0,508
2023-05-11 09:34:23,IO2403-P-3500,IO2403-P-3500,48.0,0.0,0.0,0.0,3,48.0,49.8,3,50.0,48.0,48.0,48.0,1.0,4800.0,508
2023-05-11 09:34:24,IO2403-P-3500,IO2403-P-3500,48.0,0.0,0.0,0.0,6,48.0,49.6,6,50.0,48.0,48.0,48.0,1.0,4800.0,508
2023-05-11 09:34:24,IO2403-P-3500,IO2403-P-3500,48.0,0.0,0.0,0.0,12,47.6,50.0,6,50.0,48.0,48.0,48.0,1.0,4800.0,508
2023-05-11 09:34:25,IO2403-P-3500,IO2403-P-3500,48.0,0.0,0.0,0.0,15,47.6,50.0,9,50.0,48.0,48.0,48.0,1.0,4800.0,508
2023-05-11 09:34:25,IO2403-P-3500,IO2403-P-3500,48.0,0.0,0.0,0.0,6,47.8,49.8,6,50.0,48.0,48.0,48.0,1.0,4800.0,508
2023-05-11 09:34:26,IO2403-P-3500,IO2403-P-3500,48.0,0.0,0.0,0.0,9,47.8,49.8,6,50.0,48.0,48.0,48.0,1.0,4800.0,508
2023-05-11 09:34:26,IO2403-P-3500,IO2403-P-3500,48.0,0.0,0.0,0.0,9,47.8,49.8,9,50.0,48.0,48.0,48.0,1.0,4800.0,508
2023-05-11 09:34:27,IO2403-P-3500,IO2403-P-3500,48.0,0.0,0.0,0.0,6,48.0,49.6,6,50.0,48.0,48.0,48.0,1.0,4800.0,508
2023-05-11 09:34:27,IO2403-P-3500,IO2403-P-3500,48.0,0.0,0.0,0.0,9,48.0,49.6,6,50.0,48.0,48.0,48.0,1.0,4800.0,508
2023-05-11 09:34:28,IO2403-P-3500,IO2403-P-3500,48.0,0.0,0.0,0.0,3,48.0,49.8,6,50.0,48.0,48.0,48.0,1.0,4800.0,508
2023-05-11 09:34:29,IO2403-P-3500,IO2403-P-3500,48.0,0.0,0.0,0.0,3,48.0,49.8,9,50.0,48.0,48.0,48.0,1.0,4800.0,508
2023-05-11 09:34:29,IO2403-P-3500,IO2403-P-3500,48.0,0.0,0.0,0.0,6,48.0,49.6,6,50.0,48.0,48.0,48.0,1.0,4800.0,508
2023-05-11 09:34:30,IO2403-P-3500,IO2403-P-3500,48.0,0.0,0.0,0.0,12,47.6,50.0,6,50.0,48.0,48.0,48.0,1.0,4800.0,508
2023-05-11 09:34:30,IO2403-P-3500,IO2403-P-3500,48.0,0.0,0.0,0.0,15,47.6,50.0,9,50.0,48.0,48.0,48.0,1.0,4800.0,508
2023-05-11 09:34:31,IO2403-P-3500,IO2403-P-3500,48.0,0.0,0.0,0.0,6,47.8,49.8,6,50.0,48.0,48.0,48.0,1.0,4800.0,508
2023-05-11 09:34:31,IO2403-P-3500,IO2403-P-3500,48.0,0.0,0.0,0.0,9,47.8,49.8,6,50.0,48.0,48.0,48.0,1.0,4800.0,508
2023-05-11 09:34:32,IO2403-P-3500,IO2403-P-3500,48.0,0.0,0.0,0.0,9,47.8,49.8,9,50.0,48.0,48.0,48.0,1.0,4800.0,508
2023-05-11 09:34:32,IO2403-P-3500,IO2403-P-3500,48.0,0.0,0.0,0.0,6,48.0,49.6,6,50.0,48.0,48.0,48.0,1.0,4800.0,508
2023-05-11 09:34:33,IO2403-P-3500,IO2403-P-3500,48.0,0.0,0.0,0.0,9,48.0,49.6,6,50.0,48.0,48.0,48.0,1.0,4800.0,508
2023-05-11 09:34:33,IO2403-P-3500,IO2403-P-3500,48.0,0.0,0.0,0.0,3,48.0,50.0,3,50.0,48.0,48.0,48.0,1.0,4800.0,508
2023-05-11 09:34:34,IO2403-P-3500,IO2403-P-3500,48.0,0.0,0.0,0.0,6,48.2,49.8,6,50.0,48.0,48.0,48.0,1.0,4800.0,508
2023-05-11 09:34:34,IO2403-P-3500,IO2403-P-3500,48.0,0.0,0.0,0.0,6,47.8,50.2,18,50.0,48.0,48.0,48.0,1.0,4800.0,508
2023-05-11 09:34:35,IO2403-P-3500,IO2403-P-3500,48.0,0.0,0.0,0.0,9,47.8,50.2,9,50.0,48.0,48.0,48.0,1.0,4800.0,508
2023-05-11 09:34:35,IO2403-P-3500,IO2403-P-3500,48.0,0.0,0.0,0.0,6,48.0,50.0,6,50.0,48.0,48.0,48.0,1.0,4800.0,508
2023-05-11 09:34:36,IO2403-P-3500,IO2403-P-3500,48.0,0.0,0.0,0.0,9,48.0,50.0,6,50.0,48.0,48.0,48.0,1.0,4800.0,508
2023-05-11 09:34:37,IO2403-P-3500,IO2403-P-3500,48.0,0.0,0.0,0.0,9,48.0,50.0,9,50.0,48.0,48.0,48.0,1.0,4800.0,508
2023-05-11 09:34:37,IO2403-P-3500,IO2403-P-3500,48.0,0.0,0.0,0.0,6,48.2,50.0,3,50.0,48.0,48.0,48.0,1.0,4800.0,508
2023-05-11 09:34:38,IO2403-P-3500,IO2403-P-3500,48.0,0.0,0.0,0.0,9,48.2,50.4,30,50.0,48.0,48.0,48.0,1.0,4800.0,508
2023-05-11 09:34:38,IO2403-P-3500,IO2403-P-3500,48.0,0.0,0.0,0.0,3,48.2,50.4,12,50.0,48.0,48.0,48.0,1.0,4800.0,508
2023-05-11 09:34:39,IO2403-P-3500,IO2403-P-3500,48.0,0.0,0.0,0.0,6,48.4,50.4,15,50.0,48.0,48.0,48.0,1.0,4800.0,508
2023-05-11 09:34:39,IO2403-P-3500,IO2403-P-3500,48.0,0.0,0.0,0.0,6,48.0,50.4,15,50.0,48.0,48.0,48.0,1.0,4800.0,508
2023-05-11 09:34:40,IO2403-P-3500,IO2403-P-3500,48.0,0.0,0.0,0.0,9,48.0,50.4,15,50.0,48.0,48.0,48.0,1.0,4800.0,508
2023-05-11 09:34:40,IO2403-P-3500,IO2403-P-3500,48.0,0.0,0.0,0.0,6,48.2,50.4,15,50.0,48.0,48.0,48.0,1.0,4800.0,508
2023-05-11 09:34:41,IO2403-P-3500,IO2403-P-3500,48.0,0.0,0.0,0.0,9,48.2,50.4,15,50.0,48.0,48.0,48.0,1.0,4800.0,508
2023-05-11 09:34:41,IO2403-P-3500,IO2403-P-3500,48.0,0.0,0.0,0.0,6,48.4,50.4,15,50.0,48.0,48.0,48.0,1.0,4800.0,508
2023-05-11 09:34:42,IO2403-P-3500,IO2403-P-3500,48.0,0.0,0.0,0.0,9,48.4,50.4,15,50.0,48.0,48.0,48.0,1.0,4800.0,508
2023-05-11 09:34:42,IO2403-P-3500,IO2403-P-3500,48.0,0.0,0.0,0.0,6,48.6,50.4,15,50.0,48.0,48.0,48.0,1.0,4800.0,508
2023-05-11 09:34:43,IO2403-P-3500,IO2403-P-3500,48.0,0.0,0.0,0.0,6,48.6,50.4,9,50.0,48.0,48.0,48.0,1.0,4800.0,508
2023-05-11 09:34:48,IO2403-P-3500,IO2403-P-3500,48.0,0.0,0.0,0.0,9,48.4,50.4,9,50.0,48.0,48.0,48.0,1.0,4800.0,508
2023-05-11 09:34:48,IO2403-P-3500,IO2403-P-3500,48.0,0.0,0.0,0.0,9,48.2,50.4,9,50.0,48.0,48.0,48.0,1.0,4800.0,508
2023-05-11 09:34:49,IO2403-P-3500,IO2403-P-3500,48.0,0.0,0.0,0.0,6,48.4,50.4,9,50.0,48.0,48.0,48.0,1.0,4800.0,508
2023-05-11 09:34:51,IO2403-P-3500,IO2403-P-3500,48.0,0.0,0.0,0.0,6,48.4,50.4,15,50.0,48.0,48.0,48.0,1.0,4800.0,508
2023-05-11 09:34:52,IO2403-P-3500,IO2403-P-3500,48.0,0.0,0.0,0.0,9,48.2,50.4,9,50.0,48.0,48.0,48.0,1.0,4800.0,508
2023-05-11 09:34:53,IO2403-P-3500,IO2403-P-3500,48.0,0.0,0.0,0.0,6,48.2,50.4,9,50.0,48.0,48.0,48.0,1.0,4800.0,508
2023-05-11 09:34:54,IO2403-P-3500,IO2403-P-3500,48.0,0.0,0.0,0.0,9,48.2,50.4,9,50.0,48.0,48.0,48.0,1.0,4800.0,508
2023-05-11 09:34:54,IO2403-P-3500,IO2403-P-3500,48.0,0.0,0.0,0.0,6,48.4,50.4,9,50.0,48.0,48.0,48.0,1.0,4800.0,508
2023-05-11 09:35:02,IO2403-P-3500,IO2403-P-3500,48.0,0.0,0.0,0.0,9,48.4,50.4,9,50.0,48.0,48.0,48.0,1.0,4800.0,508
2023-05-11 09:35:02,IO2403-P-3500,IO2403-P-3500,48.0,0.0,0.0,0.0,6,48.6,50.4,9,50.0,48.0,48.0,48.0,1.0,4800.0,508
2023-05-11 09:35:05,IO2403-P-3500,IO2403-P-3500,48.0,0.0,0.0,0.0,6,48.6,50.4,3,50.0,48.0,48.0,48.0,1.0,4800.0,508
2023-05-11 09:35:05,IO2403-P-3500,IO2403-P-3500,48.0,0.0,0.0,0.0,6,48.6,50.6,30,50.0,48.0,48.0,48.0,1.0,4800.0,508
2023-05-11 09:35:06,IO2403-P-3500,IO2403-P-3500,48.0,0.0,0.0,0.0,6,48.6,50.6,24,50.0,48.0,48.0,48.0,1.0,4800.0,508
2023-05-11 09:35:06,IO2403-P-3500,IO2403-P-3500,48.0,0.0,0.0,0.0,6,48.6,50.6,27,50.0,48.0,48.0,48.0,1.0,4800.0,508
2023-05-11 09:35:07,IO2403-P-3500,IO2403-P-3500,48.0,0.0,0.0,0.0,9,48.6,50.6,27,50.0,48.0,48.0,48.0,1.0,4800.0,508
2023-05-11 09:35:07,IO2403-P-3500,IO2403-P-3500,48.0,0.0,0.0,0.0,6,48.8,50.6,21,50.0,48.0,48.0,48.0,1.0,4800.0,508
2023-05-11 09:35:10,IO2403-P-3500,IO2403-P-3500,48.0,0.0,0.0,0.0,6,48.8,50.4,6,50.0,48.0,48.0,48.0,1.0,4800.0,508
2023-05-11 09:35:10,IO2403-P-3500,IO2403-P-3500,48.0,0.0,0.0,0.0,3,48.6,50.4,3,50.0,48.0,48.0,48.0,1.0,4800.0,508
2023-05-11 09:35:11,IO2403-P-3500,IO2403-P-3500,48.0,0.0,0.0,0.0,6,48.8,50.4,9,50.0,48.0,48.0,48.0,1.0,4800.0,508
2023-05-11 09:35:11,IO2403-P-3500,IO2403-P-3500,48.0,0.0,0.0,0.0,6,48.6,50.2,6,50.0,48.0,48.0,48.0,1.0,4800.0,508
2023-05-11 09:35:12,IO2403-P-3500,IO2403-P-3500,48.0,0.0,0.0,0.0,9,48.4,50.2,3,50.0,48.0,48.0,48.0,1.0,4800.0,508
2023-05-11 09:35:13,IO2403-P-3500,IO2403-P-3500,48.0,0.0,0.0,0.0,6,48.6,50.2,9,50.0,48.0,48.0,48.0,1.0,4800.0,508
2023-05-11 09:35:13,IO2403-P-3500,IO2403-P-3500,48.0,0.0,0.0,0.0,9,48.4,50.4,6,50.0,48.0,48.0,48.0,1.0,4800.0,508
2023-05-11 09:35:14,IO2403-P-3500,IO2403-P-3500,48.0,0.0,0.0,0.0,6,48.4,50.4,6,50.0,48.0,48.0,48.0,1.0,4800.0,508
2023-05-11 09:35:14,IO2403-P-3500,IO2403-P-3500,48.0,0.0,0.0,0.0,6,48.4,50.4,9,50.0,48.0,48.0,48.0,1.0,4800.0,508
2023-05-11 09:35:15,IO2403-P-3500,IO2403-P-3500,48.0,0.0,0.0,0.0,9,48.4,50.4,11,50.0,48.0,48.0,48.0,1.0,4800.0,508
2023-05-11 09:35:15,IO2403-P-3500,IO2403-P-3500,48.0,0.0,0.0,0.0,6,48.6,50.2,6,50.0,48.0,48.0,48.0,1.0,4800.0,508
2023-05-11 09:35:16,IO2403-P-3500,IO2403-P-3500,48.0,0.0,0.0,0.0,6,48.4,50.2,3,50.0,48.0,48.0,48.0,1.0,4800.0,508
2023-05-11 09:35:16,IO2403-P-3500,IO2403-P-3500,48.0,0.0,0.0,0.0,6,48.4,50.4,6,50.0,48.0,48.0,48.0,1.0,4800.0,508
2023-05-11 09:35:17,IO2403-P-3500,IO2403-P-3500,48.0,0.0,0.0,0.0,6,48.2,50.4,11,50.0,48.0,48.0,48.0,1.0,4800.0,508
2023-05-11 09:35:18,IO2403-P-3500,IO2403-P-3500,48.0,0.0,0.0,0.0,9,48.2,50.2,6,50.0,48.0,48.0,48.0,1.0,4800.0,508
2023-05-11 09:35:18,IO2403-P-3500,IO2403-P-3500,48.0,0.0,0.0,0.0,9,48.2,50.2,9,50.0,48.0,48.0,48.0,1.0,4800.0,508
2023-05-11 09:35:19,IO2403-P-3500,IO2403-P-3500,48.0,0.0,0.0,0.0,21,48.0,50.2,3,50.0,48.0,48.0,48.0,1.0,4800.0,508
2023-05-11 09:35:19,IO2403-P-3500,IO2403-P-3500,48.0,0.0,0.0,0.0,6,48.0,50.0,6,50.0,48.0,48.0,48.0,1.0,4800.0,508
2023-05-11 09:35:20,IO2403-P-3500,IO2403-P-3500,48.0,0.0,0.0,0.0,3,48.0,50.2,6,50.0,48.0,48.0,48.0,1.0,4800.0,508
2023-05-11 09:35:20,IO2403-P-3500,IO2403-P-3500,48.0,0.0,0.0,0.0,15,47.8,50.2,9,50.0,48.0,48.0,48.0,1.0,4800.0,508
2023-05-11 09:35:21,IO2403-P-3500,IO2403-P-3500,48.0,0.0,0.0,0.0,6,48.0,50.0,6,50.0,48.0,48.0,48.0,1.0,4800.0,508
2023-05-11 09:35:21,IO2403-P-3500,IO2403-P-3500,48.0,0.0,0.0,0.0,3,48.0,50.0,3,50.0,48.0,48.0,48.0,1.0,4800.0,508
2023-05-11 09:35:22,IO2403-P-3500,IO2403-P-3500,48.0,0.0,0.0,0.0,6,48.2,50.0,3,50.0,48.0,48.0,48.0,1.0,4800.0,508
2023-05-11 09:35:22,IO2403-P-3500,IO2403-P-3500,48.0,0.0,0.0,0.0,6,48.2,50.4,6,50.0,48.0,48.0,48.0,1.0,4800.0,508
2023-05-11 09:35:23,IO2403-P-3500,IO2403-P-3500,48.0,0.0,0.0,0.0,18,47.8,50.4,6,50.0,48.0,48.0,48.0,1.0,4800.0,508
2023-05-11 09:35:23,IO2403-P-3500,IO2403-P-3500,48.0,0.0,0.0,0.0,6,48.0,50.4,9,50.0,48.0,48.0,48.0,1.0,4800.0,508
2023-05-11 09:35:24,IO2403-P-3500,IO2403-P-3500,48.0,0.0,0.0,0.0,9,48.0,50.4,3,50.0,48.0,48.0,48.0,1.0,4800.0,508
2023-05-11 09:35:24,IO2403-P-3500,IO2403-P-3500,48.0,0.0,0.0,0.0,6,48.2,50.4,3,50.0,48.0,48.0,48.0,1.0,4800.0,508
2023-05-11 09:35:25,IO2403-P-3500,IO2403-P-3500,48.0,0.0,0.0,0.0,9,48.2,50.6,39,50.0,48.0,48.0,48.0,1.0,4800.0,508
2023-05-11 09:35:25,IO2403-P-3500,IO2403-P-3500,48.0,0.0,0.0,0.0,6,48.4,50.6,18,50.0,48.0,48.0,48.0,1.0,4800.0,508
2023-05-11 09:35:26,IO2403-P-3500,IO2403-P-3500,48.0,0.0,0.0,0.0,6,48.4,50.6,15,50.0,48.0,48.0,48.0,1.0,4800.0,508
2023-05-11 09:35:26,IO2403-P-3500,IO2403-P-3500,48.0,0.0,0.0,0.0,9,48.4,50.6,17,50.0,48.0,48.0,48.0,1.0,4800.0,508
2023-05-11 09:35:27,IO2403-P-3500,IO2403-P-3500,48.0,0.0,0.0,0.0,6,48.6,50.6,17,50.0,48.0,48.0,48.0,1.0,4800.0,508
2023-05-11 09:35:27,IO2403-P-3500,IO2403-P-3500,48.0,0.0,0.0,0.0,6,48.2,50.6,17,50.0,48.0,48.0,48.0,1.0,4800.0,508
2023-05-11 09:35:28,IO2403-P-3500,IO2403-P-3500,48.0,0.0,0.0,0.0,9,48.2,50.6,23,50.0,48.0,48.0,48.0,1.0,4800.0,508
2023-05-11 09:35:28,IO2403-P-3500,IO2403-P-3500,48.0,0.0,0.0,0.0,6,48.4,50.6,21,50.0,48.0,48.0,48.0,1.0,4800.0,508
2023-05-11 09:35:33,IO2403-P-3500,IO2403-P-3500,48.0,0.0,0.0,0.0,6,48.2,50.6,21,50.0,48.0,48.0,48.0,1.0,4800.0,508
2023-05-11 09:35:33,IO2403-P-3500,IO2403-P-3500,48.0,0.0,0.0,0.0,9,48.2,50.6,21,50.0,48.0,48.0,48.0,1.0,4800.0,508
2023-05-11 09:35:34,IO2403-P-3500,IO2403-P-3500,48.0,0.0,0.0,0.0,6,48.4,50.6,21,50.0,48.0,48.0,48.0,1.0,4800.0,508
2023-05-11 09:35:36,IO2403-P-3500,IO2403-P-3500,48.0,0.0,0.0,0.0,6,48.2,50.6,29,50.0,48.0,48.0,48.0,1.0,4800.0,508
2023-05-11 09:35:37,IO2403-P-3500,IO2403-P-3500,48.0,0.0,0.0,0.0,6,48.2,50.6,21,50.0,48.0,48.0,48.0,1.0,4800.0,508
2023-05-11 09:35:38,IO2403-P-3500,IO2403-P-3500,48.0,0.0,0.0,0.0,9,48.2,50.6,27,50.0,48.0,48.0,48.0,1.0,4800.0,508
2023-05-11 09:35:39,IO2403-P-3500,IO2403-P-3500,48.0,0.0,0.0,0.0,6,48.4,50.6,27,50.0,48.0,48.0,48.0,1.0,4800.0,508
2023-05-11 09:35:39,IO2403-P-3500,IO2403-P-3500,48.0,0.0,0.0,0.0,6,48.2,50.6,27,50.0,48.0,48.0,48.0,1.0,4800.0,508
2023-05-11 09:35:42,IO2403-P-3500,IO2403-P-3500,48.0,0.0,0.0,0.0,9,48.2,50.6,27,50.0,48.0,48.0,48.0,1.0,4800.0,508
2023-05-11 09:35:43,IO2403-P-3500,IO2403-P-3500,48.0,0.0,0.0,0.0,6,48.4,50.6,27,50.0,48.0,48.0,48.0,1.0,4800.0,508
2023-05-11 09:35:43,IO2403-P-3500,IO2403-P-3500,48.0,0.0,0.0,0.0,6,48.2,50.6,27,50.0,48.0,48.0,48.0,1.0,4800.0,508
2023-05-11 09:35:56,IO2403-P-3500,IO2403-P-3500,48.0,0.0,0.0,0.0,9,48.2,50.6,27,50.0,48.0,48.0,48.0,1.0,4800.0,508
2023-05-11 09:35:57,IO2403-P-3500,IO2403-P-3500,48.0,0.0,0.0,0.0,6,48.4,50.6,27,50.0,48.0,48.0,48.0,1.0,4800.0,508
2023-05-11 09:36:02,IO2403-P-3500,IO2403-P-3500,48.0,0.0,0.0,0.0,6,48.4,50.4,6,50.0,48.0,48.0,48.0,1.0,4800.0,508
2023-05-11 09:36:03,IO2403-P-3500,IO2403-P-3500,48.0,0.0,0.0,0.0,6,48.2,50.4,9,50.0,48.0,48.0,48.0,1.0,4800.0,508
2023-05-11 09:36:12,IO2403-P-3500,IO2403-P-3500,48.0,0.0,0.0,0.0,9,48.2,50.4,9,50.0,48.0,48.0,48.0,1.0,4800.0,508
2023-05-11 09:36:13,IO2403-P-3500,IO2403-P-3500,48.0,0.0,0.0,0.0,6,48.4,50.4,9,50.0,48.0,48.0,48.0,1.0,4800.0,508
2023-05-11 09:36:15,IO2403-P-3500,IO2403-P-3500,48.0,0.0,0.0,0.0,6,48.2,50.4,9,50.0,48.0,48.0,48.0,1.0,4800.0,508
2023-05-11 09:36:16,IO2403-P-3500,IO2403-P-3500,48.0,0.0,0.0,0.0,9,48.2,50.4,9,50.0,48.0,48.0,48.0,1.0,4800.0,508
2023-05-11 09:36:16,IO2403-P-3500,IO2403-P-3500,48.0,0.0,0.0,0.0,6,48.4,50.4,9,50.0,48.0,48.0,48.0,1.0,4800.0,508
2023-05-11 09:36:17,IO2403-P-3500,IO2403-P-3500,48.0,0.0,0.0,0.0,9,48.4,50.4,9,50.0,48.0,48.0,48.0,1.0,4800.0,508
2023-05-11 09:36:18,IO2403-P-3500,IO2403-P-3500,48.0,0.0,0.0,0.0,6,48.6,50.4,9,50.0,48.0,48.0,48.0,1.0,4800.0,508
2023-05-11 09:36:20,IO2403-P-3500,IO2403-P-3500,48.0,0.0,0.0,0.0,6,48.4,50.4,9,50.0,48.0,48.0,48.0,1.0,4800.0,508
2023-05-11 09:36:44,IO2403-P-3500,IO2403-P-3500,48.0,0.0,0.0,0.0,6,48.4,50.4,15,50.0,48.0,48.0,48.0,1.0,4800.0,508
2023-05-11 09:36:44,IO2403-P-3500,IO2403-P-3500,48.0,0.0,0.0,0.0,6,48.2,50.4,11,50.0,48.0,48.0,48.0,1.0,4800.0,508
2023-05-11 09:36:45,IO2403-P-3500,IO2403-P-3500,48.0,0.0,0.0,0.0,6,48.2,50.4,9,50.0,48.0,48.0,48.0,1.0,4800.0,508
2023-05-11 09:36:46,IO2403-P-3500,IO2403-P-3500,48.0,0.0,0.0,0.0,9,48.2,50.4,9,50.0,48.0,48.0,48.0,1.0,4800.0,508
2023-05-11 09:36:47,IO2403-P-3500,IO2403-P-3500,48.0,0.0,0.0,0.0,6,48.4,50.4,15,50.0,48.0,48.0,48.0,1.0,4800.0,508
2023-05-11 09:36:47,IO2403-P-3500,IO2403-P-3500,48.0,0.0,0.0,0.0,6,48.4,50.4,9,50.0,48.0,48.0,48.0,1.0,4800.0,508
2023-05-11 09:36:49,IO2403-P-3500,IO2403-P-3500,48.0,0.0,0.0,0.0,9,48.2,50.4,9,50.0,48.0,48.0,48.0,1.0,4800.0,508
2023-05-11 09:36:49,IO2403-P-3500,IO2403-P-3500,48.0,0.0,0.0,0.0,6,48.4,50.4,9,50.0,48.0,48.0,48.0,1.0,4800.0,508
2023-05-11 09:36:58,IO2403-P-3500,IO2403-P-3500,48.0,0.0,0.0,0.0,9,48.2,50.4,9,50.0,48.0,48.0,48.0,1.0,4800.0,508
2023-05-11 09:36:58,IO2403-P-3500,IO2403-P-3500,48.0,0.0,0.0,0.0,6,48.4,50.4,9,50.0,48.0,48.0,48.0,1.0,4800.0,508
2023-05-11 09:36:59,IO2403-P-3500,IO2403-P-3500,48.0,0.0,0.0,0.0,9,48.4,50.4,9,50.0,48.0,48.0,48.0,1.0,4800.0,508
2023-05-11 09:36:59,IO2403-P-3500,IO2403-P-3500,48.0,0.0,0.0,0.0,6,48.6,50.4,9,50.0,48.0,48.0,48.0,1.0,4800.0,508
2023-05-11 09:37:01,IO2403-P-3500,IO2403-P-3500,48.0,0.0,0.0,0.0,6,48.4,50.4,9,50.0,48.0,48.0,48.0,1.0,4800.0,508
2023-05-11 09:37:02,IO2403-P-3500,IO2403-P-3500,48.0,0.0,0.0,0.0,9,48.4,50.4,3,50.0,48.0,48.0,48.0,1.0,4800.0,508
2023-05-11 09:37:03,IO2403-P-3500,IO2403-P-3500,48.0,0.0,0.0,0.0,6,48.6,50.4,3,50.0,48.0,48.0,48.0,1.0,4800.0,508
2023-05-11 09:37:03,IO2403-P-3500,IO2403-P-3500,48.0,0.0,0.0,0.0,6,48.6,50.8,36,50.0,48.0,48.0,48.0,1.0,4800.0,508
2023-05-11 09:37:04,IO2403-P-3500,IO2403-P-3500,48.0,0.0,0.0,0.0,6,48.6,50.8,24,50.0,48.0,48.0,48.0,1.0,4800.0,508
2023-05-11 09:37:04,IO2403-P-3500,IO2403-P-3500,48.0,0.0,0.0,0.0,6,48.6,50.8,21,50.0,48.0,48.0,48.0,1.0,4800.0,508
2023-05-11 09:37:17,IO2403-P-3500,IO2403-P-3500,48.0,0.0,0.0,0.0,9,48.6,50.8,15,50.0,48.0,48.0,48.0,1.0,4800.0,508
2023-05-11 09:37:17,IO2403-P-3500,IO2403-P-3500,48.0,0.0,0.0,0.0,6,48.8,50.8,9,50.0,48.0,48.0,48.0,1.0,4800.0,508
2023-05-11 09:37:18,IO2403-P-3500,IO2403-P-3500,48.0,0.0,0.0,0.0,6,48.8,50.8,3,50.0,48.0,48.0,48.0,1.0,4800.0,508
2023-05-11 09:37:18,IO2403-P-3500,IO2403-P-3500,48.0,0.0,0.0,0.0,6,48.8,50.8,2,50.0,48.0,48.0,48.0,1.0,4800.0,508
2023-05-11 09:37:19,IO2403-P-3500,IO2403-P-3500,48.0,0.0,0.0,0.0,6,48.8,50.8,8,50.0,48.0,48.0,48.0,1.0,4800.0,508
2023-05-11 09:37:19,IO2403-P-3500,IO2403-P-3500,48.0,0.0,0.0,0.0,6,48.8,50.8,11,50.0,48.0,48.0,48.0,1.0,4800.0,508
2023-05-11 09:37:20,IO2403-P-3500,IO2403-P-3500,48.0,0.0,0.0,0.0,6,48.8,50.6,6,50.0,48.0,48.0,48.0,1.0,4800.0,508
2023-05-11 09:37:21,IO2403-P-3500,IO2403-P-3500,48.0,0.0,0.0,0.0,6,48.8,50.6,9,50.0,48.0,48.0,48.0,1.0,4800.0,508
2023-05-11 09:37:21,IO2403-P-3500,IO2403-P-3500,48.0,0.0,0.0,0.0,9,48.6,50.6,3,50.0,48.0,48.0,48.0,1.0,4800.0,508
2023-05-11 09:37:22,IO2403-P-3500,IO2403-P-3500,48.0,0.0,0.0,0.0,6,48.8,50.6,6,50.0,48.0,48.0,48.0,1.0,4800.0,508
2023-05-11 09:37:22,IO2403-P-3500,IO2403-P-3500,48.0,0.0,0.0,0.0,6,48.4,50.8,6,50.0,48.0,48.0,48.0,1.0,4800.0,508
2023-05-11 09:37:23,IO2403-P-3500,IO2403-P-3500,48.0,0.0,0.0,0.0,3,48.4,50.6,2,50.0,48.0,48.0,48.0,1.0,4800.0,508
2023-05-11 09:37:23,IO2403-P-3500,IO2403-P-3500,48.0,0.0,0.0,0.0,6,48.4,50.4,6,50.0,48.0,48.0,48.0,1.0,4800.0,508
2023-05-11 09:37:24,IO2403-P-3500,IO2403-P-3500,48.0,0.0,0.0,0.0,6,48.4,50.4,9,50.0,48.0,48.0,48.0,1.0,4800.0,508
2023-05-11 09:37:24,IO2403-P-3500,IO2403-P-3500,48.0,0.0,0.0,0.0,9,48.4,50.4,9,50.0,48.0,48.0,48.0,1.0,4800.0,508
2023-05-11 09:37:25,IO2403-P-3500,IO2403-P-3500,48.0,0.0,0.0,0.0,9,48.4,50.4,3,50.0,48.0,48.0,48.0,1.0,4800.0,508
2023-05-11 09:37:25,IO2403-P-3500,IO2403-P-3500,48.0,0.0,0.0,0.0,6,48.6,50.6,6,50.0,48.0,48.0,48.0,1.0,4800.0,508
2023-05-11 09:37:26,IO2403-P-3500,IO2403-P-3500,48.0,0.0,0.0,0.0,3,48.6,50.8,6,50.0,48.0,48.0,48.0,1.0,4800.0,508
2023-05-11 09:37:26,IO2403-P-3500,IO2403-P-3500,48.0,0.0,0.0,0.0,6,48.4,50.8,11,50.0,48.0,48.0,48.0,1.0,4800.0,508
2023-05-11 09:37:27,IO2403-P-3500,IO2403-P-3500,48.0,0.0,0.0,0.0,9,48.4,50.8,11,50.0,48.0,48.0,48.0,1.0,4800.0,508
2023-05-11 09:37:28,IO2403-P-3500,IO2403-P-3500,48.0,0.0,0.0,0.0,6,48.6,50.6,6,50.0,48.0,48.0,48.0,1.0,4800.0,508
2023-05-11 09:37:28,IO2403-P-3500,IO2403-P-3500,48.0,0.0,0.0,0.0,9,48.6,50.6,3,50.0,48.0,48.0,48.0,1.0,4800.0,508
2023-05-11 09:37:29,IO2403-P-3500,IO2403-P-3500,48.0,0.0,0.0,0.0,6,48.8,50.6,6,50.0,48.0,48.0,48.0,1.0,4800.0,508
2023-05-11 09:37:29,IO2403-P-3500,IO2403-P-3500,48.0,0.0,0.0,0.0,9,48.6,50.8,6,50.0,48.0,48.0,48.0,1.0,4800.0,508
2023-05-11 09:37:30,IO2403-P-3500,IO2403-P-3500,48.0,0.0,0.0,0.0,9,48.6,50.8,9,50.0,48.0,48.0,48.0,1.0,4800.0,508
2023-05-11 09:37:30,IO2403-P-3500,IO2403-P-3500,48.0,0.0,0.0,0.0,6,48.8,50.6,6,50.0,48.0,48.0,48.0,1.0,4800.0,508
2023-05-11 09:37:31,IO2403-P-3500,IO2403-P-3500,48.0,0.0,0.0,0.0,6,48.8,50.6,9,50.0,48.0,48.0,48.0,1.0,4800.0,508
2023-05-11 09:37:50,IO2403-P-3500,IO2403-P-3500,48.0,0.0,0.0,0.0,6,48.8,50.4,6,50.0,48.0,48.0,48.0,1.0,4800.0,508
2023-05-11 09:37:50,IO2403-P-3500,IO2403-P-3500,48.0,0.0,0.0,0.0,9,48.4,50.4,9,50.0,48.0,48.0,48.0,1.0,4800.0,508
2023-05-11 09:37:51,IO2403-P-3500,IO2403-P-3500,48.0,0.0,0.0,0.0,6,48.6,50.2,6,50.0,48.0,48.0,48.0,1.0,4800.0,508
2023-05-11 09:37:51,IO2403-P-3500,IO2403-P-3500,48.0,0.0,0.0,0.0,9,48.4,50.2,3,50.0,48.0,48.0,48.0,1.0,4800.0,508
2023-05-11 09:37:52,IO2403-P-3500,IO2403-P-3500,48.0,0.0,0.0,0.0,6,48.6,50.6,6,50.0,48.0,48.0,48.0,1.0,4800.0,508
2023-05-11 09:37:53,IO2403-P-3500,IO2403-P-3500,48.0,0.0,0.0,0.0,9,48.4,50.6,3,50.0,48.0,48.0,48.0,1.0,4800.0,508
2023-05-11 09:37:53,IO2403-P-3500,IO2403-P-3500,48.0,0.0,0.0,0.0,6,48.6,50.6,6,50.0,48.0,48.0,48.0,1.0,4800.0,508
2023-05-11 09:37:54,IO2403-P-3500,IO2403-P-3500,48.0,0.0,0.0,0.0,9,48.4,50.8,6,50.0,48.0,48.0,48.0,1.0,4800.0,508
2023-05-11 09:37:54,IO2403-P-3500,IO2403-P-3500,48.0,0.0,0.0,0.0,9,48.4,50.8,11,50.0,48.0,48.0,48.0,1.0,4800.0,508
2023-05-11 09:37:55,IO2403-P-3500,IO2403-P-3500,48.0,0.0,0.0,0.0,6,48.6,50.6,6,50.0,48.0,48.0,48.0,1.0,4800.0,508
2023-05-11 09:37:55,IO2403-P-3500,IO2403-P-3500,48.0,0.0,0.0,0.0,6,48.6,50.6,9,50.0,48.0,48.0,48.0,1.0,4800.0,508
2023-05-11 09:37:59,IO2403-P-3500,IO2403-P-3500,48.0,0.0,0.0,0.0,6,48.4,50.6,3,50.0,48.0,48.0,48.0,1.0,4800.0,508
2023-05-11 09:37:59,IO2403-P-3500,IO2403-P-3500,48.0,0.0,0.0,0.0,6,48.4,50.8,6,50.0,48.0,48.0,48.0,1.0,4800.0,508
2023-05-11 09:38:00,IO2403-P-3500,IO2403-P-3500,48.0,0.0,0.0,0.0,6,48.4,50.8,8,50.0,48.0,48.0,48.0,1.0,4800.0,508
2023-05-11 09:38:00,IO2403-P-3500,IO2403-P-3500,48.0,0.0,0.0,0.0,15,48.2,50.6,6,50.0,48.0,48.0,48.0,1.0,4800.0,508
2023-05-11 09:38:01,IO2403-P-3500,IO2403-P-3500,48.0,0.0,0.0,0.0,9,48.2,50.6,9,50.0,48.0,48.0,48.0,1.0,4800.0,508
2023-05-11 09:38:01,IO2403-P-3500,IO2403-P-3500,48.0,0.0,0.0,0.0,6,48.4,50.4,6,50.0,48.0,48.0,48.0,1.0,4800.0,508
2023-05-11 09:38:02,IO2403-P-3500,IO2403-P-3500,48.0,0.0,0.0,0.0,9,48.4,50.4,9,50.0,48.0,48.0,48.0,1.0,4800.0,508
2023-05-11 09:38:02,IO2403-P-3500,IO2403-P-3500,48.0,0.0,0.0,0.0,6,48.6,50.2,6,50.0,48.0,48.0,48.0,1.0,4800.0,508
2023-05-11 09:38:03,IO2403-P-3500,IO2403-P-3500,48.0,0.0,0.0,0.0,6,48.2,50.2,3,50.0,48.0,48.0,48.0,1.0,4800.0,508
2023-05-11 09:38:03,IO2403-P-3500,IO2403-P-3500,48.0,0.0,0.0,0.0,9,48.2,50.2,3,50.0,48.0,48.0,48.0,1.0,4800.0,508
2023-05-11 09:38:04,IO2403-P-3500,IO2403-P-3500,48.0,0.0,0.0,0.0,6,48.4,50.4,6,50.0,48.0,48.0,48.0,1.0,4800.0,508
2023-05-11 09:38:04,IO2403-P-3500,IO2403-P-3500,48.0,0.0,0.0,0.0,9,48.2,50.6,6,50.0,48.0,48.0,48.0,1.0,4800.0,508
2023-05-11 09:38:05,IO2403-P-3500,IO2403-P-3500,48.0,0.0,0.0,0.0,3,48.2,50.6,11,50.0,48.0,48.0,48.0,1.0,4800.0,508
2023-05-11 09:38:05,IO2403-P-3500,IO2403-P-3500,48.0,0.0,0.0,0.0,9,48.2,50.4,6,50.0,48.0,48.0,48.0,1.0,4800.0,508
2023-05-11 09:38:06,IO2403-P-3500,IO2403-P-3500,48.0,0.0,0.0,0.0,9,48.2,50.4,9,50.0,48.0,48.0,48.0,1.0,4800.0,508
2023-05-11 09:38:06,IO2403-P-3500,IO2403-P-3500,48.0,0.0,0.0,0.0,6,48.4,50.2,6,50.0,48.0,48.0,48.0,1.0,4800.0,508
2023-05-11 09:38:07,IO2403-P-3500,IO2403-P-3500,48.0,0.0,0.0,0.0,6,48.4,50.2,9,50.0,48.0,48.0,48.0,1.0,4800.0,508
2023-05-11 09:38:07,IO2403-P-3500,IO2403-P-3500,48.0,0.0,0.0,0.0,6,48.4,50.0,6,50.0,48.0,48.0,48.0,1.0,4800.0,508
2023-05-11 09:38:08,IO2403-P-3500,IO2403-P-3500,48.0,0.0,0.0,0.0,6,48.4,50.0,9,50.0,48.0,48.0,48.0,1.0,4800.0,508
2023-05-11 09:38:10,IO2403-P-3500,IO2403-P-3500,48.0,0.0,0.0,0.0,6,48.2,50.0,3,50.0,48.0,48.0,48.0,1.0,4800.0,508
2023-05-11 09:38:10,IO2403-P-3500,IO2403-P-3500,48.0,0.0,0.0,0.0,6,48.2,50.2,6,50.0,48.0,48.0,48.0,1.0,4800.0,508
2023-05-11 09:38:11,IO2403-P-3500,IO2403-P-3500,48.0,0.0,0.0,0.0,21,48.0,50.4,6,50.0,48.0,48.0,48.0,1.0,4800.0,508
2023-05-11 09:38:11,IO2403-P-3500,IO2403-P-3500,48.0,0.0,0.0,0.0,6,48.0,50.4,9,50.0,48.0,48.0,48.0,1.0,4800.0,508
2023-05-11 09:38:16,IO2403-P-3500,IO2403-P-3500,48.0,0.0,0.0,0.0,6,48.0,50.4,3,50.0,48.0,48.0,48.0,1.0,4800.0,508
2023-05-11 09:38:17,IO2403-P-3500,IO2403-P-3500,48.0,0.0,0.0,0.0,6,48.0,50.6,18,50.0,48.0,48.0,48.0,1.0,4800.0,508
2023-05-11 09:38:17,IO2403-P-3500,IO2403-P-3500,48.0,0.0,0.0,0.0,6,48.0,50.6,8,50.0,48.0,48.0,48.0,1.0,4800.0,508
2023-05-11 09:38:18,IO2403-P-3500,IO2403-P-3500,48.0,0.0,0.0,0.0,6,48.0,50.6,11,50.0,48.0,48.0,48.0,1.0,4800.0,508
2023-05-11 09:38:18,IO2403-P-3500,IO2403-P-3500,48.0,0.0,0.0,0.0,6,48.0,50.6,9,50.0,48.0,48.0,48.0,1.0,4800.0,508
2023-05-11 09:38:19,IO2403-P-3500,IO2403-P-3500,48.0,0.0,0.0,0.0,6,48.0,50.6,11,50.0,48.0,48.0,48.0,1.0,4800.0,508
2023-05-11 09:38:22,IO2403-P-3500,IO2403-P-3500,48.0,0.0,0.0,0.0,6,48.0,50.6,9,50.0,48.0,48.0,48.0,1.0,4800.0,508
2023-05-11 09:38:22,IO2403-P-3500,IO2403-P-3500,48.0,0.0,0.0,0.0,6,48.0,50.6,15,50.0,48.0,48.0,48.0,1.0,4800.0,508
2023-05-11 09:38:23,IO2403-P-3500,IO2403-P-3500,48.0,0.0,0.0,0.0,6,48.0,50.6,17,50.0,48.0,48.0,48.0,1.0,4800.0,508
2023-05-11 09:38:27,IO2403-P-3500,IO2403-P-3500,48.0,0.0,0.0,0.0,6,48.0,50.6,15,50.0,48.0,48.0,48.0,1.0,4800.0,508
2023-05-11 09:38:27,IO2403-P-3500,IO2403-P-3500,48.0,0.0,0.0,0.0,6,48.0,50.6,9,50.0,48.0,48.0,48.0,1.0,4800.0,508
2023-05-11 09:38:29,IO2403-P-3500,IO2403-P-3500,48.0,0.0,0.0,0.0,6,48.0,50.6,15,50.0,48.0,48.0,48.0,1.0,4800.0,508
2023-05-11 09:38:29,IO2403-P-3500,IO2403-P-3500,48.0,0.0,0.0,0.0,6,48.0,50.6,17,50.0,48.0,48.0,48.0,1.0,4800.0,508
2023-05-11 09:38:31,IO2403-P-3500,IO2403-P-3500,48.0,0.0,0.0,0.0,6,48.0,50.6,15,50.0,48.0,48.0,48.0,1.0,4800.0,508
2023-05-11 09:38:32,IO2403-P-3500,IO2403-P-3500,48.0,0.0,0.0,0.0,6,48.0,50.6,17,50.0,48.0,48.0,48.0,1.0,4800.0,508
2023-05-11 09:38:34,IO2403-P-3500,IO2403-P-3500,48.0,0.0,0.0,0.0,6,48.0,50.2,6,50.0,48.0,48.0,48.0,1.0,4800.0,508
2023-05-11 09:38:35,IO2403-P-3500,IO2403-P-3500,48.0,0.0,0.0,0.0,6,48.0,50.2,9,50.0,48.0,48.0,48.0,1.0,4800.0,508
2023-05-11 09:38:45,IO2403-P-3500,IO2403-P-3500,48.0,0.0,0.0,0.0,6,48.0,50.0,6,50.0,48.0,48.0,48.0,1.0,4800.0,508
2023-05-11 09:38:45,IO2403-P-3500,IO2403-P-3500,48.0,0.0,0.0,0.0,6,48.0,50.0,9,50.0,48.0,48.0,48.0,1.0,4800.0,508
2023-05-11 09:38:54,IO2403-P-3500,IO2403-P-3500,48.0,0.0,0.0,0.0,12,47.8,49.8,6,50.0,48.0,48.0,48.0,1.0,4800.0,508
2023-05-11 09:38:55,IO2403-P-3500,IO2403-P-3500,48.0,0.0,0.0,0.0,6,47.8,49.8,9,50.0,48.0,48.0,48.0,1.0,4800.0,508
2023-05-11 09:39:00,IO2403-P-3500,IO2403-P-3500,48.0,0.0,0.0,0.0,18,47.6,49.6,6,50.0,48.0,48.0,48.0,1.0,4800.0,508
2023-05-11 09:39:01,IO2403-P-3500,IO2403-P-3500,48.0,0.0,0.0,0.0,12,47.6,49.6,9,50.0,48.0,48.0,48.0,1.0,4800.0,508
2023-05-11 09:39:01,IO2403-P-3500,IO2403-P-3500,48.0,0.0,0.0,0.0,6,47.8,49.4,6,50.0,48.0,48.0,48.0,1.0,4800.0,508
2023-05-11 09:39:02,IO2403-P-3500,IO2403-P-3500,48.0,0.0,0.0,0.0,6,47.8,49.4,9,50.0,48.0,48.0,48.0,1.0,4800.0,508
2023-05-11 09:39:12,IO2403-P-3500,IO2403-P-3500,48.0,0.0,0.0,0.0,6,47.8,49.4,3,50.0,48.0,48.0,48.0,1.0,4800.0,508
2023-05-11 09:39:13,IO2403-P-3500,IO2403-P-3500,48.0,0.0,0.0,0.0,6,47.8,50.0,24,50.0,48.0,48.0,48.0,1.0,4800.0,508
2023-05-11 09:39:14,IO2403-P-3500,IO2403-P-3500,48.0,0.0,0.0,0.0,6,47.8,50.0,12,50.0,48.0,48.0,48.0,1.0,4800.0,508
2023-05-11 09:39:14,IO2403-P-3500,IO2403-P-3500,48.0,0.0,0.0,0.0,6,47.8,50.0,15,50.0,48.0,48.0,48.0,1.0,4800.0,508
2023-05-11 09:39:19,IO2403-P-3500,IO2403-P-3500,48.0,0.0,0.0,0.0,9,47.8,50.0,15,50.0,48.0,48.0,48.0,1.0,4800.0,508
2023-05-11 09:39:19,IO2403-P-3500,IO2403-P-3500,48.0,0.0,0.0,0.0,6,48.0,50.0,21,50.0,48.0,48.0,48.0,1.0,4800.0,508
2023-05-11 09:39:20,IO2403-P-3500,IO2403-P-3500,48.0,0.0,0.0,0.0,6,47.8,50.0,21,50.0,48.0,48.0,48.0,1.0,4800.0,508
2023-05-11 09:39:21,IO2403-P-3500,IO2403-P-3500,48.0,0.0,0.0,0.0,9,47.8,50.0,21,50.0,48.0,48.0,48.0,1.0,4800.0,508
2023-05-11 09:39:21,IO2403-P-3500,IO2403-P-3500,48.0,0.0,0.0,0.0,6,48.0,50.0,27,50.0,48.0,48.0,48.0,1.0,4800.0,508
2023-05-11 09:39:25,IO2403-P-3500,IO2403-P-3500,48.0,0.0,0.0,0.0,6,47.8,50.0,21,50.0,48.0,48.0,48.0,1.0,4800.0,508
2023-05-11 09:39:26,IO2403-P-3500,IO2403-P-3500,48.0,0.0,0.0,0.0,6,47.8,49.8,6,50.0,48.0,48.0,48.0,1.0,4800.0,508
2023-05-11 09:39:27,IO2403-P-3500,IO2403-P-3500,48.0,0.0,0.0,0.0,6,47.8,49.8,9,50.0,48.0,48.0,48.0,1.0,4800.0,508
2023-05-11 09:39:29,IO2403-P-3500,IO2403-P-3500,48.0,0.0,0.0,0.0,6,47.8,49.8,3,50.0,48.0,48.0,48.0,1.0,4800.0,508
2023-05-11 09:39:30,IO2403-P-3500,IO2403-P-3500,48.0,0.0,0.0,0.0,6,47.8,50.0,24,50.0,48.0,48.0,48.0,1.0,4800.0,508
2023-05-11 09:39:30,IO2403-P-3500,IO2403-P-3500,48.0,0.0,0.0,0.0,6,47.8,50.0,26,50.0,48.0,48.0,48.0,1.0,4800.0,508
2023-05-11 09:39:31,IO2403-P-3500,IO2403-P-3500,48.0,0.0,0.0,0.0,6,47.8,50.0,29,50.0,48.0,48.0,48.0,1.0,4800.0,508
2023-05-11 09:39:33,IO2403-P-3500,IO2403-P-3500,48.0,0.0,0.0,0.0,6,47.8,50.0,23,50.0,48.0,48.0,48.0,1.0,4800.0,508
2023-05-11 09:39:34,IO2403-P-3500,IO2403-P-3500,48.0,0.0,0.0,0.0,6,47.8,50.0,29,50.0,48.0,48.0,48.0,1.0,4800.0,508
2023-05-11 09:39:42,IO2403-P-3500,IO2403-P-3500,48.0,0.0,0.0,0.0,6,47.8,50.0,27,50.0,48.0,48.0,48.0,1.0,4800.0,508
2023-05-11 09:39:44,IO2403-P-3500,IO2403-P-3500,48.0,0.0,0.0,0.0,6,47.8,49.8,6,50.0,48.0,48.0,48.0,1.0,4800.0,508
2023-05-11 09:39:44,IO2403-P-3500,IO2403-P-3500,48.0,0.0,0.0,0.0,6,47.8,49.8,9,50.0,48.0,48.0,48.0,1.0,4800.0,508
2023-05-11 09:39:46,IO2403-P-3500,IO2403-P-3500,48.0,0.0,0.0,0.0,24,47.6,49.6,6,50.0,48.0,48.0,48.0,1.0,4800.0,508
2023-05-11 09:39:46,IO2403-P-3500,IO2403-P-3500,48.0,0.0,0.0,0.0,12,47.6,49.6,9,50.0,48.0,48.0,48.0,1.0,4800.0,508
2023-05-11 09:39:47,IO2403-P-3500,IO2403-P-3500,48.0,0.0,0.0,0.0,6,47.8,49.4,6,50.0,48.0,48.0,48.0,1.0,4800.0,508
2023-05-11 09:39:47,IO2403-P-3500,IO2403-P-3500,48.0,0.0,0.0,0.0,6,47.8,49.4,9,50.0,48.0,48.0,48.0,1.0,4800.0,508
2023-05-11 09:40:10,IO2403-P-3500,IO2403-P-3500,48.0,0.0,0.0,0.0,6,47.8,49.4,3,50.0,48.0,48.0,48.0,1.0,4800.0,508
2023-05-11 09:40:11,IO2403-P-3500,IO2403-P-3500,48.0,0.0,0.0,0.0,6,47.8,49.8,6,50.0,48.0,48.0,48.0,1.0,4800.0,508
2023-05-11 09:40:12,IO2403-P-3500,IO2403-P-3500,48.0,0.0,0.0,0.0,6,47.8,49.8,9,50.0,48.0,48.0,48.0,1.0,4800.0,508
2023-05-11 09:40:15,IO2403-P-3500,IO2403-P-3500,48.0,0.0,0.0,0.0,12,47.6,49.6,6,50.0,48.0,48.0,48.0,1.0,4800.0,508
2023-05-11 09:40:16,IO2403-P-3500,IO2403-P-3500,48.0,0.0,0.0,0.0,12,47.6,49.6,9,50.0,48.0,48.0,48.0,1.0,4800.0,508
2023-05-11 09:40:16,IO2403-P-3500,IO2403-P-3500,48.0,0.0,0.0,0.0,6,47.8,49.4,6,50.0,48.0,48.0,48.0,1.0,4800.0,508
2023-05-11 09:40:17,IO2403-P-3500,IO2403-P-3500,48.0,0.0,0.0,0.0,6,47.8,49.4,9,50.0,48.0,48.0,48.0,1.0,4800.0,508
2023-05-11 09:40:37,IO2403-P-3500,IO2403-P-3500,48.0,0.0,0.0,0.0,6,47.8,49.4,3,50.0,48.0,48.0,48.0,1.0,4800.0,508
2023-05-11 09:40:38,IO2403-P-3500,IO2403-P-3500,48.0,0.0,0.0,0.0,6,47.8,49.6,6,50.0,48.0,48.0,48.0,1.0,4800.0,508
2023-05-11 09:40:39,IO2403-P-3500,IO2403-P-3500,48.0,0.0,0.0,0.0,15,47.6,49.8,6,50.0,48.0,48.0,48.0,1.0,4800.0,508
2023-05-11 09:40:39,IO2403-P-3500,IO2403-P-3500,48.0,0.0,0.0,0.0,15,47.6,49.8,9,50.0,48.0,48.0,48.0,1.0,4800.0,508
2023-05-11 09:40:40,IO2403-P-3500,IO2403-P-3500,48.0,0.0,0.0,0.0,6,47.8,49.6,6,50.0,48.0,48.0,48.0,1.0,4800.0,508
2023-05-11 09:40:40,IO2403-P-3500,IO2403-P-3500,48.0,0.0,0.0,0.0,6,47.8,49.6,9,50.0,48.0,48.0,48.0,1.0,4800.0,508
2023-05-11 09:40:44,IO2403-P-3500,IO2403-P-3500,48.0,0.0,0.0,0.0,6,47.8,49.4,6,50.0,48.0,48.0,48.0,1.0,4800.0,508
2023-05-11 09:40:44,IO2403-P-3500,IO2403-P-3500,48.0,0.0,0.0,0.0,6,47.8,49.4,9,50.0,48.0,48.0,48.0,1.0,4800.0,508
2023-05-11 09:41:06,IO2403-P-3500,IO2403-P-3500,48.0,0.0,0.0,0.0,6,47.8,49.4,3,50.0,48.0,48.0,48.0,1.0,4800.0,508
2023-05-11 09:41:07,IO2403-P-3500,IO2403-P-3500,48.0,0.0,0.0,0.0,9,47.8,49.6,6,50.0,48.0,48.0,48.0,1.0,4800.0,508
2023-05-11 09:41:07,IO2403-P-3500,IO2403-P-3500,48.0,0.0,0.0,0.0,9,47.8,49.8,6,50.0,48.0,48.0,48.0,1.0,4800.0,508
2023-05-11 09:41:08,IO2403-P-3500,IO2403-P-3500,48.0,0.0,0.0,0.0,9,47.8,49.8,9,50.0,48.0,48.0,48.0,1.0,4800.0,508
2023-05-11 09:41:08,IO2403-P-3500,IO2403-P-3500,48.0,0.0,0.0,0.0,6,48.0,49.6,6,50.0,48.0,48.0,48.0,1.0,4800.0,508
2023-05-11 09:41:09,IO2403-P-3500,IO2403-P-3500,48.0,0.0,0.0,0.0,6,48.0,49.6,9,50.0,48.0,48.0,48.0,1.0,4800.0,508
2023-05-11 09:41:12,IO2403-P-3500,IO2403-P-3500,48.0,0.0,0.0,0.0,9,48.0,49.6,6,50.0,48.0,48.0,48.0,1.0,4800.0,508
2023-05-11 09:41:13,IO2403-P-3500,IO2403-P-3500,48.0,0.0,0.0,0.0,6,47.8,49.8,6,50.0,48.0,48.0,48.0,1.0,4800.0,508
2023-05-11 09:41:13,IO2403-P-3500,IO2403-P-3500,48.0,0.0,0.0,0.0,6,47.8,49.8,9,50.0,48.0,48.0,48.0,1.0,4800.0,508
2023-05-11 09:41:14,IO2403-P-3500,IO2403-P-3500,48.0,0.0,0.0,0.0,9,47.8,49.8,9,50.0,48.0,48.0,48.0,1.0,4800.0,508
2023-05-11 09:41:14,IO2403-P-3500,IO2403-P-3500,48.0,0.0,0.0,0.0,6,48.0,49.6,6,50.0,48.0,48.0,48.0,1.0,4800.0,508
2023-05-11 09:41:16,IO2403-P-3500,IO2403-P-3500,48.0,0.0,0.0,0.0,6,48.0,49.6,9,50.0,48.0,48.0,48.0,1.0,4800.0,508
2023-05-11 09:41:18,IO2403-P-3500,IO2403-P-3500,48.0,0.0,0.0,0.0,6,48.0,50.0,12,50.0,48.0,48.0,48.0,1.0,4800.0,508
2023-05-11 09:41:19,IO2403-P-3500,IO2403-P-3500,48.0,0.0,0.0,0.0,6,48.0,50.0,15,50.0,48.0,48.0,48.0,1.0,4800.0,508
2023-05-11 09:41:28,IO2403-P-3500,IO2403-P-3500,48.0,0.0,0.0,0.0,6,48.0,50.0,17,50.0,48.0,48.0,48.0,1.0,4800.0,508
2023-05-11 09:41:30,IO2403-P-3500,IO2403-P-3500,48.0,0.0,0.0,0.0,9,47.8,49.8,6,50.0,48.0,48.0,48.0,1.0,4800.0,508
2023-05-11 09:41:31,IO2403-P-3500,IO2403-P-3500,48.0,0.0,0.0,0.0,9,47.8,49.8,9,50.0,48.0,48.0,48.0,1.0,4800.0,508
2023-05-11 09:41:31,IO2403-P-3500,IO2403-P-3500,48.0,0.0,0.0,0.0,6,48.0,49.6,6,50.0,48.0,48.0,48.0,1.0,4800.0,508
2023-05-11 09:41:32,IO2403-P-3500,IO2403-P-3500,48.0,0.0,0.0,0.0,6,48.0,49.6,9,50.0,48.0,48.0,48.0,1.0,4800.0,508
2023-05-11 09:41:33,IO2403-P-3500,IO2403-P-3500,48.0,0.0,0.0,0.0,6,48.0,49.6,3,50.0,48.0,48.0,48.0,1.0,4800.0,508
2023-05-11 09:41:33,IO2403-P-3500,IO2403-P-3500,48.0,0.0,0.0,0.0,6,48.0,50.0,12,50.0,48.0,48.0,48.0,1.0,4800.0,508
2023-05-11 09:41:34,IO2403-P-3500,IO2403-P-3500,48.0,0.0,0.0,0.0,6,48.0,50.0,14,50.0,48.0,48.0,48.0,1.0,4800.0,508
2023-05-11 09:41:34,IO2403-P-3500,IO2403-P-3500,48.0,0.0,0.0,0.0,6,48.0,50.0,15,50.0,48.0,48.0,48.0,1.0,4800.0,508
2023-05-11 09:41:42,IO2403-P-3500,IO2403-P-3500,48.0,0.0,0.0,0.0,6,47.8,50.0,9,50.0,48.0,48.0,48.0,1.0,4800.0,508
2023-05-11 09:41:49,IO2403-P-3500,IO2403-P-3500,48.0,0.0,0.0,0.0,9,47.8,49.8,6,50.0,48.0,48.0,48.0,1.0,4800.0,508
2023-05-11 09:41:50,IO2403-P-3500,IO2403-P-3500,48.0,0.0,0.0,0.0,9,47.8,49.8,9,50.0,48.0,48.0,48.0,1.0,4800.0,508
2023-05-11 09:41:50,IO2403-P-3500,IO2403-P-3500,48.0,0.0,0.0,0.0,6,48.0,49.6,6,50.0,48.0,48.0,48.0,1.0,4800.0,508
2023-05-11 09:41:51,IO2403-P-3500,IO2403-P-3500,48.0,0.0,0.0,0.0,6,48.0,49.6,9,50.0,48.0,48.0,48.0,1.0,4800.0,508
2023-05-11 09:41:59,IO2403-P-3500,IO2403-P-3500,48.0,0.0,0.0,0.0,6,48.0,49.6,3,50.0,48.0,48.0,48.0,1.0,4800.0,508
2023-05-11 09:42:00,IO2403-P-3500,IO2403-P-3500,48.0,0.0,0.0,0.0,9,47.8,49.6,3,50.0,48.0,48.0,48.0,1.0,4800.0,508
2023-05-11 09:42:00,IO2403-P-3500,IO2403-P-3500,48.0,0.0,0.0,0.0,6,48.0,50.0,12,50.0,48.0,48.0,48.0,1.0,4800.0,508
2023-05-11 09:42:01,IO2403-P-3500,IO2403-P-3500,48.0,0.0,0.0,0.0,6,48.0,50.0,15,50.0,48.0,48.0,48.0,1.0,4800.0,508
2023-05-11 09:42:08,IO2403-P-3500,IO2403-P-3500,48.0,0.0,0.0,0.0,6,48.0,50.0,17,50.0,48.0,48.0,48.0,1.0,4800.0,508
2023-05-11 09:42:08,IO2403-P-3500,IO2403-P-3500,48.0,0.0,0.0,0.0,6,48.0,50.0,15,50.0,48.0,48.0,48.0,1.0,4800.0,508
2023-05-11 09:42:09,IO2403-P-3500,IO2403-P-3500,48.0,0.0,0.0,0.0,6,48.0,50.0,17,50.0,48.0,48.0,48.0,1.0,4800.0,508
2023-05-11 09:42:09,IO2403-P-3500,IO2403-P-3500,48.0,0.0,0.0,0.0,6,48.0,50.0,9,50.0,48.0,48.0,48.0,1.0,4800.0,508
2023-05-11 09:42:10,IO2403-P-3500,IO2403-P-3500,48.0,0.0,0.0,0.0,3,48.0,50.0,9,50.0,48.0,48.0,48.0,1.0,4800.0,508
2023-05-11 09:42:11,IO2403-P-3500,IO2403-P-3500,48.0,0.0,0.0,0.0,6,48.2,49.8,6,50.0,48.0,48.0,48.0,1.0,4800.0,508
2023-05-11 09:42:11,IO2403-P-3500,IO2403-P-3500,48.0,0.0,0.0,0.0,6,47.8,49.8,3,50.0,48.0,48.0,48.0,1.0,4800.0,508
2023-05-11 09:42:12,IO2403-P-3500,IO2403-P-3500,48.0,0.0,0.0,0.0,9,47.8,50.0,6,50.0,48.0,48.0,48.0,1.0,4800.0,508
2023-05-11 09:42:12,IO2403-P-3500,IO2403-P-3500,48.0,0.0,0.0,0.0,6,48.0,50.0,12,50.0,48.0,48.0,48.0,1.0,4800.0,508
2023-05-11 09:42:13,IO2403-P-3500,IO2403-P-3500,48.0,0.0,0.0,0.0,6,48.0,50.0,15,50.0,48.0,48.0,48.0,1.0,4800.0,508
2023-05-11 09:42:13,IO2403-P-3500,IO2403-P-3500,48.0,0.0,0.0,0.0,9,48.0,50.0,15,50.0,48.0,48.0,48.0,1.0,4800.0,508
2023-05-11 09:42:14,IO2403-P-3500,IO2403-P-3500,48.0,0.0,0.0,0.0,6,48.2,49.8,6,50.0,48.0,48.0,48.0,1.0,4800.0,508
2023-05-11 09:42:14,IO2403-P-3500,IO2403-P-3500,48.0,0.0,0.0,0.0,6,48.2,49.8,9,50.0,48.0,48.0,48.0,1.0,4800.0,508
2023-05-11 09:42:16,IO2403-P-3500,IO2403-P-3500,48.0,0.0,0.0,0.0,6,48.2,49.8,3,50.0,48.0,48.0,48.0,1.0,4800.0,508
2023-05-11 09:42:16,IO2403-P-3500,IO2403-P-3500,48.0,0.0,0.0,0.0,6,48.2,50.0,12,50.0,48.0,48.0,48.0,1.0,4800.0,508
2023-05-11 09:42:17,IO2403-P-3500,IO2403-P-3500,48.0,0.0,0.0,0.0,6,48.2,50.0,9,50.0,48.0,48.0,48.0,1.0,4800.0,508
2023-05-11 09:42:19,IO2403-P-3500,IO2403-P-3500,48.0,0.0,0.0,0.0,9,48.2,50.0,9,50.0,48.0,48.0,48.0,1.0,4800.0,508
2023-05-11 09:42:19,IO2403-P-3500,IO2403-P-3500,48.0,0.0,0.0,0.0,6,48.4,50.0,9,50.0,48.0,48.0,48.0,1.0,4800.0,508
2023-05-11 09:42:20,IO2403-P-3500,IO2403-P-3500,48.0,0.0,0.0,0.0,6,47.8,50.0,9,50.0,48.0,48.0,48.0,1.0,4800.0,508
2023-05-11 09:42:20,IO2403-P-3500,IO2403-P-3500,48.0,0.0,0.0,0.0,9,47.8,50.0,11,50.0,48.0,48.0,48.0,1.0,4800.0,508
2023-05-11 09:42:21,IO2403-P-3500,IO2403-P-3500,48.0,0.0,0.0,0.0,6,48.0,50.0,17,50.0,48.0,48.0,48.0,1.0,4800.0,508
2023-05-11 09:42:29,IO2403-P-3500,IO2403-P-3500,48.0,0.0,0.0,0.0,6,48.0,50.0,15,50.0,48.0,48.0,48.0,1.0,4800.0,508
2023-05-11 09:42:34,IO2403-P-3500,IO2403-P-3500,48.0,0.0,0.0,0.0,6,48.0,49.8,6,50.0,48.0,48.0,48.0,1.0,4800.0,508
2023-05-11 09:42:34,IO2403-P-3500,IO2403-P-3500,48.0,0.0,0.0,0.0,6,48.0,49.8,9,50.0,48.0,48.0,48.0,1.0,4800.0,508
2023-05-11 09:42:39,IO2403-P-3500,IO2403-P-3500,48.0,0.0,0.0,0.0,6,48.0,49.8,3,50.0,48.0,48.0,48.0,1.0,4800.0,508
2023-05-11 09:42:40,IO2403-P-3500,IO2403-P-3500,48.0,0.0,0.0,0.0,6,48.0,50.0,18,50.0,48.0,48.0,48.0,1.0,4800.0,508
2023-05-11 09:42:40,IO2403-P-3500,IO2403-P-3500,48.0,0.0,0.0,0.0,6,48.0,50.0,12,50.0,48.0,48.0,48.0,1.0,4800.0,508
2023-05-11 09:42:41,IO2403-P-3500,IO2403-P-3500,48.0,0.0,0.0,0.0,6,48.0,50.0,15,50.0,48.0,48.0,48.0,1.0,4800.0,508
2023-05-11 09:42:43,IO2403-P-3500,IO2403-P-3500,48.0,0.0,0.0,0.0,9,48.0,50.0,15,50.0,48.0,48.0,48.0,1.0,4800.0,508
2023-05-11 09:42:44,IO2403-P-3500,IO2403-P-3500,48.0,0.0,0.0,0.0,3,48.0,50.0,9,50.0,48.0,48.0,48.0,1.0,4800.0,508
2023-05-11 09:42:44,IO2403-P-3500,IO2403-P-3500,48.0,0.0,0.0,0.0,6,48.2,50.0,15,50.0,48.0,48.0,48.0,1.0,4800.0,508
2023-05-11 09:42:45,IO2403-P-3500,IO2403-P-3500,48.0,0.0,0.0,0.0,6,47.8,50.0,9,50.0,48.0,48.0,48.0,1.0,4800.0,508
2023-05-11 09:42:46,IO2403-P-3500,IO2403-P-3500,48.0,0.0,0.0,0.0,9,47.8,50.0,9,50.0,48.0,48.0,48.0,1.0,4800.0,508
2023-05-11 09:42:46,IO2403-P-3500,IO2403-P-3500,48.0,0.0,0.0,0.0,6,48.0,50.0,9,50.0,48.0,48.0,48.0,1.0,4800.0,508
2023-05-11 09:42:47,IO2403-P-3500,IO2403-P-3500,48.0,0.0,0.0,0.0,9,48.0,50.0,9,50.0,48.0,48.0,48.0,1.0,4800.0,508
2023-05-11 09:42:47,IO2403-P-3500,IO2403-P-3500,48.0,0.0,0.0,0.0,6,48.2,50.0,15,50.0,48.0,48.0,48.0,1.0,4800.0,508
2023-05-11 09:42:50,IO2403-P-3500,IO2403-P-3500,48.0,0.0,0.0,0.0,6,48.2,50.0,9,50.0,48.0,48.0,48.0,1.0,4800.0,508
2023-05-11 09:42:59,IO2403-P-3500,IO2403-P-3500,48.0,0.0,0.0,0.0,9,48.2,50.0,9,50.0,48.0,48.0,48.0,1.0,4800.0,508
2023-05-11 09:42:59,IO2403-P-3500,IO2403-P-3500,48.0,0.0,0.0,0.0,6,48.4,50.0,15,50.0,48.0,48.0,48.0,1.0,4800.0,508
2023-05-11 09:43:00,IO2403-P-3500,IO2403-P-3500,48.0,0.0,0.0,0.0,9,48.2,50.0,9,50.0,48.0,48.0,48.0,1.0,4800.0,508
2023-05-11 09:43:01,IO2403-P-3500,IO2403-P-3500,48.0,0.0,0.0,0.0,6,48.4,50.0,15,50.0,48.0,48.0,48.0,1.0,4800.0,508
2023-05-11 09:43:03,IO2403-P-3500,IO2403-P-3500,48.0,0.0,0.0,0.0,6,48.2,50.0,9,50.0,48.0,48.0,48.0,1.0,4800.0,508
2023-05-11 09:43:09,IO2403-P-3500,IO2403-P-3500,48.0,0.0,0.0,0.0,6,48.0,50.0,9,50.0,48.0,48.0,48.0,1.0,4800.0,508
2023-05-11 09:43:13,IO2403-P-3500,IO2403-P-3500,48.0,0.0,0.0,0.0,9,48.0,50.0,9,50.0,48.0,48.0,48.0,1.0,4800.0,508
2023-05-11 09:43:13,IO2403-P-3500,IO2403-P-3500,48.0,0.0,0.0,0.0,6,48.2,50.0,9,50.0,48.0,48.0,48.0,1.0,4800.0,508
2023-05-11 09:43:18,IO2403-P-3500,IO2403-P-3500,48.0,0.0,0.0,0.0,6,48.2,50.0,15,50.0,48.0,48.0,48.0,1.0,4800.0,508
2023-05-11 09:43:20,IO2403-P-3500,IO2403-P-3500,48.0,0.0,0.0,0.0,6,48.0,50.0,9,50.0,48.0,48.0,48.0,1.0,4800.0,508
2023-05-11 09:43:27,IO2403-P-3500,IO2403-P-3500,48.0,0.0,0.0,0.0,6,48.0,50.0,15,50.0,48.0,48.0,48.0,1.0,4800.0,508
2023-05-11 09:43:36,IO2403-P-3500,IO2403-P-3500,48.0,0.0,0.0,0.0,6,48.0,50.0,21,50.0,48.0,48.0,48.0,1.0,4800.0,508
2023-05-11 09:43:43,IO2403-P-3500,IO2403-P-3500,48.0,0.0,0.0,0.0,9,48.0,50.0,21,50.0,48.0,48.0,48.0,1.0,4800.0,508
2023-05-11 09:43:44,IO2403-P-3500,IO2403-P-3500,48.0,0.0,0.0,0.0,6,48.2,49.8,6,50.0,48.0,48.0,48.0,1.0,4800.0,508
2023-05-11 09:43:44,IO2403-P-3500,IO2403-P-3500,48.0,0.0,0.0,0.0,6,47.8,49.8,3,50.0,48.0,48.0,48.0,1.0,4800.0,508
2023-05-11 09:43:45,IO2403-P-3500,IO2403-P-3500,48.0,0.0,0.0,0.0,9,47.8,50.0,6,50.0,48.0,48.0,48.0,1.0,4800.0,508
2023-05-11 09:43:45,IO2403-P-3500,IO2403-P-3500,48.0,0.0,0.0,0.0,6,48.0,50.0,12,50.0,48.0,48.0,48.0,1.0,4800.0,508
2023-05-11 09:43:46,IO2403-P-3500,IO2403-P-3500,48.0,0.0,0.0,0.0,6,48.0,50.0,15,50.0,48.0,48.0,48.0,1.0,4800.0,508
2023-05-11 09:43:47,IO2403-P-3500,IO2403-P-3500,48.0,0.0,0.0,0.0,9,48.0,50.0,15,50.0,48.0,48.0,48.0,1.0,4800.0,508
2023-05-11 09:43:47,IO2403-P-3500,IO2403-P-3500,48.0,0.0,0.0,0.0,6,48.2,49.8,6,50.0,48.0,48.0,48.0,1.0,4800.0,508
2023-05-11 09:43:48,IO2403-P-3500,IO2403-P-3500,48.0,0.0,0.0,0.0,6,48.2,49.8,9,50.0,48.0,48.0,48.0,1.0,4800.0,508
2023-05-11 09:43:49,IO2403-P-3500,IO2403-P-3500,48.0,0.0,0.0,0.0,6,48.0,49.8,3,50.0,48.0,48.0,48.0,1.0,4800.0,508
2023-05-11 09:43:49,IO2403-P-3500,IO2403-P-3500,48.0,0.0,0.0,0.0,6,48.0,50.0,18,50.0,48.0,48.0,48.0,1.0,4800.0,508
2023-05-11 09:43:50,IO2403-P-3500,IO2403-P-3500,48.0,0.0,0.0,0.0,6,48.0,50.0,12,50.0,48.0,48.0,48.0,1.0,4800.0,508
2023-05-11 09:43:50,IO2403-P-3500,IO2403-P-3500,48.0,0.0,0.0,0.0,6,48.0,50.0,15,50.0,48.0,48.0,48.0,1.0,4800.0,508
2023-05-11 09:43:51,IO2403-P-3500,IO2403-P-3500,48.0,0.0,0.0,0.0,9,48.0,50.0,15,50.0,48.0,48.0,48.0,1.0,4800.0,508
2023-05-11 09:43:52,IO2403-P-3500,IO2403-P-3500,48.0,0.0,0.0,0.0,6,48.2,49.8,6,50.0,48.0,48.0,48.0,1.0,4800.0,508
2023-05-11 09:43:52,IO2403-P-3500,IO2403-P-3500,48.0,0.0,0.0,0.0,6,48.2,49.8,9,50.0,48.0,48.0,48.0,1.0,4800.0,508
2023-05-11 09:43:53,IO2403-P-3500,IO2403-P-3500,48.0,0.0,0.0,0.0,6,48.0,49.8,3,50.0,48.0,48.0,48.0,1.0,4800.0,508
2023-05-11 09:43:53,IO2403-P-3500,IO2403-P-3500,48.0,0.0,0.0,0.0,6,48.0,50.0,12,50.0,48.0,48.0,48.0,1.0,4800.0,508
2023-05-11 09:43:54,IO2403-P-3500,IO2403-P-3500,48.0,0.0,0.0,0.0,9,48.0,50.0,12,50.0,48.0,48.0,48.0,1.0,4800.0,508
2023-05-11 09:43:54,IO2403-P-3500,IO2403-P-3500,48.0,0.0,0.0,0.0,6,48.2,49.8,6,50.0,48.0,48.0,48.0,1.0,4800.0,508
2023-05-11 09:43:55,IO2403-P-3500,IO2403-P-3500,48.0,0.0,0.0,0.0,6,48.2,49.8,9,50.0,48.0,48.0,48.0,1.0,4800.0,508
2023-05-11 09:44:01,IO2403-P-3500,IO2403-P-3500,48.0,0.0,0.0,0.0,6,48.0,49.8,3,50.0,48.0,48.0,48.0,1.0,4800.0,508
2023-05-11 09:44:01,IO2403-P-3500,IO2403-P-3500,48.0,0.0,0.0,0.0,9,48.0,50.0,18,50.0,48.0,48.0,48.0,1.0,4800.0,508
2023-05-11 09:44:02,IO2403-P-3500,IO2403-P-3500,48.0,0.0,0.0,0.0,6,48.2,49.8,6,50.0,48.0,48.0,48.0,1.0,4800.0,508
2023-05-11 09:44:02,IO2403-P-3500,IO2403-P-3500,48.0,0.0,0.0,0.0,6,48.2,49.8,9,50.0,48.0,48.0,48.0,1.0,4800.0,508
2023-05-11 09:44:21,IO2403-P-3500,IO2403-P-3500,48.0,0.0,0.0,0.0,6,48.0,49.6,6,50.0,48.0,48.0,48.0,1.0,4800.0,508
2023-05-11 09:44:22,IO2403-P-3500,IO2403-P-3500,48.0,0.0,0.0,0.0,6,48.0,49.6,9,50.0,48.0,48.0,48.0,1.0,4800.0,508
2023-05-11 09:44:29,IO2403-P-3500,IO2403-P-3500,48.0,0.0,0.0,0.0,6,48.0,49.6,6,50.0,48.0,48.0,48.0,1.0,4800.0,508
2023-05-11 09:44:29,IO2403-P-3500,IO2403-P-3500,48.0,0.0,0.0,0.0,9,47.8,50.0,6,50.0,48.0,48.0,48.0,1.0,4800.0,508
2023-05-11 09:44:30,IO2403-P-3500,IO2403-P-3500,48.0,0.0,0.0,0.0,6,48.0,50.0,15,50.0,48.0,48.0,48.0,1.0,4800.0,508
2023-05-11 09:44:30,IO2403-P-3500,IO2403-P-3500,48.0,0.0,0.0,0.0,9,48.0,50.0,15,50.0,48.0,48.0,48.0,1.0,4800.0,508
2023-05-11 09:44:31,IO2403-P-3500,IO2403-P-3500,48.0,0.0,0.0,0.0,6,48.2,49.8,6,50.0,48.0,48.0,48.0,1.0,4800.0,508
2023-05-11 09:44:31,IO2403-P-3500,IO2403-P-3500,48.0,0.0,0.0,0.0,6,48.2,49.8,3,50.0,48.0,48.0,48.0,1.0,4800.0,508
2023-05-11 09:44:32,IO2403-P-3500,IO2403-P-3500,48.0,0.0,0.0,0.0,6,48.2,50.0,12,50.0,48.0,48.0,48.0,1.0,4800.0,508
2023-05-11 09:44:33,IO2403-P-3500,IO2403-P-3500,48.0,0.0,0.0,0.0,6,48.2,50.0,15,50.0,48.0,48.0,48.0,1.0,4800.0,508
2023-05-11 09:44:36,IO2403-P-3500,IO2403-P-3500,48.0,0.0,0.0,0.0,6,48.0,50.0,15,50.0,48.0,48.0,48.0,1.0,4800.0,508
2023-05-11 09:44:46,IO2403-P-3500,IO2403-P-3500,48.0,0.0,0.0,0.0,9,48.0,50.0,15,50.0,48.0,48.0,48.0,1.0,4800.0,508
2023-05-11 09:44:46,IO2403-P-3500,IO2403-P-3500,48.0,0.0,0.0,0.0,6,48.2,49.8,6,50.0,48.0,48.0,48.0,1.0,4800.0,508
2023-05-11 09:44:47,IO2403-P-3500,IO2403-P-3500,48.0,0.0,0.0,0.0,6,48.2,49.8,9,50.0,48.0,48.0,48.0,1.0,4800.0,508
2023-05-11 09:44:57,IO2403-P-3500,IO2403-P-3500,48.0,0.0,0.0,0.0,6,48.0,49.6,6,50.0,48.0,48.0,48.0,1.0,4800.0,508
2023-05-11 09:44:57,IO2403-P-3500,IO2403-P-3500,48.0,0.0,0.0,0.0,6,48.0,49.6,3,50.0,48.0,48.0,48.0,1.0,4800.0,508
2023-05-11 09:44:58,IO2403-P-3500,IO2403-P-3500,48.0,0.0,0.0,0.0,6,48.0,49.8,6,50.0,48.0,48.0,48.0,1.0,4800.0,508
2023-05-11 09:44:59,IO2403-P-3500,IO2403-P-3500,48.0,0.0,0.0,0.0,6,48.0,49.8,9,50.0,48.0,48.0,48.0,1.0,4800.0,508
2023-05-11 09:45:02,IO2403-P-3500,IO2403-P-3500,48.0,0.0,0.0,0.0,6,48.0,49.6,6,50.0,48.0,48.0,48.0,1.0,4800.0,508
2023-05-11 09:45:02,IO2403-P-3500,IO2403-P-3500,48.0,0.0,0.0,0.0,6,48.0,49.6,9,50.0,48.0,48.0,48.0,1.0,4800.0,508
2023-05-11 09:45:03,IO2403-P-3500,IO2403-P-3500,48.0,0.0,0.0,0.0,6,47.8,49.6,3,50.0,48.0,48.0,48.0,1.0,4800.0,508
2023-05-11 09:45:03,IO2403-P-3500,IO2403-P-3500,48.0,0.0,0.0,0.0,6,47.8,49.8,6,50.0,48.0,48.0,48.0,1.0,4800.0,508
2023-05-11 09:45:04,IO2403-P-3500,IO2403-P-3500,48.0,0.0,0.0,0.0,9,47.6,49.8,6,50.0,48.0,48.0,48.0,1.0,4800.0,508
2023-05-11 09:45:04,IO2403-P-3500,IO2403-P-3500,48.0,0.0,0.0,0.0,9,47.6,49.8,9,50.0,48.0,48.0,48.0,1.0,4800.0,508
2023-05-11 09:45:05,IO2403-P-3500,IO2403-P-3500,48.0,0.0,0.0,0.0,15,47.6,49.6,6,50.0,48.0,48.0,48.0,1.0,4800.0,508
2023-05-11 09:45:05,IO2403-P-3500,IO2403-P-3500,48.0,0.0,0.0,0.0,15,47.6,49.6,9,50.0,48.0,48.0,48.0,1.0,4800.0,508
2023-05-11 09:45:06,IO2403-P-3500,IO2403-P-3500,48.0,0.0,0.0,0.0,6,47.8,49.4,6,50.0,48.0,48.0,48.0,1.0,4800.0,508
2023-05-11 09:45:06,IO2403-P-3500,IO2403-P-3500,48.0,0.0,0.0,0.0,9,47.8,49.6,3,50.0,48.0,48.0,48.0,1.0,4800.0,508
2023-05-11 09:45:07,IO2403-P-3500,IO2403-P-3500,48.0,0.0,0.0,0.0,6,48.0,49.6,6,50.0,48.0,48.0,48.0,1.0,4800.0,508
2023-05-11 09:45:07,IO2403-P-3500,IO2403-P-3500,48.0,0.0,0.0,0.0,3,47.8,49.8,6,50.0,48.0,48.0,48.0,1.0,4800.0,508
2023-05-11 09:45:08,IO2403-P-3500,IO2403-P-3500,48.0,0.0,0.0,0.0,18,47.6,49.8,9,50.0,48.0,48.0,48.0,1.0,4800.0,508
2023-05-11 09:45:08,IO2403-P-3500,IO2403-P-3500,48.0,0.0,0.0,0.0,6,47.8,49.6,6,50.0,48.0,48.0,48.0,1.0,4800.0,508
2023-05-11 09:45:09,IO2403-P-3500,IO2403-P-3500,48.0,0.0,0.0,0.0,9,47.8,49.6,9,50.0,48.0,48.0,48.0,1.0,4800.0,508
2023-05-11 09:45:09,IO2403-P-3500,IO2403-P-3500,48.0,0.0,0.0,0.0,6,47.6,49.6,3,50.0,48.0,48.0,48.0,1.0,4800.0,508
2023-05-11 09:45:10,IO2403-P-3500,IO2403-P-3500,48.0,0.0,0.0,0.0,6,47.8,49.4,6,50.0,48.0,48.0,48.0,1.0,4800.0,508
2023-05-11 09:45:10,IO2403-P-3500,IO2403-P-3500,48.0,0.0,0.0,0.0,6,47.6,49.8,6,50.0,48.0,48.0,48.0,1.0,4800.0,508
2023-05-11 09:45:11,IO2403-P-3500,IO2403-P-3500,48.0,0.0,0.0,0.0,9,47.6,49.8,9,50.0,48.0,48.0,48.0,1.0,4800.0,508
2023-05-11 09:45:11,IO2403-P-3500,IO2403-P-3500,48.0,0.0,0.0,0.0,9,47.6,49.6,6,50.0,48.0,48.0,48.0,1.0,4800.0,508
2023-05-11 09:45:12,IO2403-P-3500,IO2403-P-3500,48.0,0.0,0.0,0.0,6,47.6,49.6,9,50.0,48.0,48.0,48.0,1.0,4800.0,508
2023-05-11 09:45:12,IO2403-P-3500,IO2403-P-3500,48.0,0.0,0.0,0.0,6,47.6,49.4,6,50.0,48.0,48.0,48.0,1.0,4800.0,508
2023-05-11 09:45:13,IO2403-P-3500,IO2403-P-3500,48.0,0.0,0.0,0.0,6,47.8,49.4,9,50.0,48.0,48.0,48.0,1.0,4800.0,508
2023-05-11 09:45:28,IO2403-P-3500,IO2403-P-3500,48.0,0.0,0.0,0.0,6,47.8,49.4,3,50.0,48.0,48.0,48.0,1.0,4800.0,508
2023-05-11 09:45:28,IO2403-P-3500,IO2403-P-3500,48.0,0.0,0.0,0.0,9,47.8,49.8,6,50.0,48.0,48.0,48.0,1.0,4800.0,508
2023-05-11 09:45:29,IO2403-P-3500,IO2403-P-3500,48.0,0.0,0.0,0.0,6,47.8,49.8,6,50.0,48.0,48.0,48.0,1.0,4800.0,508
2023-05-11 09:45:29,IO2403-P-3500,IO2403-P-3500,48.0,0.0,0.0,0.0,6,47.8,49.8,9,50.0,48.0,48.0,48.0,1.0,4800.0,508
2023-05-11 09:45:30,IO2403-P-3500,IO2403-P-3500,48.0,0.0,0.0,0.0,15,47.6,49.6,6,50.0,48.0,48.0,48.0,1.0,4800.0,508
2023-05-11 09:45:31,IO2403-P-3500,IO2403-P-3500,48.0,0.0,0.0,0.0,15,47.6,49.6,9,50.0,48.0,48.0,48.0,1.0,4800.0,508
2023-05-11 09:45:31,IO2403-P-3500,IO2403-P-3500,48.0,0.0,0.0,0.0,6,47.8,49.4,6,50.0,48.0,48.0,48.0,1.0,4800.0,508
2023-05-11 09:45:32,IO2403-P-3500,IO2403-P-3500,48.0,0.0,0.0,0.0,6,47.8,49.4,9,50.0,48.0,48.0,48.0,1.0,4800.0,508
2023-05-11 09:45:52,IO2403-P-3500,IO2403-P-3500,48.0,0.0,0.0,0.0,12,47.6,49.2,6,50.0,48.0,48.0,48.0,1.0,4800.0,508
2023-05-11 09:45:52,IO2403-P-3500,IO2403-P-3500,48.0,0.0,0.0,0.0,12,47.6,49.2,9,50.0,48.0,48.0,48.0,1.0,4800.0,508
2023-05-11 09:45:56,IO2403-P-3500,IO2403-P-3500,48.0,0.0,0.0,0.0,12,47.6,49.2,6,50.0,48.0,48.0,48.0,1.0,4800.0,508
2023-05-11 09:45:57,IO2403-P-3500,IO2403-P-3500,48.0,0.0,0.0,0.0,12,47.6,49.2,9,50.0,48.0,48.0,48.0,1.0,4800.0,508
2023-05-11 09:46:00,IO2403-P-3500,IO2403-P-3500,48.0,0.0,0.0,0.0,12,47.6,49.2,6,50.0,48.0,48.0,48.0,1.0,4800.0,508
2023-05-11 09:46:01,IO2403-P-3500,IO2403-P-3500,48.0,0.0,0.0,0.0,12,47.6,49.2,9,50.0,48.0,48.0,48.0,1.0,4800.0,508
2023-05-11 09:46:03,IO2403-P-3500,IO2403-P-3500,48.0,0.0,0.0,0.0,12,47.6,49.2,6,50.0,48.0,48.0,48.0,1.0,4800.0,508
2023-05-11 09:46:03,IO2403-P-3500,IO2403-P-3500,48.0,0.0,0.0,0.0,6,47.8,49.4,18,50.0,48.0,48.0,48.0,1.0,4800.0,508
2023-05-11 09:46:04,IO2403-P-3500,IO2403-P-3500,48.0,0.0,0.0,0.0,6,47.8,49.4,27,50.0,48.0,48.0,48.0,1.0,4800.0,508
2023-05-11 09:46:07,IO2403-P-3500,IO2403-P-3500,48.0,0.0,0.0,0.0,6,47.8,49.4,24,50.0,48.0,48.0,48.0,1.0,4800.0,508
2023-05-11 09:46:08,IO2403-P-3500,IO2403-P-3500,48.0,0.0,0.0,0.0,9,47.8,49.4,24,50.0,48.0,48.0,48.0,1.0,4800.0,508
2023-05-11 09:46:11,IO2403-P-3500,IO2403-P-3500,48.0,0.0,0.0,0.0,6,47.8,49.4,24,50.0,48.0,48.0,48.0,1.0,4800.0,508
2023-05-11 09:46:12,IO2403-P-3500,IO2403-P-3500,48.0,0.0,0.0,0.0,6,47.8,49.4,27,50.0,48.0,48.0,48.0,1.0,4800.0,508
2023-05-11 09:46:13,IO2403-P-3500,IO2403-P-3500,48.0,0.0,0.0,0.0,15,47.6,49.2,6,50.0,48.0,48.0,48.0,1.0,4800.0,508
2023-05-11 09:46:14,IO2403-P-3500,IO2403-P-3500,48.0,0.0,0.0,0.0,12,47.6,49.2,9,50.0,48.0,48.0,48.0,1.0,4800.0,508
2023-05-11 09:46:15,IO2403-P-3500,IO2403-P-3500,48.0,0.0,0.0,0.0,6,47.6,49.2,6,50.0,48.0,48.0,48.0,1.0,4800.0,508
2023-05-11 09:46:15,IO2403-P-3500,IO2403-P-3500,48.0,0.0,0.0,0.0,12,47.6,49.2,6,50.0,48.0,48.0,48.0,1.0,4800.0,508
2023-05-11 09:46:16,IO2403-P-3500,IO2403-P-3500,48.0,0.0,0.0,0.0,15,47.6,49.2,6,50.0,48.0,48.0,48.0,1.0,4800.0,508
2023-05-11 09:46:17,IO2403-P-3500,IO2403-P-3500,48.0,0.0,0.0,0.0,6,47.8,49.4,27,50.0,48.0,48.0,48.0,1.0,4800.0,508
2023-05-11 09:46:18,IO2403-P-3500,IO2403-P-3500,48.0,0.0,0.0,0.0,15,47.6,49.2,6,50.0,48.0,48.0,48.0,1.0,4800.0,508
2023-05-11 09:46:18,IO2403-P-3500,IO2403-P-3500,48.0,0.0,0.0,0.0,12,47.6,49.2,6,50.0,48.0,48.0,48.0,1.0,4800.0,508
2023-05-11 09:46:19,IO2403-P-3500,IO2403-P-3500,48.0,0.0,0.0,0.0,12,47.6,49.2,9,50.0,48.0,48.0,48.0,1.0,4800.0,508
2023-05-11 09:46:23,IO2403-P-3500,IO2403-P-3500,48.0,0.0,0.0,0.0,12,47.6,49.2,6,50.0,48.0,48.0,48.0,1.0,4800.0,508
2023-05-11 09:46:24,IO2403-P-3500,IO2403-P-3500,48.0,0.0,0.0,0.0,12,47.6,49.2,9,50.0,48.0,48.0,48.0,1.0,4800.0,508
2023-05-11 09:46:41,IO2403-P-3500,IO2403-P-3500,48.0,0.0,0.0,0.0,6,47.6,49.0,6,50.0,48.0,48.0,48.0,1.0,4800.0,508
2023-05-11 09:46:44,IO2403-P-3500,IO2403-P-3500,48.0,0.0,0.0,0.0,6,47.6,49.0,9,50.0,48.0,48.0,48.0,1.0,4800.0,508
2023-05-11 09:46:44,IO2403-P-3500,IO2403-P-3500,48.0,0.0,0.0,0.0,6,47.6,49.0,6,50.0,48.0,48.0,48.0,1.0,4800.0,508
2023-05-11 09:46:45,IO2403-P-3500,IO2403-P-3500,48.0,0.0,0.0,0.0,6,47.6,49.2,6,50.0,48.0,48.0,48.0,1.0,4800.0,508
2023-05-11 09:46:45,IO2403-P-3500,IO2403-P-3500,48.0,0.0,0.0,0.0,6,47.6,49.2,9,50.0,48.0,48.0,48.0,1.0,4800.0,508
2023-05-11 09:46:46,IO2403-P-3500,IO2403-P-3500,48.0,0.0,0.0,0.0,6,47.6,49.0,6,50.0,48.0,48.0,48.0,1.0,4800.0,508
2023-05-11 09:46:51,IO2403-P-3500,IO2403-P-3500,48.0,0.0,0.0,0.0,12,47.6,49.2,9,50.0,48.0,48.0,48.0,1.0,4800.0,508
2023-05-11 09:46:52,IO2403-P-3500,IO2403-P-3500,48.0,0.0,0.0,0.0,15,47.6,49.2,6,50.0,48.0,48.0,48.0,1.0,4800.0,508
2023-05-11 09:46:52,IO2403-P-3500,IO2403-P-3500,48.0,0.0,0.0,0.0,12,47.6,49.2,6,50.0,48.0,48.0,48.0,1.0,4800.0,508
2023-05-11 09:46:54,IO2403-P-3500,IO2403-P-3500,48.0,0.0,0.0,0.0,12,47.6,49.2,9,50.0,48.0,48.0,48.0,1.0,4800.0,508
2023-05-11 09:46:54,IO2403-P-3500,IO2403-P-3500,48.0,0.0,0.0,0.0,12,47.6,49.2,6,50.0,48.0,48.0,48.0,1.0,4800.0,508
2023-05-11 09:47:00,IO2403-P-3500,IO2403-P-3500,48.0,0.0,0.0,0.0,12,47.6,49.2,9,50.0,48.0,48.0,48.0,1.0,4800.0,508
2023-05-11 09:47:01,IO2403-P-3500,IO2403-P-3500,48.0,0.0,0.0,0.0,12,47.6,49.2,6,50.0,48.0,48.0,48.0,1.0,4800.0,508
2023-05-11 09:47:02,IO2403-P-3500,IO2403-P-3500,48.0,0.0,0.0,0.0,12,47.6,49.2,9,50.0,48.0,48.0,48.0,1.0,4800.0,508
2023-05-11 09:47:03,IO2403-P-3500,IO2403-P-3500,48.0,0.0,0.0,0.0,12,47.6,49.2,6,50.0,48.0,48.0,48.0,1.0,4800.0,508
2023-05-11 09:47:04,IO2403-P-3500,IO2403-P-3500,48.0,0.0,0.0,0.0,6,47.8,49.4,33,50.0,48.0,48.0,48.0,1.0,4800.0,508
2023-05-11 09:47:05,IO2403-P-3500,IO2403-P-3500,48.0,0.0,0.0,0.0,6,47.8,49.4,27,50.0,48.0,48.0,48.0,1.0,4800.0,508
2023-05-11 09:47:11,IO2403-P-3500,IO2403-P-3500,48.0,0.0,0.0,0.0,12,47.6,49.2,6,50.0,48.0,48.0,48.0,1.0,4800.0,508
2023-05-11 09:47:14,IO2403-P-3500,IO2403-P-3500,48.0,0.0,0.0,0.0,12,47.6,49.2,9,50.0,48.0,48.0,48.0,1.0,4800.0,508
2023-05-11 09:47:14,IO2403-P-3500,IO2403-P-3500,48.0,0.0,0.0,0.0,15,47.6,49.2,6,50.0,48.0,48.0,48.0,1.0,4800.0,508
2023-05-11 09:47:17,IO2403-P-3500,IO2403-P-3500,48.0,0.0,0.0,0.0,12,47.6,49.2,6,50.0,48.0,48.0,48.0,1.0,4800.0,508
2023-05-11 09:47:18,IO2403-P-3500,IO2403-P-3500,48.0,0.0,0.0,0.0,15,47.6,49.2,6,50.0,48.0,48.0,48.0,1.0,4800.0,508
2023-05-11 09:47:19,IO2403-P-3500,IO2403-P-3500,48.0,0.0,0.0,0.0,12,47.6,49.2,6,50.0,48.0,48.0,48.0,1.0,4800.0,508
2023-05-11 09:47:22,IO2403-P-3500,IO2403-P-3500,48.0,0.0,0.0,0.0,15,47.6,49.2,6,50.0,48.0,48.0,48.0,1.0,4800.0,508
2023-05-11 09:47:25,IO2403-P-3500,IO2403-P-3500,48.0,0.0,0.0,0.0,12,47.6,49.2,6,50.0,48.0,48.0,48.0,1.0,4800.0,508
2023-05-11 09:47:26,IO2403-P-3500,IO2403-P-3500,48.0,0.0,0.0,0.0,15,47.6,49.2,6,50.0,48.0,48.0,48.0,1.0,4800.0,508
2023-05-11 09:47:27,IO2403-P-3500,IO2403-P-3500,48.0,0.0,0.0,0.0,12,47.6,49.2,9,50.0,48.0,48.0,48.0,1.0,4800.0,508
2023-05-11 09:47:27,IO2403-P-3500,IO2403-P-3500,48.0,0.0,0.0,0.0,12,47.6,49.2,6,50.0,48.0,48.0,48.0,1.0,4800.0,508
2023-05-11 09:47:29,IO2403-P-3500,IO2403-P-3500,48.0,0.0,0.0,0.0,15,47.6,49.2,6,50.0,48.0,48.0,48.0,1.0,4800.0,508
2023-05-11 09:47:30,IO2403-P-3500,IO2403-P-3500,48.0,0.0,0.0,0.0,12,47.6,49.2,6,50.0,48.0,48.0,48.0,1.0,4800.0,508
2023-05-11 09:47:31,IO2403-P-3500,IO2403-P-3500,48.0,0.0,0.0,0.0,15,47.6,49.2,6,50.0,48.0,48.0,48.0,1.0,4800.0,508
2023-05-11 09:47:32,IO2403-P-3500,IO2403-P-3500,48.0,0.0,0.0,0.0,12,47.6,49.2,9,50.0,48.0,48.0,48.0,1.0,4800.0,508
2023-05-11 09:47:33,IO2403-P-3500,IO2403-P-3500,48.0,0.0,0.0,0.0,6,47.6,49.0,6,50.0,48.0,48.0,48.0,1.0,4800.0,508
2023-05-11 09:47:35,IO2403-P-3500,IO2403-P-3500,48.0,0.0,0.0,0.0,12,47.6,49.2,9,50.0,48.0,48.0,48.0,1.0,4800.0,508
2023-05-11 09:48:03,IO2403-P-3500,IO2403-P-3500,48.0,0.0,0.0,0.0,12,47.6,49.2,6,50.0,48.0,48.0,48.0,1.0,4800.0,508
2023-05-11 09:48:04,IO2403-P-3500,IO2403-P-3500,48.0,0.0,0.0,0.0,12,47.6,49.2,9,50.0,48.0,48.0,48.0,1.0,4800.0,508
2023-05-11 09:48:05,IO2403-P-3500,IO2403-P-3500,48.0,0.0,0.0,0.0,6,47.8,49.2,3,50.0,48.0,48.0,48.0,1.0,4800.0,508
2023-05-11 09:48:06,IO2403-P-3500,IO2403-P-3500,48.0,0.0,0.0,0.0,6,47.8,49.4,18,50.0,48.0,48.0,48.0,1.0,4800.0,508
2023-05-11 09:48:07,IO2403-P-3500,IO2403-P-3500,48.0,0.0,0.0,0.0,6,47.8,49.4,21,50.0,48.0,48.0,48.0,1.0,4800.0,508
2023-05-11 09:48:13,IO2403-P-3500,IO2403-P-3500,48.0,0.0,0.0,0.0,6,47.8,49.4,27,50.0,48.0,48.0,48.0,1.0,4800.0,508
2023-05-11 09:48:15,IO2403-P-3500,IO2403-P-3500,48.0,0.0,0.0,0.0,6,47.8,49.4,21,50.0,48.0,48.0,48.0,1.0,4800.0,508
2023-05-11 09:48:28,IO2403-P-3500,IO2403-P-3500,48.0,0.0,0.0,0.0,6,47.8,49.4,27,50.0,48.0,48.0,48.0,1.0,4800.0,508
2023-05-11 09:48:38,IO2403-P-3500,IO2403-P-3500,48.0,0.0,0.0,0.0,12,47.6,49.2,6,50.0,48.0,48.0,48.0,1.0,4800.0,508
2023-05-11 09:48:38,IO2403-P-3500,IO2403-P-3500,48.0,0.0,0.0,0.0,12,47.6,49.2,9,50.0,48.0,48.0,48.0,1.0,4800.0,508
2023-05-11 09:48:40,IO2403-P-3500,IO2403-P-3500,48.0,0.0,0.0,0.0,6,47.8,49.2,3,50.0,48.0,48.0,48.0,1.0,4800.0,508
2023-05-11 09:48:40,IO2403-P-3500,IO2403-P-3500,48.0,0.0,0.0,0.0,6,47.8,49.4,18,50.0,48.0,48.0,48.0,1.0,4800.0,508
2023-05-11 09:48:41,IO2403-P-3500,IO2403-P-3500,48.0,0.0,0.0,0.0,6,47.8,49.4,21,50.0,48.0,48.0,48.0,1.0,4800.0,508
2023-05-11 09:48:48,IO2403-P-3500,IO2403-P-3500,48.0,0.0,0.0,0.0,12,47.6,49.2,6,50.0,48.0,48.0,48.0,1.0,4800.0,508
2023-05-11 09:48:49,IO2403-P-3500,IO2403-P-3500,48.0,0.0,0.0,0.0,12,47.6,49.2,9,50.0,48.0,48.0,48.0,1.0,4800.0,508
2023-05-11 09:48:52,IO2403-P-3500,IO2403-P-3500,48.0,0.0,0.0,0.0,12,47.6,49.2,6,50.0,48.0,48.0,48.0,1.0,4800.0,508
2023-05-11 09:48:53,IO2403-P-3500,IO2403-P-3500,48.0,0.0,0.0,0.0,6,47.8,49.4,21,50.0,48.0,48.0,48.0,1.0,4800.0,508
2023-05-11 09:49:01,IO2403-P-3500,IO2403-P-3500,48.0,0.0,0.0,0.0,12,47.6,49.2,6,50.0,48.0,48.0,48.0,1.0,4800.0,508
2023-05-11 09:49:01,IO2403-P-3500,IO2403-P-3500,48.0,0.0,0.0,0.0,12,47.6,49.2,9,50.0,48.0,48.0,48.0,1.0,4800.0,508
2023-05-11 09:49:02,IO2403-P-3500,IO2403-P-3500,48.0,0.0,0.0,0.0,6,47.6,49.2,9,50.0,48.0,48.0,48.0,1.0,4800.0,508
2023-05-11 09:49:02,IO2403-P-3500,IO2403-P-3500,48.0,0.0,0.0,0.0,12,47.6,49.2,9,50.0,48.0,48.0,48.0,1.0,4800.0,508
2023-05-11 09:49:05,IO2403-P-3500,IO2403-P-3500,48.0,0.0,0.0,0.0,6,47.8,49.4,18,50.0,48.0,48.0,48.0,1.0,4800.0,508
2023-05-11 09:49:06,IO2403-P-3500,IO2403-P-3500,48.0,0.0,0.0,0.0,6,47.8,49.4,21,50.0,48.0,48.0,48.0,1.0,4800.0,508
2023-05-11 09:49:06,IO2403-P-3500,IO2403-P-3500,48.0,0.0,0.0,0.0,6,47.8,49.4,15,50.0,48.0,48.0,48.0,1.0,4800.0,508
2023-05-11 09:49:07,IO2403-P-3500,IO2403-P-3500,48.0,0.0,0.0,0.0,6,47.8,49.4,21,50.0,48.0,48.0,48.0,1.0,4800.0,508
2023-05-11 09:49:10,IO2403-P-3500,IO2403-P-3500,48.0,0.0,0.0,0.0,6,47.8,49.4,18,50.0,48.0,48.0,48.0,1.0,4800.0,508
2023-05-11 09:49:11,IO2403-P-3500,IO2403-P-3500,48.0,0.0,0.0,0.0,6,47.8,49.4,12,50.0,48.0,48.0,48.0,1.0,4800.0,508
2023-05-11 09:49:11,IO2403-P-3500,IO2403-P-3500,48.0,0.0,0.0,0.0,6,47.8,49.4,6,50.0,48.0,48.0,48.0,1.0,4800.0,508
2023-05-11 09:49:12,IO2403-P-3500,IO2403-P-3500,48.0,0.0,0.0,0.0,6,47.8,49.4,9,50.0,48.0,48.0,48.0,1.0,4800.0,508
2023-05-11 09:49:35,IO2403-P-3500,IO2403-P-3500,48.0,0.0,0.0,0.0,6,47.8,49.4,6,50.0,48.0,48.0,48.0,1.0,4800.0,508
2023-05-11 09:49:36,IO2403-P-3500,IO2403-P-3500,48.0,0.0,0.0,0.0,6,47.8,49.4,9,50.0,48.0,48.0,48.0,1.0,4800.0,508
2023-05-11 09:49:58,IO2403-P-3500,IO2403-P-3500,48.0,0.0,0.0,0.0,6,47.8,49.4,15,50.0,48.0,48.0,48.0,1.0,4800.0,508
2023-05-11 09:50:00,IO2403-P-3500,IO2403-P-3500,48.0,0.0,0.0,0.0,6,47.8,49.4,21,50.0,48.0,48.0,48.0,1.0,4800.0,508
2023-05-11 09:50:02,IO2403-P-3500,IO2403-P-3500,48.0,0.0,0.0,0.0,6,47.8,49.4,15,50.0,48.0,48.0,48.0,1.0,4800.0,508
2023-05-11 09:50:03,IO2403-P-3500,IO2403-P-3500,48.0,0.0,0.0,0.0,6,47.8,49.4,9,50.0,48.0,48.0,48.0,1.0,4800.0,508
2023-05-11 09:50:12,IO2403-P-3500,IO2403-P-3500,48.0,0.0,0.0,0.0,6,47.8,49.4,15,50.0,48.0,48.0,48.0,1.0,4800.0,508
2023-05-11 09:50:14,IO2403-P-3500,IO2403-P-3500,48.0,0.0,0.0,0.0,6,47.8,49.4,21,50.0,48.0,48.0,48.0,1.0,4800.0,508
2023-05-11 09:50:14,IO2403-P-3500,IO2403-P-3500,48.0,0.0,0.0,0.0,6,47.8,49.4,15,50.0,48.0,48.0,48.0,1.0,4800.0,508
2023-05-11 09:50:24,IO2403-P-3500,IO2403-P-3500,48.0,0.0,0.0,0.0,6,47.8,49.4,21,50.0,48.0,48.0,48.0,1.0,4800.0,508
2023-05-11 09:50:31,IO2403-P-3500,IO2403-P-3500,48.0,0.0,0.0,0.0,12,47.6,49.2,6,50.0,48.0,48.0,48.0,1.0,4800.0,508
2023-05-11 09:50:31,IO2403-P-3500,IO2403-P-3500,48.0,0.0,0.0,0.0,12,47.6,49.2,9,50.0,48.0,48.0,48.0,1.0,4800.0,508
2023-05-11 09:51:08,IO2403-P-3500,IO2403-P-3500,48.0,0.0,0.0,0.0,6,47.8,49.2,3,50.0,48.0,48.0,48.0,1.0,4800.0,508
2023-05-11 09:51:09,IO2403-P-3500,IO2403-P-3500,48.0,0.0,0.0,0.0,6,47.8,49.4,18,50.0,48.0,48.0,48.0,1.0,4800.0,508
2023-05-11 09:51:10,IO2403-P-3500,IO2403-P-3500,48.0,0.0,0.0,0.0,12,47.6,49.2,6,50.0,48.0,48.0,48.0,1.0,4800.0,508
2023-05-11 09:51:10,IO2403-P-3500,IO2403-P-3500,48.0,0.0,0.0,0.0,12,47.6,49.2,9,50.0,48.0,48.0,48.0,1.0,4800.0,508
2023-05-11 09:51:18,IO2403-P-3500,IO2403-P-3500,48.0,0.0,0.0,0.0,6,47.8,49.2,3,50.0,48.0,48.0,48.0,1.0,4800.0,508
2023-05-11 09:51:19,IO2403-P-3500,IO2403-P-3500,48.0,0.0,0.0,0.0,6,47.8,49.4,12,50.0,48.0,48.0,48.0,1.0,4800.0,508
2023-05-11 09:51:20,IO2403-P-3500,IO2403-P-3500,48.0,0.0,0.0,0.0,6,47.8,49.4,15,50.0,48.0,48.0,48.0,1.0,4800.0,508
2023-05-11 09:51:40,IO2403-P-3500,IO2403-P-3500,48.0,0.0,0.0,0.0,12,47.6,49.2,6,50.0,48.0,48.0,48.0,1.0,4800.0,508
2023-05-11 09:51:40,IO2403-P-3500,IO2403-P-3500,48.0,0.0,0.0,0.0,12,47.6,49.2,9,50.0,48.0,48.0,48.0,1.0,4800.0,508
2023-05-11 09:51:41,IO2403-P-3500,IO2403-P-3500,48.0,0.0,0.0,0.0,6,47.8,49.2,3,50.0,48.0,48.0,48.0,1.0,4800.0,508
2023-05-11 09:51:41,IO2403-P-3500,IO2403-P-3500,48.0,0.0,0.0,0.0,6,47.8,49.4,12,50.0,48.0,48.0,48.0,1.0,4800.0,508
2023-05-11 09:51:42,IO2403-P-3500,IO2403-P-3500,48.0,0.0,0.0,0.0,6,47.8,49.4,15,50.0,48.0,48.0,48.0,1.0,4800.0,508
2023-05-11 09:52:42,IO2403-P-3500,IO2403-P-3500,48.0,0.0,0.0,0.0,6,47.6,49.4,15,50.0,48.0,48.0,48.0,1.0,4800.0,508
2023-05-11 09:52:43,IO2403-P-3500,IO2403-P-3500,48.0,0.0,0.0,0.0,12,47.6,49.2,6,50.0,48.0,48.0,48.0,1.0,4800.0,508
2023-05-11 09:52:43,IO2403-P-3500,IO2403-P-3500,48.0,0.0,0.0,0.0,12,47.6,49.2,9,50.0,48.0,48.0,48.0,1.0,4800.0,508
2023-05-11 09:52:54,IO2403-P-3500,IO2403-P-3500,48.0,0.0,0.0,0.0,12,47.6,49.2,6,50.0,48.0,48.0,48.0,1.0,4800.0,508
2023-05-11 09:52:55,IO2403-P-3500,IO2403-P-3500,48.0,0.0,0.0,0.0,12,47.6,49.2,9,50.0,48.0,48.0,48.0,1.0,4800.0,508
2023-05-11 09:53:37,IO2403-P-3500,IO2403-P-3500,48.0,0.0,0.0,0.0,12,47.6,49.2,6,50.0,48.0,48.0,48.0,1.0,4800.0,508
2023-05-11 09:53:38,IO2403-P-3500,IO2403-P-3500,48.0,0.0,0.0,0.0,12,47.6,49.2,9,50.0,48.0,48.0,48.0,1.0,4800.0,508
2023-05-11 09:53:39,IO2403-P-3500,IO2403-P-3500,48.0,0.0,0.0,0.0,12,47.6,49.2,6,50.0,48.0,48.0,48.0,1.0,4800.0,508
2023-05-11 09:53:41,IO2403-P-3500,IO2403-P-3500,48.0,0.0,0.0,0.0,6,47.8,49.4,15,50.0,48.0,48.0,48.0,1.0,4800.0,508
2023-05-11 09:53:42,IO2403-P-3500,IO2403-P-3500,48.0,0.0,0.0,0.0,15,47.6,49.2,6,50.0,48.0,48.0,48.0,1.0,4800.0,508
2023-05-11 09:53:43,IO2403-P-3500,IO2403-P-3500,48.0,0.0,0.0,0.0,12,47.6,49.2,6,50.0,48.0,48.0,48.0,1.0,4800.0,508
2023-05-11 09:53:44,IO2403-P-3500,IO2403-P-3500,48.0,0.0,0.0,0.0,12,47.6,49.2,9,50.0,48.0,48.0,48.0,1.0,4800.0,508
2023-05-11 09:53:46,IO2403-P-3500,IO2403-P-3500,48.0,0.0,0.0,0.0,12,47.6,49.2,6,50.0,48.0,48.0,48.0,1.0,4800.0,508
2023-05-11 09:53:49,IO2403-P-3500,IO2403-P-3500,48.0,0.0,0.0,0.0,15,47.6,49.2,6,50.0,48.0,48.0,48.0,1.0,4800.0,508
2023-05-11 09:53:50,IO2403-P-3500,IO2403-P-3500,48.0,0.0,0.0,0.0,12,47.6,49.2,6,50.0,48.0,48.0,48.0,1.0,4800.0,508
2023-05-11 09:53:56,IO2403-P-3500,IO2403-P-3500,48.0,0.0,0.0,0.0,12,47.6,49.2,9,50.0,48.0,48.0,48.0,1.0,4800.0,508
2023-05-11 09:53:57,IO2403-P-3500,IO2403-P-3500,48.0,0.0,0.0,0.0,12,47.6,49.2,6,50.0,48.0,48.0,48.0,1.0,4800.0,508
2023-05-11 09:54:01,IO2403-P-3500,IO2403-P-3500,48.0,0.0,0.0,0.0,15,47.6,49.2,6,50.0,48.0,48.0,48.0,1.0,4800.0,508
2023-05-11 09:54:02,IO2403-P-3500,IO2403-P-3500,48.0,0.0,0.0,0.0,12,47.6,49.2,6,50.0,48.0,48.0,48.0,1.0,4800.0,508
2023-05-11 09:54:05,IO2403-P-3500,IO2403-P-3500,48.0,0.0,0.0,0.0,6,47.8,49.4,15,50.0,48.0,48.0,48.0,1.0,4800.0,508
2023-05-11 09:54:09,IO2403-P-3500,IO2403-P-3500,48.0,0.0,0.0,0.0,6,47.8,49.4,17,50.0,48.0,48.0,48.0,1.0,4800.0,508
2023-05-11 09:54:10,IO2403-P-3500,IO2403-P-3500,48.0,0.0,0.0,0.0,6,47.8,49.4,15,50.0,48.0,48.0,48.0,1.0,4800.0,508
2023-05-11 09:54:14,IO2403-P-3500,IO2403-P-3500,48.0,0.0,0.0,0.0,6,47.8,49.4,17,50.0,48.0,48.0,48.0,1.0,4800.0,508
2023-05-11 09:54:14,IO2403-P-3500,IO2403-P-3500,48.0,0.0,0.0,0.0,6,47.8,49.4,15,50.0,48.0,48.0,48.0,1.0,4800.0,508
2023-05-11 09:54:20,IO2403-P-3500,IO2403-P-3500,48.0,0.0,0.0,0.0,6,47.8,49.4,17,50.0,48.0,48.0,48.0,1.0,4800.0,508
2023-05-11 09:54:22,IO2403-P-3500,IO2403-P-3500,48.0,0.0,0.0,0.0,6,47.8,49.4,15,50.0,48.0,48.0,48.0,1.0,4800.0,508
2023-05-11 09:54:24,IO2403-P-3500,IO2403-P-3500,48.0,0.0,0.0,0.0,15,47.6,49.2,6,50.0,48.0,48.0,48.0,1.0,4800.0,508
2023-05-11 09:54:29,IO2403-P-3500,IO2403-P-3500,48.0,0.0,0.0,0.0,12,47.6,49.2,6,50.0,48.0,48.0,48.0,1.0,4800.0,508
2023-05-11 09:54:37,IO2403-P-3500,IO2403-P-3500,48.0,0.0,0.0,0.0,12,47.6,49.2,9,50.0,48.0,48.0,48.0,1.0,4800.0,508
2023-05-11 09:54:49,IO2403-P-3500,IO2403-P-3500,48.0,0.0,0.0,0.0,6,47.6,49.0,6,50.0,48.0,48.0,48.0,1.0,4800.0,508
2023-05-11 09:54:55,IO2403-P-3500,IO2403-P-3500,48.0,0.0,0.0,0.0,12,47.6,49.2,9,50.0,48.0,48.0,48.0,1.0,4800.0,508
2023-05-11 09:55:04,IO2403-P-3500,IO2403-P-3500,48.0,0.0,0.0,0.0,12,47.6,49.2,6,50.0,48.0,48.0,48.0,1.0,4800.0,508
2023-05-11 09:55:05,IO2403-P-3500,IO2403-P-3500,48.0,0.0,0.0,0.0,12,47.6,49.2,9,50.0,48.0,48.0,48.0,1.0,4800.0,508
2023-05-11 09:55:12,IO2403-P-3500,IO2403-P-3500,48.0,0.0,0.0,0.0,12,47.6,49.2,11,50.0,48.0,48.0,48.0,1.0,4800.0,508
2023-05-11 09:55:13,IO2403-P-3500,IO2403-P-3500,48.0,0.0,0.0,0.0,6,47.6,49.0,6,50.0,48.0,48.0,48.0,1.0,4800.0,508
2023-05-11 09:55:13,IO2403-P-3500,IO2403-P-3500,48.0,0.0,0.0,0.0,6,47.6,49.0,9,50.0,48.0,48.0,48.0,1.0,4800.0,508
2023-05-11 09:55:19,IO2403-P-3500,IO2403-P-3500,48.0,0.0,0.0,0.0,12,47.6,49.0,3,50.0,48.0,48.0,48.0,1.0,4800.0,508
2023-05-11 09:55:20,IO2403-P-3500,IO2403-P-3500,48.0,0.0,0.0,0.0,12,47.6,49.2,6,50.0,48.0,48.0,48.0,1.0,4800.0,508
2023-05-11 09:55:21,IO2403-P-3500,IO2403-P-3500,48.0,0.0,0.0,0.0,12,47.6,49.2,9,50.0,48.0,48.0,48.0,1.0,4800.0,508
2023-05-11 09:55:26,IO2403-P-3500,IO2403-P-3500,48.0,0.0,0.0,0.0,15,47.6,49.2,9,50.0,48.0,48.0,48.0,1.0,4800.0,508
2023-05-11 09:55:27,IO2403-P-3500,IO2403-P-3500,48.0,0.0,0.0,0.0,15,47.6,49.2,6,50.0,48.0,48.0,48.0,1.0,4800.0,508
2023-05-11 09:55:36,IO2403-P-3500,IO2403-P-3500,48.0,0.0,0.0,0.0,15,47.6,49.2,8,50.0,48.0,48.0,48.0,1.0,4800.0,508
2023-05-11 09:55:36,IO2403-P-3500,IO2403-P-3500,48.0,0.0,0.0,0.0,9,47.6,49.2,8,50.0,48.0,48.0,48.0,1.0,4800.0,508
2023-05-11 09:55:37,IO2403-P-3500,IO2403-P-3500,48.0,0.0,0.0,0.0,9,47.6,49.0,6,50.0,48.0,48.0,48.0,1.0,4800.0,508
2023-05-11 09:55:38,IO2403-P-3500,IO2403-P-3500,48.0,0.0,0.0,0.0,9,47.6,49.2,6,50.0,48.0,48.0,48.0,1.0,4800.0,508
2023-05-11 09:55:38,IO2403-P-3500,IO2403-P-3500,48.0,0.0,0.0,0.0,9,47.6,49.2,8,50.0,48.0,48.0,48.0,1.0,4800.0,508
2023-05-11 09:55:39,IO2403-P-3500,IO2403-P-3500,48.0,0.0,0.0,0.0,9,47.6,49.0,6,50.0,48.0,48.0,48.0,1.0,4800.0,508
2023-05-11 09:55:39,IO2403-P-3500,IO2403-P-3500,48.0,0.0,0.0,0.0,15,47.6,49.2,6,50.0,48.0,48.0,48.0,1.0,4800.0,508
2023-05-11 09:55:40,IO2403-P-3500,IO2403-P-3500,48.0,0.0,0.0,0.0,15,47.6,49.2,8,50.0,48.0,48.0,48.0,1.0,4800.0,508
2023-05-11 09:55:40,IO2403-P-3500,IO2403-P-3500,48.0,0.0,0.0,0.0,15,47.6,49.2,6,50.0,48.0,48.0,48.0,1.0,4800.0,508
2023-05-11 09:55:43,IO2403-P-3500,IO2403-P-3500,48.0,0.0,0.0,0.0,15,47.6,49.2,8,50.0,48.0,48.0,48.0,1.0,4800.0,508
2023-05-11 09:55:46,IO2403-P-3500,IO2403-P-3500,48.0,0.0,0.0,0.0,15,47.6,49.2,6,50.0,48.0,48.0,48.0,1.0,4800.0,508
2023-05-11 09:55:47,IO2403-P-3500,IO2403-P-3500,48.0,0.0,0.0,0.0,9,47.6,49.2,6,50.0,48.0,48.0,48.0,1.0,4800.0,508
2023-05-11 09:55:47,IO2403-P-3500,IO2403-P-3500,48.0,0.0,0.0,0.0,9,47.6,49.2,8,50.0,48.0,48.0,48.0,1.0,4800.0,508
2023-05-11 09:55:48,IO2403-P-3500,IO2403-P-3500,48.0,0.0,0.0,0.0,9,47.6,49.0,6,50.0,48.0,48.0,48.0,1.0,4800.0,508
2023-05-11 09:55:49,IO2403-P-3500,IO2403-P-3500,48.0,0.0,0.0,0.0,9,47.6,49.2,6,50.0,48.0,48.0,48.0,1.0,4800.0,508
2023-05-11 09:55:52,IO2403-P-3500,IO2403-P-3500,48.0,0.0,0.0,0.0,9,47.6,49.2,8,50.0,48.0,48.0,48.0,1.0,4800.0,508
2023-05-11 09:55:53,IO2403-P-3500,IO2403-P-3500,48.0,0.0,0.0,0.0,9,47.6,49.0,6,50.0,48.0,48.0,48.0,1.0,4800.0,508
2023-05-11 09:55:53,IO2403-P-3500,IO2403-P-3500,48.0,0.0,0.0,0.0,9,47.6,49.2,6,50.0,48.0,48.0,48.0,1.0,4800.0,508
2023-05-11 09:55:54,IO2403-P-3500,IO2403-P-3500,48.0,0.0,0.0,0.0,9,47.6,49.2,8,50.0,48.0,48.0,48.0,1.0,4800.0,508
2023-05-11 09:55:54,IO2403-P-3500,IO2403-P-3500,48.0,0.0,0.0,0.0,9,47.6,49.0,6,50.0,48.0,48.0,48.0,1.0,4800.0,508
2023-05-11 09:55:55,IO2403-P-3500,IO2403-P-3500,48.0,0.0,0.0,0.0,9,47.6,49.2,6,50.0,48.0,48.0,48.0,1.0,4800.0,508
2023-05-11 09:55:56,IO2403-P-3500,IO2403-P-3500,48.0,0.0,0.0,0.0,9,47.6,49.2,8,50.0,48.0,48.0,48.0,1.0,4800.0,508
2023-05-11 09:55:56,IO2403-P-3500,IO2403-P-3500,48.0,0.0,0.0,0.0,9,47.6,49.0,6,50.0,48.0,48.0,48.0,1.0,4800.0,508
2023-05-11 09:55:57,IO2403-P-3500,IO2403-P-3500,48.0,0.0,0.0,0.0,9,47.6,49.2,6,50.0,48.0,48.0,48.0,1.0,4800.0,508
2023-05-11 09:55:58,IO2403-P-3500,IO2403-P-3500,48.0,0.0,0.0,0.0,9,47.6,49.2,8,50.0,48.0,48.0,48.0,1.0,4800.0,508
2023-05-11 09:55:58,IO2403-P-3500,IO2403-P-3500,48.0,0.0,0.0,0.0,9,47.6,49.0,6,50.0,48.0,48.0,48.0,1.0,4800.0,508
2023-05-11 09:55:59,IO2403-P-3500,IO2403-P-3500,48.0,0.0,0.0,0.0,9,47.6,49.2,6,50.0,48.0,48.0,48.0,1.0,4800.0,508
2023-05-11 09:56:00,IO2403-P-3500,IO2403-P-3500,48.0,0.0,0.0,0.0,9,47.6,49.2,8,50.0,48.0,48.0,48.0,1.0,4800.0,508
2023-05-11 09:56:00,IO2403-P-3500,IO2403-P-3500,48.0,0.0,0.0,0.0,9,47.6,49.0,6,50.0,48.0,48.0,48.0,1.0,4800.0,508
2023-05-11 09:56:01,IO2403-P-3500,IO2403-P-3500,48.0,0.0,0.0,0.0,9,47.6,49.2,6,50.0,48.0,48.0,48.0,1.0,4800.0,508
2023-05-11 09:56:02,IO2403-P-3500,IO2403-P-3500,48.0,0.0,0.0,0.0,9,47.6,49.2,8,50.0,48.0,48.0,48.0,1.0,4800.0,508
2023-05-11 09:56:02,IO2403-P-3500,IO2403-P-3500,48.0,0.0,0.0,0.0,9,47.6,49.0,6,50.0,48.0,48.0,48.0,1.0,4800.0,508
2023-05-11 09:56:03,IO2403-P-3500,IO2403-P-3500,48.0,0.0,0.0,0.0,9,47.6,49.2,6,50.0,48.0,48.0,48.0,1.0,4800.0,508
2023-05-11 09:56:04,IO2403-P-3500,IO2403-P-3500,48.0,0.0,0.0,0.0,9,47.6,49.2,8,50.0,48.0,48.0,48.0,1.0,4800.0,508
2023-05-11 09:56:04,IO2403-P-3500,IO2403-P-3500,48.0,0.0,0.0,0.0,9,47.6,49.0,6,50.0,48.0,48.0,48.0,1.0,4800.0,508
2023-05-11 09:56:05,IO2403-P-3500,IO2403-P-3500,48.0,0.0,0.0,0.0,9,47.6,49.2,6,50.0,48.0,48.0,48.0,1.0,4800.0,508
2023-05-11 09:56:06,IO2403-P-3500,IO2403-P-3500,48.0,0.0,0.0,0.0,9,47.6,49.2,8,50.0,48.0,48.0,48.0,1.0,4800.0,508
2023-05-11 09:56:06,IO2403-P-3500,IO2403-P-3500,48.0,0.0,0.0,0.0,9,47.6,49.0,6,50.0,48.0,48.0,48.0,1.0,4800.0,508
2023-05-11 09:56:07,IO2403-P-3500,IO2403-P-3500,48.0,0.0,0.0,0.0,9,47.6,49.2,6,50.0,48.0,48.0,48.0,1.0,4800.0,508
2023-05-11 09:56:08,IO2403-P-3500,IO2403-P-3500,48.0,0.0,0.0,0.0,9,47.6,49.2,8,50.0,48.0,48.0,48.0,1.0,4800.0,508
2023-05-11 09:56:08,IO2403-P-3500,IO2403-P-3500,48.0,0.0,0.0,0.0,9,47.6,49.0,6,50.0,48.0,48.0,48.0,1.0,4800.0,508
2023-05-11 09:56:09,IO2403-P-3500,IO2403-P-3500,48.0,0.0,0.0,0.0,9,47.6,49.2,6,50.0,48.0,48.0,48.0,1.0,4800.0,508
2023-05-11 09:56:10,IO2403-P-3500,IO2403-P-3500,48.0,0.0,0.0,0.0,9,47.6,49.2,8,50.0,48.0,48.0,48.0,1.0,4800.0,508
2023-05-11 09:56:10,IO2403-P-3500,IO2403-P-3500,48.0,0.0,0.0,0.0,9,47.6,49.0,6,50.0,48.0,48.0,48.0,1.0,4800.0,508
2023-05-11 09:56:11,IO2403-P-3500,IO2403-P-3500,48.0,0.0,0.0,0.0,9,47.6,49.2,6,50.0,48.0,48.0,48.0,1.0,4800.0,508
2023-05-11 09:56:12,IO2403-P-3500,IO2403-P-3500,48.0,0.0,0.0,0.0,9,47.6,49.2,8,50.0,48.0,48.0,48.0,1.0,4800.0,508
2023-05-11 09:56:12,IO2403-P-3500,IO2403-P-3500,48.0,0.0,0.0,0.0,9,47.6,49.0,6,50.0,48.0,48.0,48.0,1.0,4800.0,508
2023-05-11 09:56:13,IO2403-P-3500,IO2403-P-3500,48.0,0.0,0.0,0.0,9,47.6,49.2,6,50.0,48.0,48.0,48.0,1.0,4800.0,508
2023-05-11 09:56:14,IO2403-P-3500,IO2403-P-3500,48.0,0.0,0.0,0.0,9,47.6,49.2,8,50.0,48.0,48.0,48.0,1.0,4800.0,508
2023-05-11 09:56:14,IO2403-P-3500,IO2403-P-3500,48.0,0.0,0.0,0.0,9,47.6,49.0,6,50.0,48.0,48.0,48.0,1.0,4800.0,508
2023-05-11 09:56:15,IO2403-P-3500,IO2403-P-3500,48.0,0.0,0.0,0.0,9,47.6,49.2,6,50.0,48.0,48.0,48.0,1.0,4800.0,508
2023-05-11 09:56:16,IO2403-P-3500,IO2403-P-3500,48.0,0.0,0.0,0.0,9,47.6,49.2,8,50.0,48.0,48.0,48.0,1.0,4800.0,508
2023-05-11 09:56:16,IO2403-P-3500,IO2403-P-3500,48.0,0.0,0.0,0.0,9,47.6,49.0,6,50.0,48.0,48.0,48.0,1.0,4800.0,508
2023-05-11 09:56:17,IO2403-P-3500,IO2403-P-3500,48.0,0.0,0.0,0.0,9,47.6,49.2,6,50.0,48.0,48.0,48.0,1.0,4800.0,508
2023-05-11 09:56:18,IO2403-P-3500,IO2403-P-3500,48.0,0.0,0.0,0.0,9,47.6,49.2,8,50.0,48.0,48.0,48.0,1.0,4800.0,508
2023-05-11 09:56:18,IO2403-P-3500,IO2403-P-3500,48.0,0.0,0.0,0.0,9,47.6,49.0,6,50.0,48.0,48.0,48.0,1.0,4800.0,508
2023-05-11 09:56:19,IO2403-P-3500,IO2403-P-3500,48.0,0.0,0.0,0.0,9,47.6,49.2,6,50.0,48.0,48.0,48.0,1.0,4800.0,508
2023-05-11 09:56:20,IO2403-P-3500,IO2403-P-3500,48.0,0.0,0.0,0.0,9,47.6,49.2,8,50.0,48.0,48.0,48.0,1.0,4800.0,508
2023-05-11 09:56:20,IO2403-P-3500,IO2403-P-3500,48.0,0.0,0.0,0.0,9,47.6,49.0,6,50.0,48.0,48.0,48.0,1.0,4800.0,508
2023-05-11 09:56:21,IO2403-P-3500,IO2403-P-3500,48.0,0.0,0.0,0.0,9,47.6,49.2,6,50.0,48.0,48.0,48.0,1.0,4800.0,508
2023-05-11 09:56:22,IO2403-P-3500,IO2403-P-3500,48.0,0.0,0.0,0.0,9,47.6,49.2,8,50.0,48.0,48.0,48.0,1.0,4800.0,508
2023-05-11 09:56:22,IO2403-P-3500,IO2403-P-3500,48.0,0.0,0.0,0.0,6,47.6,49.0,6,50.0,48.0,48.0,48.0,1.0,4800.0,508
2023-05-11 09:56:23,IO2403-P-3500,IO2403-P-3500,48.0,0.0,0.0,0.0,6,47.6,49.2,6,50.0,48.0,48.0,48.0,1.0,4800.0,508
2023-05-11 09:56:24,IO2403-P-3500,IO2403-P-3500,48.0,0.0,0.0,0.0,6,47.6,49.2,8,50.0,48.0,48.0,48.0,1.0,4800.0,508
2023-05-11 09:56:24,IO2403-P-3500,IO2403-P-3500,48.0,0.0,0.0,0.0,6,47.6,49.0,6,50.0,48.0,48.0,48.0,1.0,4800.0,508
2023-05-11 09:56:25,IO2403-P-3500,IO2403-P-3500,48.0,0.0,0.0,0.0,6,47.6,49.2,6,50.0,48.0,48.0,48.0,1.0,4800.0,508
2023-05-11 09:56:26,IO2403-P-3500,IO2403-P-3500,48.0,0.0,0.0,0.0,6,47.6,49.2,8,50.0,48.0,48.0,48.0,1.0,4800.0,508
2023-05-11 09:56:26,IO2403-P-3500,IO2403-P-3500,48.0,0.0,0.0,0.0,6,47.6,49.0,6,50.0,48.0,48.0,48.0,1.0,4800.0,508
2023-05-11 09:56:27,IO2403-P-3500,IO2403-P-3500,48.0,0.0,0.0,0.0,6,47.6,49.2,6,50.0,48.0,48.0,48.0,1.0,4800.0,508
2023-05-11 09:56:28,IO2403-P-3500,IO2403-P-3500,48.0,0.0,0.0,0.0,6,47.6,49.2,8,50.0,48.0,48.0,48.0,1.0,4800.0,508
2023-05-11 09:56:28,IO2403-P-3500,IO2403-P-3500,48.0,0.0,0.0,0.0,6,47.6,49.0,6,50.0,48.0,48.0,48.0,1.0,4800.0,508
2023-05-11 09:56:29,IO2403-P-3500,IO2403-P-3500,48.0,0.0,0.0,0.0,6,47.6,49.2,6,50.0,48.0,48.0,48.0,1.0,4800.0,508
2023-05-11 09:56:30,IO2403-P-3500,IO2403-P-3500,48.0,0.0,0.0,0.0,9,47.6,49.2,8,50.0,48.0,48.0,48.0,1.0,4800.0,508
2023-05-11 09:56:30,IO2403-P-3500,IO2403-P-3500,48.0,0.0,0.0,0.0,6,47.6,49.0,6,50.0,48.0,48.0,48.0,1.0,4800.0,508
2023-05-11 09:57:00,IO2403-P-3500,IO2403-P-3500,48.0,0.0,0.0,0.0,3,47.4,49.0,6,50.0,48.0,48.0,48.0,1.0,4800.0,508
2023-05-11 09:57:01,IO2403-P-3500,IO2403-P-3500,48.0,0.0,0.0,0.0,12,47.2,49.0,8,50.0,48.0,48.0,48.0,1.0,4800.0,508
2023-05-11 09:57:01,IO2403-P-3500,IO2403-P-3500,48.0,0.0,0.0,0.0,6,47.0,48.8,6,50.0,48.0,48.0,48.0,1.0,4800.0,508
2023-05-11 09:57:02,IO2403-P-3500,IO2403-P-3500,48.0,0.0,0.0,0.0,3,47.0,48.8,6,50.0,48.0,48.0,48.0,1.0,4800.0,508
2023-05-11 09:57:03,IO2403-P-3500,IO2403-P-3500,48.0,0.0,0.0,0.0,24,46.8,48.8,8,50.0,48.0,48.0,48.0,1.0,4800.0,508
2023-05-11 09:57:03,IO2403-P-3500,IO2403-P-3500,48.0,0.0,0.0,0.0,6,47.0,48.6,6,50.0,48.0,48.0,48.0,1.0,4800.0,508
2023-05-11 09:57:04,IO2403-P-3500,IO2403-P-3500,48.0,0.0,0.0,0.0,3,47.0,48.8,6,50.0,48.0,48.0,48.0,1.0,4800.0,508
2023-05-11 09:57:04,IO2403-P-3500,IO2403-P-3500,48.0,0.0,0.0,0.0,6,46.8,48.8,8,50.0,48.0,48.0,48.0,1.0,4800.0,508
2023-05-11 09:57:05,IO2403-P-3500,IO2403-P-3500,48.0,0.0,0.0,0.0,6,46.8,48.8,6,50.0,48.0,48.0,48.0,1.0,4800.0,508
2023-05-11 09:57:05,IO2403-P-3500,IO2403-P-3500,48.0,0.0,0.0,0.0,9,46.8,48.8,6,50.0,48.0,48.0,48.0,1.0,4800.0,508
2023-05-11 09:57:06,IO2403-P-3500,IO2403-P-3500,48.0,0.0,0.0,0.0,9,46.8,48.8,8,50.0,48.0,48.0,48.0,1.0,4800.0,508
2023-05-11 09:57:06,IO2403-P-3500,IO2403-P-3500,48.0,0.0,0.0,0.0,6,47.0,48.6,6,50.0,48.0,48.0,48.0,1.0,4800.0,508
2023-05-11 09:57:07,IO2403-P-3500,IO2403-P-3500,48.0,0.0,0.0,0.0,9,47.0,48.6,6,50.0,48.0,48.0,48.0,1.0,4800.0,508
2023-05-11 09:57:07,IO2403-P-3500,IO2403-P-3500,48.0,0.0,0.0,0.0,3,47.0,48.8,6,50.0,48.0,48.0,48.0,1.0,4800.0,508
2023-05-11 09:57:08,IO2403-P-3500,IO2403-P-3500,48.0,0.0,0.0,0.0,6,46.8,48.8,8,50.0,48.0,48.0,48.0,1.0,4800.0,508
2023-05-11 09:57:09,IO2403-P-3500,IO2403-P-3500,48.0,0.0,0.0,0.0,9,46.8,48.8,8,50.0,48.0,48.0,48.0,1.0,4800.0,508
2023-05-11 09:57:09,IO2403-P-3500,IO2403-P-3500,48.0,0.0,0.0,0.0,6,47.0,48.6,6,50.0,48.0,48.0,48.0,1.0,4800.0,508
2023-05-11 09:57:10,IO2403-P-3500,IO2403-P-3500,48.0,0.0,0.0,0.0,9,47.0,48.6,6,50.0,48.0,48.0,48.0,1.0,4800.0,508
2023-05-11 09:57:10,IO2403-P-3500,IO2403-P-3500,48.0,0.0,0.0,0.0,3,47.0,48.8,6,50.0,48.0,48.0,48.0,1.0,4800.0,508
2023-05-11 09:57:11,IO2403-P-3500,IO2403-P-3500,48.0,0.0,0.0,0.0,6,46.8,48.8,8,50.0,48.0,48.0,48.0,1.0,4800.0,508
2023-05-11 09:57:12,IO2403-P-3500,IO2403-P-3500,48.0,0.0,0.0,0.0,9,46.8,48.8,8,50.0,48.0,48.0,48.0,1.0,4800.0,508
2023-05-11 09:57:12,IO2403-P-3500,IO2403-P-3500,48.0,0.0,0.0,0.0,6,47.0,48.6,6,50.0,48.0,48.0,48.0,1.0,4800.0,508
2023-05-11 09:57:13,IO2403-P-3500,IO2403-P-3500,48.0,0.0,0.0,0.0,9,47.0,48.6,6,50.0,48.0,48.0,48.0,1.0,4800.0,508
2023-05-11 09:57:13,IO2403-P-3500,IO2403-P-3500,48.0,0.0,0.0,0.0,3,47.0,48.8,6,50.0,48.0,48.0,48.0,1.0,4800.0,508
2023-05-11 09:57:14,IO2403-P-3500,IO2403-P-3500,48.0,0.0,0.0,0.0,6,46.8,48.8,8,50.0,48.0,48.0,48.0,1.0,4800.0,508
2023-05-11 09:57:15,IO2403-P-3500,IO2403-P-3500,48.0,0.0,0.0,0.0,9,46.8,48.8,8,50.0,48.0,48.0,48.0,1.0,4800.0,508
2023-05-11 09:57:15,IO2403-P-3500,IO2403-P-3500,48.0,0.0,0.0,0.0,6,47.0,48.6,6,50.0,48.0,48.0,48.0,1.0,4800.0,508
2023-05-11 09:57:16,IO2403-P-3500,IO2403-P-3500,48.0,0.0,0.0,0.0,9,47.0,48.6,6,50.0,48.0,48.0,48.0,1.0,4800.0,508
2023-05-11 09:57:16,IO2403-P-3500,IO2403-P-3500,48.0,0.0,0.0,0.0,3,47.0,48.8,6,50.0,48.0,48.0,48.0,1.0,4800.0,508
2023-05-11 09:57:17,IO2403-P-3500,IO2403-P-3500,48.0,0.0,0.0,0.0,21,46.6,48.8,8,50.0,48.0,48.0,48.0,1.0,4800.0,508
2023-05-11 09:57:17,IO2403-P-3500,IO2403-P-3500,48.0,0.0,0.0,0.0,6,46.8,48.6,6,50.0,48.0,48.0,48.0,1.0,4800.0,508
2023-05-11 09:57:18,IO2403-P-3500,IO2403-P-3500,48.0,0.0,0.0,0.0,9,46.8,48.6,6,50.0,48.0,48.0,48.0,1.0,4800.0,508
2023-05-11 09:57:18,IO2403-P-3500,IO2403-P-3500,48.0,0.0,0.0,0.0,3,46.8,48.8,6,50.0,48.0,48.0,48.0,1.0,4800.0,508
2023-05-11 09:57:19,IO2403-P-3500,IO2403-P-3500,48.0,0.0,0.0,0.0,12,46.6,48.8,8,50.0,48.0,48.0,48.0,1.0,4800.0,508
2023-05-11 09:57:19,IO2403-P-3500,IO2403-P-3500,48.0,0.0,0.0,0.0,6,46.8,48.6,6,50.0,48.0,48.0,48.0,1.0,4800.0,508
2023-05-11 09:57:20,IO2403-P-3500,IO2403-P-3500,48.0,0.0,0.0,0.0,9,46.8,48.6,6,50.0,48.0,48.0,48.0,1.0,4800.0,508
2023-05-11 09:57:20,IO2403-P-3500,IO2403-P-3500,48.0,0.0,0.0,0.0,3,46.8,48.8,6,50.0,48.0,48.0,48.0,1.0,4800.0,508
2023-05-11 09:57:21,IO2403-P-3500,IO2403-P-3500,48.0,0.0,0.0,0.0,12,46.6,48.8,8,50.0,48.0,48.0,48.0,1.0,4800.0,508
2023-05-11 09:57:21,IO2403-P-3500,IO2403-P-3500,48.0,0.0,0.0,0.0,6,46.6,48.8,8,50.0,48.0,48.0,48.0,1.0,4800.0,508
2023-05-11 09:57:22,IO2403-P-3500,IO2403-P-3500,48.0,0.0,0.0,0.0,15,46.6,48.6,6,50.0,48.0,48.0,48.0,1.0,4800.0,508
2023-05-11 09:57:23,IO2403-P-3500,IO2403-P-3500,48.0,0.0,0.0,0.0,9,46.6,48.8,6,50.0,48.0,48.0,48.0,1.0,4800.0,508
2023-05-11 09:57:23,IO2403-P-3500,IO2403-P-3500,48.0,0.0,0.0,0.0,9,46.6,48.8,8,50.0,48.0,48.0,48.0,1.0,4800.0,508
2023-05-11 09:57:24,IO2403-P-3500,IO2403-P-3500,48.0,0.0,0.0,0.0,15,46.6,48.6,6,50.0,48.0,48.0,48.0,1.0,4800.0,508
2023-05-11 09:57:25,IO2403-P-3500,IO2403-P-3500,48.0,0.0,0.0,0.0,9,46.6,48.8,9,50.0,48.0,48.0,48.0,1.0,4800.0,508
2023-05-11 09:57:25,IO2403-P-3500,IO2403-P-3500,48.0,0.0,0.0,0.0,15,46.6,48.6,6,50.0,48.0,48.0,48.0,1.0,4800.0,508
2023-05-11 09:57:26,IO2403-P-3500,IO2403-P-3500,48.0,0.0,0.0,0.0,9,46.6,48.8,6,50.0,48.0,48.0,48.0,1.0,4800.0,508
2023-05-11 09:57:27,IO2403-P-3500,IO2403-P-3500,48.0,0.0,0.0,0.0,9,46.6,48.8,8,50.0,48.0,48.0,48.0,1.0,4800.0,508
2023-05-11 09:57:27,IO2403-P-3500,IO2403-P-3500,48.0,0.0,0.0,0.0,15,46.6,48.6,6,50.0,48.0,48.0,48.0,1.0,4800.0,508
2023-05-11 09:57:30,IO2403-P-3500,IO2403-P-3500,48.0,0.0,0.0,0.0,9,46.6,48.8,9,50.0,48.0,48.0,48.0,1.0,4800.0,508
2023-05-11 09:57:30,IO2403-P-3500,IO2403-P-3500,48.0,0.0,0.0,0.0,9,46.6,48.8,11,50.0,48.0,48.0,48.0,1.0,4800.0,508
2023-05-11 09:57:31,IO2403-P-3500,IO2403-P-3500,48.0,0.0,0.0,0.0,9,46.6,48.6,6,50.0,48.0,48.0,48.0,1.0,4800.0,508
2023-05-11 09:57:31,IO2403-P-3500,IO2403-P-3500,48.0,0.0,0.0,0.0,9,46.6,48.6,8,50.0,48.0,48.0,48.0,1.0,4800.0,508
2023-05-11 09:57:32,IO2403-P-3500,IO2403-P-3500,48.0,0.0,0.0,0.0,15,46.6,48.4,6,50.0,48.0,48.0,48.0,1.0,4800.0,508
2023-05-11 09:57:33,IO2403-P-3500,IO2403-P-3500,48.0,0.0,0.0,0.0,9,46.6,48.6,6,50.0,48.0,48.0,48.0,1.0,4800.0,508
2023-05-11 09:57:38,IO2403-P-3500,IO2403-P-3500,48.0,0.0,0.0,0.0,15,46.6,48.6,6,50.0,48.0,48.0,48.0,1.0,4800.0,508
2023-05-11 09:57:38,IO2403-P-3500,IO2403-P-3500,48.0,0.0,0.0,0.0,15,46.6,48.6,8,50.0,48.0,48.0,48.0,1.0,4800.0,508
2023-05-11 09:57:39,IO2403-P-3500,IO2403-P-3500,48.0,0.0,0.0,0.0,6,46.8,48.4,6,50.0,48.0,48.0,48.0,1.0,4800.0,508
2023-05-11 09:57:39,IO2403-P-3500,IO2403-P-3500,48.0,0.0,0.0,0.0,3,46.8,48.8,6,50.0,48.0,48.0,48.0,1.0,4800.0,508
2023-05-11 09:57:40,IO2403-P-3500,IO2403-P-3500,48.0,0.0,0.0,0.0,6,46.6,48.6,2,50.0,48.0,48.0,48.0,1.0,4800.0,508
2023-05-11 09:57:40,IO2403-P-3500,IO2403-P-3500,48.0,0.0,0.0,0.0,6,46.8,48.4,6,50.0,48.0,48.0,48.0,1.0,4800.0,508
2023-05-11 09:57:41,IO2403-P-3500,IO2403-P-3500,48.0,0.0,0.0,0.0,9,46.8,48.4,6,50.0,48.0,48.0,48.0,1.0,4800.0,508
2023-05-11 09:57:41,IO2403-P-3500,IO2403-P-3500,48.0,0.0,0.0,0.0,3,46.8,48.8,6,50.0,48.0,48.0,48.0,1.0,4800.0,508
2023-05-11 09:57:42,IO2403-P-3500,IO2403-P-3500,48.0,0.0,0.0,0.0,6,46.6,48.6,2,50.0,48.0,48.0,48.0,1.0,4800.0,508
2023-05-11 09:57:42,IO2403-P-3500,IO2403-P-3500,48.0,0.0,0.0,0.0,6,46.8,48.4,6,50.0,48.0,48.0,48.0,1.0,4800.0,508
2023-05-11 09:57:43,IO2403-P-3500,IO2403-P-3500,48.0,0.0,0.0,0.0,9,46.8,48.4,6,50.0,48.0,48.0,48.0,1.0,4800.0,508
2023-05-11 09:57:43,IO2403-P-3500,IO2403-P-3500,48.0,0.0,0.0,0.0,3,46.8,48.8,9,50.0,48.0,48.0,48.0,1.0,4800.0,508
2023-05-11 09:57:44,IO2403-P-3500,IO2403-P-3500,48.0,0.0,0.0,0.0,12,46.6,48.6,8,50.0,48.0,48.0,48.0,1.0,4800.0,508
2023-05-11 09:57:44,IO2403-P-3500,IO2403-P-3500,48.0,0.0,0.0,0.0,6,46.8,48.4,6,50.0,48.0,48.0,48.0,1.0,4800.0,508
2023-05-11 09:57:45,IO2403-P-3500,IO2403-P-3500,48.0,0.0,0.0,0.0,9,46.8,48.4,6,50.0,48.0,48.0,48.0,1.0,4800.0,508
2023-05-11 09:57:45,IO2403-P-3500,IO2403-P-3500,48.0,0.0,0.0,0.0,3,46.8,48.6,6,50.0,48.0,48.0,48.0,1.0,4800.0,508
2023-05-11 09:57:46,IO2403-P-3500,IO2403-P-3500,48.0,0.0,0.0,0.0,12,46.6,48.6,8,50.0,48.0,48.0,48.0,1.0,4800.0,508
2023-05-11 09:57:46,IO2403-P-3500,IO2403-P-3500,48.0,0.0,0.0,0.0,6,46.8,48.4,6,50.0,48.0,48.0,48.0,1.0,4800.0,508
2023-05-11 09:57:47,IO2403-P-3500,IO2403-P-3500,48.0,0.0,0.0,0.0,9,46.8,48.4,6,50.0,48.0,48.0,48.0,1.0,4800.0,508
2023-05-11 09:57:47,IO2403-P-3500,IO2403-P-3500,48.0,0.0,0.0,0.0,3,46.8,48.6,6,50.0,48.0,48.0,48.0,1.0,4800.0,508
2023-05-11 09:57:48,IO2403-P-3500,IO2403-P-3500,48.0,0.0,0.0,0.0,6,46.6,48.6,2,50.0,48.0,48.0,48.0,1.0,4800.0,508
2023-05-11 09:57:48,IO2403-P-3500,IO2403-P-3500,48.0,0.0,0.0,0.0,6,46.8,48.4,6,50.0,48.0,48.0,48.0,1.0,4800.0,508
2023-05-11 09:57:49,IO2403-P-3500,IO2403-P-3500,48.0,0.0,0.0,0.0,9,46.8,48.4,6,50.0,48.0,48.0,48.0,1.0,4800.0,508
2023-05-11 09:57:49,IO2403-P-3500,IO2403-P-3500,48.0,0.0,0.0,0.0,3,46.8,48.8,9,50.0,48.0,48.0,48.0,1.0,4800.0,508
2023-05-11 09:57:50,IO2403-P-3500,IO2403-P-3500,48.0,0.0,0.0,0.0,12,46.6,48.6,8,50.0,48.0,48.0,48.0,1.0,4800.0,508
2023-05-11 09:57:50,IO2403-P-3500,IO2403-P-3500,48.0,0.0,0.0,0.0,6,46.8,48.4,6,50.0,48.0,48.0,48.0,1.0,4800.0,508
2023-05-11 09:57:51,IO2403-P-3500,IO2403-P-3500,48.0,0.0,0.0,0.0,9,46.8,48.4,6,50.0,48.0,48.0,48.0,1.0,4800.0,508
2023-05-11 09:57:51,IO2403-P-3500,IO2403-P-3500,48.0,0.0,0.0,0.0,3,46.8,48.6,6,50.0,48.0,48.0,48.0,1.0,4800.0,508
2023-05-11 09:57:52,IO2403-P-3500,IO2403-P-3500,48.0,0.0,0.0,0.0,12,46.6,48.6,8,50.0,48.0,48.0,48.0,1.0,4800.0,508
2023-05-11 09:57:52,IO2403-P-3500,IO2403-P-3500,48.0,0.0,0.0,0.0,6,46.8,48.4,6,50.0,48.0,48.0,48.0,1.0,4800.0,508
2023-05-11 09:57:53,IO2403-P-3500,IO2403-P-3500,48.0,0.0,0.0,0.0,9,46.8,48.4,6,50.0,48.0,48.0,48.0,1.0,4800.0,508
2023-05-11 09:57:53,IO2403-P-3500,IO2403-P-3500,48.0,0.0,0.0,0.0,3,46.8,48.6,6,50.0,48.0,48.0,48.0,1.0,4800.0,508
2023-05-11 09:57:54,IO2403-P-3500,IO2403-P-3500,48.0,0.0,0.0,0.0,12,46.6,48.6,6,50.0,48.0,48.0,48.0,1.0,4800.0,508
