time,symbol_id,symbol_name,last,trade_volume,trade_amount,open_interest_change,bv1,bp1,ap1,av1,yesterday_close,today_open,today_high,today_low,volume,amount,open_interest
2023-05-11 09:29:00,IC2306,IC2306,6155.6,14.0,17235680.0,-9.0,3,6155.6,6158.0,1,6146.2,6155.6,6155.6,6155.6,14.0,17235680.0,111855
2023-05-11 09:30:00,IC2306,IC2306,6169.8,13.0,16030400.0,-3.0,3,6168.8,6170.2,1,6146.2,6155.6,6170.0,6155.6,27.0,33266080.0,111852
2023-05-11 09:30:00,IC2306,IC2306,6158.4,38.0,46856240.0,-17.0,1,6158.4,6161.4,1,6146.2,6155.6,6170.0,6155.6,65.0,80122320.0,111835
2023-05-11 09:30:01,IC2306,IC2306,6162.0,14.0,17251960.0,-6.0,1,6161.4,6165.2,1,6146.2,6155.6,6170.0,6155.6,79.0,97374280.0,111829
2023-05-11 09:30:01,IC2306,IC2306,6161.6,5.0,6161720.0,-3.0,1,6161.4,6162.0,1,6146.2,6155.6,6170.0,6155.6,84.0,103536000.0,111826
2023-05-11 09:30:02,IC2306,IC2306,6161.4,2.0,2464560.0,-2.0,1,6158.8,6160.8,3,6146.2,6155.6,6170.0,6155.6,86.0,106000560.0,111824
2023-05-11 09:30:02,IC2306,IC2306,6160.8,1.0,1232160.0,-1.0,1,6159.0,6159.6,1,6146.2,6155.6,6170.0,6155.6,87.0,107232720.0,111823
2023-05-11 09:30:03,IC2306,IC2306,6159.4,9.0,11087000.0,-9.0,1,6158.2,6159.4,2,6146.2,6155.6,6170.0,6155.6,96.0,118319720.0,111814
2023-05-11 09:30:03,IC2306,IC2306,6160.6,5.0,6159800.0,-5.0,1,6159.4,6160.0,1,6146.2,6155.6,6170.0,6155.6,101.0,124479520.0,111809
2023-05-11 09:30:04,IC2306,IC2306,6160.2,6.0,7392680.0,-5.0,3,6160.2,6163.4,2,6146.2,6155.6,6170.0,6155.6,107.0,131872200.0,111804
2023-05-11 09:30:04,IC2306,IC2306,6163.4,6.0,7395360.0,-5.0,1,6161.4,6163.4,1,6146.2,6155.6,6170.0,6155.6,113.0,139267560.0,111799
2023-05-11 09:30:05,IC2306,IC2306,6163.4,7.0,8628960.0,-7.0,1,6161.8,6164.4,1,6146.2,6155.6,6170.0,6155.6,120.0,147896520.0,111792
2023-05-11 09:30:05,IC2306,IC2306,6163.8,5.0,6163720.0,-4.0,1,6162.2,6164.8,2,6146.2,6155.6,6170.0,6155.6,125.0,154060240.0,111788
2023-05-11 09:30:06,IC2306,IC2306,6162.4,2.0,2465000.0,-2.0,2,6162.4,6163.6,1,6146.2,6155.6,6170.0,6155.6,127.0,156525240.0,111786
2023-05-11 09:30:06,IC2306,IC2306,6163.0,2.0,2465320.0,-1.0,7,6162.8,6164.6,2,6146.2,6155.6,6170.0,6155.6,129.0,158990560.0,111785
2023-05-11 09:30:07,IC2306,IC2306,6163.0,4.0,4930400.0,-1.0,1,6163.6,6164.0,2,6146.2,6155.6,6170.0,6155.6,133.0,163920960.0,111784
2023-05-11 09:30:07,IC2306,IC2306,6163.6,1.0,1232720.0,0.0,1,6162.4,6163.4,1,6146.2,6155.6,6170.0,6155.6,134.0,165153680.0,111784
2023-05-11 09:30:08,IC2306,IC2306,6163.6,1.0,1232720.0,0.0,1,6162.4,6164.4,1,6146.2,6155.6,6170.0,6155.6,135.0,166386400.0,111784
2023-05-11 09:30:08,IC2306,IC2306,6163.4,2.0,2465200.0,-1.0,1,6162.8,6164.0,2,6146.2,6155.6,6170.0,6155.6,137.0,168851600.0,111783
2023-05-11 09:30:09,IC2306,IC2306,6162.8,1.0,1232560.0,-1.0,1,6163.6,6163.8,2,6146.2,6155.6,6170.0,6155.6,138.0,170084160.0,111782
2023-05-11 09:30:09,IC2306,IC2306,6162.4,2.0,2465200.0,-1.0,1,6162.2,6163.4,3,6146.2,6155.6,6170.0,6155.6,140.0,172549360.0,111781
2023-05-11 09:30:10,IC2306,IC2306,6162.6,2.0,2465160.0,-1.0,1,6162.2,6163.4,3,6146.2,6155.6,6170.0,6155.6,142.0,175014520.0,111780
2023-05-11 09:30:10,IC2306,IC2306,6163.4,4.0,4930720.0,-3.0,1,6162.4,6163.2,1,6146.2,6155.6,6170.0,6155.6,146.0,179945240.0,111777
2023-05-11 09:30:11,IC2306,IC2306,6164.0,2.0,2465480.0,-1.0,1,6164.0,6164.2,1,6146.2,6155.6,6170.0,6155.6,148.0,182410720.0,111776
2023-05-11 09:30:11,IC2306,IC2306,6164.2,1.0,1232840.0,-1.0,1,6164.2,6165.0,1,6146.2,6155.6,6170.0,6155.6,149.0,183643560.0,111775
2023-05-11 09:30:12,IC2306,IC2306,6164.4,5.0,6164520.0,-3.0,1,6164.2,6165.2,2,6146.2,6155.6,6170.0,6155.6,154.0,189808080.0,111772
2023-05-11 09:30:12,IC2306,IC2306,6164.0,3.0,3698680.0,-2.0,1,6163.8,6165.2,1,6146.2,6155.6,6170.0,6155.6,157.0,193506760.0,111770
2023-05-11 09:30:13,IC2306,IC2306,6165.2,3.0,3698640.0,-2.0,2,6164.0,6166.0,1,6146.2,6155.6,6170.0,6155.6,160.0,197205400.0,111768
2023-05-11 09:30:13,IC2306,IC2306,6165.2,0.0,0.0,0.0,1,6164.8,6165.4,2,6146.2,6155.6,6170.0,6155.6,160.0,197205400.0,111768
2023-05-11 09:30:14,IC2306,IC2306,6165.0,5.0,6164560.0,-4.0,2,6165.0,6165.2,1,6146.2,6155.6,6170.0,6155.6,165.0,203369960.0,111764
2023-05-11 09:30:14,IC2306,IC2306,6164.8,10.0,12329080.0,-10.0,1,6164.0,6165.0,2,6146.2,6155.6,6170.0,6155.6,175.0,215699040.0,111754
2023-05-11 09:30:15,IC2306,IC2306,6164.0,2.0,2465640.0,-2.0,2,6164.0,6164.6,1,6146.2,6155.6,6170.0,6155.6,177.0,218164680.0,111752
2023-05-11 09:30:15,IC2306,IC2306,6165.2,5.0,6164800.0,-3.0,1,6164.0,6166.0,1,6146.2,6155.6,6170.0,6155.6,182.0,224329480.0,111749
2023-05-11 09:30:16,IC2306,IC2306,6164.2,1.0,1232840.0,-1.0,1,6163.6,6164.0,1,6146.2,6155.6,6170.0,6155.6,183.0,225562320.0,111748
2023-05-11 09:30:16,IC2306,IC2306,6163.6,2.0,2465520.0,-2.0,1,6162.2,6163.6,2,6146.2,6155.6,6170.0,6155.6,185.0,228027840.0,111746
2023-05-11 09:30:17,IC2306,IC2306,6163.6,0.0,0.0,0.0,1,6163.0,6163.4,1,6146.2,6155.6,6170.0,6155.6,185.0,228027840.0,111746
2023-05-11 09:30:17,IC2306,IC2306,6163.6,0.0,0.0,0.0,1,6162.8,6163.0,2,6146.2,6155.6,6170.0,6155.6,185.0,228027840.0,111746
2023-05-11 09:30:18,IC2306,IC2306,6163.0,3.0,3697840.0,-3.0,1,6162.4,6163.4,1,6146.2,6155.6,6170.0,6155.6,188.0,231725680.0,111743
2023-05-11 09:30:18,IC2306,IC2306,6163.6,5.0,6163200.0,-3.0,1,6162.4,6163.6,1,6146.2,6155.6,6170.0,6155.6,193.0,237888880.0,111740
2023-05-11 09:30:19,IC2306,IC2306,6162.4,2.0,2465080.0,-1.0,1,6162.2,6163.6,1,6146.2,6155.6,6170.0,6155.6,195.0,240353960.0,111739
2023-05-11 09:30:19,IC2306,IC2306,6162.2,1.0,1232440.0,0.0,1,6161.6,6162.2,1,6146.2,6155.6,6170.0,6155.6,196.0,241586400.0,111739
2023-05-11 09:30:20,IC2306,IC2306,6163.6,6.0,7395320.0,-6.0,15,6163.6,6165.0,3,6146.2,6155.6,6170.0,6155.6,202.0,248981720.0,111733
2023-05-11 09:30:20,IC2306,IC2306,6163.4,17.0,20956200.0,-16.0,1,6161.0,6163.6,2,6146.2,6155.6,6170.0,6155.6,219.0,269937920.0,111717
2023-05-11 09:30:21,IC2306,IC2306,6163.6,5.0,6163560.0,-4.0,1,6164.8,6165.2,1,6146.2,6155.6,6170.0,6155.6,224.0,276101480.0,111713
2023-05-11 09:30:21,IC2306,IC2306,6164.8,3.0,3698880.0,-3.0,1,6164.0,6164.8,2,6146.2,6155.6,6170.0,6155.6,227.0,279800360.0,111710
2023-05-11 09:30:22,IC2306,IC2306,6164.0,4.0,4931400.0,-4.0,1,6164.0,6164.8,1,6146.2,6155.6,6170.0,6155.6,231.0,284731760.0,111706
2023-05-11 09:30:22,IC2306,IC2306,6164.2,3.0,3698640.0,-3.0,2,6164.0,6165.2,1,6146.2,6155.6,6170.0,6155.6,234.0,288430400.0,111703
2023-05-11 09:30:23,IC2306,IC2306,6164.0,4.0,4931320.0,-3.0,1,6164.0,6165.2,1,6146.2,6155.6,6170.0,6155.6,238.0,293361720.0,111700
2023-05-11 09:30:23,IC2306,IC2306,6163.8,2.0,2465560.0,-2.0,3,6162.6,6164.0,1,6146.2,6155.6,6170.0,6155.6,240.0,295827280.0,111698
2023-05-11 09:30:24,IC2306,IC2306,6163.4,3.0,3698200.0,-3.0,2,6163.2,6164.0,1,6146.2,6155.6,6170.0,6155.6,243.0,299525480.0,111695
2023-05-11 09:30:24,IC2306,IC2306,6164.8,2.0,2465760.0,-1.0,1,6162.8,6165.0,3,6146.2,6155.6,6170.0,6155.6,245.0,301991240.0,111694
2023-05-11 09:30:25,IC2306,IC2306,6164.8,0.0,0.0,0.0,1,6162.8,6163.4,1,6146.2,6155.6,6170.0,6155.6,245.0,301991240.0,111694
2023-05-11 09:30:25,IC2306,IC2306,6163.4,1.0,1232680.0,-1.0,1,6162.8,6164.4,1,6146.2,6155.6,6170.0,6155.6,246.0,303223920.0,111693
2023-05-11 09:30:26,IC2306,IC2306,6163.0,3.0,3698320.0,-3.0,1,6164.0,6164.2,1,6146.2,6155.6,6170.0,6155.6,249.0,306922240.0,111690
2023-05-11 09:30:26,IC2306,IC2306,6164.2,1.0,1232840.0,0.0,1,6164.6,6165.0,2,6146.2,6155.6,6170.0,6155.6,250.0,308155080.0,111690
2023-05-11 09:30:27,IC2306,IC2306,6164.2,1.0,1232840.0,-1.0,1,6164.0,6165.0,1,6146.2,6155.6,6170.0,6155.6,251.0,309387920.0,111689
2023-05-11 09:30:28,IC2306,IC2306,6165.0,1.0,1233000.0,0.0,1,6164.0,6165.2,1,6146.2,6155.6,6170.0,6155.6,252.0,310620920.0,111689
2023-05-11 09:30:28,IC2306,IC2306,6165.0,0.0,0.0,0.0,1,6164.0,6165.0,1,6146.2,6155.6,6170.0,6155.6,252.0,310620920.0,111689
2023-05-11 09:30:29,IC2306,IC2306,6165.0,1.0,1233000.0,0.0,1,6164.4,6165.2,2,6146.2,6155.6,6170.0,6155.6,253.0,311853920.0,111689
2023-05-11 09:30:30,IC2306,IC2306,6165.2,2.0,2466080.0,-1.0,1,6164.4,6166.0,2,6146.2,6155.6,6170.0,6155.6,255.0,314320000.0,111688
2023-05-11 09:30:30,IC2306,IC2306,6165.8,1.0,1233160.0,-1.0,1,6164.0,6165.8,2,6146.2,6155.6,6170.0,6155.6,256.0,315553160.0,111687
2023-05-11 09:30:31,IC2306,IC2306,6165.8,0.0,0.0,0.0,1,6164.0,6165.0,1,6146.2,6155.6,6170.0,6155.6,256.0,315553160.0,111687
2023-05-11 09:30:31,IC2306,IC2306,6165.0,1.0,1233000.0,-1.0,1,6164.0,6165.6,3,6146.2,6155.6,6170.0,6155.6,257.0,316786160.0,111686
2023-05-11 09:30:32,IC2306,IC2306,6165.0,0.0,0.0,0.0,1,6165.2,6165.6,3,6146.2,6155.6,6170.0,6155.6,257.0,316786160.0,111686
2023-05-11 09:30:32,IC2306,IC2306,6165.2,1.0,1233040.0,-1.0,1,6164.2,6165.2,2,6146.2,6155.6,6170.0,6155.6,258.0,318019200.0,111685
2023-05-11 09:30:33,IC2306,IC2306,6165.2,3.0,3699120.0,-3.0,1,6164.0,6165.2,3,6146.2,6155.6,6170.0,6155.6,261.0,321718320.0,111682
2023-05-11 09:30:33,IC2306,IC2306,6164.0,1.0,1232800.0,0.0,1,6163.8,6165.0,1,6146.2,6155.6,6170.0,6155.6,262.0,322951120.0,111682
2023-05-11 09:30:34,IC2306,IC2306,6164.0,0.0,0.0,0.0,1,6164.0,6164.8,1,6146.2,6155.6,6170.0,6155.6,262.0,322951120.0,111682
2023-05-11 09:30:34,IC2306,IC2306,6164.6,1.0,1232920.0,0.0,1,6164.0,6164.6,1,6146.2,6155.6,6170.0,6155.6,263.0,324184040.0,111682
2023-05-11 09:30:35,IC2306,IC2306,6164.4,1.0,1232880.0,0.0,1,6164.2,6164.6,1,6146.2,6155.6,6170.0,6155.6,264.0,325416920.0,111682
2023-05-11 09:30:35,IC2306,IC2306,6164.6,1.0,1232920.0,0.0,1,6164.8,6165.0,1,6146.2,6155.6,6170.0,6155.6,265.0,326649840.0,111682
2023-05-11 09:30:36,IC2306,IC2306,6165.0,4.0,4932080.0,-3.0,1,6164.8,6165.2,1,6146.2,6155.6,6170.0,6155.6,269.0,331581920.0,111679
2023-05-11 09:30:36,IC2306,IC2306,6164.4,2.0,2465840.0,-1.0,1,6164.2,6165.2,1,6146.2,6155.6,6170.0,6155.6,271.0,334047760.0,111678
2023-05-11 09:30:37,IC2306,IC2306,6165.2,1.0,1233040.0,0.0,1,6164.2,6165.6,1,6146.2,6155.6,6170.0,6155.6,272.0,335280800.0,111678
2023-05-11 09:30:37,IC2306,IC2306,6165.2,0.0,0.0,0.0,1,6164.6,6165.4,1,6146.2,6155.6,6170.0,6155.6,272.0,335280800.0,111678
2023-05-11 09:30:38,IC2306,IC2306,6164.6,1.0,1232920.0,0.0,1,6164.2,6165.6,1,6146.2,6155.6,6170.0,6155.6,273.0,336513720.0,111678
2023-05-11 09:30:38,IC2306,IC2306,6164.6,0.0,0.0,0.0,1,6164.4,6165.6,1,6146.2,6155.6,6170.0,6155.6,273.0,336513720.0,111678
2023-05-11 09:30:39,IC2306,IC2306,6165.6,1.0,1233120.0,0.0,1,6164.4,6165.8,1,6146.2,6155.6,6170.0,6155.6,274.0,337746840.0,111678
2023-05-11 09:30:39,IC2306,IC2306,6165.6,0.0,0.0,0.0,1,6164.4,6165.2,1,6146.2,6155.6,6170.0,6155.6,274.0,337746840.0,111678
2023-05-11 09:30:40,IC2306,IC2306,6165.4,1.0,1233080.0,-1.0,1,6165.8,6166.0,2,6146.2,6155.6,6170.0,6155.6,275.0,338979920.0,111677
2023-05-11 09:30:40,IC2306,IC2306,6165.8,2.0,2466320.0,0.0,1,6164.2,6166.0,2,6146.2,6155.6,6170.0,6155.6,277.0,341446240.0,111677
2023-05-11 09:30:41,IC2306,IC2306,6165.8,0.0,0.0,0.0,3,6164.4,6165.8,2,6146.2,6155.6,6170.0,6155.6,277.0,341446240.0,111677
2023-05-11 09:30:41,IC2306,IC2306,6165.8,1.0,1233160.0,1.0,2,6164.4,6166.0,2,6146.2,6155.6,6170.0,6155.6,278.0,342679400.0,111678
2023-05-11 09:30:42,IC2306,IC2306,6165.8,3.0,3699480.0,-2.0,2,6164.4,6165.8,2,6146.2,6155.6,6170.0,6155.6,281.0,346378880.0,111676
2023-05-11 09:30:42,IC2306,IC2306,6164.8,2.0,2466120.0,-1.0,1,6164.6,6166.0,2,6146.2,6155.6,6170.0,6155.6,283.0,348845000.0,111675
2023-05-11 09:30:43,IC2306,IC2306,6164.8,0.0,0.0,0.0,1,6164.6,6165.8,1,6146.2,6155.6,6170.0,6155.6,283.0,348845000.0,111675
2023-05-11 09:30:43,IC2306,IC2306,6166.0,2.0,2466400.0,-2.0,1,6165.8,6166.2,1,6146.2,6155.6,6170.0,6155.6,285.0,351311400.0,111673
2023-05-11 09:30:44,IC2306,IC2306,6166.2,1.0,1233240.0,0.0,1,6166.0,6166.4,1,6146.2,6155.6,6170.0,6155.6,286.0,352544640.0,111673
2023-05-11 09:30:44,IC2306,IC2306,6166.0,1.0,1233200.0,-1.0,1,6164.8,6166.4,1,6146.2,6155.6,6170.0,6155.6,287.0,353777840.0,111672
2023-05-11 09:30:45,IC2306,IC2306,6166.0,0.0,0.0,0.0,1,6165.0,6166.0,1,6146.2,6155.6,6170.0,6155.6,287.0,353777840.0,111672
2023-05-11 09:30:45,IC2306,IC2306,6166.0,0.0,0.0,0.0,1,6164.8,6166.0,3,6146.2,6155.6,6170.0,6155.6,287.0,353777840.0,111672
2023-05-11 09:30:46,IC2306,IC2306,6165.8,5.0,6164760.0,-3.0,1,6164.8,6165.8,1,6146.2,6155.6,6170.0,6155.6,292.0,359942600.0,111669
2023-05-11 09:30:46,IC2306,IC2306,6164.8,1.0,1232960.0,-1.0,1,6164.0,6165.6,6,6146.2,6155.6,6170.0,6155.6,293.0,361175560.0,111668
2023-05-11 09:30:47,IC2306,IC2306,6164.0,1.0,1232800.0,-1.0,1,6163.6,6165.2,1,6146.2,6155.6,6170.0,6155.6,294.0,362408360.0,111667
2023-05-11 09:30:47,IC2306,IC2306,6165.0,2.0,2465720.0,-1.0,1,6163.4,6165.0,5,6146.2,6155.6,6170.0,6155.6,296.0,364874080.0,111666
2023-05-11 09:30:48,IC2306,IC2306,6163.4,2.0,2465400.0,-2.0,1,6163.0,6164.8,10,6146.2,6155.6,6170.0,6155.6,298.0,367339480.0,111664
2023-05-11 09:30:48,IC2306,IC2306,6163.0,1.0,1232600.0,0.0,1,6163.6,6164.2,1,6146.2,6155.6,6170.0,6155.6,299.0,368572080.0,111664
2023-05-11 09:30:49,IC2306,IC2306,6163.4,2.0,2465400.0,-2.0,5,6162.0,6163.0,2,6146.2,6155.6,6170.0,6155.6,301.0,371037480.0,111662
2023-05-11 09:30:49,IC2306,IC2306,6162.0,1.0,1232400.0,0.0,5,6162.0,6163.2,1,6146.2,6155.6,6170.0,6155.6,302.0,372269880.0,111662
2023-05-11 09:30:50,IC2306,IC2306,6162.0,0.0,0.0,0.0,5,6162.0,6163.2,2,6146.2,6155.6,6170.0,6155.6,302.0,372269880.0,111662
2023-05-11 09:30:51,IC2306,IC2306,6162.0,1.0,1232400.0,0.0,4,6162.0,6163.0,1,6146.2,6155.6,6170.0,6155.6,303.0,373502280.0,111662
2023-05-11 09:30:51,IC2306,IC2306,6163.2,1.0,1232640.0,-1.0,4,6162.0,6162.8,1,6146.2,6155.6,6170.0,6155.6,304.0,374734920.0,111661
2023-05-11 09:30:52,IC2306,IC2306,6163.2,1.0,1232640.0,0.0,4,6162.0,6163.6,1,6146.2,6155.6,6170.0,6155.6,305.0,375967560.0,111661
2023-05-11 09:30:52,IC2306,IC2306,6163.2,0.0,0.0,0.0,4,6162.0,6163.4,1,6146.2,6155.6,6170.0,6155.6,305.0,375967560.0,111661
2023-05-11 09:30:53,IC2306,IC2306,6163.2,0.0,0.0,0.0,4,6162.0,6163.4,4,6146.2,6155.6,6170.0,6155.6,305.0,375967560.0,111661
2023-05-11 09:30:53,IC2306,IC2306,6163.2,0.0,0.0,0.0,1,6162.6,6163.4,4,6146.2,6155.6,6170.0,6155.6,305.0,375967560.0,111661
2023-05-11 09:30:54,IC2306,IC2306,6162.0,7.0,8627640.0,-1.0,1,6161.2,6163.6,1,6146.2,6155.6,6170.0,6155.6,312.0,384595200.0,111660
2023-05-11 09:30:54,IC2306,IC2306,6163.2,1.0,1232640.0,-1.0,2,6161.4,6163.2,2,6146.2,6155.6,6170.0,6155.6,313.0,385827840.0,111659
2023-05-11 09:30:55,IC2306,IC2306,6161.4,3.0,3697200.0,-3.0,1,6161.2,6163.0,2,6146.2,6155.6,6170.0,6155.6,316.0,389525040.0,111656
2023-05-11 09:30:55,IC2306,IC2306,6161.4,0.0,0.0,0.0,1,6161.2,6162.8,8,6146.2,6155.6,6170.0,6155.6,316.0,389525040.0,111656
2023-05-11 09:30:56,IC2306,IC2306,6162.6,2.0,2464760.0,0.0,1,6160.4,6162.8,5,6146.2,6155.6,6170.0,6155.6,318.0,391989800.0,111656
2023-05-11 09:30:56,IC2306,IC2306,6162.6,0.0,0.0,0.0,2,6161.0,6162.0,1,6146.2,6155.6,6170.0,6155.6,318.0,391989800.0,111656
2023-05-11 09:30:57,IC2306,IC2306,6161.2,3.0,3697040.0,-3.0,1,6161.2,6162.6,1,6146.2,6155.6,6170.0,6155.6,321.0,395686840.0,111653
2023-05-11 09:30:57,IC2306,IC2306,6161.2,0.0,0.0,0.0,1,6161.2,6162.0,2,6146.2,6155.6,6170.0,6155.6,321.0,395686840.0,111653
2023-05-11 09:30:58,IC2306,IC2306,6161.2,0.0,0.0,0.0,3,6160.6,6161.2,1,6146.2,6155.6,6170.0,6155.6,321.0,395686840.0,111653
2023-05-11 09:30:58,IC2306,IC2306,6160.6,1.0,1232120.0,-1.0,6,6160.0,6161.2,1,6146.2,6155.6,6170.0,6155.6,322.0,396918960.0,111652
2023-05-11 09:30:59,IC2306,IC2306,6161.2,8.0,9856400.0,-4.0,1,6160.0,6161.2,1,6146.2,6155.6,6170.0,6155.6,330.0,406775360.0,111648
2023-05-11 09:30:59,IC2306,IC2306,6160.0,1.0,1232000.0,0.0,1,6159.0,6160.8,2,6146.2,6155.6,6170.0,6155.6,331.0,408007360.0,111648
2023-05-11 09:31:00,IC2306,IC2306,6160.0,0.0,0.0,0.0,2,6159.2,6160.2,1,6146.2,6155.6,6170.0,6155.6,331.0,408007360.0,111648
2023-05-11 09:31:00,IC2306,IC2306,6160.0,1.0,1232000.0,0.0,2,6159.2,6160.6,3,6146.2,6155.6,6170.0,6155.6,332.0,409239360.0,111648
2023-05-11 09:31:01,IC2306,IC2306,6160.4,2.0,2463960.0,0.0,2,6159.2,6160.6,3,6146.2,6155.6,6170.0,6155.6,334.0,411703320.0,111648
2023-05-11 09:31:01,IC2306,IC2306,6159.0,6.0,7391840.0,-6.0,1,6158.0,6160.2,1,6146.2,6155.6,6170.0,6155.6,340.0,419095160.0,111642
2023-05-11 09:31:02,IC2306,IC2306,6159.0,0.0,0.0,0.0,1,6158.6,6160.0,2,6146.2,6155.6,6170.0,6155.6,340.0,419095160.0,111642
2023-05-11 09:31:02,IC2306,IC2306,6160.4,4.0,4928240.0,-2.0,4,6158.2,6160.4,2,6146.2,6155.6,6170.0,6155.6,344.0,424023400.0,111640
2023-05-11 09:31:03,IC2306,IC2306,6160.4,3.0,3696240.0,-2.0,1,6160.2,6161.8,1,6146.2,6155.6,6170.0,6155.6,347.0,427719640.0,111638
2023-05-11 09:31:03,IC2306,IC2306,6160.4,0.0,0.0,0.0,1,6159.8,6160.0,1,6146.2,6155.6,6170.0,6155.6,347.0,427719640.0,111638
2023-05-11 09:31:04,IC2306,IC2306,6160.2,2.0,2464080.0,-1.0,1,6160.8,6161.6,1,6146.2,6155.6,6170.0,6155.6,349.0,430183720.0,111637
2023-05-11 09:31:04,IC2306,IC2306,6161.8,5.0,6161320.0,-4.0,1,6161.0,6162.0,1,6146.2,6155.6,6170.0,6155.6,354.0,436345040.0,111633
2023-05-11 09:31:05,IC2306,IC2306,6161.8,0.0,0.0,0.0,1,6161.0,6161.6,1,6146.2,6155.6,6170.0,6155.6,354.0,436345040.0,111633
2023-05-11 09:31:05,IC2306,IC2306,6161.6,1.0,1232320.0,-1.0,1,6161.8,6162.0,1,6146.2,6155.6,6170.0,6155.6,355.0,437577360.0,111632
2023-05-11 09:31:06,IC2306,IC2306,6162.0,3.0,3697200.0,-3.0,2,6162.6,6163.4,2,6146.2,6155.6,6170.0,6155.6,358.0,441274560.0,111629
2023-05-11 09:31:06,IC2306,IC2306,6162.4,5.0,6162640.0,-4.0,1,6162.0,6163.2,1,6146.2,6155.6,6170.0,6155.6,363.0,447437200.0,111625
2023-05-11 09:31:07,IC2306,IC2306,6162.4,0.0,0.0,0.0,1,6162.0,6163.0,3,6146.2,6155.6,6170.0,6155.6,363.0,447437200.0,111625
2023-05-11 09:31:07,IC2306,IC2306,6162.0,1.0,1232400.0,-1.0,1,6161.2,6162.0,1,6146.2,6155.6,6170.0,6155.6,364.0,448669600.0,111624
2023-05-11 09:31:08,IC2306,IC2306,6163.0,2.0,2465000.0,0.0,7,6162.2,6163.0,2,6146.2,6155.6,6170.0,6155.6,366.0,451134600.0,111624
2023-05-11 09:31:08,IC2306,IC2306,6163.0,3.0,3697800.0,-3.0,1,6162.4,6163.2,1,6146.2,6155.6,6170.0,6155.6,369.0,454832400.0,111621
2023-05-11 09:31:09,IC2306,IC2306,6162.4,3.0,3697440.0,-3.0,2,6161.4,6163.2,5,6146.2,6155.6,6170.0,6155.6,372.0,458529840.0,111618
2023-05-11 09:31:09,IC2306,IC2306,6163.0,1.0,1232600.0,0.0,1,6161.4,6163.2,5,6146.2,6155.6,6170.0,6155.6,373.0,459762440.0,111618
2023-05-11 09:31:10,IC2306,IC2306,6163.0,0.0,0.0,0.0,1,6161.4,6163.0,2,6146.2,6155.6,6170.0,6155.6,373.0,459762440.0,111618
2023-05-11 09:31:10,IC2306,IC2306,6163.0,1.0,1232600.0,-1.0,1,6161.4,6163.0,1,6146.2,6155.6,6170.0,6155.6,374.0,460995040.0,111617
2023-05-11 09:31:11,IC2306,IC2306,6163.0,8.0,9861000.0,-7.0,1,6161.6,6163.4,3,6146.2,6155.6,6170.0,6155.6,382.0,470856040.0,111610
2023-05-11 09:31:11,IC2306,IC2306,6163.4,1.0,1232680.0,0.0,1,6162.6,6163.4,2,6146.2,6155.6,6170.0,6155.6,383.0,472088720.0,111610
2023-05-11 09:31:12,IC2306,IC2306,6164.4,4.0,4930960.0,-4.0,1,6162.8,6165.0,2,6146.2,6155.6,6170.0,6155.6,387.0,477019680.0,111606
2023-05-11 09:31:12,IC2306,IC2306,6163.0,1.0,1232600.0,-1.0,1,6162.8,6163.4,1,6146.2,6155.6,6170.0,6155.6,388.0,478252280.0,111605
2023-05-11 09:31:13,IC2306,IC2306,6162.8,4.0,4930400.0,0.0,1,6162.6,6162.8,7,6146.2,6155.6,6170.0,6155.6,392.0,483182680.0,111605
2023-05-11 09:31:13,IC2306,IC2306,6162.8,7.0,8627920.0,0.0,1,6163.4,6164.8,4,6146.2,6155.6,6170.0,6155.6,399.0,491810600.0,111605
2023-05-11 09:31:14,IC2306,IC2306,6163.4,1.0,1232680.0,0.0,1,6163.0,6163.4,9,6146.2,6155.6,6170.0,6155.6,400.0,493043280.0,111605
2023-05-11 09:31:14,IC2306,IC2306,6163.4,3.0,3698040.0,2.0,2,6162.0,6163.4,6,6146.2,6155.6,6170.0,6155.6,403.0,496741320.0,111607
2023-05-11 09:31:15,IC2306,IC2306,6163.4,3.0,3698040.0,1.0,1,6162.8,6163.4,3,6146.2,6155.6,6170.0,6155.6,406.0,500439360.0,111608
2023-05-11 09:31:15,IC2306,IC2306,6163.4,3.0,3698040.0,0.0,2,6162.2,6162.6,1,6146.2,6155.6,6170.0,6155.6,409.0,504137400.0,111608
2023-05-11 09:31:16,IC2306,IC2306,6162.6,1.0,1232520.0,-1.0,2,6162.8,6164.4,1,6146.2,6155.6,6170.0,6155.6,410.0,505369920.0,111607
2023-05-11 09:31:16,IC2306,IC2306,6162.6,0.0,0.0,0.0,1,6162.2,6164.2,3,6146.2,6155.6,6170.0,6155.6,410.0,505369920.0,111607
2023-05-11 09:31:17,IC2306,IC2306,6162.6,0.0,0.0,0.0,1,6162.2,6164.0,2,6146.2,6155.6,6170.0,6155.6,410.0,505369920.0,111607
2023-05-11 09:31:18,IC2306,IC2306,6162.6,0.0,0.0,0.0,1,6164.0,6164.2,3,6146.2,6155.6,6170.0,6155.6,410.0,505369920.0,111607
2023-05-11 09:31:18,IC2306,IC2306,6164.0,1.0,1232800.0,-1.0,1,6162.2,6164.2,1,6146.2,6155.6,6170.0,6155.6,411.0,506602720.0,111606
2023-05-11 09:31:19,IC2306,IC2306,6164.0,0.0,0.0,0.0,1,6164.2,6164.4,1,6146.2,6155.6,6170.0,6155.6,411.0,506602720.0,111606
2023-05-11 09:31:19,IC2306,IC2306,6164.2,1.0,1232840.0,-1.0,1,6162.6,6164.4,1,6146.2,6155.6,6170.0,6155.6,412.0,507835560.0,111605
2023-05-11 09:31:20,IC2306,IC2306,6164.2,0.0,0.0,0.0,2,6162.8,6164.4,1,6146.2,6155.6,6170.0,6155.6,412.0,507835560.0,111605
2023-05-11 09:31:20,IC2306,IC2306,6164.2,0.0,0.0,0.0,1,6163.0,6164.4,1,6146.2,6155.6,6170.0,6155.6,412.0,507835560.0,111605
2023-05-11 09:31:21,IC2306,IC2306,6164.2,0.0,0.0,0.0,1,6163.2,6164.8,1,6146.2,6155.6,6170.0,6155.6,412.0,507835560.0,111605
2023-05-11 09:31:21,IC2306,IC2306,6164.2,0.0,0.0,0.0,2,6163.4,6164.6,2,6146.2,6155.6,6170.0,6155.6,412.0,507835560.0,111605
2023-05-11 09:31:22,IC2306,IC2306,6164.2,0.0,0.0,0.0,1,6162.8,6164.6,1,6146.2,6155.6,6170.0,6155.6,412.0,507835560.0,111605
2023-05-11 09:31:22,IC2306,IC2306,6163.0,1.0,1232600.0,0.0,1,6162.8,6164.4,1,6146.2,6155.6,6170.0,6155.6,413.0,509068160.0,111605
2023-05-11 09:31:23,IC2306,IC2306,6163.0,0.0,0.0,0.0,1,6162.4,6164.2,2,6146.2,6155.6,6170.0,6155.6,413.0,509068160.0,111605
2023-05-11 09:31:23,IC2306,IC2306,6163.0,0.0,0.0,0.0,1,6162.4,6164.0,3,6146.2,6155.6,6170.0,6155.6,413.0,509068160.0,111605
2023-05-11 09:31:24,IC2306,IC2306,6163.0,0.0,0.0,0.0,2,6162.0,6163.8,1,6146.2,6155.6,6170.0,6155.6,413.0,509068160.0,111605
2023-05-11 09:31:24,IC2306,IC2306,6163.0,0.0,0.0,0.0,1,6162.2,6163.6,1,6146.2,6155.6,6170.0,6155.6,413.0,509068160.0,111605
2023-05-11 09:31:25,IC2306,IC2306,6163.0,0.0,0.0,0.0,1,6161.8,6162.4,1,6146.2,6155.6,6170.0,6155.6,413.0,509068160.0,111605
2023-05-11 09:31:25,IC2306,IC2306,6162.4,1.0,1232480.0,-1.0,2,6162.0,6163.8,1,6146.2,6155.6,6170.0,6155.6,414.0,510300640.0,111604
2023-05-11 09:31:26,IC2306,IC2306,6162.4,0.0,0.0,0.0,1,6162.2,6163.0,1,6146.2,6155.6,6170.0,6155.6,414.0,510300640.0,111604
2023-05-11 09:31:26,IC2306,IC2306,6163.0,1.0,1232600.0,-1.0,1,6162.2,6164.0,1,6146.2,6155.6,6170.0,6155.6,415.0,511533240.0,111603
2023-05-11 09:31:27,IC2306,IC2306,6163.0,0.0,0.0,0.0,2,6162.4,6164.0,1,6146.2,6155.6,6170.0,6155.6,415.0,511533240.0,111603
2023-05-11 09:31:28,IC2306,IC2306,6163.0,0.0,0.0,0.0,3,6162.6,6164.0,1,6146.2,6155.6,6170.0,6155.6,415.0,511533240.0,111603
2023-05-11 09:31:28,IC2306,IC2306,6163.0,0.0,0.0,0.0,1,6162.8,6164.0,3,6146.2,6155.6,6170.0,6155.6,415.0,511533240.0,111603
2023-05-11 09:31:29,IC2306,IC2306,6163.0,0.0,0.0,0.0,1,6162.6,6164.0,3,6146.2,6155.6,6170.0,6155.6,415.0,511533240.0,111603
2023-05-11 09:31:30,IC2306,IC2306,6163.0,0.0,0.0,0.0,1,6162.6,6164.0,5,6146.2,6155.6,6170.0,6155.6,415.0,511533240.0,111603
2023-05-11 09:31:31,IC2306,IC2306,6163.0,0.0,0.0,0.0,1,6162.6,6163.8,1,6146.2,6155.6,6170.0,6155.6,415.0,511533240.0,111603
2023-05-11 09:31:31,IC2306,IC2306,6162.4,2.0,2465000.0,-2.0,1,6162.2,6162.6,1,6146.2,6155.6,6170.0,6155.6,417.0,513998240.0,111601
2023-05-11 09:31:32,IC2306,IC2306,6162.6,1.0,1232520.0,0.0,2,6162.4,6163.8,1,6146.2,6155.6,6170.0,6155.6,418.0,515230760.0,111601
2023-05-11 09:31:32,IC2306,IC2306,6161.8,2.0,2464840.0,-1.0,1,6161.6,6163.4,1,6146.2,6155.6,6170.0,6155.6,420.0,517695600.0,111600
2023-05-11 09:31:33,IC2306,IC2306,6161.8,0.0,0.0,0.0,1,6162.0,6162.2,1,6146.2,6155.6,6170.0,6155.6,420.0,517695600.0,111600
2023-05-11 09:31:33,IC2306,IC2306,6162.0,1.0,1232400.0,-1.0,2,6161.4,6161.8,2,6146.2,6155.6,6170.0,6155.6,421.0,518928000.0,111599
2023-05-11 09:31:34,IC2306,IC2306,6163.2,2.0,2465080.0,-1.0,3,6161.4,6163.2,3,6146.2,6155.6,6170.0,6155.6,423.0,521393080.0,111598
2023-05-11 09:31:34,IC2306,IC2306,6163.2,0.0,0.0,0.0,2,6161.4,6161.6,1,6146.2,6155.6,6170.0,6155.6,423.0,521393080.0,111598
2023-05-11 09:31:35,IC2306,IC2306,6161.4,4.0,4929160.0,-3.0,1,6161.4,6161.6,2,6146.2,6155.6,6170.0,6155.6,427.0,526322240.0,111595
2023-05-11 09:31:35,IC2306,IC2306,6161.6,2.0,2464640.0,-1.0,1,6161.4,6162.2,1,6146.2,6155.6,6170.0,6155.6,429.0,528786880.0,111594
2023-05-11 09:31:37,IC2306,IC2306,6161.4,1.0,1232280.0,-1.0,1,6161.2,6162.2,1,6146.2,6155.6,6170.0,6155.6,430.0,530019160.0,111593
2023-05-11 09:31:37,IC2306,IC2306,6162.2,1.0,1232440.0,0.0,1,6161.6,6162.2,1,6146.2,6155.6,6170.0,6155.6,431.0,531251600.0,111593
2023-05-11 09:31:38,IC2306,IC2306,6162.2,1.0,1232440.0,0.0,2,6161.6,6163.0,1,6146.2,6155.6,6170.0,6155.6,432.0,532484040.0,111593
2023-05-11 09:31:39,IC2306,IC2306,6162.2,0.0,0.0,0.0,1,6161.8,6163.2,1,6146.2,6155.6,6170.0,6155.6,432.0,532484040.0,111593
2023-05-11 09:31:39,IC2306,IC2306,6162.0,1.0,1232400.0,-1.0,2,6161.6,6163.2,1,6146.2,6155.6,6170.0,6155.6,433.0,533716440.0,111592
2023-05-11 09:31:40,IC2306,IC2306,6162.0,1.0,1232400.0,0.0,1,6162.0,6163.0,1,6146.2,6155.6,6170.0,6155.6,434.0,534948840.0,111592
2023-05-11 09:31:40,IC2306,IC2306,6162.0,0.0,0.0,0.0,1,6162.4,6163.0,1,6146.2,6155.6,6170.0,6155.6,434.0,534948840.0,111592
2023-05-11 09:31:41,IC2306,IC2306,6162.0,0.0,0.0,0.0,2,6161.8,6163.0,1,6146.2,6155.6,6170.0,6155.6,434.0,534948840.0,111592
2023-05-11 09:31:41,IC2306,IC2306,6162.0,0.0,0.0,0.0,2,6162.0,6162.8,1,6146.2,6155.6,6170.0,6155.6,434.0,534948840.0,111592
2023-05-11 09:31:42,IC2306,IC2306,6162.0,2.0,2464800.0,0.0,2,6161.6,6162.4,1,6146.2,6155.6,6170.0,6155.6,436.0,537413640.0,111592
2023-05-11 09:31:42,IC2306,IC2306,6162.4,3.0,3697120.0,-2.0,1,6161.2,6162.6,3,6146.2,6155.6,6170.0,6155.6,439.0,541110760.0,111590
2023-05-11 09:31:43,IC2306,IC2306,6162.4,0.0,0.0,0.0,1,6161.2,6162.4,2,6146.2,6155.6,6170.0,6155.6,439.0,541110760.0,111590
2023-05-11 09:31:43,IC2306,IC2306,6162.4,0.0,0.0,0.0,1,6161.2,6162.2,1,6146.2,6155.6,6170.0,6155.6,439.0,541110760.0,111590
2023-05-11 09:31:44,IC2306,IC2306,6161.2,1.0,1232240.0,0.0,1,6160.4,6162.2,1,6146.2,6155.6,6170.0,6155.6,440.0,542343000.0,111590
2023-05-11 09:31:44,IC2306,IC2306,6160.4,1.0,1232080.0,-1.0,1,6159.8,6162.2,1,6146.2,6155.6,6170.0,6155.6,441.0,543575080.0,111589
2023-05-11 09:31:45,IC2306,IC2306,6160.4,0.0,0.0,0.0,1,6160.0,6161.6,1,6146.2,6155.6,6170.0,6155.6,441.0,543575080.0,111589
2023-05-11 09:31:45,IC2306,IC2306,6162.0,6.0,7393880.0,0.0,1,6159.8,6162.0,1,6146.2,6155.6,6170.0,6155.6,447.0,550968960.0,111589
2023-05-11 09:31:46,IC2306,IC2306,6160.0,2.0,2464000.0,-1.0,1,6160.0,6161.8,2,6146.2,6155.6,6170.0,6155.6,449.0,553432960.0,111588
2023-05-11 09:31:46,IC2306,IC2306,6160.0,0.0,0.0,0.0,1,6160.0,6161.6,1,6146.2,6155.6,6170.0,6155.6,449.0,553432960.0,111588
2023-05-11 09:31:47,IC2306,IC2306,6160.0,0.0,0.0,0.0,1,6160.2,6161.4,3,6146.2,6155.6,6170.0,6155.6,449.0,553432960.0,111588
2023-05-11 09:31:47,IC2306,IC2306,6160.8,1.0,1232160.0,0.0,1,6160.0,6161.2,1,6146.2,6155.6,6170.0,6155.6,450.0,554665120.0,111588
2023-05-11 09:31:48,IC2306,IC2306,6160.0,1.0,1232000.0,-1.0,1,6158.8,6160.0,1,6146.2,6155.6,6170.0,6155.6,451.0,555897120.0,111587
2023-05-11 09:31:48,IC2306,IC2306,6160.0,0.0,0.0,0.0,5,6159.0,6160.0,1,6146.2,6155.6,6170.0,6155.6,451.0,555897120.0,111587
2023-05-11 09:31:49,IC2306,IC2306,6160.0,0.0,0.0,0.0,2,6159.0,6160.0,1,6146.2,6155.6,6170.0,6155.6,451.0,555897120.0,111587
2023-05-11 09:31:49,IC2306,IC2306,6160.0,1.0,1232000.0,1.0,1,6159.0,6161.0,1,6146.2,6155.6,6170.0,6155.6,452.0,557129120.0,111588
2023-05-11 09:31:50,IC2306,IC2306,6160.0,0.0,0.0,0.0,3,6159.2,6160.6,2,6146.2,6155.6,6170.0,6155.6,452.0,557129120.0,111588
2023-05-11 09:31:50,IC2306,IC2306,6160.0,0.0,0.0,0.0,3,6159.2,6160.0,1,6146.2,6155.6,6170.0,6155.6,452.0,557129120.0,111588
2023-05-11 09:31:51,IC2306,IC2306,6160.0,0.0,0.0,0.0,2,6159.2,6160.0,1,6146.2,6155.6,6170.0,6155.6,452.0,557129120.0,111588
2023-05-11 09:31:52,IC2306,IC2306,6159.2,1.0,1231840.0,-1.0,1,6159.2,6160.0,1,6146.2,6155.6,6170.0,6155.6,453.0,558360960.0,111587
2023-05-11 09:31:53,IC2306,IC2306,6159.2,0.0,0.0,0.0,1,6159.4,6160.0,1,6146.2,6155.6,6170.0,6155.6,453.0,558360960.0,111587
2023-05-11 09:31:53,IC2306,IC2306,6159.2,1.0,1231840.0,-1.0,1,6158.0,6160.0,1,6146.2,6155.6,6170.0,6155.6,454.0,559592800.0,111586
2023-05-11 09:31:54,IC2306,IC2306,6159.8,1.0,1231960.0,0.0,1,6158.8,6160.0,1,6146.2,6155.6,6170.0,6155.6,455.0,560824760.0,111586
2023-05-11 09:31:54,IC2306,IC2306,6159.8,0.0,0.0,0.0,1,6159.0,6160.0,1,6146.2,6155.6,6170.0,6155.6,455.0,560824760.0,111586
2023-05-11 09:31:55,IC2306,IC2306,6158.8,1.0,1231760.0,-1.0,5,6158.2,6158.8,2,6146.2,6155.6,6170.0,6155.6,456.0,562056520.0,111585
2023-05-11 09:31:55,IC2306,IC2306,6158.8,2.0,2463520.0,-2.0,2,6158.0,6159.8,2,6146.2,6155.6,6170.0,6155.6,458.0,564520040.0,111583
2023-05-11 09:31:56,IC2306,IC2306,6158.8,0.0,0.0,0.0,1,6158.4,6159.6,1,6146.2,6155.6,6170.0,6155.6,458.0,564520040.0,111583
2023-05-11 09:31:56,IC2306,IC2306,6158.8,0.0,0.0,0.0,1,6158.8,6159.2,1,6146.2,6155.6,6170.0,6155.6,458.0,564520040.0,111583
2023-05-11 09:31:57,IC2306,IC2306,6159.2,1.0,1231840.0,-1.0,2,6159.2,6159.8,1,6146.2,6155.6,6170.0,6155.6,459.0,565751880.0,111582
2023-05-11 09:31:58,IC2306,IC2306,6159.8,3.0,3695640.0,-1.0,1,6159.0,6160.0,3,6146.2,6155.6,6170.0,6155.6,462.0,569447520.0,111581
2023-05-11 09:31:59,IC2306,IC2306,6160.0,4.0,4927800.0,-3.0,2,6160.4,6160.8,2,6146.2,6155.6,6170.0,6155.6,466.0,574375320.0,111578
2023-05-11 09:31:59,IC2306,IC2306,6160.2,1.0,1232040.0,-1.0,1,6160.6,6160.8,1,6146.2,6155.6,6170.0,6155.6,467.0,575607360.0,111577
2023-05-11 09:32:00,IC2306,IC2306,6161.6,3.0,3696680.0,-3.0,1,6161.0,6162.0,2,6146.2,6155.6,6170.0,6155.6,470.0,579304040.0,111574
2023-05-11 09:32:00,IC2306,IC2306,6161.8,3.0,3697040.0,-2.0,2,6161.4,6162.0,2,6146.2,6155.6,6170.0,6155.6,473.0,583001080.0,111572
2023-05-11 09:32:01,IC2306,IC2306,6162.0,2.0,2464800.0,-2.0,2,6162.4,6162.6,2,6146.2,6155.6,6170.0,6155.6,475.0,585465880.0,111570
2023-05-11 09:32:01,IC2306,IC2306,6162.4,2.0,2464960.0,-2.0,2,6160.8,6162.2,2,6146.2,6155.6,6170.0,6155.6,477.0,587930840.0,111568
2023-05-11 09:32:02,IC2306,IC2306,6162.4,0.0,0.0,0.0,3,6161.0,6162.4,2,6146.2,6155.6,6170.0,6155.6,477.0,587930840.0,111568
2023-05-11 09:32:02,IC2306,IC2306,6161.0,2.0,2464400.0,-1.0,1,6161.0,6162.2,2,6146.2,6155.6,6170.0,6155.6,479.0,590395240.0,111567
2023-05-11 09:32:03,IC2306,IC2306,6161.0,0.0,0.0,0.0,2,6160.8,6162.0,2,6146.2,6155.6,6170.0,6155.6,479.0,590395240.0,111567
2023-05-11 09:32:03,IC2306,IC2306,6161.0,0.0,0.0,0.0,3,6160.8,6162.0,1,6146.2,6155.6,6170.0,6155.6,479.0,590395240.0,111567
2023-05-11 09:32:04,IC2306,IC2306,6161.0,0.0,0.0,0.0,3,6160.8,6162.2,2,6146.2,6155.6,6170.0,6155.6,479.0,590395240.0,111567
2023-05-11 09:32:04,IC2306,IC2306,6161.0,0.0,0.0,0.0,1,6161.0,6162.2,1,6146.2,6155.6,6170.0,6155.6,479.0,590395240.0,111567
2023-05-11 09:32:05,IC2306,IC2306,6161.0,0.0,0.0,0.0,1,6161.0,6162.0,1,6146.2,6155.6,6170.0,6155.6,479.0,590395240.0,111567
2023-05-11 09:32:06,IC2306,IC2306,6161.0,0.0,0.0,0.0,3,6160.8,6162.0,1,6146.2,6155.6,6170.0,6155.6,479.0,590395240.0,111567
2023-05-11 09:32:06,IC2306,IC2306,6161.6,2.0,2464720.0,0.0,1,6161.0,6162.4,1,6146.2,6155.6,6170.0,6155.6,481.0,592859960.0,111567
2023-05-11 09:32:07,IC2306,IC2306,6161.6,0.0,0.0,0.0,1,6161.0,6163.8,1,6146.2,6155.6,6170.0,6155.6,481.0,592859960.0,111567
2023-05-11 09:32:07,IC2306,IC2306,6161.6,0.0,0.0,0.0,1,6161.4,6163.0,2,6146.2,6155.6,6170.0,6155.6,481.0,592859960.0,111567
2023-05-11 09:32:08,IC2306,IC2306,6161.6,0.0,0.0,0.0,1,6161.4,6162.8,1,6146.2,6155.6,6170.0,6155.6,481.0,592859960.0,111567
2023-05-11 09:32:08,IC2306,IC2306,6161.6,0.0,0.0,0.0,2,6161.6,6163.0,1,6146.2,6155.6,6170.0,6155.6,481.0,592859960.0,111567
2023-05-11 09:32:09,IC2306,IC2306,6161.6,0.0,0.0,0.0,1,6161.8,6163.4,1,6146.2,6155.6,6170.0,6155.6,481.0,592859960.0,111567
2023-05-11 09:32:09,IC2306,IC2306,6161.6,0.0,0.0,0.0,1,6161.8,6163.2,1,6146.2,6155.6,6170.0,6155.6,481.0,592859960.0,111567
2023-05-11 09:32:10,IC2306,IC2306,6161.6,0.0,0.0,0.0,2,6162.4,6163.2,1,6146.2,6155.6,6170.0,6155.6,481.0,592859960.0,111567
2023-05-11 09:32:10,IC2306,IC2306,6161.6,0.0,0.0,0.0,2,6162.4,6163.0,2,6146.2,6155.6,6170.0,6155.6,481.0,592859960.0,111567
2023-05-11 09:32:11,IC2306,IC2306,6162.4,2.0,2464960.0,-2.0,1,6161.6,6163.0,2,6146.2,6155.6,6170.0,6155.6,483.0,595324920.0,111565
2023-05-11 09:32:11,IC2306,IC2306,6162.4,0.0,0.0,0.0,1,6161.6,6162.8,1,6146.2,6155.6,6170.0,6155.6,483.0,595324920.0,111565
2023-05-11 09:32:12,IC2306,IC2306,6162.4,0.0,0.0,0.0,1,6161.6,6162.4,1,6146.2,6155.6,6170.0,6155.6,483.0,595324920.0,111565
2023-05-11 09:32:13,IC2306,IC2306,6162.4,1.0,1232480.0,-1.0,1,6161.4,6162.8,1,6146.2,6155.6,6170.0,6155.6,484.0,596557400.0,111564
2023-05-11 09:32:13,IC2306,IC2306,6162.4,0.0,0.0,0.0,2,6161.4,6162.4,1,6146.2,6155.6,6170.0,6155.6,484.0,596557400.0,111564
2023-05-11 09:32:14,IC2306,IC2306,6162.4,1.0,1232480.0,-1.0,1,6161.4,6162.4,1,6146.2,6155.6,6170.0,6155.6,485.0,597789880.0,111563
2023-05-11 09:32:14,IC2306,IC2306,6162.4,1.0,1232480.0,0.0,1,6161.6,6162.8,1,6146.2,6155.6,6170.0,6155.6,486.0,599022360.0,111563
2023-05-11 09:32:15,IC2306,IC2306,6162.4,0.0,0.0,0.0,1,6161.8,6163.0,3,6146.2,6155.6,6170.0,6155.6,486.0,599022360.0,111563
2023-05-11 09:32:15,IC2306,IC2306,6162.4,0.0,0.0,0.0,1,6162.4,6162.8,1,6146.2,6155.6,6170.0,6155.6,486.0,599022360.0,111563
2023-05-11 09:32:16,IC2306,IC2306,6162.2,2.0,2464920.0,-1.0,1,6161.4,6162.8,1,6146.2,6155.6,6170.0,6155.6,488.0,601487280.0,111562
2023-05-11 09:32:16,IC2306,IC2306,6162.2,0.0,0.0,0.0,1,6161.2,6162.2,1,6146.2,6155.6,6170.0,6155.6,488.0,601487280.0,111562
2023-05-11 09:32:17,IC2306,IC2306,6162.2,0.0,0.0,0.0,2,6161.0,6162.0,1,6146.2,6155.6,6170.0,6155.6,488.0,601487280.0,111562
2023-05-11 09:32:17,IC2306,IC2306,6162.2,0.0,0.0,0.0,1,6161.0,6161.8,1,6146.2,6155.6,6170.0,6155.6,488.0,601487280.0,111562
2023-05-11 09:32:18,IC2306,IC2306,6162.0,2.0,2464800.0,-1.0,1,6161.0,6162.0,1,6146.2,6155.6,6170.0,6155.6,490.0,603952080.0,111561
2023-05-11 09:32:18,IC2306,IC2306,6162.0,0.0,0.0,0.0,1,6161.0,6162.0,2,6146.2,6155.6,6170.0,6155.6,490.0,603952080.0,111561
2023-05-11 09:32:19,IC2306,IC2306,6162.0,0.0,0.0,0.0,1,6161.0,6161.8,1,6146.2,6155.6,6170.0,6155.6,490.0,603952080.0,111561
2023-05-11 09:32:20,IC2306,IC2306,6162.0,0.0,0.0,0.0,1,6161.0,6161.6,1,6146.2,6155.6,6170.0,6155.6,490.0,603952080.0,111561
2023-05-11 09:32:21,IC2306,IC2306,6161.0,1.0,1232200.0,0.0,1,6160.8,6161.6,1,6146.2,6155.6,6170.0,6155.6,491.0,605184280.0,111561
2023-05-11 09:32:21,IC2306,IC2306,6160.8,1.0,1232160.0,-1.0,1,6160.0,6161.4,1,6146.2,6155.6,6170.0,6155.6,492.0,606416440.0,111560
2023-05-11 09:32:22,IC2306,IC2306,6160.8,0.0,0.0,0.0,3,6160.2,6161.2,1,6146.2,6155.6,6170.0,6155.6,492.0,606416440.0,111560
2023-05-11 09:32:22,IC2306,IC2306,6160.8,0.0,0.0,0.0,2,6160.2,6161.2,1,6146.2,6155.6,6170.0,6155.6,492.0,606416440.0,111560
2023-05-11 09:32:23,IC2306,IC2306,6160.8,0.0,0.0,0.0,2,6160.2,6161.4,1,6146.2,6155.6,6170.0,6155.6,492.0,606416440.0,111560
2023-05-11 09:32:23,IC2306,IC2306,6160.2,2.0,2464080.0,-2.0,1,6161.0,6161.4,1,6146.2,6155.6,6170.0,6155.6,494.0,608880520.0,111558
2023-05-11 09:32:24,IC2306,IC2306,6161.0,1.0,1232200.0,-1.0,1,6160.0,6161.0,1,6146.2,6155.6,6170.0,6155.6,495.0,610112720.0,111557
2023-05-11 09:32:24,IC2306,IC2306,6161.0,1.0,1232200.0,0.0,1,6160.0,6161.2,1,6146.2,6155.6,6170.0,6155.6,496.0,611344920.0,111557
2023-05-11 09:32:25,IC2306,IC2306,6160.0,1.0,1232000.0,0.0,1,6158.6,6160.0,1,6146.2,6155.6,6170.0,6155.6,497.0,612576920.0,111557
2023-05-11 09:32:25,IC2306,IC2306,6160.0,1.0,1232000.0,-1.0,1,6159.4,6159.8,1,6146.2,6155.6,6170.0,6155.6,498.0,613808920.0,111556
2023-05-11 09:32:26,IC2306,IC2306,6159.8,1.0,1231960.0,0.0,1,6160.0,6161.4,1,6146.2,6155.6,6170.0,6155.6,499.0,615040880.0,111556
2023-05-11 09:32:26,IC2306,IC2306,6159.8,0.0,0.0,0.0,7,6159.0,6161.0,1,6146.2,6155.6,6170.0,6155.6,499.0,615040880.0,111556
2023-05-11 09:32:27,IC2306,IC2306,6159.8,0.0,0.0,0.0,2,6159.4,6161.0,2,6146.2,6155.6,6170.0,6155.6,499.0,615040880.0,111556
2023-05-11 09:32:27,IC2306,IC2306,6159.8,0.0,0.0,0.0,1,6159.4,6160.8,4,6146.2,6155.6,6170.0,6155.6,499.0,615040880.0,111556
2023-05-11 09:32:28,IC2306,IC2306,6159.8,0.0,0.0,0.0,1,6159.4,6160.4,1,6146.2,6155.6,6170.0,6155.6,499.0,615040880.0,111556
2023-05-11 09:32:28,IC2306,IC2306,6159.8,0.0,0.0,0.0,2,6159.4,6160.6,1,6146.2,6155.6,6170.0,6155.6,499.0,615040880.0,111556
2023-05-11 09:32:29,IC2306,IC2306,6159.6,1.0,1231920.0,0.0,2,6159.4,6160.8,3,6146.2,6155.6,6170.0,6155.6,500.0,616272800.0,111556
2023-05-11 09:32:29,IC2306,IC2306,6159.6,0.0,0.0,0.0,2,6159.4,6160.6,5,6146.2,6155.6,6170.0,6155.6,500.0,616272800.0,111556
2023-05-11 09:32:30,IC2306,IC2306,6159.6,0.0,0.0,0.0,2,6159.4,6160.4,1,6146.2,6155.6,6170.0,6155.6,500.0,616272800.0,111556
2023-05-11 09:32:30,IC2306,IC2306,6159.6,0.0,0.0,0.0,1,6159.8,6160.6,2,6146.2,6155.6,6170.0,6155.6,500.0,616272800.0,111556
2023-05-11 09:32:31,IC2306,IC2306,6159.8,1.0,1231960.0,-1.0,2,6159.4,6160.4,2,6146.2,6155.6,6170.0,6155.6,501.0,617504760.0,111555
2023-05-11 09:32:31,IC2306,IC2306,6159.8,0.0,0.0,0.0,2,6159.4,6160.4,3,6146.2,6155.6,6170.0,6155.6,501.0,617504760.0,111555
2023-05-11 09:32:33,IC2306,IC2306,6159.8,0.0,0.0,0.0,2,6159.4,6159.8,1,6146.2,6155.6,6170.0,6155.6,501.0,617504760.0,111555
2023-05-11 09:32:34,IC2306,IC2306,6159.2,3.0,3695600.0,-3.0,2,6158.8,6159.0,1,6146.2,6155.6,6170.0,6155.6,504.0,621200360.0,111552
2023-05-11 09:32:34,IC2306,IC2306,6158.6,4.0,4926960.0,-4.0,2,6158.0,6158.8,5,6146.2,6155.6,6170.0,6155.6,508.0,626127320.0,111548
2023-05-11 09:32:35,IC2306,IC2306,6158.6,0.0,0.0,0.0,2,6158.0,6158.6,1,6146.2,6155.6,6170.0,6155.6,508.0,626127320.0,111548
2023-05-11 09:32:36,IC2306,IC2306,6158.6,0.0,0.0,0.0,2,6158.0,6158.4,1,6146.2,6155.6,6170.0,6155.6,508.0,626127320.0,111548
2023-05-11 09:32:36,IC2306,IC2306,6158.0,1.0,1231600.0,0.0,1,6158.0,6158.4,1,6146.2,6155.6,6170.0,6155.6,509.0,627358920.0,111548
2023-05-11 09:32:37,IC2306,IC2306,6158.0,1.0,1231600.0,-1.0,1,6157.6,6158.2,3,6146.2,6155.6,6170.0,6155.6,510.0,628590520.0,111547
2023-05-11 09:32:37,IC2306,IC2306,6158.0,0.0,0.0,0.0,1,6157.6,6158.4,1,6146.2,6155.6,6170.0,6155.6,510.0,628590520.0,111547
2023-05-11 09:32:38,IC2306,IC2306,6158.0,0.0,0.0,0.0,1,6157.8,6158.4,1,6146.2,6155.6,6170.0,6155.6,510.0,628590520.0,111547
2023-05-11 09:32:39,IC2306,IC2306,6158.0,0.0,0.0,0.0,1,6157.6,6158.2,1,6146.2,6155.6,6170.0,6155.6,510.0,628590520.0,111547
2023-05-11 09:32:39,IC2306,IC2306,6158.0,0.0,0.0,0.0,1,6157.8,6158.0,2,6146.2,6155.6,6170.0,6155.6,510.0,628590520.0,111547
2023-05-11 09:32:40,IC2306,IC2306,6157.8,1.0,1231560.0,0.0,1,6157.6,6157.8,1,6146.2,6155.6,6170.0,6155.6,511.0,629822080.0,111547
2023-05-11 09:32:40,IC2306,IC2306,6157.8,1.0,1231560.0,-1.0,1,6157.6,6158.0,2,6146.2,6155.6,6170.0,6155.6,512.0,631053640.0,111546
2023-05-11 09:32:41,IC2306,IC2306,6157.6,1.0,1231520.0,0.0,1,6156.8,6158.0,2,6146.2,6155.6,6170.0,6155.6,513.0,632285160.0,111546
2023-05-11 09:32:41,IC2306,IC2306,6157.6,0.0,0.0,0.0,2,6157.2,6158.0,2,6146.2,6155.6,6170.0,6155.6,513.0,632285160.0,111546
2023-05-11 09:32:42,IC2306,IC2306,6157.6,0.0,0.0,0.0,2,6157.0,6157.6,1,6146.2,6155.6,6170.0,6155.6,513.0,632285160.0,111546
2023-05-11 09:32:42,IC2306,IC2306,6157.6,0.0,0.0,0.0,1,6157.4,6157.6,1,6146.2,6155.6,6170.0,6155.6,513.0,632285160.0,111546
2023-05-11 09:32:43,IC2306,IC2306,6157.4,2.0,2463000.0,-1.0,2,6157.0,6158.0,2,6146.2,6155.6,6170.0,6155.6,515.0,634748160.0,111545
2023-05-11 09:32:43,IC2306,IC2306,6157.0,1.0,1231400.0,-1.0,1,6157.0,6158.0,2,6146.2,6155.6,6170.0,6155.6,516.0,635979560.0,111544
2023-05-11 09:32:44,IC2306,IC2306,6157.0,0.0,0.0,0.0,2,6156.0,6156.6,1,6146.2,6155.6,6170.0,6155.6,516.0,635979560.0,111544
2023-05-11 09:32:44,IC2306,IC2306,6156.6,1.0,1231320.0,0.0,5,6157.0,6157.8,1,6146.2,6155.6,6170.0,6155.6,517.0,637210880.0,111544
2023-05-11 09:32:45,IC2306,IC2306,6156.6,0.0,0.0,0.0,3,6157.0,6157.8,1,6146.2,6155.6,6170.0,6155.6,517.0,637210880.0,111544
2023-05-11 09:32:45,IC2306,IC2306,6156.6,0.0,0.0,0.0,4,6157.0,6158.0,2,6146.2,6155.6,6170.0,6155.6,517.0,637210880.0,111544
2023-05-11 09:32:46,IC2306,IC2306,6158.0,3.0,3694800.0,-3.0,1,6157.2,6157.8,1,6146.2,6155.6,6170.0,6155.6,520.0,640905680.0,111541
2023-05-11 09:32:46,IC2306,IC2306,6157.8,1.0,1231560.0,0.0,2,6157.8,6159.6,1,6146.2,6155.6,6170.0,6155.6,521.0,642137240.0,111541
2023-05-11 09:32:47,IC2306,IC2306,6157.8,0.0,0.0,0.0,1,6158.0,6159.0,1,6146.2,6155.6,6170.0,6155.6,521.0,642137240.0,111541
2023-05-11 09:32:47,IC2306,IC2306,6159.0,1.0,1231800.0,1.0,2,6157.8,6159.2,1,6146.2,6155.6,6170.0,6155.6,522.0,643369040.0,111542
2023-05-11 09:32:48,IC2306,IC2306,6159.0,0.0,0.0,0.0,3,6157.8,6159.2,2,6146.2,6155.6,6170.0,6155.6,522.0,643369040.0,111542
2023-05-11 09:32:48,IC2306,IC2306,6159.0,0.0,0.0,0.0,3,6157.8,6159.0,2,6146.2,6155.6,6170.0,6155.6,522.0,643369040.0,111542
2023-05-11 09:32:49,IC2306,IC2306,6158.0,4.0,4927040.0,-2.0,2,6157.8,6159.4,2,6146.2,6155.6,6170.0,6155.6,526.0,648296080.0,111540
2023-05-11 09:32:49,IC2306,IC2306,6159.4,2.0,2463720.0,-2.0,1,6158.2,6159.0,4,6146.2,6155.6,6170.0,6155.6,528.0,650759800.0,111538
2023-05-11 09:32:50,IC2306,IC2306,6159.0,4.0,4927200.0,0.0,1,6158.2,6159.6,1,6146.2,6155.6,6170.0,6155.6,532.0,655687000.0,111538
2023-05-11 09:32:50,IC2306,IC2306,6158.6,1.0,1231720.0,0.0,1,6158.6,6160.6,1,6146.2,6155.6,6170.0,6155.6,533.0,656918720.0,111538
2023-05-11 09:32:51,IC2306,IC2306,6158.6,1.0,1231720.0,-1.0,1,6158.8,6160.4,2,6146.2,6155.6,6170.0,6155.6,534.0,658150440.0,111537
2023-05-11 09:32:51,IC2306,IC2306,6158.6,1.0,1231720.0,0.0,1,6158.6,6160.2,2,6146.2,6155.6,6170.0,6155.6,535.0,659382160.0,111537
2023-05-11 09:32:52,IC2306,IC2306,6158.6,0.0,0.0,0.0,1,6159.0,6159.6,1,6146.2,6155.6,6170.0,6155.6,535.0,659382160.0,111537
2023-05-11 09:32:52,IC2306,IC2306,6158.8,1.0,1231760.0,-1.0,3,6158.4,6158.8,6,6146.2,6155.6,6170.0,6155.6,536.0,660613920.0,111536
2023-05-11 09:32:53,IC2306,IC2306,6158.8,1.0,1231760.0,-1.0,3,6158.6,6158.8,5,6146.2,6155.6,6170.0,6155.6,537.0,661845680.0,111535
2023-05-11 09:32:53,IC2306,IC2306,6158.6,4.0,4926920.0,-3.0,1,6158.0,6158.8,4,6146.2,6155.6,6170.0,6155.6,541.0,666772600.0,111532
2023-05-11 09:32:54,IC2306,IC2306,6158.8,2.0,2463520.0,0.0,1,6158.0,6158.8,2,6146.2,6155.6,6170.0,6155.6,543.0,669236120.0,111532
2023-05-11 09:32:54,IC2306,IC2306,6158.8,0.0,0.0,0.0,1,6158.2,6158.8,2,6146.2,6155.6,6170.0,6155.6,543.0,669236120.0,111532
2023-05-11 09:32:55,IC2306,IC2306,6158.8,0.0,0.0,0.0,2,6158.0,6158.8,2,6146.2,6155.6,6170.0,6155.6,543.0,669236120.0,111532
2023-05-11 09:32:55,IC2306,IC2306,6158.6,1.0,1231720.0,-1.0,2,6158.0,6158.8,2,6146.2,6155.6,6170.0,6155.6,544.0,670467840.0,111531
2023-05-11 09:32:56,IC2306,IC2306,6158.8,2.0,2463520.0,-2.0,1,6158.2,6159.0,1,6146.2,6155.6,6170.0,6155.6,546.0,672931360.0,111529
2023-05-11 09:32:56,IC2306,IC2306,6158.8,0.0,0.0,0.0,1,6158.4,6158.8,1,6146.2,6155.6,6170.0,6155.6,546.0,672931360.0,111529
2023-05-11 09:32:57,IC2306,IC2306,6158.8,1.0,1231760.0,0.0,1,6158.0,6159.0,1,6146.2,6155.6,6170.0,6155.6,547.0,674163120.0,111529
2023-05-11 09:32:57,IC2306,IC2306,6158.8,0.0,0.0,0.0,1,6158.2,6158.6,5,6146.2,6155.6,6170.0,6155.6,547.0,674163120.0,111529
2023-05-11 09:32:58,IC2306,IC2306,6158.2,1.0,1231640.0,0.0,1,6158.0,6158.6,5,6146.2,6155.6,6170.0,6155.6,548.0,675394760.0,111529
2023-05-11 09:32:59,IC2306,IC2306,6158.6,4.0,4926880.0,0.0,1,6158.2,6158.6,1,6146.2,6155.6,6170.0,6155.6,552.0,680321640.0,111529
2023-05-11 09:33:00,IC2306,IC2306,6159.0,2.0,2463520.0,-1.0,1,6158.6,6159.6,1,6146.2,6155.6,6170.0,6155.6,554.0,682785160.0,111528
2023-05-11 09:33:00,IC2306,IC2306,6159.6,1.0,1231920.0,-1.0,1,6159.6,6160.0,1,6146.2,6155.6,6170.0,6155.6,555.0,684017080.0,111527
2023-05-11 09:33:01,IC2306,IC2306,6159.6,1.0,1231920.0,-1.0,2,6158.6,6160.2,1,6146.2,6155.6,6170.0,6155.6,556.0,685249000.0,111526
2023-05-11 09:33:01,IC2306,IC2306,6158.8,1.0,1231760.0,-1.0,2,6158.6,6160.0,2,6146.2,6155.6,6170.0,6155.6,557.0,686480760.0,111525
2023-05-11 09:33:02,IC2306,IC2306,6158.6,2.0,2463440.0,-1.0,1,6158.0,6159.8,3,6146.2,6155.6,6170.0,6155.6,559.0,688944200.0,111524
2023-05-11 09:33:02,IC2306,IC2306,6158.6,0.0,0.0,0.0,1,6158.0,6159.4,3,6146.2,6155.6,6170.0,6155.6,559.0,688944200.0,111524
2023-05-11 09:33:03,IC2306,IC2306,6158.6,0.0,0.0,0.0,1,6158.0,6159.2,5,6146.2,6155.6,6170.0,6155.6,559.0,688944200.0,111524
2023-05-11 09:33:03,IC2306,IC2306,6158.0,1.0,1231600.0,0.0,1,6157.2,6158.8,1,6146.2,6155.6,6170.0,6155.6,560.0,690175800.0,111524
2023-05-11 09:33:04,IC2306,IC2306,6158.0,1.0,1231600.0,-1.0,1,6156.6,6158.6,1,6146.2,6155.6,6170.0,6155.6,561.0,691407400.0,111523
2023-05-11 09:33:04,IC2306,IC2306,6158.0,0.0,0.0,0.0,1,6158.2,6158.4,1,6146.2,6155.6,6170.0,6155.6,561.0,691407400.0,111523
2023-05-11 09:33:05,IC2306,IC2306,6158.2,1.0,1231640.0,-1.0,1,6157.0,6157.2,1,6146.2,6155.6,6170.0,6155.6,562.0,692639040.0,111522
2023-05-11 09:33:05,IC2306,IC2306,6158.2,3.0,3694520.0,-1.0,1,6157.2,6158.6,1,6146.2,6155.6,6170.0,6155.6,565.0,696333560.0,111521
2023-05-11 09:33:06,IC2306,IC2306,6158.2,0.0,0.0,0.0,1,6156.8,6158.6,2,6146.2,6155.6,6170.0,6155.6,565.0,696333560.0,111521
2023-05-11 09:33:06,IC2306,IC2306,6158.2,0.0,0.0,0.0,1,6156.8,6158.4,1,6146.2,6155.6,6170.0,6155.6,565.0,696333560.0,111521
2023-05-11 09:33:07,IC2306,IC2306,6157.0,1.0,1231400.0,0.0,2,6156.8,6158.2,1,6146.2,6155.6,6170.0,6155.6,566.0,697564960.0,111521
2023-05-11 09:33:07,IC2306,IC2306,6156.8,2.0,2462720.0,-2.0,1,6156.6,6156.8,1,6146.2,6155.6,6170.0,6155.6,568.0,700027680.0,111519
2023-05-11 09:33:08,IC2306,IC2306,6156.8,1.0,1231360.0,-1.0,1,6157.0,6158.4,1,6146.2,6155.6,6170.0,6155.6,569.0,701259040.0,111518
2023-05-11 09:33:08,IC2306,IC2306,6156.8,0.0,0.0,0.0,1,6157.2,6158.6,2,6146.2,6155.6,6170.0,6155.6,569.0,701259040.0,111518
2023-05-11 09:33:09,IC2306,IC2306,6156.8,0.0,0.0,0.0,1,6157.2,6158.4,1,6146.2,6155.6,6170.0,6155.6,569.0,701259040.0,111518
2023-05-11 09:33:09,IC2306,IC2306,6156.8,0.0,0.0,0.0,1,6156.6,6158.2,1,6146.2,6155.6,6170.0,6155.6,569.0,701259040.0,111518
2023-05-11 09:33:10,IC2306,IC2306,6156.6,2.0,2462680.0,-2.0,2,6156.2,6158.2,1,6146.2,6155.6,6170.0,6155.6,571.0,703721720.0,111516
2023-05-11 09:33:10,IC2306,IC2306,6156.6,0.0,0.0,0.0,6,6156.4,6158.0,1,6146.2,6155.6,6170.0,6155.6,571.0,703721720.0,111516
2023-05-11 09:33:11,IC2306,IC2306,6156.6,0.0,0.0,0.0,6,6156.4,6158.2,1,6146.2,6155.6,6170.0,6155.6,571.0,703721720.0,111516
2023-05-11 09:33:11,IC2306,IC2306,6156.6,0.0,0.0,0.0,6,6156.4,6158.0,1,6146.2,6155.6,6170.0,6155.6,571.0,703721720.0,111516
2023-05-11 09:33:12,IC2306,IC2306,6156.6,0.0,0.0,0.0,4,6156.4,6157.6,1,6146.2,6155.6,6170.0,6155.6,571.0,703721720.0,111516
2023-05-11 09:33:12,IC2306,IC2306,6157.0,2.0,2462680.0,-2.0,1,6156.2,6157.6,2,6146.2,6155.6,6170.0,6155.6,573.0,706184400.0,111514
2023-05-11 09:33:13,IC2306,IC2306,6157.0,0.0,0.0,0.0,1,6156.2,6157.4,1,6146.2,6155.6,6170.0,6155.6,573.0,706184400.0,111514
2023-05-11 09:33:13,IC2306,IC2306,6157.0,0.0,0.0,0.0,1,6156.2,6157.2,1,6146.2,6155.6,6170.0,6155.6,573.0,706184400.0,111514
2023-05-11 09:33:14,IC2306,IC2306,6157.0,0.0,0.0,0.0,1,6156.4,6157.6,2,6146.2,6155.6,6170.0,6155.6,573.0,706184400.0,111514
2023-05-11 09:33:14,IC2306,IC2306,6157.0,0.0,0.0,0.0,1,6156.6,6157.6,2,6146.2,6155.6,6170.0,6155.6,573.0,706184400.0,111514
2023-05-11 09:33:15,IC2306,IC2306,6157.0,0.0,0.0,0.0,1,6156.8,6157.6,2,6146.2,6155.6,6170.0,6155.6,573.0,706184400.0,111514
2023-05-11 09:33:16,IC2306,IC2306,6157.4,2.0,2462960.0,-2.0,1,6156.8,6157.8,1,6146.2,6155.6,6170.0,6155.6,575.0,708647360.0,111512
2023-05-11 09:33:16,IC2306,IC2306,6157.4,0.0,0.0,0.0,1,6156.6,6157.8,2,6146.2,6155.6,6170.0,6155.6,575.0,708647360.0,111512
2023-05-11 09:33:17,IC2306,IC2306,6156.6,1.0,1231320.0,-1.0,1,6156.6,6157.8,2,6146.2,6155.6,6170.0,6155.6,576.0,709878680.0,111511
2023-05-11 09:33:17,IC2306,IC2306,6156.6,0.0,0.0,0.0,1,6156.6,6157.6,1,6146.2,6155.6,6170.0,6155.6,576.0,709878680.0,111511
2023-05-11 09:33:18,IC2306,IC2306,6157.6,1.0,1231520.0,0.0,1,6156.8,6157.8,2,6146.2,6155.6,6170.0,6155.6,577.0,711110200.0,111511
2023-05-11 09:33:18,IC2306,IC2306,6158.0,3.0,3694720.0,0.0,1,6156.6,6156.8,2,6146.2,6155.6,6170.0,6155.6,580.0,714804920.0,111511
2023-05-11 09:33:19,IC2306,IC2306,6156.8,2.0,2462720.0,-2.0,5,6157.4,6158.2,1,6146.2,6155.6,6170.0,6155.6,582.0,717267640.0,111509
2023-05-11 09:33:19,IC2306,IC2306,6158.4,2.0,2463320.0,0.0,2,6157.4,6158.6,1,6146.2,6155.6,6170.0,6155.6,584.0,719730960.0,111509
2023-05-11 09:33:20,IC2306,IC2306,6158.4,0.0,0.0,0.0,2,6157.4,6159.2,3,6146.2,6155.6,6170.0,6155.6,584.0,719730960.0,111509
2023-05-11 09:33:20,IC2306,IC2306,6157.6,1.0,1231520.0,0.0,2,6157.4,6159.0,1,6146.2,6155.6,6170.0,6155.6,585.0,720962480.0,111509
2023-05-11 09:33:21,IC2306,IC2306,6157.6,0.0,0.0,0.0,1,6158.6,6159.0,1,6146.2,6155.6,6170.0,6155.6,585.0,720962480.0,111509
2023-05-11 09:33:21,IC2306,IC2306,6158.6,1.0,1231720.0,0.0,1,6158.2,6159.0,1,6146.2,6155.6,6170.0,6155.6,586.0,722194200.0,111509
2023-05-11 09:33:22,IC2306,IC2306,6158.6,0.0,0.0,0.0,1,6158.2,6158.8,1,6146.2,6155.6,6170.0,6155.6,586.0,722194200.0,111509
2023-05-11 09:33:22,IC2306,IC2306,6158.2,1.0,1231640.0,0.0,2,6157.0,6158.8,1,6146.2,6155.6,6170.0,6155.6,587.0,723425840.0,111509
2023-05-11 09:33:23,IC2306,IC2306,6158.6,2.0,2463160.0,0.0,2,6157.2,6159.0,1,6146.2,6155.6,6170.0,6155.6,589.0,725889000.0,111509
2023-05-11 09:33:23,IC2306,IC2306,6158.6,0.0,0.0,0.0,2,6156.8,6158.8,3,6146.2,6155.6,6170.0,6155.6,589.0,725889000.0,111509
2023-05-11 09:33:24,IC2306,IC2306,6158.6,0.0,0.0,0.0,1,6156.6,6156.8,2,6146.2,6155.6,6170.0,6155.6,589.0,725889000.0,111509
2023-05-11 09:33:24,IC2306,IC2306,6156.8,2.0,2462720.0,-2.0,3,6156.8,6158.6,3,6146.2,6155.6,6170.0,6155.6,591.0,728351720.0,111507
2023-05-11 09:33:25,IC2306,IC2306,6156.6,1.0,1231320.0,-1.0,1,6156.4,6158.4,6,6146.2,6155.6,6170.0,6155.6,592.0,729583040.0,111506
2023-05-11 09:33:25,IC2306,IC2306,6158.2,2.0,2462920.0,0.0,2,6156.0,6158.2,2,6146.2,6155.6,6170.0,6155.6,594.0,732045960.0,111506
2023-05-11 09:33:26,IC2306,IC2306,6156.4,1.0,1231280.0,0.0,15,6156.2,6156.8,1,6146.2,6155.6,6170.0,6155.6,595.0,733277240.0,111506
2023-05-11 09:33:26,IC2306,IC2306,6156.8,2.0,2462720.0,-2.0,3,6156.8,6158.0,1,6146.2,6155.6,6170.0,6155.6,597.0,735739960.0,111504
2023-05-11 09:33:27,IC2306,IC2306,6156.8,0.0,0.0,0.0,3,6156.8,6158.2,1,6146.2,6155.6,6170.0,6155.6,597.0,735739960.0,111504
2023-05-11 09:33:27,IC2306,IC2306,6156.8,2.0,2462720.0,1.0,1,6156.8,6158.2,1,6146.2,6155.6,6170.0,6155.6,599.0,738202680.0,111505
2023-05-11 09:33:28,IC2306,IC2306,6156.8,1.0,1231360.0,-1.0,1,6156.4,6158.2,1,6146.2,6155.6,6170.0,6155.6,600.0,739434040.0,111504
2023-05-11 09:33:29,IC2306,IC2306,6156.8,0.0,0.0,0.0,12,6156.2,6158.2,2,6146.2,6155.6,6170.0,6155.6,600.0,739434040.0,111504
2023-05-11 09:33:29,IC2306,IC2306,6156.4,2.0,2462560.0,0.0,1,6156.6,6158.2,2,6146.2,6155.6,6170.0,6155.6,602.0,741896600.0,111504
2023-05-11 09:33:30,IC2306,IC2306,6156.4,0.0,0.0,0.0,1,6156.8,6158.2,2,6146.2,6155.6,6170.0,6155.6,602.0,741896600.0,111504
2023-05-11 09:33:30,IC2306,IC2306,6156.4,0.0,0.0,0.0,1,6156.8,6158.2,1,6146.2,6155.6,6170.0,6155.6,602.0,741896600.0,111504
2023-05-11 09:33:31,IC2306,IC2306,6156.4,0.0,0.0,0.0,1,6157.0,6158.2,1,6146.2,6155.6,6170.0,6155.6,602.0,741896600.0,111504
2023-05-11 09:33:31,IC2306,IC2306,6156.4,0.0,0.0,0.0,1,6157.0,6157.8,1,6146.2,6155.6,6170.0,6155.6,602.0,741896600.0,111504
2023-05-11 09:33:32,IC2306,IC2306,6157.0,2.0,2462800.0,-1.0,1,6156.8,6158.0,2,6146.2,6155.6,6170.0,6155.6,604.0,744359400.0,111503
2023-05-11 09:33:33,IC2306,IC2306,6156.8,1.0,1231360.0,1.0,1,6156.4,6157.8,1,6146.2,6155.6,6170.0,6155.6,605.0,745590760.0,111504
2023-05-11 09:33:34,IC2306,IC2306,6156.8,0.0,0.0,0.0,2,6156.4,6157.8,1,6146.2,6155.6,6170.0,6155.6,605.0,745590760.0,111504
2023-05-11 09:33:34,IC2306,IC2306,6157.6,1.0,1231520.0,1.0,1,6156.6,6158.0,1,6146.2,6155.6,6170.0,6155.6,606.0,746822280.0,111505
2023-05-11 09:33:35,IC2306,IC2306,6157.6,0.0,0.0,0.0,2,6156.8,6158.0,1,6146.2,6155.6,6170.0,6155.6,606.0,746822280.0,111505
2023-05-11 09:33:35,IC2306,IC2306,6157.6,0.0,0.0,0.0,1,6156.6,6158.0,1,6146.2,6155.6,6170.0,6155.6,606.0,746822280.0,111505
2023-05-11 09:33:36,IC2306,IC2306,6157.6,0.0,0.0,0.0,2,6156.8,6158.0,1,6146.2,6155.6,6170.0,6155.6,606.0,746822280.0,111505
2023-05-11 09:33:36,IC2306,IC2306,6158.0,1.0,1231600.0,-1.0,3,6157.4,6158.8,2,6146.2,6155.6,6170.0,6155.6,607.0,748053880.0,111504
2023-05-11 09:33:37,IC2306,IC2306,6158.0,0.0,0.0,0.0,1,6157.8,6158.8,1,6146.2,6155.6,6170.0,6155.6,607.0,748053880.0,111504
2023-05-11 09:33:37,IC2306,IC2306,6159.0,2.0,2463560.0,-1.0,1,6157.8,6160.0,1,6146.2,6155.6,6170.0,6155.6,609.0,750517440.0,111503
2023-05-11 09:33:38,IC2306,IC2306,6159.0,0.0,0.0,0.0,9,6158.0,6159.8,2,6146.2,6155.6,6170.0,6155.6,609.0,750517440.0,111503
2023-05-11 09:33:38,IC2306,IC2306,6159.0,0.0,0.0,0.0,7,6158.0,6159.8,2,6146.2,6155.6,6170.0,6155.6,609.0,750517440.0,111503
2023-05-11 09:33:39,IC2306,IC2306,6159.0,0.0,0.0,0.0,7,6158.0,6159.6,2,6146.2,6155.6,6170.0,6155.6,609.0,750517440.0,111503
2023-05-11 09:33:39,IC2306,IC2306,6159.4,1.0,1231880.0,-1.0,1,6158.0,6159.4,1,6146.2,6155.6,6170.0,6155.6,610.0,751749320.0,111502
2023-05-11 09:33:40,IC2306,IC2306,6159.4,0.0,0.0,0.0,1,6158.0,6159.2,1,6146.2,6155.6,6170.0,6155.6,610.0,751749320.0,111502
2023-05-11 09:33:41,IC2306,IC2306,6159.4,0.0,0.0,0.0,2,6157.4,6159.2,1,6146.2,6155.6,6170.0,6155.6,610.0,751749320.0,111502
2023-05-11 09:33:41,IC2306,IC2306,6159.4,0.0,0.0,0.0,2,6157.6,6159.2,1,6146.2,6155.6,6170.0,6155.6,610.0,751749320.0,111502
2023-05-11 09:33:42,IC2306,IC2306,6159.2,1.0,1231840.0,-1.0,1,6157.8,6159.4,1,6146.2,6155.6,6170.0,6155.6,611.0,752981160.0,111501
2023-05-11 09:33:42,IC2306,IC2306,6159.2,0.0,0.0,0.0,1,6157.8,6159.2,1,6146.2,6155.6,6170.0,6155.6,611.0,752981160.0,111501
2023-05-11 09:33:43,IC2306,IC2306,6159.2,0.0,0.0,0.0,1,6157.8,6159.4,2,6146.2,6155.6,6170.0,6155.6,611.0,752981160.0,111501
2023-05-11 09:33:44,IC2306,IC2306,6159.2,0.0,0.0,0.0,1,6157.8,6159.2,1,6146.2,6155.6,6170.0,6155.6,611.0,752981160.0,111501
2023-05-11 09:33:45,IC2306,IC2306,6159.4,3.0,3695600.0,-1.0,5,6158.2,6159.6,2,6146.2,6155.6,6170.0,6155.6,614.0,756676760.0,111500
2023-05-11 09:33:45,IC2306,IC2306,6160.0,3.0,3695920.0,-2.0,3,6158.6,6160.4,1,6146.2,6155.6,6170.0,6155.6,617.0,760372680.0,111498
2023-05-11 09:33:46,IC2306,IC2306,6160.0,1.0,1232000.0,-1.0,2,6159.0,6160.4,1,6146.2,6155.6,6170.0,6155.6,618.0,761604680.0,111497
2023-05-11 09:33:46,IC2306,IC2306,6160.0,0.0,0.0,0.0,2,6159.2,6160.4,1,6146.2,6155.6,6170.0,6155.6,618.0,761604680.0,111497
2023-05-11 09:33:47,IC2306,IC2306,6160.0,0.0,0.0,0.0,2,6159.2,6160.2,1,6146.2,6155.6,6170.0,6155.6,618.0,761604680.0,111497
2023-05-11 09:33:47,IC2306,IC2306,6160.0,0.0,0.0,0.0,2,6159.0,6160.2,1,6146.2,6155.6,6170.0,6155.6,618.0,761604680.0,111497
2023-05-11 09:33:48,IC2306,IC2306,6158.8,1.0,1231760.0,-1.0,7,6158.6,6160.4,1,6146.2,6155.6,6170.0,6155.6,619.0,762836440.0,111496
2023-05-11 09:33:48,IC2306,IC2306,6158.8,0.0,0.0,0.0,1,6158.8,6160.2,1,6146.2,6155.6,6170.0,6155.6,619.0,762836440.0,111496
2023-05-11 09:33:49,IC2306,IC2306,6158.8,0.0,0.0,0.0,1,6158.8,6160.0,2,6146.2,6155.6,6170.0,6155.6,619.0,762836440.0,111496
2023-05-11 09:33:49,IC2306,IC2306,6158.8,0.0,0.0,0.0,1,6158.0,6159.8,1,6146.2,6155.6,6170.0,6155.6,619.0,762836440.0,111496
2023-05-11 09:33:50,IC2306,IC2306,6159.8,1.0,1231960.0,-1.0,2,6158.4,6160.4,1,6146.2,6155.6,6170.0,6155.6,620.0,764068400.0,111495
2023-05-11 09:33:50,IC2306,IC2306,6159.8,0.0,0.0,0.0,1,6158.6,6160.0,2,6146.2,6155.6,6170.0,6155.6,620.0,764068400.0,111495
2023-05-11 09:33:51,IC2306,IC2306,6159.8,0.0,0.0,0.0,2,6158.2,6158.4,1,6146.2,6155.6,6170.0,6155.6,620.0,764068400.0,111495
2023-05-11 09:33:51,IC2306,IC2306,6158.4,1.0,1231680.0,0.0,1,6158.4,6159.8,2,6146.2,6155.6,6170.0,6155.6,621.0,765300080.0,111495
2023-05-11 09:33:52,IC2306,IC2306,6158.4,0.0,0.0,0.0,4,6157.0,6159.6,1,6146.2,6155.6,6170.0,6155.6,621.0,765300080.0,111495
2023-05-11 09:33:52,IC2306,IC2306,6159.6,1.0,1231920.0,1.0,12,6157.6,6159.6,1,6146.2,6155.6,6170.0,6155.6,622.0,766532000.0,111496
2023-05-11 09:33:53,IC2306,IC2306,6159.6,0.0,0.0,0.0,1,6158.0,6159.6,1,6146.2,6155.6,6170.0,6155.6,622.0,766532000.0,111496
2023-05-11 09:33:53,IC2306,IC2306,6159.6,0.0,0.0,0.0,3,6158.2,6159.6,1,6146.2,6155.6,6170.0,6155.6,622.0,766532000.0,111496
2023-05-11 09:33:54,IC2306,IC2306,6159.6,0.0,0.0,0.0,1,6158.4,6159.6,1,6146.2,6155.6,6170.0,6155.6,622.0,766532000.0,111496
2023-05-11 09:33:54,IC2306,IC2306,6159.6,0.0,0.0,0.0,1,6158.6,6159.6,1,6146.2,6155.6,6170.0,6155.6,622.0,766532000.0,111496
2023-05-11 09:33:55,IC2306,IC2306,6159.6,1.0,1231920.0,0.0,1,6160.0,6160.4,1,6146.2,6155.6,6170.0,6155.6,623.0,767763920.0,111496
2023-05-11 09:33:55,IC2306,IC2306,6160.0,1.0,1232000.0,-1.0,1,6158.6,6159.6,4,6146.2,6155.6,6170.0,6155.6,624.0,768995920.0,111495
2023-05-11 09:33:56,IC2306,IC2306,6160.0,0.0,0.0,0.0,1,6158.4,6160.0,4,6146.2,6155.6,6170.0,6155.6,624.0,768995920.0,111495
2023-05-11 09:33:56,IC2306,IC2306,6160.0,0.0,0.0,0.0,1,6158.4,6159.8,1,6146.2,6155.6,6170.0,6155.6,624.0,768995920.0,111495
2023-05-11 09:33:57,IC2306,IC2306,6160.0,0.0,0.0,0.0,2,6158.2,6159.8,2,6146.2,6155.6,6170.0,6155.6,624.0,768995920.0,111495
2023-05-11 09:33:57,IC2306,IC2306,6160.0,0.0,0.0,0.0,3,6157.8,6159.6,4,6146.2,6155.6,6170.0,6155.6,624.0,768995920.0,111495
2023-05-11 09:33:58,IC2306,IC2306,6160.0,0.0,0.0,0.0,1,6157.8,6159.2,1,6146.2,6155.6,6170.0,6155.6,624.0,768995920.0,111495
2023-05-11 09:33:58,IC2306,IC2306,6160.0,0.0,0.0,0.0,1,6157.8,6158.6,2,6146.2,6155.6,6170.0,6155.6,624.0,768995920.0,111495
2023-05-11 09:33:59,IC2306,IC2306,6160.0,0.0,0.0,0.0,1,6157.8,6159.0,1,6146.2,6155.6,6170.0,6155.6,624.0,768995920.0,111495
2023-05-11 09:34:00,IC2306,IC2306,6160.0,0.0,0.0,0.0,1,6157.8,6159.4,1,6146.2,6155.6,6170.0,6155.6,624.0,768995920.0,111495
2023-05-11 09:34:00,IC2306,IC2306,6160.0,1.0,1232000.0,0.0,1,6158.2,6159.8,2,6146.2,6155.6,6170.0,6155.6,625.0,770227920.0,111495
2023-05-11 09:34:01,IC2306,IC2306,6160.0,0.0,0.0,0.0,1,6158.6,6159.8,2,6146.2,6155.6,6170.0,6155.6,625.0,770227920.0,111495
2023-05-11 09:34:01,IC2306,IC2306,6160.0,0.0,0.0,0.0,1,6159.0,6159.8,2,6146.2,6155.6,6170.0,6155.6,625.0,770227920.0,111495
2023-05-11 09:34:02,IC2306,IC2306,6160.0,0.0,0.0,0.0,2,6158.8,6159.8,2,6146.2,6155.6,6170.0,6155.6,625.0,770227920.0,111495
2023-05-11 09:34:02,IC2306,IC2306,6160.0,0.0,0.0,0.0,1,6158.8,6159.6,1,6146.2,6155.6,6170.0,6155.6,625.0,770227920.0,111495
2023-05-11 09:34:03,IC2306,IC2306,6160.0,0.0,0.0,0.0,1,6158.6,6159.6,1,6146.2,6155.6,6170.0,6155.6,625.0,770227920.0,111495
2023-05-11 09:34:03,IC2306,IC2306,6160.0,0.0,0.0,0.0,1,6158.6,6159.8,2,6146.2,6155.6,6170.0,6155.6,625.0,770227920.0,111495
2023-05-11 09:34:04,IC2306,IC2306,6159.0,4.0,4927520.0,-4.0,2,6159.0,6160.0,1,6146.2,6155.6,6170.0,6155.6,629.0,775155440.0,111491
2023-05-11 09:34:04,IC2306,IC2306,6159.0,0.0,0.0,0.0,1,6159.2,6160.6,1,6146.2,6155.6,6170.0,6155.6,629.0,775155440.0,111491
2023-05-11 09:34:05,IC2306,IC2306,6159.0,0.0,0.0,0.0,3,6159.0,6160.6,1,6146.2,6155.6,6170.0,6155.6,629.0,775155440.0,111491
2023-05-11 09:34:05,IC2306,IC2306,6159.0,1.0,1231800.0,-1.0,2,6159.2,6160.6,1,6146.2,6155.6,6170.0,6155.6,630.0,776387240.0,111490
2023-05-11 09:34:06,IC2306,IC2306,6159.0,0.0,0.0,0.0,1,6159.2,6160.6,1,6146.2,6155.6,6170.0,6155.6,630.0,776387240.0,111490
2023-05-11 09:34:06,IC2306,IC2306,6159.0,0.0,0.0,0.0,2,6159.4,6160.6,1,6146.2,6155.6,6170.0,6155.6,630.0,776387240.0,111490
2023-05-11 09:34:07,IC2306,IC2306,6159.0,0.0,0.0,0.0,1,6159.4,6160.4,2,6146.2,6155.6,6170.0,6155.6,630.0,776387240.0,111490
2023-05-11 09:34:08,IC2306,IC2306,6159.0,1.0,1231800.0,0.0,1,6157.8,6160.2,1,6146.2,6155.6,6170.0,6155.6,631.0,777619040.0,111490
2023-05-11 09:34:08,IC2306,IC2306,6159.0,0.0,0.0,0.0,2,6158.6,6160.2,1,6146.2,6155.6,6170.0,6155.6,631.0,777619040.0,111490
2023-05-11 09:34:09,IC2306,IC2306,6159.0,0.0,0.0,0.0,4,6158.8,6160.2,1,6146.2,6155.6,6170.0,6155.6,631.0,777619040.0,111490
2023-05-11 09:34:09,IC2306,IC2306,6160.0,1.0,1232000.0,1.0,3,6158.8,6160.2,1,6146.2,6155.6,6170.0,6155.6,632.0,778851040.0,111491
2023-05-11 09:34:10,IC2306,IC2306,6160.0,0.0,0.0,0.0,3,6158.8,6160.0,1,6146.2,6155.6,6170.0,6155.6,632.0,778851040.0,111491
2023-05-11 09:34:10,IC2306,IC2306,6160.0,0.0,0.0,0.0,3,6158.8,6159.8,1,6146.2,6155.6,6170.0,6155.6,632.0,778851040.0,111491
2023-05-11 09:34:11,IC2306,IC2306,6160.0,0.0,0.0,0.0,1,6159.0,6160.2,1,6146.2,6155.6,6170.0,6155.6,632.0,778851040.0,111491
2023-05-11 09:34:11,IC2306,IC2306,6160.0,0.0,0.0,0.0,1,6159.2,6160.6,2,6146.2,6155.6,6170.0,6155.6,632.0,778851040.0,111491
2023-05-11 09:34:12,IC2306,IC2306,6160.0,0.0,0.0,0.0,1,6159.2,6160.4,2,6146.2,6155.6,6170.0,6155.6,632.0,778851040.0,111491
2023-05-11 09:34:12,IC2306,IC2306,6160.0,0.0,0.0,0.0,1,6159.2,6160.2,1,6146.2,6155.6,6170.0,6155.6,632.0,778851040.0,111491
2023-05-11 09:34:13,IC2306,IC2306,6160.0,0.0,0.0,0.0,3,6159.4,6160.2,1,6146.2,6155.6,6170.0,6155.6,632.0,778851040.0,111491
2023-05-11 09:34:13,IC2306,IC2306,6160.0,0.0,0.0,0.0,1,6159.4,6160.0,1,6146.2,6155.6,6170.0,6155.6,632.0,778851040.0,111491
2023-05-11 09:34:14,IC2306,IC2306,6160.0,0.0,0.0,0.0,2,6158.8,6160.6,2,6146.2,6155.6,6170.0,6155.6,632.0,778851040.0,111491
2023-05-11 09:34:14,IC2306,IC2306,6160.0,0.0,0.0,0.0,1,6159.2,6160.6,2,6146.2,6155.6,6170.0,6155.6,632.0,778851040.0,111491
2023-05-11 09:34:15,IC2306,IC2306,6160.0,0.0,0.0,0.0,1,6159.2,6160.4,1,6146.2,6155.6,6170.0,6155.6,632.0,778851040.0,111491
2023-05-11 09:34:15,IC2306,IC2306,6160.0,0.0,0.0,0.0,2,6159.6,6160.2,1,6146.2,6155.6,6170.0,6155.6,632.0,778851040.0,111491
2023-05-11 09:34:16,IC2306,IC2306,6159.0,4.0,4927480.0,-2.0,2,6158.8,6160.2,1,6146.2,6155.6,6170.0,6155.6,636.0,783778520.0,111489
2023-05-11 09:34:16,IC2306,IC2306,6159.0,0.0,0.0,0.0,1,6159.8,6160.2,1,6146.2,6155.6,6170.0,6155.6,636.0,783778520.0,111489
2023-05-11 09:34:17,IC2306,IC2306,6159.8,1.0,1231960.0,-1.0,2,6158.8,6160.0,1,6146.2,6155.6,6170.0,6155.6,637.0,785010480.0,111488
2023-05-11 09:34:17,IC2306,IC2306,6159.8,0.0,0.0,0.0,4,6158.6,6159.8,2,6146.2,6155.6,6170.0,6155.6,637.0,785010480.0,111488
2023-05-11 09:34:18,IC2306,IC2306,6159.8,0.0,0.0,0.0,4,6158.6,6159.8,3,6146.2,6155.6,6170.0,6155.6,637.0,785010480.0,111488
2023-05-11 09:34:19,IC2306,IC2306,6159.8,0.0,0.0,0.0,4,6158.6,6158.8,1,6146.2,6155.6,6170.0,6155.6,637.0,785010480.0,111488
2023-05-11 09:34:19,IC2306,IC2306,6158.8,1.0,1231760.0,1.0,4,6158.6,6159.6,1,6146.2,6155.6,6170.0,6155.6,638.0,786242240.0,111489
2023-05-11 09:34:20,IC2306,IC2306,6158.8,0.0,0.0,0.0,1,6158.8,6159.4,1,6146.2,6155.6,6170.0,6155.6,638.0,786242240.0,111489
2023-05-11 09:34:20,IC2306,IC2306,6159.2,1.0,1231840.0,0.0,4,6158.6,6159.8,2,6146.2,6155.6,6170.0,6155.6,639.0,787474080.0,111489
2023-05-11 09:34:21,IC2306,IC2306,6159.2,0.0,0.0,0.0,1,6159.0,6159.8,2,6146.2,6155.6,6170.0,6155.6,639.0,787474080.0,111489
2023-05-11 09:34:22,IC2306,IC2306,6159.8,2.0,2463920.0,-2.0,1,6159.2,6160.6,2,6146.2,6155.6,6170.0,6155.6,641.0,789938000.0,111487
2023-05-11 09:34:22,IC2306,IC2306,6159.8,0.0,0.0,0.0,2,6158.8,6160.4,4,6146.2,6155.6,6170.0,6155.6,641.0,789938000.0,111487
2023-05-11 09:34:23,IC2306,IC2306,6159.8,0.0,0.0,0.0,4,6158.6,6160.2,2,6146.2,6155.6,6170.0,6155.6,641.0,789938000.0,111487
2023-05-11 09:34:23,IC2306,IC2306,6159.8,0.0,0.0,0.0,2,6159.4,6160.0,1,6146.2,6155.6,6170.0,6155.6,641.0,789938000.0,111487
2023-05-11 09:34:24,IC2306,IC2306,6159.8,0.0,0.0,0.0,1,6159.0,6160.4,1,6146.2,6155.6,6170.0,6155.6,641.0,789938000.0,111487
2023-05-11 09:34:24,IC2306,IC2306,6159.8,0.0,0.0,0.0,1,6159.2,6160.4,1,6146.2,6155.6,6170.0,6155.6,641.0,789938000.0,111487
2023-05-11 09:34:25,IC2306,IC2306,6159.8,0.0,0.0,0.0,2,6158.8,6160.4,1,6146.2,6155.6,6170.0,6155.6,641.0,789938000.0,111487
2023-05-11 09:34:25,IC2306,IC2306,6159.8,0.0,0.0,0.0,1,6159.0,6160.4,2,6146.2,6155.6,6170.0,6155.6,641.0,789938000.0,111487
2023-05-11 09:34:27,IC2306,IC2306,6159.8,0.0,0.0,0.0,2,6158.8,6160.4,2,6146.2,6155.6,6170.0,6155.6,641.0,789938000.0,111487
2023-05-11 09:34:27,IC2306,IC2306,6159.8,0.0,0.0,0.0,1,6158.8,6160.2,1,6146.2,6155.6,6170.0,6155.6,641.0,789938000.0,111487
2023-05-11 09:34:28,IC2306,IC2306,6160.0,1.0,1232000.0,0.0,4,6158.6,6160.2,2,6146.2,6155.6,6170.0,6155.6,642.0,791170000.0,111487
2023-05-11 09:34:28,IC2306,IC2306,6160.0,0.0,0.0,0.0,1,6158.8,6160.2,1,6146.2,6155.6,6170.0,6155.6,642.0,791170000.0,111487
2023-05-11 09:34:29,IC2306,IC2306,6160.0,0.0,0.0,0.0,2,6158.8,6160.2,1,6146.2,6155.6,6170.0,6155.6,642.0,791170000.0,111487
2023-05-11 09:34:29,IC2306,IC2306,6160.0,0.0,0.0,0.0,1,6159.0,6160.0,1,6146.2,6155.6,6170.0,6155.6,642.0,791170000.0,111487
2023-05-11 09:34:31,IC2306,IC2306,6160.0,0.0,0.0,0.0,1,6159.2,6160.0,1,6146.2,6155.6,6170.0,6155.6,642.0,791170000.0,111487
2023-05-11 09:34:32,IC2306,IC2306,6160.0,0.0,0.0,0.0,4,6158.6,6160.0,1,6146.2,6155.6,6170.0,6155.6,642.0,791170000.0,111487
2023-05-11 09:34:32,IC2306,IC2306,6160.0,0.0,0.0,0.0,2,6158.8,6160.0,1,6146.2,6155.6,6170.0,6155.6,642.0,791170000.0,111487
2023-05-11 09:34:33,IC2306,IC2306,6160.0,0.0,0.0,0.0,1,6158.8,6160.0,1,6146.2,6155.6,6170.0,6155.6,642.0,791170000.0,111487
2023-05-11 09:34:34,IC2306,IC2306,6160.0,0.0,0.0,0.0,4,6158.6,6160.0,1,6146.2,6155.6,6170.0,6155.6,642.0,791170000.0,111487
2023-05-11 09:34:34,IC2306,IC2306,6160.0,0.0,0.0,0.0,4,6158.6,6159.8,3,6146.2,6155.6,6170.0,6155.6,642.0,791170000.0,111487
2023-05-11 09:34:35,IC2306,IC2306,6160.0,0.0,0.0,0.0,4,6158.6,6159.8,4,6146.2,6155.6,6170.0,6155.6,642.0,791170000.0,111487
2023-05-11 09:34:35,IC2306,IC2306,6160.0,0.0,0.0,0.0,4,6158.6,6159.8,3,6146.2,6155.6,6170.0,6155.6,642.0,791170000.0,111487
2023-05-11 09:34:36,IC2306,IC2306,6160.0,1.0,1232000.0,-1.0,4,6158.6,6159.8,2,6146.2,6155.6,6170.0,6155.6,643.0,792402000.0,111486
2023-05-11 09:34:36,IC2306,IC2306,6160.0,0.0,0.0,0.0,4,6158.6,6159.8,1,6146.2,6155.6,6170.0,6155.6,643.0,792402000.0,111486
2023-05-11 09:34:37,IC2306,IC2306,6160.0,0.0,0.0,0.0,4,6158.6,6160.0,2,6146.2,6155.6,6170.0,6155.6,643.0,792402000.0,111486
2023-05-11 09:34:37,IC2306,IC2306,6160.0,0.0,0.0,0.0,2,6158.8,6160.0,2,6146.2,6155.6,6170.0,6155.6,643.0,792402000.0,111486
2023-05-11 09:34:38,IC2306,IC2306,6160.0,2.0,2464000.0,-2.0,2,6158.8,6160.0,1,6146.2,6155.6,6170.0,6155.6,645.0,794866000.0,111484
2023-05-11 09:34:38,IC2306,IC2306,6160.0,1.0,1232000.0,-1.0,4,6159.0,6160.2,2,6146.2,6155.6,6170.0,6155.6,646.0,796098000.0,111483
2023-05-11 09:34:39,IC2306,IC2306,6160.0,0.0,0.0,0.0,1,6159.2,6160.0,1,6146.2,6155.6,6170.0,6155.6,646.0,796098000.0,111483
2023-05-11 09:34:39,IC2306,IC2306,6160.0,1.0,1232000.0,-1.0,1,6159.4,6160.2,2,6146.2,6155.6,6170.0,6155.6,647.0,797330000.0,111482
2023-05-11 09:34:40,IC2306,IC2306,6160.0,0.0,0.0,0.0,1,6159.6,6160.2,2,6146.2,6155.6,6170.0,6155.6,647.0,797330000.0,111482
2023-05-11 09:34:40,IC2306,IC2306,6160.2,2.0,2464080.0,-2.0,1,6159.8,6160.6,2,6146.2,6155.6,6170.0,6155.6,649.0,799794080.0,111480
2023-05-11 09:34:41,IC2306,IC2306,6160.2,0.0,0.0,0.0,2,6159.8,6160.0,1,6146.2,6155.6,6170.0,6155.6,649.0,799794080.0,111480
2023-05-11 09:34:41,IC2306,IC2306,6160.0,1.0,1232000.0,0.0,1,6160.2,6160.6,2,6146.2,6155.6,6170.0,6155.6,650.0,801026080.0,111480
2023-05-11 09:34:42,IC2306,IC2306,6160.0,2.0,2464040.0,-2.0,2,6159.0,6160.6,2,6146.2,6155.6,6170.0,6155.6,652.0,803490120.0,111478
2023-05-11 09:34:42,IC2306,IC2306,6160.0,0.0,0.0,0.0,1,6159.4,6160.6,2,6146.2,6155.6,6170.0,6155.6,652.0,803490120.0,111478
2023-05-11 09:34:43,IC2306,IC2306,6160.0,1.0,1232000.0,-1.0,1,6159.4,6160.4,1,6146.2,6155.6,6170.0,6155.6,653.0,804722120.0,111477
2023-05-11 09:34:44,IC2306,IC2306,6160.0,0.0,0.0,0.0,1,6159.6,6160.4,1,6146.2,6155.6,6170.0,6155.6,653.0,804722120.0,111477
2023-05-11 09:34:44,IC2306,IC2306,6160.0,2.0,2463920.0,1.0,1,6159.4,6160.2,1,6146.2,6155.6,6170.0,6155.6,655.0,807186040.0,111478
2023-05-11 09:34:45,IC2306,IC2306,6160.0,0.0,0.0,0.0,1,6159.4,6160.4,2,6146.2,6155.6,6170.0,6155.6,655.0,807186040.0,111478
2023-05-11 09:34:45,IC2306,IC2306,6160.4,2.0,2463960.0,0.0,1,6158.8,6160.4,1,6146.2,6155.6,6170.0,6155.6,657.0,809650000.0,111478
2023-05-11 09:34:46,IC2306,IC2306,6160.4,0.0,0.0,0.0,1,6158.8,6159.4,1,6146.2,6155.6,6170.0,6155.6,657.0,809650000.0,111478
2023-05-11 09:34:46,IC2306,IC2306,6160.4,0.0,0.0,0.0,1,6159.0,6159.4,1,6146.2,6155.6,6170.0,6155.6,657.0,809650000.0,111478
2023-05-11 09:34:47,IC2306,IC2306,6160.4,0.0,0.0,0.0,4,6158.6,6159.4,1,6146.2,6155.6,6170.0,6155.6,657.0,809650000.0,111478
2023-05-11 09:34:47,IC2306,IC2306,6160.4,0.0,0.0,0.0,1,6158.8,6159.4,1,6146.2,6155.6,6170.0,6155.6,657.0,809650000.0,111478
2023-05-11 09:34:48,IC2306,IC2306,6160.4,0.0,0.0,0.0,4,6158.6,6159.4,1,6146.2,6155.6,6170.0,6155.6,657.0,809650000.0,111478
2023-05-11 09:34:48,IC2306,IC2306,6158.6,1.0,1231720.0,-1.0,3,6158.6,6159.4,1,6146.2,6155.6,6170.0,6155.6,658.0,810881720.0,111477
2023-05-11 09:34:49,IC2306,IC2306,6158.6,0.0,0.0,0.0,3,6158.6,6159.2,2,6146.2,6155.6,6170.0,6155.6,658.0,810881720.0,111477
2023-05-11 09:34:50,IC2306,IC2306,6158.6,0.0,0.0,0.0,13,6158.6,6159.2,2,6146.2,6155.6,6170.0,6155.6,658.0,810881720.0,111477
2023-05-11 09:34:51,IC2306,IC2306,6158.6,0.0,0.0,0.0,13,6158.6,6159.4,1,6146.2,6155.6,6170.0,6155.6,658.0,810881720.0,111477
2023-05-11 09:34:51,IC2306,IC2306,6158.6,0.0,0.0,0.0,1,6158.8,6159.2,2,6146.2,6155.6,6170.0,6155.6,658.0,810881720.0,111477
2023-05-11 09:34:52,IC2306,IC2306,6159.2,2.0,2463680.0,-2.0,13,6158.6,6159.4,1,6146.2,6155.6,6170.0,6155.6,660.0,813345400.0,111475
2023-05-11 09:34:52,IC2306,IC2306,6159.2,0.0,0.0,0.0,13,6158.6,6159.2,2,6146.2,6155.6,6170.0,6155.6,660.0,813345400.0,111475
2023-05-11 09:34:53,IC2306,IC2306,6159.2,0.0,0.0,0.0,13,6158.6,6159.0,1,6146.2,6155.6,6170.0,6155.6,660.0,813345400.0,111475
2023-05-11 09:34:54,IC2306,IC2306,6159.2,0.0,0.0,0.0,13,6158.6,6158.8,1,6146.2,6155.6,6170.0,6155.6,660.0,813345400.0,111475
2023-05-11 09:34:55,IC2306,IC2306,6159.2,0.0,0.0,0.0,13,6158.6,6158.8,2,6146.2,6155.6,6170.0,6155.6,660.0,813345400.0,111475
2023-05-11 09:34:55,IC2306,IC2306,6158.6,1.0,1231720.0,-1.0,13,6158.6,6158.8,2,6146.2,6155.6,6170.0,6155.6,661.0,814577120.0,111474
2023-05-11 09:34:56,IC2306,IC2306,6158.6,1.0,1231720.0,0.0,12,6158.6,6158.8,2,6146.2,6155.6,6170.0,6155.6,662.0,815808840.0,111474
2023-05-11 09:34:57,IC2306,IC2306,6158.6,2.0,2463440.0,-2.0,10,6158.6,6158.8,2,6146.2,6155.6,6170.0,6155.6,664.0,818272280.0,111472
2023-05-11 09:34:57,IC2306,IC2306,6158.6,12.0,14780680.0,-11.0,1,6158.0,6158.8,1,6146.2,6155.6,6170.0,6155.6,676.0,833052960.0,111461
2023-05-11 09:34:58,IC2306,IC2306,6158.0,1.0,1231600.0,0.0,1,6157.8,6158.8,1,6146.2,6155.6,6170.0,6155.6,677.0,834284560.0,111461
2023-05-11 09:34:59,IC2306,IC2306,6158.0,0.0,0.0,0.0,1,6157.8,6158.6,1,6146.2,6155.6,6170.0,6155.6,677.0,834284560.0,111461
2023-05-11 09:34:59,IC2306,IC2306,6158.0,0.0,0.0,0.0,1,6157.8,6158.8,1,6146.2,6155.6,6170.0,6155.6,677.0,834284560.0,111461
2023-05-11 09:35:00,IC2306,IC2306,6158.6,1.0,1231720.0,0.0,1,6157.8,6158.6,2,6146.2,6155.6,6170.0,6155.6,678.0,835516280.0,111461
2023-05-11 09:35:00,IC2306,IC2306,6157.8,1.0,1231560.0,-1.0,1,6157.6,6158.4,1,6146.2,6155.6,6170.0,6155.6,679.0,836747840.0,111460
2023-05-11 09:35:01,IC2306,IC2306,6157.6,1.0,1231520.0,-1.0,2,6157.0,6158.2,1,6146.2,6155.6,6170.0,6155.6,680.0,837979360.0,111459
2023-05-11 09:35:01,IC2306,IC2306,6157.0,2.0,2462800.0,-2.0,1,6156.4,6157.8,2,6146.2,6155.6,6170.0,6155.6,682.0,840442160.0,111457
2023-05-11 09:35:02,IC2306,IC2306,6156.4,1.0,1231280.0,-1.0,2,6156.0,6157.4,1,6146.2,6155.6,6170.0,6155.6,683.0,841673440.0,111456
2023-05-11 09:35:02,IC2306,IC2306,6156.0,2.0,2462400.0,-2.0,1,6155.8,6157.2,2,6146.2,6155.6,6170.0,6155.6,685.0,844135840.0,111454
2023-05-11 09:35:03,IC2306,IC2306,6155.8,1.0,1231160.0,-1.0,6,6155.0,6157.0,5,6146.2,6155.6,6170.0,6155.6,686.0,845367000.0,111453
2023-05-11 09:35:03,IC2306,IC2306,6155.8,0.0,0.0,0.0,6,6155.0,6156.8,3,6146.2,6155.6,6170.0,6155.6,686.0,845367000.0,111453
2023-05-11 09:35:04,IC2306,IC2306,6155.8,0.0,0.0,0.0,6,6155.0,6156.4,1,6146.2,6155.6,6170.0,6155.6,686.0,845367000.0,111453
2023-05-11 09:35:04,IC2306,IC2306,6155.8,0.0,0.0,0.0,6,6155.0,6155.2,1,6146.2,6155.6,6170.0,6155.6,686.0,845367000.0,111453
2023-05-11 09:35:05,IC2306,IC2306,6155.0,2.0,2462040.0,-2.0,5,6155.0,6155.2,1,6146.2,6155.6,6170.0,6155.0,688.0,847829040.0,111451
2023-05-11 09:35:05,IC2306,IC2306,6154.8,6.0,7385960.0,-1.0,1,6153.4,6155.0,1,6146.2,6155.6,6170.0,6154.8,694.0,855215000.0,111450
2023-05-11 09:35:06,IC2306,IC2306,6153.6,1.0,1230720.0,-1.0,2,6153.6,6154.8,1,6146.2,6155.6,6170.0,6153.6,695.0,856445720.0,111449
2023-05-11 09:35:06,IC2306,IC2306,6153.8,1.0,1230760.0,0.0,1,6152.2,6154.4,1,6146.2,6155.6,6170.0,6153.6,696.0,857676480.0,111449
2023-05-11 09:35:07,IC2306,IC2306,6153.0,1.0,1230600.0,-1.0,1,6153.0,6154.2,1,6146.2,6155.6,6170.0,6153.0,697.0,858907080.0,111448
2023-05-11 09:35:07,IC2306,IC2306,6153.0,0.0,0.0,0.0,4,6152.4,6154.0,3,6146.2,6155.6,6170.0,6153.0,697.0,858907080.0,111448
2023-05-11 09:35:08,IC2306,IC2306,6153.0,0.0,0.0,0.0,1,6152.8,6153.8,1,6146.2,6155.6,6170.0,6153.0,697.0,858907080.0,111448
2023-05-11 09:35:08,IC2306,IC2306,6153.0,1.0,1230600.0,0.0,1,6152.8,6154.0,2,6146.2,6155.6,6170.0,6153.0,698.0,860137680.0,111448
2023-05-11 09:35:09,IC2306,IC2306,6153.6,3.0,3692280.0,-3.0,8,6153.8,6155.0,1,6146.2,6155.6,6170.0,6153.0,701.0,863829960.0,111445
2023-05-11 09:35:09,IC2306,IC2306,6153.6,0.0,0.0,0.0,1,6155.8,6156.4,1,6146.2,6155.6,6170.0,6153.0,701.0,863829960.0,111445
2023-05-11 09:35:10,IC2306,IC2306,6155.8,1.0,1231160.0,0.0,2,6155.4,6155.8,2,6146.2,6155.6,6170.0,6153.0,702.0,865061120.0,111445
2023-05-11 09:35:10,IC2306,IC2306,6156.0,2.0,2462360.0,-1.0,2,6155.4,6156.4,2,6146.2,6155.6,6170.0,6153.0,704.0,867523480.0,111444
2023-05-11 09:35:11,IC2306,IC2306,6156.4,2.0,2462560.0,-1.0,3,6155.8,6158.0,1,6146.2,6155.6,6170.0,6153.0,706.0,869986040.0,111443
2023-05-11 09:35:11,IC2306,IC2306,6156.4,0.0,0.0,0.0,1,6156.0,6156.4,1,6146.2,6155.6,6170.0,6153.0,706.0,869986040.0,111443
2023-05-11 09:35:12,IC2306,IC2306,6156.6,3.0,3693880.0,-2.0,1,6156.4,6157.6,2,6146.2,6155.6,6170.0,6153.0,709.0,873679920.0,111441
2023-05-11 09:35:12,IC2306,IC2306,6156.4,1.0,1231280.0,0.0,1,6155.6,6157.2,1,6146.2,6155.6,6170.0,6153.0,710.0,874911200.0,111441
2023-05-11 09:35:13,IC2306,IC2306,6156.4,0.0,0.0,0.0,4,6155.8,6157.0,2,6146.2,6155.6,6170.0,6153.0,710.0,874911200.0,111441
2023-05-11 09:35:13,IC2306,IC2306,6156.4,0.0,0.0,0.0,2,6156.0,6157.6,1,6146.2,6155.6,6170.0,6153.0,710.0,874911200.0,111441
2023-05-11 09:35:14,IC2306,IC2306,6156.4,0.0,0.0,0.0,5,6156.2,6157.6,1,6146.2,6155.6,6170.0,6153.0,710.0,874911200.0,111441
2023-05-11 09:35:14,IC2306,IC2306,6156.4,0.0,0.0,0.0,1,6156.4,6157.6,1,6146.2,6155.6,6170.0,6153.0,710.0,874911200.0,111441
2023-05-11 09:35:15,IC2306,IC2306,6156.4,0.0,0.0,0.0,1,6156.6,6158.6,2,6146.2,6155.6,6170.0,6153.0,710.0,874911200.0,111441
2023-05-11 09:35:15,IC2306,IC2306,6156.4,0.0,0.0,0.0,1,6156.6,6158.2,1,6146.2,6155.6,6170.0,6153.0,710.0,874911200.0,111441
2023-05-11 09:35:16,IC2306,IC2306,6156.4,2.0,2462560.0,-1.0,1,6156.4,6158.0,2,6146.2,6155.6,6170.0,6153.0,712.0,877373760.0,111440
2023-05-11 09:35:16,IC2306,IC2306,6155.4,5.0,6155880.0,-3.0,1,6155.4,6157.8,1,6146.2,6155.6,6170.0,6153.0,717.0,883529640.0,111437
2023-05-11 09:35:17,IC2306,IC2306,6155.4,0.0,0.0,0.0,1,6156.0,6157.6,3,6146.2,6155.6,6170.0,6153.0,717.0,883529640.0,111437
2023-05-11 09:35:17,IC2306,IC2306,6155.4,0.0,0.0,0.0,1,6156.2,6156.4,3,6146.2,6155.6,6170.0,6153.0,717.0,883529640.0,111437
2023-05-11 09:35:18,IC2306,IC2306,6156.4,6.0,7387640.0,-3.0,10,6156.4,6156.6,1,6146.2,6155.6,6170.0,6153.0,723.0,890917280.0,111434
2023-05-11 09:35:18,IC2306,IC2306,6156.4,4.0,4925160.0,-4.0,7,6156.4,6157.4,1,6146.2,6155.6,6170.0,6153.0,727.0,895842440.0,111430
2023-05-11 09:35:19,IC2306,IC2306,6156.4,0.0,0.0,0.0,7,6156.4,6156.8,1,6146.2,6155.6,6170.0,6153.0,727.0,895842440.0,111430
2023-05-11 09:35:19,IC2306,IC2306,6156.8,8.0,9850320.0,-5.0,2,6155.6,6157.0,1,6146.2,6155.6,6170.0,6153.0,735.0,905692760.0,111425
2023-05-11 09:35:20,IC2306,IC2306,6156.8,0.0,0.0,0.0,3,6155.6,6156.8,2,6146.2,6155.6,6170.0,6153.0,735.0,905692760.0,111425
2023-05-11 09:35:20,IC2306,IC2306,6155.4,3.0,3693320.0,-3.0,5,6155.6,6156.4,1,6146.2,6155.6,6170.0,6153.0,738.0,909386080.0,111422
2023-05-11 09:35:21,IC2306,IC2306,6155.6,8.0,9848880.0,-5.0,8,6153.8,6155.6,1,6146.2,6155.6,6170.0,6153.0,746.0,919234960.0,111417
2023-05-11 09:35:21,IC2306,IC2306,6154.2,1.0,1230840.0,0.0,3,6154.0,6155.6,1,6146.2,6155.6,6170.0,6153.0,747.0,920465800.0,111417
2023-05-11 09:35:22,IC2306,IC2306,6155.6,1.0,1231120.0,0.0,3,6154.2,6156.2,2,6146.2,6155.6,6170.0,6153.0,748.0,921696920.0,111417
2023-05-11 09:35:22,IC2306,IC2306,6155.6,0.0,0.0,0.0,2,6154.4,6156.2,2,6146.2,6155.6,6170.0,6153.0,748.0,921696920.0,111417
2023-05-11 09:35:23,IC2306,IC2306,6155.6,0.0,0.0,0.0,1,6154.4,6156.0,4,6146.2,6155.6,6170.0,6153.0,748.0,921696920.0,111417
2023-05-11 09:35:23,IC2306,IC2306,6155.6,0.0,0.0,0.0,4,6154.0,6156.0,4,6146.2,6155.6,6170.0,6153.0,748.0,921696920.0,111417
2023-05-11 09:35:24,IC2306,IC2306,6155.6,0.0,0.0,0.0,2,6154.0,6155.6,1,6146.2,6155.6,6170.0,6153.0,748.0,921696920.0,111417
2023-05-11 09:35:24,IC2306,IC2306,6155.6,0.0,0.0,0.0,2,6154.0,6154.2,1,6146.2,6155.6,6170.0,6153.0,748.0,921696920.0,111417
2023-05-11 09:35:25,IC2306,IC2306,6154.2,2.0,2461640.0,-2.0,10,6153.8,6155.4,2,6146.2,6155.6,6170.0,6153.0,750.0,924158560.0,111415
2023-05-11 09:35:25,IC2306,IC2306,6154.2,0.0,0.0,0.0,10,6153.8,6155.0,4,6146.2,6155.6,6170.0,6153.0,750.0,924158560.0,111415
2023-05-11 09:35:26,IC2306,IC2306,6154.2,0.0,0.0,0.0,10,6153.8,6154.8,2,6146.2,6155.6,6170.0,6153.0,750.0,924158560.0,111415
2023-05-11 09:35:26,IC2306,IC2306,6155.0,6.0,7385920.0,-2.0,4,6155.0,6155.2,4,6146.2,6155.6,6170.0,6153.0,756.0,931544480.0,111413
2023-05-11 09:35:27,IC2306,IC2306,6155.0,4.0,4924000.0,-4.0,10,6153.8,6155.0,7,6146.2,6155.6,6170.0,6153.0,760.0,936468480.0,111409
2023-05-11 09:35:27,IC2306,IC2306,6155.0,0.0,0.0,0.0,1,6154.4,6155.8,1,6146.2,6155.6,6170.0,6153.0,760.0,936468480.0,111409
2023-05-11 09:35:28,IC2306,IC2306,6154.6,1.0,1230920.0,-1.0,3,6154.0,6155.6,2,6146.2,6155.6,6170.0,6153.0,761.0,937699400.0,111408
2023-05-11 09:35:28,IC2306,IC2306,6154.6,0.0,0.0,0.0,1,6154.2,6155.4,2,6146.2,6155.6,6170.0,6153.0,761.0,937699400.0,111408
2023-05-11 09:35:29,IC2306,IC2306,6154.6,0.0,0.0,0.0,1,6154.4,6155.6,1,6146.2,6155.6,6170.0,6153.0,761.0,937699400.0,111408
2023-05-11 09:35:30,IC2306,IC2306,6154.6,0.0,0.0,0.0,1,6154.0,6155.4,4,6146.2,6155.6,6170.0,6153.0,761.0,937699400.0,111408
2023-05-11 09:35:31,IC2306,IC2306,6154.6,0.0,0.0,0.0,1,6154.2,6155.4,5,6146.2,6155.6,6170.0,6153.0,761.0,937699400.0,111408
2023-05-11 09:35:31,IC2306,IC2306,6154.2,1.0,1230840.0,0.0,1,6154.2,6155.4,2,6146.2,6155.6,6170.0,6153.0,762.0,938930240.0,111408
2023-05-11 09:35:34,IC2306,IC2306,6154.2,0.0,0.0,0.0,1,6154.2,6154.4,5,6146.2,6155.6,6170.0,6153.0,762.0,938930240.0,111408
2023-05-11 09:35:37,IC2306,IC2306,6153.8,6.0,7384800.0,-3.0,7,6153.8,6154.4,4,6146.2,6155.6,6170.0,6153.0,768.0,946315040.0,111405
2023-05-11 09:35:37,IC2306,IC2306,6153.8,8.0,9846080.0,-7.0,10,6153.2,6154.0,2,6146.2,6155.6,6170.0,6153.0,776.0,956161120.0,111398
2023-05-11 09:35:38,IC2306,IC2306,6153.2,2.0,2461280.0,-2.0,8,6153.2,6153.8,1,6146.2,6155.6,6170.0,6153.0,778.0,958622400.0,111396
2023-05-11 09:35:38,IC2306,IC2306,6153.2,8.0,9845120.0,-7.0,1,6152.8,6153.6,3,6146.2,6155.6,6170.0,6153.0,786.0,968467520.0,111389
2023-05-11 09:35:39,IC2306,IC2306,6153.2,0.0,0.0,0.0,2,6152.0,6153.4,2,6146.2,6155.6,6170.0,6153.0,786.0,968467520.0,111389
2023-05-11 09:35:39,IC2306,IC2306,6153.2,0.0,0.0,0.0,1,6152.2,6153.6,1,6146.2,6155.6,6170.0,6153.0,786.0,968467520.0,111389
2023-05-11 09:35:40,IC2306,IC2306,6153.2,0.0,0.0,0.0,2,6152.0,6153.4,2,6146.2,6155.6,6170.0,6153.0,786.0,968467520.0,111389
2023-05-11 09:35:40,IC2306,IC2306,6153.2,0.0,0.0,0.0,2,6152.0,6153.2,4,6146.2,6155.6,6170.0,6153.0,786.0,968467520.0,111389
2023-05-11 09:35:41,IC2306,IC2306,6153.2,0.0,0.0,0.0,2,6152.0,6153.2,2,6146.2,6155.6,6170.0,6153.0,786.0,968467520.0,111389
2023-05-11 09:35:41,IC2306,IC2306,6152.0,1.0,1230400.0,0.0,1,6152.0,6152.2,1,6146.2,6155.6,6170.0,6152.0,787.0,969697920.0,111389
2023-05-11 09:35:42,IC2306,IC2306,6151.8,3.0,3691200.0,1.0,2,6151.2,6153.6,1,6146.2,6155.6,6170.0,6151.8,790.0,973389120.0,111390
2023-05-11 09:35:42,IC2306,IC2306,6151.8,0.0,0.0,0.0,1,6151.4,6153.0,3,6146.2,6155.6,6170.0,6151.8,790.0,973389120.0,111390
2023-05-11 09:35:43,IC2306,IC2306,6151.8,0.0,0.0,0.0,3,6151.6,6152.0,1,6146.2,6155.6,6170.0,6151.8,790.0,973389120.0,111390
2023-05-11 09:35:43,IC2306,IC2306,6152.0,1.0,1230400.0,0.0,2,6151.2,6153.4,5,6146.2,6155.6,6170.0,6151.8,791.0,974619520.0,111390
2023-05-11 09:35:44,IC2306,IC2306,6152.0,0.0,0.0,0.0,1,6151.4,6152.2,3,6146.2,6155.6,6170.0,6151.8,791.0,974619520.0,111390
2023-05-11 09:35:45,IC2306,IC2306,6152.0,0.0,0.0,0.0,2,6151.2,6152.2,3,6146.2,6155.6,6170.0,6151.8,791.0,974619520.0,111390
2023-05-11 09:35:45,IC2306,IC2306,6152.0,0.0,0.0,0.0,2,6151.4,6152.2,3,6146.2,6155.6,6170.0,6151.8,791.0,974619520.0,111390
2023-05-11 09:35:46,IC2306,IC2306,6152.2,3.0,3691320.0,-3.0,1,6151.6,6153.2,5,6146.2,6155.6,6170.0,6151.8,794.0,978310840.0,111387
2023-05-11 09:35:47,IC2306,IC2306,6153.2,2.0,2461280.0,-2.0,1,6151.8,6153.2,1,6146.2,6155.6,6170.0,6151.8,796.0,980772120.0,111385
2023-05-11 09:35:47,IC2306,IC2306,6153.2,0.0,0.0,0.0,1,6153.0,6153.6,1,6146.2,6155.6,6170.0,6151.8,796.0,980772120.0,111385
2023-05-11 09:35:48,IC2306,IC2306,6153.8,2.0,2461480.0,-2.0,1,6153.2,6154.2,1,6146.2,6155.6,6170.0,6151.8,798.0,983233600.0,111383
2023-05-11 09:35:48,IC2306,IC2306,6153.8,0.0,0.0,0.0,1,6153.2,6154.0,1,6146.2,6155.6,6170.0,6151.8,798.0,983233600.0,111383
2023-05-11 09:35:49,IC2306,IC2306,6154.0,1.0,1230800.0,0.0,1,6153.2,6154.2,1,6146.2,6155.6,6170.0,6151.8,799.0,984464400.0,111383
2023-05-11 09:35:49,IC2306,IC2306,6154.0,0.0,0.0,0.0,1,6153.6,6154.0,1,6146.2,6155.6,6170.0,6151.8,799.0,984464400.0,111383
2023-05-11 09:35:50,IC2306,IC2306,6154.0,2.0,2461520.0,1.0,1,6153.0,6154.2,1,6146.2,6155.6,6170.0,6151.8,801.0,986925920.0,111384
2023-05-11 09:35:50,IC2306,IC2306,6154.0,2.0,2461440.0,-1.0,1,6152.4,6154.2,1,6146.2,6155.6,6170.0,6151.8,803.0,989387360.0,111383
2023-05-11 09:35:51,IC2306,IC2306,6154.2,1.0,1230840.0,0.0,1,6153.4,6154.4,4,6146.2,6155.6,6170.0,6151.8,804.0,990618200.0,111383
2023-05-11 09:35:51,IC2306,IC2306,6154.4,4.0,4923520.0,0.0,4,6153.6,6155.4,1,6146.2,6155.6,6170.0,6151.8,808.0,995541720.0,111383
2023-05-11 09:35:52,IC2306,IC2306,6154.4,0.0,0.0,0.0,3,6154.2,6155.4,1,6146.2,6155.6,6170.0,6151.8,808.0,995541720.0,111383
2023-05-11 09:35:52,IC2306,IC2306,6154.4,0.0,0.0,0.0,1,6154.4,6156.2,1,6146.2,6155.6,6170.0,6151.8,808.0,995541720.0,111383
2023-05-11 09:35:53,IC2306,IC2306,6154.4,0.0,0.0,0.0,1,6154.4,6156.0,5,6146.2,6155.6,6170.0,6151.8,808.0,995541720.0,111383
2023-05-11 09:35:53,IC2306,IC2306,6154.4,0.0,0.0,0.0,1,6154.0,6155.6,1,6146.2,6155.6,6170.0,6151.8,808.0,995541720.0,111383
2023-05-11 09:35:54,IC2306,IC2306,6154.4,0.0,0.0,0.0,1,6154.0,6155.4,3,6146.2,6155.6,6170.0,6151.8,808.0,995541720.0,111383
2023-05-11 09:35:54,IC2306,IC2306,6155.2,1.0,1231040.0,0.0,1,6153.8,6155.2,1,6146.2,6155.6,6170.0,6151.8,809.0,996772760.0,111383
2023-05-11 09:35:55,IC2306,IC2306,6155.2,0.0,0.0,0.0,1,6153.8,6154.8,2,6146.2,6155.6,6170.0,6151.8,809.0,996772760.0,111383
2023-05-11 09:35:55,IC2306,IC2306,6155.2,0.0,0.0,0.0,2,6152.8,6154.8,3,6146.2,6155.6,6170.0,6151.8,809.0,996772760.0,111383
2023-05-11 09:35:56,IC2306,IC2306,6155.2,0.0,0.0,0.0,1,6153.2,6154.6,1,6146.2,6155.6,6170.0,6151.8,809.0,996772760.0,111383
2023-05-11 09:35:57,IC2306,IC2306,6155.2,0.0,0.0,0.0,1,6153.0,6154.4,2,6146.2,6155.6,6170.0,6151.8,809.0,996772760.0,111383
2023-05-11 09:35:57,IC2306,IC2306,6155.2,0.0,0.0,0.0,1,6153.0,6154.2,1,6146.2,6155.6,6170.0,6151.8,809.0,996772760.0,111383
2023-05-11 09:35:58,IC2306,IC2306,6155.2,0.0,0.0,0.0,1,6153.0,6153.8,1,6146.2,6155.6,6170.0,6151.8,809.0,996772760.0,111383
2023-05-11 09:35:58,IC2306,IC2306,6155.2,0.0,0.0,0.0,1,6153.0,6154.2,1,6146.2,6155.6,6170.0,6151.8,809.0,996772760.0,111383
2023-05-11 09:35:59,IC2306,IC2306,6153.0,1.0,1230600.0,0.0,2,6152.0,6154.0,2,6146.2,6155.6,6170.0,6151.8,810.0,998003360.0,111383
2023-05-11 09:35:59,IC2306,IC2306,6152.2,2.0,2460880.0,0.0,9,6153.0,6153.8,3,6146.2,6155.6,6170.0,6151.8,812.0,1000464240.0,111383
2023-05-11 09:36:00,IC2306,IC2306,6153.8,4.0,4922560.0,-1.0,6,6153.0,6153.8,3,6146.2,6155.6,6170.0,6151.8,816.0,1005386800.0,111382
2023-05-11 09:36:00,IC2306,IC2306,6153.0,6.0,7383600.0,0.0,2,6152.0,6152.6,2,6146.2,6155.6,6170.0,6151.8,822.0,1012770400.0,111382
2023-05-11 09:36:01,IC2306,IC2306,6152.6,2.0,2461040.0,-2.0,1,6152.0,6152.6,1,6146.2,6155.6,6170.0,6151.8,824.0,1015231440.0,111380
2023-05-11 09:36:01,IC2306,IC2306,6152.6,1.0,1230520.0,-1.0,2,6153.0,6153.6,2,6146.2,6155.6,6170.0,6151.8,825.0,1016461960.0,111379
2023-05-11 09:36:02,IC2306,IC2306,6152.6,0.0,0.0,0.0,2,6153.0,6153.4,1,6146.2,6155.6,6170.0,6151.8,825.0,1016461960.0,111379
2023-05-11 09:36:02,IC2306,IC2306,6153.4,1.0,1230680.0,0.0,2,6153.0,6153.6,1,6146.2,6155.6,6170.0,6151.8,826.0,1017692640.0,111379
2023-05-11 09:36:03,IC2306,IC2306,6153.4,0.0,0.0,0.0,2,6153.0,6154.2,1,6146.2,6155.6,6170.0,6151.8,826.0,1017692640.0,111379
2023-05-11 09:36:03,IC2306,IC2306,6153.4,0.0,0.0,0.0,1,6154.0,6154.2,1,6146.2,6155.6,6170.0,6151.8,826.0,1017692640.0,111379
2023-05-11 09:36:04,IC2306,IC2306,6154.0,1.0,1230800.0,1.0,2,6153.0,6154.4,1,6146.2,6155.6,6170.0,6151.8,827.0,1018923440.0,111380
2023-05-11 09:36:04,IC2306,IC2306,6154.0,0.0,0.0,0.0,2,6153.0,6154.4,3,6146.2,6155.6,6170.0,6151.8,827.0,1018923440.0,111380
2023-05-11 09:36:05,IC2306,IC2306,6154.0,0.0,0.0,0.0,2,6153.0,6154.6,1,6146.2,6155.6,6170.0,6151.8,827.0,1018923440.0,111380
2023-05-11 09:36:05,IC2306,IC2306,6154.0,0.0,0.0,0.0,4,6153.2,6154.6,1,6146.2,6155.6,6170.0,6151.8,827.0,1018923440.0,111380
2023-05-11 09:36:06,IC2306,IC2306,6154.0,0.0,0.0,0.0,1,6153.6,6155.4,1,6146.2,6155.6,6170.0,6151.8,827.0,1018923440.0,111380
2023-05-11 09:36:06,IC2306,IC2306,6154.0,0.0,0.0,0.0,2,6154.0,6155.2,2,6146.2,6155.6,6170.0,6151.8,827.0,1018923440.0,111380
2023-05-11 09:36:07,IC2306,IC2306,6154.0,0.0,0.0,0.0,1,6154.0,6155.0,1,6146.2,6155.6,6170.0,6151.8,827.0,1018923440.0,111380
2023-05-11 09:36:08,IC2306,IC2306,6155.0,1.0,1231000.0,-1.0,1,6154.0,6155.2,2,6146.2,6155.6,6170.0,6151.8,828.0,1020154440.0,111379
2023-05-11 09:36:09,IC2306,IC2306,6155.0,0.0,0.0,0.0,1,6153.4,6154.0,1,6146.2,6155.6,6170.0,6151.8,828.0,1020154440.0,111379
2023-05-11 09:36:09,IC2306,IC2306,6155.0,0.0,0.0,0.0,1,6153.6,6154.0,1,6146.2,6155.6,6170.0,6151.8,828.0,1020154440.0,111379
2023-05-11 09:36:10,IC2306,IC2306,6153.6,2.0,2461520.0,0.0,3,6153.0,6155.2,2,6146.2,6155.6,6170.0,6151.8,830.0,1022615960.0,111379
2023-05-11 09:36:10,IC2306,IC2306,6153.6,0.0,0.0,0.0,2,6153.8,6154.4,8,6146.2,6155.6,6170.0,6151.8,830.0,1022615960.0,111379
2023-05-11 09:36:11,IC2306,IC2306,6153.6,2.0,2461440.0,0.0,4,6153.0,6153.8,4,6146.2,6155.6,6170.0,6151.8,832.0,1025077400.0,111379
2023-05-11 09:36:12,IC2306,IC2306,6153.6,0.0,0.0,0.0,4,6153.0,6154.6,2,6146.2,6155.6,6170.0,6151.8,832.0,1025077400.0,111379
2023-05-11 09:36:12,IC2306,IC2306,6153.6,0.0,0.0,0.0,4,6153.0,6154.4,4,6146.2,6155.6,6170.0,6151.8,832.0,1025077400.0,111379
2023-05-11 09:36:13,IC2306,IC2306,6153.6,0.0,0.0,0.0,4,6153.0,6154.2,2,6146.2,6155.6,6170.0,6151.8,832.0,1025077400.0,111379
2023-05-11 09:36:14,IC2306,IC2306,6153.6,0.0,0.0,0.0,1,6153.2,6154.2,2,6146.2,6155.6,6170.0,6151.8,832.0,1025077400.0,111379
2023-05-11 09:36:15,IC2306,IC2306,6153.6,0.0,0.0,0.0,1,6153.4,6154.2,1,6146.2,6155.6,6170.0,6151.8,832.0,1025077400.0,111379
2023-05-11 09:36:15,IC2306,IC2306,6153.6,0.0,0.0,0.0,1,6153.4,6154.4,2,6146.2,6155.6,6170.0,6151.8,832.0,1025077400.0,111379
2023-05-11 09:36:16,IC2306,IC2306,6153.6,0.0,0.0,0.0,2,6153.4,6154.2,2,6146.2,6155.6,6170.0,6151.8,832.0,1025077400.0,111379
2023-05-11 09:36:16,IC2306,IC2306,6153.4,1.0,1230680.0,-1.0,2,6153.4,6154.0,3,6146.2,6155.6,6170.0,6151.8,833.0,1026308080.0,111378
2023-05-11 09:36:17,IC2306,IC2306,6153.4,2.0,2461360.0,-1.0,1,6153.2,6153.8,1,6146.2,6155.6,6170.0,6151.8,835.0,1028769440.0,111377
2023-05-11 09:36:17,IC2306,IC2306,6153.4,0.0,0.0,0.0,1,6153.4,6153.6,1,6146.2,6155.6,6170.0,6151.8,835.0,1028769440.0,111377
2023-05-11 09:36:18,IC2306,IC2306,6153.6,1.0,1230720.0,-1.0,1,6153.4,6153.8,1,6146.2,6155.6,6170.0,6151.8,836.0,1030000160.0,111376
2023-05-11 09:36:20,IC2306,IC2306,6153.6,0.0,0.0,0.0,2,6153.4,6153.8,1,6146.2,6155.6,6170.0,6151.8,836.0,1030000160.0,111376
2023-05-11 09:36:20,IC2306,IC2306,6153.6,0.0,0.0,0.0,1,6153.4,6153.8,1,6146.2,6155.6,6170.0,6151.8,836.0,1030000160.0,111376
2023-05-11 09:36:21,IC2306,IC2306,6153.6,0.0,0.0,0.0,1,6153.6,6153.8,1,6146.2,6155.6,6170.0,6151.8,836.0,1030000160.0,111376
2023-05-11 09:36:21,IC2306,IC2306,6153.6,1.0,1230720.0,1.0,1,6153.6,6153.8,1,6146.2,6155.6,6170.0,6151.8,837.0,1031230880.0,111377
2023-05-11 09:36:22,IC2306,IC2306,6153.6,1.0,1230720.0,-1.0,1,6153.2,6153.8,1,6146.2,6155.6,6170.0,6151.8,838.0,1032461600.0,111376
2023-05-11 09:36:23,IC2306,IC2306,6153.6,0.0,0.0,0.0,1,6153.4,6153.8,1,6146.2,6155.6,6170.0,6151.8,838.0,1032461600.0,111376
2023-05-11 09:36:25,IC2306,IC2306,6153.4,1.0,1230680.0,0.0,1,6153.2,6153.8,1,6146.2,6155.6,6170.0,6151.8,839.0,1033692280.0,111376
2023-05-11 09:36:25,IC2306,IC2306,6153.2,1.0,1230640.0,-1.0,4,6153.0,6153.4,1,6146.2,6155.6,6170.0,6151.8,840.0,1034922920.0,111375
2023-05-11 09:36:26,IC2306,IC2306,6153.2,0.0,0.0,0.0,4,6153.0,6153.4,2,6146.2,6155.6,6170.0,6151.8,840.0,1034922920.0,111375
2023-05-11 09:36:26,IC2306,IC2306,6153.2,0.0,0.0,0.0,4,6153.0,6153.4,3,6146.2,6155.6,6170.0,6151.8,840.0,1034922920.0,111375
2023-05-11 09:36:27,IC2306,IC2306,6153.0,2.0,2461200.0,-2.0,2,6153.0,6153.4,3,6146.2,6155.6,6170.0,6151.8,842.0,1037384120.0,111373
2023-05-11 09:36:28,IC2306,IC2306,6153.0,2.0,2461200.0,-2.0,2,6152.4,6153.2,3,6146.2,6155.6,6170.0,6151.8,844.0,1039845320.0,111371
2023-05-11 09:36:28,IC2306,IC2306,6152.4,2.0,2460960.0,0.0,1,6151.8,6152.4,1,6146.2,6155.6,6170.0,6151.8,846.0,1042306280.0,111371
2023-05-11 09:36:29,IC2306,IC2306,6152.4,0.0,0.0,0.0,1,6151.8,6152.4,2,6146.2,6155.6,6170.0,6151.8,846.0,1042306280.0,111371
2023-05-11 09:36:29,IC2306,IC2306,6152.4,1.0,1230480.0,0.0,1,6151.2,6152.4,1,6146.2,6155.6,6170.0,6151.8,847.0,1043536760.0,111371
2023-05-11 09:36:30,IC2306,IC2306,6152.4,0.0,0.0,0.0,1,6151.4,6152.4,1,6146.2,6155.6,6170.0,6151.8,847.0,1043536760.0,111371
2023-05-11 09:36:30,IC2306,IC2306,6152.4,0.0,0.0,0.0,1,6151.2,6152.2,1,6146.2,6155.6,6170.0,6151.8,847.0,1043536760.0,111371
2023-05-11 09:36:31,IC2306,IC2306,6151.2,1.0,1230240.0,0.0,1,6151.0,6152.2,1,6146.2,6155.6,6170.0,6151.2,848.0,1044767000.0,111371
2023-05-11 09:36:31,IC2306,IC2306,6151.2,0.0,0.0,0.0,1,6151.2,6152.0,2,6146.2,6155.6,6170.0,6151.2,848.0,1044767000.0,111371
2023-05-11 09:36:32,IC2306,IC2306,6151.2,1.0,1230240.0,0.0,1,6151.0,6152.2,1,6146.2,6155.6,6170.0,6151.2,849.0,1045997240.0,111371
2023-05-11 09:36:32,IC2306,IC2306,6151.2,0.0,0.0,0.0,1,6151.0,6152.0,2,6146.2,6155.6,6170.0,6151.2,849.0,1045997240.0,111371
2023-05-11 09:36:33,IC2306,IC2306,6151.2,0.0,0.0,0.0,1,6151.0,6152.2,1,6146.2,6155.6,6170.0,6151.2,849.0,1045997240.0,111371
2023-05-11 09:36:33,IC2306,IC2306,6151.2,0.0,0.0,0.0,3,6151.0,6152.4,1,6146.2,6155.6,6170.0,6151.2,849.0,1045997240.0,111371
2023-05-11 09:36:34,IC2306,IC2306,6151.2,0.0,0.0,0.0,4,6151.2,6152.4,1,6146.2,6155.6,6170.0,6151.2,849.0,1045997240.0,111371
2023-05-11 09:36:35,IC2306,IC2306,6152.4,1.0,1230480.0,-1.0,3,6151.2,6152.4,1,6146.2,6155.6,6170.0,6151.2,850.0,1047227720.0,111370
2023-05-11 09:36:35,IC2306,IC2306,6151.4,1.0,1230280.0,-1.0,3,6151.2,6152.4,1,6146.2,6155.6,6170.0,6151.2,851.0,1048458000.0,111369
2023-05-11 09:36:36,IC2306,IC2306,6151.2,1.0,1230240.0,-1.0,2,6151.2,6152.4,1,6146.2,6155.6,6170.0,6151.2,852.0,1049688240.0,111368
2023-05-11 09:36:36,IC2306,IC2306,6151.2,0.0,0.0,0.0,1,6151.2,6152.2,1,6146.2,6155.6,6170.0,6151.2,852.0,1049688240.0,111368
2023-05-11 09:36:37,IC2306,IC2306,6151.2,0.0,0.0,0.0,2,6151.2,6152.2,1,6146.2,6155.6,6170.0,6151.2,852.0,1049688240.0,111368
2023-05-11 09:36:37,IC2306,IC2306,6151.2,0.0,0.0,0.0,1,6151.2,6152.2,2,6146.2,6155.6,6170.0,6151.2,852.0,1049688240.0,111368
2023-05-11 09:36:38,IC2306,IC2306,6151.2,0.0,0.0,0.0,1,6151.2,6152.0,1,6146.2,6155.6,6170.0,6151.2,852.0,1049688240.0,111368
2023-05-11 09:36:38,IC2306,IC2306,6151.2,0.0,0.0,0.0,1,6151.2,6152.0,2,6146.2,6155.6,6170.0,6151.2,852.0,1049688240.0,111368
2023-05-11 09:36:39,IC2306,IC2306,6151.2,0.0,0.0,0.0,1,6151.2,6151.8,2,6146.2,6155.6,6170.0,6151.2,852.0,1049688240.0,111368
2023-05-11 09:36:39,IC2306,IC2306,6151.2,1.0,1230240.0,-1.0,3,6151.0,6151.6,1,6146.2,6155.6,6170.0,6151.2,853.0,1050918480.0,111367
2023-05-11 09:36:40,IC2306,IC2306,6151.0,1.0,1230200.0,-1.0,2,6151.0,6151.6,1,6146.2,6155.6,6170.0,6151.0,854.0,1052148680.0,111366
2023-05-11 09:36:41,IC2306,IC2306,6151.0,1.0,1230200.0,0.0,1,6151.0,6151.6,1,6146.2,6155.6,6170.0,6151.0,855.0,1053378880.0,111366
2023-05-11 09:36:41,IC2306,IC2306,6151.0,0.0,0.0,0.0,2,6151.0,6151.6,1,6146.2,6155.6,6170.0,6151.0,855.0,1053378880.0,111366
2023-05-11 09:36:42,IC2306,IC2306,6151.0,1.0,1230200.0,0.0,1,6151.0,6151.6,1,6146.2,6155.6,6170.0,6151.0,856.0,1054609080.0,111366
2023-05-11 09:36:43,IC2306,IC2306,6151.0,1.0,1230200.0,0.0,1,6150.6,6151.6,2,6146.2,6155.6,6170.0,6151.0,857.0,1055839280.0,111366
2023-05-11 09:36:43,IC2306,IC2306,6151.0,0.0,0.0,0.0,1,6150.6,6151.0,1,6146.2,6155.6,6170.0,6151.0,857.0,1055839280.0,111366
2023-05-11 09:36:44,IC2306,IC2306,6151.0,2.0,2460320.0,-1.0,1,6150.2,6151.6,3,6146.2,6155.6,6170.0,6150.6,859.0,1058299600.0,111365
2023-05-11 09:36:44,IC2306,IC2306,6150.2,2.0,2460080.0,-2.0,2,6150.0,6151.4,3,6146.2,6155.6,6170.0,6150.2,861.0,1060759680.0,111363
2023-05-11 09:36:45,IC2306,IC2306,6150.2,0.0,0.0,0.0,2,6150.0,6150.8,3,6146.2,6155.6,6170.0,6150.2,861.0,1060759680.0,111363
2023-05-11 09:36:45,IC2306,IC2306,6149.8,3.0,3689960.0,-2.0,4,6148.0,6150.2,1,6146.2,6155.6,6170.0,6149.8,864.0,1064449640.0,111361
2023-05-11 09:36:46,IC2306,IC2306,6148.4,3.0,3689040.0,-2.0,2,6148.2,6150.0,2,6146.2,6155.6,6170.0,6148.4,867.0,1068138680.0,111359
2023-05-11 09:36:46,IC2306,IC2306,6148.2,2.0,2459320.0,-2.0,1,6148.2,6149.8,4,6146.2,6155.6,6170.0,6148.2,869.0,1070598000.0,111357
2023-05-11 09:36:47,IC2306,IC2306,6148.2,0.0,0.0,0.0,2,6148.2,6149.6,4,6146.2,6155.6,6170.0,6148.2,869.0,1070598000.0,111357
2023-05-11 09:36:47,IC2306,IC2306,6148.2,0.0,0.0,0.0,2,6148.2,6149.4,3,6146.2,6155.6,6170.0,6148.2,869.0,1070598000.0,111357
2023-05-11 09:36:48,IC2306,IC2306,6149.2,1.0,1229840.0,-1.0,2,6148.2,6149.4,3,6146.2,6155.6,6170.0,6148.2,870.0,1071827840.0,111356
2023-05-11 09:36:48,IC2306,IC2306,6149.2,0.0,0.0,0.0,2,6148.2,6149.4,1,6146.2,6155.6,6170.0,6148.2,870.0,1071827840.0,111356
2023-05-11 09:36:49,IC2306,IC2306,6148.2,1.0,1229640.0,-1.0,1,6148.2,6149.4,1,6146.2,6155.6,6170.0,6148.2,871.0,1073057480.0,111355
2023-05-11 09:36:50,IC2306,IC2306,6148.2,0.0,0.0,0.0,11,6148.2,6149.0,1,6146.2,6155.6,6170.0,6148.2,871.0,1073057480.0,111355
2023-05-11 09:36:51,IC2306,IC2306,6148.2,0.0,0.0,0.0,12,6148.2,6149.8,1,6146.2,6155.6,6170.0,6148.2,871.0,1073057480.0,111355
2023-05-11 09:36:51,IC2306,IC2306,6148.2,0.0,0.0,0.0,1,6148.4,6149.6,5,6146.2,6155.6,6170.0,6148.2,871.0,1073057480.0,111355
2023-05-11 09:36:52,IC2306,IC2306,6148.2,0.0,0.0,0.0,12,6148.2,6149.6,2,6146.2,6155.6,6170.0,6148.2,871.0,1073057480.0,111355
2023-05-11 09:36:52,IC2306,IC2306,6148.2,1.0,1229640.0,-1.0,12,6148.2,6149.6,2,6146.2,6155.6,6170.0,6148.2,872.0,1074287120.0,111354
2023-05-11 09:36:53,IC2306,IC2306,6148.2,0.0,0.0,0.0,12,6148.2,6149.2,1,6146.2,6155.6,6170.0,6148.2,872.0,1074287120.0,111354
2023-05-11 09:36:54,IC2306,IC2306,6148.2,0.0,0.0,0.0,1,6149.4,6149.6,1,6146.2,6155.6,6170.0,6148.2,872.0,1074287120.0,111354
2023-05-11 09:36:54,IC2306,IC2306,6149.6,1.0,1229920.0,-1.0,1,6149.6,6150.4,1,6146.2,6155.6,6170.0,6148.2,873.0,1075517040.0,111353
2023-05-11 09:36:55,IC2306,IC2306,6149.6,0.0,0.0,0.0,1,6149.6,6150.0,2,6146.2,6155.6,6170.0,6148.2,873.0,1075517040.0,111353
2023-05-11 09:36:55,IC2306,IC2306,6149.6,1.0,1229920.0,0.0,1,6149.4,6150.2,3,6146.2,6155.6,6170.0,6148.2,874.0,1076746960.0,111353
2023-05-11 09:36:56,IC2306,IC2306,6149.6,0.0,0.0,0.0,1,6149.4,6150.4,1,6146.2,6155.6,6170.0,6148.2,874.0,1076746960.0,111353
2023-05-11 09:36:56,IC2306,IC2306,6149.4,1.0,1229880.0,-1.0,2,6148.2,6150.4,7,6146.2,6155.6,6170.0,6148.2,875.0,1077976840.0,111352
2023-05-11 09:36:57,IC2306,IC2306,6149.4,0.0,0.0,0.0,2,6148.2,6150.0,1,6146.2,6155.6,6170.0,6148.2,875.0,1077976840.0,111352
2023-05-11 09:36:57,IC2306,IC2306,6149.4,0.0,0.0,0.0,1,6149.6,6149.8,3,6146.2,6155.6,6170.0,6148.2,875.0,1077976840.0,111352
2023-05-11 09:36:58,IC2306,IC2306,6149.6,2.0,2459840.0,-1.0,2,6148.2,6149.2,3,6146.2,6155.6,6170.0,6148.2,877.0,1080436680.0,111351
2023-05-11 09:36:58,IC2306,IC2306,6149.6,0.0,0.0,0.0,2,6148.2,6149.0,1,6146.2,6155.6,6170.0,6148.2,877.0,1080436680.0,111351
2023-05-11 09:36:59,IC2306,IC2306,6148.0,3.0,3688880.0,-2.0,5,6148.0,6148.2,8,6146.2,6155.6,6170.0,6148.0,880.0,1084125560.0,111349
2023-05-11 09:36:59,IC2306,IC2306,6148.0,0.0,0.0,0.0,5,6148.0,6148.2,9,6146.2,6155.6,6170.0,6148.0,880.0,1084125560.0,111349
2023-05-11 09:37:00,IC2306,IC2306,6148.2,3.0,3688920.0,-3.0,5,6148.0,6148.2,6,6146.2,6155.6,6170.0,6148.0,883.0,1087814480.0,111346
2023-05-11 09:37:00,IC2306,IC2306,6148.2,7.0,8607480.0,-6.0,5,6148.0,6149.0,1,6146.2,6155.6,6170.0,6148.0,890.0,1096421960.0,111340
2023-05-11 09:37:01,IC2306,IC2306,6148.2,0.0,0.0,0.0,1,6148.2,6149.0,1,6146.2,6155.6,6170.0,6148.0,890.0,1096421960.0,111340
2023-05-11 09:37:01,IC2306,IC2306,6148.0,4.0,4918440.0,-3.0,2,6148.0,6148.2,2,6146.2,6155.6,6170.0,6148.0,894.0,1101340400.0,111337
2023-05-11 09:37:02,IC2306,IC2306,6147.2,3.0,3688640.0,-1.0,10,6147.2,6147.4,2,6146.2,6155.6,6170.0,6147.2,897.0,1105029040.0,111336
2023-05-11 09:37:02,IC2306,IC2306,6147.2,10.0,12294400.0,4.0,1,6146.4,6147.2,1,6146.2,6155.6,6170.0,6147.2,907.0,1117323440.0,111340
2023-05-11 09:37:03,IC2306,IC2306,6147.2,0.0,0.0,0.0,1,6146.4,6146.8,2,6146.2,6155.6,6170.0,6147.2,907.0,1117323440.0,111340
2023-05-11 09:37:03,IC2306,IC2306,6146.8,2.0,2458720.0,-1.0,1,6146.4,6147.2,1,6146.2,6155.6,6170.0,6146.8,909.0,1119782160.0,111339
2023-05-11 09:37:04,IC2306,IC2306,6146.8,0.0,0.0,0.0,2,6146.4,6147.2,1,6146.2,6155.6,6170.0,6146.8,909.0,1119782160.0,111339
2023-05-11 09:37:04,IC2306,IC2306,6147.0,2.0,2458840.0,-1.0,1,6147.2,6148.0,3,6146.2,6155.6,6170.0,6146.8,911.0,1122241000.0,111338
2023-05-11 09:37:05,IC2306,IC2306,6147.0,0.0,0.0,0.0,1,6147.2,6147.8,3,6146.2,6155.6,6170.0,6146.8,911.0,1122241000.0,111338
2023-05-11 09:37:05,IC2306,IC2306,6147.2,1.0,1229440.0,0.0,2,6146.4,6147.8,1,6146.2,6155.6,6170.0,6146.8,912.0,1123470440.0,111338
2023-05-11 09:37:07,IC2306,IC2306,6147.2,0.0,0.0,0.0,2,6146.4,6147.6,1,6146.2,6155.6,6170.0,6146.8,912.0,1123470440.0,111338
2023-05-11 09:37:07,IC2306,IC2306,6147.2,1.0,1229440.0,0.0,2,6146.4,6147.4,3,6146.2,6155.6,6170.0,6146.8,913.0,1124699880.0,111338
2023-05-11 09:37:08,IC2306,IC2306,6147.2,0.0,0.0,0.0,2,6146.4,6147.4,4,6146.2,6155.6,6170.0,6146.8,913.0,1124699880.0,111338
2023-05-11 09:37:08,IC2306,IC2306,6146.2,3.0,3687800.0,-3.0,1,6145.4,6146.2,1,6146.2,6155.6,6170.0,6146.2,916.0,1128387680.0,111335
2023-05-11 09:37:09,IC2306,IC2306,6146.2,5.0,6146680.0,-1.0,1,6146.2,6147.6,1,6146.2,6155.6,6170.0,6146.2,921.0,1134534360.0,111334
2023-05-11 09:37:09,IC2306,IC2306,6146.4,1.0,1229280.0,-1.0,2,6146.4,6147.8,1,6146.2,6155.6,6170.0,6146.2,922.0,1135763640.0,111333
2023-05-11 09:37:10,IC2306,IC2306,6146.4,0.0,0.0,0.0,2,6146.6,6147.8,1,6146.2,6155.6,6170.0,6146.2,922.0,1135763640.0,111333
2023-05-11 09:37:11,IC2306,IC2306,6147.8,1.0,1229560.0,0.0,1,6146.6,6148.0,1,6146.2,6155.6,6170.0,6146.2,923.0,1136993200.0,111333
2023-05-11 09:37:11,IC2306,IC2306,6148.0,1.0,1229600.0,0.0,3,6147.0,6148.8,1,6146.2,6155.6,6170.0,6146.2,924.0,1138222800.0,111333
2023-05-11 09:37:12,IC2306,IC2306,6148.0,0.0,0.0,0.0,1,6147.4,6149.0,2,6146.2,6155.6,6170.0,6146.2,924.0,1138222800.0,111333
2023-05-11 09:37:12,IC2306,IC2306,6149.0,2.0,2459600.0,-1.0,3,6147.8,6150.2,3,6146.2,6155.6,6170.0,6146.2,926.0,1140682400.0,111332
