time,symbol_id,symbol_name,last,trade_volume,trade_amount,open_interest_change,bv1,bp1,ap1,av1,yesterday_close,today_open,today_high,today_low,volume,amount,open_interest
2023-05-09 20:55:27,l2311-C-7900,l2311-C-7900,262.0,0.0,0.0,0.0,1,0.5,0.0,0,262.0,0.0,0.0,0.0,0.0,0.0,5
2023-05-09 21:00:19,l2311-C-7900,l2311-C-7900,262.0,0.0,0.0,0.0,10,1.0,0.0,0,262.0,0.0,0.0,0.0,0.0,0.0,5
2023-05-09 21:01:21,l2311-C-7900,l2311-C-7900,262.0,0.0,0.0,0.0,1,1.5,0.0,0,262.0,0.0,0.0,0.0,0.0,0.0,5
2023-05-09 21:01:21,l2311-C-7900,l2311-C-7900,262.0,0.0,0.0,0.0,10,2.0,0.0,0,262.0,0.0,0.0,0.0,0.0,0.0,5
2023-05-09 21:02:11,l2311-C-7900,l2311-C-7900,262.0,0.0,0.0,0.0,1,2.5,0.0,0,262.0,0.0,0.0,0.0,0.0,0.0,5
2023-05-09 21:02:11,l2311-C-7900,l2311-C-7900,262.0,0.0,0.0,0.0,10,3.0,0.0,0,262.0,0.0,0.0,0.0,0.0,0.0,5
2023-05-09 21:05:20,l2311-C-7900,l2311-C-7900,262.0,0.0,0.0,0.0,1,3.5,0.0,0,262.0,0.0,0.0,0.0,0.0,0.0,5
2023-05-09 21:05:20,l2311-C-7900,l2311-C-7900,262.0,0.0,0.0,0.0,10,4.0,0.0,0,262.0,0.0,0.0,0.0,0.0,0.0,5
2023-05-09 21:06:54,l2311-C-7900,l2311-C-7900,262.0,0.0,0.0,0.0,1,4.5,0.0,0,262.0,0.0,0.0,0.0,0.0,0.0,5
2023-05-09 21:06:54,l2311-C-7900,l2311-C-7900,262.0,0.0,0.0,0.0,10,5.0,0.0,0,262.0,0.0,0.0,0.0,0.0,0.0,5
2023-05-09 21:07:02,l2311-C-7900,l2311-C-7900,262.0,0.0,0.0,0.0,1,5.5,0.0,0,262.0,0.0,0.0,0.0,0.0,0.0,5
2023-05-09 21:07:02,l2311-C-7900,l2311-C-7900,262.0,0.0,0.0,0.0,10,6.0,0.0,0,262.0,0.0,0.0,0.0,0.0,0.0,5
2023-05-09 21:07:06,l2311-C-7900,l2311-C-7900,262.0,0.0,0.0,0.0,1,6.5,0.0,0,262.0,0.0,0.0,0.0,0.0,0.0,5
2023-05-09 21:07:06,l2311-C-7900,l2311-C-7900,262.0,0.0,0.0,0.0,10,7.0,0.0,0,262.0,0.0,0.0,0.0,0.0,0.0,5
2023-05-09 21:07:10,l2311-C-7900,l2311-C-7900,262.0,0.0,0.0,0.0,1,7.5,0.0,0,262.0,0.0,0.0,0.0,0.0,0.0,5
2023-05-09 21:07:10,l2311-C-7900,l2311-C-7900,262.0,0.0,0.0,0.0,10,8.0,0.0,0,262.0,0.0,0.0,0.0,0.0,0.0,5
2023-05-09 21:07:14,l2311-C-7900,l2311-C-7900,262.0,0.0,0.0,0.0,1,8.5,0.0,0,262.0,0.0,0.0,0.0,0.0,0.0,5
2023-05-09 21:07:14,l2311-C-7900,l2311-C-7900,262.0,0.0,0.0,0.0,10,9.0,0.0,0,262.0,0.0,0.0,0.0,0.0,0.0,5
2023-05-09 21:07:18,l2311-C-7900,l2311-C-7900,262.0,0.0,0.0,0.0,1,9.5,0.0,0,262.0,0.0,0.0,0.0,0.0,0.0,5
2023-05-09 21:07:18,l2311-C-7900,l2311-C-7900,262.0,0.0,0.0,0.0,10,10.0,0.0,0,262.0,0.0,0.0,0.0,0.0,0.0,5
2023-05-09 21:07:21,l2311-C-7900,l2311-C-7900,262.0,0.0,0.0,0.0,1,10.5,0.0,0,262.0,0.0,0.0,0.0,0.0,0.0,5
2023-05-09 21:07:21,l2311-C-7900,l2311-C-7900,262.0,0.0,0.0,0.0,10,11.0,0.0,0,262.0,0.0,0.0,0.0,0.0,0.0,5
2023-05-09 21:07:25,l2311-C-7900,l2311-C-7900,262.0,0.0,0.0,0.0,1,11.5,0.0,0,262.0,0.0,0.0,0.0,0.0,0.0,5
2023-05-09 21:07:25,l2311-C-7900,l2311-C-7900,262.0,0.0,0.0,0.0,10,12.0,0.0,0,262.0,0.0,0.0,0.0,0.0,0.0,5
2023-05-09 21:07:29,l2311-C-7900,l2311-C-7900,262.0,0.0,0.0,0.0,1,12.5,0.0,0,262.0,0.0,0.0,0.0,0.0,0.0,5
2023-05-09 21:07:29,l2311-C-7900,l2311-C-7900,262.0,0.0,0.0,0.0,10,13.0,0.0,0,262.0,0.0,0.0,0.0,0.0,0.0,5
2023-05-09 21:07:34,l2311-C-7900,l2311-C-7900,262.0,0.0,0.0,0.0,1,13.5,0.0,0,262.0,0.0,0.0,0.0,0.0,0.0,5
2023-05-09 21:07:34,l2311-C-7900,l2311-C-7900,262.0,0.0,0.0,0.0,10,14.0,0.0,0,262.0,0.0,0.0,0.0,0.0,0.0,5
2023-05-09 21:07:38,l2311-C-7900,l2311-C-7900,262.0,0.0,0.0,0.0,1,14.5,0.0,0,262.0,0.0,0.0,0.0,0.0,0.0,5
2023-05-09 21:07:38,l2311-C-7900,l2311-C-7900,262.0,0.0,0.0,0.0,10,15.0,0.0,0,262.0,0.0,0.0,0.0,0.0,0.0,5
2023-05-09 21:07:42,l2311-C-7900,l2311-C-7900,262.0,0.0,0.0,0.0,1,15.5,0.0,0,262.0,0.0,0.0,0.0,0.0,0.0,5
2023-05-09 21:07:42,l2311-C-7900,l2311-C-7900,262.0,0.0,0.0,0.0,10,16.0,0.0,0,262.0,0.0,0.0,0.0,0.0,0.0,5
2023-05-09 21:07:47,l2311-C-7900,l2311-C-7900,262.0,0.0,0.0,0.0,1,16.5,0.0,0,262.0,0.0,0.0,0.0,0.0,0.0,5
2023-05-09 21:07:47,l2311-C-7900,l2311-C-7900,262.0,0.0,0.0,0.0,10,17.0,0.0,0,262.0,0.0,0.0,0.0,0.0,0.0,5
2023-05-09 21:09:14,l2311-C-7900,l2311-C-7900,262.0,0.0,0.0,0.0,1,17.5,0.0,0,262.0,0.0,0.0,0.0,0.0,0.0,5
2023-05-09 21:09:14,l2311-C-7900,l2311-C-7900,262.0,0.0,0.0,0.0,10,18.0,0.0,0,262.0,0.0,0.0,0.0,0.0,0.0,5
2023-05-09 21:09:39,l2311-C-7900,l2311-C-7900,262.0,0.0,0.0,0.0,1,18.5,0.0,0,262.0,0.0,0.0,0.0,0.0,0.0,5
2023-05-09 21:09:39,l2311-C-7900,l2311-C-7900,262.0,0.0,0.0,0.0,10,19.0,0.0,0,262.0,0.0,0.0,0.0,0.0,0.0,5
2023-05-09 21:09:43,l2311-C-7900,l2311-C-7900,262.0,0.0,0.0,0.0,1,19.5,0.0,0,262.0,0.0,0.0,0.0,0.0,0.0,5
2023-05-09 21:09:43,l2311-C-7900,l2311-C-7900,262.0,0.0,0.0,0.0,10,20.0,0.0,0,262.0,0.0,0.0,0.0,0.0,0.0,5
2023-05-09 21:09:45,l2311-C-7900,l2311-C-7900,262.0,0.0,0.0,0.0,1,20.5,0.0,0,262.0,0.0,0.0,0.0,0.0,0.0,5
2023-05-09 21:09:45,l2311-C-7900,l2311-C-7900,262.0,0.0,0.0,0.0,10,21.0,0.0,0,262.0,0.0,0.0,0.0,0.0,0.0,5
2023-05-09 21:09:47,l2311-C-7900,l2311-C-7900,262.0,0.0,0.0,0.0,1,21.5,0.0,0,262.0,0.0,0.0,0.0,0.0,0.0,5
2023-05-09 21:09:47,l2311-C-7900,l2311-C-7900,262.0,0.0,0.0,0.0,10,22.0,0.0,0,262.0,0.0,0.0,0.0,0.0,0.0,5
2023-05-09 21:09:49,l2311-C-7900,l2311-C-7900,262.0,0.0,0.0,0.0,1,22.5,0.0,0,262.0,0.0,0.0,0.0,0.0,0.0,5
2023-05-09 21:09:49,l2311-C-7900,l2311-C-7900,262.0,0.0,0.0,0.0,10,23.0,0.0,0,262.0,0.0,0.0,0.0,0.0,0.0,5
2023-05-09 21:09:51,l2311-C-7900,l2311-C-7900,262.0,0.0,0.0,0.0,1,23.5,0.0,0,262.0,0.0,0.0,0.0,0.0,0.0,5
2023-05-09 21:09:51,l2311-C-7900,l2311-C-7900,262.0,0.0,0.0,0.0,10,24.0,0.0,0,262.0,0.0,0.0,0.0,0.0,0.0,5
2023-05-09 21:09:53,l2311-C-7900,l2311-C-7900,262.0,0.0,0.0,0.0,1,24.5,0.0,0,262.0,0.0,0.0,0.0,0.0,0.0,5
2023-05-09 21:09:53,l2311-C-7900,l2311-C-7900,262.0,0.0,0.0,0.0,10,25.0,0.0,0,262.0,0.0,0.0,0.0,0.0,0.0,5
2023-05-09 21:09:55,l2311-C-7900,l2311-C-7900,262.0,0.0,0.0,0.0,1,25.5,0.0,0,262.0,0.0,0.0,0.0,0.0,0.0,5
2023-05-09 21:09:55,l2311-C-7900,l2311-C-7900,262.0,0.0,0.0,0.0,10,26.0,0.0,0,262.0,0.0,0.0,0.0,0.0,0.0,5
2023-05-09 21:09:57,l2311-C-7900,l2311-C-7900,262.0,0.0,0.0,0.0,1,26.5,0.0,0,262.0,0.0,0.0,0.0,0.0,0.0,5
2023-05-09 21:09:57,l2311-C-7900,l2311-C-7900,262.0,0.0,0.0,0.0,10,27.0,0.0,0,262.0,0.0,0.0,0.0,0.0,0.0,5
2023-05-09 21:09:59,l2311-C-7900,l2311-C-7900,262.0,0.0,0.0,0.0,1,27.5,0.0,0,262.0,0.0,0.0,0.0,0.0,0.0,5
2023-05-09 21:09:59,l2311-C-7900,l2311-C-7900,262.0,0.0,0.0,0.0,10,28.0,0.0,0,262.0,0.0,0.0,0.0,0.0,0.0,5
2023-05-09 21:10:01,l2311-C-7900,l2311-C-7900,262.0,0.0,0.0,0.0,1,28.5,0.0,0,262.0,0.0,0.0,0.0,0.0,0.0,5
2023-05-09 21:10:01,l2311-C-7900,l2311-C-7900,262.0,0.0,0.0,0.0,10,29.0,0.0,0,262.0,0.0,0.0,0.0,0.0,0.0,5
2023-05-09 21:10:03,l2311-C-7900,l2311-C-7900,262.0,0.0,0.0,0.0,1,29.5,0.0,0,262.0,0.0,0.0,0.0,0.0,0.0,5
2023-05-09 21:10:03,l2311-C-7900,l2311-C-7900,262.0,0.0,0.0,0.0,10,30.0,0.0,0,262.0,0.0,0.0,0.0,0.0,0.0,5
2023-05-09 21:10:05,l2311-C-7900,l2311-C-7900,262.0,0.0,0.0,0.0,1,30.5,0.0,0,262.0,0.0,0.0,0.0,0.0,0.0,5
2023-05-09 21:10:05,l2311-C-7900,l2311-C-7900,262.0,0.0,0.0,0.0,10,31.0,0.0,0,262.0,0.0,0.0,0.0,0.0,0.0,5
2023-05-09 21:10:07,l2311-C-7900,l2311-C-7900,262.0,0.0,0.0,0.0,1,31.5,0.0,0,262.0,0.0,0.0,0.0,0.0,0.0,5
2023-05-09 21:10:07,l2311-C-7900,l2311-C-7900,262.0,0.0,0.0,0.0,10,32.0,0.0,0,262.0,0.0,0.0,0.0,0.0,0.0,5
2023-05-09 21:10:09,l2311-C-7900,l2311-C-7900,262.0,0.0,0.0,0.0,1,32.5,0.0,0,262.0,0.0,0.0,0.0,0.0,0.0,5
2023-05-09 21:10:09,l2311-C-7900,l2311-C-7900,262.0,0.0,0.0,0.0,10,33.0,0.0,0,262.0,0.0,0.0,0.0,0.0,0.0,5
2023-05-09 21:10:11,l2311-C-7900,l2311-C-7900,262.0,0.0,0.0,0.0,1,33.5,0.0,0,262.0,0.0,0.0,0.0,0.0,0.0,5
2023-05-09 21:10:11,l2311-C-7900,l2311-C-7900,262.0,0.0,0.0,0.0,10,34.0,0.0,0,262.0,0.0,0.0,0.0,0.0,0.0,5
2023-05-09 21:10:19,l2311-C-7900,l2311-C-7900,262.0,0.0,0.0,0.0,1,34.5,0.0,0,262.0,0.0,0.0,0.0,0.0,0.0,5
2023-05-09 21:10:19,l2311-C-7900,l2311-C-7900,262.0,0.0,0.0,0.0,10,35.0,0.0,0,262.0,0.0,0.0,0.0,0.0,0.0,5
2023-05-09 21:10:34,l2311-C-7900,l2311-C-7900,262.0,0.0,0.0,0.0,1,35.5,0.0,0,262.0,0.0,0.0,0.0,0.0,0.0,5
2023-05-09 21:10:34,l2311-C-7900,l2311-C-7900,262.0,0.0,0.0,0.0,10,36.0,0.0,0,262.0,0.0,0.0,0.0,0.0,0.0,5
2023-05-09 21:11:00,l2311-C-7900,l2311-C-7900,262.0,0.0,0.0,0.0,1,36.5,0.0,0,262.0,0.0,0.0,0.0,0.0,0.0,5
2023-05-09 21:11:00,l2311-C-7900,l2311-C-7900,262.0,0.0,0.0,0.0,10,37.0,0.0,0,262.0,0.0,0.0,0.0,0.0,0.0,5
2023-05-09 21:11:04,l2311-C-7900,l2311-C-7900,262.0,0.0,0.0,0.0,1,37.5,0.0,0,262.0,0.0,0.0,0.0,0.0,0.0,5
2023-05-09 21:11:04,l2311-C-7900,l2311-C-7900,262.0,0.0,0.0,0.0,10,38.0,0.0,0,262.0,0.0,0.0,0.0,0.0,0.0,5
2023-05-09 21:11:07,l2311-C-7900,l2311-C-7900,262.0,0.0,0.0,0.0,1,38.5,0.0,0,262.0,0.0,0.0,0.0,0.0,0.0,5
2023-05-09 21:11:07,l2311-C-7900,l2311-C-7900,262.0,0.0,0.0,0.0,10,39.0,0.0,0,262.0,0.0,0.0,0.0,0.0,0.0,5
2023-05-09 21:11:10,l2311-C-7900,l2311-C-7900,262.0,0.0,0.0,0.0,1,39.5,0.0,0,262.0,0.0,0.0,0.0,0.0,0.0,5
2023-05-09 21:11:10,l2311-C-7900,l2311-C-7900,262.0,0.0,0.0,0.0,10,40.0,0.0,0,262.0,0.0,0.0,0.0,0.0,0.0,5
2023-05-09 21:11:14,l2311-C-7900,l2311-C-7900,262.0,0.0,0.0,0.0,1,40.5,0.0,0,262.0,0.0,0.0,0.0,0.0,0.0,5
2023-05-09 21:11:14,l2311-C-7900,l2311-C-7900,262.0,0.0,0.0,0.0,10,41.0,0.0,0,262.0,0.0,0.0,0.0,0.0,0.0,5
2023-05-09 21:11:18,l2311-C-7900,l2311-C-7900,262.0,0.0,0.0,0.0,1,41.5,0.0,0,262.0,0.0,0.0,0.0,0.0,0.0,5
2023-05-09 21:11:18,l2311-C-7900,l2311-C-7900,262.0,0.0,0.0,0.0,10,42.0,0.0,0,262.0,0.0,0.0,0.0,0.0,0.0,5
2023-05-09 21:11:20,l2311-C-7900,l2311-C-7900,262.0,0.0,0.0,0.0,1,42.5,0.0,0,262.0,0.0,0.0,0.0,0.0,0.0,5
2023-05-09 21:11:20,l2311-C-7900,l2311-C-7900,262.0,0.0,0.0,0.0,10,43.0,0.0,0,262.0,0.0,0.0,0.0,0.0,0.0,5
2023-05-09 21:11:24,l2311-C-7900,l2311-C-7900,262.0,0.0,0.0,0.0,1,43.5,0.0,0,262.0,0.0,0.0,0.0,0.0,0.0,5
2023-05-09 21:11:24,l2311-C-7900,l2311-C-7900,262.0,0.0,0.0,0.0,10,44.0,0.0,0,262.0,0.0,0.0,0.0,0.0,0.0,5
2023-05-09 21:11:26,l2311-C-7900,l2311-C-7900,262.0,0.0,0.0,0.0,1,44.5,0.0,0,262.0,0.0,0.0,0.0,0.0,0.0,5
2023-05-09 21:11:26,l2311-C-7900,l2311-C-7900,262.0,0.0,0.0,0.0,10,45.0,0.0,0,262.0,0.0,0.0,0.0,0.0,0.0,5
2023-05-09 21:11:33,l2311-C-7900,l2311-C-7900,262.0,0.0,0.0,0.0,1,45.5,0.0,0,262.0,0.0,0.0,0.0,0.0,0.0,5
2023-05-09 21:11:33,l2311-C-7900,l2311-C-7900,262.0,0.0,0.0,0.0,10,46.0,0.0,0,262.0,0.0,0.0,0.0,0.0,0.0,5
2023-05-09 21:11:42,l2311-C-7900,l2311-C-7900,262.0,0.0,0.0,0.0,1,46.5,0.0,0,262.0,0.0,0.0,0.0,0.0,0.0,5
2023-05-09 21:11:42,l2311-C-7900,l2311-C-7900,262.0,0.0,0.0,0.0,10,47.0,0.0,0,262.0,0.0,0.0,0.0,0.0,0.0,5
2023-05-09 21:11:50,l2311-C-7900,l2311-C-7900,262.0,0.0,0.0,0.0,1,47.5,0.0,0,262.0,0.0,0.0,0.0,0.0,0.0,5
2023-05-09 21:11:50,l2311-C-7900,l2311-C-7900,262.0,0.0,0.0,0.0,10,48.0,0.0,0,262.0,0.0,0.0,0.0,0.0,0.0,5
2023-05-09 21:11:55,l2311-C-7900,l2311-C-7900,262.0,0.0,0.0,0.0,1,48.5,0.0,0,262.0,0.0,0.0,0.0,0.0,0.0,5
2023-05-09 21:11:55,l2311-C-7900,l2311-C-7900,262.0,0.0,0.0,0.0,10,49.0,0.0,0,262.0,0.0,0.0,0.0,0.0,0.0,5
2023-05-09 21:11:59,l2311-C-7900,l2311-C-7900,262.0,0.0,0.0,0.0,1,49.5,0.0,0,262.0,0.0,0.0,0.0,0.0,0.0,5
2023-05-09 21:11:59,l2311-C-7900,l2311-C-7900,262.0,0.0,0.0,0.0,10,50.0,0.0,0,262.0,0.0,0.0,0.0,0.0,0.0,5
2023-05-09 21:12:05,l2311-C-7900,l2311-C-7900,262.0,0.0,0.0,0.0,1,50.5,0.0,0,262.0,0.0,0.0,0.0,0.0,0.0,5
2023-05-09 21:12:05,l2311-C-7900,l2311-C-7900,262.0,0.0,0.0,0.0,10,51.0,0.0,0,262.0,0.0,0.0,0.0,0.0,0.0,5
2023-05-09 21:12:09,l2311-C-7900,l2311-C-7900,262.0,0.0,0.0,0.0,1,51.5,0.0,0,262.0,0.0,0.0,0.0,0.0,0.0,5
2023-05-09 21:12:09,l2311-C-7900,l2311-C-7900,262.0,0.0,0.0,0.0,10,52.0,0.0,0,262.0,0.0,0.0,0.0,0.0,0.0,5
2023-05-09 21:12:13,l2311-C-7900,l2311-C-7900,262.0,0.0,0.0,0.0,1,52.5,0.0,0,262.0,0.0,0.0,0.0,0.0,0.0,5
2023-05-09 21:12:13,l2311-C-7900,l2311-C-7900,262.0,0.0,0.0,0.0,10,53.0,0.0,0,262.0,0.0,0.0,0.0,0.0,0.0,5
2023-05-09 21:12:20,l2311-C-7900,l2311-C-7900,262.0,0.0,0.0,0.0,1,53.5,0.0,0,262.0,0.0,0.0,0.0,0.0,0.0,5
2023-05-09 21:12:20,l2311-C-7900,l2311-C-7900,262.0,0.0,0.0,0.0,10,54.0,0.0,0,262.0,0.0,0.0,0.0,0.0,0.0,5
2023-05-09 21:12:24,l2311-C-7900,l2311-C-7900,262.0,0.0,0.0,0.0,1,54.5,0.0,0,262.0,0.0,0.0,0.0,0.0,0.0,5
2023-05-09 21:12:24,l2311-C-7900,l2311-C-7900,262.0,0.0,0.0,0.0,10,55.0,0.0,0,262.0,0.0,0.0,0.0,0.0,0.0,5
2023-05-09 21:12:27,l2311-C-7900,l2311-C-7900,262.0,0.0,0.0,0.0,1,55.5,0.0,0,262.0,0.0,0.0,0.0,0.0,0.0,5
2023-05-09 21:12:27,l2311-C-7900,l2311-C-7900,262.0,0.0,0.0,0.0,10,56.0,0.0,0,262.0,0.0,0.0,0.0,0.0,0.0,5
2023-05-09 21:12:30,l2311-C-7900,l2311-C-7900,262.0,0.0,0.0,0.0,1,56.5,0.0,0,262.0,0.0,0.0,0.0,0.0,0.0,5
2023-05-09 21:12:30,l2311-C-7900,l2311-C-7900,262.0,0.0,0.0,0.0,10,57.0,0.0,0,262.0,0.0,0.0,0.0,0.0,0.0,5
2023-05-09 21:12:33,l2311-C-7900,l2311-C-7900,262.0,0.0,0.0,0.0,1,57.5,0.0,0,262.0,0.0,0.0,0.0,0.0,0.0,5
2023-05-09 21:12:33,l2311-C-7900,l2311-C-7900,262.0,0.0,0.0,0.0,10,58.0,0.0,0,262.0,0.0,0.0,0.0,0.0,0.0,5
2023-05-09 21:12:41,l2311-C-7900,l2311-C-7900,262.0,0.0,0.0,0.0,1,58.5,0.0,0,262.0,0.0,0.0,0.0,0.0,0.0,5
2023-05-09 21:12:41,l2311-C-7900,l2311-C-7900,262.0,0.0,0.0,0.0,10,59.0,0.0,0,262.0,0.0,0.0,0.0,0.0,0.0,5
2023-05-09 21:12:45,l2311-C-7900,l2311-C-7900,262.0,0.0,0.0,0.0,1,59.5,0.0,0,262.0,0.0,0.0,0.0,0.0,0.0,5
2023-05-09 21:12:45,l2311-C-7900,l2311-C-7900,262.0,0.0,0.0,0.0,10,60.0,0.0,0,262.0,0.0,0.0,0.0,0.0,0.0,5
2023-05-09 21:12:48,l2311-C-7900,l2311-C-7900,262.0,0.0,0.0,0.0,1,60.5,0.0,0,262.0,0.0,0.0,0.0,0.0,0.0,5
2023-05-09 21:12:48,l2311-C-7900,l2311-C-7900,262.0,0.0,0.0,0.0,10,61.0,0.0,0,262.0,0.0,0.0,0.0,0.0,0.0,5
2023-05-09 21:12:50,l2311-C-7900,l2311-C-7900,262.0,0.0,0.0,0.0,1,61.5,0.0,0,262.0,0.0,0.0,0.0,0.0,0.0,5
2023-05-09 21:12:50,l2311-C-7900,l2311-C-7900,262.0,0.0,0.0,0.0,10,62.0,0.0,0,262.0,0.0,0.0,0.0,0.0,0.0,5
2023-05-09 21:12:52,l2311-C-7900,l2311-C-7900,262.0,0.0,0.0,0.0,1,62.5,0.0,0,262.0,0.0,0.0,0.0,0.0,0.0,5
2023-05-09 21:12:52,l2311-C-7900,l2311-C-7900,262.0,0.0,0.0,0.0,10,63.0,0.0,0,262.0,0.0,0.0,0.0,0.0,0.0,5
2023-05-09 21:12:56,l2311-C-7900,l2311-C-7900,262.0,0.0,0.0,0.0,1,63.5,0.0,0,262.0,0.0,0.0,0.0,0.0,0.0,5
2023-05-09 21:12:56,l2311-C-7900,l2311-C-7900,262.0,0.0,0.0,0.0,10,64.0,0.0,0,262.0,0.0,0.0,0.0,0.0,0.0,5
2023-05-09 21:12:58,l2311-C-7900,l2311-C-7900,262.0,0.0,0.0,0.0,1,64.5,0.0,0,262.0,0.0,0.0,0.0,0.0,0.0,5
2023-05-09 21:12:58,l2311-C-7900,l2311-C-7900,262.0,0.0,0.0,0.0,10,65.0,0.0,0,262.0,0.0,0.0,0.0,0.0,0.0,5
2023-05-09 21:13:00,l2311-C-7900,l2311-C-7900,262.0,0.0,0.0,0.0,1,65.5,0.0,0,262.0,0.0,0.0,0.0,0.0,0.0,5
2023-05-09 21:13:00,l2311-C-7900,l2311-C-7900,262.0,0.0,0.0,0.0,10,66.0,0.0,0,262.0,0.0,0.0,0.0,0.0,0.0,5
2023-05-09 21:13:03,l2311-C-7900,l2311-C-7900,262.0,0.0,0.0,0.0,1,66.5,0.0,0,262.0,0.0,0.0,0.0,0.0,0.0,5
2023-05-09 21:13:03,l2311-C-7900,l2311-C-7900,262.0,0.0,0.0,0.0,10,67.0,0.0,0,262.0,0.0,0.0,0.0,0.0,0.0,5
2023-05-09 21:13:05,l2311-C-7900,l2311-C-7900,262.0,0.0,0.0,0.0,1,67.5,0.0,0,262.0,0.0,0.0,0.0,0.0,0.0,5
2023-05-09 21:13:05,l2311-C-7900,l2311-C-7900,262.0,0.0,0.0,0.0,10,68.0,0.0,0,262.0,0.0,0.0,0.0,0.0,0.0,5
2023-05-09 21:13:08,l2311-C-7900,l2311-C-7900,262.0,0.0,0.0,0.0,1,68.5,0.0,0,262.0,0.0,0.0,0.0,0.0,0.0,5
2023-05-09 21:13:08,l2311-C-7900,l2311-C-7900,262.0,0.0,0.0,0.0,10,69.0,0.0,0,262.0,0.0,0.0,0.0,0.0,0.0,5
2023-05-09 21:13:10,l2311-C-7900,l2311-C-7900,262.0,0.0,0.0,0.0,1,69.5,0.0,0,262.0,0.0,0.0,0.0,0.0,0.0,5
2023-05-09 21:13:10,l2311-C-7900,l2311-C-7900,262.0,0.0,0.0,0.0,10,70.0,0.0,0,262.0,0.0,0.0,0.0,0.0,0.0,5
2023-05-09 21:13:12,l2311-C-7900,l2311-C-7900,262.0,0.0,0.0,0.0,1,70.5,0.0,0,262.0,0.0,0.0,0.0,0.0,0.0,5
2023-05-09 21:13:12,l2311-C-7900,l2311-C-7900,262.0,0.0,0.0,0.0,10,71.0,0.0,0,262.0,0.0,0.0,0.0,0.0,0.0,5
2023-05-09 21:13:13,l2311-C-7900,l2311-C-7900,262.0,0.0,0.0,0.0,1,71.5,0.0,0,262.0,0.0,0.0,0.0,0.0,0.0,5
2023-05-09 21:13:13,l2311-C-7900,l2311-C-7900,262.0,0.0,0.0,0.0,10,72.0,0.0,0,262.0,0.0,0.0,0.0,0.0,0.0,5
2023-05-09 21:13:15,l2311-C-7900,l2311-C-7900,262.0,0.0,0.0,0.0,1,72.5,0.0,0,262.0,0.0,0.0,0.0,0.0,0.0,5
2023-05-09 21:13:15,l2311-C-7900,l2311-C-7900,262.0,0.0,0.0,0.0,10,73.0,0.0,0,262.0,0.0,0.0,0.0,0.0,0.0,5
2023-05-09 21:13:17,l2311-C-7900,l2311-C-7900,262.0,0.0,0.0,0.0,1,73.5,0.0,0,262.0,0.0,0.0,0.0,0.0,0.0,5
2023-05-09 21:13:17,l2311-C-7900,l2311-C-7900,262.0,0.0,0.0,0.0,10,74.0,0.0,0,262.0,0.0,0.0,0.0,0.0,0.0,5
2023-05-09 21:13:19,l2311-C-7900,l2311-C-7900,262.0,0.0,0.0,0.0,1,74.5,0.0,0,262.0,0.0,0.0,0.0,0.0,0.0,5
2023-05-09 21:13:19,l2311-C-7900,l2311-C-7900,262.0,0.0,0.0,0.0,10,75.0,0.0,0,262.0,0.0,0.0,0.0,0.0,0.0,5
2023-05-09 21:13:20,l2311-C-7900,l2311-C-7900,262.0,0.0,0.0,0.0,1,75.5,0.0,0,262.0,0.0,0.0,0.0,0.0,0.0,5
2023-05-09 21:13:20,l2311-C-7900,l2311-C-7900,262.0,0.0,0.0,0.0,10,76.0,0.0,0,262.0,0.0,0.0,0.0,0.0,0.0,5
2023-05-09 21:13:22,l2311-C-7900,l2311-C-7900,262.0,0.0,0.0,0.0,1,76.5,0.0,0,262.0,0.0,0.0,0.0,0.0,0.0,5
2023-05-09 21:13:22,l2311-C-7900,l2311-C-7900,262.0,0.0,0.0,0.0,10,77.0,0.0,0,262.0,0.0,0.0,0.0,0.0,0.0,5
2023-05-09 21:13:24,l2311-C-7900,l2311-C-7900,262.0,0.0,0.0,0.0,1,77.5,0.0,0,262.0,0.0,0.0,0.0,0.0,0.0,5
2023-05-09 21:13:24,l2311-C-7900,l2311-C-7900,262.0,0.0,0.0,0.0,10,78.0,0.0,0,262.0,0.0,0.0,0.0,0.0,0.0,5
2023-05-09 21:13:25,l2311-C-7900,l2311-C-7900,262.0,0.0,0.0,0.0,1,78.5,0.0,0,262.0,0.0,0.0,0.0,0.0,0.0,5
2023-05-09 21:13:25,l2311-C-7900,l2311-C-7900,262.0,0.0,0.0,0.0,10,79.0,0.0,0,262.0,0.0,0.0,0.0,0.0,0.0,5
2023-05-09 21:13:27,l2311-C-7900,l2311-C-7900,262.0,0.0,0.0,0.0,1,79.5,0.0,0,262.0,0.0,0.0,0.0,0.0,0.0,5
2023-05-09 21:13:27,l2311-C-7900,l2311-C-7900,262.0,0.0,0.0,0.0,10,80.0,0.0,0,262.0,0.0,0.0,0.0,0.0,0.0,5
2023-05-09 21:13:29,l2311-C-7900,l2311-C-7900,262.0,0.0,0.0,0.0,1,80.5,0.0,0,262.0,0.0,0.0,0.0,0.0,0.0,5
2023-05-09 21:13:29,l2311-C-7900,l2311-C-7900,262.0,0.0,0.0,0.0,10,81.0,0.0,0,262.0,0.0,0.0,0.0,0.0,0.0,5
2023-05-09 21:13:31,l2311-C-7900,l2311-C-7900,262.0,0.0,0.0,0.0,1,81.5,0.0,0,262.0,0.0,0.0,0.0,0.0,0.0,5
2023-05-09 21:13:31,l2311-C-7900,l2311-C-7900,262.0,0.0,0.0,0.0,10,82.0,0.0,0,262.0,0.0,0.0,0.0,0.0,0.0,5
2023-05-09 21:13:33,l2311-C-7900,l2311-C-7900,262.0,0.0,0.0,0.0,1,82.5,0.0,0,262.0,0.0,0.0,0.0,0.0,0.0,5
2023-05-09 21:13:33,l2311-C-7900,l2311-C-7900,262.0,0.0,0.0,0.0,10,83.0,0.0,0,262.0,0.0,0.0,0.0,0.0,0.0,5
2023-05-09 21:13:34,l2311-C-7900,l2311-C-7900,262.0,0.0,0.0,0.0,1,83.5,0.0,0,262.0,0.0,0.0,0.0,0.0,0.0,5
2023-05-09 21:13:34,l2311-C-7900,l2311-C-7900,262.0,0.0,0.0,0.0,10,84.0,0.0,0,262.0,0.0,0.0,0.0,0.0,0.0,5
2023-05-09 21:13:36,l2311-C-7900,l2311-C-7900,262.0,0.0,0.0,0.0,1,84.5,0.0,0,262.0,0.0,0.0,0.0,0.0,0.0,5
2023-05-09 21:13:36,l2311-C-7900,l2311-C-7900,262.0,0.0,0.0,0.0,10,85.0,0.0,0,262.0,0.0,0.0,0.0,0.0,0.0,5
2023-05-09 21:13:38,l2311-C-7900,l2311-C-7900,262.0,0.0,0.0,0.0,1,85.5,0.0,0,262.0,0.0,0.0,0.0,0.0,0.0,5
2023-05-09 21:13:38,l2311-C-7900,l2311-C-7900,262.0,0.0,0.0,0.0,10,86.0,0.0,0,262.0,0.0,0.0,0.0,0.0,0.0,5
2023-05-09 21:13:39,l2311-C-7900,l2311-C-7900,262.0,0.0,0.0,0.0,1,86.5,0.0,0,262.0,0.0,0.0,0.0,0.0,0.0,5
2023-05-09 21:13:39,l2311-C-7900,l2311-C-7900,262.0,0.0,0.0,0.0,10,87.0,0.0,0,262.0,0.0,0.0,0.0,0.0,0.0,5
2023-05-09 21:13:41,l2311-C-7900,l2311-C-7900,262.0,0.0,0.0,0.0,1,87.5,0.0,0,262.0,0.0,0.0,0.0,0.0,0.0,5
2023-05-09 21:13:41,l2311-C-7900,l2311-C-7900,262.0,0.0,0.0,0.0,10,88.0,0.0,0,262.0,0.0,0.0,0.0,0.0,0.0,5
2023-05-09 21:13:43,l2311-C-7900,l2311-C-7900,262.0,0.0,0.0,0.0,10,89.0,0.0,0,262.0,0.0,0.0,0.0,0.0,0.0,5
2023-05-09 21:13:44,l2311-C-7900,l2311-C-7900,262.0,0.0,0.0,0.0,1,89.5,0.0,0,262.0,0.0,0.0,0.0,0.0,0.0,5
2023-05-09 21:13:44,l2311-C-7900,l2311-C-7900,262.0,0.0,0.0,0.0,10,90.0,0.0,0,262.0,0.0,0.0,0.0,0.0,0.0,5
2023-05-09 21:13:46,l2311-C-7900,l2311-C-7900,262.0,0.0,0.0,0.0,1,90.5,0.0,0,262.0,0.0,0.0,0.0,0.0,0.0,5
2023-05-09 21:13:46,l2311-C-7900,l2311-C-7900,262.0,0.0,0.0,0.0,10,91.0,0.0,0,262.0,0.0,0.0,0.0,0.0,0.0,5
2023-05-09 21:13:47,l2311-C-7900,l2311-C-7900,262.0,0.0,0.0,0.0,1,91.5,0.0,0,262.0,0.0,0.0,0.0,0.0,0.0,5
2023-05-09 21:13:47,l2311-C-7900,l2311-C-7900,262.0,0.0,0.0,0.0,10,92.0,0.0,0,262.0,0.0,0.0,0.0,0.0,0.0,5
2023-05-09 21:13:49,l2311-C-7900,l2311-C-7900,262.0,0.0,0.0,0.0,1,92.5,0.0,0,262.0,0.0,0.0,0.0,0.0,0.0,5
2023-05-09 21:13:49,l2311-C-7900,l2311-C-7900,262.0,0.0,0.0,0.0,10,93.0,0.0,0,262.0,0.0,0.0,0.0,0.0,0.0,5
2023-05-09 21:13:50,l2311-C-7900,l2311-C-7900,262.0,0.0,0.0,0.0,1,93.5,0.0,0,262.0,0.0,0.0,0.0,0.0,0.0,5
2023-05-09 21:13:50,l2311-C-7900,l2311-C-7900,262.0,0.0,0.0,0.0,10,94.0,0.0,0,262.0,0.0,0.0,0.0,0.0,0.0,5
2023-05-09 21:13:52,l2311-C-7900,l2311-C-7900,262.0,0.0,0.0,0.0,1,94.5,0.0,0,262.0,0.0,0.0,0.0,0.0,0.0,5
2023-05-09 21:13:52,l2311-C-7900,l2311-C-7900,262.0,0.0,0.0,0.0,10,95.0,0.0,0,262.0,0.0,0.0,0.0,0.0,0.0,5
2023-05-09 21:13:55,l2311-C-7900,l2311-C-7900,262.0,0.0,0.0,0.0,1,95.5,0.0,0,262.0,0.0,0.0,0.0,0.0,0.0,5
2023-05-09 21:13:55,l2311-C-7900,l2311-C-7900,262.0,0.0,0.0,0.0,10,96.0,0.0,0,262.0,0.0,0.0,0.0,0.0,0.0,5
2023-05-09 21:13:57,l2311-C-7900,l2311-C-7900,262.0,0.0,0.0,0.0,1,96.5,0.0,0,262.0,0.0,0.0,0.0,0.0,0.0,5
2023-05-09 21:13:57,l2311-C-7900,l2311-C-7900,262.0,0.0,0.0,0.0,10,97.0,0.0,0,262.0,0.0,0.0,0.0,0.0,0.0,5
2023-05-09 21:14:00,l2311-C-7900,l2311-C-7900,262.0,0.0,0.0,0.0,1,97.5,0.0,0,262.0,0.0,0.0,0.0,0.0,0.0,5
2023-05-09 21:14:00,l2311-C-7900,l2311-C-7900,262.0,0.0,0.0,0.0,10,98.0,0.0,0,262.0,0.0,0.0,0.0,0.0,0.0,5
2023-05-09 21:14:02,l2311-C-7900,l2311-C-7900,262.0,0.0,0.0,0.0,1,98.5,0.0,0,262.0,0.0,0.0,0.0,0.0,0.0,5
2023-05-09 21:14:02,l2311-C-7900,l2311-C-7900,262.0,0.0,0.0,0.0,10,99.0,0.0,0,262.0,0.0,0.0,0.0,0.0,0.0,5
2023-05-09 21:14:05,l2311-C-7900,l2311-C-7900,262.0,0.0,0.0,0.0,1,99.5,0.0,0,262.0,0.0,0.0,0.0,0.0,0.0,5
2023-05-09 21:14:05,l2311-C-7900,l2311-C-7900,262.0,0.0,0.0,0.0,10,100.0,0.0,0,262.0,0.0,0.0,0.0,0.0,0.0,5
2023-05-09 21:14:07,l2311-C-7900,l2311-C-7900,262.0,0.0,0.0,0.0,1,100.5,0.0,0,262.0,0.0,0.0,0.0,0.0,0.0,5
2023-05-09 21:14:07,l2311-C-7900,l2311-C-7900,262.0,0.0,0.0,0.0,10,101.0,0.0,0,262.0,0.0,0.0,0.0,0.0,0.0,5
2023-05-09 21:14:10,l2311-C-7900,l2311-C-7900,262.0,0.0,0.0,0.0,1,101.5,0.0,0,262.0,0.0,0.0,0.0,0.0,0.0,5
2023-05-09 21:14:10,l2311-C-7900,l2311-C-7900,262.0,0.0,0.0,0.0,10,102.0,0.0,0,262.0,0.0,0.0,0.0,0.0,0.0,5
2023-05-09 21:14:13,l2311-C-7900,l2311-C-7900,262.0,0.0,0.0,0.0,1,102.5,0.0,0,262.0,0.0,0.0,0.0,0.0,0.0,5
2023-05-09 21:14:13,l2311-C-7900,l2311-C-7900,262.0,0.0,0.0,0.0,10,103.0,0.0,0,262.0,0.0,0.0,0.0,0.0,0.0,5
2023-05-09 21:14:15,l2311-C-7900,l2311-C-7900,262.0,0.0,0.0,0.0,1,103.5,0.0,0,262.0,0.0,0.0,0.0,0.0,0.0,5
2023-05-09 21:14:15,l2311-C-7900,l2311-C-7900,262.0,0.0,0.0,0.0,10,104.0,0.0,0,262.0,0.0,0.0,0.0,0.0,0.0,5
2023-05-09 21:14:18,l2311-C-7900,l2311-C-7900,262.0,0.0,0.0,0.0,1,104.5,0.0,0,262.0,0.0,0.0,0.0,0.0,0.0,5
2023-05-09 21:14:18,l2311-C-7900,l2311-C-7900,262.0,0.0,0.0,0.0,10,105.0,0.0,0,262.0,0.0,0.0,0.0,0.0,0.0,5
2023-05-09 21:14:20,l2311-C-7900,l2311-C-7900,262.0,0.0,0.0,0.0,1,105.5,0.0,0,262.0,0.0,0.0,0.0,0.0,0.0,5
2023-05-09 21:14:20,l2311-C-7900,l2311-C-7900,262.0,0.0,0.0,0.0,10,106.0,0.0,0,262.0,0.0,0.0,0.0,0.0,0.0,5
2023-05-09 21:14:23,l2311-C-7900,l2311-C-7900,262.0,0.0,0.0,0.0,1,106.5,0.0,0,262.0,0.0,0.0,0.0,0.0,0.0,5
2023-05-09 21:14:23,l2311-C-7900,l2311-C-7900,262.0,0.0,0.0,0.0,10,107.0,0.0,0,262.0,0.0,0.0,0.0,0.0,0.0,5
2023-05-09 21:14:25,l2311-C-7900,l2311-C-7900,262.0,0.0,0.0,0.0,1,107.5,0.0,0,262.0,0.0,0.0,0.0,0.0,0.0,5
2023-05-09 21:14:25,l2311-C-7900,l2311-C-7900,262.0,0.0,0.0,0.0,10,108.0,0.0,0,262.0,0.0,0.0,0.0,0.0,0.0,5
2023-05-09 21:14:27,l2311-C-7900,l2311-C-7900,262.0,0.0,0.0,0.0,1,108.5,0.0,0,262.0,0.0,0.0,0.0,0.0,0.0,5
2023-05-09 21:14:27,l2311-C-7900,l2311-C-7900,262.0,0.0,0.0,0.0,10,109.0,0.0,0,262.0,0.0,0.0,0.0,0.0,0.0,5
2023-05-09 21:14:29,l2311-C-7900,l2311-C-7900,262.0,0.0,0.0,0.0,1,109.5,0.0,0,262.0,0.0,0.0,0.0,0.0,0.0,5
2023-05-09 21:14:29,l2311-C-7900,l2311-C-7900,262.0,0.0,0.0,0.0,10,110.0,0.0,0,262.0,0.0,0.0,0.0,0.0,0.0,5
2023-05-09 21:14:31,l2311-C-7900,l2311-C-7900,262.0,0.0,0.0,0.0,1,110.5,0.0,0,262.0,0.0,0.0,0.0,0.0,0.0,5
2023-05-09 21:14:31,l2311-C-7900,l2311-C-7900,262.0,0.0,0.0,0.0,10,111.0,0.0,0,262.0,0.0,0.0,0.0,0.0,0.0,5
2023-05-09 21:14:33,l2311-C-7900,l2311-C-7900,262.0,0.0,0.0,0.0,1,111.5,0.0,0,262.0,0.0,0.0,0.0,0.0,0.0,5
2023-05-09 21:14:33,l2311-C-7900,l2311-C-7900,262.0,0.0,0.0,0.0,10,112.0,0.0,0,262.0,0.0,0.0,0.0,0.0,0.0,5
2023-05-09 21:14:35,l2311-C-7900,l2311-C-7900,262.0,0.0,0.0,0.0,1,112.5,0.0,0,262.0,0.0,0.0,0.0,0.0,0.0,5
2023-05-09 21:14:35,l2311-C-7900,l2311-C-7900,262.0,0.0,0.0,0.0,10,113.0,0.0,0,262.0,0.0,0.0,0.0,0.0,0.0,5
2023-05-09 21:14:37,l2311-C-7900,l2311-C-7900,262.0,0.0,0.0,0.0,1,113.5,0.0,0,262.0,0.0,0.0,0.0,0.0,0.0,5
2023-05-09 21:14:37,l2311-C-7900,l2311-C-7900,262.0,0.0,0.0,0.0,10,114.0,0.0,0,262.0,0.0,0.0,0.0,0.0,0.0,5
2023-05-09 21:14:39,l2311-C-7900,l2311-C-7900,262.0,0.0,0.0,0.0,1,114.5,0.0,0,262.0,0.0,0.0,0.0,0.0,0.0,5
2023-05-09 21:14:39,l2311-C-7900,l2311-C-7900,262.0,0.0,0.0,0.0,10,115.0,0.0,0,262.0,0.0,0.0,0.0,0.0,0.0,5
2023-05-09 21:14:41,l2311-C-7900,l2311-C-7900,262.0,0.0,0.0,0.0,1,115.5,0.0,0,262.0,0.0,0.0,0.0,0.0,0.0,5
2023-05-09 21:14:41,l2311-C-7900,l2311-C-7900,262.0,0.0,0.0,0.0,10,116.0,0.0,0,262.0,0.0,0.0,0.0,0.0,0.0,5
2023-05-09 21:14:43,l2311-C-7900,l2311-C-7900,262.0,0.0,0.0,0.0,1,116.5,0.0,0,262.0,0.0,0.0,0.0,0.0,0.0,5
2023-05-09 21:14:43,l2311-C-7900,l2311-C-7900,262.0,0.0,0.0,0.0,10,117.0,0.0,0,262.0,0.0,0.0,0.0,0.0,0.0,5
2023-05-09 21:14:45,l2311-C-7900,l2311-C-7900,262.0,0.0,0.0,0.0,1,117.5,0.0,0,262.0,0.0,0.0,0.0,0.0,0.0,5
2023-05-09 21:14:45,l2311-C-7900,l2311-C-7900,262.0,0.0,0.0,0.0,10,118.0,0.0,0,262.0,0.0,0.0,0.0,0.0,0.0,5
2023-05-09 21:14:47,l2311-C-7900,l2311-C-7900,262.0,0.0,0.0,0.0,1,118.5,0.0,0,262.0,0.0,0.0,0.0,0.0,0.0,5
2023-05-09 21:14:47,l2311-C-7900,l2311-C-7900,262.0,0.0,0.0,0.0,10,119.0,0.0,0,262.0,0.0,0.0,0.0,0.0,0.0,5
2023-05-09 21:14:48,l2311-C-7900,l2311-C-7900,262.0,0.0,0.0,0.0,1,119.5,0.0,0,262.0,0.0,0.0,0.0,0.0,0.0,5
2023-05-09 21:14:48,l2311-C-7900,l2311-C-7900,262.0,0.0,0.0,0.0,10,120.0,0.0,0,262.0,0.0,0.0,0.0,0.0,0.0,5
2023-05-09 21:14:50,l2311-C-7900,l2311-C-7900,262.0,0.0,0.0,0.0,1,120.5,0.0,0,262.0,0.0,0.0,0.0,0.0,0.0,5
2023-05-09 21:14:50,l2311-C-7900,l2311-C-7900,262.0,0.0,0.0,0.0,10,121.0,0.0,0,262.0,0.0,0.0,0.0,0.0,0.0,5
2023-05-09 21:14:52,l2311-C-7900,l2311-C-7900,262.0,0.0,0.0,0.0,1,121.5,0.0,0,262.0,0.0,0.0,0.0,0.0,0.0,5
2023-05-09 21:14:52,l2311-C-7900,l2311-C-7900,262.0,0.0,0.0,0.0,10,122.0,0.0,0,262.0,0.0,0.0,0.0,0.0,0.0,5
2023-05-09 21:14:53,l2311-C-7900,l2311-C-7900,262.0,0.0,0.0,0.0,1,122.5,0.0,0,262.0,0.0,0.0,0.0,0.0,0.0,5
2023-05-09 21:14:53,l2311-C-7900,l2311-C-7900,262.0,0.0,0.0,0.0,10,123.0,0.0,0,262.0,0.0,0.0,0.0,0.0,0.0,5
2023-05-09 21:14:55,l2311-C-7900,l2311-C-7900,262.0,0.0,0.0,0.0,1,123.5,0.0,0,262.0,0.0,0.0,0.0,0.0,0.0,5
2023-05-09 21:14:55,l2311-C-7900,l2311-C-7900,262.0,0.0,0.0,0.0,10,124.0,0.0,0,262.0,0.0,0.0,0.0,0.0,0.0,5
2023-05-09 21:14:56,l2311-C-7900,l2311-C-7900,262.0,0.0,0.0,0.0,1,124.5,0.0,0,262.0,0.0,0.0,0.0,0.0,0.0,5
2023-05-09 21:14:56,l2311-C-7900,l2311-C-7900,262.0,0.0,0.0,0.0,10,125.0,0.0,0,262.0,0.0,0.0,0.0,0.0,0.0,5
2023-05-09 21:14:58,l2311-C-7900,l2311-C-7900,262.0,0.0,0.0,0.0,1,125.5,0.0,0,262.0,0.0,0.0,0.0,0.0,0.0,5
2023-05-09 21:14:58,l2311-C-7900,l2311-C-7900,262.0,0.0,0.0,0.0,10,126.0,0.0,0,262.0,0.0,0.0,0.0,0.0,0.0,5
2023-05-09 21:15:00,l2311-C-7900,l2311-C-7900,262.0,0.0,0.0,0.0,1,126.5,0.0,0,262.0,0.0,0.0,0.0,0.0,0.0,5
2023-05-09 21:15:00,l2311-C-7900,l2311-C-7900,262.0,0.0,0.0,0.0,10,127.0,0.0,0,262.0,0.0,0.0,0.0,0.0,0.0,5
2023-05-09 21:17:31,l2311-C-7900,l2311-C-7900,262.0,0.0,0.0,0.0,1,127.5,0.0,0,262.0,0.0,0.0,0.0,0.0,0.0,5
2023-05-09 21:17:31,l2311-C-7900,l2311-C-7900,262.0,0.0,0.0,0.0,10,128.0,0.0,0,262.0,0.0,0.0,0.0,0.0,0.0,5
2023-05-09 21:50:18,l2311-C-7900,l2311-C-7900,262.0,0.0,0.0,0.0,1,128.5,0.0,0,262.0,0.0,0.0,0.0,0.0,0.0,5
2023-05-09 21:50:18,l2311-C-7900,l2311-C-7900,262.0,0.0,0.0,0.0,10,129.0,0.0,0,262.0,0.0,0.0,0.0,0.0,0.0,5
2023-05-09 22:56:58,l2311-C-7900,l2311-C-7900,262.0,0.0,0.0,0.0,1,2.5,0.0,0,262.0,0.0,0.0,0.0,0.0,0.0,5
2023-05-09 22:56:59,l2311-C-7900,l2311-C-7900,262.0,0.0,0.0,0.0,10,3.5,0.0,0,262.0,0.0,0.0,0.0,0.0,0.0,5
2023-05-09 22:57:01,l2311-C-7900,l2311-C-7900,262.0,0.0,0.0,0.0,1,3.0,0.0,0,262.0,0.0,0.0,0.0,0.0,0.0,5
2023-05-09 22:59:11,l2311-C-7900,l2311-C-7900,262.0,0.0,0.0,0.0,10,3.5,0.0,0,262.0,0.0,0.0,0.0,0.0,0.0,5
2023-05-09 22:59:55,l2311-C-7900,l2311-C-7900,262.0,0.0,0.0,0.0,1,3.0,0.0,0,262.0,0.0,0.0,0.0,0.0,0.0,5
2023-05-10 09:00:14,l2311-C-7900,l2311-C-7900,262.0,0.0,0.0,0.0,10,3.5,0.0,0,262.0,0.0,0.0,0.0,0.0,0.0,5
2023-05-10 09:01:25,l2311-C-7900,l2311-C-7900,262.0,0.0,0.0,0.0,1,4.0,0.0,0,262.0,0.0,0.0,0.0,0.0,0.0,5
2023-05-10 09:01:25,l2311-C-7900,l2311-C-7900,262.0,0.0,0.0,0.0,10,4.5,0.0,0,262.0,0.0,0.0,0.0,0.0,0.0,5
2023-05-10 09:01:45,l2311-C-7900,l2311-C-7900,262.0,0.0,0.0,0.0,1,5.0,0.0,0,262.0,0.0,0.0,0.0,0.0,0.0,5
2023-05-10 09:01:45,l2311-C-7900,l2311-C-7900,262.0,0.0,0.0,0.0,10,5.5,0.0,0,262.0,0.0,0.0,0.0,0.0,0.0,5
2023-05-10 09:05:27,l2311-C-7900,l2311-C-7900,262.0,0.0,0.0,0.0,1,6.0,0.0,0,262.0,0.0,0.0,0.0,0.0,0.0,5
2023-05-10 09:05:27,l2311-C-7900,l2311-C-7900,262.0,0.0,0.0,0.0,10,6.5,0.0,0,262.0,0.0,0.0,0.0,0.0,0.0,5
2023-05-10 09:06:29,l2311-C-7900,l2311-C-7900,262.0,0.0,0.0,0.0,1,7.0,0.0,0,262.0,0.0,0.0,0.0,0.0,0.0,5
2023-05-10 09:06:29,l2311-C-7900,l2311-C-7900,262.0,0.0,0.0,0.0,10,7.5,0.0,0,262.0,0.0,0.0,0.0,0.0,0.0,5
2023-05-10 09:07:20,l2311-C-7900,l2311-C-7900,262.0,0.0,0.0,0.0,1,8.0,0.0,0,262.0,0.0,0.0,0.0,0.0,0.0,5
2023-05-10 09:07:20,l2311-C-7900,l2311-C-7900,262.0,0.0,0.0,0.0,10,8.5,0.0,0,262.0,0.0,0.0,0.0,0.0,0.0,5
2023-05-10 09:07:26,l2311-C-7900,l2311-C-7900,262.0,0.0,0.0,0.0,1,9.0,0.0,0,262.0,0.0,0.0,0.0,0.0,0.0,5
2023-05-10 09:07:26,l2311-C-7900,l2311-C-7900,262.0,0.0,0.0,0.0,10,9.5,0.0,0,262.0,0.0,0.0,0.0,0.0,0.0,5
2023-05-10 09:07:29,l2311-C-7900,l2311-C-7900,262.0,0.0,0.0,0.0,1,10.0,0.0,0,262.0,0.0,0.0,0.0,0.0,0.0,5
2023-05-10 09:07:29,l2311-C-7900,l2311-C-7900,262.0,0.0,0.0,0.0,10,10.5,0.0,0,262.0,0.0,0.0,0.0,0.0,0.0,5
2023-05-10 09:07:32,l2311-C-7900,l2311-C-7900,262.0,0.0,0.0,0.0,1,11.0,0.0,0,262.0,0.0,0.0,0.0,0.0,0.0,5
2023-05-10 09:07:32,l2311-C-7900,l2311-C-7900,262.0,0.0,0.0,0.0,10,11.5,0.0,0,262.0,0.0,0.0,0.0,0.0,0.0,5
2023-05-10 09:07:36,l2311-C-7900,l2311-C-7900,262.0,0.0,0.0,0.0,1,12.0,0.0,0,262.0,0.0,0.0,0.0,0.0,0.0,5
2023-05-10 09:07:36,l2311-C-7900,l2311-C-7900,262.0,0.0,0.0,0.0,10,12.5,0.0,0,262.0,0.0,0.0,0.0,0.0,0.0,5
2023-05-10 09:07:38,l2311-C-7900,l2311-C-7900,262.0,0.0,0.0,0.0,1,13.0,0.0,0,262.0,0.0,0.0,0.0,0.0,0.0,5
2023-05-10 09:07:38,l2311-C-7900,l2311-C-7900,262.0,0.0,0.0,0.0,10,13.5,0.0,0,262.0,0.0,0.0,0.0,0.0,0.0,5
2023-05-10 09:07:44,l2311-C-7900,l2311-C-7900,262.0,0.0,0.0,0.0,1,14.0,0.0,0,262.0,0.0,0.0,0.0,0.0,0.0,5
2023-05-10 09:07:44,l2311-C-7900,l2311-C-7900,262.0,0.0,0.0,0.0,10,14.5,0.0,0,262.0,0.0,0.0,0.0,0.0,0.0,5
2023-05-10 09:07:48,l2311-C-7900,l2311-C-7900,262.0,0.0,0.0,0.0,1,15.0,0.0,0,262.0,0.0,0.0,0.0,0.0,0.0,5
2023-05-10 09:07:48,l2311-C-7900,l2311-C-7900,262.0,0.0,0.0,0.0,10,15.5,0.0,0,262.0,0.0,0.0,0.0,0.0,0.0,5
2023-05-10 09:07:51,l2311-C-7900,l2311-C-7900,262.0,0.0,0.0,0.0,1,16.0,0.0,0,262.0,0.0,0.0,0.0,0.0,0.0,5
2023-05-10 09:07:51,l2311-C-7900,l2311-C-7900,262.0,0.0,0.0,0.0,10,16.5,0.0,0,262.0,0.0,0.0,0.0,0.0,0.0,5
2023-05-10 09:07:55,l2311-C-7900,l2311-C-7900,262.0,0.0,0.0,0.0,1,17.0,0.0,0,262.0,0.0,0.0,0.0,0.0,0.0,5
2023-05-10 09:07:55,l2311-C-7900,l2311-C-7900,262.0,0.0,0.0,0.0,10,17.5,0.0,0,262.0,0.0,0.0,0.0,0.0,0.0,5
2023-05-10 09:07:58,l2311-C-7900,l2311-C-7900,262.0,0.0,0.0,0.0,1,18.0,0.0,0,262.0,0.0,0.0,0.0,0.0,0.0,5
2023-05-10 09:07:58,l2311-C-7900,l2311-C-7900,262.0,0.0,0.0,0.0,10,18.5,0.0,0,262.0,0.0,0.0,0.0,0.0,0.0,5
2023-05-10 09:08:01,l2311-C-7900,l2311-C-7900,262.0,0.0,0.0,0.0,1,19.0,0.0,0,262.0,0.0,0.0,0.0,0.0,0.0,5
2023-05-10 09:08:01,l2311-C-7900,l2311-C-7900,262.0,0.0,0.0,0.0,10,19.5,0.0,0,262.0,0.0,0.0,0.0,0.0,0.0,5
2023-05-10 09:08:04,l2311-C-7900,l2311-C-7900,262.0,0.0,0.0,0.0,1,20.0,0.0,0,262.0,0.0,0.0,0.0,0.0,0.0,5
2023-05-10 09:08:04,l2311-C-7900,l2311-C-7900,262.0,0.0,0.0,0.0,10,20.5,0.0,0,262.0,0.0,0.0,0.0,0.0,0.0,5
2023-05-10 09:08:07,l2311-C-7900,l2311-C-7900,262.0,0.0,0.0,0.0,1,21.0,0.0,0,262.0,0.0,0.0,0.0,0.0,0.0,5
2023-05-10 09:08:07,l2311-C-7900,l2311-C-7900,262.0,0.0,0.0,0.0,10,21.5,0.0,0,262.0,0.0,0.0,0.0,0.0,0.0,5
2023-05-10 09:08:11,l2311-C-7900,l2311-C-7900,262.0,0.0,0.0,0.0,1,22.0,0.0,0,262.0,0.0,0.0,0.0,0.0,0.0,5
2023-05-10 09:08:11,l2311-C-7900,l2311-C-7900,262.0,0.0,0.0,0.0,10,22.5,0.0,0,262.0,0.0,0.0,0.0,0.0,0.0,5
2023-05-10 09:08:14,l2311-C-7900,l2311-C-7900,262.0,0.0,0.0,0.0,1,23.0,0.0,0,262.0,0.0,0.0,0.0,0.0,0.0,5
2023-05-10 09:08:14,l2311-C-7900,l2311-C-7900,262.0,0.0,0.0,0.0,10,23.5,0.0,0,262.0,0.0,0.0,0.0,0.0,0.0,5
2023-05-10 09:08:17,l2311-C-7900,l2311-C-7900,262.0,0.0,0.0,0.0,1,24.0,0.0,0,262.0,0.0,0.0,0.0,0.0,0.0,5
2023-05-10 09:08:17,l2311-C-7900,l2311-C-7900,262.0,0.0,0.0,0.0,10,24.5,0.0,0,262.0,0.0,0.0,0.0,0.0,0.0,5
2023-05-10 09:08:20,l2311-C-7900,l2311-C-7900,262.0,0.0,0.0,0.0,1,25.0,0.0,0,262.0,0.0,0.0,0.0,0.0,0.0,5
2023-05-10 09:08:20,l2311-C-7900,l2311-C-7900,262.0,0.0,0.0,0.0,10,25.5,0.0,0,262.0,0.0,0.0,0.0,0.0,0.0,5
2023-05-10 09:08:23,l2311-C-7900,l2311-C-7900,262.0,0.0,0.0,0.0,1,26.0,0.0,0,262.0,0.0,0.0,0.0,0.0,0.0,5
2023-05-10 09:08:23,l2311-C-7900,l2311-C-7900,262.0,0.0,0.0,0.0,10,26.5,0.0,0,262.0,0.0,0.0,0.0,0.0,0.0,5
2023-05-10 09:08:26,l2311-C-7900,l2311-C-7900,262.0,0.0,0.0,0.0,1,27.0,0.0,0,262.0,0.0,0.0,0.0,0.0,0.0,5
2023-05-10 09:08:26,l2311-C-7900,l2311-C-7900,262.0,0.0,0.0,0.0,10,27.5,0.0,0,262.0,0.0,0.0,0.0,0.0,0.0,5
2023-05-10 09:08:29,l2311-C-7900,l2311-C-7900,262.0,0.0,0.0,0.0,1,28.0,0.0,0,262.0,0.0,0.0,0.0,0.0,0.0,5
2023-05-10 09:08:29,l2311-C-7900,l2311-C-7900,262.0,0.0,0.0,0.0,10,28.5,0.0,0,262.0,0.0,0.0,0.0,0.0,0.0,5
2023-05-10 09:08:33,l2311-C-7900,l2311-C-7900,262.0,0.0,0.0,0.0,1,29.0,0.0,0,262.0,0.0,0.0,0.0,0.0,0.0,5
2023-05-10 09:08:33,l2311-C-7900,l2311-C-7900,262.0,0.0,0.0,0.0,10,29.5,0.0,0,262.0,0.0,0.0,0.0,0.0,0.0,5
2023-05-10 09:08:36,l2311-C-7900,l2311-C-7900,262.0,0.0,0.0,0.0,1,30.0,0.0,0,262.0,0.0,0.0,0.0,0.0,0.0,5
2023-05-10 09:08:36,l2311-C-7900,l2311-C-7900,262.0,0.0,0.0,0.0,10,30.5,0.0,0,262.0,0.0,0.0,0.0,0.0,0.0,5
2023-05-10 09:08:39,l2311-C-7900,l2311-C-7900,262.0,0.0,0.0,0.0,1,31.0,0.0,0,262.0,0.0,0.0,0.0,0.0,0.0,5
2023-05-10 09:08:39,l2311-C-7900,l2311-C-7900,262.0,0.0,0.0,0.0,10,31.5,0.0,0,262.0,0.0,0.0,0.0,0.0,0.0,5
2023-05-10 09:08:42,l2311-C-7900,l2311-C-7900,262.0,0.0,0.0,0.0,1,32.0,0.0,0,262.0,0.0,0.0,0.0,0.0,0.0,5
2023-05-10 09:08:42,l2311-C-7900,l2311-C-7900,262.0,0.0,0.0,0.0,10,32.5,0.0,0,262.0,0.0,0.0,0.0,0.0,0.0,5
2023-05-10 09:08:46,l2311-C-7900,l2311-C-7900,262.0,0.0,0.0,0.0,1,33.0,0.0,0,262.0,0.0,0.0,0.0,0.0,0.0,5
2023-05-10 09:08:46,l2311-C-7900,l2311-C-7900,262.0,0.0,0.0,0.0,10,33.5,0.0,0,262.0,0.0,0.0,0.0,0.0,0.0,5
2023-05-10 09:08:49,l2311-C-7900,l2311-C-7900,262.0,0.0,0.0,0.0,1,34.0,0.0,0,262.0,0.0,0.0,0.0,0.0,0.0,5
2023-05-10 09:08:49,l2311-C-7900,l2311-C-7900,262.0,0.0,0.0,0.0,10,34.5,0.0,0,262.0,0.0,0.0,0.0,0.0,0.0,5
2023-05-10 09:08:53,l2311-C-7900,l2311-C-7900,262.0,0.0,0.0,0.0,1,35.0,0.0,0,262.0,0.0,0.0,0.0,0.0,0.0,5
2023-05-10 09:08:53,l2311-C-7900,l2311-C-7900,262.0,0.0,0.0,0.0,10,35.5,0.0,0,262.0,0.0,0.0,0.0,0.0,0.0,5
2023-05-10 09:08:57,l2311-C-7900,l2311-C-7900,262.0,0.0,0.0,0.0,1,36.0,0.0,0,262.0,0.0,0.0,0.0,0.0,0.0,5
2023-05-10 09:08:57,l2311-C-7900,l2311-C-7900,262.0,0.0,0.0,0.0,10,36.5,0.0,0,262.0,0.0,0.0,0.0,0.0,0.0,5
2023-05-10 09:11:48,l2311-C-7900,l2311-C-7900,262.0,0.0,0.0,0.0,1,37.0,0.0,0,262.0,0.0,0.0,0.0,0.0,0.0,5
2023-05-10 09:11:48,l2311-C-7900,l2311-C-7900,262.0,0.0,0.0,0.0,10,37.5,0.0,0,262.0,0.0,0.0,0.0,0.0,0.0,5
2023-05-10 09:11:51,l2311-C-7900,l2311-C-7900,262.0,0.0,0.0,0.0,1,38.0,0.0,0,262.0,0.0,0.0,0.0,0.0,0.0,5
2023-05-10 09:11:51,l2311-C-7900,l2311-C-7900,262.0,0.0,0.0,0.0,10,38.5,0.0,0,262.0,0.0,0.0,0.0,0.0,0.0,5
2023-05-10 09:11:54,l2311-C-7900,l2311-C-7900,262.0,0.0,0.0,0.0,1,39.0,0.0,0,262.0,0.0,0.0,0.0,0.0,0.0,5
2023-05-10 09:11:54,l2311-C-7900,l2311-C-7900,262.0,0.0,0.0,0.0,10,39.5,0.0,0,262.0,0.0,0.0,0.0,0.0,0.0,5
2023-05-10 09:11:56,l2311-C-7900,l2311-C-7900,262.0,0.0,0.0,0.0,1,40.0,0.0,0,262.0,0.0,0.0,0.0,0.0,0.0,5
2023-05-10 09:11:56,l2311-C-7900,l2311-C-7900,262.0,0.0,0.0,0.0,10,40.5,0.0,0,262.0,0.0,0.0,0.0,0.0,0.0,5
2023-05-10 09:11:59,l2311-C-7900,l2311-C-7900,262.0,0.0,0.0,0.0,1,41.0,0.0,0,262.0,0.0,0.0,0.0,0.0,0.0,5
2023-05-10 09:11:59,l2311-C-7900,l2311-C-7900,262.0,0.0,0.0,0.0,10,41.5,0.0,0,262.0,0.0,0.0,0.0,0.0,0.0,5
2023-05-10 09:12:00,l2311-C-7900,l2311-C-7900,262.0,0.0,0.0,0.0,1,42.0,0.0,0,262.0,0.0,0.0,0.0,0.0,0.0,5
2023-05-10 09:12:00,l2311-C-7900,l2311-C-7900,262.0,0.0,0.0,0.0,10,42.5,0.0,0,262.0,0.0,0.0,0.0,0.0,0.0,5
2023-05-10 09:12:02,l2311-C-7900,l2311-C-7900,262.0,0.0,0.0,0.0,1,43.0,0.0,0,262.0,0.0,0.0,0.0,0.0,0.0,5
2023-05-10 09:12:02,l2311-C-7900,l2311-C-7900,262.0,0.0,0.0,0.0,10,43.5,0.0,0,262.0,0.0,0.0,0.0,0.0,0.0,5
2023-05-10 09:12:04,l2311-C-7900,l2311-C-7900,262.0,0.0,0.0,0.0,1,44.0,0.0,0,262.0,0.0,0.0,0.0,0.0,0.0,5
2023-05-10 09:12:04,l2311-C-7900,l2311-C-7900,262.0,0.0,0.0,0.0,10,44.5,0.0,0,262.0,0.0,0.0,0.0,0.0,0.0,5
2023-05-10 09:12:06,l2311-C-7900,l2311-C-7900,262.0,0.0,0.0,0.0,1,45.0,0.0,0,262.0,0.0,0.0,0.0,0.0,0.0,5
2023-05-10 09:12:06,l2311-C-7900,l2311-C-7900,262.0,0.0,0.0,0.0,10,45.5,0.0,0,262.0,0.0,0.0,0.0,0.0,0.0,5
2023-05-10 09:12:09,l2311-C-7900,l2311-C-7900,262.0,0.0,0.0,0.0,1,46.0,0.0,0,262.0,0.0,0.0,0.0,0.0,0.0,5
2023-05-10 09:12:09,l2311-C-7900,l2311-C-7900,262.0,0.0,0.0,0.0,10,46.5,0.0,0,262.0,0.0,0.0,0.0,0.0,0.0,5
2023-05-10 09:12:11,l2311-C-7900,l2311-C-7900,262.0,0.0,0.0,0.0,1,47.0,0.0,0,262.0,0.0,0.0,0.0,0.0,0.0,5
2023-05-10 09:12:11,l2311-C-7900,l2311-C-7900,262.0,0.0,0.0,0.0,10,47.5,0.0,0,262.0,0.0,0.0,0.0,0.0,0.0,5
2023-05-10 09:12:13,l2311-C-7900,l2311-C-7900,262.0,0.0,0.0,0.0,1,48.0,0.0,0,262.0,0.0,0.0,0.0,0.0,0.0,5
2023-05-10 09:12:13,l2311-C-7900,l2311-C-7900,262.0,0.0,0.0,0.0,10,48.5,0.0,0,262.0,0.0,0.0,0.0,0.0,0.0,5
2023-05-10 09:12:15,l2311-C-7900,l2311-C-7900,262.0,0.0,0.0,0.0,1,49.0,0.0,0,262.0,0.0,0.0,0.0,0.0,0.0,5
2023-05-10 09:12:15,l2311-C-7900,l2311-C-7900,262.0,0.0,0.0,0.0,10,49.5,0.0,0,262.0,0.0,0.0,0.0,0.0,0.0,5
2023-05-10 09:12:17,l2311-C-7900,l2311-C-7900,262.0,0.0,0.0,0.0,1,50.0,0.0,0,262.0,0.0,0.0,0.0,0.0,0.0,5
2023-05-10 09:12:17,l2311-C-7900,l2311-C-7900,262.0,0.0,0.0,0.0,10,50.5,0.0,0,262.0,0.0,0.0,0.0,0.0,0.0,5
2023-05-10 09:12:19,l2311-C-7900,l2311-C-7900,262.0,0.0,0.0,0.0,1,51.0,0.0,0,262.0,0.0,0.0,0.0,0.0,0.0,5
2023-05-10 09:12:19,l2311-C-7900,l2311-C-7900,262.0,0.0,0.0,0.0,10,51.5,0.0,0,262.0,0.0,0.0,0.0,0.0,0.0,5
2023-05-10 09:12:21,l2311-C-7900,l2311-C-7900,262.0,0.0,0.0,0.0,1,52.0,0.0,0,262.0,0.0,0.0,0.0,0.0,0.0,5
2023-05-10 09:12:21,l2311-C-7900,l2311-C-7900,262.0,0.0,0.0,0.0,10,52.5,0.0,0,262.0,0.0,0.0,0.0,0.0,0.0,5
2023-05-10 09:12:23,l2311-C-7900,l2311-C-7900,262.0,0.0,0.0,0.0,1,53.0,0.0,0,262.0,0.0,0.0,0.0,0.0,0.0,5
2023-05-10 09:12:23,l2311-C-7900,l2311-C-7900,262.0,0.0,0.0,0.0,10,53.5,0.0,0,262.0,0.0,0.0,0.0,0.0,0.0,5
2023-05-10 09:12:25,l2311-C-7900,l2311-C-7900,262.0,0.0,0.0,0.0,1,54.0,0.0,0,262.0,0.0,0.0,0.0,0.0,0.0,5
2023-05-10 09:12:25,l2311-C-7900,l2311-C-7900,262.0,0.0,0.0,0.0,10,54.5,0.0,0,262.0,0.0,0.0,0.0,0.0,0.0,5
2023-05-10 09:12:27,l2311-C-7900,l2311-C-7900,262.0,0.0,0.0,0.0,1,55.0,0.0,0,262.0,0.0,0.0,0.0,0.0,0.0,5
2023-05-10 09:12:27,l2311-C-7900,l2311-C-7900,262.0,0.0,0.0,0.0,10,55.5,0.0,0,262.0,0.0,0.0,0.0,0.0,0.0,5
2023-05-10 09:12:29,l2311-C-7900,l2311-C-7900,262.0,0.0,0.0,0.0,1,56.0,0.0,0,262.0,0.0,0.0,0.0,0.0,0.0,5
2023-05-10 09:12:29,l2311-C-7900,l2311-C-7900,262.0,0.0,0.0,0.0,10,56.5,0.0,0,262.0,0.0,0.0,0.0,0.0,0.0,5
2023-05-10 09:12:31,l2311-C-7900,l2311-C-7900,262.0,0.0,0.0,0.0,1,57.0,0.0,0,262.0,0.0,0.0,0.0,0.0,0.0,5
2023-05-10 09:12:31,l2311-C-7900,l2311-C-7900,262.0,0.0,0.0,0.0,10,57.5,0.0,0,262.0,0.0,0.0,0.0,0.0,0.0,5
2023-05-10 09:12:32,l2311-C-7900,l2311-C-7900,262.0,0.0,0.0,0.0,1,58.0,0.0,0,262.0,0.0,0.0,0.0,0.0,0.0,5
2023-05-10 09:12:32,l2311-C-7900,l2311-C-7900,262.0,0.0,0.0,0.0,10,58.5,0.0,0,262.0,0.0,0.0,0.0,0.0,0.0,5
2023-05-10 09:12:34,l2311-C-7900,l2311-C-7900,262.0,0.0,0.0,0.0,1,59.0,0.0,0,262.0,0.0,0.0,0.0,0.0,0.0,5
2023-05-10 09:12:34,l2311-C-7900,l2311-C-7900,262.0,0.0,0.0,0.0,10,59.5,0.0,0,262.0,0.0,0.0,0.0,0.0,0.0,5
2023-05-10 09:12:36,l2311-C-7900,l2311-C-7900,262.0,0.0,0.0,0.0,1,60.0,0.0,0,262.0,0.0,0.0,0.0,0.0,0.0,5
2023-05-10 09:12:36,l2311-C-7900,l2311-C-7900,262.0,0.0,0.0,0.0,10,60.5,0.0,0,262.0,0.0,0.0,0.0,0.0,0.0,5
2023-05-10 09:12:37,l2311-C-7900,l2311-C-7900,262.0,0.0,0.0,0.0,1,61.0,0.0,0,262.0,0.0,0.0,0.0,0.0,0.0,5
2023-05-10 09:12:37,l2311-C-7900,l2311-C-7900,262.0,0.0,0.0,0.0,10,61.5,0.0,0,262.0,0.0,0.0,0.0,0.0,0.0,5
2023-05-10 09:12:38,l2311-C-7900,l2311-C-7900,262.0,0.0,0.0,0.0,1,62.0,0.0,0,262.0,0.0,0.0,0.0,0.0,0.0,5
2023-05-10 09:12:38,l2311-C-7900,l2311-C-7900,262.0,0.0,0.0,0.0,10,62.5,0.0,0,262.0,0.0,0.0,0.0,0.0,0.0,5
2023-05-10 09:12:40,l2311-C-7900,l2311-C-7900,262.0,0.0,0.0,0.0,1,63.0,0.0,0,262.0,0.0,0.0,0.0,0.0,0.0,5
2023-05-10 09:12:40,l2311-C-7900,l2311-C-7900,262.0,0.0,0.0,0.0,10,63.5,0.0,0,262.0,0.0,0.0,0.0,0.0,0.0,5
2023-05-10 09:12:42,l2311-C-7900,l2311-C-7900,262.0,0.0,0.0,0.0,1,64.0,0.0,0,262.0,0.0,0.0,0.0,0.0,0.0,5
2023-05-10 09:12:42,l2311-C-7900,l2311-C-7900,262.0,0.0,0.0,0.0,10,64.5,0.0,0,262.0,0.0,0.0,0.0,0.0,0.0,5
2023-05-10 09:12:43,l2311-C-7900,l2311-C-7900,262.0,0.0,0.0,0.0,1,65.0,0.0,0,262.0,0.0,0.0,0.0,0.0,0.0,5
2023-05-10 09:12:43,l2311-C-7900,l2311-C-7900,262.0,0.0,0.0,0.0,10,65.5,0.0,0,262.0,0.0,0.0,0.0,0.0,0.0,5
2023-05-10 09:12:45,l2311-C-7900,l2311-C-7900,262.0,0.0,0.0,0.0,1,66.0,0.0,0,262.0,0.0,0.0,0.0,0.0,0.0,5
2023-05-10 09:12:45,l2311-C-7900,l2311-C-7900,262.0,0.0,0.0,0.0,10,66.5,0.0,0,262.0,0.0,0.0,0.0,0.0,0.0,5
2023-05-10 09:12:46,l2311-C-7900,l2311-C-7900,262.0,0.0,0.0,0.0,1,67.0,0.0,0,262.0,0.0,0.0,0.0,0.0,0.0,5
2023-05-10 09:12:46,l2311-C-7900,l2311-C-7900,262.0,0.0,0.0,0.0,10,67.5,0.0,0,262.0,0.0,0.0,0.0,0.0,0.0,5
2023-05-10 09:12:48,l2311-C-7900,l2311-C-7900,262.0,0.0,0.0,0.0,1,68.0,0.0,0,262.0,0.0,0.0,0.0,0.0,0.0,5
2023-05-10 09:12:48,l2311-C-7900,l2311-C-7900,262.0,0.0,0.0,0.0,10,68.5,0.0,0,262.0,0.0,0.0,0.0,0.0,0.0,5
2023-05-10 09:12:49,l2311-C-7900,l2311-C-7900,262.0,0.0,0.0,0.0,1,69.0,0.0,0,262.0,0.0,0.0,0.0,0.0,0.0,5
2023-05-10 09:12:49,l2311-C-7900,l2311-C-7900,262.0,0.0,0.0,0.0,10,69.5,0.0,0,262.0,0.0,0.0,0.0,0.0,0.0,5
2023-05-10 09:12:51,l2311-C-7900,l2311-C-7900,262.0,0.0,0.0,0.0,1,70.0,0.0,0,262.0,0.0,0.0,0.0,0.0,0.0,5
2023-05-10 09:12:51,l2311-C-7900,l2311-C-7900,262.0,0.0,0.0,0.0,10,70.5,0.0,0,262.0,0.0,0.0,0.0,0.0,0.0,5
2023-05-10 09:12:52,l2311-C-7900,l2311-C-7900,262.0,0.0,0.0,0.0,1,71.0,0.0,0,262.0,0.0,0.0,0.0,0.0,0.0,5
2023-05-10 09:12:52,l2311-C-7900,l2311-C-7900,262.0,0.0,0.0,0.0,10,71.5,0.0,0,262.0,0.0,0.0,0.0,0.0,0.0,5
2023-05-10 09:12:54,l2311-C-7900,l2311-C-7900,262.0,0.0,0.0,0.0,1,72.0,0.0,0,262.0,0.0,0.0,0.0,0.0,0.0,5
2023-05-10 09:12:54,l2311-C-7900,l2311-C-7900,262.0,0.0,0.0,0.0,10,72.5,0.0,0,262.0,0.0,0.0,0.0,0.0,0.0,5
2023-05-10 09:12:55,l2311-C-7900,l2311-C-7900,262.0,0.0,0.0,0.0,1,73.0,0.0,0,262.0,0.0,0.0,0.0,0.0,0.0,5
2023-05-10 09:12:55,l2311-C-7900,l2311-C-7900,262.0,0.0,0.0,0.0,10,73.5,0.0,0,262.0,0.0,0.0,0.0,0.0,0.0,5
2023-05-10 09:12:57,l2311-C-7900,l2311-C-7900,262.0,0.0,0.0,0.0,1,74.0,0.0,0,262.0,0.0,0.0,0.0,0.0,0.0,5
2023-05-10 09:12:57,l2311-C-7900,l2311-C-7900,262.0,0.0,0.0,0.0,10,74.5,0.0,0,262.0,0.0,0.0,0.0,0.0,0.0,5
2023-05-10 09:12:58,l2311-C-7900,l2311-C-7900,262.0,0.0,0.0,0.0,1,75.0,0.0,0,262.0,0.0,0.0,0.0,0.0,0.0,5
2023-05-10 09:12:58,l2311-C-7900,l2311-C-7900,262.0,0.0,0.0,0.0,10,75.5,0.0,0,262.0,0.0,0.0,0.0,0.0,0.0,5
2023-05-10 09:13:00,l2311-C-7900,l2311-C-7900,262.0,0.0,0.0,0.0,1,76.0,0.0,0,262.0,0.0,0.0,0.0,0.0,0.0,5
2023-05-10 09:13:00,l2311-C-7900,l2311-C-7900,262.0,0.0,0.0,0.0,10,76.5,0.0,0,262.0,0.0,0.0,0.0,0.0,0.0,5
2023-05-10 09:13:01,l2311-C-7900,l2311-C-7900,262.0,0.0,0.0,0.0,1,77.0,0.0,0,262.0,0.0,0.0,0.0,0.0,0.0,5
2023-05-10 09:13:01,l2311-C-7900,l2311-C-7900,262.0,0.0,0.0,0.0,10,77.5,0.0,0,262.0,0.0,0.0,0.0,0.0,0.0,5
2023-05-10 09:13:02,l2311-C-7900,l2311-C-7900,262.0,0.0,0.0,0.0,1,78.0,0.0,0,262.0,0.0,0.0,0.0,0.0,0.0,5
2023-05-10 09:13:02,l2311-C-7900,l2311-C-7900,262.0,0.0,0.0,0.0,10,78.5,0.0,0,262.0,0.0,0.0,0.0,0.0,0.0,5
2023-05-10 09:13:03,l2311-C-7900,l2311-C-7900,262.0,0.0,0.0,0.0,1,79.0,0.0,0,262.0,0.0,0.0,0.0,0.0,0.0,5
2023-05-10 09:13:03,l2311-C-7900,l2311-C-7900,262.0,0.0,0.0,0.0,10,79.5,0.0,0,262.0,0.0,0.0,0.0,0.0,0.0,5
2023-05-10 09:13:05,l2311-C-7900,l2311-C-7900,262.0,0.0,0.0,0.0,1,80.0,0.0,0,262.0,0.0,0.0,0.0,0.0,0.0,5
2023-05-10 09:13:05,l2311-C-7900,l2311-C-7900,262.0,0.0,0.0,0.0,10,80.5,0.0,0,262.0,0.0,0.0,0.0,0.0,0.0,5
2023-05-10 09:13:06,l2311-C-7900,l2311-C-7900,262.0,0.0,0.0,0.0,1,81.0,0.0,0,262.0,0.0,0.0,0.0,0.0,0.0,5
2023-05-10 09:13:06,l2311-C-7900,l2311-C-7900,262.0,0.0,0.0,0.0,10,81.5,0.0,0,262.0,0.0,0.0,0.0,0.0,0.0,5
2023-05-10 09:13:07,l2311-C-7900,l2311-C-7900,262.0,0.0,0.0,0.0,1,82.0,0.0,0,262.0,0.0,0.0,0.0,0.0,0.0,5
2023-05-10 09:13:07,l2311-C-7900,l2311-C-7900,262.0,0.0,0.0,0.0,10,82.5,0.0,0,262.0,0.0,0.0,0.0,0.0,0.0,5
2023-05-10 09:13:09,l2311-C-7900,l2311-C-7900,262.0,0.0,0.0,0.0,1,83.0,0.0,0,262.0,0.0,0.0,0.0,0.0,0.0,5
2023-05-10 09:13:09,l2311-C-7900,l2311-C-7900,262.0,0.0,0.0,0.0,10,83.5,0.0,0,262.0,0.0,0.0,0.0,0.0,0.0,5
2023-05-10 09:13:10,l2311-C-7900,l2311-C-7900,262.0,0.0,0.0,0.0,1,84.0,0.0,0,262.0,0.0,0.0,0.0,0.0,0.0,5
2023-05-10 09:13:10,l2311-C-7900,l2311-C-7900,262.0,0.0,0.0,0.0,10,84.5,0.0,0,262.0,0.0,0.0,0.0,0.0,0.0,5
2023-05-10 09:13:11,l2311-C-7900,l2311-C-7900,262.0,0.0,0.0,0.0,1,85.0,0.0,0,262.0,0.0,0.0,0.0,0.0,0.0,5
2023-05-10 09:13:11,l2311-C-7900,l2311-C-7900,262.0,0.0,0.0,0.0,10,85.5,0.0,0,262.0,0.0,0.0,0.0,0.0,0.0,5
2023-05-10 09:13:13,l2311-C-7900,l2311-C-7900,262.0,0.0,0.0,0.0,1,86.0,0.0,0,262.0,0.0,0.0,0.0,0.0,0.0,5
2023-05-10 09:13:13,l2311-C-7900,l2311-C-7900,262.0,0.0,0.0,0.0,10,86.5,0.0,0,262.0,0.0,0.0,0.0,0.0,0.0,5
2023-05-10 09:13:14,l2311-C-7900,l2311-C-7900,262.0,0.0,0.0,0.0,1,87.0,0.0,0,262.0,0.0,0.0,0.0,0.0,0.0,5
2023-05-10 09:13:14,l2311-C-7900,l2311-C-7900,262.0,0.0,0.0,0.0,10,87.5,0.0,0,262.0,0.0,0.0,0.0,0.0,0.0,5
2023-05-10 09:13:15,l2311-C-7900,l2311-C-7900,262.0,0.0,0.0,0.0,1,88.0,0.0,0,262.0,0.0,0.0,0.0,0.0,0.0,5
2023-05-10 09:13:15,l2311-C-7900,l2311-C-7900,262.0,0.0,0.0,0.0,10,88.5,0.0,0,262.0,0.0,0.0,0.0,0.0,0.0,5
2023-05-10 09:13:16,l2311-C-7900,l2311-C-7900,262.0,0.0,0.0,0.0,1,89.0,0.0,0,262.0,0.0,0.0,0.0,0.0,0.0,5
2023-05-10 09:13:16,l2311-C-7900,l2311-C-7900,262.0,0.0,0.0,0.0,10,89.5,0.0,0,262.0,0.0,0.0,0.0,0.0,0.0,5
2023-05-10 09:13:18,l2311-C-7900,l2311-C-7900,262.0,0.0,0.0,0.0,1,90.0,0.0,0,262.0,0.0,0.0,0.0,0.0,0.0,5
2023-05-10 09:13:18,l2311-C-7900,l2311-C-7900,262.0,0.0,0.0,0.0,10,90.5,0.0,0,262.0,0.0,0.0,0.0,0.0,0.0,5
2023-05-10 09:13:19,l2311-C-7900,l2311-C-7900,262.0,0.0,0.0,0.0,1,91.0,0.0,0,262.0,0.0,0.0,0.0,0.0,0.0,5
2023-05-10 09:13:19,l2311-C-7900,l2311-C-7900,262.0,0.0,0.0,0.0,10,91.5,0.0,0,262.0,0.0,0.0,0.0,0.0,0.0,5
2023-05-10 09:13:20,l2311-C-7900,l2311-C-7900,262.0,0.0,0.0,0.0,1,92.0,0.0,0,262.0,0.0,0.0,0.0,0.0,0.0,5
2023-05-10 09:13:20,l2311-C-7900,l2311-C-7900,262.0,0.0,0.0,0.0,10,92.5,0.0,0,262.0,0.0,0.0,0.0,0.0,0.0,5
2023-05-10 09:13:21,l2311-C-7900,l2311-C-7900,262.0,0.0,0.0,0.0,1,93.0,0.0,0,262.0,0.0,0.0,0.0,0.0,0.0,5
2023-05-10 09:13:21,l2311-C-7900,l2311-C-7900,262.0,0.0,0.0,0.0,10,93.5,0.0,0,262.0,0.0,0.0,0.0,0.0,0.0,5
2023-05-10 09:13:23,l2311-C-7900,l2311-C-7900,262.0,0.0,0.0,0.0,1,94.0,0.0,0,262.0,0.0,0.0,0.0,0.0,0.0,5
2023-05-10 09:13:23,l2311-C-7900,l2311-C-7900,262.0,0.0,0.0,0.0,10,94.5,0.0,0,262.0,0.0,0.0,0.0,0.0,0.0,5
2023-05-10 09:13:24,l2311-C-7900,l2311-C-7900,262.0,0.0,0.0,0.0,1,95.0,0.0,0,262.0,0.0,0.0,0.0,0.0,0.0,5
2023-05-10 09:13:24,l2311-C-7900,l2311-C-7900,262.0,0.0,0.0,0.0,10,95.5,0.0,0,262.0,0.0,0.0,0.0,0.0,0.0,5
2023-05-10 09:13:25,l2311-C-7900,l2311-C-7900,262.0,0.0,0.0,0.0,1,96.0,0.0,0,262.0,0.0,0.0,0.0,0.0,0.0,5
2023-05-10 09:13:25,l2311-C-7900,l2311-C-7900,262.0,0.0,0.0,0.0,10,96.5,0.0,0,262.0,0.0,0.0,0.0,0.0,0.0,5
2023-05-10 09:13:27,l2311-C-7900,l2311-C-7900,262.0,0.0,0.0,0.0,1,97.0,0.0,0,262.0,0.0,0.0,0.0,0.0,0.0,5
2023-05-10 09:13:27,l2311-C-7900,l2311-C-7900,262.0,0.0,0.0,0.0,10,97.5,0.0,0,262.0,0.0,0.0,0.0,0.0,0.0,5
2023-05-10 09:13:28,l2311-C-7900,l2311-C-7900,262.0,0.0,0.0,0.0,1,98.0,0.0,0,262.0,0.0,0.0,0.0,0.0,0.0,5
2023-05-10 09:13:28,l2311-C-7900,l2311-C-7900,262.0,0.0,0.0,0.0,10,98.5,0.0,0,262.0,0.0,0.0,0.0,0.0,0.0,5
2023-05-10 09:13:29,l2311-C-7900,l2311-C-7900,262.0,0.0,0.0,0.0,1,99.0,0.0,0,262.0,0.0,0.0,0.0,0.0,0.0,5
2023-05-10 09:13:29,l2311-C-7900,l2311-C-7900,262.0,0.0,0.0,0.0,10,99.5,0.0,0,262.0,0.0,0.0,0.0,0.0,0.0,5
2023-05-10 09:13:31,l2311-C-7900,l2311-C-7900,262.0,0.0,0.0,0.0,1,100.0,0.0,0,262.0,0.0,0.0,0.0,0.0,0.0,5
2023-05-10 09:13:31,l2311-C-7900,l2311-C-7900,262.0,0.0,0.0,0.0,10,100.5,0.0,0,262.0,0.0,0.0,0.0,0.0,0.0,5
2023-05-10 09:13:32,l2311-C-7900,l2311-C-7900,262.0,0.0,0.0,0.0,1,101.0,0.0,0,262.0,0.0,0.0,0.0,0.0,0.0,5
2023-05-10 09:13:32,l2311-C-7900,l2311-C-7900,262.0,0.0,0.0,0.0,10,101.5,0.0,0,262.0,0.0,0.0,0.0,0.0,0.0,5
2023-05-10 09:13:33,l2311-C-7900,l2311-C-7900,262.0,0.0,0.0,0.0,1,102.0,0.0,0,262.0,0.0,0.0,0.0,0.0,0.0,5
2023-05-10 09:13:33,l2311-C-7900,l2311-C-7900,262.0,0.0,0.0,0.0,10,102.5,0.0,0,262.0,0.0,0.0,0.0,0.0,0.0,5
2023-05-10 09:13:35,l2311-C-7900,l2311-C-7900,262.0,0.0,0.0,0.0,1,103.0,0.0,0,262.0,0.0,0.0,0.0,0.0,0.0,5
2023-05-10 09:13:35,l2311-C-7900,l2311-C-7900,262.0,0.0,0.0,0.0,10,103.5,0.0,0,262.0,0.0,0.0,0.0,0.0,0.0,5
2023-05-10 09:13:36,l2311-C-7900,l2311-C-7900,262.0,0.0,0.0,0.0,1,104.0,0.0,0,262.0,0.0,0.0,0.0,0.0,0.0,5
2023-05-10 09:13:36,l2311-C-7900,l2311-C-7900,262.0,0.0,0.0,0.0,10,104.5,0.0,0,262.0,0.0,0.0,0.0,0.0,0.0,5
2023-05-10 09:13:37,l2311-C-7900,l2311-C-7900,262.0,0.0,0.0,0.0,1,105.0,0.0,0,262.0,0.0,0.0,0.0,0.0,0.0,5
2023-05-10 09:13:37,l2311-C-7900,l2311-C-7900,262.0,0.0,0.0,0.0,10,105.5,0.0,0,262.0,0.0,0.0,0.0,0.0,0.0,5
2023-05-10 09:13:38,l2311-C-7900,l2311-C-7900,262.0,0.0,0.0,0.0,1,106.0,0.0,0,262.0,0.0,0.0,0.0,0.0,0.0,5
2023-05-10 09:13:38,l2311-C-7900,l2311-C-7900,262.0,0.0,0.0,0.0,10,106.5,0.0,0,262.0,0.0,0.0,0.0,0.0,0.0,5
2023-05-10 09:13:40,l2311-C-7900,l2311-C-7900,262.0,0.0,0.0,0.0,1,107.0,0.0,0,262.0,0.0,0.0,0.0,0.0,0.0,5
2023-05-10 09:13:40,l2311-C-7900,l2311-C-7900,262.0,0.0,0.0,0.0,10,107.5,0.0,0,262.0,0.0,0.0,0.0,0.0,0.0,5
2023-05-10 09:13:41,l2311-C-7900,l2311-C-7900,262.0,0.0,0.0,0.0,1,108.0,0.0,0,262.0,0.0,0.0,0.0,0.0,0.0,5
2023-05-10 09:13:41,l2311-C-7900,l2311-C-7900,262.0,0.0,0.0,0.0,10,108.5,0.0,0,262.0,0.0,0.0,0.0,0.0,0.0,5
2023-05-10 09:13:42,l2311-C-7900,l2311-C-7900,262.0,0.0,0.0,0.0,1,109.0,0.0,0,262.0,0.0,0.0,0.0,0.0,0.0,5
2023-05-10 09:13:42,l2311-C-7900,l2311-C-7900,262.0,0.0,0.0,0.0,10,109.5,0.0,0,262.0,0.0,0.0,0.0,0.0,0.0,5
2023-05-10 09:13:43,l2311-C-7900,l2311-C-7900,262.0,0.0,0.0,0.0,1,110.0,0.0,0,262.0,0.0,0.0,0.0,0.0,0.0,5
2023-05-10 09:13:43,l2311-C-7900,l2311-C-7900,262.0,0.0,0.0,0.0,10,110.5,0.0,0,262.0,0.0,0.0,0.0,0.0,0.0,5
2023-05-10 09:13:44,l2311-C-7900,l2311-C-7900,262.0,0.0,0.0,0.0,1,111.0,0.0,0,262.0,0.0,0.0,0.0,0.0,0.0,5
2023-05-10 09:13:44,l2311-C-7900,l2311-C-7900,262.0,0.0,0.0,0.0,10,111.5,0.0,0,262.0,0.0,0.0,0.0,0.0,0.0,5
2023-05-10 09:13:45,l2311-C-7900,l2311-C-7900,262.0,0.0,0.0,0.0,1,112.0,0.0,0,262.0,0.0,0.0,0.0,0.0,0.0,5
2023-05-10 09:13:45,l2311-C-7900,l2311-C-7900,262.0,0.0,0.0,0.0,10,112.5,0.0,0,262.0,0.0,0.0,0.0,0.0,0.0,5
2023-05-10 09:13:47,l2311-C-7900,l2311-C-7900,262.0,0.0,0.0,0.0,1,113.0,0.0,0,262.0,0.0,0.0,0.0,0.0,0.0,5
2023-05-10 09:13:47,l2311-C-7900,l2311-C-7900,262.0,0.0,0.0,0.0,10,113.5,0.0,0,262.0,0.0,0.0,0.0,0.0,0.0,5
2023-05-10 09:13:48,l2311-C-7900,l2311-C-7900,262.0,0.0,0.0,0.0,1,114.0,0.0,0,262.0,0.0,0.0,0.0,0.0,0.0,5
2023-05-10 09:13:48,l2311-C-7900,l2311-C-7900,262.0,0.0,0.0,0.0,10,114.5,0.0,0,262.0,0.0,0.0,0.0,0.0,0.0,5
2023-05-10 09:13:50,l2311-C-7900,l2311-C-7900,262.0,0.0,0.0,0.0,1,115.0,0.0,0,262.0,0.0,0.0,0.0,0.0,0.0,5
2023-05-10 09:13:50,l2311-C-7900,l2311-C-7900,262.0,0.0,0.0,0.0,10,115.5,0.0,0,262.0,0.0,0.0,0.0,0.0,0.0,5
2023-05-10 09:13:51,l2311-C-7900,l2311-C-7900,262.0,0.0,0.0,0.0,1,116.0,0.0,0,262.0,0.0,0.0,0.0,0.0,0.0,5
2023-05-10 09:13:51,l2311-C-7900,l2311-C-7900,262.0,0.0,0.0,0.0,10,116.5,0.0,0,262.0,0.0,0.0,0.0,0.0,0.0,5
2023-05-10 09:13:53,l2311-C-7900,l2311-C-7900,262.0,0.0,0.0,0.0,1,117.0,0.0,0,262.0,0.0,0.0,0.0,0.0,0.0,5
2023-05-10 09:13:53,l2311-C-7900,l2311-C-7900,262.0,0.0,0.0,0.0,10,117.5,0.0,0,262.0,0.0,0.0,0.0,0.0,0.0,5
2023-05-10 09:13:54,l2311-C-7900,l2311-C-7900,262.0,0.0,0.0,0.0,1,118.0,0.0,0,262.0,0.0,0.0,0.0,0.0,0.0,5
2023-05-10 09:13:54,l2311-C-7900,l2311-C-7900,262.0,0.0,0.0,0.0,10,118.5,0.0,0,262.0,0.0,0.0,0.0,0.0,0.0,5
2023-05-10 09:13:55,l2311-C-7900,l2311-C-7900,262.0,0.0,0.0,0.0,1,119.0,0.0,0,262.0,0.0,0.0,0.0,0.0,0.0,5
2023-05-10 09:13:55,l2311-C-7900,l2311-C-7900,262.0,0.0,0.0,0.0,10,119.5,0.0,0,262.0,0.0,0.0,0.0,0.0,0.0,5
2023-05-10 09:13:56,l2311-C-7900,l2311-C-7900,262.0,0.0,0.0,0.0,1,120.0,0.0,0,262.0,0.0,0.0,0.0,0.0,0.0,5
2023-05-10 09:13:56,l2311-C-7900,l2311-C-7900,262.0,0.0,0.0,0.0,10,120.5,0.0,0,262.0,0.0,0.0,0.0,0.0,0.0,5
2023-05-10 09:13:57,l2311-C-7900,l2311-C-7900,262.0,0.0,0.0,0.0,1,121.0,0.0,0,262.0,0.0,0.0,0.0,0.0,0.0,5
2023-05-10 09:13:57,l2311-C-7900,l2311-C-7900,262.0,0.0,0.0,0.0,10,121.5,0.0,0,262.0,0.0,0.0,0.0,0.0,0.0,5
2023-05-10 09:13:58,l2311-C-7900,l2311-C-7900,262.0,0.0,0.0,0.0,1,122.0,0.0,0,262.0,0.0,0.0,0.0,0.0,0.0,5
2023-05-10 09:13:58,l2311-C-7900,l2311-C-7900,262.0,0.0,0.0,0.0,10,122.5,0.0,0,262.0,0.0,0.0,0.0,0.0,0.0,5
2023-05-10 09:13:59,l2311-C-7900,l2311-C-7900,262.0,0.0,0.0,0.0,1,123.0,0.0,0,262.0,0.0,0.0,0.0,0.0,0.0,5
2023-05-10 09:13:59,l2311-C-7900,l2311-C-7900,262.0,0.0,0.0,0.0,10,123.5,0.0,0,262.0,0.0,0.0,0.0,0.0,0.0,5
2023-05-10 09:14:00,l2311-C-7900,l2311-C-7900,262.0,0.0,0.0,0.0,1,124.0,0.0,0,262.0,0.0,0.0,0.0,0.0,0.0,5
2023-05-10 09:14:00,l2311-C-7900,l2311-C-7900,262.0,0.0,0.0,0.0,10,124.5,0.0,0,262.0,0.0,0.0,0.0,0.0,0.0,5
2023-05-10 09:14:02,l2311-C-7900,l2311-C-7900,262.0,0.0,0.0,0.0,1,125.0,0.0,0,262.0,0.0,0.0,0.0,0.0,0.0,5
2023-05-10 09:14:02,l2311-C-7900,l2311-C-7900,262.0,0.0,0.0,0.0,10,125.5,0.0,0,262.0,0.0,0.0,0.0,0.0,0.0,5
2023-05-10 09:14:03,l2311-C-7900,l2311-C-7900,262.0,0.0,0.0,0.0,1,126.0,0.0,0,262.0,0.0,0.0,0.0,0.0,0.0,5
2023-05-10 09:14:03,l2311-C-7900,l2311-C-7900,262.0,0.0,0.0,0.0,10,126.5,0.0,0,262.0,0.0,0.0,0.0,0.0,0.0,5
2023-05-10 09:14:04,l2311-C-7900,l2311-C-7900,262.0,0.0,0.0,0.0,1,127.0,0.0,0,262.0,0.0,0.0,0.0,0.0,0.0,5
2023-05-10 09:14:04,l2311-C-7900,l2311-C-7900,262.0,0.0,0.0,0.0,10,127.5,0.0,0,262.0,0.0,0.0,0.0,0.0,0.0,5
2023-05-10 09:17:22,l2311-C-7900,l2311-C-7900,262.0,0.0,0.0,0.0,1,128.0,0.0,0,262.0,0.0,0.0,0.0,0.0,0.0,5
2023-05-10 09:17:22,l2311-C-7900,l2311-C-7900,262.0,0.0,0.0,0.0,10,128.5,0.0,0,262.0,0.0,0.0,0.0,0.0,0.0,5
2023-05-10 10:14:32,l2311-C-7900,l2311-C-7900,262.0,0.0,0.0,0.0,1,10.0,0.0,0,262.0,0.0,0.0,0.0,0.0,0.0,5
2023-05-10 10:30:05,l2311-C-7900,l2311-C-7900,262.0,0.0,0.0,0.0,10,10.5,0.0,0,262.0,0.0,0.0,0.0,0.0,0.0,5
2023-05-10 10:30:38,l2311-C-7900,l2311-C-7900,262.0,0.0,0.0,0.0,1,11.0,0.0,0,262.0,0.0,0.0,0.0,0.0,0.0,5
2023-05-10 10:30:38,l2311-C-7900,l2311-C-7900,262.0,0.0,0.0,0.0,10,11.5,0.0,0,262.0,0.0,0.0,0.0,0.0,0.0,5
2023-05-10 10:30:46,l2311-C-7900,l2311-C-7900,262.0,0.0,0.0,0.0,1,12.0,0.0,0,262.0,0.0,0.0,0.0,0.0,0.0,5
2023-05-10 10:30:46,l2311-C-7900,l2311-C-7900,262.0,0.0,0.0,0.0,10,12.5,0.0,0,262.0,0.0,0.0,0.0,0.0,0.0,5
2023-05-10 10:30:49,l2311-C-7900,l2311-C-7900,262.0,0.0,0.0,0.0,1,13.0,0.0,0,262.0,0.0,0.0,0.0,0.0,0.0,5
2023-05-10 10:30:49,l2311-C-7900,l2311-C-7900,262.0,0.0,0.0,0.0,10,13.5,0.0,0,262.0,0.0,0.0,0.0,0.0,0.0,5
2023-05-10 10:30:52,l2311-C-7900,l2311-C-7900,262.0,0.0,0.0,0.0,1,14.0,0.0,0,262.0,0.0,0.0,0.0,0.0,0.0,5
2023-05-10 10:30:52,l2311-C-7900,l2311-C-7900,262.0,0.0,0.0,0.0,10,14.5,0.0,0,262.0,0.0,0.0,0.0,0.0,0.0,5
2023-05-10 10:31:03,l2311-C-7900,l2311-C-7900,262.0,0.0,0.0,0.0,1,15.0,0.0,0,262.0,0.0,0.0,0.0,0.0,0.0,5
2023-05-10 10:31:03,l2311-C-7900,l2311-C-7900,262.0,0.0,0.0,0.0,10,15.5,0.0,0,262.0,0.0,0.0,0.0,0.0,0.0,5
2023-05-10 10:31:10,l2311-C-7900,l2311-C-7900,262.0,0.0,0.0,0.0,1,16.0,0.0,0,262.0,0.0,0.0,0.0,0.0,0.0,5
2023-05-10 10:31:10,l2311-C-7900,l2311-C-7900,262.0,0.0,0.0,0.0,10,16.5,0.0,0,262.0,0.0,0.0,0.0,0.0,0.0,5
2023-05-10 10:31:15,l2311-C-7900,l2311-C-7900,262.0,0.0,0.0,0.0,1,17.0,0.0,0,262.0,0.0,0.0,0.0,0.0,0.0,5
2023-05-10 10:31:15,l2311-C-7900,l2311-C-7900,262.0,0.0,0.0,0.0,10,17.5,0.0,0,262.0,0.0,0.0,0.0,0.0,0.0,5
2023-05-10 10:31:18,l2311-C-7900,l2311-C-7900,262.0,0.0,0.0,0.0,1,18.0,0.0,0,262.0,0.0,0.0,0.0,0.0,0.0,5
2023-05-10 10:31:18,l2311-C-7900,l2311-C-7900,262.0,0.0,0.0,0.0,10,18.5,0.0,0,262.0,0.0,0.0,0.0,0.0,0.0,5
2023-05-10 10:31:26,l2311-C-7900,l2311-C-7900,262.0,0.0,0.0,0.0,1,19.0,0.0,0,262.0,0.0,0.0,0.0,0.0,0.0,5
2023-05-10 10:31:26,l2311-C-7900,l2311-C-7900,262.0,0.0,0.0,0.0,10,19.5,0.0,0,262.0,0.0,0.0,0.0,0.0,0.0,5
2023-05-10 10:31:44,l2311-C-7900,l2311-C-7900,262.0,0.0,0.0,0.0,1,20.0,0.0,0,262.0,0.0,0.0,0.0,0.0,0.0,5
2023-05-10 10:31:44,l2311-C-7900,l2311-C-7900,262.0,0.0,0.0,0.0,10,20.5,0.0,0,262.0,0.0,0.0,0.0,0.0,0.0,5
2023-05-10 10:31:48,l2311-C-7900,l2311-C-7900,262.0,0.0,0.0,0.0,1,21.0,0.0,0,262.0,0.0,0.0,0.0,0.0,0.0,5
2023-05-10 10:31:48,l2311-C-7900,l2311-C-7900,262.0,0.0,0.0,0.0,10,21.5,0.0,0,262.0,0.0,0.0,0.0,0.0,0.0,5
2023-05-10 10:31:53,l2311-C-7900,l2311-C-7900,262.0,0.0,0.0,0.0,1,22.0,0.0,0,262.0,0.0,0.0,0.0,0.0,0.0,5
2023-05-10 10:31:53,l2311-C-7900,l2311-C-7900,262.0,0.0,0.0,0.0,10,22.5,0.0,0,262.0,0.0,0.0,0.0,0.0,0.0,5
2023-05-10 10:31:57,l2311-C-7900,l2311-C-7900,262.0,0.0,0.0,0.0,1,23.0,0.0,0,262.0,0.0,0.0,0.0,0.0,0.0,5
2023-05-10 10:31:57,l2311-C-7900,l2311-C-7900,262.0,0.0,0.0,0.0,10,23.5,0.0,0,262.0,0.0,0.0,0.0,0.0,0.0,5
2023-05-10 10:32:00,l2311-C-7900,l2311-C-7900,262.0,0.0,0.0,0.0,1,24.0,0.0,0,262.0,0.0,0.0,0.0,0.0,0.0,5
2023-05-10 10:32:00,l2311-C-7900,l2311-C-7900,262.0,0.0,0.0,0.0,10,24.5,0.0,0,262.0,0.0,0.0,0.0,0.0,0.0,5
2023-05-10 10:32:02,l2311-C-7900,l2311-C-7900,262.0,0.0,0.0,0.0,1,25.0,0.0,0,262.0,0.0,0.0,0.0,0.0,0.0,5
2023-05-10 10:32:02,l2311-C-7900,l2311-C-7900,262.0,0.0,0.0,0.0,10,25.5,0.0,0,262.0,0.0,0.0,0.0,0.0,0.0,5
2023-05-10 10:32:04,l2311-C-7900,l2311-C-7900,262.0,0.0,0.0,0.0,1,26.0,0.0,0,262.0,0.0,0.0,0.0,0.0,0.0,5
2023-05-10 10:32:04,l2311-C-7900,l2311-C-7900,262.0,0.0,0.0,0.0,10,26.5,0.0,0,262.0,0.0,0.0,0.0,0.0,0.0,5
2023-05-10 10:32:06,l2311-C-7900,l2311-C-7900,262.0,0.0,0.0,0.0,1,27.0,0.0,0,262.0,0.0,0.0,0.0,0.0,0.0,5
2023-05-10 10:32:06,l2311-C-7900,l2311-C-7900,262.0,0.0,0.0,0.0,10,27.5,0.0,0,262.0,0.0,0.0,0.0,0.0,0.0,5
2023-05-10 10:32:09,l2311-C-7900,l2311-C-7900,262.0,0.0,0.0,0.0,1,28.0,0.0,0,262.0,0.0,0.0,0.0,0.0,0.0,5
2023-05-10 10:32:09,l2311-C-7900,l2311-C-7900,262.0,0.0,0.0,0.0,10,28.5,0.0,0,262.0,0.0,0.0,0.0,0.0,0.0,5
2023-05-10 10:32:11,l2311-C-7900,l2311-C-7900,262.0,0.0,0.0,0.0,1,29.0,0.0,0,262.0,0.0,0.0,0.0,0.0,0.0,5
2023-05-10 10:32:11,l2311-C-7900,l2311-C-7900,262.0,0.0,0.0,0.0,10,29.5,0.0,0,262.0,0.0,0.0,0.0,0.0,0.0,5
2023-05-10 10:32:12,l2311-C-7900,l2311-C-7900,262.0,0.0,0.0,0.0,1,30.0,0.0,0,262.0,0.0,0.0,0.0,0.0,0.0,5
2023-05-10 10:32:12,l2311-C-7900,l2311-C-7900,262.0,0.0,0.0,0.0,10,30.5,0.0,0,262.0,0.0,0.0,0.0,0.0,0.0,5
2023-05-10 10:32:15,l2311-C-7900,l2311-C-7900,262.0,0.0,0.0,0.0,1,31.0,0.0,0,262.0,0.0,0.0,0.0,0.0,0.0,5
2023-05-10 10:32:15,l2311-C-7900,l2311-C-7900,262.0,0.0,0.0,0.0,10,31.5,0.0,0,262.0,0.0,0.0,0.0,0.0,0.0,5
2023-05-10 10:32:17,l2311-C-7900,l2311-C-7900,262.0,0.0,0.0,0.0,1,32.0,0.0,0,262.0,0.0,0.0,0.0,0.0,0.0,5
2023-05-10 10:32:17,l2311-C-7900,l2311-C-7900,262.0,0.0,0.0,0.0,10,32.5,0.0,0,262.0,0.0,0.0,0.0,0.0,0.0,5
2023-05-10 10:32:19,l2311-C-7900,l2311-C-7900,262.0,0.0,0.0,0.0,1,33.0,0.0,0,262.0,0.0,0.0,0.0,0.0,0.0,5
2023-05-10 10:32:19,l2311-C-7900,l2311-C-7900,262.0,0.0,0.0,0.0,10,33.5,0.0,0,262.0,0.0,0.0,0.0,0.0,0.0,5
2023-05-10 10:32:20,l2311-C-7900,l2311-C-7900,262.0,0.0,0.0,0.0,1,34.0,0.0,0,262.0,0.0,0.0,0.0,0.0,0.0,5
2023-05-10 10:32:20,l2311-C-7900,l2311-C-7900,262.0,0.0,0.0,0.0,10,34.5,0.0,0,262.0,0.0,0.0,0.0,0.0,0.0,5
2023-05-10 10:32:22,l2311-C-7900,l2311-C-7900,262.0,0.0,0.0,0.0,1,35.0,0.0,0,262.0,0.0,0.0,0.0,0.0,0.0,5
2023-05-10 10:32:22,l2311-C-7900,l2311-C-7900,262.0,0.0,0.0,0.0,10,35.5,0.0,0,262.0,0.0,0.0,0.0,0.0,0.0,5
2023-05-10 10:32:24,l2311-C-7900,l2311-C-7900,262.0,0.0,0.0,0.0,1,36.0,0.0,0,262.0,0.0,0.0,0.0,0.0,0.0,5
2023-05-10 10:32:24,l2311-C-7900,l2311-C-7900,262.0,0.0,0.0,0.0,10,36.5,0.0,0,262.0,0.0,0.0,0.0,0.0,0.0,5
2023-05-10 10:32:26,l2311-C-7900,l2311-C-7900,262.0,0.0,0.0,0.0,1,37.0,0.0,0,262.0,0.0,0.0,0.0,0.0,0.0,5
2023-05-10 10:32:26,l2311-C-7900,l2311-C-7900,262.0,0.0,0.0,0.0,10,37.5,0.0,0,262.0,0.0,0.0,0.0,0.0,0.0,5
2023-05-10 10:32:27,l2311-C-7900,l2311-C-7900,262.0,0.0,0.0,0.0,1,38.0,0.0,0,262.0,0.0,0.0,0.0,0.0,0.0,5
2023-05-10 10:32:27,l2311-C-7900,l2311-C-7900,262.0,0.0,0.0,0.0,10,38.5,0.0,0,262.0,0.0,0.0,0.0,0.0,0.0,5
2023-05-10 10:32:29,l2311-C-7900,l2311-C-7900,262.0,0.0,0.0,0.0,1,39.0,0.0,0,262.0,0.0,0.0,0.0,0.0,0.0,5
2023-05-10 10:32:29,l2311-C-7900,l2311-C-7900,262.0,0.0,0.0,0.0,10,39.5,0.0,0,262.0,0.0,0.0,0.0,0.0,0.0,5
2023-05-10 10:32:30,l2311-C-7900,l2311-C-7900,262.0,0.0,0.0,0.0,1,40.0,0.0,0,262.0,0.0,0.0,0.0,0.0,0.0,5
2023-05-10 10:32:30,l2311-C-7900,l2311-C-7900,262.0,0.0,0.0,0.0,10,40.5,0.0,0,262.0,0.0,0.0,0.0,0.0,0.0,5
2023-05-10 10:32:32,l2311-C-7900,l2311-C-7900,262.0,0.0,0.0,0.0,1,41.0,0.0,0,262.0,0.0,0.0,0.0,0.0,0.0,5
2023-05-10 10:32:32,l2311-C-7900,l2311-C-7900,262.0,0.0,0.0,0.0,10,41.5,0.0,0,262.0,0.0,0.0,0.0,0.0,0.0,5
2023-05-10 10:32:33,l2311-C-7900,l2311-C-7900,262.0,0.0,0.0,0.0,1,42.0,0.0,0,262.0,0.0,0.0,0.0,0.0,0.0,5
2023-05-10 10:32:33,l2311-C-7900,l2311-C-7900,262.0,0.0,0.0,0.0,10,42.5,0.0,0,262.0,0.0,0.0,0.0,0.0,0.0,5
2023-05-10 10:32:35,l2311-C-7900,l2311-C-7900,262.0,0.0,0.0,0.0,1,43.0,0.0,0,262.0,0.0,0.0,0.0,0.0,0.0,5
2023-05-10 10:32:35,l2311-C-7900,l2311-C-7900,262.0,0.0,0.0,0.0,10,43.5,0.0,0,262.0,0.0,0.0,0.0,0.0,0.0,5
2023-05-10 10:32:36,l2311-C-7900,l2311-C-7900,262.0,0.0,0.0,0.0,1,44.0,0.0,0,262.0,0.0,0.0,0.0,0.0,0.0,5
2023-05-10 10:32:36,l2311-C-7900,l2311-C-7900,262.0,0.0,0.0,0.0,10,44.5,0.0,0,262.0,0.0,0.0,0.0,0.0,0.0,5
2023-05-10 10:32:37,l2311-C-7900,l2311-C-7900,262.0,0.0,0.0,0.0,1,45.0,0.0,0,262.0,0.0,0.0,0.0,0.0,0.0,5
2023-05-10 10:32:37,l2311-C-7900,l2311-C-7900,262.0,0.0,0.0,0.0,10,45.5,0.0,0,262.0,0.0,0.0,0.0,0.0,0.0,5
2023-05-10 10:32:40,l2311-C-7900,l2311-C-7900,262.0,0.0,0.0,0.0,1,46.0,0.0,0,262.0,0.0,0.0,0.0,0.0,0.0,5
2023-05-10 10:32:40,l2311-C-7900,l2311-C-7900,262.0,0.0,0.0,0.0,10,46.5,0.0,0,262.0,0.0,0.0,0.0,0.0,0.0,5
2023-05-10 10:32:42,l2311-C-7900,l2311-C-7900,262.0,0.0,0.0,0.0,1,47.0,0.0,0,262.0,0.0,0.0,0.0,0.0,0.0,5
2023-05-10 10:32:42,l2311-C-7900,l2311-C-7900,262.0,0.0,0.0,0.0,10,47.5,0.0,0,262.0,0.0,0.0,0.0,0.0,0.0,5
2023-05-10 10:32:45,l2311-C-7900,l2311-C-7900,262.0,0.0,0.0,0.0,1,48.0,0.0,0,262.0,0.0,0.0,0.0,0.0,0.0,5
2023-05-10 10:32:45,l2311-C-7900,l2311-C-7900,262.0,0.0,0.0,0.0,10,48.5,0.0,0,262.0,0.0,0.0,0.0,0.0,0.0,5
2023-05-10 10:32:47,l2311-C-7900,l2311-C-7900,262.0,0.0,0.0,0.0,1,49.0,0.0,0,262.0,0.0,0.0,0.0,0.0,0.0,5
2023-05-10 10:32:47,l2311-C-7900,l2311-C-7900,262.0,0.0,0.0,0.0,10,49.5,0.0,0,262.0,0.0,0.0,0.0,0.0,0.0,5
2023-05-10 10:32:49,l2311-C-7900,l2311-C-7900,262.0,0.0,0.0,0.0,1,50.0,0.0,0,262.0,0.0,0.0,0.0,0.0,0.0,5
2023-05-10 10:32:49,l2311-C-7900,l2311-C-7900,262.0,0.0,0.0,0.0,10,50.5,0.0,0,262.0,0.0,0.0,0.0,0.0,0.0,5
2023-05-10 10:32:50,l2311-C-7900,l2311-C-7900,262.0,0.0,0.0,0.0,1,51.0,0.0,0,262.0,0.0,0.0,0.0,0.0,0.0,5
2023-05-10 10:32:50,l2311-C-7900,l2311-C-7900,262.0,0.0,0.0,0.0,10,51.5,0.0,0,262.0,0.0,0.0,0.0,0.0,0.0,5
2023-05-10 10:32:52,l2311-C-7900,l2311-C-7900,262.0,0.0,0.0,0.0,1,52.0,0.0,0,262.0,0.0,0.0,0.0,0.0,0.0,5
2023-05-10 10:32:52,l2311-C-7900,l2311-C-7900,262.0,0.0,0.0,0.0,10,52.5,0.0,0,262.0,0.0,0.0,0.0,0.0,0.0,5
2023-05-10 10:32:53,l2311-C-7900,l2311-C-7900,262.0,0.0,0.0,0.0,1,53.0,0.0,0,262.0,0.0,0.0,0.0,0.0,0.0,5
2023-05-10 10:32:53,l2311-C-7900,l2311-C-7900,262.0,0.0,0.0,0.0,10,53.5,0.0,0,262.0,0.0,0.0,0.0,0.0,0.0,5
2023-05-10 10:32:55,l2311-C-7900,l2311-C-7900,262.0,0.0,0.0,0.0,1,54.0,0.0,0,262.0,0.0,0.0,0.0,0.0,0.0,5
2023-05-10 10:32:55,l2311-C-7900,l2311-C-7900,262.0,0.0,0.0,0.0,10,54.5,0.0,0,262.0,0.0,0.0,0.0,0.0,0.0,5
2023-05-10 10:32:56,l2311-C-7900,l2311-C-7900,262.0,0.0,0.0,0.0,1,55.0,0.0,0,262.0,0.0,0.0,0.0,0.0,0.0,5
2023-05-10 10:32:56,l2311-C-7900,l2311-C-7900,262.0,0.0,0.0,0.0,10,55.5,0.0,0,262.0,0.0,0.0,0.0,0.0,0.0,5
2023-05-10 10:32:58,l2311-C-7900,l2311-C-7900,262.0,0.0,0.0,0.0,1,56.0,0.0,0,262.0,0.0,0.0,0.0,0.0,0.0,5
2023-05-10 10:32:58,l2311-C-7900,l2311-C-7900,262.0,0.0,0.0,0.0,10,56.5,0.0,0,262.0,0.0,0.0,0.0,0.0,0.0,5
2023-05-10 10:32:59,l2311-C-7900,l2311-C-7900,262.0,0.0,0.0,0.0,1,57.0,0.0,0,262.0,0.0,0.0,0.0,0.0,0.0,5
2023-05-10 10:32:59,l2311-C-7900,l2311-C-7900,262.0,0.0,0.0,0.0,10,57.5,0.0,0,262.0,0.0,0.0,0.0,0.0,0.0,5
2023-05-10 10:33:01,l2311-C-7900,l2311-C-7900,262.0,0.0,0.0,0.0,1,58.0,0.0,0,262.0,0.0,0.0,0.0,0.0,0.0,5
2023-05-10 10:33:01,l2311-C-7900,l2311-C-7900,262.0,0.0,0.0,0.0,10,58.5,0.0,0,262.0,0.0,0.0,0.0,0.0,0.0,5
2023-05-10 10:33:02,l2311-C-7900,l2311-C-7900,262.0,0.0,0.0,0.0,1,59.0,0.0,0,262.0,0.0,0.0,0.0,0.0,0.0,5
2023-05-10 10:33:02,l2311-C-7900,l2311-C-7900,262.0,0.0,0.0,0.0,10,59.5,0.0,0,262.0,0.0,0.0,0.0,0.0,0.0,5
2023-05-10 10:33:03,l2311-C-7900,l2311-C-7900,262.0,0.0,0.0,0.0,1,60.0,0.0,0,262.0,0.0,0.0,0.0,0.0,0.0,5
2023-05-10 10:33:03,l2311-C-7900,l2311-C-7900,262.0,0.0,0.0,0.0,10,60.5,0.0,0,262.0,0.0,0.0,0.0,0.0,0.0,5
2023-05-10 10:33:05,l2311-C-7900,l2311-C-7900,262.0,0.0,0.0,0.0,1,61.0,0.0,0,262.0,0.0,0.0,0.0,0.0,0.0,5
2023-05-10 10:33:05,l2311-C-7900,l2311-C-7900,262.0,0.0,0.0,0.0,10,61.5,0.0,0,262.0,0.0,0.0,0.0,0.0,0.0,5
2023-05-10 10:33:07,l2311-C-7900,l2311-C-7900,262.0,0.0,0.0,0.0,1,62.0,0.0,0,262.0,0.0,0.0,0.0,0.0,0.0,5
2023-05-10 10:33:07,l2311-C-7900,l2311-C-7900,262.0,0.0,0.0,0.0,10,62.5,0.0,0,262.0,0.0,0.0,0.0,0.0,0.0,5
2023-05-10 10:33:09,l2311-C-7900,l2311-C-7900,262.0,0.0,0.0,0.0,1,63.0,0.0,0,262.0,0.0,0.0,0.0,0.0,0.0,5
2023-05-10 10:33:09,l2311-C-7900,l2311-C-7900,262.0,0.0,0.0,0.0,10,63.5,0.0,0,262.0,0.0,0.0,0.0,0.0,0.0,5
2023-05-10 10:33:10,l2311-C-7900,l2311-C-7900,262.0,0.0,0.0,0.0,1,64.0,0.0,0,262.0,0.0,0.0,0.0,0.0,0.0,5
2023-05-10 10:33:11,l2311-C-7900,l2311-C-7900,262.0,0.0,0.0,0.0,10,64.5,0.0,0,262.0,0.0,0.0,0.0,0.0,0.0,5
2023-05-10 10:33:12,l2311-C-7900,l2311-C-7900,262.0,0.0,0.0,0.0,1,65.0,0.0,0,262.0,0.0,0.0,0.0,0.0,0.0,5
2023-05-10 10:33:12,l2311-C-7900,l2311-C-7900,262.0,0.0,0.0,0.0,10,65.5,0.0,0,262.0,0.0,0.0,0.0,0.0,0.0,5
2023-05-10 10:33:13,l2311-C-7900,l2311-C-7900,262.0,0.0,0.0,0.0,1,66.0,0.0,0,262.0,0.0,0.0,0.0,0.0,0.0,5
2023-05-10 10:33:13,l2311-C-7900,l2311-C-7900,262.0,0.0,0.0,0.0,10,66.5,0.0,0,262.0,0.0,0.0,0.0,0.0,0.0,5
2023-05-10 10:33:15,l2311-C-7900,l2311-C-7900,262.0,0.0,0.0,0.0,1,67.0,0.0,0,262.0,0.0,0.0,0.0,0.0,0.0,5
2023-05-10 10:33:15,l2311-C-7900,l2311-C-7900,262.0,0.0,0.0,0.0,10,67.5,0.0,0,262.0,0.0,0.0,0.0,0.0,0.0,5
2023-05-10 10:33:16,l2311-C-7900,l2311-C-7900,262.0,0.0,0.0,0.0,1,68.0,0.0,0,262.0,0.0,0.0,0.0,0.0,0.0,5
2023-05-10 10:33:16,l2311-C-7900,l2311-C-7900,262.0,0.0,0.0,0.0,10,68.5,0.0,0,262.0,0.0,0.0,0.0,0.0,0.0,5
2023-05-10 10:33:18,l2311-C-7900,l2311-C-7900,262.0,0.0,0.0,0.0,1,69.0,0.0,0,262.0,0.0,0.0,0.0,0.0,0.0,5
2023-05-10 10:33:18,l2311-C-7900,l2311-C-7900,262.0,0.0,0.0,0.0,10,69.5,0.0,0,262.0,0.0,0.0,0.0,0.0,0.0,5
2023-05-10 10:33:19,l2311-C-7900,l2311-C-7900,262.0,0.0,0.0,0.0,1,70.0,0.0,0,262.0,0.0,0.0,0.0,0.0,0.0,5
2023-05-10 10:33:19,l2311-C-7900,l2311-C-7900,262.0,0.0,0.0,0.0,10,70.5,0.0,0,262.0,0.0,0.0,0.0,0.0,0.0,5
2023-05-10 10:33:21,l2311-C-7900,l2311-C-7900,262.0,0.0,0.0,0.0,1,71.0,0.0,0,262.0,0.0,0.0,0.0,0.0,0.0,5
2023-05-10 10:33:21,l2311-C-7900,l2311-C-7900,262.0,0.0,0.0,0.0,10,71.5,0.0,0,262.0,0.0,0.0,0.0,0.0,0.0,5
2023-05-10 10:33:22,l2311-C-7900,l2311-C-7900,262.0,0.0,0.0,0.0,1,72.0,0.0,0,262.0,0.0,0.0,0.0,0.0,0.0,5
2023-05-10 10:33:22,l2311-C-7900,l2311-C-7900,262.0,0.0,0.0,0.0,10,72.5,0.0,0,262.0,0.0,0.0,0.0,0.0,0.0,5
2023-05-10 10:33:23,l2311-C-7900,l2311-C-7900,262.0,0.0,0.0,0.0,1,73.0,0.0,0,262.0,0.0,0.0,0.0,0.0,0.0,5
2023-05-10 10:33:23,l2311-C-7900,l2311-C-7900,262.0,0.0,0.0,0.0,10,73.5,0.0,0,262.0,0.0,0.0,0.0,0.0,0.0,5
2023-05-10 10:33:25,l2311-C-7900,l2311-C-7900,262.0,0.0,0.0,0.0,1,74.0,0.0,0,262.0,0.0,0.0,0.0,0.0,0.0,5
2023-05-10 10:33:25,l2311-C-7900,l2311-C-7900,262.0,0.0,0.0,0.0,10,74.5,0.0,0,262.0,0.0,0.0,0.0,0.0,0.0,5
2023-05-10 10:33:26,l2311-C-7900,l2311-C-7900,262.0,0.0,0.0,0.0,1,75.0,0.0,0,262.0,0.0,0.0,0.0,0.0,0.0,5
2023-05-10 10:33:26,l2311-C-7900,l2311-C-7900,262.0,0.0,0.0,0.0,10,75.5,0.0,0,262.0,0.0,0.0,0.0,0.0,0.0,5
2023-05-10 10:33:28,l2311-C-7900,l2311-C-7900,262.0,0.0,0.0,0.0,1,76.0,0.0,0,262.0,0.0,0.0,0.0,0.0,0.0,5
2023-05-10 10:33:28,l2311-C-7900,l2311-C-7900,262.0,0.0,0.0,0.0,10,76.5,0.0,0,262.0,0.0,0.0,0.0,0.0,0.0,5
2023-05-10 10:33:29,l2311-C-7900,l2311-C-7900,262.0,0.0,0.0,0.0,1,77.0,0.0,0,262.0,0.0,0.0,0.0,0.0,0.0,5
2023-05-10 10:33:29,l2311-C-7900,l2311-C-7900,262.0,0.0,0.0,0.0,10,77.5,0.0,0,262.0,0.0,0.0,0.0,0.0,0.0,5
2023-05-10 10:33:30,l2311-C-7900,l2311-C-7900,262.0,0.0,0.0,0.0,1,78.0,0.0,0,262.0,0.0,0.0,0.0,0.0,0.0,5
2023-05-10 10:33:30,l2311-C-7900,l2311-C-7900,262.0,0.0,0.0,0.0,10,78.5,0.0,0,262.0,0.0,0.0,0.0,0.0,0.0,5
2023-05-10 10:33:32,l2311-C-7900,l2311-C-7900,262.0,0.0,0.0,0.0,1,79.0,0.0,0,262.0,0.0,0.0,0.0,0.0,0.0,5
2023-05-10 10:33:32,l2311-C-7900,l2311-C-7900,262.0,0.0,0.0,0.0,10,79.5,0.0,0,262.0,0.0,0.0,0.0,0.0,0.0,5
2023-05-10 10:33:33,l2311-C-7900,l2311-C-7900,262.0,0.0,0.0,0.0,1,80.0,0.0,0,262.0,0.0,0.0,0.0,0.0,0.0,5
2023-05-10 10:33:33,l2311-C-7900,l2311-C-7900,262.0,0.0,0.0,0.0,10,80.5,0.0,0,262.0,0.0,0.0,0.0,0.0,0.0,5
2023-05-10 10:33:35,l2311-C-7900,l2311-C-7900,262.0,0.0,0.0,0.0,1,81.0,0.0,0,262.0,0.0,0.0,0.0,0.0,0.0,5
2023-05-10 10:33:35,l2311-C-7900,l2311-C-7900,262.0,0.0,0.0,0.0,10,81.5,0.0,0,262.0,0.0,0.0,0.0,0.0,0.0,5
2023-05-10 10:33:36,l2311-C-7900,l2311-C-7900,262.0,0.0,0.0,0.0,1,82.0,0.0,0,262.0,0.0,0.0,0.0,0.0,0.0,5
2023-05-10 10:33:36,l2311-C-7900,l2311-C-7900,262.0,0.0,0.0,0.0,10,82.5,0.0,0,262.0,0.0,0.0,0.0,0.0,0.0,5
2023-05-10 10:33:38,l2311-C-7900,l2311-C-7900,262.0,0.0,0.0,0.0,1,83.0,0.0,0,262.0,0.0,0.0,0.0,0.0,0.0,5
2023-05-10 10:33:38,l2311-C-7900,l2311-C-7900,262.0,0.0,0.0,0.0,10,83.5,0.0,0,262.0,0.0,0.0,0.0,0.0,0.0,5
2023-05-10 10:33:39,l2311-C-7900,l2311-C-7900,262.0,0.0,0.0,0.0,1,84.0,0.0,0,262.0,0.0,0.0,0.0,0.0,0.0,5
2023-05-10 10:33:39,l2311-C-7900,l2311-C-7900,262.0,0.0,0.0,0.0,10,84.5,0.0,0,262.0,0.0,0.0,0.0,0.0,0.0,5
2023-05-10 10:33:40,l2311-C-7900,l2311-C-7900,262.0,0.0,0.0,0.0,1,85.0,0.0,0,262.0,0.0,0.0,0.0,0.0,0.0,5
2023-05-10 10:33:40,l2311-C-7900,l2311-C-7900,262.0,0.0,0.0,0.0,10,85.5,0.0,0,262.0,0.0,0.0,0.0,0.0,0.0,5
2023-05-10 10:33:42,l2311-C-7900,l2311-C-7900,262.0,0.0,0.0,0.0,1,86.0,0.0,0,262.0,0.0,0.0,0.0,0.0,0.0,5
2023-05-10 10:33:42,l2311-C-7900,l2311-C-7900,262.0,0.0,0.0,0.0,10,86.5,0.0,0,262.0,0.0,0.0,0.0,0.0,0.0,5
2023-05-10 10:33:43,l2311-C-7900,l2311-C-7900,262.0,0.0,0.0,0.0,1,87.0,0.0,0,262.0,0.0,0.0,0.0,0.0,0.0,5
2023-05-10 10:33:43,l2311-C-7900,l2311-C-7900,262.0,0.0,0.0,0.0,10,87.5,0.0,0,262.0,0.0,0.0,0.0,0.0,0.0,5
2023-05-10 10:33:44,l2311-C-7900,l2311-C-7900,262.0,0.0,0.0,0.0,1,88.0,0.0,0,262.0,0.0,0.0,0.0,0.0,0.0,5
2023-05-10 10:33:44,l2311-C-7900,l2311-C-7900,262.0,0.0,0.0,0.0,10,88.5,0.0,0,262.0,0.0,0.0,0.0,0.0,0.0,5
2023-05-10 10:33:46,l2311-C-7900,l2311-C-7900,262.0,0.0,0.0,0.0,1,89.0,0.0,0,262.0,0.0,0.0,0.0,0.0,0.0,5
2023-05-10 10:33:46,l2311-C-7900,l2311-C-7900,262.0,0.0,0.0,0.0,10,89.5,0.0,0,262.0,0.0,0.0,0.0,0.0,0.0,5
2023-05-10 10:33:48,l2311-C-7900,l2311-C-7900,262.0,0.0,0.0,0.0,1,90.0,0.0,0,262.0,0.0,0.0,0.0,0.0,0.0,5
2023-05-10 10:33:48,l2311-C-7900,l2311-C-7900,262.0,0.0,0.0,0.0,10,90.5,0.0,0,262.0,0.0,0.0,0.0,0.0,0.0,5
2023-05-10 10:33:49,l2311-C-7900,l2311-C-7900,262.0,0.0,0.0,0.0,1,91.0,0.0,0,262.0,0.0,0.0,0.0,0.0,0.0,5
2023-05-10 10:33:49,l2311-C-7900,l2311-C-7900,262.0,0.0,0.0,0.0,10,91.5,0.0,0,262.0,0.0,0.0,0.0,0.0,0.0,5
2023-05-10 10:33:50,l2311-C-7900,l2311-C-7900,262.0,0.0,0.0,0.0,1,92.0,0.0,0,262.0,0.0,0.0,0.0,0.0,0.0,5
2023-05-10 10:33:50,l2311-C-7900,l2311-C-7900,262.0,0.0,0.0,0.0,10,92.5,0.0,0,262.0,0.0,0.0,0.0,0.0,0.0,5
2023-05-10 10:33:51,l2311-C-7900,l2311-C-7900,262.0,0.0,0.0,0.0,1,93.0,0.0,0,262.0,0.0,0.0,0.0,0.0,0.0,5
2023-05-10 10:33:51,l2311-C-7900,l2311-C-7900,262.0,0.0,0.0,0.0,10,93.5,0.0,0,262.0,0.0,0.0,0.0,0.0,0.0,5
2023-05-10 10:33:52,l2311-C-7900,l2311-C-7900,262.0,0.0,0.0,0.0,1,94.0,0.0,0,262.0,0.0,0.0,0.0,0.0,0.0,5
2023-05-10 10:33:52,l2311-C-7900,l2311-C-7900,262.0,0.0,0.0,0.0,10,94.5,0.0,0,262.0,0.0,0.0,0.0,0.0,0.0,5
2023-05-10 10:33:53,l2311-C-7900,l2311-C-7900,262.0,0.0,0.0,0.0,1,95.0,0.0,0,262.0,0.0,0.0,0.0,0.0,0.0,5
2023-05-10 10:33:53,l2311-C-7900,l2311-C-7900,262.0,0.0,0.0,0.0,10,95.5,0.0,0,262.0,0.0,0.0,0.0,0.0,0.0,5
2023-05-10 10:33:55,l2311-C-7900,l2311-C-7900,262.0,0.0,0.0,0.0,1,96.0,0.0,0,262.0,0.0,0.0,0.0,0.0,0.0,5
2023-05-10 10:33:55,l2311-C-7900,l2311-C-7900,262.0,0.0,0.0,0.0,10,96.5,0.0,0,262.0,0.0,0.0,0.0,0.0,0.0,5
2023-05-10 10:33:56,l2311-C-7900,l2311-C-7900,262.0,0.0,0.0,0.0,1,97.0,0.0,0,262.0,0.0,0.0,0.0,0.0,0.0,5
2023-05-10 10:33:56,l2311-C-7900,l2311-C-7900,262.0,0.0,0.0,0.0,10,97.5,0.0,0,262.0,0.0,0.0,0.0,0.0,0.0,5
2023-05-10 10:33:57,l2311-C-7900,l2311-C-7900,262.0,0.0,0.0,0.0,1,98.0,0.0,0,262.0,0.0,0.0,0.0,0.0,0.0,5
2023-05-10 10:33:57,l2311-C-7900,l2311-C-7900,262.0,0.0,0.0,0.0,10,98.5,0.0,0,262.0,0.0,0.0,0.0,0.0,0.0,5
2023-05-10 10:33:59,l2311-C-7900,l2311-C-7900,262.0,0.0,0.0,0.0,1,99.0,0.0,0,262.0,0.0,0.0,0.0,0.0,0.0,5
2023-05-10 10:33:59,l2311-C-7900,l2311-C-7900,262.0,0.0,0.0,0.0,10,99.5,0.0,0,262.0,0.0,0.0,0.0,0.0,0.0,5
2023-05-10 10:34:00,l2311-C-7900,l2311-C-7900,262.0,0.0,0.0,0.0,1,100.0,0.0,0,262.0,0.0,0.0,0.0,0.0,0.0,5
2023-05-10 10:34:00,l2311-C-7900,l2311-C-7900,262.0,0.0,0.0,0.0,10,100.5,0.0,0,262.0,0.0,0.0,0.0,0.0,0.0,5
2023-05-10 10:34:01,l2311-C-7900,l2311-C-7900,262.0,0.0,0.0,0.0,1,101.0,0.0,0,262.0,0.0,0.0,0.0,0.0,0.0,5
2023-05-10 10:34:01,l2311-C-7900,l2311-C-7900,262.0,0.0,0.0,0.0,10,101.5,0.0,0,262.0,0.0,0.0,0.0,0.0,0.0,5
2023-05-10 10:34:03,l2311-C-7900,l2311-C-7900,262.0,0.0,0.0,0.0,1,102.0,0.0,0,262.0,0.0,0.0,0.0,0.0,0.0,5
2023-05-10 10:34:03,l2311-C-7900,l2311-C-7900,262.0,0.0,0.0,0.0,10,102.5,0.0,0,262.0,0.0,0.0,0.0,0.0,0.0,5
2023-05-10 10:34:04,l2311-C-7900,l2311-C-7900,262.0,0.0,0.0,0.0,1,103.0,0.0,0,262.0,0.0,0.0,0.0,0.0,0.0,5
2023-05-10 10:34:04,l2311-C-7900,l2311-C-7900,262.0,0.0,0.0,0.0,10,103.5,0.0,0,262.0,0.0,0.0,0.0,0.0,0.0,5
2023-05-10 10:34:05,l2311-C-7900,l2311-C-7900,262.0,0.0,0.0,0.0,1,104.0,0.0,0,262.0,0.0,0.0,0.0,0.0,0.0,5
2023-05-10 10:34:05,l2311-C-7900,l2311-C-7900,262.0,0.0,0.0,0.0,10,104.5,0.0,0,262.0,0.0,0.0,0.0,0.0,0.0,5
2023-05-10 10:34:06,l2311-C-7900,l2311-C-7900,262.0,0.0,0.0,0.0,1,105.0,0.0,0,262.0,0.0,0.0,0.0,0.0,0.0,5
2023-05-10 10:34:06,l2311-C-7900,l2311-C-7900,262.0,0.0,0.0,0.0,10,105.5,0.0,0,262.0,0.0,0.0,0.0,0.0,0.0,5
2023-05-10 10:34:07,l2311-C-7900,l2311-C-7900,262.0,0.0,0.0,0.0,1,106.0,0.0,0,262.0,0.0,0.0,0.0,0.0,0.0,5
2023-05-10 10:34:07,l2311-C-7900,l2311-C-7900,262.0,0.0,0.0,0.0,10,106.5,0.0,0,262.0,0.0,0.0,0.0,0.0,0.0,5
2023-05-10 10:34:09,l2311-C-7900,l2311-C-7900,262.0,0.0,0.0,0.0,1,107.0,0.0,0,262.0,0.0,0.0,0.0,0.0,0.0,5
2023-05-10 10:34:09,l2311-C-7900,l2311-C-7900,262.0,0.0,0.0,0.0,10,107.5,0.0,0,262.0,0.0,0.0,0.0,0.0,0.0,5
2023-05-10 10:34:10,l2311-C-7900,l2311-C-7900,262.0,0.0,0.0,0.0,1,108.0,0.0,0,262.0,0.0,0.0,0.0,0.0,0.0,5
2023-05-10 10:34:10,l2311-C-7900,l2311-C-7900,262.0,0.0,0.0,0.0,10,108.5,0.0,0,262.0,0.0,0.0,0.0,0.0,0.0,5
2023-05-10 10:34:11,l2311-C-7900,l2311-C-7900,262.0,0.0,0.0,0.0,1,109.0,0.0,0,262.0,0.0,0.0,0.0,0.0,0.0,5
2023-05-10 10:34:11,l2311-C-7900,l2311-C-7900,262.0,0.0,0.0,0.0,10,109.5,0.0,0,262.0,0.0,0.0,0.0,0.0,0.0,5
2023-05-10 10:34:12,l2311-C-7900,l2311-C-7900,262.0,0.0,0.0,0.0,1,110.0,0.0,0,262.0,0.0,0.0,0.0,0.0,0.0,5
2023-05-10 10:34:12,l2311-C-7900,l2311-C-7900,262.0,0.0,0.0,0.0,10,110.5,0.0,0,262.0,0.0,0.0,0.0,0.0,0.0,5
2023-05-10 10:34:13,l2311-C-7900,l2311-C-7900,262.0,0.0,0.0,0.0,1,111.0,0.0,0,262.0,0.0,0.0,0.0,0.0,0.0,5
2023-05-10 10:34:13,l2311-C-7900,l2311-C-7900,262.0,0.0,0.0,0.0,10,111.5,0.0,0,262.0,0.0,0.0,0.0,0.0,0.0,5
2023-05-10 10:34:14,l2311-C-7900,l2311-C-7900,262.0,0.0,0.0,0.0,1,112.0,0.0,0,262.0,0.0,0.0,0.0,0.0,0.0,5
2023-05-10 10:34:14,l2311-C-7900,l2311-C-7900,262.0,0.0,0.0,0.0,10,112.5,0.0,0,262.0,0.0,0.0,0.0,0.0,0.0,5
2023-05-10 10:34:15,l2311-C-7900,l2311-C-7900,262.0,0.0,0.0,0.0,1,113.0,0.0,0,262.0,0.0,0.0,0.0,0.0,0.0,5
2023-05-10 10:34:15,l2311-C-7900,l2311-C-7900,262.0,0.0,0.0,0.0,10,113.5,0.0,0,262.0,0.0,0.0,0.0,0.0,0.0,5
2023-05-10 10:34:16,l2311-C-7900,l2311-C-7900,262.0,0.0,0.0,0.0,1,114.0,0.0,0,262.0,0.0,0.0,0.0,0.0,0.0,5
2023-05-10 10:34:16,l2311-C-7900,l2311-C-7900,262.0,0.0,0.0,0.0,10,114.5,0.0,0,262.0,0.0,0.0,0.0,0.0,0.0,5
2023-05-10 10:34:17,l2311-C-7900,l2311-C-7900,262.0,0.0,0.0,0.0,1,115.0,0.0,0,262.0,0.0,0.0,0.0,0.0,0.0,5
2023-05-10 10:34:17,l2311-C-7900,l2311-C-7900,262.0,0.0,0.0,0.0,10,115.5,0.0,0,262.0,0.0,0.0,0.0,0.0,0.0,5
2023-05-10 10:34:18,l2311-C-7900,l2311-C-7900,262.0,0.0,0.0,0.0,1,116.0,0.0,0,262.0,0.0,0.0,0.0,0.0,0.0,5
2023-05-10 10:34:18,l2311-C-7900,l2311-C-7900,262.0,0.0,0.0,0.0,10,116.5,0.0,0,262.0,0.0,0.0,0.0,0.0,0.0,5
2023-05-10 10:34:19,l2311-C-7900,l2311-C-7900,262.0,0.0,0.0,0.0,1,117.0,0.0,0,262.0,0.0,0.0,0.0,0.0,0.0,5
2023-05-10 10:34:19,l2311-C-7900,l2311-C-7900,262.0,0.0,0.0,0.0,10,117.5,0.0,0,262.0,0.0,0.0,0.0,0.0,0.0,5
2023-05-10 10:34:20,l2311-C-7900,l2311-C-7900,262.0,0.0,0.0,0.0,1,118.0,0.0,0,262.0,0.0,0.0,0.0,0.0,0.0,5
2023-05-10 10:34:20,l2311-C-7900,l2311-C-7900,262.0,0.0,0.0,0.0,10,118.5,0.0,0,262.0,0.0,0.0,0.0,0.0,0.0,5
2023-05-10 10:34:21,l2311-C-7900,l2311-C-7900,262.0,0.0,0.0,0.0,1,119.0,0.0,0,262.0,0.0,0.0,0.0,0.0,0.0,5
2023-05-10 10:34:21,l2311-C-7900,l2311-C-7900,262.0,0.0,0.0,0.0,10,119.5,0.0,0,262.0,0.0,0.0,0.0,0.0,0.0,5
2023-05-10 10:34:22,l2311-C-7900,l2311-C-7900,262.0,0.0,0.0,0.0,1,120.0,0.0,0,262.0,0.0,0.0,0.0,0.0,0.0,5
2023-05-10 10:34:22,l2311-C-7900,l2311-C-7900,262.0,0.0,0.0,0.0,10,120.5,0.0,0,262.0,0.0,0.0,0.0,0.0,0.0,5
2023-05-10 10:34:23,l2311-C-7900,l2311-C-7900,262.0,0.0,0.0,0.0,1,121.0,0.0,0,262.0,0.0,0.0,0.0,0.0,0.0,5
2023-05-10 10:34:23,l2311-C-7900,l2311-C-7900,262.0,0.0,0.0,0.0,10,121.5,0.0,0,262.0,0.0,0.0,0.0,0.0,0.0,5
2023-05-10 10:34:24,l2311-C-7900,l2311-C-7900,262.0,0.0,0.0,0.0,1,122.0,0.0,0,262.0,0.0,0.0,0.0,0.0,0.0,5
2023-05-10 10:34:24,l2311-C-7900,l2311-C-7900,262.0,0.0,0.0,0.0,10,122.5,0.0,0,262.0,0.0,0.0,0.0,0.0,0.0,5
2023-05-10 10:34:25,l2311-C-7900,l2311-C-7900,262.0,0.0,0.0,0.0,1,123.0,0.0,0,262.0,0.0,0.0,0.0,0.0,0.0,5
2023-05-10 10:34:25,l2311-C-7900,l2311-C-7900,262.0,0.0,0.0,0.0,10,123.5,0.0,0,262.0,0.0,0.0,0.0,0.0,0.0,5
2023-05-10 10:34:26,l2311-C-7900,l2311-C-7900,262.0,0.0,0.0,0.0,1,124.0,0.0,0,262.0,0.0,0.0,0.0,0.0,0.0,5
2023-05-10 10:34:26,l2311-C-7900,l2311-C-7900,262.0,0.0,0.0,0.0,10,124.5,0.0,0,262.0,0.0,0.0,0.0,0.0,0.0,5
2023-05-10 10:34:28,l2311-C-7900,l2311-C-7900,262.0,0.0,0.0,0.0,1,125.0,0.0,0,262.0,0.0,0.0,0.0,0.0,0.0,5
2023-05-10 10:34:28,l2311-C-7900,l2311-C-7900,262.0,0.0,0.0,0.0,10,125.5,0.0,0,262.0,0.0,0.0,0.0,0.0,0.0,5
2023-05-10 11:29:32,l2311-C-7900,l2311-C-7900,262.0,0.0,0.0,0.0,1,10.0,0.0,0,262.0,0.0,0.0,0.0,0.0,0.0,5
2023-05-10 13:30:02,l2311-C-7900,l2311-C-7900,262.0,0.0,0.0,0.0,10,10.5,0.0,0,262.0,0.0,0.0,0.0,0.0,0.0,5
2023-05-10 13:30:56,l2311-C-7900,l2311-C-7900,262.0,0.0,0.0,0.0,10,11.5,0.0,0,262.0,0.0,0.0,0.0,0.0,0.0,5
2023-05-10 13:31:13,l2311-C-7900,l2311-C-7900,262.0,0.0,0.0,0.0,1,12.0,0.0,0,262.0,0.0,0.0,0.0,0.0,0.0,5
2023-05-10 13:31:13,l2311-C-7900,l2311-C-7900,262.0,0.0,0.0,0.0,10,12.5,0.0,0,262.0,0.0,0.0,0.0,0.0,0.0,5
2023-05-10 13:31:15,l2311-C-7900,l2311-C-7900,262.0,0.0,0.0,0.0,1,13.0,0.0,0,262.0,0.0,0.0,0.0,0.0,0.0,5
2023-05-10 13:31:15,l2311-C-7900,l2311-C-7900,262.0,0.0,0.0,0.0,10,13.5,0.0,0,262.0,0.0,0.0,0.0,0.0,0.0,5
2023-05-10 13:31:17,l2311-C-7900,l2311-C-7900,262.0,0.0,0.0,0.0,1,14.0,0.0,0,262.0,0.0,0.0,0.0,0.0,0.0,5
2023-05-10 13:31:17,l2311-C-7900,l2311-C-7900,262.0,0.0,0.0,0.0,10,14.5,0.0,0,262.0,0.0,0.0,0.0,0.0,0.0,5
2023-05-10 13:31:19,l2311-C-7900,l2311-C-7900,262.0,0.0,0.0,0.0,1,15.0,0.0,0,262.0,0.0,0.0,0.0,0.0,0.0,5
2023-05-10 13:31:19,l2311-C-7900,l2311-C-7900,262.0,0.0,0.0,0.0,10,15.5,0.0,0,262.0,0.0,0.0,0.0,0.0,0.0,5
2023-05-10 13:31:21,l2311-C-7900,l2311-C-7900,262.0,0.0,0.0,0.0,1,16.0,0.0,0,262.0,0.0,0.0,0.0,0.0,0.0,5
2023-05-10 13:31:21,l2311-C-7900,l2311-C-7900,262.0,0.0,0.0,0.0,10,16.5,0.0,0,262.0,0.0,0.0,0.0,0.0,0.0,5
2023-05-10 13:31:23,l2311-C-7900,l2311-C-7900,262.0,0.0,0.0,0.0,1,17.0,0.0,0,262.0,0.0,0.0,0.0,0.0,0.0,5
2023-05-10 13:31:23,l2311-C-7900,l2311-C-7900,262.0,0.0,0.0,0.0,10,17.5,0.0,0,262.0,0.0,0.0,0.0,0.0,0.0,5
2023-05-10 13:31:27,l2311-C-7900,l2311-C-7900,262.0,0.0,0.0,0.0,1,18.0,0.0,0,262.0,0.0,0.0,0.0,0.0,0.0,5
2023-05-10 13:31:27,l2311-C-7900,l2311-C-7900,262.0,0.0,0.0,0.0,10,18.5,0.0,0,262.0,0.0,0.0,0.0,0.0,0.0,5
2023-05-10 13:31:28,l2311-C-7900,l2311-C-7900,262.0,0.0,0.0,0.0,1,19.0,0.0,0,262.0,0.0,0.0,0.0,0.0,0.0,5
2023-05-10 13:31:28,l2311-C-7900,l2311-C-7900,262.0,0.0,0.0,0.0,10,19.5,0.0,0,262.0,0.0,0.0,0.0,0.0,0.0,5
2023-05-10 13:31:30,l2311-C-7900,l2311-C-7900,262.0,0.0,0.0,0.0,1,20.0,0.0,0,262.0,0.0,0.0,0.0,0.0,0.0,5
2023-05-10 13:31:30,l2311-C-7900,l2311-C-7900,262.0,0.0,0.0,0.0,10,20.5,0.0,0,262.0,0.0,0.0,0.0,0.0,0.0,5
2023-05-10 13:31:32,l2311-C-7900,l2311-C-7900,262.0,0.0,0.0,0.0,1,21.0,0.0,0,262.0,0.0,0.0,0.0,0.0,0.0,5
2023-05-10 13:31:32,l2311-C-7900,l2311-C-7900,262.0,0.0,0.0,0.0,10,21.5,0.0,0,262.0,0.0,0.0,0.0,0.0,0.0,5
2023-05-10 13:31:33,l2311-C-7900,l2311-C-7900,262.0,0.0,0.0,0.0,1,22.0,0.0,0,262.0,0.0,0.0,0.0,0.0,0.0,5
2023-05-10 13:31:33,l2311-C-7900,l2311-C-7900,262.0,0.0,0.0,0.0,10,22.5,0.0,0,262.0,0.0,0.0,0.0,0.0,0.0,5
2023-05-10 13:31:35,l2311-C-7900,l2311-C-7900,262.0,0.0,0.0,0.0,1,23.0,0.0,0,262.0,0.0,0.0,0.0,0.0,0.0,5
2023-05-10 13:31:35,l2311-C-7900,l2311-C-7900,262.0,0.0,0.0,0.0,10,23.5,0.0,0,262.0,0.0,0.0,0.0,0.0,0.0,5
2023-05-10 13:31:36,l2311-C-7900,l2311-C-7900,262.0,0.0,0.0,0.0,1,24.0,0.0,0,262.0,0.0,0.0,0.0,0.0,0.0,5
2023-05-10 13:31:36,l2311-C-7900,l2311-C-7900,262.0,0.0,0.0,0.0,10,24.5,0.0,0,262.0,0.0,0.0,0.0,0.0,0.0,5
2023-05-10 13:31:38,l2311-C-7900,l2311-C-7900,262.0,0.0,0.0,0.0,1,25.0,0.0,0,262.0,0.0,0.0,0.0,0.0,0.0,5
2023-05-10 13:31:38,l2311-C-7900,l2311-C-7900,262.0,0.0,0.0,0.0,10,25.5,0.0,0,262.0,0.0,0.0,0.0,0.0,0.0,5
2023-05-10 13:31:39,l2311-C-7900,l2311-C-7900,262.0,0.0,0.0,0.0,1,26.0,0.0,0,262.0,0.0,0.0,0.0,0.0,0.0,5
2023-05-10 13:31:39,l2311-C-7900,l2311-C-7900,262.0,0.0,0.0,0.0,10,26.5,0.0,0,262.0,0.0,0.0,0.0,0.0,0.0,5
2023-05-10 13:31:41,l2311-C-7900,l2311-C-7900,262.0,0.0,0.0,0.0,1,27.0,0.0,0,262.0,0.0,0.0,0.0,0.0,0.0,5
2023-05-10 13:31:41,l2311-C-7900,l2311-C-7900,262.0,0.0,0.0,0.0,10,27.5,0.0,0,262.0,0.0,0.0,0.0,0.0,0.0,5
2023-05-10 13:31:43,l2311-C-7900,l2311-C-7900,262.0,0.0,0.0,0.0,1,28.0,0.0,0,262.0,0.0,0.0,0.0,0.0,0.0,5
2023-05-10 13:31:43,l2311-C-7900,l2311-C-7900,262.0,0.0,0.0,0.0,10,28.5,0.0,0,262.0,0.0,0.0,0.0,0.0,0.0,5
2023-05-10 13:31:45,l2311-C-7900,l2311-C-7900,262.0,0.0,0.0,0.0,1,29.0,0.0,0,262.0,0.0,0.0,0.0,0.0,0.0,5
2023-05-10 13:31:45,l2311-C-7900,l2311-C-7900,262.0,0.0,0.0,0.0,10,29.5,0.0,0,262.0,0.0,0.0,0.0,0.0,0.0,5
2023-05-10 13:31:46,l2311-C-7900,l2311-C-7900,262.0,0.0,0.0,0.0,1,30.0,0.0,0,262.0,0.0,0.0,0.0,0.0,0.0,5
2023-05-10 13:31:46,l2311-C-7900,l2311-C-7900,262.0,0.0,0.0,0.0,10,30.5,0.0,0,262.0,0.0,0.0,0.0,0.0,0.0,5
2023-05-10 13:31:48,l2311-C-7900,l2311-C-7900,262.0,0.0,0.0,0.0,1,31.0,0.0,0,262.0,0.0,0.0,0.0,0.0,0.0,5
2023-05-10 13:31:48,l2311-C-7900,l2311-C-7900,262.0,0.0,0.0,0.0,10,31.5,0.0,0,262.0,0.0,0.0,0.0,0.0,0.0,5
2023-05-10 13:31:50,l2311-C-7900,l2311-C-7900,262.0,0.0,0.0,0.0,1,32.0,0.0,0,262.0,0.0,0.0,0.0,0.0,0.0,5
2023-05-10 13:31:50,l2311-C-7900,l2311-C-7900,262.0,0.0,0.0,0.0,10,32.5,0.0,0,262.0,0.0,0.0,0.0,0.0,0.0,5
2023-05-10 13:31:52,l2311-C-7900,l2311-C-7900,262.0,0.0,0.0,0.0,1,33.0,0.0,0,262.0,0.0,0.0,0.0,0.0,0.0,5
2023-05-10 13:31:52,l2311-C-7900,l2311-C-7900,262.0,0.0,0.0,0.0,10,33.5,0.0,0,262.0,0.0,0.0,0.0,0.0,0.0,5
2023-05-10 13:31:55,l2311-C-7900,l2311-C-7900,262.0,0.0,0.0,0.0,1,34.0,0.0,0,262.0,0.0,0.0,0.0,0.0,0.0,5
2023-05-10 13:31:55,l2311-C-7900,l2311-C-7900,262.0,0.0,0.0,0.0,10,34.5,0.0,0,262.0,0.0,0.0,0.0,0.0,0.0,5
2023-05-10 14:01:25,l2311-C-7900,l2311-C-7900,262.0,0.0,0.0,0.0,1,35.0,0.0,0,262.0,0.0,0.0,0.0,0.0,0.0,5
2023-05-10 14:01:25,l2311-C-7900,l2311-C-7900,262.0,0.0,0.0,0.0,10,35.5,0.0,0,262.0,0.0,0.0,0.0,0.0,0.0,5
2023-05-10 14:40:17,l2311-C-7900,l2311-C-7900,262.0,0.0,0.0,0.0,1,36.0,0.0,0,262.0,0.0,0.0,0.0,0.0,0.0,5
2023-05-10 14:40:17,l2311-C-7900,l2311-C-7900,262.0,0.0,0.0,0.0,10,36.5,0.0,0,262.0,0.0,0.0,0.0,0.0,0.0,5
2023-05-10 14:59:01,l2311-C-7900,l2311-C-7900,262.0,0.0,0.0,0.0,1,36.0,0.0,0,262.0,0.0,0.0,0.0,0.0,0.0,5
2023-05-10 15:01:15,l2311-C-7900,l2311-C-7900,262.0,0.0,0.0,0.0,1,36.0,0.0,0,262.0,0.0,0.0,0.0,0.0,0.0,5
