time,symbol_id,symbol_name,last,trade_volume,trade_amount,open_interest_change,bv1,bp1,ap1,av1,yesterday_close,today_open,today_high,today_low,volume,amount,open_interest
2023-05-09 21:00:23,l2311-C-7400,l2311-C-7400,555.5,0.0,0.0,0.0,1,124.5,0.0,0,555.5,0.0,0.0,0.0,0.0,0.0,2
2023-05-09 21:00:23,l2311-C-7400,l2311-C-7400,555.5,0.0,0.0,0.0,10,125.0,0.0,0,555.5,0.0,0.0,0.0,0.0,0.0,2
2023-05-09 21:01:21,l2311-C-7400,l2311-C-7400,555.5,0.0,0.0,0.0,1,125.5,0.0,0,555.5,0.0,0.0,0.0,0.0,0.0,2
2023-05-09 21:01:21,l2311-C-7400,l2311-C-7400,555.5,0.0,0.0,0.0,10,126.0,0.0,0,555.5,0.0,0.0,0.0,0.0,0.0,2
2023-05-09 21:01:37,l2311-C-7400,l2311-C-7400,555.5,0.0,0.0,0.0,1,126.5,0.0,0,555.5,0.0,0.0,0.0,0.0,0.0,2
2023-05-09 21:01:37,l2311-C-7400,l2311-C-7400,555.5,0.0,0.0,0.0,10,127.0,0.0,0,555.5,0.0,0.0,0.0,0.0,0.0,2
2023-05-09 21:04:18,l2311-C-7400,l2311-C-7400,555.5,0.0,0.0,0.0,1,127.5,0.0,0,555.5,0.0,0.0,0.0,0.0,0.0,2
2023-05-09 21:04:18,l2311-C-7400,l2311-C-7400,555.5,0.0,0.0,0.0,10,128.0,0.0,0,555.5,0.0,0.0,0.0,0.0,0.0,2
2023-05-09 21:06:49,l2311-C-7400,l2311-C-7400,555.5,0.0,0.0,0.0,1,128.5,0.0,0,555.5,0.0,0.0,0.0,0.0,0.0,2
2023-05-09 21:06:49,l2311-C-7400,l2311-C-7400,555.5,0.0,0.0,0.0,10,129.0,0.0,0,555.5,0.0,0.0,0.0,0.0,0.0,2
2023-05-09 21:06:58,l2311-C-7400,l2311-C-7400,555.5,0.0,0.0,0.0,1,129.5,0.0,0,555.5,0.0,0.0,0.0,0.0,0.0,2
2023-05-09 21:06:58,l2311-C-7400,l2311-C-7400,555.5,0.0,0.0,0.0,10,130.0,0.0,0,555.5,0.0,0.0,0.0,0.0,0.0,2
2023-05-09 21:07:04,l2311-C-7400,l2311-C-7400,555.5,0.0,0.0,0.0,1,130.5,0.0,0,555.5,0.0,0.0,0.0,0.0,0.0,2
2023-05-09 21:07:04,l2311-C-7400,l2311-C-7400,555.5,0.0,0.0,0.0,10,131.0,0.0,0,555.5,0.0,0.0,0.0,0.0,0.0,2
2023-05-09 21:07:08,l2311-C-7400,l2311-C-7400,555.5,0.0,0.0,0.0,1,131.5,0.0,0,555.5,0.0,0.0,0.0,0.0,0.0,2
2023-05-09 21:07:08,l2311-C-7400,l2311-C-7400,555.5,0.0,0.0,0.0,10,132.0,0.0,0,555.5,0.0,0.0,0.0,0.0,0.0,2
2023-05-09 21:07:12,l2311-C-7400,l2311-C-7400,555.5,0.0,0.0,0.0,1,132.5,0.0,0,555.5,0.0,0.0,0.0,0.0,0.0,2
2023-05-09 21:07:12,l2311-C-7400,l2311-C-7400,555.5,0.0,0.0,0.0,10,133.0,0.0,0,555.5,0.0,0.0,0.0,0.0,0.0,2
2023-05-09 21:07:16,l2311-C-7400,l2311-C-7400,555.5,0.0,0.0,0.0,1,133.5,0.0,0,555.5,0.0,0.0,0.0,0.0,0.0,2
2023-05-09 21:07:16,l2311-C-7400,l2311-C-7400,555.5,0.0,0.0,0.0,10,134.0,0.0,0,555.5,0.0,0.0,0.0,0.0,0.0,2
2023-05-09 21:07:20,l2311-C-7400,l2311-C-7400,555.5,0.0,0.0,0.0,1,134.5,0.0,0,555.5,0.0,0.0,0.0,0.0,0.0,2
2023-05-09 21:07:20,l2311-C-7400,l2311-C-7400,555.5,0.0,0.0,0.0,10,135.0,0.0,0,555.5,0.0,0.0,0.0,0.0,0.0,2
2023-05-09 21:07:23,l2311-C-7400,l2311-C-7400,555.5,0.0,0.0,0.0,1,135.5,0.0,0,555.5,0.0,0.0,0.0,0.0,0.0,2
2023-05-09 21:07:23,l2311-C-7400,l2311-C-7400,555.5,0.0,0.0,0.0,10,136.0,0.0,0,555.5,0.0,0.0,0.0,0.0,0.0,2
2023-05-09 21:07:27,l2311-C-7400,l2311-C-7400,555.5,0.0,0.0,0.0,1,136.5,0.0,0,555.5,0.0,0.0,0.0,0.0,0.0,2
2023-05-09 21:07:27,l2311-C-7400,l2311-C-7400,555.5,0.0,0.0,0.0,10,137.0,0.0,0,555.5,0.0,0.0,0.0,0.0,0.0,2
2023-05-09 21:07:31,l2311-C-7400,l2311-C-7400,555.5,0.0,0.0,0.0,1,137.5,0.0,0,555.5,0.0,0.0,0.0,0.0,0.0,2
2023-05-09 21:07:31,l2311-C-7400,l2311-C-7400,555.5,0.0,0.0,0.0,10,138.0,0.0,0,555.5,0.0,0.0,0.0,0.0,0.0,2
2023-05-09 21:07:36,l2311-C-7400,l2311-C-7400,555.5,0.0,0.0,0.0,1,138.5,0.0,0,555.5,0.0,0.0,0.0,0.0,0.0,2
2023-05-09 21:07:36,l2311-C-7400,l2311-C-7400,555.5,0.0,0.0,0.0,10,139.0,0.0,0,555.5,0.0,0.0,0.0,0.0,0.0,2
2023-05-09 21:07:40,l2311-C-7400,l2311-C-7400,555.5,0.0,0.0,0.0,1,139.5,0.0,0,555.5,0.0,0.0,0.0,0.0,0.0,2
2023-05-09 21:07:40,l2311-C-7400,l2311-C-7400,555.5,0.0,0.0,0.0,10,140.0,0.0,0,555.5,0.0,0.0,0.0,0.0,0.0,2
2023-05-09 21:07:44,l2311-C-7400,l2311-C-7400,555.5,0.0,0.0,0.0,1,140.5,0.0,0,555.5,0.0,0.0,0.0,0.0,0.0,2
2023-05-09 21:07:44,l2311-C-7400,l2311-C-7400,555.5,0.0,0.0,0.0,10,141.0,0.0,0,555.5,0.0,0.0,0.0,0.0,0.0,2
2023-05-09 21:08:19,l2311-C-7400,l2311-C-7400,555.5,0.0,0.0,0.0,1,141.5,0.0,0,555.5,0.0,0.0,0.0,0.0,0.0,2
2023-05-09 21:08:19,l2311-C-7400,l2311-C-7400,555.5,0.0,0.0,0.0,10,142.0,0.0,0,555.5,0.0,0.0,0.0,0.0,0.0,2
2023-05-09 21:09:33,l2311-C-7400,l2311-C-7400,555.5,0.0,0.0,0.0,1,142.5,0.0,0,555.5,0.0,0.0,0.0,0.0,0.0,2
2023-05-09 21:09:33,l2311-C-7400,l2311-C-7400,555.5,0.0,0.0,0.0,10,143.0,0.0,0,555.5,0.0,0.0,0.0,0.0,0.0,2
2023-05-09 21:09:42,l2311-C-7400,l2311-C-7400,555.5,0.0,0.0,0.0,1,143.5,0.0,0,555.5,0.0,0.0,0.0,0.0,0.0,2
2023-05-09 21:09:42,l2311-C-7400,l2311-C-7400,555.5,0.0,0.0,0.0,10,144.0,0.0,0,555.5,0.0,0.0,0.0,0.0,0.0,2
2023-05-09 21:09:44,l2311-C-7400,l2311-C-7400,555.5,0.0,0.0,0.0,1,144.5,0.0,0,555.5,0.0,0.0,0.0,0.0,0.0,2
2023-05-09 21:09:44,l2311-C-7400,l2311-C-7400,555.5,0.0,0.0,0.0,10,145.0,0.0,0,555.5,0.0,0.0,0.0,0.0,0.0,2
2023-05-09 21:09:46,l2311-C-7400,l2311-C-7400,555.5,0.0,0.0,0.0,1,145.5,0.0,0,555.5,0.0,0.0,0.0,0.0,0.0,2
2023-05-09 21:09:46,l2311-C-7400,l2311-C-7400,555.5,0.0,0.0,0.0,10,146.0,0.0,0,555.5,0.0,0.0,0.0,0.0,0.0,2
2023-05-09 21:09:48,l2311-C-7400,l2311-C-7400,555.5,0.0,0.0,0.0,1,146.5,0.0,0,555.5,0.0,0.0,0.0,0.0,0.0,2
2023-05-09 21:09:48,l2311-C-7400,l2311-C-7400,555.5,0.0,0.0,0.0,10,147.0,0.0,0,555.5,0.0,0.0,0.0,0.0,0.0,2
2023-05-09 21:09:50,l2311-C-7400,l2311-C-7400,555.5,0.0,0.0,0.0,1,147.5,0.0,0,555.5,0.0,0.0,0.0,0.0,0.0,2
2023-05-09 21:09:50,l2311-C-7400,l2311-C-7400,555.5,0.0,0.0,0.0,10,148.0,0.0,0,555.5,0.0,0.0,0.0,0.0,0.0,2
2023-05-09 21:09:52,l2311-C-7400,l2311-C-7400,555.5,0.0,0.0,0.0,1,148.5,0.0,0,555.5,0.0,0.0,0.0,0.0,0.0,2
2023-05-09 21:09:52,l2311-C-7400,l2311-C-7400,555.5,0.0,0.0,0.0,10,149.0,0.0,0,555.5,0.0,0.0,0.0,0.0,0.0,2
2023-05-09 21:09:54,l2311-C-7400,l2311-C-7400,555.5,0.0,0.0,0.0,1,149.5,0.0,0,555.5,0.0,0.0,0.0,0.0,0.0,2
2023-05-09 21:09:54,l2311-C-7400,l2311-C-7400,555.5,0.0,0.0,0.0,10,150.0,0.0,0,555.5,0.0,0.0,0.0,0.0,0.0,2
2023-05-09 21:09:56,l2311-C-7400,l2311-C-7400,555.5,0.0,0.0,0.0,1,150.5,0.0,0,555.5,0.0,0.0,0.0,0.0,0.0,2
2023-05-09 21:09:56,l2311-C-7400,l2311-C-7400,555.5,0.0,0.0,0.0,10,151.0,0.0,0,555.5,0.0,0.0,0.0,0.0,0.0,2
2023-05-09 21:09:58,l2311-C-7400,l2311-C-7400,555.5,0.0,0.0,0.0,1,151.5,0.0,0,555.5,0.0,0.0,0.0,0.0,0.0,2
2023-05-09 21:09:58,l2311-C-7400,l2311-C-7400,555.5,0.0,0.0,0.0,10,152.0,0.0,0,555.5,0.0,0.0,0.0,0.0,0.0,2
2023-05-09 21:10:00,l2311-C-7400,l2311-C-7400,555.5,0.0,0.0,0.0,1,152.5,0.0,0,555.5,0.0,0.0,0.0,0.0,0.0,2
2023-05-09 21:10:00,l2311-C-7400,l2311-C-7400,555.5,0.0,0.0,0.0,10,153.0,0.0,0,555.5,0.0,0.0,0.0,0.0,0.0,2
2023-05-09 21:10:02,l2311-C-7400,l2311-C-7400,555.5,0.0,0.0,0.0,1,153.5,0.0,0,555.5,0.0,0.0,0.0,0.0,0.0,2
2023-05-09 21:10:02,l2311-C-7400,l2311-C-7400,555.5,0.0,0.0,0.0,10,154.0,0.0,0,555.5,0.0,0.0,0.0,0.0,0.0,2
2023-05-09 21:10:04,l2311-C-7400,l2311-C-7400,555.5,0.0,0.0,0.0,1,154.5,0.0,0,555.5,0.0,0.0,0.0,0.0,0.0,2
2023-05-09 21:10:04,l2311-C-7400,l2311-C-7400,555.5,0.0,0.0,0.0,10,155.0,0.0,0,555.5,0.0,0.0,0.0,0.0,0.0,2
2023-05-09 21:10:06,l2311-C-7400,l2311-C-7400,555.5,0.0,0.0,0.0,1,155.5,0.0,0,555.5,0.0,0.0,0.0,0.0,0.0,2
2023-05-09 21:10:06,l2311-C-7400,l2311-C-7400,555.5,0.0,0.0,0.0,10,156.0,0.0,0,555.5,0.0,0.0,0.0,0.0,0.0,2
2023-05-09 21:10:08,l2311-C-7400,l2311-C-7400,555.5,0.0,0.0,0.0,1,156.5,0.0,0,555.5,0.0,0.0,0.0,0.0,0.0,2
2023-05-09 21:10:08,l2311-C-7400,l2311-C-7400,555.5,0.0,0.0,0.0,10,157.0,0.0,0,555.5,0.0,0.0,0.0,0.0,0.0,2
2023-05-09 21:10:10,l2311-C-7400,l2311-C-7400,555.5,0.0,0.0,0.0,1,157.5,0.0,0,555.5,0.0,0.0,0.0,0.0,0.0,2
2023-05-09 21:10:10,l2311-C-7400,l2311-C-7400,555.5,0.0,0.0,0.0,10,158.0,0.0,0,555.5,0.0,0.0,0.0,0.0,0.0,2
2023-05-09 21:10:13,l2311-C-7400,l2311-C-7400,555.5,0.0,0.0,0.0,1,158.5,0.0,0,555.5,0.0,0.0,0.0,0.0,0.0,2
2023-05-09 21:10:13,l2311-C-7400,l2311-C-7400,555.5,0.0,0.0,0.0,10,159.0,0.0,0,555.5,0.0,0.0,0.0,0.0,0.0,2
2023-05-09 21:10:26,l2311-C-7400,l2311-C-7400,555.5,0.0,0.0,0.0,1,159.5,0.0,0,555.5,0.0,0.0,0.0,0.0,0.0,2
2023-05-09 21:10:26,l2311-C-7400,l2311-C-7400,555.5,0.0,0.0,0.0,10,160.0,0.0,0,555.5,0.0,0.0,0.0,0.0,0.0,2
2023-05-09 21:10:38,l2311-C-7400,l2311-C-7400,555.5,0.0,0.0,0.0,1,160.5,0.0,0,555.5,0.0,0.0,0.0,0.0,0.0,2
2023-05-09 21:10:38,l2311-C-7400,l2311-C-7400,555.5,0.0,0.0,0.0,10,161.0,0.0,0,555.5,0.0,0.0,0.0,0.0,0.0,2
2023-05-09 21:11:02,l2311-C-7400,l2311-C-7400,555.5,0.0,0.0,0.0,1,161.5,0.0,0,555.5,0.0,0.0,0.0,0.0,0.0,2
2023-05-09 21:11:02,l2311-C-7400,l2311-C-7400,555.5,0.0,0.0,0.0,10,162.0,0.0,0,555.5,0.0,0.0,0.0,0.0,0.0,2
2023-05-09 21:11:05,l2311-C-7400,l2311-C-7400,555.5,0.0,0.0,0.0,1,162.5,0.0,0,555.5,0.0,0.0,0.0,0.0,0.0,2
2023-05-09 21:11:05,l2311-C-7400,l2311-C-7400,555.5,0.0,0.0,0.0,10,163.0,0.0,0,555.5,0.0,0.0,0.0,0.0,0.0,2
2023-05-09 21:11:07,l2311-C-7400,l2311-C-7400,555.5,0.0,0.0,0.0,1,163.5,0.0,0,555.5,0.0,0.0,0.0,0.0,0.0,2
2023-05-09 21:11:07,l2311-C-7400,l2311-C-7400,555.5,0.0,0.0,0.0,10,164.0,0.0,0,555.5,0.0,0.0,0.0,0.0,0.0,2
2023-05-09 21:11:11,l2311-C-7400,l2311-C-7400,555.5,0.0,0.0,0.0,1,164.5,0.0,0,555.5,0.0,0.0,0.0,0.0,0.0,2
2023-05-09 21:11:11,l2311-C-7400,l2311-C-7400,555.5,0.0,0.0,0.0,10,165.0,0.0,0,555.5,0.0,0.0,0.0,0.0,0.0,2
2023-05-09 21:11:14,l2311-C-7400,l2311-C-7400,555.5,0.0,0.0,0.0,1,165.5,0.0,0,555.5,0.0,0.0,0.0,0.0,0.0,2
2023-05-09 21:11:14,l2311-C-7400,l2311-C-7400,555.5,0.0,0.0,0.0,10,166.0,0.0,0,555.5,0.0,0.0,0.0,0.0,0.0,2
2023-05-09 21:11:17,l2311-C-7400,l2311-C-7400,555.5,0.0,0.0,0.0,1,166.5,0.0,0,555.5,0.0,0.0,0.0,0.0,0.0,2
2023-05-09 21:11:17,l2311-C-7400,l2311-C-7400,555.5,0.0,0.0,0.0,10,167.0,0.0,0,555.5,0.0,0.0,0.0,0.0,0.0,2
2023-05-09 21:11:20,l2311-C-7400,l2311-C-7400,555.5,0.0,0.0,0.0,1,167.5,0.0,0,555.5,0.0,0.0,0.0,0.0,0.0,2
2023-05-09 21:11:20,l2311-C-7400,l2311-C-7400,555.5,0.0,0.0,0.0,10,168.0,0.0,0,555.5,0.0,0.0,0.0,0.0,0.0,2
2023-05-09 21:11:23,l2311-C-7400,l2311-C-7400,555.5,0.0,0.0,0.0,1,168.5,0.0,0,555.5,0.0,0.0,0.0,0.0,0.0,2
2023-05-09 21:11:23,l2311-C-7400,l2311-C-7400,555.5,0.0,0.0,0.0,10,169.0,0.0,0,555.5,0.0,0.0,0.0,0.0,0.0,2
2023-05-09 21:11:26,l2311-C-7400,l2311-C-7400,555.5,0.0,0.0,0.0,1,169.5,0.0,0,555.5,0.0,0.0,0.0,0.0,0.0,2
2023-05-09 21:11:26,l2311-C-7400,l2311-C-7400,555.5,0.0,0.0,0.0,10,170.0,0.0,0,555.5,0.0,0.0,0.0,0.0,0.0,2
2023-05-09 21:11:29,l2311-C-7400,l2311-C-7400,555.5,0.0,0.0,0.0,1,170.5,0.0,0,555.5,0.0,0.0,0.0,0.0,0.0,2
2023-05-09 21:11:29,l2311-C-7400,l2311-C-7400,555.5,0.0,0.0,0.0,10,171.0,0.0,0,555.5,0.0,0.0,0.0,0.0,0.0,2
2023-05-09 21:11:37,l2311-C-7400,l2311-C-7400,555.5,0.0,0.0,0.0,1,171.5,0.0,0,555.5,0.0,0.0,0.0,0.0,0.0,2
2023-05-09 21:11:37,l2311-C-7400,l2311-C-7400,555.5,0.0,0.0,0.0,10,172.0,0.0,0,555.5,0.0,0.0,0.0,0.0,0.0,2
2023-05-09 21:11:48,l2311-C-7400,l2311-C-7400,555.5,0.0,0.0,0.0,1,172.5,0.0,0,555.5,0.0,0.0,0.0,0.0,0.0,2
2023-05-09 21:11:48,l2311-C-7400,l2311-C-7400,555.5,0.0,0.0,0.0,10,173.0,0.0,0,555.5,0.0,0.0,0.0,0.0,0.0,2
2023-05-09 21:11:53,l2311-C-7400,l2311-C-7400,555.5,0.0,0.0,0.0,1,173.5,0.0,0,555.5,0.0,0.0,0.0,0.0,0.0,2
2023-05-09 21:11:53,l2311-C-7400,l2311-C-7400,555.5,0.0,0.0,0.0,10,174.0,0.0,0,555.5,0.0,0.0,0.0,0.0,0.0,2
2023-05-09 21:11:58,l2311-C-7400,l2311-C-7400,555.5,0.0,0.0,0.0,1,174.5,0.0,0,555.5,0.0,0.0,0.0,0.0,0.0,2
2023-05-09 21:11:58,l2311-C-7400,l2311-C-7400,555.5,0.0,0.0,0.0,10,175.0,0.0,0,555.5,0.0,0.0,0.0,0.0,0.0,2
2023-05-09 21:12:02,l2311-C-7400,l2311-C-7400,555.5,0.0,0.0,0.0,1,175.5,0.0,0,555.5,0.0,0.0,0.0,0.0,0.0,2
2023-05-09 21:12:02,l2311-C-7400,l2311-C-7400,555.5,0.0,0.0,0.0,10,176.0,0.0,0,555.5,0.0,0.0,0.0,0.0,0.0,2
2023-05-09 21:12:08,l2311-C-7400,l2311-C-7400,555.5,0.0,0.0,0.0,1,176.5,0.0,0,555.5,0.0,0.0,0.0,0.0,0.0,2
2023-05-09 21:12:08,l2311-C-7400,l2311-C-7400,555.5,0.0,0.0,0.0,10,177.0,0.0,0,555.5,0.0,0.0,0.0,0.0,0.0,2
2023-05-09 21:12:12,l2311-C-7400,l2311-C-7400,555.5,0.0,0.0,0.0,1,177.5,0.0,0,555.5,0.0,0.0,0.0,0.0,0.0,2
2023-05-09 21:12:12,l2311-C-7400,l2311-C-7400,555.5,0.0,0.0,0.0,10,178.0,0.0,0,555.5,0.0,0.0,0.0,0.0,0.0,2
2023-05-09 21:12:19,l2311-C-7400,l2311-C-7400,555.5,0.0,0.0,0.0,1,178.5,0.0,0,555.5,0.0,0.0,0.0,0.0,0.0,2
2023-05-09 21:12:19,l2311-C-7400,l2311-C-7400,555.5,0.0,0.0,0.0,10,179.0,0.0,0,555.5,0.0,0.0,0.0,0.0,0.0,2
2023-05-09 21:12:23,l2311-C-7400,l2311-C-7400,555.5,0.0,0.0,0.0,1,179.5,0.0,0,555.5,0.0,0.0,0.0,0.0,0.0,2
2023-05-09 21:12:23,l2311-C-7400,l2311-C-7400,555.5,0.0,0.0,0.0,10,180.0,0.0,0,555.5,0.0,0.0,0.0,0.0,0.0,2
2023-05-09 21:12:26,l2311-C-7400,l2311-C-7400,555.5,0.0,0.0,0.0,1,180.5,0.0,0,555.5,0.0,0.0,0.0,0.0,0.0,2
2023-05-09 21:12:26,l2311-C-7400,l2311-C-7400,555.5,0.0,0.0,0.0,10,181.0,0.0,0,555.5,0.0,0.0,0.0,0.0,0.0,2
2023-05-09 21:12:29,l2311-C-7400,l2311-C-7400,555.5,0.0,0.0,0.0,1,181.5,0.0,0,555.5,0.0,0.0,0.0,0.0,0.0,2
2023-05-09 21:12:29,l2311-C-7400,l2311-C-7400,555.5,0.0,0.0,0.0,10,182.0,0.0,0,555.5,0.0,0.0,0.0,0.0,0.0,2
2023-05-09 21:12:32,l2311-C-7400,l2311-C-7400,555.5,0.0,0.0,0.0,1,182.5,0.0,0,555.5,0.0,0.0,0.0,0.0,0.0,2
2023-05-09 21:12:32,l2311-C-7400,l2311-C-7400,555.5,0.0,0.0,0.0,10,183.0,0.0,0,555.5,0.0,0.0,0.0,0.0,0.0,2
2023-05-09 21:12:39,l2311-C-7400,l2311-C-7400,555.5,0.0,0.0,0.0,1,183.5,0.0,0,555.5,0.0,0.0,0.0,0.0,0.0,2
2023-05-09 21:12:39,l2311-C-7400,l2311-C-7400,555.5,0.0,0.0,0.0,10,184.0,0.0,0,555.5,0.0,0.0,0.0,0.0,0.0,2
2023-05-09 21:12:44,l2311-C-7400,l2311-C-7400,555.5,0.0,0.0,0.0,1,184.5,0.0,0,555.5,0.0,0.0,0.0,0.0,0.0,2
2023-05-09 21:12:44,l2311-C-7400,l2311-C-7400,555.5,0.0,0.0,0.0,10,185.0,0.0,0,555.5,0.0,0.0,0.0,0.0,0.0,2
2023-05-09 21:12:47,l2311-C-7400,l2311-C-7400,555.5,0.0,0.0,0.0,1,185.5,0.0,0,555.5,0.0,0.0,0.0,0.0,0.0,2
2023-05-09 21:12:47,l2311-C-7400,l2311-C-7400,555.5,0.0,0.0,0.0,10,186.0,0.0,0,555.5,0.0,0.0,0.0,0.0,0.0,2
2023-05-09 21:12:50,l2311-C-7400,l2311-C-7400,555.5,0.0,0.0,0.0,1,186.5,0.0,0,555.5,0.0,0.0,0.0,0.0,0.0,2
2023-05-09 21:12:50,l2311-C-7400,l2311-C-7400,555.5,0.0,0.0,0.0,10,187.0,0.0,0,555.5,0.0,0.0,0.0,0.0,0.0,2
2023-05-09 21:12:51,l2311-C-7400,l2311-C-7400,555.5,0.0,0.0,0.0,1,187.5,0.0,0,555.5,0.0,0.0,0.0,0.0,0.0,2
2023-05-09 21:12:51,l2311-C-7400,l2311-C-7400,555.5,0.0,0.0,0.0,10,188.0,0.0,0,555.5,0.0,0.0,0.0,0.0,0.0,2
2023-05-09 21:12:55,l2311-C-7400,l2311-C-7400,555.5,0.0,0.0,0.0,1,188.5,0.0,0,555.5,0.0,0.0,0.0,0.0,0.0,2
2023-05-09 21:12:55,l2311-C-7400,l2311-C-7400,555.5,0.0,0.0,0.0,10,189.0,0.0,0,555.5,0.0,0.0,0.0,0.0,0.0,2
2023-05-09 21:12:57,l2311-C-7400,l2311-C-7400,555.5,0.0,0.0,0.0,1,189.5,0.0,0,555.5,0.0,0.0,0.0,0.0,0.0,2
2023-05-09 21:12:57,l2311-C-7400,l2311-C-7400,555.5,0.0,0.0,0.0,10,190.0,0.0,0,555.5,0.0,0.0,0.0,0.0,0.0,2
2023-05-09 21:12:59,l2311-C-7400,l2311-C-7400,555.5,0.0,0.0,0.0,1,190.5,0.0,0,555.5,0.0,0.0,0.0,0.0,0.0,2
2023-05-09 21:12:59,l2311-C-7400,l2311-C-7400,555.5,0.0,0.0,0.0,10,191.0,0.0,0,555.5,0.0,0.0,0.0,0.0,0.0,2
2023-05-09 21:13:01,l2311-C-7400,l2311-C-7400,555.5,0.0,0.0,0.0,1,191.5,0.0,0,555.5,0.0,0.0,0.0,0.0,0.0,2
2023-05-09 21:13:01,l2311-C-7400,l2311-C-7400,555.5,0.0,0.0,0.0,10,192.0,0.0,0,555.5,0.0,0.0,0.0,0.0,0.0,2
2023-05-09 21:13:04,l2311-C-7400,l2311-C-7400,555.5,0.0,0.0,0.0,1,192.5,0.0,0,555.5,0.0,0.0,0.0,0.0,0.0,2
2023-05-09 21:13:04,l2311-C-7400,l2311-C-7400,555.5,0.0,0.0,0.0,10,193.0,0.0,0,555.5,0.0,0.0,0.0,0.0,0.0,2
2023-05-09 21:13:06,l2311-C-7400,l2311-C-7400,555.5,0.0,0.0,0.0,1,193.5,0.0,0,555.5,0.0,0.0,0.0,0.0,0.0,2
2023-05-09 21:13:06,l2311-C-7400,l2311-C-7400,555.5,0.0,0.0,0.0,10,194.0,0.0,0,555.5,0.0,0.0,0.0,0.0,0.0,2
2023-05-09 21:13:09,l2311-C-7400,l2311-C-7400,555.5,0.0,0.0,0.0,1,194.5,0.0,0,555.5,0.0,0.0,0.0,0.0,0.0,2
2023-05-09 21:13:09,l2311-C-7400,l2311-C-7400,555.5,0.0,0.0,0.0,10,195.0,0.0,0,555.5,0.0,0.0,0.0,0.0,0.0,2
2023-05-09 21:13:10,l2311-C-7400,l2311-C-7400,555.5,0.0,0.0,0.0,1,195.5,0.0,0,555.5,0.0,0.0,0.0,0.0,0.0,2
2023-05-09 21:13:10,l2311-C-7400,l2311-C-7400,555.5,0.0,0.0,0.0,10,196.0,0.0,0,555.5,0.0,0.0,0.0,0.0,0.0,2
2023-05-09 21:13:12,l2311-C-7400,l2311-C-7400,555.5,0.0,0.0,0.0,1,196.5,0.0,0,555.5,0.0,0.0,0.0,0.0,0.0,2
2023-05-09 21:13:12,l2311-C-7400,l2311-C-7400,555.5,0.0,0.0,0.0,10,197.0,0.0,0,555.5,0.0,0.0,0.0,0.0,0.0,2
2023-05-09 21:13:14,l2311-C-7400,l2311-C-7400,555.5,0.0,0.0,0.0,1,197.5,0.0,0,555.5,0.0,0.0,0.0,0.0,0.0,2
2023-05-09 21:13:14,l2311-C-7400,l2311-C-7400,555.5,0.0,0.0,0.0,10,198.0,0.0,0,555.5,0.0,0.0,0.0,0.0,0.0,2
2023-05-09 21:13:16,l2311-C-7400,l2311-C-7400,555.5,0.0,0.0,0.0,1,198.5,0.0,0,555.5,0.0,0.0,0.0,0.0,0.0,2
2023-05-09 21:13:16,l2311-C-7400,l2311-C-7400,555.5,0.0,0.0,0.0,10,199.0,0.0,0,555.5,0.0,0.0,0.0,0.0,0.0,2
2023-05-09 21:13:17,l2311-C-7400,l2311-C-7400,555.5,0.0,0.0,0.0,1,199.5,0.0,0,555.5,0.0,0.0,0.0,0.0,0.0,2
2023-05-09 21:13:17,l2311-C-7400,l2311-C-7400,555.5,0.0,0.0,0.0,10,200.0,0.0,0,555.5,0.0,0.0,0.0,0.0,0.0,2
2023-05-09 21:13:19,l2311-C-7400,l2311-C-7400,555.5,0.0,0.0,0.0,1,200.5,0.0,0,555.5,0.0,0.0,0.0,0.0,0.0,2
2023-05-09 21:13:19,l2311-C-7400,l2311-C-7400,555.5,0.0,0.0,0.0,10,201.0,0.0,0,555.5,0.0,0.0,0.0,0.0,0.0,2
2023-05-09 21:13:21,l2311-C-7400,l2311-C-7400,555.5,0.0,0.0,0.0,1,201.5,0.0,0,555.5,0.0,0.0,0.0,0.0,0.0,2
2023-05-09 21:13:21,l2311-C-7400,l2311-C-7400,555.5,0.0,0.0,0.0,10,202.0,0.0,0,555.5,0.0,0.0,0.0,0.0,0.0,2
2023-05-09 21:13:22,l2311-C-7400,l2311-C-7400,555.5,0.0,0.0,0.0,1,202.5,0.0,0,555.5,0.0,0.0,0.0,0.0,0.0,2
2023-05-09 21:13:22,l2311-C-7400,l2311-C-7400,555.5,0.0,0.0,0.0,10,203.0,0.0,0,555.5,0.0,0.0,0.0,0.0,0.0,2
2023-05-09 21:13:24,l2311-C-7400,l2311-C-7400,555.5,0.0,0.0,0.0,1,203.5,0.0,0,555.5,0.0,0.0,0.0,0.0,0.0,2
2023-05-09 21:13:24,l2311-C-7400,l2311-C-7400,555.5,0.0,0.0,0.0,10,204.0,0.0,0,555.5,0.0,0.0,0.0,0.0,0.0,2
2023-05-09 21:13:26,l2311-C-7400,l2311-C-7400,555.5,0.0,0.0,0.0,1,204.5,0.0,0,555.5,0.0,0.0,0.0,0.0,0.0,2
2023-05-09 21:13:26,l2311-C-7400,l2311-C-7400,555.5,0.0,0.0,0.0,10,205.0,0.0,0,555.5,0.0,0.0,0.0,0.0,0.0,2
2023-05-09 21:13:28,l2311-C-7400,l2311-C-7400,555.5,0.0,0.0,0.0,1,205.5,0.0,0,555.5,0.0,0.0,0.0,0.0,0.0,2
2023-05-09 21:13:28,l2311-C-7400,l2311-C-7400,555.5,0.0,0.0,0.0,10,206.0,0.0,0,555.5,0.0,0.0,0.0,0.0,0.0,2
2023-05-09 21:13:29,l2311-C-7400,l2311-C-7400,555.5,0.0,0.0,0.0,1,206.5,0.0,0,555.5,0.0,0.0,0.0,0.0,0.0,2
2023-05-09 21:13:29,l2311-C-7400,l2311-C-7400,555.5,0.0,0.0,0.0,10,207.0,0.0,0,555.5,0.0,0.0,0.0,0.0,0.0,2
2023-05-09 21:13:31,l2311-C-7400,l2311-C-7400,555.5,0.0,0.0,0.0,1,207.5,0.0,0,555.5,0.0,0.0,0.0,0.0,0.0,2
2023-05-09 21:13:31,l2311-C-7400,l2311-C-7400,555.5,0.0,0.0,0.0,10,208.0,0.0,0,555.5,0.0,0.0,0.0,0.0,0.0,2
2023-05-09 21:13:33,l2311-C-7400,l2311-C-7400,555.5,0.0,0.0,0.0,1,208.5,0.0,0,555.5,0.0,0.0,0.0,0.0,0.0,2
2023-05-09 21:13:33,l2311-C-7400,l2311-C-7400,555.5,0.0,0.0,0.0,10,209.0,0.0,0,555.5,0.0,0.0,0.0,0.0,0.0,2
2023-05-09 21:13:35,l2311-C-7400,l2311-C-7400,555.5,0.0,0.0,0.0,1,209.5,0.0,0,555.5,0.0,0.0,0.0,0.0,0.0,2
2023-05-09 21:13:35,l2311-C-7400,l2311-C-7400,555.5,0.0,0.0,0.0,10,210.0,0.0,0,555.5,0.0,0.0,0.0,0.0,0.0,2
2023-05-09 21:13:37,l2311-C-7400,l2311-C-7400,555.5,0.0,0.0,0.0,1,210.5,0.0,0,555.5,0.0,0.0,0.0,0.0,0.0,2
2023-05-09 21:13:37,l2311-C-7400,l2311-C-7400,555.5,0.0,0.0,0.0,10,211.0,0.0,0,555.5,0.0,0.0,0.0,0.0,0.0,2
2023-05-09 21:13:38,l2311-C-7400,l2311-C-7400,555.5,0.0,0.0,0.0,1,211.5,0.0,0,555.5,0.0,0.0,0.0,0.0,0.0,2
2023-05-09 21:13:38,l2311-C-7400,l2311-C-7400,555.5,0.0,0.0,0.0,10,212.0,0.0,0,555.5,0.0,0.0,0.0,0.0,0.0,2
2023-05-09 21:13:40,l2311-C-7400,l2311-C-7400,555.5,0.0,0.0,0.0,1,212.5,0.0,0,555.5,0.0,0.0,0.0,0.0,0.0,2
2023-05-09 21:13:40,l2311-C-7400,l2311-C-7400,555.5,0.0,0.0,0.0,10,213.0,0.0,0,555.5,0.0,0.0,0.0,0.0,0.0,2
2023-05-09 21:13:41,l2311-C-7400,l2311-C-7400,555.5,0.0,0.0,0.0,1,213.5,0.0,0,555.5,0.0,0.0,0.0,0.0,0.0,2
2023-05-09 21:13:41,l2311-C-7400,l2311-C-7400,555.5,0.0,0.0,0.0,10,214.0,0.0,0,555.5,0.0,0.0,0.0,0.0,0.0,2
2023-05-09 21:13:43,l2311-C-7400,l2311-C-7400,555.5,0.0,0.0,0.0,1,214.5,0.0,0,555.5,0.0,0.0,0.0,0.0,0.0,2
2023-05-09 21:13:43,l2311-C-7400,l2311-C-7400,555.5,0.0,0.0,0.0,10,215.0,0.0,0,555.5,0.0,0.0,0.0,0.0,0.0,2
2023-05-09 21:13:45,l2311-C-7400,l2311-C-7400,555.5,0.0,0.0,0.0,1,215.5,0.0,0,555.5,0.0,0.0,0.0,0.0,0.0,2
2023-05-09 21:13:45,l2311-C-7400,l2311-C-7400,555.5,0.0,0.0,0.0,10,216.0,0.0,0,555.5,0.0,0.0,0.0,0.0,0.0,2
2023-05-09 21:13:46,l2311-C-7400,l2311-C-7400,555.5,0.0,0.0,0.0,1,216.5,0.0,0,555.5,0.0,0.0,0.0,0.0,0.0,2
2023-05-09 21:13:46,l2311-C-7400,l2311-C-7400,555.5,0.0,0.0,0.0,10,217.0,0.0,0,555.5,0.0,0.0,0.0,0.0,0.0,2
2023-05-09 21:13:48,l2311-C-7400,l2311-C-7400,555.5,0.0,0.0,0.0,1,217.5,0.0,0,555.5,0.0,0.0,0.0,0.0,0.0,2
2023-05-09 21:13:48,l2311-C-7400,l2311-C-7400,555.5,0.0,0.0,0.0,10,218.0,0.0,0,555.5,0.0,0.0,0.0,0.0,0.0,2
2023-05-09 21:13:49,l2311-C-7400,l2311-C-7400,555.5,0.0,0.0,0.0,1,218.5,0.0,0,555.5,0.0,0.0,0.0,0.0,0.0,2
2023-05-09 21:13:49,l2311-C-7400,l2311-C-7400,555.5,0.0,0.0,0.0,10,219.0,0.0,0,555.5,0.0,0.0,0.0,0.0,0.0,2
2023-05-09 21:13:51,l2311-C-7400,l2311-C-7400,555.5,0.0,0.0,0.0,1,219.5,0.0,0,555.5,0.0,0.0,0.0,0.0,0.0,2
2023-05-09 21:13:51,l2311-C-7400,l2311-C-7400,555.5,0.0,0.0,0.0,10,220.0,0.0,0,555.5,0.0,0.0,0.0,0.0,0.0,2
2023-05-09 22:56:58,l2311-C-7400,l2311-C-7400,555.5,0.0,0.0,0.0,1,125.5,0.0,0,555.5,0.0,0.0,0.0,0.0,0.0,2
2023-05-09 22:59:11,l2311-C-7400,l2311-C-7400,555.5,0.0,0.0,0.0,10,126.0,0.0,0,555.5,0.0,0.0,0.0,0.0,0.0,2
2023-05-09 22:59:55,l2311-C-7400,l2311-C-7400,555.5,0.0,0.0,0.0,1,125.5,0.0,0,555.5,0.0,0.0,0.0,0.0,0.0,2
2023-05-10 09:00:14,l2311-C-7400,l2311-C-7400,555.5,0.0,0.0,0.0,10,126.0,0.0,0,555.5,0.0,0.0,0.0,0.0,0.0,2
2023-05-10 09:00:30,l2311-C-7400,l2311-C-7400,555.5,0.0,0.0,0.0,10,138.5,0.0,0,555.5,0.0,0.0,0.0,0.0,0.0,2
2023-05-10 09:01:25,l2311-C-7400,l2311-C-7400,555.5,0.0,0.0,0.0,1,139.0,0.0,0,555.5,0.0,0.0,0.0,0.0,0.0,2
2023-05-10 09:01:25,l2311-C-7400,l2311-C-7400,555.5,0.0,0.0,0.0,10,139.5,0.0,0,555.5,0.0,0.0,0.0,0.0,0.0,2
2023-05-10 09:42:22,l2311-C-7400,l2311-C-7400,555.5,0.0,0.0,0.0,1,140.0,0.0,0,555.5,0.0,0.0,0.0,0.0,0.0,2
2023-05-10 09:42:22,l2311-C-7400,l2311-C-7400,555.5,0.0,0.0,0.0,10,140.5,0.0,0,555.5,0.0,0.0,0.0,0.0,0.0,2
2023-05-10 10:14:32,l2311-C-7400,l2311-C-7400,555.5,0.0,0.0,0.0,1,140.0,0.0,0,555.5,0.0,0.0,0.0,0.0,0.0,2
2023-05-10 10:30:05,l2311-C-7400,l2311-C-7400,555.5,0.0,0.0,0.0,10,140.5,0.0,0,555.5,0.0,0.0,0.0,0.0,0.0,2
2023-05-10 11:00:17,l2311-C-7400,l2311-C-7400,555.5,0.0,0.0,0.0,1,141.0,0.0,0,555.5,0.0,0.0,0.0,0.0,0.0,2
2023-05-10 11:00:17,l2311-C-7400,l2311-C-7400,555.5,0.0,0.0,0.0,10,141.5,0.0,0,555.5,0.0,0.0,0.0,0.0,0.0,2
2023-05-10 11:29:32,l2311-C-7400,l2311-C-7400,555.5,0.0,0.0,0.0,1,141.0,0.0,0,555.5,0.0,0.0,0.0,0.0,0.0,2
2023-05-10 13:30:02,l2311-C-7400,l2311-C-7400,555.5,0.0,0.0,0.0,10,141.5,0.0,0,555.5,0.0,0.0,0.0,0.0,0.0,2
2023-05-10 13:30:56,l2311-C-7400,l2311-C-7400,555.5,0.0,0.0,0.0,10,142.5,0.0,0,555.5,0.0,0.0,0.0,0.0,0.0,2
2023-05-10 14:01:25,l2311-C-7400,l2311-C-7400,555.5,0.0,0.0,0.0,1,143.0,0.0,0,555.5,0.0,0.0,0.0,0.0,0.0,2
2023-05-10 14:01:25,l2311-C-7400,l2311-C-7400,555.5,0.0,0.0,0.0,10,143.5,0.0,0,555.5,0.0,0.0,0.0,0.0,0.0,2
2023-05-10 14:40:17,l2311-C-7400,l2311-C-7400,555.5,0.0,0.0,0.0,1,144.0,0.0,0,555.5,0.0,0.0,0.0,0.0,0.0,2
2023-05-10 14:40:17,l2311-C-7400,l2311-C-7400,555.5,0.0,0.0,0.0,10,144.5,0.0,0,555.5,0.0,0.0,0.0,0.0,0.0,2
2023-05-10 14:59:01,l2311-C-7400,l2311-C-7400,555.5,0.0,0.0,0.0,1,144.0,0.0,0,555.5,0.0,0.0,0.0,0.0,0.0,2
2023-05-10 15:01:15,l2311-C-7400,l2311-C-7400,555.5,0.0,0.0,0.0,1,144.0,0.0,0,555.5,0.0,0.0,0.0,0.0,0.0,2
