time,symbol_id,symbol_name,last,trade_volume,trade_amount,open_interest_change,bv1,bp1,ap1,av1,yesterday_close,today_open,today_high,today_low,volume,amount,open_interest
2023-05-09 20:56:16,l2403-P-7100,l2403-P-7100,116.0,0.0,0.0,0.0,1,0.5,0.0,0,116.0,0.0,0.0,0.0,0.0,0.0,3
2023-05-09 21:01:26,l2403-P-7100,l2403-P-7100,116.0,0.0,0.0,0.0,1,1.0,0.0,0,116.0,0.0,0.0,0.0,0.0,0.0,3
2023-05-09 21:03:10,l2403-P-7100,l2403-P-7100,116.0,0.0,0.0,0.0,1,1.5,0.0,0,116.0,0.0,0.0,0.0,0.0,0.0,3
2023-05-09 21:03:10,l2403-P-7100,l2403-P-7100,116.0,0.0,0.0,0.0,1,2.0,0.0,0,116.0,0.0,0.0,0.0,0.0,0.0,3
2023-05-09 21:05:04,l2403-P-7100,l2403-P-7100,116.0,0.0,0.0,0.0,1,2.5,0.0,0,116.0,0.0,0.0,0.0,0.0,0.0,3
2023-05-09 21:09:13,l2403-P-7100,l2403-P-7100,116.0,0.0,0.0,0.0,2,2.5,0.0,0,116.0,0.0,0.0,0.0,0.0,0.0,3
2023-05-09 21:13:29,l2403-P-7100,l2403-P-7100,116.0,0.0,0.0,0.0,1,3.0,0.0,0,116.0,0.0,0.0,0.0,0.0,0.0,3
2023-05-09 21:15:58,l2403-P-7100,l2403-P-7100,116.0,0.0,0.0,0.0,1,3.5,0.0,0,116.0,0.0,0.0,0.0,0.0,0.0,3
2023-05-09 21:33:11,l2403-P-7100,l2403-P-7100,116.0,0.0,0.0,0.0,1,4.0,0.0,0,116.0,0.0,0.0,0.0,0.0,0.0,3
2023-05-09 21:33:12,l2403-P-7100,l2403-P-7100,116.0,0.0,0.0,0.0,1,4.5,0.0,0,116.0,0.0,0.0,0.0,0.0,0.0,3
2023-05-09 22:03:36,l2403-P-7100,l2403-P-7100,116.0,0.0,0.0,0.0,1,5.0,0.0,0,116.0,0.0,0.0,0.0,0.0,0.0,3
2023-05-09 22:03:37,l2403-P-7100,l2403-P-7100,116.0,0.0,0.0,0.0,1,5.5,0.0,0,116.0,0.0,0.0,0.0,0.0,0.0,3
2023-05-09 22:40:30,l2403-P-7100,l2403-P-7100,116.0,0.0,0.0,0.0,1,6.0,0.0,0,116.0,0.0,0.0,0.0,0.0,0.0,3
2023-05-09 22:40:31,l2403-P-7100,l2403-P-7100,116.0,0.0,0.0,0.0,1,6.5,0.0,0,116.0,0.0,0.0,0.0,0.0,0.0,3
2023-05-09 22:57:38,l2403-P-7100,l2403-P-7100,116.0,0.0,0.0,0.0,1,6.0,0.0,0,116.0,0.0,0.0,0.0,0.0,0.0,3
2023-05-10 09:00:02,l2403-P-7100,l2403-P-7100,116.0,0.0,0.0,0.0,1,2.5,0.0,0,116.0,0.0,0.0,0.0,0.0,0.0,3
2023-05-10 09:01:15,l2403-P-7100,l2403-P-7100,116.0,0.0,0.0,0.0,1,3.0,0.0,0,116.0,0.0,0.0,0.0,0.0,0.0,3
2023-05-10 09:01:34,l2403-P-7100,l2403-P-7100,116.0,0.0,0.0,0.0,1,3.5,0.0,0,116.0,0.0,0.0,0.0,0.0,0.0,3
2023-05-10 09:01:40,l2403-P-7100,l2403-P-7100,116.0,0.0,0.0,0.0,1,4.0,0.0,0,116.0,0.0,0.0,0.0,0.0,0.0,3
2023-05-10 09:19:02,l2403-P-7100,l2403-P-7100,116.0,0.0,0.0,0.0,5,120.5,143.5,5,116.0,0.0,0.0,0.0,0.0,0.0,3
2023-05-10 09:19:02,l2403-P-7100,l2403-P-7100,116.0,0.0,0.0,0.0,7,120.5,143.5,7,116.0,0.0,0.0,0.0,0.0,0.0,3
2023-05-10 09:19:12,l2403-P-7100,l2403-P-7100,116.0,0.0,0.0,0.0,6,120.5,143.5,6,116.0,0.0,0.0,0.0,0.0,0.0,3
2023-05-10 09:19:13,l2403-P-7100,l2403-P-7100,116.0,0.0,0.0,0.0,1,120.5,143.5,1,116.0,0.0,0.0,0.0,0.0,0.0,3
2023-05-10 09:19:14,l2403-P-7100,l2403-P-7100,116.0,0.0,0.0,0.0,1,3.5,0.0,0,116.0,0.0,0.0,0.0,0.0,0.0,3
2023-05-10 09:19:15,l2403-P-7100,l2403-P-7100,116.0,0.0,0.0,0.0,1,4.0,0.0,0,116.0,0.0,0.0,0.0,0.0,0.0,3
2023-05-10 09:38:18,l2403-P-7100,l2403-P-7100,116.0,0.0,0.0,0.0,2,4.0,0.0,0,116.0,0.0,0.0,0.0,0.0,0.0,3
2023-05-10 09:42:25,l2403-P-7100,l2403-P-7100,116.0,0.0,0.0,0.0,1,4.5,0.0,0,116.0,0.0,0.0,0.0,0.0,0.0,3
2023-05-10 09:42:28,l2403-P-7100,l2403-P-7100,116.0,0.0,0.0,0.0,1,5.0,0.0,0,116.0,0.0,0.0,0.0,0.0,0.0,3
2023-05-10 10:12:30,l2403-P-7100,l2403-P-7100,116.0,0.0,0.0,0.0,1,4.5,0.0,0,116.0,0.0,0.0,0.0,0.0,0.0,3
2023-05-10 10:30:34,l2403-P-7100,l2403-P-7100,116.0,0.0,0.0,0.0,1,5.0,0.0,0,116.0,0.0,0.0,0.0,0.0,0.0,3
2023-05-10 11:00:20,l2403-P-7100,l2403-P-7100,116.0,0.0,0.0,0.0,1,5.5,0.0,0,116.0,0.0,0.0,0.0,0.0,0.0,3
2023-05-10 11:00:35,l2403-P-7100,l2403-P-7100,116.0,0.0,0.0,0.0,1,6.0,0.0,0,116.0,0.0,0.0,0.0,0.0,0.0,3
2023-05-10 11:27:29,l2403-P-7100,l2403-P-7100,116.0,0.0,0.0,0.0,1,5.5,0.0,0,116.0,0.0,0.0,0.0,0.0,0.0,3
2023-05-10 11:29:48,l2403-P-7100,l2403-P-7100,116.0,0.0,0.0,0.0,1,4.0,0.0,0,116.0,0.0,0.0,0.0,0.0,0.0,3
2023-05-10 13:30:59,l2403-P-7100,l2403-P-7100,116.0,0.0,0.0,0.0,1,4.5,0.0,0,116.0,0.0,0.0,0.0,0.0,0.0,3
2023-05-10 13:31:46,l2403-P-7100,l2403-P-7100,116.0,0.0,0.0,0.0,1,5.0,0.0,0,116.0,0.0,0.0,0.0,0.0,0.0,3
2023-05-10 14:01:28,l2403-P-7100,l2403-P-7100,116.0,0.0,0.0,0.0,1,5.5,0.0,0,116.0,0.0,0.0,0.0,0.0,0.0,3
2023-05-10 14:01:33,l2403-P-7100,l2403-P-7100,116.0,0.0,0.0,0.0,1,6.0,0.0,0,116.0,0.0,0.0,0.0,0.0,0.0,3
2023-05-10 14:40:19,l2403-P-7100,l2403-P-7100,116.0,0.0,0.0,0.0,1,6.5,0.0,0,116.0,0.0,0.0,0.0,0.0,0.0,3
2023-05-10 14:40:22,l2403-P-7100,l2403-P-7100,116.0,0.0,0.0,0.0,1,7.0,0.0,0,116.0,0.0,0.0,0.0,0.0,0.0,3
2023-05-10 15:01:14,l2403-P-7100,l2403-P-7100,116.0,0.0,0.0,0.0,1,7.0,0.0,0,116.0,0.0,0.0,0.0,0.0,0.0,3
