time,symbol_id,symbol_name,last,trade_volume,trade_amount,open_interest_change,bv1,bp1,ap1,av1,yesterday_close,today_open,today_high,today_low,volume,amount,open_interest
2023-05-09 20:56:27,l2401-C-8500,l2401-C-8500,103.5,0.0,0.0,0.0,1,1.5,0.0,0,103.5,0.0,0.0,0.0,0.0,0.0,12
2023-05-09 21:00:19,l2401-C-8500,l2401-C-8500,103.5,0.0,0.0,0.0,10,2.0,0.0,0,103.5,0.0,0.0,0.0,0.0,0.0,12
2023-05-09 21:01:36,l2401-C-8500,l2401-C-8500,103.5,0.0,0.0,0.0,1,2.5,0.0,0,103.5,0.0,0.0,0.0,0.0,0.0,12
2023-05-09 21:01:36,l2401-C-8500,l2401-C-8500,103.5,0.0,0.0,0.0,10,3.0,0.0,0,103.5,0.0,0.0,0.0,0.0,0.0,12
2023-05-09 21:02:57,l2401-C-8500,l2401-C-8500,103.5,0.0,0.0,0.0,1,3.5,0.0,0,103.5,0.0,0.0,0.0,0.0,0.0,12
2023-05-09 21:02:57,l2401-C-8500,l2401-C-8500,103.5,0.0,0.0,0.0,10,4.0,0.0,0,103.5,0.0,0.0,0.0,0.0,0.0,12
2023-05-09 21:03:04,l2401-C-8500,l2401-C-8500,103.5,0.0,0.0,0.0,1,4.5,0.0,0,103.5,0.0,0.0,0.0,0.0,0.0,12
2023-05-09 21:03:04,l2401-C-8500,l2401-C-8500,103.5,0.0,0.0,0.0,10,5.0,0.0,0,103.5,0.0,0.0,0.0,0.0,0.0,12
2023-05-09 21:03:09,l2401-C-8500,l2401-C-8500,103.5,0.0,0.0,0.0,1,5.5,0.0,0,103.5,0.0,0.0,0.0,0.0,0.0,12
2023-05-09 21:03:09,l2401-C-8500,l2401-C-8500,103.5,0.0,0.0,0.0,10,6.0,0.0,0,103.5,0.0,0.0,0.0,0.0,0.0,12
2023-05-09 21:03:29,l2401-C-8500,l2401-C-8500,103.5,0.0,0.0,0.0,1,6.5,0.0,0,103.5,0.0,0.0,0.0,0.0,0.0,12
2023-05-09 21:03:29,l2401-C-8500,l2401-C-8500,103.5,0.0,0.0,0.0,10,7.0,0.0,0,103.5,0.0,0.0,0.0,0.0,0.0,12
2023-05-09 21:03:33,l2401-C-8500,l2401-C-8500,103.5,0.0,0.0,0.0,1,7.5,0.0,0,103.5,0.0,0.0,0.0,0.0,0.0,12
2023-05-09 21:03:33,l2401-C-8500,l2401-C-8500,103.5,0.0,0.0,0.0,10,8.0,0.0,0,103.5,0.0,0.0,0.0,0.0,0.0,12
2023-05-09 21:03:36,l2401-C-8500,l2401-C-8500,103.5,0.0,0.0,0.0,1,8.5,0.0,0,103.5,0.0,0.0,0.0,0.0,0.0,12
2023-05-09 21:03:36,l2401-C-8500,l2401-C-8500,103.5,0.0,0.0,0.0,10,9.0,0.0,0,103.5,0.0,0.0,0.0,0.0,0.0,12
2023-05-09 21:03:38,l2401-C-8500,l2401-C-8500,103.5,0.0,0.0,0.0,1,9.5,0.0,0,103.5,0.0,0.0,0.0,0.0,0.0,12
2023-05-09 21:03:38,l2401-C-8500,l2401-C-8500,103.5,0.0,0.0,0.0,10,10.0,0.0,0,103.5,0.0,0.0,0.0,0.0,0.0,12
2023-05-09 21:03:46,l2401-C-8500,l2401-C-8500,103.5,0.0,0.0,0.0,1,10.5,0.0,0,103.5,0.0,0.0,0.0,0.0,0.0,12
2023-05-09 21:03:46,l2401-C-8500,l2401-C-8500,103.5,0.0,0.0,0.0,10,11.0,0.0,0,103.5,0.0,0.0,0.0,0.0,0.0,12
2023-05-09 21:03:59,l2401-C-8500,l2401-C-8500,103.5,0.0,0.0,0.0,1,11.5,0.0,0,103.5,0.0,0.0,0.0,0.0,0.0,12
2023-05-09 21:03:59,l2401-C-8500,l2401-C-8500,103.5,0.0,0.0,0.0,10,12.0,0.0,0,103.5,0.0,0.0,0.0,0.0,0.0,12
2023-05-09 21:04:10,l2401-C-8500,l2401-C-8500,103.5,0.0,0.0,0.0,1,12.5,0.0,0,103.5,0.0,0.0,0.0,0.0,0.0,12
2023-05-09 21:04:10,l2401-C-8500,l2401-C-8500,103.5,0.0,0.0,0.0,10,13.0,0.0,0,103.5,0.0,0.0,0.0,0.0,0.0,12
2023-05-09 21:04:22,l2401-C-8500,l2401-C-8500,103.5,0.0,0.0,0.0,1,13.5,0.0,0,103.5,0.0,0.0,0.0,0.0,0.0,12
2023-05-09 21:04:22,l2401-C-8500,l2401-C-8500,103.5,0.0,0.0,0.0,10,14.0,0.0,0,103.5,0.0,0.0,0.0,0.0,0.0,12
2023-05-09 21:04:25,l2401-C-8500,l2401-C-8500,103.5,0.0,0.0,0.0,1,14.5,0.0,0,103.5,0.0,0.0,0.0,0.0,0.0,12
2023-05-09 21:04:25,l2401-C-8500,l2401-C-8500,103.5,0.0,0.0,0.0,10,15.0,0.0,0,103.5,0.0,0.0,0.0,0.0,0.0,12
2023-05-09 21:04:27,l2401-C-8500,l2401-C-8500,103.5,0.0,0.0,0.0,1,15.5,0.0,0,103.5,0.0,0.0,0.0,0.0,0.0,12
2023-05-09 21:04:27,l2401-C-8500,l2401-C-8500,103.5,0.0,0.0,0.0,10,16.0,0.0,0,103.5,0.0,0.0,0.0,0.0,0.0,12
2023-05-09 21:04:29,l2401-C-8500,l2401-C-8500,103.5,0.0,0.0,0.0,1,16.5,0.0,0,103.5,0.0,0.0,0.0,0.0,0.0,12
2023-05-09 21:04:29,l2401-C-8500,l2401-C-8500,103.5,0.0,0.0,0.0,10,17.0,0.0,0,103.5,0.0,0.0,0.0,0.0,0.0,12
2023-05-09 21:04:32,l2401-C-8500,l2401-C-8500,103.5,0.0,0.0,0.0,1,17.5,0.0,0,103.5,0.0,0.0,0.0,0.0,0.0,12
2023-05-09 21:04:32,l2401-C-8500,l2401-C-8500,103.5,0.0,0.0,0.0,10,18.0,0.0,0,103.5,0.0,0.0,0.0,0.0,0.0,12
2023-05-09 21:04:58,l2401-C-8500,l2401-C-8500,103.5,0.0,0.0,0.0,1,18.5,0.0,0,103.5,0.0,0.0,0.0,0.0,0.0,12
2023-05-09 21:04:58,l2401-C-8500,l2401-C-8500,103.5,0.0,0.0,0.0,10,19.0,0.0,0,103.5,0.0,0.0,0.0,0.0,0.0,12
2023-05-09 21:05:24,l2401-C-8500,l2401-C-8500,103.5,0.0,0.0,0.0,1,19.5,0.0,0,103.5,0.0,0.0,0.0,0.0,0.0,12
2023-05-09 21:05:24,l2401-C-8500,l2401-C-8500,103.5,0.0,0.0,0.0,10,20.0,0.0,0,103.5,0.0,0.0,0.0,0.0,0.0,12
2023-05-09 21:05:28,l2401-C-8500,l2401-C-8500,103.5,0.0,0.0,0.0,1,20.5,0.0,0,103.5,0.0,0.0,0.0,0.0,0.0,12
2023-05-09 21:05:28,l2401-C-8500,l2401-C-8500,103.5,0.0,0.0,0.0,10,21.0,0.0,0,103.5,0.0,0.0,0.0,0.0,0.0,12
2023-05-09 21:05:33,l2401-C-8500,l2401-C-8500,103.5,0.0,0.0,0.0,1,21.5,0.0,0,103.5,0.0,0.0,0.0,0.0,0.0,12
2023-05-09 21:05:33,l2401-C-8500,l2401-C-8500,103.5,0.0,0.0,0.0,10,22.0,0.0,0,103.5,0.0,0.0,0.0,0.0,0.0,12
2023-05-09 21:05:43,l2401-C-8500,l2401-C-8500,103.5,0.0,0.0,0.0,1,22.5,0.0,0,103.5,0.0,0.0,0.0,0.0,0.0,12
2023-05-09 21:05:43,l2401-C-8500,l2401-C-8500,103.5,0.0,0.0,0.0,10,23.0,0.0,0,103.5,0.0,0.0,0.0,0.0,0.0,12
2023-05-09 21:05:48,l2401-C-8500,l2401-C-8500,103.5,0.0,0.0,0.0,1,23.5,0.0,0,103.5,0.0,0.0,0.0,0.0,0.0,12
2023-05-09 21:05:48,l2401-C-8500,l2401-C-8500,103.5,0.0,0.0,0.0,10,24.0,0.0,0,103.5,0.0,0.0,0.0,0.0,0.0,12
2023-05-09 21:05:53,l2401-C-8500,l2401-C-8500,103.5,0.0,0.0,0.0,1,24.5,0.0,0,103.5,0.0,0.0,0.0,0.0,0.0,12
2023-05-09 21:05:53,l2401-C-8500,l2401-C-8500,103.5,0.0,0.0,0.0,10,25.0,0.0,0,103.5,0.0,0.0,0.0,0.0,0.0,12
2023-05-09 21:06:01,l2401-C-8500,l2401-C-8500,103.5,0.0,0.0,0.0,1,25.5,0.0,0,103.5,0.0,0.0,0.0,0.0,0.0,12
2023-05-09 21:06:01,l2401-C-8500,l2401-C-8500,103.5,0.0,0.0,0.0,10,26.0,0.0,0,103.5,0.0,0.0,0.0,0.0,0.0,12
2023-05-09 21:06:08,l2401-C-8500,l2401-C-8500,103.5,0.0,0.0,0.0,1,26.5,0.0,0,103.5,0.0,0.0,0.0,0.0,0.0,12
2023-05-09 21:06:08,l2401-C-8500,l2401-C-8500,103.5,0.0,0.0,0.0,10,27.0,0.0,0,103.5,0.0,0.0,0.0,0.0,0.0,12
2023-05-09 21:06:12,l2401-C-8500,l2401-C-8500,103.5,0.0,0.0,0.0,1,27.5,0.0,0,103.5,0.0,0.0,0.0,0.0,0.0,12
2023-05-09 21:06:12,l2401-C-8500,l2401-C-8500,103.5,0.0,0.0,0.0,10,28.0,0.0,0,103.5,0.0,0.0,0.0,0.0,0.0,12
2023-05-09 21:06:16,l2401-C-8500,l2401-C-8500,103.5,0.0,0.0,0.0,1,28.5,0.0,0,103.5,0.0,0.0,0.0,0.0,0.0,12
2023-05-09 21:06:16,l2401-C-8500,l2401-C-8500,103.5,0.0,0.0,0.0,10,29.0,0.0,0,103.5,0.0,0.0,0.0,0.0,0.0,12
2023-05-09 21:06:20,l2401-C-8500,l2401-C-8500,103.5,0.0,0.0,0.0,1,29.5,0.0,0,103.5,0.0,0.0,0.0,0.0,0.0,12
2023-05-09 21:06:20,l2401-C-8500,l2401-C-8500,103.5,0.0,0.0,0.0,10,30.0,0.0,0,103.5,0.0,0.0,0.0,0.0,0.0,12
2023-05-09 21:06:24,l2401-C-8500,l2401-C-8500,103.5,0.0,0.0,0.0,1,30.5,0.0,0,103.5,0.0,0.0,0.0,0.0,0.0,12
2023-05-09 21:06:24,l2401-C-8500,l2401-C-8500,103.5,0.0,0.0,0.0,10,31.0,0.0,0,103.5,0.0,0.0,0.0,0.0,0.0,12
2023-05-09 21:06:32,l2401-C-8500,l2401-C-8500,103.5,0.0,0.0,0.0,1,31.5,0.0,0,103.5,0.0,0.0,0.0,0.0,0.0,12
2023-05-09 21:06:32,l2401-C-8500,l2401-C-8500,103.5,0.0,0.0,0.0,10,32.0,0.0,0,103.5,0.0,0.0,0.0,0.0,0.0,12
2023-05-09 21:06:38,l2401-C-8500,l2401-C-8500,103.5,0.0,0.0,0.0,1,32.5,0.0,0,103.5,0.0,0.0,0.0,0.0,0.0,12
2023-05-09 21:06:38,l2401-C-8500,l2401-C-8500,103.5,0.0,0.0,0.0,10,33.0,0.0,0,103.5,0.0,0.0,0.0,0.0,0.0,12
2023-05-09 21:06:42,l2401-C-8500,l2401-C-8500,103.5,0.0,0.0,0.0,1,33.5,0.0,0,103.5,0.0,0.0,0.0,0.0,0.0,12
2023-05-09 21:06:42,l2401-C-8500,l2401-C-8500,103.5,0.0,0.0,0.0,10,34.0,0.0,0,103.5,0.0,0.0,0.0,0.0,0.0,12
2023-05-09 21:06:44,l2401-C-8500,l2401-C-8500,103.5,0.0,0.0,0.0,1,34.5,0.0,0,103.5,0.0,0.0,0.0,0.0,0.0,12
2023-05-09 21:06:44,l2401-C-8500,l2401-C-8500,103.5,0.0,0.0,0.0,10,35.0,0.0,0,103.5,0.0,0.0,0.0,0.0,0.0,12
2023-05-09 21:06:47,l2401-C-8500,l2401-C-8500,103.5,0.0,0.0,0.0,1,35.5,0.0,0,103.5,0.0,0.0,0.0,0.0,0.0,12
2023-05-09 21:06:47,l2401-C-8500,l2401-C-8500,103.5,0.0,0.0,0.0,10,36.0,0.0,0,103.5,0.0,0.0,0.0,0.0,0.0,12
2023-05-09 21:06:49,l2401-C-8500,l2401-C-8500,103.5,0.0,0.0,0.0,1,36.5,0.0,0,103.5,0.0,0.0,0.0,0.0,0.0,12
2023-05-09 21:06:49,l2401-C-8500,l2401-C-8500,103.5,0.0,0.0,0.0,10,37.0,0.0,0,103.5,0.0,0.0,0.0,0.0,0.0,12
2023-05-09 21:06:50,l2401-C-8500,l2401-C-8500,103.5,0.0,0.0,0.0,1,37.5,0.0,0,103.5,0.0,0.0,0.0,0.0,0.0,12
2023-05-09 21:06:50,l2401-C-8500,l2401-C-8500,103.5,0.0,0.0,0.0,10,38.0,0.0,0,103.5,0.0,0.0,0.0,0.0,0.0,12
2023-05-09 21:06:52,l2401-C-8500,l2401-C-8500,103.5,0.0,0.0,0.0,1,38.5,0.0,0,103.5,0.0,0.0,0.0,0.0,0.0,12
2023-05-09 21:06:52,l2401-C-8500,l2401-C-8500,103.5,0.0,0.0,0.0,10,39.0,0.0,0,103.5,0.0,0.0,0.0,0.0,0.0,12
2023-05-09 21:06:54,l2401-C-8500,l2401-C-8500,103.5,0.0,0.0,0.0,1,39.5,0.0,0,103.5,0.0,0.0,0.0,0.0,0.0,12
2023-05-09 21:06:54,l2401-C-8500,l2401-C-8500,103.5,0.0,0.0,0.0,10,40.0,0.0,0,103.5,0.0,0.0,0.0,0.0,0.0,12
2023-05-09 21:06:56,l2401-C-8500,l2401-C-8500,103.5,0.0,0.0,0.0,1,40.5,0.0,0,103.5,0.0,0.0,0.0,0.0,0.0,12
2023-05-09 21:06:56,l2401-C-8500,l2401-C-8500,103.5,0.0,0.0,0.0,10,41.0,0.0,0,103.5,0.0,0.0,0.0,0.0,0.0,12
2023-05-09 21:06:58,l2401-C-8500,l2401-C-8500,103.5,0.0,0.0,0.0,1,41.5,0.0,0,103.5,0.0,0.0,0.0,0.0,0.0,12
2023-05-09 21:06:58,l2401-C-8500,l2401-C-8500,103.5,0.0,0.0,0.0,10,42.0,0.0,0,103.5,0.0,0.0,0.0,0.0,0.0,12
2023-05-09 21:07:01,l2401-C-8500,l2401-C-8500,103.5,0.0,0.0,0.0,1,42.5,0.0,0,103.5,0.0,0.0,0.0,0.0,0.0,12
2023-05-09 21:07:01,l2401-C-8500,l2401-C-8500,103.5,0.0,0.0,0.0,10,43.0,0.0,0,103.5,0.0,0.0,0.0,0.0,0.0,12
2023-05-09 21:07:03,l2401-C-8500,l2401-C-8500,103.5,0.0,0.0,0.0,1,43.5,0.0,0,103.5,0.0,0.0,0.0,0.0,0.0,12
2023-05-09 21:07:03,l2401-C-8500,l2401-C-8500,103.5,0.0,0.0,0.0,10,44.0,0.0,0,103.5,0.0,0.0,0.0,0.0,0.0,12
2023-05-09 21:07:05,l2401-C-8500,l2401-C-8500,103.5,0.0,0.0,0.0,1,44.5,0.0,0,103.5,0.0,0.0,0.0,0.0,0.0,12
2023-05-09 21:07:05,l2401-C-8500,l2401-C-8500,103.5,0.0,0.0,0.0,10,45.0,0.0,0,103.5,0.0,0.0,0.0,0.0,0.0,12
2023-05-09 21:07:08,l2401-C-8500,l2401-C-8500,103.5,0.0,0.0,0.0,1,45.5,0.0,0,103.5,0.0,0.0,0.0,0.0,0.0,12
2023-05-09 21:07:08,l2401-C-8500,l2401-C-8500,103.5,0.0,0.0,0.0,10,46.0,0.0,0,103.5,0.0,0.0,0.0,0.0,0.0,12
2023-05-09 21:07:10,l2401-C-8500,l2401-C-8500,103.5,0.0,0.0,0.0,1,46.5,0.0,0,103.5,0.0,0.0,0.0,0.0,0.0,12
2023-05-09 21:07:10,l2401-C-8500,l2401-C-8500,103.5,0.0,0.0,0.0,10,47.0,0.0,0,103.5,0.0,0.0,0.0,0.0,0.0,12
2023-05-09 21:07:12,l2401-C-8500,l2401-C-8500,103.5,0.0,0.0,0.0,1,47.5,0.0,0,103.5,0.0,0.0,0.0,0.0,0.0,12
2023-05-09 21:07:12,l2401-C-8500,l2401-C-8500,103.5,0.0,0.0,0.0,10,48.0,0.0,0,103.5,0.0,0.0,0.0,0.0,0.0,12
2023-05-09 21:07:14,l2401-C-8500,l2401-C-8500,103.5,0.0,0.0,0.0,1,48.5,0.0,0,103.5,0.0,0.0,0.0,0.0,0.0,12
2023-05-09 21:07:14,l2401-C-8500,l2401-C-8500,103.5,0.0,0.0,0.0,10,49.0,0.0,0,103.5,0.0,0.0,0.0,0.0,0.0,12
2023-05-09 21:07:15,l2401-C-8500,l2401-C-8500,103.5,0.0,0.0,0.0,1,49.5,0.0,0,103.5,0.0,0.0,0.0,0.0,0.0,12
2023-05-09 21:07:15,l2401-C-8500,l2401-C-8500,103.5,0.0,0.0,0.0,10,50.0,0.0,0,103.5,0.0,0.0,0.0,0.0,0.0,12
2023-05-09 21:11:31,l2401-C-8500,l2401-C-8500,103.5,0.0,0.0,0.0,1,50.5,0.0,0,103.5,0.0,0.0,0.0,0.0,0.0,12
2023-05-09 21:11:31,l2401-C-8500,l2401-C-8500,103.5,0.0,0.0,0.0,10,51.0,0.0,0,103.5,0.0,0.0,0.0,0.0,0.0,12
2023-05-09 22:56:58,l2401-C-8500,l2401-C-8500,103.5,0.0,0.0,0.0,1,3.5,0.0,0,103.5,0.0,0.0,0.0,0.0,0.0,12
2023-05-09 22:56:59,l2401-C-8500,l2401-C-8500,103.5,0.0,0.0,0.0,10,4.5,0.0,0,103.5,0.0,0.0,0.0,0.0,0.0,12
2023-05-09 22:57:01,l2401-C-8500,l2401-C-8500,103.5,0.0,0.0,0.0,1,5.0,0.0,0,103.5,0.0,0.0,0.0,0.0,0.0,12
2023-05-09 22:57:32,l2401-C-8500,l2401-C-8500,103.5,0.0,0.0,0.0,1,3.5,0.0,0,103.5,0.0,0.0,0.0,0.0,0.0,12
2023-05-09 22:59:11,l2401-C-8500,l2401-C-8500,103.5,0.0,0.0,0.0,10,4.0,0.0,0,103.5,0.0,0.0,0.0,0.0,0.0,12
2023-05-09 22:59:55,l2401-C-8500,l2401-C-8500,103.5,0.0,0.0,0.0,1,3.5,0.0,0,103.5,0.0,0.0,0.0,0.0,0.0,12
2023-05-10 09:00:14,l2401-C-8500,l2401-C-8500,103.5,0.0,0.0,0.0,10,4.0,0.0,0,103.5,0.0,0.0,0.0,0.0,0.0,12
2023-05-10 09:02:38,l2401-C-8500,l2401-C-8500,103.5,0.0,0.0,0.0,1,4.5,0.0,0,103.5,0.0,0.0,0.0,0.0,0.0,12
2023-05-10 09:02:38,l2401-C-8500,l2401-C-8500,103.5,0.0,0.0,0.0,10,5.0,0.0,0,103.5,0.0,0.0,0.0,0.0,0.0,12
2023-05-10 09:02:50,l2401-C-8500,l2401-C-8500,103.5,0.0,0.0,0.0,1,5.5,0.0,0,103.5,0.0,0.0,0.0,0.0,0.0,12
2023-05-10 09:02:50,l2401-C-8500,l2401-C-8500,103.5,0.0,0.0,0.0,10,6.0,0.0,0,103.5,0.0,0.0,0.0,0.0,0.0,12
2023-05-10 09:02:53,l2401-C-8500,l2401-C-8500,103.5,0.0,0.0,0.0,1,6.5,0.0,0,103.5,0.0,0.0,0.0,0.0,0.0,12
2023-05-10 09:02:53,l2401-C-8500,l2401-C-8500,103.5,0.0,0.0,0.0,10,7.0,0.0,0,103.5,0.0,0.0,0.0,0.0,0.0,12
2023-05-10 09:03:03,l2401-C-8500,l2401-C-8500,103.5,0.0,0.0,0.0,1,7.5,0.0,0,103.5,0.0,0.0,0.0,0.0,0.0,12
2023-05-10 09:03:03,l2401-C-8500,l2401-C-8500,103.5,0.0,0.0,0.0,10,8.0,0.0,0,103.5,0.0,0.0,0.0,0.0,0.0,12
2023-05-10 09:03:06,l2401-C-8500,l2401-C-8500,103.5,0.0,0.0,0.0,1,8.5,0.0,0,103.5,0.0,0.0,0.0,0.0,0.0,12
2023-05-10 09:03:06,l2401-C-8500,l2401-C-8500,103.5,0.0,0.0,0.0,10,9.0,0.0,0,103.5,0.0,0.0,0.0,0.0,0.0,12
2023-05-10 09:03:08,l2401-C-8500,l2401-C-8500,103.5,0.0,0.0,0.0,1,9.5,0.0,0,103.5,0.0,0.0,0.0,0.0,0.0,12
2023-05-10 09:03:08,l2401-C-8500,l2401-C-8500,103.5,0.0,0.0,0.0,10,10.0,0.0,0,103.5,0.0,0.0,0.0,0.0,0.0,12
2023-05-10 09:03:10,l2401-C-8500,l2401-C-8500,103.5,0.0,0.0,0.0,1,10.5,0.0,0,103.5,0.0,0.0,0.0,0.0,0.0,12
2023-05-10 09:03:10,l2401-C-8500,l2401-C-8500,103.5,0.0,0.0,0.0,10,11.0,0.0,0,103.5,0.0,0.0,0.0,0.0,0.0,12
2023-05-10 09:03:12,l2401-C-8500,l2401-C-8500,103.5,0.0,0.0,0.0,1,11.5,0.0,0,103.5,0.0,0.0,0.0,0.0,0.0,12
2023-05-10 09:03:12,l2401-C-8500,l2401-C-8500,103.5,0.0,0.0,0.0,10,12.0,0.0,0,103.5,0.0,0.0,0.0,0.0,0.0,12
2023-05-10 09:03:13,l2401-C-8500,l2401-C-8500,103.5,0.0,0.0,0.0,1,12.5,0.0,0,103.5,0.0,0.0,0.0,0.0,0.0,12
2023-05-10 09:03:13,l2401-C-8500,l2401-C-8500,103.5,0.0,0.0,0.0,10,13.0,0.0,0,103.5,0.0,0.0,0.0,0.0,0.0,12
2023-05-10 09:03:15,l2401-C-8500,l2401-C-8500,103.5,0.0,0.0,0.0,1,13.5,0.0,0,103.5,0.0,0.0,0.0,0.0,0.0,12
2023-05-10 09:03:15,l2401-C-8500,l2401-C-8500,103.5,0.0,0.0,0.0,10,14.0,0.0,0,103.5,0.0,0.0,0.0,0.0,0.0,12
2023-05-10 09:03:17,l2401-C-8500,l2401-C-8500,103.5,0.0,0.0,0.0,1,14.5,0.0,0,103.5,0.0,0.0,0.0,0.0,0.0,12
2023-05-10 09:03:17,l2401-C-8500,l2401-C-8500,103.5,0.0,0.0,0.0,10,15.0,0.0,0,103.5,0.0,0.0,0.0,0.0,0.0,12
2023-05-10 09:03:19,l2401-C-8500,l2401-C-8500,103.5,0.0,0.0,0.0,1,15.5,0.0,0,103.5,0.0,0.0,0.0,0.0,0.0,12
2023-05-10 09:03:19,l2401-C-8500,l2401-C-8500,103.5,0.0,0.0,0.0,10,16.0,0.0,0,103.5,0.0,0.0,0.0,0.0,0.0,12
2023-05-10 09:03:21,l2401-C-8500,l2401-C-8500,103.5,0.0,0.0,0.0,1,16.5,0.0,0,103.5,0.0,0.0,0.0,0.0,0.0,12
2023-05-10 09:03:21,l2401-C-8500,l2401-C-8500,103.5,0.0,0.0,0.0,10,17.0,0.0,0,103.5,0.0,0.0,0.0,0.0,0.0,12
2023-05-10 09:03:42,l2401-C-8500,l2401-C-8500,103.5,0.0,0.0,0.0,10,18.0,0.0,0,103.5,0.0,0.0,0.0,0.0,0.0,12
2023-05-10 09:04:32,l2401-C-8500,l2401-C-8500,103.5,0.0,0.0,0.0,1,18.5,0.0,0,103.5,0.0,0.0,0.0,0.0,0.0,12
2023-05-10 09:04:32,l2401-C-8500,l2401-C-8500,103.5,0.0,0.0,0.0,10,19.0,0.0,0,103.5,0.0,0.0,0.0,0.0,0.0,12
2023-05-10 09:05:10,l2401-C-8500,l2401-C-8500,103.5,0.0,0.0,0.0,1,19.5,0.0,0,103.5,0.0,0.0,0.0,0.0,0.0,12
2023-05-10 09:05:10,l2401-C-8500,l2401-C-8500,103.5,0.0,0.0,0.0,10,20.0,0.0,0,103.5,0.0,0.0,0.0,0.0,0.0,12
2023-05-10 09:05:29,l2401-C-8500,l2401-C-8500,103.5,0.0,0.0,0.0,1,20.5,0.0,0,103.5,0.0,0.0,0.0,0.0,0.0,12
2023-05-10 09:05:29,l2401-C-8500,l2401-C-8500,103.5,0.0,0.0,0.0,10,21.0,0.0,0,103.5,0.0,0.0,0.0,0.0,0.0,12
2023-05-10 09:05:41,l2401-C-8500,l2401-C-8500,103.5,0.0,0.0,0.0,1,21.5,0.0,0,103.5,0.0,0.0,0.0,0.0,0.0,12
2023-05-10 09:05:41,l2401-C-8500,l2401-C-8500,103.5,0.0,0.0,0.0,10,22.0,0.0,0,103.5,0.0,0.0,0.0,0.0,0.0,12
2023-05-10 09:06:00,l2401-C-8500,l2401-C-8500,103.5,0.0,0.0,0.0,1,22.5,0.0,0,103.5,0.0,0.0,0.0,0.0,0.0,12
2023-05-10 09:06:00,l2401-C-8500,l2401-C-8500,103.5,0.0,0.0,0.0,10,23.0,0.0,0,103.5,0.0,0.0,0.0,0.0,0.0,12
2023-05-10 09:06:29,l2401-C-8500,l2401-C-8500,103.5,0.0,0.0,0.0,1,23.5,0.0,0,103.5,0.0,0.0,0.0,0.0,0.0,12
2023-05-10 09:06:29,l2401-C-8500,l2401-C-8500,103.5,0.0,0.0,0.0,10,24.0,0.0,0,103.5,0.0,0.0,0.0,0.0,0.0,12
2023-05-10 09:07:38,l2401-C-8500,l2401-C-8500,103.5,0.0,0.0,0.0,1,24.5,0.0,0,103.5,0.0,0.0,0.0,0.0,0.0,12
2023-05-10 09:07:38,l2401-C-8500,l2401-C-8500,103.5,0.0,0.0,0.0,10,25.0,0.0,0,103.5,0.0,0.0,0.0,0.0,0.0,12
2023-05-10 09:09:34,l2401-C-8500,l2401-C-8500,103.5,0.0,0.0,0.0,1,25.5,0.0,0,103.5,0.0,0.0,0.0,0.0,0.0,12
2023-05-10 09:09:34,l2401-C-8500,l2401-C-8500,103.5,0.0,0.0,0.0,10,26.0,0.0,0,103.5,0.0,0.0,0.0,0.0,0.0,12
2023-05-10 09:09:38,l2401-C-8500,l2401-C-8500,103.5,0.0,0.0,0.0,1,26.5,0.0,0,103.5,0.0,0.0,0.0,0.0,0.0,12
2023-05-10 09:09:38,l2401-C-8500,l2401-C-8500,103.5,0.0,0.0,0.0,10,27.0,0.0,0,103.5,0.0,0.0,0.0,0.0,0.0,12
2023-05-10 09:09:40,l2401-C-8500,l2401-C-8500,103.5,0.0,0.0,0.0,1,27.5,0.0,0,103.5,0.0,0.0,0.0,0.0,0.0,12
2023-05-10 09:09:40,l2401-C-8500,l2401-C-8500,103.5,0.0,0.0,0.0,10,28.0,0.0,0,103.5,0.0,0.0,0.0,0.0,0.0,12
2023-05-10 09:09:43,l2401-C-8500,l2401-C-8500,103.5,0.0,0.0,0.0,1,28.5,0.0,0,103.5,0.0,0.0,0.0,0.0,0.0,12
2023-05-10 09:09:43,l2401-C-8500,l2401-C-8500,103.5,0.0,0.0,0.0,10,29.0,0.0,0,103.5,0.0,0.0,0.0,0.0,0.0,12
2023-05-10 09:09:46,l2401-C-8500,l2401-C-8500,103.5,0.0,0.0,0.0,1,29.5,0.0,0,103.5,0.0,0.0,0.0,0.0,0.0,12
2023-05-10 09:09:46,l2401-C-8500,l2401-C-8500,103.5,0.0,0.0,0.0,10,30.0,0.0,0,103.5,0.0,0.0,0.0,0.0,0.0,12
2023-05-10 09:09:48,l2401-C-8500,l2401-C-8500,103.5,0.0,0.0,0.0,1,30.5,0.0,0,103.5,0.0,0.0,0.0,0.0,0.0,12
2023-05-10 09:09:48,l2401-C-8500,l2401-C-8500,103.5,0.0,0.0,0.0,10,31.0,0.0,0,103.5,0.0,0.0,0.0,0.0,0.0,12
2023-05-10 09:09:51,l2401-C-8500,l2401-C-8500,103.5,0.0,0.0,0.0,1,31.5,0.0,0,103.5,0.0,0.0,0.0,0.0,0.0,12
2023-05-10 09:09:51,l2401-C-8500,l2401-C-8500,103.5,0.0,0.0,0.0,10,32.0,0.0,0,103.5,0.0,0.0,0.0,0.0,0.0,12
2023-05-10 09:09:54,l2401-C-8500,l2401-C-8500,103.5,0.0,0.0,0.0,1,32.5,0.0,0,103.5,0.0,0.0,0.0,0.0,0.0,12
2023-05-10 09:09:54,l2401-C-8500,l2401-C-8500,103.5,0.0,0.0,0.0,10,33.0,0.0,0,103.5,0.0,0.0,0.0,0.0,0.0,12
2023-05-10 09:09:57,l2401-C-8500,l2401-C-8500,103.5,0.0,0.0,0.0,1,33.5,0.0,0,103.5,0.0,0.0,0.0,0.0,0.0,12
2023-05-10 09:09:57,l2401-C-8500,l2401-C-8500,103.5,0.0,0.0,0.0,10,34.0,0.0,0,103.5,0.0,0.0,0.0,0.0,0.0,12
2023-05-10 09:09:59,l2401-C-8500,l2401-C-8500,103.5,0.0,0.0,0.0,1,34.5,0.0,0,103.5,0.0,0.0,0.0,0.0,0.0,12
2023-05-10 09:09:59,l2401-C-8500,l2401-C-8500,103.5,0.0,0.0,0.0,10,35.0,0.0,0,103.5,0.0,0.0,0.0,0.0,0.0,12
2023-05-10 09:10:02,l2401-C-8500,l2401-C-8500,103.5,0.0,0.0,0.0,1,35.5,0.0,0,103.5,0.0,0.0,0.0,0.0,0.0,12
2023-05-10 09:10:02,l2401-C-8500,l2401-C-8500,103.5,0.0,0.0,0.0,10,36.0,0.0,0,103.5,0.0,0.0,0.0,0.0,0.0,12
2023-05-10 09:10:03,l2401-C-8500,l2401-C-8500,103.5,0.0,0.0,0.0,1,36.5,0.0,0,103.5,0.0,0.0,0.0,0.0,0.0,12
2023-05-10 09:10:03,l2401-C-8500,l2401-C-8500,103.5,0.0,0.0,0.0,10,37.0,0.0,0,103.5,0.0,0.0,0.0,0.0,0.0,12
2023-05-10 09:10:05,l2401-C-8500,l2401-C-8500,103.5,0.0,0.0,0.0,1,37.5,0.0,0,103.5,0.0,0.0,0.0,0.0,0.0,12
2023-05-10 09:10:05,l2401-C-8500,l2401-C-8500,103.5,0.0,0.0,0.0,10,38.0,0.0,0,103.5,0.0,0.0,0.0,0.0,0.0,12
2023-05-10 09:10:07,l2401-C-8500,l2401-C-8500,103.5,0.0,0.0,0.0,1,38.5,0.0,0,103.5,0.0,0.0,0.0,0.0,0.0,12
2023-05-10 09:10:07,l2401-C-8500,l2401-C-8500,103.5,0.0,0.0,0.0,10,39.0,0.0,0,103.5,0.0,0.0,0.0,0.0,0.0,12
2023-05-10 09:10:08,l2401-C-8500,l2401-C-8500,103.5,0.0,0.0,0.0,1,39.5,0.0,0,103.5,0.0,0.0,0.0,0.0,0.0,12
2023-05-10 09:10:08,l2401-C-8500,l2401-C-8500,103.5,0.0,0.0,0.0,10,40.0,0.0,0,103.5,0.0,0.0,0.0,0.0,0.0,12
2023-05-10 09:10:10,l2401-C-8500,l2401-C-8500,103.5,0.0,0.0,0.0,1,40.5,0.0,0,103.5,0.0,0.0,0.0,0.0,0.0,12
2023-05-10 09:10:10,l2401-C-8500,l2401-C-8500,103.5,0.0,0.0,0.0,10,41.0,0.0,0,103.5,0.0,0.0,0.0,0.0,0.0,12
2023-05-10 09:10:11,l2401-C-8500,l2401-C-8500,103.5,0.0,0.0,0.0,1,41.5,0.0,0,103.5,0.0,0.0,0.0,0.0,0.0,12
2023-05-10 09:10:11,l2401-C-8500,l2401-C-8500,103.5,0.0,0.0,0.0,10,42.0,0.0,0,103.5,0.0,0.0,0.0,0.0,0.0,12
2023-05-10 09:10:13,l2401-C-8500,l2401-C-8500,103.5,0.0,0.0,0.0,1,42.5,0.0,0,103.5,0.0,0.0,0.0,0.0,0.0,12
2023-05-10 09:10:13,l2401-C-8500,l2401-C-8500,103.5,0.0,0.0,0.0,10,43.0,0.0,0,103.5,0.0,0.0,0.0,0.0,0.0,12
2023-05-10 09:10:14,l2401-C-8500,l2401-C-8500,103.5,0.0,0.0,0.0,1,43.5,0.0,0,103.5,0.0,0.0,0.0,0.0,0.0,12
2023-05-10 09:10:14,l2401-C-8500,l2401-C-8500,103.5,0.0,0.0,0.0,10,44.0,0.0,0,103.5,0.0,0.0,0.0,0.0,0.0,12
2023-05-10 09:10:16,l2401-C-8500,l2401-C-8500,103.5,0.0,0.0,0.0,1,44.5,0.0,0,103.5,0.0,0.0,0.0,0.0,0.0,12
2023-05-10 09:10:16,l2401-C-8500,l2401-C-8500,103.5,0.0,0.0,0.0,10,45.0,0.0,0,103.5,0.0,0.0,0.0,0.0,0.0,12
2023-05-10 09:10:17,l2401-C-8500,l2401-C-8500,103.5,0.0,0.0,0.0,1,45.5,0.0,0,103.5,0.0,0.0,0.0,0.0,0.0,12
2023-05-10 09:10:17,l2401-C-8500,l2401-C-8500,103.5,0.0,0.0,0.0,10,46.0,0.0,0,103.5,0.0,0.0,0.0,0.0,0.0,12
2023-05-10 09:10:19,l2401-C-8500,l2401-C-8500,103.5,0.0,0.0,0.0,1,46.5,0.0,0,103.5,0.0,0.0,0.0,0.0,0.0,12
2023-05-10 09:10:19,l2401-C-8500,l2401-C-8500,103.5,0.0,0.0,0.0,10,47.0,0.0,0,103.5,0.0,0.0,0.0,0.0,0.0,12
2023-05-10 09:10:20,l2401-C-8500,l2401-C-8500,103.5,0.0,0.0,0.0,1,47.5,0.0,0,103.5,0.0,0.0,0.0,0.0,0.0,12
2023-05-10 09:10:20,l2401-C-8500,l2401-C-8500,103.5,0.0,0.0,0.0,10,48.0,0.0,0,103.5,0.0,0.0,0.0,0.0,0.0,12
2023-05-10 09:10:22,l2401-C-8500,l2401-C-8500,103.5,0.0,0.0,0.0,1,48.5,0.0,0,103.5,0.0,0.0,0.0,0.0,0.0,12
2023-05-10 09:10:22,l2401-C-8500,l2401-C-8500,103.5,0.0,0.0,0.0,10,49.0,0.0,0,103.5,0.0,0.0,0.0,0.0,0.0,12
2023-05-10 09:10:23,l2401-C-8500,l2401-C-8500,103.5,0.0,0.0,0.0,1,49.5,0.0,0,103.5,0.0,0.0,0.0,0.0,0.0,12
2023-05-10 09:10:23,l2401-C-8500,l2401-C-8500,103.5,0.0,0.0,0.0,10,50.0,0.0,0,103.5,0.0,0.0,0.0,0.0,0.0,12
2023-05-10 09:10:25,l2401-C-8500,l2401-C-8500,103.5,0.0,0.0,0.0,1,50.5,0.0,0,103.5,0.0,0.0,0.0,0.0,0.0,12
2023-05-10 09:10:25,l2401-C-8500,l2401-C-8500,103.5,0.0,0.0,0.0,10,51.0,0.0,0,103.5,0.0,0.0,0.0,0.0,0.0,12
2023-05-10 10:14:32,l2401-C-8500,l2401-C-8500,103.5,0.0,0.0,0.0,1,9.0,0.0,0,103.5,0.0,0.0,0.0,0.0,0.0,12
2023-05-10 10:30:05,l2401-C-8500,l2401-C-8500,103.5,0.0,0.0,0.0,10,9.5,0.0,0,103.5,0.0,0.0,0.0,0.0,0.0,12
2023-05-10 10:31:18,l2401-C-8500,l2401-C-8500,103.5,0.0,0.0,0.0,1,10.0,0.0,0,103.5,0.0,0.0,0.0,0.0,0.0,12
2023-05-10 10:31:18,l2401-C-8500,l2401-C-8500,103.5,0.0,0.0,0.0,10,10.5,0.0,0,103.5,0.0,0.0,0.0,0.0,0.0,12
2023-05-10 10:31:57,l2401-C-8500,l2401-C-8500,103.5,0.0,0.0,0.0,1,11.0,0.0,0,103.5,0.0,0.0,0.0,0.0,0.0,12
2023-05-10 10:31:57,l2401-C-8500,l2401-C-8500,103.5,0.0,0.0,0.0,10,11.5,0.0,0,103.5,0.0,0.0,0.0,0.0,0.0,12
2023-05-10 10:32:00,l2401-C-8500,l2401-C-8500,103.5,0.0,0.0,0.0,1,12.0,0.0,0,103.5,0.0,0.0,0.0,0.0,0.0,12
2023-05-10 10:32:00,l2401-C-8500,l2401-C-8500,103.5,0.0,0.0,0.0,10,12.5,0.0,0,103.5,0.0,0.0,0.0,0.0,0.0,12
2023-05-10 10:32:07,l2401-C-8500,l2401-C-8500,103.5,0.0,0.0,0.0,1,13.0,0.0,0,103.5,0.0,0.0,0.0,0.0,0.0,12
2023-05-10 10:32:07,l2401-C-8500,l2401-C-8500,103.5,0.0,0.0,0.0,10,13.5,0.0,0,103.5,0.0,0.0,0.0,0.0,0.0,12
2023-05-10 10:32:25,l2401-C-8500,l2401-C-8500,103.5,0.0,0.0,0.0,1,14.0,0.0,0,103.5,0.0,0.0,0.0,0.0,0.0,12
2023-05-10 10:32:25,l2401-C-8500,l2401-C-8500,103.5,0.0,0.0,0.0,10,14.5,0.0,0,103.5,0.0,0.0,0.0,0.0,0.0,12
2023-05-10 10:32:47,l2401-C-8500,l2401-C-8500,103.5,0.0,0.0,0.0,1,15.0,0.0,0,103.5,0.0,0.0,0.0,0.0,0.0,12
2023-05-10 10:32:47,l2401-C-8500,l2401-C-8500,103.5,0.0,0.0,0.0,10,15.5,0.0,0,103.5,0.0,0.0,0.0,0.0,0.0,12
2023-05-10 10:32:53,l2401-C-8500,l2401-C-8500,103.5,0.0,0.0,0.0,1,16.0,0.0,0,103.5,0.0,0.0,0.0,0.0,0.0,12
2023-05-10 10:32:53,l2401-C-8500,l2401-C-8500,103.5,0.0,0.0,0.0,10,16.5,0.0,0,103.5,0.0,0.0,0.0,0.0,0.0,12
2023-05-10 10:32:58,l2401-C-8500,l2401-C-8500,103.5,0.0,0.0,0.0,1,17.0,0.0,0,103.5,0.0,0.0,0.0,0.0,0.0,12
2023-05-10 10:32:58,l2401-C-8500,l2401-C-8500,103.5,0.0,0.0,0.0,10,17.5,0.0,0,103.5,0.0,0.0,0.0,0.0,0.0,12
2023-05-10 10:33:01,l2401-C-8500,l2401-C-8500,103.5,0.0,0.0,0.0,1,18.0,0.0,0,103.5,0.0,0.0,0.0,0.0,0.0,12
2023-05-10 10:33:01,l2401-C-8500,l2401-C-8500,103.5,0.0,0.0,0.0,10,18.5,0.0,0,103.5,0.0,0.0,0.0,0.0,0.0,12
2023-05-10 10:33:04,l2401-C-8500,l2401-C-8500,103.5,0.0,0.0,0.0,1,19.0,0.0,0,103.5,0.0,0.0,0.0,0.0,0.0,12
2023-05-10 10:33:04,l2401-C-8500,l2401-C-8500,103.5,0.0,0.0,0.0,10,19.5,0.0,0,103.5,0.0,0.0,0.0,0.0,0.0,12
2023-05-10 10:33:09,l2401-C-8500,l2401-C-8500,103.5,0.0,0.0,0.0,1,20.0,0.0,0,103.5,0.0,0.0,0.0,0.0,0.0,12
2023-05-10 10:33:09,l2401-C-8500,l2401-C-8500,103.5,0.0,0.0,0.0,10,20.5,0.0,0,103.5,0.0,0.0,0.0,0.0,0.0,12
2023-05-10 10:33:14,l2401-C-8500,l2401-C-8500,103.5,0.0,0.0,0.0,1,21.0,0.0,0,103.5,0.0,0.0,0.0,0.0,0.0,12
2023-05-10 10:33:14,l2401-C-8500,l2401-C-8500,103.5,0.0,0.0,0.0,10,21.5,0.0,0,103.5,0.0,0.0,0.0,0.0,0.0,12
2023-05-10 10:33:17,l2401-C-8500,l2401-C-8500,103.5,0.0,0.0,0.0,1,22.0,0.0,0,103.5,0.0,0.0,0.0,0.0,0.0,12
2023-05-10 10:33:17,l2401-C-8500,l2401-C-8500,103.5,0.0,0.0,0.0,10,22.5,0.0,0,103.5,0.0,0.0,0.0,0.0,0.0,12
2023-05-10 10:33:19,l2401-C-8500,l2401-C-8500,103.5,0.0,0.0,0.0,1,23.0,0.0,0,103.5,0.0,0.0,0.0,0.0,0.0,12
2023-05-10 10:33:19,l2401-C-8500,l2401-C-8500,103.5,0.0,0.0,0.0,10,23.5,0.0,0,103.5,0.0,0.0,0.0,0.0,0.0,12
2023-05-10 10:33:21,l2401-C-8500,l2401-C-8500,103.5,0.0,0.0,0.0,1,24.0,0.0,0,103.5,0.0,0.0,0.0,0.0,0.0,12
2023-05-10 10:33:21,l2401-C-8500,l2401-C-8500,103.5,0.0,0.0,0.0,10,24.5,0.0,0,103.5,0.0,0.0,0.0,0.0,0.0,12
2023-05-10 10:33:24,l2401-C-8500,l2401-C-8500,103.5,0.0,0.0,0.0,1,25.0,0.0,0,103.5,0.0,0.0,0.0,0.0,0.0,12
2023-05-10 10:33:24,l2401-C-8500,l2401-C-8500,103.5,0.0,0.0,0.0,10,25.5,0.0,0,103.5,0.0,0.0,0.0,0.0,0.0,12
2023-05-10 10:33:26,l2401-C-8500,l2401-C-8500,103.5,0.0,0.0,0.0,1,26.0,0.0,0,103.5,0.0,0.0,0.0,0.0,0.0,12
2023-05-10 10:33:26,l2401-C-8500,l2401-C-8500,103.5,0.0,0.0,0.0,10,26.5,0.0,0,103.5,0.0,0.0,0.0,0.0,0.0,12
2023-05-10 10:33:28,l2401-C-8500,l2401-C-8500,103.5,0.0,0.0,0.0,1,27.0,0.0,0,103.5,0.0,0.0,0.0,0.0,0.0,12
2023-05-10 10:33:28,l2401-C-8500,l2401-C-8500,103.5,0.0,0.0,0.0,10,27.5,0.0,0,103.5,0.0,0.0,0.0,0.0,0.0,12
2023-05-10 10:33:30,l2401-C-8500,l2401-C-8500,103.5,0.0,0.0,0.0,1,28.0,0.0,0,103.5,0.0,0.0,0.0,0.0,0.0,12
2023-05-10 10:33:30,l2401-C-8500,l2401-C-8500,103.5,0.0,0.0,0.0,10,28.5,0.0,0,103.5,0.0,0.0,0.0,0.0,0.0,12
2023-05-10 10:33:33,l2401-C-8500,l2401-C-8500,103.5,0.0,0.0,0.0,1,29.0,0.0,0,103.5,0.0,0.0,0.0,0.0,0.0,12
2023-05-10 10:33:33,l2401-C-8500,l2401-C-8500,103.5,0.0,0.0,0.0,10,29.5,0.0,0,103.5,0.0,0.0,0.0,0.0,0.0,12
2023-05-10 10:33:35,l2401-C-8500,l2401-C-8500,103.5,0.0,0.0,0.0,1,30.0,0.0,0,103.5,0.0,0.0,0.0,0.0,0.0,12
2023-05-10 10:33:35,l2401-C-8500,l2401-C-8500,103.5,0.0,0.0,0.0,10,30.5,0.0,0,103.5,0.0,0.0,0.0,0.0,0.0,12
2023-05-10 10:33:37,l2401-C-8500,l2401-C-8500,103.5,0.0,0.0,0.0,1,31.0,0.0,0,103.5,0.0,0.0,0.0,0.0,0.0,12
2023-05-10 10:33:37,l2401-C-8500,l2401-C-8500,103.5,0.0,0.0,0.0,10,31.5,0.0,0,103.5,0.0,0.0,0.0,0.0,0.0,12
2023-05-10 10:33:39,l2401-C-8500,l2401-C-8500,103.5,0.0,0.0,0.0,1,32.0,0.0,0,103.5,0.0,0.0,0.0,0.0,0.0,12
2023-05-10 10:33:39,l2401-C-8500,l2401-C-8500,103.5,0.0,0.0,0.0,10,32.5,0.0,0,103.5,0.0,0.0,0.0,0.0,0.0,12
2023-05-10 10:33:41,l2401-C-8500,l2401-C-8500,103.5,0.0,0.0,0.0,1,33.0,0.0,0,103.5,0.0,0.0,0.0,0.0,0.0,12
2023-05-10 10:33:41,l2401-C-8500,l2401-C-8500,103.5,0.0,0.0,0.0,10,33.5,0.0,0,103.5,0.0,0.0,0.0,0.0,0.0,12
2023-05-10 10:33:43,l2401-C-8500,l2401-C-8500,103.5,0.0,0.0,0.0,1,34.0,0.0,0,103.5,0.0,0.0,0.0,0.0,0.0,12
2023-05-10 10:33:43,l2401-C-8500,l2401-C-8500,103.5,0.0,0.0,0.0,10,34.5,0.0,0,103.5,0.0,0.0,0.0,0.0,0.0,12
2023-05-10 10:33:45,l2401-C-8500,l2401-C-8500,103.5,0.0,0.0,0.0,1,35.0,0.0,0,103.5,0.0,0.0,0.0,0.0,0.0,12
2023-05-10 10:33:45,l2401-C-8500,l2401-C-8500,103.5,0.0,0.0,0.0,10,35.5,0.0,0,103.5,0.0,0.0,0.0,0.0,0.0,12
2023-05-10 10:33:47,l2401-C-8500,l2401-C-8500,103.5,0.0,0.0,0.0,1,36.0,0.0,0,103.5,0.0,0.0,0.0,0.0,0.0,12
2023-05-10 10:33:47,l2401-C-8500,l2401-C-8500,103.5,0.0,0.0,0.0,10,36.5,0.0,0,103.5,0.0,0.0,0.0,0.0,0.0,12
2023-05-10 10:33:49,l2401-C-8500,l2401-C-8500,103.5,0.0,0.0,0.0,1,37.0,0.0,0,103.5,0.0,0.0,0.0,0.0,0.0,12
2023-05-10 10:33:49,l2401-C-8500,l2401-C-8500,103.5,0.0,0.0,0.0,10,37.5,0.0,0,103.5,0.0,0.0,0.0,0.0,0.0,12
2023-05-10 10:33:51,l2401-C-8500,l2401-C-8500,103.5,0.0,0.0,0.0,1,38.0,0.0,0,103.5,0.0,0.0,0.0,0.0,0.0,12
2023-05-10 10:33:51,l2401-C-8500,l2401-C-8500,103.5,0.0,0.0,0.0,10,38.5,0.0,0,103.5,0.0,0.0,0.0,0.0,0.0,12
2023-05-10 10:33:52,l2401-C-8500,l2401-C-8500,103.5,0.0,0.0,0.0,1,39.0,0.0,0,103.5,0.0,0.0,0.0,0.0,0.0,12
2023-05-10 10:33:52,l2401-C-8500,l2401-C-8500,103.5,0.0,0.0,0.0,10,39.5,0.0,0,103.5,0.0,0.0,0.0,0.0,0.0,12
2023-05-10 10:33:54,l2401-C-8500,l2401-C-8500,103.5,0.0,0.0,0.0,1,40.0,0.0,0,103.5,0.0,0.0,0.0,0.0,0.0,12
2023-05-10 10:33:54,l2401-C-8500,l2401-C-8500,103.5,0.0,0.0,0.0,10,40.5,0.0,0,103.5,0.0,0.0,0.0,0.0,0.0,12
2023-05-10 10:33:56,l2401-C-8500,l2401-C-8500,103.5,0.0,0.0,0.0,1,41.0,0.0,0,103.5,0.0,0.0,0.0,0.0,0.0,12
2023-05-10 10:33:56,l2401-C-8500,l2401-C-8500,103.5,0.0,0.0,0.0,10,41.5,0.0,0,103.5,0.0,0.0,0.0,0.0,0.0,12
2023-05-10 10:33:57,l2401-C-8500,l2401-C-8500,103.5,0.0,0.0,0.0,1,42.0,0.0,0,103.5,0.0,0.0,0.0,0.0,0.0,12
2023-05-10 10:33:57,l2401-C-8500,l2401-C-8500,103.5,0.0,0.0,0.0,10,42.5,0.0,0,103.5,0.0,0.0,0.0,0.0,0.0,12
2023-05-10 10:33:59,l2401-C-8500,l2401-C-8500,103.5,0.0,0.0,0.0,1,43.0,0.0,0,103.5,0.0,0.0,0.0,0.0,0.0,12
2023-05-10 10:33:59,l2401-C-8500,l2401-C-8500,103.5,0.0,0.0,0.0,10,43.5,0.0,0,103.5,0.0,0.0,0.0,0.0,0.0,12
2023-05-10 10:34:00,l2401-C-8500,l2401-C-8500,103.5,0.0,0.0,0.0,1,44.0,0.0,0,103.5,0.0,0.0,0.0,0.0,0.0,12
2023-05-10 10:34:00,l2401-C-8500,l2401-C-8500,103.5,0.0,0.0,0.0,10,44.5,0.0,0,103.5,0.0,0.0,0.0,0.0,0.0,12
2023-05-10 10:34:02,l2401-C-8500,l2401-C-8500,103.5,0.0,0.0,0.0,1,45.0,0.0,0,103.5,0.0,0.0,0.0,0.0,0.0,12
2023-05-10 10:34:02,l2401-C-8500,l2401-C-8500,103.5,0.0,0.0,0.0,10,45.5,0.0,0,103.5,0.0,0.0,0.0,0.0,0.0,12
2023-05-10 10:34:03,l2401-C-8500,l2401-C-8500,103.5,0.0,0.0,0.0,1,46.0,0.0,0,103.5,0.0,0.0,0.0,0.0,0.0,12
2023-05-10 10:34:03,l2401-C-8500,l2401-C-8500,103.5,0.0,0.0,0.0,10,46.5,0.0,0,103.5,0.0,0.0,0.0,0.0,0.0,12
2023-05-10 10:34:04,l2401-C-8500,l2401-C-8500,103.5,0.0,0.0,0.0,1,47.0,0.0,0,103.5,0.0,0.0,0.0,0.0,0.0,12
2023-05-10 10:34:04,l2401-C-8500,l2401-C-8500,103.5,0.0,0.0,0.0,10,47.5,0.0,0,103.5,0.0,0.0,0.0,0.0,0.0,12
2023-05-10 10:34:06,l2401-C-8500,l2401-C-8500,103.5,0.0,0.0,0.0,1,48.0,0.0,0,103.5,0.0,0.0,0.0,0.0,0.0,12
2023-05-10 10:34:06,l2401-C-8500,l2401-C-8500,103.5,0.0,0.0,0.0,10,48.5,0.0,0,103.5,0.0,0.0,0.0,0.0,0.0,12
2023-05-10 10:34:07,l2401-C-8500,l2401-C-8500,103.5,0.0,0.0,0.0,1,49.0,0.0,0,103.5,0.0,0.0,0.0,0.0,0.0,12
2023-05-10 10:34:07,l2401-C-8500,l2401-C-8500,103.5,0.0,0.0,0.0,10,49.5,0.0,0,103.5,0.0,0.0,0.0,0.0,0.0,12
2023-05-10 11:29:32,l2401-C-8500,l2401-C-8500,103.5,0.0,0.0,0.0,1,9.0,0.0,0,103.5,0.0,0.0,0.0,0.0,0.0,12
2023-05-10 13:30:02,l2401-C-8500,l2401-C-8500,103.5,0.0,0.0,0.0,10,9.5,0.0,0,103.5,0.0,0.0,0.0,0.0,0.0,12
2023-05-10 13:32:47,l2401-C-8500,l2401-C-8500,103.5,0.0,0.0,0.0,1,10.0,0.0,0,103.5,0.0,0.0,0.0,0.0,0.0,12
2023-05-10 13:32:47,l2401-C-8500,l2401-C-8500,103.5,0.0,0.0,0.0,10,10.5,0.0,0,103.5,0.0,0.0,0.0,0.0,0.0,12
2023-05-10 13:33:22,l2401-C-8500,l2401-C-8500,103.5,0.0,0.0,0.0,1,11.0,0.0,0,103.5,0.0,0.0,0.0,0.0,0.0,12
2023-05-10 13:33:22,l2401-C-8500,l2401-C-8500,103.5,0.0,0.0,0.0,10,11.5,0.0,0,103.5,0.0,0.0,0.0,0.0,0.0,12
2023-05-10 13:34:10,l2401-C-8500,l2401-C-8500,103.5,0.0,0.0,0.0,1,12.0,0.0,0,103.5,0.0,0.0,0.0,0.0,0.0,12
2023-05-10 13:34:10,l2401-C-8500,l2401-C-8500,103.5,0.0,0.0,0.0,10,12.5,0.0,0,103.5,0.0,0.0,0.0,0.0,0.0,12
2023-05-10 13:36:46,l2401-C-8500,l2401-C-8500,103.5,0.0,0.0,0.0,1,13.0,0.0,0,103.5,0.0,0.0,0.0,0.0,0.0,12
2023-05-10 13:36:46,l2401-C-8500,l2401-C-8500,103.5,0.0,0.0,0.0,10,13.5,0.0,0,103.5,0.0,0.0,0.0,0.0,0.0,12
2023-05-10 13:38:02,l2401-C-8500,l2401-C-8500,103.5,0.0,0.0,0.0,1,14.0,0.0,0,103.5,0.0,0.0,0.0,0.0,0.0,12
2023-05-10 13:38:02,l2401-C-8500,l2401-C-8500,103.5,0.0,0.0,0.0,10,14.5,0.0,0,103.5,0.0,0.0,0.0,0.0,0.0,12
2023-05-10 13:38:11,l2401-C-8500,l2401-C-8500,103.5,0.0,0.0,0.0,1,15.0,0.0,0,103.5,0.0,0.0,0.0,0.0,0.0,12
2023-05-10 13:38:11,l2401-C-8500,l2401-C-8500,103.5,0.0,0.0,0.0,10,15.5,0.0,0,103.5,0.0,0.0,0.0,0.0,0.0,12
2023-05-10 13:38:20,l2401-C-8500,l2401-C-8500,103.5,0.0,0.0,0.0,1,16.0,0.0,0,103.5,0.0,0.0,0.0,0.0,0.0,12
2023-05-10 13:38:20,l2401-C-8500,l2401-C-8500,103.5,0.0,0.0,0.0,10,16.5,0.0,0,103.5,0.0,0.0,0.0,0.0,0.0,12
2023-05-10 13:38:30,l2401-C-8500,l2401-C-8500,103.5,0.0,0.0,0.0,1,17.0,0.0,0,103.5,0.0,0.0,0.0,0.0,0.0,12
2023-05-10 13:38:30,l2401-C-8500,l2401-C-8500,103.5,0.0,0.0,0.0,10,17.5,0.0,0,103.5,0.0,0.0,0.0,0.0,0.0,12
2023-05-10 13:38:51,l2401-C-8500,l2401-C-8500,103.5,0.0,0.0,0.0,1,18.0,0.0,0,103.5,0.0,0.0,0.0,0.0,0.0,12
2023-05-10 13:38:51,l2401-C-8500,l2401-C-8500,103.5,0.0,0.0,0.0,10,18.5,0.0,0,103.5,0.0,0.0,0.0,0.0,0.0,12
2023-05-10 13:38:56,l2401-C-8500,l2401-C-8500,103.5,0.0,0.0,0.0,1,19.0,0.0,0,103.5,0.0,0.0,0.0,0.0,0.0,12
2023-05-10 13:38:56,l2401-C-8500,l2401-C-8500,103.5,0.0,0.0,0.0,10,19.5,0.0,0,103.5,0.0,0.0,0.0,0.0,0.0,12
2023-05-10 13:39:01,l2401-C-8500,l2401-C-8500,103.5,0.0,0.0,0.0,1,20.0,0.0,0,103.5,0.0,0.0,0.0,0.0,0.0,12
2023-05-10 13:39:01,l2401-C-8500,l2401-C-8500,103.5,0.0,0.0,0.0,10,20.5,0.0,0,103.5,0.0,0.0,0.0,0.0,0.0,12
2023-05-10 13:39:04,l2401-C-8500,l2401-C-8500,103.5,0.0,0.0,0.0,1,21.0,0.0,0,103.5,0.0,0.0,0.0,0.0,0.0,12
2023-05-10 13:39:04,l2401-C-8500,l2401-C-8500,103.5,0.0,0.0,0.0,10,21.5,0.0,0,103.5,0.0,0.0,0.0,0.0,0.0,12
2023-05-10 13:39:06,l2401-C-8500,l2401-C-8500,103.5,0.0,0.0,0.0,1,22.0,0.0,0,103.5,0.0,0.0,0.0,0.0,0.0,12
2023-05-10 13:39:06,l2401-C-8500,l2401-C-8500,103.5,0.0,0.0,0.0,10,22.5,0.0,0,103.5,0.0,0.0,0.0,0.0,0.0,12
2023-05-10 13:39:09,l2401-C-8500,l2401-C-8500,103.5,0.0,0.0,0.0,1,23.0,0.0,0,103.5,0.0,0.0,0.0,0.0,0.0,12
2023-05-10 13:39:09,l2401-C-8500,l2401-C-8500,103.5,0.0,0.0,0.0,10,23.5,0.0,0,103.5,0.0,0.0,0.0,0.0,0.0,12
2023-05-10 13:39:11,l2401-C-8500,l2401-C-8500,103.5,0.0,0.0,0.0,1,24.0,0.0,0,103.5,0.0,0.0,0.0,0.0,0.0,12
2023-05-10 13:39:11,l2401-C-8500,l2401-C-8500,103.5,0.0,0.0,0.0,10,24.5,0.0,0,103.5,0.0,0.0,0.0,0.0,0.0,12
2023-05-10 13:39:13,l2401-C-8500,l2401-C-8500,103.5,0.0,0.0,0.0,1,25.0,0.0,0,103.5,0.0,0.0,0.0,0.0,0.0,12
2023-05-10 13:39:13,l2401-C-8500,l2401-C-8500,103.5,0.0,0.0,0.0,10,25.5,0.0,0,103.5,0.0,0.0,0.0,0.0,0.0,12
2023-05-10 13:39:15,l2401-C-8500,l2401-C-8500,103.5,0.0,0.0,0.0,1,26.0,0.0,0,103.5,0.0,0.0,0.0,0.0,0.0,12
2023-05-10 13:39:15,l2401-C-8500,l2401-C-8500,103.5,0.0,0.0,0.0,10,26.5,0.0,0,103.5,0.0,0.0,0.0,0.0,0.0,12
2023-05-10 13:39:17,l2401-C-8500,l2401-C-8500,103.5,0.0,0.0,0.0,1,27.0,0.0,0,103.5,0.0,0.0,0.0,0.0,0.0,12
2023-05-10 13:39:17,l2401-C-8500,l2401-C-8500,103.5,0.0,0.0,0.0,10,27.5,0.0,0,103.5,0.0,0.0,0.0,0.0,0.0,12
2023-05-10 13:39:19,l2401-C-8500,l2401-C-8500,103.5,0.0,0.0,0.0,1,28.0,0.0,0,103.5,0.0,0.0,0.0,0.0,0.0,12
2023-05-10 13:39:19,l2401-C-8500,l2401-C-8500,103.5,0.0,0.0,0.0,10,28.5,0.0,0,103.5,0.0,0.0,0.0,0.0,0.0,12
2023-05-10 13:39:20,l2401-C-8500,l2401-C-8500,103.5,0.0,0.0,0.0,1,29.0,0.0,0,103.5,0.0,0.0,0.0,0.0,0.0,12
2023-05-10 13:39:20,l2401-C-8500,l2401-C-8500,103.5,0.0,0.0,0.0,10,29.5,0.0,0,103.5,0.0,0.0,0.0,0.0,0.0,12
2023-05-10 13:39:22,l2401-C-8500,l2401-C-8500,103.5,0.0,0.0,0.0,1,30.0,0.0,0,103.5,0.0,0.0,0.0,0.0,0.0,12
2023-05-10 13:39:22,l2401-C-8500,l2401-C-8500,103.5,0.0,0.0,0.0,10,30.5,0.0,0,103.5,0.0,0.0,0.0,0.0,0.0,12
2023-05-10 13:39:24,l2401-C-8500,l2401-C-8500,103.5,0.0,0.0,0.0,1,31.0,0.0,0,103.5,0.0,0.0,0.0,0.0,0.0,12
2023-05-10 13:39:24,l2401-C-8500,l2401-C-8500,103.5,0.0,0.0,0.0,10,31.5,0.0,0,103.5,0.0,0.0,0.0,0.0,0.0,12
2023-05-10 13:39:26,l2401-C-8500,l2401-C-8500,103.5,0.0,0.0,0.0,1,32.0,0.0,0,103.5,0.0,0.0,0.0,0.0,0.0,12
2023-05-10 13:39:26,l2401-C-8500,l2401-C-8500,103.5,0.0,0.0,0.0,10,32.5,0.0,0,103.5,0.0,0.0,0.0,0.0,0.0,12
2023-05-10 13:39:28,l2401-C-8500,l2401-C-8500,103.5,0.0,0.0,0.0,1,33.0,0.0,0,103.5,0.0,0.0,0.0,0.0,0.0,12
2023-05-10 13:39:28,l2401-C-8500,l2401-C-8500,103.5,0.0,0.0,0.0,10,33.5,0.0,0,103.5,0.0,0.0,0.0,0.0,0.0,12
2023-05-10 13:39:29,l2401-C-8500,l2401-C-8500,103.5,0.0,0.0,0.0,1,34.0,0.0,0,103.5,0.0,0.0,0.0,0.0,0.0,12
2023-05-10 13:39:29,l2401-C-8500,l2401-C-8500,103.5,0.0,0.0,0.0,10,34.5,0.0,0,103.5,0.0,0.0,0.0,0.0,0.0,12
2023-05-10 13:39:31,l2401-C-8500,l2401-C-8500,103.5,0.0,0.0,0.0,1,35.0,0.0,0,103.5,0.0,0.0,0.0,0.0,0.0,12
2023-05-10 13:39:31,l2401-C-8500,l2401-C-8500,103.5,0.0,0.0,0.0,10,35.5,0.0,0,103.5,0.0,0.0,0.0,0.0,0.0,12
2023-05-10 13:39:33,l2401-C-8500,l2401-C-8500,103.5,0.0,0.0,0.0,1,36.0,0.0,0,103.5,0.0,0.0,0.0,0.0,0.0,12
2023-05-10 13:39:33,l2401-C-8500,l2401-C-8500,103.5,0.0,0.0,0.0,10,36.5,0.0,0,103.5,0.0,0.0,0.0,0.0,0.0,12
2023-05-10 13:39:35,l2401-C-8500,l2401-C-8500,103.5,0.0,0.0,0.0,1,37.0,0.0,0,103.5,0.0,0.0,0.0,0.0,0.0,12
2023-05-10 13:39:35,l2401-C-8500,l2401-C-8500,103.5,0.0,0.0,0.0,10,37.5,0.0,0,103.5,0.0,0.0,0.0,0.0,0.0,12
2023-05-10 13:39:36,l2401-C-8500,l2401-C-8500,103.5,0.0,0.0,0.0,1,38.0,0.0,0,103.5,0.0,0.0,0.0,0.0,0.0,12
2023-05-10 13:39:36,l2401-C-8500,l2401-C-8500,103.5,0.0,0.0,0.0,10,38.5,0.0,0,103.5,0.0,0.0,0.0,0.0,0.0,12
2023-05-10 13:39:38,l2401-C-8500,l2401-C-8500,103.5,0.0,0.0,0.0,1,39.0,0.0,0,103.5,0.0,0.0,0.0,0.0,0.0,12
2023-05-10 13:39:38,l2401-C-8500,l2401-C-8500,103.5,0.0,0.0,0.0,10,39.5,0.0,0,103.5,0.0,0.0,0.0,0.0,0.0,12
2023-05-10 13:39:40,l2401-C-8500,l2401-C-8500,103.5,0.0,0.0,0.0,1,40.0,0.0,0,103.5,0.0,0.0,0.0,0.0,0.0,12
2023-05-10 13:39:40,l2401-C-8500,l2401-C-8500,103.5,0.0,0.0,0.0,10,40.5,0.0,0,103.5,0.0,0.0,0.0,0.0,0.0,12
2023-05-10 13:39:41,l2401-C-8500,l2401-C-8500,103.5,0.0,0.0,0.0,1,41.0,0.0,0,103.5,0.0,0.0,0.0,0.0,0.0,12
2023-05-10 13:39:41,l2401-C-8500,l2401-C-8500,103.5,0.0,0.0,0.0,10,41.5,0.0,0,103.5,0.0,0.0,0.0,0.0,0.0,12
2023-05-10 13:39:48,l2401-C-8500,l2401-C-8500,103.5,0.0,0.0,0.0,1,42.0,0.0,0,103.5,0.0,0.0,0.0,0.0,0.0,12
2023-05-10 13:39:48,l2401-C-8500,l2401-C-8500,103.5,0.0,0.0,0.0,10,42.5,0.0,0,103.5,0.0,0.0,0.0,0.0,0.0,12
2023-05-10 13:39:50,l2401-C-8500,l2401-C-8500,103.5,0.0,0.0,0.0,1,43.0,0.0,0,103.5,0.0,0.0,0.0,0.0,0.0,12
2023-05-10 13:39:50,l2401-C-8500,l2401-C-8500,103.5,0.0,0.0,0.0,10,43.5,0.0,0,103.5,0.0,0.0,0.0,0.0,0.0,12
2023-05-10 13:39:53,l2401-C-8500,l2401-C-8500,103.5,0.0,0.0,0.0,1,44.0,0.0,0,103.5,0.0,0.0,0.0,0.0,0.0,12
2023-05-10 13:39:53,l2401-C-8500,l2401-C-8500,103.5,0.0,0.0,0.0,10,44.5,0.0,0,103.5,0.0,0.0,0.0,0.0,0.0,12
2023-05-10 13:39:55,l2401-C-8500,l2401-C-8500,103.5,0.0,0.0,0.0,1,45.0,0.0,0,103.5,0.0,0.0,0.0,0.0,0.0,12
2023-05-10 13:39:55,l2401-C-8500,l2401-C-8500,103.5,0.0,0.0,0.0,10,45.5,0.0,0,103.5,0.0,0.0,0.0,0.0,0.0,12
2023-05-10 13:39:57,l2401-C-8500,l2401-C-8500,103.5,0.0,0.0,0.0,1,46.0,0.0,0,103.5,0.0,0.0,0.0,0.0,0.0,12
2023-05-10 13:39:57,l2401-C-8500,l2401-C-8500,103.5,0.0,0.0,0.0,10,46.5,0.0,0,103.5,0.0,0.0,0.0,0.0,0.0,12
2023-05-10 13:39:58,l2401-C-8500,l2401-C-8500,103.5,0.0,0.0,0.0,1,47.0,0.0,0,103.5,0.0,0.0,0.0,0.0,0.0,12
2023-05-10 13:39:58,l2401-C-8500,l2401-C-8500,103.5,0.0,0.0,0.0,10,47.5,0.0,0,103.5,0.0,0.0,0.0,0.0,0.0,12
2023-05-10 13:39:59,l2401-C-8500,l2401-C-8500,103.5,0.0,0.0,0.0,1,48.0,0.0,0,103.5,0.0,0.0,0.0,0.0,0.0,12
2023-05-10 13:39:59,l2401-C-8500,l2401-C-8500,103.5,0.0,0.0,0.0,10,48.5,0.0,0,103.5,0.0,0.0,0.0,0.0,0.0,12
2023-05-10 13:40:00,l2401-C-8500,l2401-C-8500,103.5,0.0,0.0,0.0,1,49.0,0.0,0,103.5,0.0,0.0,0.0,0.0,0.0,12
2023-05-10 13:40:00,l2401-C-8500,l2401-C-8500,103.5,0.0,0.0,0.0,10,49.5,0.0,0,103.5,0.0,0.0,0.0,0.0,0.0,12
2023-05-10 13:44:07,l2401-C-8500,l2401-C-8500,103.5,0.0,0.0,0.0,1,50.0,0.0,0,103.5,0.0,0.0,0.0,0.0,0.0,12
2023-05-10 13:44:07,l2401-C-8500,l2401-C-8500,103.5,0.0,0.0,0.0,10,50.5,0.0,0,103.5,0.0,0.0,0.0,0.0,0.0,12
2023-05-10 13:46:29,l2401-C-8500,l2401-C-8500,103.5,0.0,0.0,0.0,1,57.0,0.0,0,103.5,0.0,0.0,0.0,0.0,0.0,12
2023-05-10 13:46:29,l2401-C-8500,l2401-C-8500,103.5,0.0,0.0,0.0,10,57.5,0.0,0,103.5,0.0,0.0,0.0,0.0,0.0,12
2023-05-10 13:46:30,l2401-C-8500,l2401-C-8500,103.5,0.0,0.0,0.0,1,64.0,0.0,0,103.5,0.0,0.0,0.0,0.0,0.0,12
2023-05-10 13:46:30,l2401-C-8500,l2401-C-8500,103.5,0.0,0.0,0.0,10,64.5,0.0,0,103.5,0.0,0.0,0.0,0.0,0.0,12
2023-05-10 13:46:32,l2401-C-8500,l2401-C-8500,103.5,0.0,0.0,0.0,1,68.0,0.0,0,103.5,0.0,0.0,0.0,0.0,0.0,12
2023-05-10 13:46:32,l2401-C-8500,l2401-C-8500,103.5,0.0,0.0,0.0,10,68.5,0.0,0,103.5,0.0,0.0,0.0,0.0,0.0,12
2023-05-10 13:46:33,l2401-C-8500,l2401-C-8500,103.5,0.0,0.0,0.0,1,69.0,0.0,0,103.5,0.0,0.0,0.0,0.0,0.0,12
2023-05-10 13:46:33,l2401-C-8500,l2401-C-8500,103.5,0.0,0.0,0.0,11,69.0,0.0,0,103.5,0.0,0.0,0.0,0.0,0.0,12
2023-05-10 13:46:46,l2401-C-8500,l2401-C-8500,103.5,0.0,0.0,0.0,10,69.0,0.0,0,103.5,0.0,0.0,0.0,0.0,0.0,12
2023-05-10 13:48:45,l2401-C-8500,l2401-C-8500,103.5,0.0,0.0,0.0,10,9.5,0.0,0,103.5,0.0,0.0,0.0,0.0,0.0,12
2023-05-10 13:48:46,l2401-C-8500,l2401-C-8500,103.5,0.0,0.0,0.0,1,16.0,0.0,0,103.5,0.0,0.0,0.0,0.0,0.0,12
2023-05-10 13:48:46,l2401-C-8500,l2401-C-8500,103.5,0.0,0.0,0.0,10,16.5,0.0,0,103.5,0.0,0.0,0.0,0.0,0.0,12
2023-05-10 13:48:47,l2401-C-8500,l2401-C-8500,103.5,0.0,0.0,0.0,1,23.0,0.0,0,103.5,0.0,0.0,0.0,0.0,0.0,12
2023-05-10 13:48:47,l2401-C-8500,l2401-C-8500,103.5,0.0,0.0,0.0,10,23.5,0.0,0,103.5,0.0,0.0,0.0,0.0,0.0,12
2023-05-10 13:48:48,l2401-C-8500,l2401-C-8500,103.5,0.0,0.0,0.0,1,27.0,0.0,0,103.5,0.0,0.0,0.0,0.0,0.0,12
2023-05-10 13:48:48,l2401-C-8500,l2401-C-8500,103.5,0.0,0.0,0.0,10,27.5,0.0,0,103.5,0.0,0.0,0.0,0.0,0.0,12
2023-05-10 13:48:49,l2401-C-8500,l2401-C-8500,103.5,0.0,0.0,0.0,1,31.0,0.0,0,103.5,0.0,0.0,0.0,0.0,0.0,12
2023-05-10 13:48:49,l2401-C-8500,l2401-C-8500,103.5,0.0,0.0,0.0,10,31.5,0.0,0,103.5,0.0,0.0,0.0,0.0,0.0,12
2023-05-10 13:48:50,l2401-C-8500,l2401-C-8500,103.5,0.0,0.0,0.0,1,32.0,0.0,0,103.5,0.0,0.0,0.0,0.0,0.0,12
2023-05-10 13:48:50,l2401-C-8500,l2401-C-8500,103.5,0.0,0.0,0.0,10,32.5,0.0,0,103.5,0.0,0.0,0.0,0.0,0.0,12
2023-05-10 13:48:51,l2401-C-8500,l2401-C-8500,103.5,0.0,0.0,0.0,1,33.0,0.0,0,103.5,0.0,0.0,0.0,0.0,0.0,12
2023-05-10 13:48:51,l2401-C-8500,l2401-C-8500,103.5,0.0,0.0,0.0,10,33.5,0.0,0,103.5,0.0,0.0,0.0,0.0,0.0,12
2023-05-10 13:48:52,l2401-C-8500,l2401-C-8500,103.5,0.0,0.0,0.0,1,34.0,0.0,0,103.5,0.0,0.0,0.0,0.0,0.0,12
2023-05-10 13:48:52,l2401-C-8500,l2401-C-8500,103.5,0.0,0.0,0.0,10,34.5,0.0,0,103.5,0.0,0.0,0.0,0.0,0.0,12
2023-05-10 14:59:01,l2401-C-8500,l2401-C-8500,103.5,0.0,0.0,0.0,1,9.0,0.0,0,103.5,0.0,0.0,0.0,0.0,0.0,12
2023-05-10 14:59:09,l2401-C-8500,l2401-C-8500,103.5,0.0,0.0,0.0,1,15.5,0.0,0,103.5,0.0,0.0,0.0,0.0,0.0,12
2023-05-10 15:01:14,l2401-C-8500,l2401-C-8500,103.5,0.0,0.0,0.0,1,15.5,0.0,0,103.5,0.0,0.0,0.0,0.0,0.0,12
