time,symbol_id,symbol_name,last,trade_volume,trade_amount,open_interest_change,bv1,bp1,ap1,av1,yesterday_close,today_open,today_high,today_low,volume,amount,open_interest
2023-05-09 21:00:22,l2404-C-7900,l2404-C-7900,332.0,0.0,0.0,0.0,1,38.0,0.0,0,332.0,0.0,0.0,0.0,0.0,0.0,0
2023-05-09 21:01:11,l2404-C-7900,l2404-C-7900,332.0,0.0,0.0,0.0,1,38.5,0.0,0,332.0,0.0,0.0,0.0,0.0,0.0,0
2023-05-09 21:01:27,l2404-C-7900,l2404-C-7900,332.0,0.0,0.0,0.0,1,39.0,0.0,0,332.0,0.0,0.0,0.0,0.0,0.0,0
2023-05-09 21:03:06,l2404-C-7900,l2404-C-7900,332.0,0.0,0.0,0.0,1,39.5,0.0,0,332.0,0.0,0.0,0.0,0.0,0.0,0
2023-05-09 21:31:27,l2404-C-7900,l2404-C-7900,332.0,0.0,0.0,0.0,1,40.0,0.0,0,332.0,0.0,0.0,0.0,0.0,0.0,0
2023-05-09 21:31:28,l2404-C-7900,l2404-C-7900,332.0,0.0,0.0,0.0,1,40.5,0.0,0,332.0,0.0,0.0,0.0,0.0,0.0,0
2023-05-09 22:01:27,l2404-C-7900,l2404-C-7900,332.0,0.0,0.0,0.0,1,41.0,0.0,0,332.0,0.0,0.0,0.0,0.0,0.0,0
2023-05-09 22:01:28,l2404-C-7900,l2404-C-7900,332.0,0.0,0.0,0.0,1,41.5,0.0,0,332.0,0.0,0.0,0.0,0.0,0.0,0
2023-05-09 22:31:27,l2404-C-7900,l2404-C-7900,332.0,0.0,0.0,0.0,1,42.0,0.0,0,332.0,0.0,0.0,0.0,0.0,0.0,0
2023-05-09 22:31:28,l2404-C-7900,l2404-C-7900,332.0,0.0,0.0,0.0,1,42.5,0.0,0,332.0,0.0,0.0,0.0,0.0,0.0,0
2023-05-09 22:57:40,l2404-C-7900,l2404-C-7900,332.0,0.0,0.0,0.0,1,42.0,0.0,0,332.0,0.0,0.0,0.0,0.0,0.0,0
2023-05-10 09:00:28,l2404-C-7900,l2404-C-7900,332.0,0.0,0.0,0.0,1,44.5,0.0,0,332.0,0.0,0.0,0.0,0.0,0.0,0
2023-05-10 09:01:35,l2404-C-7900,l2404-C-7900,332.0,0.0,0.0,0.0,1,45.0,0.0,0,332.0,0.0,0.0,0.0,0.0,0.0,0
2023-05-10 09:02:10,l2404-C-7900,l2404-C-7900,332.0,0.0,0.0,0.0,1,45.5,0.0,0,332.0,0.0,0.0,0.0,0.0,0.0,0
2023-05-10 09:20:07,l2404-C-7900,l2404-C-7900,332.0,0.0,0.0,0.0,5,318.0,349.0,5,332.0,0.0,0.0,0.0,0.0,0.0,0
2023-05-10 09:20:08,l2404-C-7900,l2404-C-7900,332.0,0.0,0.0,0.0,7,318.0,349.0,7,332.0,0.0,0.0,0.0,0.0,0.0,0
2023-05-10 09:20:18,l2404-C-7900,l2404-C-7900,332.0,0.0,0.0,0.0,1,318.0,349.0,1,332.0,0.0,0.0,0.0,0.0,0.0,0
2023-05-10 09:20:19,l2404-C-7900,l2404-C-7900,332.0,0.0,0.0,0.0,1,45.0,0.0,0,332.0,0.0,0.0,0.0,0.0,0.0,0
2023-05-10 09:20:19,l2404-C-7900,l2404-C-7900,332.0,0.0,0.0,0.0,1,51.5,0.0,0,332.0,0.0,0.0,0.0,0.0,0.0,0
2023-05-10 09:42:25,l2404-C-7900,l2404-C-7900,332.0,0.0,0.0,0.0,1,52.0,0.0,0,332.0,0.0,0.0,0.0,0.0,0.0,0
2023-05-10 09:42:26,l2404-C-7900,l2404-C-7900,332.0,0.0,0.0,0.0,1,52.5,0.0,0,332.0,0.0,0.0,0.0,0.0,0.0,0
2023-05-10 10:12:32,l2404-C-7900,l2404-C-7900,332.0,0.0,0.0,0.0,1,52.0,0.0,0,332.0,0.0,0.0,0.0,0.0,0.0,0
2023-05-10 10:30:19,l2404-C-7900,l2404-C-7900,332.0,0.0,0.0,0.0,1,52.5,0.0,0,332.0,0.0,0.0,0.0,0.0,0.0,0
2023-05-10 11:00:20,l2404-C-7900,l2404-C-7900,332.0,0.0,0.0,0.0,1,53.0,0.0,0,332.0,0.0,0.0,0.0,0.0,0.0,0
2023-05-10 11:00:21,l2404-C-7900,l2404-C-7900,332.0,0.0,0.0,0.0,1,53.5,0.0,0,332.0,0.0,0.0,0.0,0.0,0.0,0
2023-05-10 11:27:32,l2404-C-7900,l2404-C-7900,332.0,0.0,0.0,0.0,1,53.0,0.0,0,332.0,0.0,0.0,0.0,0.0,0.0,0
2023-05-10 11:29:48,l2404-C-7900,l2404-C-7900,332.0,0.0,0.0,0.0,1,44.5,0.0,0,332.0,0.0,0.0,0.0,0.0,0.0,0
2023-05-10 13:30:59,l2404-C-7900,l2404-C-7900,332.0,0.0,0.0,0.0,1,45.0,0.0,0,332.0,0.0,0.0,0.0,0.0,0.0,0
2023-05-10 13:31:15,l2404-C-7900,l2404-C-7900,332.0,0.0,0.0,0.0,1,45.5,0.0,0,332.0,0.0,0.0,0.0,0.0,0.0,0
2023-05-10 14:01:28,l2404-C-7900,l2404-C-7900,332.0,0.0,0.0,0.0,1,46.0,0.0,0,332.0,0.0,0.0,0.0,0.0,0.0,0
2023-05-10 14:01:28,l2404-C-7900,l2404-C-7900,332.0,0.0,0.0,0.0,1,46.5,0.0,0,332.0,0.0,0.0,0.0,0.0,0.0,0
2023-05-10 14:40:19,l2404-C-7900,l2404-C-7900,332.0,0.0,0.0,0.0,1,47.0,0.0,0,332.0,0.0,0.0,0.0,0.0,0.0,0
2023-05-10 14:40:23,l2404-C-7900,l2404-C-7900,332.0,0.0,0.0,0.0,1,47.5,0.0,0,332.0,0.0,0.0,0.0,0.0,0.0,0
2023-05-10 15:01:14,l2404-C-7900,l2404-C-7900,332.0,0.0,0.0,0.0,1,47.5,0.0,0,332.0,0.0,0.0,0.0,0.0,0.0,0
