time,symbol_id,symbol_name,last,trade_volume,trade_amount,open_interest_change,bv1,bp1,ap1,av1,yesterday_close,today_open,today_high,today_low,volume,amount,open_interest
2023-05-09 20:56:27,l2401-C-7900,l2401-C-7900,286.0,0.0,0.0,0.0,1,1.5,0.0,0,286.0,0.0,0.0,0.0,0.0,0.0,4
2023-05-09 21:00:19,l2401-C-7900,l2401-C-7900,286.0,0.0,0.0,0.0,10,2.0,0.0,0,286.0,0.0,0.0,0.0,0.0,0.0,4
2023-05-09 21:01:24,l2401-C-7900,l2401-C-7900,286.0,0.0,0.0,0.0,1,2.5,0.0,0,286.0,0.0,0.0,0.0,0.0,0.0,4
2023-05-09 21:01:24,l2401-C-7900,l2401-C-7900,286.0,0.0,0.0,0.0,10,3.0,0.0,0,286.0,0.0,0.0,0.0,0.0,0.0,4
2023-05-09 21:01:32,l2401-C-7900,l2401-C-7900,286.0,0.0,0.0,0.0,1,9.5,0.0,0,286.0,0.0,0.0,0.0,0.0,0.0,4
2023-05-09 21:01:32,l2401-C-7900,l2401-C-7900,286.0,0.0,0.0,0.0,10,10.0,0.0,0,286.0,0.0,0.0,0.0,0.0,0.0,4
2023-05-09 21:02:25,l2401-C-7900,l2401-C-7900,286.0,0.0,0.0,0.0,1,10.5,0.0,0,286.0,0.0,0.0,0.0,0.0,0.0,4
2023-05-09 21:02:25,l2401-C-7900,l2401-C-7900,286.0,0.0,0.0,0.0,10,11.0,0.0,0,286.0,0.0,0.0,0.0,0.0,0.0,4
2023-05-09 21:03:00,l2401-C-7900,l2401-C-7900,286.0,0.0,0.0,0.0,1,11.5,0.0,0,286.0,0.0,0.0,0.0,0.0,0.0,4
2023-05-09 21:03:00,l2401-C-7900,l2401-C-7900,286.0,0.0,0.0,0.0,10,12.0,0.0,0,286.0,0.0,0.0,0.0,0.0,0.0,4
2023-05-09 21:03:04,l2401-C-7900,l2401-C-7900,286.0,0.0,0.0,0.0,1,12.5,0.0,0,286.0,0.0,0.0,0.0,0.0,0.0,4
2023-05-09 21:03:04,l2401-C-7900,l2401-C-7900,286.0,0.0,0.0,0.0,10,13.0,0.0,0,286.0,0.0,0.0,0.0,0.0,0.0,4
2023-05-09 21:03:27,l2401-C-7900,l2401-C-7900,286.0,0.0,0.0,0.0,1,13.5,0.0,0,286.0,0.0,0.0,0.0,0.0,0.0,4
2023-05-09 21:03:27,l2401-C-7900,l2401-C-7900,286.0,0.0,0.0,0.0,10,14.0,0.0,0,286.0,0.0,0.0,0.0,0.0,0.0,4
2023-05-09 21:03:31,l2401-C-7900,l2401-C-7900,286.0,0.0,0.0,0.0,1,14.5,0.0,0,286.0,0.0,0.0,0.0,0.0,0.0,4
2023-05-09 21:03:31,l2401-C-7900,l2401-C-7900,286.0,0.0,0.0,0.0,10,15.0,0.0,0,286.0,0.0,0.0,0.0,0.0,0.0,4
2023-05-09 21:03:34,l2401-C-7900,l2401-C-7900,286.0,0.0,0.0,0.0,1,15.5,0.0,0,286.0,0.0,0.0,0.0,0.0,0.0,4
2023-05-09 21:03:34,l2401-C-7900,l2401-C-7900,286.0,0.0,0.0,0.0,10,16.0,0.0,0,286.0,0.0,0.0,0.0,0.0,0.0,4
2023-05-09 21:03:37,l2401-C-7900,l2401-C-7900,286.0,0.0,0.0,0.0,1,16.5,0.0,0,286.0,0.0,0.0,0.0,0.0,0.0,4
2023-05-09 21:03:37,l2401-C-7900,l2401-C-7900,286.0,0.0,0.0,0.0,10,17.0,0.0,0,286.0,0.0,0.0,0.0,0.0,0.0,4
2023-05-09 21:03:41,l2401-C-7900,l2401-C-7900,286.0,0.0,0.0,0.0,1,17.5,0.0,0,286.0,0.0,0.0,0.0,0.0,0.0,4
2023-05-09 21:03:41,l2401-C-7900,l2401-C-7900,286.0,0.0,0.0,0.0,10,18.0,0.0,0,286.0,0.0,0.0,0.0,0.0,0.0,4
2023-05-09 21:03:56,l2401-C-7900,l2401-C-7900,286.0,0.0,0.0,0.0,1,18.5,0.0,0,286.0,0.0,0.0,0.0,0.0,0.0,4
2023-05-09 21:03:56,l2401-C-7900,l2401-C-7900,286.0,0.0,0.0,0.0,10,19.0,0.0,0,286.0,0.0,0.0,0.0,0.0,0.0,4
2023-05-09 21:04:08,l2401-C-7900,l2401-C-7900,286.0,0.0,0.0,0.0,1,19.5,0.0,0,286.0,0.0,0.0,0.0,0.0,0.0,4
2023-05-09 21:04:08,l2401-C-7900,l2401-C-7900,286.0,0.0,0.0,0.0,10,20.0,0.0,0,286.0,0.0,0.0,0.0,0.0,0.0,4
2023-05-09 21:04:17,l2401-C-7900,l2401-C-7900,286.0,0.0,0.0,0.0,1,20.5,0.0,0,286.0,0.0,0.0,0.0,0.0,0.0,4
2023-05-09 21:04:17,l2401-C-7900,l2401-C-7900,286.0,0.0,0.0,0.0,10,21.0,0.0,0,286.0,0.0,0.0,0.0,0.0,0.0,4
2023-05-09 21:04:23,l2401-C-7900,l2401-C-7900,286.0,0.0,0.0,0.0,1,21.5,0.0,0,286.0,0.0,0.0,0.0,0.0,0.0,4
2023-05-09 21:04:23,l2401-C-7900,l2401-C-7900,286.0,0.0,0.0,0.0,10,22.0,0.0,0,286.0,0.0,0.0,0.0,0.0,0.0,4
2023-05-09 21:04:26,l2401-C-7900,l2401-C-7900,286.0,0.0,0.0,0.0,1,22.5,0.0,0,286.0,0.0,0.0,0.0,0.0,0.0,4
2023-05-09 21:04:26,l2401-C-7900,l2401-C-7900,286.0,0.0,0.0,0.0,10,23.0,0.0,0,286.0,0.0,0.0,0.0,0.0,0.0,4
2023-05-09 21:04:28,l2401-C-7900,l2401-C-7900,286.0,0.0,0.0,0.0,1,23.5,0.0,0,286.0,0.0,0.0,0.0,0.0,0.0,4
2023-05-09 21:04:28,l2401-C-7900,l2401-C-7900,286.0,0.0,0.0,0.0,10,24.0,0.0,0,286.0,0.0,0.0,0.0,0.0,0.0,4
2023-05-09 21:04:30,l2401-C-7900,l2401-C-7900,286.0,0.0,0.0,0.0,1,24.5,0.0,0,286.0,0.0,0.0,0.0,0.0,0.0,4
2023-05-09 21:04:30,l2401-C-7900,l2401-C-7900,286.0,0.0,0.0,0.0,10,25.0,0.0,0,286.0,0.0,0.0,0.0,0.0,0.0,4
2023-05-09 21:04:32,l2401-C-7900,l2401-C-7900,286.0,0.0,0.0,0.0,1,25.5,0.0,0,286.0,0.0,0.0,0.0,0.0,0.0,4
2023-05-09 21:04:32,l2401-C-7900,l2401-C-7900,286.0,0.0,0.0,0.0,10,26.0,0.0,0,286.0,0.0,0.0,0.0,0.0,0.0,4
2023-05-09 21:05:00,l2401-C-7900,l2401-C-7900,286.0,0.0,0.0,0.0,1,26.5,0.0,0,286.0,0.0,0.0,0.0,0.0,0.0,4
2023-05-09 21:05:00,l2401-C-7900,l2401-C-7900,286.0,0.0,0.0,0.0,10,27.0,0.0,0,286.0,0.0,0.0,0.0,0.0,0.0,4
2023-05-09 21:05:25,l2401-C-7900,l2401-C-7900,286.0,0.0,0.0,0.0,1,27.5,0.0,0,286.0,0.0,0.0,0.0,0.0,0.0,4
2023-05-09 21:05:25,l2401-C-7900,l2401-C-7900,286.0,0.0,0.0,0.0,10,28.0,0.0,0,286.0,0.0,0.0,0.0,0.0,0.0,4
2023-05-09 21:05:29,l2401-C-7900,l2401-C-7900,286.0,0.0,0.0,0.0,1,28.5,0.0,0,286.0,0.0,0.0,0.0,0.0,0.0,4
2023-05-09 21:05:29,l2401-C-7900,l2401-C-7900,286.0,0.0,0.0,0.0,10,29.0,0.0,0,286.0,0.0,0.0,0.0,0.0,0.0,4
2023-05-09 21:05:34,l2401-C-7900,l2401-C-7900,286.0,0.0,0.0,0.0,1,29.5,0.0,0,286.0,0.0,0.0,0.0,0.0,0.0,4
2023-05-09 21:05:34,l2401-C-7900,l2401-C-7900,286.0,0.0,0.0,0.0,10,30.0,0.0,0,286.0,0.0,0.0,0.0,0.0,0.0,4
2023-05-09 21:05:45,l2401-C-7900,l2401-C-7900,286.0,0.0,0.0,0.0,1,30.5,0.0,0,286.0,0.0,0.0,0.0,0.0,0.0,4
2023-05-09 21:05:45,l2401-C-7900,l2401-C-7900,286.0,0.0,0.0,0.0,10,31.0,0.0,0,286.0,0.0,0.0,0.0,0.0,0.0,4
2023-05-09 21:05:49,l2401-C-7900,l2401-C-7900,286.0,0.0,0.0,0.0,1,31.5,0.0,0,286.0,0.0,0.0,0.0,0.0,0.0,4
2023-05-09 21:05:49,l2401-C-7900,l2401-C-7900,286.0,0.0,0.0,0.0,10,32.0,0.0,0,286.0,0.0,0.0,0.0,0.0,0.0,4
2023-05-09 21:05:54,l2401-C-7900,l2401-C-7900,286.0,0.0,0.0,0.0,1,32.5,0.0,0,286.0,0.0,0.0,0.0,0.0,0.0,4
2023-05-09 21:05:54,l2401-C-7900,l2401-C-7900,286.0,0.0,0.0,0.0,10,33.0,0.0,0,286.0,0.0,0.0,0.0,0.0,0.0,4
2023-05-09 21:06:01,l2401-C-7900,l2401-C-7900,286.0,0.0,0.0,0.0,1,33.5,0.0,0,286.0,0.0,0.0,0.0,0.0,0.0,4
2023-05-09 21:06:01,l2401-C-7900,l2401-C-7900,286.0,0.0,0.0,0.0,10,34.0,0.0,0,286.0,0.0,0.0,0.0,0.0,0.0,4
2023-05-09 21:06:08,l2401-C-7900,l2401-C-7900,286.0,0.0,0.0,0.0,1,34.5,0.0,0,286.0,0.0,0.0,0.0,0.0,0.0,4
2023-05-09 21:06:08,l2401-C-7900,l2401-C-7900,286.0,0.0,0.0,0.0,10,35.0,0.0,0,286.0,0.0,0.0,0.0,0.0,0.0,4
2023-05-09 21:06:11,l2401-C-7900,l2401-C-7900,286.0,0.0,0.0,0.0,1,41.5,0.0,0,286.0,0.0,0.0,0.0,0.0,0.0,4
2023-05-09 21:06:11,l2401-C-7900,l2401-C-7900,286.0,0.0,0.0,0.0,10,42.0,0.0,0,286.0,0.0,0.0,0.0,0.0,0.0,4
2023-05-09 21:06:15,l2401-C-7900,l2401-C-7900,286.0,0.0,0.0,0.0,1,42.5,0.0,0,286.0,0.0,0.0,0.0,0.0,0.0,4
2023-05-09 21:06:15,l2401-C-7900,l2401-C-7900,286.0,0.0,0.0,0.0,10,43.0,0.0,0,286.0,0.0,0.0,0.0,0.0,0.0,4
2023-05-09 21:06:18,l2401-C-7900,l2401-C-7900,286.0,0.0,0.0,0.0,1,43.5,0.0,0,286.0,0.0,0.0,0.0,0.0,0.0,4
2023-05-09 21:06:18,l2401-C-7900,l2401-C-7900,286.0,0.0,0.0,0.0,10,44.0,0.0,0,286.0,0.0,0.0,0.0,0.0,0.0,4
2023-05-09 21:06:22,l2401-C-7900,l2401-C-7900,286.0,0.0,0.0,0.0,1,44.5,0.0,0,286.0,0.0,0.0,0.0,0.0,0.0,4
2023-05-09 21:06:22,l2401-C-7900,l2401-C-7900,286.0,0.0,0.0,0.0,10,45.0,0.0,0,286.0,0.0,0.0,0.0,0.0,0.0,4
2023-05-09 21:06:30,l2401-C-7900,l2401-C-7900,286.0,0.0,0.0,0.0,1,45.5,0.0,0,286.0,0.0,0.0,0.0,0.0,0.0,4
2023-05-09 21:06:30,l2401-C-7900,l2401-C-7900,286.0,0.0,0.0,0.0,10,46.0,0.0,0,286.0,0.0,0.0,0.0,0.0,0.0,4
2023-05-09 21:06:36,l2401-C-7900,l2401-C-7900,286.0,0.0,0.0,0.0,1,46.5,0.0,0,286.0,0.0,0.0,0.0,0.0,0.0,4
2023-05-09 21:06:36,l2401-C-7900,l2401-C-7900,286.0,0.0,0.0,0.0,10,47.0,0.0,0,286.0,0.0,0.0,0.0,0.0,0.0,4
2023-05-09 21:06:42,l2401-C-7900,l2401-C-7900,286.0,0.0,0.0,0.0,1,50.5,0.0,0,286.0,0.0,0.0,0.0,0.0,0.0,4
2023-05-09 21:06:42,l2401-C-7900,l2401-C-7900,286.0,0.0,0.0,0.0,10,51.0,0.0,0,286.0,0.0,0.0,0.0,0.0,0.0,4
2023-05-09 21:06:44,l2401-C-7900,l2401-C-7900,286.0,0.0,0.0,0.0,1,54.5,0.0,0,286.0,0.0,0.0,0.0,0.0,0.0,4
2023-05-09 21:06:44,l2401-C-7900,l2401-C-7900,286.0,0.0,0.0,0.0,10,55.0,0.0,0,286.0,0.0,0.0,0.0,0.0,0.0,4
2023-05-09 21:06:46,l2401-C-7900,l2401-C-7900,286.0,0.0,0.0,0.0,1,55.5,0.0,0,286.0,0.0,0.0,0.0,0.0,0.0,4
2023-05-09 21:06:46,l2401-C-7900,l2401-C-7900,286.0,0.0,0.0,0.0,10,56.0,0.0,0,286.0,0.0,0.0,0.0,0.0,0.0,4
2023-05-09 21:06:48,l2401-C-7900,l2401-C-7900,286.0,0.0,0.0,0.0,1,56.5,0.0,0,286.0,0.0,0.0,0.0,0.0,0.0,4
2023-05-09 21:06:48,l2401-C-7900,l2401-C-7900,286.0,0.0,0.0,0.0,10,57.0,0.0,0,286.0,0.0,0.0,0.0,0.0,0.0,4
2023-05-09 21:06:50,l2401-C-7900,l2401-C-7900,286.0,0.0,0.0,0.0,1,57.5,0.0,0,286.0,0.0,0.0,0.0,0.0,0.0,4
2023-05-09 21:06:50,l2401-C-7900,l2401-C-7900,286.0,0.0,0.0,0.0,10,58.0,0.0,0,286.0,0.0,0.0,0.0,0.0,0.0,4
2023-05-09 21:06:51,l2401-C-7900,l2401-C-7900,286.0,0.0,0.0,0.0,1,58.5,0.0,0,286.0,0.0,0.0,0.0,0.0,0.0,4
2023-05-09 21:06:51,l2401-C-7900,l2401-C-7900,286.0,0.0,0.0,0.0,10,59.0,0.0,0,286.0,0.0,0.0,0.0,0.0,0.0,4
2023-05-09 21:06:53,l2401-C-7900,l2401-C-7900,286.0,0.0,0.0,0.0,1,59.5,0.0,0,286.0,0.0,0.0,0.0,0.0,0.0,4
2023-05-09 21:06:53,l2401-C-7900,l2401-C-7900,286.0,0.0,0.0,0.0,10,60.0,0.0,0,286.0,0.0,0.0,0.0,0.0,0.0,4
2023-05-09 21:06:54,l2401-C-7900,l2401-C-7900,286.0,0.0,0.0,0.0,1,60.5,0.0,0,286.0,0.0,0.0,0.0,0.0,0.0,4
2023-05-09 21:06:54,l2401-C-7900,l2401-C-7900,286.0,0.0,0.0,0.0,10,61.0,0.0,0,286.0,0.0,0.0,0.0,0.0,0.0,4
2023-05-09 21:06:56,l2401-C-7900,l2401-C-7900,286.0,0.0,0.0,0.0,1,61.5,0.0,0,286.0,0.0,0.0,0.0,0.0,0.0,4
2023-05-09 21:06:56,l2401-C-7900,l2401-C-7900,286.0,0.0,0.0,0.0,10,62.0,0.0,0,286.0,0.0,0.0,0.0,0.0,0.0,4
2023-05-09 21:06:58,l2401-C-7900,l2401-C-7900,286.0,0.0,0.0,0.0,1,62.5,0.0,0,286.0,0.0,0.0,0.0,0.0,0.0,4
2023-05-09 21:06:58,l2401-C-7900,l2401-C-7900,286.0,0.0,0.0,0.0,10,63.0,0.0,0,286.0,0.0,0.0,0.0,0.0,0.0,4
2023-05-09 21:07:00,l2401-C-7900,l2401-C-7900,286.0,0.0,0.0,0.0,1,63.5,0.0,0,286.0,0.0,0.0,0.0,0.0,0.0,4
2023-05-09 21:07:00,l2401-C-7900,l2401-C-7900,286.0,0.0,0.0,0.0,10,64.0,0.0,0,286.0,0.0,0.0,0.0,0.0,0.0,4
2023-05-09 21:07:03,l2401-C-7900,l2401-C-7900,286.0,0.0,0.0,0.0,1,64.5,0.0,0,286.0,0.0,0.0,0.0,0.0,0.0,4
2023-05-09 21:07:03,l2401-C-7900,l2401-C-7900,286.0,0.0,0.0,0.0,10,65.0,0.0,0,286.0,0.0,0.0,0.0,0.0,0.0,4
2023-05-09 21:07:05,l2401-C-7900,l2401-C-7900,286.0,0.0,0.0,0.0,1,65.5,0.0,0,286.0,0.0,0.0,0.0,0.0,0.0,4
2023-05-09 21:07:05,l2401-C-7900,l2401-C-7900,286.0,0.0,0.0,0.0,10,66.0,0.0,0,286.0,0.0,0.0,0.0,0.0,0.0,4
2023-05-09 21:07:07,l2401-C-7900,l2401-C-7900,286.0,0.0,0.0,0.0,1,66.5,0.0,0,286.0,0.0,0.0,0.0,0.0,0.0,4
2023-05-09 21:07:07,l2401-C-7900,l2401-C-7900,286.0,0.0,0.0,0.0,10,67.0,0.0,0,286.0,0.0,0.0,0.0,0.0,0.0,4
2023-05-09 21:07:09,l2401-C-7900,l2401-C-7900,286.0,0.0,0.0,0.0,1,67.5,0.0,0,286.0,0.0,0.0,0.0,0.0,0.0,4
2023-05-09 21:07:09,l2401-C-7900,l2401-C-7900,286.0,0.0,0.0,0.0,10,68.0,0.0,0,286.0,0.0,0.0,0.0,0.0,0.0,4
2023-05-09 21:07:11,l2401-C-7900,l2401-C-7900,286.0,0.0,0.0,0.0,1,68.5,0.0,0,286.0,0.0,0.0,0.0,0.0,0.0,4
2023-05-09 21:07:11,l2401-C-7900,l2401-C-7900,286.0,0.0,0.0,0.0,10,69.0,0.0,0,286.0,0.0,0.0,0.0,0.0,0.0,4
2023-05-09 21:07:13,l2401-C-7900,l2401-C-7900,286.0,0.0,0.0,0.0,1,69.5,0.0,0,286.0,0.0,0.0,0.0,0.0,0.0,4
2023-05-09 21:07:13,l2401-C-7900,l2401-C-7900,286.0,0.0,0.0,0.0,10,70.0,0.0,0,286.0,0.0,0.0,0.0,0.0,0.0,4
2023-05-09 21:07:15,l2401-C-7900,l2401-C-7900,286.0,0.0,0.0,0.0,1,70.5,0.0,0,286.0,0.0,0.0,0.0,0.0,0.0,4
2023-05-09 21:07:15,l2401-C-7900,l2401-C-7900,286.0,0.0,0.0,0.0,10,71.0,0.0,0,286.0,0.0,0.0,0.0,0.0,0.0,4
2023-05-09 21:07:16,l2401-C-7900,l2401-C-7900,286.0,0.0,0.0,0.0,1,71.5,0.0,0,286.0,0.0,0.0,0.0,0.0,0.0,4
2023-05-09 21:07:16,l2401-C-7900,l2401-C-7900,286.0,0.0,0.0,0.0,10,72.0,0.0,0,286.0,0.0,0.0,0.0,0.0,0.0,4
2023-05-09 21:07:18,l2401-C-7900,l2401-C-7900,286.0,0.0,0.0,0.0,1,72.5,0.0,0,286.0,0.0,0.0,0.0,0.0,0.0,4
2023-05-09 21:07:18,l2401-C-7900,l2401-C-7900,286.0,0.0,0.0,0.0,10,73.0,0.0,0,286.0,0.0,0.0,0.0,0.0,0.0,4
2023-05-09 21:07:20,l2401-C-7900,l2401-C-7900,286.0,0.0,0.0,0.0,1,73.5,0.0,0,286.0,0.0,0.0,0.0,0.0,0.0,4
2023-05-09 21:07:20,l2401-C-7900,l2401-C-7900,286.0,0.0,0.0,0.0,10,74.0,0.0,0,286.0,0.0,0.0,0.0,0.0,0.0,4
2023-05-09 21:07:21,l2401-C-7900,l2401-C-7900,286.0,0.0,0.0,0.0,1,74.5,0.0,0,286.0,0.0,0.0,0.0,0.0,0.0,4
2023-05-09 21:07:21,l2401-C-7900,l2401-C-7900,286.0,0.0,0.0,0.0,10,75.0,0.0,0,286.0,0.0,0.0,0.0,0.0,0.0,4
2023-05-09 21:07:23,l2401-C-7900,l2401-C-7900,286.0,0.0,0.0,0.0,1,75.5,0.0,0,286.0,0.0,0.0,0.0,0.0,0.0,4
2023-05-09 21:07:23,l2401-C-7900,l2401-C-7900,286.0,0.0,0.0,0.0,10,76.0,0.0,0,286.0,0.0,0.0,0.0,0.0,0.0,4
2023-05-09 21:07:24,l2401-C-7900,l2401-C-7900,286.0,0.0,0.0,0.0,1,76.5,0.0,0,286.0,0.0,0.0,0.0,0.0,0.0,4
2023-05-09 21:07:24,l2401-C-7900,l2401-C-7900,286.0,0.0,0.0,0.0,10,77.0,0.0,0,286.0,0.0,0.0,0.0,0.0,0.0,4
2023-05-09 21:07:25,l2401-C-7900,l2401-C-7900,286.0,0.0,0.0,0.0,1,77.5,0.0,0,286.0,0.0,0.0,0.0,0.0,0.0,4
2023-05-09 21:07:25,l2401-C-7900,l2401-C-7900,286.0,0.0,0.0,0.0,10,78.0,0.0,0,286.0,0.0,0.0,0.0,0.0,0.0,4
2023-05-09 21:07:27,l2401-C-7900,l2401-C-7900,286.0,0.0,0.0,0.0,1,78.5,0.0,0,286.0,0.0,0.0,0.0,0.0,0.0,4
2023-05-09 21:07:27,l2401-C-7900,l2401-C-7900,286.0,0.0,0.0,0.0,10,79.0,0.0,0,286.0,0.0,0.0,0.0,0.0,0.0,4
2023-05-09 21:07:28,l2401-C-7900,l2401-C-7900,286.0,0.0,0.0,0.0,1,79.5,0.0,0,286.0,0.0,0.0,0.0,0.0,0.0,4
2023-05-09 21:07:28,l2401-C-7900,l2401-C-7900,286.0,0.0,0.0,0.0,10,80.0,0.0,0,286.0,0.0,0.0,0.0,0.0,0.0,4
2023-05-09 21:07:30,l2401-C-7900,l2401-C-7900,286.0,0.0,0.0,0.0,1,80.5,0.0,0,286.0,0.0,0.0,0.0,0.0,0.0,4
2023-05-09 21:07:30,l2401-C-7900,l2401-C-7900,286.0,0.0,0.0,0.0,10,81.0,0.0,0,286.0,0.0,0.0,0.0,0.0,0.0,4
2023-05-09 21:07:31,l2401-C-7900,l2401-C-7900,286.0,0.0,0.0,0.0,1,81.5,0.0,0,286.0,0.0,0.0,0.0,0.0,0.0,4
2023-05-09 21:07:31,l2401-C-7900,l2401-C-7900,286.0,0.0,0.0,0.0,10,82.0,0.0,0,286.0,0.0,0.0,0.0,0.0,0.0,4
2023-05-09 21:07:33,l2401-C-7900,l2401-C-7900,286.0,0.0,0.0,0.0,1,82.5,0.0,0,286.0,0.0,0.0,0.0,0.0,0.0,4
2023-05-09 21:07:33,l2401-C-7900,l2401-C-7900,286.0,0.0,0.0,0.0,10,83.0,0.0,0,286.0,0.0,0.0,0.0,0.0,0.0,4
2023-05-09 21:07:34,l2401-C-7900,l2401-C-7900,286.0,0.0,0.0,0.0,1,83.5,0.0,0,286.0,0.0,0.0,0.0,0.0,0.0,4
2023-05-09 21:07:34,l2401-C-7900,l2401-C-7900,286.0,0.0,0.0,0.0,10,84.0,0.0,0,286.0,0.0,0.0,0.0,0.0,0.0,4
2023-05-09 21:07:36,l2401-C-7900,l2401-C-7900,286.0,0.0,0.0,0.0,1,84.5,0.0,0,286.0,0.0,0.0,0.0,0.0,0.0,4
2023-05-09 21:07:36,l2401-C-7900,l2401-C-7900,286.0,0.0,0.0,0.0,10,85.0,0.0,0,286.0,0.0,0.0,0.0,0.0,0.0,4
2023-05-09 21:07:37,l2401-C-7900,l2401-C-7900,286.0,0.0,0.0,0.0,1,85.5,0.0,0,286.0,0.0,0.0,0.0,0.0,0.0,4
2023-05-09 21:07:37,l2401-C-7900,l2401-C-7900,286.0,0.0,0.0,0.0,10,86.0,0.0,0,286.0,0.0,0.0,0.0,0.0,0.0,4
2023-05-09 21:07:39,l2401-C-7900,l2401-C-7900,286.0,0.0,0.0,0.0,1,86.5,0.0,0,286.0,0.0,0.0,0.0,0.0,0.0,4
2023-05-09 21:07:39,l2401-C-7900,l2401-C-7900,286.0,0.0,0.0,0.0,10,87.0,0.0,0,286.0,0.0,0.0,0.0,0.0,0.0,4
2023-05-09 21:07:41,l2401-C-7900,l2401-C-7900,286.0,0.0,0.0,0.0,1,87.5,0.0,0,286.0,0.0,0.0,0.0,0.0,0.0,4
2023-05-09 21:07:41,l2401-C-7900,l2401-C-7900,286.0,0.0,0.0,0.0,10,88.0,0.0,0,286.0,0.0,0.0,0.0,0.0,0.0,4
2023-05-09 21:07:43,l2401-C-7900,l2401-C-7900,286.0,0.0,0.0,0.0,1,88.5,0.0,0,286.0,0.0,0.0,0.0,0.0,0.0,4
2023-05-09 21:07:43,l2401-C-7900,l2401-C-7900,286.0,0.0,0.0,0.0,10,89.0,0.0,0,286.0,0.0,0.0,0.0,0.0,0.0,4
2023-05-09 21:07:44,l2401-C-7900,l2401-C-7900,286.0,0.0,0.0,0.0,1,89.5,0.0,0,286.0,0.0,0.0,0.0,0.0,0.0,4
2023-05-09 21:07:44,l2401-C-7900,l2401-C-7900,286.0,0.0,0.0,0.0,10,90.0,0.0,0,286.0,0.0,0.0,0.0,0.0,0.0,4
2023-05-09 21:07:45,l2401-C-7900,l2401-C-7900,286.0,0.0,0.0,0.0,1,90.5,0.0,0,286.0,0.0,0.0,0.0,0.0,0.0,4
2023-05-09 21:07:45,l2401-C-7900,l2401-C-7900,286.0,0.0,0.0,0.0,10,91.0,0.0,0,286.0,0.0,0.0,0.0,0.0,0.0,4
2023-05-09 21:07:47,l2401-C-7900,l2401-C-7900,286.0,0.0,0.0,0.0,1,91.5,0.0,0,286.0,0.0,0.0,0.0,0.0,0.0,4
2023-05-09 21:07:47,l2401-C-7900,l2401-C-7900,286.0,0.0,0.0,0.0,10,92.0,0.0,0,286.0,0.0,0.0,0.0,0.0,0.0,4
2023-05-09 21:07:48,l2401-C-7900,l2401-C-7900,286.0,0.0,0.0,0.0,1,92.5,0.0,0,286.0,0.0,0.0,0.0,0.0,0.0,4
2023-05-09 21:07:48,l2401-C-7900,l2401-C-7900,286.0,0.0,0.0,0.0,10,93.0,0.0,0,286.0,0.0,0.0,0.0,0.0,0.0,4
2023-05-09 21:07:50,l2401-C-7900,l2401-C-7900,286.0,0.0,0.0,0.0,1,93.5,0.0,0,286.0,0.0,0.0,0.0,0.0,0.0,4
2023-05-09 21:07:51,l2401-C-7900,l2401-C-7900,286.0,0.0,0.0,0.0,10,94.0,0.0,0,286.0,0.0,0.0,0.0,0.0,0.0,4
2023-05-09 21:07:52,l2401-C-7900,l2401-C-7900,286.0,0.0,0.0,0.0,1,94.5,0.0,0,286.0,0.0,0.0,0.0,0.0,0.0,4
2023-05-09 21:07:52,l2401-C-7900,l2401-C-7900,286.0,0.0,0.0,0.0,10,95.0,0.0,0,286.0,0.0,0.0,0.0,0.0,0.0,4
2023-05-09 21:07:53,l2401-C-7900,l2401-C-7900,286.0,0.0,0.0,0.0,1,95.5,0.0,0,286.0,0.0,0.0,0.0,0.0,0.0,4
2023-05-09 21:07:53,l2401-C-7900,l2401-C-7900,286.0,0.0,0.0,0.0,10,96.0,0.0,0,286.0,0.0,0.0,0.0,0.0,0.0,4
2023-05-09 21:07:57,l2401-C-7900,l2401-C-7900,286.0,0.0,0.0,0.0,1,96.5,0.0,0,286.0,0.0,0.0,0.0,0.0,0.0,4
2023-05-09 21:07:57,l2401-C-7900,l2401-C-7900,286.0,0.0,0.0,0.0,10,97.0,0.0,0,286.0,0.0,0.0,0.0,0.0,0.0,4
2023-05-09 21:08:11,l2401-C-7900,l2401-C-7900,286.0,0.0,0.0,0.0,1,97.5,0.0,0,286.0,0.0,0.0,0.0,0.0,0.0,4
2023-05-09 21:08:11,l2401-C-7900,l2401-C-7900,286.0,0.0,0.0,0.0,10,98.0,0.0,0,286.0,0.0,0.0,0.0,0.0,0.0,4
2023-05-09 21:08:16,l2401-C-7900,l2401-C-7900,286.0,0.0,0.0,0.0,1,98.5,0.0,0,286.0,0.0,0.0,0.0,0.0,0.0,4
2023-05-09 21:08:16,l2401-C-7900,l2401-C-7900,286.0,0.0,0.0,0.0,10,99.0,0.0,0,286.0,0.0,0.0,0.0,0.0,0.0,4
2023-05-09 21:08:19,l2401-C-7900,l2401-C-7900,286.0,0.0,0.0,0.0,1,99.5,0.0,0,286.0,0.0,0.0,0.0,0.0,0.0,4
2023-05-09 21:08:19,l2401-C-7900,l2401-C-7900,286.0,0.0,0.0,0.0,10,100.0,0.0,0,286.0,0.0,0.0,0.0,0.0,0.0,4
2023-05-09 21:08:21,l2401-C-7900,l2401-C-7900,286.0,0.0,0.0,0.0,1,100.5,0.0,0,286.0,0.0,0.0,0.0,0.0,0.0,4
2023-05-09 21:08:21,l2401-C-7900,l2401-C-7900,286.0,0.0,0.0,0.0,10,101.0,0.0,0,286.0,0.0,0.0,0.0,0.0,0.0,4
2023-05-09 21:08:24,l2401-C-7900,l2401-C-7900,286.0,0.0,0.0,0.0,1,101.5,0.0,0,286.0,0.0,0.0,0.0,0.0,0.0,4
2023-05-09 21:08:24,l2401-C-7900,l2401-C-7900,286.0,0.0,0.0,0.0,10,102.0,0.0,0,286.0,0.0,0.0,0.0,0.0,0.0,4
2023-05-09 21:08:26,l2401-C-7900,l2401-C-7900,286.0,0.0,0.0,0.0,1,102.5,0.0,0,286.0,0.0,0.0,0.0,0.0,0.0,4
2023-05-09 21:08:26,l2401-C-7900,l2401-C-7900,286.0,0.0,0.0,0.0,10,103.0,0.0,0,286.0,0.0,0.0,0.0,0.0,0.0,4
2023-05-09 21:08:28,l2401-C-7900,l2401-C-7900,286.0,0.0,0.0,0.0,1,103.5,0.0,0,286.0,0.0,0.0,0.0,0.0,0.0,4
2023-05-09 21:08:28,l2401-C-7900,l2401-C-7900,286.0,0.0,0.0,0.0,10,104.0,0.0,0,286.0,0.0,0.0,0.0,0.0,0.0,4
2023-05-09 21:08:30,l2401-C-7900,l2401-C-7900,286.0,0.0,0.0,0.0,1,104.5,0.0,0,286.0,0.0,0.0,0.0,0.0,0.0,4
2023-05-09 21:08:30,l2401-C-7900,l2401-C-7900,286.0,0.0,0.0,0.0,10,105.0,0.0,0,286.0,0.0,0.0,0.0,0.0,0.0,4
2023-05-09 21:08:32,l2401-C-7900,l2401-C-7900,286.0,0.0,0.0,0.0,1,105.5,0.0,0,286.0,0.0,0.0,0.0,0.0,0.0,4
2023-05-09 21:08:32,l2401-C-7900,l2401-C-7900,286.0,0.0,0.0,0.0,10,106.0,0.0,0,286.0,0.0,0.0,0.0,0.0,0.0,4
2023-05-09 21:08:34,l2401-C-7900,l2401-C-7900,286.0,0.0,0.0,0.0,1,106.5,0.0,0,286.0,0.0,0.0,0.0,0.0,0.0,4
2023-05-09 21:08:34,l2401-C-7900,l2401-C-7900,286.0,0.0,0.0,0.0,10,107.0,0.0,0,286.0,0.0,0.0,0.0,0.0,0.0,4
2023-05-09 21:08:47,l2401-C-7900,l2401-C-7900,286.0,0.0,0.0,0.0,1,107.5,0.0,0,286.0,0.0,0.0,0.0,0.0,0.0,4
2023-05-09 21:08:47,l2401-C-7900,l2401-C-7900,286.0,0.0,0.0,0.0,10,108.0,0.0,0,286.0,0.0,0.0,0.0,0.0,0.0,4
2023-05-09 21:08:51,l2401-C-7900,l2401-C-7900,286.0,0.0,0.0,0.0,1,108.5,0.0,0,286.0,0.0,0.0,0.0,0.0,0.0,4
2023-05-09 21:08:51,l2401-C-7900,l2401-C-7900,286.0,0.0,0.0,0.0,10,109.0,0.0,0,286.0,0.0,0.0,0.0,0.0,0.0,4
2023-05-09 21:08:54,l2401-C-7900,l2401-C-7900,286.0,0.0,0.0,0.0,1,109.5,0.0,0,286.0,0.0,0.0,0.0,0.0,0.0,4
2023-05-09 21:08:54,l2401-C-7900,l2401-C-7900,286.0,0.0,0.0,0.0,10,110.0,0.0,0,286.0,0.0,0.0,0.0,0.0,0.0,4
2023-05-09 21:08:59,l2401-C-7900,l2401-C-7900,286.0,0.0,0.0,0.0,1,110.5,0.0,0,286.0,0.0,0.0,0.0,0.0,0.0,4
2023-05-09 21:08:59,l2401-C-7900,l2401-C-7900,286.0,0.0,0.0,0.0,10,111.0,0.0,0,286.0,0.0,0.0,0.0,0.0,0.0,4
2023-05-09 21:09:02,l2401-C-7900,l2401-C-7900,286.0,0.0,0.0,0.0,1,111.5,0.0,0,286.0,0.0,0.0,0.0,0.0,0.0,4
2023-05-09 21:09:02,l2401-C-7900,l2401-C-7900,286.0,0.0,0.0,0.0,10,112.0,0.0,0,286.0,0.0,0.0,0.0,0.0,0.0,4
2023-05-09 21:09:06,l2401-C-7900,l2401-C-7900,286.0,0.0,0.0,0.0,1,112.5,0.0,0,286.0,0.0,0.0,0.0,0.0,0.0,4
2023-05-09 21:09:06,l2401-C-7900,l2401-C-7900,286.0,0.0,0.0,0.0,10,113.0,0.0,0,286.0,0.0,0.0,0.0,0.0,0.0,4
2023-05-09 21:09:08,l2401-C-7900,l2401-C-7900,286.0,0.0,0.0,0.0,1,113.5,0.0,0,286.0,0.0,0.0,0.0,0.0,0.0,4
2023-05-09 21:09:08,l2401-C-7900,l2401-C-7900,286.0,0.0,0.0,0.0,10,114.0,0.0,0,286.0,0.0,0.0,0.0,0.0,0.0,4
2023-05-09 21:09:11,l2401-C-7900,l2401-C-7900,286.0,0.0,0.0,0.0,1,114.5,0.0,0,286.0,0.0,0.0,0.0,0.0,0.0,4
2023-05-09 21:09:11,l2401-C-7900,l2401-C-7900,286.0,0.0,0.0,0.0,10,115.0,0.0,0,286.0,0.0,0.0,0.0,0.0,0.0,4
2023-05-09 21:09:15,l2401-C-7900,l2401-C-7900,286.0,0.0,0.0,0.0,1,115.5,0.0,0,286.0,0.0,0.0,0.0,0.0,0.0,4
2023-05-09 21:09:15,l2401-C-7900,l2401-C-7900,286.0,0.0,0.0,0.0,10,116.0,0.0,0,286.0,0.0,0.0,0.0,0.0,0.0,4
2023-05-09 21:09:17,l2401-C-7900,l2401-C-7900,286.0,0.0,0.0,0.0,1,116.5,0.0,0,286.0,0.0,0.0,0.0,0.0,0.0,4
2023-05-09 21:09:17,l2401-C-7900,l2401-C-7900,286.0,0.0,0.0,0.0,10,117.0,0.0,0,286.0,0.0,0.0,0.0,0.0,0.0,4
2023-05-09 21:09:20,l2401-C-7900,l2401-C-7900,286.0,0.0,0.0,0.0,1,117.5,0.0,0,286.0,0.0,0.0,0.0,0.0,0.0,4
2023-05-09 21:09:20,l2401-C-7900,l2401-C-7900,286.0,0.0,0.0,0.0,10,118.0,0.0,0,286.0,0.0,0.0,0.0,0.0,0.0,4
2023-05-09 21:09:22,l2401-C-7900,l2401-C-7900,286.0,0.0,0.0,0.0,1,118.5,0.0,0,286.0,0.0,0.0,0.0,0.0,0.0,4
2023-05-09 21:09:22,l2401-C-7900,l2401-C-7900,286.0,0.0,0.0,0.0,10,119.0,0.0,0,286.0,0.0,0.0,0.0,0.0,0.0,4
2023-05-09 21:09:23,l2401-C-7900,l2401-C-7900,286.0,0.0,0.0,0.0,1,119.5,0.0,0,286.0,0.0,0.0,0.0,0.0,0.0,4
2023-05-09 21:09:23,l2401-C-7900,l2401-C-7900,286.0,0.0,0.0,0.0,10,120.0,0.0,0,286.0,0.0,0.0,0.0,0.0,0.0,4
2023-05-09 21:09:25,l2401-C-7900,l2401-C-7900,286.0,0.0,0.0,0.0,1,120.5,0.0,0,286.0,0.0,0.0,0.0,0.0,0.0,4
2023-05-09 21:09:25,l2401-C-7900,l2401-C-7900,286.0,0.0,0.0,0.0,10,121.0,0.0,0,286.0,0.0,0.0,0.0,0.0,0.0,4
2023-05-09 21:09:27,l2401-C-7900,l2401-C-7900,286.0,0.0,0.0,0.0,1,121.5,0.0,0,286.0,0.0,0.0,0.0,0.0,0.0,4
2023-05-09 21:09:27,l2401-C-7900,l2401-C-7900,286.0,0.0,0.0,0.0,10,122.0,0.0,0,286.0,0.0,0.0,0.0,0.0,0.0,4
2023-05-09 21:09:29,l2401-C-7900,l2401-C-7900,286.0,0.0,0.0,0.0,1,122.5,0.0,0,286.0,0.0,0.0,0.0,0.0,0.0,4
2023-05-09 21:09:29,l2401-C-7900,l2401-C-7900,286.0,0.0,0.0,0.0,10,123.0,0.0,0,286.0,0.0,0.0,0.0,0.0,0.0,4
2023-05-09 21:09:31,l2401-C-7900,l2401-C-7900,286.0,0.0,0.0,0.0,1,123.5,0.0,0,286.0,0.0,0.0,0.0,0.0,0.0,4
2023-05-09 21:09:31,l2401-C-7900,l2401-C-7900,286.0,0.0,0.0,0.0,10,124.0,0.0,0,286.0,0.0,0.0,0.0,0.0,0.0,4
2023-05-09 21:09:33,l2401-C-7900,l2401-C-7900,286.0,0.0,0.0,0.0,1,124.5,0.0,0,286.0,0.0,0.0,0.0,0.0,0.0,4
2023-05-09 21:09:33,l2401-C-7900,l2401-C-7900,286.0,0.0,0.0,0.0,10,125.0,0.0,0,286.0,0.0,0.0,0.0,0.0,0.0,4
2023-05-09 21:09:37,l2401-C-7900,l2401-C-7900,286.0,0.0,0.0,0.0,1,125.5,0.0,0,286.0,0.0,0.0,0.0,0.0,0.0,4
2023-05-09 21:09:37,l2401-C-7900,l2401-C-7900,286.0,0.0,0.0,0.0,10,126.0,0.0,0,286.0,0.0,0.0,0.0,0.0,0.0,4
2023-05-09 21:09:39,l2401-C-7900,l2401-C-7900,286.0,0.0,0.0,0.0,1,126.5,0.0,0,286.0,0.0,0.0,0.0,0.0,0.0,4
2023-05-09 21:09:39,l2401-C-7900,l2401-C-7900,286.0,0.0,0.0,0.0,10,127.0,0.0,0,286.0,0.0,0.0,0.0,0.0,0.0,4
2023-05-09 21:09:40,l2401-C-7900,l2401-C-7900,286.0,0.0,0.0,0.0,1,127.5,0.0,0,286.0,0.0,0.0,0.0,0.0,0.0,4
2023-05-09 21:09:40,l2401-C-7900,l2401-C-7900,286.0,0.0,0.0,0.0,10,128.0,0.0,0,286.0,0.0,0.0,0.0,0.0,0.0,4
2023-05-09 21:09:42,l2401-C-7900,l2401-C-7900,286.0,0.0,0.0,0.0,1,128.5,0.0,0,286.0,0.0,0.0,0.0,0.0,0.0,4
2023-05-09 21:09:42,l2401-C-7900,l2401-C-7900,286.0,0.0,0.0,0.0,10,129.0,0.0,0,286.0,0.0,0.0,0.0,0.0,0.0,4
2023-05-09 21:09:44,l2401-C-7900,l2401-C-7900,286.0,0.0,0.0,0.0,1,129.5,0.0,0,286.0,0.0,0.0,0.0,0.0,0.0,4
2023-05-09 21:09:44,l2401-C-7900,l2401-C-7900,286.0,0.0,0.0,0.0,10,130.0,0.0,0,286.0,0.0,0.0,0.0,0.0,0.0,4
2023-05-09 21:09:45,l2401-C-7900,l2401-C-7900,286.0,0.0,0.0,0.0,1,130.5,0.0,0,286.0,0.0,0.0,0.0,0.0,0.0,4
2023-05-09 21:09:45,l2401-C-7900,l2401-C-7900,286.0,0.0,0.0,0.0,10,131.0,0.0,0,286.0,0.0,0.0,0.0,0.0,0.0,4
2023-05-09 21:09:47,l2401-C-7900,l2401-C-7900,286.0,0.0,0.0,0.0,1,131.5,0.0,0,286.0,0.0,0.0,0.0,0.0,0.0,4
2023-05-09 21:09:47,l2401-C-7900,l2401-C-7900,286.0,0.0,0.0,0.0,10,132.0,0.0,0,286.0,0.0,0.0,0.0,0.0,0.0,4
2023-05-09 21:09:50,l2401-C-7900,l2401-C-7900,286.0,0.0,0.0,0.0,1,132.5,0.0,0,286.0,0.0,0.0,0.0,0.0,0.0,4
2023-05-09 21:09:50,l2401-C-7900,l2401-C-7900,286.0,0.0,0.0,0.0,10,133.0,0.0,0,286.0,0.0,0.0,0.0,0.0,0.0,4
2023-05-09 21:10:31,l2401-C-7900,l2401-C-7900,286.0,0.0,0.0,0.0,1,133.5,0.0,0,286.0,0.0,0.0,0.0,0.0,0.0,4
2023-05-09 21:10:31,l2401-C-7900,l2401-C-7900,286.0,0.0,0.0,0.0,10,134.0,0.0,0,286.0,0.0,0.0,0.0,0.0,0.0,4
2023-05-09 21:11:08,l2401-C-7900,l2401-C-7900,286.0,0.0,0.0,0.0,1,134.5,0.0,0,286.0,0.0,0.0,0.0,0.0,0.0,4
2023-05-09 21:11:08,l2401-C-7900,l2401-C-7900,286.0,0.0,0.0,0.0,10,135.0,0.0,0,286.0,0.0,0.0,0.0,0.0,0.0,4
2023-05-09 21:11:13,l2401-C-7900,l2401-C-7900,286.0,0.0,0.0,0.0,1,135.5,0.0,0,286.0,0.0,0.0,0.0,0.0,0.0,4
2023-05-09 21:11:13,l2401-C-7900,l2401-C-7900,286.0,0.0,0.0,0.0,10,136.0,0.0,0,286.0,0.0,0.0,0.0,0.0,0.0,4
2023-05-09 21:11:18,l2401-C-7900,l2401-C-7900,286.0,0.0,0.0,0.0,1,136.5,0.0,0,286.0,0.0,0.0,0.0,0.0,0.0,4
2023-05-09 21:11:18,l2401-C-7900,l2401-C-7900,286.0,0.0,0.0,0.0,10,137.0,0.0,0,286.0,0.0,0.0,0.0,0.0,0.0,4
2023-05-09 21:11:20,l2401-C-7900,l2401-C-7900,286.0,0.0,0.0,0.0,1,137.5,0.0,0,286.0,0.0,0.0,0.0,0.0,0.0,4
2023-05-09 21:11:20,l2401-C-7900,l2401-C-7900,286.0,0.0,0.0,0.0,10,138.0,0.0,0,286.0,0.0,0.0,0.0,0.0,0.0,4
2023-05-09 21:11:25,l2401-C-7900,l2401-C-7900,286.0,0.0,0.0,0.0,1,138.5,0.0,0,286.0,0.0,0.0,0.0,0.0,0.0,4
2023-05-09 21:11:25,l2401-C-7900,l2401-C-7900,286.0,0.0,0.0,0.0,10,139.0,0.0,0,286.0,0.0,0.0,0.0,0.0,0.0,4
2023-05-09 21:15:41,l2401-C-7900,l2401-C-7900,286.0,0.0,0.0,0.0,1,139.5,0.0,0,286.0,0.0,0.0,0.0,0.0,0.0,4
2023-05-09 21:15:41,l2401-C-7900,l2401-C-7900,286.0,0.0,0.0,0.0,10,140.0,0.0,0,286.0,0.0,0.0,0.0,0.0,0.0,4
2023-05-09 21:39:43,l2401-C-7900,l2401-C-7900,286.0,0.0,0.0,0.0,1,140.5,0.0,0,286.0,0.0,0.0,0.0,0.0,0.0,4
2023-05-09 21:39:43,l2401-C-7900,l2401-C-7900,286.0,0.0,0.0,0.0,10,141.0,0.0,0,286.0,0.0,0.0,0.0,0.0,0.0,4
2023-05-09 22:56:58,l2401-C-7900,l2401-C-7900,286.0,0.0,0.0,0.0,1,3.5,0.0,0,286.0,0.0,0.0,0.0,0.0,0.0,4
2023-05-09 22:56:59,l2401-C-7900,l2401-C-7900,286.0,0.0,0.0,0.0,10,10.5,0.0,0,286.0,0.0,0.0,0.0,0.0,0.0,4
2023-05-09 22:57:00,l2401-C-7900,l2401-C-7900,286.0,0.0,0.0,0.0,1,11.0,0.0,0,286.0,0.0,0.0,0.0,0.0,0.0,4
2023-05-09 22:57:00,l2401-C-7900,l2401-C-7900,286.0,0.0,0.0,0.0,10,11.5,0.0,0,286.0,0.0,0.0,0.0,0.0,0.0,4
2023-05-09 22:57:01,l2401-C-7900,l2401-C-7900,286.0,0.0,0.0,0.0,1,12.0,0.0,0,286.0,0.0,0.0,0.0,0.0,0.0,4
2023-05-09 22:57:33,l2401-C-7900,l2401-C-7900,286.0,0.0,0.0,0.0,1,4.0,0.0,0,286.0,0.0,0.0,0.0,0.0,0.0,4
2023-05-09 22:59:11,l2401-C-7900,l2401-C-7900,286.0,0.0,0.0,0.0,10,4.5,0.0,0,286.0,0.0,0.0,0.0,0.0,0.0,4
2023-05-09 22:59:55,l2401-C-7900,l2401-C-7900,286.0,0.0,0.0,0.0,1,4.0,0.0,0,286.0,0.0,0.0,0.0,0.0,0.0,4
2023-05-10 09:00:14,l2401-C-7900,l2401-C-7900,286.0,0.0,0.0,0.0,10,4.5,0.0,0,286.0,0.0,0.0,0.0,0.0,0.0,4
2023-05-10 09:00:30,l2401-C-7900,l2401-C-7900,286.0,0.0,0.0,0.0,1,7.0,0.0,0,286.0,0.0,0.0,0.0,0.0,0.0,4
2023-05-10 09:00:30,l2401-C-7900,l2401-C-7900,286.0,0.0,0.0,0.0,10,7.5,0.0,0,286.0,0.0,0.0,0.0,0.0,0.0,4
2023-05-10 09:01:30,l2401-C-7900,l2401-C-7900,286.0,0.0,0.0,0.0,1,8.0,0.0,0,286.0,0.0,0.0,0.0,0.0,0.0,4
2023-05-10 09:01:30,l2401-C-7900,l2401-C-7900,286.0,0.0,0.0,0.0,10,8.5,0.0,0,286.0,0.0,0.0,0.0,0.0,0.0,4
2023-05-10 09:02:36,l2401-C-7900,l2401-C-7900,286.0,0.0,0.0,0.0,1,15.0,0.0,0,286.0,0.0,0.0,0.0,0.0,0.0,4
2023-05-10 09:02:36,l2401-C-7900,l2401-C-7900,286.0,0.0,0.0,0.0,10,15.5,0.0,0,286.0,0.0,0.0,0.0,0.0,0.0,4
2023-05-10 09:02:48,l2401-C-7900,l2401-C-7900,286.0,0.0,0.0,0.0,1,16.0,0.0,0,286.0,0.0,0.0,0.0,0.0,0.0,4
2023-05-10 09:02:48,l2401-C-7900,l2401-C-7900,286.0,0.0,0.0,0.0,10,16.5,0.0,0,286.0,0.0,0.0,0.0,0.0,0.0,4
2023-05-10 09:02:51,l2401-C-7900,l2401-C-7900,286.0,0.0,0.0,0.0,1,17.0,0.0,0,286.0,0.0,0.0,0.0,0.0,0.0,4
2023-05-10 09:02:51,l2401-C-7900,l2401-C-7900,286.0,0.0,0.0,0.0,10,17.5,0.0,0,286.0,0.0,0.0,0.0,0.0,0.0,4
2023-05-10 09:02:54,l2401-C-7900,l2401-C-7900,286.0,0.0,0.0,0.0,1,18.0,0.0,0,286.0,0.0,0.0,0.0,0.0,0.0,4
2023-05-10 09:02:54,l2401-C-7900,l2401-C-7900,286.0,0.0,0.0,0.0,10,18.5,0.0,0,286.0,0.0,0.0,0.0,0.0,0.0,4
2023-05-10 09:03:04,l2401-C-7900,l2401-C-7900,286.0,0.0,0.0,0.0,1,19.0,0.0,0,286.0,0.0,0.0,0.0,0.0,0.0,4
2023-05-10 09:03:04,l2401-C-7900,l2401-C-7900,286.0,0.0,0.0,0.0,10,19.5,0.0,0,286.0,0.0,0.0,0.0,0.0,0.0,4
2023-05-10 09:03:07,l2401-C-7900,l2401-C-7900,286.0,0.0,0.0,0.0,1,20.0,0.0,0,286.0,0.0,0.0,0.0,0.0,0.0,4
2023-05-10 09:03:07,l2401-C-7900,l2401-C-7900,286.0,0.0,0.0,0.0,10,20.5,0.0,0,286.0,0.0,0.0,0.0,0.0,0.0,4
2023-05-10 09:03:09,l2401-C-7900,l2401-C-7900,286.0,0.0,0.0,0.0,1,21.0,0.0,0,286.0,0.0,0.0,0.0,0.0,0.0,4
2023-05-10 09:03:09,l2401-C-7900,l2401-C-7900,286.0,0.0,0.0,0.0,10,21.5,0.0,0,286.0,0.0,0.0,0.0,0.0,0.0,4
2023-05-10 09:03:10,l2401-C-7900,l2401-C-7900,286.0,0.0,0.0,0.0,1,22.0,0.0,0,286.0,0.0,0.0,0.0,0.0,0.0,4
2023-05-10 09:03:10,l2401-C-7900,l2401-C-7900,286.0,0.0,0.0,0.0,10,22.5,0.0,0,286.0,0.0,0.0,0.0,0.0,0.0,4
2023-05-10 09:03:12,l2401-C-7900,l2401-C-7900,286.0,0.0,0.0,0.0,1,23.0,0.0,0,286.0,0.0,0.0,0.0,0.0,0.0,4
2023-05-10 09:03:12,l2401-C-7900,l2401-C-7900,286.0,0.0,0.0,0.0,10,23.5,0.0,0,286.0,0.0,0.0,0.0,0.0,0.0,4
2023-05-10 09:03:14,l2401-C-7900,l2401-C-7900,286.0,0.0,0.0,0.0,1,24.0,0.0,0,286.0,0.0,0.0,0.0,0.0,0.0,4
2023-05-10 09:03:14,l2401-C-7900,l2401-C-7900,286.0,0.0,0.0,0.0,10,24.5,0.0,0,286.0,0.0,0.0,0.0,0.0,0.0,4
2023-05-10 09:03:15,l2401-C-7900,l2401-C-7900,286.0,0.0,0.0,0.0,1,25.0,0.0,0,286.0,0.0,0.0,0.0,0.0,0.0,4
2023-05-10 09:03:15,l2401-C-7900,l2401-C-7900,286.0,0.0,0.0,0.0,10,25.5,0.0,0,286.0,0.0,0.0,0.0,0.0,0.0,4
2023-05-10 09:03:17,l2401-C-7900,l2401-C-7900,286.0,0.0,0.0,0.0,1,32.0,0.0,0,286.0,0.0,0.0,0.0,0.0,0.0,4
2023-05-10 09:03:17,l2401-C-7900,l2401-C-7900,286.0,0.0,0.0,0.0,10,32.5,0.0,0,286.0,0.0,0.0,0.0,0.0,0.0,4
2023-05-10 09:03:19,l2401-C-7900,l2401-C-7900,286.0,0.0,0.0,0.0,1,33.0,0.0,0,286.0,0.0,0.0,0.0,0.0,0.0,4
2023-05-10 09:03:19,l2401-C-7900,l2401-C-7900,286.0,0.0,0.0,0.0,10,33.5,0.0,0,286.0,0.0,0.0,0.0,0.0,0.0,4
2023-05-10 09:03:20,l2401-C-7900,l2401-C-7900,286.0,0.0,0.0,0.0,1,34.0,0.0,0,286.0,0.0,0.0,0.0,0.0,0.0,4
2023-05-10 09:03:20,l2401-C-7900,l2401-C-7900,286.0,0.0,0.0,0.0,10,34.5,0.0,0,286.0,0.0,0.0,0.0,0.0,0.0,4
2023-05-10 09:03:22,l2401-C-7900,l2401-C-7900,286.0,0.0,0.0,0.0,1,35.0,0.0,0,286.0,0.0,0.0,0.0,0.0,0.0,4
2023-05-10 09:03:22,l2401-C-7900,l2401-C-7900,286.0,0.0,0.0,0.0,10,35.5,0.0,0,286.0,0.0,0.0,0.0,0.0,0.0,4
2023-05-10 09:04:06,l2401-C-7900,l2401-C-7900,286.0,0.0,0.0,0.0,1,36.0,0.0,0,286.0,0.0,0.0,0.0,0.0,0.0,4
2023-05-10 09:04:06,l2401-C-7900,l2401-C-7900,286.0,0.0,0.0,0.0,10,36.5,0.0,0,286.0,0.0,0.0,0.0,0.0,0.0,4
2023-05-10 09:05:03,l2401-C-7900,l2401-C-7900,286.0,0.0,0.0,0.0,1,37.0,0.0,0,286.0,0.0,0.0,0.0,0.0,0.0,4
2023-05-10 09:05:03,l2401-C-7900,l2401-C-7900,286.0,0.0,0.0,0.0,10,37.5,0.0,0,286.0,0.0,0.0,0.0,0.0,0.0,4
2023-05-10 09:05:25,l2401-C-7900,l2401-C-7900,286.0,0.0,0.0,0.0,1,38.0,0.0,0,286.0,0.0,0.0,0.0,0.0,0.0,4
2023-05-10 09:05:25,l2401-C-7900,l2401-C-7900,286.0,0.0,0.0,0.0,10,38.5,0.0,0,286.0,0.0,0.0,0.0,0.0,0.0,4
2023-05-10 09:05:34,l2401-C-7900,l2401-C-7900,286.0,0.0,0.0,0.0,1,39.0,0.0,0,286.0,0.0,0.0,0.0,0.0,0.0,4
2023-05-10 09:05:34,l2401-C-7900,l2401-C-7900,286.0,0.0,0.0,0.0,10,39.5,0.0,0,286.0,0.0,0.0,0.0,0.0,0.0,4
2023-05-10 09:05:55,l2401-C-7900,l2401-C-7900,286.0,0.0,0.0,0.0,1,40.0,0.0,0,286.0,0.0,0.0,0.0,0.0,0.0,4
2023-05-10 09:05:55,l2401-C-7900,l2401-C-7900,286.0,0.0,0.0,0.0,10,40.5,0.0,0,286.0,0.0,0.0,0.0,0.0,0.0,4
2023-05-10 09:06:21,l2401-C-7900,l2401-C-7900,286.0,0.0,0.0,0.0,1,41.0,0.0,0,286.0,0.0,0.0,0.0,0.0,0.0,4
2023-05-10 09:06:21,l2401-C-7900,l2401-C-7900,286.0,0.0,0.0,0.0,10,41.5,0.0,0,286.0,0.0,0.0,0.0,0.0,0.0,4
2023-05-10 09:06:37,l2401-C-7900,l2401-C-7900,286.0,0.0,0.0,0.0,1,42.0,0.0,0,286.0,0.0,0.0,0.0,0.0,0.0,4
2023-05-10 09:06:37,l2401-C-7900,l2401-C-7900,286.0,0.0,0.0,0.0,10,42.5,0.0,0,286.0,0.0,0.0,0.0,0.0,0.0,4
2023-05-10 09:09:31,l2401-C-7900,l2401-C-7900,286.0,0.0,0.0,0.0,1,43.0,0.0,0,286.0,0.0,0.0,0.0,0.0,0.0,4
2023-05-10 09:09:31,l2401-C-7900,l2401-C-7900,286.0,0.0,0.0,0.0,10,43.5,0.0,0,286.0,0.0,0.0,0.0,0.0,0.0,4
2023-05-10 09:09:36,l2401-C-7900,l2401-C-7900,286.0,0.0,0.0,0.0,1,44.0,0.0,0,286.0,0.0,0.0,0.0,0.0,0.0,4
2023-05-10 09:09:36,l2401-C-7900,l2401-C-7900,286.0,0.0,0.0,0.0,10,44.5,0.0,0,286.0,0.0,0.0,0.0,0.0,0.0,4
2023-05-10 09:09:38,l2401-C-7900,l2401-C-7900,286.0,0.0,0.0,0.0,1,45.0,0.0,0,286.0,0.0,0.0,0.0,0.0,0.0,4
2023-05-10 09:09:38,l2401-C-7900,l2401-C-7900,286.0,0.0,0.0,0.0,10,45.5,0.0,0,286.0,0.0,0.0,0.0,0.0,0.0,4
2023-05-10 09:09:41,l2401-C-7900,l2401-C-7900,286.0,0.0,0.0,0.0,1,46.0,0.0,0,286.0,0.0,0.0,0.0,0.0,0.0,4
2023-05-10 09:09:41,l2401-C-7900,l2401-C-7900,286.0,0.0,0.0,0.0,10,46.5,0.0,0,286.0,0.0,0.0,0.0,0.0,0.0,4
2023-05-10 09:09:43,l2401-C-7900,l2401-C-7900,286.0,0.0,0.0,0.0,1,47.0,0.0,0,286.0,0.0,0.0,0.0,0.0,0.0,4
2023-05-10 09:09:43,l2401-C-7900,l2401-C-7900,286.0,0.0,0.0,0.0,10,47.5,0.0,0,286.0,0.0,0.0,0.0,0.0,0.0,4
2023-05-10 09:09:46,l2401-C-7900,l2401-C-7900,286.0,0.0,0.0,0.0,1,48.0,0.0,0,286.0,0.0,0.0,0.0,0.0,0.0,4
2023-05-10 09:09:46,l2401-C-7900,l2401-C-7900,286.0,0.0,0.0,0.0,10,48.5,0.0,0,286.0,0.0,0.0,0.0,0.0,0.0,4
2023-05-10 09:09:49,l2401-C-7900,l2401-C-7900,286.0,0.0,0.0,0.0,1,49.0,0.0,0,286.0,0.0,0.0,0.0,0.0,0.0,4
2023-05-10 09:09:49,l2401-C-7900,l2401-C-7900,286.0,0.0,0.0,0.0,10,49.5,0.0,0,286.0,0.0,0.0,0.0,0.0,0.0,4
2023-05-10 09:09:52,l2401-C-7900,l2401-C-7900,286.0,0.0,0.0,0.0,1,50.0,0.0,0,286.0,0.0,0.0,0.0,0.0,0.0,4
2023-05-10 09:09:52,l2401-C-7900,l2401-C-7900,286.0,0.0,0.0,0.0,10,50.5,0.0,0,286.0,0.0,0.0,0.0,0.0,0.0,4
2023-05-10 09:09:55,l2401-C-7900,l2401-C-7900,286.0,0.0,0.0,0.0,1,51.0,0.0,0,286.0,0.0,0.0,0.0,0.0,0.0,4
2023-05-10 09:09:55,l2401-C-7900,l2401-C-7900,286.0,0.0,0.0,0.0,10,51.5,0.0,0,286.0,0.0,0.0,0.0,0.0,0.0,4
2023-05-10 09:09:57,l2401-C-7900,l2401-C-7900,286.0,0.0,0.0,0.0,1,52.0,0.0,0,286.0,0.0,0.0,0.0,0.0,0.0,4
2023-05-10 09:09:57,l2401-C-7900,l2401-C-7900,286.0,0.0,0.0,0.0,10,52.5,0.0,0,286.0,0.0,0.0,0.0,0.0,0.0,4
2023-05-10 09:10:00,l2401-C-7900,l2401-C-7900,286.0,0.0,0.0,0.0,1,53.0,0.0,0,286.0,0.0,0.0,0.0,0.0,0.0,4
2023-05-10 09:10:00,l2401-C-7900,l2401-C-7900,286.0,0.0,0.0,0.0,10,53.5,0.0,0,286.0,0.0,0.0,0.0,0.0,0.0,4
2023-05-10 09:10:02,l2401-C-7900,l2401-C-7900,286.0,0.0,0.0,0.0,1,54.0,0.0,0,286.0,0.0,0.0,0.0,0.0,0.0,4
2023-05-10 09:10:02,l2401-C-7900,l2401-C-7900,286.0,0.0,0.0,0.0,10,54.5,0.0,0,286.0,0.0,0.0,0.0,0.0,0.0,4
2023-05-10 09:10:03,l2401-C-7900,l2401-C-7900,286.0,0.0,0.0,0.0,1,55.0,0.0,0,286.0,0.0,0.0,0.0,0.0,0.0,4
2023-05-10 09:10:03,l2401-C-7900,l2401-C-7900,286.0,0.0,0.0,0.0,10,55.5,0.0,0,286.0,0.0,0.0,0.0,0.0,0.0,4
2023-05-10 09:10:05,l2401-C-7900,l2401-C-7900,286.0,0.0,0.0,0.0,1,56.0,0.0,0,286.0,0.0,0.0,0.0,0.0,0.0,4
2023-05-10 09:10:05,l2401-C-7900,l2401-C-7900,286.0,0.0,0.0,0.0,10,56.5,0.0,0,286.0,0.0,0.0,0.0,0.0,0.0,4
2023-05-10 09:10:06,l2401-C-7900,l2401-C-7900,286.0,0.0,0.0,0.0,1,57.0,0.0,0,286.0,0.0,0.0,0.0,0.0,0.0,4
2023-05-10 09:10:06,l2401-C-7900,l2401-C-7900,286.0,0.0,0.0,0.0,10,57.5,0.0,0,286.0,0.0,0.0,0.0,0.0,0.0,4
2023-05-10 09:10:07,l2401-C-7900,l2401-C-7900,286.0,0.0,0.0,0.0,1,58.0,0.0,0,286.0,0.0,0.0,0.0,0.0,0.0,4
2023-05-10 09:10:07,l2401-C-7900,l2401-C-7900,286.0,0.0,0.0,0.0,10,58.5,0.0,0,286.0,0.0,0.0,0.0,0.0,0.0,4
2023-05-10 09:10:09,l2401-C-7900,l2401-C-7900,286.0,0.0,0.0,0.0,1,59.0,0.0,0,286.0,0.0,0.0,0.0,0.0,0.0,4
2023-05-10 09:10:09,l2401-C-7900,l2401-C-7900,286.0,0.0,0.0,0.0,10,59.5,0.0,0,286.0,0.0,0.0,0.0,0.0,0.0,4
2023-05-10 09:10:12,l2401-C-7900,l2401-C-7900,286.0,0.0,0.0,0.0,1,60.0,0.0,0,286.0,0.0,0.0,0.0,0.0,0.0,4
2023-05-10 09:10:12,l2401-C-7900,l2401-C-7900,286.0,0.0,0.0,0.0,10,60.5,0.0,0,286.0,0.0,0.0,0.0,0.0,0.0,4
2023-05-10 09:10:13,l2401-C-7900,l2401-C-7900,286.0,0.0,0.0,0.0,1,61.0,0.0,0,286.0,0.0,0.0,0.0,0.0,0.0,4
2023-05-10 09:10:13,l2401-C-7900,l2401-C-7900,286.0,0.0,0.0,0.0,10,61.5,0.0,0,286.0,0.0,0.0,0.0,0.0,0.0,4
2023-05-10 09:10:15,l2401-C-7900,l2401-C-7900,286.0,0.0,0.0,0.0,1,62.0,0.0,0,286.0,0.0,0.0,0.0,0.0,0.0,4
2023-05-10 09:10:15,l2401-C-7900,l2401-C-7900,286.0,0.0,0.0,0.0,10,62.5,0.0,0,286.0,0.0,0.0,0.0,0.0,0.0,4
2023-05-10 09:10:16,l2401-C-7900,l2401-C-7900,286.0,0.0,0.0,0.0,1,63.0,0.0,0,286.0,0.0,0.0,0.0,0.0,0.0,4
2023-05-10 09:10:16,l2401-C-7900,l2401-C-7900,286.0,0.0,0.0,0.0,10,63.5,0.0,0,286.0,0.0,0.0,0.0,0.0,0.0,4
2023-05-10 09:10:17,l2401-C-7900,l2401-C-7900,286.0,0.0,0.0,0.0,1,64.0,0.0,0,286.0,0.0,0.0,0.0,0.0,0.0,4
2023-05-10 09:10:17,l2401-C-7900,l2401-C-7900,286.0,0.0,0.0,0.0,10,64.5,0.0,0,286.0,0.0,0.0,0.0,0.0,0.0,4
2023-05-10 09:10:19,l2401-C-7900,l2401-C-7900,286.0,0.0,0.0,0.0,1,65.0,0.0,0,286.0,0.0,0.0,0.0,0.0,0.0,4
2023-05-10 09:10:19,l2401-C-7900,l2401-C-7900,286.0,0.0,0.0,0.0,10,65.5,0.0,0,286.0,0.0,0.0,0.0,0.0,0.0,4
2023-05-10 09:10:20,l2401-C-7900,l2401-C-7900,286.0,0.0,0.0,0.0,1,66.0,0.0,0,286.0,0.0,0.0,0.0,0.0,0.0,4
2023-05-10 09:10:20,l2401-C-7900,l2401-C-7900,286.0,0.0,0.0,0.0,10,66.5,0.0,0,286.0,0.0,0.0,0.0,0.0,0.0,4
2023-05-10 09:10:22,l2401-C-7900,l2401-C-7900,286.0,0.0,0.0,0.0,1,67.0,0.0,0,286.0,0.0,0.0,0.0,0.0,0.0,4
2023-05-10 09:10:22,l2401-C-7900,l2401-C-7900,286.0,0.0,0.0,0.0,10,67.5,0.0,0,286.0,0.0,0.0,0.0,0.0,0.0,4
2023-05-10 09:10:23,l2401-C-7900,l2401-C-7900,286.0,0.0,0.0,0.0,1,68.0,0.0,0,286.0,0.0,0.0,0.0,0.0,0.0,4
2023-05-10 09:10:23,l2401-C-7900,l2401-C-7900,286.0,0.0,0.0,0.0,10,68.5,0.0,0,286.0,0.0,0.0,0.0,0.0,0.0,4
2023-05-10 09:10:24,l2401-C-7900,l2401-C-7900,286.0,0.0,0.0,0.0,1,69.0,0.0,0,286.0,0.0,0.0,0.0,0.0,0.0,4
2023-05-10 09:10:24,l2401-C-7900,l2401-C-7900,286.0,0.0,0.0,0.0,10,69.5,0.0,0,286.0,0.0,0.0,0.0,0.0,0.0,4
2023-05-10 09:10:26,l2401-C-7900,l2401-C-7900,286.0,0.0,0.0,0.0,1,70.0,0.0,0,286.0,0.0,0.0,0.0,0.0,0.0,4
2023-05-10 09:10:26,l2401-C-7900,l2401-C-7900,286.0,0.0,0.0,0.0,10,70.5,0.0,0,286.0,0.0,0.0,0.0,0.0,0.0,4
2023-05-10 09:10:27,l2401-C-7900,l2401-C-7900,286.0,0.0,0.0,0.0,1,71.0,0.0,0,286.0,0.0,0.0,0.0,0.0,0.0,4
2023-05-10 09:10:27,l2401-C-7900,l2401-C-7900,286.0,0.0,0.0,0.0,10,71.5,0.0,0,286.0,0.0,0.0,0.0,0.0,0.0,4
2023-05-10 09:10:29,l2401-C-7900,l2401-C-7900,286.0,0.0,0.0,0.0,1,72.0,0.0,0,286.0,0.0,0.0,0.0,0.0,0.0,4
2023-05-10 09:10:29,l2401-C-7900,l2401-C-7900,286.0,0.0,0.0,0.0,10,72.5,0.0,0,286.0,0.0,0.0,0.0,0.0,0.0,4
2023-05-10 09:10:30,l2401-C-7900,l2401-C-7900,286.0,0.0,0.0,0.0,1,73.0,0.0,0,286.0,0.0,0.0,0.0,0.0,0.0,4
2023-05-10 09:10:30,l2401-C-7900,l2401-C-7900,286.0,0.0,0.0,0.0,10,73.5,0.0,0,286.0,0.0,0.0,0.0,0.0,0.0,4
2023-05-10 09:10:31,l2401-C-7900,l2401-C-7900,286.0,0.0,0.0,0.0,1,74.0,0.0,0,286.0,0.0,0.0,0.0,0.0,0.0,4
2023-05-10 09:10:31,l2401-C-7900,l2401-C-7900,286.0,0.0,0.0,0.0,10,74.5,0.0,0,286.0,0.0,0.0,0.0,0.0,0.0,4
2023-05-10 09:10:33,l2401-C-7900,l2401-C-7900,286.0,0.0,0.0,0.0,1,75.0,0.0,0,286.0,0.0,0.0,0.0,0.0,0.0,4
2023-05-10 09:10:33,l2401-C-7900,l2401-C-7900,286.0,0.0,0.0,0.0,10,75.5,0.0,0,286.0,0.0,0.0,0.0,0.0,0.0,4
2023-05-10 09:10:34,l2401-C-7900,l2401-C-7900,286.0,0.0,0.0,0.0,1,76.0,0.0,0,286.0,0.0,0.0,0.0,0.0,0.0,4
2023-05-10 09:10:34,l2401-C-7900,l2401-C-7900,286.0,0.0,0.0,0.0,10,76.5,0.0,0,286.0,0.0,0.0,0.0,0.0,0.0,4
2023-05-10 09:10:35,l2401-C-7900,l2401-C-7900,286.0,0.0,0.0,0.0,1,77.0,0.0,0,286.0,0.0,0.0,0.0,0.0,0.0,4
2023-05-10 09:10:35,l2401-C-7900,l2401-C-7900,286.0,0.0,0.0,0.0,10,77.5,0.0,0,286.0,0.0,0.0,0.0,0.0,0.0,4
2023-05-10 09:10:36,l2401-C-7900,l2401-C-7900,286.0,0.0,0.0,0.0,1,78.0,0.0,0,286.0,0.0,0.0,0.0,0.0,0.0,4
2023-05-10 09:10:36,l2401-C-7900,l2401-C-7900,286.0,0.0,0.0,0.0,10,78.5,0.0,0,286.0,0.0,0.0,0.0,0.0,0.0,4
2023-05-10 09:10:38,l2401-C-7900,l2401-C-7900,286.0,0.0,0.0,0.0,1,79.0,0.0,0,286.0,0.0,0.0,0.0,0.0,0.0,4
2023-05-10 09:10:38,l2401-C-7900,l2401-C-7900,286.0,0.0,0.0,0.0,10,79.5,0.0,0,286.0,0.0,0.0,0.0,0.0,0.0,4
2023-05-10 09:10:39,l2401-C-7900,l2401-C-7900,286.0,0.0,0.0,0.0,1,80.0,0.0,0,286.0,0.0,0.0,0.0,0.0,0.0,4
2023-05-10 09:10:39,l2401-C-7900,l2401-C-7900,286.0,0.0,0.0,0.0,10,80.5,0.0,0,286.0,0.0,0.0,0.0,0.0,0.0,4
2023-05-10 09:10:40,l2401-C-7900,l2401-C-7900,286.0,0.0,0.0,0.0,1,81.0,0.0,0,286.0,0.0,0.0,0.0,0.0,0.0,4
2023-05-10 09:10:40,l2401-C-7900,l2401-C-7900,286.0,0.0,0.0,0.0,10,81.5,0.0,0,286.0,0.0,0.0,0.0,0.0,0.0,4
2023-05-10 09:10:41,l2401-C-7900,l2401-C-7900,286.0,0.0,0.0,0.0,1,82.0,0.0,0,286.0,0.0,0.0,0.0,0.0,0.0,4
2023-05-10 09:10:41,l2401-C-7900,l2401-C-7900,286.0,0.0,0.0,0.0,10,82.5,0.0,0,286.0,0.0,0.0,0.0,0.0,0.0,4
2023-05-10 09:10:43,l2401-C-7900,l2401-C-7900,286.0,0.0,0.0,0.0,1,83.0,0.0,0,286.0,0.0,0.0,0.0,0.0,0.0,4
2023-05-10 09:10:43,l2401-C-7900,l2401-C-7900,286.0,0.0,0.0,0.0,10,83.5,0.0,0,286.0,0.0,0.0,0.0,0.0,0.0,4
2023-05-10 09:10:44,l2401-C-7900,l2401-C-7900,286.0,0.0,0.0,0.0,1,84.0,0.0,0,286.0,0.0,0.0,0.0,0.0,0.0,4
2023-05-10 09:10:44,l2401-C-7900,l2401-C-7900,286.0,0.0,0.0,0.0,10,84.5,0.0,0,286.0,0.0,0.0,0.0,0.0,0.0,4
2023-05-10 09:10:45,l2401-C-7900,l2401-C-7900,286.0,0.0,0.0,0.0,1,85.0,0.0,0,286.0,0.0,0.0,0.0,0.0,0.0,4
2023-05-10 09:10:45,l2401-C-7900,l2401-C-7900,286.0,0.0,0.0,0.0,10,85.5,0.0,0,286.0,0.0,0.0,0.0,0.0,0.0,4
2023-05-10 09:19:22,l2401-C-7900,l2401-C-7900,286.0,0.0,0.0,0.0,1,86.0,0.0,0,286.0,0.0,0.0,0.0,0.0,0.0,4
2023-05-10 09:19:22,l2401-C-7900,l2401-C-7900,286.0,0.0,0.0,0.0,10,86.5,0.0,0,286.0,0.0,0.0,0.0,0.0,0.0,4
2023-05-10 09:42:24,l2401-C-7900,l2401-C-7900,286.0,0.0,0.0,0.0,1,87.0,0.0,0,286.0,0.0,0.0,0.0,0.0,0.0,4
2023-05-10 09:42:25,l2401-C-7900,l2401-C-7900,286.0,0.0,0.0,0.0,11,87.5,0.0,0,286.0,0.0,0.0,0.0,0.0,0.0,4
2023-05-10 10:12:26,l2401-C-7900,l2401-C-7900,286.0,0.0,0.0,0.0,10,87.5,0.0,0,286.0,0.0,0.0,0.0,0.0,0.0,4
2023-05-10 10:14:32,l2401-C-7900,l2401-C-7900,286.0,0.0,0.0,0.0,1,87.0,0.0,0,286.0,0.0,0.0,0.0,0.0,0.0,4
2023-05-10 10:30:05,l2401-C-7900,l2401-C-7900,286.0,0.0,0.0,0.0,10,87.5,0.0,0,286.0,0.0,0.0,0.0,0.0,0.0,4
2023-05-10 10:31:16,l2401-C-7900,l2401-C-7900,286.0,0.0,0.0,0.0,1,88.0,0.0,0,286.0,0.0,0.0,0.0,0.0,0.0,4
2023-05-10 10:31:16,l2401-C-7900,l2401-C-7900,286.0,0.0,0.0,0.0,10,88.5,0.0,0,286.0,0.0,0.0,0.0,0.0,0.0,4
2023-05-10 10:31:47,l2401-C-7900,l2401-C-7900,286.0,0.0,0.0,0.0,1,89.0,0.0,0,286.0,0.0,0.0,0.0,0.0,0.0,4
2023-05-10 10:31:47,l2401-C-7900,l2401-C-7900,286.0,0.0,0.0,0.0,10,89.5,0.0,0,286.0,0.0,0.0,0.0,0.0,0.0,4
2023-05-10 10:31:58,l2401-C-7900,l2401-C-7900,286.0,0.0,0.0,0.0,1,90.0,0.0,0,286.0,0.0,0.0,0.0,0.0,0.0,4
2023-05-10 10:31:58,l2401-C-7900,l2401-C-7900,286.0,0.0,0.0,0.0,10,90.5,0.0,0,286.0,0.0,0.0,0.0,0.0,0.0,4
2023-05-10 10:32:00,l2401-C-7900,l2401-C-7900,286.0,0.0,0.0,0.0,1,91.0,0.0,0,286.0,0.0,0.0,0.0,0.0,0.0,4
2023-05-10 10:32:00,l2401-C-7900,l2401-C-7900,286.0,0.0,0.0,0.0,10,91.5,0.0,0,286.0,0.0,0.0,0.0,0.0,0.0,4
2023-05-10 10:32:09,l2401-C-7900,l2401-C-7900,286.0,0.0,0.0,0.0,1,92.0,0.0,0,286.0,0.0,0.0,0.0,0.0,0.0,4
2023-05-10 10:32:09,l2401-C-7900,l2401-C-7900,286.0,0.0,0.0,0.0,10,92.5,0.0,0,286.0,0.0,0.0,0.0,0.0,0.0,4
2023-05-10 10:32:28,l2401-C-7900,l2401-C-7900,286.0,0.0,0.0,0.0,1,93.0,0.0,0,286.0,0.0,0.0,0.0,0.0,0.0,4
2023-05-10 10:32:28,l2401-C-7900,l2401-C-7900,286.0,0.0,0.0,0.0,10,93.5,0.0,0,286.0,0.0,0.0,0.0,0.0,0.0,4
2023-05-10 10:32:48,l2401-C-7900,l2401-C-7900,286.0,0.0,0.0,0.0,1,94.0,0.0,0,286.0,0.0,0.0,0.0,0.0,0.0,4
2023-05-10 10:32:48,l2401-C-7900,l2401-C-7900,286.0,0.0,0.0,0.0,10,94.5,0.0,0,286.0,0.0,0.0,0.0,0.0,0.0,4
2023-05-10 10:32:55,l2401-C-7900,l2401-C-7900,286.0,0.0,0.0,0.0,1,95.0,0.0,0,286.0,0.0,0.0,0.0,0.0,0.0,4
2023-05-10 10:32:55,l2401-C-7900,l2401-C-7900,286.0,0.0,0.0,0.0,10,95.5,0.0,0,286.0,0.0,0.0,0.0,0.0,0.0,4
2023-05-10 10:32:59,l2401-C-7900,l2401-C-7900,286.0,0.0,0.0,0.0,10,96.5,0.0,0,286.0,0.0,0.0,0.0,0.0,0.0,4
2023-05-10 10:33:02,l2401-C-7900,l2401-C-7900,286.0,0.0,0.0,0.0,1,97.0,0.0,0,286.0,0.0,0.0,0.0,0.0,0.0,4
2023-05-10 10:33:02,l2401-C-7900,l2401-C-7900,286.0,0.0,0.0,0.0,10,97.5,0.0,0,286.0,0.0,0.0,0.0,0.0,0.0,4
2023-05-10 10:33:06,l2401-C-7900,l2401-C-7900,286.0,0.0,0.0,0.0,1,98.0,0.0,0,286.0,0.0,0.0,0.0,0.0,0.0,4
2023-05-10 10:33:06,l2401-C-7900,l2401-C-7900,286.0,0.0,0.0,0.0,10,98.5,0.0,0,286.0,0.0,0.0,0.0,0.0,0.0,4
2023-05-10 10:33:10,l2401-C-7900,l2401-C-7900,286.0,0.0,0.0,0.0,1,99.0,0.0,0,286.0,0.0,0.0,0.0,0.0,0.0,4
2023-05-10 10:33:10,l2401-C-7900,l2401-C-7900,286.0,0.0,0.0,0.0,10,99.5,0.0,0,286.0,0.0,0.0,0.0,0.0,0.0,4
2023-05-10 10:33:15,l2401-C-7900,l2401-C-7900,286.0,0.0,0.0,0.0,1,100.0,0.0,0,286.0,0.0,0.0,0.0,0.0,0.0,4
2023-05-10 10:33:15,l2401-C-7900,l2401-C-7900,286.0,0.0,0.0,0.0,10,100.5,0.0,0,286.0,0.0,0.0,0.0,0.0,0.0,4
2023-05-10 10:33:17,l2401-C-7900,l2401-C-7900,286.0,0.0,0.0,0.0,1,101.0,0.0,0,286.0,0.0,0.0,0.0,0.0,0.0,4
2023-05-10 10:33:17,l2401-C-7900,l2401-C-7900,286.0,0.0,0.0,0.0,10,101.5,0.0,0,286.0,0.0,0.0,0.0,0.0,0.0,4
2023-05-10 10:33:19,l2401-C-7900,l2401-C-7900,286.0,0.0,0.0,0.0,1,102.0,0.0,0,286.0,0.0,0.0,0.0,0.0,0.0,4
2023-05-10 10:33:19,l2401-C-7900,l2401-C-7900,286.0,0.0,0.0,0.0,10,102.5,0.0,0,286.0,0.0,0.0,0.0,0.0,0.0,4
2023-05-10 10:33:22,l2401-C-7900,l2401-C-7900,286.0,0.0,0.0,0.0,1,103.0,0.0,0,286.0,0.0,0.0,0.0,0.0,0.0,4
2023-05-10 10:33:22,l2401-C-7900,l2401-C-7900,286.0,0.0,0.0,0.0,10,103.5,0.0,0,286.0,0.0,0.0,0.0,0.0,0.0,4
2023-05-10 10:33:24,l2401-C-7900,l2401-C-7900,286.0,0.0,0.0,0.0,1,104.0,0.0,0,286.0,0.0,0.0,0.0,0.0,0.0,4
2023-05-10 10:33:24,l2401-C-7900,l2401-C-7900,286.0,0.0,0.0,0.0,10,104.5,0.0,0,286.0,0.0,0.0,0.0,0.0,0.0,4
2023-05-10 10:33:26,l2401-C-7900,l2401-C-7900,286.0,0.0,0.0,0.0,1,105.0,0.0,0,286.0,0.0,0.0,0.0,0.0,0.0,4
2023-05-10 10:33:26,l2401-C-7900,l2401-C-7900,286.0,0.0,0.0,0.0,10,105.5,0.0,0,286.0,0.0,0.0,0.0,0.0,0.0,4
2023-05-10 10:33:28,l2401-C-7900,l2401-C-7900,286.0,0.0,0.0,0.0,1,106.0,0.0,0,286.0,0.0,0.0,0.0,0.0,0.0,4
2023-05-10 10:33:28,l2401-C-7900,l2401-C-7900,286.0,0.0,0.0,0.0,10,106.5,0.0,0,286.0,0.0,0.0,0.0,0.0,0.0,4
2023-05-10 10:33:31,l2401-C-7900,l2401-C-7900,286.0,0.0,0.0,0.0,1,107.0,0.0,0,286.0,0.0,0.0,0.0,0.0,0.0,4
2023-05-10 10:33:31,l2401-C-7900,l2401-C-7900,286.0,0.0,0.0,0.0,10,107.5,0.0,0,286.0,0.0,0.0,0.0,0.0,0.0,4
2023-05-10 10:33:33,l2401-C-7900,l2401-C-7900,286.0,0.0,0.0,0.0,1,108.0,0.0,0,286.0,0.0,0.0,0.0,0.0,0.0,4
2023-05-10 10:33:33,l2401-C-7900,l2401-C-7900,286.0,0.0,0.0,0.0,10,108.5,0.0,0,286.0,0.0,0.0,0.0,0.0,0.0,4
2023-05-10 10:33:34,l2401-C-7900,l2401-C-7900,286.0,0.0,0.0,0.0,1,109.0,0.0,0,286.0,0.0,0.0,0.0,0.0,0.0,4
2023-05-10 10:33:34,l2401-C-7900,l2401-C-7900,286.0,0.0,0.0,0.0,10,109.5,0.0,0,286.0,0.0,0.0,0.0,0.0,0.0,4
2023-05-10 10:33:36,l2401-C-7900,l2401-C-7900,286.0,0.0,0.0,0.0,1,110.0,0.0,0,286.0,0.0,0.0,0.0,0.0,0.0,4
2023-05-10 10:33:36,l2401-C-7900,l2401-C-7900,286.0,0.0,0.0,0.0,10,110.5,0.0,0,286.0,0.0,0.0,0.0,0.0,0.0,4
2023-05-10 10:33:37,l2401-C-7900,l2401-C-7900,286.0,0.0,0.0,0.0,1,111.0,0.0,0,286.0,0.0,0.0,0.0,0.0,0.0,4
2023-05-10 10:33:37,l2401-C-7900,l2401-C-7900,286.0,0.0,0.0,0.0,10,111.5,0.0,0,286.0,0.0,0.0,0.0,0.0,0.0,4
2023-05-10 10:33:39,l2401-C-7900,l2401-C-7900,286.0,0.0,0.0,0.0,1,112.0,0.0,0,286.0,0.0,0.0,0.0,0.0,0.0,4
2023-05-10 10:33:39,l2401-C-7900,l2401-C-7900,286.0,0.0,0.0,0.0,10,112.5,0.0,0,286.0,0.0,0.0,0.0,0.0,0.0,4
2023-05-10 10:33:41,l2401-C-7900,l2401-C-7900,286.0,0.0,0.0,0.0,1,113.0,0.0,0,286.0,0.0,0.0,0.0,0.0,0.0,4
2023-05-10 10:33:41,l2401-C-7900,l2401-C-7900,286.0,0.0,0.0,0.0,10,113.5,0.0,0,286.0,0.0,0.0,0.0,0.0,0.0,4
2023-05-10 10:33:42,l2401-C-7900,l2401-C-7900,286.0,0.0,0.0,0.0,1,114.0,0.0,0,286.0,0.0,0.0,0.0,0.0,0.0,4
2023-05-10 10:33:42,l2401-C-7900,l2401-C-7900,286.0,0.0,0.0,0.0,10,114.5,0.0,0,286.0,0.0,0.0,0.0,0.0,0.0,4
2023-05-10 10:33:44,l2401-C-7900,l2401-C-7900,286.0,0.0,0.0,0.0,1,115.0,0.0,0,286.0,0.0,0.0,0.0,0.0,0.0,4
2023-05-10 10:33:44,l2401-C-7900,l2401-C-7900,286.0,0.0,0.0,0.0,10,115.5,0.0,0,286.0,0.0,0.0,0.0,0.0,0.0,4
2023-05-10 10:33:46,l2401-C-7900,l2401-C-7900,286.0,0.0,0.0,0.0,1,116.0,0.0,0,286.0,0.0,0.0,0.0,0.0,0.0,4
2023-05-10 10:33:46,l2401-C-7900,l2401-C-7900,286.0,0.0,0.0,0.0,10,116.5,0.0,0,286.0,0.0,0.0,0.0,0.0,0.0,4
2023-05-10 10:33:47,l2401-C-7900,l2401-C-7900,286.0,0.0,0.0,0.0,1,117.0,0.0,0,286.0,0.0,0.0,0.0,0.0,0.0,4
2023-05-10 10:33:47,l2401-C-7900,l2401-C-7900,286.0,0.0,0.0,0.0,10,117.5,0.0,0,286.0,0.0,0.0,0.0,0.0,0.0,4
2023-05-10 10:33:49,l2401-C-7900,l2401-C-7900,286.0,0.0,0.0,0.0,1,118.0,0.0,0,286.0,0.0,0.0,0.0,0.0,0.0,4
2023-05-10 10:33:49,l2401-C-7900,l2401-C-7900,286.0,0.0,0.0,0.0,10,118.5,0.0,0,286.0,0.0,0.0,0.0,0.0,0.0,4
2023-05-10 10:33:51,l2401-C-7900,l2401-C-7900,286.0,0.0,0.0,0.0,1,119.0,0.0,0,286.0,0.0,0.0,0.0,0.0,0.0,4
2023-05-10 10:33:51,l2401-C-7900,l2401-C-7900,286.0,0.0,0.0,0.0,10,119.5,0.0,0,286.0,0.0,0.0,0.0,0.0,0.0,4
2023-05-10 10:33:52,l2401-C-7900,l2401-C-7900,286.0,0.0,0.0,0.0,1,120.0,0.0,0,286.0,0.0,0.0,0.0,0.0,0.0,4
2023-05-10 10:33:52,l2401-C-7900,l2401-C-7900,286.0,0.0,0.0,0.0,10,120.5,0.0,0,286.0,0.0,0.0,0.0,0.0,0.0,4
2023-05-10 10:33:54,l2401-C-7900,l2401-C-7900,286.0,0.0,0.0,0.0,1,121.0,0.0,0,286.0,0.0,0.0,0.0,0.0,0.0,4
2023-05-10 10:33:54,l2401-C-7900,l2401-C-7900,286.0,0.0,0.0,0.0,10,121.5,0.0,0,286.0,0.0,0.0,0.0,0.0,0.0,4
2023-05-10 10:33:55,l2401-C-7900,l2401-C-7900,286.0,0.0,0.0,0.0,1,122.0,0.0,0,286.0,0.0,0.0,0.0,0.0,0.0,4
2023-05-10 10:33:56,l2401-C-7900,l2401-C-7900,286.0,0.0,0.0,0.0,10,122.5,0.0,0,286.0,0.0,0.0,0.0,0.0,0.0,4
2023-05-10 10:33:57,l2401-C-7900,l2401-C-7900,286.0,0.0,0.0,0.0,1,123.0,0.0,0,286.0,0.0,0.0,0.0,0.0,0.0,4
2023-05-10 10:33:57,l2401-C-7900,l2401-C-7900,286.0,0.0,0.0,0.0,10,123.5,0.0,0,286.0,0.0,0.0,0.0,0.0,0.0,4
2023-05-10 10:33:58,l2401-C-7900,l2401-C-7900,286.0,0.0,0.0,0.0,1,124.0,0.0,0,286.0,0.0,0.0,0.0,0.0,0.0,4
2023-05-10 10:33:58,l2401-C-7900,l2401-C-7900,286.0,0.0,0.0,0.0,10,124.5,0.0,0,286.0,0.0,0.0,0.0,0.0,0.0,4
2023-05-10 10:34:00,l2401-C-7900,l2401-C-7900,286.0,0.0,0.0,0.0,1,125.0,0.0,0,286.0,0.0,0.0,0.0,0.0,0.0,4
2023-05-10 10:34:00,l2401-C-7900,l2401-C-7900,286.0,0.0,0.0,0.0,10,125.5,0.0,0,286.0,0.0,0.0,0.0,0.0,0.0,4
2023-05-10 10:34:02,l2401-C-7900,l2401-C-7900,286.0,0.0,0.0,0.0,1,126.0,0.0,0,286.0,0.0,0.0,0.0,0.0,0.0,4
2023-05-10 10:34:02,l2401-C-7900,l2401-C-7900,286.0,0.0,0.0,0.0,10,126.5,0.0,0,286.0,0.0,0.0,0.0,0.0,0.0,4
2023-05-10 10:34:03,l2401-C-7900,l2401-C-7900,286.0,0.0,0.0,0.0,1,127.0,0.0,0,286.0,0.0,0.0,0.0,0.0,0.0,4
2023-05-10 10:34:03,l2401-C-7900,l2401-C-7900,286.0,0.0,0.0,0.0,10,127.5,0.0,0,286.0,0.0,0.0,0.0,0.0,0.0,4
2023-05-10 10:34:04,l2401-C-7900,l2401-C-7900,286.0,0.0,0.0,0.0,1,128.0,0.0,0,286.0,0.0,0.0,0.0,0.0,0.0,4
2023-05-10 10:34:04,l2401-C-7900,l2401-C-7900,286.0,0.0,0.0,0.0,10,128.5,0.0,0,286.0,0.0,0.0,0.0,0.0,0.0,4
2023-05-10 10:34:05,l2401-C-7900,l2401-C-7900,286.0,0.0,0.0,0.0,1,129.0,0.0,0,286.0,0.0,0.0,0.0,0.0,0.0,4
2023-05-10 10:34:05,l2401-C-7900,l2401-C-7900,286.0,0.0,0.0,0.0,10,129.5,0.0,0,286.0,0.0,0.0,0.0,0.0,0.0,4
2023-05-10 10:34:07,l2401-C-7900,l2401-C-7900,286.0,0.0,0.0,0.0,1,130.0,0.0,0,286.0,0.0,0.0,0.0,0.0,0.0,4
2023-05-10 10:34:07,l2401-C-7900,l2401-C-7900,286.0,0.0,0.0,0.0,10,130.5,0.0,0,286.0,0.0,0.0,0.0,0.0,0.0,4
2023-05-10 10:34:08,l2401-C-7900,l2401-C-7900,286.0,0.0,0.0,0.0,1,131.0,0.0,0,286.0,0.0,0.0,0.0,0.0,0.0,4
2023-05-10 10:34:08,l2401-C-7900,l2401-C-7900,286.0,0.0,0.0,0.0,10,131.5,0.0,0,286.0,0.0,0.0,0.0,0.0,0.0,4
2023-05-10 10:34:09,l2401-C-7900,l2401-C-7900,286.0,0.0,0.0,0.0,1,132.0,0.0,0,286.0,0.0,0.0,0.0,0.0,0.0,4
2023-05-10 10:34:09,l2401-C-7900,l2401-C-7900,286.0,0.0,0.0,0.0,10,132.5,0.0,0,286.0,0.0,0.0,0.0,0.0,0.0,4
2023-05-10 10:34:11,l2401-C-7900,l2401-C-7900,286.0,0.0,0.0,0.0,1,133.0,0.0,0,286.0,0.0,0.0,0.0,0.0,0.0,4
2023-05-10 10:34:11,l2401-C-7900,l2401-C-7900,286.0,0.0,0.0,0.0,10,133.5,0.0,0,286.0,0.0,0.0,0.0,0.0,0.0,4
2023-05-10 10:34:12,l2401-C-7900,l2401-C-7900,286.0,0.0,0.0,0.0,1,134.0,0.0,0,286.0,0.0,0.0,0.0,0.0,0.0,4
2023-05-10 10:34:12,l2401-C-7900,l2401-C-7900,286.0,0.0,0.0,0.0,10,134.5,0.0,0,286.0,0.0,0.0,0.0,0.0,0.0,4
2023-05-10 10:34:13,l2401-C-7900,l2401-C-7900,286.0,0.0,0.0,0.0,1,135.0,0.0,0,286.0,0.0,0.0,0.0,0.0,0.0,4
2023-05-10 10:34:13,l2401-C-7900,l2401-C-7900,286.0,0.0,0.0,0.0,10,135.5,0.0,0,286.0,0.0,0.0,0.0,0.0,0.0,4
2023-05-10 10:34:14,l2401-C-7900,l2401-C-7900,286.0,0.0,0.0,0.0,1,136.0,0.0,0,286.0,0.0,0.0,0.0,0.0,0.0,4
2023-05-10 10:34:14,l2401-C-7900,l2401-C-7900,286.0,0.0,0.0,0.0,10,136.5,0.0,0,286.0,0.0,0.0,0.0,0.0,0.0,4
2023-05-10 11:25:09,l2401-C-7900,l2401-C-7900,286.0,0.0,0.0,0.0,1,137.0,0.0,0,286.0,0.0,0.0,0.0,0.0,0.0,4
2023-05-10 11:25:09,l2401-C-7900,l2401-C-7900,286.0,0.0,0.0,0.0,10,137.5,0.0,0,286.0,0.0,0.0,0.0,0.0,0.0,4
2023-05-10 11:29:32,l2401-C-7900,l2401-C-7900,286.0,0.0,0.0,0.0,1,87.0,0.0,0,286.0,0.0,0.0,0.0,0.0,0.0,4
2023-05-10 11:29:34,l2401-C-7900,l2401-C-7900,286.0,0.0,0.0,0.0,1,12.0,0.0,0,286.0,0.0,0.0,0.0,0.0,0.0,4
2023-05-10 13:30:02,l2401-C-7900,l2401-C-7900,286.0,0.0,0.0,0.0,10,12.5,0.0,0,286.0,0.0,0.0,0.0,0.0,0.0,4
2023-05-10 13:30:58,l2401-C-7900,l2401-C-7900,286.0,0.0,0.0,0.0,1,13.0,0.0,0,286.0,0.0,0.0,0.0,0.0,0.0,4
2023-05-10 13:30:58,l2401-C-7900,l2401-C-7900,286.0,0.0,0.0,0.0,10,13.5,0.0,0,286.0,0.0,0.0,0.0,0.0,0.0,4
2023-05-10 13:32:04,l2401-C-7900,l2401-C-7900,286.0,0.0,0.0,0.0,1,20.0,0.0,0,286.0,0.0,0.0,0.0,0.0,0.0,4
2023-05-10 13:32:04,l2401-C-7900,l2401-C-7900,286.0,0.0,0.0,0.0,10,20.5,0.0,0,286.0,0.0,0.0,0.0,0.0,0.0,4
2023-05-10 13:33:18,l2401-C-7900,l2401-C-7900,286.0,0.0,0.0,0.0,1,21.0,0.0,0,286.0,0.0,0.0,0.0,0.0,0.0,4
2023-05-10 13:33:18,l2401-C-7900,l2401-C-7900,286.0,0.0,0.0,0.0,10,21.5,0.0,0,286.0,0.0,0.0,0.0,0.0,0.0,4
2023-05-10 13:33:26,l2401-C-7900,l2401-C-7900,286.0,0.0,0.0,0.0,1,22.0,0.0,0,286.0,0.0,0.0,0.0,0.0,0.0,4
2023-05-10 13:33:26,l2401-C-7900,l2401-C-7900,286.0,0.0,0.0,0.0,10,22.5,0.0,0,286.0,0.0,0.0,0.0,0.0,0.0,4
2023-05-10 13:35:26,l2401-C-7900,l2401-C-7900,286.0,0.0,0.0,0.0,1,23.0,0.0,0,286.0,0.0,0.0,0.0,0.0,0.0,4
2023-05-10 13:35:26,l2401-C-7900,l2401-C-7900,286.0,0.0,0.0,0.0,10,23.5,0.0,0,286.0,0.0,0.0,0.0,0.0,0.0,4
2023-05-10 13:37:05,l2401-C-7900,l2401-C-7900,286.0,0.0,0.0,0.0,1,24.0,0.0,0,286.0,0.0,0.0,0.0,0.0,0.0,4
2023-05-10 13:37:05,l2401-C-7900,l2401-C-7900,286.0,0.0,0.0,0.0,10,24.5,0.0,0,286.0,0.0,0.0,0.0,0.0,0.0,4
2023-05-10 13:38:06,l2401-C-7900,l2401-C-7900,286.0,0.0,0.0,0.0,1,25.0,0.0,0,286.0,0.0,0.0,0.0,0.0,0.0,4
2023-05-10 13:38:06,l2401-C-7900,l2401-C-7900,286.0,0.0,0.0,0.0,10,25.5,0.0,0,286.0,0.0,0.0,0.0,0.0,0.0,4
2023-05-10 13:38:12,l2401-C-7900,l2401-C-7900,286.0,0.0,0.0,0.0,1,26.0,0.0,0,286.0,0.0,0.0,0.0,0.0,0.0,4
2023-05-10 13:38:12,l2401-C-7900,l2401-C-7900,286.0,0.0,0.0,0.0,10,26.5,0.0,0,286.0,0.0,0.0,0.0,0.0,0.0,4
2023-05-10 13:38:24,l2401-C-7900,l2401-C-7900,286.0,0.0,0.0,0.0,1,27.0,0.0,0,286.0,0.0,0.0,0.0,0.0,0.0,4
2023-05-10 13:38:24,l2401-C-7900,l2401-C-7900,286.0,0.0,0.0,0.0,10,27.5,0.0,0,286.0,0.0,0.0,0.0,0.0,0.0,4
2023-05-10 13:38:35,l2401-C-7900,l2401-C-7900,286.0,0.0,0.0,0.0,1,28.0,0.0,0,286.0,0.0,0.0,0.0,0.0,0.0,4
2023-05-10 13:38:35,l2401-C-7900,l2401-C-7900,286.0,0.0,0.0,0.0,10,28.5,0.0,0,286.0,0.0,0.0,0.0,0.0,0.0,4
2023-05-10 13:38:53,l2401-C-7900,l2401-C-7900,286.0,0.0,0.0,0.0,1,29.0,0.0,0,286.0,0.0,0.0,0.0,0.0,0.0,4
2023-05-10 13:38:53,l2401-C-7900,l2401-C-7900,286.0,0.0,0.0,0.0,10,29.5,0.0,0,286.0,0.0,0.0,0.0,0.0,0.0,4
2023-05-10 13:38:57,l2401-C-7900,l2401-C-7900,286.0,0.0,0.0,0.0,1,30.0,0.0,0,286.0,0.0,0.0,0.0,0.0,0.0,4
2023-05-10 13:38:57,l2401-C-7900,l2401-C-7900,286.0,0.0,0.0,0.0,10,30.5,0.0,0,286.0,0.0,0.0,0.0,0.0,0.0,4
2023-05-10 13:39:02,l2401-C-7900,l2401-C-7900,286.0,0.0,0.0,0.0,1,31.0,0.0,0,286.0,0.0,0.0,0.0,0.0,0.0,4
2023-05-10 13:39:02,l2401-C-7900,l2401-C-7900,286.0,0.0,0.0,0.0,10,31.5,0.0,0,286.0,0.0,0.0,0.0,0.0,0.0,4
2023-05-10 13:39:04,l2401-C-7900,l2401-C-7900,286.0,0.0,0.0,0.0,1,32.0,0.0,0,286.0,0.0,0.0,0.0,0.0,0.0,4
2023-05-10 13:39:04,l2401-C-7900,l2401-C-7900,286.0,0.0,0.0,0.0,10,32.5,0.0,0,286.0,0.0,0.0,0.0,0.0,0.0,4
2023-05-10 13:39:07,l2401-C-7900,l2401-C-7900,286.0,0.0,0.0,0.0,1,33.0,0.0,0,286.0,0.0,0.0,0.0,0.0,0.0,4
2023-05-10 13:39:07,l2401-C-7900,l2401-C-7900,286.0,0.0,0.0,0.0,10,33.5,0.0,0,286.0,0.0,0.0,0.0,0.0,0.0,4
2023-05-10 13:39:09,l2401-C-7900,l2401-C-7900,286.0,0.0,0.0,0.0,1,34.0,0.0,0,286.0,0.0,0.0,0.0,0.0,0.0,4
2023-05-10 13:39:09,l2401-C-7900,l2401-C-7900,286.0,0.0,0.0,0.0,10,34.5,0.0,0,286.0,0.0,0.0,0.0,0.0,0.0,4
2023-05-10 13:39:11,l2401-C-7900,l2401-C-7900,286.0,0.0,0.0,0.0,1,38.0,0.0,0,286.0,0.0,0.0,0.0,0.0,0.0,4
2023-05-10 13:39:11,l2401-C-7900,l2401-C-7900,286.0,0.0,0.0,0.0,10,38.5,0.0,0,286.0,0.0,0.0,0.0,0.0,0.0,4
2023-05-10 13:39:13,l2401-C-7900,l2401-C-7900,286.0,0.0,0.0,0.0,1,39.0,0.0,0,286.0,0.0,0.0,0.0,0.0,0.0,4
2023-05-10 13:39:13,l2401-C-7900,l2401-C-7900,286.0,0.0,0.0,0.0,10,39.5,0.0,0,286.0,0.0,0.0,0.0,0.0,0.0,4
2023-05-10 13:39:14,l2401-C-7900,l2401-C-7900,286.0,0.0,0.0,0.0,1,40.0,0.0,0,286.0,0.0,0.0,0.0,0.0,0.0,4
2023-05-10 13:39:14,l2401-C-7900,l2401-C-7900,286.0,0.0,0.0,0.0,10,40.5,0.0,0,286.0,0.0,0.0,0.0,0.0,0.0,4
2023-05-10 13:39:16,l2401-C-7900,l2401-C-7900,286.0,0.0,0.0,0.0,1,41.0,0.0,0,286.0,0.0,0.0,0.0,0.0,0.0,4
2023-05-10 13:39:16,l2401-C-7900,l2401-C-7900,286.0,0.0,0.0,0.0,10,41.5,0.0,0,286.0,0.0,0.0,0.0,0.0,0.0,4
2023-05-10 13:39:18,l2401-C-7900,l2401-C-7900,286.0,0.0,0.0,0.0,1,42.0,0.0,0,286.0,0.0,0.0,0.0,0.0,0.0,4
2023-05-10 13:39:18,l2401-C-7900,l2401-C-7900,286.0,0.0,0.0,0.0,10,42.5,0.0,0,286.0,0.0,0.0,0.0,0.0,0.0,4
2023-05-10 13:39:20,l2401-C-7900,l2401-C-7900,286.0,0.0,0.0,0.0,1,43.0,0.0,0,286.0,0.0,0.0,0.0,0.0,0.0,4
2023-05-10 13:39:20,l2401-C-7900,l2401-C-7900,286.0,0.0,0.0,0.0,10,43.5,0.0,0,286.0,0.0,0.0,0.0,0.0,0.0,4
2023-05-10 13:39:21,l2401-C-7900,l2401-C-7900,286.0,0.0,0.0,0.0,1,44.0,0.0,0,286.0,0.0,0.0,0.0,0.0,0.0,4
2023-05-10 13:39:21,l2401-C-7900,l2401-C-7900,286.0,0.0,0.0,0.0,10,44.5,0.0,0,286.0,0.0,0.0,0.0,0.0,0.0,4
2023-05-10 13:39:23,l2401-C-7900,l2401-C-7900,286.0,0.0,0.0,0.0,1,45.0,0.0,0,286.0,0.0,0.0,0.0,0.0,0.0,4
2023-05-10 13:39:23,l2401-C-7900,l2401-C-7900,286.0,0.0,0.0,0.0,10,45.5,0.0,0,286.0,0.0,0.0,0.0,0.0,0.0,4
2023-05-10 13:39:25,l2401-C-7900,l2401-C-7900,286.0,0.0,0.0,0.0,1,46.0,0.0,0,286.0,0.0,0.0,0.0,0.0,0.0,4
2023-05-10 13:39:25,l2401-C-7900,l2401-C-7900,286.0,0.0,0.0,0.0,10,46.5,0.0,0,286.0,0.0,0.0,0.0,0.0,0.0,4
2023-05-10 13:39:27,l2401-C-7900,l2401-C-7900,286.0,0.0,0.0,0.0,1,47.0,0.0,0,286.0,0.0,0.0,0.0,0.0,0.0,4
2023-05-10 13:39:27,l2401-C-7900,l2401-C-7900,286.0,0.0,0.0,0.0,10,47.5,0.0,0,286.0,0.0,0.0,0.0,0.0,0.0,4
2023-05-10 13:39:29,l2401-C-7900,l2401-C-7900,286.0,0.0,0.0,0.0,1,48.0,0.0,0,286.0,0.0,0.0,0.0,0.0,0.0,4
2023-05-10 13:39:29,l2401-C-7900,l2401-C-7900,286.0,0.0,0.0,0.0,10,48.5,0.0,0,286.0,0.0,0.0,0.0,0.0,0.0,4
2023-05-10 13:39:30,l2401-C-7900,l2401-C-7900,286.0,0.0,0.0,0.0,1,49.0,0.0,0,286.0,0.0,0.0,0.0,0.0,0.0,4
2023-05-10 13:39:30,l2401-C-7900,l2401-C-7900,286.0,0.0,0.0,0.0,10,49.5,0.0,0,286.0,0.0,0.0,0.0,0.0,0.0,4
2023-05-10 13:39:32,l2401-C-7900,l2401-C-7900,286.0,0.0,0.0,0.0,1,50.0,0.0,0,286.0,0.0,0.0,0.0,0.0,0.0,4
2023-05-10 13:39:32,l2401-C-7900,l2401-C-7900,286.0,0.0,0.0,0.0,10,50.5,0.0,0,286.0,0.0,0.0,0.0,0.0,0.0,4
2023-05-10 13:39:34,l2401-C-7900,l2401-C-7900,286.0,0.0,0.0,0.0,1,51.0,0.0,0,286.0,0.0,0.0,0.0,0.0,0.0,4
2023-05-10 13:39:34,l2401-C-7900,l2401-C-7900,286.0,0.0,0.0,0.0,10,51.5,0.0,0,286.0,0.0,0.0,0.0,0.0,0.0,4
2023-05-10 13:39:36,l2401-C-7900,l2401-C-7900,286.0,0.0,0.0,0.0,1,52.0,0.0,0,286.0,0.0,0.0,0.0,0.0,0.0,4
2023-05-10 13:39:36,l2401-C-7900,l2401-C-7900,286.0,0.0,0.0,0.0,10,52.5,0.0,0,286.0,0.0,0.0,0.0,0.0,0.0,4
2023-05-10 13:39:37,l2401-C-7900,l2401-C-7900,286.0,0.0,0.0,0.0,1,53.0,0.0,0,286.0,0.0,0.0,0.0,0.0,0.0,4
2023-05-10 13:39:37,l2401-C-7900,l2401-C-7900,286.0,0.0,0.0,0.0,10,53.5,0.0,0,286.0,0.0,0.0,0.0,0.0,0.0,4
2023-05-10 13:39:39,l2401-C-7900,l2401-C-7900,286.0,0.0,0.0,0.0,1,54.0,0.0,0,286.0,0.0,0.0,0.0,0.0,0.0,4
2023-05-10 13:39:39,l2401-C-7900,l2401-C-7900,286.0,0.0,0.0,0.0,10,54.5,0.0,0,286.0,0.0,0.0,0.0,0.0,0.0,4
2023-05-10 13:39:40,l2401-C-7900,l2401-C-7900,286.0,0.0,0.0,0.0,1,55.0,0.0,0,286.0,0.0,0.0,0.0,0.0,0.0,4
2023-05-10 13:39:40,l2401-C-7900,l2401-C-7900,286.0,0.0,0.0,0.0,10,55.5,0.0,0,286.0,0.0,0.0,0.0,0.0,0.0,4
2023-05-10 13:39:43,l2401-C-7900,l2401-C-7900,286.0,0.0,0.0,0.0,1,56.0,0.0,0,286.0,0.0,0.0,0.0,0.0,0.0,4
2023-05-10 13:39:43,l2401-C-7900,l2401-C-7900,286.0,0.0,0.0,0.0,10,56.5,0.0,0,286.0,0.0,0.0,0.0,0.0,0.0,4
2023-05-10 13:39:49,l2401-C-7900,l2401-C-7900,286.0,0.0,0.0,0.0,1,57.0,0.0,0,286.0,0.0,0.0,0.0,0.0,0.0,4
2023-05-10 13:39:49,l2401-C-7900,l2401-C-7900,286.0,0.0,0.0,0.0,10,57.5,0.0,0,286.0,0.0,0.0,0.0,0.0,0.0,4
2023-05-10 13:39:52,l2401-C-7900,l2401-C-7900,286.0,0.0,0.0,0.0,1,58.0,0.0,0,286.0,0.0,0.0,0.0,0.0,0.0,4
2023-05-10 13:39:52,l2401-C-7900,l2401-C-7900,286.0,0.0,0.0,0.0,10,58.5,0.0,0,286.0,0.0,0.0,0.0,0.0,0.0,4
2023-05-10 13:39:58,l2401-C-7900,l2401-C-7900,286.0,0.0,0.0,0.0,1,59.0,0.0,0,286.0,0.0,0.0,0.0,0.0,0.0,4
2023-05-10 13:39:58,l2401-C-7900,l2401-C-7900,286.0,0.0,0.0,0.0,10,59.5,0.0,0,286.0,0.0,0.0,0.0,0.0,0.0,4
2023-05-10 13:39:59,l2401-C-7900,l2401-C-7900,286.0,0.0,0.0,0.0,1,60.0,0.0,0,286.0,0.0,0.0,0.0,0.0,0.0,4
2023-05-10 13:39:59,l2401-C-7900,l2401-C-7900,286.0,0.0,0.0,0.0,10,60.5,0.0,0,286.0,0.0,0.0,0.0,0.0,0.0,4
2023-05-10 13:40:00,l2401-C-7900,l2401-C-7900,286.0,0.0,0.0,0.0,1,61.0,0.0,0,286.0,0.0,0.0,0.0,0.0,0.0,4
2023-05-10 13:40:00,l2401-C-7900,l2401-C-7900,286.0,0.0,0.0,0.0,10,61.5,0.0,0,286.0,0.0,0.0,0.0,0.0,0.0,4
2023-05-10 13:40:01,l2401-C-7900,l2401-C-7900,286.0,0.0,0.0,0.0,1,62.0,0.0,0,286.0,0.0,0.0,0.0,0.0,0.0,4
2023-05-10 13:40:01,l2401-C-7900,l2401-C-7900,286.0,0.0,0.0,0.0,10,62.5,0.0,0,286.0,0.0,0.0,0.0,0.0,0.0,4
2023-05-10 13:40:02,l2401-C-7900,l2401-C-7900,286.0,0.0,0.0,0.0,1,63.0,0.0,0,286.0,0.0,0.0,0.0,0.0,0.0,4
2023-05-10 13:40:02,l2401-C-7900,l2401-C-7900,286.0,0.0,0.0,0.0,10,63.5,0.0,0,286.0,0.0,0.0,0.0,0.0,0.0,4
2023-05-10 13:40:03,l2401-C-7900,l2401-C-7900,286.0,0.0,0.0,0.0,1,64.0,0.0,0,286.0,0.0,0.0,0.0,0.0,0.0,4
2023-05-10 13:40:03,l2401-C-7900,l2401-C-7900,286.0,0.0,0.0,0.0,10,64.5,0.0,0,286.0,0.0,0.0,0.0,0.0,0.0,4
2023-05-10 13:40:05,l2401-C-7900,l2401-C-7900,286.0,0.0,0.0,0.0,1,65.0,0.0,0,286.0,0.0,0.0,0.0,0.0,0.0,4
2023-05-10 13:40:05,l2401-C-7900,l2401-C-7900,286.0,0.0,0.0,0.0,10,65.5,0.0,0,286.0,0.0,0.0,0.0,0.0,0.0,4
2023-05-10 13:40:06,l2401-C-7900,l2401-C-7900,286.0,0.0,0.0,0.0,1,66.0,0.0,0,286.0,0.0,0.0,0.0,0.0,0.0,4
2023-05-10 13:40:06,l2401-C-7900,l2401-C-7900,286.0,0.0,0.0,0.0,10,66.5,0.0,0,286.0,0.0,0.0,0.0,0.0,0.0,4
2023-05-10 13:40:08,l2401-C-7900,l2401-C-7900,286.0,0.0,0.0,0.0,1,67.0,0.0,0,286.0,0.0,0.0,0.0,0.0,0.0,4
2023-05-10 13:40:08,l2401-C-7900,l2401-C-7900,286.0,0.0,0.0,0.0,10,67.5,0.0,0,286.0,0.0,0.0,0.0,0.0,0.0,4
2023-05-10 13:40:09,l2401-C-7900,l2401-C-7900,286.0,0.0,0.0,0.0,1,68.0,0.0,0,286.0,0.0,0.0,0.0,0.0,0.0,4
2023-05-10 13:40:09,l2401-C-7900,l2401-C-7900,286.0,0.0,0.0,0.0,10,68.5,0.0,0,286.0,0.0,0.0,0.0,0.0,0.0,4
2023-05-10 13:40:10,l2401-C-7900,l2401-C-7900,286.0,0.0,0.0,0.0,1,69.0,0.0,0,286.0,0.0,0.0,0.0,0.0,0.0,4
2023-05-10 13:40:10,l2401-C-7900,l2401-C-7900,286.0,0.0,0.0,0.0,10,69.5,0.0,0,286.0,0.0,0.0,0.0,0.0,0.0,4
2023-05-10 13:40:12,l2401-C-7900,l2401-C-7900,286.0,0.0,0.0,0.0,1,70.0,0.0,0,286.0,0.0,0.0,0.0,0.0,0.0,4
2023-05-10 13:40:12,l2401-C-7900,l2401-C-7900,286.0,0.0,0.0,0.0,10,70.5,0.0,0,286.0,0.0,0.0,0.0,0.0,0.0,4
2023-05-10 13:40:13,l2401-C-7900,l2401-C-7900,286.0,0.0,0.0,0.0,1,71.0,0.0,0,286.0,0.0,0.0,0.0,0.0,0.0,4
2023-05-10 13:40:13,l2401-C-7900,l2401-C-7900,286.0,0.0,0.0,0.0,10,71.5,0.0,0,286.0,0.0,0.0,0.0,0.0,0.0,4
2023-05-10 13:40:14,l2401-C-7900,l2401-C-7900,286.0,0.0,0.0,0.0,1,72.0,0.0,0,286.0,0.0,0.0,0.0,0.0,0.0,4
2023-05-10 13:40:14,l2401-C-7900,l2401-C-7900,286.0,0.0,0.0,0.0,10,72.5,0.0,0,286.0,0.0,0.0,0.0,0.0,0.0,4
2023-05-10 13:40:16,l2401-C-7900,l2401-C-7900,286.0,0.0,0.0,0.0,1,73.0,0.0,0,286.0,0.0,0.0,0.0,0.0,0.0,4
2023-05-10 13:40:16,l2401-C-7900,l2401-C-7900,286.0,0.0,0.0,0.0,10,73.5,0.0,0,286.0,0.0,0.0,0.0,0.0,0.0,4
2023-05-10 13:40:17,l2401-C-7900,l2401-C-7900,286.0,0.0,0.0,0.0,1,74.0,0.0,0,286.0,0.0,0.0,0.0,0.0,0.0,4
2023-05-10 13:40:17,l2401-C-7900,l2401-C-7900,286.0,0.0,0.0,0.0,10,74.5,0.0,0,286.0,0.0,0.0,0.0,0.0,0.0,4
2023-05-10 13:40:18,l2401-C-7900,l2401-C-7900,286.0,0.0,0.0,0.0,1,75.0,0.0,0,286.0,0.0,0.0,0.0,0.0,0.0,4
2023-05-10 13:40:18,l2401-C-7900,l2401-C-7900,286.0,0.0,0.0,0.0,10,75.5,0.0,0,286.0,0.0,0.0,0.0,0.0,0.0,4
2023-05-10 13:40:20,l2401-C-7900,l2401-C-7900,286.0,0.0,0.0,0.0,1,76.0,0.0,0,286.0,0.0,0.0,0.0,0.0,0.0,4
2023-05-10 13:40:20,l2401-C-7900,l2401-C-7900,286.0,0.0,0.0,0.0,10,76.5,0.0,0,286.0,0.0,0.0,0.0,0.0,0.0,4
2023-05-10 13:40:21,l2401-C-7900,l2401-C-7900,286.0,0.0,0.0,0.0,1,77.0,0.0,0,286.0,0.0,0.0,0.0,0.0,0.0,4
2023-05-10 13:40:21,l2401-C-7900,l2401-C-7900,286.0,0.0,0.0,0.0,10,77.5,0.0,0,286.0,0.0,0.0,0.0,0.0,0.0,4
2023-05-10 13:40:22,l2401-C-7900,l2401-C-7900,286.0,0.0,0.0,0.0,1,78.0,0.0,0,286.0,0.0,0.0,0.0,0.0,0.0,4
2023-05-10 13:40:22,l2401-C-7900,l2401-C-7900,286.0,0.0,0.0,0.0,10,78.5,0.0,0,286.0,0.0,0.0,0.0,0.0,0.0,4
2023-05-10 13:40:23,l2401-C-7900,l2401-C-7900,286.0,0.0,0.0,0.0,1,79.0,0.0,0,286.0,0.0,0.0,0.0,0.0,0.0,4
2023-05-10 13:40:23,l2401-C-7900,l2401-C-7900,286.0,0.0,0.0,0.0,10,79.5,0.0,0,286.0,0.0,0.0,0.0,0.0,0.0,4
2023-05-10 13:40:24,l2401-C-7900,l2401-C-7900,286.0,0.0,0.0,0.0,1,80.0,0.0,0,286.0,0.0,0.0,0.0,0.0,0.0,4
2023-05-10 13:40:24,l2401-C-7900,l2401-C-7900,286.0,0.0,0.0,0.0,10,80.5,0.0,0,286.0,0.0,0.0,0.0,0.0,0.0,4
2023-05-10 13:40:25,l2401-C-7900,l2401-C-7900,286.0,0.0,0.0,0.0,1,81.0,0.0,0,286.0,0.0,0.0,0.0,0.0,0.0,4
2023-05-10 13:40:25,l2401-C-7900,l2401-C-7900,286.0,0.0,0.0,0.0,10,81.5,0.0,0,286.0,0.0,0.0,0.0,0.0,0.0,4
2023-05-10 13:40:26,l2401-C-7900,l2401-C-7900,286.0,0.0,0.0,0.0,1,82.0,0.0,0,286.0,0.0,0.0,0.0,0.0,0.0,4
2023-05-10 13:40:26,l2401-C-7900,l2401-C-7900,286.0,0.0,0.0,0.0,10,82.5,0.0,0,286.0,0.0,0.0,0.0,0.0,0.0,4
2023-05-10 13:40:27,l2401-C-7900,l2401-C-7900,286.0,0.0,0.0,0.0,1,83.0,0.0,0,286.0,0.0,0.0,0.0,0.0,0.0,4
2023-05-10 13:40:27,l2401-C-7900,l2401-C-7900,286.0,0.0,0.0,0.0,10,83.5,0.0,0,286.0,0.0,0.0,0.0,0.0,0.0,4
2023-05-10 13:40:28,l2401-C-7900,l2401-C-7900,286.0,0.0,0.0,0.0,1,84.0,0.0,0,286.0,0.0,0.0,0.0,0.0,0.0,4
2023-05-10 13:40:28,l2401-C-7900,l2401-C-7900,286.0,0.0,0.0,0.0,10,84.5,0.0,0,286.0,0.0,0.0,0.0,0.0,0.0,4
2023-05-10 13:40:29,l2401-C-7900,l2401-C-7900,286.0,0.0,0.0,0.0,1,85.0,0.0,0,286.0,0.0,0.0,0.0,0.0,0.0,4
2023-05-10 13:40:29,l2401-C-7900,l2401-C-7900,286.0,0.0,0.0,0.0,10,85.5,0.0,0,286.0,0.0,0.0,0.0,0.0,0.0,4
2023-05-10 13:40:30,l2401-C-7900,l2401-C-7900,286.0,0.0,0.0,0.0,1,86.0,0.0,0,286.0,0.0,0.0,0.0,0.0,0.0,4
2023-05-10 13:40:30,l2401-C-7900,l2401-C-7900,286.0,0.0,0.0,0.0,10,86.5,0.0,0,286.0,0.0,0.0,0.0,0.0,0.0,4
2023-05-10 13:40:31,l2401-C-7900,l2401-C-7900,286.0,0.0,0.0,0.0,1,87.0,0.0,0,286.0,0.0,0.0,0.0,0.0,0.0,4
2023-05-10 13:40:31,l2401-C-7900,l2401-C-7900,286.0,0.0,0.0,0.0,10,87.5,0.0,0,286.0,0.0,0.0,0.0,0.0,0.0,4
2023-05-10 13:40:32,l2401-C-7900,l2401-C-7900,286.0,0.0,0.0,0.0,1,88.0,0.0,0,286.0,0.0,0.0,0.0,0.0,0.0,4
2023-05-10 13:40:32,l2401-C-7900,l2401-C-7900,286.0,0.0,0.0,0.0,10,88.5,0.0,0,286.0,0.0,0.0,0.0,0.0,0.0,4
2023-05-10 13:40:33,l2401-C-7900,l2401-C-7900,286.0,0.0,0.0,0.0,1,89.0,0.0,0,286.0,0.0,0.0,0.0,0.0,0.0,4
2023-05-10 13:40:33,l2401-C-7900,l2401-C-7900,286.0,0.0,0.0,0.0,10,89.5,0.0,0,286.0,0.0,0.0,0.0,0.0,0.0,4
2023-05-10 13:40:34,l2401-C-7900,l2401-C-7900,286.0,0.0,0.0,0.0,1,90.0,0.0,0,286.0,0.0,0.0,0.0,0.0,0.0,4
2023-05-10 13:40:34,l2401-C-7900,l2401-C-7900,286.0,0.0,0.0,0.0,10,90.5,0.0,0,286.0,0.0,0.0,0.0,0.0,0.0,4
2023-05-10 13:40:35,l2401-C-7900,l2401-C-7900,286.0,0.0,0.0,0.0,1,91.0,0.0,0,286.0,0.0,0.0,0.0,0.0,0.0,4
2023-05-10 13:40:35,l2401-C-7900,l2401-C-7900,286.0,0.0,0.0,0.0,10,91.5,0.0,0,286.0,0.0,0.0,0.0,0.0,0.0,4
2023-05-10 13:40:36,l2401-C-7900,l2401-C-7900,286.0,0.0,0.0,0.0,1,92.0,0.0,0,286.0,0.0,0.0,0.0,0.0,0.0,4
2023-05-10 13:40:36,l2401-C-7900,l2401-C-7900,286.0,0.0,0.0,0.0,10,92.5,0.0,0,286.0,0.0,0.0,0.0,0.0,0.0,4
2023-05-10 13:40:37,l2401-C-7900,l2401-C-7900,286.0,0.0,0.0,0.0,1,93.0,0.0,0,286.0,0.0,0.0,0.0,0.0,0.0,4
2023-05-10 13:40:37,l2401-C-7900,l2401-C-7900,286.0,0.0,0.0,0.0,10,93.5,0.0,0,286.0,0.0,0.0,0.0,0.0,0.0,4
2023-05-10 13:40:38,l2401-C-7900,l2401-C-7900,286.0,0.0,0.0,0.0,1,94.0,0.0,0,286.0,0.0,0.0,0.0,0.0,0.0,4
2023-05-10 13:40:38,l2401-C-7900,l2401-C-7900,286.0,0.0,0.0,0.0,10,94.5,0.0,0,286.0,0.0,0.0,0.0,0.0,0.0,4
2023-05-10 13:40:39,l2401-C-7900,l2401-C-7900,286.0,0.0,0.0,0.0,1,95.0,0.0,0,286.0,0.0,0.0,0.0,0.0,0.0,4
2023-05-10 13:40:39,l2401-C-7900,l2401-C-7900,286.0,0.0,0.0,0.0,10,95.5,0.0,0,286.0,0.0,0.0,0.0,0.0,0.0,4
2023-05-10 13:40:40,l2401-C-7900,l2401-C-7900,286.0,0.0,0.0,0.0,1,96.0,0.0,0,286.0,0.0,0.0,0.0,0.0,0.0,4
2023-05-10 13:40:40,l2401-C-7900,l2401-C-7900,286.0,0.0,0.0,0.0,10,96.5,0.0,0,286.0,0.0,0.0,0.0,0.0,0.0,4
2023-05-10 13:40:41,l2401-C-7900,l2401-C-7900,286.0,0.0,0.0,0.0,1,97.0,0.0,0,286.0,0.0,0.0,0.0,0.0,0.0,4
2023-05-10 13:40:41,l2401-C-7900,l2401-C-7900,286.0,0.0,0.0,0.0,10,97.5,0.0,0,286.0,0.0,0.0,0.0,0.0,0.0,4
2023-05-10 13:40:42,l2401-C-7900,l2401-C-7900,286.0,0.0,0.0,0.0,1,98.0,0.0,0,286.0,0.0,0.0,0.0,0.0,0.0,4
2023-05-10 13:40:42,l2401-C-7900,l2401-C-7900,286.0,0.0,0.0,0.0,10,98.5,0.0,0,286.0,0.0,0.0,0.0,0.0,0.0,4
2023-05-10 13:40:43,l2401-C-7900,l2401-C-7900,286.0,0.0,0.0,0.0,1,99.0,0.0,0,286.0,0.0,0.0,0.0,0.0,0.0,4
2023-05-10 13:40:43,l2401-C-7900,l2401-C-7900,286.0,0.0,0.0,0.0,10,99.5,0.0,0,286.0,0.0,0.0,0.0,0.0,0.0,4
2023-05-10 13:40:44,l2401-C-7900,l2401-C-7900,286.0,0.0,0.0,0.0,1,100.0,0.0,0,286.0,0.0,0.0,0.0,0.0,0.0,4
2023-05-10 13:40:44,l2401-C-7900,l2401-C-7900,286.0,0.0,0.0,0.0,10,100.5,0.0,0,286.0,0.0,0.0,0.0,0.0,0.0,4
2023-05-10 13:40:45,l2401-C-7900,l2401-C-7900,286.0,0.0,0.0,0.0,1,101.0,0.0,0,286.0,0.0,0.0,0.0,0.0,0.0,4
2023-05-10 13:40:45,l2401-C-7900,l2401-C-7900,286.0,0.0,0.0,0.0,10,101.5,0.0,0,286.0,0.0,0.0,0.0,0.0,0.0,4
2023-05-10 13:40:47,l2401-C-7900,l2401-C-7900,286.0,0.0,0.0,0.0,1,102.0,0.0,0,286.0,0.0,0.0,0.0,0.0,0.0,4
2023-05-10 13:40:47,l2401-C-7900,l2401-C-7900,286.0,0.0,0.0,0.0,10,102.5,0.0,0,286.0,0.0,0.0,0.0,0.0,0.0,4
2023-05-10 13:40:48,l2401-C-7900,l2401-C-7900,286.0,0.0,0.0,0.0,1,103.0,0.0,0,286.0,0.0,0.0,0.0,0.0,0.0,4
2023-05-10 13:40:48,l2401-C-7900,l2401-C-7900,286.0,0.0,0.0,0.0,10,103.5,0.0,0,286.0,0.0,0.0,0.0,0.0,0.0,4
2023-05-10 13:40:49,l2401-C-7900,l2401-C-7900,286.0,0.0,0.0,0.0,1,104.0,0.0,0,286.0,0.0,0.0,0.0,0.0,0.0,4
2023-05-10 13:40:49,l2401-C-7900,l2401-C-7900,286.0,0.0,0.0,0.0,10,104.5,0.0,0,286.0,0.0,0.0,0.0,0.0,0.0,4
2023-05-10 13:40:50,l2401-C-7900,l2401-C-7900,286.0,0.0,0.0,0.0,1,105.0,0.0,0,286.0,0.0,0.0,0.0,0.0,0.0,4
2023-05-10 13:40:50,l2401-C-7900,l2401-C-7900,286.0,0.0,0.0,0.0,10,105.5,0.0,0,286.0,0.0,0.0,0.0,0.0,0.0,4
2023-05-10 13:40:51,l2401-C-7900,l2401-C-7900,286.0,0.0,0.0,0.0,1,106.0,0.0,0,286.0,0.0,0.0,0.0,0.0,0.0,4
2023-05-10 13:40:51,l2401-C-7900,l2401-C-7900,286.0,0.0,0.0,0.0,10,106.5,0.0,0,286.0,0.0,0.0,0.0,0.0,0.0,4
2023-05-10 13:40:52,l2401-C-7900,l2401-C-7900,286.0,0.0,0.0,0.0,1,107.0,0.0,0,286.0,0.0,0.0,0.0,0.0,0.0,4
2023-05-10 13:40:52,l2401-C-7900,l2401-C-7900,286.0,0.0,0.0,0.0,10,107.5,0.0,0,286.0,0.0,0.0,0.0,0.0,0.0,4
2023-05-10 13:40:53,l2401-C-7900,l2401-C-7900,286.0,0.0,0.0,0.0,1,108.0,0.0,0,286.0,0.0,0.0,0.0,0.0,0.0,4
2023-05-10 13:40:53,l2401-C-7900,l2401-C-7900,286.0,0.0,0.0,0.0,10,108.5,0.0,0,286.0,0.0,0.0,0.0,0.0,0.0,4
2023-05-10 13:40:54,l2401-C-7900,l2401-C-7900,286.0,0.0,0.0,0.0,1,109.0,0.0,0,286.0,0.0,0.0,0.0,0.0,0.0,4
2023-05-10 13:40:54,l2401-C-7900,l2401-C-7900,286.0,0.0,0.0,0.0,10,109.5,0.0,0,286.0,0.0,0.0,0.0,0.0,0.0,4
2023-05-10 13:40:55,l2401-C-7900,l2401-C-7900,286.0,0.0,0.0,0.0,1,110.0,0.0,0,286.0,0.0,0.0,0.0,0.0,0.0,4
2023-05-10 13:40:55,l2401-C-7900,l2401-C-7900,286.0,0.0,0.0,0.0,10,110.5,0.0,0,286.0,0.0,0.0,0.0,0.0,0.0,4
2023-05-10 13:40:56,l2401-C-7900,l2401-C-7900,286.0,0.0,0.0,0.0,1,111.0,0.0,0,286.0,0.0,0.0,0.0,0.0,0.0,4
2023-05-10 13:40:56,l2401-C-7900,l2401-C-7900,286.0,0.0,0.0,0.0,10,111.5,0.0,0,286.0,0.0,0.0,0.0,0.0,0.0,4
2023-05-10 13:40:57,l2401-C-7900,l2401-C-7900,286.0,0.0,0.0,0.0,1,112.0,0.0,0,286.0,0.0,0.0,0.0,0.0,0.0,4
2023-05-10 13:40:57,l2401-C-7900,l2401-C-7900,286.0,0.0,0.0,0.0,10,112.5,0.0,0,286.0,0.0,0.0,0.0,0.0,0.0,4
2023-05-10 13:40:59,l2401-C-7900,l2401-C-7900,286.0,0.0,0.0,0.0,1,113.0,0.0,0,286.0,0.0,0.0,0.0,0.0,0.0,4
2023-05-10 13:40:59,l2401-C-7900,l2401-C-7900,286.0,0.0,0.0,0.0,10,113.5,0.0,0,286.0,0.0,0.0,0.0,0.0,0.0,4
2023-05-10 13:41:00,l2401-C-7900,l2401-C-7900,286.0,0.0,0.0,0.0,1,114.0,0.0,0,286.0,0.0,0.0,0.0,0.0,0.0,4
2023-05-10 13:41:00,l2401-C-7900,l2401-C-7900,286.0,0.0,0.0,0.0,10,114.5,0.0,0,286.0,0.0,0.0,0.0,0.0,0.0,4
2023-05-10 13:41:01,l2401-C-7900,l2401-C-7900,286.0,0.0,0.0,0.0,1,115.0,0.0,0,286.0,0.0,0.0,0.0,0.0,0.0,4
2023-05-10 13:41:01,l2401-C-7900,l2401-C-7900,286.0,0.0,0.0,0.0,10,115.5,0.0,0,286.0,0.0,0.0,0.0,0.0,0.0,4
2023-05-10 13:41:02,l2401-C-7900,l2401-C-7900,286.0,0.0,0.0,0.0,1,116.0,0.0,0,286.0,0.0,0.0,0.0,0.0,0.0,4
2023-05-10 13:41:02,l2401-C-7900,l2401-C-7900,286.0,0.0,0.0,0.0,10,116.5,0.0,0,286.0,0.0,0.0,0.0,0.0,0.0,4
2023-05-10 13:46:17,l2401-C-7900,l2401-C-7900,286.0,0.0,0.0,0.0,1,117.0,0.0,0,286.0,0.0,0.0,0.0,0.0,0.0,4
2023-05-10 13:46:17,l2401-C-7900,l2401-C-7900,286.0,0.0,0.0,0.0,10,117.5,0.0,0,286.0,0.0,0.0,0.0,0.0,0.0,4
2023-05-10 13:46:26,l2401-C-7900,l2401-C-7900,286.0,0.0,0.0,0.0,1,124.0,0.0,0,286.0,0.0,0.0,0.0,0.0,0.0,4
2023-05-10 13:46:26,l2401-C-7900,l2401-C-7900,286.0,0.0,0.0,0.0,10,124.5,0.0,0,286.0,0.0,0.0,0.0,0.0,0.0,4
2023-05-10 13:46:28,l2401-C-7900,l2401-C-7900,286.0,0.0,0.0,0.0,1,131.0,0.0,0,286.0,0.0,0.0,0.0,0.0,0.0,4
2023-05-10 13:46:28,l2401-C-7900,l2401-C-7900,286.0,0.0,0.0,0.0,10,131.5,0.0,0,286.0,0.0,0.0,0.0,0.0,0.0,4
2023-05-10 13:46:30,l2401-C-7900,l2401-C-7900,286.0,0.0,0.0,0.0,1,138.0,0.0,0,286.0,0.0,0.0,0.0,0.0,0.0,4
2023-05-10 13:46:30,l2401-C-7900,l2401-C-7900,286.0,0.0,0.0,0.0,10,138.5,0.0,0,286.0,0.0,0.0,0.0,0.0,0.0,4
2023-05-10 13:46:31,l2401-C-7900,l2401-C-7900,286.0,0.0,0.0,0.0,1,145.0,0.0,0,286.0,0.0,0.0,0.0,0.0,0.0,4
2023-05-10 13:46:31,l2401-C-7900,l2401-C-7900,286.0,0.0,0.0,0.0,10,145.5,0.0,0,286.0,0.0,0.0,0.0,0.0,0.0,4
2023-05-10 13:46:33,l2401-C-7900,l2401-C-7900,286.0,0.0,0.0,0.0,1,152.0,0.0,0,286.0,0.0,0.0,0.0,0.0,0.0,4
2023-05-10 13:46:33,l2401-C-7900,l2401-C-7900,286.0,0.0,0.0,0.0,10,152.5,0.0,0,286.0,0.0,0.0,0.0,0.0,0.0,4
2023-05-10 13:46:34,l2401-C-7900,l2401-C-7900,286.0,0.0,0.0,0.0,1,159.0,0.0,0,286.0,0.0,0.0,0.0,0.0,0.0,4
2023-05-10 13:46:34,l2401-C-7900,l2401-C-7900,286.0,0.0,0.0,0.0,10,159.5,0.0,0,286.0,0.0,0.0,0.0,0.0,0.0,4
2023-05-10 13:46:36,l2401-C-7900,l2401-C-7900,286.0,0.0,0.0,0.0,1,166.0,0.0,0,286.0,0.0,0.0,0.0,0.0,0.0,4
2023-05-10 13:46:36,l2401-C-7900,l2401-C-7900,286.0,0.0,0.0,0.0,10,166.5,0.0,0,286.0,0.0,0.0,0.0,0.0,0.0,4
2023-05-10 13:46:37,l2401-C-7900,l2401-C-7900,286.0,0.0,0.0,0.0,1,173.0,0.0,0,286.0,0.0,0.0,0.0,0.0,0.0,4
2023-05-10 13:46:37,l2401-C-7900,l2401-C-7900,286.0,0.0,0.0,0.0,10,173.5,0.0,0,286.0,0.0,0.0,0.0,0.0,0.0,4
2023-05-10 13:46:38,l2401-C-7900,l2401-C-7900,286.0,0.0,0.0,0.0,1,177.0,0.0,0,286.0,0.0,0.0,0.0,0.0,0.0,4
2023-05-10 13:46:38,l2401-C-7900,l2401-C-7900,286.0,0.0,0.0,0.0,10,177.5,0.0,0,286.0,0.0,0.0,0.0,0.0,0.0,4
2023-05-10 13:46:39,l2401-C-7900,l2401-C-7900,286.0,0.0,0.0,0.0,1,178.0,0.0,0,286.0,0.0,0.0,0.0,0.0,0.0,4
2023-05-10 13:46:39,l2401-C-7900,l2401-C-7900,286.0,0.0,0.0,0.0,10,178.5,0.0,0,286.0,0.0,0.0,0.0,0.0,0.0,4
2023-05-10 13:46:40,l2401-C-7900,l2401-C-7900,286.0,0.0,0.0,0.0,1,179.0,0.0,0,286.0,0.0,0.0,0.0,0.0,0.0,4
2023-05-10 13:46:40,l2401-C-7900,l2401-C-7900,286.0,0.0,0.0,0.0,10,179.5,0.0,0,286.0,0.0,0.0,0.0,0.0,0.0,4
2023-05-10 13:46:41,l2401-C-7900,l2401-C-7900,286.0,0.0,0.0,0.0,1,180.0,0.0,0,286.0,0.0,0.0,0.0,0.0,0.0,4
2023-05-10 13:46:41,l2401-C-7900,l2401-C-7900,286.0,0.0,0.0,0.0,10,180.5,0.0,0,286.0,0.0,0.0,0.0,0.0,0.0,4
2023-05-10 13:46:42,l2401-C-7900,l2401-C-7900,286.0,0.0,0.0,0.0,1,181.0,0.0,0,286.0,0.0,0.0,0.0,0.0,0.0,4
2023-05-10 13:46:42,l2401-C-7900,l2401-C-7900,286.0,0.0,0.0,0.0,10,181.5,0.0,0,286.0,0.0,0.0,0.0,0.0,0.0,4
2023-05-10 13:46:43,l2401-C-7900,l2401-C-7900,286.0,0.0,0.0,0.0,1,182.0,0.0,0,286.0,0.0,0.0,0.0,0.0,0.0,4
2023-05-10 13:46:43,l2401-C-7900,l2401-C-7900,286.0,0.0,0.0,0.0,10,182.5,0.0,0,286.0,0.0,0.0,0.0,0.0,0.0,4
2023-05-10 13:46:44,l2401-C-7900,l2401-C-7900,286.0,0.0,0.0,0.0,1,183.0,0.0,0,286.0,0.0,0.0,0.0,0.0,0.0,4
2023-05-10 13:46:44,l2401-C-7900,l2401-C-7900,286.0,0.0,0.0,0.0,10,183.5,0.0,0,286.0,0.0,0.0,0.0,0.0,0.0,4
2023-05-10 14:59:01,l2401-C-7900,l2401-C-7900,286.0,0.0,0.0,0.0,1,13.0,0.0,0,286.0,0.0,0.0,0.0,0.0,0.0,4
2023-05-10 14:59:04,l2401-C-7900,l2401-C-7900,286.0,0.0,0.0,0.0,1,19.5,0.0,0,286.0,0.0,0.0,0.0,0.0,0.0,4
2023-05-10 15:01:15,l2401-C-7900,l2401-C-7900,286.0,0.0,0.0,0.0,1,19.5,0.0,0,286.0,0.0,0.0,0.0,0.0,0.0,4
