time,symbol_id,symbol_name,last,trade_volume,trade_amount,open_interest_change,bv1,bp1,ap1,av1,yesterday_close,today_open,today_high,today_low,volume,amount,open_interest
2023-05-09 20:56:27,l2401-C-8200,l2401-C-8200,177.0,0.0,0.0,0.0,1,1.5,0.0,0,177.0,0.0,0.0,0.0,0.0,0.0,6
2023-05-09 21:00:19,l2401-C-8200,l2401-C-8200,177.0,0.0,0.0,0.0,10,2.0,0.0,0,177.0,0.0,0.0,0.0,0.0,0.0,6
2023-05-09 21:01:24,l2401-C-8200,l2401-C-8200,177.0,0.0,0.0,0.0,1,2.5,0.0,0,177.0,0.0,0.0,0.0,0.0,0.0,6
2023-05-09 21:01:24,l2401-C-8200,l2401-C-8200,177.0,0.0,0.0,0.0,10,3.0,0.0,0,177.0,0.0,0.0,0.0,0.0,0.0,6
2023-05-09 21:01:35,l2401-C-8200,l2401-C-8200,177.0,0.0,0.0,0.0,1,9.5,0.0,0,177.0,0.0,0.0,0.0,0.0,0.0,6
2023-05-09 21:01:35,l2401-C-8200,l2401-C-8200,177.0,0.0,0.0,0.0,10,10.0,0.0,0,177.0,0.0,0.0,0.0,0.0,0.0,6
2023-05-09 21:02:50,l2401-C-8200,l2401-C-8200,177.0,0.0,0.0,0.0,1,10.5,0.0,0,177.0,0.0,0.0,0.0,0.0,0.0,6
2023-05-09 21:02:50,l2401-C-8200,l2401-C-8200,177.0,0.0,0.0,0.0,10,11.0,0.0,0,177.0,0.0,0.0,0.0,0.0,0.0,6
2023-05-09 21:03:01,l2401-C-8200,l2401-C-8200,177.0,0.0,0.0,0.0,1,11.5,0.0,0,177.0,0.0,0.0,0.0,0.0,0.0,6
2023-05-09 21:03:01,l2401-C-8200,l2401-C-8200,177.0,0.0,0.0,0.0,10,12.0,0.0,0,177.0,0.0,0.0,0.0,0.0,0.0,6
2023-05-09 21:03:06,l2401-C-8200,l2401-C-8200,177.0,0.0,0.0,0.0,1,12.5,0.0,0,177.0,0.0,0.0,0.0,0.0,0.0,6
2023-05-09 21:03:06,l2401-C-8200,l2401-C-8200,177.0,0.0,0.0,0.0,10,13.0,0.0,0,177.0,0.0,0.0,0.0,0.0,0.0,6
2023-05-09 21:03:29,l2401-C-8200,l2401-C-8200,177.0,0.0,0.0,0.0,1,13.5,0.0,0,177.0,0.0,0.0,0.0,0.0,0.0,6
2023-05-09 21:03:29,l2401-C-8200,l2401-C-8200,177.0,0.0,0.0,0.0,10,14.0,0.0,0,177.0,0.0,0.0,0.0,0.0,0.0,6
2023-05-09 21:03:32,l2401-C-8200,l2401-C-8200,177.0,0.0,0.0,0.0,1,14.5,0.0,0,177.0,0.0,0.0,0.0,0.0,0.0,6
2023-05-09 21:03:32,l2401-C-8200,l2401-C-8200,177.0,0.0,0.0,0.0,10,15.0,0.0,0,177.0,0.0,0.0,0.0,0.0,0.0,6
2023-05-09 21:03:35,l2401-C-8200,l2401-C-8200,177.0,0.0,0.0,0.0,1,15.5,0.0,0,177.0,0.0,0.0,0.0,0.0,0.0,6
2023-05-09 21:03:35,l2401-C-8200,l2401-C-8200,177.0,0.0,0.0,0.0,10,16.0,0.0,0,177.0,0.0,0.0,0.0,0.0,0.0,6
2023-05-09 21:03:37,l2401-C-8200,l2401-C-8200,177.0,0.0,0.0,0.0,1,16.5,0.0,0,177.0,0.0,0.0,0.0,0.0,0.0,6
2023-05-09 21:03:37,l2401-C-8200,l2401-C-8200,177.0,0.0,0.0,0.0,10,17.0,0.0,0,177.0,0.0,0.0,0.0,0.0,0.0,6
2023-05-09 21:03:42,l2401-C-8200,l2401-C-8200,177.0,0.0,0.0,0.0,1,17.5,0.0,0,177.0,0.0,0.0,0.0,0.0,0.0,6
2023-05-09 21:03:42,l2401-C-8200,l2401-C-8200,177.0,0.0,0.0,0.0,10,18.0,0.0,0,177.0,0.0,0.0,0.0,0.0,0.0,6
2023-05-09 21:03:58,l2401-C-8200,l2401-C-8200,177.0,0.0,0.0,0.0,1,18.5,0.0,0,177.0,0.0,0.0,0.0,0.0,0.0,6
2023-05-09 21:03:58,l2401-C-8200,l2401-C-8200,177.0,0.0,0.0,0.0,10,19.0,0.0,0,177.0,0.0,0.0,0.0,0.0,0.0,6
2023-05-09 21:04:09,l2401-C-8200,l2401-C-8200,177.0,0.0,0.0,0.0,1,19.5,0.0,0,177.0,0.0,0.0,0.0,0.0,0.0,6
2023-05-09 21:04:09,l2401-C-8200,l2401-C-8200,177.0,0.0,0.0,0.0,10,20.0,0.0,0,177.0,0.0,0.0,0.0,0.0,0.0,6
2023-05-09 21:04:21,l2401-C-8200,l2401-C-8200,177.0,0.0,0.0,0.0,1,20.5,0.0,0,177.0,0.0,0.0,0.0,0.0,0.0,6
2023-05-09 21:04:21,l2401-C-8200,l2401-C-8200,177.0,0.0,0.0,0.0,10,21.0,0.0,0,177.0,0.0,0.0,0.0,0.0,0.0,6
2023-05-09 21:04:24,l2401-C-8200,l2401-C-8200,177.0,0.0,0.0,0.0,1,21.5,0.0,0,177.0,0.0,0.0,0.0,0.0,0.0,6
2023-05-09 21:04:24,l2401-C-8200,l2401-C-8200,177.0,0.0,0.0,0.0,10,22.0,0.0,0,177.0,0.0,0.0,0.0,0.0,0.0,6
2023-05-09 21:04:26,l2401-C-8200,l2401-C-8200,177.0,0.0,0.0,0.0,1,22.5,0.0,0,177.0,0.0,0.0,0.0,0.0,0.0,6
2023-05-09 21:04:26,l2401-C-8200,l2401-C-8200,177.0,0.0,0.0,0.0,10,23.0,0.0,0,177.0,0.0,0.0,0.0,0.0,0.0,6
2023-05-09 21:04:28,l2401-C-8200,l2401-C-8200,177.0,0.0,0.0,0.0,1,23.5,0.0,0,177.0,0.0,0.0,0.0,0.0,0.0,6
2023-05-09 21:04:28,l2401-C-8200,l2401-C-8200,177.0,0.0,0.0,0.0,10,24.0,0.0,0,177.0,0.0,0.0,0.0,0.0,0.0,6
2023-05-09 21:04:31,l2401-C-8200,l2401-C-8200,177.0,0.0,0.0,0.0,1,24.5,0.0,0,177.0,0.0,0.0,0.0,0.0,0.0,6
2023-05-09 21:04:31,l2401-C-8200,l2401-C-8200,177.0,0.0,0.0,0.0,10,25.0,0.0,0,177.0,0.0,0.0,0.0,0.0,0.0,6
2023-05-09 21:04:33,l2401-C-8200,l2401-C-8200,177.0,0.0,0.0,0.0,1,25.5,0.0,0,177.0,0.0,0.0,0.0,0.0,0.0,6
2023-05-09 21:04:33,l2401-C-8200,l2401-C-8200,177.0,0.0,0.0,0.0,10,26.0,0.0,0,177.0,0.0,0.0,0.0,0.0,0.0,6
2023-05-09 21:05:11,l2401-C-8200,l2401-C-8200,177.0,0.0,0.0,0.0,1,26.5,0.0,0,177.0,0.0,0.0,0.0,0.0,0.0,6
2023-05-09 21:05:11,l2401-C-8200,l2401-C-8200,177.0,0.0,0.0,0.0,10,27.0,0.0,0,177.0,0.0,0.0,0.0,0.0,0.0,6
2023-05-09 21:05:26,l2401-C-8200,l2401-C-8200,177.0,0.0,0.0,0.0,1,30.5,0.0,0,177.0,0.0,0.0,0.0,0.0,0.0,6
2023-05-09 21:05:26,l2401-C-8200,l2401-C-8200,177.0,0.0,0.0,0.0,10,31.0,0.0,0,177.0,0.0,0.0,0.0,0.0,0.0,6
2023-05-09 21:05:31,l2401-C-8200,l2401-C-8200,177.0,0.0,0.0,0.0,1,31.5,0.0,0,177.0,0.0,0.0,0.0,0.0,0.0,6
2023-05-09 21:05:31,l2401-C-8200,l2401-C-8200,177.0,0.0,0.0,0.0,10,32.0,0.0,0,177.0,0.0,0.0,0.0,0.0,0.0,6
2023-05-09 21:05:36,l2401-C-8200,l2401-C-8200,177.0,0.0,0.0,0.0,1,32.5,0.0,0,177.0,0.0,0.0,0.0,0.0,0.0,6
2023-05-09 21:05:36,l2401-C-8200,l2401-C-8200,177.0,0.0,0.0,0.0,10,33.0,0.0,0,177.0,0.0,0.0,0.0,0.0,0.0,6
2023-05-09 21:05:46,l2401-C-8200,l2401-C-8200,177.0,0.0,0.0,0.0,1,36.5,0.0,0,177.0,0.0,0.0,0.0,0.0,0.0,6
2023-05-09 21:05:46,l2401-C-8200,l2401-C-8200,177.0,0.0,0.0,0.0,10,37.0,0.0,0,177.0,0.0,0.0,0.0,0.0,0.0,6
2023-05-09 21:05:50,l2401-C-8200,l2401-C-8200,177.0,0.0,0.0,0.0,1,37.5,0.0,0,177.0,0.0,0.0,0.0,0.0,0.0,6
2023-05-09 21:05:50,l2401-C-8200,l2401-C-8200,177.0,0.0,0.0,0.0,10,38.0,0.0,0,177.0,0.0,0.0,0.0,0.0,0.0,6
2023-05-09 21:05:58,l2401-C-8200,l2401-C-8200,177.0,0.0,0.0,0.0,1,38.5,0.0,0,177.0,0.0,0.0,0.0,0.0,0.0,6
2023-05-09 21:05:58,l2401-C-8200,l2401-C-8200,177.0,0.0,0.0,0.0,10,39.0,0.0,0,177.0,0.0,0.0,0.0,0.0,0.0,6
2023-05-09 21:06:05,l2401-C-8200,l2401-C-8200,177.0,0.0,0.0,0.0,1,39.5,0.0,0,177.0,0.0,0.0,0.0,0.0,0.0,6
2023-05-09 21:06:05,l2401-C-8200,l2401-C-8200,177.0,0.0,0.0,0.0,10,40.0,0.0,0,177.0,0.0,0.0,0.0,0.0,0.0,6
2023-05-09 21:06:09,l2401-C-8200,l2401-C-8200,177.0,0.0,0.0,0.0,1,40.5,0.0,0,177.0,0.0,0.0,0.0,0.0,0.0,6
2023-05-09 21:06:09,l2401-C-8200,l2401-C-8200,177.0,0.0,0.0,0.0,10,41.0,0.0,0,177.0,0.0,0.0,0.0,0.0,0.0,6
2023-05-09 21:06:13,l2401-C-8200,l2401-C-8200,177.0,0.0,0.0,0.0,1,41.5,0.0,0,177.0,0.0,0.0,0.0,0.0,0.0,6
2023-05-09 21:06:13,l2401-C-8200,l2401-C-8200,177.0,0.0,0.0,0.0,10,42.0,0.0,0,177.0,0.0,0.0,0.0,0.0,0.0,6
2023-05-09 21:06:17,l2401-C-8200,l2401-C-8200,177.0,0.0,0.0,0.0,1,42.5,0.0,0,177.0,0.0,0.0,0.0,0.0,0.0,6
2023-05-09 21:06:17,l2401-C-8200,l2401-C-8200,177.0,0.0,0.0,0.0,10,43.0,0.0,0,177.0,0.0,0.0,0.0,0.0,0.0,6
2023-05-09 21:06:20,l2401-C-8200,l2401-C-8200,177.0,0.0,0.0,0.0,1,43.5,0.0,0,177.0,0.0,0.0,0.0,0.0,0.0,6
2023-05-09 21:06:20,l2401-C-8200,l2401-C-8200,177.0,0.0,0.0,0.0,10,44.0,0.0,0,177.0,0.0,0.0,0.0,0.0,0.0,6
2023-05-09 21:06:27,l2401-C-8200,l2401-C-8200,177.0,0.0,0.0,0.0,1,44.5,0.0,0,177.0,0.0,0.0,0.0,0.0,0.0,6
2023-05-09 21:06:27,l2401-C-8200,l2401-C-8200,177.0,0.0,0.0,0.0,10,45.0,0.0,0,177.0,0.0,0.0,0.0,0.0,0.0,6
2023-05-09 21:06:35,l2401-C-8200,l2401-C-8200,177.0,0.0,0.0,0.0,1,45.5,0.0,0,177.0,0.0,0.0,0.0,0.0,0.0,6
2023-05-09 21:06:35,l2401-C-8200,l2401-C-8200,177.0,0.0,0.0,0.0,10,46.0,0.0,0,177.0,0.0,0.0,0.0,0.0,0.0,6
2023-05-09 21:06:40,l2401-C-8200,l2401-C-8200,177.0,0.0,0.0,0.0,1,49.5,0.0,0,177.0,0.0,0.0,0.0,0.0,0.0,6
2023-05-09 21:06:40,l2401-C-8200,l2401-C-8200,177.0,0.0,0.0,0.0,10,50.0,0.0,0,177.0,0.0,0.0,0.0,0.0,0.0,6
2023-05-09 21:06:43,l2401-C-8200,l2401-C-8200,177.0,0.0,0.0,0.0,1,53.5,0.0,0,177.0,0.0,0.0,0.0,0.0,0.0,6
2023-05-09 21:06:43,l2401-C-8200,l2401-C-8200,177.0,0.0,0.0,0.0,10,54.0,0.0,0,177.0,0.0,0.0,0.0,0.0,0.0,6
2023-05-09 21:06:45,l2401-C-8200,l2401-C-8200,177.0,0.0,0.0,0.0,1,54.5,0.0,0,177.0,0.0,0.0,0.0,0.0,0.0,6
2023-05-09 21:06:45,l2401-C-8200,l2401-C-8200,177.0,0.0,0.0,0.0,10,55.0,0.0,0,177.0,0.0,0.0,0.0,0.0,0.0,6
2023-05-09 21:06:47,l2401-C-8200,l2401-C-8200,177.0,0.0,0.0,0.0,1,55.5,0.0,0,177.0,0.0,0.0,0.0,0.0,0.0,6
2023-05-09 21:06:47,l2401-C-8200,l2401-C-8200,177.0,0.0,0.0,0.0,10,56.0,0.0,0,177.0,0.0,0.0,0.0,0.0,0.0,6
2023-05-09 21:06:50,l2401-C-8200,l2401-C-8200,177.0,0.0,0.0,0.0,1,56.5,0.0,0,177.0,0.0,0.0,0.0,0.0,0.0,6
2023-05-09 21:06:50,l2401-C-8200,l2401-C-8200,177.0,0.0,0.0,0.0,10,57.0,0.0,0,177.0,0.0,0.0,0.0,0.0,0.0,6
2023-05-09 21:06:51,l2401-C-8200,l2401-C-8200,177.0,0.0,0.0,0.0,1,57.5,0.0,0,177.0,0.0,0.0,0.0,0.0,0.0,6
2023-05-09 21:06:51,l2401-C-8200,l2401-C-8200,177.0,0.0,0.0,0.0,10,58.0,0.0,0,177.0,0.0,0.0,0.0,0.0,0.0,6
2023-05-09 21:06:53,l2401-C-8200,l2401-C-8200,177.0,0.0,0.0,0.0,1,58.5,0.0,0,177.0,0.0,0.0,0.0,0.0,0.0,6
2023-05-09 21:06:53,l2401-C-8200,l2401-C-8200,177.0,0.0,0.0,0.0,10,59.0,0.0,0,177.0,0.0,0.0,0.0,0.0,0.0,6
2023-05-09 21:06:55,l2401-C-8200,l2401-C-8200,177.0,0.0,0.0,0.0,1,59.5,0.0,0,177.0,0.0,0.0,0.0,0.0,0.0,6
2023-05-09 21:06:55,l2401-C-8200,l2401-C-8200,177.0,0.0,0.0,0.0,10,60.0,0.0,0,177.0,0.0,0.0,0.0,0.0,0.0,6
2023-05-09 21:06:57,l2401-C-8200,l2401-C-8200,177.0,0.0,0.0,0.0,1,60.5,0.0,0,177.0,0.0,0.0,0.0,0.0,0.0,6
2023-05-09 21:06:57,l2401-C-8200,l2401-C-8200,177.0,0.0,0.0,0.0,10,61.0,0.0,0,177.0,0.0,0.0,0.0,0.0,0.0,6
2023-05-09 21:06:59,l2401-C-8200,l2401-C-8200,177.0,0.0,0.0,0.0,1,61.5,0.0,0,177.0,0.0,0.0,0.0,0.0,0.0,6
2023-05-09 21:06:59,l2401-C-8200,l2401-C-8200,177.0,0.0,0.0,0.0,10,62.0,0.0,0,177.0,0.0,0.0,0.0,0.0,0.0,6
2023-05-09 21:07:01,l2401-C-8200,l2401-C-8200,177.0,0.0,0.0,0.0,1,62.5,0.0,0,177.0,0.0,0.0,0.0,0.0,0.0,6
2023-05-09 21:07:01,l2401-C-8200,l2401-C-8200,177.0,0.0,0.0,0.0,10,63.0,0.0,0,177.0,0.0,0.0,0.0,0.0,0.0,6
2023-05-09 21:07:03,l2401-C-8200,l2401-C-8200,177.0,0.0,0.0,0.0,1,63.5,0.0,0,177.0,0.0,0.0,0.0,0.0,0.0,6
2023-05-09 21:07:03,l2401-C-8200,l2401-C-8200,177.0,0.0,0.0,0.0,10,64.0,0.0,0,177.0,0.0,0.0,0.0,0.0,0.0,6
2023-05-09 21:07:06,l2401-C-8200,l2401-C-8200,177.0,0.0,0.0,0.0,1,64.5,0.0,0,177.0,0.0,0.0,0.0,0.0,0.0,6
2023-05-09 21:07:06,l2401-C-8200,l2401-C-8200,177.0,0.0,0.0,0.0,10,65.0,0.0,0,177.0,0.0,0.0,0.0,0.0,0.0,6
2023-05-09 21:07:09,l2401-C-8200,l2401-C-8200,177.0,0.0,0.0,0.0,1,65.5,0.0,0,177.0,0.0,0.0,0.0,0.0,0.0,6
2023-05-09 21:07:09,l2401-C-8200,l2401-C-8200,177.0,0.0,0.0,0.0,10,66.0,0.0,0,177.0,0.0,0.0,0.0,0.0,0.0,6
2023-05-09 21:07:11,l2401-C-8200,l2401-C-8200,177.0,0.0,0.0,0.0,1,66.5,0.0,0,177.0,0.0,0.0,0.0,0.0,0.0,6
2023-05-09 21:07:11,l2401-C-8200,l2401-C-8200,177.0,0.0,0.0,0.0,10,67.0,0.0,0,177.0,0.0,0.0,0.0,0.0,0.0,6
2023-05-09 21:07:13,l2401-C-8200,l2401-C-8200,177.0,0.0,0.0,0.0,1,67.5,0.0,0,177.0,0.0,0.0,0.0,0.0,0.0,6
2023-05-09 21:07:13,l2401-C-8200,l2401-C-8200,177.0,0.0,0.0,0.0,10,68.0,0.0,0,177.0,0.0,0.0,0.0,0.0,0.0,6
2023-05-09 21:07:14,l2401-C-8200,l2401-C-8200,177.0,0.0,0.0,0.0,1,68.5,0.0,0,177.0,0.0,0.0,0.0,0.0,0.0,6
2023-05-09 21:07:14,l2401-C-8200,l2401-C-8200,177.0,0.0,0.0,0.0,10,69.0,0.0,0,177.0,0.0,0.0,0.0,0.0,0.0,6
2023-05-09 21:07:16,l2401-C-8200,l2401-C-8200,177.0,0.0,0.0,0.0,1,69.5,0.0,0,177.0,0.0,0.0,0.0,0.0,0.0,6
2023-05-09 21:07:16,l2401-C-8200,l2401-C-8200,177.0,0.0,0.0,0.0,10,70.0,0.0,0,177.0,0.0,0.0,0.0,0.0,0.0,6
2023-05-09 21:07:18,l2401-C-8200,l2401-C-8200,177.0,0.0,0.0,0.0,1,70.5,0.0,0,177.0,0.0,0.0,0.0,0.0,0.0,6
2023-05-09 21:07:18,l2401-C-8200,l2401-C-8200,177.0,0.0,0.0,0.0,10,71.0,0.0,0,177.0,0.0,0.0,0.0,0.0,0.0,6
2023-05-09 21:07:20,l2401-C-8200,l2401-C-8200,177.0,0.0,0.0,0.0,1,71.5,0.0,0,177.0,0.0,0.0,0.0,0.0,0.0,6
2023-05-09 21:07:20,l2401-C-8200,l2401-C-8200,177.0,0.0,0.0,0.0,10,72.0,0.0,0,177.0,0.0,0.0,0.0,0.0,0.0,6
2023-05-09 21:07:22,l2401-C-8200,l2401-C-8200,177.0,0.0,0.0,0.0,1,72.5,0.0,0,177.0,0.0,0.0,0.0,0.0,0.0,6
2023-05-09 21:07:22,l2401-C-8200,l2401-C-8200,177.0,0.0,0.0,0.0,10,73.0,0.0,0,177.0,0.0,0.0,0.0,0.0,0.0,6
2023-05-09 21:07:23,l2401-C-8200,l2401-C-8200,177.0,0.0,0.0,0.0,1,73.5,0.0,0,177.0,0.0,0.0,0.0,0.0,0.0,6
2023-05-09 21:07:23,l2401-C-8200,l2401-C-8200,177.0,0.0,0.0,0.0,10,74.0,0.0,0,177.0,0.0,0.0,0.0,0.0,0.0,6
2023-05-09 21:07:24,l2401-C-8200,l2401-C-8200,177.0,0.0,0.0,0.0,1,74.5,0.0,0,177.0,0.0,0.0,0.0,0.0,0.0,6
2023-05-09 21:07:24,l2401-C-8200,l2401-C-8200,177.0,0.0,0.0,0.0,10,75.0,0.0,0,177.0,0.0,0.0,0.0,0.0,0.0,6
2023-05-09 21:07:26,l2401-C-8200,l2401-C-8200,177.0,0.0,0.0,0.0,1,75.5,0.0,0,177.0,0.0,0.0,0.0,0.0,0.0,6
2023-05-09 21:07:26,l2401-C-8200,l2401-C-8200,177.0,0.0,0.0,0.0,10,76.0,0.0,0,177.0,0.0,0.0,0.0,0.0,0.0,6
2023-05-09 21:07:28,l2401-C-8200,l2401-C-8200,177.0,0.0,0.0,0.0,1,76.5,0.0,0,177.0,0.0,0.0,0.0,0.0,0.0,6
2023-05-09 21:07:28,l2401-C-8200,l2401-C-8200,177.0,0.0,0.0,0.0,10,77.0,0.0,0,177.0,0.0,0.0,0.0,0.0,0.0,6
2023-05-09 21:07:29,l2401-C-8200,l2401-C-8200,177.0,0.0,0.0,0.0,1,77.5,0.0,0,177.0,0.0,0.0,0.0,0.0,0.0,6
2023-05-09 21:07:29,l2401-C-8200,l2401-C-8200,177.0,0.0,0.0,0.0,10,78.0,0.0,0,177.0,0.0,0.0,0.0,0.0,0.0,6
2023-05-09 21:07:31,l2401-C-8200,l2401-C-8200,177.0,0.0,0.0,0.0,1,78.5,0.0,0,177.0,0.0,0.0,0.0,0.0,0.0,6
2023-05-09 21:07:31,l2401-C-8200,l2401-C-8200,177.0,0.0,0.0,0.0,10,79.0,0.0,0,177.0,0.0,0.0,0.0,0.0,0.0,6
2023-05-09 21:07:32,l2401-C-8200,l2401-C-8200,177.0,0.0,0.0,0.0,1,79.5,0.0,0,177.0,0.0,0.0,0.0,0.0,0.0,6
2023-05-09 21:07:32,l2401-C-8200,l2401-C-8200,177.0,0.0,0.0,0.0,10,80.0,0.0,0,177.0,0.0,0.0,0.0,0.0,0.0,6
2023-05-09 21:07:34,l2401-C-8200,l2401-C-8200,177.0,0.0,0.0,0.0,1,80.5,0.0,0,177.0,0.0,0.0,0.0,0.0,0.0,6
2023-05-09 21:07:34,l2401-C-8200,l2401-C-8200,177.0,0.0,0.0,0.0,10,81.0,0.0,0,177.0,0.0,0.0,0.0,0.0,0.0,6
2023-05-09 21:07:35,l2401-C-8200,l2401-C-8200,177.0,0.0,0.0,0.0,1,81.5,0.0,0,177.0,0.0,0.0,0.0,0.0,0.0,6
2023-05-09 21:07:35,l2401-C-8200,l2401-C-8200,177.0,0.0,0.0,0.0,10,82.0,0.0,0,177.0,0.0,0.0,0.0,0.0,0.0,6
2023-05-09 21:07:37,l2401-C-8200,l2401-C-8200,177.0,0.0,0.0,0.0,1,82.5,0.0,0,177.0,0.0,0.0,0.0,0.0,0.0,6
2023-05-09 21:07:37,l2401-C-8200,l2401-C-8200,177.0,0.0,0.0,0.0,10,83.0,0.0,0,177.0,0.0,0.0,0.0,0.0,0.0,6
2023-05-09 21:07:39,l2401-C-8200,l2401-C-8200,177.0,0.0,0.0,0.0,1,83.5,0.0,0,177.0,0.0,0.0,0.0,0.0,0.0,6
2023-05-09 21:07:39,l2401-C-8200,l2401-C-8200,177.0,0.0,0.0,0.0,10,84.0,0.0,0,177.0,0.0,0.0,0.0,0.0,0.0,6
2023-05-09 21:07:41,l2401-C-8200,l2401-C-8200,177.0,0.0,0.0,0.0,1,84.5,0.0,0,177.0,0.0,0.0,0.0,0.0,0.0,6
2023-05-09 21:07:41,l2401-C-8200,l2401-C-8200,177.0,0.0,0.0,0.0,10,85.0,0.0,0,177.0,0.0,0.0,0.0,0.0,0.0,6
2023-05-09 21:07:51,l2401-C-8200,l2401-C-8200,177.0,0.0,0.0,0.0,1,85.5,0.0,0,177.0,0.0,0.0,0.0,0.0,0.0,6
2023-05-09 21:07:51,l2401-C-8200,l2401-C-8200,177.0,0.0,0.0,0.0,10,86.0,0.0,0,177.0,0.0,0.0,0.0,0.0,0.0,6
2023-05-09 21:15:12,l2401-C-8200,l2401-C-8200,177.0,0.0,0.0,0.0,1,86.5,0.0,0,177.0,0.0,0.0,0.0,0.0,0.0,6
2023-05-09 21:15:12,l2401-C-8200,l2401-C-8200,177.0,0.0,0.0,0.0,10,87.0,0.0,0,177.0,0.0,0.0,0.0,0.0,0.0,6
2023-05-09 21:51:03,l2401-C-8200,l2401-C-8200,177.0,0.0,0.0,0.0,1,87.5,0.0,0,177.0,0.0,0.0,0.0,0.0,0.0,6
2023-05-09 21:51:03,l2401-C-8200,l2401-C-8200,177.0,0.0,0.0,0.0,10,88.0,0.0,0,177.0,0.0,0.0,0.0,0.0,0.0,6
2023-05-09 22:56:58,l2401-C-8200,l2401-C-8200,177.0,0.0,0.0,0.0,1,3.5,0.0,0,177.0,0.0,0.0,0.0,0.0,0.0,6
2023-05-09 22:56:59,l2401-C-8200,l2401-C-8200,177.0,0.0,0.0,0.0,1,10.0,0.0,0,177.0,0.0,0.0,0.0,0.0,0.0,6
2023-05-09 22:56:59,l2401-C-8200,l2401-C-8200,177.0,0.0,0.0,0.0,10,10.5,0.0,0,177.0,0.0,0.0,0.0,0.0,0.0,6
2023-05-09 22:57:00,l2401-C-8200,l2401-C-8200,177.0,0.0,0.0,0.0,1,11.0,0.0,0,177.0,0.0,0.0,0.0,0.0,0.0,6
2023-05-09 22:57:00,l2401-C-8200,l2401-C-8200,177.0,0.0,0.0,0.0,10,11.5,0.0,0,177.0,0.0,0.0,0.0,0.0,0.0,6
2023-05-09 22:57:01,l2401-C-8200,l2401-C-8200,177.0,0.0,0.0,0.0,1,11.0,0.0,0,177.0,0.0,0.0,0.0,0.0,0.0,6
2023-05-09 22:57:32,l2401-C-8200,l2401-C-8200,177.0,0.0,0.0,0.0,1,4.0,0.0,0,177.0,0.0,0.0,0.0,0.0,0.0,6
2023-05-09 22:59:11,l2401-C-8200,l2401-C-8200,177.0,0.0,0.0,0.0,10,4.5,0.0,0,177.0,0.0,0.0,0.0,0.0,0.0,6
2023-05-09 22:59:55,l2401-C-8200,l2401-C-8200,177.0,0.0,0.0,0.0,1,4.0,0.0,0,177.0,0.0,0.0,0.0,0.0,0.0,6
2023-05-10 09:00:02,l2401-C-8200,l2401-C-8200,177.0,0.0,0.0,0.0,1,3.5,0.0,0,177.0,0.0,0.0,0.0,0.0,0.0,6
2023-05-10 09:00:14,l2401-C-8200,l2401-C-8200,177.0,0.0,0.0,0.0,10,4.0,0.0,0,177.0,0.0,0.0,0.0,0.0,0.0,6
2023-05-10 09:01:30,l2401-C-8200,l2401-C-8200,177.0,0.0,0.0,0.0,1,4.5,0.0,0,177.0,0.0,0.0,0.0,0.0,0.0,6
2023-05-10 09:01:30,l2401-C-8200,l2401-C-8200,177.0,0.0,0.0,0.0,10,5.0,0.0,0,177.0,0.0,0.0,0.0,0.0,0.0,6
2023-05-10 09:02:37,l2401-C-8200,l2401-C-8200,177.0,0.0,0.0,0.0,1,11.5,0.0,0,177.0,0.0,0.0,0.0,0.0,0.0,6
2023-05-10 09:02:37,l2401-C-8200,l2401-C-8200,177.0,0.0,0.0,0.0,10,12.0,0.0,0,177.0,0.0,0.0,0.0,0.0,0.0,6
2023-05-10 09:02:49,l2401-C-8200,l2401-C-8200,177.0,0.0,0.0,0.0,1,12.5,0.0,0,177.0,0.0,0.0,0.0,0.0,0.0,6
2023-05-10 09:02:49,l2401-C-8200,l2401-C-8200,177.0,0.0,0.0,0.0,10,13.0,0.0,0,177.0,0.0,0.0,0.0,0.0,0.0,6
2023-05-10 09:02:52,l2401-C-8200,l2401-C-8200,177.0,0.0,0.0,0.0,1,13.5,0.0,0,177.0,0.0,0.0,0.0,0.0,0.0,6
2023-05-10 09:02:52,l2401-C-8200,l2401-C-8200,177.0,0.0,0.0,0.0,10,14.0,0.0,0,177.0,0.0,0.0,0.0,0.0,0.0,6
2023-05-10 09:02:56,l2401-C-8200,l2401-C-8200,177.0,0.0,0.0,0.0,1,14.5,0.0,0,177.0,0.0,0.0,0.0,0.0,0.0,6
2023-05-10 09:02:56,l2401-C-8200,l2401-C-8200,177.0,0.0,0.0,0.0,10,15.0,0.0,0,177.0,0.0,0.0,0.0,0.0,0.0,6
2023-05-10 09:03:05,l2401-C-8200,l2401-C-8200,177.0,0.0,0.0,0.0,1,15.5,0.0,0,177.0,0.0,0.0,0.0,0.0,0.0,6
2023-05-10 09:03:05,l2401-C-8200,l2401-C-8200,177.0,0.0,0.0,0.0,10,16.0,0.0,0,177.0,0.0,0.0,0.0,0.0,0.0,6
2023-05-10 09:03:07,l2401-C-8200,l2401-C-8200,177.0,0.0,0.0,0.0,1,16.5,0.0,0,177.0,0.0,0.0,0.0,0.0,0.0,6
2023-05-10 09:03:07,l2401-C-8200,l2401-C-8200,177.0,0.0,0.0,0.0,10,17.0,0.0,0,177.0,0.0,0.0,0.0,0.0,0.0,6
2023-05-10 09:03:09,l2401-C-8200,l2401-C-8200,177.0,0.0,0.0,0.0,1,17.5,0.0,0,177.0,0.0,0.0,0.0,0.0,0.0,6
2023-05-10 09:03:09,l2401-C-8200,l2401-C-8200,177.0,0.0,0.0,0.0,10,18.0,0.0,0,177.0,0.0,0.0,0.0,0.0,0.0,6
2023-05-10 09:03:11,l2401-C-8200,l2401-C-8200,177.0,0.0,0.0,0.0,1,18.5,0.0,0,177.0,0.0,0.0,0.0,0.0,0.0,6
2023-05-10 09:03:11,l2401-C-8200,l2401-C-8200,177.0,0.0,0.0,0.0,10,19.0,0.0,0,177.0,0.0,0.0,0.0,0.0,0.0,6
2023-05-10 09:03:13,l2401-C-8200,l2401-C-8200,177.0,0.0,0.0,0.0,1,19.5,0.0,0,177.0,0.0,0.0,0.0,0.0,0.0,6
2023-05-10 09:03:13,l2401-C-8200,l2401-C-8200,177.0,0.0,0.0,0.0,10,20.0,0.0,0,177.0,0.0,0.0,0.0,0.0,0.0,6
2023-05-10 09:03:15,l2401-C-8200,l2401-C-8200,177.0,0.0,0.0,0.0,1,23.5,0.0,0,177.0,0.0,0.0,0.0,0.0,0.0,6
2023-05-10 09:03:15,l2401-C-8200,l2401-C-8200,177.0,0.0,0.0,0.0,10,24.0,0.0,0,177.0,0.0,0.0,0.0,0.0,0.0,6
2023-05-10 09:03:16,l2401-C-8200,l2401-C-8200,177.0,0.0,0.0,0.0,1,24.5,0.0,0,177.0,0.0,0.0,0.0,0.0,0.0,6
2023-05-10 09:03:17,l2401-C-8200,l2401-C-8200,177.0,0.0,0.0,0.0,10,25.0,0.0,0,177.0,0.0,0.0,0.0,0.0,0.0,6
2023-05-10 09:03:18,l2401-C-8200,l2401-C-8200,177.0,0.0,0.0,0.0,1,25.5,0.0,0,177.0,0.0,0.0,0.0,0.0,0.0,6
2023-05-10 09:03:18,l2401-C-8200,l2401-C-8200,177.0,0.0,0.0,0.0,10,26.0,0.0,0,177.0,0.0,0.0,0.0,0.0,0.0,6
2023-05-10 09:03:20,l2401-C-8200,l2401-C-8200,177.0,0.0,0.0,0.0,1,26.5,0.0,0,177.0,0.0,0.0,0.0,0.0,0.0,6
2023-05-10 09:03:20,l2401-C-8200,l2401-C-8200,177.0,0.0,0.0,0.0,10,27.0,0.0,0,177.0,0.0,0.0,0.0,0.0,0.0,6
2023-05-10 09:03:22,l2401-C-8200,l2401-C-8200,177.0,0.0,0.0,0.0,1,27.5,0.0,0,177.0,0.0,0.0,0.0,0.0,0.0,6
2023-05-10 09:03:22,l2401-C-8200,l2401-C-8200,177.0,0.0,0.0,0.0,10,28.0,0.0,0,177.0,0.0,0.0,0.0,0.0,0.0,6
2023-05-10 09:04:03,l2401-C-8200,l2401-C-8200,177.0,0.0,0.0,0.0,1,28.5,0.0,0,177.0,0.0,0.0,0.0,0.0,0.0,6
2023-05-10 09:04:03,l2401-C-8200,l2401-C-8200,177.0,0.0,0.0,0.0,10,29.0,0.0,0,177.0,0.0,0.0,0.0,0.0,0.0,6
2023-05-10 09:05:02,l2401-C-8200,l2401-C-8200,177.0,0.0,0.0,0.0,1,29.5,0.0,0,177.0,0.0,0.0,0.0,0.0,0.0,6
2023-05-10 09:05:02,l2401-C-8200,l2401-C-8200,177.0,0.0,0.0,0.0,10,30.0,0.0,0,177.0,0.0,0.0,0.0,0.0,0.0,6
2023-05-10 09:05:24,l2401-C-8200,l2401-C-8200,177.0,0.0,0.0,0.0,1,30.5,0.0,0,177.0,0.0,0.0,0.0,0.0,0.0,6
2023-05-10 09:05:24,l2401-C-8200,l2401-C-8200,177.0,0.0,0.0,0.0,10,31.0,0.0,0,177.0,0.0,0.0,0.0,0.0,0.0,6
2023-05-10 09:05:33,l2401-C-8200,l2401-C-8200,177.0,0.0,0.0,0.0,1,31.5,0.0,0,177.0,0.0,0.0,0.0,0.0,0.0,6
2023-05-10 09:05:33,l2401-C-8200,l2401-C-8200,177.0,0.0,0.0,0.0,10,32.0,0.0,0,177.0,0.0,0.0,0.0,0.0,0.0,6
2023-05-10 09:05:55,l2401-C-8200,l2401-C-8200,177.0,0.0,0.0,0.0,1,32.5,0.0,0,177.0,0.0,0.0,0.0,0.0,0.0,6
2023-05-10 09:05:55,l2401-C-8200,l2401-C-8200,177.0,0.0,0.0,0.0,10,33.0,0.0,0,177.0,0.0,0.0,0.0,0.0,0.0,6
2023-05-10 09:06:25,l2401-C-8200,l2401-C-8200,177.0,0.0,0.0,0.0,1,33.5,0.0,0,177.0,0.0,0.0,0.0,0.0,0.0,6
2023-05-10 09:06:25,l2401-C-8200,l2401-C-8200,177.0,0.0,0.0,0.0,10,34.0,0.0,0,177.0,0.0,0.0,0.0,0.0,0.0,6
2023-05-10 09:06:40,l2401-C-8200,l2401-C-8200,177.0,0.0,0.0,0.0,1,34.5,0.0,0,177.0,0.0,0.0,0.0,0.0,0.0,6
2023-05-10 09:06:40,l2401-C-8200,l2401-C-8200,177.0,0.0,0.0,0.0,10,35.0,0.0,0,177.0,0.0,0.0,0.0,0.0,0.0,6
2023-05-10 09:09:32,l2401-C-8200,l2401-C-8200,177.0,0.0,0.0,0.0,1,35.5,0.0,0,177.0,0.0,0.0,0.0,0.0,0.0,6
2023-05-10 09:09:32,l2401-C-8200,l2401-C-8200,177.0,0.0,0.0,0.0,10,36.0,0.0,0,177.0,0.0,0.0,0.0,0.0,0.0,6
2023-05-10 09:09:36,l2401-C-8200,l2401-C-8200,177.0,0.0,0.0,0.0,1,36.5,0.0,0,177.0,0.0,0.0,0.0,0.0,0.0,6
2023-05-10 09:09:36,l2401-C-8200,l2401-C-8200,177.0,0.0,0.0,0.0,10,37.0,0.0,0,177.0,0.0,0.0,0.0,0.0,0.0,6
2023-05-10 09:09:39,l2401-C-8200,l2401-C-8200,177.0,0.0,0.0,0.0,1,37.5,0.0,0,177.0,0.0,0.0,0.0,0.0,0.0,6
2023-05-10 09:09:39,l2401-C-8200,l2401-C-8200,177.0,0.0,0.0,0.0,10,38.0,0.0,0,177.0,0.0,0.0,0.0,0.0,0.0,6
2023-05-10 09:09:41,l2401-C-8200,l2401-C-8200,177.0,0.0,0.0,0.0,1,38.5,0.0,0,177.0,0.0,0.0,0.0,0.0,0.0,6
2023-05-10 09:09:41,l2401-C-8200,l2401-C-8200,177.0,0.0,0.0,0.0,10,39.0,0.0,0,177.0,0.0,0.0,0.0,0.0,0.0,6
2023-05-10 09:09:44,l2401-C-8200,l2401-C-8200,177.0,0.0,0.0,0.0,1,39.5,0.0,0,177.0,0.0,0.0,0.0,0.0,0.0,6
2023-05-10 09:09:44,l2401-C-8200,l2401-C-8200,177.0,0.0,0.0,0.0,10,40.0,0.0,0,177.0,0.0,0.0,0.0,0.0,0.0,6
2023-05-10 09:09:46,l2401-C-8200,l2401-C-8200,177.0,0.0,0.0,0.0,1,40.5,0.0,0,177.0,0.0,0.0,0.0,0.0,0.0,6
2023-05-10 09:09:46,l2401-C-8200,l2401-C-8200,177.0,0.0,0.0,0.0,10,41.0,0.0,0,177.0,0.0,0.0,0.0,0.0,0.0,6
2023-05-10 09:09:49,l2401-C-8200,l2401-C-8200,177.0,0.0,0.0,0.0,1,41.5,0.0,0,177.0,0.0,0.0,0.0,0.0,0.0,6
2023-05-10 09:09:49,l2401-C-8200,l2401-C-8200,177.0,0.0,0.0,0.0,10,42.0,0.0,0,177.0,0.0,0.0,0.0,0.0,0.0,6
2023-05-10 09:09:52,l2401-C-8200,l2401-C-8200,177.0,0.0,0.0,0.0,1,42.5,0.0,0,177.0,0.0,0.0,0.0,0.0,0.0,6
2023-05-10 09:09:52,l2401-C-8200,l2401-C-8200,177.0,0.0,0.0,0.0,10,43.0,0.0,0,177.0,0.0,0.0,0.0,0.0,0.0,6
2023-05-10 09:09:55,l2401-C-8200,l2401-C-8200,177.0,0.0,0.0,0.0,1,43.5,0.0,0,177.0,0.0,0.0,0.0,0.0,0.0,6
2023-05-10 09:09:55,l2401-C-8200,l2401-C-8200,177.0,0.0,0.0,0.0,10,44.0,0.0,0,177.0,0.0,0.0,0.0,0.0,0.0,6
2023-05-10 09:09:58,l2401-C-8200,l2401-C-8200,177.0,0.0,0.0,0.0,1,44.5,0.0,0,177.0,0.0,0.0,0.0,0.0,0.0,6
2023-05-10 09:09:58,l2401-C-8200,l2401-C-8200,177.0,0.0,0.0,0.0,10,45.0,0.0,0,177.0,0.0,0.0,0.0,0.0,0.0,6
2023-05-10 09:10:00,l2401-C-8200,l2401-C-8200,177.0,0.0,0.0,0.0,1,45.5,0.0,0,177.0,0.0,0.0,0.0,0.0,0.0,6
2023-05-10 09:10:00,l2401-C-8200,l2401-C-8200,177.0,0.0,0.0,0.0,10,46.0,0.0,0,177.0,0.0,0.0,0.0,0.0,0.0,6
2023-05-10 09:10:02,l2401-C-8200,l2401-C-8200,177.0,0.0,0.0,0.0,1,52.5,0.0,0,177.0,0.0,0.0,0.0,0.0,0.0,6
2023-05-10 09:10:02,l2401-C-8200,l2401-C-8200,177.0,0.0,0.0,0.0,10,53.0,0.0,0,177.0,0.0,0.0,0.0,0.0,0.0,6
2023-05-10 09:10:04,l2401-C-8200,l2401-C-8200,177.0,0.0,0.0,0.0,1,56.5,0.0,0,177.0,0.0,0.0,0.0,0.0,0.0,6
2023-05-10 09:10:04,l2401-C-8200,l2401-C-8200,177.0,0.0,0.0,0.0,10,57.0,0.0,0,177.0,0.0,0.0,0.0,0.0,0.0,6
2023-05-10 09:10:05,l2401-C-8200,l2401-C-8200,177.0,0.0,0.0,0.0,1,57.5,0.0,0,177.0,0.0,0.0,0.0,0.0,0.0,6
2023-05-10 09:10:05,l2401-C-8200,l2401-C-8200,177.0,0.0,0.0,0.0,10,58.0,0.0,0,177.0,0.0,0.0,0.0,0.0,0.0,6
2023-05-10 09:10:07,l2401-C-8200,l2401-C-8200,177.0,0.0,0.0,0.0,1,58.5,0.0,0,177.0,0.0,0.0,0.0,0.0,0.0,6
2023-05-10 09:10:07,l2401-C-8200,l2401-C-8200,177.0,0.0,0.0,0.0,10,59.0,0.0,0,177.0,0.0,0.0,0.0,0.0,0.0,6
2023-05-10 09:10:08,l2401-C-8200,l2401-C-8200,177.0,0.0,0.0,0.0,1,59.5,0.0,0,177.0,0.0,0.0,0.0,0.0,0.0,6
2023-05-10 09:10:08,l2401-C-8200,l2401-C-8200,177.0,0.0,0.0,0.0,10,60.0,0.0,0,177.0,0.0,0.0,0.0,0.0,0.0,6
2023-05-10 09:10:10,l2401-C-8200,l2401-C-8200,177.0,0.0,0.0,0.0,1,60.5,0.0,0,177.0,0.0,0.0,0.0,0.0,0.0,6
2023-05-10 09:10:10,l2401-C-8200,l2401-C-8200,177.0,0.0,0.0,0.0,10,61.0,0.0,0,177.0,0.0,0.0,0.0,0.0,0.0,6
2023-05-10 09:10:11,l2401-C-8200,l2401-C-8200,177.0,0.0,0.0,0.0,1,61.5,0.0,0,177.0,0.0,0.0,0.0,0.0,0.0,6
2023-05-10 09:10:11,l2401-C-8200,l2401-C-8200,177.0,0.0,0.0,0.0,10,62.0,0.0,0,177.0,0.0,0.0,0.0,0.0,0.0,6
2023-05-10 09:10:12,l2401-C-8200,l2401-C-8200,177.0,0.0,0.0,0.0,1,62.5,0.0,0,177.0,0.0,0.0,0.0,0.0,0.0,6
2023-05-10 09:10:12,l2401-C-8200,l2401-C-8200,177.0,0.0,0.0,0.0,10,63.0,0.0,0,177.0,0.0,0.0,0.0,0.0,0.0,6
2023-05-10 09:10:14,l2401-C-8200,l2401-C-8200,177.0,0.0,0.0,0.0,1,63.5,0.0,0,177.0,0.0,0.0,0.0,0.0,0.0,6
2023-05-10 09:10:14,l2401-C-8200,l2401-C-8200,177.0,0.0,0.0,0.0,10,64.0,0.0,0,177.0,0.0,0.0,0.0,0.0,0.0,6
2023-05-10 09:10:15,l2401-C-8200,l2401-C-8200,177.0,0.0,0.0,0.0,1,64.5,0.0,0,177.0,0.0,0.0,0.0,0.0,0.0,6
2023-05-10 09:10:15,l2401-C-8200,l2401-C-8200,177.0,0.0,0.0,0.0,10,65.0,0.0,0,177.0,0.0,0.0,0.0,0.0,0.0,6
2023-05-10 09:10:17,l2401-C-8200,l2401-C-8200,177.0,0.0,0.0,0.0,1,65.5,0.0,0,177.0,0.0,0.0,0.0,0.0,0.0,6
2023-05-10 09:10:17,l2401-C-8200,l2401-C-8200,177.0,0.0,0.0,0.0,10,66.0,0.0,0,177.0,0.0,0.0,0.0,0.0,0.0,6
2023-05-10 09:10:18,l2401-C-8200,l2401-C-8200,177.0,0.0,0.0,0.0,1,66.5,0.0,0,177.0,0.0,0.0,0.0,0.0,0.0,6
2023-05-10 09:10:18,l2401-C-8200,l2401-C-8200,177.0,0.0,0.0,0.0,10,67.0,0.0,0,177.0,0.0,0.0,0.0,0.0,0.0,6
2023-05-10 09:10:20,l2401-C-8200,l2401-C-8200,177.0,0.0,0.0,0.0,1,67.5,0.0,0,177.0,0.0,0.0,0.0,0.0,0.0,6
2023-05-10 09:10:20,l2401-C-8200,l2401-C-8200,177.0,0.0,0.0,0.0,10,68.0,0.0,0,177.0,0.0,0.0,0.0,0.0,0.0,6
2023-05-10 09:10:21,l2401-C-8200,l2401-C-8200,177.0,0.0,0.0,0.0,1,68.5,0.0,0,177.0,0.0,0.0,0.0,0.0,0.0,6
2023-05-10 09:10:21,l2401-C-8200,l2401-C-8200,177.0,0.0,0.0,0.0,10,69.0,0.0,0,177.0,0.0,0.0,0.0,0.0,0.0,6
2023-05-10 09:10:22,l2401-C-8200,l2401-C-8200,177.0,0.0,0.0,0.0,1,69.5,0.0,0,177.0,0.0,0.0,0.0,0.0,0.0,6
2023-05-10 09:10:22,l2401-C-8200,l2401-C-8200,177.0,0.0,0.0,0.0,10,70.0,0.0,0,177.0,0.0,0.0,0.0,0.0,0.0,6
2023-05-10 09:10:24,l2401-C-8200,l2401-C-8200,177.0,0.0,0.0,0.0,1,70.5,0.0,0,177.0,0.0,0.0,0.0,0.0,0.0,6
2023-05-10 09:10:24,l2401-C-8200,l2401-C-8200,177.0,0.0,0.0,0.0,10,71.0,0.0,0,177.0,0.0,0.0,0.0,0.0,0.0,6
2023-05-10 09:10:25,l2401-C-8200,l2401-C-8200,177.0,0.0,0.0,0.0,1,71.5,0.0,0,177.0,0.0,0.0,0.0,0.0,0.0,6
2023-05-10 09:10:25,l2401-C-8200,l2401-C-8200,177.0,0.0,0.0,0.0,10,72.0,0.0,0,177.0,0.0,0.0,0.0,0.0,0.0,6
2023-05-10 09:10:27,l2401-C-8200,l2401-C-8200,177.0,0.0,0.0,0.0,1,72.5,0.0,0,177.0,0.0,0.0,0.0,0.0,0.0,6
2023-05-10 09:10:27,l2401-C-8200,l2401-C-8200,177.0,0.0,0.0,0.0,10,73.0,0.0,0,177.0,0.0,0.0,0.0,0.0,0.0,6
2023-05-10 09:10:28,l2401-C-8200,l2401-C-8200,177.0,0.0,0.0,0.0,1,73.5,0.0,0,177.0,0.0,0.0,0.0,0.0,0.0,6
2023-05-10 09:10:28,l2401-C-8200,l2401-C-8200,177.0,0.0,0.0,0.0,10,74.0,0.0,0,177.0,0.0,0.0,0.0,0.0,0.0,6
2023-05-10 09:10:29,l2401-C-8200,l2401-C-8200,177.0,0.0,0.0,0.0,1,74.5,0.0,0,177.0,0.0,0.0,0.0,0.0,0.0,6
2023-05-10 09:10:29,l2401-C-8200,l2401-C-8200,177.0,0.0,0.0,0.0,10,75.0,0.0,0,177.0,0.0,0.0,0.0,0.0,0.0,6
2023-05-10 09:10:31,l2401-C-8200,l2401-C-8200,177.0,0.0,0.0,0.0,1,75.5,0.0,0,177.0,0.0,0.0,0.0,0.0,0.0,6
2023-05-10 09:10:31,l2401-C-8200,l2401-C-8200,177.0,0.0,0.0,0.0,10,76.0,0.0,0,177.0,0.0,0.0,0.0,0.0,0.0,6
2023-05-10 09:10:32,l2401-C-8200,l2401-C-8200,177.0,0.0,0.0,0.0,1,76.5,0.0,0,177.0,0.0,0.0,0.0,0.0,0.0,6
2023-05-10 09:10:32,l2401-C-8200,l2401-C-8200,177.0,0.0,0.0,0.0,10,77.0,0.0,0,177.0,0.0,0.0,0.0,0.0,0.0,6
2023-05-10 09:10:33,l2401-C-8200,l2401-C-8200,177.0,0.0,0.0,0.0,1,77.5,0.0,0,177.0,0.0,0.0,0.0,0.0,0.0,6
2023-05-10 09:10:33,l2401-C-8200,l2401-C-8200,177.0,0.0,0.0,0.0,10,78.0,0.0,0,177.0,0.0,0.0,0.0,0.0,0.0,6
2023-05-10 09:10:35,l2401-C-8200,l2401-C-8200,177.0,0.0,0.0,0.0,1,78.5,0.0,0,177.0,0.0,0.0,0.0,0.0,0.0,6
2023-05-10 09:10:35,l2401-C-8200,l2401-C-8200,177.0,0.0,0.0,0.0,10,79.0,0.0,0,177.0,0.0,0.0,0.0,0.0,0.0,6
2023-05-10 09:10:36,l2401-C-8200,l2401-C-8200,177.0,0.0,0.0,0.0,1,79.5,0.0,0,177.0,0.0,0.0,0.0,0.0,0.0,6
2023-05-10 09:10:36,l2401-C-8200,l2401-C-8200,177.0,0.0,0.0,0.0,10,80.0,0.0,0,177.0,0.0,0.0,0.0,0.0,0.0,6
2023-05-10 09:10:37,l2401-C-8200,l2401-C-8200,177.0,0.0,0.0,0.0,1,80.5,0.0,0,177.0,0.0,0.0,0.0,0.0,0.0,6
2023-05-10 09:10:37,l2401-C-8200,l2401-C-8200,177.0,0.0,0.0,0.0,10,81.0,0.0,0,177.0,0.0,0.0,0.0,0.0,0.0,6
2023-05-10 09:10:39,l2401-C-8200,l2401-C-8200,177.0,0.0,0.0,0.0,1,81.5,0.0,0,177.0,0.0,0.0,0.0,0.0,0.0,6
2023-05-10 09:10:39,l2401-C-8200,l2401-C-8200,177.0,0.0,0.0,0.0,10,82.0,0.0,0,177.0,0.0,0.0,0.0,0.0,0.0,6
2023-05-10 09:10:40,l2401-C-8200,l2401-C-8200,177.0,0.0,0.0,0.0,1,82.5,0.0,0,177.0,0.0,0.0,0.0,0.0,0.0,6
2023-05-10 09:10:40,l2401-C-8200,l2401-C-8200,177.0,0.0,0.0,0.0,10,83.0,0.0,0,177.0,0.0,0.0,0.0,0.0,0.0,6
2023-05-10 09:10:41,l2401-C-8200,l2401-C-8200,177.0,0.0,0.0,0.0,1,83.5,0.0,0,177.0,0.0,0.0,0.0,0.0,0.0,6
2023-05-10 09:10:41,l2401-C-8200,l2401-C-8200,177.0,0.0,0.0,0.0,10,84.0,0.0,0,177.0,0.0,0.0,0.0,0.0,0.0,6
2023-05-10 09:10:42,l2401-C-8200,l2401-C-8200,177.0,0.0,0.0,0.0,1,84.5,0.0,0,177.0,0.0,0.0,0.0,0.0,0.0,6
2023-05-10 09:10:42,l2401-C-8200,l2401-C-8200,177.0,0.0,0.0,0.0,10,85.0,0.0,0,177.0,0.0,0.0,0.0,0.0,0.0,6
2023-05-10 09:10:43,l2401-C-8200,l2401-C-8200,177.0,0.0,0.0,0.0,1,85.5,0.0,0,177.0,0.0,0.0,0.0,0.0,0.0,6
2023-05-10 09:10:43,l2401-C-8200,l2401-C-8200,177.0,0.0,0.0,0.0,10,86.0,0.0,0,177.0,0.0,0.0,0.0,0.0,0.0,6
2023-05-10 09:10:45,l2401-C-8200,l2401-C-8200,177.0,0.0,0.0,0.0,1,86.5,0.0,0,177.0,0.0,0.0,0.0,0.0,0.0,6
2023-05-10 09:10:45,l2401-C-8200,l2401-C-8200,177.0,0.0,0.0,0.0,10,87.0,0.0,0,177.0,0.0,0.0,0.0,0.0,0.0,6
2023-05-10 09:19:21,l2401-C-8200,l2401-C-8200,177.0,0.0,0.0,0.0,1,87.5,0.0,0,177.0,0.0,0.0,0.0,0.0,0.0,6
2023-05-10 09:19:21,l2401-C-8200,l2401-C-8200,177.0,0.0,0.0,0.0,10,88.0,0.0,0,177.0,0.0,0.0,0.0,0.0,0.0,6
2023-05-10 10:14:32,l2401-C-8200,l2401-C-8200,177.0,0.0,0.0,0.0,1,10.5,0.0,0,177.0,0.0,0.0,0.0,0.0,0.0,6
2023-05-10 10:30:05,l2401-C-8200,l2401-C-8200,177.0,0.0,0.0,0.0,10,11.0,0.0,0,177.0,0.0,0.0,0.0,0.0,0.0,6
2023-05-10 10:31:17,l2401-C-8200,l2401-C-8200,177.0,0.0,0.0,0.0,1,17.5,0.0,0,177.0,0.0,0.0,0.0,0.0,0.0,6
2023-05-10 10:31:17,l2401-C-8200,l2401-C-8200,177.0,0.0,0.0,0.0,10,18.0,0.0,0,177.0,0.0,0.0,0.0,0.0,0.0,6
2023-05-10 10:31:56,l2401-C-8200,l2401-C-8200,177.0,0.0,0.0,0.0,1,18.5,0.0,0,177.0,0.0,0.0,0.0,0.0,0.0,6
2023-05-10 10:31:56,l2401-C-8200,l2401-C-8200,177.0,0.0,0.0,0.0,10,19.0,0.0,0,177.0,0.0,0.0,0.0,0.0,0.0,6
2023-05-10 10:31:59,l2401-C-8200,l2401-C-8200,177.0,0.0,0.0,0.0,1,19.5,0.0,0,177.0,0.0,0.0,0.0,0.0,0.0,6
2023-05-10 10:31:59,l2401-C-8200,l2401-C-8200,177.0,0.0,0.0,0.0,10,20.0,0.0,0,177.0,0.0,0.0,0.0,0.0,0.0,6
2023-05-10 10:32:03,l2401-C-8200,l2401-C-8200,177.0,0.0,0.0,0.0,1,20.5,0.0,0,177.0,0.0,0.0,0.0,0.0,0.0,6
2023-05-10 10:32:03,l2401-C-8200,l2401-C-8200,177.0,0.0,0.0,0.0,10,21.0,0.0,0,177.0,0.0,0.0,0.0,0.0,0.0,6
2023-05-10 10:32:21,l2401-C-8200,l2401-C-8200,177.0,0.0,0.0,0.0,1,21.5,0.0,0,177.0,0.0,0.0,0.0,0.0,0.0,6
2023-05-10 10:32:21,l2401-C-8200,l2401-C-8200,177.0,0.0,0.0,0.0,10,22.0,0.0,0,177.0,0.0,0.0,0.0,0.0,0.0,6
2023-05-10 10:32:36,l2401-C-8200,l2401-C-8200,177.0,0.0,0.0,0.0,1,22.5,0.0,0,177.0,0.0,0.0,0.0,0.0,0.0,6
2023-05-10 10:32:36,l2401-C-8200,l2401-C-8200,177.0,0.0,0.0,0.0,10,23.0,0.0,0,177.0,0.0,0.0,0.0,0.0,0.0,6
2023-05-10 10:32:50,l2401-C-8200,l2401-C-8200,177.0,0.0,0.0,0.0,1,23.5,0.0,0,177.0,0.0,0.0,0.0,0.0,0.0,6
2023-05-10 10:32:50,l2401-C-8200,l2401-C-8200,177.0,0.0,0.0,0.0,10,24.0,0.0,0,177.0,0.0,0.0,0.0,0.0,0.0,6
2023-05-10 10:32:57,l2401-C-8200,l2401-C-8200,177.0,0.0,0.0,0.0,1,24.5,0.0,0,177.0,0.0,0.0,0.0,0.0,0.0,6
2023-05-10 10:32:57,l2401-C-8200,l2401-C-8200,177.0,0.0,0.0,0.0,10,25.0,0.0,0,177.0,0.0,0.0,0.0,0.0,0.0,6
2023-05-10 10:33:00,l2401-C-8200,l2401-C-8200,177.0,0.0,0.0,0.0,1,25.5,0.0,0,177.0,0.0,0.0,0.0,0.0,0.0,6
2023-05-10 10:33:00,l2401-C-8200,l2401-C-8200,177.0,0.0,0.0,0.0,10,26.0,0.0,0,177.0,0.0,0.0,0.0,0.0,0.0,6
2023-05-10 10:33:03,l2401-C-8200,l2401-C-8200,177.0,0.0,0.0,0.0,1,26.5,0.0,0,177.0,0.0,0.0,0.0,0.0,0.0,6
2023-05-10 10:33:03,l2401-C-8200,l2401-C-8200,177.0,0.0,0.0,0.0,10,27.0,0.0,0,177.0,0.0,0.0,0.0,0.0,0.0,6
2023-05-10 10:33:07,l2401-C-8200,l2401-C-8200,177.0,0.0,0.0,0.0,1,27.5,0.0,0,177.0,0.0,0.0,0.0,0.0,0.0,6
2023-05-10 10:33:07,l2401-C-8200,l2401-C-8200,177.0,0.0,0.0,0.0,10,28.0,0.0,0,177.0,0.0,0.0,0.0,0.0,0.0,6
2023-05-10 10:33:12,l2401-C-8200,l2401-C-8200,177.0,0.0,0.0,0.0,1,28.5,0.0,0,177.0,0.0,0.0,0.0,0.0,0.0,6
2023-05-10 10:33:12,l2401-C-8200,l2401-C-8200,177.0,0.0,0.0,0.0,10,29.0,0.0,0,177.0,0.0,0.0,0.0,0.0,0.0,6
2023-05-10 10:33:16,l2401-C-8200,l2401-C-8200,177.0,0.0,0.0,0.0,1,29.5,0.0,0,177.0,0.0,0.0,0.0,0.0,0.0,6
2023-05-10 10:33:16,l2401-C-8200,l2401-C-8200,177.0,0.0,0.0,0.0,10,30.0,0.0,0,177.0,0.0,0.0,0.0,0.0,0.0,6
2023-05-10 10:33:18,l2401-C-8200,l2401-C-8200,177.0,0.0,0.0,0.0,1,30.5,0.0,0,177.0,0.0,0.0,0.0,0.0,0.0,6
2023-05-10 10:33:18,l2401-C-8200,l2401-C-8200,177.0,0.0,0.0,0.0,10,31.0,0.0,0,177.0,0.0,0.0,0.0,0.0,0.0,6
2023-05-10 10:33:20,l2401-C-8200,l2401-C-8200,177.0,0.0,0.0,0.0,1,31.5,0.0,0,177.0,0.0,0.0,0.0,0.0,0.0,6
2023-05-10 10:33:21,l2401-C-8200,l2401-C-8200,177.0,0.0,0.0,0.0,10,32.0,0.0,0,177.0,0.0,0.0,0.0,0.0,0.0,6
2023-05-10 10:33:23,l2401-C-8200,l2401-C-8200,177.0,0.0,0.0,0.0,1,32.5,0.0,0,177.0,0.0,0.0,0.0,0.0,0.0,6
2023-05-10 10:33:23,l2401-C-8200,l2401-C-8200,177.0,0.0,0.0,0.0,10,33.0,0.0,0,177.0,0.0,0.0,0.0,0.0,0.0,6
2023-05-10 10:33:25,l2401-C-8200,l2401-C-8200,177.0,0.0,0.0,0.0,1,33.5,0.0,0,177.0,0.0,0.0,0.0,0.0,0.0,6
2023-05-10 10:33:25,l2401-C-8200,l2401-C-8200,177.0,0.0,0.0,0.0,10,34.0,0.0,0,177.0,0.0,0.0,0.0,0.0,0.0,6
2023-05-10 10:33:27,l2401-C-8200,l2401-C-8200,177.0,0.0,0.0,0.0,1,34.5,0.0,0,177.0,0.0,0.0,0.0,0.0,0.0,6
2023-05-10 10:33:27,l2401-C-8200,l2401-C-8200,177.0,0.0,0.0,0.0,10,35.0,0.0,0,177.0,0.0,0.0,0.0,0.0,0.0,6
2023-05-10 10:33:29,l2401-C-8200,l2401-C-8200,177.0,0.0,0.0,0.0,1,35.5,0.0,0,177.0,0.0,0.0,0.0,0.0,0.0,6
2023-05-10 10:33:29,l2401-C-8200,l2401-C-8200,177.0,0.0,0.0,0.0,10,36.0,0.0,0,177.0,0.0,0.0,0.0,0.0,0.0,6
2023-05-10 10:33:32,l2401-C-8200,l2401-C-8200,177.0,0.0,0.0,0.0,1,36.5,0.0,0,177.0,0.0,0.0,0.0,0.0,0.0,6
2023-05-10 10:33:32,l2401-C-8200,l2401-C-8200,177.0,0.0,0.0,0.0,10,37.0,0.0,0,177.0,0.0,0.0,0.0,0.0,0.0,6
2023-05-10 10:33:33,l2401-C-8200,l2401-C-8200,177.0,0.0,0.0,0.0,1,37.5,0.0,0,177.0,0.0,0.0,0.0,0.0,0.0,6
2023-05-10 10:33:33,l2401-C-8200,l2401-C-8200,177.0,0.0,0.0,0.0,10,38.0,0.0,0,177.0,0.0,0.0,0.0,0.0,0.0,6
2023-05-10 10:33:35,l2401-C-8200,l2401-C-8200,177.0,0.0,0.0,0.0,1,38.5,0.0,0,177.0,0.0,0.0,0.0,0.0,0.0,6
2023-05-10 10:33:35,l2401-C-8200,l2401-C-8200,177.0,0.0,0.0,0.0,10,39.0,0.0,0,177.0,0.0,0.0,0.0,0.0,0.0,6
2023-05-10 10:33:37,l2401-C-8200,l2401-C-8200,177.0,0.0,0.0,0.0,1,39.5,0.0,0,177.0,0.0,0.0,0.0,0.0,0.0,6
2023-05-10 10:33:37,l2401-C-8200,l2401-C-8200,177.0,0.0,0.0,0.0,10,40.0,0.0,0,177.0,0.0,0.0,0.0,0.0,0.0,6
2023-05-10 10:33:39,l2401-C-8200,l2401-C-8200,177.0,0.0,0.0,0.0,1,40.5,0.0,0,177.0,0.0,0.0,0.0,0.0,0.0,6
2023-05-10 10:33:39,l2401-C-8200,l2401-C-8200,177.0,0.0,0.0,0.0,10,41.0,0.0,0,177.0,0.0,0.0,0.0,0.0,0.0,6
2023-05-10 10:33:41,l2401-C-8200,l2401-C-8200,177.0,0.0,0.0,0.0,1,41.5,0.0,0,177.0,0.0,0.0,0.0,0.0,0.0,6
2023-05-10 10:33:41,l2401-C-8200,l2401-C-8200,177.0,0.0,0.0,0.0,10,42.0,0.0,0,177.0,0.0,0.0,0.0,0.0,0.0,6
2023-05-10 10:33:43,l2401-C-8200,l2401-C-8200,177.0,0.0,0.0,0.0,1,42.5,0.0,0,177.0,0.0,0.0,0.0,0.0,0.0,6
2023-05-10 10:33:43,l2401-C-8200,l2401-C-8200,177.0,0.0,0.0,0.0,10,43.0,0.0,0,177.0,0.0,0.0,0.0,0.0,0.0,6
2023-05-10 10:33:45,l2401-C-8200,l2401-C-8200,177.0,0.0,0.0,0.0,1,43.5,0.0,0,177.0,0.0,0.0,0.0,0.0,0.0,6
2023-05-10 10:33:45,l2401-C-8200,l2401-C-8200,177.0,0.0,0.0,0.0,10,44.0,0.0,0,177.0,0.0,0.0,0.0,0.0,0.0,6
2023-05-10 10:33:47,l2401-C-8200,l2401-C-8200,177.0,0.0,0.0,0.0,1,44.5,0.0,0,177.0,0.0,0.0,0.0,0.0,0.0,6
2023-05-10 10:33:47,l2401-C-8200,l2401-C-8200,177.0,0.0,0.0,0.0,10,45.0,0.0,0,177.0,0.0,0.0,0.0,0.0,0.0,6
2023-05-10 10:33:49,l2401-C-8200,l2401-C-8200,177.0,0.0,0.0,0.0,1,45.5,0.0,0,177.0,0.0,0.0,0.0,0.0,0.0,6
2023-05-10 10:33:49,l2401-C-8200,l2401-C-8200,177.0,0.0,0.0,0.0,10,46.0,0.0,0,177.0,0.0,0.0,0.0,0.0,0.0,6
2023-05-10 10:33:51,l2401-C-8200,l2401-C-8200,177.0,0.0,0.0,0.0,1,46.5,0.0,0,177.0,0.0,0.0,0.0,0.0,0.0,6
2023-05-10 10:33:51,l2401-C-8200,l2401-C-8200,177.0,0.0,0.0,0.0,10,47.0,0.0,0,177.0,0.0,0.0,0.0,0.0,0.0,6
2023-05-10 10:33:53,l2401-C-8200,l2401-C-8200,177.0,0.0,0.0,0.0,1,50.5,0.0,0,177.0,0.0,0.0,0.0,0.0,0.0,6
2023-05-10 10:33:53,l2401-C-8200,l2401-C-8200,177.0,0.0,0.0,0.0,10,51.0,0.0,0,177.0,0.0,0.0,0.0,0.0,0.0,6
2023-05-10 10:33:54,l2401-C-8200,l2401-C-8200,177.0,0.0,0.0,0.0,1,54.5,0.0,0,177.0,0.0,0.0,0.0,0.0,0.0,6
2023-05-10 10:33:54,l2401-C-8200,l2401-C-8200,177.0,0.0,0.0,0.0,10,55.0,0.0,0,177.0,0.0,0.0,0.0,0.0,0.0,6
2023-05-10 10:33:56,l2401-C-8200,l2401-C-8200,177.0,0.0,0.0,0.0,1,55.5,0.0,0,177.0,0.0,0.0,0.0,0.0,0.0,6
2023-05-10 10:33:56,l2401-C-8200,l2401-C-8200,177.0,0.0,0.0,0.0,10,56.0,0.0,0,177.0,0.0,0.0,0.0,0.0,0.0,6
2023-05-10 10:33:58,l2401-C-8200,l2401-C-8200,177.0,0.0,0.0,0.0,1,56.5,0.0,0,177.0,0.0,0.0,0.0,0.0,0.0,6
2023-05-10 10:33:58,l2401-C-8200,l2401-C-8200,177.0,0.0,0.0,0.0,10,57.0,0.0,0,177.0,0.0,0.0,0.0,0.0,0.0,6
2023-05-10 10:33:59,l2401-C-8200,l2401-C-8200,177.0,0.0,0.0,0.0,1,57.5,0.0,0,177.0,0.0,0.0,0.0,0.0,0.0,6
2023-05-10 10:33:59,l2401-C-8200,l2401-C-8200,177.0,0.0,0.0,0.0,10,58.0,0.0,0,177.0,0.0,0.0,0.0,0.0,0.0,6
2023-05-10 10:34:01,l2401-C-8200,l2401-C-8200,177.0,0.0,0.0,0.0,1,58.5,0.0,0,177.0,0.0,0.0,0.0,0.0,0.0,6
2023-05-10 10:34:01,l2401-C-8200,l2401-C-8200,177.0,0.0,0.0,0.0,10,59.0,0.0,0,177.0,0.0,0.0,0.0,0.0,0.0,6
2023-05-10 10:34:02,l2401-C-8200,l2401-C-8200,177.0,0.0,0.0,0.0,1,59.5,0.0,0,177.0,0.0,0.0,0.0,0.0,0.0,6
2023-05-10 10:34:02,l2401-C-8200,l2401-C-8200,177.0,0.0,0.0,0.0,10,60.0,0.0,0,177.0,0.0,0.0,0.0,0.0,0.0,6
2023-05-10 10:34:03,l2401-C-8200,l2401-C-8200,177.0,0.0,0.0,0.0,1,60.5,0.0,0,177.0,0.0,0.0,0.0,0.0,0.0,6
2023-05-10 10:34:03,l2401-C-8200,l2401-C-8200,177.0,0.0,0.0,0.0,10,61.0,0.0,0,177.0,0.0,0.0,0.0,0.0,0.0,6
2023-05-10 10:34:05,l2401-C-8200,l2401-C-8200,177.0,0.0,0.0,0.0,1,61.5,0.0,0,177.0,0.0,0.0,0.0,0.0,0.0,6
2023-05-10 10:34:05,l2401-C-8200,l2401-C-8200,177.0,0.0,0.0,0.0,10,62.0,0.0,0,177.0,0.0,0.0,0.0,0.0,0.0,6
2023-05-10 10:34:07,l2401-C-8200,l2401-C-8200,177.0,0.0,0.0,0.0,1,62.5,0.0,0,177.0,0.0,0.0,0.0,0.0,0.0,6
2023-05-10 10:34:07,l2401-C-8200,l2401-C-8200,177.0,0.0,0.0,0.0,10,63.0,0.0,0,177.0,0.0,0.0,0.0,0.0,0.0,6
2023-05-10 10:34:08,l2401-C-8200,l2401-C-8200,177.0,0.0,0.0,0.0,1,63.5,0.0,0,177.0,0.0,0.0,0.0,0.0,0.0,6
2023-05-10 10:34:08,l2401-C-8200,l2401-C-8200,177.0,0.0,0.0,0.0,10,64.0,0.0,0,177.0,0.0,0.0,0.0,0.0,0.0,6
2023-05-10 10:34:10,l2401-C-8200,l2401-C-8200,177.0,0.0,0.0,0.0,1,64.5,0.0,0,177.0,0.0,0.0,0.0,0.0,0.0,6
2023-05-10 10:34:10,l2401-C-8200,l2401-C-8200,177.0,0.0,0.0,0.0,10,65.0,0.0,0,177.0,0.0,0.0,0.0,0.0,0.0,6
2023-05-10 10:34:11,l2401-C-8200,l2401-C-8200,177.0,0.0,0.0,0.0,1,65.5,0.0,0,177.0,0.0,0.0,0.0,0.0,0.0,6
2023-05-10 10:34:11,l2401-C-8200,l2401-C-8200,177.0,0.0,0.0,0.0,10,66.0,0.0,0,177.0,0.0,0.0,0.0,0.0,0.0,6
2023-05-10 10:34:12,l2401-C-8200,l2401-C-8200,177.0,0.0,0.0,0.0,1,66.5,0.0,0,177.0,0.0,0.0,0.0,0.0,0.0,6
2023-05-10 10:34:12,l2401-C-8200,l2401-C-8200,177.0,0.0,0.0,0.0,10,67.0,0.0,0,177.0,0.0,0.0,0.0,0.0,0.0,6
2023-05-10 10:34:14,l2401-C-8200,l2401-C-8200,177.0,0.0,0.0,0.0,1,67.5,0.0,0,177.0,0.0,0.0,0.0,0.0,0.0,6
2023-05-10 10:34:14,l2401-C-8200,l2401-C-8200,177.0,0.0,0.0,0.0,10,68.0,0.0,0,177.0,0.0,0.0,0.0,0.0,0.0,6
2023-05-10 10:34:15,l2401-C-8200,l2401-C-8200,177.0,0.0,0.0,0.0,1,68.5,0.0,0,177.0,0.0,0.0,0.0,0.0,0.0,6
2023-05-10 10:34:15,l2401-C-8200,l2401-C-8200,177.0,0.0,0.0,0.0,10,69.0,0.0,0,177.0,0.0,0.0,0.0,0.0,0.0,6
2023-05-10 10:34:16,l2401-C-8200,l2401-C-8200,177.0,0.0,0.0,0.0,1,69.5,0.0,0,177.0,0.0,0.0,0.0,0.0,0.0,6
2023-05-10 10:34:16,l2401-C-8200,l2401-C-8200,177.0,0.0,0.0,0.0,10,70.0,0.0,0,177.0,0.0,0.0,0.0,0.0,0.0,6
2023-05-10 10:34:17,l2401-C-8200,l2401-C-8200,177.0,0.0,0.0,0.0,1,70.5,0.0,0,177.0,0.0,0.0,0.0,0.0,0.0,6
2023-05-10 10:34:17,l2401-C-8200,l2401-C-8200,177.0,0.0,0.0,0.0,10,71.0,0.0,0,177.0,0.0,0.0,0.0,0.0,0.0,6
2023-05-10 10:34:19,l2401-C-8200,l2401-C-8200,177.0,0.0,0.0,0.0,1,71.5,0.0,0,177.0,0.0,0.0,0.0,0.0,0.0,6
2023-05-10 10:34:19,l2401-C-8200,l2401-C-8200,177.0,0.0,0.0,0.0,10,72.0,0.0,0,177.0,0.0,0.0,0.0,0.0,0.0,6
2023-05-10 10:34:20,l2401-C-8200,l2401-C-8200,177.0,0.0,0.0,0.0,1,72.5,0.0,0,177.0,0.0,0.0,0.0,0.0,0.0,6
2023-05-10 10:34:20,l2401-C-8200,l2401-C-8200,177.0,0.0,0.0,0.0,10,73.0,0.0,0,177.0,0.0,0.0,0.0,0.0,0.0,6
2023-05-10 10:34:21,l2401-C-8200,l2401-C-8200,177.0,0.0,0.0,0.0,1,73.5,0.0,0,177.0,0.0,0.0,0.0,0.0,0.0,6
2023-05-10 10:34:21,l2401-C-8200,l2401-C-8200,177.0,0.0,0.0,0.0,10,74.0,0.0,0,177.0,0.0,0.0,0.0,0.0,0.0,6
2023-05-10 10:34:23,l2401-C-8200,l2401-C-8200,177.0,0.0,0.0,0.0,1,74.5,0.0,0,177.0,0.0,0.0,0.0,0.0,0.0,6
2023-05-10 10:34:23,l2401-C-8200,l2401-C-8200,177.0,0.0,0.0,0.0,10,75.0,0.0,0,177.0,0.0,0.0,0.0,0.0,0.0,6
2023-05-10 10:34:24,l2401-C-8200,l2401-C-8200,177.0,0.0,0.0,0.0,1,75.5,0.0,0,177.0,0.0,0.0,0.0,0.0,0.0,6
2023-05-10 10:34:24,l2401-C-8200,l2401-C-8200,177.0,0.0,0.0,0.0,10,76.0,0.0,0,177.0,0.0,0.0,0.0,0.0,0.0,6
2023-05-10 10:34:25,l2401-C-8200,l2401-C-8200,177.0,0.0,0.0,0.0,1,76.5,0.0,0,177.0,0.0,0.0,0.0,0.0,0.0,6
2023-05-10 10:34:25,l2401-C-8200,l2401-C-8200,177.0,0.0,0.0,0.0,10,77.0,0.0,0,177.0,0.0,0.0,0.0,0.0,0.0,6
2023-05-10 10:34:27,l2401-C-8200,l2401-C-8200,177.0,0.0,0.0,0.0,1,77.5,0.0,0,177.0,0.0,0.0,0.0,0.0,0.0,6
2023-05-10 10:34:27,l2401-C-8200,l2401-C-8200,177.0,0.0,0.0,0.0,10,78.0,0.0,0,177.0,0.0,0.0,0.0,0.0,0.0,6
2023-05-10 10:34:28,l2401-C-8200,l2401-C-8200,177.0,0.0,0.0,0.0,1,78.5,0.0,0,177.0,0.0,0.0,0.0,0.0,0.0,6
2023-05-10 10:34:28,l2401-C-8200,l2401-C-8200,177.0,0.0,0.0,0.0,10,79.0,0.0,0,177.0,0.0,0.0,0.0,0.0,0.0,6
2023-05-10 10:34:29,l2401-C-8200,l2401-C-8200,177.0,0.0,0.0,0.0,1,79.5,0.0,0,177.0,0.0,0.0,0.0,0.0,0.0,6
2023-05-10 10:34:29,l2401-C-8200,l2401-C-8200,177.0,0.0,0.0,0.0,10,80.0,0.0,0,177.0,0.0,0.0,0.0,0.0,0.0,6
2023-05-10 10:34:30,l2401-C-8200,l2401-C-8200,177.0,0.0,0.0,0.0,1,80.5,0.0,0,177.0,0.0,0.0,0.0,0.0,0.0,6
2023-05-10 10:34:30,l2401-C-8200,l2401-C-8200,177.0,0.0,0.0,0.0,10,81.0,0.0,0,177.0,0.0,0.0,0.0,0.0,0.0,6
2023-05-10 10:34:31,l2401-C-8200,l2401-C-8200,177.0,0.0,0.0,0.0,1,81.5,0.0,0,177.0,0.0,0.0,0.0,0.0,0.0,6
2023-05-10 10:34:31,l2401-C-8200,l2401-C-8200,177.0,0.0,0.0,0.0,10,82.0,0.0,0,177.0,0.0,0.0,0.0,0.0,0.0,6
2023-05-10 10:34:33,l2401-C-8200,l2401-C-8200,177.0,0.0,0.0,0.0,1,82.5,0.0,0,177.0,0.0,0.0,0.0,0.0,0.0,6
2023-05-10 10:34:33,l2401-C-8200,l2401-C-8200,177.0,0.0,0.0,0.0,10,83.0,0.0,0,177.0,0.0,0.0,0.0,0.0,0.0,6
2023-05-10 10:34:34,l2401-C-8200,l2401-C-8200,177.0,0.0,0.0,0.0,1,83.5,0.0,0,177.0,0.0,0.0,0.0,0.0,0.0,6
2023-05-10 10:34:34,l2401-C-8200,l2401-C-8200,177.0,0.0,0.0,0.0,10,84.0,0.0,0,177.0,0.0,0.0,0.0,0.0,0.0,6
2023-05-10 10:34:35,l2401-C-8200,l2401-C-8200,177.0,0.0,0.0,0.0,1,84.5,0.0,0,177.0,0.0,0.0,0.0,0.0,0.0,6
2023-05-10 10:34:35,l2401-C-8200,l2401-C-8200,177.0,0.0,0.0,0.0,10,85.0,0.0,0,177.0,0.0,0.0,0.0,0.0,0.0,6
2023-05-10 11:29:32,l2401-C-8200,l2401-C-8200,177.0,0.0,0.0,0.0,1,10.5,0.0,0,177.0,0.0,0.0,0.0,0.0,0.0,6
2023-05-10 13:30:02,l2401-C-8200,l2401-C-8200,177.0,0.0,0.0,0.0,10,11.0,0.0,0,177.0,0.0,0.0,0.0,0.0,0.0,6
2023-05-10 13:30:58,l2401-C-8200,l2401-C-8200,177.0,0.0,0.0,0.0,1,11.5,0.0,0,177.0,0.0,0.0,0.0,0.0,0.0,6
2023-05-10 13:30:58,l2401-C-8200,l2401-C-8200,177.0,0.0,0.0,0.0,10,12.0,0.0,0,177.0,0.0,0.0,0.0,0.0,0.0,6
2023-05-10 13:32:44,l2401-C-8200,l2401-C-8200,177.0,0.0,0.0,0.0,1,18.5,0.0,0,177.0,0.0,0.0,0.0,0.0,0.0,6
2023-05-10 13:32:44,l2401-C-8200,l2401-C-8200,177.0,0.0,0.0,0.0,10,19.0,0.0,0,177.0,0.0,0.0,0.0,0.0,0.0,6
2023-05-10 13:33:19,l2401-C-8200,l2401-C-8200,177.0,0.0,0.0,0.0,1,19.5,0.0,0,177.0,0.0,0.0,0.0,0.0,0.0,6
2023-05-10 13:33:19,l2401-C-8200,l2401-C-8200,177.0,0.0,0.0,0.0,10,20.0,0.0,0,177.0,0.0,0.0,0.0,0.0,0.0,6
2023-05-10 13:33:43,l2401-C-8200,l2401-C-8200,177.0,0.0,0.0,0.0,1,20.5,0.0,0,177.0,0.0,0.0,0.0,0.0,0.0,6
2023-05-10 13:33:43,l2401-C-8200,l2401-C-8200,177.0,0.0,0.0,0.0,10,21.0,0.0,0,177.0,0.0,0.0,0.0,0.0,0.0,6
2023-05-10 13:35:58,l2401-C-8200,l2401-C-8200,177.0,0.0,0.0,0.0,1,21.5,0.0,0,177.0,0.0,0.0,0.0,0.0,0.0,6
2023-05-10 13:35:58,l2401-C-8200,l2401-C-8200,177.0,0.0,0.0,0.0,10,22.0,0.0,0,177.0,0.0,0.0,0.0,0.0,0.0,6
2023-05-10 13:37:56,l2401-C-8200,l2401-C-8200,177.0,0.0,0.0,0.0,1,22.5,0.0,0,177.0,0.0,0.0,0.0,0.0,0.0,6
2023-05-10 13:37:56,l2401-C-8200,l2401-C-8200,177.0,0.0,0.0,0.0,10,23.0,0.0,0,177.0,0.0,0.0,0.0,0.0,0.0,6
2023-05-10 13:38:08,l2401-C-8200,l2401-C-8200,177.0,0.0,0.0,0.0,1,23.5,0.0,0,177.0,0.0,0.0,0.0,0.0,0.0,6
2023-05-10 13:38:08,l2401-C-8200,l2401-C-8200,177.0,0.0,0.0,0.0,10,24.0,0.0,0,177.0,0.0,0.0,0.0,0.0,0.0,6
2023-05-10 13:38:18,l2401-C-8200,l2401-C-8200,177.0,0.0,0.0,0.0,1,24.5,0.0,0,177.0,0.0,0.0,0.0,0.0,0.0,6
2023-05-10 13:38:18,l2401-C-8200,l2401-C-8200,177.0,0.0,0.0,0.0,10,25.0,0.0,0,177.0,0.0,0.0,0.0,0.0,0.0,6
2023-05-10 13:38:27,l2401-C-8200,l2401-C-8200,177.0,0.0,0.0,0.0,1,25.5,0.0,0,177.0,0.0,0.0,0.0,0.0,0.0,6
2023-05-10 13:38:27,l2401-C-8200,l2401-C-8200,177.0,0.0,0.0,0.0,10,26.0,0.0,0,177.0,0.0,0.0,0.0,0.0,0.0,6
2023-05-10 13:38:36,l2401-C-8200,l2401-C-8200,177.0,0.0,0.0,0.0,1,26.5,0.0,0,177.0,0.0,0.0,0.0,0.0,0.0,6
2023-05-10 13:38:36,l2401-C-8200,l2401-C-8200,177.0,0.0,0.0,0.0,10,27.0,0.0,0,177.0,0.0,0.0,0.0,0.0,0.0,6
2023-05-10 13:38:55,l2401-C-8200,l2401-C-8200,177.0,0.0,0.0,0.0,1,27.5,0.0,0,177.0,0.0,0.0,0.0,0.0,0.0,6
2023-05-10 13:38:55,l2401-C-8200,l2401-C-8200,177.0,0.0,0.0,0.0,10,28.0,0.0,0,177.0,0.0,0.0,0.0,0.0,0.0,6
2023-05-10 13:39:00,l2401-C-8200,l2401-C-8200,177.0,0.0,0.0,0.0,1,28.5,0.0,0,177.0,0.0,0.0,0.0,0.0,0.0,6
2023-05-10 13:39:00,l2401-C-8200,l2401-C-8200,177.0,0.0,0.0,0.0,10,29.0,0.0,0,177.0,0.0,0.0,0.0,0.0,0.0,6
2023-05-10 13:39:03,l2401-C-8200,l2401-C-8200,177.0,0.0,0.0,0.0,1,29.5,0.0,0,177.0,0.0,0.0,0.0,0.0,0.0,6
2023-05-10 13:39:03,l2401-C-8200,l2401-C-8200,177.0,0.0,0.0,0.0,10,30.0,0.0,0,177.0,0.0,0.0,0.0,0.0,0.0,6
2023-05-10 13:39:05,l2401-C-8200,l2401-C-8200,177.0,0.0,0.0,0.0,1,30.5,0.0,0,177.0,0.0,0.0,0.0,0.0,0.0,6
2023-05-10 13:39:05,l2401-C-8200,l2401-C-8200,177.0,0.0,0.0,0.0,10,31.0,0.0,0,177.0,0.0,0.0,0.0,0.0,0.0,6
2023-05-10 13:39:08,l2401-C-8200,l2401-C-8200,177.0,0.0,0.0,0.0,1,31.5,0.0,0,177.0,0.0,0.0,0.0,0.0,0.0,6
2023-05-10 13:39:08,l2401-C-8200,l2401-C-8200,177.0,0.0,0.0,0.0,10,32.0,0.0,0,177.0,0.0,0.0,0.0,0.0,0.0,6
2023-05-10 13:39:10,l2401-C-8200,l2401-C-8200,177.0,0.0,0.0,0.0,1,32.5,0.0,0,177.0,0.0,0.0,0.0,0.0,0.0,6
2023-05-10 13:39:10,l2401-C-8200,l2401-C-8200,177.0,0.0,0.0,0.0,10,33.0,0.0,0,177.0,0.0,0.0,0.0,0.0,0.0,6
2023-05-10 13:39:12,l2401-C-8200,l2401-C-8200,177.0,0.0,0.0,0.0,1,33.5,0.0,0,177.0,0.0,0.0,0.0,0.0,0.0,6
2023-05-10 13:39:12,l2401-C-8200,l2401-C-8200,177.0,0.0,0.0,0.0,10,34.0,0.0,0,177.0,0.0,0.0,0.0,0.0,0.0,6
2023-05-10 13:39:14,l2401-C-8200,l2401-C-8200,177.0,0.0,0.0,0.0,1,34.5,0.0,0,177.0,0.0,0.0,0.0,0.0,0.0,6
2023-05-10 13:39:14,l2401-C-8200,l2401-C-8200,177.0,0.0,0.0,0.0,10,35.0,0.0,0,177.0,0.0,0.0,0.0,0.0,0.0,6
2023-05-10 13:39:16,l2401-C-8200,l2401-C-8200,177.0,0.0,0.0,0.0,1,35.5,0.0,0,177.0,0.0,0.0,0.0,0.0,0.0,6
2023-05-10 13:39:16,l2401-C-8200,l2401-C-8200,177.0,0.0,0.0,0.0,10,36.0,0.0,0,177.0,0.0,0.0,0.0,0.0,0.0,6
2023-05-10 13:39:18,l2401-C-8200,l2401-C-8200,177.0,0.0,0.0,0.0,1,36.5,0.0,0,177.0,0.0,0.0,0.0,0.0,0.0,6
2023-05-10 13:39:18,l2401-C-8200,l2401-C-8200,177.0,0.0,0.0,0.0,10,37.0,0.0,0,177.0,0.0,0.0,0.0,0.0,0.0,6
2023-05-10 13:39:20,l2401-C-8200,l2401-C-8200,177.0,0.0,0.0,0.0,1,37.5,0.0,0,177.0,0.0,0.0,0.0,0.0,0.0,6
2023-05-10 13:39:20,l2401-C-8200,l2401-C-8200,177.0,0.0,0.0,0.0,10,38.0,0.0,0,177.0,0.0,0.0,0.0,0.0,0.0,6
2023-05-10 13:39:22,l2401-C-8200,l2401-C-8200,177.0,0.0,0.0,0.0,1,38.5,0.0,0,177.0,0.0,0.0,0.0,0.0,0.0,6
2023-05-10 13:39:22,l2401-C-8200,l2401-C-8200,177.0,0.0,0.0,0.0,10,39.0,0.0,0,177.0,0.0,0.0,0.0,0.0,0.0,6
2023-05-10 13:39:23,l2401-C-8200,l2401-C-8200,177.0,0.0,0.0,0.0,1,39.5,0.0,0,177.0,0.0,0.0,0.0,0.0,0.0,6
2023-05-10 13:39:23,l2401-C-8200,l2401-C-8200,177.0,0.0,0.0,0.0,10,40.0,0.0,0,177.0,0.0,0.0,0.0,0.0,0.0,6
2023-05-10 13:39:25,l2401-C-8200,l2401-C-8200,177.0,0.0,0.0,0.0,1,40.5,0.0,0,177.0,0.0,0.0,0.0,0.0,0.0,6
2023-05-10 13:39:25,l2401-C-8200,l2401-C-8200,177.0,0.0,0.0,0.0,10,41.0,0.0,0,177.0,0.0,0.0,0.0,0.0,0.0,6
2023-05-10 13:39:27,l2401-C-8200,l2401-C-8200,177.0,0.0,0.0,0.0,1,41.5,0.0,0,177.0,0.0,0.0,0.0,0.0,0.0,6
2023-05-10 13:39:27,l2401-C-8200,l2401-C-8200,177.0,0.0,0.0,0.0,10,42.0,0.0,0,177.0,0.0,0.0,0.0,0.0,0.0,6
2023-05-10 13:39:29,l2401-C-8200,l2401-C-8200,177.0,0.0,0.0,0.0,1,42.5,0.0,0,177.0,0.0,0.0,0.0,0.0,0.0,6
2023-05-10 13:39:29,l2401-C-8200,l2401-C-8200,177.0,0.0,0.0,0.0,10,43.0,0.0,0,177.0,0.0,0.0,0.0,0.0,0.0,6
2023-05-10 13:39:31,l2401-C-8200,l2401-C-8200,177.0,0.0,0.0,0.0,1,43.5,0.0,0,177.0,0.0,0.0,0.0,0.0,0.0,6
2023-05-10 13:39:31,l2401-C-8200,l2401-C-8200,177.0,0.0,0.0,0.0,10,44.0,0.0,0,177.0,0.0,0.0,0.0,0.0,0.0,6
2023-05-10 13:39:32,l2401-C-8200,l2401-C-8200,177.0,0.0,0.0,0.0,1,47.5,0.0,0,177.0,0.0,0.0,0.0,0.0,0.0,6
2023-05-10 13:39:32,l2401-C-8200,l2401-C-8200,177.0,0.0,0.0,0.0,10,48.0,0.0,0,177.0,0.0,0.0,0.0,0.0,0.0,6
2023-05-10 13:39:34,l2401-C-8200,l2401-C-8200,177.0,0.0,0.0,0.0,1,48.5,0.0,0,177.0,0.0,0.0,0.0,0.0,0.0,6
2023-05-10 13:39:34,l2401-C-8200,l2401-C-8200,177.0,0.0,0.0,0.0,10,49.0,0.0,0,177.0,0.0,0.0,0.0,0.0,0.0,6
2023-05-10 13:39:36,l2401-C-8200,l2401-C-8200,177.0,0.0,0.0,0.0,1,49.5,0.0,0,177.0,0.0,0.0,0.0,0.0,0.0,6
2023-05-10 13:39:36,l2401-C-8200,l2401-C-8200,177.0,0.0,0.0,0.0,10,50.0,0.0,0,177.0,0.0,0.0,0.0,0.0,0.0,6
2023-05-10 13:39:37,l2401-C-8200,l2401-C-8200,177.0,0.0,0.0,0.0,1,50.5,0.0,0,177.0,0.0,0.0,0.0,0.0,0.0,6
2023-05-10 13:39:37,l2401-C-8200,l2401-C-8200,177.0,0.0,0.0,0.0,10,51.0,0.0,0,177.0,0.0,0.0,0.0,0.0,0.0,6
2023-05-10 13:39:39,l2401-C-8200,l2401-C-8200,177.0,0.0,0.0,0.0,1,51.5,0.0,0,177.0,0.0,0.0,0.0,0.0,0.0,6
2023-05-10 13:39:39,l2401-C-8200,l2401-C-8200,177.0,0.0,0.0,0.0,10,52.0,0.0,0,177.0,0.0,0.0,0.0,0.0,0.0,6
2023-05-10 13:39:40,l2401-C-8200,l2401-C-8200,177.0,0.0,0.0,0.0,1,55.5,0.0,0,177.0,0.0,0.0,0.0,0.0,0.0,6
2023-05-10 13:39:40,l2401-C-8200,l2401-C-8200,177.0,0.0,0.0,0.0,10,56.0,0.0,0,177.0,0.0,0.0,0.0,0.0,0.0,6
2023-05-10 13:39:46,l2401-C-8200,l2401-C-8200,177.0,0.0,0.0,0.0,1,56.5,0.0,0,177.0,0.0,0.0,0.0,0.0,0.0,6
2023-05-10 13:39:46,l2401-C-8200,l2401-C-8200,177.0,0.0,0.0,0.0,10,57.0,0.0,0,177.0,0.0,0.0,0.0,0.0,0.0,6
2023-05-10 13:39:49,l2401-C-8200,l2401-C-8200,177.0,0.0,0.0,0.0,1,57.5,0.0,0,177.0,0.0,0.0,0.0,0.0,0.0,6
2023-05-10 13:39:49,l2401-C-8200,l2401-C-8200,177.0,0.0,0.0,0.0,10,58.0,0.0,0,177.0,0.0,0.0,0.0,0.0,0.0,6
2023-05-10 13:39:52,l2401-C-8200,l2401-C-8200,177.0,0.0,0.0,0.0,1,58.5,0.0,0,177.0,0.0,0.0,0.0,0.0,0.0,6
2023-05-10 13:39:52,l2401-C-8200,l2401-C-8200,177.0,0.0,0.0,0.0,10,59.0,0.0,0,177.0,0.0,0.0,0.0,0.0,0.0,6
2023-05-10 13:39:54,l2401-C-8200,l2401-C-8200,177.0,0.0,0.0,0.0,1,59.5,0.0,0,177.0,0.0,0.0,0.0,0.0,0.0,6
2023-05-10 13:39:54,l2401-C-8200,l2401-C-8200,177.0,0.0,0.0,0.0,10,60.0,0.0,0,177.0,0.0,0.0,0.0,0.0,0.0,6
2023-05-10 13:39:56,l2401-C-8200,l2401-C-8200,177.0,0.0,0.0,0.0,1,60.5,0.0,0,177.0,0.0,0.0,0.0,0.0,0.0,6
2023-05-10 13:39:56,l2401-C-8200,l2401-C-8200,177.0,0.0,0.0,0.0,10,61.0,0.0,0,177.0,0.0,0.0,0.0,0.0,0.0,6
2023-05-10 13:39:57,l2401-C-8200,l2401-C-8200,177.0,0.0,0.0,0.0,1,61.5,0.0,0,177.0,0.0,0.0,0.0,0.0,0.0,6
2023-05-10 13:39:57,l2401-C-8200,l2401-C-8200,177.0,0.0,0.0,0.0,10,62.0,0.0,0,177.0,0.0,0.0,0.0,0.0,0.0,6
2023-05-10 13:39:58,l2401-C-8200,l2401-C-8200,177.0,0.0,0.0,0.0,1,62.5,0.0,0,177.0,0.0,0.0,0.0,0.0,0.0,6
2023-05-10 13:39:58,l2401-C-8200,l2401-C-8200,177.0,0.0,0.0,0.0,10,63.0,0.0,0,177.0,0.0,0.0,0.0,0.0,0.0,6
2023-05-10 13:40:00,l2401-C-8200,l2401-C-8200,177.0,0.0,0.0,0.0,1,63.5,0.0,0,177.0,0.0,0.0,0.0,0.0,0.0,6
2023-05-10 13:40:00,l2401-C-8200,l2401-C-8200,177.0,0.0,0.0,0.0,10,64.0,0.0,0,177.0,0.0,0.0,0.0,0.0,0.0,6
2023-05-10 13:40:01,l2401-C-8200,l2401-C-8200,177.0,0.0,0.0,0.0,1,64.5,0.0,0,177.0,0.0,0.0,0.0,0.0,0.0,6
2023-05-10 13:40:01,l2401-C-8200,l2401-C-8200,177.0,0.0,0.0,0.0,10,65.0,0.0,0,177.0,0.0,0.0,0.0,0.0,0.0,6
2023-05-10 13:40:02,l2401-C-8200,l2401-C-8200,177.0,0.0,0.0,0.0,1,65.5,0.0,0,177.0,0.0,0.0,0.0,0.0,0.0,6
2023-05-10 13:40:02,l2401-C-8200,l2401-C-8200,177.0,0.0,0.0,0.0,10,66.0,0.0,0,177.0,0.0,0.0,0.0,0.0,0.0,6
2023-05-10 13:40:04,l2401-C-8200,l2401-C-8200,177.0,0.0,0.0,0.0,1,66.5,0.0,0,177.0,0.0,0.0,0.0,0.0,0.0,6
2023-05-10 13:40:04,l2401-C-8200,l2401-C-8200,177.0,0.0,0.0,0.0,10,67.0,0.0,0,177.0,0.0,0.0,0.0,0.0,0.0,6
2023-05-10 13:40:05,l2401-C-8200,l2401-C-8200,177.0,0.0,0.0,0.0,1,67.5,0.0,0,177.0,0.0,0.0,0.0,0.0,0.0,6
2023-05-10 13:40:05,l2401-C-8200,l2401-C-8200,177.0,0.0,0.0,0.0,10,68.0,0.0,0,177.0,0.0,0.0,0.0,0.0,0.0,6
2023-05-10 13:40:07,l2401-C-8200,l2401-C-8200,177.0,0.0,0.0,0.0,1,68.5,0.0,0,177.0,0.0,0.0,0.0,0.0,0.0,6
2023-05-10 13:40:07,l2401-C-8200,l2401-C-8200,177.0,0.0,0.0,0.0,10,69.0,0.0,0,177.0,0.0,0.0,0.0,0.0,0.0,6
2023-05-10 13:40:08,l2401-C-8200,l2401-C-8200,177.0,0.0,0.0,0.0,1,69.5,0.0,0,177.0,0.0,0.0,0.0,0.0,0.0,6
2023-05-10 13:40:08,l2401-C-8200,l2401-C-8200,177.0,0.0,0.0,0.0,10,70.0,0.0,0,177.0,0.0,0.0,0.0,0.0,0.0,6
2023-05-10 13:40:09,l2401-C-8200,l2401-C-8200,177.0,0.0,0.0,0.0,1,70.5,0.0,0,177.0,0.0,0.0,0.0,0.0,0.0,6
2023-05-10 13:40:09,l2401-C-8200,l2401-C-8200,177.0,0.0,0.0,0.0,10,71.0,0.0,0,177.0,0.0,0.0,0.0,0.0,0.0,6
2023-05-10 13:40:11,l2401-C-8200,l2401-C-8200,177.0,0.0,0.0,0.0,1,71.5,0.0,0,177.0,0.0,0.0,0.0,0.0,0.0,6
2023-05-10 13:40:11,l2401-C-8200,l2401-C-8200,177.0,0.0,0.0,0.0,10,72.0,0.0,0,177.0,0.0,0.0,0.0,0.0,0.0,6
2023-05-10 13:40:13,l2401-C-8200,l2401-C-8200,177.0,0.0,0.0,0.0,1,72.5,0.0,0,177.0,0.0,0.0,0.0,0.0,0.0,6
2023-05-10 13:40:13,l2401-C-8200,l2401-C-8200,177.0,0.0,0.0,0.0,10,73.0,0.0,0,177.0,0.0,0.0,0.0,0.0,0.0,6
2023-05-10 13:40:14,l2401-C-8200,l2401-C-8200,177.0,0.0,0.0,0.0,1,73.5,0.0,0,177.0,0.0,0.0,0.0,0.0,0.0,6
2023-05-10 13:40:14,l2401-C-8200,l2401-C-8200,177.0,0.0,0.0,0.0,10,74.0,0.0,0,177.0,0.0,0.0,0.0,0.0,0.0,6
2023-05-10 13:40:15,l2401-C-8200,l2401-C-8200,177.0,0.0,0.0,0.0,1,74.5,0.0,0,177.0,0.0,0.0,0.0,0.0,0.0,6
2023-05-10 13:40:15,l2401-C-8200,l2401-C-8200,177.0,0.0,0.0,0.0,10,75.0,0.0,0,177.0,0.0,0.0,0.0,0.0,0.0,6
2023-05-10 13:40:17,l2401-C-8200,l2401-C-8200,177.0,0.0,0.0,0.0,1,75.5,0.0,0,177.0,0.0,0.0,0.0,0.0,0.0,6
2023-05-10 13:40:17,l2401-C-8200,l2401-C-8200,177.0,0.0,0.0,0.0,10,76.0,0.0,0,177.0,0.0,0.0,0.0,0.0,0.0,6
2023-05-10 13:40:18,l2401-C-8200,l2401-C-8200,177.0,0.0,0.0,0.0,1,76.5,0.0,0,177.0,0.0,0.0,0.0,0.0,0.0,6
2023-05-10 13:40:18,l2401-C-8200,l2401-C-8200,177.0,0.0,0.0,0.0,10,77.0,0.0,0,177.0,0.0,0.0,0.0,0.0,0.0,6
2023-05-10 13:40:19,l2401-C-8200,l2401-C-8200,177.0,0.0,0.0,0.0,1,77.5,0.0,0,177.0,0.0,0.0,0.0,0.0,0.0,6
2023-05-10 13:40:19,l2401-C-8200,l2401-C-8200,177.0,0.0,0.0,0.0,10,78.0,0.0,0,177.0,0.0,0.0,0.0,0.0,0.0,6
2023-05-10 13:40:20,l2401-C-8200,l2401-C-8200,177.0,0.0,0.0,0.0,1,78.5,0.0,0,177.0,0.0,0.0,0.0,0.0,0.0,6
2023-05-10 13:40:20,l2401-C-8200,l2401-C-8200,177.0,0.0,0.0,0.0,10,79.0,0.0,0,177.0,0.0,0.0,0.0,0.0,0.0,6
2023-05-10 13:40:21,l2401-C-8200,l2401-C-8200,177.0,0.0,0.0,0.0,1,79.5,0.0,0,177.0,0.0,0.0,0.0,0.0,0.0,6
2023-05-10 13:40:21,l2401-C-8200,l2401-C-8200,177.0,0.0,0.0,0.0,10,80.0,0.0,0,177.0,0.0,0.0,0.0,0.0,0.0,6
2023-05-10 13:40:22,l2401-C-8200,l2401-C-8200,177.0,0.0,0.0,0.0,1,80.5,0.0,0,177.0,0.0,0.0,0.0,0.0,0.0,6
2023-05-10 13:40:22,l2401-C-8200,l2401-C-8200,177.0,0.0,0.0,0.0,10,81.0,0.0,0,177.0,0.0,0.0,0.0,0.0,0.0,6
2023-05-10 13:40:23,l2401-C-8200,l2401-C-8200,177.0,0.0,0.0,0.0,1,81.5,0.0,0,177.0,0.0,0.0,0.0,0.0,0.0,6
2023-05-10 13:40:23,l2401-C-8200,l2401-C-8200,177.0,0.0,0.0,0.0,10,82.0,0.0,0,177.0,0.0,0.0,0.0,0.0,0.0,6
2023-05-10 13:40:24,l2401-C-8200,l2401-C-8200,177.0,0.0,0.0,0.0,1,82.5,0.0,0,177.0,0.0,0.0,0.0,0.0,0.0,6
2023-05-10 13:40:24,l2401-C-8200,l2401-C-8200,177.0,0.0,0.0,0.0,10,83.0,0.0,0,177.0,0.0,0.0,0.0,0.0,0.0,6
2023-05-10 13:40:25,l2401-C-8200,l2401-C-8200,177.0,0.0,0.0,0.0,1,83.5,0.0,0,177.0,0.0,0.0,0.0,0.0,0.0,6
2023-05-10 13:40:25,l2401-C-8200,l2401-C-8200,177.0,0.0,0.0,0.0,10,84.0,0.0,0,177.0,0.0,0.0,0.0,0.0,0.0,6
2023-05-10 13:40:27,l2401-C-8200,l2401-C-8200,177.0,0.0,0.0,0.0,1,84.5,0.0,0,177.0,0.0,0.0,0.0,0.0,0.0,6
2023-05-10 13:40:27,l2401-C-8200,l2401-C-8200,177.0,0.0,0.0,0.0,10,85.0,0.0,0,177.0,0.0,0.0,0.0,0.0,0.0,6
2023-05-10 13:46:17,l2401-C-8200,l2401-C-8200,177.0,0.0,0.0,0.0,1,85.5,0.0,0,177.0,0.0,0.0,0.0,0.0,0.0,6
2023-05-10 13:46:17,l2401-C-8200,l2401-C-8200,177.0,0.0,0.0,0.0,10,86.0,0.0,0,177.0,0.0,0.0,0.0,0.0,0.0,6
2023-05-10 14:59:01,l2401-C-8200,l2401-C-8200,177.0,0.0,0.0,0.0,1,11.5,0.0,0,177.0,0.0,0.0,0.0,0.0,0.0,6
2023-05-10 14:59:08,l2401-C-8200,l2401-C-8200,177.0,0.0,0.0,0.0,1,18.0,0.0,0,177.0,0.0,0.0,0.0,0.0,0.0,6
2023-05-10 15:01:15,l2401-C-8200,l2401-C-8200,177.0,0.0,0.0,0.0,1,18.0,0.0,0,177.0,0.0,0.0,0.0,0.0,0.0,6
