time,symbol_id,symbol_name,last,trade_volume,trade_amount,open_interest_change,bv1,bp1,ap1,av1,yesterday_close,today_open,today_high,today_low,volume,amount,open_interest
2023-05-09 20:56:27,l2401-C-8300,l2401-C-8300,149.0,0.0,0.0,0.0,1,1.5,0.0,0,149.0,0.0,0.0,0.0,0.0,0.0,11
2023-05-09 21:00:19,l2401-C-8300,l2401-C-8300,149.0,0.0,0.0,0.0,10,2.0,0.0,0,149.0,0.0,0.0,0.0,0.0,0.0,11
2023-05-09 21:01:35,l2401-C-8300,l2401-C-8300,149.0,0.0,0.0,0.0,1,8.5,0.0,0,149.0,0.0,0.0,0.0,0.0,0.0,11
2023-05-09 21:01:35,l2401-C-8300,l2401-C-8300,149.0,0.0,0.0,0.0,10,9.0,0.0,0,149.0,0.0,0.0,0.0,0.0,0.0,11
2023-05-09 21:02:51,l2401-C-8300,l2401-C-8300,149.0,0.0,0.0,0.0,1,9.5,0.0,0,149.0,0.0,0.0,0.0,0.0,0.0,11
2023-05-09 21:02:51,l2401-C-8300,l2401-C-8300,149.0,0.0,0.0,0.0,10,10.0,0.0,0,149.0,0.0,0.0,0.0,0.0,0.0,11
2023-05-09 21:03:03,l2401-C-8300,l2401-C-8300,149.0,0.0,0.0,0.0,1,10.5,0.0,0,149.0,0.0,0.0,0.0,0.0,0.0,11
2023-05-09 21:03:03,l2401-C-8300,l2401-C-8300,149.0,0.0,0.0,0.0,10,11.0,0.0,0,149.0,0.0,0.0,0.0,0.0,0.0,11
2023-05-09 21:03:06,l2401-C-8300,l2401-C-8300,149.0,0.0,0.0,0.0,1,11.5,0.0,0,149.0,0.0,0.0,0.0,0.0,0.0,11
2023-05-09 21:03:06,l2401-C-8300,l2401-C-8300,149.0,0.0,0.0,0.0,10,12.0,0.0,0,149.0,0.0,0.0,0.0,0.0,0.0,11
2023-05-09 21:03:29,l2401-C-8300,l2401-C-8300,149.0,0.0,0.0,0.0,1,18.5,0.0,0,149.0,0.0,0.0,0.0,0.0,0.0,11
2023-05-09 21:03:29,l2401-C-8300,l2401-C-8300,149.0,0.0,0.0,0.0,10,19.0,0.0,0,149.0,0.0,0.0,0.0,0.0,0.0,11
2023-05-09 21:03:32,l2401-C-8300,l2401-C-8300,149.0,0.0,0.0,0.0,1,19.5,0.0,0,149.0,0.0,0.0,0.0,0.0,0.0,11
2023-05-09 21:03:32,l2401-C-8300,l2401-C-8300,149.0,0.0,0.0,0.0,10,20.0,0.0,0,149.0,0.0,0.0,0.0,0.0,0.0,11
2023-05-09 21:03:35,l2401-C-8300,l2401-C-8300,149.0,0.0,0.0,0.0,1,20.5,0.0,0,149.0,0.0,0.0,0.0,0.0,0.0,11
2023-05-09 21:03:35,l2401-C-8300,l2401-C-8300,149.0,0.0,0.0,0.0,10,21.0,0.0,0,149.0,0.0,0.0,0.0,0.0,0.0,11
2023-05-09 21:03:38,l2401-C-8300,l2401-C-8300,149.0,0.0,0.0,0.0,1,21.5,0.0,0,149.0,0.0,0.0,0.0,0.0,0.0,11
2023-05-09 21:03:38,l2401-C-8300,l2401-C-8300,149.0,0.0,0.0,0.0,10,22.0,0.0,0,149.0,0.0,0.0,0.0,0.0,0.0,11
2023-05-09 21:03:44,l2401-C-8300,l2401-C-8300,149.0,0.0,0.0,0.0,1,22.5,0.0,0,149.0,0.0,0.0,0.0,0.0,0.0,11
2023-05-09 21:03:44,l2401-C-8300,l2401-C-8300,149.0,0.0,0.0,0.0,10,23.0,0.0,0,149.0,0.0,0.0,0.0,0.0,0.0,11
2023-05-09 21:03:59,l2401-C-8300,l2401-C-8300,149.0,0.0,0.0,0.0,1,23.5,0.0,0,149.0,0.0,0.0,0.0,0.0,0.0,11
2023-05-09 21:03:59,l2401-C-8300,l2401-C-8300,149.0,0.0,0.0,0.0,10,24.0,0.0,0,149.0,0.0,0.0,0.0,0.0,0.0,11
2023-05-09 21:04:09,l2401-C-8300,l2401-C-8300,149.0,0.0,0.0,0.0,1,30.5,0.0,0,149.0,0.0,0.0,0.0,0.0,0.0,11
2023-05-09 21:04:09,l2401-C-8300,l2401-C-8300,149.0,0.0,0.0,0.0,10,31.0,0.0,0,149.0,0.0,0.0,0.0,0.0,0.0,11
2023-05-09 21:04:22,l2401-C-8300,l2401-C-8300,149.0,0.0,0.0,0.0,1,31.5,0.0,0,149.0,0.0,0.0,0.0,0.0,0.0,11
2023-05-09 21:04:22,l2401-C-8300,l2401-C-8300,149.0,0.0,0.0,0.0,10,32.0,0.0,0,149.0,0.0,0.0,0.0,0.0,0.0,11
2023-05-09 21:04:24,l2401-C-8300,l2401-C-8300,149.0,0.0,0.0,0.0,1,32.5,0.0,0,149.0,0.0,0.0,0.0,0.0,0.0,11
2023-05-09 21:04:24,l2401-C-8300,l2401-C-8300,149.0,0.0,0.0,0.0,10,33.0,0.0,0,149.0,0.0,0.0,0.0,0.0,0.0,11
2023-05-09 21:04:26,l2401-C-8300,l2401-C-8300,149.0,0.0,0.0,0.0,1,33.5,0.0,0,149.0,0.0,0.0,0.0,0.0,0.0,11
2023-05-09 21:04:26,l2401-C-8300,l2401-C-8300,149.0,0.0,0.0,0.0,10,34.0,0.0,0,149.0,0.0,0.0,0.0,0.0,0.0,11
2023-05-09 21:04:29,l2401-C-8300,l2401-C-8300,149.0,0.0,0.0,0.0,1,34.5,0.0,0,149.0,0.0,0.0,0.0,0.0,0.0,11
2023-05-09 21:04:29,l2401-C-8300,l2401-C-8300,149.0,0.0,0.0,0.0,10,35.0,0.0,0,149.0,0.0,0.0,0.0,0.0,0.0,11
2023-05-09 21:04:31,l2401-C-8300,l2401-C-8300,149.0,0.0,0.0,0.0,1,35.5,0.0,0,149.0,0.0,0.0,0.0,0.0,0.0,11
2023-05-09 21:04:31,l2401-C-8300,l2401-C-8300,149.0,0.0,0.0,0.0,10,36.0,0.0,0,149.0,0.0,0.0,0.0,0.0,0.0,11
2023-05-09 21:04:38,l2401-C-8300,l2401-C-8300,149.0,0.0,0.0,0.0,1,36.5,0.0,0,149.0,0.0,0.0,0.0,0.0,0.0,11
2023-05-09 21:04:38,l2401-C-8300,l2401-C-8300,149.0,0.0,0.0,0.0,10,37.0,0.0,0,149.0,0.0,0.0,0.0,0.0,0.0,11
2023-05-09 21:05:12,l2401-C-8300,l2401-C-8300,149.0,0.0,0.0,0.0,1,37.5,0.0,0,149.0,0.0,0.0,0.0,0.0,0.0,11
2023-05-09 21:05:12,l2401-C-8300,l2401-C-8300,149.0,0.0,0.0,0.0,10,38.0,0.0,0,149.0,0.0,0.0,0.0,0.0,0.0,11
2023-05-09 21:05:26,l2401-C-8300,l2401-C-8300,149.0,0.0,0.0,0.0,1,38.5,0.0,0,149.0,0.0,0.0,0.0,0.0,0.0,11
2023-05-09 21:05:26,l2401-C-8300,l2401-C-8300,149.0,0.0,0.0,0.0,10,39.0,0.0,0,149.0,0.0,0.0,0.0,0.0,0.0,11
2023-05-09 21:05:32,l2401-C-8300,l2401-C-8300,149.0,0.0,0.0,0.0,1,39.5,0.0,0,149.0,0.0,0.0,0.0,0.0,0.0,11
2023-05-09 21:05:32,l2401-C-8300,l2401-C-8300,149.0,0.0,0.0,0.0,10,40.0,0.0,0,149.0,0.0,0.0,0.0,0.0,0.0,11
2023-05-09 21:05:38,l2401-C-8300,l2401-C-8300,149.0,0.0,0.0,0.0,1,40.5,0.0,0,149.0,0.0,0.0,0.0,0.0,0.0,11
2023-05-09 21:05:38,l2401-C-8300,l2401-C-8300,149.0,0.0,0.0,0.0,10,41.0,0.0,0,149.0,0.0,0.0,0.0,0.0,0.0,11
2023-05-09 21:05:46,l2401-C-8300,l2401-C-8300,149.0,0.0,0.0,0.0,1,41.5,0.0,0,149.0,0.0,0.0,0.0,0.0,0.0,11
2023-05-09 21:05:46,l2401-C-8300,l2401-C-8300,149.0,0.0,0.0,0.0,10,42.0,0.0,0,149.0,0.0,0.0,0.0,0.0,0.0,11
2023-05-09 21:05:51,l2401-C-8300,l2401-C-8300,149.0,0.0,0.0,0.0,1,42.5,0.0,0,149.0,0.0,0.0,0.0,0.0,0.0,11
2023-05-09 21:05:51,l2401-C-8300,l2401-C-8300,149.0,0.0,0.0,0.0,10,43.0,0.0,0,149.0,0.0,0.0,0.0,0.0,0.0,11
2023-05-09 21:05:59,l2401-C-8300,l2401-C-8300,149.0,0.0,0.0,0.0,1,43.5,0.0,0,149.0,0.0,0.0,0.0,0.0,0.0,11
2023-05-09 21:05:59,l2401-C-8300,l2401-C-8300,149.0,0.0,0.0,0.0,10,44.0,0.0,0,149.0,0.0,0.0,0.0,0.0,0.0,11
2023-05-09 21:06:07,l2401-C-8300,l2401-C-8300,149.0,0.0,0.0,0.0,1,44.5,0.0,0,149.0,0.0,0.0,0.0,0.0,0.0,11
2023-05-09 21:06:07,l2401-C-8300,l2401-C-8300,149.0,0.0,0.0,0.0,10,45.0,0.0,0,149.0,0.0,0.0,0.0,0.0,0.0,11
2023-05-09 21:06:10,l2401-C-8300,l2401-C-8300,149.0,0.0,0.0,0.0,1,45.5,0.0,0,149.0,0.0,0.0,0.0,0.0,0.0,11
2023-05-09 21:06:10,l2401-C-8300,l2401-C-8300,149.0,0.0,0.0,0.0,10,46.0,0.0,0,149.0,0.0,0.0,0.0,0.0,0.0,11
2023-05-09 21:06:15,l2401-C-8300,l2401-C-8300,149.0,0.0,0.0,0.0,1,46.5,0.0,0,149.0,0.0,0.0,0.0,0.0,0.0,11
2023-05-09 21:06:15,l2401-C-8300,l2401-C-8300,149.0,0.0,0.0,0.0,10,47.0,0.0,0,149.0,0.0,0.0,0.0,0.0,0.0,11
2023-05-09 21:06:18,l2401-C-8300,l2401-C-8300,149.0,0.0,0.0,0.0,1,47.5,0.0,0,149.0,0.0,0.0,0.0,0.0,0.0,11
2023-05-09 21:06:18,l2401-C-8300,l2401-C-8300,149.0,0.0,0.0,0.0,10,48.0,0.0,0,149.0,0.0,0.0,0.0,0.0,0.0,11
2023-05-09 21:06:22,l2401-C-8300,l2401-C-8300,149.0,0.0,0.0,0.0,1,48.5,0.0,0,149.0,0.0,0.0,0.0,0.0,0.0,11
2023-05-09 21:06:22,l2401-C-8300,l2401-C-8300,149.0,0.0,0.0,0.0,10,49.0,0.0,0,149.0,0.0,0.0,0.0,0.0,0.0,11
2023-05-09 21:06:29,l2401-C-8300,l2401-C-8300,149.0,0.0,0.0,0.0,1,49.5,0.0,0,149.0,0.0,0.0,0.0,0.0,0.0,11
2023-05-09 21:06:29,l2401-C-8300,l2401-C-8300,149.0,0.0,0.0,0.0,10,50.0,0.0,0,149.0,0.0,0.0,0.0,0.0,0.0,11
2023-05-09 21:06:36,l2401-C-8300,l2401-C-8300,149.0,0.0,0.0,0.0,1,50.5,0.0,0,149.0,0.0,0.0,0.0,0.0,0.0,11
2023-05-09 21:06:36,l2401-C-8300,l2401-C-8300,149.0,0.0,0.0,0.0,10,51.0,0.0,0,149.0,0.0,0.0,0.0,0.0,0.0,11
2023-05-09 21:06:41,l2401-C-8300,l2401-C-8300,149.0,0.0,0.0,0.0,1,54.5,0.0,0,149.0,0.0,0.0,0.0,0.0,0.0,11
2023-05-09 21:06:41,l2401-C-8300,l2401-C-8300,149.0,0.0,0.0,0.0,10,55.0,0.0,0,149.0,0.0,0.0,0.0,0.0,0.0,11
2023-05-09 21:06:44,l2401-C-8300,l2401-C-8300,149.0,0.0,0.0,0.0,1,55.5,0.0,0,149.0,0.0,0.0,0.0,0.0,0.0,11
2023-05-09 21:06:44,l2401-C-8300,l2401-C-8300,149.0,0.0,0.0,0.0,10,56.0,0.0,0,149.0,0.0,0.0,0.0,0.0,0.0,11
2023-05-09 21:06:46,l2401-C-8300,l2401-C-8300,149.0,0.0,0.0,0.0,1,56.5,0.0,0,149.0,0.0,0.0,0.0,0.0,0.0,11
2023-05-09 21:06:46,l2401-C-8300,l2401-C-8300,149.0,0.0,0.0,0.0,10,57.0,0.0,0,149.0,0.0,0.0,0.0,0.0,0.0,11
2023-05-09 21:06:48,l2401-C-8300,l2401-C-8300,149.0,0.0,0.0,0.0,1,57.5,0.0,0,149.0,0.0,0.0,0.0,0.0,0.0,11
2023-05-09 21:06:48,l2401-C-8300,l2401-C-8300,149.0,0.0,0.0,0.0,10,58.0,0.0,0,149.0,0.0,0.0,0.0,0.0,0.0,11
2023-05-09 21:06:50,l2401-C-8300,l2401-C-8300,149.0,0.0,0.0,0.0,1,58.5,0.0,0,149.0,0.0,0.0,0.0,0.0,0.0,11
2023-05-09 21:06:50,l2401-C-8300,l2401-C-8300,149.0,0.0,0.0,0.0,10,59.0,0.0,0,149.0,0.0,0.0,0.0,0.0,0.0,11
2023-05-09 21:06:52,l2401-C-8300,l2401-C-8300,149.0,0.0,0.0,0.0,1,59.5,0.0,0,149.0,0.0,0.0,0.0,0.0,0.0,11
2023-05-09 21:06:52,l2401-C-8300,l2401-C-8300,149.0,0.0,0.0,0.0,10,60.0,0.0,0,149.0,0.0,0.0,0.0,0.0,0.0,11
2023-05-09 21:06:53,l2401-C-8300,l2401-C-8300,149.0,0.0,0.0,0.0,1,60.5,0.0,0,149.0,0.0,0.0,0.0,0.0,0.0,11
2023-05-09 21:06:53,l2401-C-8300,l2401-C-8300,149.0,0.0,0.0,0.0,10,61.0,0.0,0,149.0,0.0,0.0,0.0,0.0,0.0,11
2023-05-09 21:06:55,l2401-C-8300,l2401-C-8300,149.0,0.0,0.0,0.0,1,61.5,0.0,0,149.0,0.0,0.0,0.0,0.0,0.0,11
2023-05-09 21:06:55,l2401-C-8300,l2401-C-8300,149.0,0.0,0.0,0.0,10,62.0,0.0,0,149.0,0.0,0.0,0.0,0.0,0.0,11
2023-05-09 21:06:58,l2401-C-8300,l2401-C-8300,149.0,0.0,0.0,0.0,1,62.5,0.0,0,149.0,0.0,0.0,0.0,0.0,0.0,11
2023-05-09 21:06:58,l2401-C-8300,l2401-C-8300,149.0,0.0,0.0,0.0,10,63.0,0.0,0,149.0,0.0,0.0,0.0,0.0,0.0,11
2023-05-09 21:06:59,l2401-C-8300,l2401-C-8300,149.0,0.0,0.0,0.0,1,63.5,0.0,0,149.0,0.0,0.0,0.0,0.0,0.0,11
2023-05-09 21:06:59,l2401-C-8300,l2401-C-8300,149.0,0.0,0.0,0.0,10,64.0,0.0,0,149.0,0.0,0.0,0.0,0.0,0.0,11
2023-05-09 21:07:02,l2401-C-8300,l2401-C-8300,149.0,0.0,0.0,0.0,1,64.5,0.0,0,149.0,0.0,0.0,0.0,0.0,0.0,11
2023-05-09 21:07:02,l2401-C-8300,l2401-C-8300,149.0,0.0,0.0,0.0,10,65.0,0.0,0,149.0,0.0,0.0,0.0,0.0,0.0,11
2023-05-09 21:07:04,l2401-C-8300,l2401-C-8300,149.0,0.0,0.0,0.0,1,65.5,0.0,0,149.0,0.0,0.0,0.0,0.0,0.0,11
2023-05-09 21:07:04,l2401-C-8300,l2401-C-8300,149.0,0.0,0.0,0.0,10,66.0,0.0,0,149.0,0.0,0.0,0.0,0.0,0.0,11
2023-05-09 21:07:07,l2401-C-8300,l2401-C-8300,149.0,0.0,0.0,0.0,1,66.5,0.0,0,149.0,0.0,0.0,0.0,0.0,0.0,11
2023-05-09 21:07:07,l2401-C-8300,l2401-C-8300,149.0,0.0,0.0,0.0,10,67.0,0.0,0,149.0,0.0,0.0,0.0,0.0,0.0,11
2023-05-09 21:07:09,l2401-C-8300,l2401-C-8300,149.0,0.0,0.0,0.0,1,67.5,0.0,0,149.0,0.0,0.0,0.0,0.0,0.0,11
2023-05-09 21:07:09,l2401-C-8300,l2401-C-8300,149.0,0.0,0.0,0.0,10,68.0,0.0,0,149.0,0.0,0.0,0.0,0.0,0.0,11
2023-05-09 21:07:11,l2401-C-8300,l2401-C-8300,149.0,0.0,0.0,0.0,1,68.5,0.0,0,149.0,0.0,0.0,0.0,0.0,0.0,11
2023-05-09 21:07:11,l2401-C-8300,l2401-C-8300,149.0,0.0,0.0,0.0,10,69.0,0.0,0,149.0,0.0,0.0,0.0,0.0,0.0,11
2023-05-09 21:07:13,l2401-C-8300,l2401-C-8300,149.0,0.0,0.0,0.0,1,69.5,0.0,0,149.0,0.0,0.0,0.0,0.0,0.0,11
2023-05-09 21:07:13,l2401-C-8300,l2401-C-8300,149.0,0.0,0.0,0.0,10,70.0,0.0,0,149.0,0.0,0.0,0.0,0.0,0.0,11
2023-05-09 21:07:15,l2401-C-8300,l2401-C-8300,149.0,0.0,0.0,0.0,1,70.5,0.0,0,149.0,0.0,0.0,0.0,0.0,0.0,11
2023-05-09 21:07:15,l2401-C-8300,l2401-C-8300,149.0,0.0,0.0,0.0,10,71.0,0.0,0,149.0,0.0,0.0,0.0,0.0,0.0,11
2023-05-09 21:07:17,l2401-C-8300,l2401-C-8300,149.0,0.0,0.0,0.0,1,71.5,0.0,0,149.0,0.0,0.0,0.0,0.0,0.0,11
2023-05-09 21:07:17,l2401-C-8300,l2401-C-8300,149.0,0.0,0.0,0.0,10,72.0,0.0,0,149.0,0.0,0.0,0.0,0.0,0.0,11
2023-05-09 21:11:31,l2401-C-8300,l2401-C-8300,149.0,0.0,0.0,0.0,1,72.5,0.0,0,149.0,0.0,0.0,0.0,0.0,0.0,11
2023-05-09 21:11:31,l2401-C-8300,l2401-C-8300,149.0,0.0,0.0,0.0,10,73.0,0.0,0,149.0,0.0,0.0,0.0,0.0,0.0,11
2023-05-09 21:39:43,l2401-C-8300,l2401-C-8300,149.0,0.0,0.0,0.0,1,73.5,0.0,0,149.0,0.0,0.0,0.0,0.0,0.0,11
2023-05-09 21:39:43,l2401-C-8300,l2401-C-8300,149.0,0.0,0.0,0.0,10,74.0,0.0,0,149.0,0.0,0.0,0.0,0.0,0.0,11
2023-05-09 22:56:58,l2401-C-8300,l2401-C-8300,149.0,0.0,0.0,0.0,1,3.5,0.0,0,149.0,0.0,0.0,0.0,0.0,0.0,11
2023-05-09 22:56:59,l2401-C-8300,l2401-C-8300,149.0,0.0,0.0,0.0,1,10.0,0.0,0,149.0,0.0,0.0,0.0,0.0,0.0,11
2023-05-09 22:56:59,l2401-C-8300,l2401-C-8300,149.0,0.0,0.0,0.0,10,10.5,0.0,0,149.0,0.0,0.0,0.0,0.0,0.0,11
2023-05-09 22:57:00,l2401-C-8300,l2401-C-8300,149.0,0.0,0.0,0.0,1,11.0,0.0,0,149.0,0.0,0.0,0.0,0.0,0.0,11
2023-05-09 22:57:00,l2401-C-8300,l2401-C-8300,149.0,0.0,0.0,0.0,10,11.5,0.0,0,149.0,0.0,0.0,0.0,0.0,0.0,11
2023-05-09 22:57:01,l2401-C-8300,l2401-C-8300,149.0,0.0,0.0,0.0,1,11.0,0.0,0,149.0,0.0,0.0,0.0,0.0,0.0,11
2023-05-09 22:57:32,l2401-C-8300,l2401-C-8300,149.0,0.0,0.0,0.0,1,3.5,0.0,0,149.0,0.0,0.0,0.0,0.0,0.0,11
2023-05-09 22:59:11,l2401-C-8300,l2401-C-8300,149.0,0.0,0.0,0.0,10,4.0,0.0,0,149.0,0.0,0.0,0.0,0.0,0.0,11
2023-05-09 22:59:55,l2401-C-8300,l2401-C-8300,149.0,0.0,0.0,0.0,1,3.5,0.0,0,149.0,0.0,0.0,0.0,0.0,0.0,11
2023-05-10 09:00:14,l2401-C-8300,l2401-C-8300,149.0,0.0,0.0,0.0,10,4.0,0.0,0,149.0,0.0,0.0,0.0,0.0,0.0,11
2023-05-10 09:01:30,l2401-C-8300,l2401-C-8300,149.0,0.0,0.0,0.0,1,4.5,0.0,0,149.0,0.0,0.0,0.0,0.0,0.0,11
2023-05-10 09:01:30,l2401-C-8300,l2401-C-8300,149.0,0.0,0.0,0.0,10,5.0,0.0,0,149.0,0.0,0.0,0.0,0.0,0.0,11
2023-05-10 09:02:37,l2401-C-8300,l2401-C-8300,149.0,0.0,0.0,0.0,1,11.5,0.0,0,149.0,0.0,0.0,0.0,0.0,0.0,11
2023-05-10 09:02:37,l2401-C-8300,l2401-C-8300,149.0,0.0,0.0,0.0,10,12.0,0.0,0,149.0,0.0,0.0,0.0,0.0,0.0,11
2023-05-10 09:02:50,l2401-C-8300,l2401-C-8300,149.0,0.0,0.0,0.0,1,12.5,0.0,0,149.0,0.0,0.0,0.0,0.0,0.0,11
2023-05-10 09:02:50,l2401-C-8300,l2401-C-8300,149.0,0.0,0.0,0.0,10,13.0,0.0,0,149.0,0.0,0.0,0.0,0.0,0.0,11
2023-05-10 09:02:52,l2401-C-8300,l2401-C-8300,149.0,0.0,0.0,0.0,1,13.5,0.0,0,149.0,0.0,0.0,0.0,0.0,0.0,11
2023-05-10 09:02:52,l2401-C-8300,l2401-C-8300,149.0,0.0,0.0,0.0,10,14.0,0.0,0,149.0,0.0,0.0,0.0,0.0,0.0,11
2023-05-10 09:03:00,l2401-C-8300,l2401-C-8300,149.0,0.0,0.0,0.0,1,14.5,0.0,0,149.0,0.0,0.0,0.0,0.0,0.0,11
2023-05-10 09:03:00,l2401-C-8300,l2401-C-8300,149.0,0.0,0.0,0.0,10,15.0,0.0,0,149.0,0.0,0.0,0.0,0.0,0.0,11
2023-05-10 09:03:05,l2401-C-8300,l2401-C-8300,149.0,0.0,0.0,0.0,1,15.5,0.0,0,149.0,0.0,0.0,0.0,0.0,0.0,11
2023-05-10 09:03:05,l2401-C-8300,l2401-C-8300,149.0,0.0,0.0,0.0,10,16.0,0.0,0,149.0,0.0,0.0,0.0,0.0,0.0,11
2023-05-10 09:03:08,l2401-C-8300,l2401-C-8300,149.0,0.0,0.0,0.0,1,22.5,0.0,0,149.0,0.0,0.0,0.0,0.0,0.0,11
2023-05-10 09:03:08,l2401-C-8300,l2401-C-8300,149.0,0.0,0.0,0.0,10,23.0,0.0,0,149.0,0.0,0.0,0.0,0.0,0.0,11
2023-05-10 09:03:09,l2401-C-8300,l2401-C-8300,149.0,0.0,0.0,0.0,1,23.5,0.0,0,149.0,0.0,0.0,0.0,0.0,0.0,11
2023-05-10 09:03:09,l2401-C-8300,l2401-C-8300,149.0,0.0,0.0,0.0,10,24.0,0.0,0,149.0,0.0,0.0,0.0,0.0,0.0,11
2023-05-10 09:03:11,l2401-C-8300,l2401-C-8300,149.0,0.0,0.0,0.0,1,24.5,0.0,0,149.0,0.0,0.0,0.0,0.0,0.0,11
2023-05-10 09:03:11,l2401-C-8300,l2401-C-8300,149.0,0.0,0.0,0.0,10,25.0,0.0,0,149.0,0.0,0.0,0.0,0.0,0.0,11
2023-05-10 09:03:13,l2401-C-8300,l2401-C-8300,149.0,0.0,0.0,0.0,1,28.5,0.0,0,149.0,0.0,0.0,0.0,0.0,0.0,11
2023-05-10 09:03:13,l2401-C-8300,l2401-C-8300,149.0,0.0,0.0,0.0,10,29.0,0.0,0,149.0,0.0,0.0,0.0,0.0,0.0,11
2023-05-10 09:03:15,l2401-C-8300,l2401-C-8300,149.0,0.0,0.0,0.0,1,29.5,0.0,0,149.0,0.0,0.0,0.0,0.0,0.0,11
2023-05-10 09:03:15,l2401-C-8300,l2401-C-8300,149.0,0.0,0.0,0.0,10,30.0,0.0,0,149.0,0.0,0.0,0.0,0.0,0.0,11
2023-05-10 09:03:17,l2401-C-8300,l2401-C-8300,149.0,0.0,0.0,0.0,1,30.5,0.0,0,149.0,0.0,0.0,0.0,0.0,0.0,11
2023-05-10 09:03:17,l2401-C-8300,l2401-C-8300,149.0,0.0,0.0,0.0,10,31.0,0.0,0,149.0,0.0,0.0,0.0,0.0,0.0,11
2023-05-10 09:03:18,l2401-C-8300,l2401-C-8300,149.0,0.0,0.0,0.0,1,31.5,0.0,0,149.0,0.0,0.0,0.0,0.0,0.0,11
2023-05-10 09:03:18,l2401-C-8300,l2401-C-8300,149.0,0.0,0.0,0.0,10,32.0,0.0,0,149.0,0.0,0.0,0.0,0.0,0.0,11
2023-05-10 09:03:20,l2401-C-8300,l2401-C-8300,149.0,0.0,0.0,0.0,1,32.5,0.0,0,149.0,0.0,0.0,0.0,0.0,0.0,11
2023-05-10 09:03:20,l2401-C-8300,l2401-C-8300,149.0,0.0,0.0,0.0,10,33.0,0.0,0,149.0,0.0,0.0,0.0,0.0,0.0,11
2023-05-10 09:03:33,l2401-C-8300,l2401-C-8300,149.0,0.0,0.0,0.0,1,33.5,0.0,0,149.0,0.0,0.0,0.0,0.0,0.0,11
2023-05-10 09:03:33,l2401-C-8300,l2401-C-8300,149.0,0.0,0.0,0.0,10,34.0,0.0,0,149.0,0.0,0.0,0.0,0.0,0.0,11
2023-05-10 09:04:07,l2401-C-8300,l2401-C-8300,149.0,0.0,0.0,0.0,1,34.5,0.0,0,149.0,0.0,0.0,0.0,0.0,0.0,11
2023-05-10 09:04:07,l2401-C-8300,l2401-C-8300,149.0,0.0,0.0,0.0,10,35.0,0.0,0,149.0,0.0,0.0,0.0,0.0,0.0,11
2023-05-10 09:05:05,l2401-C-8300,l2401-C-8300,149.0,0.0,0.0,0.0,1,35.5,0.0,0,149.0,0.0,0.0,0.0,0.0,0.0,11
2023-05-10 09:05:05,l2401-C-8300,l2401-C-8300,149.0,0.0,0.0,0.0,10,36.0,0.0,0,149.0,0.0,0.0,0.0,0.0,0.0,11
2023-05-10 09:05:26,l2401-C-8300,l2401-C-8300,149.0,0.0,0.0,0.0,1,36.5,0.0,0,149.0,0.0,0.0,0.0,0.0,0.0,11
2023-05-10 09:05:26,l2401-C-8300,l2401-C-8300,149.0,0.0,0.0,0.0,10,37.0,0.0,0,149.0,0.0,0.0,0.0,0.0,0.0,11
2023-05-10 09:05:36,l2401-C-8300,l2401-C-8300,149.0,0.0,0.0,0.0,1,37.5,0.0,0,149.0,0.0,0.0,0.0,0.0,0.0,11
2023-05-10 09:05:36,l2401-C-8300,l2401-C-8300,149.0,0.0,0.0,0.0,10,38.0,0.0,0,149.0,0.0,0.0,0.0,0.0,0.0,11
2023-05-10 09:05:57,l2401-C-8300,l2401-C-8300,149.0,0.0,0.0,0.0,1,38.5,0.0,0,149.0,0.0,0.0,0.0,0.0,0.0,11
2023-05-10 09:05:57,l2401-C-8300,l2401-C-8300,149.0,0.0,0.0,0.0,10,39.0,0.0,0,149.0,0.0,0.0,0.0,0.0,0.0,11
2023-05-10 09:06:27,l2401-C-8300,l2401-C-8300,149.0,0.0,0.0,0.0,1,39.5,0.0,0,149.0,0.0,0.0,0.0,0.0,0.0,11
2023-05-10 09:06:27,l2401-C-8300,l2401-C-8300,149.0,0.0,0.0,0.0,10,40.0,0.0,0,149.0,0.0,0.0,0.0,0.0,0.0,11
2023-05-10 09:06:53,l2401-C-8300,l2401-C-8300,149.0,0.0,0.0,0.0,1,40.5,0.0,0,149.0,0.0,0.0,0.0,0.0,0.0,11
2023-05-10 09:06:53,l2401-C-8300,l2401-C-8300,149.0,0.0,0.0,0.0,10,41.0,0.0,0,149.0,0.0,0.0,0.0,0.0,0.0,11
2023-05-10 09:09:32,l2401-C-8300,l2401-C-8300,149.0,0.0,0.0,0.0,1,41.5,0.0,0,149.0,0.0,0.0,0.0,0.0,0.0,11
2023-05-10 09:09:32,l2401-C-8300,l2401-C-8300,149.0,0.0,0.0,0.0,10,42.0,0.0,0,149.0,0.0,0.0,0.0,0.0,0.0,11
2023-05-10 09:09:36,l2401-C-8300,l2401-C-8300,149.0,0.0,0.0,0.0,1,42.5,0.0,0,149.0,0.0,0.0,0.0,0.0,0.0,11
2023-05-10 09:09:36,l2401-C-8300,l2401-C-8300,149.0,0.0,0.0,0.0,10,43.0,0.0,0,149.0,0.0,0.0,0.0,0.0,0.0,11
2023-05-10 09:09:39,l2401-C-8300,l2401-C-8300,149.0,0.0,0.0,0.0,1,43.5,0.0,0,149.0,0.0,0.0,0.0,0.0,0.0,11
2023-05-10 09:09:39,l2401-C-8300,l2401-C-8300,149.0,0.0,0.0,0.0,10,44.0,0.0,0,149.0,0.0,0.0,0.0,0.0,0.0,11
2023-05-10 09:09:41,l2401-C-8300,l2401-C-8300,149.0,0.0,0.0,0.0,1,44.5,0.0,0,149.0,0.0,0.0,0.0,0.0,0.0,11
2023-05-10 09:09:41,l2401-C-8300,l2401-C-8300,149.0,0.0,0.0,0.0,10,45.0,0.0,0,149.0,0.0,0.0,0.0,0.0,0.0,11
2023-05-10 09:09:44,l2401-C-8300,l2401-C-8300,149.0,0.0,0.0,0.0,1,45.5,0.0,0,149.0,0.0,0.0,0.0,0.0,0.0,11
2023-05-10 09:09:44,l2401-C-8300,l2401-C-8300,149.0,0.0,0.0,0.0,10,46.0,0.0,0,149.0,0.0,0.0,0.0,0.0,0.0,11
2023-05-10 09:09:47,l2401-C-8300,l2401-C-8300,149.0,0.0,0.0,0.0,1,46.5,0.0,0,149.0,0.0,0.0,0.0,0.0,0.0,11
2023-05-10 09:09:47,l2401-C-8300,l2401-C-8300,149.0,0.0,0.0,0.0,10,47.0,0.0,0,149.0,0.0,0.0,0.0,0.0,0.0,11
2023-05-10 09:09:50,l2401-C-8300,l2401-C-8300,149.0,0.0,0.0,0.0,1,47.5,0.0,0,149.0,0.0,0.0,0.0,0.0,0.0,11
2023-05-10 09:09:50,l2401-C-8300,l2401-C-8300,149.0,0.0,0.0,0.0,10,48.0,0.0,0,149.0,0.0,0.0,0.0,0.0,0.0,11
2023-05-10 09:09:53,l2401-C-8300,l2401-C-8300,149.0,0.0,0.0,0.0,1,48.5,0.0,0,149.0,0.0,0.0,0.0,0.0,0.0,11
2023-05-10 09:09:53,l2401-C-8300,l2401-C-8300,149.0,0.0,0.0,0.0,10,49.0,0.0,0,149.0,0.0,0.0,0.0,0.0,0.0,11
2023-05-10 09:09:55,l2401-C-8300,l2401-C-8300,149.0,0.0,0.0,0.0,1,49.5,0.0,0,149.0,0.0,0.0,0.0,0.0,0.0,11
2023-05-10 09:09:55,l2401-C-8300,l2401-C-8300,149.0,0.0,0.0,0.0,10,50.0,0.0,0,149.0,0.0,0.0,0.0,0.0,0.0,11
2023-05-10 09:09:58,l2401-C-8300,l2401-C-8300,149.0,0.0,0.0,0.0,1,50.5,0.0,0,149.0,0.0,0.0,0.0,0.0,0.0,11
2023-05-10 09:09:58,l2401-C-8300,l2401-C-8300,149.0,0.0,0.0,0.0,10,51.0,0.0,0,149.0,0.0,0.0,0.0,0.0,0.0,11
2023-05-10 09:10:01,l2401-C-8300,l2401-C-8300,149.0,0.0,0.0,0.0,1,51.5,0.0,0,149.0,0.0,0.0,0.0,0.0,0.0,11
2023-05-10 09:10:01,l2401-C-8300,l2401-C-8300,149.0,0.0,0.0,0.0,10,52.0,0.0,0,149.0,0.0,0.0,0.0,0.0,0.0,11
2023-05-10 09:10:03,l2401-C-8300,l2401-C-8300,149.0,0.0,0.0,0.0,1,55.5,0.0,0,149.0,0.0,0.0,0.0,0.0,0.0,11
2023-05-10 09:10:03,l2401-C-8300,l2401-C-8300,149.0,0.0,0.0,0.0,10,56.0,0.0,0,149.0,0.0,0.0,0.0,0.0,0.0,11
2023-05-10 09:10:04,l2401-C-8300,l2401-C-8300,149.0,0.0,0.0,0.0,1,56.5,0.0,0,149.0,0.0,0.0,0.0,0.0,0.0,11
2023-05-10 09:10:04,l2401-C-8300,l2401-C-8300,149.0,0.0,0.0,0.0,10,57.0,0.0,0,149.0,0.0,0.0,0.0,0.0,0.0,11
2023-05-10 09:10:06,l2401-C-8300,l2401-C-8300,149.0,0.0,0.0,0.0,1,57.5,0.0,0,149.0,0.0,0.0,0.0,0.0,0.0,11
2023-05-10 09:10:06,l2401-C-8300,l2401-C-8300,149.0,0.0,0.0,0.0,10,58.0,0.0,0,149.0,0.0,0.0,0.0,0.0,0.0,11
2023-05-10 09:10:07,l2401-C-8300,l2401-C-8300,149.0,0.0,0.0,0.0,1,58.5,0.0,0,149.0,0.0,0.0,0.0,0.0,0.0,11
2023-05-10 09:10:07,l2401-C-8300,l2401-C-8300,149.0,0.0,0.0,0.0,10,59.0,0.0,0,149.0,0.0,0.0,0.0,0.0,0.0,11
2023-05-10 09:10:09,l2401-C-8300,l2401-C-8300,149.0,0.0,0.0,0.0,1,59.5,0.0,0,149.0,0.0,0.0,0.0,0.0,0.0,11
2023-05-10 09:10:09,l2401-C-8300,l2401-C-8300,149.0,0.0,0.0,0.0,10,60.0,0.0,0,149.0,0.0,0.0,0.0,0.0,0.0,11
2023-05-10 09:10:10,l2401-C-8300,l2401-C-8300,149.0,0.0,0.0,0.0,1,60.5,0.0,0,149.0,0.0,0.0,0.0,0.0,0.0,11
2023-05-10 09:10:10,l2401-C-8300,l2401-C-8300,149.0,0.0,0.0,0.0,10,61.0,0.0,0,149.0,0.0,0.0,0.0,0.0,0.0,11
2023-05-10 09:10:11,l2401-C-8300,l2401-C-8300,149.0,0.0,0.0,0.0,1,61.5,0.0,0,149.0,0.0,0.0,0.0,0.0,0.0,11
2023-05-10 09:10:11,l2401-C-8300,l2401-C-8300,149.0,0.0,0.0,0.0,10,62.0,0.0,0,149.0,0.0,0.0,0.0,0.0,0.0,11
2023-05-10 09:10:13,l2401-C-8300,l2401-C-8300,149.0,0.0,0.0,0.0,1,62.5,0.0,0,149.0,0.0,0.0,0.0,0.0,0.0,11
2023-05-10 09:10:13,l2401-C-8300,l2401-C-8300,149.0,0.0,0.0,0.0,10,63.0,0.0,0,149.0,0.0,0.0,0.0,0.0,0.0,11
2023-05-10 09:10:14,l2401-C-8300,l2401-C-8300,149.0,0.0,0.0,0.0,1,63.5,0.0,0,149.0,0.0,0.0,0.0,0.0,0.0,11
2023-05-10 09:10:14,l2401-C-8300,l2401-C-8300,149.0,0.0,0.0,0.0,10,64.0,0.0,0,149.0,0.0,0.0,0.0,0.0,0.0,11
2023-05-10 09:10:15,l2401-C-8300,l2401-C-8300,149.0,0.0,0.0,0.0,1,64.5,0.0,0,149.0,0.0,0.0,0.0,0.0,0.0,11
2023-05-10 09:10:15,l2401-C-8300,l2401-C-8300,149.0,0.0,0.0,0.0,10,65.0,0.0,0,149.0,0.0,0.0,0.0,0.0,0.0,11
2023-05-10 09:10:17,l2401-C-8300,l2401-C-8300,149.0,0.0,0.0,0.0,1,65.5,0.0,0,149.0,0.0,0.0,0.0,0.0,0.0,11
2023-05-10 09:10:17,l2401-C-8300,l2401-C-8300,149.0,0.0,0.0,0.0,10,66.0,0.0,0,149.0,0.0,0.0,0.0,0.0,0.0,11
2023-05-10 09:10:18,l2401-C-8300,l2401-C-8300,149.0,0.0,0.0,0.0,1,66.5,0.0,0,149.0,0.0,0.0,0.0,0.0,0.0,11
2023-05-10 09:10:18,l2401-C-8300,l2401-C-8300,149.0,0.0,0.0,0.0,10,67.0,0.0,0,149.0,0.0,0.0,0.0,0.0,0.0,11
2023-05-10 09:10:20,l2401-C-8300,l2401-C-8300,149.0,0.0,0.0,0.0,1,67.5,0.0,0,149.0,0.0,0.0,0.0,0.0,0.0,11
2023-05-10 09:10:20,l2401-C-8300,l2401-C-8300,149.0,0.0,0.0,0.0,10,68.0,0.0,0,149.0,0.0,0.0,0.0,0.0,0.0,11
2023-05-10 09:10:21,l2401-C-8300,l2401-C-8300,149.0,0.0,0.0,0.0,1,68.5,0.0,0,149.0,0.0,0.0,0.0,0.0,0.0,11
2023-05-10 09:10:21,l2401-C-8300,l2401-C-8300,149.0,0.0,0.0,0.0,10,69.0,0.0,0,149.0,0.0,0.0,0.0,0.0,0.0,11
2023-05-10 09:10:23,l2401-C-8300,l2401-C-8300,149.0,0.0,0.0,0.0,1,69.5,0.0,0,149.0,0.0,0.0,0.0,0.0,0.0,11
2023-05-10 09:10:23,l2401-C-8300,l2401-C-8300,149.0,0.0,0.0,0.0,10,70.0,0.0,0,149.0,0.0,0.0,0.0,0.0,0.0,11
2023-05-10 09:10:24,l2401-C-8300,l2401-C-8300,149.0,0.0,0.0,0.0,1,70.5,0.0,0,149.0,0.0,0.0,0.0,0.0,0.0,11
2023-05-10 09:10:24,l2401-C-8300,l2401-C-8300,149.0,0.0,0.0,0.0,10,71.0,0.0,0,149.0,0.0,0.0,0.0,0.0,0.0,11
2023-05-10 09:10:26,l2401-C-8300,l2401-C-8300,149.0,0.0,0.0,0.0,1,71.5,0.0,0,149.0,0.0,0.0,0.0,0.0,0.0,11
2023-05-10 09:10:26,l2401-C-8300,l2401-C-8300,149.0,0.0,0.0,0.0,10,72.0,0.0,0,149.0,0.0,0.0,0.0,0.0,0.0,11
2023-05-10 09:10:27,l2401-C-8300,l2401-C-8300,149.0,0.0,0.0,0.0,1,72.5,0.0,0,149.0,0.0,0.0,0.0,0.0,0.0,11
2023-05-10 09:10:27,l2401-C-8300,l2401-C-8300,149.0,0.0,0.0,0.0,10,73.0,0.0,0,149.0,0.0,0.0,0.0,0.0,0.0,11
2023-05-10 09:17:52,l2401-C-8300,l2401-C-8300,149.0,0.0,0.0,0.0,1,73.5,0.0,0,149.0,0.0,0.0,0.0,0.0,0.0,11
2023-05-10 09:17:52,l2401-C-8300,l2401-C-8300,149.0,0.0,0.0,0.0,10,74.0,0.0,0,149.0,0.0,0.0,0.0,0.0,0.0,11
2023-05-10 10:14:32,l2401-C-8300,l2401-C-8300,149.0,0.0,0.0,0.0,1,10.0,0.0,0,149.0,0.0,0.0,0.0,0.0,0.0,11
2023-05-10 10:30:05,l2401-C-8300,l2401-C-8300,149.0,0.0,0.0,0.0,10,10.5,0.0,0,149.0,0.0,0.0,0.0,0.0,0.0,11
2023-05-10 10:31:17,l2401-C-8300,l2401-C-8300,149.0,0.0,0.0,0.0,1,17.0,0.0,0,149.0,0.0,0.0,0.0,0.0,0.0,11
2023-05-10 10:31:17,l2401-C-8300,l2401-C-8300,149.0,0.0,0.0,0.0,10,17.5,0.0,0,149.0,0.0,0.0,0.0,0.0,0.0,11
2023-05-10 10:31:56,l2401-C-8300,l2401-C-8300,149.0,0.0,0.0,0.0,1,18.0,0.0,0,149.0,0.0,0.0,0.0,0.0,0.0,11
2023-05-10 10:31:56,l2401-C-8300,l2401-C-8300,149.0,0.0,0.0,0.0,10,18.5,0.0,0,149.0,0.0,0.0,0.0,0.0,0.0,11
2023-05-10 10:31:59,l2401-C-8300,l2401-C-8300,149.0,0.0,0.0,0.0,1,19.0,0.0,0,149.0,0.0,0.0,0.0,0.0,0.0,11
2023-05-10 10:31:59,l2401-C-8300,l2401-C-8300,149.0,0.0,0.0,0.0,10,19.5,0.0,0,149.0,0.0,0.0,0.0,0.0,0.0,11
2023-05-10 10:32:04,l2401-C-8300,l2401-C-8300,149.0,0.0,0.0,0.0,1,20.0,0.0,0,149.0,0.0,0.0,0.0,0.0,0.0,11
2023-05-10 10:32:04,l2401-C-8300,l2401-C-8300,149.0,0.0,0.0,0.0,10,20.5,0.0,0,149.0,0.0,0.0,0.0,0.0,0.0,11
2023-05-10 10:32:22,l2401-C-8300,l2401-C-8300,149.0,0.0,0.0,0.0,1,21.0,0.0,0,149.0,0.0,0.0,0.0,0.0,0.0,11
2023-05-10 10:32:22,l2401-C-8300,l2401-C-8300,149.0,0.0,0.0,0.0,10,21.5,0.0,0,149.0,0.0,0.0,0.0,0.0,0.0,11
2023-05-10 10:32:39,l2401-C-8300,l2401-C-8300,149.0,0.0,0.0,0.0,1,22.0,0.0,0,149.0,0.0,0.0,0.0,0.0,0.0,11
2023-05-10 10:32:39,l2401-C-8300,l2401-C-8300,149.0,0.0,0.0,0.0,10,22.5,0.0,0,149.0,0.0,0.0,0.0,0.0,0.0,11
2023-05-10 10:32:50,l2401-C-8300,l2401-C-8300,149.0,0.0,0.0,0.0,1,23.0,0.0,0,149.0,0.0,0.0,0.0,0.0,0.0,11
2023-05-10 10:32:50,l2401-C-8300,l2401-C-8300,149.0,0.0,0.0,0.0,10,23.5,0.0,0,149.0,0.0,0.0,0.0,0.0,0.0,11
2023-05-10 10:32:57,l2401-C-8300,l2401-C-8300,149.0,0.0,0.0,0.0,1,27.0,0.0,0,149.0,0.0,0.0,0.0,0.0,0.0,11
2023-05-10 10:32:57,l2401-C-8300,l2401-C-8300,149.0,0.0,0.0,0.0,10,27.5,0.0,0,149.0,0.0,0.0,0.0,0.0,0.0,11
2023-05-10 10:33:00,l2401-C-8300,l2401-C-8300,149.0,0.0,0.0,0.0,1,31.0,0.0,0,149.0,0.0,0.0,0.0,0.0,0.0,11
2023-05-10 10:33:00,l2401-C-8300,l2401-C-8300,149.0,0.0,0.0,0.0,10,31.5,0.0,0,149.0,0.0,0.0,0.0,0.0,0.0,11
2023-05-10 10:33:03,l2401-C-8300,l2401-C-8300,149.0,0.0,0.0,0.0,1,32.0,0.0,0,149.0,0.0,0.0,0.0,0.0,0.0,11
2023-05-10 10:33:03,l2401-C-8300,l2401-C-8300,149.0,0.0,0.0,0.0,10,32.5,0.0,0,149.0,0.0,0.0,0.0,0.0,0.0,11
2023-05-10 10:33:08,l2401-C-8300,l2401-C-8300,149.0,0.0,0.0,0.0,1,33.0,0.0,0,149.0,0.0,0.0,0.0,0.0,0.0,11
2023-05-10 10:33:08,l2401-C-8300,l2401-C-8300,149.0,0.0,0.0,0.0,10,33.5,0.0,0,149.0,0.0,0.0,0.0,0.0,0.0,11
2023-05-10 10:33:13,l2401-C-8300,l2401-C-8300,149.0,0.0,0.0,0.0,1,34.0,0.0,0,149.0,0.0,0.0,0.0,0.0,0.0,11
2023-05-10 10:33:13,l2401-C-8300,l2401-C-8300,149.0,0.0,0.0,0.0,10,34.5,0.0,0,149.0,0.0,0.0,0.0,0.0,0.0,11
2023-05-10 10:33:16,l2401-C-8300,l2401-C-8300,149.0,0.0,0.0,0.0,1,35.0,0.0,0,149.0,0.0,0.0,0.0,0.0,0.0,11
2023-05-10 10:33:16,l2401-C-8300,l2401-C-8300,149.0,0.0,0.0,0.0,10,35.5,0.0,0,149.0,0.0,0.0,0.0,0.0,0.0,11
2023-05-10 10:33:18,l2401-C-8300,l2401-C-8300,149.0,0.0,0.0,0.0,1,36.0,0.0,0,149.0,0.0,0.0,0.0,0.0,0.0,11
2023-05-10 10:33:18,l2401-C-8300,l2401-C-8300,149.0,0.0,0.0,0.0,10,36.5,0.0,0,149.0,0.0,0.0,0.0,0.0,0.0,11
2023-05-10 10:33:21,l2401-C-8300,l2401-C-8300,149.0,0.0,0.0,0.0,1,37.0,0.0,0,149.0,0.0,0.0,0.0,0.0,0.0,11
2023-05-10 10:33:21,l2401-C-8300,l2401-C-8300,149.0,0.0,0.0,0.0,10,37.5,0.0,0,149.0,0.0,0.0,0.0,0.0,0.0,11
2023-05-10 10:33:23,l2401-C-8300,l2401-C-8300,149.0,0.0,0.0,0.0,1,38.0,0.0,0,149.0,0.0,0.0,0.0,0.0,0.0,11
2023-05-10 10:33:23,l2401-C-8300,l2401-C-8300,149.0,0.0,0.0,0.0,10,38.5,0.0,0,149.0,0.0,0.0,0.0,0.0,0.0,11
2023-05-10 10:33:25,l2401-C-8300,l2401-C-8300,149.0,0.0,0.0,0.0,1,39.0,0.0,0,149.0,0.0,0.0,0.0,0.0,0.0,11
2023-05-10 10:33:25,l2401-C-8300,l2401-C-8300,149.0,0.0,0.0,0.0,10,39.5,0.0,0,149.0,0.0,0.0,0.0,0.0,0.0,11
2023-05-10 10:33:27,l2401-C-8300,l2401-C-8300,149.0,0.0,0.0,0.0,1,40.0,0.0,0,149.0,0.0,0.0,0.0,0.0,0.0,11
2023-05-10 10:33:27,l2401-C-8300,l2401-C-8300,149.0,0.0,0.0,0.0,10,40.5,0.0,0,149.0,0.0,0.0,0.0,0.0,0.0,11
2023-05-10 10:33:30,l2401-C-8300,l2401-C-8300,149.0,0.0,0.0,0.0,1,41.0,0.0,0,149.0,0.0,0.0,0.0,0.0,0.0,11
2023-05-10 10:33:30,l2401-C-8300,l2401-C-8300,149.0,0.0,0.0,0.0,10,41.5,0.0,0,149.0,0.0,0.0,0.0,0.0,0.0,11
2023-05-10 10:33:32,l2401-C-8300,l2401-C-8300,149.0,0.0,0.0,0.0,1,42.0,0.0,0,149.0,0.0,0.0,0.0,0.0,0.0,11
2023-05-10 10:33:32,l2401-C-8300,l2401-C-8300,149.0,0.0,0.0,0.0,10,42.5,0.0,0,149.0,0.0,0.0,0.0,0.0,0.0,11
2023-05-10 10:33:34,l2401-C-8300,l2401-C-8300,149.0,0.0,0.0,0.0,1,43.0,0.0,0,149.0,0.0,0.0,0.0,0.0,0.0,11
2023-05-10 10:33:34,l2401-C-8300,l2401-C-8300,149.0,0.0,0.0,0.0,10,43.5,0.0,0,149.0,0.0,0.0,0.0,0.0,0.0,11
2023-05-10 10:33:36,l2401-C-8300,l2401-C-8300,149.0,0.0,0.0,0.0,1,44.0,0.0,0,149.0,0.0,0.0,0.0,0.0,0.0,11
2023-05-10 10:33:36,l2401-C-8300,l2401-C-8300,149.0,0.0,0.0,0.0,10,44.5,0.0,0,149.0,0.0,0.0,0.0,0.0,0.0,11
2023-05-10 10:33:38,l2401-C-8300,l2401-C-8300,149.0,0.0,0.0,0.0,1,45.0,0.0,0,149.0,0.0,0.0,0.0,0.0,0.0,11
2023-05-10 10:33:38,l2401-C-8300,l2401-C-8300,149.0,0.0,0.0,0.0,10,45.5,0.0,0,149.0,0.0,0.0,0.0,0.0,0.0,11
2023-05-10 10:33:40,l2401-C-8300,l2401-C-8300,149.0,0.0,0.0,0.0,1,46.0,0.0,0,149.0,0.0,0.0,0.0,0.0,0.0,11
2023-05-10 10:33:40,l2401-C-8300,l2401-C-8300,149.0,0.0,0.0,0.0,10,46.5,0.0,0,149.0,0.0,0.0,0.0,0.0,0.0,11
2023-05-10 10:33:42,l2401-C-8300,l2401-C-8300,149.0,0.0,0.0,0.0,1,47.0,0.0,0,149.0,0.0,0.0,0.0,0.0,0.0,11
2023-05-10 10:33:42,l2401-C-8300,l2401-C-8300,149.0,0.0,0.0,0.0,10,47.5,0.0,0,149.0,0.0,0.0,0.0,0.0,0.0,11
2023-05-10 10:33:44,l2401-C-8300,l2401-C-8300,149.0,0.0,0.0,0.0,1,48.0,0.0,0,149.0,0.0,0.0,0.0,0.0,0.0,11
2023-05-10 10:33:44,l2401-C-8300,l2401-C-8300,149.0,0.0,0.0,0.0,10,48.5,0.0,0,149.0,0.0,0.0,0.0,0.0,0.0,11
2023-05-10 10:33:46,l2401-C-8300,l2401-C-8300,149.0,0.0,0.0,0.0,1,49.0,0.0,0,149.0,0.0,0.0,0.0,0.0,0.0,11
2023-05-10 10:33:46,l2401-C-8300,l2401-C-8300,149.0,0.0,0.0,0.0,10,49.5,0.0,0,149.0,0.0,0.0,0.0,0.0,0.0,11
2023-05-10 10:33:48,l2401-C-8300,l2401-C-8300,149.0,0.0,0.0,0.0,1,50.0,0.0,0,149.0,0.0,0.0,0.0,0.0,0.0,11
2023-05-10 10:33:48,l2401-C-8300,l2401-C-8300,149.0,0.0,0.0,0.0,10,50.5,0.0,0,149.0,0.0,0.0,0.0,0.0,0.0,11
2023-05-10 10:33:50,l2401-C-8300,l2401-C-8300,149.0,0.0,0.0,0.0,1,51.0,0.0,0,149.0,0.0,0.0,0.0,0.0,0.0,11
2023-05-10 10:33:50,l2401-C-8300,l2401-C-8300,149.0,0.0,0.0,0.0,10,51.5,0.0,0,149.0,0.0,0.0,0.0,0.0,0.0,11
2023-05-10 10:33:51,l2401-C-8300,l2401-C-8300,149.0,0.0,0.0,0.0,1,52.0,0.0,0,149.0,0.0,0.0,0.0,0.0,0.0,11
2023-05-10 10:33:51,l2401-C-8300,l2401-C-8300,149.0,0.0,0.0,0.0,10,52.5,0.0,0,149.0,0.0,0.0,0.0,0.0,0.0,11
2023-05-10 10:33:53,l2401-C-8300,l2401-C-8300,149.0,0.0,0.0,0.0,1,53.0,0.0,0,149.0,0.0,0.0,0.0,0.0,0.0,11
2023-05-10 10:33:53,l2401-C-8300,l2401-C-8300,149.0,0.0,0.0,0.0,10,53.5,0.0,0,149.0,0.0,0.0,0.0,0.0,0.0,11
2023-05-10 10:33:55,l2401-C-8300,l2401-C-8300,149.0,0.0,0.0,0.0,1,54.0,0.0,0,149.0,0.0,0.0,0.0,0.0,0.0,11
2023-05-10 10:33:55,l2401-C-8300,l2401-C-8300,149.0,0.0,0.0,0.0,10,54.5,0.0,0,149.0,0.0,0.0,0.0,0.0,0.0,11
2023-05-10 10:33:56,l2401-C-8300,l2401-C-8300,149.0,0.0,0.0,0.0,1,55.0,0.0,0,149.0,0.0,0.0,0.0,0.0,0.0,11
2023-05-10 10:33:56,l2401-C-8300,l2401-C-8300,149.0,0.0,0.0,0.0,10,55.5,0.0,0,149.0,0.0,0.0,0.0,0.0,0.0,11
2023-05-10 10:33:58,l2401-C-8300,l2401-C-8300,149.0,0.0,0.0,0.0,1,56.0,0.0,0,149.0,0.0,0.0,0.0,0.0,0.0,11
2023-05-10 10:33:58,l2401-C-8300,l2401-C-8300,149.0,0.0,0.0,0.0,10,56.5,0.0,0,149.0,0.0,0.0,0.0,0.0,0.0,11
2023-05-10 10:33:59,l2401-C-8300,l2401-C-8300,149.0,0.0,0.0,0.0,1,57.0,0.0,0,149.0,0.0,0.0,0.0,0.0,0.0,11
2023-05-10 10:33:59,l2401-C-8300,l2401-C-8300,149.0,0.0,0.0,0.0,10,57.5,0.0,0,149.0,0.0,0.0,0.0,0.0,0.0,11
2023-05-10 10:34:01,l2401-C-8300,l2401-C-8300,149.0,0.0,0.0,0.0,1,58.0,0.0,0,149.0,0.0,0.0,0.0,0.0,0.0,11
2023-05-10 10:34:01,l2401-C-8300,l2401-C-8300,149.0,0.0,0.0,0.0,10,58.5,0.0,0,149.0,0.0,0.0,0.0,0.0,0.0,11
2023-05-10 11:29:32,l2401-C-8300,l2401-C-8300,149.0,0.0,0.0,0.0,1,10.0,0.0,0,149.0,0.0,0.0,0.0,0.0,0.0,11
2023-05-10 13:30:02,l2401-C-8300,l2401-C-8300,149.0,0.0,0.0,0.0,10,10.5,0.0,0,149.0,0.0,0.0,0.0,0.0,0.0,11
2023-05-10 13:32:44,l2401-C-8300,l2401-C-8300,149.0,0.0,0.0,0.0,1,17.0,0.0,0,149.0,0.0,0.0,0.0,0.0,0.0,11
2023-05-10 13:32:44,l2401-C-8300,l2401-C-8300,149.0,0.0,0.0,0.0,10,17.5,0.0,0,149.0,0.0,0.0,0.0,0.0,0.0,11
2023-05-10 13:33:20,l2401-C-8300,l2401-C-8300,149.0,0.0,0.0,0.0,1,18.0,0.0,0,149.0,0.0,0.0,0.0,0.0,0.0,11
2023-05-10 13:33:20,l2401-C-8300,l2401-C-8300,149.0,0.0,0.0,0.0,10,18.5,0.0,0,149.0,0.0,0.0,0.0,0.0,0.0,11
2023-05-10 13:33:48,l2401-C-8300,l2401-C-8300,149.0,0.0,0.0,0.0,1,19.0,0.0,0,149.0,0.0,0.0,0.0,0.0,0.0,11
2023-05-10 13:33:48,l2401-C-8300,l2401-C-8300,149.0,0.0,0.0,0.0,10,19.5,0.0,0,149.0,0.0,0.0,0.0,0.0,0.0,11
2023-05-10 13:35:59,l2401-C-8300,l2401-C-8300,149.0,0.0,0.0,0.0,1,20.0,0.0,0,149.0,0.0,0.0,0.0,0.0,0.0,11
2023-05-10 13:35:59,l2401-C-8300,l2401-C-8300,149.0,0.0,0.0,0.0,10,20.5,0.0,0,149.0,0.0,0.0,0.0,0.0,0.0,11
2023-05-10 13:37:58,l2401-C-8300,l2401-C-8300,149.0,0.0,0.0,0.0,1,21.0,0.0,0,149.0,0.0,0.0,0.0,0.0,0.0,11
2023-05-10 13:37:58,l2401-C-8300,l2401-C-8300,149.0,0.0,0.0,0.0,10,21.5,0.0,0,149.0,0.0,0.0,0.0,0.0,0.0,11
2023-05-10 13:38:11,l2401-C-8300,l2401-C-8300,149.0,0.0,0.0,0.0,1,22.0,0.0,0,149.0,0.0,0.0,0.0,0.0,0.0,11
2023-05-10 13:38:11,l2401-C-8300,l2401-C-8300,149.0,0.0,0.0,0.0,10,22.5,0.0,0,149.0,0.0,0.0,0.0,0.0,0.0,11
2023-05-10 13:38:19,l2401-C-8300,l2401-C-8300,149.0,0.0,0.0,0.0,1,23.0,0.0,0,149.0,0.0,0.0,0.0,0.0,0.0,11
2023-05-10 13:38:19,l2401-C-8300,l2401-C-8300,149.0,0.0,0.0,0.0,10,23.5,0.0,0,149.0,0.0,0.0,0.0,0.0,0.0,11
2023-05-10 13:38:28,l2401-C-8300,l2401-C-8300,149.0,0.0,0.0,0.0,1,24.0,0.0,0,149.0,0.0,0.0,0.0,0.0,0.0,11
2023-05-10 13:38:28,l2401-C-8300,l2401-C-8300,149.0,0.0,0.0,0.0,10,24.5,0.0,0,149.0,0.0,0.0,0.0,0.0,0.0,11
2023-05-10 13:38:40,l2401-C-8300,l2401-C-8300,149.0,0.0,0.0,0.0,1,25.0,0.0,0,149.0,0.0,0.0,0.0,0.0,0.0,11
2023-05-10 13:38:40,l2401-C-8300,l2401-C-8300,149.0,0.0,0.0,0.0,10,25.5,0.0,0,149.0,0.0,0.0,0.0,0.0,0.0,11
2023-05-10 13:38:55,l2401-C-8300,l2401-C-8300,149.0,0.0,0.0,0.0,1,26.0,0.0,0,149.0,0.0,0.0,0.0,0.0,0.0,11
2023-05-10 13:38:55,l2401-C-8300,l2401-C-8300,149.0,0.0,0.0,0.0,10,26.5,0.0,0,149.0,0.0,0.0,0.0,0.0,0.0,11
2023-05-10 13:39:00,l2401-C-8300,l2401-C-8300,149.0,0.0,0.0,0.0,1,27.0,0.0,0,149.0,0.0,0.0,0.0,0.0,0.0,11
2023-05-10 13:39:00,l2401-C-8300,l2401-C-8300,149.0,0.0,0.0,0.0,10,27.5,0.0,0,149.0,0.0,0.0,0.0,0.0,0.0,11
2023-05-10 13:39:03,l2401-C-8300,l2401-C-8300,149.0,0.0,0.0,0.0,1,31.0,0.0,0,149.0,0.0,0.0,0.0,0.0,0.0,11
2023-05-10 13:39:03,l2401-C-8300,l2401-C-8300,149.0,0.0,0.0,0.0,10,31.5,0.0,0,149.0,0.0,0.0,0.0,0.0,0.0,11
2023-05-10 13:39:06,l2401-C-8300,l2401-C-8300,149.0,0.0,0.0,0.0,1,32.0,0.0,0,149.0,0.0,0.0,0.0,0.0,0.0,11
2023-05-10 13:39:06,l2401-C-8300,l2401-C-8300,149.0,0.0,0.0,0.0,10,32.5,0.0,0,149.0,0.0,0.0,0.0,0.0,0.0,11
2023-05-10 13:39:08,l2401-C-8300,l2401-C-8300,149.0,0.0,0.0,0.0,1,33.0,0.0,0,149.0,0.0,0.0,0.0,0.0,0.0,11
2023-05-10 13:39:08,l2401-C-8300,l2401-C-8300,149.0,0.0,0.0,0.0,10,33.5,0.0,0,149.0,0.0,0.0,0.0,0.0,0.0,11
2023-05-10 13:39:10,l2401-C-8300,l2401-C-8300,149.0,0.0,0.0,0.0,1,34.0,0.0,0,149.0,0.0,0.0,0.0,0.0,0.0,11
2023-05-10 13:39:10,l2401-C-8300,l2401-C-8300,149.0,0.0,0.0,0.0,10,34.5,0.0,0,149.0,0.0,0.0,0.0,0.0,0.0,11
2023-05-10 13:39:12,l2401-C-8300,l2401-C-8300,149.0,0.0,0.0,0.0,1,35.0,0.0,0,149.0,0.0,0.0,0.0,0.0,0.0,11
2023-05-10 13:39:12,l2401-C-8300,l2401-C-8300,149.0,0.0,0.0,0.0,10,35.5,0.0,0,149.0,0.0,0.0,0.0,0.0,0.0,11
2023-05-10 13:39:14,l2401-C-8300,l2401-C-8300,149.0,0.0,0.0,0.0,1,36.0,0.0,0,149.0,0.0,0.0,0.0,0.0,0.0,11
2023-05-10 13:39:14,l2401-C-8300,l2401-C-8300,149.0,0.0,0.0,0.0,10,36.5,0.0,0,149.0,0.0,0.0,0.0,0.0,0.0,11
2023-05-10 13:39:16,l2401-C-8300,l2401-C-8300,149.0,0.0,0.0,0.0,1,37.0,0.0,0,149.0,0.0,0.0,0.0,0.0,0.0,11
2023-05-10 13:39:16,l2401-C-8300,l2401-C-8300,149.0,0.0,0.0,0.0,10,37.5,0.0,0,149.0,0.0,0.0,0.0,0.0,0.0,11
2023-05-10 13:39:18,l2401-C-8300,l2401-C-8300,149.0,0.0,0.0,0.0,1,38.0,0.0,0,149.0,0.0,0.0,0.0,0.0,0.0,11
2023-05-10 13:39:18,l2401-C-8300,l2401-C-8300,149.0,0.0,0.0,0.0,10,38.5,0.0,0,149.0,0.0,0.0,0.0,0.0,0.0,11
2023-05-10 13:39:19,l2401-C-8300,l2401-C-8300,149.0,0.0,0.0,0.0,1,39.0,0.0,0,149.0,0.0,0.0,0.0,0.0,0.0,11
2023-05-10 13:39:19,l2401-C-8300,l2401-C-8300,149.0,0.0,0.0,0.0,10,39.5,0.0,0,149.0,0.0,0.0,0.0,0.0,0.0,11
2023-05-10 13:39:21,l2401-C-8300,l2401-C-8300,149.0,0.0,0.0,0.0,1,40.0,0.0,0,149.0,0.0,0.0,0.0,0.0,0.0,11
2023-05-10 13:39:21,l2401-C-8300,l2401-C-8300,149.0,0.0,0.0,0.0,10,40.5,0.0,0,149.0,0.0,0.0,0.0,0.0,0.0,11
2023-05-10 13:39:23,l2401-C-8300,l2401-C-8300,149.0,0.0,0.0,0.0,1,41.0,0.0,0,149.0,0.0,0.0,0.0,0.0,0.0,11
2023-05-10 13:39:23,l2401-C-8300,l2401-C-8300,149.0,0.0,0.0,0.0,10,41.5,0.0,0,149.0,0.0,0.0,0.0,0.0,0.0,11
2023-05-10 13:39:25,l2401-C-8300,l2401-C-8300,149.0,0.0,0.0,0.0,1,42.0,0.0,0,149.0,0.0,0.0,0.0,0.0,0.0,11
2023-05-10 13:39:25,l2401-C-8300,l2401-C-8300,149.0,0.0,0.0,0.0,10,42.5,0.0,0,149.0,0.0,0.0,0.0,0.0,0.0,11
2023-05-10 13:39:27,l2401-C-8300,l2401-C-8300,149.0,0.0,0.0,0.0,1,43.0,0.0,0,149.0,0.0,0.0,0.0,0.0,0.0,11
2023-05-10 13:39:27,l2401-C-8300,l2401-C-8300,149.0,0.0,0.0,0.0,10,43.5,0.0,0,149.0,0.0,0.0,0.0,0.0,0.0,11
2023-05-10 13:39:28,l2401-C-8300,l2401-C-8300,149.0,0.0,0.0,0.0,1,44.0,0.0,0,149.0,0.0,0.0,0.0,0.0,0.0,11
2023-05-10 13:39:28,l2401-C-8300,l2401-C-8300,149.0,0.0,0.0,0.0,10,44.5,0.0,0,149.0,0.0,0.0,0.0,0.0,0.0,11
2023-05-10 13:39:30,l2401-C-8300,l2401-C-8300,149.0,0.0,0.0,0.0,1,45.0,0.0,0,149.0,0.0,0.0,0.0,0.0,0.0,11
2023-05-10 13:39:30,l2401-C-8300,l2401-C-8300,149.0,0.0,0.0,0.0,10,45.5,0.0,0,149.0,0.0,0.0,0.0,0.0,0.0,11
2023-05-10 13:39:32,l2401-C-8300,l2401-C-8300,149.0,0.0,0.0,0.0,1,46.0,0.0,0,149.0,0.0,0.0,0.0,0.0,0.0,11
2023-05-10 13:39:32,l2401-C-8300,l2401-C-8300,149.0,0.0,0.0,0.0,10,46.5,0.0,0,149.0,0.0,0.0,0.0,0.0,0.0,11
2023-05-10 13:39:34,l2401-C-8300,l2401-C-8300,149.0,0.0,0.0,0.0,1,47.0,0.0,0,149.0,0.0,0.0,0.0,0.0,0.0,11
2023-05-10 13:39:34,l2401-C-8300,l2401-C-8300,149.0,0.0,0.0,0.0,10,47.5,0.0,0,149.0,0.0,0.0,0.0,0.0,0.0,11
2023-05-10 13:39:35,l2401-C-8300,l2401-C-8300,149.0,0.0,0.0,0.0,1,48.0,0.0,0,149.0,0.0,0.0,0.0,0.0,0.0,11
2023-05-10 13:39:35,l2401-C-8300,l2401-C-8300,149.0,0.0,0.0,0.0,10,48.5,0.0,0,149.0,0.0,0.0,0.0,0.0,0.0,11
2023-05-10 13:39:37,l2401-C-8300,l2401-C-8300,149.0,0.0,0.0,0.0,1,49.0,0.0,0,149.0,0.0,0.0,0.0,0.0,0.0,11
2023-05-10 13:39:37,l2401-C-8300,l2401-C-8300,149.0,0.0,0.0,0.0,10,49.5,0.0,0,149.0,0.0,0.0,0.0,0.0,0.0,11
2023-05-10 13:39:38,l2401-C-8300,l2401-C-8300,149.0,0.0,0.0,0.0,1,50.0,0.0,0,149.0,0.0,0.0,0.0,0.0,0.0,11
2023-05-10 13:39:38,l2401-C-8300,l2401-C-8300,149.0,0.0,0.0,0.0,10,50.5,0.0,0,149.0,0.0,0.0,0.0,0.0,0.0,11
2023-05-10 13:39:40,l2401-C-8300,l2401-C-8300,149.0,0.0,0.0,0.0,1,54.0,0.0,0,149.0,0.0,0.0,0.0,0.0,0.0,11
2023-05-10 13:39:40,l2401-C-8300,l2401-C-8300,149.0,0.0,0.0,0.0,10,54.5,0.0,0,149.0,0.0,0.0,0.0,0.0,0.0,11
2023-05-10 13:39:43,l2401-C-8300,l2401-C-8300,149.0,0.0,0.0,0.0,1,55.0,0.0,0,149.0,0.0,0.0,0.0,0.0,0.0,11
2023-05-10 13:39:43,l2401-C-8300,l2401-C-8300,149.0,0.0,0.0,0.0,10,55.5,0.0,0,149.0,0.0,0.0,0.0,0.0,0.0,11
2023-05-10 13:39:49,l2401-C-8300,l2401-C-8300,149.0,0.0,0.0,0.0,1,56.0,0.0,0,149.0,0.0,0.0,0.0,0.0,0.0,11
2023-05-10 13:39:49,l2401-C-8300,l2401-C-8300,149.0,0.0,0.0,0.0,10,56.5,0.0,0,149.0,0.0,0.0,0.0,0.0,0.0,11
2023-05-10 13:39:51,l2401-C-8300,l2401-C-8300,149.0,0.0,0.0,0.0,1,57.0,0.0,0,149.0,0.0,0.0,0.0,0.0,0.0,11
2023-05-10 13:39:51,l2401-C-8300,l2401-C-8300,149.0,0.0,0.0,0.0,10,57.5,0.0,0,149.0,0.0,0.0,0.0,0.0,0.0,11
2023-05-10 13:39:54,l2401-C-8300,l2401-C-8300,149.0,0.0,0.0,0.0,1,58.0,0.0,0,149.0,0.0,0.0,0.0,0.0,0.0,11
2023-05-10 13:39:54,l2401-C-8300,l2401-C-8300,149.0,0.0,0.0,0.0,10,58.5,0.0,0,149.0,0.0,0.0,0.0,0.0,0.0,11
2023-05-10 13:46:29,l2401-C-8300,l2401-C-8300,149.0,0.0,0.0,0.0,1,65.0,0.0,0,149.0,0.0,0.0,0.0,0.0,0.0,11
2023-05-10 13:46:29,l2401-C-8300,l2401-C-8300,149.0,0.0,0.0,0.0,10,65.5,0.0,0,149.0,0.0,0.0,0.0,0.0,0.0,11
2023-05-10 13:46:31,l2401-C-8300,l2401-C-8300,149.0,0.0,0.0,0.0,1,69.0,0.0,0,149.0,0.0,0.0,0.0,0.0,0.0,11
2023-05-10 13:46:31,l2401-C-8300,l2401-C-8300,149.0,0.0,0.0,0.0,10,69.5,0.0,0,149.0,0.0,0.0,0.0,0.0,0.0,11
2023-05-10 13:46:32,l2401-C-8300,l2401-C-8300,149.0,0.0,0.0,0.0,1,70.0,0.0,0,149.0,0.0,0.0,0.0,0.0,0.0,11
2023-05-10 13:46:32,l2401-C-8300,l2401-C-8300,149.0,0.0,0.0,0.0,10,70.5,0.0,0,149.0,0.0,0.0,0.0,0.0,0.0,11
2023-05-10 13:46:34,l2401-C-8300,l2401-C-8300,149.0,0.0,0.0,0.0,1,71.0,0.0,0,149.0,0.0,0.0,0.0,0.0,0.0,11
2023-05-10 13:46:34,l2401-C-8300,l2401-C-8300,149.0,0.0,0.0,0.0,10,71.5,0.0,0,149.0,0.0,0.0,0.0,0.0,0.0,11
2023-05-10 13:46:35,l2401-C-8300,l2401-C-8300,149.0,0.0,0.0,0.0,1,72.0,0.0,0,149.0,0.0,0.0,0.0,0.0,0.0,11
2023-05-10 13:46:35,l2401-C-8300,l2401-C-8300,149.0,0.0,0.0,0.0,10,72.5,0.0,0,149.0,0.0,0.0,0.0,0.0,0.0,11
2023-05-10 13:46:36,l2401-C-8300,l2401-C-8300,149.0,0.0,0.0,0.0,1,73.0,0.0,0,149.0,0.0,0.0,0.0,0.0,0.0,11
2023-05-10 13:46:36,l2401-C-8300,l2401-C-8300,149.0,0.0,0.0,0.0,10,73.5,0.0,0,149.0,0.0,0.0,0.0,0.0,0.0,11
2023-05-10 14:59:01,l2401-C-8300,l2401-C-8300,149.0,0.0,0.0,0.0,1,10.0,0.0,0,149.0,0.0,0.0,0.0,0.0,0.0,11
2023-05-10 14:59:08,l2401-C-8300,l2401-C-8300,149.0,0.0,0.0,0.0,1,16.5,0.0,0,149.0,0.0,0.0,0.0,0.0,0.0,11
2023-05-10 15:01:14,l2401-C-8300,l2401-C-8300,149.0,0.0,0.0,0.0,1,16.5,0.0,0,149.0,0.0,0.0,0.0,0.0,0.0,11
