time,symbol_id,symbol_name,last,trade_volume,trade_amount,open_interest_change,bv1,bp1,ap1,av1,yesterday_close,today_open,today_high,today_low,volume,amount,open_interest
2023-05-09 20:56:49,l2401-P-7700,l2401-P-7700,279.0,0.0,0.0,0.0,1,1.5,0.0,0,279.0,0.0,0.0,0.0,0.0,0.0,6
2023-05-09 21:00:19,l2401-P-7700,l2401-P-7700,279.0,0.0,0.0,0.0,10,2.0,0.0,0,279.0,0.0,0.0,0.0,0.0,0.0,6
2023-05-09 21:00:54,l2401-P-7700,l2401-P-7700,279.0,0.0,0.0,0.0,1,43.0,0.0,0,279.0,0.0,0.0,0.0,0.0,0.0,6
2023-05-09 21:00:54,l2401-P-7700,l2401-P-7700,279.0,0.0,0.0,0.0,10,43.5,0.0,0,279.0,0.0,0.0,0.0,0.0,0.0,6
2023-05-09 21:01:24,l2401-P-7700,l2401-P-7700,279.0,0.0,0.0,0.0,1,44.0,0.0,0,279.0,0.0,0.0,0.0,0.0,0.0,6
2023-05-09 21:01:24,l2401-P-7700,l2401-P-7700,279.0,0.0,0.0,0.0,10,44.5,0.0,0,279.0,0.0,0.0,0.0,0.0,0.0,6
2023-05-09 21:01:38,l2401-P-7700,l2401-P-7700,279.0,0.0,0.0,0.0,1,45.0,0.0,0,279.0,0.0,0.0,0.0,0.0,0.0,6
2023-05-09 21:01:38,l2401-P-7700,l2401-P-7700,279.0,0.0,0.0,0.0,10,45.5,0.0,0,279.0,0.0,0.0,0.0,0.0,0.0,6
2023-05-09 21:07:29,l2401-P-7700,l2401-P-7700,279.0,0.0,0.0,0.0,1,46.0,0.0,0,279.0,0.0,0.0,0.0,0.0,0.0,6
2023-05-09 21:07:29,l2401-P-7700,l2401-P-7700,279.0,0.0,0.0,0.0,10,46.5,0.0,0,279.0,0.0,0.0,0.0,0.0,0.0,6
2023-05-09 21:07:47,l2401-P-7700,l2401-P-7700,279.0,0.0,0.0,0.0,1,47.0,0.0,0,279.0,0.0,0.0,0.0,0.0,0.0,6
2023-05-09 21:07:47,l2401-P-7700,l2401-P-7700,279.0,0.0,0.0,0.0,10,47.5,0.0,0,279.0,0.0,0.0,0.0,0.0,0.0,6
2023-05-09 21:07:53,l2401-P-7700,l2401-P-7700,279.0,0.0,0.0,0.0,1,48.0,0.0,0,279.0,0.0,0.0,0.0,0.0,0.0,6
2023-05-09 21:07:53,l2401-P-7700,l2401-P-7700,279.0,0.0,0.0,0.0,10,48.5,0.0,0,279.0,0.0,0.0,0.0,0.0,0.0,6
2023-05-09 21:11:32,l2401-P-7700,l2401-P-7700,279.0,0.0,0.0,0.0,1,49.0,0.0,0,279.0,0.0,0.0,0.0,0.0,0.0,6
2023-05-09 21:11:32,l2401-P-7700,l2401-P-7700,279.0,0.0,0.0,0.0,10,49.5,0.0,0,279.0,0.0,0.0,0.0,0.0,0.0,6
2023-05-09 21:11:34,l2401-P-7700,l2401-P-7700,279.0,0.0,0.0,0.0,1,50.0,0.0,0,279.0,0.0,0.0,0.0,0.0,0.0,6
2023-05-09 21:11:34,l2401-P-7700,l2401-P-7700,279.0,0.0,0.0,0.0,10,50.5,0.0,0,279.0,0.0,0.0,0.0,0.0,0.0,6
2023-05-09 21:11:36,l2401-P-7700,l2401-P-7700,279.0,0.0,0.0,0.0,1,51.0,0.0,0,279.0,0.0,0.0,0.0,0.0,0.0,6
2023-05-09 21:11:36,l2401-P-7700,l2401-P-7700,279.0,0.0,0.0,0.0,10,51.5,0.0,0,279.0,0.0,0.0,0.0,0.0,0.0,6
2023-05-09 21:15:34,l2401-P-7700,l2401-P-7700,279.0,0.0,0.0,0.0,1,52.0,0.0,0,279.0,0.0,0.0,0.0,0.0,0.0,6
2023-05-09 21:15:34,l2401-P-7700,l2401-P-7700,279.0,0.0,0.0,0.0,10,52.5,0.0,0,279.0,0.0,0.0,0.0,0.0,0.0,6
2023-05-09 21:15:37,l2401-P-7700,l2401-P-7700,279.0,0.0,0.0,0.0,1,53.0,0.0,0,279.0,0.0,0.0,0.0,0.0,0.0,6
2023-05-09 21:15:37,l2401-P-7700,l2401-P-7700,279.0,0.0,0.0,0.0,10,53.5,0.0,0,279.0,0.0,0.0,0.0,0.0,0.0,6
2023-05-09 21:15:40,l2401-P-7700,l2401-P-7700,279.0,0.0,0.0,0.0,1,54.0,0.0,0,279.0,0.0,0.0,0.0,0.0,0.0,6
2023-05-09 21:15:40,l2401-P-7700,l2401-P-7700,279.0,0.0,0.0,0.0,10,54.5,0.0,0,279.0,0.0,0.0,0.0,0.0,0.0,6
2023-05-09 21:15:43,l2401-P-7700,l2401-P-7700,279.0,0.0,0.0,0.0,1,55.0,0.0,0,279.0,0.0,0.0,0.0,0.0,0.0,6
2023-05-09 21:15:43,l2401-P-7700,l2401-P-7700,279.0,0.0,0.0,0.0,10,55.5,0.0,0,279.0,0.0,0.0,0.0,0.0,0.0,6
2023-05-09 21:15:44,l2401-P-7700,l2401-P-7700,279.0,0.0,0.0,0.0,1,56.0,0.0,0,279.0,0.0,0.0,0.0,0.0,0.0,6
2023-05-09 21:15:44,l2401-P-7700,l2401-P-7700,279.0,0.0,0.0,0.0,10,56.5,0.0,0,279.0,0.0,0.0,0.0,0.0,0.0,6
2023-05-09 21:15:46,l2401-P-7700,l2401-P-7700,279.0,0.0,0.0,0.0,1,57.0,0.0,0,279.0,0.0,0.0,0.0,0.0,0.0,6
2023-05-09 21:15:46,l2401-P-7700,l2401-P-7700,279.0,0.0,0.0,0.0,10,57.5,0.0,0,279.0,0.0,0.0,0.0,0.0,0.0,6
2023-05-09 21:15:47,l2401-P-7700,l2401-P-7700,279.0,0.0,0.0,0.0,1,58.0,0.0,0,279.0,0.0,0.0,0.0,0.0,0.0,6
2023-05-09 21:15:47,l2401-P-7700,l2401-P-7700,279.0,0.0,0.0,0.0,10,58.5,0.0,0,279.0,0.0,0.0,0.0,0.0,0.0,6
2023-05-09 21:15:48,l2401-P-7700,l2401-P-7700,279.0,0.0,0.0,0.0,1,59.0,0.0,0,279.0,0.0,0.0,0.0,0.0,0.0,6
2023-05-09 21:15:48,l2401-P-7700,l2401-P-7700,279.0,0.0,0.0,0.0,10,59.5,0.0,0,279.0,0.0,0.0,0.0,0.0,0.0,6
2023-05-09 21:15:50,l2401-P-7700,l2401-P-7700,279.0,0.0,0.0,0.0,1,60.0,0.0,0,279.0,0.0,0.0,0.0,0.0,0.0,6
2023-05-09 21:15:50,l2401-P-7700,l2401-P-7700,279.0,0.0,0.0,0.0,10,60.5,0.0,0,279.0,0.0,0.0,0.0,0.0,0.0,6
2023-05-09 21:15:51,l2401-P-7700,l2401-P-7700,279.0,0.0,0.0,0.0,1,61.0,0.0,0,279.0,0.0,0.0,0.0,0.0,0.0,6
2023-05-09 21:15:51,l2401-P-7700,l2401-P-7700,279.0,0.0,0.0,0.0,10,61.5,0.0,0,279.0,0.0,0.0,0.0,0.0,0.0,6
2023-05-09 21:15:52,l2401-P-7700,l2401-P-7700,279.0,0.0,0.0,0.0,1,62.0,0.0,0,279.0,0.0,0.0,0.0,0.0,0.0,6
2023-05-09 21:15:52,l2401-P-7700,l2401-P-7700,279.0,0.0,0.0,0.0,10,62.5,0.0,0,279.0,0.0,0.0,0.0,0.0,0.0,6
2023-05-09 21:15:54,l2401-P-7700,l2401-P-7700,279.0,0.0,0.0,0.0,1,63.0,0.0,0,279.0,0.0,0.0,0.0,0.0,0.0,6
2023-05-09 21:15:54,l2401-P-7700,l2401-P-7700,279.0,0.0,0.0,0.0,10,63.5,0.0,0,279.0,0.0,0.0,0.0,0.0,0.0,6
2023-05-09 21:15:55,l2401-P-7700,l2401-P-7700,279.0,0.0,0.0,0.0,1,64.0,0.0,0,279.0,0.0,0.0,0.0,0.0,0.0,6
2023-05-09 21:15:55,l2401-P-7700,l2401-P-7700,279.0,0.0,0.0,0.0,10,64.5,0.0,0,279.0,0.0,0.0,0.0,0.0,0.0,6
2023-05-09 21:15:56,l2401-P-7700,l2401-P-7700,279.0,0.0,0.0,0.0,1,65.0,0.0,0,279.0,0.0,0.0,0.0,0.0,0.0,6
2023-05-09 21:15:56,l2401-P-7700,l2401-P-7700,279.0,0.0,0.0,0.0,10,65.5,0.0,0,279.0,0.0,0.0,0.0,0.0,0.0,6
2023-05-09 21:15:58,l2401-P-7700,l2401-P-7700,279.0,0.0,0.0,0.0,1,66.0,0.0,0,279.0,0.0,0.0,0.0,0.0,0.0,6
2023-05-09 21:15:58,l2401-P-7700,l2401-P-7700,279.0,0.0,0.0,0.0,10,66.5,0.0,0,279.0,0.0,0.0,0.0,0.0,0.0,6
2023-05-09 21:15:59,l2401-P-7700,l2401-P-7700,279.0,0.0,0.0,0.0,1,67.0,0.0,0,279.0,0.0,0.0,0.0,0.0,0.0,6
2023-05-09 21:15:59,l2401-P-7700,l2401-P-7700,279.0,0.0,0.0,0.0,10,67.5,0.0,0,279.0,0.0,0.0,0.0,0.0,0.0,6
2023-05-09 21:16:00,l2401-P-7700,l2401-P-7700,279.0,0.0,0.0,0.0,1,68.0,0.0,0,279.0,0.0,0.0,0.0,0.0,0.0,6
2023-05-09 21:16:00,l2401-P-7700,l2401-P-7700,279.0,0.0,0.0,0.0,10,68.5,0.0,0,279.0,0.0,0.0,0.0,0.0,0.0,6
2023-05-09 21:16:01,l2401-P-7700,l2401-P-7700,279.0,0.0,0.0,0.0,1,69.0,0.0,0,279.0,0.0,0.0,0.0,0.0,0.0,6
2023-05-09 21:16:01,l2401-P-7700,l2401-P-7700,279.0,0.0,0.0,0.0,10,69.5,0.0,0,279.0,0.0,0.0,0.0,0.0,0.0,6
2023-05-09 21:16:03,l2401-P-7700,l2401-P-7700,279.0,0.0,0.0,0.0,1,70.0,0.0,0,279.0,0.0,0.0,0.0,0.0,0.0,6
2023-05-09 21:16:03,l2401-P-7700,l2401-P-7700,279.0,0.0,0.0,0.0,10,70.5,0.0,0,279.0,0.0,0.0,0.0,0.0,0.0,6
2023-05-09 21:16:05,l2401-P-7700,l2401-P-7700,279.0,0.0,0.0,0.0,1,71.0,0.0,0,279.0,0.0,0.0,0.0,0.0,0.0,6
2023-05-09 21:16:05,l2401-P-7700,l2401-P-7700,279.0,0.0,0.0,0.0,10,71.5,0.0,0,279.0,0.0,0.0,0.0,0.0,0.0,6
2023-05-09 21:16:06,l2401-P-7700,l2401-P-7700,279.0,0.0,0.0,0.0,1,72.0,0.0,0,279.0,0.0,0.0,0.0,0.0,0.0,6
2023-05-09 21:16:06,l2401-P-7700,l2401-P-7700,279.0,0.0,0.0,0.0,10,72.5,0.0,0,279.0,0.0,0.0,0.0,0.0,0.0,6
2023-05-09 21:16:07,l2401-P-7700,l2401-P-7700,279.0,0.0,0.0,0.0,1,73.0,0.0,0,279.0,0.0,0.0,0.0,0.0,0.0,6
2023-05-09 21:16:07,l2401-P-7700,l2401-P-7700,279.0,0.0,0.0,0.0,10,73.5,0.0,0,279.0,0.0,0.0,0.0,0.0,0.0,6
2023-05-09 21:16:09,l2401-P-7700,l2401-P-7700,279.0,0.0,0.0,0.0,1,74.0,0.0,0,279.0,0.0,0.0,0.0,0.0,0.0,6
2023-05-09 21:16:09,l2401-P-7700,l2401-P-7700,279.0,0.0,0.0,0.0,10,74.5,0.0,0,279.0,0.0,0.0,0.0,0.0,0.0,6
2023-05-09 21:16:10,l2401-P-7700,l2401-P-7700,279.0,0.0,0.0,0.0,1,75.0,0.0,0,279.0,0.0,0.0,0.0,0.0,0.0,6
2023-05-09 21:16:10,l2401-P-7700,l2401-P-7700,279.0,0.0,0.0,0.0,10,75.5,0.0,0,279.0,0.0,0.0,0.0,0.0,0.0,6
2023-05-09 21:16:12,l2401-P-7700,l2401-P-7700,279.0,0.0,0.0,0.0,1,76.0,0.0,0,279.0,0.0,0.0,0.0,0.0,0.0,6
2023-05-09 21:16:12,l2401-P-7700,l2401-P-7700,279.0,0.0,0.0,0.0,10,76.5,0.0,0,279.0,0.0,0.0,0.0,0.0,0.0,6
2023-05-09 21:16:14,l2401-P-7700,l2401-P-7700,279.0,0.0,0.0,0.0,1,77.0,0.0,0,279.0,0.0,0.0,0.0,0.0,0.0,6
2023-05-09 21:16:14,l2401-P-7700,l2401-P-7700,279.0,0.0,0.0,0.0,10,77.5,0.0,0,279.0,0.0,0.0,0.0,0.0,0.0,6
2023-05-09 21:16:16,l2401-P-7700,l2401-P-7700,279.0,0.0,0.0,0.0,1,78.0,0.0,0,279.0,0.0,0.0,0.0,0.0,0.0,6
2023-05-09 21:16:16,l2401-P-7700,l2401-P-7700,279.0,0.0,0.0,0.0,10,78.5,0.0,0,279.0,0.0,0.0,0.0,0.0,0.0,6
2023-05-09 21:16:17,l2401-P-7700,l2401-P-7700,279.0,0.0,0.0,0.0,1,79.0,0.0,0,279.0,0.0,0.0,0.0,0.0,0.0,6
2023-05-09 21:16:17,l2401-P-7700,l2401-P-7700,279.0,0.0,0.0,0.0,10,79.5,0.0,0,279.0,0.0,0.0,0.0,0.0,0.0,6
2023-05-09 21:16:19,l2401-P-7700,l2401-P-7700,279.0,0.0,0.0,0.0,1,80.0,0.0,0,279.0,0.0,0.0,0.0,0.0,0.0,6
2023-05-09 21:16:19,l2401-P-7700,l2401-P-7700,279.0,0.0,0.0,0.0,10,80.5,0.0,0,279.0,0.0,0.0,0.0,0.0,0.0,6
2023-05-09 21:16:20,l2401-P-7700,l2401-P-7700,279.0,0.0,0.0,0.0,1,81.0,0.0,0,279.0,0.0,0.0,0.0,0.0,0.0,6
2023-05-09 21:16:20,l2401-P-7700,l2401-P-7700,279.0,0.0,0.0,0.0,10,81.5,0.0,0,279.0,0.0,0.0,0.0,0.0,0.0,6
2023-05-09 21:16:21,l2401-P-7700,l2401-P-7700,279.0,0.0,0.0,0.0,1,82.0,0.0,0,279.0,0.0,0.0,0.0,0.0,0.0,6
2023-05-09 21:16:21,l2401-P-7700,l2401-P-7700,279.0,0.0,0.0,0.0,10,82.5,0.0,0,279.0,0.0,0.0,0.0,0.0,0.0,6
2023-05-09 21:16:23,l2401-P-7700,l2401-P-7700,279.0,0.0,0.0,0.0,1,83.0,0.0,0,279.0,0.0,0.0,0.0,0.0,0.0,6
2023-05-09 21:16:23,l2401-P-7700,l2401-P-7700,279.0,0.0,0.0,0.0,10,83.5,0.0,0,279.0,0.0,0.0,0.0,0.0,0.0,6
2023-05-09 21:16:24,l2401-P-7700,l2401-P-7700,279.0,0.0,0.0,0.0,1,84.0,0.0,0,279.0,0.0,0.0,0.0,0.0,0.0,6
2023-05-09 21:16:24,l2401-P-7700,l2401-P-7700,279.0,0.0,0.0,0.0,10,84.5,0.0,0,279.0,0.0,0.0,0.0,0.0,0.0,6
2023-05-09 21:16:25,l2401-P-7700,l2401-P-7700,279.0,0.0,0.0,0.0,1,85.0,0.0,0,279.0,0.0,0.0,0.0,0.0,0.0,6
2023-05-09 21:16:25,l2401-P-7700,l2401-P-7700,279.0,0.0,0.0,0.0,10,85.5,0.0,0,279.0,0.0,0.0,0.0,0.0,0.0,6
2023-05-09 21:16:26,l2401-P-7700,l2401-P-7700,279.0,0.0,0.0,0.0,1,86.0,0.0,0,279.0,0.0,0.0,0.0,0.0,0.0,6
2023-05-09 21:16:26,l2401-P-7700,l2401-P-7700,279.0,0.0,0.0,0.0,10,86.5,0.0,0,279.0,0.0,0.0,0.0,0.0,0.0,6
2023-05-09 21:16:27,l2401-P-7700,l2401-P-7700,279.0,0.0,0.0,0.0,1,87.0,0.0,0,279.0,0.0,0.0,0.0,0.0,0.0,6
2023-05-09 21:16:27,l2401-P-7700,l2401-P-7700,279.0,0.0,0.0,0.0,10,87.5,0.0,0,279.0,0.0,0.0,0.0,0.0,0.0,6
2023-05-09 21:16:29,l2401-P-7700,l2401-P-7700,279.0,0.0,0.0,0.0,1,88.0,0.0,0,279.0,0.0,0.0,0.0,0.0,0.0,6
2023-05-09 21:16:29,l2401-P-7700,l2401-P-7700,279.0,0.0,0.0,0.0,10,88.5,0.0,0,279.0,0.0,0.0,0.0,0.0,0.0,6
2023-05-09 21:16:30,l2401-P-7700,l2401-P-7700,279.0,0.0,0.0,0.0,1,89.0,0.0,0,279.0,0.0,0.0,0.0,0.0,0.0,6
2023-05-09 21:16:30,l2401-P-7700,l2401-P-7700,279.0,0.0,0.0,0.0,10,89.5,0.0,0,279.0,0.0,0.0,0.0,0.0,0.0,6
2023-05-09 21:16:31,l2401-P-7700,l2401-P-7700,279.0,0.0,0.0,0.0,1,90.0,0.0,0,279.0,0.0,0.0,0.0,0.0,0.0,6
2023-05-09 21:16:31,l2401-P-7700,l2401-P-7700,279.0,0.0,0.0,0.0,10,90.5,0.0,0,279.0,0.0,0.0,0.0,0.0,0.0,6
2023-05-09 21:16:33,l2401-P-7700,l2401-P-7700,279.0,0.0,0.0,0.0,1,91.0,0.0,0,279.0,0.0,0.0,0.0,0.0,0.0,6
2023-05-09 21:16:33,l2401-P-7700,l2401-P-7700,279.0,0.0,0.0,0.0,10,91.5,0.0,0,279.0,0.0,0.0,0.0,0.0,0.0,6
2023-05-09 21:16:34,l2401-P-7700,l2401-P-7700,279.0,0.0,0.0,0.0,1,92.0,0.0,0,279.0,0.0,0.0,0.0,0.0,0.0,6
2023-05-09 21:16:34,l2401-P-7700,l2401-P-7700,279.0,0.0,0.0,0.0,10,92.5,0.0,0,279.0,0.0,0.0,0.0,0.0,0.0,6
2023-05-09 21:16:35,l2401-P-7700,l2401-P-7700,279.0,0.0,0.0,0.0,1,93.0,0.0,0,279.0,0.0,0.0,0.0,0.0,0.0,6
2023-05-09 21:16:35,l2401-P-7700,l2401-P-7700,279.0,0.0,0.0,0.0,10,93.5,0.0,0,279.0,0.0,0.0,0.0,0.0,0.0,6
2023-05-09 21:16:36,l2401-P-7700,l2401-P-7700,279.0,0.0,0.0,0.0,1,94.0,0.0,0,279.0,0.0,0.0,0.0,0.0,0.0,6
2023-05-09 21:16:36,l2401-P-7700,l2401-P-7700,279.0,0.0,0.0,0.0,10,94.5,0.0,0,279.0,0.0,0.0,0.0,0.0,0.0,6
2023-05-09 21:16:38,l2401-P-7700,l2401-P-7700,279.0,0.0,0.0,0.0,1,95.0,0.0,0,279.0,0.0,0.0,0.0,0.0,0.0,6
2023-05-09 21:16:38,l2401-P-7700,l2401-P-7700,279.0,0.0,0.0,0.0,10,95.5,0.0,0,279.0,0.0,0.0,0.0,0.0,0.0,6
2023-05-09 21:16:39,l2401-P-7700,l2401-P-7700,279.0,0.0,0.0,0.0,10,96.5,0.0,0,279.0,0.0,0.0,0.0,0.0,0.0,6
2023-05-09 21:16:40,l2401-P-7700,l2401-P-7700,279.0,0.0,0.0,0.0,1,97.0,0.0,0,279.0,0.0,0.0,0.0,0.0,0.0,6
2023-05-09 21:16:40,l2401-P-7700,l2401-P-7700,279.0,0.0,0.0,0.0,10,97.5,0.0,0,279.0,0.0,0.0,0.0,0.0,0.0,6
2023-05-09 21:16:42,l2401-P-7700,l2401-P-7700,279.0,0.0,0.0,0.0,1,98.0,0.0,0,279.0,0.0,0.0,0.0,0.0,0.0,6
2023-05-09 21:16:42,l2401-P-7700,l2401-P-7700,279.0,0.0,0.0,0.0,10,98.5,0.0,0,279.0,0.0,0.0,0.0,0.0,0.0,6
2023-05-09 21:16:43,l2401-P-7700,l2401-P-7700,279.0,0.0,0.0,0.0,1,99.0,0.0,0,279.0,0.0,0.0,0.0,0.0,0.0,6
2023-05-09 21:16:43,l2401-P-7700,l2401-P-7700,279.0,0.0,0.0,0.0,10,99.5,0.0,0,279.0,0.0,0.0,0.0,0.0,0.0,6
2023-05-09 21:16:44,l2401-P-7700,l2401-P-7700,279.0,0.0,0.0,0.0,1,100.0,0.0,0,279.0,0.0,0.0,0.0,0.0,0.0,6
2023-05-09 21:16:44,l2401-P-7700,l2401-P-7700,279.0,0.0,0.0,0.0,10,100.5,0.0,0,279.0,0.0,0.0,0.0,0.0,0.0,6
2023-05-09 21:16:46,l2401-P-7700,l2401-P-7700,279.0,0.0,0.0,0.0,1,101.0,0.0,0,279.0,0.0,0.0,0.0,0.0,0.0,6
2023-05-09 21:16:46,l2401-P-7700,l2401-P-7700,279.0,0.0,0.0,0.0,10,101.5,0.0,0,279.0,0.0,0.0,0.0,0.0,0.0,6
2023-05-09 21:16:47,l2401-P-7700,l2401-P-7700,279.0,0.0,0.0,0.0,1,102.0,0.0,0,279.0,0.0,0.0,0.0,0.0,0.0,6
2023-05-09 21:16:47,l2401-P-7700,l2401-P-7700,279.0,0.0,0.0,0.0,10,102.5,0.0,0,279.0,0.0,0.0,0.0,0.0,0.0,6
2023-05-09 21:16:48,l2401-P-7700,l2401-P-7700,279.0,0.0,0.0,0.0,1,103.0,0.0,0,279.0,0.0,0.0,0.0,0.0,0.0,6
2023-05-09 21:16:48,l2401-P-7700,l2401-P-7700,279.0,0.0,0.0,0.0,10,103.5,0.0,0,279.0,0.0,0.0,0.0,0.0,0.0,6
2023-05-09 21:16:50,l2401-P-7700,l2401-P-7700,279.0,0.0,0.0,0.0,1,104.0,0.0,0,279.0,0.0,0.0,0.0,0.0,0.0,6
2023-05-09 21:16:50,l2401-P-7700,l2401-P-7700,279.0,0.0,0.0,0.0,10,104.5,0.0,0,279.0,0.0,0.0,0.0,0.0,0.0,6
2023-05-09 21:16:51,l2401-P-7700,l2401-P-7700,279.0,0.0,0.0,0.0,1,105.0,0.0,0,279.0,0.0,0.0,0.0,0.0,0.0,6
2023-05-09 21:16:51,l2401-P-7700,l2401-P-7700,279.0,0.0,0.0,0.0,10,105.5,0.0,0,279.0,0.0,0.0,0.0,0.0,0.0,6
2023-05-09 21:16:52,l2401-P-7700,l2401-P-7700,279.0,0.0,0.0,0.0,1,106.0,0.0,0,279.0,0.0,0.0,0.0,0.0,0.0,6
2023-05-09 21:16:52,l2401-P-7700,l2401-P-7700,279.0,0.0,0.0,0.0,10,106.5,0.0,0,279.0,0.0,0.0,0.0,0.0,0.0,6
2023-05-09 21:16:54,l2401-P-7700,l2401-P-7700,279.0,0.0,0.0,0.0,1,107.0,0.0,0,279.0,0.0,0.0,0.0,0.0,0.0,6
2023-05-09 21:16:54,l2401-P-7700,l2401-P-7700,279.0,0.0,0.0,0.0,10,107.5,0.0,0,279.0,0.0,0.0,0.0,0.0,0.0,6
2023-05-09 21:16:55,l2401-P-7700,l2401-P-7700,279.0,0.0,0.0,0.0,1,108.0,0.0,0,279.0,0.0,0.0,0.0,0.0,0.0,6
2023-05-09 21:16:55,l2401-P-7700,l2401-P-7700,279.0,0.0,0.0,0.0,10,108.5,0.0,0,279.0,0.0,0.0,0.0,0.0,0.0,6
2023-05-09 21:16:56,l2401-P-7700,l2401-P-7700,279.0,0.0,0.0,0.0,1,109.0,0.0,0,279.0,0.0,0.0,0.0,0.0,0.0,6
2023-05-09 21:16:56,l2401-P-7700,l2401-P-7700,279.0,0.0,0.0,0.0,10,109.5,0.0,0,279.0,0.0,0.0,0.0,0.0,0.0,6
2023-05-09 21:16:58,l2401-P-7700,l2401-P-7700,279.0,0.0,0.0,0.0,1,110.0,0.0,0,279.0,0.0,0.0,0.0,0.0,0.0,6
2023-05-09 21:16:58,l2401-P-7700,l2401-P-7700,279.0,0.0,0.0,0.0,10,110.5,0.0,0,279.0,0.0,0.0,0.0,0.0,0.0,6
2023-05-09 21:16:59,l2401-P-7700,l2401-P-7700,279.0,0.0,0.0,0.0,1,111.0,0.0,0,279.0,0.0,0.0,0.0,0.0,0.0,6
2023-05-09 21:16:59,l2401-P-7700,l2401-P-7700,279.0,0.0,0.0,0.0,10,111.5,0.0,0,279.0,0.0,0.0,0.0,0.0,0.0,6
2023-05-09 21:17:00,l2401-P-7700,l2401-P-7700,279.0,0.0,0.0,0.0,1,112.0,0.0,0,279.0,0.0,0.0,0.0,0.0,0.0,6
2023-05-09 21:17:00,l2401-P-7700,l2401-P-7700,279.0,0.0,0.0,0.0,10,112.5,0.0,0,279.0,0.0,0.0,0.0,0.0,0.0,6
2023-05-09 21:17:01,l2401-P-7700,l2401-P-7700,279.0,0.0,0.0,0.0,1,113.0,0.0,0,279.0,0.0,0.0,0.0,0.0,0.0,6
2023-05-09 21:17:01,l2401-P-7700,l2401-P-7700,279.0,0.0,0.0,0.0,10,113.5,0.0,0,279.0,0.0,0.0,0.0,0.0,0.0,6
2023-05-09 21:17:03,l2401-P-7700,l2401-P-7700,279.0,0.0,0.0,0.0,1,114.0,0.0,0,279.0,0.0,0.0,0.0,0.0,0.0,6
2023-05-09 21:17:03,l2401-P-7700,l2401-P-7700,279.0,0.0,0.0,0.0,10,114.5,0.0,0,279.0,0.0,0.0,0.0,0.0,0.0,6
2023-05-09 21:17:04,l2401-P-7700,l2401-P-7700,279.0,0.0,0.0,0.0,1,115.0,0.0,0,279.0,0.0,0.0,0.0,0.0,0.0,6
2023-05-09 21:17:04,l2401-P-7700,l2401-P-7700,279.0,0.0,0.0,0.0,10,115.5,0.0,0,279.0,0.0,0.0,0.0,0.0,0.0,6
2023-05-09 21:17:05,l2401-P-7700,l2401-P-7700,279.0,0.0,0.0,0.0,1,116.0,0.0,0,279.0,0.0,0.0,0.0,0.0,0.0,6
2023-05-09 21:17:05,l2401-P-7700,l2401-P-7700,279.0,0.0,0.0,0.0,10,116.5,0.0,0,279.0,0.0,0.0,0.0,0.0,0.0,6
2023-05-09 21:17:06,l2401-P-7700,l2401-P-7700,279.0,0.0,0.0,0.0,1,117.0,0.0,0,279.0,0.0,0.0,0.0,0.0,0.0,6
2023-05-09 21:17:06,l2401-P-7700,l2401-P-7700,279.0,0.0,0.0,0.0,10,117.5,0.0,0,279.0,0.0,0.0,0.0,0.0,0.0,6
2023-05-09 21:17:07,l2401-P-7700,l2401-P-7700,279.0,0.0,0.0,0.0,1,118.0,0.0,0,279.0,0.0,0.0,0.0,0.0,0.0,6
2023-05-09 21:17:07,l2401-P-7700,l2401-P-7700,279.0,0.0,0.0,0.0,10,118.5,0.0,0,279.0,0.0,0.0,0.0,0.0,0.0,6
2023-05-09 21:17:09,l2401-P-7700,l2401-P-7700,279.0,0.0,0.0,0.0,1,119.0,0.0,0,279.0,0.0,0.0,0.0,0.0,0.0,6
2023-05-09 21:17:09,l2401-P-7700,l2401-P-7700,279.0,0.0,0.0,0.0,10,119.5,0.0,0,279.0,0.0,0.0,0.0,0.0,0.0,6
2023-05-09 21:17:10,l2401-P-7700,l2401-P-7700,279.0,0.0,0.0,0.0,1,120.0,0.0,0,279.0,0.0,0.0,0.0,0.0,0.0,6
2023-05-09 21:17:10,l2401-P-7700,l2401-P-7700,279.0,0.0,0.0,0.0,10,120.5,0.0,0,279.0,0.0,0.0,0.0,0.0,0.0,6
2023-05-09 21:17:11,l2401-P-7700,l2401-P-7700,279.0,0.0,0.0,0.0,1,121.0,0.0,0,279.0,0.0,0.0,0.0,0.0,0.0,6
2023-05-09 21:17:11,l2401-P-7700,l2401-P-7700,279.0,0.0,0.0,0.0,10,121.5,0.0,0,279.0,0.0,0.0,0.0,0.0,0.0,6
2023-05-09 21:17:12,l2401-P-7700,l2401-P-7700,279.0,0.0,0.0,0.0,1,122.0,0.0,0,279.0,0.0,0.0,0.0,0.0,0.0,6
2023-05-09 21:17:12,l2401-P-7700,l2401-P-7700,279.0,0.0,0.0,0.0,10,122.5,0.0,0,279.0,0.0,0.0,0.0,0.0,0.0,6
2023-05-09 21:17:14,l2401-P-7700,l2401-P-7700,279.0,0.0,0.0,0.0,1,123.0,0.0,0,279.0,0.0,0.0,0.0,0.0,0.0,6
2023-05-09 21:17:14,l2401-P-7700,l2401-P-7700,279.0,0.0,0.0,0.0,10,123.5,0.0,0,279.0,0.0,0.0,0.0,0.0,0.0,6
2023-05-09 21:17:15,l2401-P-7700,l2401-P-7700,279.0,0.0,0.0,0.0,1,124.0,0.0,0,279.0,0.0,0.0,0.0,0.0,0.0,6
2023-05-09 21:17:15,l2401-P-7700,l2401-P-7700,279.0,0.0,0.0,0.0,10,124.5,0.0,0,279.0,0.0,0.0,0.0,0.0,0.0,6
2023-05-09 21:17:16,l2401-P-7700,l2401-P-7700,279.0,0.0,0.0,0.0,1,125.0,0.0,0,279.0,0.0,0.0,0.0,0.0,0.0,6
2023-05-09 21:17:16,l2401-P-7700,l2401-P-7700,279.0,0.0,0.0,0.0,10,125.5,0.0,0,279.0,0.0,0.0,0.0,0.0,0.0,6
2023-05-09 21:17:17,l2401-P-7700,l2401-P-7700,279.0,0.0,0.0,0.0,1,126.0,0.0,0,279.0,0.0,0.0,0.0,0.0,0.0,6
2023-05-09 21:17:17,l2401-P-7700,l2401-P-7700,279.0,0.0,0.0,0.0,10,126.5,0.0,0,279.0,0.0,0.0,0.0,0.0,0.0,6
2023-05-09 21:17:18,l2401-P-7700,l2401-P-7700,279.0,0.0,0.0,0.0,1,127.0,0.0,0,279.0,0.0,0.0,0.0,0.0,0.0,6
2023-05-09 21:17:18,l2401-P-7700,l2401-P-7700,279.0,0.0,0.0,0.0,10,127.5,0.0,0,279.0,0.0,0.0,0.0,0.0,0.0,6
2023-05-09 21:17:19,l2401-P-7700,l2401-P-7700,279.0,0.0,0.0,0.0,1,128.0,0.0,0,279.0,0.0,0.0,0.0,0.0,0.0,6
2023-05-09 21:17:19,l2401-P-7700,l2401-P-7700,279.0,0.0,0.0,0.0,10,128.5,0.0,0,279.0,0.0,0.0,0.0,0.0,0.0,6
2023-05-09 21:17:20,l2401-P-7700,l2401-P-7700,279.0,0.0,0.0,0.0,1,129.0,0.0,0,279.0,0.0,0.0,0.0,0.0,0.0,6
2023-05-09 21:17:20,l2401-P-7700,l2401-P-7700,279.0,0.0,0.0,0.0,10,129.5,0.0,0,279.0,0.0,0.0,0.0,0.0,0.0,6
2023-05-09 21:17:21,l2401-P-7700,l2401-P-7700,279.0,0.0,0.0,0.0,1,130.0,0.0,0,279.0,0.0,0.0,0.0,0.0,0.0,6
2023-05-09 21:17:21,l2401-P-7700,l2401-P-7700,279.0,0.0,0.0,0.0,10,130.5,0.0,0,279.0,0.0,0.0,0.0,0.0,0.0,6
2023-05-09 21:17:22,l2401-P-7700,l2401-P-7700,279.0,0.0,0.0,0.0,1,131.0,0.0,0,279.0,0.0,0.0,0.0,0.0,0.0,6
2023-05-09 21:17:22,l2401-P-7700,l2401-P-7700,279.0,0.0,0.0,0.0,10,131.5,0.0,0,279.0,0.0,0.0,0.0,0.0,0.0,6
2023-05-09 21:17:23,l2401-P-7700,l2401-P-7700,279.0,0.0,0.0,0.0,1,132.0,0.0,0,279.0,0.0,0.0,0.0,0.0,0.0,6
2023-05-09 21:17:23,l2401-P-7700,l2401-P-7700,279.0,0.0,0.0,0.0,10,132.5,0.0,0,279.0,0.0,0.0,0.0,0.0,0.0,6
2023-05-09 21:17:24,l2401-P-7700,l2401-P-7700,279.0,0.0,0.0,0.0,1,133.0,0.0,0,279.0,0.0,0.0,0.0,0.0,0.0,6
2023-05-09 21:17:24,l2401-P-7700,l2401-P-7700,279.0,0.0,0.0,0.0,10,133.5,0.0,0,279.0,0.0,0.0,0.0,0.0,0.0,6
2023-05-09 21:17:25,l2401-P-7700,l2401-P-7700,279.0,0.0,0.0,0.0,1,134.0,0.0,0,279.0,0.0,0.0,0.0,0.0,0.0,6
2023-05-09 21:17:25,l2401-P-7700,l2401-P-7700,279.0,0.0,0.0,0.0,10,134.5,0.0,0,279.0,0.0,0.0,0.0,0.0,0.0,6
2023-05-09 21:17:26,l2401-P-7700,l2401-P-7700,279.0,0.0,0.0,0.0,1,135.0,0.0,0,279.0,0.0,0.0,0.0,0.0,0.0,6
2023-05-09 21:17:26,l2401-P-7700,l2401-P-7700,279.0,0.0,0.0,0.0,10,135.5,0.0,0,279.0,0.0,0.0,0.0,0.0,0.0,6
2023-05-09 21:17:27,l2401-P-7700,l2401-P-7700,279.0,0.0,0.0,0.0,1,136.0,0.0,0,279.0,0.0,0.0,0.0,0.0,0.0,6
2023-05-09 21:17:27,l2401-P-7700,l2401-P-7700,279.0,0.0,0.0,0.0,10,136.5,0.0,0,279.0,0.0,0.0,0.0,0.0,0.0,6
2023-05-09 21:17:28,l2401-P-7700,l2401-P-7700,279.0,0.0,0.0,0.0,1,137.0,0.0,0,279.0,0.0,0.0,0.0,0.0,0.0,6
2023-05-09 21:17:28,l2401-P-7700,l2401-P-7700,279.0,0.0,0.0,0.0,10,137.5,0.0,0,279.0,0.0,0.0,0.0,0.0,0.0,6
2023-05-09 21:17:30,l2401-P-7700,l2401-P-7700,279.0,0.0,0.0,0.0,1,138.0,0.0,0,279.0,0.0,0.0,0.0,0.0,0.0,6
2023-05-09 21:17:30,l2401-P-7700,l2401-P-7700,279.0,0.0,0.0,0.0,10,138.5,0.0,0,279.0,0.0,0.0,0.0,0.0,0.0,6
2023-05-09 21:17:32,l2401-P-7700,l2401-P-7700,279.0,0.0,0.0,0.0,1,139.0,0.0,0,279.0,0.0,0.0,0.0,0.0,0.0,6
2023-05-09 21:17:32,l2401-P-7700,l2401-P-7700,279.0,0.0,0.0,0.0,10,139.5,0.0,0,279.0,0.0,0.0,0.0,0.0,0.0,6
2023-05-09 21:31:24,l2401-P-7700,l2401-P-7700,279.0,0.0,0.0,0.0,1,140.0,0.0,0,279.0,0.0,0.0,0.0,0.0,0.0,6
2023-05-09 21:31:24,l2401-P-7700,l2401-P-7700,279.0,0.0,0.0,0.0,10,140.5,0.0,0,279.0,0.0,0.0,0.0,0.0,0.0,6
2023-05-09 22:27:03,l2401-P-7700,l2401-P-7700,279.0,0.0,0.0,0.0,1,141.0,0.0,0,279.0,0.0,0.0,0.0,0.0,0.0,6
2023-05-09 22:27:03,l2401-P-7700,l2401-P-7700,279.0,0.0,0.0,0.0,10,141.5,0.0,0,279.0,0.0,0.0,0.0,0.0,0.0,6
2023-05-09 22:56:58,l2401-P-7700,l2401-P-7700,279.0,0.0,0.0,0.0,1,141.0,0.0,0,279.0,0.0,0.0,0.0,0.0,0.0,6
2023-05-09 22:57:37,l2401-P-7700,l2401-P-7700,279.0,0.0,0.0,0.0,1,43.0,0.0,0,279.0,0.0,0.0,0.0,0.0,0.0,6
2023-05-09 22:59:04,l2401-P-7700,l2401-P-7700,279.0,0.0,0.0,0.0,1,3.5,0.0,0,279.0,0.0,0.0,0.0,0.0,0.0,6
2023-05-09 22:59:11,l2401-P-7700,l2401-P-7700,279.0,0.0,0.0,0.0,10,4.0,0.0,0,279.0,0.0,0.0,0.0,0.0,0.0,6
2023-05-09 22:59:55,l2401-P-7700,l2401-P-7700,279.0,0.0,0.0,0.0,1,3.5,0.0,0,279.0,0.0,0.0,0.0,0.0,0.0,6
2023-05-10 09:00:14,l2401-P-7700,l2401-P-7700,279.0,0.0,0.0,0.0,10,4.0,0.0,0,279.0,0.0,0.0,0.0,0.0,0.0,6
2023-05-10 09:00:59,l2401-P-7700,l2401-P-7700,279.0,0.0,0.0,0.0,1,35.5,0.0,0,279.0,0.0,0.0,0.0,0.0,0.0,6
2023-05-10 09:00:59,l2401-P-7700,l2401-P-7700,279.0,0.0,0.0,0.0,10,36.0,0.0,0,279.0,0.0,0.0,0.0,0.0,0.0,6
2023-05-10 09:01:31,l2401-P-7700,l2401-P-7700,279.0,0.0,0.0,0.0,1,36.5,0.0,0,279.0,0.0,0.0,0.0,0.0,0.0,6
2023-05-10 09:01:31,l2401-P-7700,l2401-P-7700,279.0,0.0,0.0,0.0,10,37.0,0.0,0,279.0,0.0,0.0,0.0,0.0,0.0,6
2023-05-10 09:02:40,l2401-P-7700,l2401-P-7700,279.0,0.0,0.0,0.0,1,37.5,0.0,0,279.0,0.0,0.0,0.0,0.0,0.0,6
2023-05-10 09:02:40,l2401-P-7700,l2401-P-7700,279.0,0.0,0.0,0.0,10,38.0,0.0,0,279.0,0.0,0.0,0.0,0.0,0.0,6
2023-05-10 09:10:12,l2401-P-7700,l2401-P-7700,279.0,0.0,0.0,0.0,1,38.5,0.0,0,279.0,0.0,0.0,0.0,0.0,0.0,6
2023-05-10 09:10:12,l2401-P-7700,l2401-P-7700,279.0,0.0,0.0,0.0,10,39.0,0.0,0,279.0,0.0,0.0,0.0,0.0,0.0,6
2023-05-10 09:10:29,l2401-P-7700,l2401-P-7700,279.0,0.0,0.0,0.0,1,39.5,0.0,0,279.0,0.0,0.0,0.0,0.0,0.0,6
2023-05-10 09:10:29,l2401-P-7700,l2401-P-7700,279.0,0.0,0.0,0.0,10,40.0,0.0,0,279.0,0.0,0.0,0.0,0.0,0.0,6
2023-05-10 09:10:34,l2401-P-7700,l2401-P-7700,279.0,0.0,0.0,0.0,1,40.5,0.0,0,279.0,0.0,0.0,0.0,0.0,0.0,6
2023-05-10 09:10:34,l2401-P-7700,l2401-P-7700,279.0,0.0,0.0,0.0,10,41.0,0.0,0,279.0,0.0,0.0,0.0,0.0,0.0,6
2023-05-10 09:10:43,l2401-P-7700,l2401-P-7700,279.0,0.0,0.0,0.0,1,41.5,0.0,0,279.0,0.0,0.0,0.0,0.0,0.0,6
2023-05-10 09:10:43,l2401-P-7700,l2401-P-7700,279.0,0.0,0.0,0.0,10,42.0,0.0,0,279.0,0.0,0.0,0.0,0.0,0.0,6
2023-05-10 09:10:47,l2401-P-7700,l2401-P-7700,279.0,0.0,0.0,0.0,1,42.5,0.0,0,279.0,0.0,0.0,0.0,0.0,0.0,6
2023-05-10 09:10:47,l2401-P-7700,l2401-P-7700,279.0,0.0,0.0,0.0,10,43.0,0.0,0,279.0,0.0,0.0,0.0,0.0,0.0,6
2023-05-10 09:10:50,l2401-P-7700,l2401-P-7700,279.0,0.0,0.0,0.0,1,43.5,0.0,0,279.0,0.0,0.0,0.0,0.0,0.0,6
2023-05-10 09:10:50,l2401-P-7700,l2401-P-7700,279.0,0.0,0.0,0.0,10,44.0,0.0,0,279.0,0.0,0.0,0.0,0.0,0.0,6
2023-05-10 09:10:51,l2401-P-7700,l2401-P-7700,279.0,0.0,0.0,0.0,1,44.5,0.0,0,279.0,0.0,0.0,0.0,0.0,0.0,6
2023-05-10 09:10:51,l2401-P-7700,l2401-P-7700,279.0,0.0,0.0,0.0,10,45.0,0.0,0,279.0,0.0,0.0,0.0,0.0,0.0,6
2023-05-10 09:10:53,l2401-P-7700,l2401-P-7700,279.0,0.0,0.0,0.0,1,45.5,0.0,0,279.0,0.0,0.0,0.0,0.0,0.0,6
2023-05-10 09:10:53,l2401-P-7700,l2401-P-7700,279.0,0.0,0.0,0.0,10,46.0,0.0,0,279.0,0.0,0.0,0.0,0.0,0.0,6
2023-05-10 09:10:55,l2401-P-7700,l2401-P-7700,279.0,0.0,0.0,0.0,1,46.5,0.0,0,279.0,0.0,0.0,0.0,0.0,0.0,6
2023-05-10 09:10:55,l2401-P-7700,l2401-P-7700,279.0,0.0,0.0,0.0,10,47.0,0.0,0,279.0,0.0,0.0,0.0,0.0,0.0,6
2023-05-10 09:10:56,l2401-P-7700,l2401-P-7700,279.0,0.0,0.0,0.0,1,47.5,0.0,0,279.0,0.0,0.0,0.0,0.0,0.0,6
2023-05-10 09:10:56,l2401-P-7700,l2401-P-7700,279.0,0.0,0.0,0.0,10,48.0,0.0,0,279.0,0.0,0.0,0.0,0.0,0.0,6
2023-05-10 09:10:58,l2401-P-7700,l2401-P-7700,279.0,0.0,0.0,0.0,1,48.5,0.0,0,279.0,0.0,0.0,0.0,0.0,0.0,6
2023-05-10 09:10:58,l2401-P-7700,l2401-P-7700,279.0,0.0,0.0,0.0,10,49.0,0.0,0,279.0,0.0,0.0,0.0,0.0,0.0,6
2023-05-10 09:10:59,l2401-P-7700,l2401-P-7700,279.0,0.0,0.0,0.0,1,49.5,0.0,0,279.0,0.0,0.0,0.0,0.0,0.0,6
2023-05-10 09:10:59,l2401-P-7700,l2401-P-7700,279.0,0.0,0.0,0.0,10,50.0,0.0,0,279.0,0.0,0.0,0.0,0.0,0.0,6
2023-05-10 09:11:01,l2401-P-7700,l2401-P-7700,279.0,0.0,0.0,0.0,1,50.5,0.0,0,279.0,0.0,0.0,0.0,0.0,0.0,6
2023-05-10 09:11:01,l2401-P-7700,l2401-P-7700,279.0,0.0,0.0,0.0,10,51.0,0.0,0,279.0,0.0,0.0,0.0,0.0,0.0,6
2023-05-10 09:11:02,l2401-P-7700,l2401-P-7700,279.0,0.0,0.0,0.0,1,51.5,0.0,0,279.0,0.0,0.0,0.0,0.0,0.0,6
2023-05-10 09:11:02,l2401-P-7700,l2401-P-7700,279.0,0.0,0.0,0.0,10,52.0,0.0,0,279.0,0.0,0.0,0.0,0.0,0.0,6
2023-05-10 09:11:04,l2401-P-7700,l2401-P-7700,279.0,0.0,0.0,0.0,1,52.5,0.0,0,279.0,0.0,0.0,0.0,0.0,0.0,6
2023-05-10 09:11:04,l2401-P-7700,l2401-P-7700,279.0,0.0,0.0,0.0,10,53.0,0.0,0,279.0,0.0,0.0,0.0,0.0,0.0,6
2023-05-10 09:11:05,l2401-P-7700,l2401-P-7700,279.0,0.0,0.0,0.0,1,53.5,0.0,0,279.0,0.0,0.0,0.0,0.0,0.0,6
2023-05-10 09:11:05,l2401-P-7700,l2401-P-7700,279.0,0.0,0.0,0.0,10,54.0,0.0,0,279.0,0.0,0.0,0.0,0.0,0.0,6
2023-05-10 09:11:07,l2401-P-7700,l2401-P-7700,279.0,0.0,0.0,0.0,1,54.5,0.0,0,279.0,0.0,0.0,0.0,0.0,0.0,6
2023-05-10 09:11:07,l2401-P-7700,l2401-P-7700,279.0,0.0,0.0,0.0,10,55.0,0.0,0,279.0,0.0,0.0,0.0,0.0,0.0,6
2023-05-10 09:11:08,l2401-P-7700,l2401-P-7700,279.0,0.0,0.0,0.0,1,55.5,0.0,0,279.0,0.0,0.0,0.0,0.0,0.0,6
2023-05-10 09:11:08,l2401-P-7700,l2401-P-7700,279.0,0.0,0.0,0.0,10,56.0,0.0,0,279.0,0.0,0.0,0.0,0.0,0.0,6
2023-05-10 09:11:10,l2401-P-7700,l2401-P-7700,279.0,0.0,0.0,0.0,1,56.5,0.0,0,279.0,0.0,0.0,0.0,0.0,0.0,6
2023-05-10 09:11:10,l2401-P-7700,l2401-P-7700,279.0,0.0,0.0,0.0,10,57.0,0.0,0,279.0,0.0,0.0,0.0,0.0,0.0,6
2023-05-10 09:11:11,l2401-P-7700,l2401-P-7700,279.0,0.0,0.0,0.0,1,57.5,0.0,0,279.0,0.0,0.0,0.0,0.0,0.0,6
2023-05-10 09:11:11,l2401-P-7700,l2401-P-7700,279.0,0.0,0.0,0.0,10,58.0,0.0,0,279.0,0.0,0.0,0.0,0.0,0.0,6
2023-05-10 09:11:13,l2401-P-7700,l2401-P-7700,279.0,0.0,0.0,0.0,1,58.5,0.0,0,279.0,0.0,0.0,0.0,0.0,0.0,6
2023-05-10 09:11:13,l2401-P-7700,l2401-P-7700,279.0,0.0,0.0,0.0,10,59.0,0.0,0,279.0,0.0,0.0,0.0,0.0,0.0,6
2023-05-10 09:11:14,l2401-P-7700,l2401-P-7700,279.0,0.0,0.0,0.0,1,59.5,0.0,0,279.0,0.0,0.0,0.0,0.0,0.0,6
2023-05-10 09:11:14,l2401-P-7700,l2401-P-7700,279.0,0.0,0.0,0.0,10,60.0,0.0,0,279.0,0.0,0.0,0.0,0.0,0.0,6
2023-05-10 09:11:16,l2401-P-7700,l2401-P-7700,279.0,0.0,0.0,0.0,1,60.5,0.0,0,279.0,0.0,0.0,0.0,0.0,0.0,6
2023-05-10 09:11:16,l2401-P-7700,l2401-P-7700,279.0,0.0,0.0,0.0,10,61.0,0.0,0,279.0,0.0,0.0,0.0,0.0,0.0,6
2023-05-10 09:11:17,l2401-P-7700,l2401-P-7700,279.0,0.0,0.0,0.0,1,61.5,0.0,0,279.0,0.0,0.0,0.0,0.0,0.0,6
2023-05-10 09:11:17,l2401-P-7700,l2401-P-7700,279.0,0.0,0.0,0.0,10,62.0,0.0,0,279.0,0.0,0.0,0.0,0.0,0.0,6
2023-05-10 09:11:19,l2401-P-7700,l2401-P-7700,279.0,0.0,0.0,0.0,1,62.5,0.0,0,279.0,0.0,0.0,0.0,0.0,0.0,6
2023-05-10 09:11:19,l2401-P-7700,l2401-P-7700,279.0,0.0,0.0,0.0,10,63.0,0.0,0,279.0,0.0,0.0,0.0,0.0,0.0,6
2023-05-10 09:11:20,l2401-P-7700,l2401-P-7700,279.0,0.0,0.0,0.0,1,63.5,0.0,0,279.0,0.0,0.0,0.0,0.0,0.0,6
2023-05-10 09:11:20,l2401-P-7700,l2401-P-7700,279.0,0.0,0.0,0.0,10,64.0,0.0,0,279.0,0.0,0.0,0.0,0.0,0.0,6
2023-05-10 09:11:22,l2401-P-7700,l2401-P-7700,279.0,0.0,0.0,0.0,1,64.5,0.0,0,279.0,0.0,0.0,0.0,0.0,0.0,6
2023-05-10 09:11:22,l2401-P-7700,l2401-P-7700,279.0,0.0,0.0,0.0,10,65.0,0.0,0,279.0,0.0,0.0,0.0,0.0,0.0,6
2023-05-10 09:11:23,l2401-P-7700,l2401-P-7700,279.0,0.0,0.0,0.0,1,65.5,0.0,0,279.0,0.0,0.0,0.0,0.0,0.0,6
2023-05-10 09:11:23,l2401-P-7700,l2401-P-7700,279.0,0.0,0.0,0.0,10,66.0,0.0,0,279.0,0.0,0.0,0.0,0.0,0.0,6
2023-05-10 09:11:25,l2401-P-7700,l2401-P-7700,279.0,0.0,0.0,0.0,1,66.5,0.0,0,279.0,0.0,0.0,0.0,0.0,0.0,6
2023-05-10 09:11:25,l2401-P-7700,l2401-P-7700,279.0,0.0,0.0,0.0,10,67.0,0.0,0,279.0,0.0,0.0,0.0,0.0,0.0,6
2023-05-10 09:11:26,l2401-P-7700,l2401-P-7700,279.0,0.0,0.0,0.0,1,67.5,0.0,0,279.0,0.0,0.0,0.0,0.0,0.0,6
2023-05-10 09:11:26,l2401-P-7700,l2401-P-7700,279.0,0.0,0.0,0.0,10,68.0,0.0,0,279.0,0.0,0.0,0.0,0.0,0.0,6
2023-05-10 09:11:28,l2401-P-7700,l2401-P-7700,279.0,0.0,0.0,0.0,1,68.5,0.0,0,279.0,0.0,0.0,0.0,0.0,0.0,6
2023-05-10 09:11:28,l2401-P-7700,l2401-P-7700,279.0,0.0,0.0,0.0,10,69.0,0.0,0,279.0,0.0,0.0,0.0,0.0,0.0,6
2023-05-10 09:11:29,l2401-P-7700,l2401-P-7700,279.0,0.0,0.0,0.0,1,69.5,0.0,0,279.0,0.0,0.0,0.0,0.0,0.0,6
2023-05-10 09:11:29,l2401-P-7700,l2401-P-7700,279.0,0.0,0.0,0.0,10,70.0,0.0,0,279.0,0.0,0.0,0.0,0.0,0.0,6
2023-05-10 09:11:30,l2401-P-7700,l2401-P-7700,279.0,0.0,0.0,0.0,1,70.5,0.0,0,279.0,0.0,0.0,0.0,0.0,0.0,6
2023-05-10 09:11:30,l2401-P-7700,l2401-P-7700,279.0,0.0,0.0,0.0,10,71.0,0.0,0,279.0,0.0,0.0,0.0,0.0,0.0,6
2023-05-10 09:11:32,l2401-P-7700,l2401-P-7700,279.0,0.0,0.0,0.0,1,71.5,0.0,0,279.0,0.0,0.0,0.0,0.0,0.0,6
2023-05-10 09:11:32,l2401-P-7700,l2401-P-7700,279.0,0.0,0.0,0.0,10,72.0,0.0,0,279.0,0.0,0.0,0.0,0.0,0.0,6
2023-05-10 09:11:33,l2401-P-7700,l2401-P-7700,279.0,0.0,0.0,0.0,1,72.5,0.0,0,279.0,0.0,0.0,0.0,0.0,0.0,6
2023-05-10 09:11:33,l2401-P-7700,l2401-P-7700,279.0,0.0,0.0,0.0,10,73.0,0.0,0,279.0,0.0,0.0,0.0,0.0,0.0,6
2023-05-10 09:11:34,l2401-P-7700,l2401-P-7700,279.0,0.0,0.0,0.0,1,73.5,0.0,0,279.0,0.0,0.0,0.0,0.0,0.0,6
2023-05-10 09:11:34,l2401-P-7700,l2401-P-7700,279.0,0.0,0.0,0.0,10,74.0,0.0,0,279.0,0.0,0.0,0.0,0.0,0.0,6
2023-05-10 09:11:36,l2401-P-7700,l2401-P-7700,279.0,0.0,0.0,0.0,1,74.5,0.0,0,279.0,0.0,0.0,0.0,0.0,0.0,6
2023-05-10 09:11:36,l2401-P-7700,l2401-P-7700,279.0,0.0,0.0,0.0,10,75.0,0.0,0,279.0,0.0,0.0,0.0,0.0,0.0,6
2023-05-10 09:11:38,l2401-P-7700,l2401-P-7700,279.0,0.0,0.0,0.0,1,75.5,0.0,0,279.0,0.0,0.0,0.0,0.0,0.0,6
2023-05-10 09:11:38,l2401-P-7700,l2401-P-7700,279.0,0.0,0.0,0.0,10,76.0,0.0,0,279.0,0.0,0.0,0.0,0.0,0.0,6
2023-05-10 09:11:40,l2401-P-7700,l2401-P-7700,279.0,0.0,0.0,0.0,1,76.5,0.0,0,279.0,0.0,0.0,0.0,0.0,0.0,6
2023-05-10 09:11:40,l2401-P-7700,l2401-P-7700,279.0,0.0,0.0,0.0,10,77.0,0.0,0,279.0,0.0,0.0,0.0,0.0,0.0,6
2023-05-10 09:11:41,l2401-P-7700,l2401-P-7700,279.0,0.0,0.0,0.0,1,77.5,0.0,0,279.0,0.0,0.0,0.0,0.0,0.0,6
2023-05-10 09:11:41,l2401-P-7700,l2401-P-7700,279.0,0.0,0.0,0.0,10,78.0,0.0,0,279.0,0.0,0.0,0.0,0.0,0.0,6
2023-05-10 09:11:43,l2401-P-7700,l2401-P-7700,279.0,0.0,0.0,0.0,1,78.5,0.0,0,279.0,0.0,0.0,0.0,0.0,0.0,6
2023-05-10 09:11:43,l2401-P-7700,l2401-P-7700,279.0,0.0,0.0,0.0,10,79.0,0.0,0,279.0,0.0,0.0,0.0,0.0,0.0,6
2023-05-10 09:11:44,l2401-P-7700,l2401-P-7700,279.0,0.0,0.0,0.0,1,79.5,0.0,0,279.0,0.0,0.0,0.0,0.0,0.0,6
2023-05-10 09:11:44,l2401-P-7700,l2401-P-7700,279.0,0.0,0.0,0.0,10,80.0,0.0,0,279.0,0.0,0.0,0.0,0.0,0.0,6
2023-05-10 09:11:46,l2401-P-7700,l2401-P-7700,279.0,0.0,0.0,0.0,1,80.5,0.0,0,279.0,0.0,0.0,0.0,0.0,0.0,6
2023-05-10 09:11:46,l2401-P-7700,l2401-P-7700,279.0,0.0,0.0,0.0,10,81.0,0.0,0,279.0,0.0,0.0,0.0,0.0,0.0,6
2023-05-10 09:11:47,l2401-P-7700,l2401-P-7700,279.0,0.0,0.0,0.0,1,81.5,0.0,0,279.0,0.0,0.0,0.0,0.0,0.0,6
2023-05-10 09:11:47,l2401-P-7700,l2401-P-7700,279.0,0.0,0.0,0.0,10,82.0,0.0,0,279.0,0.0,0.0,0.0,0.0,0.0,6
2023-05-10 09:11:48,l2401-P-7700,l2401-P-7700,279.0,0.0,0.0,0.0,1,82.5,0.0,0,279.0,0.0,0.0,0.0,0.0,0.0,6
2023-05-10 09:11:48,l2401-P-7700,l2401-P-7700,279.0,0.0,0.0,0.0,10,83.0,0.0,0,279.0,0.0,0.0,0.0,0.0,0.0,6
2023-05-10 09:11:50,l2401-P-7700,l2401-P-7700,279.0,0.0,0.0,0.0,1,83.5,0.0,0,279.0,0.0,0.0,0.0,0.0,0.0,6
2023-05-10 09:11:50,l2401-P-7700,l2401-P-7700,279.0,0.0,0.0,0.0,10,84.0,0.0,0,279.0,0.0,0.0,0.0,0.0,0.0,6
2023-05-10 09:11:51,l2401-P-7700,l2401-P-7700,279.0,0.0,0.0,0.0,1,84.5,0.0,0,279.0,0.0,0.0,0.0,0.0,0.0,6
2023-05-10 09:11:51,l2401-P-7700,l2401-P-7700,279.0,0.0,0.0,0.0,10,85.0,0.0,0,279.0,0.0,0.0,0.0,0.0,0.0,6
2023-05-10 09:11:53,l2401-P-7700,l2401-P-7700,279.0,0.0,0.0,0.0,1,85.5,0.0,0,279.0,0.0,0.0,0.0,0.0,0.0,6
2023-05-10 09:11:53,l2401-P-7700,l2401-P-7700,279.0,0.0,0.0,0.0,10,86.0,0.0,0,279.0,0.0,0.0,0.0,0.0,0.0,6
2023-05-10 09:11:54,l2401-P-7700,l2401-P-7700,279.0,0.0,0.0,0.0,1,86.5,0.0,0,279.0,0.0,0.0,0.0,0.0,0.0,6
2023-05-10 09:11:54,l2401-P-7700,l2401-P-7700,279.0,0.0,0.0,0.0,10,87.0,0.0,0,279.0,0.0,0.0,0.0,0.0,0.0,6
2023-05-10 09:11:55,l2401-P-7700,l2401-P-7700,279.0,0.0,0.0,0.0,1,87.5,0.0,0,279.0,0.0,0.0,0.0,0.0,0.0,6
2023-05-10 09:11:55,l2401-P-7700,l2401-P-7700,279.0,0.0,0.0,0.0,10,88.0,0.0,0,279.0,0.0,0.0,0.0,0.0,0.0,6
2023-05-10 09:11:57,l2401-P-7700,l2401-P-7700,279.0,0.0,0.0,0.0,1,88.5,0.0,0,279.0,0.0,0.0,0.0,0.0,0.0,6
2023-05-10 09:11:57,l2401-P-7700,l2401-P-7700,279.0,0.0,0.0,0.0,10,89.0,0.0,0,279.0,0.0,0.0,0.0,0.0,0.0,6
2023-05-10 09:11:58,l2401-P-7700,l2401-P-7700,279.0,0.0,0.0,0.0,1,89.5,0.0,0,279.0,0.0,0.0,0.0,0.0,0.0,6
2023-05-10 09:11:58,l2401-P-7700,l2401-P-7700,279.0,0.0,0.0,0.0,10,90.0,0.0,0,279.0,0.0,0.0,0.0,0.0,0.0,6
2023-05-10 09:11:59,l2401-P-7700,l2401-P-7700,279.0,0.0,0.0,0.0,1,90.5,0.0,0,279.0,0.0,0.0,0.0,0.0,0.0,6
2023-05-10 09:11:59,l2401-P-7700,l2401-P-7700,279.0,0.0,0.0,0.0,10,91.0,0.0,0,279.0,0.0,0.0,0.0,0.0,0.0,6
2023-05-10 09:12:00,l2401-P-7700,l2401-P-7700,279.0,0.0,0.0,0.0,1,91.5,0.0,0,279.0,0.0,0.0,0.0,0.0,0.0,6
2023-05-10 09:12:00,l2401-P-7700,l2401-P-7700,279.0,0.0,0.0,0.0,10,92.0,0.0,0,279.0,0.0,0.0,0.0,0.0,0.0,6
2023-05-10 09:12:02,l2401-P-7700,l2401-P-7700,279.0,0.0,0.0,0.0,1,92.5,0.0,0,279.0,0.0,0.0,0.0,0.0,0.0,6
2023-05-10 09:12:02,l2401-P-7700,l2401-P-7700,279.0,0.0,0.0,0.0,10,93.0,0.0,0,279.0,0.0,0.0,0.0,0.0,0.0,6
2023-05-10 09:12:03,l2401-P-7700,l2401-P-7700,279.0,0.0,0.0,0.0,1,93.5,0.0,0,279.0,0.0,0.0,0.0,0.0,0.0,6
2023-05-10 09:12:03,l2401-P-7700,l2401-P-7700,279.0,0.0,0.0,0.0,10,94.0,0.0,0,279.0,0.0,0.0,0.0,0.0,0.0,6
2023-05-10 09:12:04,l2401-P-7700,l2401-P-7700,279.0,0.0,0.0,0.0,1,94.5,0.0,0,279.0,0.0,0.0,0.0,0.0,0.0,6
2023-05-10 09:12:04,l2401-P-7700,l2401-P-7700,279.0,0.0,0.0,0.0,10,95.0,0.0,0,279.0,0.0,0.0,0.0,0.0,0.0,6
2023-05-10 09:12:06,l2401-P-7700,l2401-P-7700,279.0,0.0,0.0,0.0,1,95.5,0.0,0,279.0,0.0,0.0,0.0,0.0,0.0,6
2023-05-10 09:12:06,l2401-P-7700,l2401-P-7700,279.0,0.0,0.0,0.0,10,96.0,0.0,0,279.0,0.0,0.0,0.0,0.0,0.0,6
2023-05-10 09:12:07,l2401-P-7700,l2401-P-7700,279.0,0.0,0.0,0.0,1,96.5,0.0,0,279.0,0.0,0.0,0.0,0.0,0.0,6
2023-05-10 09:12:07,l2401-P-7700,l2401-P-7700,279.0,0.0,0.0,0.0,10,97.0,0.0,0,279.0,0.0,0.0,0.0,0.0,0.0,6
2023-05-10 09:12:08,l2401-P-7700,l2401-P-7700,279.0,0.0,0.0,0.0,1,97.5,0.0,0,279.0,0.0,0.0,0.0,0.0,0.0,6
2023-05-10 09:12:08,l2401-P-7700,l2401-P-7700,279.0,0.0,0.0,0.0,10,98.0,0.0,0,279.0,0.0,0.0,0.0,0.0,0.0,6
2023-05-10 09:12:10,l2401-P-7700,l2401-P-7700,279.0,0.0,0.0,0.0,1,98.5,0.0,0,279.0,0.0,0.0,0.0,0.0,0.0,6
2023-05-10 09:12:10,l2401-P-7700,l2401-P-7700,279.0,0.0,0.0,0.0,10,99.0,0.0,0,279.0,0.0,0.0,0.0,0.0,0.0,6
2023-05-10 09:12:11,l2401-P-7700,l2401-P-7700,279.0,0.0,0.0,0.0,1,99.5,0.0,0,279.0,0.0,0.0,0.0,0.0,0.0,6
2023-05-10 09:12:11,l2401-P-7700,l2401-P-7700,279.0,0.0,0.0,0.0,10,100.0,0.0,0,279.0,0.0,0.0,0.0,0.0,0.0,6
2023-05-10 09:12:12,l2401-P-7700,l2401-P-7700,279.0,0.0,0.0,0.0,1,100.5,0.0,0,279.0,0.0,0.0,0.0,0.0,0.0,6
2023-05-10 09:12:12,l2401-P-7700,l2401-P-7700,279.0,0.0,0.0,0.0,10,101.0,0.0,0,279.0,0.0,0.0,0.0,0.0,0.0,6
2023-05-10 09:12:14,l2401-P-7700,l2401-P-7700,279.0,0.0,0.0,0.0,1,101.5,0.0,0,279.0,0.0,0.0,0.0,0.0,0.0,6
2023-05-10 09:12:14,l2401-P-7700,l2401-P-7700,279.0,0.0,0.0,0.0,10,102.0,0.0,0,279.0,0.0,0.0,0.0,0.0,0.0,6
2023-05-10 09:12:15,l2401-P-7700,l2401-P-7700,279.0,0.0,0.0,0.0,1,102.5,0.0,0,279.0,0.0,0.0,0.0,0.0,0.0,6
2023-05-10 09:12:15,l2401-P-7700,l2401-P-7700,279.0,0.0,0.0,0.0,10,103.0,0.0,0,279.0,0.0,0.0,0.0,0.0,0.0,6
2023-05-10 09:12:16,l2401-P-7700,l2401-P-7700,279.0,0.0,0.0,0.0,1,103.5,0.0,0,279.0,0.0,0.0,0.0,0.0,0.0,6
2023-05-10 09:12:16,l2401-P-7700,l2401-P-7700,279.0,0.0,0.0,0.0,10,104.0,0.0,0,279.0,0.0,0.0,0.0,0.0,0.0,6
2023-05-10 09:12:17,l2401-P-7700,l2401-P-7700,279.0,0.0,0.0,0.0,1,104.5,0.0,0,279.0,0.0,0.0,0.0,0.0,0.0,6
2023-05-10 09:12:17,l2401-P-7700,l2401-P-7700,279.0,0.0,0.0,0.0,10,105.0,0.0,0,279.0,0.0,0.0,0.0,0.0,0.0,6
2023-05-10 09:12:18,l2401-P-7700,l2401-P-7700,279.0,0.0,0.0,0.0,1,105.5,0.0,0,279.0,0.0,0.0,0.0,0.0,0.0,6
2023-05-10 09:12:18,l2401-P-7700,l2401-P-7700,279.0,0.0,0.0,0.0,10,106.0,0.0,0,279.0,0.0,0.0,0.0,0.0,0.0,6
2023-05-10 09:12:19,l2401-P-7700,l2401-P-7700,279.0,0.0,0.0,0.0,1,106.5,0.0,0,279.0,0.0,0.0,0.0,0.0,0.0,6
2023-05-10 09:12:19,l2401-P-7700,l2401-P-7700,279.0,0.0,0.0,0.0,10,107.0,0.0,0,279.0,0.0,0.0,0.0,0.0,0.0,6
2023-05-10 09:12:20,l2401-P-7700,l2401-P-7700,279.0,0.0,0.0,0.0,1,107.5,0.0,0,279.0,0.0,0.0,0.0,0.0,0.0,6
2023-05-10 09:12:20,l2401-P-7700,l2401-P-7700,279.0,0.0,0.0,0.0,10,108.0,0.0,0,279.0,0.0,0.0,0.0,0.0,0.0,6
2023-05-10 09:12:21,l2401-P-7700,l2401-P-7700,279.0,0.0,0.0,0.0,1,108.5,0.0,0,279.0,0.0,0.0,0.0,0.0,0.0,6
2023-05-10 09:12:21,l2401-P-7700,l2401-P-7700,279.0,0.0,0.0,0.0,10,109.0,0.0,0,279.0,0.0,0.0,0.0,0.0,0.0,6
2023-05-10 09:12:22,l2401-P-7700,l2401-P-7700,279.0,0.0,0.0,0.0,1,109.5,0.0,0,279.0,0.0,0.0,0.0,0.0,0.0,6
2023-05-10 09:12:22,l2401-P-7700,l2401-P-7700,279.0,0.0,0.0,0.0,10,110.0,0.0,0,279.0,0.0,0.0,0.0,0.0,0.0,6
2023-05-10 09:12:23,l2401-P-7700,l2401-P-7700,279.0,0.0,0.0,0.0,1,110.5,0.0,0,279.0,0.0,0.0,0.0,0.0,0.0,6
2023-05-10 09:12:23,l2401-P-7700,l2401-P-7700,279.0,0.0,0.0,0.0,10,111.0,0.0,0,279.0,0.0,0.0,0.0,0.0,0.0,6
2023-05-10 09:12:25,l2401-P-7700,l2401-P-7700,279.0,0.0,0.0,0.0,1,111.5,0.0,0,279.0,0.0,0.0,0.0,0.0,0.0,6
2023-05-10 09:12:25,l2401-P-7700,l2401-P-7700,279.0,0.0,0.0,0.0,10,112.0,0.0,0,279.0,0.0,0.0,0.0,0.0,0.0,6
2023-05-10 09:12:26,l2401-P-7700,l2401-P-7700,279.0,0.0,0.0,0.0,1,112.5,0.0,0,279.0,0.0,0.0,0.0,0.0,0.0,6
2023-05-10 09:12:26,l2401-P-7700,l2401-P-7700,279.0,0.0,0.0,0.0,10,113.0,0.0,0,279.0,0.0,0.0,0.0,0.0,0.0,6
2023-05-10 09:12:27,l2401-P-7700,l2401-P-7700,279.0,0.0,0.0,0.0,1,113.5,0.0,0,279.0,0.0,0.0,0.0,0.0,0.0,6
2023-05-10 09:12:27,l2401-P-7700,l2401-P-7700,279.0,0.0,0.0,0.0,10,114.0,0.0,0,279.0,0.0,0.0,0.0,0.0,0.0,6
2023-05-10 09:12:28,l2401-P-7700,l2401-P-7700,279.0,0.0,0.0,0.0,1,114.5,0.0,0,279.0,0.0,0.0,0.0,0.0,0.0,6
2023-05-10 09:12:28,l2401-P-7700,l2401-P-7700,279.0,0.0,0.0,0.0,10,115.0,0.0,0,279.0,0.0,0.0,0.0,0.0,0.0,6
2023-05-10 09:12:29,l2401-P-7700,l2401-P-7700,279.0,0.0,0.0,0.0,1,115.5,0.0,0,279.0,0.0,0.0,0.0,0.0,0.0,6
2023-05-10 09:12:29,l2401-P-7700,l2401-P-7700,279.0,0.0,0.0,0.0,10,116.0,0.0,0,279.0,0.0,0.0,0.0,0.0,0.0,6
2023-05-10 09:12:30,l2401-P-7700,l2401-P-7700,279.0,0.0,0.0,0.0,1,116.5,0.0,0,279.0,0.0,0.0,0.0,0.0,0.0,6
2023-05-10 09:12:30,l2401-P-7700,l2401-P-7700,279.0,0.0,0.0,0.0,10,117.0,0.0,0,279.0,0.0,0.0,0.0,0.0,0.0,6
2023-05-10 09:12:31,l2401-P-7700,l2401-P-7700,279.0,0.0,0.0,0.0,1,117.5,0.0,0,279.0,0.0,0.0,0.0,0.0,0.0,6
2023-05-10 09:12:31,l2401-P-7700,l2401-P-7700,279.0,0.0,0.0,0.0,10,118.0,0.0,0,279.0,0.0,0.0,0.0,0.0,0.0,6
2023-05-10 09:12:33,l2401-P-7700,l2401-P-7700,279.0,0.0,0.0,0.0,1,118.5,0.0,0,279.0,0.0,0.0,0.0,0.0,0.0,6
2023-05-10 09:12:33,l2401-P-7700,l2401-P-7700,279.0,0.0,0.0,0.0,10,119.0,0.0,0,279.0,0.0,0.0,0.0,0.0,0.0,6
2023-05-10 09:12:34,l2401-P-7700,l2401-P-7700,279.0,0.0,0.0,0.0,1,119.5,0.0,0,279.0,0.0,0.0,0.0,0.0,0.0,6
2023-05-10 09:12:34,l2401-P-7700,l2401-P-7700,279.0,0.0,0.0,0.0,10,120.0,0.0,0,279.0,0.0,0.0,0.0,0.0,0.0,6
2023-05-10 09:12:35,l2401-P-7700,l2401-P-7700,279.0,0.0,0.0,0.0,1,120.5,0.0,0,279.0,0.0,0.0,0.0,0.0,0.0,6
2023-05-10 09:12:35,l2401-P-7700,l2401-P-7700,279.0,0.0,0.0,0.0,10,121.0,0.0,0,279.0,0.0,0.0,0.0,0.0,0.0,6
2023-05-10 09:12:37,l2401-P-7700,l2401-P-7700,279.0,0.0,0.0,0.0,1,121.5,0.0,0,279.0,0.0,0.0,0.0,0.0,0.0,6
2023-05-10 09:12:37,l2401-P-7700,l2401-P-7700,279.0,0.0,0.0,0.0,10,122.0,0.0,0,279.0,0.0,0.0,0.0,0.0,0.0,6
2023-05-10 09:12:38,l2401-P-7700,l2401-P-7700,279.0,0.0,0.0,0.0,1,122.5,0.0,0,279.0,0.0,0.0,0.0,0.0,0.0,6
2023-05-10 09:12:38,l2401-P-7700,l2401-P-7700,279.0,0.0,0.0,0.0,10,123.0,0.0,0,279.0,0.0,0.0,0.0,0.0,0.0,6
2023-05-10 09:12:39,l2401-P-7700,l2401-P-7700,279.0,0.0,0.0,0.0,1,123.5,0.0,0,279.0,0.0,0.0,0.0,0.0,0.0,6
2023-05-10 09:12:39,l2401-P-7700,l2401-P-7700,279.0,0.0,0.0,0.0,10,124.0,0.0,0,279.0,0.0,0.0,0.0,0.0,0.0,6
2023-05-10 09:12:40,l2401-P-7700,l2401-P-7700,279.0,0.0,0.0,0.0,1,124.5,0.0,0,279.0,0.0,0.0,0.0,0.0,0.0,6
2023-05-10 09:12:40,l2401-P-7700,l2401-P-7700,279.0,0.0,0.0,0.0,10,125.0,0.0,0,279.0,0.0,0.0,0.0,0.0,0.0,6
2023-05-10 09:12:41,l2401-P-7700,l2401-P-7700,279.0,0.0,0.0,0.0,1,125.5,0.0,0,279.0,0.0,0.0,0.0,0.0,0.0,6
2023-05-10 09:12:41,l2401-P-7700,l2401-P-7700,279.0,0.0,0.0,0.0,10,126.0,0.0,0,279.0,0.0,0.0,0.0,0.0,0.0,6
2023-05-10 09:12:43,l2401-P-7700,l2401-P-7700,279.0,0.0,0.0,0.0,1,126.5,0.0,0,279.0,0.0,0.0,0.0,0.0,0.0,6
2023-05-10 09:12:43,l2401-P-7700,l2401-P-7700,279.0,0.0,0.0,0.0,10,127.0,0.0,0,279.0,0.0,0.0,0.0,0.0,0.0,6
2023-05-10 09:12:44,l2401-P-7700,l2401-P-7700,279.0,0.0,0.0,0.0,1,127.5,0.0,0,279.0,0.0,0.0,0.0,0.0,0.0,6
2023-05-10 09:12:44,l2401-P-7700,l2401-P-7700,279.0,0.0,0.0,0.0,10,128.0,0.0,0,279.0,0.0,0.0,0.0,0.0,0.0,6
2023-05-10 09:12:45,l2401-P-7700,l2401-P-7700,279.0,0.0,0.0,0.0,1,128.5,0.0,0,279.0,0.0,0.0,0.0,0.0,0.0,6
2023-05-10 09:12:45,l2401-P-7700,l2401-P-7700,279.0,0.0,0.0,0.0,10,129.0,0.0,0,279.0,0.0,0.0,0.0,0.0,0.0,6
2023-05-10 09:12:46,l2401-P-7700,l2401-P-7700,279.0,0.0,0.0,0.0,1,129.5,0.0,0,279.0,0.0,0.0,0.0,0.0,0.0,6
2023-05-10 09:12:46,l2401-P-7700,l2401-P-7700,279.0,0.0,0.0,0.0,10,130.0,0.0,0,279.0,0.0,0.0,0.0,0.0,0.0,6
2023-05-10 09:12:47,l2401-P-7700,l2401-P-7700,279.0,0.0,0.0,0.0,1,130.5,0.0,0,279.0,0.0,0.0,0.0,0.0,0.0,6
2023-05-10 09:12:47,l2401-P-7700,l2401-P-7700,279.0,0.0,0.0,0.0,10,131.0,0.0,0,279.0,0.0,0.0,0.0,0.0,0.0,6
2023-05-10 09:12:48,l2401-P-7700,l2401-P-7700,279.0,0.0,0.0,0.0,1,131.5,0.0,0,279.0,0.0,0.0,0.0,0.0,0.0,6
2023-05-10 09:12:48,l2401-P-7700,l2401-P-7700,279.0,0.0,0.0,0.0,10,132.0,0.0,0,279.0,0.0,0.0,0.0,0.0,0.0,6
2023-05-10 09:12:49,l2401-P-7700,l2401-P-7700,279.0,0.0,0.0,0.0,1,132.5,0.0,0,279.0,0.0,0.0,0.0,0.0,0.0,6
2023-05-10 09:12:49,l2401-P-7700,l2401-P-7700,279.0,0.0,0.0,0.0,10,133.0,0.0,0,279.0,0.0,0.0,0.0,0.0,0.0,6
2023-05-10 09:12:51,l2401-P-7700,l2401-P-7700,279.0,0.0,0.0,0.0,1,133.5,0.0,0,279.0,0.0,0.0,0.0,0.0,0.0,6
2023-05-10 09:12:51,l2401-P-7700,l2401-P-7700,279.0,0.0,0.0,0.0,10,134.0,0.0,0,279.0,0.0,0.0,0.0,0.0,0.0,6
2023-05-10 09:12:52,l2401-P-7700,l2401-P-7700,279.0,0.0,0.0,0.0,1,134.5,0.0,0,279.0,0.0,0.0,0.0,0.0,0.0,6
2023-05-10 09:12:52,l2401-P-7700,l2401-P-7700,279.0,0.0,0.0,0.0,10,135.0,0.0,0,279.0,0.0,0.0,0.0,0.0,0.0,6
2023-05-10 09:12:53,l2401-P-7700,l2401-P-7700,279.0,0.0,0.0,0.0,1,135.5,0.0,0,279.0,0.0,0.0,0.0,0.0,0.0,6
2023-05-10 09:12:53,l2401-P-7700,l2401-P-7700,279.0,0.0,0.0,0.0,10,136.0,0.0,0,279.0,0.0,0.0,0.0,0.0,0.0,6
2023-05-10 09:12:54,l2401-P-7700,l2401-P-7700,279.0,0.0,0.0,0.0,1,136.5,0.0,0,279.0,0.0,0.0,0.0,0.0,0.0,6
2023-05-10 09:12:54,l2401-P-7700,l2401-P-7700,279.0,0.0,0.0,0.0,10,137.0,0.0,0,279.0,0.0,0.0,0.0,0.0,0.0,6
2023-05-10 09:12:55,l2401-P-7700,l2401-P-7700,279.0,0.0,0.0,0.0,1,137.5,0.0,0,279.0,0.0,0.0,0.0,0.0,0.0,6
2023-05-10 09:12:55,l2401-P-7700,l2401-P-7700,279.0,0.0,0.0,0.0,10,138.0,0.0,0,279.0,0.0,0.0,0.0,0.0,0.0,6
2023-05-10 09:12:56,l2401-P-7700,l2401-P-7700,279.0,0.0,0.0,0.0,1,138.5,0.0,0,279.0,0.0,0.0,0.0,0.0,0.0,6
2023-05-10 09:12:56,l2401-P-7700,l2401-P-7700,279.0,0.0,0.0,0.0,10,139.0,0.0,0,279.0,0.0,0.0,0.0,0.0,0.0,6
2023-05-10 09:12:57,l2401-P-7700,l2401-P-7700,279.0,0.0,0.0,0.0,1,139.5,0.0,0,279.0,0.0,0.0,0.0,0.0,0.0,6
2023-05-10 09:12:57,l2401-P-7700,l2401-P-7700,279.0,0.0,0.0,0.0,10,140.0,0.0,0,279.0,0.0,0.0,0.0,0.0,0.0,6
2023-05-10 09:42:24,l2401-P-7700,l2401-P-7700,279.0,0.0,0.0,0.0,1,140.5,0.0,0,279.0,0.0,0.0,0.0,0.0,0.0,6
2023-05-10 09:42:24,l2401-P-7700,l2401-P-7700,279.0,0.0,0.0,0.0,10,141.0,0.0,0,279.0,0.0,0.0,0.0,0.0,0.0,6
2023-05-10 10:14:32,l2401-P-7700,l2401-P-7700,279.0,0.0,0.0,0.0,1,140.5,0.0,0,279.0,0.0,0.0,0.0,0.0,0.0,6
2023-05-10 10:30:05,l2401-P-7700,l2401-P-7700,279.0,0.0,0.0,0.0,10,141.0,0.0,0,279.0,0.0,0.0,0.0,0.0,0.0,6
2023-05-10 11:00:19,l2401-P-7700,l2401-P-7700,279.0,0.0,0.0,0.0,1,141.5,0.0,0,279.0,0.0,0.0,0.0,0.0,0.0,6
2023-05-10 11:00:19,l2401-P-7700,l2401-P-7700,279.0,0.0,0.0,0.0,10,142.0,0.0,0,279.0,0.0,0.0,0.0,0.0,0.0,6
2023-05-10 11:29:32,l2401-P-7700,l2401-P-7700,279.0,0.0,0.0,0.0,1,141.5,0.0,0,279.0,0.0,0.0,0.0,0.0,0.0,6
2023-05-10 11:29:34,l2401-P-7700,l2401-P-7700,279.0,0.0,0.0,0.0,1,35.5,0.0,0,279.0,0.0,0.0,0.0,0.0,0.0,6
2023-05-10 13:30:02,l2401-P-7700,l2401-P-7700,279.0,0.0,0.0,0.0,10,36.0,0.0,0,279.0,0.0,0.0,0.0,0.0,0.0,6
2023-05-10 13:30:58,l2401-P-7700,l2401-P-7700,279.0,0.0,0.0,0.0,1,36.5,0.0,0,279.0,0.0,0.0,0.0,0.0,0.0,6
2023-05-10 13:30:58,l2401-P-7700,l2401-P-7700,279.0,0.0,0.0,0.0,10,37.0,0.0,0,279.0,0.0,0.0,0.0,0.0,0.0,6
2023-05-10 13:32:48,l2401-P-7700,l2401-P-7700,279.0,0.0,0.0,0.0,1,37.5,0.0,0,279.0,0.0,0.0,0.0,0.0,0.0,6
2023-05-10 13:32:48,l2401-P-7700,l2401-P-7700,279.0,0.0,0.0,0.0,10,38.0,0.0,0,279.0,0.0,0.0,0.0,0.0,0.0,6
2023-05-10 13:39:59,l2401-P-7700,l2401-P-7700,279.0,0.0,0.0,0.0,1,38.5,0.0,0,279.0,0.0,0.0,0.0,0.0,0.0,6
2023-05-10 13:39:59,l2401-P-7700,l2401-P-7700,279.0,0.0,0.0,0.0,10,39.0,0.0,0,279.0,0.0,0.0,0.0,0.0,0.0,6
2023-05-10 13:40:05,l2401-P-7700,l2401-P-7700,279.0,0.0,0.0,0.0,1,39.5,0.0,0,279.0,0.0,0.0,0.0,0.0,0.0,6
2023-05-10 13:40:05,l2401-P-7700,l2401-P-7700,279.0,0.0,0.0,0.0,10,40.0,0.0,0,279.0,0.0,0.0,0.0,0.0,0.0,6
2023-05-10 13:40:09,l2401-P-7700,l2401-P-7700,279.0,0.0,0.0,0.0,1,40.5,0.0,0,279.0,0.0,0.0,0.0,0.0,0.0,6
2023-05-10 13:40:09,l2401-P-7700,l2401-P-7700,279.0,0.0,0.0,0.0,10,41.0,0.0,0,279.0,0.0,0.0,0.0,0.0,0.0,6
2023-05-10 13:40:17,l2401-P-7700,l2401-P-7700,279.0,0.0,0.0,0.0,1,41.5,0.0,0,279.0,0.0,0.0,0.0,0.0,0.0,6
2023-05-10 13:40:17,l2401-P-7700,l2401-P-7700,279.0,0.0,0.0,0.0,10,42.0,0.0,0,279.0,0.0,0.0,0.0,0.0,0.0,6
2023-05-10 13:40:21,l2401-P-7700,l2401-P-7700,279.0,0.0,0.0,0.0,1,42.5,0.0,0,279.0,0.0,0.0,0.0,0.0,0.0,6
2023-05-10 13:40:21,l2401-P-7700,l2401-P-7700,279.0,0.0,0.0,0.0,10,43.0,0.0,0,279.0,0.0,0.0,0.0,0.0,0.0,6
2023-05-10 13:40:25,l2401-P-7700,l2401-P-7700,279.0,0.0,0.0,0.0,1,43.5,0.0,0,279.0,0.0,0.0,0.0,0.0,0.0,6
2023-05-10 13:40:25,l2401-P-7700,l2401-P-7700,279.0,0.0,0.0,0.0,10,44.0,0.0,0,279.0,0.0,0.0,0.0,0.0,0.0,6
2023-05-10 13:40:28,l2401-P-7700,l2401-P-7700,279.0,0.0,0.0,0.0,1,44.5,0.0,0,279.0,0.0,0.0,0.0,0.0,0.0,6
2023-05-10 13:40:28,l2401-P-7700,l2401-P-7700,279.0,0.0,0.0,0.0,10,45.0,0.0,0,279.0,0.0,0.0,0.0,0.0,0.0,6
2023-05-10 13:40:30,l2401-P-7700,l2401-P-7700,279.0,0.0,0.0,0.0,1,45.5,0.0,0,279.0,0.0,0.0,0.0,0.0,0.0,6
2023-05-10 13:40:30,l2401-P-7700,l2401-P-7700,279.0,0.0,0.0,0.0,10,46.0,0.0,0,279.0,0.0,0.0,0.0,0.0,0.0,6
2023-05-10 13:40:32,l2401-P-7700,l2401-P-7700,279.0,0.0,0.0,0.0,1,46.5,0.0,0,279.0,0.0,0.0,0.0,0.0,0.0,6
2023-05-10 13:40:32,l2401-P-7700,l2401-P-7700,279.0,0.0,0.0,0.0,10,47.0,0.0,0,279.0,0.0,0.0,0.0,0.0,0.0,6
2023-05-10 13:40:33,l2401-P-7700,l2401-P-7700,279.0,0.0,0.0,0.0,1,47.5,0.0,0,279.0,0.0,0.0,0.0,0.0,0.0,6
2023-05-10 13:40:33,l2401-P-7700,l2401-P-7700,279.0,0.0,0.0,0.0,10,48.0,0.0,0,279.0,0.0,0.0,0.0,0.0,0.0,6
2023-05-10 13:40:35,l2401-P-7700,l2401-P-7700,279.0,0.0,0.0,0.0,1,48.5,0.0,0,279.0,0.0,0.0,0.0,0.0,0.0,6
2023-05-10 13:40:35,l2401-P-7700,l2401-P-7700,279.0,0.0,0.0,0.0,10,49.0,0.0,0,279.0,0.0,0.0,0.0,0.0,0.0,6
2023-05-10 13:40:36,l2401-P-7700,l2401-P-7700,279.0,0.0,0.0,0.0,1,49.5,0.0,0,279.0,0.0,0.0,0.0,0.0,0.0,6
2023-05-10 13:40:36,l2401-P-7700,l2401-P-7700,279.0,0.0,0.0,0.0,10,50.0,0.0,0,279.0,0.0,0.0,0.0,0.0,0.0,6
2023-05-10 13:40:38,l2401-P-7700,l2401-P-7700,279.0,0.0,0.0,0.0,1,50.5,0.0,0,279.0,0.0,0.0,0.0,0.0,0.0,6
2023-05-10 13:40:38,l2401-P-7700,l2401-P-7700,279.0,0.0,0.0,0.0,10,51.0,0.0,0,279.0,0.0,0.0,0.0,0.0,0.0,6
2023-05-10 13:40:39,l2401-P-7700,l2401-P-7700,279.0,0.0,0.0,0.0,1,51.5,0.0,0,279.0,0.0,0.0,0.0,0.0,0.0,6
2023-05-10 13:40:39,l2401-P-7700,l2401-P-7700,279.0,0.0,0.0,0.0,10,52.0,0.0,0,279.0,0.0,0.0,0.0,0.0,0.0,6
2023-05-10 13:40:41,l2401-P-7700,l2401-P-7700,279.0,0.0,0.0,0.0,1,52.5,0.0,0,279.0,0.0,0.0,0.0,0.0,0.0,6
2023-05-10 13:40:41,l2401-P-7700,l2401-P-7700,279.0,0.0,0.0,0.0,10,53.0,0.0,0,279.0,0.0,0.0,0.0,0.0,0.0,6
2023-05-10 13:40:42,l2401-P-7700,l2401-P-7700,279.0,0.0,0.0,0.0,1,53.5,0.0,0,279.0,0.0,0.0,0.0,0.0,0.0,6
2023-05-10 13:40:42,l2401-P-7700,l2401-P-7700,279.0,0.0,0.0,0.0,10,54.0,0.0,0,279.0,0.0,0.0,0.0,0.0,0.0,6
2023-05-10 13:40:44,l2401-P-7700,l2401-P-7700,279.0,0.0,0.0,0.0,1,54.5,0.0,0,279.0,0.0,0.0,0.0,0.0,0.0,6
2023-05-10 13:40:44,l2401-P-7700,l2401-P-7700,279.0,0.0,0.0,0.0,10,55.0,0.0,0,279.0,0.0,0.0,0.0,0.0,0.0,6
2023-05-10 13:40:45,l2401-P-7700,l2401-P-7700,279.0,0.0,0.0,0.0,1,55.5,0.0,0,279.0,0.0,0.0,0.0,0.0,0.0,6
2023-05-10 13:40:45,l2401-P-7700,l2401-P-7700,279.0,0.0,0.0,0.0,10,56.0,0.0,0,279.0,0.0,0.0,0.0,0.0,0.0,6
2023-05-10 13:40:47,l2401-P-7700,l2401-P-7700,279.0,0.0,0.0,0.0,1,56.5,0.0,0,279.0,0.0,0.0,0.0,0.0,0.0,6
2023-05-10 13:40:47,l2401-P-7700,l2401-P-7700,279.0,0.0,0.0,0.0,10,57.0,0.0,0,279.0,0.0,0.0,0.0,0.0,0.0,6
2023-05-10 13:40:49,l2401-P-7700,l2401-P-7700,279.0,0.0,0.0,0.0,1,57.5,0.0,0,279.0,0.0,0.0,0.0,0.0,0.0,6
2023-05-10 13:40:49,l2401-P-7700,l2401-P-7700,279.0,0.0,0.0,0.0,10,58.0,0.0,0,279.0,0.0,0.0,0.0,0.0,0.0,6
2023-05-10 13:40:50,l2401-P-7700,l2401-P-7700,279.0,0.0,0.0,0.0,1,58.5,0.0,0,279.0,0.0,0.0,0.0,0.0,0.0,6
2023-05-10 13:40:50,l2401-P-7700,l2401-P-7700,279.0,0.0,0.0,0.0,10,59.0,0.0,0,279.0,0.0,0.0,0.0,0.0,0.0,6
2023-05-10 13:40:52,l2401-P-7700,l2401-P-7700,279.0,0.0,0.0,0.0,1,59.5,0.0,0,279.0,0.0,0.0,0.0,0.0,0.0,6
2023-05-10 13:40:52,l2401-P-7700,l2401-P-7700,279.0,0.0,0.0,0.0,10,60.0,0.0,0,279.0,0.0,0.0,0.0,0.0,0.0,6
2023-05-10 13:40:54,l2401-P-7700,l2401-P-7700,279.0,0.0,0.0,0.0,1,60.5,0.0,0,279.0,0.0,0.0,0.0,0.0,0.0,6
2023-05-10 13:40:54,l2401-P-7700,l2401-P-7700,279.0,0.0,0.0,0.0,10,61.0,0.0,0,279.0,0.0,0.0,0.0,0.0,0.0,6
2023-05-10 13:40:55,l2401-P-7700,l2401-P-7700,279.0,0.0,0.0,0.0,1,61.5,0.0,0,279.0,0.0,0.0,0.0,0.0,0.0,6
2023-05-10 13:40:55,l2401-P-7700,l2401-P-7700,279.0,0.0,0.0,0.0,10,62.0,0.0,0,279.0,0.0,0.0,0.0,0.0,0.0,6
2023-05-10 13:40:57,l2401-P-7700,l2401-P-7700,279.0,0.0,0.0,0.0,1,62.5,0.0,0,279.0,0.0,0.0,0.0,0.0,0.0,6
2023-05-10 13:40:57,l2401-P-7700,l2401-P-7700,279.0,0.0,0.0,0.0,10,63.0,0.0,0,279.0,0.0,0.0,0.0,0.0,0.0,6
2023-05-10 13:40:59,l2401-P-7700,l2401-P-7700,279.0,0.0,0.0,0.0,1,63.5,0.0,0,279.0,0.0,0.0,0.0,0.0,0.0,6
2023-05-10 13:40:59,l2401-P-7700,l2401-P-7700,279.0,0.0,0.0,0.0,10,64.0,0.0,0,279.0,0.0,0.0,0.0,0.0,0.0,6
2023-05-10 13:41:01,l2401-P-7700,l2401-P-7700,279.0,0.0,0.0,0.0,1,64.5,0.0,0,279.0,0.0,0.0,0.0,0.0,0.0,6
2023-05-10 13:41:01,l2401-P-7700,l2401-P-7700,279.0,0.0,0.0,0.0,10,65.0,0.0,0,279.0,0.0,0.0,0.0,0.0,0.0,6
2023-05-10 13:41:02,l2401-P-7700,l2401-P-7700,279.0,0.0,0.0,0.0,1,65.5,0.0,0,279.0,0.0,0.0,0.0,0.0,0.0,6
2023-05-10 13:41:02,l2401-P-7700,l2401-P-7700,279.0,0.0,0.0,0.0,10,66.0,0.0,0,279.0,0.0,0.0,0.0,0.0,0.0,6
2023-05-10 13:41:04,l2401-P-7700,l2401-P-7700,279.0,0.0,0.0,0.0,1,66.5,0.0,0,279.0,0.0,0.0,0.0,0.0,0.0,6
2023-05-10 13:41:04,l2401-P-7700,l2401-P-7700,279.0,0.0,0.0,0.0,10,67.0,0.0,0,279.0,0.0,0.0,0.0,0.0,0.0,6
2023-05-10 13:41:05,l2401-P-7700,l2401-P-7700,279.0,0.0,0.0,0.0,1,67.5,0.0,0,279.0,0.0,0.0,0.0,0.0,0.0,6
2023-05-10 13:41:05,l2401-P-7700,l2401-P-7700,279.0,0.0,0.0,0.0,10,68.0,0.0,0,279.0,0.0,0.0,0.0,0.0,0.0,6
2023-05-10 13:41:06,l2401-P-7700,l2401-P-7700,279.0,0.0,0.0,0.0,1,68.5,0.0,0,279.0,0.0,0.0,0.0,0.0,0.0,6
2023-05-10 13:41:06,l2401-P-7700,l2401-P-7700,279.0,0.0,0.0,0.0,10,69.0,0.0,0,279.0,0.0,0.0,0.0,0.0,0.0,6
2023-05-10 13:41:08,l2401-P-7700,l2401-P-7700,279.0,0.0,0.0,0.0,1,69.5,0.0,0,279.0,0.0,0.0,0.0,0.0,0.0,6
2023-05-10 13:41:08,l2401-P-7700,l2401-P-7700,279.0,0.0,0.0,0.0,10,70.0,0.0,0,279.0,0.0,0.0,0.0,0.0,0.0,6
2023-05-10 13:41:09,l2401-P-7700,l2401-P-7700,279.0,0.0,0.0,0.0,1,70.5,0.0,0,279.0,0.0,0.0,0.0,0.0,0.0,6
2023-05-10 13:41:09,l2401-P-7700,l2401-P-7700,279.0,0.0,0.0,0.0,10,71.0,0.0,0,279.0,0.0,0.0,0.0,0.0,0.0,6
2023-05-10 13:41:10,l2401-P-7700,l2401-P-7700,279.0,0.0,0.0,0.0,1,71.5,0.0,0,279.0,0.0,0.0,0.0,0.0,0.0,6
2023-05-10 13:41:10,l2401-P-7700,l2401-P-7700,279.0,0.0,0.0,0.0,10,72.0,0.0,0,279.0,0.0,0.0,0.0,0.0,0.0,6
2023-05-10 13:41:11,l2401-P-7700,l2401-P-7700,279.0,0.0,0.0,0.0,1,72.5,0.0,0,279.0,0.0,0.0,0.0,0.0,0.0,6
2023-05-10 13:41:11,l2401-P-7700,l2401-P-7700,279.0,0.0,0.0,0.0,10,73.0,0.0,0,279.0,0.0,0.0,0.0,0.0,0.0,6
2023-05-10 13:41:13,l2401-P-7700,l2401-P-7700,279.0,0.0,0.0,0.0,1,73.5,0.0,0,279.0,0.0,0.0,0.0,0.0,0.0,6
2023-05-10 13:41:13,l2401-P-7700,l2401-P-7700,279.0,0.0,0.0,0.0,10,74.0,0.0,0,279.0,0.0,0.0,0.0,0.0,0.0,6
2023-05-10 13:41:14,l2401-P-7700,l2401-P-7700,279.0,0.0,0.0,0.0,1,74.5,0.0,0,279.0,0.0,0.0,0.0,0.0,0.0,6
2023-05-10 13:41:14,l2401-P-7700,l2401-P-7700,279.0,0.0,0.0,0.0,10,75.0,0.0,0,279.0,0.0,0.0,0.0,0.0,0.0,6
2023-05-10 13:41:15,l2401-P-7700,l2401-P-7700,279.0,0.0,0.0,0.0,1,75.5,0.0,0,279.0,0.0,0.0,0.0,0.0,0.0,6
2023-05-10 13:41:15,l2401-P-7700,l2401-P-7700,279.0,0.0,0.0,0.0,10,76.0,0.0,0,279.0,0.0,0.0,0.0,0.0,0.0,6
2023-05-10 13:41:17,l2401-P-7700,l2401-P-7700,279.0,0.0,0.0,0.0,1,76.5,0.0,0,279.0,0.0,0.0,0.0,0.0,0.0,6
2023-05-10 13:41:17,l2401-P-7700,l2401-P-7700,279.0,0.0,0.0,0.0,10,77.0,0.0,0,279.0,0.0,0.0,0.0,0.0,0.0,6
2023-05-10 13:41:18,l2401-P-7700,l2401-P-7700,279.0,0.0,0.0,0.0,1,77.5,0.0,0,279.0,0.0,0.0,0.0,0.0,0.0,6
2023-05-10 13:41:18,l2401-P-7700,l2401-P-7700,279.0,0.0,0.0,0.0,10,78.0,0.0,0,279.0,0.0,0.0,0.0,0.0,0.0,6
2023-05-10 13:41:20,l2401-P-7700,l2401-P-7700,279.0,0.0,0.0,0.0,1,78.5,0.0,0,279.0,0.0,0.0,0.0,0.0,0.0,6
2023-05-10 13:41:20,l2401-P-7700,l2401-P-7700,279.0,0.0,0.0,0.0,10,79.0,0.0,0,279.0,0.0,0.0,0.0,0.0,0.0,6
2023-05-10 13:41:21,l2401-P-7700,l2401-P-7700,279.0,0.0,0.0,0.0,1,79.5,0.0,0,279.0,0.0,0.0,0.0,0.0,0.0,6
2023-05-10 13:41:21,l2401-P-7700,l2401-P-7700,279.0,0.0,0.0,0.0,10,80.0,0.0,0,279.0,0.0,0.0,0.0,0.0,0.0,6
2023-05-10 13:41:22,l2401-P-7700,l2401-P-7700,279.0,0.0,0.0,0.0,1,80.5,0.0,0,279.0,0.0,0.0,0.0,0.0,0.0,6
2023-05-10 13:41:22,l2401-P-7700,l2401-P-7700,279.0,0.0,0.0,0.0,10,81.0,0.0,0,279.0,0.0,0.0,0.0,0.0,0.0,6
2023-05-10 13:41:24,l2401-P-7700,l2401-P-7700,279.0,0.0,0.0,0.0,1,81.5,0.0,0,279.0,0.0,0.0,0.0,0.0,0.0,6
2023-05-10 13:41:24,l2401-P-7700,l2401-P-7700,279.0,0.0,0.0,0.0,10,82.0,0.0,0,279.0,0.0,0.0,0.0,0.0,0.0,6
2023-05-10 13:41:25,l2401-P-7700,l2401-P-7700,279.0,0.0,0.0,0.0,1,82.5,0.0,0,279.0,0.0,0.0,0.0,0.0,0.0,6
2023-05-10 13:41:25,l2401-P-7700,l2401-P-7700,279.0,0.0,0.0,0.0,10,83.0,0.0,0,279.0,0.0,0.0,0.0,0.0,0.0,6
2023-05-10 13:41:26,l2401-P-7700,l2401-P-7700,279.0,0.0,0.0,0.0,1,83.5,0.0,0,279.0,0.0,0.0,0.0,0.0,0.0,6
2023-05-10 13:41:26,l2401-P-7700,l2401-P-7700,279.0,0.0,0.0,0.0,10,84.0,0.0,0,279.0,0.0,0.0,0.0,0.0,0.0,6
2023-05-10 13:41:27,l2401-P-7700,l2401-P-7700,279.0,0.0,0.0,0.0,1,84.5,0.0,0,279.0,0.0,0.0,0.0,0.0,0.0,6
2023-05-10 13:41:27,l2401-P-7700,l2401-P-7700,279.0,0.0,0.0,0.0,10,85.0,0.0,0,279.0,0.0,0.0,0.0,0.0,0.0,6
2023-05-10 13:41:29,l2401-P-7700,l2401-P-7700,279.0,0.0,0.0,0.0,1,85.5,0.0,0,279.0,0.0,0.0,0.0,0.0,0.0,6
2023-05-10 13:41:29,l2401-P-7700,l2401-P-7700,279.0,0.0,0.0,0.0,10,86.0,0.0,0,279.0,0.0,0.0,0.0,0.0,0.0,6
2023-05-10 13:41:30,l2401-P-7700,l2401-P-7700,279.0,0.0,0.0,0.0,1,86.5,0.0,0,279.0,0.0,0.0,0.0,0.0,0.0,6
2023-05-10 13:41:30,l2401-P-7700,l2401-P-7700,279.0,0.0,0.0,0.0,10,87.0,0.0,0,279.0,0.0,0.0,0.0,0.0,0.0,6
2023-05-10 13:41:31,l2401-P-7700,l2401-P-7700,279.0,0.0,0.0,0.0,1,87.5,0.0,0,279.0,0.0,0.0,0.0,0.0,0.0,6
2023-05-10 13:41:32,l2401-P-7700,l2401-P-7700,279.0,0.0,0.0,0.0,10,88.0,0.0,0,279.0,0.0,0.0,0.0,0.0,0.0,6
2023-05-10 13:41:33,l2401-P-7700,l2401-P-7700,279.0,0.0,0.0,0.0,1,88.5,0.0,0,279.0,0.0,0.0,0.0,0.0,0.0,6
2023-05-10 13:41:33,l2401-P-7700,l2401-P-7700,279.0,0.0,0.0,0.0,10,89.0,0.0,0,279.0,0.0,0.0,0.0,0.0,0.0,6
2023-05-10 13:41:34,l2401-P-7700,l2401-P-7700,279.0,0.0,0.0,0.0,1,89.5,0.0,0,279.0,0.0,0.0,0.0,0.0,0.0,6
2023-05-10 13:41:34,l2401-P-7700,l2401-P-7700,279.0,0.0,0.0,0.0,10,90.0,0.0,0,279.0,0.0,0.0,0.0,0.0,0.0,6
2023-05-10 13:41:35,l2401-P-7700,l2401-P-7700,279.0,0.0,0.0,0.0,1,90.5,0.0,0,279.0,0.0,0.0,0.0,0.0,0.0,6
2023-05-10 13:41:35,l2401-P-7700,l2401-P-7700,279.0,0.0,0.0,0.0,10,91.0,0.0,0,279.0,0.0,0.0,0.0,0.0,0.0,6
2023-05-10 13:41:37,l2401-P-7700,l2401-P-7700,279.0,0.0,0.0,0.0,1,91.5,0.0,0,279.0,0.0,0.0,0.0,0.0,0.0,6
2023-05-10 13:41:37,l2401-P-7700,l2401-P-7700,279.0,0.0,0.0,0.0,10,92.0,0.0,0,279.0,0.0,0.0,0.0,0.0,0.0,6
2023-05-10 13:41:38,l2401-P-7700,l2401-P-7700,279.0,0.0,0.0,0.0,1,92.5,0.0,0,279.0,0.0,0.0,0.0,0.0,0.0,6
2023-05-10 13:41:38,l2401-P-7700,l2401-P-7700,279.0,0.0,0.0,0.0,10,93.0,0.0,0,279.0,0.0,0.0,0.0,0.0,0.0,6
2023-05-10 13:41:39,l2401-P-7700,l2401-P-7700,279.0,0.0,0.0,0.0,1,93.5,0.0,0,279.0,0.0,0.0,0.0,0.0,0.0,6
2023-05-10 13:41:39,l2401-P-7700,l2401-P-7700,279.0,0.0,0.0,0.0,10,94.0,0.0,0,279.0,0.0,0.0,0.0,0.0,0.0,6
2023-05-10 13:41:41,l2401-P-7700,l2401-P-7700,279.0,0.0,0.0,0.0,1,94.5,0.0,0,279.0,0.0,0.0,0.0,0.0,0.0,6
2023-05-10 13:41:41,l2401-P-7700,l2401-P-7700,279.0,0.0,0.0,0.0,10,95.0,0.0,0,279.0,0.0,0.0,0.0,0.0,0.0,6
2023-05-10 13:41:42,l2401-P-7700,l2401-P-7700,279.0,0.0,0.0,0.0,1,95.5,0.0,0,279.0,0.0,0.0,0.0,0.0,0.0,6
2023-05-10 13:41:42,l2401-P-7700,l2401-P-7700,279.0,0.0,0.0,0.0,10,96.0,0.0,0,279.0,0.0,0.0,0.0,0.0,0.0,6
2023-05-10 13:41:43,l2401-P-7700,l2401-P-7700,279.0,0.0,0.0,0.0,1,96.5,0.0,0,279.0,0.0,0.0,0.0,0.0,0.0,6
2023-05-10 13:41:43,l2401-P-7700,l2401-P-7700,279.0,0.0,0.0,0.0,10,97.0,0.0,0,279.0,0.0,0.0,0.0,0.0,0.0,6
2023-05-10 13:41:45,l2401-P-7700,l2401-P-7700,279.0,0.0,0.0,0.0,1,97.5,0.0,0,279.0,0.0,0.0,0.0,0.0,0.0,6
2023-05-10 13:41:45,l2401-P-7700,l2401-P-7700,279.0,0.0,0.0,0.0,10,98.0,0.0,0,279.0,0.0,0.0,0.0,0.0,0.0,6
2023-05-10 13:41:46,l2401-P-7700,l2401-P-7700,279.0,0.0,0.0,0.0,1,98.5,0.0,0,279.0,0.0,0.0,0.0,0.0,0.0,6
2023-05-10 13:41:46,l2401-P-7700,l2401-P-7700,279.0,0.0,0.0,0.0,10,99.0,0.0,0,279.0,0.0,0.0,0.0,0.0,0.0,6
2023-05-10 13:41:47,l2401-P-7700,l2401-P-7700,279.0,0.0,0.0,0.0,1,99.5,0.0,0,279.0,0.0,0.0,0.0,0.0,0.0,6
2023-05-10 13:41:47,l2401-P-7700,l2401-P-7700,279.0,0.0,0.0,0.0,10,100.0,0.0,0,279.0,0.0,0.0,0.0,0.0,0.0,6
2023-05-10 13:41:49,l2401-P-7700,l2401-P-7700,279.0,0.0,0.0,0.0,1,100.5,0.0,0,279.0,0.0,0.0,0.0,0.0,0.0,6
2023-05-10 13:41:49,l2401-P-7700,l2401-P-7700,279.0,0.0,0.0,0.0,10,101.0,0.0,0,279.0,0.0,0.0,0.0,0.0,0.0,6
2023-05-10 13:41:50,l2401-P-7700,l2401-P-7700,279.0,0.0,0.0,0.0,1,101.5,0.0,0,279.0,0.0,0.0,0.0,0.0,0.0,6
2023-05-10 13:41:50,l2401-P-7700,l2401-P-7700,279.0,0.0,0.0,0.0,10,102.0,0.0,0,279.0,0.0,0.0,0.0,0.0,0.0,6
2023-05-10 13:41:51,l2401-P-7700,l2401-P-7700,279.0,0.0,0.0,0.0,1,102.5,0.0,0,279.0,0.0,0.0,0.0,0.0,0.0,6
2023-05-10 13:41:51,l2401-P-7700,l2401-P-7700,279.0,0.0,0.0,0.0,10,103.0,0.0,0,279.0,0.0,0.0,0.0,0.0,0.0,6
2023-05-10 13:41:52,l2401-P-7700,l2401-P-7700,279.0,0.0,0.0,0.0,1,103.5,0.0,0,279.0,0.0,0.0,0.0,0.0,0.0,6
2023-05-10 13:41:52,l2401-P-7700,l2401-P-7700,279.0,0.0,0.0,0.0,10,104.0,0.0,0,279.0,0.0,0.0,0.0,0.0,0.0,6
2023-05-10 13:41:53,l2401-P-7700,l2401-P-7700,279.0,0.0,0.0,0.0,1,104.5,0.0,0,279.0,0.0,0.0,0.0,0.0,0.0,6
2023-05-10 13:41:53,l2401-P-7700,l2401-P-7700,279.0,0.0,0.0,0.0,10,105.0,0.0,0,279.0,0.0,0.0,0.0,0.0,0.0,6
2023-05-10 13:41:55,l2401-P-7700,l2401-P-7700,279.0,0.0,0.0,0.0,1,105.5,0.0,0,279.0,0.0,0.0,0.0,0.0,0.0,6
2023-05-10 13:41:55,l2401-P-7700,l2401-P-7700,279.0,0.0,0.0,0.0,10,106.0,0.0,0,279.0,0.0,0.0,0.0,0.0,0.0,6
2023-05-10 13:41:56,l2401-P-7700,l2401-P-7700,279.0,0.0,0.0,0.0,1,106.5,0.0,0,279.0,0.0,0.0,0.0,0.0,0.0,6
2023-05-10 13:41:56,l2401-P-7700,l2401-P-7700,279.0,0.0,0.0,0.0,10,107.0,0.0,0,279.0,0.0,0.0,0.0,0.0,0.0,6
2023-05-10 13:41:57,l2401-P-7700,l2401-P-7700,279.0,0.0,0.0,0.0,1,107.5,0.0,0,279.0,0.0,0.0,0.0,0.0,0.0,6
2023-05-10 13:41:57,l2401-P-7700,l2401-P-7700,279.0,0.0,0.0,0.0,10,108.0,0.0,0,279.0,0.0,0.0,0.0,0.0,0.0,6
2023-05-10 13:41:59,l2401-P-7700,l2401-P-7700,279.0,0.0,0.0,0.0,1,108.5,0.0,0,279.0,0.0,0.0,0.0,0.0,0.0,6
2023-05-10 13:41:59,l2401-P-7700,l2401-P-7700,279.0,0.0,0.0,0.0,10,109.0,0.0,0,279.0,0.0,0.0,0.0,0.0,0.0,6
2023-05-10 13:42:00,l2401-P-7700,l2401-P-7700,279.0,0.0,0.0,0.0,1,109.5,0.0,0,279.0,0.0,0.0,0.0,0.0,0.0,6
2023-05-10 13:42:00,l2401-P-7700,l2401-P-7700,279.0,0.0,0.0,0.0,10,110.0,0.0,0,279.0,0.0,0.0,0.0,0.0,0.0,6
2023-05-10 13:42:01,l2401-P-7700,l2401-P-7700,279.0,0.0,0.0,0.0,1,110.5,0.0,0,279.0,0.0,0.0,0.0,0.0,0.0,6
2023-05-10 13:42:01,l2401-P-7700,l2401-P-7700,279.0,0.0,0.0,0.0,10,111.0,0.0,0,279.0,0.0,0.0,0.0,0.0,0.0,6
2023-05-10 13:42:02,l2401-P-7700,l2401-P-7700,279.0,0.0,0.0,0.0,1,111.5,0.0,0,279.0,0.0,0.0,0.0,0.0,0.0,6
2023-05-10 13:42:02,l2401-P-7700,l2401-P-7700,279.0,0.0,0.0,0.0,10,112.0,0.0,0,279.0,0.0,0.0,0.0,0.0,0.0,6
2023-05-10 13:42:04,l2401-P-7700,l2401-P-7700,279.0,0.0,0.0,0.0,1,112.5,0.0,0,279.0,0.0,0.0,0.0,0.0,0.0,6
2023-05-10 13:42:04,l2401-P-7700,l2401-P-7700,279.0,0.0,0.0,0.0,10,113.0,0.0,0,279.0,0.0,0.0,0.0,0.0,0.0,6
2023-05-10 13:42:05,l2401-P-7700,l2401-P-7700,279.0,0.0,0.0,0.0,1,113.5,0.0,0,279.0,0.0,0.0,0.0,0.0,0.0,6
2023-05-10 13:42:05,l2401-P-7700,l2401-P-7700,279.0,0.0,0.0,0.0,10,114.0,0.0,0,279.0,0.0,0.0,0.0,0.0,0.0,6
2023-05-10 13:42:06,l2401-P-7700,l2401-P-7700,279.0,0.0,0.0,0.0,1,114.5,0.0,0,279.0,0.0,0.0,0.0,0.0,0.0,6
2023-05-10 13:42:06,l2401-P-7700,l2401-P-7700,279.0,0.0,0.0,0.0,10,115.0,0.0,0,279.0,0.0,0.0,0.0,0.0,0.0,6
2023-05-10 13:42:07,l2401-P-7700,l2401-P-7700,279.0,0.0,0.0,0.0,1,115.5,0.0,0,279.0,0.0,0.0,0.0,0.0,0.0,6
2023-05-10 13:42:07,l2401-P-7700,l2401-P-7700,279.0,0.0,0.0,0.0,10,116.0,0.0,0,279.0,0.0,0.0,0.0,0.0,0.0,6
2023-05-10 13:42:08,l2401-P-7700,l2401-P-7700,279.0,0.0,0.0,0.0,1,116.5,0.0,0,279.0,0.0,0.0,0.0,0.0,0.0,6
2023-05-10 13:42:08,l2401-P-7700,l2401-P-7700,279.0,0.0,0.0,0.0,10,117.0,0.0,0,279.0,0.0,0.0,0.0,0.0,0.0,6
2023-05-10 13:42:09,l2401-P-7700,l2401-P-7700,279.0,0.0,0.0,0.0,1,117.5,0.0,0,279.0,0.0,0.0,0.0,0.0,0.0,6
2023-05-10 13:42:09,l2401-P-7700,l2401-P-7700,279.0,0.0,0.0,0.0,10,118.0,0.0,0,279.0,0.0,0.0,0.0,0.0,0.0,6
2023-05-10 13:42:10,l2401-P-7700,l2401-P-7700,279.0,0.0,0.0,0.0,1,118.5,0.0,0,279.0,0.0,0.0,0.0,0.0,0.0,6
2023-05-10 13:42:10,l2401-P-7700,l2401-P-7700,279.0,0.0,0.0,0.0,10,119.0,0.0,0,279.0,0.0,0.0,0.0,0.0,0.0,6
2023-05-10 13:42:11,l2401-P-7700,l2401-P-7700,279.0,0.0,0.0,0.0,1,119.5,0.0,0,279.0,0.0,0.0,0.0,0.0,0.0,6
2023-05-10 13:42:11,l2401-P-7700,l2401-P-7700,279.0,0.0,0.0,0.0,10,120.0,0.0,0,279.0,0.0,0.0,0.0,0.0,0.0,6
2023-05-10 13:42:12,l2401-P-7700,l2401-P-7700,279.0,0.0,0.0,0.0,1,120.5,0.0,0,279.0,0.0,0.0,0.0,0.0,0.0,6
2023-05-10 13:42:12,l2401-P-7700,l2401-P-7700,279.0,0.0,0.0,0.0,10,121.0,0.0,0,279.0,0.0,0.0,0.0,0.0,0.0,6
2023-05-10 13:42:13,l2401-P-7700,l2401-P-7700,279.0,0.0,0.0,0.0,1,121.5,0.0,0,279.0,0.0,0.0,0.0,0.0,0.0,6
2023-05-10 13:42:13,l2401-P-7700,l2401-P-7700,279.0,0.0,0.0,0.0,10,122.0,0.0,0,279.0,0.0,0.0,0.0,0.0,0.0,6
2023-05-10 13:42:14,l2401-P-7700,l2401-P-7700,279.0,0.0,0.0,0.0,1,122.5,0.0,0,279.0,0.0,0.0,0.0,0.0,0.0,6
2023-05-10 13:42:14,l2401-P-7700,l2401-P-7700,279.0,0.0,0.0,0.0,10,123.0,0.0,0,279.0,0.0,0.0,0.0,0.0,0.0,6
2023-05-10 13:42:15,l2401-P-7700,l2401-P-7700,279.0,0.0,0.0,0.0,1,123.5,0.0,0,279.0,0.0,0.0,0.0,0.0,0.0,6
2023-05-10 13:42:15,l2401-P-7700,l2401-P-7700,279.0,0.0,0.0,0.0,10,124.0,0.0,0,279.0,0.0,0.0,0.0,0.0,0.0,6
2023-05-10 13:42:16,l2401-P-7700,l2401-P-7700,279.0,0.0,0.0,0.0,1,124.5,0.0,0,279.0,0.0,0.0,0.0,0.0,0.0,6
2023-05-10 13:42:16,l2401-P-7700,l2401-P-7700,279.0,0.0,0.0,0.0,10,125.0,0.0,0,279.0,0.0,0.0,0.0,0.0,0.0,6
2023-05-10 13:42:17,l2401-P-7700,l2401-P-7700,279.0,0.0,0.0,0.0,1,125.5,0.0,0,279.0,0.0,0.0,0.0,0.0,0.0,6
2023-05-10 13:42:17,l2401-P-7700,l2401-P-7700,279.0,0.0,0.0,0.0,10,126.0,0.0,0,279.0,0.0,0.0,0.0,0.0,0.0,6
2023-05-10 13:42:18,l2401-P-7700,l2401-P-7700,279.0,0.0,0.0,0.0,1,126.5,0.0,0,279.0,0.0,0.0,0.0,0.0,0.0,6
2023-05-10 13:42:18,l2401-P-7700,l2401-P-7700,279.0,0.0,0.0,0.0,10,127.0,0.0,0,279.0,0.0,0.0,0.0,0.0,0.0,6
2023-05-10 13:42:19,l2401-P-7700,l2401-P-7700,279.0,0.0,0.0,0.0,1,127.5,0.0,0,279.0,0.0,0.0,0.0,0.0,0.0,6
2023-05-10 13:42:19,l2401-P-7700,l2401-P-7700,279.0,0.0,0.0,0.0,10,128.0,0.0,0,279.0,0.0,0.0,0.0,0.0,0.0,6
2023-05-10 13:42:20,l2401-P-7700,l2401-P-7700,279.0,0.0,0.0,0.0,1,128.5,0.0,0,279.0,0.0,0.0,0.0,0.0,0.0,6
2023-05-10 13:42:20,l2401-P-7700,l2401-P-7700,279.0,0.0,0.0,0.0,10,129.0,0.0,0,279.0,0.0,0.0,0.0,0.0,0.0,6
2023-05-10 13:42:21,l2401-P-7700,l2401-P-7700,279.0,0.0,0.0,0.0,1,129.5,0.0,0,279.0,0.0,0.0,0.0,0.0,0.0,6
2023-05-10 13:42:21,l2401-P-7700,l2401-P-7700,279.0,0.0,0.0,0.0,10,130.0,0.0,0,279.0,0.0,0.0,0.0,0.0,0.0,6
2023-05-10 13:42:22,l2401-P-7700,l2401-P-7700,279.0,0.0,0.0,0.0,1,130.5,0.0,0,279.0,0.0,0.0,0.0,0.0,0.0,6
2023-05-10 13:42:22,l2401-P-7700,l2401-P-7700,279.0,0.0,0.0,0.0,10,131.0,0.0,0,279.0,0.0,0.0,0.0,0.0,0.0,6
2023-05-10 13:42:23,l2401-P-7700,l2401-P-7700,279.0,0.0,0.0,0.0,1,131.5,0.0,0,279.0,0.0,0.0,0.0,0.0,0.0,6
2023-05-10 13:42:23,l2401-P-7700,l2401-P-7700,279.0,0.0,0.0,0.0,10,132.0,0.0,0,279.0,0.0,0.0,0.0,0.0,0.0,6
2023-05-10 13:42:25,l2401-P-7700,l2401-P-7700,279.0,0.0,0.0,0.0,1,132.5,0.0,0,279.0,0.0,0.0,0.0,0.0,0.0,6
2023-05-10 13:42:25,l2401-P-7700,l2401-P-7700,279.0,0.0,0.0,0.0,10,133.0,0.0,0,279.0,0.0,0.0,0.0,0.0,0.0,6
2023-05-10 13:42:26,l2401-P-7700,l2401-P-7700,279.0,0.0,0.0,0.0,1,133.5,0.0,0,279.0,0.0,0.0,0.0,0.0,0.0,6
2023-05-10 13:42:26,l2401-P-7700,l2401-P-7700,279.0,0.0,0.0,0.0,10,134.0,0.0,0,279.0,0.0,0.0,0.0,0.0,0.0,6
2023-05-10 13:42:27,l2401-P-7700,l2401-P-7700,279.0,0.0,0.0,0.0,1,134.5,0.0,0,279.0,0.0,0.0,0.0,0.0,0.0,6
2023-05-10 13:42:27,l2401-P-7700,l2401-P-7700,279.0,0.0,0.0,0.0,10,135.0,0.0,0,279.0,0.0,0.0,0.0,0.0,0.0,6
2023-05-10 13:42:28,l2401-P-7700,l2401-P-7700,279.0,0.0,0.0,0.0,1,135.5,0.0,0,279.0,0.0,0.0,0.0,0.0,0.0,6
2023-05-10 13:42:28,l2401-P-7700,l2401-P-7700,279.0,0.0,0.0,0.0,10,136.0,0.0,0,279.0,0.0,0.0,0.0,0.0,0.0,6
2023-05-10 13:42:29,l2401-P-7700,l2401-P-7700,279.0,0.0,0.0,0.0,1,136.5,0.0,0,279.0,0.0,0.0,0.0,0.0,0.0,6
2023-05-10 13:42:29,l2401-P-7700,l2401-P-7700,279.0,0.0,0.0,0.0,10,137.0,0.0,0,279.0,0.0,0.0,0.0,0.0,0.0,6
2023-05-10 13:42:30,l2401-P-7700,l2401-P-7700,279.0,0.0,0.0,0.0,1,137.5,0.0,0,279.0,0.0,0.0,0.0,0.0,0.0,6
2023-05-10 13:42:30,l2401-P-7700,l2401-P-7700,279.0,0.0,0.0,0.0,10,138.0,0.0,0,279.0,0.0,0.0,0.0,0.0,0.0,6
2023-05-10 13:42:31,l2401-P-7700,l2401-P-7700,279.0,0.0,0.0,0.0,1,138.5,0.0,0,279.0,0.0,0.0,0.0,0.0,0.0,6
2023-05-10 13:42:31,l2401-P-7700,l2401-P-7700,279.0,0.0,0.0,0.0,10,139.0,0.0,0,279.0,0.0,0.0,0.0,0.0,0.0,6
2023-05-10 13:42:32,l2401-P-7700,l2401-P-7700,279.0,0.0,0.0,0.0,1,139.5,0.0,0,279.0,0.0,0.0,0.0,0.0,0.0,6
2023-05-10 13:42:32,l2401-P-7700,l2401-P-7700,279.0,0.0,0.0,0.0,10,140.0,0.0,0,279.0,0.0,0.0,0.0,0.0,0.0,6
2023-05-10 13:46:26,l2401-P-7700,l2401-P-7700,279.0,0.0,0.0,0.0,1,144.0,0.0,0,279.0,0.0,0.0,0.0,0.0,0.0,6
2023-05-10 13:46:26,l2401-P-7700,l2401-P-7700,279.0,0.0,0.0,0.0,10,144.5,0.0,0,279.0,0.0,0.0,0.0,0.0,0.0,6
2023-05-10 13:46:27,l2401-P-7700,l2401-P-7700,279.0,0.0,0.0,0.0,1,145.0,0.0,0,279.0,0.0,0.0,0.0,0.0,0.0,6
2023-05-10 13:46:27,l2401-P-7700,l2401-P-7700,279.0,0.0,0.0,0.0,10,145.5,0.0,0,279.0,0.0,0.0,0.0,0.0,0.0,6
2023-05-10 13:46:28,l2401-P-7700,l2401-P-7700,279.0,0.0,0.0,0.0,1,146.0,0.0,0,279.0,0.0,0.0,0.0,0.0,0.0,6
2023-05-10 13:46:28,l2401-P-7700,l2401-P-7700,279.0,0.0,0.0,0.0,10,146.5,0.0,0,279.0,0.0,0.0,0.0,0.0,0.0,6
2023-05-10 13:46:35,l2401-P-7700,l2401-P-7700,279.0,0.0,0.0,0.0,1,147.0,0.0,0,279.0,0.0,0.0,0.0,0.0,0.0,6
2023-05-10 13:46:35,l2401-P-7700,l2401-P-7700,279.0,0.0,0.0,0.0,10,147.5,0.0,0,279.0,0.0,0.0,0.0,0.0,0.0,6
2023-05-10 13:46:37,l2401-P-7700,l2401-P-7700,279.0,0.0,0.0,0.0,1,148.0,0.0,0,279.0,0.0,0.0,0.0,0.0,0.0,6
2023-05-10 13:46:37,l2401-P-7700,l2401-P-7700,279.0,0.0,0.0,0.0,10,148.5,0.0,0,279.0,0.0,0.0,0.0,0.0,0.0,6
2023-05-10 14:02:29,l2401-P-7700,l2401-P-7700,279.0,0.0,0.0,0.0,1,149.0,0.0,0,279.0,0.0,0.0,0.0,0.0,0.0,6
2023-05-10 14:02:29,l2401-P-7700,l2401-P-7700,279.0,0.0,0.0,0.0,10,149.5,0.0,0,279.0,0.0,0.0,0.0,0.0,0.0,6
2023-05-10 14:40:19,l2401-P-7700,l2401-P-7700,279.0,0.0,0.0,0.0,1,150.0,0.0,0,279.0,0.0,0.0,0.0,0.0,0.0,6
2023-05-10 14:40:19,l2401-P-7700,l2401-P-7700,279.0,0.0,0.0,0.0,10,150.5,0.0,0,279.0,0.0,0.0,0.0,0.0,0.0,6
2023-05-10 14:59:01,l2401-P-7700,l2401-P-7700,279.0,0.0,0.0,0.0,1,150.0,0.0,0,279.0,0.0,0.0,0.0,0.0,0.0,6
2023-05-10 15:01:15,l2401-P-7700,l2401-P-7700,279.0,0.0,0.0,0.0,1,150.0,0.0,0,279.0,0.0,0.0,0.0,0.0,0.0,6
