time,symbol_id,symbol_name,last,trade_volume,trade_amount,open_interest_change,bv1,bp1,ap1,av1,yesterday_close,today_open,today_high,today_low,volume,amount,open_interest
2023-05-10 20:58:59,m2311,m2311,3486.0,0.0,0.0,0.0,7,3475.0,3486.0,15,3486.0,3488.0,0.0,0.0,0.0,0.0,167998
2023-05-10 21:00:00,m2311,m2311,3486.0,0.0,0.0,0.0,1,3488.0,3492.0,4,3486.0,3488.0,0.0,0.0,0.0,0.0,167998
2023-05-10 21:00:00,m2311,m2311,3486.0,0.0,0.0,0.0,2,3488.0,3494.0,2,3486.0,3488.0,0.0,0.0,0.0,0.0,167998
2023-05-10 21:00:01,m2311,m2311,3486.0,0.0,0.0,0.0,4,3488.0,3494.0,2,3486.0,3488.0,0.0,0.0,0.0,0.0,167998
2023-05-10 21:00:01,m2311,m2311,3488.0,2.0,69760.0,0.0,1,3490.0,3492.0,2,3486.0,3488.0,3488.0,3488.0,2.0,69760.0,167998
2023-05-10 21:00:02,m2311,m2311,3488.0,0.0,0.0,0.0,3,3490.0,3492.0,1,3486.0,3488.0,3488.0,3488.0,2.0,69760.0,167998
2023-05-10 21:00:02,m2311,m2311,3488.0,0.0,0.0,0.0,5,3490.0,3493.0,2,3486.0,3488.0,3488.0,3488.0,2.0,69760.0,167998
2023-05-10 21:00:03,m2311,m2311,3488.0,0.0,0.0,0.0,2,3491.0,3493.0,2,3486.0,3488.0,3488.0,3488.0,2.0,69760.0,167998
2023-05-10 21:00:03,m2311,m2311,3488.0,0.0,0.0,0.0,3,3492.0,3494.0,1,3486.0,3488.0,3488.0,3488.0,2.0,69760.0,167998
2023-05-10 21:00:04,m2311,m2311,3488.0,0.0,0.0,0.0,5,3492.0,3494.0,1,3486.0,3488.0,3488.0,3488.0,2.0,69760.0,167998
2023-05-10 21:00:04,m2311,m2311,3494.0,1.0,34940.0,-1.0,4,3493.0,3495.0,23,3486.0,3488.0,3494.0,3488.0,3.0,104700.0,167997
2023-05-10 21:00:05,m2311,m2311,3493.0,3.0,104800.0,0.0,3,3493.0,3495.0,23,3486.0,3488.0,3494.0,3488.0,6.0,209500.0,167997
2023-05-10 21:00:05,m2311,m2311,3493.0,0.0,0.0,0.0,2,3494.0,3495.0,23,3486.0,3488.0,3494.0,3488.0,6.0,209500.0,167997
2023-05-10 21:00:06,m2311,m2311,3493.0,0.0,0.0,0.0,3,3494.0,3495.0,23,3486.0,3488.0,3494.0,3488.0,6.0,209500.0,167997
2023-05-10 21:00:07,m2311,m2311,3497.0,24.0,838820.0,22.0,2,3495.0,3497.0,8,3486.0,3488.0,3497.0,3488.0,30.0,1048320.0,168019
2023-05-10 21:00:07,m2311,m2311,3496.0,2.0,69920.0,-2.0,2,3495.0,3497.0,10,3486.0,3488.0,3497.0,3488.0,32.0,1118240.0,168017
2023-05-10 21:00:08,m2311,m2311,3496.0,1.0,34960.0,-1.0,2,3495.0,3497.0,10,3486.0,3488.0,3497.0,3488.0,33.0,1153200.0,168016
2023-05-10 21:00:08,m2311,m2311,3496.0,1.0,34960.0,-1.0,2,3495.0,3497.0,10,3486.0,3488.0,3497.0,3488.0,34.0,1188160.0,168015
2023-05-10 21:00:09,m2311,m2311,3497.0,10.0,349700.0,10.0,1,3496.0,3498.0,1,3486.0,3488.0,3497.0,3488.0,44.0,1537860.0,168025
2023-05-10 21:00:09,m2311,m2311,3496.0,6.0,209750.0,-2.0,3,3494.0,3497.0,1,3486.0,3488.0,3497.0,3488.0,50.0,1747610.0,168023
2023-05-10 21:00:10,m2311,m2311,3496.0,0.0,0.0,0.0,12,3494.0,3497.0,13,3486.0,3488.0,3497.0,3488.0,50.0,1747610.0,168023
2023-05-10 21:00:10,m2311,m2311,3496.0,0.0,0.0,0.0,1,3495.0,3496.0,1,3486.0,3488.0,3497.0,3488.0,50.0,1747610.0,168023
2023-05-10 21:00:11,m2311,m2311,3496.0,2.0,69920.0,1.0,2,3496.0,3497.0,1,3486.0,3488.0,3497.0,3488.0,52.0,1817530.0,168024
2023-05-10 21:00:11,m2311,m2311,3497.0,2.0,69940.0,0.0,1,3496.0,3498.0,13,3486.0,3488.0,3497.0,3488.0,54.0,1887470.0,168024
2023-05-10 21:00:12,m2311,m2311,3497.0,1.0,34970.0,1.0,14,3496.0,3498.0,3,3486.0,3488.0,3497.0,3488.0,55.0,1922440.0,168025
2023-05-10 21:00:13,m2311,m2311,3496.0,1.0,34960.0,-1.0,11,3496.0,3498.0,1,3486.0,3488.0,3497.0,3488.0,56.0,1957400.0,168024
2023-05-10 21:00:13,m2311,m2311,3496.0,0.0,0.0,0.0,3,3496.0,3498.0,13,3486.0,3488.0,3497.0,3488.0,56.0,1957400.0,168024
2023-05-10 21:00:14,m2311,m2311,3496.0,0.0,0.0,0.0,4,3495.0,3497.0,12,3486.0,3488.0,3497.0,3488.0,56.0,1957400.0,168024
2023-05-10 21:00:14,m2311,m2311,3496.0,0.0,0.0,0.0,7,3495.0,3497.0,12,3486.0,3488.0,3497.0,3488.0,56.0,1957400.0,168024
2023-05-10 21:00:15,m2311,m2311,3496.0,0.0,0.0,0.0,18,3495.0,3497.0,3,3486.0,3488.0,3497.0,3488.0,56.0,1957400.0,168024
2023-05-10 21:00:15,m2311,m2311,3497.0,3.0,104910.0,3.0,28,3495.0,3498.0,23,3486.0,3488.0,3497.0,3488.0,59.0,2062310.0,168027
2023-05-10 21:00:16,m2311,m2311,3497.0,0.0,0.0,0.0,15,3495.0,3497.0,24,3486.0,3488.0,3497.0,3488.0,59.0,2062310.0,168027
2023-05-10 21:00:16,m2311,m2311,3497.0,0.0,0.0,0.0,1,3496.0,3497.0,24,3486.0,3488.0,3497.0,3488.0,59.0,2062310.0,168027
2023-05-10 21:00:17,m2311,m2311,3496.0,1.0,34960.0,0.0,18,3495.0,3497.0,27,3486.0,3488.0,3497.0,3488.0,60.0,2097270.0,168027
2023-05-10 21:00:17,m2311,m2311,3496.0,0.0,0.0,0.0,9,3495.0,3497.0,27,3486.0,3488.0,3497.0,3488.0,60.0,2097270.0,168027
2023-05-10 21:00:18,m2311,m2311,3496.0,0.0,0.0,0.0,28,3495.0,3497.0,27,3486.0,3488.0,3497.0,3488.0,60.0,2097270.0,168027
2023-05-10 21:00:19,m2311,m2311,3497.0,1.0,34970.0,0.0,40,3495.0,3497.0,26,3486.0,3488.0,3497.0,3488.0,61.0,2132240.0,168027
2023-05-10 21:00:19,m2311,m2311,3495.0,1.0,34950.0,0.0,39,3495.0,3497.0,26,3486.0,3488.0,3497.0,3488.0,62.0,2167190.0,168027
2023-05-10 21:00:20,m2311,m2311,3495.0,1.0,34950.0,1.0,45,3495.0,3497.0,31,3486.0,3488.0,3497.0,3488.0,63.0,2202140.0,168028
2023-05-10 21:00:20,m2311,m2311,3495.0,0.0,0.0,0.0,54,3495.0,3497.0,22,3486.0,3488.0,3497.0,3488.0,63.0,2202140.0,168028
2023-05-10 21:00:21,m2311,m2311,3495.0,0.0,0.0,0.0,43,3495.0,3497.0,32,3486.0,3488.0,3497.0,3488.0,63.0,2202140.0,168028
2023-05-10 21:00:21,m2311,m2311,3495.0,0.0,0.0,0.0,42,3495.0,3497.0,32,3486.0,3488.0,3497.0,3488.0,63.0,2202140.0,168028
2023-05-10 21:00:23,m2311,m2311,3495.0,42.0,1467900.0,-18.0,10,3494.0,3497.0,22,3486.0,3488.0,3497.0,3488.0,105.0,3670040.0,168010
2023-05-10 21:00:23,m2311,m2311,3495.0,9.0,314470.0,-7.0,4,3494.0,3496.0,3,3486.0,3488.0,3497.0,3488.0,114.0,3984510.0,168003
2023-05-10 21:00:24,m2311,m2311,3495.0,0.0,0.0,0.0,6,3494.0,3496.0,6,3486.0,3488.0,3497.0,3488.0,114.0,3984510.0,168003
2023-05-10 21:00:24,m2311,m2311,3495.0,0.0,0.0,0.0,4,3494.0,3496.0,16,3486.0,3488.0,3497.0,3488.0,114.0,3984510.0,168003
2023-05-10 21:00:24,m2311,m2311,3495.0,0.0,0.0,0.0,4,3494.0,3496.0,14,3486.0,3488.0,3497.0,3488.0,114.0,3984510.0,168003
2023-05-10 21:00:25,m2311,m2311,3494.0,1.0,34940.0,-1.0,3,3494.0,3496.0,15,3486.0,3488.0,3497.0,3488.0,115.0,4019450.0,168002
2023-05-10 21:00:26,m2311,m2311,3494.0,0.0,0.0,0.0,6,3494.0,3496.0,15,3486.0,3488.0,3497.0,3488.0,115.0,4019450.0,168002
2023-05-10 21:00:26,m2311,m2311,3494.0,0.0,0.0,0.0,18,3493.0,3496.0,20,3486.0,3488.0,3497.0,3488.0,115.0,4019450.0,168002
2023-05-10 21:00:27,m2311,m2311,3494.0,0.0,0.0,0.0,10,3493.0,3495.0,10,3486.0,3488.0,3497.0,3488.0,115.0,4019450.0,168002
2023-05-10 21:00:27,m2311,m2311,3494.0,0.0,0.0,0.0,8,3493.0,3495.0,13,3486.0,3488.0,3497.0,3488.0,115.0,4019450.0,168002
2023-05-10 21:00:28,m2311,m2311,3494.0,1.0,34940.0,1.0,10,3493.0,3495.0,12,3486.0,3488.0,3497.0,3488.0,116.0,4054390.0,168003
2023-05-10 21:00:28,m2311,m2311,3493.0,1.0,34930.0,0.0,9,3493.0,3495.0,13,3486.0,3488.0,3497.0,3488.0,117.0,4089320.0,168003
2023-05-10 21:00:29,m2311,m2311,3493.0,3.0,104790.0,3.0,11,3492.0,3494.0,2,3486.0,3488.0,3497.0,3488.0,120.0,4194110.0,168006
2023-05-10 21:00:29,m2311,m2311,3493.0,0.0,0.0,0.0,13,3492.0,3494.0,4,3486.0,3488.0,3497.0,3488.0,120.0,4194110.0,168006
2023-05-10 21:00:30,m2311,m2311,3494.0,6.0,209640.0,0.0,12,3493.0,3495.0,9,3486.0,3488.0,3497.0,3488.0,126.0,4403750.0,168006
2023-05-10 21:00:31,m2311,m2311,3495.0,9.0,314550.0,9.0,12,3494.0,3495.0,1,3486.0,3488.0,3497.0,3488.0,135.0,4718300.0,168015
2023-05-10 21:00:31,m2311,m2311,3495.0,1.0,34950.0,1.0,15,3494.0,3496.0,27,3486.0,3488.0,3497.0,3488.0,136.0,4753250.0,168016
2023-05-10 21:00:32,m2311,m2311,3495.0,0.0,0.0,0.0,20,3494.0,3496.0,22,3486.0,3488.0,3497.0,3488.0,136.0,4753250.0,168016
2023-05-10 21:00:32,m2311,m2311,3495.0,0.0,0.0,0.0,18,3494.0,3496.0,22,3486.0,3488.0,3497.0,3488.0,136.0,4753250.0,168016
2023-05-10 21:00:33,m2311,m2311,3495.0,0.0,0.0,0.0,18,3494.0,3495.0,1,3486.0,3488.0,3497.0,3488.0,136.0,4753250.0,168016
2023-05-10 21:00:33,m2311,m2311,3495.0,0.0,0.0,0.0,6,3494.0,3495.0,1,3486.0,3488.0,3497.0,3488.0,136.0,4753250.0,168016
2023-05-10 21:00:34,m2311,m2311,3495.0,0.0,0.0,0.0,6,3494.0,3495.0,3,3486.0,3488.0,3497.0,3488.0,136.0,4753250.0,168016
2023-05-10 21:00:34,m2311,m2311,3494.0,1.0,34940.0,-1.0,5,3494.0,3495.0,1,3486.0,3488.0,3497.0,3488.0,137.0,4788190.0,168015
2023-05-10 21:00:35,m2311,m2311,3494.0,0.0,0.0,0.0,24,3493.0,3495.0,1,3486.0,3488.0,3497.0,3488.0,137.0,4788190.0,168015
2023-05-10 21:00:35,m2311,m2311,3495.0,1.0,34950.0,0.0,14,3494.0,3496.0,21,3486.0,3488.0,3497.0,3488.0,138.0,4823140.0,168015
2023-05-10 21:00:36,m2311,m2311,3495.0,0.0,0.0,0.0,14,3494.0,3496.0,22,3486.0,3488.0,3497.0,3488.0,138.0,4823140.0,168015
2023-05-10 21:00:36,m2311,m2311,3495.0,0.0,0.0,0.0,28,3493.0,3496.0,33,3486.0,3488.0,3497.0,3488.0,138.0,4823140.0,168015
2023-05-10 21:00:37,m2311,m2311,3495.0,0.0,0.0,0.0,30,3493.0,3495.0,10,3486.0,3488.0,3497.0,3488.0,138.0,4823140.0,168015
2023-05-10 21:00:38,m2311,m2311,3494.0,1.0,34940.0,-1.0,30,3493.0,3495.0,15,3486.0,3488.0,3497.0,3488.0,139.0,4858080.0,168014
2023-05-10 21:00:38,m2311,m2311,3493.0,2.0,69860.0,-2.0,29,3493.0,3495.0,17,3486.0,3488.0,3497.0,3488.0,141.0,4927940.0,168012
2023-05-10 21:00:39,m2311,m2311,3493.0,1.0,34930.0,0.0,27,3493.0,3495.0,17,3486.0,3488.0,3497.0,3488.0,142.0,4962870.0,168012
2023-05-10 21:00:40,m2311,m2311,3493.0,0.0,0.0,0.0,27,3493.0,3495.0,7,3486.0,3488.0,3497.0,3488.0,142.0,4962870.0,168012
2023-05-10 21:00:41,m2311,m2311,3493.0,4.0,139720.0,-3.0,24,3493.0,3495.0,7,3486.0,3488.0,3497.0,3488.0,146.0,5102590.0,168009
2023-05-10 21:00:41,m2311,m2311,3493.0,0.0,0.0,0.0,24,3493.0,3495.0,17,3486.0,3488.0,3497.0,3488.0,146.0,5102590.0,168009
2023-05-10 21:00:41,m2311,m2311,3493.0,0.0,0.0,0.0,25,3493.0,3495.0,17,3486.0,3488.0,3497.0,3488.0,146.0,5102590.0,168009
2023-05-10 21:00:44,m2311,m2311,3493.0,0.0,0.0,0.0,28,3492.0,3495.0,39,3486.0,3488.0,3497.0,3488.0,146.0,5102590.0,168009
2023-05-10 21:00:44,m2311,m2311,3493.0,0.0,0.0,0.0,35,3492.0,3495.0,60,3486.0,3488.0,3497.0,3488.0,146.0,5102590.0,168009
2023-05-10 21:00:45,m2311,m2311,3493.0,0.0,0.0,0.0,35,3492.0,3495.0,56,3486.0,3488.0,3497.0,3488.0,146.0,5102590.0,168009
2023-05-10 21:00:45,m2311,m2311,3493.0,0.0,0.0,0.0,35,3492.0,3494.0,10,3486.0,3488.0,3497.0,3488.0,146.0,5102590.0,168009
2023-05-10 21:00:46,m2311,m2311,3493.0,0.0,0.0,0.0,36,3492.0,3494.0,10,3486.0,3488.0,3497.0,3488.0,146.0,5102590.0,168009
2023-05-10 21:00:46,m2311,m2311,3493.0,0.0,0.0,0.0,1,3493.0,3495.0,31,3486.0,3488.0,3497.0,3488.0,146.0,5102590.0,168009
2023-05-10 21:00:47,m2311,m2311,3493.0,0.0,0.0,0.0,3,3493.0,3494.0,12,3486.0,3488.0,3497.0,3488.0,146.0,5102590.0,168009
2023-05-10 21:00:47,m2311,m2311,3493.0,3.0,104790.0,-1.0,62,3492.0,3494.0,12,3486.0,3488.0,3497.0,3488.0,149.0,5207380.0,168008
2023-05-10 21:00:48,m2311,m2311,3492.0,2.0,69850.0,1.0,1,3493.0,3494.0,12,3486.0,3488.0,3497.0,3488.0,151.0,5277230.0,168009
2023-05-10 21:00:48,m2311,m2311,3493.0,1.0,34930.0,-1.0,1,3493.0,3494.0,14,3486.0,3488.0,3497.0,3488.0,152.0,5312160.0,168008
2023-05-10 21:00:49,m2311,m2311,3493.0,1.0,34930.0,-1.0,1,3493.0,3494.0,16,3486.0,3488.0,3497.0,3488.0,153.0,5347090.0,168007
2023-05-10 21:00:49,m2311,m2311,3491.0,16.0,558610.0,0.0,43,3490.0,3491.0,10,3486.0,3488.0,3497.0,3488.0,169.0,5905700.0,168007
2023-05-10 21:00:50,m2311,m2311,3489.0,16.0,558340.0,-6.0,24,3489.0,3491.0,17,3486.0,3488.0,3497.0,3488.0,185.0,6464040.0,168001
2023-05-10 21:00:50,m2311,m2311,3489.0,1.0,34890.0,-1.0,7,3490.0,3491.0,17,3486.0,3488.0,3497.0,3488.0,186.0,6498930.0,168000
2023-05-10 21:00:51,m2311,m2311,3489.0,0.0,0.0,0.0,3,3490.0,3491.0,25,3486.0,3488.0,3497.0,3488.0,186.0,6498930.0,168000
2023-05-10 21:00:52,m2311,m2311,3489.0,0.0,0.0,0.0,11,3490.0,3491.0,15,3486.0,3488.0,3497.0,3488.0,186.0,6498930.0,168000
2023-05-10 21:00:53,m2311,m2311,3489.0,0.0,0.0,0.0,14,3490.0,3491.0,15,3486.0,3488.0,3497.0,3488.0,186.0,6498930.0,168000
2023-05-10 21:00:53,m2311,m2311,3492.0,18.0,628370.0,-4.0,12,3490.0,3492.0,14,3486.0,3488.0,3497.0,3488.0,204.0,7127300.0,167996
2023-05-10 21:00:54,m2311,m2311,3492.0,0.0,0.0,0.0,3,3491.0,3492.0,13,3486.0,3488.0,3497.0,3488.0,204.0,7127300.0,167996
2023-05-10 21:00:54,m2311,m2311,3491.0,1.0,34910.0,-1.0,10,3491.0,3492.0,1,3486.0,3488.0,3497.0,3488.0,205.0,7162210.0,167995
2023-05-10 21:00:55,m2311,m2311,3491.0,0.0,0.0,0.0,17,3491.0,3493.0,19,3486.0,3488.0,3497.0,3488.0,205.0,7162210.0,167995
2023-05-10 21:00:55,m2311,m2311,3492.0,2.0,69830.0,-2.0,17,3491.0,3493.0,17,3486.0,3488.0,3497.0,3488.0,207.0,7232040.0,167993
2023-05-10 21:00:56,m2311,m2311,3492.0,0.0,0.0,0.0,2,3492.0,3493.0,19,3486.0,3488.0,3497.0,3488.0,207.0,7232040.0,167993
2023-05-10 21:00:56,m2311,m2311,3491.0,24.0,837860.0,6.0,22,3490.0,3492.0,2,3486.0,3488.0,3497.0,3488.0,231.0,8069900.0,167999
2023-05-10 21:00:57,m2311,m2311,3491.0,0.0,0.0,0.0,11,3490.0,3491.0,12,3486.0,3488.0,3497.0,3488.0,231.0,8069900.0,167999
2023-05-10 21:00:57,m2311,m2311,3490.0,1.0,34900.0,-1.0,4,3490.0,3491.0,10,3486.0,3488.0,3497.0,3488.0,232.0,8104800.0,167998
2023-05-10 21:00:58,m2311,m2311,3490.0,0.0,0.0,0.0,4,3490.0,3492.0,13,3486.0,3488.0,3497.0,3488.0,232.0,8104800.0,167998
2023-05-10 21:00:58,m2311,m2311,3490.0,2.0,69800.0,-2.0,3,3490.0,3492.0,17,3486.0,3488.0,3497.0,3488.0,234.0,8174600.0,167996
2023-05-10 21:00:59,m2311,m2311,3490.0,0.0,0.0,0.0,2,3490.0,3491.0,12,3486.0,3488.0,3497.0,3488.0,234.0,8174600.0,167996
2023-05-10 21:00:59,m2311,m2311,3490.0,2.0,69800.0,-1.0,15,3489.0,3491.0,22,3486.0,3488.0,3497.0,3488.0,236.0,8244400.0,167995
2023-05-10 21:01:00,m2311,m2311,3490.0,0.0,0.0,0.0,8,3490.0,3491.0,22,3486.0,3488.0,3497.0,3488.0,236.0,8244400.0,167995
2023-05-10 21:01:00,m2311,m2311,3492.0,12.0,418940.0,-12.0,31,3490.0,3492.0,12,3486.0,3488.0,3497.0,3488.0,248.0,8663340.0,167983
2023-05-10 21:01:01,m2311,m2311,3493.0,18.0,628720.0,9.0,17,3491.0,3494.0,13,3486.0,3488.0,3497.0,3488.0,266.0,9292060.0,167992
2023-05-10 21:01:01,m2311,m2311,3492.0,1.0,34920.0,0.0,15,3492.0,3495.0,21,3486.0,3488.0,3497.0,3488.0,267.0,9326980.0,167992
2023-05-10 21:01:02,m2311,m2311,3492.0,0.0,0.0,0.0,20,3493.0,3495.0,11,3486.0,3488.0,3497.0,3488.0,267.0,9326980.0,167992
2023-05-10 21:01:02,m2311,m2311,3495.0,1.0,34950.0,1.0,2,3494.0,3495.0,8,3486.0,3488.0,3497.0,3488.0,268.0,9361930.0,167993
2023-05-10 21:01:03,m2311,m2311,3494.0,1.0,34940.0,0.0,1,3494.0,3495.0,4,3486.0,3488.0,3497.0,3488.0,269.0,9396870.0,167993
2023-05-10 21:01:03,m2311,m2311,3495.0,4.0,139800.0,1.0,10,3495.0,3496.0,6,3486.0,3488.0,3497.0,3488.0,273.0,9536670.0,167994
2023-05-10 21:01:04,m2311,m2311,3496.0,6.0,209760.0,2.0,16,3496.0,3497.0,10,3486.0,3488.0,3497.0,3488.0,279.0,9746430.0,167996
2023-05-10 21:01:04,m2311,m2311,3496.0,19.0,664240.0,1.0,35,3495.0,3496.0,5,3486.0,3488.0,3497.0,3488.0,298.0,10410670.0,167997
2023-05-10 21:01:05,m2311,m2311,3496.0,1.0,34960.0,-1.0,33,3495.0,3497.0,32,3486.0,3488.0,3497.0,3488.0,299.0,10445630.0,167996
2023-05-10 21:01:05,m2311,m2311,3496.0,2.0,69920.0,-1.0,19,3495.0,3496.0,5,3486.0,3488.0,3497.0,3488.0,301.0,10515550.0,167995
2023-05-10 21:01:06,m2311,m2311,3496.0,1.0,34960.0,-1.0,1,3496.0,3497.0,34,3486.0,3488.0,3497.0,3488.0,302.0,10550510.0,167994
2023-05-10 21:01:06,m2311,m2311,3496.0,1.0,34960.0,-1.0,17,3495.0,3497.0,32,3486.0,3488.0,3497.0,3488.0,303.0,10585470.0,167993
2023-05-10 21:01:07,m2311,m2311,3495.0,10.0,349510.0,7.0,2,3495.0,3497.0,34,3486.0,3488.0,3497.0,3488.0,313.0,10934980.0,168000
2023-05-10 21:01:07,m2311,m2311,3495.0,2.0,69900.0,-1.0,29,3494.0,3496.0,11,3486.0,3488.0,3497.0,3488.0,315.0,11004880.0,167999
2023-05-10 21:01:08,m2311,m2311,3495.0,0.0,0.0,0.0,27,3494.0,3496.0,24,3486.0,3488.0,3497.0,3488.0,315.0,11004880.0,167999
2023-05-10 21:01:08,m2311,m2311,3495.0,0.0,0.0,0.0,29,3494.0,3496.0,25,3486.0,3488.0,3497.0,3488.0,315.0,11004880.0,167999
2023-05-10 21:01:09,m2311,m2311,3495.0,0.0,0.0,0.0,29,3494.0,3496.0,27,3486.0,3488.0,3497.0,3488.0,315.0,11004880.0,167999
2023-05-10 21:01:09,m2311,m2311,3495.0,0.0,0.0,0.0,1,3495.0,3496.0,27,3486.0,3488.0,3497.0,3488.0,315.0,11004880.0,167999
2023-05-10 21:01:10,m2311,m2311,3495.0,1.0,34950.0,0.0,30,3494.0,3496.0,26,3486.0,3488.0,3497.0,3488.0,316.0,11039830.0,167999
2023-05-10 21:01:10,m2311,m2311,3495.0,0.0,0.0,0.0,1,3495.0,3496.0,31,3486.0,3488.0,3497.0,3488.0,316.0,11039830.0,167999
2023-05-10 21:01:11,m2311,m2311,3495.0,1.0,34950.0,0.0,31,3494.0,3496.0,31,3486.0,3488.0,3497.0,3488.0,317.0,11074780.0,167999
2023-05-10 21:01:11,m2311,m2311,3495.0,0.0,0.0,0.0,26,3493.0,3495.0,12,3486.0,3488.0,3497.0,3488.0,317.0,11074780.0,167999
2023-05-10 21:01:12,m2311,m2311,3493.0,2.0,69860.0,0.0,30,3493.0,3495.0,24,3486.0,3488.0,3497.0,3488.0,319.0,11144640.0,167999
2023-05-10 21:01:12,m2311,m2311,3493.0,3.0,104810.0,0.0,32,3493.0,3495.0,25,3486.0,3488.0,3497.0,3488.0,322.0,11249450.0,167999
2023-05-10 21:01:13,m2311,m2311,3493.0,0.0,0.0,0.0,6,3494.0,3495.0,4,3486.0,3488.0,3497.0,3488.0,322.0,11249450.0,167999
2023-05-10 21:01:13,m2311,m2311,3494.0,1.0,34940.0,-1.0,2,3494.0,3495.0,2,3486.0,3488.0,3497.0,3488.0,323.0,11284390.0,167998
2023-05-10 21:01:14,m2311,m2311,3494.0,0.0,0.0,0.0,2,3494.0,3495.0,12,3486.0,3488.0,3497.0,3488.0,323.0,11284390.0,167998
2023-05-10 21:01:15,m2311,m2311,3494.0,5.0,174730.0,-1.0,30,3493.0,3495.0,4,3486.0,3488.0,3497.0,3488.0,328.0,11459120.0,167997
2023-05-10 21:01:15,m2311,m2311,3493.0,8.0,279510.0,-6.0,4,3493.0,3495.0,12,3486.0,3488.0,3497.0,3488.0,336.0,11738630.0,167991
2023-05-10 21:01:16,m2311,m2311,3493.0,0.0,0.0,0.0,6,3493.0,3494.0,2,3486.0,3488.0,3497.0,3488.0,336.0,11738630.0,167991
2023-05-10 21:01:16,m2311,m2311,3493.0,1.0,34930.0,0.0,8,3493.0,3494.0,2,3486.0,3488.0,3497.0,3488.0,337.0,11773560.0,167991
2023-05-10 21:01:17,m2311,m2311,3493.0,4.0,139720.0,-1.0,5,3493.0,3494.0,2,3486.0,3488.0,3497.0,3488.0,341.0,11913280.0,167990
2023-05-10 21:01:18,m2311,m2311,3493.0,7.0,244510.0,5.0,5,3492.0,3493.0,1,3486.0,3488.0,3497.0,3488.0,348.0,12157790.0,167995
2023-05-10 21:01:18,m2311,m2311,3493.0,0.0,0.0,0.0,2,3492.0,3493.0,3,3486.0,3488.0,3497.0,3488.0,348.0,12157790.0,167995
2023-05-10 21:01:19,m2311,m2311,3493.0,0.0,0.0,0.0,3,3492.0,3493.0,13,3486.0,3488.0,3497.0,3488.0,348.0,12157790.0,167995
2023-05-10 21:01:19,m2311,m2311,3492.0,1.0,34920.0,0.0,2,3492.0,3493.0,13,3486.0,3488.0,3497.0,3488.0,349.0,12192710.0,167995
2023-05-10 21:01:20,m2311,m2311,3492.0,1.0,34920.0,0.0,2,3492.0,3493.0,13,3486.0,3488.0,3497.0,3488.0,350.0,12227630.0,167995
2023-05-10 21:01:20,m2311,m2311,3492.0,1.0,34920.0,-1.0,1,3492.0,3493.0,13,3486.0,3488.0,3497.0,3488.0,351.0,12262550.0,167994
2023-05-10 21:01:21,m2311,m2311,3492.0,1.0,34920.0,0.0,2,3492.0,3493.0,13,3486.0,3488.0,3497.0,3488.0,352.0,12297470.0,167994
2023-05-10 21:01:23,m2311,m2311,3494.0,14.0,489030.0,-14.0,8,3493.0,3494.0,10,3486.0,3488.0,3497.0,3488.0,366.0,12786500.0,167980
2023-05-10 21:01:23,m2311,m2311,3494.0,0.0,0.0,0.0,8,3493.0,3494.0,12,3486.0,3488.0,3497.0,3488.0,366.0,12786500.0,167980
2023-05-10 21:01:24,m2311,m2311,3494.0,0.0,0.0,0.0,10,3493.0,3494.0,2,3486.0,3488.0,3497.0,3488.0,366.0,12786500.0,167980
2023-05-10 21:01:24,m2311,m2311,3494.0,2.0,69880.0,-2.0,13,3493.0,3495.0,27,3486.0,3488.0,3497.0,3488.0,368.0,12856380.0,167978
2023-05-10 21:01:25,m2311,m2311,3494.0,6.0,209640.0,6.0,5,3493.0,3495.0,17,3486.0,3488.0,3497.0,3488.0,374.0,13066020.0,167984
2023-05-10 21:01:25,m2311,m2311,3493.0,2.0,69860.0,0.0,3,3493.0,3495.0,19,3486.0,3488.0,3497.0,3488.0,376.0,13135880.0,167984
2023-05-10 21:01:26,m2311,m2311,3493.0,1.0,34930.0,0.0,2,3493.0,3495.0,19,3486.0,3488.0,3497.0,3488.0,377.0,13170810.0,167984
2023-05-10 21:01:26,m2311,m2311,3493.0,0.0,0.0,0.0,5,3492.0,3494.0,20,3486.0,3488.0,3497.0,3488.0,377.0,13170810.0,167984
2023-05-10 21:01:27,m2311,m2311,3492.0,1.0,34920.0,0.0,4,3492.0,3493.0,6,3486.0,3488.0,3497.0,3488.0,378.0,13205730.0,167984
2023-05-10 21:01:27,m2311,m2311,3492.0,0.0,0.0,0.0,11,3492.0,3494.0,44,3486.0,3488.0,3497.0,3488.0,378.0,13205730.0,167984
2023-05-10 21:01:28,m2311,m2311,3492.0,1.0,34920.0,0.0,10,3492.0,3493.0,6,3486.0,3488.0,3497.0,3488.0,379.0,13240650.0,167984
2023-05-10 21:01:28,m2311,m2311,3492.0,0.0,0.0,0.0,12,3492.0,3493.0,6,3486.0,3488.0,3497.0,3488.0,379.0,13240650.0,167984
2023-05-10 21:01:29,m2311,m2311,3492.0,0.0,0.0,0.0,12,3492.0,3493.0,2,3486.0,3488.0,3497.0,3488.0,379.0,13240650.0,167984
2023-05-10 21:01:30,m2311,m2311,3492.0,0.0,0.0,0.0,22,3492.0,3494.0,52,3486.0,3488.0,3497.0,3488.0,379.0,13240650.0,167984
2023-05-10 21:01:30,m2311,m2311,3492.0,1.0,34920.0,0.0,21,3492.0,3494.0,52,3486.0,3488.0,3497.0,3488.0,380.0,13275570.0,167984
2023-05-10 21:01:31,m2311,m2311,3492.0,2.0,69840.0,0.0,22,3492.0,3494.0,52,3486.0,3488.0,3497.0,3488.0,382.0,13345410.0,167984
2023-05-10 21:01:32,m2311,m2311,3492.0,2.0,69840.0,-1.0,20,3492.0,3494.0,52,3486.0,3488.0,3497.0,3488.0,384.0,13415250.0,167983
2023-05-10 21:01:33,m2311,m2311,3492.0,0.0,0.0,0.0,20,3492.0,3493.0,6,3486.0,3488.0,3497.0,3488.0,384.0,13415250.0,167983
2023-05-10 21:01:33,m2311,m2311,3492.0,0.0,0.0,0.0,21,3492.0,3493.0,6,3486.0,3488.0,3497.0,3488.0,384.0,13415250.0,167983
2023-05-10 21:01:34,m2311,m2311,3492.0,0.0,0.0,0.0,22,3492.0,3494.0,52,3486.0,3488.0,3497.0,3488.0,384.0,13415250.0,167983
2023-05-10 21:01:35,m2311,m2311,3492.0,0.0,0.0,0.0,1,3493.0,3494.0,52,3486.0,3488.0,3497.0,3488.0,384.0,13415250.0,167983
2023-05-10 21:01:36,m2311,m2311,3493.0,1.0,34930.0,0.0,25,3492.0,3494.0,52,3486.0,3488.0,3497.0,3488.0,385.0,13450180.0,167983
2023-05-10 21:01:36,m2311,m2311,3492.0,3.0,104760.0,-3.0,22,3492.0,3494.0,51,3486.0,3488.0,3497.0,3488.0,388.0,13554940.0,167980
2023-05-10 21:01:37,m2311,m2311,3492.0,1.0,34920.0,-1.0,21,3492.0,3494.0,51,3486.0,3488.0,3497.0,3488.0,389.0,13589860.0,167979
2023-05-10 21:01:37,m2311,m2311,3492.0,0.0,0.0,0.0,21,3492.0,3494.0,72,3486.0,3488.0,3497.0,3488.0,389.0,13589860.0,167979
2023-05-10 21:01:40,m2311,m2311,3492.0,0.0,0.0,0.0,11,3492.0,3494.0,72,3486.0,3488.0,3497.0,3488.0,389.0,13589860.0,167979
2023-05-10 21:01:40,m2311,m2311,3492.0,0.0,0.0,0.0,13,3492.0,3494.0,72,3486.0,3488.0,3497.0,3488.0,389.0,13589860.0,167979
2023-05-10 21:01:41,m2311,m2311,3492.0,0.0,0.0,0.0,14,3492.0,3494.0,78,3486.0,3488.0,3497.0,3488.0,389.0,13589860.0,167979
2023-05-10 21:01:41,m2311,m2311,3492.0,1.0,34920.0,-1.0,23,3492.0,3494.0,88,3486.0,3488.0,3497.0,3488.0,390.0,13624780.0,167978
2023-05-10 21:01:42,m2311,m2311,3492.0,1.0,34920.0,0.0,22,3492.0,3494.0,68,3486.0,3488.0,3497.0,3488.0,391.0,13659700.0,167978
2023-05-10 21:01:42,m2311,m2311,3493.0,2.0,69850.0,1.0,9,3492.0,3494.0,78,3486.0,3488.0,3497.0,3488.0,393.0,13729550.0,167979
2023-05-10 21:01:43,m2311,m2311,3493.0,0.0,0.0,0.0,4,3492.0,3493.0,2,3486.0,3488.0,3497.0,3488.0,393.0,13729550.0,167979
2023-05-10 21:01:43,m2311,m2311,3492.0,3.0,104760.0,-1.0,2,3492.0,3493.0,4,3486.0,3488.0,3497.0,3488.0,396.0,13834310.0,167978
2023-05-10 21:01:44,m2311,m2311,3492.0,0.0,0.0,0.0,12,3492.0,3493.0,4,3486.0,3488.0,3497.0,3488.0,396.0,13834310.0,167978
2023-05-10 21:01:44,m2311,m2311,3492.0,13.0,453960.0,2.0,46,3491.0,3493.0,4,3486.0,3488.0,3497.0,3488.0,409.0,14288270.0,167980
2023-05-10 21:01:45,m2311,m2311,3491.0,1.0,34910.0,-1.0,27,3491.0,3493.0,8,3486.0,3488.0,3497.0,3488.0,410.0,14323180.0,167979
2023-05-10 21:01:45,m2311,m2311,3491.0,0.0,0.0,0.0,27,3491.0,3493.0,6,3486.0,3488.0,3497.0,3488.0,410.0,14323180.0,167979
2023-05-10 21:01:46,m2311,m2311,3491.0,0.0,0.0,0.0,35,3491.0,3493.0,6,3486.0,3488.0,3497.0,3488.0,410.0,14323180.0,167979
2023-05-10 21:01:46,m2311,m2311,3491.0,1.0,34910.0,-1.0,37,3491.0,3492.0,1,3486.0,3488.0,3497.0,3488.0,411.0,14358090.0,167978
2023-05-10 21:01:47,m2311,m2311,3491.0,0.0,0.0,0.0,31,3491.0,3493.0,24,3486.0,3488.0,3497.0,3488.0,411.0,14358090.0,167978
2023-05-10 21:01:47,m2311,m2311,3491.0,0.0,0.0,0.0,27,3491.0,3493.0,26,3486.0,3488.0,3497.0,3488.0,411.0,14358090.0,167978
2023-05-10 21:01:48,m2311,m2311,3491.0,0.0,0.0,0.0,37,3491.0,3493.0,24,3486.0,3488.0,3497.0,3488.0,411.0,14358090.0,167978
2023-05-10 21:01:48,m2311,m2311,3491.0,0.0,0.0,0.0,48,3491.0,3493.0,18,3486.0,3488.0,3497.0,3488.0,411.0,14358090.0,167978
2023-05-10 21:01:49,m2311,m2311,3491.0,0.0,0.0,0.0,30,3491.0,3493.0,39,3486.0,3488.0,3497.0,3488.0,411.0,14358090.0,167978
2023-05-10 21:01:49,m2311,m2311,3491.0,0.0,0.0,0.0,25,3491.0,3493.0,60,3486.0,3488.0,3497.0,3488.0,411.0,14358090.0,167978
2023-05-10 21:01:50,m2311,m2311,3491.0,0.0,0.0,0.0,23,3491.0,3493.0,70,3486.0,3488.0,3497.0,3488.0,411.0,14358090.0,167978
2023-05-10 21:01:52,m2311,m2311,3491.0,1.0,34910.0,0.0,25,3491.0,3493.0,70,3486.0,3488.0,3497.0,3488.0,412.0,14393000.0,167978
2023-05-10 21:01:53,m2311,m2311,3491.0,0.0,0.0,0.0,27,3491.0,3493.0,70,3486.0,3488.0,3497.0,3488.0,412.0,14393000.0,167978
2023-05-10 21:01:57,m2311,m2311,3491.0,0.0,0.0,0.0,1,3492.0,3493.0,70,3486.0,3488.0,3497.0,3488.0,412.0,14393000.0,167978
2023-05-10 21:01:58,m2311,m2311,3492.0,1.0,34920.0,1.0,38,3491.0,3493.0,64,3486.0,3488.0,3497.0,3488.0,413.0,14427920.0,167979
2023-05-10 21:01:58,m2311,m2311,3492.0,0.0,0.0,0.0,33,3491.0,3493.0,70,3486.0,3488.0,3497.0,3488.0,413.0,14427920.0,167979
2023-05-10 21:02:00,m2311,m2311,3490.0,11.0,383910.0,-2.0,24,3490.0,3492.0,15,3486.0,3488.0,3497.0,3488.0,424.0,14811830.0,167977
2023-05-10 21:02:01,m2311,m2311,3490.0,1.0,34900.0,0.0,30,3490.0,3492.0,29,3486.0,3488.0,3497.0,3488.0,425.0,14846730.0,167977
2023-05-10 21:02:01,m2311,m2311,3490.0,0.0,0.0,0.0,37,3490.0,3492.0,29,3486.0,3488.0,3497.0,3488.0,425.0,14846730.0,167977
2023-05-10 21:02:02,m2311,m2311,3490.0,0.0,0.0,0.0,40,3490.0,3492.0,26,3486.0,3488.0,3497.0,3488.0,425.0,14846730.0,167977
2023-05-10 21:02:02,m2311,m2311,3490.0,0.0,0.0,0.0,69,3490.0,3492.0,16,3486.0,3488.0,3497.0,3488.0,425.0,14846730.0,167977
2023-05-10 21:02:03,m2311,m2311,3490.0,0.0,0.0,0.0,92,3490.0,3492.0,14,3486.0,3488.0,3497.0,3488.0,425.0,14846730.0,167977
2023-05-10 21:02:04,m2311,m2311,3490.0,0.0,0.0,0.0,94,3490.0,3492.0,14,3486.0,3488.0,3497.0,3488.0,425.0,14846730.0,167977
2023-05-10 21:02:04,m2311,m2311,3490.0,0.0,0.0,0.0,84,3490.0,3492.0,14,3486.0,3488.0,3497.0,3488.0,425.0,14846730.0,167977
2023-05-10 21:02:05,m2311,m2311,3490.0,0.0,0.0,0.0,81,3490.0,3492.0,14,3486.0,3488.0,3497.0,3488.0,425.0,14846730.0,167977
2023-05-10 21:02:05,m2311,m2311,3490.0,0.0,0.0,0.0,101,3490.0,3492.0,14,3486.0,3488.0,3497.0,3488.0,425.0,14846730.0,167977
2023-05-10 21:02:06,m2311,m2311,3490.0,0.0,0.0,0.0,115,3490.0,3492.0,4,3486.0,3488.0,3497.0,3488.0,425.0,14846730.0,167977
2023-05-10 21:02:06,m2311,m2311,3490.0,0.0,0.0,0.0,111,3490.0,3492.0,4,3486.0,3488.0,3497.0,3488.0,425.0,14846730.0,167977
2023-05-10 21:02:07,m2311,m2311,3490.0,0.0,0.0,0.0,101,3490.0,3492.0,12,3486.0,3488.0,3497.0,3488.0,425.0,14846730.0,167977
2023-05-10 21:02:08,m2311,m2311,3490.0,0.0,0.0,0.0,112,3490.0,3492.0,12,3486.0,3488.0,3497.0,3488.0,425.0,14846730.0,167977
2023-05-10 21:02:09,m2311,m2311,3490.0,0.0,0.0,0.0,110,3490.0,3492.0,12,3486.0,3488.0,3497.0,3488.0,425.0,14846730.0,167977
2023-05-10 21:02:09,m2311,m2311,3490.0,0.0,0.0,0.0,121,3490.0,3492.0,12,3486.0,3488.0,3497.0,3488.0,425.0,14846730.0,167977
2023-05-10 21:02:10,m2311,m2311,3491.0,2.0,69820.0,0.0,12,3491.0,3492.0,20,3486.0,3488.0,3497.0,3488.0,427.0,14916550.0,167977
2023-05-10 21:02:10,m2311,m2311,3491.0,1.0,34910.0,0.0,1,3491.0,3492.0,12,3486.0,3488.0,3497.0,3488.0,428.0,14951460.0,167977
2023-05-10 21:02:11,m2311,m2311,3491.0,1.0,34910.0,0.0,90,3490.0,3492.0,12,3486.0,3488.0,3497.0,3488.0,429.0,14986370.0,167977
2023-05-10 21:02:12,m2311,m2311,3491.0,0.0,0.0,0.0,48,3490.0,3491.0,2,3486.0,3488.0,3497.0,3488.0,429.0,14986370.0,167977
2023-05-10 21:02:12,m2311,m2311,3491.0,1.0,34910.0,-1.0,32,3490.0,3491.0,1,3486.0,3488.0,3497.0,3488.0,430.0,15021280.0,167976
2023-05-10 21:02:13,m2311,m2311,3491.0,1.0,34910.0,-1.0,2,3491.0,3492.0,32,3486.0,3488.0,3497.0,3488.0,431.0,15056190.0,167975
2023-05-10 21:02:13,m2311,m2311,3491.0,1.0,34910.0,1.0,1,3491.0,3492.0,26,3486.0,3488.0,3497.0,3488.0,432.0,15091100.0,167976
2023-05-10 21:02:14,m2311,m2311,3491.0,0.0,0.0,0.0,3,3491.0,3492.0,26,3486.0,3488.0,3497.0,3488.0,432.0,15091100.0,167976
2023-05-10 21:02:17,m2311,m2311,3491.0,3.0,104730.0,1.0,70,3490.0,3492.0,26,3486.0,3488.0,3497.0,3488.0,435.0,15195830.0,167977
2023-05-10 21:02:18,m2311,m2311,3491.0,0.0,0.0,0.0,27,3490.0,3491.0,2,3486.0,3488.0,3497.0,3488.0,435.0,15195830.0,167977
2023-05-10 21:02:18,m2311,m2311,3491.0,1.0,34910.0,-1.0,1,3490.0,3491.0,1,3486.0,3488.0,3497.0,3488.0,436.0,15230740.0,167976
2023-05-10 21:02:19,m2311,m2311,3491.0,0.0,0.0,0.0,1,3490.0,3491.0,3,3486.0,3488.0,3497.0,3488.0,436.0,15230740.0,167976
2023-05-10 21:02:19,m2311,m2311,3489.0,3.0,104680.0,-1.0,11,3489.0,3490.0,4,3486.0,3488.0,3497.0,3488.0,439.0,15335420.0,167975
2023-05-10 21:02:20,m2311,m2311,3488.0,1.0,34880.0,1.0,52,3488.0,3490.0,4,3486.0,3488.0,3497.0,3488.0,440.0,15370300.0,167976
2023-05-10 21:02:20,m2311,m2311,3488.0,0.0,0.0,0.0,49,3488.0,3490.0,17,3486.0,3488.0,3497.0,3488.0,440.0,15370300.0,167976
2023-05-10 21:02:21,m2311,m2311,3488.0,0.0,0.0,0.0,59,3488.0,3490.0,17,3486.0,3488.0,3497.0,3488.0,440.0,15370300.0,167976
2023-05-10 21:02:21,m2311,m2311,3488.0,0.0,0.0,0.0,60,3488.0,3490.0,17,3486.0,3488.0,3497.0,3488.0,440.0,15370300.0,167976
2023-05-10 21:02:22,m2311,m2311,3488.0,0.0,0.0,0.0,10,3489.0,3490.0,6,3486.0,3488.0,3497.0,3488.0,440.0,15370300.0,167976
2023-05-10 21:02:22,m2311,m2311,3488.0,0.0,0.0,0.0,10,3489.0,3490.0,8,3486.0,3488.0,3497.0,3488.0,440.0,15370300.0,167976
2023-05-10 21:02:24,m2311,m2311,3488.0,0.0,0.0,0.0,10,3489.0,3490.0,18,3486.0,3488.0,3497.0,3488.0,440.0,15370300.0,167976
2023-05-10 21:02:25,m2311,m2311,3491.0,19.0,663110.0,-13.0,10,3490.0,3491.0,10,3486.0,3488.0,3497.0,3488.0,459.0,16033410.0,167963
2023-05-10 21:02:26,m2311,m2311,3490.0,8.0,279200.0,8.0,15,3490.0,3491.0,6,3486.0,3488.0,3497.0,3488.0,467.0,16312610.0,167971
2023-05-10 21:02:26,m2311,m2311,3490.0,0.0,0.0,0.0,15,3490.0,3492.0,44,3486.0,3488.0,3497.0,3488.0,467.0,16312610.0,167971
2023-05-10 21:02:27,m2311,m2311,3490.0,0.0,0.0,0.0,15,3490.0,3492.0,34,3486.0,3488.0,3497.0,3488.0,467.0,16312610.0,167971
2023-05-10 21:02:27,m2311,m2311,3490.0,0.0,0.0,0.0,14,3490.0,3491.0,2,3486.0,3488.0,3497.0,3488.0,467.0,16312610.0,167971
2023-05-10 21:02:27,m2311,m2311,3490.0,0.0,0.0,0.0,24,3490.0,3491.0,2,3486.0,3488.0,3497.0,3488.0,467.0,16312610.0,167971
2023-05-10 21:02:30,m2311,m2311,3490.0,8.0,279200.0,8.0,8,3490.0,3491.0,2,3486.0,3488.0,3497.0,3488.0,475.0,16591810.0,167979
2023-05-10 21:02:31,m2311,m2311,3490.0,0.0,0.0,0.0,18,3490.0,3491.0,2,3486.0,3488.0,3497.0,3488.0,475.0,16591810.0,167979
2023-05-10 21:02:31,m2311,m2311,3490.0,4.0,139600.0,4.0,24,3490.0,3491.0,2,3486.0,3488.0,3497.0,3488.0,479.0,16731410.0,167983
2023-05-10 21:02:35,m2311,m2311,3490.0,12.0,418800.0,2.0,52,3489.0,3491.0,14,3486.0,3488.0,3497.0,3488.0,491.0,17150210.0,167985
2023-05-10 21:02:35,m2311,m2311,3490.0,0.0,0.0,0.0,18,3489.0,3491.0,14,3486.0,3488.0,3497.0,3488.0,491.0,17150210.0,167985
2023-05-10 21:02:36,m2311,m2311,3490.0,0.0,0.0,0.0,18,3489.0,3491.0,24,3486.0,3488.0,3497.0,3488.0,491.0,17150210.0,167985
2023-05-10 21:02:36,m2311,m2311,3490.0,0.0,0.0,0.0,12,3489.0,3491.0,30,3486.0,3488.0,3497.0,3488.0,491.0,17150210.0,167985
2023-05-10 21:02:37,m2311,m2311,3489.0,8.0,279120.0,4.0,10,3489.0,3491.0,56,3486.0,3488.0,3497.0,3488.0,499.0,17429330.0,167989
2023-05-10 21:02:37,m2311,m2311,3489.0,0.0,0.0,0.0,2,3489.0,3491.0,46,3486.0,3488.0,3497.0,3488.0,499.0,17429330.0,167989
2023-05-10 21:02:38,m2311,m2311,3489.0,4.0,139560.0,2.0,7,3489.0,3491.0,66,3486.0,3488.0,3497.0,3488.0,503.0,17568890.0,167991
2023-05-10 21:02:38,m2311,m2311,3489.0,0.0,0.0,0.0,125,3488.0,3491.0,66,3486.0,3488.0,3497.0,3488.0,503.0,17568890.0,167991
2023-05-10 21:02:39,m2311,m2311,3490.0,1.0,34900.0,0.0,74,3488.0,3490.0,11,3486.0,3488.0,3497.0,3488.0,504.0,17603790.0,167991
2023-05-10 21:02:39,m2311,m2311,3490.0,0.0,0.0,0.0,32,3488.0,3490.0,15,3486.0,3488.0,3497.0,3488.0,504.0,17603790.0,167991
2023-05-10 21:02:40,m2311,m2311,3489.0,1.0,34890.0,0.0,85,3488.0,3489.0,49,3486.0,3488.0,3497.0,3488.0,505.0,17638680.0,167991
2023-05-10 21:02:40,m2311,m2311,3489.0,57.0,1988730.0,8.0,53,3488.0,3490.0,19,3486.0,3488.0,3497.0,3488.0,562.0,19627410.0,167999
2023-05-10 21:02:41,m2311,m2311,3489.0,0.0,0.0,0.0,20,3488.0,3490.0,25,3486.0,3488.0,3497.0,3488.0,562.0,19627410.0,167999
2023-05-10 21:02:41,m2311,m2311,3489.0,0.0,0.0,0.0,14,3488.0,3490.0,31,3486.0,3488.0,3497.0,3488.0,562.0,19627410.0,167999
2023-05-10 21:02:42,m2311,m2311,3489.0,0.0,0.0,0.0,2,3488.0,3490.0,31,3486.0,3488.0,3497.0,3488.0,562.0,19627410.0,167999
2023-05-10 21:02:44,m2311,m2311,3489.0,0.0,0.0,0.0,2,3488.0,3490.0,32,3486.0,3488.0,3497.0,3488.0,562.0,19627410.0,167999
2023-05-10 21:02:44,m2311,m2311,3489.0,0.0,0.0,0.0,2,3488.0,3489.0,11,3486.0,3488.0,3497.0,3488.0,562.0,19627410.0,167999
2023-05-10 21:02:45,m2311,m2311,3489.0,0.0,0.0,0.0,2,3488.0,3489.0,1,3486.0,3488.0,3497.0,3488.0,562.0,19627410.0,167999
2023-05-10 21:02:45,m2311,m2311,3488.0,3.0,104640.0,2.0,7,3488.0,3489.0,1,3486.0,3488.0,3497.0,3488.0,565.0,19732050.0,168001
2023-05-10 21:02:46,m2311,m2311,3488.0,0.0,0.0,0.0,9,3488.0,3489.0,1,3486.0,3488.0,3497.0,3488.0,565.0,19732050.0,168001
2023-05-10 21:02:47,m2311,m2311,3489.0,1.0,34890.0,0.0,9,3488.0,3490.0,55,3486.0,3488.0,3497.0,3488.0,566.0,19766940.0,168001
2023-05-10 21:02:47,m2311,m2311,3489.0,0.0,0.0,0.0,62,3488.0,3490.0,23,3486.0,3488.0,3497.0,3488.0,566.0,19766940.0,168001
2023-05-10 21:02:48,m2311,m2311,3489.0,0.0,0.0,0.0,107,3488.0,3490.0,3,3486.0,3488.0,3497.0,3488.0,566.0,19766940.0,168001
2023-05-10 21:02:48,m2311,m2311,3489.0,0.0,0.0,0.0,137,3488.0,3490.0,1,3486.0,3488.0,3497.0,3488.0,566.0,19766940.0,168001
2023-05-10 21:02:49,m2311,m2311,3489.0,0.0,0.0,0.0,1,3489.0,3490.0,1,3486.0,3488.0,3497.0,3488.0,566.0,19766940.0,168001
2023-05-10 21:02:49,m2311,m2311,3489.0,1.0,34890.0,0.0,147,3488.0,3490.0,1,3486.0,3488.0,3497.0,3488.0,567.0,19801830.0,168001
2023-05-10 21:02:50,m2311,m2311,3489.0,0.0,0.0,0.0,137,3488.0,3490.0,1,3486.0,3488.0,3497.0,3488.0,567.0,19801830.0,168001
2023-05-10 21:02:50,m2311,m2311,3489.0,0.0,0.0,0.0,65,3488.0,3490.0,27,3486.0,3488.0,3497.0,3488.0,567.0,19801830.0,168001
2023-05-10 21:02:51,m2311,m2311,3489.0,0.0,0.0,0.0,25,3488.0,3490.0,27,3486.0,3488.0,3497.0,3488.0,567.0,19801830.0,168001
2023-05-10 21:02:51,m2311,m2311,3488.0,4.0,139520.0,0.0,3,3488.0,3489.0,6,3486.0,3488.0,3497.0,3488.0,571.0,19941350.0,168001
2023-05-10 21:02:52,m2311,m2311,3488.0,0.0,0.0,0.0,82,3487.0,3489.0,12,3486.0,3488.0,3497.0,3488.0,571.0,19941350.0,168001
2023-05-10 21:02:52,m2311,m2311,3488.0,0.0,0.0,0.0,28,3487.0,3489.0,26,3486.0,3488.0,3497.0,3488.0,571.0,19941350.0,168001
2023-05-10 21:02:53,m2311,m2311,3488.0,0.0,0.0,0.0,92,3487.0,3490.0,115,3486.0,3488.0,3497.0,3488.0,571.0,19941350.0,168001
2023-05-10 21:02:53,m2311,m2311,3488.0,0.0,0.0,0.0,1,3488.0,3490.0,97,3486.0,3488.0,3497.0,3488.0,571.0,19941350.0,168001
2023-05-10 21:02:54,m2311,m2311,3488.0,0.0,0.0,0.0,12,3488.0,3490.0,73,3486.0,3488.0,3497.0,3488.0,571.0,19941350.0,168001
2023-05-10 21:02:54,m2311,m2311,3488.0,4.0,139520.0,4.0,143,3487.0,3489.0,10,3486.0,3488.0,3497.0,3488.0,575.0,20080870.0,168005
2023-05-10 21:02:55,m2311,m2311,3488.0,0.0,0.0,0.0,128,3487.0,3489.0,22,3486.0,3488.0,3497.0,3488.0,575.0,20080870.0,168005
2023-05-10 21:02:55,m2311,m2311,3488.0,0.0,0.0,0.0,130,3487.0,3489.0,12,3486.0,3488.0,3497.0,3488.0,575.0,20080870.0,168005
2023-05-10 21:02:56,m2311,m2311,3488.0,0.0,0.0,0.0,120,3487.0,3489.0,22,3486.0,3488.0,3497.0,3488.0,575.0,20080870.0,168005
2023-05-10 21:02:57,m2311,m2311,3488.0,0.0,0.0,0.0,120,3487.0,3489.0,10,3486.0,3488.0,3497.0,3488.0,575.0,20080870.0,168005
2023-05-10 21:02:57,m2311,m2311,3488.0,0.0,0.0,0.0,130,3487.0,3489.0,10,3486.0,3488.0,3497.0,3488.0,575.0,20080870.0,168005
2023-05-10 21:03:00,m2311,m2311,3488.0,0.0,0.0,0.0,128,3487.0,3489.0,10,3486.0,3488.0,3497.0,3488.0,575.0,20080870.0,168005
2023-05-10 21:03:00,m2311,m2311,3488.0,0.0,0.0,0.0,118,3487.0,3489.0,32,3486.0,3488.0,3497.0,3488.0,575.0,20080870.0,168005
2023-05-10 21:03:01,m2311,m2311,3488.0,0.0,0.0,0.0,128,3487.0,3489.0,10,3486.0,3488.0,3497.0,3488.0,575.0,20080870.0,168005
2023-05-10 21:03:01,m2311,m2311,3488.0,0.0,0.0,0.0,138,3487.0,3489.0,10,3486.0,3488.0,3497.0,3488.0,575.0,20080870.0,168005
2023-05-10 21:03:02,m2311,m2311,3488.0,0.0,0.0,0.0,128,3487.0,3489.0,10,3486.0,3488.0,3497.0,3488.0,575.0,20080870.0,168005
2023-05-10 21:03:02,m2311,m2311,3489.0,10.0,348900.0,-10.0,3,3488.0,3490.0,139,3486.0,3488.0,3497.0,3488.0,585.0,20429770.0,167995
2023-05-10 21:03:03,m2311,m2311,3489.0,0.0,0.0,0.0,48,3488.0,3490.0,53,3486.0,3488.0,3497.0,3488.0,585.0,20429770.0,167995
2023-05-10 21:03:03,m2311,m2311,3489.0,0.0,0.0,0.0,73,3488.0,3490.0,25,3486.0,3488.0,3497.0,3488.0,585.0,20429770.0,167995
2023-05-10 21:03:04,m2311,m2311,3489.0,0.0,0.0,0.0,133,3488.0,3490.0,5,3486.0,3488.0,3497.0,3488.0,585.0,20429770.0,167995
2023-05-10 21:03:04,m2311,m2311,3489.0,0.0,0.0,0.0,144,3488.0,3490.0,5,3486.0,3488.0,3497.0,3488.0,585.0,20429770.0,167995
2023-05-10 21:03:05,m2311,m2311,3489.0,0.0,0.0,0.0,10,3489.0,3490.0,5,3486.0,3488.0,3497.0,3488.0,585.0,20429770.0,167995
2023-05-10 21:03:06,m2311,m2311,3488.0,96.0,3348480.0,32.0,46,3487.0,3488.0,40,3486.0,3488.0,3497.0,3488.0,681.0,23778250.0,168027
2023-05-10 21:03:06,m2311,m2311,3487.0,8.0,278960.0,2.0,27,3486.0,3488.0,42,3486.0,3488.0,3497.0,3487.0,689.0,24057210.0,168029
2023-05-10 21:03:07,m2311,m2311,3487.0,0.0,0.0,0.0,59,3486.0,3488.0,58,3486.0,3488.0,3497.0,3487.0,689.0,24057210.0,168029
2023-05-10 21:03:07,m2311,m2311,3487.0,0.0,0.0,0.0,86,3486.0,3488.0,42,3486.0,3488.0,3497.0,3487.0,689.0,24057210.0,168029
2023-05-10 21:03:08,m2311,m2311,3487.0,0.0,0.0,0.0,106,3486.0,3488.0,42,3486.0,3488.0,3497.0,3487.0,689.0,24057210.0,168029
2023-05-10 21:03:08,m2311,m2311,3487.0,0.0,0.0,0.0,121,3486.0,3488.0,42,3486.0,3488.0,3497.0,3487.0,689.0,24057210.0,168029
2023-05-10 21:03:09,m2311,m2311,3487.0,0.0,0.0,0.0,121,3486.0,3488.0,52,3486.0,3488.0,3497.0,3487.0,689.0,24057210.0,168029
2023-05-10 21:03:09,m2311,m2311,3487.0,0.0,0.0,0.0,104,3486.0,3488.0,74,3486.0,3488.0,3497.0,3487.0,689.0,24057210.0,168029
2023-05-10 21:03:10,m2311,m2311,3487.0,0.0,0.0,0.0,52,3486.0,3488.0,112,3486.0,3488.0,3497.0,3487.0,689.0,24057210.0,168029
2023-05-10 21:03:10,m2311,m2311,3487.0,0.0,0.0,0.0,43,3486.0,3488.0,110,3486.0,3488.0,3497.0,3487.0,689.0,24057210.0,168029
2023-05-10 21:03:11,m2311,m2311,3487.0,0.0,0.0,0.0,46,3486.0,3488.0,110,3486.0,3488.0,3497.0,3487.0,689.0,24057210.0,168029
2023-05-10 21:03:11,m2311,m2311,3487.0,0.0,0.0,0.0,61,3486.0,3488.0,120,3486.0,3488.0,3497.0,3487.0,689.0,24057210.0,168029
2023-05-10 21:03:12,m2311,m2311,3487.0,0.0,0.0,0.0,57,3486.0,3487.0,10,3486.0,3488.0,3497.0,3487.0,689.0,24057210.0,168029
2023-05-10 21:03:12,m2311,m2311,3487.0,10.0,348700.0,-10.0,48,3486.0,3488.0,130,3486.0,3488.0,3497.0,3487.0,699.0,24405910.0,168019
2023-05-10 21:03:13,m2311,m2311,3486.0,1.0,34860.0,1.0,36,3486.0,3488.0,120,3486.0,3488.0,3497.0,3486.0,700.0,24440770.0,168020
2023-05-10 21:03:13,m2311,m2311,3486.0,10.0,348600.0,9.0,2,3486.0,3488.0,130,3486.0,3488.0,3497.0,3486.0,710.0,24789370.0,168029
2023-05-10 21:03:14,m2311,m2311,3486.0,0.0,0.0,0.0,1,3486.0,3488.0,130,3486.0,3488.0,3497.0,3486.0,710.0,24789370.0,168029
2023-05-10 21:03:14,m2311,m2311,3486.0,0.0,0.0,0.0,117,3485.0,3488.0,142,3486.0,3488.0,3497.0,3486.0,710.0,24789370.0,168029
2023-05-10 21:03:15,m2311,m2311,3486.0,0.0,0.0,0.0,129,3485.0,3487.0,10,3486.0,3488.0,3497.0,3486.0,710.0,24789370.0,168029
2023-05-10 21:03:15,m2311,m2311,3486.0,0.0,0.0,0.0,138,3485.0,3488.0,176,3486.0,3488.0,3497.0,3486.0,710.0,24789370.0,168029
2023-05-10 21:03:16,m2311,m2311,3486.0,0.0,0.0,0.0,138,3485.0,3487.0,10,3486.0,3488.0,3497.0,3486.0,710.0,24789370.0,168029
2023-05-10 21:03:16,m2311,m2311,3486.0,0.0,0.0,0.0,137,3485.0,3487.0,10,3486.0,3488.0,3497.0,3486.0,710.0,24789370.0,168029
2023-05-10 21:03:17,m2311,m2311,3486.0,0.0,0.0,0.0,138,3485.0,3487.0,10,3486.0,3488.0,3497.0,3486.0,710.0,24789370.0,168029
2023-05-10 21:03:17,m2311,m2311,3486.0,0.0,0.0,0.0,133,3485.0,3488.0,166,3486.0,3488.0,3497.0,3486.0,710.0,24789370.0,168029
2023-05-10 21:03:18,m2311,m2311,3486.0,0.0,0.0,0.0,3,3486.0,3488.0,136,3486.0,3488.0,3497.0,3486.0,710.0,24789370.0,168029
2023-05-10 21:03:18,m2311,m2311,3486.0,0.0,0.0,0.0,3,3486.0,3487.0,10,3486.0,3488.0,3497.0,3486.0,710.0,24789370.0,168029
2023-05-10 21:03:19,m2311,m2311,3486.0,4.0,139450.0,-4.0,2,3486.0,3488.0,146,3486.0,3488.0,3497.0,3486.0,714.0,24928820.0,168025
2023-05-10 21:03:19,m2311,m2311,3486.0,0.0,0.0,0.0,123,3485.0,3487.0,10,3486.0,3488.0,3497.0,3486.0,714.0,24928820.0,168025
2023-05-10 21:03:20,m2311,m2311,3486.0,0.0,0.0,0.0,110,3485.0,3487.0,12,3486.0,3488.0,3497.0,3486.0,714.0,24928820.0,168025
2023-05-10 21:03:20,m2311,m2311,3487.0,1.0,34870.0,0.0,1,3486.0,3487.0,11,3486.0,3488.0,3497.0,3486.0,715.0,24963690.0,168025
2023-05-10 21:03:21,m2311,m2311,3487.0,9.0,313830.0,-9.0,14,3486.0,3488.0,144,3486.0,3488.0,3497.0,3486.0,724.0,25277520.0,168016
2023-05-10 21:03:21,m2311,m2311,3487.0,0.0,0.0,0.0,5,3486.0,3488.0,120,3486.0,3488.0,3497.0,3486.0,724.0,25277520.0,168016
2023-05-10 21:03:22,m2311,m2311,3487.0,0.0,0.0,0.0,11,3486.0,3488.0,142,3486.0,3488.0,3497.0,3486.0,724.0,25277520.0,168016
2023-05-10 21:03:22,m2311,m2311,3487.0,0.0,0.0,0.0,11,3486.0,3488.0,132,3486.0,3488.0,3497.0,3486.0,724.0,25277520.0,168016
2023-05-10 21:03:23,m2311,m2311,3487.0,0.0,0.0,0.0,11,3486.0,3488.0,122,3486.0,3488.0,3497.0,3486.0,724.0,25277520.0,168016
2023-05-10 21:03:24,m2311,m2311,3487.0,0.0,0.0,0.0,11,3486.0,3487.0,10,3486.0,3488.0,3497.0,3486.0,724.0,25277520.0,168016
2023-05-10 21:03:25,m2311,m2311,3487.0,1.0,34870.0,-1.0,12,3486.0,3488.0,162,3486.0,3488.0,3497.0,3486.0,725.0,25312390.0,168015
2023-05-10 21:03:25,m2311,m2311,3487.0,0.0,0.0,0.0,11,3486.0,3488.0,132,3486.0,3488.0,3497.0,3486.0,725.0,25312390.0,168015
2023-05-10 21:03:26,m2311,m2311,3487.0,0.0,0.0,0.0,15,3486.0,3488.0,132,3486.0,3488.0,3497.0,3486.0,725.0,25312390.0,168015
2023-05-10 21:03:26,m2311,m2311,3487.0,0.0,0.0,0.0,14,3486.0,3488.0,132,3486.0,3488.0,3497.0,3486.0,725.0,25312390.0,168015
2023-05-10 21:03:27,m2311,m2311,3487.0,0.0,0.0,0.0,10,3486.0,3488.0,132,3486.0,3488.0,3497.0,3486.0,725.0,25312390.0,168015
2023-05-10 21:03:28,m2311,m2311,3487.0,0.0,0.0,0.0,10,3486.0,3488.0,142,3486.0,3488.0,3497.0,3486.0,725.0,25312390.0,168015
2023-05-10 21:03:28,m2311,m2311,3487.0,0.0,0.0,0.0,8,3486.0,3488.0,132,3486.0,3488.0,3497.0,3486.0,725.0,25312390.0,168015
2023-05-10 21:03:30,m2311,m2311,3487.0,0.0,0.0,0.0,8,3486.0,3488.0,122,3486.0,3488.0,3497.0,3486.0,725.0,25312390.0,168015
2023-05-10 21:03:35,m2311,m2311,3488.0,1.0,34880.0,0.0,8,3486.0,3488.0,121,3486.0,3488.0,3497.0,3486.0,726.0,25347270.0,168015
2023-05-10 21:03:36,m2311,m2311,3488.0,0.0,0.0,0.0,8,3486.0,3488.0,131,3486.0,3488.0,3497.0,3486.0,726.0,25347270.0,168015
2023-05-10 21:03:37,m2311,m2311,3488.0,0.0,0.0,0.0,8,3486.0,3487.0,10,3486.0,3488.0,3497.0,3486.0,726.0,25347270.0,168015
2023-05-10 21:03:40,m2311,m2311,3488.0,0.0,0.0,0.0,8,3486.0,3487.0,12,3486.0,3488.0,3497.0,3486.0,726.0,25347270.0,168015
2023-05-10 21:03:40,m2311,m2311,3488.0,0.0,0.0,0.0,8,3486.0,3487.0,2,3486.0,3488.0,3497.0,3486.0,726.0,25347270.0,168015
2023-05-10 21:03:41,m2311,m2311,3486.0,3.0,104580.0,1.0,5,3486.0,3487.0,2,3486.0,3488.0,3497.0,3486.0,729.0,25451850.0,168016
2023-05-10 21:03:42,m2311,m2311,3486.0,0.0,0.0,0.0,6,3486.0,3487.0,2,3486.0,3488.0,3497.0,3486.0,729.0,25451850.0,168016
2023-05-10 21:03:42,m2311,m2311,3487.0,2.0,69740.0,-2.0,2,3487.0,3488.0,169,3486.0,3488.0,3497.0,3486.0,731.0,25521590.0,168014
2023-05-10 21:03:43,m2311,m2311,3487.0,2.0,69740.0,0.0,34,3486.0,3487.0,1,3486.0,3488.0,3497.0,3486.0,733.0,25591330.0,168014
2023-05-10 21:03:43,m2311,m2311,3487.0,0.0,0.0,0.0,18,3486.0,3487.0,1,3486.0,3488.0,3497.0,3486.0,733.0,25591330.0,168014
2023-05-10 21:03:50,m2311,m2311,3487.0,0.0,0.0,0.0,8,3486.0,3487.0,1,3486.0,3488.0,3497.0,3486.0,733.0,25591330.0,168014
2023-05-10 21:03:50,m2311,m2311,3487.0,0.0,0.0,0.0,18,3486.0,3487.0,1,3486.0,3488.0,3497.0,3486.0,733.0,25591330.0,168014
2023-05-10 21:04:00,m2311,m2311,3487.0,1.0,34870.0,0.0,2,3487.0,3488.0,117,3486.0,3488.0,3497.0,3486.0,734.0,25626200.0,168014
2023-05-10 21:04:00,m2311,m2311,3487.0,0.0,0.0,0.0,106,3486.0,3488.0,103,3486.0,3488.0,3497.0,3486.0,734.0,25626200.0,168014
2023-05-10 21:04:01,m2311,m2311,3487.0,0.0,0.0,0.0,130,3486.0,3488.0,93,3486.0,3488.0,3497.0,3486.0,734.0,25626200.0,168014
2023-05-10 21:04:01,m2311,m2311,3487.0,0.0,0.0,0.0,131,3486.0,3488.0,93,3486.0,3488.0,3497.0,3486.0,734.0,25626200.0,168014
2023-05-10 21:04:02,m2311,m2311,3487.0,0.0,0.0,0.0,141,3486.0,3488.0,93,3486.0,3488.0,3497.0,3486.0,734.0,25626200.0,168014
2023-05-10 21:04:03,m2311,m2311,3488.0,93.0,3243840.0,5.0,10,3488.0,3489.0,103,3486.0,3488.0,3497.0,3486.0,827.0,28870040.0,168019
2023-05-10 21:04:03,m2311,m2311,3488.0,0.0,0.0,0.0,12,3488.0,3489.0,7,3486.0,3488.0,3497.0,3486.0,827.0,28870040.0,168019
2023-05-10 21:04:04,m2311,m2311,3488.0,0.0,0.0,0.0,12,3488.0,3490.0,104,3486.0,3488.0,3497.0,3486.0,827.0,28870040.0,168019
2023-05-10 21:04:04,m2311,m2311,3488.0,0.0,0.0,0.0,12,3488.0,3489.0,6,3486.0,3488.0,3497.0,3486.0,827.0,28870040.0,168019
2023-05-10 21:04:05,m2311,m2311,3488.0,4.0,139520.0,0.0,8,3488.0,3489.0,6,3486.0,3488.0,3497.0,3486.0,831.0,29009560.0,168019
2023-05-10 21:04:06,m2311,m2311,3488.0,4.0,139520.0,0.0,14,3488.0,3490.0,92,3486.0,3488.0,3497.0,3486.0,835.0,29149080.0,168019
2023-05-10 21:04:07,m2311,m2311,3488.0,0.0,0.0,0.0,14,3488.0,3490.0,62,3486.0,3488.0,3497.0,3486.0,835.0,29149080.0,168019
2023-05-10 21:04:07,m2311,m2311,3488.0,0.0,0.0,0.0,14,3488.0,3490.0,42,3486.0,3488.0,3497.0,3486.0,835.0,29149080.0,168019
2023-05-10 21:04:08,m2311,m2311,3488.0,0.0,0.0,0.0,24,3488.0,3490.0,65,3486.0,3488.0,3497.0,3486.0,835.0,29149080.0,168019
2023-05-10 21:04:08,m2311,m2311,3488.0,4.0,139520.0,2.0,22,3488.0,3490.0,82,3486.0,3488.0,3497.0,3486.0,839.0,29288600.0,168021
2023-05-10 21:04:09,m2311,m2311,3488.0,0.0,0.0,0.0,22,3488.0,3490.0,112,3486.0,3488.0,3497.0,3486.0,839.0,29288600.0,168021
2023-05-10 21:04:09,m2311,m2311,3488.0,0.0,0.0,0.0,22,3488.0,3490.0,64,3486.0,3488.0,3497.0,3486.0,839.0,29288600.0,168021
2023-05-10 21:04:10,m2311,m2311,3488.0,0.0,0.0,0.0,22,3488.0,3490.0,54,3486.0,3488.0,3497.0,3486.0,839.0,29288600.0,168021
2023-05-10 21:04:10,m2311,m2311,3488.0,4.0,139520.0,0.0,12,3488.0,3490.0,44,3486.0,3488.0,3497.0,3486.0,843.0,29428120.0,168021
2023-05-10 21:04:11,m2311,m2311,3488.0,0.0,0.0,0.0,12,3488.0,3490.0,64,3486.0,3488.0,3497.0,3486.0,843.0,29428120.0,168021
2023-05-10 21:04:11,m2311,m2311,3488.0,0.0,0.0,0.0,12,3488.0,3490.0,95,3486.0,3488.0,3497.0,3486.0,843.0,29428120.0,168021
2023-05-10 21:04:12,m2311,m2311,3488.0,4.0,139520.0,4.0,2,3488.0,3490.0,125,3486.0,3488.0,3497.0,3486.0,847.0,29567640.0,168025
2023-05-10 21:04:12,m2311,m2311,3488.0,0.0,0.0,0.0,2,3488.0,3489.0,2,3486.0,3488.0,3497.0,3486.0,847.0,29567640.0,168025
2023-05-10 21:04:13,m2311,m2311,3488.0,4.0,139520.0,4.0,2,3488.0,3489.0,2,3486.0,3488.0,3497.0,3486.0,851.0,29707160.0,168029
2023-05-10 21:04:14,m2311,m2311,3487.0,158.0,5509500.0,13.0,57,3486.0,3487.0,30,3486.0,3488.0,3497.0,3486.0,1009.0,35216660.0,168042
2023-05-10 21:04:14,m2311,m2311,3487.0,5.0,174350.0,0.0,28,3486.0,3487.0,35,3486.0,3488.0,3497.0,3486.0,1014.0,35391010.0,168042
2023-05-10 21:04:15,m2311,m2311,3487.0,0.0,0.0,0.0,18,3486.0,3487.0,37,3486.0,3488.0,3497.0,3486.0,1014.0,35391010.0,168042
2023-05-10 21:04:15,m2311,m2311,3487.0,1.0,34870.0,0.0,18,3486.0,3487.0,46,3486.0,3488.0,3497.0,3486.0,1015.0,35425880.0,168042
2023-05-10 21:04:16,m2311,m2311,3487.0,3.0,104610.0,0.0,18,3486.0,3487.0,43,3486.0,3488.0,3497.0,3486.0,1018.0,35530490.0,168042
2023-05-10 21:04:17,m2311,m2311,3487.0,4.0,139480.0,0.0,18,3486.0,3487.0,39,3486.0,3488.0,3497.0,3486.0,1022.0,35669970.0,168042
2023-05-10 21:04:17,m2311,m2311,3487.0,1.0,34870.0,0.0,8,3486.0,3487.0,60,3486.0,3488.0,3497.0,3486.0,1023.0,35704840.0,168042
2023-05-10 21:04:18,m2311,m2311,3486.0,8.0,278880.0,-3.0,33,3485.0,3487.0,52,3486.0,3488.0,3497.0,3486.0,1031.0,35983720.0,168039
2023-05-10 21:04:18,m2311,m2311,3486.0,0.0,0.0,0.0,12,3485.0,3487.0,78,3486.0,3488.0,3497.0,3486.0,1031.0,35983720.0,168039
2023-05-10 21:04:19,m2311,m2311,3486.0,0.0,0.0,0.0,13,3485.0,3487.0,78,3486.0,3488.0,3497.0,3486.0,1031.0,35983720.0,168039
2023-05-10 21:04:21,m2311,m2311,3486.0,0.0,0.0,0.0,13,3485.0,3486.0,10,3486.0,3488.0,3497.0,3486.0,1031.0,35983720.0,168039
2023-05-10 21:04:21,m2311,m2311,3486.0,0.0,0.0,0.0,14,3485.0,3486.0,20,3486.0,3488.0,3497.0,3486.0,1031.0,35983720.0,168039
2023-05-10 21:04:22,m2311,m2311,3486.0,0.0,0.0,0.0,12,3485.0,3486.0,20,3486.0,3488.0,3497.0,3486.0,1031.0,35983720.0,168039
2023-05-10 21:04:23,m2311,m2311,3486.0,3.0,104580.0,0.0,12,3485.0,3486.0,17,3486.0,3488.0,3497.0,3486.0,1034.0,36088300.0,168039
2023-05-10 21:04:23,m2311,m2311,3486.0,0.0,0.0,0.0,12,3485.0,3486.0,7,3486.0,3488.0,3497.0,3486.0,1034.0,36088300.0,168039
2023-05-10 21:04:24,m2311,m2311,3486.0,5.0,174300.0,0.0,12,3485.0,3486.0,2,3486.0,3488.0,3497.0,3486.0,1039.0,36262600.0,168039
2023-05-10 21:04:24,m2311,m2311,3487.0,3.0,104590.0,0.0,12,3486.0,3487.0,93,3486.0,3488.0,3497.0,3486.0,1042.0,36367190.0,168039
2023-05-10 21:04:25,m2311,m2311,3487.0,1.0,34870.0,0.0,10,3486.0,3487.0,76,3486.0,3488.0,3497.0,3486.0,1043.0,36402060.0,168039
2023-05-10 21:04:25,m2311,m2311,3487.0,7.0,244090.0,0.0,10,3486.0,3487.0,49,3486.0,3488.0,3497.0,3486.0,1050.0,36646150.0,168039
2023-05-10 21:04:26,m2311,m2311,3487.0,1.0,34870.0,0.0,3,3486.0,3487.0,28,3486.0,3488.0,3497.0,3486.0,1051.0,36681020.0,168039
2023-05-10 21:04:27,m2311,m2311,3487.0,0.0,0.0,0.0,4,3486.0,3487.0,28,3486.0,3488.0,3497.0,3486.0,1051.0,36681020.0,168039
2023-05-10 21:04:30,m2311,m2311,3487.0,0.0,0.0,0.0,2,3486.0,3487.0,50,3486.0,3488.0,3497.0,3486.0,1051.0,36681020.0,168039
2023-05-10 21:04:31,m2311,m2311,3487.0,0.0,0.0,0.0,2,3486.0,3487.0,38,3486.0,3488.0,3497.0,3486.0,1051.0,36681020.0,168039
2023-05-10 21:04:33,m2311,m2311,3486.0,2.0,69720.0,0.0,1,3486.0,3487.0,38,3486.0,3488.0,3497.0,3486.0,1053.0,36750740.0,168039
2023-05-10 21:04:33,m2311,m2311,3486.0,0.0,0.0,0.0,1,3486.0,3487.0,40,3486.0,3488.0,3497.0,3486.0,1053.0,36750740.0,168039
2023-05-10 21:04:35,m2311,m2311,3486.0,0.0,0.0,0.0,1,3486.0,3487.0,38,3486.0,3488.0,3497.0,3486.0,1053.0,36750740.0,168039
2023-05-10 21:04:36,m2311,m2311,3486.0,0.0,0.0,0.0,2,3486.0,3487.0,18,3486.0,3488.0,3497.0,3486.0,1053.0,36750740.0,168039
2023-05-10 21:04:36,m2311,m2311,3487.0,18.0,627660.0,-2.0,7,3486.0,3488.0,148,3486.0,3488.0,3497.0,3486.0,1071.0,37378400.0,168037
2023-05-10 21:04:37,m2311,m2311,3487.0,0.0,0.0,0.0,6,3486.0,3488.0,144,3486.0,3488.0,3497.0,3486.0,1071.0,37378400.0,168037
2023-05-10 21:04:37,m2311,m2311,3487.0,0.0,0.0,0.0,6,3486.0,3488.0,134,3486.0,3488.0,3497.0,3486.0,1071.0,37378400.0,168037
2023-05-10 21:04:39,m2311,m2311,3488.0,108.0,3767040.0,1.0,36,3488.0,3489.0,59,3486.0,3488.0,3497.0,3486.0,1179.0,41145440.0,168038
2023-05-10 21:04:39,m2311,m2311,3488.0,4.0,139520.0,0.0,34,3488.0,3489.0,21,3486.0,3488.0,3497.0,3486.0,1183.0,41284960.0,168038
2023-05-10 21:04:40,m2311,m2311,3488.0,0.0,0.0,0.0,44,3488.0,3489.0,22,3486.0,3488.0,3497.0,3486.0,1183.0,41284960.0,168038
2023-05-10 21:04:40,m2311,m2311,3488.0,0.0,0.0,0.0,44,3488.0,3489.0,11,3486.0,3488.0,3497.0,3486.0,1183.0,41284960.0,168038
2023-05-10 21:04:43,m2311,m2311,3488.0,44.0,1534720.0,-12.0,2,3488.0,3489.0,13,3486.0,3488.0,3497.0,3486.0,1227.0,42819680.0,168026
2023-05-10 21:04:44,m2311,m2311,3488.0,2.0,69760.0,2.0,101,3487.0,3489.0,13,3486.0,3488.0,3497.0,3486.0,1229.0,42889440.0,168028
2023-05-10 21:04:44,m2311,m2311,3488.0,0.0,0.0,0.0,82,3487.0,3489.0,13,3486.0,3488.0,3497.0,3486.0,1229.0,42889440.0,168028
2023-05-10 21:04:46,m2311,m2311,3488.0,0.0,0.0,0.0,39,3487.0,3488.0,6,3486.0,3488.0,3497.0,3486.0,1229.0,42889440.0,168028
2023-05-10 21:04:46,m2311,m2311,3488.0,0.0,0.0,0.0,32,3487.0,3488.0,2,3486.0,3488.0,3497.0,3486.0,1229.0,42889440.0,168028
2023-05-10 21:04:47,m2311,m2311,3487.0,22.0,767140.0,-18.0,10,3487.0,3488.0,2,3486.0,3488.0,3497.0,3486.0,1251.0,43656580.0,168010
2023-05-10 21:04:48,m2311,m2311,3487.0,0.0,0.0,0.0,12,3487.0,3488.0,2,3486.0,3488.0,3497.0,3486.0,1251.0,43656580.0,168010
2023-05-10 21:04:51,m2311,m2311,3487.0,0.0,0.0,0.0,2,3487.0,3488.0,8,3486.0,3488.0,3497.0,3486.0,1251.0,43656580.0,168010
2023-05-10 21:04:52,m2311,m2311,3487.0,0.0,0.0,0.0,2,3487.0,3488.0,4,3486.0,3488.0,3497.0,3486.0,1251.0,43656580.0,168010
2023-05-10 21:04:54,m2311,m2311,3487.0,0.0,0.0,0.0,91,3486.0,3487.0,2,3486.0,3488.0,3497.0,3486.0,1251.0,43656580.0,168010
2023-05-10 21:04:54,m2311,m2311,3487.0,0.0,0.0,0.0,53,3486.0,3487.0,2,3486.0,3488.0,3497.0,3486.0,1251.0,43656580.0,168010
2023-05-10 21:04:55,m2311,m2311,3487.0,0.0,0.0,0.0,23,3486.0,3487.0,2,3486.0,3488.0,3497.0,3486.0,1251.0,43656580.0,168010
2023-05-10 21:04:56,m2311,m2311,3487.0,0.0,0.0,0.0,23,3486.0,3487.0,6,3486.0,3488.0,3497.0,3486.0,1251.0,43656580.0,168010
2023-05-10 21:04:56,m2311,m2311,3487.0,0.0,0.0,0.0,13,3486.0,3487.0,6,3486.0,3488.0,3497.0,3486.0,1251.0,43656580.0,168010
2023-05-10 21:04:57,m2311,m2311,3487.0,0.0,0.0,0.0,11,3486.0,3487.0,6,3486.0,3488.0,3497.0,3486.0,1251.0,43656580.0,168010
2023-05-10 21:04:58,m2311,m2311,3487.0,0.0,0.0,0.0,11,3486.0,3488.0,52,3486.0,3488.0,3497.0,3486.0,1251.0,43656580.0,168010
2023-05-10 21:04:59,m2311,m2311,3487.0,0.0,0.0,0.0,1,3486.0,3488.0,52,3486.0,3488.0,3497.0,3486.0,1251.0,43656580.0,168010
2023-05-10 21:04:59,m2311,m2311,3487.0,0.0,0.0,0.0,11,3486.0,3488.0,62,3486.0,3488.0,3497.0,3486.0,1251.0,43656580.0,168010
2023-05-10 21:05:00,m2311,m2311,3487.0,0.0,0.0,0.0,1,3486.0,3487.0,6,3486.0,3488.0,3497.0,3486.0,1251.0,43656580.0,168010
2023-05-10 21:05:01,m2311,m2311,3487.0,0.0,0.0,0.0,11,3486.0,3488.0,66,3486.0,3488.0,3497.0,3486.0,1251.0,43656580.0,168010
2023-05-10 21:05:01,m2311,m2311,3487.0,0.0,0.0,0.0,11,3486.0,3488.0,52,3486.0,3488.0,3497.0,3486.0,1251.0,43656580.0,168010
2023-05-10 21:05:02,m2311,m2311,3488.0,1.0,34880.0,0.0,11,3486.0,3488.0,51,3486.0,3488.0,3497.0,3486.0,1252.0,43691460.0,168010
2023-05-10 21:05:03,m2311,m2311,3488.0,0.0,0.0,0.0,1,3486.0,3488.0,39,3486.0,3488.0,3497.0,3486.0,1252.0,43691460.0,168010
2023-05-10 21:05:05,m2311,m2311,3488.0,0.0,0.0,0.0,1,3486.0,3488.0,41,3486.0,3488.0,3497.0,3486.0,1252.0,43691460.0,168010
2023-05-10 21:05:06,m2311,m2311,3488.0,0.0,0.0,0.0,37,3486.0,3488.0,39,3486.0,3488.0,3497.0,3486.0,1252.0,43691460.0,168010
2023-05-10 21:05:06,m2311,m2311,3488.0,37.0,1290560.0,-14.0,18,3488.0,3489.0,119,3486.0,3488.0,3497.0,3486.0,1289.0,44982020.0,167996
2023-05-10 21:05:07,m2311,m2311,3488.0,0.0,0.0,0.0,20,3488.0,3489.0,27,3486.0,3488.0,3497.0,3486.0,1289.0,44982020.0,167996
2023-05-10 21:05:07,m2311,m2311,3488.0,0.0,0.0,0.0,20,3488.0,3489.0,15,3486.0,3488.0,3497.0,3486.0,1289.0,44982020.0,167996
2023-05-10 21:05:08,m2311,m2311,3488.0,0.0,0.0,0.0,20,3488.0,3489.0,11,3486.0,3488.0,3497.0,3486.0,1289.0,44982020.0,167996
2023-05-10 21:05:10,m2311,m2311,3488.0,0.0,0.0,0.0,30,3488.0,3489.0,11,3486.0,3488.0,3497.0,3486.0,1289.0,44982020.0,167996
2023-05-10 21:05:14,m2311,m2311,3488.0,1.0,34880.0,1.0,29,3488.0,3489.0,11,3486.0,3488.0,3497.0,3486.0,1290.0,45016900.0,167997
2023-05-10 21:05:16,m2311,m2311,3488.0,0.0,0.0,0.0,29,3488.0,3489.0,22,3486.0,3488.0,3497.0,3486.0,1290.0,45016900.0,167997
2023-05-10 21:05:16,m2311,m2311,3488.0,0.0,0.0,0.0,29,3488.0,3489.0,13,3486.0,3488.0,3497.0,3486.0,1290.0,45016900.0,167997
2023-05-10 21:05:17,m2311,m2311,3488.0,0.0,0.0,0.0,29,3488.0,3489.0,11,3486.0,3488.0,3497.0,3486.0,1290.0,45016900.0,167997
2023-05-10 21:05:19,m2311,m2311,3488.0,0.0,0.0,0.0,29,3488.0,3489.0,22,3486.0,3488.0,3497.0,3486.0,1290.0,45016900.0,167997
2023-05-10 21:05:19,m2311,m2311,3488.0,0.0,0.0,0.0,29,3488.0,3489.0,11,3486.0,3488.0,3497.0,3486.0,1290.0,45016900.0,167997
2023-05-10 21:05:21,m2311,m2311,3488.0,0.0,0.0,0.0,35,3488.0,3489.0,11,3486.0,3488.0,3497.0,3486.0,1290.0,45016900.0,167997
2023-05-10 21:05:22,m2311,m2311,3488.0,0.0,0.0,0.0,35,3488.0,3489.0,29,3486.0,3488.0,3497.0,3486.0,1290.0,45016900.0,167997
2023-05-10 21:05:23,m2311,m2311,3488.0,27.0,941760.0,11.0,120,3487.0,3489.0,42,3486.0,3488.0,3497.0,3486.0,1317.0,45958660.0,168008
2023-05-10 21:05:23,m2311,m2311,3488.0,0.0,0.0,0.0,68,3487.0,3488.0,2,3486.0,3488.0,3497.0,3486.0,1317.0,45958660.0,168008
2023-05-10 21:05:24,m2311,m2311,3488.0,0.0,0.0,0.0,22,3487.0,3488.0,4,3486.0,3488.0,3497.0,3486.0,1317.0,45958660.0,168008
2023-05-10 21:05:26,m2311,m2311,3488.0,0.0,0.0,0.0,32,3487.0,3488.0,4,3486.0,3488.0,3497.0,3486.0,1317.0,45958660.0,168008
2023-05-10 21:05:27,m2311,m2311,3488.0,0.0,0.0,0.0,32,3487.0,3488.0,2,3486.0,3488.0,3497.0,3486.0,1317.0,45958660.0,168008
2023-05-10 21:05:28,m2311,m2311,3488.0,0.0,0.0,0.0,22,3487.0,3488.0,2,3486.0,3488.0,3497.0,3486.0,1317.0,45958660.0,168008
2023-05-10 21:05:28,m2311,m2311,3488.0,0.0,0.0,0.0,12,3487.0,3488.0,2,3486.0,3488.0,3497.0,3486.0,1317.0,45958660.0,168008
2023-05-10 21:05:31,m2311,m2311,3488.0,0.0,0.0,0.0,22,3487.0,3488.0,2,3486.0,3488.0,3497.0,3486.0,1317.0,45958660.0,168008
2023-05-10 21:05:33,m2311,m2311,3488.0,0.0,0.0,0.0,12,3487.0,3488.0,8,3486.0,3488.0,3497.0,3486.0,1317.0,45958660.0,168008
2023-05-10 21:05:36,m2311,m2311,3488.0,0.0,0.0,0.0,48,3487.0,3488.0,8,3486.0,3488.0,3497.0,3486.0,1317.0,45958660.0,168008
2023-05-10 21:05:36,m2311,m2311,3488.0,0.0,0.0,0.0,55,3487.0,3488.0,8,3486.0,3488.0,3497.0,3486.0,1317.0,45958660.0,168008
2023-05-10 21:05:36,m2311,m2311,3488.0,0.0,0.0,0.0,65,3487.0,3488.0,8,3486.0,3488.0,3497.0,3486.0,1317.0,45958660.0,168008
2023-05-10 21:05:39,m2311,m2311,3488.0,0.0,0.0,0.0,55,3487.0,3488.0,8,3486.0,3488.0,3497.0,3486.0,1317.0,45958660.0,168008
2023-05-10 21:05:39,m2311,m2311,3488.0,0.0,0.0,0.0,13,3487.0,3488.0,10,3486.0,3488.0,3497.0,3486.0,1317.0,45958660.0,168008
2023-05-10 21:05:40,m2311,m2311,3488.0,0.0,0.0,0.0,2,3487.0,3488.0,10,3486.0,3488.0,3497.0,3486.0,1317.0,45958660.0,168008
2023-05-10 21:05:40,m2311,m2311,3488.0,0.0,0.0,0.0,12,3487.0,3488.0,10,3486.0,3488.0,3497.0,3486.0,1317.0,45958660.0,168008
2023-05-10 21:05:41,m2311,m2311,3488.0,0.0,0.0,0.0,12,3487.0,3488.0,8,3486.0,3488.0,3497.0,3486.0,1317.0,45958660.0,168008
2023-05-10 21:05:44,m2311,m2311,3488.0,0.0,0.0,0.0,28,3487.0,3488.0,8,3486.0,3488.0,3497.0,3486.0,1317.0,45958660.0,168008
2023-05-10 21:05:44,m2311,m2311,3488.0,0.0,0.0,0.0,12,3487.0,3488.0,8,3486.0,3488.0,3497.0,3486.0,1317.0,45958660.0,168008
2023-05-10 21:05:45,m2311,m2311,3488.0,0.0,0.0,0.0,28,3487.0,3488.0,8,3486.0,3488.0,3497.0,3486.0,1317.0,45958660.0,168008
2023-05-10 21:05:45,m2311,m2311,3488.0,0.0,0.0,0.0,32,3487.0,3488.0,8,3486.0,3488.0,3497.0,3486.0,1317.0,45958660.0,168008
2023-05-10 21:05:46,m2311,m2311,3488.0,0.0,0.0,0.0,33,3487.0,3488.0,8,3486.0,3488.0,3497.0,3486.0,1317.0,45958660.0,168008
2023-05-10 21:05:47,m2311,m2311,3488.0,0.0,0.0,0.0,23,3487.0,3488.0,8,3486.0,3488.0,3497.0,3486.0,1317.0,45958660.0,168008
2023-05-10 21:05:48,m2311,m2311,3489.0,19.0,662830.0,-9.0,16,3488.0,3489.0,38,3486.0,3488.0,3497.0,3486.0,1336.0,46621490.0,167999
2023-05-10 21:05:49,m2311,m2311,3489.0,0.0,0.0,0.0,35,3488.0,3490.0,166,3486.0,3488.0,3497.0,3486.0,1336.0,46621490.0,167999
2023-05-10 21:05:49,m2311,m2311,3489.0,0.0,0.0,0.0,34,3488.0,3490.0,134,3486.0,3488.0,3497.0,3486.0,1336.0,46621490.0,167999
2023-05-10 21:05:50,m2311,m2311,3489.0,0.0,0.0,0.0,35,3488.0,3490.0,134,3486.0,3488.0,3497.0,3486.0,1336.0,46621490.0,167999
2023-05-10 21:05:51,m2311,m2311,3489.0,0.0,0.0,0.0,33,3488.0,3490.0,134,3486.0,3488.0,3497.0,3486.0,1336.0,46621490.0,167999
2023-05-10 21:05:52,m2311,m2311,3489.0,0.0,0.0,0.0,34,3488.0,3490.0,134,3486.0,3488.0,3497.0,3486.0,1336.0,46621490.0,167999
2023-05-10 21:05:52,m2311,m2311,3489.0,0.0,0.0,0.0,34,3488.0,3489.0,6,3486.0,3488.0,3497.0,3486.0,1336.0,46621490.0,167999
2023-05-10 21:05:53,m2311,m2311,3489.0,0.0,0.0,0.0,35,3488.0,3490.0,159,3486.0,3488.0,3497.0,3486.0,1336.0,46621490.0,167999
2023-05-10 21:05:53,m2311,m2311,3489.0,0.0,0.0,0.0,34,3488.0,3490.0,139,3486.0,3488.0,3497.0,3486.0,1336.0,46621490.0,167999
2023-05-10 21:05:54,m2311,m2311,3489.0,0.0,0.0,0.0,34,3488.0,3489.0,6,3486.0,3488.0,3497.0,3486.0,1336.0,46621490.0,167999
2023-05-10 21:05:55,m2311,m2311,3489.0,0.0,0.0,0.0,13,3488.0,3489.0,7,3486.0,3488.0,3497.0,3486.0,1336.0,46621490.0,167999
2023-05-10 21:05:55,m2311,m2311,3489.0,0.0,0.0,0.0,21,3488.0,3489.0,7,3486.0,3488.0,3497.0,3486.0,1336.0,46621490.0,167999
2023-05-10 21:05:58,m2311,m2311,3489.0,0.0,0.0,0.0,21,3488.0,3489.0,2,3486.0,3488.0,3497.0,3486.0,1336.0,46621490.0,167999
2023-05-10 21:05:58,m2311,m2311,3489.0,0.0,0.0,0.0,21,3488.0,3489.0,7,3486.0,3488.0,3497.0,3486.0,1336.0,46621490.0,167999
2023-05-10 21:05:59,m2311,m2311,3489.0,0.0,0.0,0.0,44,3488.0,3490.0,149,3486.0,3488.0,3497.0,3486.0,1336.0,46621490.0,167999
2023-05-10 21:06:00,m2311,m2311,3489.0,0.0,0.0,0.0,33,3488.0,3489.0,6,3486.0,3488.0,3497.0,3486.0,1336.0,46621490.0,167999
2023-05-10 21:06:00,m2311,m2311,3489.0,0.0,0.0,0.0,23,3488.0,3489.0,8,3486.0,3488.0,3497.0,3486.0,1336.0,46621490.0,167999
2023-05-10 21:06:01,m2311,m2311,3489.0,0.0,0.0,0.0,21,3488.0,3489.0,7,3486.0,3488.0,3497.0,3486.0,1336.0,46621490.0,167999
2023-05-10 21:06:02,m2311,m2311,3489.0,0.0,0.0,0.0,42,3488.0,3490.0,134,3486.0,3488.0,3497.0,3486.0,1336.0,46621490.0,167999
2023-05-10 21:06:02,m2311,m2311,3489.0,0.0,0.0,0.0,62,3488.0,3490.0,107,3486.0,3488.0,3497.0,3486.0,1336.0,46621490.0,167999
2023-05-10 21:06:03,m2311,m2311,3489.0,0.0,0.0,0.0,73,3488.0,3490.0,107,3486.0,3488.0,3497.0,3486.0,1336.0,46621490.0,167999
2023-05-10 21:06:03,m2311,m2311,3489.0,0.0,0.0,0.0,83,3488.0,3490.0,117,3486.0,3488.0,3497.0,3486.0,1336.0,46621490.0,167999
2023-05-10 21:06:10,m2311,m2311,3489.0,0.0,0.0,0.0,83,3488.0,3490.0,113,3486.0,3488.0,3497.0,3486.0,1336.0,46621490.0,167999
2023-05-10 21:06:11,m2311,m2311,3489.0,0.0,0.0,0.0,89,3488.0,3490.0,113,3486.0,3488.0,3497.0,3486.0,1336.0,46621490.0,167999
2023-05-10 21:06:12,m2311,m2311,3489.0,0.0,0.0,0.0,89,3488.0,3490.0,103,3486.0,3488.0,3497.0,3486.0,1336.0,46621490.0,167999
2023-05-10 21:06:13,m2311,m2311,3489.0,0.0,0.0,0.0,18,3489.0,3490.0,56,3486.0,3488.0,3497.0,3486.0,1336.0,46621490.0,167999
2023-05-10 21:06:13,m2311,m2311,3489.0,0.0,0.0,0.0,21,3489.0,3490.0,10,3486.0,3488.0,3497.0,3486.0,1336.0,46621490.0,167999
2023-05-10 21:06:14,m2311,m2311,3489.0,0.0,0.0,0.0,32,3489.0,3490.0,10,3486.0,3488.0,3497.0,3486.0,1336.0,46621490.0,167999
2023-05-10 21:06:15,m2311,m2311,3489.0,0.0,0.0,0.0,33,3489.0,3490.0,10,3486.0,3488.0,3497.0,3486.0,1336.0,46621490.0,167999
2023-05-10 21:06:15,m2311,m2311,3489.0,0.0,0.0,0.0,33,3489.0,3490.0,11,3486.0,3488.0,3497.0,3486.0,1336.0,46621490.0,167999
2023-05-10 21:06:16,m2311,m2311,3489.0,1.0,34890.0,1.0,32,3489.0,3490.0,11,3486.0,3488.0,3497.0,3486.0,1337.0,46656380.0,168000
2023-05-10 21:06:16,m2311,m2311,3489.0,0.0,0.0,0.0,22,3489.0,3490.0,11,3486.0,3488.0,3497.0,3486.0,1337.0,46656380.0,168000
2023-05-10 21:06:16,m2311,m2311,3489.0,0.0,0.0,0.0,32,3489.0,3490.0,11,3486.0,3488.0,3497.0,3486.0,1337.0,46656380.0,168000
2023-05-10 21:06:18,m2311,m2311,3489.0,0.0,0.0,0.0,22,3489.0,3490.0,11,3486.0,3488.0,3497.0,3486.0,1337.0,46656380.0,168000
2023-05-10 21:06:22,m2311,m2311,3489.0,10.0,348900.0,-3.0,87,3488.0,3490.0,70,3486.0,3488.0,3497.0,3486.0,1347.0,47005280.0,167997
2023-05-10 21:06:22,m2311,m2311,3489.0,0.0,0.0,0.0,73,3488.0,3490.0,90,3486.0,3488.0,3497.0,3486.0,1347.0,47005280.0,167997
2023-05-10 21:06:23,m2311,m2311,3489.0,0.0,0.0,0.0,37,3488.0,3489.0,6,3486.0,3488.0,3497.0,3486.0,1347.0,47005280.0,167997
2023-05-10 21:06:23,m2311,m2311,3489.0,0.0,0.0,0.0,28,3488.0,3490.0,146,3486.0,3488.0,3497.0,3486.0,1347.0,47005280.0,167997
2023-05-10 21:06:24,m2311,m2311,3489.0,0.0,0.0,0.0,27,3488.0,3490.0,146,3486.0,3488.0,3497.0,3486.0,1347.0,47005280.0,167997
2023-05-10 21:06:24,m2311,m2311,3489.0,0.0,0.0,0.0,1,3489.0,3490.0,146,3486.0,3488.0,3497.0,3486.0,1347.0,47005280.0,167997
2023-05-10 21:06:25,m2311,m2311,3489.0,1.0,34890.0,-1.0,63,3488.0,3489.0,2,3486.0,3488.0,3497.0,3486.0,1348.0,47040170.0,167996
2023-05-10 21:06:25,m2311,m2311,3489.0,0.0,0.0,0.0,28,3488.0,3490.0,146,3486.0,3488.0,3497.0,3486.0,1348.0,47040170.0,167996
2023-05-10 21:06:26,m2311,m2311,3489.0,0.0,0.0,0.0,27,3488.0,3489.0,6,3486.0,3488.0,3497.0,3486.0,1348.0,47040170.0,167996
2023-05-10 21:06:26,m2311,m2311,3488.0,15.0,523200.0,14.0,94,3487.0,3489.0,32,3486.0,3488.0,3497.0,3486.0,1363.0,47563370.0,168010
2023-05-10 21:06:27,m2311,m2311,3488.0,0.0,0.0,0.0,91,3487.0,3488.0,2,3486.0,3488.0,3497.0,3486.0,1363.0,47563370.0,168010
2023-05-10 21:06:27,m2311,m2311,3488.0,0.0,0.0,0.0,66,3487.0,3488.0,2,3486.0,3488.0,3497.0,3486.0,1363.0,47563370.0,168010
2023-05-10 21:06:28,m2311,m2311,3488.0,1.0,34880.0,-1.0,56,3487.0,3488.0,1,3486.0,3488.0,3497.0,3486.0,1364.0,47598250.0,168009
2023-05-10 21:06:28,m2311,m2311,3488.0,0.0,0.0,0.0,46,3487.0,3488.0,1,3486.0,3488.0,3497.0,3486.0,1364.0,47598250.0,168009
2023-05-10 21:06:31,m2311,m2311,3488.0,1.0,34880.0,-1.0,2,3488.0,3489.0,53,3486.0,3488.0,3497.0,3486.0,1365.0,47633130.0,168008
2023-05-10 21:06:32,m2311,m2311,3488.0,0.0,0.0,0.0,2,3488.0,3489.0,8,3486.0,3488.0,3497.0,3486.0,1365.0,47633130.0,168008
2023-05-10 21:06:38,m2311,m2311,3488.0,0.0,0.0,0.0,2,3488.0,3489.0,10,3486.0,3488.0,3497.0,3486.0,1365.0,47633130.0,168008
2023-05-10 21:06:41,m2311,m2311,3488.0,2.0,69760.0,0.0,129,3487.0,3489.0,10,3486.0,3488.0,3497.0,3486.0,1367.0,47702890.0,168008
2023-05-10 21:06:41,m2311,m2311,3488.0,2.0,69760.0,0.0,2,3488.0,3489.0,10,3486.0,3488.0,3497.0,3486.0,1369.0,47772650.0,168008
2023-05-10 21:06:45,m2311,m2311,3488.0,0.0,0.0,0.0,2,3488.0,3489.0,20,3486.0,3488.0,3497.0,3486.0,1369.0,47772650.0,168008
2023-05-10 21:06:46,m2311,m2311,3488.0,2.0,69760.0,2.0,119,3487.0,3488.0,11,3486.0,3488.0,3497.0,3486.0,1371.0,47842410.0,168010
2023-05-10 21:06:46,m2311,m2311,3488.0,0.0,0.0,0.0,86,3487.0,3488.0,2,3486.0,3488.0,3497.0,3486.0,1371.0,47842410.0,168010
2023-05-10 21:06:47,m2311,m2311,3487.0,112.0,3905360.0,24.0,37,3486.0,3488.0,2,3486.0,3488.0,3497.0,3486.0,1483.0,51747770.0,168034
2023-05-10 21:06:47,m2311,m2311,3487.0,0.0,0.0,0.0,38,3486.0,3488.0,4,3486.0,3488.0,3497.0,3486.0,1483.0,51747770.0,168034
2023-05-10 21:06:48,m2311,m2311,3487.0,0.0,0.0,0.0,70,3486.0,3488.0,2,3486.0,3488.0,3497.0,3486.0,1483.0,51747770.0,168034
2023-05-10 21:06:48,m2311,m2311,3487.0,0.0,0.0,0.0,1,3487.0,3488.0,2,3486.0,3488.0,3497.0,3486.0,1483.0,51747770.0,168034
2023-05-10 21:06:49,m2311,m2311,3487.0,0.0,0.0,0.0,122,3486.0,3488.0,13,3486.0,3488.0,3497.0,3486.0,1483.0,51747770.0,168034
2023-05-10 21:06:49,m2311,m2311,3487.0,0.0,0.0,0.0,129,3486.0,3488.0,8,3486.0,3488.0,3497.0,3486.0,1483.0,51747770.0,168034
2023-05-10 21:06:50,m2311,m2311,3487.0,0.0,0.0,0.0,106,3486.0,3488.0,8,3486.0,3488.0,3497.0,3486.0,1483.0,51747770.0,168034
2023-05-10 21:06:50,m2311,m2311,3487.0,0.0,0.0,0.0,119,3486.0,3488.0,13,3486.0,3488.0,3497.0,3486.0,1483.0,51747770.0,168034
2023-05-10 21:06:51,m2311,m2311,3487.0,0.0,0.0,0.0,109,3486.0,3488.0,19,3486.0,3488.0,3497.0,3486.0,1483.0,51747770.0,168034
2023-05-10 21:06:51,m2311,m2311,3487.0,0.0,0.0,0.0,109,3486.0,3488.0,21,3486.0,3488.0,3497.0,3486.0,1483.0,51747770.0,168034
2023-05-10 21:06:52,m2311,m2311,3487.0,0.0,0.0,0.0,109,3486.0,3488.0,19,3486.0,3488.0,3497.0,3486.0,1483.0,51747770.0,168034
2023-05-10 21:06:53,m2311,m2311,3487.0,0.0,0.0,0.0,109,3486.0,3488.0,20,3486.0,3488.0,3497.0,3486.0,1483.0,51747770.0,168034
2023-05-10 21:06:54,m2311,m2311,3487.0,0.0,0.0,0.0,109,3486.0,3488.0,22,3486.0,3488.0,3497.0,3486.0,1483.0,51747770.0,168034
2023-05-10 21:06:55,m2311,m2311,3487.0,0.0,0.0,0.0,109,3486.0,3488.0,20,3486.0,3488.0,3497.0,3486.0,1483.0,51747770.0,168034
2023-05-10 21:06:56,m2311,m2311,3487.0,0.0,0.0,0.0,111,3486.0,3488.0,22,3486.0,3488.0,3497.0,3486.0,1483.0,51747770.0,168034
2023-05-10 21:06:56,m2311,m2311,3486.0,18.0,627480.0,-6.0,44,3486.0,3487.0,7,3486.0,3488.0,3497.0,3486.0,1501.0,52375250.0,168028
2023-05-10 21:06:57,m2311,m2311,3486.0,0.0,0.0,0.0,24,3486.0,3487.0,1,3486.0,3488.0,3497.0,3486.0,1501.0,52375250.0,168028
2023-05-10 21:06:57,m2311,m2311,3486.0,0.0,0.0,0.0,14,3486.0,3487.0,1,3486.0,3488.0,3497.0,3486.0,1501.0,52375250.0,168028
2023-05-10 21:06:58,m2311,m2311,3486.0,0.0,0.0,0.0,12,3486.0,3487.0,1,3486.0,3488.0,3497.0,3486.0,1501.0,52375250.0,168028
2023-05-10 21:07:05,m2311,m2311,3487.0,2.0,69730.0,1.0,1,3487.0,3488.0,128,3486.0,3488.0,3497.0,3486.0,1503.0,52444980.0,168029
2023-05-10 21:07:05,m2311,m2311,3487.0,1.0,34870.0,0.0,71,3486.0,3487.0,5,3486.0,3488.0,3497.0,3486.0,1504.0,52479850.0,168029
2023-05-10 21:07:06,m2311,m2311,3487.0,5.0,174350.0,-5.0,45,3486.0,3488.0,92,3486.0,3488.0,3497.0,3486.0,1509.0,52654200.0,168024
2023-05-10 21:07:06,m2311,m2311,3487.0,0.0,0.0,0.0,35,3486.0,3488.0,82,3486.0,3488.0,3497.0,3486.0,1509.0,52654200.0,168024
2023-05-10 21:07:07,m2311,m2311,3487.0,0.0,0.0,0.0,41,3486.0,3488.0,82,3486.0,3488.0,3497.0,3486.0,1509.0,52654200.0,168024
2023-05-10 21:07:10,m2311,m2311,3487.0,0.0,0.0,0.0,31,3486.0,3488.0,94,3486.0,3488.0,3497.0,3486.0,1509.0,52654200.0,168024
2023-05-10 21:07:10,m2311,m2311,3487.0,0.0,0.0,0.0,31,3486.0,3488.0,124,3486.0,3488.0,3497.0,3486.0,1509.0,52654200.0,168024
2023-05-10 21:07:11,m2311,m2311,3487.0,0.0,0.0,0.0,19,3486.0,3488.0,124,3486.0,3488.0,3497.0,3486.0,1509.0,52654200.0,168024
2023-05-10 21:07:12,m2311,m2311,3487.0,0.0,0.0,0.0,6,3486.0,3487.0,16,3486.0,3488.0,3497.0,3486.0,1509.0,52654200.0,168024
2023-05-10 21:07:12,m2311,m2311,3487.0,0.0,0.0,0.0,142,3485.0,3488.0,163,3486.0,3488.0,3497.0,3486.0,1509.0,52654200.0,168024
2023-05-10 21:07:13,m2311,m2311,3487.0,0.0,0.0,0.0,123,3485.0,3487.0,2,3486.0,3488.0,3497.0,3486.0,1509.0,52654200.0,168024
2023-05-10 21:07:13,m2311,m2311,3487.0,0.0,0.0,0.0,10,3486.0,3487.0,2,3486.0,3488.0,3497.0,3486.0,1509.0,52654200.0,168024
2023-05-10 21:07:21,m2311,m2311,3486.0,10.0,348600.0,0.0,127,3485.0,3487.0,4,3486.0,3488.0,3497.0,3486.0,1519.0,53002800.0,168024
2023-05-10 21:07:21,m2311,m2311,3486.0,0.0,0.0,0.0,123,3485.0,3487.0,4,3486.0,3488.0,3497.0,3486.0,1519.0,53002800.0,168024
2023-05-10 21:07:23,m2311,m2311,3486.0,0.0,0.0,0.0,123,3485.0,3487.0,2,3486.0,3488.0,3497.0,3486.0,1519.0,53002800.0,168024
2023-05-10 21:07:24,m2311,m2311,3486.0,0.0,0.0,0.0,113,3485.0,3487.0,2,3486.0,3488.0,3497.0,3486.0,1519.0,53002800.0,168024
2023-05-10 21:07:26,m2311,m2311,3486.0,0.0,0.0,0.0,123,3485.0,3487.0,2,3486.0,3488.0,3497.0,3486.0,1519.0,53002800.0,168024
2023-05-10 21:07:35,m2311,m2311,3486.0,0.0,0.0,0.0,133,3485.0,3487.0,2,3486.0,3488.0,3497.0,3486.0,1519.0,53002800.0,168024
2023-05-10 21:07:37,m2311,m2311,3486.0,0.0,0.0,0.0,111,3485.0,3487.0,26,3486.0,3488.0,3497.0,3486.0,1519.0,53002800.0,168024
2023-05-10 21:07:38,m2311,m2311,3486.0,0.0,0.0,0.0,121,3485.0,3487.0,26,3486.0,3488.0,3497.0,3486.0,1519.0,53002800.0,168024
2023-05-10 21:07:42,m2311,m2311,3486.0,0.0,0.0,0.0,121,3485.0,3487.0,16,3486.0,3488.0,3497.0,3486.0,1519.0,53002800.0,168024
2023-05-10 21:07:43,m2311,m2311,3486.0,0.0,0.0,0.0,48,3485.0,3486.0,2,3486.0,3488.0,3497.0,3486.0,1519.0,53002800.0,168024
2023-05-10 21:07:44,m2311,m2311,3486.0,0.0,0.0,0.0,12,3485.0,3487.0,126,3486.0,3488.0,3497.0,3486.0,1519.0,53002800.0,168024
2023-05-10 21:07:44,m2311,m2311,3486.0,0.0,0.0,0.0,11,3485.0,3487.0,113,3486.0,3488.0,3497.0,3486.0,1519.0,53002800.0,168024
2023-05-10 21:07:45,m2311,m2311,3486.0,0.0,0.0,0.0,11,3485.0,3486.0,10,3486.0,3488.0,3497.0,3486.0,1519.0,53002800.0,168024
2023-05-10 21:07:46,m2311,m2311,3486.0,10.0,348600.0,-10.0,13,3485.0,3487.0,111,3486.0,3488.0,3497.0,3486.0,1529.0,53351400.0,168014
2023-05-10 21:07:46,m2311,m2311,3486.0,0.0,0.0,0.0,11,3485.0,3487.0,101,3486.0,3488.0,3497.0,3486.0,1529.0,53351400.0,168014
2023-05-10 21:07:47,m2311,m2311,3486.0,0.0,0.0,0.0,11,3485.0,3487.0,81,3486.0,3488.0,3497.0,3486.0,1529.0,53351400.0,168014
2023-05-10 21:07:50,m2311,m2311,3486.0,0.0,0.0,0.0,11,3485.0,3487.0,88,3486.0,3488.0,3497.0,3486.0,1529.0,53351400.0,168014
2023-05-10 21:07:52,m2311,m2311,3486.0,0.0,0.0,0.0,13,3485.0,3487.0,98,3486.0,3488.0,3497.0,3486.0,1529.0,53351400.0,168014
2023-05-10 21:07:52,m2311,m2311,3486.0,0.0,0.0,0.0,13,3485.0,3487.0,118,3486.0,3488.0,3497.0,3486.0,1529.0,53351400.0,168014
2023-05-10 21:07:53,m2311,m2311,3486.0,0.0,0.0,0.0,3,3485.0,3487.0,123,3486.0,3488.0,3497.0,3486.0,1529.0,53351400.0,168014
2023-05-10 21:07:55,m2311,m2311,3485.0,1.0,34850.0,0.0,3,3485.0,3487.0,123,3486.0,3488.0,3497.0,3485.0,1530.0,53386250.0,168014
2023-05-10 21:07:55,m2311,m2311,3485.0,1.0,34850.0,-1.0,2,3485.0,3487.0,123,3486.0,3488.0,3497.0,3485.0,1531.0,53421100.0,168013
2023-05-10 21:07:56,m2311,m2311,3485.0,0.0,0.0,0.0,12,3485.0,3487.0,111,3486.0,3488.0,3497.0,3485.0,1531.0,53421100.0,168013
2023-05-10 21:07:56,m2311,m2311,3485.0,0.0,0.0,0.0,2,3485.0,3487.0,128,3486.0,3488.0,3497.0,3485.0,1531.0,53421100.0,168013
2023-05-10 21:07:57,m2311,m2311,3485.0,0.0,0.0,0.0,2,3485.0,3487.0,123,3486.0,3488.0,3497.0,3485.0,1531.0,53421100.0,168013
2023-05-10 21:07:58,m2311,m2311,3485.0,0.0,0.0,0.0,2,3485.0,3487.0,128,3486.0,3488.0,3497.0,3485.0,1531.0,53421100.0,168013
2023-05-10 21:07:58,m2311,m2311,3485.0,0.0,0.0,0.0,2,3485.0,3487.0,123,3486.0,3488.0,3497.0,3485.0,1531.0,53421100.0,168013
2023-05-10 21:08:01,m2311,m2311,3485.0,0.0,0.0,0.0,2,3485.0,3486.0,6,3486.0,3488.0,3497.0,3485.0,1531.0,53421100.0,168013
2023-05-10 21:08:01,m2311,m2311,3485.0,0.0,0.0,0.0,3,3485.0,3487.0,137,3486.0,3488.0,3497.0,3485.0,1531.0,53421100.0,168013
2023-05-10 21:08:01,m2311,m2311,3485.0,0.0,0.0,0.0,3,3485.0,3487.0,123,3486.0,3488.0,3497.0,3485.0,1531.0,53421100.0,168013
2023-05-10 21:08:02,m2311,m2311,3485.0,2.0,69700.0,-2.0,115,3484.0,3486.0,32,3486.0,3488.0,3497.0,3485.0,1533.0,53490800.0,168011
2023-05-10 21:08:03,m2311,m2311,3485.0,0.0,0.0,0.0,111,3484.0,3486.0,22,3486.0,3488.0,3497.0,3485.0,1533.0,53490800.0,168011
2023-05-10 21:08:04,m2311,m2311,3485.0,0.0,0.0,0.0,121,3484.0,3486.0,22,3486.0,3488.0,3497.0,3485.0,1533.0,53490800.0,168011
2023-05-10 21:08:04,m2311,m2311,3485.0,0.0,0.0,0.0,131,3484.0,3486.0,12,3486.0,3488.0,3497.0,3485.0,1533.0,53490800.0,168011
2023-05-10 21:08:05,m2311,m2311,3485.0,0.0,0.0,0.0,10,3485.0,3486.0,2,3486.0,3488.0,3497.0,3485.0,1533.0,53490800.0,168011
2023-05-10 21:08:07,m2311,m2311,3486.0,2.0,69720.0,-2.0,10,3485.0,3487.0,156,3486.0,3488.0,3497.0,3485.0,1535.0,53560520.0,168009
2023-05-10 21:08:07,m2311,m2311,3486.0,0.0,0.0,0.0,31,3485.0,3487.0,99,3486.0,3488.0,3497.0,3485.0,1535.0,53560520.0,168009
2023-05-10 21:08:08,m2311,m2311,3486.0,0.0,0.0,0.0,33,3485.0,3487.0,89,3486.0,3488.0,3497.0,3485.0,1535.0,53560520.0,168009
2023-05-10 21:08:08,m2311,m2311,3486.0,0.0,0.0,0.0,33,3485.0,3487.0,69,3486.0,3488.0,3497.0,3485.0,1535.0,53560520.0,168009
2023-05-10 21:08:15,m2311,m2311,3485.0,1.0,34850.0,0.0,32,3485.0,3487.0,69,3486.0,3488.0,3497.0,3485.0,1536.0,53595370.0,168009
2023-05-10 21:08:16,m2311,m2311,3485.0,0.0,0.0,0.0,32,3485.0,3487.0,71,3486.0,3488.0,3497.0,3485.0,1536.0,53595370.0,168009
2023-05-10 21:08:16,m2311,m2311,3485.0,0.0,0.0,0.0,32,3485.0,3487.0,81,3486.0,3488.0,3497.0,3485.0,1536.0,53595370.0,168009
2023-05-10 21:08:17,m2311,m2311,3485.0,0.0,0.0,0.0,22,3485.0,3487.0,101,3486.0,3488.0,3497.0,3485.0,1536.0,53595370.0,168009
2023-05-10 21:08:17,m2311,m2311,3485.0,0.0,0.0,0.0,22,3485.0,3487.0,111,3486.0,3488.0,3497.0,3485.0,1536.0,53595370.0,168009
2023-05-10 21:08:19,m2311,m2311,3485.0,0.0,0.0,0.0,20,3485.0,3487.0,111,3486.0,3488.0,3497.0,3485.0,1536.0,53595370.0,168009
2023-05-10 21:08:19,m2311,m2311,3485.0,0.0,0.0,0.0,11,3485.0,3487.0,111,3486.0,3488.0,3497.0,3485.0,1536.0,53595370.0,168009
2023-05-10 21:08:20,m2311,m2311,3485.0,0.0,0.0,0.0,1,3486.0,3487.0,111,3486.0,3488.0,3497.0,3485.0,1536.0,53595370.0,168009
2023-05-10 21:08:21,m2311,m2311,3485.0,0.0,0.0,0.0,1,3486.0,3487.0,55,3486.0,3488.0,3497.0,3485.0,1536.0,53595370.0,168009
2023-05-10 21:08:21,m2311,m2311,3485.0,0.0,0.0,0.0,1,3486.0,3487.0,35,3486.0,3488.0,3497.0,3485.0,1536.0,53595370.0,168009
2023-05-10 21:08:23,m2311,m2311,3485.0,0.0,0.0,0.0,1,3486.0,3487.0,33,3486.0,3488.0,3497.0,3485.0,1536.0,53595370.0,168009
2023-05-10 21:08:24,m2311,m2311,3485.0,0.0,0.0,0.0,1,3486.0,3487.0,55,3486.0,3488.0,3497.0,3485.0,1536.0,53595370.0,168009
2023-05-10 21:08:25,m2311,m2311,3485.0,0.0,0.0,0.0,1,3486.0,3487.0,43,3486.0,3488.0,3497.0,3485.0,1536.0,53595370.0,168009
2023-05-10 21:08:26,m2311,m2311,3485.0,0.0,0.0,0.0,1,3486.0,3487.0,45,3486.0,3488.0,3497.0,3485.0,1536.0,53595370.0,168009
2023-05-10 21:08:28,m2311,m2311,3485.0,0.0,0.0,0.0,1,3486.0,3487.0,33,3486.0,3488.0,3497.0,3485.0,1536.0,53595370.0,168009
2023-05-10 21:08:30,m2311,m2311,3485.0,0.0,0.0,0.0,1,3486.0,3487.0,23,3486.0,3488.0,3497.0,3485.0,1536.0,53595370.0,168009
2023-05-10 21:08:41,m2311,m2311,3487.0,23.0,802010.0,-13.0,1,3486.0,3488.0,144,3486.0,3488.0,3497.0,3485.0,1559.0,54397380.0,167996
2023-05-10 21:08:42,m2311,m2311,3487.0,0.0,0.0,0.0,4,3486.0,3488.0,105,3486.0,3488.0,3497.0,3485.0,1559.0,54397380.0,167996
2023-05-10 21:08:42,m2311,m2311,3487.0,0.0,0.0,0.0,1,3486.0,3488.0,132,3486.0,3488.0,3497.0,3485.0,1559.0,54397380.0,167996
2023-05-10 21:08:43,m2311,m2311,3487.0,0.0,0.0,0.0,1,3486.0,3488.0,162,3486.0,3488.0,3497.0,3485.0,1559.0,54397380.0,167996
2023-05-10 21:08:43,m2311,m2311,3487.0,0.0,0.0,0.0,1,3486.0,3488.0,142,3486.0,3488.0,3497.0,3485.0,1559.0,54397380.0,167996
2023-05-10 21:08:47,m2311,m2311,3487.0,0.0,0.0,0.0,1,3486.0,3488.0,152,3486.0,3488.0,3497.0,3485.0,1559.0,54397380.0,167996
2023-05-10 21:08:48,m2311,m2311,3487.0,0.0,0.0,0.0,2,3486.0,3488.0,142,3486.0,3488.0,3497.0,3485.0,1559.0,54397380.0,167996
2023-05-10 21:08:51,m2311,m2311,3487.0,0.0,0.0,0.0,2,3486.0,3487.0,6,3486.0,3488.0,3497.0,3485.0,1559.0,54397380.0,167996
2023-05-10 21:08:51,m2311,m2311,3487.0,0.0,0.0,0.0,2,3486.0,3488.0,166,3486.0,3488.0,3497.0,3485.0,1559.0,54397380.0,167996
2023-05-10 21:08:52,m2311,m2311,3487.0,0.0,0.0,0.0,2,3486.0,3488.0,142,3486.0,3488.0,3497.0,3485.0,1559.0,54397380.0,167996
2023-05-10 21:08:59,m2311,m2311,3487.0,0.0,0.0,0.0,2,3486.0,3487.0,6,3486.0,3488.0,3497.0,3485.0,1559.0,54397380.0,167996
2023-05-10 21:09:00,m2311,m2311,3487.0,0.0,0.0,0.0,3,3486.0,3487.0,6,3486.0,3488.0,3497.0,3485.0,1559.0,54397380.0,167996
2023-05-10 21:09:02,m2311,m2311,3487.0,0.0,0.0,0.0,3,3486.0,3488.0,166,3486.0,3488.0,3497.0,3485.0,1559.0,54397380.0,167996
2023-05-10 21:09:03,m2311,m2311,3487.0,0.0,0.0,0.0,3,3486.0,3488.0,142,3486.0,3488.0,3497.0,3485.0,1559.0,54397380.0,167996
2023-05-10 21:09:04,m2311,m2311,3487.0,0.0,0.0,0.0,3,3486.0,3488.0,152,3486.0,3488.0,3497.0,3485.0,1559.0,54397380.0,167996
2023-05-10 21:09:05,m2311,m2311,3487.0,0.0,0.0,0.0,3,3486.0,3488.0,142,3486.0,3488.0,3497.0,3485.0,1559.0,54397380.0,167996
2023-05-10 21:09:12,m2311,m2311,3486.0,3.0,104580.0,-2.0,225,3485.0,3487.0,26,3486.0,3488.0,3497.0,3485.0,1562.0,54501960.0,167994
2023-05-10 21:09:12,m2311,m2311,3486.0,0.0,0.0,0.0,188,3485.0,3487.0,51,3486.0,3488.0,3497.0,3485.0,1562.0,54501960.0,167994
2023-05-10 21:09:13,m2311,m2311,3486.0,0.0,0.0,0.0,188,3485.0,3487.0,61,3486.0,3488.0,3497.0,3485.0,1562.0,54501960.0,167994
2023-05-10 21:09:13,m2311,m2311,3486.0,0.0,0.0,0.0,198,3485.0,3487.0,61,3486.0,3488.0,3497.0,3485.0,1562.0,54501960.0,167994
2023-05-10 21:09:15,m2311,m2311,3486.0,0.0,0.0,0.0,198,3485.0,3487.0,49,3486.0,3488.0,3497.0,3485.0,1562.0,54501960.0,167994
2023-05-10 21:09:17,m2311,m2311,3486.0,0.0,0.0,0.0,168,3485.0,3486.0,2,3486.0,3488.0,3497.0,3485.0,1562.0,54501960.0,167994
2023-05-10 21:09:17,m2311,m2311,3486.0,0.0,0.0,0.0,152,3485.0,3486.0,2,3486.0,3488.0,3497.0,3485.0,1562.0,54501960.0,167994
2023-05-10 21:09:18,m2311,m2311,3486.0,0.0,0.0,0.0,162,3485.0,3486.0,2,3486.0,3488.0,3497.0,3485.0,1562.0,54501960.0,167994
2023-05-10 21:09:20,m2311,m2311,3486.0,0.0,0.0,0.0,172,3485.0,3486.0,2,3486.0,3488.0,3497.0,3485.0,1562.0,54501960.0,167994
2023-05-10 21:09:26,m2311,m2311,3486.0,0.0,0.0,0.0,162,3485.0,3486.0,2,3486.0,3488.0,3497.0,3485.0,1562.0,54501960.0,167994
2023-05-10 21:09:28,m2311,m2311,3485.0,152.0,5297200.0,32.0,106,3484.0,3485.0,20,3486.0,3488.0,3497.0,3485.0,1714.0,59799160.0,168026
2023-05-10 21:09:29,m2311,m2311,3485.0,0.0,0.0,0.0,20,3484.0,3485.0,20,3486.0,3488.0,3497.0,3485.0,1714.0,59799160.0,168026
2023-05-10 21:09:29,m2311,m2311,3485.0,0.0,0.0,0.0,10,3484.0,3485.0,22,3486.0,3488.0,3497.0,3485.0,1714.0,59799160.0,168026
2023-05-10 21:09:30,m2311,m2311,3485.0,0.0,0.0,0.0,122,3483.0,3485.0,22,3486.0,3488.0,3497.0,3485.0,1714.0,59799160.0,168026
2023-05-10 21:09:30,m2311,m2311,3485.0,0.0,0.0,0.0,121,3483.0,3485.0,22,3486.0,3488.0,3497.0,3485.0,1714.0,59799160.0,168026
2023-05-10 21:09:31,m2311,m2311,3485.0,22.0,766700.0,-2.0,121,3483.0,3486.0,156,3486.0,3488.0,3497.0,3485.0,1736.0,60565860.0,168024
2023-05-10 21:09:31,m2311,m2311,3485.0,0.0,0.0,0.0,24,3484.0,3486.0,102,3486.0,3488.0,3497.0,3485.0,1736.0,60565860.0,168024
2023-05-10 21:09:32,m2311,m2311,3485.0,0.0,0.0,0.0,28,3484.0,3486.0,78,3486.0,3488.0,3497.0,3485.0,1736.0,60565860.0,168024
2023-05-10 21:09:32,m2311,m2311,3485.0,0.0,0.0,0.0,28,3484.0,3486.0,58,3486.0,3488.0,3497.0,3485.0,1736.0,60565860.0,168024
2023-05-10 21:09:33,m2311,m2311,3485.0,0.0,0.0,0.0,28,3484.0,3486.0,38,3486.0,3488.0,3497.0,3485.0,1736.0,60565860.0,168024
2023-05-10 21:09:33,m2311,m2311,3485.0,0.0,0.0,0.0,38,3484.0,3486.0,18,3486.0,3488.0,3497.0,3485.0,1736.0,60565860.0,168024
2023-05-10 21:09:34,m2311,m2311,3485.0,0.0,0.0,0.0,64,3484.0,3486.0,22,3486.0,3488.0,3497.0,3485.0,1736.0,60565860.0,168024
2023-05-10 21:09:34,m2311,m2311,3485.0,0.0,0.0,0.0,84,3484.0,3486.0,12,3486.0,3488.0,3497.0,3485.0,1736.0,60565860.0,168024
2023-05-10 21:09:35,m2311,m2311,3485.0,0.0,0.0,0.0,104,3484.0,3486.0,12,3486.0,3488.0,3497.0,3485.0,1736.0,60565860.0,168024
2023-05-10 21:09:36,m2311,m2311,3485.0,0.0,0.0,0.0,114,3484.0,3486.0,12,3486.0,3488.0,3497.0,3485.0,1736.0,60565860.0,168024
2023-05-10 21:09:37,m2311,m2311,3485.0,0.0,0.0,0.0,114,3484.0,3485.0,2,3486.0,3488.0,3497.0,3485.0,1736.0,60565860.0,168024
2023-05-10 21:09:37,m2311,m2311,3485.0,2.0,69700.0,-2.0,78,3484.0,3486.0,38,3486.0,3488.0,3497.0,3485.0,1738.0,60635560.0,168022
2023-05-10 21:09:38,m2311,m2311,3485.0,0.0,0.0,0.0,94,3484.0,3486.0,12,3486.0,3488.0,3497.0,3485.0,1738.0,60635560.0,168022
2023-05-10 21:09:38,m2311,m2311,3485.0,0.0,0.0,0.0,84,3484.0,3486.0,22,3486.0,3488.0,3497.0,3485.0,1738.0,60635560.0,168022
2023-05-10 21:09:44,m2311,m2311,3485.0,0.0,0.0,0.0,84,3484.0,3486.0,24,3486.0,3488.0,3497.0,3485.0,1738.0,60635560.0,168022
2023-05-10 21:09:45,m2311,m2311,3485.0,0.0,0.0,0.0,80,3484.0,3485.0,16,3486.0,3488.0,3497.0,3485.0,1738.0,60635560.0,168022
2023-05-10 21:09:46,m2311,m2311,3485.0,0.0,0.0,0.0,22,3484.0,3485.0,10,3486.0,3488.0,3497.0,3485.0,1738.0,60635560.0,168022
2023-05-10 21:09:46,m2311,m2311,3485.0,0.0,0.0,0.0,12,3484.0,3485.0,10,3486.0,3488.0,3497.0,3485.0,1738.0,60635560.0,168022
2023-05-10 21:09:47,m2311,m2311,3485.0,0.0,0.0,0.0,2,3484.0,3485.0,10,3486.0,3488.0,3497.0,3485.0,1738.0,60635560.0,168022
2023-05-10 21:09:56,m2311,m2311,3485.0,0.0,0.0,0.0,121,3483.0,3485.0,10,3486.0,3488.0,3497.0,3485.0,1738.0,60635560.0,168022
2023-05-10 21:09:58,m2311,m2311,3485.0,0.0,0.0,0.0,131,3483.0,3486.0,175,3486.0,3488.0,3497.0,3485.0,1738.0,60635560.0,168022
2023-05-10 21:09:58,m2311,m2311,3485.0,0.0,0.0,0.0,131,3483.0,3485.0,10,3486.0,3488.0,3497.0,3485.0,1738.0,60635560.0,168022
2023-05-10 21:10:02,m2311,m2311,3485.0,10.0,348500.0,-10.0,12,3484.0,3486.0,118,3486.0,3488.0,3497.0,3485.0,1748.0,60984060.0,168012
2023-05-10 21:10:02,m2311,m2311,3485.0,0.0,0.0,0.0,14,3484.0,3486.0,116,3486.0,3488.0,3497.0,3485.0,1748.0,60984060.0,168012
2023-05-10 21:10:03,m2311,m2311,3485.0,0.0,0.0,0.0,2,3484.0,3485.0,10,3486.0,3488.0,3497.0,3485.0,1748.0,60984060.0,168012
2023-05-10 21:10:03,m2311,m2311,3485.0,0.0,0.0,0.0,2,3484.0,3485.0,6,3486.0,3488.0,3497.0,3485.0,1748.0,60984060.0,168012
2023-05-10 21:10:04,m2311,m2311,3485.0,0.0,0.0,0.0,2,3484.0,3486.0,160,3486.0,3488.0,3497.0,3485.0,1748.0,60984060.0,168012
2023-05-10 21:10:04,m2311,m2311,3485.0,0.0,0.0,0.0,23,3484.0,3486.0,114,3486.0,3488.0,3497.0,3485.0,1748.0,60984060.0,168012
2023-05-10 21:10:05,m2311,m2311,3485.0,0.0,0.0,0.0,23,3484.0,3486.0,112,3486.0,3488.0,3497.0,3485.0,1748.0,60984060.0,168012
2023-05-10 21:10:06,m2311,m2311,3485.0,0.0,0.0,0.0,25,3484.0,3486.0,112,3486.0,3488.0,3497.0,3485.0,1748.0,60984060.0,168012
2023-05-10 21:10:08,m2311,m2311,3485.0,0.0,0.0,0.0,35,3484.0,3486.0,102,3486.0,3488.0,3497.0,3485.0,1748.0,60984060.0,168012
2023-05-10 21:10:10,m2311,m2311,3485.0,0.0,0.0,0.0,35,3484.0,3486.0,112,3486.0,3488.0,3497.0,3485.0,1748.0,60984060.0,168012
2023-05-10 21:10:19,m2311,m2311,3485.0,0.0,0.0,0.0,25,3484.0,3486.0,112,3486.0,3488.0,3497.0,3485.0,1748.0,60984060.0,168012
2023-05-10 21:10:19,m2311,m2311,3485.0,0.0,0.0,0.0,21,3484.0,3486.0,122,3486.0,3488.0,3497.0,3485.0,1748.0,60984060.0,168012
2023-05-10 21:10:20,m2311,m2311,3486.0,1.0,34860.0,0.0,21,3484.0,3486.0,121,3486.0,3488.0,3497.0,3485.0,1749.0,61018920.0,168012
2023-05-10 21:10:22,m2311,m2311,3486.0,0.0,0.0,0.0,11,3484.0,3486.0,121,3486.0,3488.0,3497.0,3485.0,1749.0,61018920.0,168012
2023-05-10 21:10:27,m2311,m2311,3485.0,1.0,34850.0,-1.0,31,3484.0,3485.0,10,3486.0,3488.0,3497.0,3485.0,1750.0,61053770.0,168011
2023-05-10 21:10:28,m2311,m2311,3485.0,10.0,348500.0,-10.0,11,3484.0,3486.0,111,3486.0,3488.0,3497.0,3485.0,1760.0,61402270.0,168001
2023-05-10 21:10:28,m2311,m2311,3485.0,0.0,0.0,0.0,11,3484.0,3486.0,113,3486.0,3488.0,3497.0,3485.0,1760.0,61402270.0,168001
2023-05-10 21:10:29,m2311,m2311,3485.0,0.0,0.0,0.0,11,3484.0,3486.0,123,3486.0,3488.0,3497.0,3485.0,1760.0,61402270.0,168001
2023-05-10 21:10:39,m2311,m2311,3484.0,11.0,383240.0,0.0,169,3483.0,3484.0,89,3486.0,3488.0,3497.0,3484.0,1771.0,61785510.0,168001
2023-05-10 21:10:39,m2311,m2311,3484.0,109.0,3797560.0,-100.0,12,3484.0,3485.0,36,3486.0,3488.0,3497.0,3484.0,1880.0,65583070.0,167901
2023-05-10 21:10:40,m2311,m2311,3484.0,0.0,0.0,0.0,12,3484.0,3485.0,10,3486.0,3488.0,3497.0,3484.0,1880.0,65583070.0,167901
2023-05-10 21:10:41,m2311,m2311,3484.0,0.0,0.0,0.0,4,3484.0,3485.0,10,3486.0,3488.0,3497.0,3484.0,1880.0,65583070.0,167901
2023-05-10 21:10:43,m2311,m2311,3484.0,0.0,0.0,0.0,6,3484.0,3485.0,10,3486.0,3488.0,3497.0,3484.0,1880.0,65583070.0,167901
2023-05-10 21:10:46,m2311,m2311,3484.0,0.0,0.0,0.0,26,3484.0,3485.0,10,3486.0,3488.0,3497.0,3484.0,1880.0,65583070.0,167901
2023-05-10 21:10:46,m2311,m2311,3484.0,0.0,0.0,0.0,28,3484.0,3485.0,10,3486.0,3488.0,3497.0,3484.0,1880.0,65583070.0,167901
2023-05-10 21:10:47,m2311,m2311,3484.0,0.0,0.0,0.0,38,3484.0,3485.0,10,3486.0,3488.0,3497.0,3484.0,1880.0,65583070.0,167901
2023-05-10 21:10:54,m2311,m2311,3484.0,13.0,452920.0,4.0,25,3484.0,3485.0,10,3486.0,3488.0,3497.0,3484.0,1893.0,66035990.0,167905
2023-05-10 21:10:54,m2311,m2311,3484.0,15.0,522600.0,2.0,105,3483.0,3485.0,32,3486.0,3488.0,3497.0,3484.0,1908.0,66558590.0,167907
2023-05-10 21:10:55,m2311,m2311,3484.0,0.0,0.0,0.0,81,3483.0,3485.0,32,3486.0,3488.0,3497.0,3484.0,1908.0,66558590.0,167907
2023-05-10 21:10:55,m2311,m2311,3484.0,0.0,0.0,0.0,71,3483.0,3485.0,32,3486.0,3488.0,3497.0,3484.0,1908.0,66558590.0,167907
2023-05-10 21:10:56,m2311,m2311,3484.0,0.0,0.0,0.0,81,3483.0,3485.0,32,3486.0,3488.0,3497.0,3484.0,1908.0,66558590.0,167907
2023-05-10 21:10:58,m2311,m2311,3484.0,0.0,0.0,0.0,10,3484.0,3485.0,10,3486.0,3488.0,3497.0,3484.0,1908.0,66558590.0,167907
2023-05-10 21:10:58,m2311,m2311,3484.0,0.0,0.0,0.0,167,3483.0,3485.0,10,3486.0,3488.0,3497.0,3484.0,1908.0,66558590.0,167907
2023-05-10 21:10:59,m2311,m2311,3484.0,0.0,0.0,0.0,149,3483.0,3485.0,10,3486.0,3488.0,3497.0,3484.0,1908.0,66558590.0,167907
2023-05-10 21:10:59,m2311,m2311,3484.0,0.0,0.0,0.0,101,3483.0,3485.0,12,3486.0,3488.0,3497.0,3484.0,1908.0,66558590.0,167907
2023-05-10 21:11:00,m2311,m2311,3484.0,0.0,0.0,0.0,111,3483.0,3485.0,12,3486.0,3488.0,3497.0,3484.0,1908.0,66558590.0,167907
2023-05-10 21:11:02,m2311,m2311,3484.0,0.0,0.0,0.0,111,3483.0,3485.0,10,3486.0,3488.0,3497.0,3484.0,1908.0,66558590.0,167907
2023-05-10 21:11:02,m2311,m2311,3484.0,0.0,0.0,0.0,10,3484.0,3485.0,10,3486.0,3488.0,3497.0,3484.0,1908.0,66558590.0,167907
2023-05-10 21:11:07,m2311,m2311,3485.0,10.0,348500.0,-10.0,10,3484.0,3486.0,135,3486.0,3488.0,3497.0,3484.0,1918.0,66907090.0,167897
2023-05-10 21:11:07,m2311,m2311,3485.0,0.0,0.0,0.0,10,3484.0,3486.0,133,3486.0,3488.0,3497.0,3484.0,1918.0,66907090.0,167897
2023-05-10 21:11:16,m2311,m2311,3485.0,0.0,0.0,0.0,10,3484.0,3485.0,6,3486.0,3488.0,3497.0,3484.0,1918.0,66907090.0,167897
2023-05-10 21:11:17,m2311,m2311,3485.0,0.0,0.0,0.0,115,3483.0,3485.0,15,3486.0,3488.0,3497.0,3484.0,1918.0,66907090.0,167897
2023-05-10 21:11:17,m2311,m2311,3485.0,0.0,0.0,0.0,121,3483.0,3485.0,15,3486.0,3488.0,3497.0,3484.0,1918.0,66907090.0,167897
2023-05-10 21:11:18,m2311,m2311,3485.0,0.0,0.0,0.0,10,3484.0,3485.0,3,3486.0,3488.0,3497.0,3484.0,1918.0,66907090.0,167897
2023-05-10 21:11:20,m2311,m2311,3484.0,5.0,174200.0,0.0,135,3483.0,3485.0,3,3486.0,3488.0,3497.0,3484.0,1923.0,67081290.0,167897
2023-05-10 21:11:20,m2311,m2311,3484.0,0.0,0.0,0.0,121,3483.0,3485.0,3,3486.0,3488.0,3497.0,3484.0,1923.0,67081290.0,167897
2023-05-10 21:11:21,m2311,m2311,3484.0,0.0,0.0,0.0,111,3483.0,3485.0,3,3486.0,3488.0,3497.0,3484.0,1923.0,67081290.0,167897
2023-05-10 21:11:22,m2311,m2311,3484.0,0.0,0.0,0.0,2,3484.0,3485.0,5,3486.0,3488.0,3497.0,3484.0,1923.0,67081290.0,167897
2023-05-10 21:11:23,m2311,m2311,3484.0,0.0,0.0,0.0,2,3484.0,3485.0,3,3486.0,3488.0,3497.0,3484.0,1923.0,67081290.0,167897
2023-05-10 21:11:27,m2311,m2311,3484.0,0.0,0.0,0.0,3,3484.0,3485.0,3,3486.0,3488.0,3497.0,3484.0,1923.0,67081290.0,167897
2023-05-10 21:11:28,m2311,m2311,3484.0,0.0,0.0,0.0,3,3484.0,3485.0,15,3486.0,3488.0,3497.0,3484.0,1923.0,67081290.0,167897
2023-05-10 21:11:29,m2311,m2311,3484.0,0.0,0.0,0.0,3,3484.0,3485.0,5,3486.0,3488.0,3497.0,3484.0,1923.0,67081290.0,167897
2023-05-10 21:11:31,m2311,m2311,3484.0,0.0,0.0,0.0,1,3484.0,3485.0,5,3486.0,3488.0,3497.0,3484.0,1923.0,67081290.0,167897
2023-05-10 21:11:32,m2311,m2311,3484.0,0.0,0.0,0.0,1,3484.0,3485.0,35,3486.0,3488.0,3497.0,3484.0,1923.0,67081290.0,167897
2023-05-10 21:11:33,m2311,m2311,3484.0,1.0,34840.0,-1.0,81,3483.0,3485.0,14,3486.0,3488.0,3497.0,3484.0,1924.0,67116130.0,167896
2023-05-10 21:11:33,m2311,m2311,3484.0,0.0,0.0,0.0,71,3483.0,3485.0,46,3486.0,3488.0,3497.0,3484.0,1924.0,67116130.0,167896
2023-05-10 21:11:34,m2311,m2311,3484.0,0.0,0.0,0.0,51,3483.0,3485.0,46,3486.0,3488.0,3497.0,3484.0,1924.0,67116130.0,167896
2023-05-10 21:11:34,m2311,m2311,3484.0,0.0,0.0,0.0,21,3483.0,3485.0,46,3486.0,3488.0,3497.0,3484.0,1924.0,67116130.0,167896
2023-05-10 21:11:35,m2311,m2311,3484.0,0.0,0.0,0.0,5,3483.0,3485.0,72,3486.0,3488.0,3497.0,3484.0,1924.0,67116130.0,167896
2023-05-10 21:11:35,m2311,m2311,3484.0,0.0,0.0,0.0,2,3483.0,3485.0,112,3486.0,3488.0,3497.0,3484.0,1924.0,67116130.0,167896
2023-05-10 21:11:37,m2311,m2311,3484.0,0.0,0.0,0.0,2,3483.0,3485.0,110,3486.0,3488.0,3497.0,3484.0,1924.0,67116130.0,167896
2023-05-10 21:11:37,m2311,m2311,3484.0,0.0,0.0,0.0,13,3483.0,3485.0,100,3486.0,3488.0,3497.0,3484.0,1924.0,67116130.0,167896
2023-05-10 21:11:38,m2311,m2311,3484.0,0.0,0.0,0.0,13,3483.0,3485.0,110,3486.0,3488.0,3497.0,3484.0,1924.0,67116130.0,167896
2023-05-10 21:11:38,m2311,m2311,3484.0,0.0,0.0,0.0,13,3483.0,3485.0,120,3486.0,3488.0,3497.0,3484.0,1924.0,67116130.0,167896
2023-05-10 21:11:40,m2311,m2311,3484.0,0.0,0.0,0.0,3,3483.0,3485.0,130,3486.0,3488.0,3497.0,3484.0,1924.0,67116130.0,167896
2023-05-10 21:11:41,m2311,m2311,3484.0,0.0,0.0,0.0,3,3483.0,3484.0,6,3486.0,3488.0,3497.0,3484.0,1924.0,67116130.0,167896
2023-05-10 21:11:41,m2311,m2311,3484.0,0.0,0.0,0.0,3,3483.0,3485.0,156,3486.0,3488.0,3497.0,3484.0,1924.0,67116130.0,167896
2023-05-10 21:11:42,m2311,m2311,3484.0,0.0,0.0,0.0,3,3483.0,3485.0,132,3486.0,3488.0,3497.0,3484.0,1924.0,67116130.0,167896
2023-05-10 21:11:43,m2311,m2311,3484.0,0.0,0.0,0.0,3,3483.0,3484.0,6,3486.0,3488.0,3497.0,3484.0,1924.0,67116130.0,167896
2023-05-10 21:11:43,m2311,m2311,3484.0,0.0,0.0,0.0,1,3483.0,3485.0,146,3486.0,3488.0,3497.0,3484.0,1924.0,67116130.0,167896
2023-05-10 21:11:44,m2311,m2311,3484.0,0.0,0.0,0.0,1,3483.0,3485.0,142,3486.0,3488.0,3497.0,3484.0,1924.0,67116130.0,167896
2023-05-10 21:11:44,m2311,m2311,3484.0,0.0,0.0,0.0,159,3482.0,3484.0,10,3486.0,3488.0,3497.0,3484.0,1924.0,67116130.0,167896
2023-05-10 21:11:45,m2311,m2311,3484.0,0.0,0.0,0.0,123,3482.0,3484.0,10,3486.0,3488.0,3497.0,3484.0,1924.0,67116130.0,167896
2023-05-10 21:11:45,m2311,m2311,3484.0,0.0,0.0,0.0,134,3482.0,3484.0,6,3486.0,3488.0,3497.0,3484.0,1924.0,67116130.0,167896
2023-05-10 21:11:46,m2311,m2311,3484.0,0.0,0.0,0.0,133,3482.0,3484.0,2,3486.0,3488.0,3497.0,3484.0,1924.0,67116130.0,167896
2023-05-10 21:11:46,m2311,m2311,3484.0,0.0,0.0,0.0,156,3482.0,3484.0,2,3486.0,3488.0,3497.0,3484.0,1924.0,67116130.0,167896
2023-05-10 21:11:47,m2311,m2311,3484.0,0.0,0.0,0.0,166,3482.0,3484.0,2,3486.0,3488.0,3497.0,3484.0,1924.0,67116130.0,167896
2023-05-10 21:11:47,m2311,m2311,3484.0,1.0,34840.0,-1.0,166,3482.0,3483.0,2,3486.0,3488.0,3497.0,3484.0,1925.0,67150970.0,167895
2023-05-10 21:11:48,m2311,m2311,3483.0,2.0,69660.0,0.0,2,3483.0,3484.0,17,3486.0,3488.0,3497.0,3483.0,1927.0,67220630.0,167895
2023-05-10 21:11:48,m2311,m2311,3483.0,0.0,0.0,0.0,2,3483.0,3484.0,1,3486.0,3488.0,3497.0,3483.0,1927.0,67220630.0,167895
2023-05-10 21:11:49,m2311,m2311,3483.0,0.0,0.0,0.0,2,3483.0,3484.0,6,3486.0,3488.0,3497.0,3483.0,1927.0,67220630.0,167895
2023-05-10 21:11:50,m2311,m2311,3483.0,0.0,0.0,0.0,2,3483.0,3485.0,160,3486.0,3488.0,3497.0,3483.0,1927.0,67220630.0,167895
2023-05-10 21:11:50,m2311,m2311,3483.0,0.0,0.0,0.0,2,3483.0,3485.0,146,3486.0,3488.0,3497.0,3483.0,1927.0,67220630.0,167895
2023-05-10 21:11:50,m2311,m2311,3483.0,0.0,0.0,0.0,2,3483.0,3485.0,136,3486.0,3488.0,3497.0,3483.0,1927.0,67220630.0,167895
2023-05-10 21:11:55,m2311,m2311,3485.0,1.0,34850.0,-1.0,2,3483.0,3485.0,136,3486.0,3488.0,3497.0,3483.0,1928.0,67255480.0,167894
2023-05-10 21:11:59,m2311,m2311,3485.0,0.0,0.0,0.0,2,3483.0,3485.0,146,3486.0,3488.0,3497.0,3483.0,1928.0,67255480.0,167894
2023-05-10 21:11:59,m2311,m2311,3485.0,0.0,0.0,0.0,3,3483.0,3485.0,136,3486.0,3488.0,3497.0,3483.0,1928.0,67255480.0,167894
2023-05-10 21:12:01,m2311,m2311,3485.0,0.0,0.0,0.0,2,3483.0,3485.0,136,3486.0,3488.0,3497.0,3483.0,1928.0,67255480.0,167894
2023-05-10 21:12:09,m2311,m2311,3485.0,0.0,0.0,0.0,3,3483.0,3484.0,10,3486.0,3488.0,3497.0,3483.0,1928.0,67255480.0,167894
2023-05-10 21:12:10,m2311,m2311,3485.0,0.0,0.0,0.0,2,3483.0,3484.0,10,3486.0,3488.0,3497.0,3483.0,1928.0,67255480.0,167894
2023-05-10 21:12:19,m2311,m2311,3483.0,1.0,34830.0,0.0,1,3483.0,3484.0,10,3486.0,3488.0,3497.0,3483.0,1929.0,67290310.0,167894
2023-05-10 21:12:20,m2311,m2311,3483.0,1.0,34830.0,0.0,78,3482.0,3484.0,30,3486.0,3488.0,3497.0,3483.0,1930.0,67325140.0,167894
2023-05-10 21:12:21,m2311,m2311,3483.0,0.0,0.0,0.0,16,3482.0,3483.0,13,3486.0,3488.0,3497.0,3483.0,1930.0,67325140.0,167894
2023-05-10 21:12:21,m2311,m2311,3483.0,0.0,0.0,0.0,129,3481.0,3483.0,12,3486.0,3488.0,3497.0,3483.0,1930.0,67325140.0,167894
2023-05-10 21:12:22,m2311,m2311,3483.0,0.0,0.0,0.0,126,3481.0,3483.0,12,3486.0,3488.0,3497.0,3483.0,1930.0,67325140.0,167894
2023-05-10 21:12:22,m2311,m2311,3483.0,0.0,0.0,0.0,126,3481.0,3483.0,2,3486.0,3488.0,3497.0,3483.0,1930.0,67325140.0,167894
2023-05-10 21:12:23,m2311,m2311,3483.0,0.0,0.0,0.0,10,3482.0,3483.0,2,3486.0,3488.0,3497.0,3483.0,1930.0,67325140.0,167894
2023-05-10 21:12:26,m2311,m2311,3483.0,0.0,0.0,0.0,12,3482.0,3483.0,14,3486.0,3488.0,3497.0,3483.0,1930.0,67325140.0,167894
2023-05-10 21:12:26,m2311,m2311,3483.0,2.0,69660.0,0.0,5,3483.0,3484.0,86,3486.0,3488.0,3497.0,3483.0,1932.0,67394800.0,167894
2023-05-10 21:12:27,m2311,m2311,3483.0,0.0,0.0,0.0,14,3483.0,3484.0,12,3486.0,3488.0,3497.0,3483.0,1932.0,67394800.0,167894
2023-05-10 21:12:27,m2311,m2311,3483.0,0.0,0.0,0.0,14,3483.0,3484.0,2,3486.0,3488.0,3497.0,3483.0,1932.0,67394800.0,167894
2023-05-10 21:12:31,m2311,m2311,3483.0,0.0,0.0,0.0,15,3483.0,3484.0,2,3486.0,3488.0,3497.0,3483.0,1932.0,67394800.0,167894
2023-05-10 21:12:32,m2311,m2311,3484.0,2.0,69680.0,0.0,15,3483.0,3485.0,149,3486.0,3488.0,3497.0,3483.0,1934.0,67464480.0,167894
2023-05-10 21:12:32,m2311,m2311,3484.0,0.0,0.0,0.0,25,3483.0,3485.0,129,3486.0,3488.0,3497.0,3483.0,1934.0,67464480.0,167894
2023-05-10 21:12:33,m2311,m2311,3486.0,131.0,4565430.0,-27.0,54,3485.0,3486.0,52,3486.0,3488.0,3497.0,3483.0,2065.0,72029910.0,167867
2023-05-10 21:12:33,m2311,m2311,3486.0,0.0,0.0,0.0,54,3485.0,3486.0,10,3486.0,3488.0,3497.0,3483.0,2065.0,72029910.0,167867
2023-05-10 21:12:34,m2311,m2311,3486.0,0.0,0.0,0.0,66,3485.0,3487.0,113,3486.0,3488.0,3497.0,3483.0,2065.0,72029910.0,167867
2023-05-10 21:12:34,m2311,m2311,3486.0,0.0,0.0,0.0,66,3485.0,3486.0,12,3486.0,3488.0,3497.0,3483.0,2065.0,72029910.0,167867
2023-05-10 21:12:35,m2311,m2311,3486.0,0.0,0.0,0.0,66,3485.0,3486.0,2,3486.0,3488.0,3497.0,3483.0,2065.0,72029910.0,167867
2023-05-10 21:12:35,m2311,m2311,3486.0,0.0,0.0,0.0,66,3485.0,3486.0,7,3486.0,3488.0,3497.0,3483.0,2065.0,72029910.0,167867
2023-05-10 21:12:36,m2311,m2311,3486.0,0.0,0.0,0.0,76,3485.0,3486.0,7,3486.0,3488.0,3497.0,3483.0,2065.0,72029910.0,167867
2023-05-10 21:12:36,m2311,m2311,3486.0,0.0,0.0,0.0,76,3485.0,3486.0,2,3486.0,3488.0,3497.0,3483.0,2065.0,72029910.0,167867
2023-05-10 21:12:37,m2311,m2311,3486.0,0.0,0.0,0.0,76,3485.0,3486.0,7,3486.0,3488.0,3497.0,3483.0,2065.0,72029910.0,167867
2023-05-10 21:12:37,m2311,m2311,3486.0,0.0,0.0,0.0,76,3485.0,3486.0,2,3486.0,3488.0,3497.0,3483.0,2065.0,72029910.0,167867
2023-05-10 21:12:38,m2311,m2311,3486.0,0.0,0.0,0.0,86,3485.0,3486.0,2,3486.0,3488.0,3497.0,3483.0,2065.0,72029910.0,167867
2023-05-10 21:12:39,m2311,m2311,3486.0,2.0,69720.0,-1.0,6,3486.0,3487.0,150,3486.0,3488.0,3497.0,3483.0,2067.0,72099630.0,167866
2023-05-10 21:12:40,m2311,m2311,3486.0,16.0,557760.0,-6.0,112,3485.0,3487.0,86,3486.0,3488.0,3497.0,3483.0,2083.0,72657390.0,167860
2023-05-10 21:12:40,m2311,m2311,3486.0,0.0,0.0,0.0,114,3485.0,3487.0,85,3486.0,3488.0,3497.0,3483.0,2083.0,72657390.0,167860
2023-05-10 21:12:41,m2311,m2311,3486.0,0.0,0.0,0.0,114,3485.0,3486.0,5,3486.0,3488.0,3497.0,3483.0,2083.0,72657390.0,167860
2023-05-10 21:12:42,m2311,m2311,3486.0,0.0,0.0,0.0,68,3485.0,3486.0,5,3486.0,3488.0,3497.0,3483.0,2083.0,72657390.0,167860
2023-05-10 21:12:42,m2311,m2311,3486.0,0.0,0.0,0.0,68,3485.0,3486.0,6,3486.0,3488.0,3497.0,3483.0,2083.0,72657390.0,167860
2023-05-10 21:12:43,m2311,m2311,3486.0,0.0,0.0,0.0,68,3485.0,3487.0,139,3486.0,3488.0,3497.0,3483.0,2083.0,72657390.0,167860
2023-05-10 21:12:43,m2311,m2311,3486.0,0.0,0.0,0.0,68,3485.0,3487.0,134,3486.0,3488.0,3497.0,3483.0,2083.0,72657390.0,167860
2023-05-10 21:12:45,m2311,m2311,3486.0,0.0,0.0,0.0,69,3485.0,3487.0,134,3486.0,3488.0,3497.0,3483.0,2083.0,72657390.0,167860
2023-05-10 21:12:45,m2311,m2311,3486.0,0.0,0.0,0.0,68,3485.0,3487.0,138,3486.0,3488.0,3497.0,3483.0,2083.0,72657390.0,167860
2023-05-10 21:12:47,m2311,m2311,3487.0,11.0,383570.0,7.0,79,3485.0,3487.0,99,3486.0,3488.0,3497.0,3483.0,2094.0,73040960.0,167867
2023-05-10 21:12:47,m2311,m2311,3487.0,0.0,0.0,0.0,80,3485.0,3487.0,108,3486.0,3488.0,3497.0,3483.0,2094.0,73040960.0,167867
2023-05-10 21:12:48,m2311,m2311,3486.0,2.0,69720.0,-2.0,18,3486.0,3487.0,79,3486.0,3488.0,3497.0,3483.0,2096.0,73110680.0,167865
2023-05-10 21:12:48,m2311,m2311,3486.0,0.0,0.0,0.0,10,3486.0,3487.0,42,3486.0,3488.0,3497.0,3483.0,2096.0,73110680.0,167865
2023-05-10 21:12:49,m2311,m2311,3486.0,0.0,0.0,0.0,166,3485.0,3487.0,44,3486.0,3488.0,3497.0,3483.0,2096.0,73110680.0,167865
2023-05-10 21:12:49,m2311,m2311,3486.0,0.0,0.0,0.0,156,3485.0,3487.0,34,3486.0,3488.0,3497.0,3483.0,2096.0,73110680.0,167865
2023-05-10 21:12:50,m2311,m2311,3486.0,0.0,0.0,0.0,10,3486.0,3487.0,34,3486.0,3488.0,3497.0,3483.0,2096.0,73110680.0,167865
2023-05-10 21:12:50,m2311,m2311,3485.0,6.0,209130.0,0.0,143,3485.0,3487.0,36,3486.0,3488.0,3497.0,3483.0,2102.0,73319810.0,167865
2023-05-10 21:12:51,m2311,m2311,3485.0,0.0,0.0,0.0,92,3485.0,3486.0,5,3486.0,3488.0,3497.0,3483.0,2102.0,73319810.0,167865
2023-05-10 21:12:51,m2311,m2311,3486.0,5.0,174300.0,-5.0,76,3485.0,3487.0,154,3486.0,3488.0,3497.0,3483.0,2107.0,73494110.0,167860
2023-05-10 21:12:52,m2311,m2311,3486.0,0.0,0.0,0.0,76,3485.0,3487.0,124,3486.0,3488.0,3497.0,3483.0,2107.0,73494110.0,167860
