time,symbol_id,symbol_name,last,trade_volume,trade_amount,open_interest_change,bv1,bp1,ap1,av1,yesterday_close,today_open,today_high,today_low,volume,amount,open_interest
2023-05-10 19:12:58,MA2311,MA311,2294.0,0.0,0.0,0.0,0,0.0,0.0,0,2294.0,2299.0,0.0,0.0,0.0,0.0,22197
2023-05-10 20:55:01,MA2311,MA311,2294.0,0.0,0.0,0.0,0,0.0,0.0,0,2294.0,2299.0,0.0,0.0,0.0,0.0,22197
2023-05-10 20:55:14,MA2311,MA311,2294.0,0.0,0.0,0.0,0,0.0,0.0,0,2294.0,2299.0,0.0,0.0,0.0,0.0,22197
2023-05-10 20:59:00,MA2311,MA311,2299.0,5.0,11495.0,5.0,1,2290.0,2350.0,1,2294.0,2299.0,2299.0,2299.0,5.0,11495.0,22202
2023-05-10 21:00:00,MA2311,MA311,2299.0,0.0,0.0,0.0,3,2297.0,2300.0,60,2294.0,2299.0,2299.0,2299.0,5.0,11495.0,22202
2023-05-10 21:00:01,MA2311,MA311,2299.0,0.0,0.0,0.0,5,2297.0,2299.0,42,2294.0,2299.0,2299.0,2299.0,5.0,11495.0,22202
2023-05-10 21:00:02,MA2311,MA311,2299.0,0.0,0.0,0.0,3,2297.0,2299.0,31,2294.0,2299.0,2299.0,2299.0,5.0,11495.0,22202
2023-05-10 21:00:02,MA2311,MA311,2325.0,2.0,4647.0,0.0,3,2297.0,2299.0,9,2294.0,2299.0,2325.0,2299.0,7.0,16142.0,22202
2023-05-10 21:00:03,MA2311,MA311,2325.0,0.0,0.0,0.0,2,2297.0,2299.0,9,2294.0,2299.0,2325.0,2299.0,7.0,16142.0,22202
2023-05-10 21:00:03,MA2311,MA311,2290.0,1.0,2290.0,-1.0,5,2297.0,2300.0,15,2294.0,2299.0,2325.0,2290.0,8.0,18432.0,22201
2023-05-10 21:00:04,MA2311,MA311,2290.0,1.0,2295.0,-1.0,6,2296.0,2299.0,2,2294.0,2299.0,2325.0,2290.0,9.0,20727.0,22200
2023-05-10 21:00:04,MA2311,MA311,2300.0,1.0,2303.0,1.0,7,2296.0,2299.0,1,2294.0,2299.0,2325.0,2290.0,10.0,23030.0,22201
2023-05-10 21:00:05,MA2311,MA311,2300.0,0.0,0.0,0.0,7,2296.0,2299.0,5,2294.0,2299.0,2325.0,2290.0,10.0,23030.0,22201
2023-05-10 21:00:05,MA2311,MA311,2300.0,0.0,0.0,0.0,2,2298.0,2300.0,6,2294.0,2299.0,2325.0,2290.0,10.0,23030.0,22201
2023-05-10 21:00:06,MA2311,MA311,2300.0,0.0,0.0,0.0,18,2298.0,2300.0,4,2294.0,2299.0,2325.0,2290.0,10.0,23030.0,22201
2023-05-10 21:00:06,MA2311,MA311,2300.0,0.0,0.0,0.0,9,2298.0,2300.0,11,2294.0,2299.0,2325.0,2290.0,10.0,23030.0,22201
2023-05-10 21:00:06,MA2311,MA311,2300.0,0.0,0.0,0.0,7,2298.0,2300.0,11,2294.0,2299.0,2325.0,2290.0,10.0,23030.0,22201
2023-05-10 21:00:07,MA2311,MA311,2300.0,0.0,0.0,0.0,7,2298.0,2300.0,8,2294.0,2299.0,2325.0,2290.0,10.0,23030.0,22201
2023-05-10 21:00:07,MA2311,MA311,2300.0,0.0,0.0,0.0,13,2298.0,2300.0,4,2294.0,2299.0,2325.0,2290.0,10.0,23030.0,22201
2023-05-10 21:00:08,MA2311,MA311,2300.0,0.0,0.0,0.0,13,2298.0,2300.0,3,2294.0,2299.0,2325.0,2290.0,10.0,23030.0,22201
2023-05-10 21:00:08,MA2311,MA311,2300.0,0.0,0.0,0.0,11,2297.0,2300.0,11,2294.0,2299.0,2325.0,2290.0,10.0,23030.0,22201
2023-05-10 21:00:09,MA2311,MA311,2300.0,0.0,0.0,0.0,5,2298.0,2300.0,11,2294.0,2299.0,2325.0,2290.0,10.0,23030.0,22201
2023-05-10 21:00:09,MA2311,MA311,2300.0,0.0,0.0,0.0,10,2297.0,2300.0,11,2294.0,2299.0,2325.0,2290.0,10.0,23030.0,22201
2023-05-10 21:00:10,MA2311,MA311,2300.0,0.0,0.0,0.0,5,2297.0,2299.0,1,2294.0,2299.0,2325.0,2290.0,10.0,23030.0,22201
2023-05-10 21:00:11,MA2311,MA311,2300.0,0.0,0.0,0.0,5,2297.0,2300.0,10,2294.0,2299.0,2325.0,2290.0,10.0,23030.0,22201
2023-05-10 21:00:11,MA2311,MA311,2300.0,0.0,0.0,0.0,6,2297.0,2300.0,6,2294.0,2299.0,2325.0,2290.0,10.0,23030.0,22201
2023-05-10 21:00:12,MA2311,MA311,2300.0,0.0,0.0,0.0,1,2297.0,2299.0,8,2294.0,2299.0,2325.0,2290.0,10.0,23030.0,22201
2023-05-10 21:00:12,MA2311,MA311,2300.0,0.0,0.0,0.0,13,2296.0,2299.0,9,2294.0,2299.0,2325.0,2290.0,10.0,23030.0,22201
2023-05-10 21:00:13,MA2311,MA311,2300.0,0.0,0.0,0.0,4,2297.0,2299.0,1,2294.0,2299.0,2325.0,2290.0,10.0,23030.0,22201
2023-05-10 21:00:13,MA2311,MA311,2300.0,0.0,0.0,0.0,7,2297.0,2299.0,1,2294.0,2299.0,2325.0,2290.0,10.0,23030.0,22201
2023-05-10 21:00:14,MA2311,MA311,2300.0,0.0,0.0,0.0,3,2297.0,2299.0,9,2294.0,2299.0,2325.0,2290.0,10.0,23030.0,22201
2023-05-10 21:00:15,MA2311,MA311,2300.0,0.0,0.0,0.0,14,2296.0,2298.0,1,2294.0,2299.0,2325.0,2290.0,10.0,23030.0,22201
2023-05-10 21:00:15,MA2311,MA311,2300.0,0.0,0.0,0.0,12,2296.0,2298.0,1,2294.0,2299.0,2325.0,2290.0,10.0,23030.0,22201
2023-05-10 21:00:18,MA2311,MA311,2300.0,0.0,0.0,0.0,13,2296.0,2298.0,1,2294.0,2299.0,2325.0,2290.0,10.0,23030.0,22201
2023-05-10 21:00:20,MA2311,MA311,2300.0,0.0,0.0,0.0,1,2297.0,2299.0,1,2294.0,2299.0,2325.0,2290.0,10.0,23030.0,22201
2023-05-10 21:00:21,MA2311,MA311,2300.0,0.0,0.0,0.0,17,2296.0,2299.0,1,2294.0,2299.0,2325.0,2290.0,10.0,23030.0,22201
2023-05-10 21:00:21,MA2311,MA311,2300.0,0.0,0.0,0.0,4,2297.0,2298.0,1,2294.0,2299.0,2325.0,2290.0,10.0,23030.0,22201
2023-05-10 21:00:21,MA2311,MA311,2300.0,0.0,0.0,0.0,2,2297.0,2299.0,9,2294.0,2299.0,2325.0,2290.0,10.0,23030.0,22201
2023-05-10 21:00:22,MA2311,MA311,2300.0,0.0,0.0,0.0,15,2296.0,2299.0,9,2294.0,2299.0,2325.0,2290.0,10.0,23030.0,22201
2023-05-10 21:00:22,MA2311,MA311,2300.0,0.0,0.0,0.0,15,2296.0,2298.0,1,2294.0,2299.0,2325.0,2290.0,10.0,23030.0,22201
2023-05-10 21:00:24,MA2311,MA311,2300.0,0.0,0.0,0.0,17,2296.0,2298.0,1,2294.0,2299.0,2325.0,2290.0,10.0,23030.0,22201
2023-05-10 21:00:25,MA2311,MA311,2300.0,0.0,0.0,0.0,4,2297.0,2298.0,1,2294.0,2299.0,2325.0,2290.0,10.0,23030.0,22201
2023-05-10 21:00:25,MA2311,MA311,2300.0,0.0,0.0,0.0,4,2297.0,2299.0,1,2294.0,2299.0,2325.0,2290.0,10.0,23030.0,22201
2023-05-10 21:00:26,MA2311,MA311,2300.0,0.0,0.0,0.0,6,2297.0,2299.0,1,2294.0,2299.0,2325.0,2290.0,10.0,23030.0,22201
2023-05-10 21:00:28,MA2311,MA311,2300.0,0.0,0.0,0.0,7,2297.0,2299.0,1,2294.0,2299.0,2325.0,2290.0,10.0,23030.0,22201
2023-05-10 21:00:29,MA2311,MA311,2300.0,0.0,0.0,0.0,22,2296.0,2299.0,9,2294.0,2299.0,2325.0,2290.0,10.0,23030.0,22201
2023-05-10 21:00:29,MA2311,MA311,2300.0,0.0,0.0,0.0,17,2296.0,2298.0,1,2294.0,2299.0,2325.0,2290.0,10.0,23030.0,22201
2023-05-10 21:00:30,MA2311,MA311,2300.0,0.0,0.0,0.0,1,2296.0,2298.0,9,2294.0,2299.0,2325.0,2290.0,10.0,23030.0,22201
2023-05-10 21:00:31,MA2311,MA311,2300.0,0.0,0.0,0.0,5,2296.0,2298.0,1,2294.0,2299.0,2325.0,2290.0,10.0,23030.0,22201
2023-05-10 21:00:32,MA2311,MA311,2300.0,0.0,0.0,0.0,4,2297.0,2298.0,1,2294.0,2299.0,2325.0,2290.0,10.0,23030.0,22201
2023-05-10 21:00:33,MA2311,MA311,2300.0,0.0,0.0,0.0,5,2297.0,2299.0,1,2294.0,2299.0,2325.0,2290.0,10.0,23030.0,22201
2023-05-10 21:00:35,MA2311,MA311,2300.0,0.0,0.0,0.0,13,2297.0,2299.0,1,2294.0,2299.0,2325.0,2290.0,10.0,23030.0,22201
2023-05-10 21:00:35,MA2311,MA311,2300.0,0.0,0.0,0.0,5,2297.0,2299.0,1,2294.0,2299.0,2325.0,2290.0,10.0,23030.0,22201
2023-05-10 21:00:40,MA2311,MA311,2300.0,0.0,0.0,0.0,7,2297.0,2299.0,1,2294.0,2299.0,2325.0,2290.0,10.0,23030.0,22201
2023-05-10 21:00:40,MA2311,MA311,2300.0,0.0,0.0,0.0,5,2297.0,2299.0,1,2294.0,2299.0,2325.0,2290.0,10.0,23030.0,22201
2023-05-10 21:00:43,MA2311,MA311,2300.0,0.0,0.0,0.0,7,2297.0,2299.0,1,2294.0,2299.0,2325.0,2290.0,10.0,23030.0,22201
2023-05-10 21:00:43,MA2311,MA311,2300.0,0.0,0.0,0.0,6,2297.0,2299.0,1,2294.0,2299.0,2325.0,2290.0,10.0,23030.0,22201
2023-05-10 21:00:45,MA2311,MA311,2300.0,0.0,0.0,0.0,1,2298.0,2299.0,1,2294.0,2299.0,2325.0,2290.0,10.0,23030.0,22201
2023-05-10 21:00:47,MA2311,MA311,2298.0,1.0,2292.0,-1.0,1,2298.0,2300.0,9,2294.0,2299.0,2325.0,2290.0,11.0,25322.0,22200
2023-05-10 21:00:47,MA2311,MA311,2298.0,0.0,0.0,0.0,7,2297.0,2300.0,9,2294.0,2299.0,2325.0,2290.0,11.0,25322.0,22200
2023-05-10 21:00:56,MA2311,MA311,2298.0,0.0,0.0,0.0,4,2298.0,2300.0,1,2294.0,2299.0,2325.0,2290.0,11.0,25322.0,22200
2023-05-10 21:00:56,MA2311,MA311,2298.0,0.0,0.0,0.0,7,2297.0,2300.0,9,2294.0,2299.0,2325.0,2290.0,11.0,25322.0,22200
2023-05-10 21:00:57,MA2311,MA311,2298.0,0.0,0.0,0.0,5,2297.0,2299.0,1,2294.0,2299.0,2325.0,2290.0,11.0,25322.0,22200
2023-05-10 21:00:58,MA2311,MA311,2316.0,1.0,2314.0,0.0,5,2297.0,2300.0,9,2294.0,2299.0,2325.0,2290.0,12.0,27636.0,22200
2023-05-10 21:00:59,MA2311,MA311,2316.0,0.0,0.0,0.0,6,2297.0,2300.0,9,2294.0,2299.0,2325.0,2290.0,12.0,27636.0,22200
2023-05-10 21:01:00,MA2311,MA311,2316.0,0.0,0.0,0.0,5,2297.0,2300.0,9,2294.0,2299.0,2325.0,2290.0,12.0,27636.0,22200
2023-05-10 21:01:01,MA2311,MA311,2316.0,0.0,0.0,0.0,4,2298.0,2300.0,1,2294.0,2299.0,2325.0,2290.0,12.0,27636.0,22200
2023-05-10 21:01:02,MA2311,MA311,2316.0,0.0,0.0,0.0,25,2298.0,2301.0,9,2294.0,2299.0,2325.0,2290.0,12.0,27636.0,22200
2023-05-10 21:01:03,MA2311,MA311,2316.0,0.0,0.0,0.0,5,2298.0,2301.0,9,2294.0,2299.0,2325.0,2290.0,12.0,27636.0,22200
2023-05-10 21:01:06,MA2311,MA311,2316.0,0.0,0.0,0.0,1,2298.0,2300.0,8,2294.0,2299.0,2325.0,2290.0,12.0,27636.0,22200
2023-05-10 21:01:06,MA2311,MA311,2316.0,0.0,0.0,0.0,5,2297.0,2300.0,9,2294.0,2299.0,2325.0,2290.0,12.0,27636.0,22200
2023-05-10 21:01:07,MA2311,MA311,2316.0,0.0,0.0,0.0,4,2297.0,2299.0,1,2294.0,2299.0,2325.0,2290.0,12.0,27636.0,22200
2023-05-10 21:01:08,MA2311,MA311,2316.0,0.0,0.0,0.0,5,2297.0,2300.0,9,2294.0,2299.0,2325.0,2290.0,12.0,27636.0,22200
2023-05-10 21:01:09,MA2311,MA311,2316.0,0.0,0.0,0.0,9,2297.0,2300.0,9,2294.0,2299.0,2325.0,2290.0,12.0,27636.0,22200
2023-05-10 21:01:09,MA2311,MA311,2316.0,0.0,0.0,0.0,10,2297.0,2300.0,9,2294.0,2299.0,2325.0,2290.0,12.0,27636.0,22200
2023-05-10 21:01:11,MA2311,MA311,2316.0,0.0,0.0,0.0,5,2297.0,2300.0,9,2294.0,2299.0,2325.0,2290.0,12.0,27636.0,22200
2023-05-10 21:01:13,MA2311,MA311,2316.0,0.0,0.0,0.0,4,2297.0,2300.0,9,2294.0,2299.0,2325.0,2290.0,12.0,27636.0,22200
2023-05-10 21:01:16,MA2311,MA311,2316.0,0.0,0.0,0.0,4,2297.0,2300.0,10,2294.0,2299.0,2325.0,2290.0,12.0,27636.0,22200
2023-05-10 21:01:17,MA2311,MA311,2316.0,0.0,0.0,0.0,5,2297.0,2300.0,9,2294.0,2299.0,2325.0,2290.0,12.0,27636.0,22200
2023-05-10 21:01:18,MA2311,MA311,2316.0,0.0,0.0,0.0,4,2297.0,2300.0,9,2294.0,2299.0,2325.0,2290.0,12.0,27636.0,22200
2023-05-10 21:01:18,MA2311,MA311,2316.0,0.0,0.0,0.0,5,2297.0,2300.0,9,2294.0,2299.0,2325.0,2290.0,12.0,27636.0,22200
2023-05-10 21:01:19,MA2311,MA311,2316.0,0.0,0.0,0.0,6,2297.0,2300.0,9,2294.0,2299.0,2325.0,2290.0,12.0,27636.0,22200
2023-05-10 21:01:19,MA2311,MA311,2316.0,0.0,0.0,0.0,5,2297.0,2300.0,9,2294.0,2299.0,2325.0,2290.0,12.0,27636.0,22200
2023-05-10 21:01:22,MA2311,MA311,2316.0,0.0,0.0,0.0,4,2297.0,2300.0,10,2294.0,2299.0,2325.0,2290.0,12.0,27636.0,22200
2023-05-10 21:01:23,MA2311,MA311,2316.0,0.0,0.0,0.0,4,2297.0,2300.0,9,2294.0,2299.0,2325.0,2290.0,12.0,27636.0,22200
2023-05-10 21:01:23,MA2311,MA311,2316.0,0.0,0.0,0.0,5,2297.0,2300.0,9,2294.0,2299.0,2325.0,2290.0,12.0,27636.0,22200
2023-05-10 21:01:25,MA2311,MA311,2316.0,0.0,0.0,0.0,4,2297.0,2300.0,9,2294.0,2299.0,2325.0,2290.0,12.0,27636.0,22200
2023-05-10 21:01:25,MA2311,MA311,2316.0,0.0,0.0,0.0,14,2296.0,2299.0,10,2294.0,2299.0,2325.0,2290.0,12.0,27636.0,22200
2023-05-10 21:01:25,MA2311,MA311,2316.0,0.0,0.0,0.0,14,2296.0,2299.0,9,2294.0,2299.0,2325.0,2290.0,12.0,27636.0,22200
2023-05-10 21:01:26,MA2311,MA311,2316.0,0.0,0.0,0.0,15,2296.0,2299.0,9,2294.0,2299.0,2325.0,2290.0,12.0,27636.0,22200
2023-05-10 21:01:27,MA2311,MA311,2316.0,0.0,0.0,0.0,14,2296.0,2299.0,9,2294.0,2299.0,2325.0,2290.0,12.0,27636.0,22200
2023-05-10 21:01:29,MA2311,MA311,2316.0,0.0,0.0,0.0,10,2295.0,2298.0,9,2294.0,2299.0,2325.0,2290.0,12.0,27636.0,22200
2023-05-10 21:01:30,MA2311,MA311,2316.0,0.0,0.0,0.0,7,2295.0,2298.0,9,2294.0,2299.0,2325.0,2290.0,12.0,27636.0,22200
2023-05-10 21:01:31,MA2311,MA311,2316.0,0.0,0.0,0.0,8,2295.0,2298.0,5,2294.0,2299.0,2325.0,2290.0,12.0,27636.0,22200
2023-05-10 21:01:31,MA2311,MA311,2316.0,0.0,0.0,0.0,8,2295.0,2298.0,9,2294.0,2299.0,2325.0,2290.0,12.0,27636.0,22200
2023-05-10 21:01:32,MA2311,MA311,2316.0,0.0,0.0,0.0,7,2295.0,2298.0,9,2294.0,2299.0,2325.0,2290.0,12.0,27636.0,22200
2023-05-10 21:01:32,MA2311,MA311,2316.0,0.0,0.0,0.0,4,2296.0,2298.0,1,2294.0,2299.0,2325.0,2290.0,12.0,27636.0,22200
2023-05-10 21:01:34,MA2311,MA311,2316.0,0.0,0.0,0.0,5,2295.0,2298.0,9,2294.0,2299.0,2325.0,2290.0,12.0,27636.0,22200
2023-05-10 21:01:34,MA2311,MA311,2316.0,0.0,0.0,0.0,4,2295.0,2298.0,9,2294.0,2299.0,2325.0,2290.0,12.0,27636.0,22200
2023-05-10 21:01:37,MA2311,MA311,2316.0,0.0,0.0,0.0,9,2294.0,2297.0,6,2294.0,2299.0,2325.0,2290.0,12.0,27636.0,22200
2023-05-10 21:01:37,MA2311,MA311,2316.0,0.0,0.0,0.0,4,2295.0,2297.0,1,2294.0,2299.0,2325.0,2290.0,12.0,27636.0,22200
2023-05-10 21:01:38,MA2311,MA311,2316.0,0.0,0.0,0.0,4,2295.0,2298.0,9,2294.0,2299.0,2325.0,2290.0,12.0,27636.0,22200
2023-05-10 21:01:39,MA2311,MA311,2316.0,0.0,0.0,0.0,9,2294.0,2297.0,8,2294.0,2299.0,2325.0,2290.0,12.0,27636.0,22200
2023-05-10 21:01:40,MA2311,MA311,2316.0,0.0,0.0,0.0,9,2294.0,2297.0,9,2294.0,2299.0,2325.0,2290.0,12.0,27636.0,22200
2023-05-10 21:01:40,MA2311,MA311,2316.0,0.0,0.0,0.0,9,2294.0,2297.0,2,2294.0,2299.0,2325.0,2290.0,12.0,27636.0,22200
2023-05-10 21:01:40,MA2311,MA311,2316.0,0.0,0.0,0.0,4,2295.0,2297.0,1,2294.0,2299.0,2325.0,2290.0,12.0,27636.0,22200
2023-05-10 21:01:41,MA2311,MA311,2316.0,0.0,0.0,0.0,4,2295.0,2298.0,9,2294.0,2299.0,2325.0,2290.0,12.0,27636.0,22200
2023-05-10 21:01:41,MA2311,MA311,2316.0,0.0,0.0,0.0,9,2294.0,2297.0,9,2294.0,2299.0,2325.0,2290.0,12.0,27636.0,22200
2023-05-10 21:01:46,MA2311,MA311,2316.0,0.0,0.0,0.0,7,2294.0,2297.0,2,2294.0,2299.0,2325.0,2290.0,12.0,27636.0,22200
2023-05-10 21:01:46,MA2311,MA311,2316.0,0.0,0.0,0.0,12,2294.0,2297.0,3,2294.0,2299.0,2325.0,2290.0,12.0,27636.0,22200
2023-05-10 21:01:47,MA2311,MA311,2316.0,0.0,0.0,0.0,1,2295.0,2297.0,1,2294.0,2299.0,2325.0,2290.0,12.0,27636.0,22200
2023-05-10 21:01:47,MA2311,MA311,2316.0,0.0,0.0,0.0,5,2294.0,2297.0,2,2294.0,2299.0,2325.0,2290.0,12.0,27636.0,22200
2023-05-10 21:01:48,MA2311,MA311,2316.0,0.0,0.0,0.0,4,2295.0,2297.0,1,2294.0,2299.0,2325.0,2290.0,12.0,27636.0,22200
2023-05-10 21:01:49,MA2311,MA311,2316.0,0.0,0.0,0.0,3,2295.0,2297.0,1,2294.0,2299.0,2325.0,2290.0,12.0,27636.0,22200
2023-05-10 21:01:50,MA2311,MA311,2316.0,0.0,0.0,0.0,7,2294.0,2297.0,7,2294.0,2299.0,2325.0,2290.0,12.0,27636.0,22200
2023-05-10 21:01:50,MA2311,MA311,2316.0,0.0,0.0,0.0,7,2294.0,2297.0,9,2294.0,2299.0,2325.0,2290.0,12.0,27636.0,22200
2023-05-10 21:01:51,MA2311,MA311,2316.0,0.0,0.0,0.0,6,2294.0,2297.0,9,2294.0,2299.0,2325.0,2290.0,12.0,27636.0,22200
2023-05-10 21:01:52,MA2311,MA311,2316.0,0.0,0.0,0.0,5,2294.0,2297.0,9,2294.0,2299.0,2325.0,2290.0,12.0,27636.0,22200
2023-05-10 21:01:53,MA2311,MA311,2316.0,0.0,0.0,0.0,4,2295.0,2297.0,1,2294.0,2299.0,2325.0,2290.0,12.0,27636.0,22200
2023-05-10 21:01:54,MA2311,MA311,2316.0,0.0,0.0,0.0,4,2295.0,2298.0,9,2294.0,2299.0,2325.0,2290.0,12.0,27636.0,22200
2023-05-10 21:02:02,MA2311,MA311,2316.0,0.0,0.0,0.0,4,2296.0,2298.0,1,2294.0,2299.0,2325.0,2290.0,12.0,27636.0,22200
2023-05-10 21:02:03,MA2311,MA311,2316.0,0.0,0.0,0.0,7,2296.0,2299.0,9,2294.0,2299.0,2325.0,2290.0,12.0,27636.0,22200
2023-05-10 21:02:03,MA2311,MA311,2316.0,0.0,0.0,0.0,4,2296.0,2299.0,9,2294.0,2299.0,2325.0,2290.0,12.0,27636.0,22200
2023-05-10 21:02:03,MA2311,MA311,2316.0,0.0,0.0,0.0,4,2296.0,2299.0,10,2294.0,2299.0,2325.0,2290.0,12.0,27636.0,22200
2023-05-10 21:02:05,MA2311,MA311,2316.0,0.0,0.0,0.0,4,2296.0,2299.0,9,2294.0,2299.0,2325.0,2290.0,12.0,27636.0,22200
2023-05-10 21:02:14,MA2311,MA311,2316.0,0.0,0.0,0.0,4,2296.0,2298.0,1,2294.0,2299.0,2325.0,2290.0,12.0,27636.0,22200
2023-05-10 21:02:15,MA2311,MA311,2316.0,0.0,0.0,0.0,7,2295.0,2298.0,9,2294.0,2299.0,2325.0,2290.0,12.0,27636.0,22200
2023-05-10 21:02:15,MA2311,MA311,2316.0,0.0,0.0,0.0,5,2295.0,2298.0,9,2294.0,2299.0,2325.0,2290.0,12.0,27636.0,22200
2023-05-10 21:02:16,MA2311,MA311,2316.0,0.0,0.0,0.0,4,2295.0,2298.0,9,2294.0,2299.0,2325.0,2290.0,12.0,27636.0,22200
2023-05-10 21:02:16,MA2311,MA311,2316.0,0.0,0.0,0.0,5,2295.0,2298.0,9,2294.0,2299.0,2325.0,2290.0,12.0,27636.0,22200
2023-05-10 21:02:18,MA2311,MA311,2316.0,0.0,0.0,0.0,4,2295.0,2298.0,9,2294.0,2299.0,2325.0,2290.0,12.0,27636.0,22200
2023-05-10 21:02:24,MA2311,MA311,2316.0,0.0,0.0,0.0,5,2295.0,2298.0,9,2294.0,2299.0,2325.0,2290.0,12.0,27636.0,22200
2023-05-10 21:02:24,MA2311,MA311,2316.0,0.0,0.0,0.0,4,2295.0,2298.0,9,2294.0,2299.0,2325.0,2290.0,12.0,27636.0,22200
2023-05-10 21:02:27,MA2311,MA311,2316.0,0.0,0.0,0.0,5,2295.0,2298.0,9,2294.0,2299.0,2325.0,2290.0,12.0,27636.0,22200
2023-05-10 21:02:27,MA2311,MA311,2316.0,0.0,0.0,0.0,4,2295.0,2297.0,1,2294.0,2299.0,2325.0,2290.0,12.0,27636.0,22200
2023-05-10 21:02:28,MA2311,MA311,2316.0,0.0,0.0,0.0,4,2295.0,2298.0,9,2294.0,2299.0,2325.0,2290.0,12.0,27636.0,22200
2023-05-10 21:02:33,MA2311,MA311,2316.0,0.0,0.0,0.0,4,2295.0,2297.0,1,2294.0,2299.0,2325.0,2290.0,12.0,27636.0,22200
2023-05-10 21:02:33,MA2311,MA311,2316.0,0.0,0.0,0.0,4,2295.0,2298.0,9,2294.0,2299.0,2325.0,2290.0,12.0,27636.0,22200
2023-05-10 21:02:36,MA2311,MA311,2316.0,0.0,0.0,0.0,6,2295.0,2298.0,9,2294.0,2299.0,2325.0,2290.0,12.0,27636.0,22200
2023-05-10 21:02:36,MA2311,MA311,2316.0,0.0,0.0,0.0,4,2295.0,2297.0,1,2294.0,2299.0,2325.0,2290.0,12.0,27636.0,22200
2023-05-10 21:02:37,MA2311,MA311,2316.0,0.0,0.0,0.0,4,2295.0,2298.0,9,2294.0,2299.0,2325.0,2290.0,12.0,27636.0,22200
2023-05-10 21:02:39,MA2311,MA311,2316.0,0.0,0.0,0.0,6,2295.0,2298.0,9,2294.0,2299.0,2325.0,2290.0,12.0,27636.0,22200
2023-05-10 21:02:40,MA2311,MA311,2316.0,0.0,0.0,0.0,4,2295.0,2298.0,9,2294.0,2299.0,2325.0,2290.0,12.0,27636.0,22200
2023-05-10 21:02:42,MA2311,MA311,2316.0,0.0,0.0,0.0,4,2295.0,2297.0,1,2294.0,2299.0,2325.0,2290.0,12.0,27636.0,22200
2023-05-10 21:02:42,MA2311,MA311,2316.0,0.0,0.0,0.0,4,2295.0,2298.0,9,2294.0,2299.0,2325.0,2290.0,12.0,27636.0,22200
2023-05-10 21:02:43,MA2311,MA311,2316.0,0.0,0.0,0.0,4,2296.0,2298.0,1,2294.0,2299.0,2325.0,2290.0,12.0,27636.0,22200
2023-05-10 21:02:45,MA2311,MA311,2316.0,0.0,0.0,0.0,6,2296.0,2299.0,9,2294.0,2299.0,2325.0,2290.0,12.0,27636.0,22200
2023-05-10 21:02:46,MA2311,MA311,2316.0,0.0,0.0,0.0,4,2296.0,2299.0,9,2294.0,2299.0,2325.0,2290.0,12.0,27636.0,22200
2023-05-10 21:02:49,MA2311,MA311,2316.0,0.0,0.0,0.0,9,2295.0,2298.0,9,2294.0,2299.0,2325.0,2290.0,12.0,27636.0,22200
2023-05-10 21:02:49,MA2311,MA311,2316.0,0.0,0.0,0.0,4,2295.0,2298.0,9,2294.0,2299.0,2325.0,2290.0,12.0,27636.0,22200
2023-05-10 21:02:50,MA2311,MA311,2316.0,0.0,0.0,0.0,5,2295.0,2298.0,9,2294.0,2299.0,2325.0,2290.0,12.0,27636.0,22200
2023-05-10 21:02:50,MA2311,MA311,2316.0,0.0,0.0,0.0,4,2296.0,2298.0,1,2294.0,2299.0,2325.0,2290.0,12.0,27636.0,22200
2023-05-10 21:02:56,MA2311,MA311,2316.0,0.0,0.0,0.0,4,2296.0,2299.0,9,2294.0,2299.0,2325.0,2290.0,12.0,27636.0,22200
2023-05-10 21:02:57,MA2311,MA311,2316.0,0.0,0.0,0.0,6,2296.0,2299.0,9,2294.0,2299.0,2325.0,2290.0,12.0,27636.0,22200
2023-05-10 21:02:57,MA2311,MA311,2316.0,0.0,0.0,0.0,4,2296.0,2299.0,9,2294.0,2299.0,2325.0,2290.0,12.0,27636.0,22200
2023-05-10 21:03:01,MA2311,MA311,2316.0,0.0,0.0,0.0,4,2297.0,2300.0,10,2294.0,2299.0,2325.0,2290.0,12.0,27636.0,22200
2023-05-10 21:03:01,MA2311,MA311,2316.0,0.0,0.0,0.0,6,2297.0,2300.0,10,2294.0,2299.0,2325.0,2290.0,12.0,27636.0,22200
2023-05-10 21:03:02,MA2311,MA311,2316.0,0.0,0.0,0.0,10,2296.0,2299.0,8,2294.0,2299.0,2325.0,2290.0,12.0,27636.0,22200
2023-05-10 21:03:02,MA2311,MA311,2316.0,0.0,0.0,0.0,10,2296.0,2299.0,9,2294.0,2299.0,2325.0,2290.0,12.0,27636.0,22200
2023-05-10 21:03:02,MA2311,MA311,2316.0,0.0,0.0,0.0,5,2296.0,2299.0,10,2294.0,2299.0,2325.0,2290.0,12.0,27636.0,22200
2023-05-10 21:03:03,MA2311,MA311,2316.0,0.0,0.0,0.0,11,2295.0,2298.0,9,2294.0,2299.0,2325.0,2290.0,12.0,27636.0,22200
2023-05-10 21:03:03,MA2311,MA311,2316.0,0.0,0.0,0.0,5,2295.0,2298.0,9,2294.0,2299.0,2325.0,2290.0,12.0,27636.0,22200
2023-05-10 21:03:07,MA2311,MA311,2316.0,0.0,0.0,0.0,4,2296.0,2298.0,1,2294.0,2299.0,2325.0,2290.0,12.0,27636.0,22200
2023-05-10 21:03:07,MA2311,MA311,2316.0,0.0,0.0,0.0,5,2296.0,2298.0,1,2294.0,2299.0,2325.0,2290.0,12.0,27636.0,22200
2023-05-10 21:03:08,MA2311,MA311,2316.0,0.0,0.0,0.0,4,2296.0,2298.0,1,2294.0,2299.0,2325.0,2290.0,12.0,27636.0,22200
2023-05-10 21:03:09,MA2311,MA311,2316.0,0.0,0.0,0.0,4,2296.0,2299.0,9,2294.0,2299.0,2325.0,2290.0,12.0,27636.0,22200
2023-05-10 21:03:09,MA2311,MA311,2316.0,0.0,0.0,0.0,5,2296.0,2299.0,9,2294.0,2299.0,2325.0,2290.0,12.0,27636.0,22200
2023-05-10 21:03:11,MA2311,MA311,2316.0,0.0,0.0,0.0,6,2296.0,2299.0,9,2294.0,2299.0,2325.0,2290.0,12.0,27636.0,22200
2023-05-10 21:03:11,MA2311,MA311,2316.0,0.0,0.0,0.0,11,2295.0,2298.0,9,2294.0,2299.0,2325.0,2290.0,12.0,27636.0,22200
2023-05-10 21:03:11,MA2311,MA311,2316.0,0.0,0.0,0.0,7,2295.0,2298.0,9,2294.0,2299.0,2325.0,2290.0,12.0,27636.0,22200
2023-05-10 21:03:12,MA2311,MA311,2316.0,0.0,0.0,0.0,5,2295.0,2298.0,9,2294.0,2299.0,2325.0,2290.0,12.0,27636.0,22200
2023-05-10 21:03:13,MA2311,MA311,2316.0,0.0,0.0,0.0,7,2295.0,2298.0,9,2294.0,2299.0,2325.0,2290.0,12.0,27636.0,22200
2023-05-10 21:03:14,MA2311,MA311,2316.0,0.0,0.0,0.0,10,2295.0,2298.0,9,2294.0,2299.0,2325.0,2290.0,12.0,27636.0,22200
2023-05-10 21:03:21,MA2311,MA311,2316.0,0.0,0.0,0.0,9,2295.0,2298.0,9,2294.0,2299.0,2325.0,2290.0,12.0,27636.0,22200
2023-05-10 21:03:27,MA2311,MA311,2316.0,0.0,0.0,0.0,7,2295.0,2298.0,9,2294.0,2299.0,2325.0,2290.0,12.0,27636.0,22200
2023-05-10 21:03:28,MA2311,MA311,2316.0,0.0,0.0,0.0,3,2296.0,2298.0,9,2294.0,2299.0,2325.0,2290.0,12.0,27636.0,22200
2023-05-10 21:03:29,MA2311,MA311,2316.0,0.0,0.0,0.0,3,2295.0,2297.0,9,2294.0,2299.0,2325.0,2290.0,12.0,27636.0,22200
2023-05-10 21:03:36,MA2311,MA311,2316.0,0.0,0.0,0.0,1,2296.0,2298.0,10,2294.0,2299.0,2325.0,2290.0,12.0,27636.0,22200
2023-05-10 21:03:36,MA2311,MA311,2316.0,0.0,0.0,0.0,3,2296.0,2298.0,13,2294.0,2299.0,2325.0,2290.0,12.0,27636.0,22200
2023-05-10 21:03:36,MA2311,MA311,2316.0,0.0,0.0,0.0,3,2296.0,2298.0,9,2294.0,2299.0,2325.0,2290.0,12.0,27636.0,22200
2023-05-10 21:03:38,MA2311,MA311,2316.0,0.0,0.0,0.0,1,2296.0,2298.0,9,2294.0,2299.0,2325.0,2290.0,12.0,27636.0,22200
2023-05-10 21:03:43,MA2311,MA311,2316.0,0.0,0.0,0.0,3,2296.0,2298.0,9,2294.0,2299.0,2325.0,2290.0,12.0,27636.0,22200
2023-05-10 21:03:52,MA2311,MA311,2316.0,0.0,0.0,0.0,3,2296.0,2297.0,8,2294.0,2299.0,2325.0,2290.0,12.0,27636.0,22200
2023-05-10 21:03:52,MA2311,MA311,2316.0,0.0,0.0,0.0,3,2295.0,2297.0,9,2294.0,2299.0,2325.0,2290.0,12.0,27636.0,22200
2023-05-10 21:03:58,MA2311,MA311,2316.0,0.0,0.0,0.0,3,2295.0,2297.0,10,2294.0,2299.0,2325.0,2290.0,12.0,27636.0,22200
2023-05-10 21:04:04,MA2311,MA311,2316.0,0.0,0.0,0.0,3,2295.0,2296.0,8,2294.0,2299.0,2325.0,2290.0,12.0,27636.0,22200
2023-05-10 21:04:05,MA2311,MA311,2316.0,0.0,0.0,0.0,3,2294.0,2296.0,9,2294.0,2299.0,2325.0,2290.0,12.0,27636.0,22200
2023-05-10 21:04:06,MA2311,MA311,2316.0,0.0,0.0,0.0,7,2294.0,2296.0,1,2294.0,2299.0,2325.0,2290.0,12.0,27636.0,22200
2023-05-10 21:04:06,MA2311,MA311,2316.0,0.0,0.0,0.0,7,2294.0,2297.0,11,2294.0,2299.0,2325.0,2290.0,12.0,27636.0,22200
2023-05-10 21:04:07,MA2311,MA311,2316.0,0.0,0.0,0.0,7,2294.0,2297.0,10,2294.0,2299.0,2325.0,2290.0,12.0,27636.0,22200
2023-05-10 21:04:11,MA2311,MA311,2316.0,0.0,0.0,0.0,4,2295.0,2297.0,2,2294.0,2299.0,2325.0,2290.0,12.0,27636.0,22200
2023-05-10 21:04:11,MA2311,MA311,2316.0,0.0,0.0,0.0,7,2295.0,2297.0,2,2294.0,2299.0,2325.0,2290.0,12.0,27636.0,22200
2023-05-10 21:04:12,MA2311,MA311,2316.0,0.0,0.0,0.0,7,2295.0,2297.0,1,2294.0,2299.0,2325.0,2290.0,12.0,27636.0,22200
2023-05-10 21:04:13,MA2311,MA311,2316.0,0.0,0.0,0.0,7,2295.0,2298.0,9,2294.0,2299.0,2325.0,2290.0,12.0,27636.0,22200
2023-05-10 21:04:15,MA2311,MA311,2316.0,0.0,0.0,0.0,7,2295.0,2298.0,10,2294.0,2299.0,2325.0,2290.0,12.0,27636.0,22200
2023-05-10 21:04:16,MA2311,MA311,2316.0,0.0,0.0,0.0,7,2295.0,2298.0,9,2294.0,2299.0,2325.0,2290.0,12.0,27636.0,22200
2023-05-10 21:04:17,MA2311,MA311,2316.0,0.0,0.0,0.0,3,2295.0,2297.0,9,2294.0,2299.0,2325.0,2290.0,12.0,27636.0,22200
2023-05-10 21:04:22,MA2311,MA311,2316.0,0.0,0.0,0.0,7,2294.0,2296.0,1,2294.0,2299.0,2325.0,2290.0,12.0,27636.0,22200
2023-05-10 21:04:25,MA2311,MA311,2316.0,0.0,0.0,0.0,3,2294.0,2296.0,9,2294.0,2299.0,2325.0,2290.0,12.0,27636.0,22200
2023-05-10 21:04:29,MA2311,MA311,2316.0,0.0,0.0,0.0,3,2293.0,2295.0,10,2294.0,2299.0,2325.0,2290.0,12.0,27636.0,22200
2023-05-10 21:04:30,MA2311,MA311,2316.0,0.0,0.0,0.0,2,2293.0,2294.0,8,2294.0,2299.0,2325.0,2290.0,12.0,27636.0,22200
2023-05-10 21:04:31,MA2311,MA311,2316.0,0.0,0.0,0.0,2,2293.0,2295.0,14,2294.0,2299.0,2325.0,2290.0,12.0,27636.0,22200
2023-05-10 21:04:32,MA2311,MA311,2316.0,0.0,0.0,0.0,2,2293.0,2295.0,10,2294.0,2299.0,2325.0,2290.0,12.0,27636.0,22200
2023-05-10 21:04:35,MA2311,MA311,2316.0,0.0,0.0,0.0,3,2293.0,2295.0,9,2294.0,2299.0,2325.0,2290.0,12.0,27636.0,22200
2023-05-10 21:04:53,MA2311,MA311,2316.0,0.0,0.0,0.0,3,2293.0,2294.0,8,2294.0,2299.0,2325.0,2290.0,12.0,27636.0,22200
2023-05-10 21:04:53,MA2311,MA311,2316.0,0.0,0.0,0.0,3,2293.0,2295.0,18,2294.0,2299.0,2325.0,2290.0,12.0,27636.0,22200
2023-05-10 21:04:54,MA2311,MA311,2316.0,0.0,0.0,0.0,3,2293.0,2294.0,8,2294.0,2299.0,2325.0,2290.0,12.0,27636.0,22200
2023-05-10 21:04:54,MA2311,MA311,2316.0,0.0,0.0,0.0,3,2293.0,2295.0,18,2294.0,2299.0,2325.0,2290.0,12.0,27636.0,22200
2023-05-10 21:04:55,MA2311,MA311,2316.0,0.0,0.0,0.0,3,2293.0,2295.0,10,2294.0,2299.0,2325.0,2290.0,12.0,27636.0,22200
2023-05-10 21:04:56,MA2311,MA311,2316.0,0.0,0.0,0.0,3,2293.0,2294.0,8,2294.0,2299.0,2325.0,2290.0,12.0,27636.0,22200
2023-05-10 21:05:02,MA2311,MA311,2316.0,0.0,0.0,0.0,3,2292.0,2294.0,8,2294.0,2299.0,2325.0,2290.0,12.0,27636.0,22200
2023-05-10 21:05:03,MA2311,MA311,2316.0,0.0,0.0,0.0,7,2292.0,2294.0,1,2294.0,2299.0,2325.0,2290.0,12.0,27636.0,22200
2023-05-10 21:05:03,MA2311,MA311,2316.0,0.0,0.0,0.0,2,2293.0,2295.0,10,2294.0,2299.0,2325.0,2290.0,12.0,27636.0,22200
2023-05-10 21:05:04,MA2311,MA311,2316.0,0.0,0.0,0.0,3,2293.0,2295.0,9,2294.0,2299.0,2325.0,2290.0,12.0,27636.0,22200
2023-05-10 21:05:06,MA2311,MA311,2316.0,0.0,0.0,0.0,7,2293.0,2295.0,1,2294.0,2299.0,2325.0,2290.0,12.0,27636.0,22200
2023-05-10 21:05:06,MA2311,MA311,2316.0,0.0,0.0,0.0,1,2294.0,2296.0,10,2294.0,2299.0,2325.0,2290.0,12.0,27636.0,22200
2023-05-10 21:05:07,MA2311,MA311,2316.0,0.0,0.0,0.0,3,2294.0,2296.0,10,2294.0,2299.0,2325.0,2290.0,12.0,27636.0,22200
2023-05-10 21:05:07,MA2311,MA311,2316.0,0.0,0.0,0.0,3,2294.0,2296.0,9,2294.0,2299.0,2325.0,2290.0,12.0,27636.0,22200
2023-05-10 21:05:08,MA2311,MA311,2316.0,0.0,0.0,0.0,2,2294.0,2296.0,9,2294.0,2299.0,2325.0,2290.0,12.0,27636.0,22200
2023-05-10 21:05:09,MA2311,MA311,2316.0,0.0,0.0,0.0,1,2294.0,2296.0,9,2294.0,2299.0,2325.0,2290.0,12.0,27636.0,22200
2023-05-10 21:05:10,MA2311,MA311,2316.0,0.0,0.0,0.0,2,2294.0,2296.0,9,2294.0,2299.0,2325.0,2290.0,12.0,27636.0,22200
2023-05-10 21:05:11,MA2311,MA311,2316.0,0.0,0.0,0.0,7,2293.0,2296.0,9,2294.0,2299.0,2325.0,2290.0,12.0,27636.0,22200
2023-05-10 21:05:11,MA2311,MA311,2316.0,0.0,0.0,0.0,7,2293.0,2295.0,1,2294.0,2299.0,2325.0,2290.0,12.0,27636.0,22200
2023-05-10 21:05:12,MA2311,MA311,2316.0,0.0,0.0,0.0,9,2293.0,2295.0,1,2294.0,2299.0,2325.0,2290.0,12.0,27636.0,22200
2023-05-10 21:05:17,MA2311,MA311,2316.0,0.0,0.0,0.0,9,2293.0,2295.0,2,2294.0,2299.0,2325.0,2290.0,12.0,27636.0,22200
2023-05-10 21:05:20,MA2311,MA311,2316.0,0.0,0.0,0.0,9,2293.0,2295.0,1,2294.0,2299.0,2325.0,2290.0,12.0,27636.0,22200
2023-05-10 21:05:20,MA2311,MA311,2316.0,0.0,0.0,0.0,9,2293.0,2295.0,2,2294.0,2299.0,2325.0,2290.0,12.0,27636.0,22200
2023-05-10 21:05:22,MA2311,MA311,2316.0,0.0,0.0,0.0,5,2293.0,2295.0,10,2294.0,2299.0,2325.0,2290.0,12.0,27636.0,22200
2023-05-10 21:05:22,MA2311,MA311,2316.0,0.0,0.0,0.0,3,2293.0,2295.0,10,2294.0,2299.0,2325.0,2290.0,12.0,27636.0,22200
2023-05-10 21:05:25,MA2311,MA311,2316.0,0.0,0.0,0.0,3,2293.0,2295.0,11,2294.0,2299.0,2325.0,2290.0,12.0,27636.0,22200
2023-05-10 21:05:27,MA2311,MA311,2316.0,0.0,0.0,0.0,4,2293.0,2295.0,11,2294.0,2299.0,2325.0,2290.0,12.0,27636.0,22200
2023-05-10 21:05:27,MA2311,MA311,2316.0,0.0,0.0,0.0,5,2293.0,2295.0,11,2294.0,2299.0,2325.0,2290.0,12.0,27636.0,22200
2023-05-10 21:05:29,MA2311,MA311,2316.0,0.0,0.0,0.0,5,2293.0,2295.0,10,2294.0,2299.0,2325.0,2290.0,12.0,27636.0,22200
2023-05-10 21:05:31,MA2311,MA311,2316.0,0.0,0.0,0.0,2,2293.0,2295.0,10,2294.0,2299.0,2325.0,2290.0,12.0,27636.0,22200
2023-05-10 21:05:31,MA2311,MA311,2316.0,0.0,0.0,0.0,4,2293.0,2295.0,10,2294.0,2299.0,2325.0,2290.0,12.0,27636.0,22200
2023-05-10 21:05:32,MA2311,MA311,2316.0,0.0,0.0,0.0,5,2293.0,2295.0,10,2294.0,2299.0,2325.0,2290.0,12.0,27636.0,22200
2023-05-10 21:05:34,MA2311,MA311,2316.0,0.0,0.0,0.0,9,2293.0,2295.0,1,2294.0,2299.0,2325.0,2290.0,12.0,27636.0,22200
2023-05-10 21:05:34,MA2311,MA311,2295.0,2.0,4592.0,0.0,1,2294.0,2296.0,9,2294.0,2299.0,2325.0,2290.0,14.0,32228.0,22200
2023-05-10 21:05:35,MA2311,MA311,2295.0,0.0,0.0,0.0,7,2293.0,2296.0,9,2294.0,2299.0,2325.0,2290.0,14.0,32228.0,22200
2023-05-10 21:05:36,MA2311,MA311,2295.0,0.0,0.0,0.0,8,2293.0,2296.0,8,2294.0,2299.0,2325.0,2290.0,14.0,32228.0,22200
2023-05-10 21:05:36,MA2311,MA311,2295.0,0.0,0.0,0.0,7,2293.0,2296.0,8,2294.0,2299.0,2325.0,2290.0,14.0,32228.0,22200
2023-05-10 21:05:41,MA2311,MA311,2295.0,0.0,0.0,0.0,7,2293.0,2296.0,9,2294.0,2299.0,2325.0,2290.0,14.0,32228.0,22200
2023-05-10 21:05:41,MA2311,MA311,2295.0,0.0,0.0,0.0,8,2293.0,2296.0,8,2294.0,2299.0,2325.0,2290.0,14.0,32228.0,22200
2023-05-10 21:05:42,MA2311,MA311,2295.0,0.0,0.0,0.0,7,2293.0,2296.0,9,2294.0,2299.0,2325.0,2290.0,14.0,32228.0,22200
2023-05-10 21:05:42,MA2311,MA311,2295.0,0.0,0.0,0.0,7,2293.0,2296.0,8,2294.0,2299.0,2325.0,2290.0,14.0,32228.0,22200
2023-05-10 21:05:43,MA2311,MA311,2295.0,0.0,0.0,0.0,8,2293.0,2296.0,8,2294.0,2299.0,2325.0,2290.0,14.0,32228.0,22200
2023-05-10 21:05:43,MA2311,MA311,2295.0,0.0,0.0,0.0,7,2293.0,2296.0,9,2294.0,2299.0,2325.0,2290.0,14.0,32228.0,22200
2023-05-10 21:05:45,MA2311,MA311,2295.0,0.0,0.0,0.0,2,2294.0,2296.0,9,2294.0,2299.0,2325.0,2290.0,14.0,32228.0,22200
2023-05-10 21:05:45,MA2311,MA311,2295.0,0.0,0.0,0.0,7,2293.0,2296.0,9,2294.0,2299.0,2325.0,2290.0,14.0,32228.0,22200
2023-05-10 21:05:46,MA2311,MA311,2295.0,0.0,0.0,0.0,2,2294.0,2296.0,9,2294.0,2299.0,2325.0,2290.0,14.0,32228.0,22200
2023-05-10 21:05:48,MA2311,MA311,2295.0,0.0,0.0,0.0,1,2294.0,2296.0,9,2294.0,2299.0,2325.0,2290.0,14.0,32228.0,22200
2023-05-10 21:05:48,MA2311,MA311,2295.0,0.0,0.0,0.0,1,2294.0,2296.0,8,2294.0,2299.0,2325.0,2290.0,14.0,32228.0,22200
2023-05-10 21:05:49,MA2311,MA311,2295.0,0.0,0.0,0.0,1,2294.0,2296.0,9,2294.0,2299.0,2325.0,2290.0,14.0,32228.0,22200
2023-05-10 21:05:50,MA2311,MA311,2295.0,0.0,0.0,0.0,1,2294.0,2296.0,8,2294.0,2299.0,2325.0,2290.0,14.0,32228.0,22200
2023-05-10 21:05:53,MA2311,MA311,2295.0,0.0,0.0,0.0,1,2294.0,2296.0,9,2294.0,2299.0,2325.0,2290.0,14.0,32228.0,22200
2023-05-10 21:05:53,MA2311,MA311,2295.0,0.0,0.0,0.0,3,2293.0,2295.0,7,2294.0,2299.0,2325.0,2290.0,14.0,32228.0,22200
2023-05-10 21:05:54,MA2311,MA311,2295.0,0.0,0.0,0.0,3,2293.0,2295.0,9,2294.0,2299.0,2325.0,2290.0,14.0,32228.0,22200
2023-05-10 21:05:54,MA2311,MA311,2295.0,0.0,0.0,0.0,3,2293.0,2295.0,8,2294.0,2299.0,2325.0,2290.0,14.0,32228.0,22200
2023-05-10 21:05:59,MA2311,MA311,2295.0,0.0,0.0,0.0,4,2293.0,2295.0,8,2294.0,2299.0,2325.0,2290.0,14.0,32228.0,22200
2023-05-10 21:06:00,MA2311,MA311,2295.0,0.0,0.0,0.0,5,2293.0,2295.0,8,2294.0,2299.0,2325.0,2290.0,14.0,32228.0,22200
2023-05-10 21:06:02,MA2311,MA311,2295.0,0.0,0.0,0.0,9,2293.0,2295.0,1,2294.0,2299.0,2325.0,2290.0,14.0,32228.0,22200
2023-05-10 21:06:03,MA2311,MA311,2295.0,1.0,2302.0,0.0,1,2295.0,2296.0,8,2294.0,2299.0,2325.0,2290.0,15.0,34530.0,22200
2023-05-10 21:06:03,MA2311,MA311,2295.0,0.0,0.0,0.0,2,2294.0,2296.0,7,2294.0,2299.0,2325.0,2290.0,15.0,34530.0,22200
2023-05-10 21:06:04,MA2311,MA311,2295.0,0.0,0.0,0.0,1,2294.0,2296.0,8,2294.0,2299.0,2325.0,2290.0,15.0,34530.0,22200
2023-05-10 21:06:04,MA2311,MA311,2295.0,0.0,0.0,0.0,4,2294.0,2296.0,7,2294.0,2299.0,2325.0,2290.0,15.0,34530.0,22200
2023-05-10 21:06:06,MA2311,MA311,2295.0,0.0,0.0,0.0,8,2294.0,2296.0,1,2294.0,2299.0,2325.0,2290.0,15.0,34530.0,22200
2023-05-10 21:06:06,MA2311,MA311,2296.0,1.0,2286.0,-1.0,8,2294.0,2297.0,6,2294.0,2299.0,2325.0,2290.0,16.0,36816.0,22199
2023-05-10 21:06:07,MA2311,MA311,2296.0,0.0,0.0,0.0,3,2295.0,2297.0,6,2294.0,2299.0,2325.0,2290.0,16.0,36816.0,22199
2023-05-10 21:06:08,MA2311,MA311,2296.0,0.0,0.0,0.0,2,2295.0,2297.0,6,2294.0,2299.0,2325.0,2290.0,16.0,36816.0,22199
2023-05-10 21:06:09,MA2311,MA311,2296.0,0.0,0.0,0.0,7,2294.0,2297.0,6,2294.0,2299.0,2325.0,2290.0,16.0,36816.0,22199
2023-05-10 21:06:15,MA2311,MA311,2296.0,0.0,0.0,0.0,1,2295.0,2297.0,6,2294.0,2299.0,2325.0,2290.0,16.0,36816.0,22199
2023-05-10 21:06:15,MA2311,MA311,2296.0,0.0,0.0,0.0,3,2295.0,2297.0,6,2294.0,2299.0,2325.0,2290.0,16.0,36816.0,22199
2023-05-10 21:06:26,MA2311,MA311,2296.0,0.0,0.0,0.0,3,2294.0,2296.0,6,2294.0,2299.0,2325.0,2290.0,16.0,36816.0,22199
2023-05-10 21:06:28,MA2311,MA311,2296.0,0.0,0.0,0.0,3,2294.0,2296.0,7,2294.0,2299.0,2325.0,2290.0,16.0,36816.0,22199
2023-05-10 21:06:31,MA2311,MA311,2296.0,0.0,0.0,0.0,4,2294.0,2295.0,6,2294.0,2299.0,2325.0,2290.0,16.0,36816.0,22199
2023-05-10 21:06:31,MA2311,MA311,2294.0,1.0,2301.0,0.0,3,2293.0,2295.0,5,2294.0,2299.0,2325.0,2290.0,17.0,39117.0,22199
2023-05-10 21:06:32,MA2311,MA311,2294.0,0.0,0.0,0.0,4,2293.0,2295.0,5,2294.0,2299.0,2325.0,2290.0,17.0,39117.0,22199
2023-05-10 21:06:33,MA2311,MA311,2294.0,0.0,0.0,0.0,4,2293.0,2295.0,6,2294.0,2299.0,2325.0,2290.0,17.0,39117.0,22199
2023-05-10 21:06:35,MA2311,MA311,2294.0,0.0,0.0,0.0,4,2293.0,2295.0,5,2294.0,2299.0,2325.0,2290.0,17.0,39117.0,22199
2023-05-10 21:06:42,MA2311,MA311,2294.0,0.0,0.0,0.0,4,2293.0,2295.0,6,2294.0,2299.0,2325.0,2290.0,17.0,39117.0,22199
2023-05-10 21:06:43,MA2311,MA311,2294.0,0.0,0.0,0.0,8,2293.0,2296.0,7,2294.0,2299.0,2325.0,2290.0,17.0,39117.0,22199
2023-05-10 21:06:43,MA2311,MA311,2294.0,0.0,0.0,0.0,8,2293.0,2296.0,6,2294.0,2299.0,2325.0,2290.0,17.0,39117.0,22199
2023-05-10 21:06:44,MA2311,MA311,2294.0,0.0,0.0,0.0,1,2294.0,2296.0,5,2294.0,2299.0,2325.0,2290.0,17.0,39117.0,22199
2023-05-10 21:06:47,MA2311,MA311,2294.0,0.0,0.0,0.0,2,2294.0,2296.0,5,2294.0,2299.0,2325.0,2290.0,17.0,39117.0,22199
2023-05-10 21:06:48,MA2311,MA311,2294.0,0.0,0.0,0.0,1,2294.0,2296.0,5,2294.0,2299.0,2325.0,2290.0,17.0,39117.0,22199
2023-05-10 21:06:48,MA2311,MA311,2294.0,0.0,0.0,0.0,2,2294.0,2296.0,5,2294.0,2299.0,2325.0,2290.0,17.0,39117.0,22199
2023-05-10 21:06:49,MA2311,MA311,2294.0,0.0,0.0,0.0,8,2294.0,2297.0,7,2294.0,2299.0,2325.0,2290.0,17.0,39117.0,22199
2023-05-10 21:06:49,MA2311,MA311,2294.0,0.0,0.0,0.0,8,2294.0,2297.0,6,2294.0,2299.0,2325.0,2290.0,17.0,39117.0,22199
2023-05-10 21:06:53,MA2311,MA311,2294.0,0.0,0.0,0.0,8,2294.0,2297.0,5,2294.0,2299.0,2325.0,2290.0,17.0,39117.0,22199
2023-05-10 21:07:00,MA2311,MA311,2294.0,0.0,0.0,0.0,1,2295.0,2297.0,5,2294.0,2299.0,2325.0,2290.0,17.0,39117.0,22199
2023-05-10 21:07:01,MA2311,MA311,2294.0,0.0,0.0,0.0,2,2295.0,2297.0,5,2294.0,2299.0,2325.0,2290.0,17.0,39117.0,22199
2023-05-10 21:07:05,MA2311,MA311,2294.0,0.0,0.0,0.0,1,2295.0,2297.0,5,2294.0,2299.0,2325.0,2290.0,17.0,39117.0,22199
2023-05-10 21:07:11,MA2311,MA311,2294.0,1.0,2283.0,-1.0,7,2294.0,2297.0,6,2294.0,2299.0,2325.0,2290.0,18.0,41400.0,22198
2023-05-10 21:07:13,MA2311,MA311,2294.0,0.0,0.0,0.0,7,2294.0,2297.0,5,2294.0,2299.0,2325.0,2290.0,18.0,41400.0,22198
2023-05-10 21:07:15,MA2311,MA311,2294.0,0.0,0.0,0.0,5,2295.0,2298.0,8,2294.0,2299.0,2325.0,2290.0,18.0,41400.0,22198
2023-05-10 21:07:15,MA2311,MA311,2294.0,0.0,0.0,0.0,7,2295.0,2298.0,8,2294.0,2299.0,2325.0,2290.0,18.0,41400.0,22198
2023-05-10 21:07:16,MA2311,MA311,2294.0,0.0,0.0,0.0,3,2295.0,2297.0,5,2294.0,2299.0,2325.0,2290.0,18.0,41400.0,22198
2023-05-10 21:07:17,MA2311,MA311,2294.0,0.0,0.0,0.0,1,2295.0,2297.0,5,2294.0,2299.0,2325.0,2290.0,18.0,41400.0,22198
2023-05-10 21:07:19,MA2311,MA311,2294.0,0.0,0.0,0.0,7,2294.0,2297.0,5,2294.0,2299.0,2325.0,2290.0,18.0,41400.0,22198
2023-05-10 21:07:19,MA2311,MA311,2294.0,0.0,0.0,0.0,1,2295.0,2297.0,5,2294.0,2299.0,2325.0,2290.0,18.0,41400.0,22198
2023-05-10 21:07:20,MA2311,MA311,2294.0,0.0,0.0,0.0,7,2294.0,2297.0,5,2294.0,2299.0,2325.0,2290.0,18.0,41400.0,22198
2023-05-10 21:07:21,MA2311,MA311,2294.0,0.0,0.0,0.0,2,2295.0,2297.0,5,2294.0,2299.0,2325.0,2290.0,18.0,41400.0,22198
2023-05-10 21:07:21,MA2311,MA311,2294.0,0.0,0.0,0.0,1,2295.0,2297.0,5,2294.0,2299.0,2325.0,2290.0,18.0,41400.0,22198
2023-05-10 21:07:24,MA2311,MA311,2294.0,0.0,0.0,0.0,2,2295.0,2297.0,5,2294.0,2299.0,2325.0,2290.0,18.0,41400.0,22198
2023-05-10 21:07:38,MA2311,MA311,2294.0,0.0,0.0,0.0,3,2295.0,2297.0,5,2294.0,2299.0,2325.0,2290.0,18.0,41400.0,22198
2023-05-10 21:07:48,MA2311,MA311,2294.0,0.0,0.0,0.0,3,2294.0,2296.0,5,2294.0,2299.0,2325.0,2290.0,18.0,41400.0,22198
2023-05-10 21:07:51,MA2311,MA311,2294.0,0.0,0.0,0.0,2,2294.0,2296.0,5,2294.0,2299.0,2325.0,2290.0,18.0,41400.0,22198
2023-05-10 21:08:15,MA2311,MA311,2294.0,0.0,0.0,0.0,3,2293.0,2295.0,6,2294.0,2299.0,2325.0,2290.0,18.0,41400.0,22198
2023-05-10 21:08:19,MA2311,MA311,2294.0,0.0,0.0,0.0,3,2293.0,2294.0,5,2294.0,2299.0,2325.0,2290.0,18.0,41400.0,22198
2023-05-10 21:08:20,MA2311,MA311,2294.0,0.0,0.0,0.0,3,2293.0,2294.0,6,2294.0,2299.0,2325.0,2290.0,18.0,41400.0,22198
2023-05-10 21:08:23,MA2311,MA311,2294.0,0.0,0.0,0.0,3,2292.0,2294.0,6,2294.0,2299.0,2325.0,2290.0,18.0,41400.0,22198
2023-05-10 21:08:24,MA2311,MA311,2294.0,0.0,0.0,0.0,4,2292.0,2294.0,6,2294.0,2299.0,2325.0,2290.0,18.0,41400.0,22198
2023-05-10 21:08:31,MA2311,MA311,2294.0,0.0,0.0,0.0,4,2292.0,2294.0,5,2294.0,2299.0,2325.0,2290.0,18.0,41400.0,22198
2023-05-10 21:08:32,MA2311,MA311,2294.0,0.0,0.0,0.0,3,2293.0,2294.0,5,2294.0,2299.0,2325.0,2290.0,18.0,41400.0,22198
2023-05-10 21:08:32,MA2311,MA311,2293.0,1.0,2300.0,0.0,3,2293.0,2294.0,4,2294.0,2299.0,2325.0,2290.0,19.0,43700.0,22198
2023-05-10 21:08:35,MA2311,MA311,2293.0,0.0,0.0,0.0,1,2293.0,2294.0,5,2294.0,2299.0,2325.0,2290.0,19.0,43700.0,22198
2023-05-10 21:08:35,MA2311,MA311,2293.0,0.0,0.0,0.0,3,2292.0,2294.0,4,2294.0,2299.0,2325.0,2290.0,19.0,43700.0,22198
2023-05-10 21:08:35,MA2311,MA311,2293.0,0.0,0.0,0.0,3,2292.0,2294.0,5,2294.0,2299.0,2325.0,2290.0,19.0,43700.0,22198
2023-05-10 21:08:36,MA2311,MA311,2293.0,0.0,0.0,0.0,3,2292.0,2294.0,4,2294.0,2299.0,2325.0,2290.0,19.0,43700.0,22198
2023-05-10 21:08:39,MA2311,MA311,2293.0,0.0,0.0,0.0,3,2293.0,2295.0,5,2294.0,2299.0,2325.0,2290.0,19.0,43700.0,22198
2023-05-10 21:08:45,MA2311,MA311,2293.0,0.0,0.0,0.0,3,2293.0,2295.0,4,2294.0,2299.0,2325.0,2290.0,19.0,43700.0,22198
2023-05-10 21:09:12,MA2311,MA311,2293.0,0.0,0.0,0.0,1,2293.0,2295.0,4,2294.0,2299.0,2325.0,2290.0,19.0,43700.0,22198
2023-05-10 21:09:13,MA2311,MA311,2293.0,0.0,0.0,0.0,3,2292.0,2294.0,5,2294.0,2299.0,2325.0,2290.0,19.0,43700.0,22198
2023-05-10 21:09:14,MA2311,MA311,2293.0,0.0,0.0,0.0,3,2292.0,2293.0,1,2294.0,2299.0,2325.0,2290.0,19.0,43700.0,22198
2023-05-10 21:09:14,MA2311,MA311,2293.0,1.0,2300.0,1.0,3,2292.0,2294.0,5,2294.0,2299.0,2325.0,2290.0,20.0,46000.0,22199
2023-05-10 21:09:34,MA2311,MA311,2293.0,0.0,0.0,0.0,3,2292.0,2294.0,4,2294.0,2299.0,2325.0,2290.0,20.0,46000.0,22199
2023-05-10 21:09:35,MA2311,MA311,2293.0,0.0,0.0,0.0,3,2292.0,2294.0,5,2294.0,2299.0,2325.0,2290.0,20.0,46000.0,22199
2023-05-10 21:09:41,MA2311,MA311,2293.0,0.0,0.0,0.0,3,2292.0,2294.0,4,2294.0,2299.0,2325.0,2290.0,20.0,46000.0,22199
2023-05-10 21:09:42,MA2311,MA311,2293.0,0.0,0.0,0.0,3,2292.0,2294.0,5,2294.0,2299.0,2325.0,2290.0,20.0,46000.0,22199
2023-05-10 21:09:45,MA2311,MA311,2293.0,0.0,0.0,0.0,2,2292.0,2294.0,5,2294.0,2299.0,2325.0,2290.0,20.0,46000.0,22199
2023-05-10 21:09:46,MA2311,MA311,2293.0,0.0,0.0,0.0,2,2292.0,2294.0,4,2294.0,2299.0,2325.0,2290.0,20.0,46000.0,22199
2023-05-10 21:09:46,MA2311,MA311,2293.0,0.0,0.0,0.0,2,2292.0,2294.0,5,2294.0,2299.0,2325.0,2290.0,20.0,46000.0,22199
2023-05-10 21:09:53,MA2311,MA311,2293.0,0.0,0.0,0.0,3,2292.0,2294.0,5,2294.0,2299.0,2325.0,2290.0,20.0,46000.0,22199
2023-05-10 21:09:55,MA2311,MA311,2293.0,0.0,0.0,0.0,3,2291.0,2293.0,4,2294.0,2299.0,2325.0,2290.0,20.0,46000.0,22199
2023-05-10 21:09:58,MA2311,MA311,2293.0,0.0,0.0,0.0,3,2291.0,2292.0,4,2294.0,2299.0,2325.0,2290.0,20.0,46000.0,22199
2023-05-10 21:09:59,MA2311,MA311,2292.0,1.0,2279.0,1.0,3,2291.0,2293.0,11,2294.0,2299.0,2325.0,2290.0,21.0,48279.0,22200
2023-05-10 21:09:59,MA2311,MA311,2292.0,0.0,0.0,0.0,4,2291.0,2293.0,4,2294.0,2299.0,2325.0,2290.0,21.0,48279.0,22200
2023-05-10 21:10:00,MA2311,MA311,2292.0,0.0,0.0,0.0,2,2291.0,2292.0,3,2294.0,2299.0,2325.0,2290.0,21.0,48279.0,22200
2023-05-10 21:10:01,MA2311,MA311,2292.0,0.0,0.0,0.0,4,2291.0,2293.0,7,2294.0,2299.0,2325.0,2290.0,21.0,48279.0,22200
2023-05-10 21:10:01,MA2311,MA311,2292.0,0.0,0.0,0.0,4,2291.0,2293.0,4,2294.0,2299.0,2325.0,2290.0,21.0,48279.0,22200
2023-05-10 21:10:04,MA2311,MA311,2292.0,0.0,0.0,0.0,4,2291.0,2293.0,3,2294.0,2299.0,2325.0,2290.0,21.0,48279.0,22200
2023-05-10 21:10:05,MA2311,MA311,2292.0,0.0,0.0,0.0,8,2291.0,2294.0,5,2294.0,2299.0,2325.0,2290.0,21.0,48279.0,22200
2023-05-10 21:10:05,MA2311,MA311,2292.0,0.0,0.0,0.0,3,2292.0,2294.0,3,2294.0,2299.0,2325.0,2290.0,21.0,48279.0,22200
2023-05-10 21:10:05,MA2311,MA311,2292.0,0.0,0.0,0.0,4,2292.0,2294.0,3,2294.0,2299.0,2325.0,2290.0,21.0,48279.0,22200
2023-05-10 21:10:23,MA2311,MA311,2292.0,0.0,0.0,0.0,4,2292.0,2294.0,4,2294.0,2299.0,2325.0,2290.0,21.0,48279.0,22200
2023-05-10 21:10:24,MA2311,MA311,2292.0,0.0,0.0,0.0,4,2292.0,2294.0,3,2294.0,2299.0,2325.0,2290.0,21.0,48279.0,22200
2023-05-10 21:10:32,MA2311,MA311,2292.0,0.0,0.0,0.0,8,2292.0,2295.0,5,2294.0,2299.0,2325.0,2290.0,21.0,48279.0,22200
2023-05-10 21:10:33,MA2311,MA311,2292.0,0.0,0.0,0.0,3,2293.0,2295.0,3,2294.0,2299.0,2325.0,2290.0,21.0,48279.0,22200
2023-05-10 21:10:33,MA2311,MA311,2292.0,0.0,0.0,0.0,4,2293.0,2295.0,3,2294.0,2299.0,2325.0,2290.0,21.0,48279.0,22200
2023-05-10 21:10:35,MA2311,MA311,2292.0,0.0,0.0,0.0,8,2293.0,2296.0,4,2294.0,2299.0,2325.0,2290.0,21.0,48279.0,22200
2023-05-10 21:10:35,MA2311,MA311,2292.0,0.0,0.0,0.0,4,2293.0,2295.0,3,2294.0,2299.0,2325.0,2290.0,21.0,48279.0,22200
2023-05-10 21:10:37,MA2311,MA311,2295.0,1.0,2299.0,1.0,4,2293.0,2295.0,2,2294.0,2299.0,2325.0,2290.0,22.0,50578.0,22201
2023-05-10 21:10:54,MA2311,MA311,2295.0,0.0,0.0,0.0,1,2293.0,2294.0,2,2294.0,2299.0,2325.0,2290.0,22.0,50578.0,22201
2023-05-10 21:11:00,MA2311,MA311,2295.0,0.0,0.0,0.0,1,2293.0,2295.0,6,2294.0,2299.0,2325.0,2290.0,22.0,50578.0,22201
2023-05-10 21:11:00,MA2311,MA311,2295.0,0.0,0.0,0.0,2,2293.0,2295.0,3,2294.0,2299.0,2325.0,2290.0,22.0,50578.0,22201
2023-05-10 21:11:00,MA2311,MA311,2295.0,0.0,0.0,0.0,4,2293.0,2295.0,3,2294.0,2299.0,2325.0,2290.0,22.0,50578.0,22201
2023-05-10 21:11:01,MA2311,MA311,2295.0,0.0,0.0,0.0,4,2293.0,2295.0,2,2294.0,2299.0,2325.0,2290.0,22.0,50578.0,22201
2023-05-10 21:11:04,MA2311,MA311,2295.0,0.0,0.0,0.0,8,2293.0,2296.0,4,2294.0,2299.0,2325.0,2290.0,22.0,50578.0,22201
2023-05-10 21:11:05,MA2311,MA311,2295.0,0.0,0.0,0.0,1,2294.0,2296.0,3,2294.0,2299.0,2325.0,2290.0,22.0,50578.0,22201
2023-05-10 21:11:05,MA2311,MA311,2295.0,0.0,0.0,0.0,4,2294.0,2296.0,3,2294.0,2299.0,2325.0,2290.0,22.0,50578.0,22201
2023-05-10 21:11:05,MA2311,MA311,2295.0,0.0,0.0,0.0,4,2294.0,2296.0,2,2294.0,2299.0,2325.0,2290.0,22.0,50578.0,22201
2023-05-10 21:11:12,MA2311,MA311,2295.0,0.0,0.0,0.0,1,2294.0,2295.0,2,2294.0,2299.0,2325.0,2290.0,22.0,50578.0,22201
2023-05-10 21:11:18,MA2311,MA311,2294.0,1.0,2299.0,0.0,3,2293.0,2295.0,1,2294.0,2299.0,2325.0,2290.0,23.0,52877.0,22201
2023-05-10 21:11:36,MA2311,MA311,2294.0,0.0,0.0,0.0,7,2292.0,2295.0,1,2294.0,2299.0,2325.0,2290.0,23.0,52877.0,22201
2023-05-10 21:11:36,MA2311,MA311,2294.0,0.0,0.0,0.0,2,2293.0,2295.0,1,2294.0,2299.0,2325.0,2290.0,23.0,52877.0,22201
2023-05-10 21:11:37,MA2311,MA311,2294.0,0.0,0.0,0.0,7,2292.0,2295.0,1,2294.0,2299.0,2325.0,2290.0,23.0,52877.0,22201
2023-05-10 21:11:40,MA2311,MA311,2294.0,0.0,0.0,0.0,3,2292.0,2294.0,1,2294.0,2299.0,2325.0,2290.0,23.0,52877.0,22201
2023-05-10 21:11:42,MA2311,MA311,2294.0,0.0,0.0,0.0,7,2292.0,2295.0,10,2294.0,2299.0,2325.0,2290.0,23.0,52877.0,22201
2023-05-10 21:11:42,MA2311,MA311,2294.0,0.0,0.0,0.0,7,2292.0,2295.0,2,2294.0,2299.0,2325.0,2290.0,23.0,52877.0,22201
2023-05-10 21:11:43,MA2311,MA311,2294.0,0.0,0.0,0.0,2,2293.0,2295.0,1,2294.0,2299.0,2325.0,2290.0,23.0,52877.0,22201
2023-05-10 21:11:46,MA2311,MA311,2294.0,0.0,0.0,0.0,7,2292.0,2295.0,1,2294.0,2299.0,2325.0,2290.0,23.0,52877.0,22201
2023-05-10 21:11:54,MA2311,MA311,2294.0,0.0,0.0,0.0,3,2292.0,2294.0,1,2294.0,2299.0,2325.0,2290.0,23.0,52877.0,22201
2023-05-10 21:12:11,MA2311,MA311,2294.0,0.0,0.0,0.0,7,2292.0,2295.0,10,2294.0,2299.0,2325.0,2290.0,23.0,52877.0,22201
2023-05-10 21:12:11,MA2311,MA311,2294.0,0.0,0.0,0.0,7,2292.0,2295.0,2,2294.0,2299.0,2325.0,2290.0,23.0,52877.0,22201
2023-05-10 21:12:12,MA2311,MA311,2294.0,0.0,0.0,0.0,3,2293.0,2294.0,1,2294.0,2299.0,2325.0,2290.0,23.0,52877.0,22201
2023-05-10 21:12:13,MA2311,MA311,2294.0,0.0,0.0,0.0,3,2292.0,2294.0,1,2294.0,2299.0,2325.0,2290.0,23.0,52877.0,22201
2023-05-10 21:12:15,MA2311,MA311,2292.0,1.0,2299.0,0.0,2,2292.0,2294.0,1,2294.0,2299.0,2325.0,2290.0,24.0,55176.0,22201
2023-05-10 21:12:27,MA2311,MA311,2292.0,0.0,0.0,0.0,2,2292.0,2293.0,1,2294.0,2299.0,2325.0,2290.0,24.0,55176.0,22201
2023-05-10 21:12:27,MA2311,MA311,2292.0,0.0,0.0,0.0,3,2291.0,2293.0,1,2294.0,2299.0,2325.0,2290.0,24.0,55176.0,22201
2023-05-10 21:12:28,MA2311,MA311,2292.0,0.0,0.0,0.0,3,2291.0,2293.0,2,2294.0,2299.0,2325.0,2290.0,24.0,55176.0,22201
2023-05-10 21:12:29,MA2311,MA311,2292.0,0.0,0.0,0.0,3,2291.0,2292.0,1,2294.0,2299.0,2325.0,2290.0,24.0,55176.0,22201
2023-05-10 21:12:29,MA2311,MA311,2292.0,0.0,0.0,0.0,3,2291.0,2293.0,9,2294.0,2299.0,2325.0,2290.0,24.0,55176.0,22201
2023-05-10 21:12:30,MA2311,MA311,2292.0,0.0,0.0,0.0,3,2291.0,2293.0,4,2294.0,2299.0,2325.0,2290.0,24.0,55176.0,22201
2023-05-10 21:12:30,MA2311,MA311,2292.0,0.0,0.0,0.0,3,2291.0,2293.0,3,2294.0,2299.0,2325.0,2290.0,24.0,55176.0,22201
2023-05-10 21:12:32,MA2311,MA311,2292.0,0.0,0.0,0.0,3,2291.0,2293.0,2,2294.0,2299.0,2325.0,2290.0,24.0,55176.0,22201
2023-05-10 21:12:43,MA2311,MA311,2292.0,0.0,0.0,0.0,3,2291.0,2293.0,3,2294.0,2299.0,2325.0,2290.0,24.0,55176.0,22201
2023-05-10 21:12:43,MA2311,MA311,2292.0,0.0,0.0,0.0,3,2291.0,2293.0,2,2294.0,2299.0,2325.0,2290.0,24.0,55176.0,22201
2023-05-10 21:12:47,MA2311,MA311,2292.0,0.0,0.0,0.0,3,2291.0,2293.0,3,2294.0,2299.0,2325.0,2290.0,24.0,55176.0,22201
2023-05-10 21:12:51,MA2311,MA311,2292.0,0.0,0.0,0.0,3,2291.0,2293.0,2,2294.0,2299.0,2325.0,2290.0,24.0,55176.0,22201
2023-05-10 21:12:52,MA2311,MA311,2292.0,0.0,0.0,0.0,3,2291.0,2293.0,3,2294.0,2299.0,2325.0,2290.0,24.0,55176.0,22201
2023-05-10 21:12:57,MA2311,MA311,2292.0,0.0,0.0,0.0,1,2291.0,2293.0,3,2294.0,2299.0,2325.0,2290.0,24.0,55176.0,22201
2023-05-10 21:12:57,MA2311,MA311,2292.0,0.0,0.0,0.0,3,2291.0,2293.0,3,2294.0,2299.0,2325.0,2290.0,24.0,55176.0,22201
2023-05-10 21:12:57,MA2311,MA311,2292.0,0.0,0.0,0.0,3,2291.0,2293.0,2,2294.0,2299.0,2325.0,2290.0,24.0,55176.0,22201
2023-05-10 21:12:58,MA2311,MA311,2292.0,0.0,0.0,0.0,3,2291.0,2293.0,3,2294.0,2299.0,2325.0,2290.0,24.0,55176.0,22201
2023-05-10 21:12:58,MA2311,MA311,2292.0,0.0,0.0,0.0,3,2291.0,2293.0,2,2294.0,2299.0,2325.0,2290.0,24.0,55176.0,22201
2023-05-10 21:13:00,MA2311,MA311,2292.0,0.0,0.0,0.0,3,2291.0,2292.0,1,2294.0,2299.0,2325.0,2290.0,24.0,55176.0,22201
2023-05-10 21:13:00,MA2311,MA311,2292.0,0.0,0.0,0.0,1,2291.0,2292.0,1,2294.0,2299.0,2325.0,2290.0,24.0,55176.0,22201
2023-05-10 21:13:02,MA2311,MA311,2292.0,0.0,0.0,0.0,2,2291.0,2293.0,3,2294.0,2299.0,2325.0,2290.0,24.0,55176.0,22201
2023-05-10 21:13:02,MA2311,MA311,2292.0,0.0,0.0,0.0,3,2291.0,2293.0,4,2294.0,2299.0,2325.0,2290.0,24.0,55176.0,22201
2023-05-10 21:13:03,MA2311,MA311,2292.0,0.0,0.0,0.0,3,2291.0,2293.0,2,2294.0,2299.0,2325.0,2290.0,24.0,55176.0,22201
2023-05-10 21:13:12,MA2311,MA311,2292.0,0.0,0.0,0.0,3,2291.0,2293.0,3,2294.0,2299.0,2325.0,2290.0,24.0,55176.0,22201
2023-05-10 21:13:14,MA2311,MA311,2292.0,0.0,0.0,0.0,3,2291.0,2293.0,2,2294.0,2299.0,2325.0,2290.0,24.0,55176.0,22201
2023-05-10 21:13:15,MA2311,MA311,2292.0,0.0,0.0,0.0,3,2291.0,2293.0,3,2294.0,2299.0,2325.0,2290.0,24.0,55176.0,22201
2023-05-10 21:13:15,MA2311,MA311,2292.0,0.0,0.0,0.0,3,2291.0,2293.0,2,2294.0,2299.0,2325.0,2290.0,24.0,55176.0,22201
2023-05-10 21:13:16,MA2311,MA311,2292.0,0.0,0.0,0.0,3,2291.0,2293.0,3,2294.0,2299.0,2325.0,2290.0,24.0,55176.0,22201
2023-05-10 21:13:17,MA2311,MA311,2292.0,0.0,0.0,0.0,3,2291.0,2293.0,2,2294.0,2299.0,2325.0,2290.0,24.0,55176.0,22201
2023-05-10 21:13:18,MA2311,MA311,2292.0,0.0,0.0,0.0,3,2291.0,2293.0,3,2294.0,2299.0,2325.0,2290.0,24.0,55176.0,22201
2023-05-10 21:13:18,MA2311,MA311,2292.0,0.0,0.0,0.0,3,2291.0,2293.0,2,2294.0,2299.0,2325.0,2290.0,24.0,55176.0,22201
2023-05-10 21:13:19,MA2311,MA311,2292.0,0.0,0.0,0.0,3,2291.0,2292.0,1,2294.0,2299.0,2325.0,2290.0,24.0,55176.0,22201
2023-05-10 21:13:20,MA2311,MA311,2291.0,1.0,2274.0,0.0,2,2290.0,2292.0,5,2294.0,2299.0,2325.0,2290.0,25.0,57450.0,22201
2023-05-10 21:13:22,MA2311,MA311,2291.0,0.0,0.0,0.0,1,2291.0,2292.0,5,2294.0,2299.0,2325.0,2290.0,25.0,57450.0,22201
2023-05-10 21:13:22,MA2311,MA311,2291.0,0.0,0.0,0.0,2,2290.0,2292.0,5,2294.0,2299.0,2325.0,2290.0,25.0,57450.0,22201
2023-05-10 21:13:25,MA2311,MA311,2291.0,0.0,0.0,0.0,2,2290.0,2292.0,6,2294.0,2299.0,2325.0,2290.0,25.0,57450.0,22201
2023-05-10 21:13:29,MA2311,MA311,2291.0,0.0,0.0,0.0,2,2290.0,2292.0,7,2294.0,2299.0,2325.0,2290.0,25.0,57450.0,22201
2023-05-10 21:13:32,MA2311,MA311,2291.0,0.0,0.0,0.0,2,2290.0,2292.0,6,2294.0,2299.0,2325.0,2290.0,25.0,57450.0,22201
2023-05-10 21:13:33,MA2311,MA311,2291.0,0.0,0.0,0.0,2,2290.0,2292.0,7,2294.0,2299.0,2325.0,2290.0,25.0,57450.0,22201
2023-05-10 21:13:35,MA2311,MA311,2291.0,0.0,0.0,0.0,2,2290.0,2291.0,5,2294.0,2299.0,2325.0,2290.0,25.0,57450.0,22201
2023-05-10 21:13:35,MA2311,MA311,2291.0,0.0,0.0,0.0,2,2290.0,2291.0,6,2294.0,2299.0,2325.0,2290.0,25.0,57450.0,22201
2023-05-10 21:13:36,MA2311,MA311,2291.0,0.0,0.0,0.0,2,2289.0,2291.0,6,2294.0,2299.0,2325.0,2290.0,25.0,57450.0,22201
2023-05-10 21:13:36,MA2311,MA311,2291.0,0.0,0.0,0.0,2,2289.0,2291.0,5,2294.0,2299.0,2325.0,2290.0,25.0,57450.0,22201
2023-05-10 21:13:46,MA2311,MA311,2291.0,0.0,0.0,0.0,2,2289.0,2290.0,5,2294.0,2299.0,2325.0,2290.0,25.0,57450.0,22201
2023-05-10 21:13:47,MA2311,MA311,2291.0,0.0,0.0,0.0,2,2289.0,2291.0,14,2294.0,2299.0,2325.0,2290.0,25.0,57450.0,22201
2023-05-10 21:13:47,MA2311,MA311,2291.0,0.0,0.0,0.0,2,2289.0,2291.0,7,2294.0,2299.0,2325.0,2290.0,25.0,57450.0,22201
2023-05-10 21:13:47,MA2311,MA311,2291.0,0.0,0.0,0.0,2,2289.0,2291.0,6,2294.0,2299.0,2325.0,2290.0,25.0,57450.0,22201
2023-05-10 21:13:50,MA2311,MA311,2291.0,0.0,0.0,0.0,2,2289.0,2290.0,5,2294.0,2299.0,2325.0,2290.0,25.0,57450.0,22201
2023-05-10 21:13:50,MA2311,MA311,2291.0,0.0,0.0,0.0,2,2289.0,2291.0,14,2294.0,2299.0,2325.0,2290.0,25.0,57450.0,22201
2023-05-10 21:13:50,MA2311,MA311,2291.0,0.0,0.0,0.0,2,2289.0,2291.0,6,2294.0,2299.0,2325.0,2290.0,25.0,57450.0,22201
2023-05-10 21:13:55,MA2311,MA311,2291.0,0.0,0.0,0.0,2,2289.0,2291.0,7,2294.0,2299.0,2325.0,2290.0,25.0,57450.0,22201
2023-05-10 21:13:55,MA2311,MA311,2291.0,0.0,0.0,0.0,2,2289.0,2290.0,5,2294.0,2299.0,2325.0,2290.0,25.0,57450.0,22201
2023-05-10 21:13:56,MA2311,MA311,2291.0,0.0,0.0,0.0,3,2288.0,2290.0,6,2294.0,2299.0,2325.0,2290.0,25.0,57450.0,22201
2023-05-10 21:14:02,MA2311,MA311,2291.0,0.0,0.0,0.0,7,2288.0,2291.0,7,2294.0,2299.0,2325.0,2290.0,25.0,57450.0,22201
2023-05-10 21:14:03,MA2311,MA311,2291.0,0.0,0.0,0.0,2,2289.0,2291.0,8,2294.0,2299.0,2325.0,2290.0,25.0,57450.0,22201
2023-05-10 21:14:03,MA2311,MA311,2291.0,0.0,0.0,0.0,2,2289.0,2291.0,5,2294.0,2299.0,2325.0,2290.0,25.0,57450.0,22201
2023-05-10 21:14:09,MA2311,MA311,2291.0,0.0,0.0,0.0,6,2289.0,2292.0,7,2294.0,2299.0,2325.0,2290.0,25.0,57450.0,22201
2023-05-10 21:14:09,MA2311,MA311,2291.0,0.0,0.0,0.0,2,2290.0,2292.0,6,2294.0,2299.0,2325.0,2290.0,25.0,57450.0,22201
2023-05-10 21:14:16,MA2311,MA311,2291.0,0.0,0.0,0.0,2,2290.0,2291.0,5,2294.0,2299.0,2325.0,2290.0,25.0,57450.0,22201
2023-05-10 21:14:17,MA2311,MA311,2291.0,0.0,0.0,0.0,2,2290.0,2292.0,7,2294.0,2299.0,2325.0,2290.0,25.0,57450.0,22201
2023-05-10 21:14:19,MA2311,MA311,2291.0,0.0,0.0,0.0,2,2290.0,2292.0,6,2294.0,2299.0,2325.0,2290.0,25.0,57450.0,22201
2023-05-10 21:14:20,MA2311,MA311,2291.0,0.0,0.0,0.0,2,2290.0,2291.0,5,2294.0,2299.0,2325.0,2290.0,25.0,57450.0,22201
2023-05-10 21:14:23,MA2311,MA311,2291.0,0.0,0.0,0.0,1,2290.0,2291.0,5,2294.0,2299.0,2325.0,2290.0,25.0,57450.0,22201
2023-05-10 21:14:23,MA2311,MA311,2291.0,0.0,0.0,0.0,2,2289.0,2291.0,5,2294.0,2299.0,2325.0,2290.0,25.0,57450.0,22201
2023-05-10 21:14:31,MA2311,MA311,2291.0,0.0,0.0,0.0,3,2289.0,2291.0,6,2294.0,2299.0,2325.0,2290.0,25.0,57450.0,22201
2023-05-10 21:15:05,MA2311,MA311,2291.0,0.0,0.0,0.0,7,2289.0,2292.0,7,2294.0,2299.0,2325.0,2290.0,25.0,57450.0,22201
2023-05-10 21:15:05,MA2311,MA311,2291.0,0.0,0.0,0.0,2,2290.0,2292.0,7,2294.0,2299.0,2325.0,2290.0,25.0,57450.0,22201
2023-05-10 21:15:08,MA2311,MA311,2291.0,0.0,0.0,0.0,2,2290.0,2291.0,5,2294.0,2299.0,2325.0,2290.0,25.0,57450.0,22201
2023-05-10 21:15:09,MA2311,MA311,2291.0,0.0,0.0,0.0,3,2289.0,2291.0,6,2294.0,2299.0,2325.0,2290.0,25.0,57450.0,22201
2023-05-10 21:15:10,MA2311,MA311,2291.0,0.0,0.0,0.0,3,2289.0,2291.0,5,2294.0,2299.0,2325.0,2290.0,25.0,57450.0,22201
2023-05-10 21:15:11,MA2311,MA311,2291.0,0.0,0.0,0.0,2,2290.0,2292.0,7,2294.0,2299.0,2325.0,2290.0,25.0,57450.0,22201
2023-05-10 21:15:11,MA2311,MA311,2291.0,0.0,0.0,0.0,2,2290.0,2292.0,8,2294.0,2299.0,2325.0,2290.0,25.0,57450.0,22201
2023-05-10 21:15:11,MA2311,MA311,2291.0,0.0,0.0,0.0,2,2290.0,2292.0,7,2294.0,2299.0,2325.0,2290.0,25.0,57450.0,22201
2023-05-10 21:15:15,MA2311,MA311,2291.0,0.0,0.0,0.0,2,2290.0,2291.0,5,2294.0,2299.0,2325.0,2290.0,25.0,57450.0,22201
2023-05-10 21:15:15,MA2311,MA311,2291.0,0.0,0.0,0.0,3,2289.0,2291.0,6,2294.0,2299.0,2325.0,2290.0,25.0,57450.0,22201
2023-05-10 21:15:19,MA2311,MA311,2291.0,0.0,0.0,0.0,2,2290.0,2292.0,7,2294.0,2299.0,2325.0,2290.0,25.0,57450.0,22201
2023-05-10 21:15:19,MA2311,MA311,2291.0,0.0,0.0,0.0,2,2290.0,2292.0,8,2294.0,2299.0,2325.0,2290.0,25.0,57450.0,22201
2023-05-10 21:15:20,MA2311,MA311,2291.0,0.0,0.0,0.0,2,2290.0,2292.0,7,2294.0,2299.0,2325.0,2290.0,25.0,57450.0,22201
2023-05-10 21:15:29,MA2311,MA311,2291.0,0.0,0.0,0.0,2,2290.0,2291.0,5,2294.0,2299.0,2325.0,2290.0,25.0,57450.0,22201
2023-05-10 21:15:32,MA2311,MA311,2291.0,0.0,0.0,0.0,2,2290.0,2292.0,7,2294.0,2299.0,2325.0,2290.0,25.0,57450.0,22201
2023-05-10 21:15:46,MA2311,MA311,2291.0,0.0,0.0,0.0,2,2290.0,2292.0,6,2294.0,2299.0,2325.0,2290.0,25.0,57450.0,22201
2023-05-10 21:15:51,MA2311,MA311,2291.0,0.0,0.0,0.0,2,2291.0,2292.0,5,2294.0,2299.0,2325.0,2290.0,25.0,57450.0,22201
2023-05-10 21:15:58,MA2311,MA311,2291.0,0.0,0.0,0.0,1,2291.0,2292.0,5,2294.0,2299.0,2325.0,2290.0,25.0,57450.0,22201
2023-05-10 21:16:01,MA2311,MA311,2291.0,0.0,0.0,0.0,2,2290.0,2292.0,5,2294.0,2299.0,2325.0,2290.0,25.0,57450.0,22201
2023-05-10 21:16:03,MA2311,MA311,2291.0,0.0,0.0,0.0,2,2290.0,2291.0,5,2294.0,2299.0,2325.0,2290.0,25.0,57450.0,22201
2023-05-10 21:16:04,MA2311,MA311,2291.0,0.0,0.0,0.0,3,2289.0,2291.0,6,2294.0,2299.0,2325.0,2290.0,25.0,57450.0,22201
2023-05-10 21:16:08,MA2311,MA311,2291.0,0.0,0.0,0.0,3,2289.0,2291.0,5,2294.0,2299.0,2325.0,2290.0,25.0,57450.0,22201
2023-05-10 21:16:08,MA2311,MA311,2291.0,0.0,0.0,0.0,3,2289.0,2290.0,5,2294.0,2299.0,2325.0,2290.0,25.0,57450.0,22201
2023-05-10 21:16:12,MA2311,MA311,2291.0,0.0,0.0,0.0,1,2289.0,2290.0,5,2294.0,2299.0,2325.0,2290.0,25.0,57450.0,22201
2023-05-10 21:16:13,MA2311,MA311,2289.0,1.0,2298.0,1.0,1,2288.0,2289.0,4,2294.0,2299.0,2325.0,2289.0,26.0,59748.0,22202
2023-05-10 21:16:14,MA2311,MA311,2289.0,0.0,0.0,0.0,3,2288.0,2289.0,4,2294.0,2299.0,2325.0,2289.0,26.0,59748.0,22202
2023-05-10 21:16:14,MA2311,MA311,2289.0,0.0,0.0,0.0,3,2288.0,2290.0,6,2294.0,2299.0,2325.0,2289.0,26.0,59748.0,22202
2023-05-10 21:16:15,MA2311,MA311,2289.0,0.0,0.0,0.0,3,2288.0,2290.0,5,2294.0,2299.0,2325.0,2289.0,26.0,59748.0,22202
2023-05-10 21:16:18,MA2311,MA311,2289.0,0.0,0.0,0.0,3,2288.0,2289.0,4,2294.0,2299.0,2325.0,2289.0,26.0,59748.0,22202
2023-05-10 21:16:18,MA2311,MA311,2288.0,1.0,2298.0,1.0,2,2288.0,2289.0,5,2294.0,2299.0,2325.0,2288.0,27.0,62046.0,22203
2023-05-10 21:16:20,MA2311,MA311,2288.0,0.0,0.0,0.0,2,2288.0,2290.0,7,2294.0,2299.0,2325.0,2288.0,27.0,62046.0,22203
2023-05-10 21:16:20,MA2311,MA311,2288.0,0.0,0.0,0.0,2,2288.0,2289.0,4,2294.0,2299.0,2325.0,2288.0,27.0,62046.0,22203
2023-05-10 21:16:21,MA2311,MA311,2288.0,0.0,0.0,0.0,2,2287.0,2289.0,4,2294.0,2299.0,2325.0,2288.0,27.0,62046.0,22203
2023-05-10 21:16:33,MA2311,MA311,2288.0,0.0,0.0,0.0,6,2287.0,2290.0,7,2294.0,2299.0,2325.0,2288.0,27.0,62046.0,22203
2023-05-10 21:16:33,MA2311,MA311,2288.0,0.0,0.0,0.0,1,2288.0,2290.0,7,2294.0,2299.0,2325.0,2288.0,27.0,62046.0,22203
2023-05-10 21:16:34,MA2311,MA311,2288.0,0.0,0.0,0.0,1,2288.0,2289.0,4,2294.0,2299.0,2325.0,2288.0,27.0,62046.0,22203
2023-05-10 21:16:35,MA2311,MA311,2288.0,0.0,0.0,0.0,2,2287.0,2289.0,7,2294.0,2299.0,2325.0,2288.0,27.0,62046.0,22203
2023-05-10 21:16:35,MA2311,MA311,2288.0,0.0,0.0,0.0,3,2287.0,2289.0,7,2294.0,2299.0,2325.0,2288.0,27.0,62046.0,22203
2023-05-10 21:16:35,MA2311,MA311,2288.0,0.0,0.0,0.0,3,2287.0,2289.0,6,2294.0,2299.0,2325.0,2288.0,27.0,62046.0,22203
2023-05-10 21:16:37,MA2311,MA311,2288.0,0.0,0.0,0.0,3,2287.0,2289.0,5,2294.0,2299.0,2325.0,2288.0,27.0,62046.0,22203
2023-05-10 21:16:42,MA2311,MA311,2288.0,0.0,0.0,0.0,3,2287.0,2289.0,6,2294.0,2299.0,2325.0,2288.0,27.0,62046.0,22203
2023-05-10 21:16:44,MA2311,MA311,2288.0,0.0,0.0,0.0,1,2288.0,2289.0,6,2294.0,2299.0,2325.0,2288.0,27.0,62046.0,22203
2023-05-10 21:16:44,MA2311,MA311,2288.0,0.0,0.0,0.0,1,2288.0,2289.0,4,2294.0,2299.0,2325.0,2288.0,27.0,62046.0,22203
2023-05-10 21:16:45,MA2311,MA311,2288.0,0.0,0.0,0.0,2,2288.0,2289.0,4,2294.0,2299.0,2325.0,2288.0,27.0,62046.0,22203
2023-05-10 21:16:47,MA2311,MA311,2288.0,0.0,0.0,0.0,3,2288.0,2290.0,7,2294.0,2299.0,2325.0,2288.0,27.0,62046.0,22203
2023-05-10 21:16:47,MA2311,MA311,2288.0,0.0,0.0,0.0,3,2288.0,2290.0,6,2294.0,2299.0,2325.0,2288.0,27.0,62046.0,22203
2023-05-10 21:16:48,MA2311,MA311,2288.0,0.0,0.0,0.0,2,2289.0,2290.0,6,2294.0,2299.0,2325.0,2288.0,27.0,62046.0,22203
2023-05-10 21:16:49,MA2311,MA311,2289.0,1.0,2270.0,0.0,2,2289.0,2290.0,5,2294.0,2299.0,2325.0,2288.0,28.0,64316.0,22203
2023-05-10 21:16:49,MA2311,MA311,2289.0,0.0,0.0,0.0,1,2289.0,2290.0,5,2294.0,2299.0,2325.0,2288.0,28.0,64316.0,22203
2023-05-10 21:16:50,MA2311,MA311,2289.0,0.0,0.0,0.0,2,2288.0,2290.0,6,2294.0,2299.0,2325.0,2288.0,28.0,64316.0,22203
2023-05-10 21:16:54,MA2311,MA311,2289.0,0.0,0.0,0.0,1,2288.0,2289.0,3,2294.0,2299.0,2325.0,2288.0,28.0,64316.0,22203
2023-05-10 21:16:54,MA2311,MA311,2289.0,0.0,0.0,0.0,2,2287.0,2289.0,3,2294.0,2299.0,2325.0,2288.0,28.0,64316.0,22203
2023-05-10 21:16:55,MA2311,MA311,2289.0,0.0,0.0,0.0,2,2287.0,2289.0,4,2294.0,2299.0,2325.0,2288.0,28.0,64316.0,22203
2023-05-10 21:16:57,MA2311,MA311,2289.0,0.0,0.0,0.0,2,2287.0,2289.0,5,2294.0,2299.0,2325.0,2288.0,28.0,64316.0,22203
2023-05-10 21:16:59,MA2311,MA311,2289.0,0.0,0.0,0.0,2,2287.0,2289.0,4,2294.0,2299.0,2325.0,2288.0,28.0,64316.0,22203
2023-05-10 21:17:01,MA2311,MA311,2289.0,0.0,0.0,0.0,2,2287.0,2289.0,5,2294.0,2299.0,2325.0,2288.0,28.0,64316.0,22203
2023-05-10 21:17:02,MA2311,MA311,2289.0,0.0,0.0,0.0,2,2287.0,2288.0,1,2294.0,2299.0,2325.0,2288.0,28.0,64316.0,22203
2023-05-10 21:17:04,MA2311,MA311,2289.0,0.0,0.0,0.0,2,2287.0,2289.0,6,2294.0,2299.0,2325.0,2288.0,28.0,64316.0,22203
2023-05-10 21:17:05,MA2311,MA311,2289.0,0.0,0.0,0.0,2,2287.0,2288.0,3,2294.0,2299.0,2325.0,2288.0,28.0,64316.0,22203
2023-05-10 21:17:06,MA2311,MA311,2289.0,0.0,0.0,0.0,2,2287.0,2288.0,1,2294.0,2299.0,2325.0,2288.0,28.0,64316.0,22203
2023-05-10 21:17:07,MA2311,MA311,2289.0,0.0,0.0,0.0,2,2287.0,2288.0,4,2294.0,2299.0,2325.0,2288.0,28.0,64316.0,22203
2023-05-10 21:17:08,MA2311,MA311,2289.0,0.0,0.0,0.0,2,2287.0,2288.0,1,2294.0,2299.0,2325.0,2288.0,28.0,64316.0,22203
2023-05-10 21:17:10,MA2311,MA311,2289.0,0.0,0.0,0.0,2,2287.0,2289.0,6,2294.0,2299.0,2325.0,2288.0,28.0,64316.0,22203
2023-05-10 21:17:10,MA2311,MA311,2289.0,0.0,0.0,0.0,2,2287.0,2289.0,5,2294.0,2299.0,2325.0,2288.0,28.0,64316.0,22203
2023-05-10 21:17:24,MA2311,MA311,2289.0,0.0,0.0,0.0,2,2287.0,2288.0,4,2294.0,2299.0,2325.0,2288.0,28.0,64316.0,22203
2023-05-10 21:17:33,MA2311,MA311,2289.0,0.0,0.0,0.0,2,2286.0,2288.0,4,2294.0,2299.0,2325.0,2288.0,28.0,64316.0,22203
2023-05-10 21:17:36,MA2311,MA311,2289.0,0.0,0.0,0.0,1,2287.0,2288.0,4,2294.0,2299.0,2325.0,2288.0,28.0,64316.0,22203
2023-05-10 21:17:37,MA2311,MA311,2289.0,0.0,0.0,0.0,2,2286.0,2288.0,5,2294.0,2299.0,2325.0,2288.0,28.0,64316.0,22203
2023-05-10 21:17:38,MA2311,MA311,2289.0,0.0,0.0,0.0,2,2287.0,2288.0,5,2294.0,2299.0,2325.0,2288.0,28.0,64316.0,22203
2023-05-10 21:17:39,MA2311,MA311,2289.0,0.0,0.0,0.0,2,2286.0,2288.0,5,2294.0,2299.0,2325.0,2288.0,28.0,64316.0,22203
2023-05-10 21:17:40,MA2311,MA311,2289.0,0.0,0.0,0.0,2,2286.0,2288.0,4,2294.0,2299.0,2325.0,2288.0,28.0,64316.0,22203
2023-05-10 21:17:42,MA2311,MA311,2289.0,0.0,0.0,0.0,2,2286.0,2288.0,5,2294.0,2299.0,2325.0,2288.0,28.0,64316.0,22203
2023-05-10 21:17:44,MA2311,MA311,2289.0,0.0,0.0,0.0,2,2286.0,2288.0,6,2294.0,2299.0,2325.0,2288.0,28.0,64316.0,22203
2023-05-10 21:17:44,MA2311,MA311,2289.0,0.0,0.0,0.0,2,2286.0,2288.0,5,2294.0,2299.0,2325.0,2288.0,28.0,64316.0,22203
2023-05-10 21:17:45,MA2311,MA311,2289.0,0.0,0.0,0.0,2,2286.0,2288.0,6,2294.0,2299.0,2325.0,2288.0,28.0,64316.0,22203
2023-05-10 21:17:45,MA2311,MA311,2289.0,0.0,0.0,0.0,2,2286.0,2287.0,4,2294.0,2299.0,2325.0,2288.0,28.0,64316.0,22203
2023-05-10 21:17:45,MA2311,MA311,2289.0,0.0,0.0,0.0,2,2286.0,2288.0,6,2294.0,2299.0,2325.0,2288.0,28.0,64316.0,22203
2023-05-10 21:17:46,MA2311,MA311,2289.0,0.0,0.0,0.0,2,2286.0,2287.0,5,2294.0,2299.0,2325.0,2288.0,28.0,64316.0,22203
2023-05-10 21:17:46,MA2311,MA311,2289.0,0.0,0.0,0.0,2,2286.0,2287.0,4,2294.0,2299.0,2325.0,2288.0,28.0,64316.0,22203
2023-05-10 21:17:46,MA2311,MA311,2289.0,0.0,0.0,0.0,2,2286.0,2287.0,5,2294.0,2299.0,2325.0,2288.0,28.0,64316.0,22203
2023-05-10 21:17:47,MA2311,MA311,2289.0,0.0,0.0,0.0,2,2286.0,2287.0,1,2294.0,2299.0,2325.0,2288.0,28.0,64316.0,22203
2023-05-10 21:17:48,MA2311,MA311,2289.0,0.0,0.0,0.0,2,2286.0,2288.0,5,2294.0,2299.0,2325.0,2288.0,28.0,64316.0,22203
2023-05-10 21:17:50,MA2311,MA311,2289.0,0.0,0.0,0.0,2,2286.0,2288.0,6,2294.0,2299.0,2325.0,2288.0,28.0,64316.0,22203
2023-05-10 21:17:52,MA2311,MA311,2289.0,0.0,0.0,0.0,2,2286.0,2287.0,3,2294.0,2299.0,2325.0,2288.0,28.0,64316.0,22203
2023-05-10 21:17:53,MA2311,MA311,2289.0,0.0,0.0,0.0,2,2286.0,2287.0,4,2294.0,2299.0,2325.0,2288.0,28.0,64316.0,22203
2023-05-10 21:17:53,MA2311,MA311,2289.0,0.0,0.0,0.0,2,2286.0,2287.0,5,2294.0,2299.0,2325.0,2288.0,28.0,64316.0,22203
2023-05-10 21:17:53,MA2311,MA311,2289.0,0.0,0.0,0.0,2,2286.0,2287.0,4,2294.0,2299.0,2325.0,2288.0,28.0,64316.0,22203
2023-05-10 21:17:56,MA2311,MA311,2289.0,0.0,0.0,0.0,2,2286.0,2287.0,1,2294.0,2299.0,2325.0,2288.0,28.0,64316.0,22203
2023-05-10 21:17:57,MA2311,MA311,2289.0,0.0,0.0,0.0,2,2287.0,2288.0,5,2294.0,2299.0,2325.0,2288.0,28.0,64316.0,22203
2023-05-10 21:17:57,MA2311,MA311,2289.0,0.0,0.0,0.0,2,2286.0,2288.0,5,2294.0,2299.0,2325.0,2288.0,28.0,64316.0,22203
2023-05-10 21:17:57,MA2311,MA311,2289.0,0.0,0.0,0.0,2,2287.0,2288.0,5,2294.0,2299.0,2325.0,2288.0,28.0,64316.0,22203
2023-05-10 21:17:57,MA2311,MA311,2289.0,0.0,0.0,0.0,2,2286.0,2288.0,5,2294.0,2299.0,2325.0,2288.0,28.0,64316.0,22203
2023-05-10 21:18:08,MA2311,MA311,2289.0,0.0,0.0,0.0,2,2286.0,2288.0,4,2294.0,2299.0,2325.0,2288.0,28.0,64316.0,22203
2023-05-10 21:18:11,MA2311,MA311,2289.0,0.0,0.0,0.0,2,2286.0,2288.0,1,2294.0,2299.0,2325.0,2288.0,28.0,64316.0,22203
2023-05-10 21:18:11,MA2311,MA311,2289.0,0.0,0.0,0.0,2,2286.0,2288.0,5,2294.0,2299.0,2325.0,2288.0,28.0,64316.0,22203
2023-05-10 21:18:11,MA2311,MA311,2289.0,0.0,0.0,0.0,2,2286.0,2288.0,4,2294.0,2299.0,2325.0,2288.0,28.0,64316.0,22203
2023-05-10 21:18:14,MA2311,MA311,2289.0,0.0,0.0,0.0,2,2287.0,2288.0,5,2294.0,2299.0,2325.0,2288.0,28.0,64316.0,22203
2023-05-10 21:18:16,MA2311,MA311,2289.0,0.0,0.0,0.0,1,2287.0,2288.0,5,2294.0,2299.0,2325.0,2288.0,28.0,64316.0,22203
2023-05-10 21:18:16,MA2311,MA311,2289.0,0.0,0.0,0.0,2,2286.0,2288.0,5,2294.0,2299.0,2325.0,2288.0,28.0,64316.0,22203
2023-05-10 21:18:19,MA2311,MA311,2289.0,0.0,0.0,0.0,2,2286.0,2288.0,4,2294.0,2299.0,2325.0,2288.0,28.0,64316.0,22203
2023-05-10 21:18:22,MA2311,MA311,2289.0,0.0,0.0,0.0,2,2286.0,2288.0,6,2294.0,2299.0,2325.0,2288.0,28.0,64316.0,22203
2023-05-10 21:18:23,MA2311,MA311,2289.0,0.0,0.0,0.0,2,2286.0,2288.0,5,2294.0,2299.0,2325.0,2288.0,28.0,64316.0,22203
2023-05-10 21:18:35,MA2311,MA311,2289.0,0.0,0.0,0.0,2,2286.0,2287.0,4,2294.0,2299.0,2325.0,2288.0,28.0,64316.0,22203
2023-05-10 21:18:36,MA2311,MA311,2289.0,0.0,0.0,0.0,2,2286.0,2287.0,1,2294.0,2299.0,2325.0,2288.0,28.0,64316.0,22203
2023-05-10 21:18:37,MA2311,MA311,2286.0,2.0,4594.0,2.0,27,2284.0,2287.0,4,2294.0,2299.0,2325.0,2286.0,30.0,68910.0,22205
2023-05-10 21:18:37,MA2311,MA311,2286.0,0.0,0.0,0.0,27,2284.0,2287.0,5,2294.0,2299.0,2325.0,2286.0,30.0,68910.0,22205
2023-05-10 21:18:41,MA2311,MA311,2286.0,0.0,0.0,0.0,27,2284.0,2287.0,4,2294.0,2299.0,2325.0,2286.0,30.0,68910.0,22205
2023-05-10 21:18:41,MA2311,MA311,2286.0,0.0,0.0,0.0,27,2284.0,2287.0,5,2294.0,2299.0,2325.0,2286.0,30.0,68910.0,22205
2023-05-10 21:18:43,MA2311,MA311,2286.0,0.0,0.0,0.0,28,2284.0,2287.0,4,2294.0,2299.0,2325.0,2286.0,30.0,68910.0,22205
2023-05-10 21:18:43,MA2311,MA311,2286.0,0.0,0.0,0.0,28,2284.0,2287.0,5,2294.0,2299.0,2325.0,2286.0,30.0,68910.0,22205
2023-05-10 21:18:44,MA2311,MA311,2286.0,0.0,0.0,0.0,1,2285.0,2287.0,5,2294.0,2299.0,2325.0,2286.0,30.0,68910.0,22205
2023-05-10 21:18:46,MA2311,MA311,2286.0,0.0,0.0,0.0,1,2285.0,2287.0,4,2294.0,2299.0,2325.0,2286.0,30.0,68910.0,22205
2023-05-10 21:18:46,MA2311,MA311,2286.0,0.0,0.0,0.0,1,2285.0,2287.0,5,2294.0,2299.0,2325.0,2286.0,30.0,68910.0,22205
2023-05-10 21:18:48,MA2311,MA311,2286.0,0.0,0.0,0.0,1,2285.0,2287.0,4,2294.0,2299.0,2325.0,2286.0,30.0,68910.0,22205
2023-05-10 21:18:49,MA2311,MA311,2286.0,0.0,0.0,0.0,6,2285.0,2288.0,5,2294.0,2299.0,2325.0,2286.0,30.0,68910.0,22205
2023-05-10 21:18:49,MA2311,MA311,2286.0,0.0,0.0,0.0,18,2285.0,2288.0,5,2294.0,2299.0,2325.0,2286.0,30.0,68910.0,22205
2023-05-10 21:18:50,MA2311,MA311,2286.0,0.0,0.0,0.0,20,2285.0,2288.0,5,2294.0,2299.0,2325.0,2286.0,30.0,68910.0,22205
2023-05-10 21:18:50,MA2311,MA311,2286.0,0.0,0.0,0.0,20,2285.0,2288.0,4,2294.0,2299.0,2325.0,2286.0,30.0,68910.0,22205
2023-05-10 21:18:51,MA2311,MA311,2286.0,0.0,0.0,0.0,20,2285.0,2288.0,5,2294.0,2299.0,2325.0,2286.0,30.0,68910.0,22205
2023-05-10 21:18:56,MA2311,MA311,2286.0,0.0,0.0,0.0,10,2285.0,2287.0,4,2294.0,2299.0,2325.0,2286.0,30.0,68910.0,22205
2023-05-10 21:18:56,MA2311,MA311,2286.0,0.0,0.0,0.0,8,2285.0,2287.0,4,2294.0,2299.0,2325.0,2286.0,30.0,68910.0,22205
2023-05-10 21:18:59,MA2311,MA311,2286.0,0.0,0.0,0.0,1,2286.0,2287.0,1,2294.0,2299.0,2325.0,2286.0,30.0,68910.0,22205
2023-05-10 21:18:59,MA2311,MA311,2286.0,0.0,0.0,0.0,12,2285.0,2287.0,4,2294.0,2299.0,2325.0,2286.0,30.0,68910.0,22205
2023-05-10 21:19:00,MA2311,MA311,2286.0,0.0,0.0,0.0,11,2285.0,2287.0,4,2294.0,2299.0,2325.0,2286.0,30.0,68910.0,22205
2023-05-10 21:19:00,MA2311,MA311,2286.0,0.0,0.0,0.0,11,2285.0,2287.0,5,2294.0,2299.0,2325.0,2286.0,30.0,68910.0,22205
2023-05-10 21:19:01,MA2311,MA311,2286.0,0.0,0.0,0.0,11,2285.0,2287.0,4,2294.0,2299.0,2325.0,2286.0,30.0,68910.0,22205
2023-05-10 21:19:02,MA2311,MA311,2286.0,0.0,0.0,0.0,6,2285.0,2287.0,4,2294.0,2299.0,2325.0,2286.0,30.0,68910.0,22205
2023-05-10 21:19:02,MA2311,MA311,2286.0,0.0,0.0,0.0,2,2285.0,2287.0,4,2294.0,2299.0,2325.0,2286.0,30.0,68910.0,22205
2023-05-10 21:19:03,MA2311,MA311,2286.0,1.0,2266.0,1.0,1,2285.0,2287.0,3,2294.0,2299.0,2325.0,2286.0,31.0,71176.0,22206
2023-05-10 21:19:03,MA2311,MA311,2286.0,0.0,0.0,0.0,1,2285.0,2287.0,4,2294.0,2299.0,2325.0,2286.0,31.0,71176.0,22206
2023-05-10 21:19:04,MA2311,MA311,2286.0,0.0,0.0,0.0,5,2285.0,2288.0,8,2294.0,2299.0,2325.0,2286.0,31.0,71176.0,22206
2023-05-10 21:19:04,MA2311,MA311,2286.0,0.0,0.0,0.0,14,2285.0,2288.0,6,2294.0,2299.0,2325.0,2286.0,31.0,71176.0,22206
2023-05-10 21:19:05,MA2311,MA311,2286.0,0.0,0.0,0.0,14,2285.0,2288.0,7,2294.0,2299.0,2325.0,2286.0,31.0,71176.0,22206
2023-05-10 21:19:06,MA2311,MA311,2286.0,0.0,0.0,0.0,14,2285.0,2288.0,4,2294.0,2299.0,2325.0,2286.0,31.0,71176.0,22206
2023-05-10 21:19:13,MA2311,MA311,2286.0,0.0,0.0,0.0,15,2285.0,2288.0,4,2294.0,2299.0,2325.0,2286.0,31.0,71176.0,22206
2023-05-10 21:19:15,MA2311,MA311,2288.0,1.0,2296.0,1.0,15,2285.0,2288.0,3,2294.0,2299.0,2325.0,2286.0,32.0,73472.0,22207
2023-05-10 21:19:19,MA2311,MA311,2288.0,0.0,0.0,0.0,4,2286.0,2289.0,7,2294.0,2299.0,2325.0,2286.0,32.0,73472.0,22207
2023-05-10 21:19:19,MA2311,MA311,2288.0,0.0,0.0,0.0,9,2286.0,2288.0,2,2294.0,2299.0,2325.0,2286.0,32.0,73472.0,22207
2023-05-10 21:19:19,MA2311,MA311,2288.0,0.0,0.0,0.0,1,2286.0,2288.0,2,2294.0,2299.0,2325.0,2286.0,32.0,73472.0,22207
2023-05-10 21:19:21,MA2311,MA311,2288.0,0.0,0.0,0.0,9,2285.0,2288.0,2,2294.0,2299.0,2325.0,2286.0,32.0,73472.0,22207
2023-05-10 21:19:21,MA2311,MA311,2288.0,0.0,0.0,0.0,8,2285.0,2288.0,2,2294.0,2299.0,2325.0,2286.0,32.0,73472.0,22207
2023-05-10 21:19:24,MA2311,MA311,2288.0,0.0,0.0,0.0,8,2285.0,2288.0,3,2294.0,2299.0,2325.0,2286.0,32.0,73472.0,22207
2023-05-10 21:19:24,MA2311,MA311,2288.0,0.0,0.0,0.0,8,2285.0,2288.0,6,2294.0,2299.0,2325.0,2286.0,32.0,73472.0,22207
2023-05-10 21:19:25,MA2311,MA311,2288.0,0.0,0.0,0.0,8,2285.0,2288.0,3,2294.0,2299.0,2325.0,2286.0,32.0,73472.0,22207
2023-05-10 21:19:27,MA2311,MA311,2285.0,2.0,4558.0,2.0,6,2285.0,2288.0,3,2294.0,2299.0,2325.0,2285.0,34.0,78030.0,22209
2023-05-10 21:19:28,MA2311,MA311,2285.0,0.0,0.0,0.0,8,2285.0,2288.0,5,2294.0,2299.0,2325.0,2285.0,34.0,78030.0,22209
2023-05-10 21:19:29,MA2311,MA311,2285.0,0.0,0.0,0.0,8,2285.0,2288.0,3,2294.0,2299.0,2325.0,2285.0,34.0,78030.0,22209
2023-05-10 21:19:29,MA2311,MA311,2285.0,0.0,0.0,0.0,2,2286.0,2288.0,3,2294.0,2299.0,2325.0,2285.0,34.0,78030.0,22209
2023-05-10 21:19:30,MA2311,MA311,2285.0,0.0,0.0,0.0,2,2286.0,2288.0,2,2294.0,2299.0,2325.0,2285.0,34.0,78030.0,22209
2023-05-10 21:19:39,MA2311,MA311,2285.0,0.0,0.0,0.0,2,2286.0,2288.0,3,2294.0,2299.0,2325.0,2285.0,34.0,78030.0,22209
2023-05-10 21:19:56,MA2311,MA311,2285.0,0.0,0.0,0.0,2,2286.0,2288.0,4,2294.0,2299.0,2325.0,2285.0,34.0,78030.0,22209
2023-05-10 21:19:58,MA2311,MA311,2285.0,0.0,0.0,0.0,2,2286.0,2288.0,3,2294.0,2299.0,2325.0,2285.0,34.0,78030.0,22209
2023-05-10 21:20:08,MA2311,MA311,2285.0,0.0,0.0,0.0,2,2286.0,2287.0,2,2294.0,2299.0,2325.0,2285.0,34.0,78030.0,22209
2023-05-10 21:20:08,MA2311,MA311,2287.0,1.0,2295.0,1.0,1,2285.0,2287.0,2,2294.0,2299.0,2325.0,2285.0,35.0,80325.0,22210
2023-05-10 21:20:09,MA2311,MA311,2287.0,0.0,0.0,0.0,1,2285.0,2287.0,3,2294.0,2299.0,2325.0,2285.0,35.0,80325.0,22210
2023-05-10 21:20:10,MA2311,MA311,2287.0,0.0,0.0,0.0,1,2285.0,2287.0,2,2294.0,2299.0,2325.0,2285.0,35.0,80325.0,22210
2023-05-10 21:20:13,MA2311,MA311,2287.0,0.0,0.0,0.0,1,2285.0,2287.0,1,2294.0,2299.0,2325.0,2285.0,35.0,80325.0,22210
2023-05-10 21:20:14,MA2311,MA311,2287.0,0.0,0.0,0.0,3,2286.0,2288.0,3,2294.0,2299.0,2325.0,2285.0,35.0,80325.0,22210
2023-05-10 21:20:14,MA2311,MA311,2287.0,0.0,0.0,0.0,4,2286.0,2288.0,3,2294.0,2299.0,2325.0,2285.0,35.0,80325.0,22210
2023-05-10 21:20:17,MA2311,MA311,2287.0,0.0,0.0,0.0,4,2285.0,2287.0,1,2294.0,2299.0,2325.0,2285.0,35.0,80325.0,22210
2023-05-10 21:20:18,MA2311,MA311,2287.0,0.0,0.0,0.0,3,2285.0,2287.0,2,2294.0,2299.0,2325.0,2285.0,35.0,80325.0,22210
2023-05-10 21:20:18,MA2311,MA311,2287.0,0.0,0.0,0.0,3,2285.0,2287.0,3,2294.0,2299.0,2325.0,2285.0,35.0,80325.0,22210
2023-05-10 21:20:19,MA2311,MA311,2287.0,0.0,0.0,0.0,3,2285.0,2287.0,2,2294.0,2299.0,2325.0,2285.0,35.0,80325.0,22210
2023-05-10 21:20:20,MA2311,MA311,2287.0,0.0,0.0,0.0,1,2285.0,2287.0,3,2294.0,2299.0,2325.0,2285.0,35.0,80325.0,22210
2023-05-10 21:20:22,MA2311,MA311,2287.0,0.0,0.0,0.0,1,2285.0,2287.0,2,2294.0,2299.0,2325.0,2285.0,35.0,80325.0,22210
2023-05-10 21:20:29,MA2311,MA311,2287.0,0.0,0.0,0.0,1,2285.0,2287.0,3,2294.0,2299.0,2325.0,2285.0,35.0,80325.0,22210
2023-05-10 21:20:31,MA2311,MA311,2287.0,0.0,0.0,0.0,1,2285.0,2287.0,2,2294.0,2299.0,2325.0,2285.0,35.0,80325.0,22210
2023-05-10 21:20:31,MA2311,MA311,2287.0,0.0,0.0,0.0,2,2285.0,2287.0,3,2294.0,2299.0,2325.0,2285.0,35.0,80325.0,22210
2023-05-10 21:20:33,MA2311,MA311,2287.0,0.0,0.0,0.0,2,2285.0,2287.0,2,2294.0,2299.0,2325.0,2285.0,35.0,80325.0,22210
2023-05-10 21:20:33,MA2311,MA311,2287.0,0.0,0.0,0.0,2,2285.0,2287.0,3,2294.0,2299.0,2325.0,2285.0,35.0,80325.0,22210
2023-05-10 21:20:37,MA2311,MA311,2287.0,0.0,0.0,0.0,2,2285.0,2286.0,1,2294.0,2299.0,2325.0,2285.0,35.0,80325.0,22210
2023-05-10 21:20:38,MA2311,MA311,2286.0,1.0,2295.0,0.0,1,2285.0,2287.0,3,2294.0,2299.0,2325.0,2285.0,36.0,82620.0,22210
2023-05-10 21:20:39,MA2311,MA311,2286.0,0.0,0.0,0.0,1,2285.0,2287.0,2,2294.0,2299.0,2325.0,2285.0,36.0,82620.0,22210
2023-05-10 21:20:39,MA2311,MA311,2286.0,0.0,0.0,0.0,1,2285.0,2287.0,3,2294.0,2299.0,2325.0,2285.0,36.0,82620.0,22210
2023-05-10 21:20:46,MA2311,MA311,2286.0,0.0,0.0,0.0,1,2285.0,2287.0,2,2294.0,2299.0,2325.0,2285.0,36.0,82620.0,22210
2023-05-10 21:20:47,MA2311,MA311,2286.0,0.0,0.0,0.0,2,2285.0,2287.0,3,2294.0,2299.0,2325.0,2285.0,36.0,82620.0,22210
2023-05-10 21:20:48,MA2311,MA311,2286.0,0.0,0.0,0.0,1,2285.0,2287.0,3,2294.0,2299.0,2325.0,2285.0,36.0,82620.0,22210
2023-05-10 21:20:48,MA2311,MA311,2286.0,0.0,0.0,0.0,1,2285.0,2287.0,2,2294.0,2299.0,2325.0,2285.0,36.0,82620.0,22210
2023-05-10 21:20:52,MA2311,MA311,2286.0,0.0,0.0,0.0,1,2285.0,2287.0,3,2294.0,2299.0,2325.0,2285.0,36.0,82620.0,22210
2023-05-10 21:20:53,MA2311,MA311,2286.0,0.0,0.0,0.0,1,2285.0,2287.0,2,2294.0,2299.0,2325.0,2285.0,36.0,82620.0,22210
2023-05-10 21:20:54,MA2311,MA311,2286.0,0.0,0.0,0.0,1,2285.0,2287.0,3,2294.0,2299.0,2325.0,2285.0,36.0,82620.0,22210
2023-05-10 21:20:56,MA2311,MA311,2286.0,0.0,0.0,0.0,1,2285.0,2286.0,2,2294.0,2299.0,2325.0,2285.0,36.0,82620.0,22210
2023-05-10 21:20:56,MA2311,MA311,2285.0,1.0,2295.0,1.0,51,2283.0,2285.0,2,2294.0,2299.0,2325.0,2285.0,37.0,84915.0,22211
2023-05-10 21:20:57,MA2311,MA311,2285.0,0.0,0.0,0.0,13,2282.0,2285.0,4,2294.0,2299.0,2325.0,2285.0,37.0,84915.0,22211
2023-05-10 21:20:57,MA2311,MA311,2285.0,0.0,0.0,0.0,9,2282.0,2285.0,6,2294.0,2299.0,2325.0,2285.0,37.0,84915.0,22211
2023-05-10 21:20:58,MA2311,MA311,2285.0,0.0,0.0,0.0,2,2283.0,2285.0,3,2294.0,2299.0,2325.0,2285.0,37.0,84915.0,22211
2023-05-10 21:20:58,MA2311,MA311,2285.0,0.0,0.0,0.0,9,2282.0,2285.0,2,2294.0,2299.0,2325.0,2285.0,37.0,84915.0,22211
2023-05-10 21:20:59,MA2311,MA311,2285.0,0.0,0.0,0.0,10,2282.0,2285.0,2,2294.0,2299.0,2325.0,2285.0,37.0,84915.0,22211
2023-05-10 21:21:00,MA2311,MA311,2285.0,0.0,0.0,0.0,1,2283.0,2285.0,3,2294.0,2299.0,2325.0,2285.0,37.0,84915.0,22211
2023-05-10 21:21:00,MA2311,MA311,2285.0,0.0,0.0,0.0,11,2283.0,2286.0,3,2294.0,2299.0,2325.0,2285.0,37.0,84915.0,22211
2023-05-10 21:21:04,MA2311,MA311,2285.0,0.0,0.0,0.0,1,2284.0,2286.0,2,2294.0,2299.0,2325.0,2285.0,37.0,84915.0,22211
2023-05-10 21:21:05,MA2311,MA311,2285.0,0.0,0.0,0.0,1,2284.0,2287.0,6,2294.0,2299.0,2325.0,2285.0,37.0,84915.0,22211
2023-05-10 21:21:05,MA2311,MA311,2285.0,0.0,0.0,0.0,9,2284.0,2287.0,3,2294.0,2299.0,2325.0,2285.0,37.0,84915.0,22211
2023-05-10 21:21:08,MA2311,MA311,2285.0,0.0,0.0,0.0,10,2284.0,2287.0,1,2294.0,2299.0,2325.0,2285.0,37.0,84915.0,22211
2023-05-10 21:21:09,MA2311,MA311,2285.0,0.0,0.0,0.0,9,2284.0,2287.0,2,2294.0,2299.0,2325.0,2285.0,37.0,84915.0,22211
2023-05-10 21:21:09,MA2311,MA311,2285.0,0.0,0.0,0.0,10,2284.0,2287.0,2,2294.0,2299.0,2325.0,2285.0,37.0,84915.0,22211
2023-05-10 21:21:10,MA2311,MA311,2285.0,0.0,0.0,0.0,1,2285.0,2287.0,2,2294.0,2299.0,2325.0,2285.0,37.0,84915.0,22211
2023-05-10 21:21:13,MA2311,MA311,2285.0,0.0,0.0,0.0,12,2284.0,2287.0,1,2294.0,2299.0,2325.0,2285.0,37.0,84915.0,22211
2023-05-10 21:21:13,MA2311,MA311,2285.0,0.0,0.0,0.0,2,2285.0,2287.0,1,2294.0,2299.0,2325.0,2285.0,37.0,84915.0,22211
2023-05-10 21:21:14,MA2311,MA311,2285.0,0.0,0.0,0.0,12,2284.0,2287.0,1,2294.0,2299.0,2325.0,2285.0,37.0,84915.0,22211
2023-05-10 21:21:14,MA2311,MA311,2285.0,0.0,0.0,0.0,2,2285.0,2287.0,1,2294.0,2299.0,2325.0,2285.0,37.0,84915.0,22211
2023-05-10 21:21:15,MA2311,MA311,2285.0,0.0,0.0,0.0,12,2284.0,2287.0,1,2294.0,2299.0,2325.0,2285.0,37.0,84915.0,22211
2023-05-10 21:21:17,MA2311,MA311,2285.0,0.0,0.0,0.0,7,2284.0,2286.0,1,2294.0,2299.0,2325.0,2285.0,37.0,84915.0,22211
2023-05-10 21:21:17,MA2311,MA311,2285.0,0.0,0.0,0.0,4,2284.0,2286.0,2,2294.0,2299.0,2325.0,2285.0,37.0,84915.0,22211
2023-05-10 21:21:18,MA2311,MA311,2285.0,0.0,0.0,0.0,2,2284.0,2286.0,2,2294.0,2299.0,2325.0,2285.0,37.0,84915.0,22211
2023-05-10 21:21:18,MA2311,MA311,2285.0,0.0,0.0,0.0,1,2284.0,2286.0,3,2294.0,2299.0,2325.0,2285.0,37.0,84915.0,22211
2023-05-10 21:21:19,MA2311,MA311,2285.0,0.0,0.0,0.0,3,2284.0,2286.0,2,2294.0,2299.0,2325.0,2285.0,37.0,84915.0,22211
2023-05-10 21:21:19,MA2311,MA311,2285.0,0.0,0.0,0.0,2,2284.0,2286.0,2,2294.0,2299.0,2325.0,2285.0,37.0,84915.0,22211
2023-05-10 21:21:20,MA2311,MA311,2285.0,0.0,0.0,0.0,1,2284.0,2286.0,2,2294.0,2299.0,2325.0,2285.0,37.0,84915.0,22211
2023-05-10 21:21:21,MA2311,MA311,2285.0,0.0,0.0,0.0,2,2284.0,2286.0,2,2294.0,2299.0,2325.0,2285.0,37.0,84915.0,22211
2023-05-10 21:21:22,MA2311,MA311,2285.0,0.0,0.0,0.0,1,2284.0,2286.0,2,2294.0,2299.0,2325.0,2285.0,37.0,84915.0,22211
2023-05-10 21:21:23,MA2311,MA311,2285.0,0.0,0.0,0.0,114,2283.0,2286.0,2,2294.0,2299.0,2325.0,2285.0,37.0,84915.0,22211
2023-05-10 21:21:23,MA2311,MA311,2285.0,0.0,0.0,0.0,115,2283.0,2286.0,2,2294.0,2299.0,2325.0,2285.0,37.0,84915.0,22211
2023-05-10 21:21:25,MA2311,MA311,2285.0,0.0,0.0,0.0,3,2284.0,2286.0,2,2294.0,2299.0,2325.0,2285.0,37.0,84915.0,22211
2023-05-10 21:21:26,MA2311,MA311,2286.0,1.0,2257.0,1.0,3,2284.0,2286.0,1,2294.0,2299.0,2325.0,2285.0,38.0,87172.0,22212
2023-05-10 21:21:28,MA2311,MA311,2286.0,0.0,0.0,0.0,115,2283.0,2286.0,1,2294.0,2299.0,2325.0,2285.0,38.0,87172.0,22212
2023-05-10 21:21:29,MA2311,MA311,2286.0,0.0,0.0,0.0,4,2284.0,2287.0,5,2294.0,2299.0,2325.0,2285.0,38.0,87172.0,22212
2023-05-10 21:21:29,MA2311,MA311,2286.0,0.0,0.0,0.0,21,2284.0,2287.0,5,2294.0,2299.0,2325.0,2285.0,38.0,87172.0,22212
2023-05-10 21:21:30,MA2311,MA311,2286.0,0.0,0.0,0.0,22,2284.0,2287.0,2,2294.0,2299.0,2325.0,2285.0,38.0,87172.0,22212
2023-05-10 21:21:34,MA2311,MA311,2286.0,0.0,0.0,0.0,23,2284.0,2287.0,1,2294.0,2299.0,2325.0,2285.0,38.0,87172.0,22212
2023-05-10 21:21:38,MA2311,MA311,2286.0,0.0,0.0,0.0,18,2284.0,2286.0,1,2294.0,2299.0,2325.0,2285.0,38.0,87172.0,22212
2023-05-10 21:21:38,MA2311,MA311,2286.0,0.0,0.0,0.0,9,2284.0,2286.0,1,2294.0,2299.0,2325.0,2285.0,38.0,87172.0,22212
2023-05-10 21:21:39,MA2311,MA311,2286.0,0.0,0.0,0.0,7,2284.0,2286.0,1,2294.0,2299.0,2325.0,2285.0,38.0,87172.0,22212
2023-05-10 21:21:42,MA2311,MA311,2286.0,0.0,0.0,0.0,8,2284.0,2286.0,1,2294.0,2299.0,2325.0,2285.0,38.0,87172.0,22212
2023-05-10 21:21:48,MA2311,MA311,2286.0,0.0,0.0,0.0,11,2284.0,2286.0,1,2294.0,2299.0,2325.0,2285.0,38.0,87172.0,22212
2023-05-10 21:21:49,MA2311,MA311,2286.0,0.0,0.0,0.0,4,2284.0,2286.0,1,2294.0,2299.0,2325.0,2285.0,38.0,87172.0,22212
2023-05-10 21:21:50,MA2311,MA311,2286.0,0.0,0.0,0.0,2,2284.0,2286.0,1,2294.0,2299.0,2325.0,2285.0,38.0,87172.0,22212
2023-05-10 21:21:50,MA2311,MA311,2286.0,0.0,0.0,0.0,1,2284.0,2286.0,1,2294.0,2299.0,2325.0,2285.0,38.0,87172.0,22212
2023-05-10 21:21:51,MA2311,MA311,2286.0,0.0,0.0,0.0,115,2283.0,2286.0,1,2294.0,2299.0,2325.0,2285.0,38.0,87172.0,22212
2023-05-10 21:21:52,MA2311,MA311,2286.0,0.0,0.0,0.0,115,2283.0,2286.0,2,2294.0,2299.0,2325.0,2285.0,38.0,87172.0,22212
2023-05-10 21:21:53,MA2311,MA311,2286.0,0.0,0.0,0.0,114,2283.0,2286.0,1,2294.0,2299.0,2325.0,2285.0,38.0,87172.0,22212
2023-05-10 21:21:53,MA2311,MA311,2286.0,0.0,0.0,0.0,113,2283.0,2286.0,1,2294.0,2299.0,2325.0,2285.0,38.0,87172.0,22212
2023-05-10 21:21:59,MA2311,MA311,2286.0,0.0,0.0,0.0,1,2285.0,2286.0,1,2294.0,2299.0,2325.0,2285.0,38.0,87172.0,22212
2023-05-10 21:22:18,MA2311,MA311,2286.0,1.0,2294.0,1.0,1,2285.0,2286.0,18,2294.0,2299.0,2325.0,2285.0,39.0,89466.0,22213
2023-05-10 21:22:23,MA2311,MA311,2286.0,0.0,0.0,0.0,116,2283.0,2286.0,18,2294.0,2299.0,2325.0,2285.0,39.0,89466.0,22213
2023-05-10 21:22:30,MA2311,MA311,2286.0,0.0,0.0,0.0,4,2284.0,2287.0,22,2294.0,2299.0,2325.0,2285.0,39.0,89466.0,22213
2023-05-10 21:22:31,MA2311,MA311,2286.0,0.0,0.0,0.0,6,2284.0,2287.0,22,2294.0,2299.0,2325.0,2285.0,39.0,89466.0,22213
2023-05-10 21:22:31,MA2311,MA311,2286.0,0.0,0.0,0.0,7,2284.0,2287.0,21,2294.0,2299.0,2325.0,2285.0,39.0,89466.0,22213
2023-05-10 21:22:32,MA2311,MA311,2286.0,0.0,0.0,0.0,9,2284.0,2287.0,18,2294.0,2299.0,2325.0,2285.0,39.0,89466.0,22213
2023-05-10 21:22:33,MA2311,MA311,2286.0,0.0,0.0,0.0,8,2284.0,2287.0,19,2294.0,2299.0,2325.0,2285.0,39.0,89466.0,22213
2023-05-10 21:22:34,MA2311,MA311,2286.0,0.0,0.0,0.0,9,2284.0,2287.0,18,2294.0,2299.0,2325.0,2285.0,39.0,89466.0,22213
2023-05-10 21:22:34,MA2311,MA311,2286.0,0.0,0.0,0.0,4,2284.0,2286.0,18,2294.0,2299.0,2325.0,2285.0,39.0,89466.0,22213
2023-05-10 21:22:35,MA2311,MA311,2294.0,1.0,2294.0,1.0,4,2284.0,2286.0,18,2294.0,2299.0,2325.0,2285.0,40.0,91760.0,22214
2023-05-10 21:22:35,MA2311,MA311,2294.0,0.0,0.0,0.0,117,2283.0,2286.0,18,2294.0,2299.0,2325.0,2285.0,40.0,91760.0,22214
2023-05-10 21:22:36,MA2311,MA311,2294.0,0.0,0.0,0.0,2,2284.0,2286.0,18,2294.0,2299.0,2325.0,2285.0,40.0,91760.0,22214
2023-05-10 21:22:37,MA2311,MA311,2294.0,0.0,0.0,0.0,1,2284.0,2286.0,18,2294.0,2299.0,2325.0,2285.0,40.0,91760.0,22214
2023-05-10 21:22:38,MA2311,MA311,2294.0,0.0,0.0,0.0,2,2284.0,2286.0,18,2294.0,2299.0,2325.0,2285.0,40.0,91760.0,22214
2023-05-10 21:22:38,MA2311,MA311,2294.0,0.0,0.0,0.0,4,2284.0,2286.0,18,2294.0,2299.0,2325.0,2285.0,40.0,91760.0,22214
2023-05-10 21:22:44,MA2311,MA311,2294.0,0.0,0.0,0.0,3,2284.0,2286.0,18,2294.0,2299.0,2325.0,2285.0,40.0,91760.0,22214
2023-05-10 21:22:45,MA2311,MA311,2294.0,0.0,0.0,0.0,4,2284.0,2286.0,18,2294.0,2299.0,2325.0,2285.0,40.0,91760.0,22214
2023-05-10 21:22:45,MA2311,MA311,2294.0,0.0,0.0,0.0,2,2284.0,2286.0,18,2294.0,2299.0,2325.0,2285.0,40.0,91760.0,22214
2023-05-10 21:22:46,MA2311,MA311,2294.0,0.0,0.0,0.0,215,2283.0,2286.0,18,2294.0,2299.0,2325.0,2285.0,40.0,91760.0,22214
2023-05-10 21:22:48,MA2311,MA311,2294.0,0.0,0.0,0.0,211,2283.0,2285.0,18,2294.0,2299.0,2325.0,2285.0,40.0,91760.0,22214
2023-05-10 21:22:50,MA2311,MA311,2294.0,0.0,0.0,0.0,216,2283.0,2286.0,18,2294.0,2299.0,2325.0,2285.0,40.0,91760.0,22214
2023-05-10 21:22:51,MA2311,MA311,2294.0,0.0,0.0,0.0,217,2283.0,2286.0,18,2294.0,2299.0,2325.0,2285.0,40.0,91760.0,22214
2023-05-10 21:22:55,MA2311,MA311,2294.0,0.0,0.0,0.0,4,2284.0,2286.0,18,2294.0,2299.0,2325.0,2285.0,40.0,91760.0,22214
2023-05-10 21:22:55,MA2311,MA311,2294.0,0.0,0.0,0.0,10,2284.0,2287.0,21,2294.0,2299.0,2325.0,2285.0,40.0,91760.0,22214
2023-05-10 21:22:56,MA2311,MA311,2294.0,0.0,0.0,0.0,11,2284.0,2287.0,18,2294.0,2299.0,2325.0,2285.0,40.0,91760.0,22214
2023-05-10 21:23:06,MA2311,MA311,2294.0,0.0,0.0,0.0,11,2284.0,2287.0,20,2294.0,2299.0,2325.0,2285.0,40.0,91760.0,22214
2023-05-10 21:23:07,MA2311,MA311,2294.0,0.0,0.0,0.0,11,2284.0,2287.0,18,2294.0,2299.0,2325.0,2285.0,40.0,91760.0,22214
2023-05-10 21:23:10,MA2311,MA311,2294.0,0.0,0.0,0.0,10,2284.0,2287.0,18,2294.0,2299.0,2325.0,2285.0,40.0,91760.0,22214
2023-05-10 21:23:10,MA2311,MA311,2294.0,0.0,0.0,0.0,6,2284.0,2286.0,18,2294.0,2299.0,2325.0,2285.0,40.0,91760.0,22214
2023-05-10 21:23:13,MA2311,MA311,2294.0,0.0,0.0,0.0,7,2284.0,2286.0,18,2294.0,2299.0,2325.0,2285.0,40.0,91760.0,22214
2023-05-10 21:23:15,MA2311,MA311,2294.0,0.0,0.0,0.0,217,2283.0,2286.0,18,2294.0,2299.0,2325.0,2285.0,40.0,91760.0,22214
2023-05-10 21:23:16,MA2311,MA311,2294.0,0.0,0.0,0.0,215,2283.0,2286.0,18,2294.0,2299.0,2325.0,2285.0,40.0,91760.0,22214
2023-05-10 21:23:18,MA2311,MA311,2294.0,0.0,0.0,0.0,12,2284.0,2287.0,21,2294.0,2299.0,2325.0,2285.0,40.0,91760.0,22214
2023-05-10 21:23:19,MA2311,MA311,2294.0,0.0,0.0,0.0,12,2284.0,2287.0,20,2294.0,2299.0,2325.0,2285.0,40.0,91760.0,22214
2023-05-10 21:23:20,MA2311,MA311,2294.0,0.0,0.0,0.0,12,2284.0,2287.0,18,2294.0,2299.0,2325.0,2285.0,40.0,91760.0,22214
2023-05-10 21:23:21,MA2311,MA311,2294.0,0.0,0.0,0.0,13,2284.0,2287.0,18,2294.0,2299.0,2325.0,2285.0,40.0,91760.0,22214
2023-05-10 21:23:26,MA2311,MA311,2294.0,0.0,0.0,0.0,14,2284.0,2287.0,18,2294.0,2299.0,2325.0,2285.0,40.0,91760.0,22214
2023-05-10 21:23:31,MA2311,MA311,2294.0,0.0,0.0,0.0,15,2284.0,2287.0,18,2294.0,2299.0,2325.0,2285.0,40.0,91760.0,22214
2023-05-10 21:23:31,MA2311,MA311,2294.0,0.0,0.0,0.0,4,2284.0,2286.0,18,2294.0,2299.0,2325.0,2285.0,40.0,91760.0,22214
2023-05-10 21:23:35,MA2311,MA311,2294.0,0.0,0.0,0.0,2,2284.0,2286.0,18,2294.0,2299.0,2325.0,2285.0,40.0,91760.0,22214
2023-05-10 21:23:36,MA2311,MA311,2283.0,2.0,4588.0,0.0,214,2283.0,2286.0,18,2294.0,2299.0,2325.0,2283.0,42.0,96348.0,22214
2023-05-10 21:23:40,MA2311,MA311,2283.0,0.0,0.0,0.0,213,2283.0,2286.0,19,2294.0,2299.0,2325.0,2283.0,42.0,96348.0,22214
2023-05-10 21:23:48,MA2311,MA311,2283.0,0.0,0.0,0.0,212,2283.0,2286.0,19,2294.0,2299.0,2325.0,2283.0,42.0,96348.0,22214
2023-05-10 21:23:50,MA2311,MA311,2283.0,0.0,0.0,0.0,212,2283.0,2286.0,18,2294.0,2299.0,2325.0,2283.0,42.0,96348.0,22214
2023-05-10 21:24:04,MA2311,MA311,2283.0,0.0,0.0,0.0,212,2283.0,2286.0,19,2294.0,2299.0,2325.0,2283.0,42.0,96348.0,22214
2023-05-10 21:24:07,MA2311,MA311,2283.0,0.0,0.0,0.0,4,2284.0,2286.0,1,2294.0,2299.0,2325.0,2283.0,42.0,96348.0,22214
2023-05-10 21:24:07,MA2311,MA311,2283.0,0.0,0.0,0.0,7,2284.0,2286.0,1,2294.0,2299.0,2325.0,2283.0,42.0,96348.0,22214
2023-05-10 21:24:13,MA2311,MA311,2283.0,0.0,0.0,0.0,7,2284.0,2287.0,22,2294.0,2299.0,2325.0,2283.0,42.0,96348.0,22214
2023-05-10 21:24:13,MA2311,MA311,2283.0,0.0,0.0,0.0,8,2284.0,2287.0,21,2294.0,2299.0,2325.0,2283.0,42.0,96348.0,22214
2023-05-10 21:24:14,MA2311,MA311,2283.0,0.0,0.0,0.0,8,2284.0,2287.0,20,2294.0,2299.0,2325.0,2283.0,42.0,96348.0,22214
2023-05-10 21:24:14,MA2311,MA311,2283.0,0.0,0.0,0.0,8,2284.0,2287.0,18,2294.0,2299.0,2325.0,2283.0,42.0,96348.0,22214
2023-05-10 21:24:15,MA2311,MA311,2283.0,0.0,0.0,0.0,1,2285.0,2287.0,18,2294.0,2299.0,2325.0,2283.0,42.0,96348.0,22214
2023-05-10 21:24:18,MA2311,MA311,2283.0,0.0,0.0,0.0,8,2284.0,2287.0,18,2294.0,2299.0,2325.0,2283.0,42.0,96348.0,22214
2023-05-10 21:24:20,MA2311,MA311,2283.0,0.0,0.0,0.0,13,2284.0,2287.0,18,2294.0,2299.0,2325.0,2283.0,42.0,96348.0,22214
2023-05-10 21:24:22,MA2311,MA311,2283.0,0.0,0.0,0.0,2,2285.0,2287.0,18,2294.0,2299.0,2325.0,2283.0,42.0,96348.0,22214
2023-05-10 21:24:22,MA2311,MA311,2283.0,0.0,0.0,0.0,6,2285.0,2288.0,22,2294.0,2299.0,2325.0,2283.0,42.0,96348.0,22214
2023-05-10 21:24:23,MA2311,MA311,2283.0,0.0,0.0,0.0,9,2285.0,2288.0,21,2294.0,2299.0,2325.0,2283.0,42.0,96348.0,22214
2023-05-10 21:24:23,MA2311,MA311,2283.0,0.0,0.0,0.0,9,2285.0,2288.0,18,2294.0,2299.0,2325.0,2283.0,42.0,96348.0,22214
2023-05-10 21:24:25,MA2311,MA311,2283.0,0.0,0.0,0.0,10,2285.0,2288.0,18,2294.0,2299.0,2325.0,2283.0,42.0,96348.0,22214
2023-05-10 21:24:25,MA2311,MA311,2283.0,0.0,0.0,0.0,9,2285.0,2288.0,18,2294.0,2299.0,2325.0,2283.0,42.0,96348.0,22214
2023-05-10 21:24:35,MA2311,MA311,2283.0,0.0,0.0,0.0,9,2285.0,2288.0,20,2294.0,2299.0,2325.0,2283.0,42.0,96348.0,22214
2023-05-10 21:24:35,MA2311,MA311,2283.0,0.0,0.0,0.0,9,2285.0,2288.0,18,2294.0,2299.0,2325.0,2283.0,42.0,96348.0,22214
2023-05-10 21:24:39,MA2311,MA311,2283.0,0.0,0.0,0.0,5,2285.0,2287.0,18,2294.0,2299.0,2325.0,2283.0,42.0,96348.0,22214
2023-05-10 21:24:39,MA2311,MA311,2283.0,0.0,0.0,0.0,4,2285.0,2287.0,18,2294.0,2299.0,2325.0,2283.0,42.0,96348.0,22214
2023-05-10 21:24:40,MA2311,MA311,2283.0,0.0,0.0,0.0,5,2285.0,2287.0,18,2294.0,2299.0,2325.0,2283.0,42.0,96348.0,22214
2023-05-10 21:24:42,MA2311,MA311,2283.0,0.0,0.0,0.0,6,2285.0,2287.0,18,2294.0,2299.0,2325.0,2283.0,42.0,96348.0,22214
2023-05-10 21:24:46,MA2311,MA311,2283.0,0.0,0.0,0.0,6,2285.0,2287.0,19,2294.0,2299.0,2325.0,2283.0,42.0,96348.0,22214
2023-05-10 21:24:49,MA2311,MA311,2283.0,0.0,0.0,0.0,6,2285.0,2287.0,18,2294.0,2299.0,2325.0,2283.0,42.0,96348.0,22214
2023-05-10 21:25:01,MA2311,MA311,2283.0,0.0,0.0,0.0,7,2285.0,2287.0,18,2294.0,2299.0,2325.0,2283.0,42.0,96348.0,22214
2023-05-10 21:25:04,MA2311,MA311,2283.0,0.0,0.0,0.0,13,2284.0,2287.0,18,2294.0,2299.0,2325.0,2283.0,42.0,96348.0,22214
2023-05-10 21:25:08,MA2311,MA311,2283.0,0.0,0.0,0.0,12,2284.0,2287.0,19,2294.0,2299.0,2325.0,2283.0,42.0,96348.0,22214
2023-05-10 21:25:10,MA2311,MA311,2283.0,0.0,0.0,0.0,13,2284.0,2287.0,18,2294.0,2299.0,2325.0,2283.0,42.0,96348.0,22214
2023-05-10 21:25:11,MA2311,MA311,2283.0,0.0,0.0,0.0,12,2284.0,2287.0,19,2294.0,2299.0,2325.0,2283.0,42.0,96348.0,22214
2023-05-10 21:25:14,MA2311,MA311,2283.0,0.0,0.0,0.0,14,2284.0,2287.0,18,2294.0,2299.0,2325.0,2283.0,42.0,96348.0,22214
2023-05-10 21:25:16,MA2311,MA311,2283.0,0.0,0.0,0.0,16,2284.0,2287.0,18,2294.0,2299.0,2325.0,2283.0,42.0,96348.0,22214
2023-05-10 21:25:18,MA2311,MA311,2283.0,0.0,0.0,0.0,15,2284.0,2287.0,19,2294.0,2299.0,2325.0,2283.0,42.0,96348.0,22214
2023-05-10 21:25:18,MA2311,MA311,2283.0,0.0,0.0,0.0,16,2284.0,2287.0,18,2294.0,2299.0,2325.0,2283.0,42.0,96348.0,22214
2023-05-10 21:25:19,MA2311,MA311,2283.0,0.0,0.0,0.0,15,2284.0,2287.0,19,2294.0,2299.0,2325.0,2283.0,42.0,96348.0,22214
2023-05-10 21:25:21,MA2311,MA311,2283.0,0.0,0.0,0.0,16,2284.0,2287.0,18,2294.0,2299.0,2325.0,2283.0,42.0,96348.0,22214
2023-05-10 21:25:23,MA2311,MA311,2287.0,1.0,2251.0,1.0,15,2284.0,2287.0,19,2294.0,2299.0,2325.0,2283.0,43.0,98599.0,22215
2023-05-10 21:25:24,MA2311,MA311,2287.0,0.0,0.0,0.0,16,2284.0,2287.0,18,2294.0,2299.0,2325.0,2283.0,43.0,98599.0,22215
2023-05-10 21:25:25,MA2311,MA311,2287.0,0.0,0.0,0.0,15,2284.0,2287.0,19,2294.0,2299.0,2325.0,2283.0,43.0,98599.0,22215
2023-05-10 21:25:26,MA2311,MA311,2287.0,0.0,0.0,0.0,16,2284.0,2287.0,18,2294.0,2299.0,2325.0,2283.0,43.0,98599.0,22215
2023-05-10 21:25:26,MA2311,MA311,2287.0,0.0,0.0,0.0,15,2284.0,2287.0,19,2294.0,2299.0,2325.0,2283.0,43.0,98599.0,22215
2023-05-10 21:25:28,MA2311,MA311,2287.0,0.0,0.0,0.0,2,2285.0,2287.0,19,2294.0,2299.0,2325.0,2283.0,43.0,98599.0,22215
2023-05-10 21:25:29,MA2311,MA311,2287.0,0.0,0.0,0.0,2,2285.0,2287.0,18,2294.0,2299.0,2325.0,2283.0,43.0,98599.0,22215
2023-05-10 21:25:30,MA2311,MA311,2287.0,0.0,0.0,0.0,2,2285.0,2287.0,19,2294.0,2299.0,2325.0,2283.0,43.0,98599.0,22215
2023-05-10 21:25:31,MA2311,MA311,2287.0,0.0,0.0,0.0,2,2285.0,2287.0,18,2294.0,2299.0,2325.0,2283.0,43.0,98599.0,22215
2023-05-10 21:25:32,MA2311,MA311,2287.0,0.0,0.0,0.0,2,2285.0,2287.0,19,2294.0,2299.0,2325.0,2283.0,43.0,98599.0,22215
2023-05-10 21:25:33,MA2311,MA311,2287.0,0.0,0.0,0.0,2,2285.0,2287.0,18,2294.0,2299.0,2325.0,2283.0,43.0,98599.0,22215
2023-05-10 21:25:36,MA2311,MA311,2287.0,0.0,0.0,0.0,2,2285.0,2287.0,19,2294.0,2299.0,2325.0,2283.0,43.0,98599.0,22215
2023-05-10 21:25:40,MA2311,MA311,2287.0,0.0,0.0,0.0,2,2285.0,2287.0,18,2294.0,2299.0,2325.0,2283.0,43.0,98599.0,22215
2023-05-10 21:25:44,MA2311,MA311,2287.0,0.0,0.0,0.0,2,2285.0,2287.0,19,2294.0,2299.0,2325.0,2283.0,43.0,98599.0,22215
2023-05-10 21:25:45,MA2311,MA311,2287.0,0.0,0.0,0.0,2,2285.0,2287.0,18,2294.0,2299.0,2325.0,2283.0,43.0,98599.0,22215
2023-05-10 21:25:45,MA2311,MA311,2287.0,0.0,0.0,0.0,2,2285.0,2286.0,18,2294.0,2299.0,2325.0,2283.0,43.0,98599.0,22215
2023-05-10 21:25:46,MA2311,MA311,2287.0,0.0,0.0,0.0,10,2284.0,2286.0,19,2294.0,2299.0,2325.0,2283.0,43.0,98599.0,22215
2023-05-10 21:25:46,MA2311,MA311,2287.0,0.0,0.0,0.0,5,2284.0,2286.0,19,2294.0,2299.0,2325.0,2283.0,43.0,98599.0,22215
2023-05-10 21:25:47,MA2311,MA311,2287.0,0.0,0.0,0.0,202,2283.0,2285.0,18,2294.0,2299.0,2325.0,2283.0,43.0,98599.0,22215
2023-05-10 21:25:47,MA2311,MA311,2287.0,0.0,0.0,0.0,160,2283.0,2285.0,18,2294.0,2299.0,2325.0,2283.0,43.0,98599.0,22215
2023-05-10 21:25:48,MA2311,MA311,2287.0,0.0,0.0,0.0,156,2283.0,2285.0,18,2294.0,2299.0,2325.0,2283.0,43.0,98599.0,22215
2023-05-10 21:25:49,MA2311,MA311,2287.0,0.0,0.0,0.0,162,2283.0,2286.0,22,2294.0,2299.0,2325.0,2283.0,43.0,98599.0,22215
2023-05-10 21:25:53,MA2311,MA311,2287.0,0.0,0.0,0.0,160,2283.0,2286.0,22,2294.0,2299.0,2325.0,2283.0,43.0,98599.0,22215
2023-05-10 21:25:55,MA2311,MA311,2287.0,0.0,0.0,0.0,12,2284.0,2286.0,18,2294.0,2299.0,2325.0,2283.0,43.0,98599.0,22215
2023-05-10 21:25:55,MA2311,MA311,2287.0,0.0,0.0,0.0,15,2284.0,2286.0,18,2294.0,2299.0,2325.0,2283.0,43.0,98599.0,22215
2023-05-10 21:25:59,MA2311,MA311,2287.0,0.0,0.0,0.0,13,2284.0,2286.0,18,2294.0,2299.0,2325.0,2283.0,43.0,98599.0,22215
2023-05-10 21:26:01,MA2311,MA311,2287.0,0.0,0.0,0.0,14,2284.0,2286.0,18,2294.0,2299.0,2325.0,2283.0,43.0,98599.0,22215
2023-05-10 21:26:03,MA2311,MA311,2287.0,0.0,0.0,0.0,12,2284.0,2286.0,18,2294.0,2299.0,2325.0,2283.0,43.0,98599.0,22215
2023-05-10 21:26:03,MA2311,MA311,2287.0,0.0,0.0,0.0,8,2284.0,2286.0,18,2294.0,2299.0,2325.0,2283.0,43.0,98599.0,22215
2023-05-10 21:26:04,MA2311,MA311,2287.0,0.0,0.0,0.0,6,2284.0,2286.0,18,2294.0,2299.0,2325.0,2283.0,43.0,98599.0,22215
2023-05-10 21:26:05,MA2311,MA311,2287.0,0.0,0.0,0.0,9,2284.0,2287.0,19,2294.0,2299.0,2325.0,2283.0,43.0,98599.0,22215
2023-05-10 21:26:05,MA2311,MA311,2287.0,0.0,0.0,0.0,11,2284.0,2287.0,19,2294.0,2299.0,2325.0,2283.0,43.0,98599.0,22215
2023-05-10 21:26:09,MA2311,MA311,2287.0,0.0,0.0,0.0,12,2284.0,2287.0,18,2294.0,2299.0,2325.0,2283.0,43.0,98599.0,22215
2023-05-10 21:26:10,MA2311,MA311,2287.0,0.0,0.0,0.0,11,2284.0,2287.0,19,2294.0,2299.0,2325.0,2283.0,43.0,98599.0,22215
2023-05-10 21:26:11,MA2311,MA311,2287.0,0.0,0.0,0.0,1,2285.0,2287.0,19,2294.0,2299.0,2325.0,2283.0,43.0,98599.0,22215
2023-05-10 21:26:11,MA2311,MA311,2287.0,0.0,0.0,0.0,10,2284.0,2287.0,20,2294.0,2299.0,2325.0,2283.0,43.0,98599.0,22215
2023-05-10 21:26:12,MA2311,MA311,2287.0,0.0,0.0,0.0,9,2284.0,2287.0,20,2294.0,2299.0,2325.0,2283.0,43.0,98599.0,22215
2023-05-10 21:26:13,MA2311,MA311,2287.0,0.0,0.0,0.0,9,2284.0,2287.0,19,2294.0,2299.0,2325.0,2283.0,43.0,98599.0,22215
2023-05-10 21:26:15,MA2311,MA311,2287.0,0.0,0.0,0.0,9,2284.0,2287.0,20,2294.0,2299.0,2325.0,2283.0,43.0,98599.0,22215
2023-05-10 21:26:18,MA2311,MA311,2287.0,0.0,0.0,0.0,5,2284.0,2286.0,18,2294.0,2299.0,2325.0,2283.0,43.0,98599.0,22215
2023-05-10 21:26:18,MA2311,MA311,2287.0,0.0,0.0,0.0,4,2284.0,2286.0,18,2294.0,2299.0,2325.0,2283.0,43.0,98599.0,22215
2023-05-10 21:26:19,MA2311,MA311,2287.0,0.0,0.0,0.0,166,2283.0,2286.0,19,2294.0,2299.0,2325.0,2283.0,43.0,98599.0,22215
2023-05-10 21:26:19,MA2311,MA311,2287.0,0.0,0.0,0.0,164,2283.0,2286.0,18,2294.0,2299.0,2325.0,2283.0,43.0,98599.0,22215
2023-05-10 21:26:24,MA2311,MA311,2287.0,0.0,0.0,0.0,165,2283.0,2286.0,18,2294.0,2299.0,2325.0,2283.0,43.0,98599.0,22215
2023-05-10 21:26:26,MA2311,MA311,2287.0,0.0,0.0,0.0,1,2284.0,2286.0,18,2294.0,2299.0,2325.0,2283.0,43.0,98599.0,22215
2023-05-10 21:26:27,MA2311,MA311,2287.0,1.0,2293.0,0.0,2,2284.0,2286.0,17,2294.0,2299.0,2325.0,2283.0,44.0,100892.0,22215
2023-05-10 21:26:28,MA2311,MA311,2287.0,0.0,0.0,0.0,1,2284.0,2286.0,17,2294.0,2299.0,2325.0,2283.0,44.0,100892.0,22215
2023-05-10 21:26:29,MA2311,MA311,2287.0,0.0,0.0,0.0,165,2283.0,2286.0,17,2294.0,2299.0,2325.0,2283.0,44.0,100892.0,22215
2023-05-10 21:26:30,MA2311,MA311,2287.0,0.0,0.0,0.0,1,2284.0,2286.0,17,2294.0,2299.0,2325.0,2283.0,44.0,100892.0,22215
2023-05-10 21:26:31,MA2311,MA311,2287.0,0.0,0.0,0.0,165,2283.0,2286.0,17,2294.0,2299.0,2325.0,2283.0,44.0,100892.0,22215
2023-05-10 21:26:31,MA2311,MA311,2287.0,0.0,0.0,0.0,170,2283.0,2286.0,17,2294.0,2299.0,2325.0,2283.0,44.0,100892.0,22215
2023-05-10 21:26:35,MA2311,MA311,2287.0,0.0,0.0,0.0,171,2283.0,2286.0,17,2294.0,2299.0,2325.0,2283.0,44.0,100892.0,22215
2023-05-10 21:26:52,MA2311,MA311,2287.0,0.0,0.0,0.0,2,2284.0,2286.0,17,2294.0,2299.0,2325.0,2283.0,44.0,100892.0,22215
2023-05-10 21:26:54,MA2311,MA311,2287.0,0.0,0.0,0.0,2,2284.0,2286.0,18,2294.0,2299.0,2325.0,2283.0,44.0,100892.0,22215
2023-05-10 21:26:55,MA2311,MA311,2287.0,0.0,0.0,0.0,2,2284.0,2286.0,17,2294.0,2299.0,2325.0,2283.0,44.0,100892.0,22215
2023-05-10 21:27:03,MA2311,MA311,2287.0,0.0,0.0,0.0,17,2284.0,2286.0,17,2294.0,2299.0,2325.0,2283.0,44.0,100892.0,22215
2023-05-10 21:27:06,MA2311,MA311,2287.0,0.0,0.0,0.0,13,2284.0,2286.0,17,2294.0,2299.0,2325.0,2283.0,44.0,100892.0,22215
2023-05-10 21:27:08,MA2311,MA311,2287.0,0.0,0.0,0.0,7,2284.0,2286.0,17,2294.0,2299.0,2325.0,2283.0,44.0,100892.0,22215
2023-05-10 21:27:22,MA2311,MA311,2287.0,0.0,0.0,0.0,9,2284.0,2286.0,17,2294.0,2299.0,2325.0,2283.0,44.0,100892.0,22215
2023-05-10 21:27:22,MA2311,MA311,2287.0,0.0,0.0,0.0,10,2284.0,2286.0,17,2294.0,2299.0,2325.0,2283.0,44.0,100892.0,22215
2023-05-10 21:27:40,MA2311,MA311,2287.0,2.0,4586.0,0.0,10,2284.0,2286.0,15,2294.0,2299.0,2325.0,2283.0,46.0,105478.0,22215
2023-05-10 21:27:55,MA2311,MA311,2287.0,0.0,0.0,0.0,12,2284.0,2286.0,15,2294.0,2299.0,2325.0,2283.0,46.0,105478.0,22215
2023-05-10 21:27:57,MA2311,MA311,2287.0,0.0,0.0,0.0,13,2284.0,2286.0,15,2294.0,2299.0,2325.0,2283.0,46.0,105478.0,22215
2023-05-10 21:28:01,MA2311,MA311,2287.0,0.0,0.0,0.0,12,2284.0,2286.0,15,2294.0,2299.0,2325.0,2283.0,46.0,105478.0,22215
2023-05-10 21:28:02,MA2311,MA311,2287.0,0.0,0.0,0.0,11,2284.0,2286.0,16,2294.0,2299.0,2325.0,2283.0,46.0,105478.0,22215
2023-05-10 21:28:04,MA2311,MA311,2287.0,0.0,0.0,0.0,12,2284.0,2286.0,16,2294.0,2299.0,2325.0,2283.0,46.0,105478.0,22215
2023-05-10 21:28:05,MA2311,MA311,2287.0,0.0,0.0,0.0,14,2284.0,2286.0,16,2294.0,2299.0,2325.0,2283.0,46.0,105478.0,22215
2023-05-10 21:28:05,MA2311,MA311,2287.0,0.0,0.0,0.0,15,2284.0,2286.0,16,2294.0,2299.0,2325.0,2283.0,46.0,105478.0,22215
2023-05-10 21:28:08,MA2311,MA311,2287.0,0.0,0.0,0.0,14,2284.0,2286.0,16,2294.0,2299.0,2325.0,2283.0,46.0,105478.0,22215
2023-05-10 21:28:09,MA2311,MA311,2287.0,0.0,0.0,0.0,2,2284.0,2285.0,15,2294.0,2299.0,2325.0,2283.0,46.0,105478.0,22215
2023-05-10 21:28:10,MA2311,MA311,2287.0,0.0,0.0,0.0,170,2283.0,2285.0,15,2294.0,2299.0,2325.0,2283.0,46.0,105478.0,22215
2023-05-10 21:28:10,MA2311,MA311,2287.0,0.0,0.0,0.0,170,2283.0,2285.0,16,2294.0,2299.0,2325.0,2283.0,46.0,105478.0,22215
2023-05-10 21:28:12,MA2311,MA311,2287.0,0.0,0.0,0.0,171,2283.0,2285.0,16,2294.0,2299.0,2325.0,2283.0,46.0,105478.0,22215
2023-05-10 21:28:13,MA2311,MA311,2287.0,0.0,0.0,0.0,170,2283.0,2285.0,16,2294.0,2299.0,2325.0,2283.0,46.0,105478.0,22215
2023-05-10 21:28:13,MA2311,MA311,2287.0,0.0,0.0,0.0,172,2283.0,2286.0,16,2294.0,2299.0,2325.0,2283.0,46.0,105478.0,22215
2023-05-10 21:28:14,MA2311,MA311,2287.0,0.0,0.0,0.0,1,2284.0,2286.0,16,2294.0,2299.0,2325.0,2283.0,46.0,105478.0,22215
2023-05-10 21:28:14,MA2311,MA311,2287.0,0.0,0.0,0.0,173,2283.0,2286.0,16,2294.0,2299.0,2325.0,2283.0,46.0,105478.0,22215
2023-05-10 21:28:15,MA2311,MA311,2287.0,0.0,0.0,0.0,1,2284.0,2286.0,16,2294.0,2299.0,2325.0,2283.0,46.0,105478.0,22215
2023-05-10 21:28:18,MA2311,MA311,2287.0,0.0,0.0,0.0,169,2283.0,2285.0,15,2294.0,2299.0,2325.0,2283.0,46.0,105478.0,22215
2023-05-10 21:28:20,MA2311,MA311,2287.0,0.0,0.0,0.0,174,2283.0,2286.0,16,2294.0,2299.0,2325.0,2283.0,46.0,105478.0,22215
2023-05-10 21:28:20,MA2311,MA311,2287.0,0.0,0.0,0.0,1,2284.0,2286.0,16,2294.0,2299.0,2325.0,2283.0,46.0,105478.0,22215
2023-05-10 21:28:21,MA2311,MA311,2287.0,0.0,0.0,0.0,1,2284.0,2286.0,15,2294.0,2299.0,2325.0,2283.0,46.0,105478.0,22215
2023-05-10 21:28:22,MA2311,MA311,2287.0,0.0,0.0,0.0,2,2284.0,2286.0,15,2294.0,2299.0,2325.0,2283.0,46.0,105478.0,22215
2023-05-10 21:28:27,MA2311,MA311,2287.0,0.0,0.0,0.0,1,2284.0,2286.0,18,2294.0,2299.0,2325.0,2283.0,46.0,105478.0,22215
2023-05-10 21:28:27,MA2311,MA311,2287.0,0.0,0.0,0.0,1,2284.0,2286.0,15,2294.0,2299.0,2325.0,2283.0,46.0,105478.0,22215
2023-05-10 21:28:30,MA2311,MA311,2287.0,0.0,0.0,0.0,2,2284.0,2286.0,15,2294.0,2299.0,2325.0,2283.0,46.0,105478.0,22215
2023-05-10 21:28:30,MA2311,MA311,2287.0,0.0,0.0,0.0,3,2284.0,2286.0,15,2294.0,2299.0,2325.0,2283.0,46.0,105478.0,22215
2023-05-10 21:28:30,MA2311,MA311,2287.0,0.0,0.0,0.0,2,2284.0,2286.0,15,2294.0,2299.0,2325.0,2283.0,46.0,105478.0,22215
2023-05-10 21:28:30,MA2311,MA311,2287.0,0.0,0.0,0.0,3,2284.0,2286.0,15,2294.0,2299.0,2325.0,2283.0,46.0,105478.0,22215
2023-05-10 21:28:37,MA2311,MA311,2287.0,0.0,0.0,0.0,5,2284.0,2286.0,15,2294.0,2299.0,2325.0,2283.0,46.0,105478.0,22215
2023-05-10 21:28:38,MA2311,MA311,2287.0,0.0,0.0,0.0,7,2284.0,2286.0,15,2294.0,2299.0,2325.0,2283.0,46.0,105478.0,22215
2023-05-10 21:28:39,MA2311,MA311,2287.0,0.0,0.0,0.0,9,2284.0,2286.0,15,2294.0,2299.0,2325.0,2283.0,46.0,105478.0,22215
2023-05-10 21:28:39,MA2311,MA311,2287.0,0.0,0.0,0.0,11,2284.0,2286.0,15,2294.0,2299.0,2325.0,2283.0,46.0,105478.0,22215
2023-05-10 21:28:40,MA2311,MA311,2287.0,0.0,0.0,0.0,13,2284.0,2286.0,15,2294.0,2299.0,2325.0,2283.0,46.0,105478.0,22215
