time,symbol_id,symbol_name,last,trade_volume,trade_amount,open_interest_change,bv1,bp1,ap1,av1,yesterday_close,today_open,today_high,today_low,volume,amount,open_interest
2023-05-09 20:59:00,hc2306,hc2306,3906.0,0.0,0.0,0.0,2,3896.0,3926.0,3,3906.0,3909.0,0.0,0.0,0.0,0.0,22350
2023-05-09 21:00:00,hc2306,hc2306,3906.0,0.0,0.0,0.0,2,3896.0,3915.0,3,3906.0,3909.0,0.0,0.0,0.0,0.0,22350
2023-05-09 21:00:01,hc2306,hc2306,3906.0,0.0,0.0,0.0,2,3896.0,3914.0,1,3906.0,3909.0,0.0,0.0,0.0,0.0,22350
2023-05-09 21:00:02,hc2306,hc2306,3906.0,0.0,0.0,0.0,2,3896.0,3912.0,2,3906.0,3909.0,0.0,0.0,0.0,0.0,22350
2023-05-09 21:00:02,hc2306,hc2306,3906.0,0.0,0.0,0.0,2,3896.0,3911.0,1,3906.0,3909.0,0.0,0.0,0.0,0.0,22350
2023-05-09 21:00:03,hc2306,hc2306,3906.0,0.0,0.0,0.0,5,3887.0,3909.0,2,3906.0,3909.0,0.0,0.0,0.0,0.0,22350
2023-05-09 21:00:03,hc2306,hc2306,3906.0,0.0,0.0,0.0,3,3888.0,3909.0,2,3906.0,3909.0,0.0,0.0,0.0,0.0,22350
2023-05-09 21:00:04,hc2306,hc2306,3909.0,3.0,117270.0,0.0,2,3889.0,3908.0,7,3906.0,3909.0,3909.0,3909.0,3.0,117270.0,22350
2023-05-09 21:00:04,hc2306,hc2306,3909.0,0.0,0.0,0.0,1,3888.0,3908.0,7,3906.0,3909.0,3909.0,3909.0,3.0,117270.0,22350
2023-05-09 21:00:05,hc2306,hc2306,3909.0,0.0,0.0,0.0,2,3889.0,3908.0,7,3906.0,3909.0,3909.0,3909.0,3.0,117270.0,22350
2023-05-09 21:00:05,hc2306,hc2306,3909.0,3.0,117270.0,-2.0,2,3890.0,3908.0,4,3906.0,3909.0,3909.0,3909.0,6.0,234540.0,22348
2023-05-09 21:00:06,hc2306,hc2306,3909.0,0.0,0.0,0.0,1,3891.0,3908.0,4,3906.0,3909.0,3909.0,3909.0,6.0,234540.0,22348
2023-05-09 21:00:06,hc2306,hc2306,3909.0,0.0,0.0,0.0,3,3892.0,3908.0,4,3906.0,3909.0,3909.0,3909.0,6.0,234540.0,22348
2023-05-09 21:00:07,hc2306,hc2306,3909.0,0.0,0.0,0.0,3,3892.0,3908.0,4,3906.0,3909.0,3909.0,3909.0,6.0,234540.0,22348
2023-05-09 21:00:10,hc2306,hc2306,3909.0,0.0,0.0,0.0,2,3893.0,3908.0,4,3906.0,3909.0,3909.0,3909.0,6.0,234540.0,22348
2023-05-09 21:00:11,hc2306,hc2306,3909.0,0.0,0.0,0.0,1,3894.0,3907.0,1,3906.0,3909.0,3909.0,3909.0,6.0,234540.0,22348
2023-05-09 21:00:11,hc2306,hc2306,3909.0,0.0,0.0,0.0,1,3894.0,3908.0,4,3906.0,3909.0,3909.0,3909.0,6.0,234540.0,22348
2023-05-09 21:00:13,hc2306,hc2306,3909.0,0.0,0.0,0.0,1,3894.0,3907.0,3,3906.0,3909.0,3909.0,3909.0,6.0,234540.0,22348
2023-05-09 21:00:16,hc2306,hc2306,3909.0,0.0,0.0,0.0,1,3894.0,3908.0,4,3906.0,3909.0,3909.0,3909.0,6.0,234540.0,22348
2023-05-09 21:00:17,hc2306,hc2306,3909.0,0.0,0.0,0.0,1,3894.0,3905.0,3,3906.0,3909.0,3909.0,3909.0,6.0,234540.0,22348
2023-05-09 21:00:34,hc2306,hc2306,3909.0,0.0,0.0,0.0,1,3894.0,3905.0,3,3906.0,3909.0,3909.0,3909.0,6.0,234540.0,22348
2023-05-09 21:00:45,hc2306,hc2306,3909.0,0.0,0.0,0.0,1,3894.0,3905.0,3,3906.0,3909.0,3909.0,3909.0,6.0,234540.0,22348
2023-05-09 21:00:49,hc2306,hc2306,3909.0,0.0,0.0,0.0,1,3894.0,3903.0,3,3906.0,3909.0,3909.0,3909.0,6.0,234540.0,22348
2023-05-09 21:00:58,hc2306,hc2306,3909.0,0.0,0.0,0.0,1,3894.0,3900.0,3,3906.0,3909.0,3909.0,3909.0,6.0,234540.0,22348
2023-05-09 21:00:59,hc2306,hc2306,3909.0,0.0,0.0,0.0,1,3894.0,3900.0,3,3906.0,3909.0,3909.0,3909.0,6.0,234540.0,22348
2023-05-09 21:00:59,hc2306,hc2306,3909.0,0.0,0.0,0.0,1,3894.0,3900.0,3,3906.0,3909.0,3909.0,3909.0,6.0,234540.0,22348
2023-05-09 21:01:00,hc2306,hc2306,3909.0,0.0,0.0,0.0,2,3893.0,3900.0,3,3906.0,3909.0,3909.0,3909.0,6.0,234540.0,22348
2023-05-09 21:01:00,hc2306,hc2306,3909.0,0.0,0.0,0.0,1,3889.0,3900.0,3,3906.0,3909.0,3909.0,3909.0,6.0,234540.0,22348
2023-05-09 21:01:01,hc2306,hc2306,3909.0,0.0,0.0,0.0,1,3890.0,3900.0,3,3906.0,3909.0,3909.0,3909.0,6.0,234540.0,22348
2023-05-09 21:01:04,hc2306,hc2306,3909.0,0.0,0.0,0.0,1,3890.0,3900.0,3,3906.0,3909.0,3909.0,3909.0,6.0,234540.0,22348
2023-05-09 21:01:04,hc2306,hc2306,3909.0,0.0,0.0,0.0,1,3890.0,3900.0,3,3906.0,3909.0,3909.0,3909.0,6.0,234540.0,22348
2023-05-09 21:01:32,hc2306,hc2306,3890.0,1.0,38900.0,0.0,2,3889.0,3890.0,1,3906.0,3909.0,3909.0,3890.0,7.0,273440.0,22348
2023-05-09 21:01:32,hc2306,hc2306,3890.0,3.0,116700.0,1.0,5,3887.0,3900.0,3,3906.0,3909.0,3909.0,3890.0,10.0,390140.0,22349
2023-05-09 21:01:33,hc2306,hc2306,3890.0,0.0,0.0,0.0,7,3887.0,3900.0,3,3906.0,3909.0,3909.0,3890.0,10.0,390140.0,22349
2023-05-09 21:01:33,hc2306,hc2306,3890.0,0.0,0.0,0.0,7,3887.0,3900.0,3,3906.0,3909.0,3909.0,3890.0,10.0,390140.0,22349
2023-05-09 21:01:39,hc2306,hc2306,3890.0,0.0,0.0,0.0,2,3888.0,3900.0,3,3906.0,3909.0,3909.0,3890.0,10.0,390140.0,22349
2023-05-09 21:01:40,hc2306,hc2306,3890.0,0.0,0.0,0.0,5,3887.0,3900.0,3,3906.0,3909.0,3909.0,3890.0,10.0,390140.0,22349
2023-05-09 21:01:40,hc2306,hc2306,3890.0,0.0,0.0,0.0,7,3887.0,3900.0,3,3906.0,3909.0,3909.0,3890.0,10.0,390140.0,22349
2023-05-09 21:01:41,hc2306,hc2306,3890.0,0.0,0.0,0.0,2,3888.0,3900.0,3,3906.0,3909.0,3909.0,3890.0,10.0,390140.0,22349
2023-05-09 21:01:46,hc2306,hc2306,3890.0,0.0,0.0,0.0,2,3888.0,3900.0,3,3906.0,3909.0,3909.0,3890.0,10.0,390140.0,22349
2023-05-09 21:01:54,hc2306,hc2306,3890.0,0.0,0.0,0.0,2,3888.0,3900.0,3,3906.0,3909.0,3909.0,3890.0,10.0,390140.0,22349
2023-05-09 21:01:59,hc2306,hc2306,3890.0,0.0,0.0,0.0,2,3888.0,3897.0,3,3906.0,3909.0,3909.0,3890.0,10.0,390140.0,22349
2023-05-09 21:02:01,hc2306,hc2306,3890.0,0.0,0.0,0.0,2,3888.0,3897.0,3,3906.0,3909.0,3909.0,3890.0,10.0,390140.0,22349
2023-05-09 21:02:02,hc2306,hc2306,3890.0,0.0,0.0,0.0,2,3888.0,3897.0,3,3906.0,3909.0,3909.0,3890.0,10.0,390140.0,22349
2023-05-09 21:02:19,hc2306,hc2306,3890.0,0.0,0.0,0.0,2,3888.0,3895.0,3,3906.0,3909.0,3909.0,3890.0,10.0,390140.0,22349
2023-05-09 21:02:19,hc2306,hc2306,3890.0,0.0,0.0,0.0,2,3888.0,3895.0,3,3906.0,3909.0,3909.0,3890.0,10.0,390140.0,22349
2023-05-09 21:02:20,hc2306,hc2306,3890.0,0.0,0.0,0.0,2,3888.0,3895.0,3,3906.0,3909.0,3909.0,3890.0,10.0,390140.0,22349
2023-05-09 21:02:22,hc2306,hc2306,3890.0,0.0,0.0,0.0,2,3889.0,3895.0,3,3906.0,3909.0,3909.0,3890.0,10.0,390140.0,22349
2023-05-09 21:02:28,hc2306,hc2306,3890.0,0.0,0.0,0.0,2,3890.0,3895.0,3,3906.0,3909.0,3909.0,3890.0,10.0,390140.0,22349
2023-05-09 21:02:28,hc2306,hc2306,3890.0,0.0,0.0,0.0,2,3891.0,3895.0,3,3906.0,3909.0,3909.0,3890.0,10.0,390140.0,22349
2023-05-09 21:02:29,hc2306,hc2306,3890.0,0.0,0.0,0.0,2,3888.0,3895.0,3,3906.0,3909.0,3909.0,3890.0,10.0,390140.0,22349
2023-05-09 21:02:29,hc2306,hc2306,3890.0,0.0,0.0,0.0,2,3889.0,3895.0,3,3906.0,3909.0,3909.0,3890.0,10.0,390140.0,22349
2023-05-09 21:02:30,hc2306,hc2306,3895.0,2.0,77900.0,0.0,2,3890.0,3895.0,1,3906.0,3909.0,3909.0,3890.0,12.0,468040.0,22349
2023-05-09 21:02:30,hc2306,hc2306,3895.0,0.0,0.0,0.0,2,3890.0,3895.0,1,3906.0,3909.0,3909.0,3890.0,12.0,468040.0,22349
2023-05-09 21:02:31,hc2306,hc2306,3895.0,0.0,0.0,0.0,2,3891.0,3895.0,1,3906.0,3909.0,3909.0,3890.0,12.0,468040.0,22349
2023-05-09 21:02:32,hc2306,hc2306,3895.0,0.0,0.0,0.0,2,3888.0,3895.0,1,3906.0,3909.0,3909.0,3890.0,12.0,468040.0,22349
2023-05-09 21:02:33,hc2306,hc2306,3895.0,0.0,0.0,0.0,2,3889.0,3895.0,1,3906.0,3909.0,3909.0,3890.0,12.0,468040.0,22349
2023-05-09 21:02:33,hc2306,hc2306,3895.0,0.0,0.0,0.0,2,3890.0,3895.0,1,3906.0,3909.0,3909.0,3890.0,12.0,468040.0,22349
2023-05-09 21:02:34,hc2306,hc2306,3895.0,0.0,0.0,0.0,2,3888.0,3895.0,1,3906.0,3909.0,3909.0,3890.0,12.0,468040.0,22349
2023-05-09 21:02:35,hc2306,hc2306,3895.0,0.0,0.0,0.0,2,3889.0,3895.0,1,3906.0,3909.0,3909.0,3890.0,12.0,468040.0,22349
2023-05-09 21:02:37,hc2306,hc2306,3895.0,0.0,0.0,0.0,1,3890.0,3895.0,1,3906.0,3909.0,3909.0,3890.0,12.0,468040.0,22349
2023-05-09 21:02:40,hc2306,hc2306,3895.0,0.0,0.0,0.0,2,3889.0,3895.0,1,3906.0,3909.0,3909.0,3890.0,12.0,468040.0,22349
2023-05-09 21:02:43,hc2306,hc2306,3895.0,0.0,0.0,0.0,2,3890.0,3895.0,1,3906.0,3909.0,3909.0,3890.0,12.0,468040.0,22349
2023-05-09 21:02:47,hc2306,hc2306,3895.0,0.0,0.0,0.0,2,3888.0,3895.0,1,3906.0,3909.0,3909.0,3890.0,12.0,468040.0,22349
2023-05-09 21:02:48,hc2306,hc2306,3895.0,0.0,0.0,0.0,2,3889.0,3895.0,1,3906.0,3909.0,3909.0,3890.0,12.0,468040.0,22349
2023-05-09 21:02:48,hc2306,hc2306,3895.0,0.0,0.0,0.0,2,3890.0,3895.0,1,3906.0,3909.0,3909.0,3890.0,12.0,468040.0,22349
2023-05-09 21:02:49,hc2306,hc2306,3895.0,0.0,0.0,0.0,2,3888.0,3895.0,1,3906.0,3909.0,3909.0,3890.0,12.0,468040.0,22349
2023-05-09 21:02:49,hc2306,hc2306,3895.0,0.0,0.0,0.0,2,3889.0,3895.0,1,3906.0,3909.0,3909.0,3890.0,12.0,468040.0,22349
2023-05-09 21:02:50,hc2306,hc2306,3895.0,0.0,0.0,0.0,2,3890.0,3895.0,1,3906.0,3909.0,3909.0,3890.0,12.0,468040.0,22349
2023-05-09 21:02:53,hc2306,hc2306,3895.0,0.0,0.0,0.0,2,3888.0,3895.0,1,3906.0,3909.0,3909.0,3890.0,12.0,468040.0,22349
2023-05-09 21:02:53,hc2306,hc2306,3895.0,0.0,0.0,0.0,2,3889.0,3895.0,1,3906.0,3909.0,3909.0,3890.0,12.0,468040.0,22349
2023-05-09 21:02:54,hc2306,hc2306,3895.0,0.0,0.0,0.0,2,3890.0,3895.0,1,3906.0,3909.0,3909.0,3890.0,12.0,468040.0,22349
2023-05-09 21:02:59,hc2306,hc2306,3895.0,0.0,0.0,0.0,2,3890.0,3895.0,6,3906.0,3909.0,3909.0,3890.0,12.0,468040.0,22349
2023-05-09 21:03:01,hc2306,hc2306,3895.0,0.0,0.0,0.0,5,3890.0,3895.0,11,3906.0,3909.0,3909.0,3890.0,12.0,468040.0,22349
2023-05-09 21:03:02,hc2306,hc2306,3895.0,0.0,0.0,0.0,3,3890.0,3895.0,11,3906.0,3909.0,3909.0,3890.0,12.0,468040.0,22349
2023-05-09 21:03:06,hc2306,hc2306,3895.0,0.0,0.0,0.0,5,3890.0,3895.0,11,3906.0,3909.0,3909.0,3890.0,12.0,468040.0,22349
2023-05-09 21:03:06,hc2306,hc2306,3895.0,5.0,194750.0,-5.0,5,3890.0,3895.0,6,3906.0,3909.0,3909.0,3890.0,17.0,662790.0,22344
2023-05-09 21:03:09,hc2306,hc2306,3895.0,0.0,0.0,0.0,3,3890.0,3895.0,6,3906.0,3909.0,3909.0,3890.0,17.0,662790.0,22344
2023-05-09 21:03:10,hc2306,hc2306,3895.0,0.0,0.0,0.0,5,3890.0,3895.0,6,3906.0,3909.0,3909.0,3890.0,17.0,662790.0,22344
2023-05-09 21:03:17,hc2306,hc2306,3895.0,0.0,0.0,0.0,2,3891.0,3895.0,6,3906.0,3909.0,3909.0,3890.0,17.0,662790.0,22344
2023-05-09 21:03:17,hc2306,hc2306,3895.0,0.0,0.0,0.0,2,3892.0,3895.0,6,3906.0,3909.0,3909.0,3890.0,17.0,662790.0,22344
2023-05-09 21:03:18,hc2306,hc2306,3895.0,0.0,0.0,0.0,3,3890.0,3895.0,6,3906.0,3909.0,3909.0,3890.0,17.0,662790.0,22344
2023-05-09 21:03:18,hc2306,hc2306,3895.0,0.0,0.0,0.0,3,3891.0,3895.0,6,3906.0,3909.0,3909.0,3890.0,17.0,662790.0,22344
2023-05-09 21:03:19,hc2306,hc2306,3895.0,0.0,0.0,0.0,2,3892.0,3895.0,6,3906.0,3909.0,3909.0,3890.0,17.0,662790.0,22344
2023-05-09 21:03:19,hc2306,hc2306,3895.0,0.0,0.0,0.0,2,3892.0,3895.0,6,3906.0,3909.0,3909.0,3890.0,17.0,662790.0,22344
2023-05-09 21:03:20,hc2306,hc2306,3895.0,0.0,0.0,0.0,3,3890.0,3895.0,6,3906.0,3909.0,3909.0,3890.0,17.0,662790.0,22344
2023-05-09 21:03:21,hc2306,hc2306,3895.0,0.0,0.0,0.0,2,3891.0,3895.0,6,3906.0,3909.0,3909.0,3890.0,17.0,662790.0,22344
2023-05-09 21:03:24,hc2306,hc2306,3895.0,0.0,0.0,0.0,3,3890.0,3895.0,6,3906.0,3909.0,3909.0,3890.0,17.0,662790.0,22344
2023-05-09 21:03:24,hc2306,hc2306,3895.0,0.0,0.0,0.0,5,3890.0,3895.0,6,3906.0,3909.0,3909.0,3890.0,17.0,662790.0,22344
2023-05-09 21:03:29,hc2306,hc2306,3895.0,0.0,0.0,0.0,2,3891.0,3895.0,6,3906.0,3909.0,3909.0,3890.0,17.0,662790.0,22344
2023-05-09 21:03:31,hc2306,hc2306,3895.0,0.0,0.0,0.0,2,3891.0,3895.0,6,3906.0,3909.0,3909.0,3890.0,17.0,662790.0,22344
2023-05-09 21:03:38,hc2306,hc2306,3895.0,0.0,0.0,0.0,2,3892.0,3895.0,6,3906.0,3909.0,3909.0,3890.0,17.0,662790.0,22344
2023-05-09 21:03:40,hc2306,hc2306,3895.0,0.0,0.0,0.0,3,3890.0,3895.0,6,3906.0,3909.0,3909.0,3890.0,17.0,662790.0,22344
2023-05-09 21:03:40,hc2306,hc2306,3895.0,0.0,0.0,0.0,2,3891.0,3895.0,6,3906.0,3909.0,3909.0,3890.0,17.0,662790.0,22344
2023-05-09 21:03:41,hc2306,hc2306,3895.0,0.0,0.0,0.0,2,3892.0,3895.0,6,3906.0,3909.0,3909.0,3890.0,17.0,662790.0,22344
2023-05-09 21:03:42,hc2306,hc2306,3895.0,0.0,0.0,0.0,3,3890.0,3895.0,6,3906.0,3909.0,3909.0,3890.0,17.0,662790.0,22344
2023-05-09 21:03:42,hc2306,hc2306,3895.0,0.0,0.0,0.0,2,3891.0,3895.0,6,3906.0,3909.0,3909.0,3890.0,17.0,662790.0,22344
2023-05-09 21:03:44,hc2306,hc2306,3895.0,0.0,0.0,0.0,2,3892.0,3895.0,6,3906.0,3909.0,3909.0,3890.0,17.0,662790.0,22344
2023-05-09 21:03:45,hc2306,hc2306,3895.0,3.0,116850.0,-3.0,2,3892.0,3895.0,3,3906.0,3909.0,3909.0,3890.0,20.0,779640.0,22341
2023-05-09 21:03:45,hc2306,hc2306,3895.0,3.0,116850.0,0.0,2,3892.0,3908.0,9,3906.0,3909.0,3909.0,3890.0,23.0,896490.0,22341
2023-05-09 21:03:46,hc2306,hc2306,3895.0,0.0,0.0,0.0,2,3892.0,3907.0,6,3906.0,3909.0,3909.0,3890.0,23.0,896490.0,22341
2023-05-09 21:03:46,hc2306,hc2306,3895.0,0.0,0.0,0.0,2,3892.0,3917.0,1,3906.0,3909.0,3909.0,3890.0,23.0,896490.0,22341
2023-05-09 21:03:47,hc2306,hc2306,3895.0,0.0,0.0,0.0,2,3892.0,3916.0,6,3906.0,3909.0,3909.0,3890.0,23.0,896490.0,22341
2023-05-09 21:03:47,hc2306,hc2306,3895.0,0.0,0.0,0.0,2,3892.0,3916.0,6,3906.0,3909.0,3909.0,3890.0,23.0,896490.0,22341
2023-05-09 21:03:48,hc2306,hc2306,3895.0,0.0,0.0,0.0,1,3893.0,3916.0,6,3906.0,3909.0,3909.0,3890.0,23.0,896490.0,22341
2023-05-09 21:03:49,hc2306,hc2306,3895.0,0.0,0.0,0.0,1,3893.0,3898.0,5,3906.0,3909.0,3909.0,3890.0,23.0,896490.0,22341
2023-05-09 21:03:49,hc2306,hc2306,3895.0,0.0,0.0,0.0,1,3893.0,3898.0,5,3906.0,3909.0,3909.0,3890.0,23.0,896490.0,22341
2023-05-09 21:03:50,hc2306,hc2306,3895.0,0.0,0.0,0.0,2,3894.0,3898.0,5,3906.0,3909.0,3909.0,3890.0,23.0,896490.0,22341
2023-05-09 21:03:50,hc2306,hc2306,3895.0,0.0,0.0,0.0,2,3894.0,3898.0,5,3906.0,3909.0,3909.0,3890.0,23.0,896490.0,22341
2023-05-09 21:03:59,hc2306,hc2306,3895.0,0.0,0.0,0.0,2,3892.0,3898.0,5,3906.0,3909.0,3909.0,3890.0,23.0,896490.0,22341
2023-05-09 21:04:03,hc2306,hc2306,3895.0,0.0,0.0,0.0,2,3892.0,3905.0,5,3906.0,3909.0,3909.0,3890.0,23.0,896490.0,22341
2023-05-09 21:04:03,hc2306,hc2306,3895.0,0.0,0.0,0.0,2,3892.0,3905.0,5,3906.0,3909.0,3909.0,3890.0,23.0,896490.0,22341
2023-05-09 21:04:04,hc2306,hc2306,3895.0,0.0,0.0,0.0,2,3892.0,3904.0,4,3906.0,3909.0,3909.0,3890.0,23.0,896490.0,22341
2023-05-09 21:04:04,hc2306,hc2306,3895.0,0.0,0.0,0.0,3,3890.0,3904.0,4,3906.0,3909.0,3909.0,3890.0,23.0,896490.0,22341
2023-05-09 21:04:05,hc2306,hc2306,3895.0,0.0,0.0,0.0,3,3891.0,3904.0,4,3906.0,3909.0,3909.0,3890.0,23.0,896490.0,22341
2023-05-09 21:04:06,hc2306,hc2306,3895.0,0.0,0.0,0.0,3,3891.0,3900.0,3,3906.0,3909.0,3909.0,3890.0,23.0,896490.0,22341
2023-05-09 21:04:07,hc2306,hc2306,3895.0,0.0,0.0,0.0,3,3891.0,3900.0,3,3906.0,3909.0,3909.0,3890.0,23.0,896490.0,22341
2023-05-09 21:04:09,hc2306,hc2306,3895.0,0.0,0.0,0.0,4,3891.0,3900.0,3,3906.0,3909.0,3909.0,3890.0,23.0,896490.0,22341
2023-05-09 21:04:12,hc2306,hc2306,3895.0,0.0,0.0,0.0,4,3891.0,3896.0,3,3906.0,3909.0,3909.0,3890.0,23.0,896490.0,22341
2023-05-09 21:04:13,hc2306,hc2306,3895.0,0.0,0.0,0.0,4,3891.0,3896.0,3,3906.0,3909.0,3909.0,3890.0,23.0,896490.0,22341
2023-05-09 21:04:15,hc2306,hc2306,3895.0,0.0,0.0,0.0,2,3892.0,3896.0,3,3906.0,3909.0,3909.0,3890.0,23.0,896490.0,22341
2023-05-09 21:04:16,hc2306,hc2306,3895.0,0.0,0.0,0.0,1,3891.0,3895.0,3,3906.0,3909.0,3909.0,3890.0,23.0,896490.0,22341
2023-05-09 21:04:16,hc2306,hc2306,3895.0,0.0,0.0,0.0,2,3892.0,3895.0,3,3906.0,3909.0,3909.0,3890.0,23.0,896490.0,22341
2023-05-09 21:04:17,hc2306,hc2306,3895.0,0.0,0.0,0.0,2,3892.0,3895.0,3,3906.0,3909.0,3909.0,3890.0,23.0,896490.0,22341
2023-05-09 21:04:17,hc2306,hc2306,3895.0,1.0,38950.0,0.0,2,3892.0,3895.0,2,3906.0,3909.0,3909.0,3890.0,24.0,935440.0,22341
2023-05-09 21:04:18,hc2306,hc2306,3895.0,0.0,0.0,0.0,2,3893.0,3895.0,2,3906.0,3909.0,3909.0,3890.0,24.0,935440.0,22341
2023-05-09 21:04:18,hc2306,hc2306,3895.0,0.0,0.0,0.0,1,3891.0,3895.0,2,3906.0,3909.0,3909.0,3890.0,24.0,935440.0,22341
2023-05-09 21:04:19,hc2306,hc2306,3895.0,0.0,0.0,0.0,2,3892.0,3895.0,2,3906.0,3909.0,3909.0,3890.0,24.0,935440.0,22341
2023-05-09 21:04:21,hc2306,hc2306,3895.0,0.0,0.0,0.0,2,3893.0,3895.0,2,3906.0,3909.0,3909.0,3890.0,24.0,935440.0,22341
2023-05-09 21:04:22,hc2306,hc2306,3895.0,0.0,0.0,0.0,1,3891.0,3895.0,2,3906.0,3909.0,3909.0,3890.0,24.0,935440.0,22341
2023-05-09 21:04:23,hc2306,hc2306,3895.0,0.0,0.0,0.0,2,3892.0,3895.0,2,3906.0,3909.0,3909.0,3890.0,24.0,935440.0,22341
2023-05-09 21:04:25,hc2306,hc2306,3895.0,0.0,0.0,0.0,2,3893.0,3895.0,2,3906.0,3909.0,3909.0,3890.0,24.0,935440.0,22341
2023-05-09 21:04:34,hc2306,hc2306,3895.0,0.0,0.0,0.0,1,3891.0,3895.0,2,3906.0,3909.0,3909.0,3890.0,24.0,935440.0,22341
2023-05-09 21:04:34,hc2306,hc2306,3895.0,0.0,0.0,0.0,2,3892.0,3895.0,2,3906.0,3909.0,3909.0,3890.0,24.0,935440.0,22341
2023-05-09 21:04:42,hc2306,hc2306,3895.0,0.0,0.0,0.0,1,3891.0,3895.0,2,3906.0,3909.0,3909.0,3890.0,24.0,935440.0,22341
2023-05-09 21:04:43,hc2306,hc2306,3895.0,0.0,0.0,0.0,3,3891.0,3895.0,2,3906.0,3909.0,3909.0,3890.0,24.0,935440.0,22341
2023-05-09 21:04:45,hc2306,hc2306,3895.0,0.0,0.0,0.0,2,3892.0,3895.0,2,3906.0,3909.0,3909.0,3890.0,24.0,935440.0,22341
2023-05-09 21:04:46,hc2306,hc2306,3895.0,0.0,0.0,0.0,1,3891.0,3895.0,2,3906.0,3909.0,3909.0,3890.0,24.0,935440.0,22341
2023-05-09 21:04:46,hc2306,hc2306,3895.0,0.0,0.0,0.0,3,3891.0,3895.0,2,3906.0,3909.0,3909.0,3890.0,24.0,935440.0,22341
2023-05-09 21:04:47,hc2306,hc2306,3895.0,0.0,0.0,0.0,2,3892.0,3895.0,2,3906.0,3909.0,3909.0,3890.0,24.0,935440.0,22341
2023-05-09 21:04:47,hc2306,hc2306,3895.0,0.0,0.0,0.0,1,3891.0,3895.0,2,3906.0,3909.0,3909.0,3890.0,24.0,935440.0,22341
2023-05-09 21:04:48,hc2306,hc2306,3895.0,0.0,0.0,0.0,3,3891.0,3895.0,2,3906.0,3909.0,3909.0,3890.0,24.0,935440.0,22341
2023-05-09 21:04:49,hc2306,hc2306,3895.0,0.0,0.0,0.0,2,3892.0,3895.0,2,3906.0,3909.0,3909.0,3890.0,24.0,935440.0,22341
2023-05-09 21:04:52,hc2306,hc2306,3895.0,0.0,0.0,0.0,2,3893.0,3895.0,2,3906.0,3909.0,3909.0,3890.0,24.0,935440.0,22341
2023-05-09 21:04:56,hc2306,hc2306,3895.0,2.0,77900.0,0.0,2,3893.0,3904.0,4,3906.0,3909.0,3909.0,3890.0,26.0,1013340.0,22341
2023-05-09 21:04:56,hc2306,hc2306,3895.0,0.0,0.0,0.0,2,3893.0,3904.0,4,3906.0,3909.0,3909.0,3890.0,26.0,1013340.0,22341
2023-05-09 21:04:57,hc2306,hc2306,3895.0,0.0,0.0,0.0,2,3893.0,3904.0,4,3906.0,3909.0,3909.0,3890.0,26.0,1013340.0,22341
2023-05-09 21:04:59,hc2306,hc2306,3895.0,0.0,0.0,0.0,2,3894.0,3904.0,4,3906.0,3909.0,3909.0,3890.0,26.0,1013340.0,22341
2023-05-09 21:04:59,hc2306,hc2306,3895.0,0.0,0.0,0.0,1,3891.0,3904.0,4,3906.0,3909.0,3909.0,3890.0,26.0,1013340.0,22341
2023-05-09 21:05:00,hc2306,hc2306,3895.0,0.0,0.0,0.0,3,3892.0,3904.0,4,3906.0,3909.0,3909.0,3890.0,26.0,1013340.0,22341
2023-05-09 21:05:00,hc2306,hc2306,3895.0,0.0,0.0,0.0,2,3893.0,3904.0,4,3906.0,3909.0,3909.0,3890.0,26.0,1013340.0,22341
2023-05-09 21:05:01,hc2306,hc2306,3895.0,0.0,0.0,0.0,2,3894.0,3904.0,4,3906.0,3909.0,3909.0,3890.0,26.0,1013340.0,22341
2023-05-09 21:05:01,hc2306,hc2306,3895.0,0.0,0.0,0.0,1,3891.0,3904.0,4,3906.0,3909.0,3909.0,3890.0,26.0,1013340.0,22341
2023-05-09 21:05:02,hc2306,hc2306,3895.0,0.0,0.0,0.0,3,3892.0,3904.0,4,3906.0,3909.0,3909.0,3890.0,26.0,1013340.0,22341
2023-05-09 21:05:02,hc2306,hc2306,3895.0,0.0,0.0,0.0,2,3893.0,3904.0,4,3906.0,3909.0,3909.0,3890.0,26.0,1013340.0,22341
2023-05-09 21:05:03,hc2306,hc2306,3895.0,0.0,0.0,0.0,1,3891.0,3904.0,4,3906.0,3909.0,3909.0,3890.0,26.0,1013340.0,22341
2023-05-09 21:05:03,hc2306,hc2306,3895.0,0.0,0.0,0.0,3,3892.0,3902.0,5,3906.0,3909.0,3909.0,3890.0,26.0,1013340.0,22341
2023-05-09 21:05:04,hc2306,hc2306,3895.0,0.0,0.0,0.0,2,3893.0,3902.0,5,3906.0,3909.0,3909.0,3890.0,26.0,1013340.0,22341
2023-05-09 21:05:04,hc2306,hc2306,3895.0,0.0,0.0,0.0,1,3891.0,3902.0,5,3906.0,3909.0,3909.0,3890.0,26.0,1013340.0,22341
2023-05-09 21:05:05,hc2306,hc2306,3895.0,0.0,0.0,0.0,3,3892.0,3902.0,5,3906.0,3909.0,3909.0,3890.0,26.0,1013340.0,22341
2023-05-09 21:05:06,hc2306,hc2306,3895.0,0.0,0.0,0.0,2,3893.0,3902.0,5,3906.0,3909.0,3909.0,3890.0,26.0,1013340.0,22341
2023-05-09 21:05:07,hc2306,hc2306,3895.0,0.0,0.0,0.0,2,3893.0,3902.0,5,3906.0,3909.0,3909.0,3890.0,26.0,1013340.0,22341
2023-05-09 21:05:09,hc2306,hc2306,3895.0,0.0,0.0,0.0,1,3891.0,3902.0,5,3906.0,3909.0,3909.0,3890.0,26.0,1013340.0,22341
2023-05-09 21:05:09,hc2306,hc2306,3895.0,0.0,0.0,0.0,3,3892.0,3902.0,5,3906.0,3909.0,3909.0,3890.0,26.0,1013340.0,22341
2023-05-09 21:05:10,hc2306,hc2306,3895.0,0.0,0.0,0.0,2,3893.0,3902.0,5,3906.0,3909.0,3909.0,3890.0,26.0,1013340.0,22341
2023-05-09 21:05:10,hc2306,hc2306,3895.0,0.0,0.0,0.0,2,3893.0,3902.0,5,3906.0,3909.0,3909.0,3890.0,26.0,1013340.0,22341
2023-05-09 21:05:12,hc2306,hc2306,3895.0,0.0,0.0,0.0,1,3891.0,3902.0,5,3906.0,3909.0,3909.0,3890.0,26.0,1013340.0,22341
2023-05-09 21:05:12,hc2306,hc2306,3895.0,0.0,0.0,0.0,3,3892.0,3902.0,5,3906.0,3909.0,3909.0,3890.0,26.0,1013340.0,22341
2023-05-09 21:05:13,hc2306,hc2306,3895.0,0.0,0.0,0.0,2,3893.0,3902.0,5,3906.0,3909.0,3909.0,3890.0,26.0,1013340.0,22341
2023-05-09 21:05:13,hc2306,hc2306,3895.0,0.0,0.0,0.0,2,3893.0,3902.0,5,3906.0,3909.0,3909.0,3890.0,26.0,1013340.0,22341
2023-05-09 21:05:15,hc2306,hc2306,3895.0,0.0,0.0,0.0,2,3894.0,3902.0,5,3906.0,3909.0,3909.0,3890.0,26.0,1013340.0,22341
2023-05-09 21:05:23,hc2306,hc2306,3895.0,0.0,0.0,0.0,2,3895.0,3902.0,5,3906.0,3909.0,3909.0,3890.0,26.0,1013340.0,22341
2023-05-09 21:05:25,hc2306,hc2306,3895.0,0.0,0.0,0.0,2,3895.0,3902.0,5,3906.0,3909.0,3909.0,3890.0,26.0,1013340.0,22341
2023-05-09 21:05:29,hc2306,hc2306,3895.0,0.0,0.0,0.0,2,3896.0,3902.0,5,3906.0,3909.0,3909.0,3890.0,26.0,1013340.0,22341
2023-05-09 21:05:33,hc2306,hc2306,3895.0,0.0,0.0,0.0,2,3894.0,3902.0,5,3906.0,3909.0,3909.0,3890.0,26.0,1013340.0,22341
2023-05-09 21:05:33,hc2306,hc2306,3895.0,0.0,0.0,0.0,2,3895.0,3902.0,5,3906.0,3909.0,3909.0,3890.0,26.0,1013340.0,22341
2023-05-09 21:05:38,hc2306,hc2306,3895.0,0.0,0.0,0.0,2,3894.0,3902.0,5,3906.0,3909.0,3909.0,3890.0,26.0,1013340.0,22341
2023-05-09 21:05:39,hc2306,hc2306,3895.0,0.0,0.0,0.0,4,3894.0,3902.0,5,3906.0,3909.0,3909.0,3890.0,26.0,1013340.0,22341
2023-05-09 21:05:54,hc2306,hc2306,3895.0,0.0,0.0,0.0,2,3895.0,3902.0,5,3906.0,3909.0,3909.0,3890.0,26.0,1013340.0,22341
2023-05-09 21:06:17,hc2306,hc2306,3895.0,0.0,0.0,0.0,2,3894.0,3902.0,5,3906.0,3909.0,3909.0,3890.0,26.0,1013340.0,22341
2023-05-09 21:06:18,hc2306,hc2306,3895.0,0.0,0.0,0.0,2,3895.0,3902.0,5,3906.0,3909.0,3909.0,3890.0,26.0,1013340.0,22341
2023-05-09 21:06:20,hc2306,hc2306,3895.0,0.0,0.0,0.0,2,3894.0,3902.0,5,3906.0,3909.0,3909.0,3890.0,26.0,1013340.0,22341
2023-05-09 21:06:21,hc2306,hc2306,3895.0,0.0,0.0,0.0,2,3895.0,3902.0,5,3906.0,3909.0,3909.0,3890.0,26.0,1013340.0,22341
2023-05-09 21:06:23,hc2306,hc2306,3895.0,0.0,0.0,0.0,2,3894.0,3902.0,5,3906.0,3909.0,3909.0,3890.0,26.0,1013340.0,22341
2023-05-09 21:06:23,hc2306,hc2306,3895.0,0.0,0.0,0.0,2,3895.0,3902.0,5,3906.0,3909.0,3909.0,3890.0,26.0,1013340.0,22341
2023-05-09 21:06:26,hc2306,hc2306,3895.0,0.0,0.0,0.0,2,3894.0,3902.0,5,3906.0,3909.0,3909.0,3890.0,26.0,1013340.0,22341
2023-05-09 21:06:26,hc2306,hc2306,3895.0,0.0,0.0,0.0,2,3895.0,3902.0,5,3906.0,3909.0,3909.0,3890.0,26.0,1013340.0,22341
2023-05-09 21:06:27,hc2306,hc2306,3895.0,0.0,0.0,0.0,2,3894.0,3902.0,5,3906.0,3909.0,3909.0,3890.0,26.0,1013340.0,22341
2023-05-09 21:06:28,hc2306,hc2306,3895.0,0.0,0.0,0.0,2,3895.0,3902.0,5,3906.0,3909.0,3909.0,3890.0,26.0,1013340.0,22341
2023-05-09 21:06:28,hc2306,hc2306,3895.0,0.0,0.0,0.0,2,3894.0,3902.0,5,3906.0,3909.0,3909.0,3890.0,26.0,1013340.0,22341
2023-05-09 21:06:29,hc2306,hc2306,3895.0,0.0,0.0,0.0,2,3895.0,3902.0,5,3906.0,3909.0,3909.0,3890.0,26.0,1013340.0,22341
2023-05-09 21:06:29,hc2306,hc2306,3895.0,0.0,0.0,0.0,2,3894.0,3902.0,5,3906.0,3909.0,3909.0,3890.0,26.0,1013340.0,22341
2023-05-09 21:06:30,hc2306,hc2306,3895.0,0.0,0.0,0.0,4,3894.0,3902.0,5,3906.0,3909.0,3909.0,3890.0,26.0,1013340.0,22341
2023-05-09 21:06:38,hc2306,hc2306,3895.0,0.0,0.0,0.0,2,3895.0,3902.0,5,3906.0,3909.0,3909.0,3890.0,26.0,1013340.0,22341
2023-05-09 21:06:43,hc2306,hc2306,3895.0,0.0,0.0,0.0,2,3896.0,3902.0,5,3906.0,3909.0,3909.0,3890.0,26.0,1013340.0,22341
2023-05-09 21:07:01,hc2306,hc2306,3895.0,0.0,0.0,0.0,2,3894.0,3902.0,5,3906.0,3909.0,3909.0,3890.0,26.0,1013340.0,22341
2023-05-09 21:07:01,hc2306,hc2306,3895.0,0.0,0.0,0.0,4,3895.0,3901.0,2,3906.0,3909.0,3909.0,3890.0,26.0,1013340.0,22341
2023-05-09 21:07:03,hc2306,hc2306,3895.0,0.0,0.0,0.0,2,3895.0,3901.0,2,3906.0,3909.0,3909.0,3890.0,26.0,1013340.0,22341
2023-05-09 21:07:11,hc2306,hc2306,3895.0,0.0,0.0,0.0,2,3894.0,3901.0,2,3906.0,3909.0,3909.0,3890.0,26.0,1013340.0,22341
2023-05-09 21:07:12,hc2306,hc2306,3895.0,0.0,0.0,0.0,2,3894.0,3901.0,2,3906.0,3909.0,3909.0,3890.0,26.0,1013340.0,22341
2023-05-09 21:07:17,hc2306,hc2306,3895.0,0.0,0.0,0.0,4,3894.0,3901.0,2,3906.0,3909.0,3909.0,3890.0,26.0,1013340.0,22341
2023-05-09 21:07:22,hc2306,hc2306,3894.0,1.0,38940.0,-1.0,3,3894.0,3901.0,2,3906.0,3909.0,3909.0,3890.0,27.0,1052280.0,22340
2023-05-09 21:07:24,hc2306,hc2306,3894.0,0.0,0.0,0.0,3,3894.0,3900.0,5,3906.0,3909.0,3909.0,3890.0,27.0,1052280.0,22340
2023-05-09 21:07:29,hc2306,hc2306,3894.0,0.0,0.0,0.0,1,3894.0,3900.0,5,3906.0,3909.0,3909.0,3890.0,27.0,1052280.0,22340
2023-05-09 21:07:32,hc2306,hc2306,3894.0,0.0,0.0,0.0,3,3894.0,3900.0,5,3906.0,3909.0,3909.0,3890.0,27.0,1052280.0,22340
2023-05-09 21:07:35,hc2306,hc2306,3894.0,0.0,0.0,0.0,1,3894.0,3900.0,5,3906.0,3909.0,3909.0,3890.0,27.0,1052280.0,22340
2023-05-09 21:07:46,hc2306,hc2306,3894.0,0.0,0.0,0.0,1,3891.0,3900.0,5,3906.0,3909.0,3909.0,3890.0,27.0,1052280.0,22340
2023-05-09 21:07:47,hc2306,hc2306,3894.0,0.0,0.0,0.0,3,3892.0,3900.0,5,3906.0,3909.0,3909.0,3890.0,27.0,1052280.0,22340
2023-05-09 21:07:47,hc2306,hc2306,3894.0,0.0,0.0,0.0,3,3892.0,3898.0,2,3906.0,3909.0,3909.0,3890.0,27.0,1052280.0,22340
2023-05-09 21:07:48,hc2306,hc2306,3894.0,0.0,0.0,0.0,3,3892.0,3898.0,2,3906.0,3909.0,3909.0,3890.0,27.0,1052280.0,22340
2023-05-09 21:07:48,hc2306,hc2306,3894.0,0.0,0.0,0.0,3,3892.0,3898.0,2,3906.0,3909.0,3909.0,3890.0,27.0,1052280.0,22340
2023-05-09 21:07:50,hc2306,hc2306,3894.0,0.0,0.0,0.0,2,3892.0,3898.0,2,3906.0,3909.0,3909.0,3890.0,27.0,1052280.0,22340
2023-05-09 21:08:01,hc2306,hc2306,3894.0,0.0,0.0,0.0,3,3891.0,3898.0,2,3906.0,3909.0,3909.0,3890.0,27.0,1052280.0,22340
2023-05-09 21:08:02,hc2306,hc2306,3894.0,0.0,0.0,0.0,2,3892.0,3898.0,2,3906.0,3909.0,3909.0,3890.0,27.0,1052280.0,22340
2023-05-09 21:08:05,hc2306,hc2306,3894.0,0.0,0.0,0.0,1,3893.0,3898.0,2,3906.0,3909.0,3909.0,3890.0,27.0,1052280.0,22340
2023-05-09 21:08:09,hc2306,hc2306,3894.0,0.0,0.0,0.0,1,3893.0,3900.0,5,3906.0,3909.0,3909.0,3890.0,27.0,1052280.0,22340
2023-05-09 21:08:10,hc2306,hc2306,3894.0,0.0,0.0,0.0,1,3893.0,3900.0,7,3906.0,3909.0,3909.0,3890.0,27.0,1052280.0,22340
2023-05-09 21:08:15,hc2306,hc2306,3894.0,0.0,0.0,0.0,1,3893.0,3899.0,5,3906.0,3909.0,3909.0,3890.0,27.0,1052280.0,22340
2023-05-09 21:08:27,hc2306,hc2306,3894.0,0.0,0.0,0.0,2,3894.0,3899.0,5,3906.0,3909.0,3909.0,3890.0,27.0,1052280.0,22340
2023-05-09 21:08:28,hc2306,hc2306,3894.0,0.0,0.0,0.0,2,3894.0,3899.0,5,3906.0,3909.0,3909.0,3890.0,27.0,1052280.0,22340
2023-05-09 21:08:28,hc2306,hc2306,3894.0,0.0,0.0,0.0,2,3895.0,3899.0,5,3906.0,3909.0,3909.0,3890.0,27.0,1052280.0,22340
2023-05-09 21:08:31,hc2306,hc2306,3894.0,0.0,0.0,0.0,2,3894.0,3899.0,5,3906.0,3909.0,3909.0,3890.0,27.0,1052280.0,22340
2023-05-09 21:08:31,hc2306,hc2306,3894.0,0.0,0.0,0.0,3,3893.0,3899.0,5,3906.0,3909.0,3909.0,3890.0,27.0,1052280.0,22340
2023-05-09 21:08:32,hc2306,hc2306,3894.0,0.0,0.0,0.0,5,3893.0,3899.0,5,3906.0,3909.0,3909.0,3890.0,27.0,1052280.0,22340
2023-05-09 21:08:38,hc2306,hc2306,3894.0,0.0,0.0,0.0,5,3893.0,3899.0,5,3906.0,3909.0,3909.0,3890.0,27.0,1052280.0,22340
2023-05-09 21:08:39,hc2306,hc2306,3894.0,0.0,0.0,0.0,3,3893.0,3899.0,5,3906.0,3909.0,3909.0,3890.0,27.0,1052280.0,22340
2023-05-09 21:08:39,hc2306,hc2306,3894.0,0.0,0.0,0.0,5,3893.0,3899.0,5,3906.0,3909.0,3909.0,3890.0,27.0,1052280.0,22340
2023-05-09 21:08:44,hc2306,hc2306,3894.0,0.0,0.0,0.0,3,3893.0,3899.0,5,3906.0,3909.0,3909.0,3890.0,27.0,1052280.0,22340
2023-05-09 21:08:45,hc2306,hc2306,3894.0,0.0,0.0,0.0,5,3893.0,3899.0,5,3906.0,3909.0,3909.0,3890.0,27.0,1052280.0,22340
2023-05-09 21:09:00,hc2306,hc2306,3894.0,0.0,0.0,0.0,2,3894.0,3899.0,5,3906.0,3909.0,3909.0,3890.0,27.0,1052280.0,22340
2023-05-09 21:09:03,hc2306,hc2306,3894.0,0.0,0.0,0.0,3,3893.0,3899.0,5,3906.0,3909.0,3909.0,3890.0,27.0,1052280.0,22340
2023-05-09 21:09:03,hc2306,hc2306,3894.0,0.0,0.0,0.0,5,3893.0,3899.0,5,3906.0,3909.0,3909.0,3890.0,27.0,1052280.0,22340
2023-05-09 21:09:05,hc2306,hc2306,3894.0,0.0,0.0,0.0,3,3893.0,3899.0,5,3906.0,3909.0,3909.0,3890.0,27.0,1052280.0,22340
2023-05-09 21:09:06,hc2306,hc2306,3894.0,0.0,0.0,0.0,5,3893.0,3899.0,5,3906.0,3909.0,3909.0,3890.0,27.0,1052280.0,22340
2023-05-09 21:09:12,hc2306,hc2306,3894.0,0.0,0.0,0.0,2,3894.0,3899.0,5,3906.0,3909.0,3909.0,3890.0,27.0,1052280.0,22340
2023-05-09 21:09:15,hc2306,hc2306,3894.0,0.0,0.0,0.0,3,3894.0,3899.0,5,3906.0,3909.0,3909.0,3890.0,27.0,1052280.0,22340
2023-05-09 21:09:33,hc2306,hc2306,3894.0,0.0,0.0,0.0,1,3894.0,3899.0,5,3906.0,3909.0,3909.0,3890.0,27.0,1052280.0,22340
2023-05-09 21:09:34,hc2306,hc2306,3894.0,0.0,0.0,0.0,3,3894.0,3899.0,5,3906.0,3909.0,3909.0,3890.0,27.0,1052280.0,22340
2023-05-09 21:09:39,hc2306,hc2306,3894.0,0.0,0.0,0.0,2,3895.0,3899.0,5,3906.0,3909.0,3909.0,3890.0,27.0,1052280.0,22340
2023-05-09 21:09:39,hc2306,hc2306,3894.0,0.0,0.0,0.0,2,3895.0,3899.0,5,3906.0,3909.0,3909.0,3890.0,27.0,1052280.0,22340
2023-05-09 21:09:40,hc2306,hc2306,3894.0,0.0,0.0,0.0,3,3895.0,3899.0,5,3906.0,3909.0,3909.0,3890.0,27.0,1052280.0,22340
2023-05-09 21:09:43,hc2306,hc2306,3894.0,0.0,0.0,0.0,2,3896.0,3899.0,5,3906.0,3909.0,3909.0,3890.0,27.0,1052280.0,22340
2023-05-09 21:09:43,hc2306,hc2306,3894.0,0.0,0.0,0.0,2,3897.0,3899.0,5,3906.0,3909.0,3909.0,3890.0,27.0,1052280.0,22340
2023-05-09 21:09:44,hc2306,hc2306,3894.0,0.0,0.0,0.0,3,3897.0,3899.0,5,3906.0,3909.0,3909.0,3890.0,27.0,1052280.0,22340
2023-05-09 21:09:44,hc2306,hc2306,3894.0,0.0,0.0,0.0,1,3897.0,3899.0,5,3906.0,3909.0,3909.0,3890.0,27.0,1052280.0,22340
2023-05-09 21:09:45,hc2306,hc2306,3899.0,1.0,38990.0,0.0,1,3897.0,3899.0,4,3906.0,3909.0,3909.0,3890.0,28.0,1091270.0,22340
2023-05-09 21:09:46,hc2306,hc2306,3899.0,0.0,0.0,0.0,3,3897.0,3899.0,4,3906.0,3909.0,3909.0,3890.0,28.0,1091270.0,22340
2023-05-09 21:09:46,hc2306,hc2306,3899.0,0.0,0.0,0.0,1,3897.0,3899.0,4,3906.0,3909.0,3909.0,3890.0,28.0,1091270.0,22340
2023-05-09 21:09:47,hc2306,hc2306,3899.0,0.0,0.0,0.0,3,3897.0,3899.0,4,3906.0,3909.0,3909.0,3890.0,28.0,1091270.0,22340
2023-05-09 21:09:47,hc2306,hc2306,3899.0,0.0,0.0,0.0,1,3895.0,3899.0,4,3906.0,3909.0,3909.0,3890.0,28.0,1091270.0,22340
2023-05-09 21:09:48,hc2306,hc2306,3899.0,0.0,0.0,0.0,4,3896.0,3899.0,4,3906.0,3909.0,3909.0,3890.0,28.0,1091270.0,22340
2023-05-09 21:09:48,hc2306,hc2306,3899.0,0.0,0.0,0.0,4,3896.0,3899.0,4,3906.0,3909.0,3909.0,3890.0,28.0,1091270.0,22340
2023-05-09 21:09:50,hc2306,hc2306,3899.0,0.0,0.0,0.0,2,3897.0,3899.0,4,3906.0,3909.0,3909.0,3890.0,28.0,1091270.0,22340
2023-05-09 21:09:50,hc2306,hc2306,3899.0,0.0,0.0,0.0,1,3896.0,3899.0,4,3906.0,3909.0,3909.0,3890.0,28.0,1091270.0,22340
2023-05-09 21:09:51,hc2306,hc2306,3899.0,0.0,0.0,0.0,1,3897.0,3899.0,4,3906.0,3909.0,3909.0,3890.0,28.0,1091270.0,22340
2023-05-09 21:10:01,hc2306,hc2306,3899.0,0.0,0.0,0.0,1,3897.0,3899.0,4,3906.0,3909.0,3909.0,3890.0,28.0,1091270.0,22340
2023-05-09 21:10:02,hc2306,hc2306,3899.0,0.0,0.0,0.0,1,3897.0,3899.0,4,3906.0,3909.0,3909.0,3890.0,28.0,1091270.0,22340
2023-05-09 21:10:15,hc2306,hc2306,3899.0,0.0,0.0,0.0,1,3897.0,3899.0,4,3906.0,3909.0,3909.0,3890.0,28.0,1091270.0,22340
2023-05-09 21:10:16,hc2306,hc2306,3899.0,0.0,0.0,0.0,1,3897.0,3899.0,4,3906.0,3909.0,3909.0,3890.0,28.0,1091270.0,22340
2023-05-09 21:10:16,hc2306,hc2306,3899.0,0.0,0.0,0.0,1,3897.0,3899.0,4,3906.0,3909.0,3909.0,3890.0,28.0,1091270.0,22340
2023-05-09 21:10:23,hc2306,hc2306,3899.0,0.0,0.0,0.0,1,3897.0,3899.0,4,3906.0,3909.0,3909.0,3890.0,28.0,1091270.0,22340
2023-05-09 21:10:24,hc2306,hc2306,3899.0,0.0,0.0,0.0,1,3897.0,3899.0,4,3906.0,3909.0,3909.0,3890.0,28.0,1091270.0,22340
2023-05-09 21:10:27,hc2306,hc2306,3899.0,4.0,155960.0,-4.0,1,3897.0,3902.0,2,3906.0,3909.0,3909.0,3890.0,32.0,1247230.0,22336
2023-05-09 21:10:28,hc2306,hc2306,3899.0,0.0,0.0,0.0,1,3897.0,3902.0,2,3906.0,3909.0,3909.0,3890.0,32.0,1247230.0,22336
2023-05-09 21:10:28,hc2306,hc2306,3899.0,0.0,0.0,0.0,2,3897.0,3902.0,2,3906.0,3909.0,3909.0,3890.0,32.0,1247230.0,22336
2023-05-09 21:10:33,hc2306,hc2306,3899.0,0.0,0.0,0.0,1,3897.0,3902.0,2,3906.0,3909.0,3909.0,3890.0,32.0,1247230.0,22336
2023-05-09 21:10:34,hc2306,hc2306,3899.0,0.0,0.0,0.0,1,3897.0,3902.0,2,3906.0,3909.0,3909.0,3890.0,32.0,1247230.0,22336
2023-05-09 21:10:52,hc2306,hc2306,3899.0,0.0,0.0,0.0,1,3898.0,3902.0,2,3906.0,3909.0,3909.0,3890.0,32.0,1247230.0,22336
2023-05-09 21:10:53,hc2306,hc2306,3899.0,0.0,0.0,0.0,1,3898.0,3902.0,2,3906.0,3909.0,3909.0,3890.0,32.0,1247230.0,22336
2023-05-09 21:11:03,hc2306,hc2306,3899.0,0.0,0.0,0.0,1,3898.0,3911.0,5,3906.0,3909.0,3909.0,3890.0,32.0,1247230.0,22336
2023-05-09 21:11:04,hc2306,hc2306,3899.0,0.0,0.0,0.0,1,3898.0,3903.0,2,3906.0,3909.0,3909.0,3890.0,32.0,1247230.0,22336
2023-05-09 21:11:04,hc2306,hc2306,3899.0,0.0,0.0,0.0,1,3898.0,3903.0,2,3906.0,3909.0,3909.0,3890.0,32.0,1247230.0,22336
2023-05-09 21:11:13,hc2306,hc2306,3899.0,0.0,0.0,0.0,1,3898.0,3910.0,4,3906.0,3909.0,3909.0,3890.0,32.0,1247230.0,22336
2023-05-09 21:11:13,hc2306,hc2306,3899.0,0.0,0.0,0.0,1,3898.0,3904.0,2,3906.0,3909.0,3909.0,3890.0,32.0,1247230.0,22336
2023-05-09 21:11:14,hc2306,hc2306,3899.0,0.0,0.0,0.0,2,3898.0,3904.0,2,3906.0,3909.0,3909.0,3890.0,32.0,1247230.0,22336
2023-05-09 21:11:27,hc2306,hc2306,3899.0,0.0,0.0,0.0,2,3899.0,3910.0,4,3906.0,3909.0,3909.0,3890.0,32.0,1247230.0,22336
2023-05-09 21:11:27,hc2306,hc2306,3899.0,0.0,0.0,0.0,2,3898.0,3904.0,2,3906.0,3909.0,3909.0,3890.0,32.0,1247230.0,22336
2023-05-09 21:11:28,hc2306,hc2306,3899.0,0.0,0.0,0.0,4,3898.0,3904.0,2,3906.0,3909.0,3909.0,3890.0,32.0,1247230.0,22336
2023-05-09 21:11:31,hc2306,hc2306,3899.0,0.0,0.0,0.0,2,3898.0,3904.0,2,3906.0,3909.0,3909.0,3890.0,32.0,1247230.0,22336
2023-05-09 21:11:35,hc2306,hc2306,3899.0,0.0,0.0,0.0,1,3898.0,3904.0,2,3906.0,3909.0,3909.0,3890.0,32.0,1247230.0,22336
2023-05-09 21:11:36,hc2306,hc2306,3899.0,0.0,0.0,0.0,1,3898.0,3904.0,2,3906.0,3909.0,3909.0,3890.0,32.0,1247230.0,22336
2023-05-09 21:11:50,hc2306,hc2306,3899.0,0.0,0.0,0.0,1,3898.0,3904.0,2,3906.0,3909.0,3909.0,3890.0,32.0,1247230.0,22336
2023-05-09 21:11:51,hc2306,hc2306,3899.0,0.0,0.0,0.0,1,3898.0,3904.0,2,3906.0,3909.0,3909.0,3890.0,32.0,1247230.0,22336
2023-05-09 21:11:57,hc2306,hc2306,3899.0,0.0,0.0,0.0,1,3898.0,3904.0,2,3906.0,3909.0,3909.0,3890.0,32.0,1247230.0,22336
2023-05-09 21:11:58,hc2306,hc2306,3899.0,0.0,0.0,0.0,1,3898.0,3903.0,4,3906.0,3909.0,3909.0,3890.0,32.0,1247230.0,22336
2023-05-09 21:11:58,hc2306,hc2306,3899.0,0.0,0.0,0.0,1,3898.0,3904.0,2,3906.0,3909.0,3909.0,3890.0,32.0,1247230.0,22336
2023-05-09 21:11:59,hc2306,hc2306,3899.0,0.0,0.0,0.0,3,3898.0,3904.0,2,3906.0,3909.0,3909.0,3890.0,32.0,1247230.0,22336
2023-05-09 21:11:59,hc2306,hc2306,3899.0,0.0,0.0,0.0,2,3898.0,3904.0,2,3906.0,3909.0,3909.0,3890.0,32.0,1247230.0,22336
2023-05-09 21:12:01,hc2306,hc2306,3899.0,0.0,0.0,0.0,4,3898.0,3904.0,2,3906.0,3909.0,3909.0,3890.0,32.0,1247230.0,22336
2023-05-09 21:12:01,hc2306,hc2306,3899.0,0.0,0.0,0.0,2,3898.0,3904.0,2,3906.0,3909.0,3909.0,3890.0,32.0,1247230.0,22336
2023-05-09 21:12:13,hc2306,hc2306,3899.0,0.0,0.0,0.0,1,3898.0,3904.0,2,3906.0,3909.0,3909.0,3890.0,32.0,1247230.0,22336
2023-05-09 21:12:13,hc2306,hc2306,3899.0,0.0,0.0,0.0,1,3898.0,3904.0,2,3906.0,3909.0,3909.0,3890.0,32.0,1247230.0,22336
2023-05-09 21:12:14,hc2306,hc2306,3899.0,0.0,0.0,0.0,1,3898.0,3903.0,4,3906.0,3909.0,3909.0,3890.0,32.0,1247230.0,22336
2023-05-09 21:12:14,hc2306,hc2306,3899.0,0.0,0.0,0.0,1,3898.0,3903.0,4,3906.0,3909.0,3909.0,3890.0,32.0,1247230.0,22336
2023-05-09 21:12:15,hc2306,hc2306,3899.0,0.0,0.0,0.0,1,3898.0,3902.0,2,3906.0,3909.0,3909.0,3890.0,32.0,1247230.0,22336
2023-05-09 21:12:28,hc2306,hc2306,3899.0,0.0,0.0,0.0,1,3898.0,3903.0,4,3906.0,3909.0,3909.0,3890.0,32.0,1247230.0,22336
2023-05-09 21:12:29,hc2306,hc2306,3899.0,0.0,0.0,0.0,1,3898.0,3904.0,2,3906.0,3909.0,3909.0,3890.0,32.0,1247230.0,22336
2023-05-09 21:12:54,hc2306,hc2306,3899.0,0.0,0.0,0.0,3,3898.0,3904.0,2,3906.0,3909.0,3909.0,3890.0,32.0,1247230.0,22336
2023-05-09 21:12:55,hc2306,hc2306,3899.0,0.0,0.0,0.0,3,3898.0,3904.0,2,3906.0,3909.0,3909.0,3890.0,32.0,1247230.0,22336
2023-05-09 21:12:55,hc2306,hc2306,3899.0,0.0,0.0,0.0,1,3900.0,3916.0,1,3906.0,3909.0,3909.0,3890.0,32.0,1247230.0,22336
2023-05-09 21:12:56,hc2306,hc2306,3899.0,0.0,0.0,0.0,2,3900.0,3906.0,2,3906.0,3909.0,3909.0,3890.0,32.0,1247230.0,22336
2023-05-09 21:12:56,hc2306,hc2306,3899.0,0.0,0.0,0.0,2,3900.0,3906.0,2,3906.0,3909.0,3909.0,3890.0,32.0,1247230.0,22336
2023-05-09 21:12:57,hc2306,hc2306,3899.0,0.0,0.0,0.0,2,3900.0,3906.0,2,3906.0,3909.0,3909.0,3890.0,32.0,1247230.0,22336
2023-05-09 21:12:58,hc2306,hc2306,3899.0,0.0,0.0,0.0,2,3900.0,3906.0,2,3906.0,3909.0,3909.0,3890.0,32.0,1247230.0,22336
2023-05-09 21:13:04,hc2306,hc2306,3899.0,0.0,0.0,0.0,2,3900.0,3906.0,2,3906.0,3909.0,3909.0,3890.0,32.0,1247230.0,22336
2023-05-09 21:13:05,hc2306,hc2306,3899.0,0.0,0.0,0.0,2,3899.0,3905.0,4,3906.0,3909.0,3909.0,3890.0,32.0,1247230.0,22336
2023-05-09 21:13:05,hc2306,hc2306,3899.0,0.0,0.0,0.0,3,3898.0,3905.0,4,3906.0,3909.0,3909.0,3890.0,32.0,1247230.0,22336
2023-05-09 21:13:06,hc2306,hc2306,3899.0,0.0,0.0,0.0,3,3898.0,3903.0,2,3906.0,3909.0,3909.0,3890.0,32.0,1247230.0,22336
2023-05-09 21:13:10,hc2306,hc2306,3899.0,0.0,0.0,0.0,5,3898.0,3905.0,4,3906.0,3909.0,3909.0,3890.0,32.0,1247230.0,22336
2023-05-09 21:13:10,hc2306,hc2306,3899.0,0.0,0.0,0.0,5,3898.0,3905.0,6,3906.0,3909.0,3909.0,3890.0,32.0,1247230.0,22336
2023-05-09 21:13:16,hc2306,hc2306,3899.0,0.0,0.0,0.0,5,3898.0,3905.0,6,3906.0,3909.0,3909.0,3890.0,32.0,1247230.0,22336
2023-05-09 21:13:18,hc2306,hc2306,3899.0,0.0,0.0,0.0,1,3899.0,3905.0,6,3906.0,3909.0,3909.0,3890.0,32.0,1247230.0,22336
2023-05-09 21:13:19,hc2306,hc2306,3899.0,0.0,0.0,0.0,1,3899.0,3905.0,2,3906.0,3909.0,3909.0,3890.0,32.0,1247230.0,22336
2023-05-09 21:13:56,hc2306,hc2306,3899.0,0.0,0.0,0.0,1,3899.0,3905.0,2,3906.0,3909.0,3909.0,3890.0,32.0,1247230.0,22336
2023-05-09 21:14:01,hc2306,hc2306,3899.0,0.0,0.0,0.0,2,3900.0,3919.0,5,3906.0,3909.0,3909.0,3890.0,32.0,1247230.0,22336
2023-05-09 21:14:01,hc2306,hc2306,3899.0,0.0,0.0,0.0,1,3899.0,3906.0,2,3906.0,3909.0,3909.0,3890.0,32.0,1247230.0,22336
2023-05-09 21:14:02,hc2306,hc2306,3899.0,0.0,0.0,0.0,3,3899.0,3906.0,2,3906.0,3909.0,3909.0,3890.0,32.0,1247230.0,22336
2023-05-09 21:14:06,hc2306,hc2306,3899.0,0.0,0.0,0.0,2,3900.0,3906.0,2,3906.0,3909.0,3909.0,3890.0,32.0,1247230.0,22336
2023-05-09 21:14:06,hc2306,hc2306,3899.0,0.0,0.0,0.0,2,3900.0,3906.0,2,3906.0,3909.0,3909.0,3890.0,32.0,1247230.0,22336
2023-05-09 21:14:07,hc2306,hc2306,3899.0,0.0,0.0,0.0,2,3901.0,3906.0,2,3906.0,3909.0,3909.0,3890.0,32.0,1247230.0,22336
2023-05-09 21:14:07,hc2306,hc2306,3899.0,0.0,0.0,0.0,2,3900.0,3906.0,2,3906.0,3909.0,3909.0,3890.0,32.0,1247230.0,22336
2023-05-09 21:14:08,hc2306,hc2306,3899.0,0.0,0.0,0.0,4,3900.0,3906.0,2,3906.0,3909.0,3909.0,3890.0,32.0,1247230.0,22336
2023-05-09 21:14:19,hc2306,hc2306,3906.0,2.0,78120.0,-2.0,3,3906.0,3918.0,4,3906.0,3909.0,3909.0,3890.0,34.0,1325350.0,22334
2023-05-09 21:14:20,hc2306,hc2306,3906.0,3.0,117180.0,-1.0,2,3903.0,3918.0,4,3906.0,3909.0,3909.0,3890.0,37.0,1442530.0,22333
2023-05-09 21:14:20,hc2306,hc2306,3906.0,0.0,0.0,0.0,2,3903.0,3918.0,4,3906.0,3909.0,3909.0,3890.0,37.0,1442530.0,22333
2023-05-09 21:14:22,hc2306,hc2306,3906.0,0.0,0.0,0.0,3,3903.0,3918.0,4,3906.0,3909.0,3909.0,3890.0,37.0,1442530.0,22333
2023-05-09 21:14:23,hc2306,hc2306,3906.0,0.0,0.0,0.0,3,3903.0,3917.0,1,3906.0,3909.0,3909.0,3890.0,37.0,1442530.0,22333
2023-05-09 21:14:23,hc2306,hc2306,3906.0,0.0,0.0,0.0,3,3903.0,3917.0,1,3906.0,3909.0,3909.0,3890.0,37.0,1442530.0,22333
2023-05-09 21:14:24,hc2306,hc2306,3906.0,0.0,0.0,0.0,3,3903.0,3916.0,4,3906.0,3909.0,3909.0,3890.0,37.0,1442530.0,22333
2023-05-09 21:14:24,hc2306,hc2306,3906.0,0.0,0.0,0.0,3,3903.0,3916.0,4,3906.0,3909.0,3909.0,3890.0,37.0,1442530.0,22333
2023-05-09 21:14:27,hc2306,hc2306,3906.0,0.0,0.0,0.0,2,3903.0,3915.0,30,3906.0,3909.0,3909.0,3890.0,37.0,1442530.0,22333
2023-05-09 21:14:27,hc2306,hc2306,3906.0,0.0,0.0,0.0,2,3903.0,3915.0,30,3906.0,3909.0,3909.0,3890.0,37.0,1442530.0,22333
2023-05-09 21:14:28,hc2306,hc2306,3906.0,0.0,0.0,0.0,2,3903.0,3913.0,4,3906.0,3909.0,3909.0,3890.0,37.0,1442530.0,22333
2023-05-09 21:14:29,hc2306,hc2306,3906.0,0.0,0.0,0.0,2,3903.0,3913.0,4,3906.0,3909.0,3909.0,3890.0,37.0,1442530.0,22333
2023-05-09 21:14:30,hc2306,hc2306,3906.0,0.0,0.0,0.0,2,3903.0,3912.0,30,3906.0,3909.0,3909.0,3890.0,37.0,1442530.0,22333
2023-05-09 21:14:30,hc2306,hc2306,3906.0,0.0,0.0,0.0,2,3903.0,3912.0,30,3906.0,3909.0,3909.0,3890.0,37.0,1442530.0,22333
2023-05-09 21:14:31,hc2306,hc2306,3906.0,0.0,0.0,0.0,2,3903.0,3908.0,4,3906.0,3909.0,3909.0,3890.0,37.0,1442530.0,22333
2023-05-09 21:14:31,hc2306,hc2306,3906.0,0.0,0.0,0.0,2,3903.0,3908.0,4,3906.0,3909.0,3909.0,3890.0,37.0,1442530.0,22333
2023-05-09 21:14:32,hc2306,hc2306,3906.0,0.0,0.0,0.0,2,3903.0,3908.0,4,3906.0,3909.0,3909.0,3890.0,37.0,1442530.0,22333
2023-05-09 21:14:32,hc2306,hc2306,3906.0,0.0,0.0,0.0,2,3903.0,3908.0,4,3906.0,3909.0,3909.0,3890.0,37.0,1442530.0,22333
2023-05-09 21:15:05,hc2306,hc2306,3906.0,0.0,0.0,0.0,2,3903.0,3908.0,4,3906.0,3909.0,3909.0,3890.0,37.0,1442530.0,22333
2023-05-09 21:15:28,hc2306,hc2306,3906.0,0.0,0.0,0.0,2,3903.0,3920.0,1,3906.0,3909.0,3909.0,3890.0,37.0,1442530.0,22333
2023-05-09 21:15:28,hc2306,hc2306,3906.0,0.0,0.0,0.0,2,3903.0,3919.0,4,3906.0,3909.0,3909.0,3890.0,37.0,1442530.0,22333
2023-05-09 21:15:45,hc2306,hc2306,3906.0,0.0,0.0,0.0,3,3903.0,3919.0,4,3906.0,3909.0,3909.0,3890.0,37.0,1442530.0,22333
2023-05-09 21:15:50,hc2306,hc2306,3919.0,2.0,78380.0,0.0,3,3903.0,3919.0,2,3906.0,3909.0,3919.0,3890.0,39.0,1520910.0,22333
2023-05-09 21:15:56,hc2306,hc2306,3919.0,0.0,0.0,0.0,3,3903.0,3918.0,2,3906.0,3909.0,3919.0,3890.0,39.0,1520910.0,22333
2023-05-09 21:15:57,hc2306,hc2306,3919.0,0.0,0.0,0.0,3,3903.0,3918.0,2,3906.0,3909.0,3919.0,3890.0,39.0,1520910.0,22333
2023-05-09 21:15:57,hc2306,hc2306,3919.0,0.0,0.0,0.0,3,3903.0,3917.0,2,3906.0,3909.0,3919.0,3890.0,39.0,1520910.0,22333
2023-05-09 21:15:58,hc2306,hc2306,3919.0,0.0,0.0,0.0,3,3903.0,3916.0,2,3906.0,3909.0,3919.0,3890.0,39.0,1520910.0,22333
2023-05-09 21:15:59,hc2306,hc2306,3919.0,0.0,0.0,0.0,3,3903.0,3916.0,2,3906.0,3909.0,3919.0,3890.0,39.0,1520910.0,22333
2023-05-09 21:15:59,hc2306,hc2306,3919.0,0.0,0.0,0.0,3,3903.0,3914.0,2,3906.0,3909.0,3919.0,3890.0,39.0,1520910.0,22333
2023-05-09 21:16:00,hc2306,hc2306,3919.0,0.0,0.0,0.0,3,3903.0,3913.0,2,3906.0,3909.0,3919.0,3890.0,39.0,1520910.0,22333
2023-05-09 21:16:01,hc2306,hc2306,3919.0,0.0,0.0,0.0,3,3903.0,3913.0,2,3906.0,3909.0,3919.0,3890.0,39.0,1520910.0,22333
2023-05-09 21:16:01,hc2306,hc2306,3919.0,0.0,0.0,0.0,3,3903.0,3909.0,2,3906.0,3909.0,3919.0,3890.0,39.0,1520910.0,22333
2023-05-09 21:16:03,hc2306,hc2306,3919.0,0.0,0.0,0.0,2,3904.0,3909.0,2,3906.0,3909.0,3919.0,3890.0,39.0,1520910.0,22333
2023-05-09 21:16:04,hc2306,hc2306,3919.0,0.0,0.0,0.0,2,3904.0,3909.0,2,3906.0,3909.0,3919.0,3890.0,39.0,1520910.0,22333
2023-05-09 21:16:04,hc2306,hc2306,3919.0,0.0,0.0,0.0,2,3906.0,3909.0,2,3906.0,3909.0,3919.0,3890.0,39.0,1520910.0,22333
2023-05-09 21:16:06,hc2306,hc2306,3919.0,0.0,0.0,0.0,2,3906.0,3909.0,2,3906.0,3909.0,3919.0,3890.0,39.0,1520910.0,22333
2023-05-09 21:16:07,hc2306,hc2306,3919.0,0.0,0.0,0.0,2,3906.0,3909.0,2,3906.0,3909.0,3919.0,3890.0,39.0,1520910.0,22333
2023-05-09 21:16:08,hc2306,hc2306,3919.0,0.0,0.0,0.0,2,3906.0,3909.0,2,3906.0,3909.0,3919.0,3890.0,39.0,1520910.0,22333
2023-05-09 21:16:23,hc2306,hc2306,3919.0,0.0,0.0,0.0,2,3906.0,3909.0,2,3906.0,3909.0,3919.0,3890.0,39.0,1520910.0,22333
2023-05-09 21:16:27,hc2306,hc2306,3919.0,0.0,0.0,0.0,2,3906.0,3922.0,5,3906.0,3909.0,3919.0,3890.0,39.0,1520910.0,22333
2023-05-09 21:16:27,hc2306,hc2306,3919.0,0.0,0.0,0.0,2,3906.0,3921.0,2,3906.0,3909.0,3919.0,3890.0,39.0,1520910.0,22333
2023-05-09 21:16:31,hc2306,hc2306,3919.0,0.0,0.0,0.0,2,3906.0,3920.0,2,3906.0,3909.0,3919.0,3890.0,39.0,1520910.0,22333
2023-05-09 21:16:31,hc2306,hc2306,3919.0,0.0,0.0,0.0,2,3906.0,3925.0,1,3906.0,3909.0,3919.0,3890.0,39.0,1520910.0,22333
2023-05-09 21:16:32,hc2306,hc2306,3919.0,0.0,0.0,0.0,2,3906.0,3923.0,2,3906.0,3909.0,3919.0,3890.0,39.0,1520910.0,22333
2023-05-09 21:16:32,hc2306,hc2306,3919.0,0.0,0.0,0.0,2,3906.0,3922.0,2,3906.0,3909.0,3919.0,3890.0,39.0,1520910.0,22333
2023-05-09 21:16:33,hc2306,hc2306,3919.0,0.0,0.0,0.0,2,3906.0,3922.0,2,3906.0,3909.0,3919.0,3890.0,39.0,1520910.0,22333
2023-05-09 21:16:33,hc2306,hc2306,3919.0,0.0,0.0,0.0,2,3906.0,3918.0,2,3906.0,3909.0,3919.0,3890.0,39.0,1520910.0,22333
2023-05-09 21:16:35,hc2306,hc2306,3906.0,2.0,78120.0,2.0,1,3903.0,3918.0,2,3906.0,3909.0,3919.0,3890.0,41.0,1599030.0,22335
2023-05-09 21:16:35,hc2306,hc2306,3906.0,0.0,0.0,0.0,1,3903.0,3911.0,2,3906.0,3909.0,3919.0,3890.0,41.0,1599030.0,22335
2023-05-09 21:16:36,hc2306,hc2306,3906.0,0.0,0.0,0.0,2,3904.0,3911.0,2,3906.0,3909.0,3919.0,3890.0,41.0,1599030.0,22335
2023-05-09 21:16:36,hc2306,hc2306,3906.0,0.0,0.0,0.0,2,3904.0,3910.0,2,3906.0,3909.0,3919.0,3890.0,41.0,1599030.0,22335
2023-05-09 21:16:44,hc2306,hc2306,3906.0,0.0,0.0,0.0,2,3904.0,3911.0,2,3906.0,3909.0,3919.0,3890.0,41.0,1599030.0,22335
2023-05-09 21:16:45,hc2306,hc2306,3906.0,0.0,0.0,0.0,2,3904.0,3910.0,2,3906.0,3909.0,3919.0,3890.0,41.0,1599030.0,22335
2023-05-09 21:16:48,hc2306,hc2306,3906.0,0.0,0.0,0.0,2,3904.0,3911.0,2,3906.0,3909.0,3919.0,3890.0,41.0,1599030.0,22335
2023-05-09 21:16:49,hc2306,hc2306,3906.0,0.0,0.0,0.0,1,3905.0,3911.0,2,3906.0,3909.0,3919.0,3890.0,41.0,1599030.0,22335
2023-05-09 21:16:50,hc2306,hc2306,3906.0,0.0,0.0,0.0,2,3904.0,3911.0,2,3906.0,3909.0,3919.0,3890.0,41.0,1599030.0,22335
2023-05-09 21:16:51,hc2306,hc2306,3906.0,0.0,0.0,0.0,2,3904.0,3910.0,2,3906.0,3909.0,3919.0,3890.0,41.0,1599030.0,22335
2023-05-09 21:16:52,hc2306,hc2306,3906.0,0.0,0.0,0.0,2,3904.0,3910.0,2,3906.0,3909.0,3919.0,3890.0,41.0,1599030.0,22335
2023-05-09 21:16:54,hc2306,hc2306,3906.0,0.0,0.0,0.0,2,3904.0,3911.0,2,3906.0,3909.0,3919.0,3890.0,41.0,1599030.0,22335
2023-05-09 21:16:55,hc2306,hc2306,3911.0,2.0,78220.0,-2.0,2,3904.0,3922.0,2,3906.0,3909.0,3919.0,3890.0,43.0,1677250.0,22333
2023-05-09 21:16:56,hc2306,hc2306,3911.0,0.0,0.0,0.0,1,3908.0,3921.0,3,3906.0,3909.0,3919.0,3890.0,43.0,1677250.0,22333
2023-05-09 21:17:03,hc2306,hc2306,3911.0,0.0,0.0,0.0,1,3908.0,3920.0,2,3906.0,3909.0,3919.0,3890.0,43.0,1677250.0,22333
2023-05-09 21:17:03,hc2306,hc2306,3911.0,0.0,0.0,0.0,1,3908.0,3920.0,2,3906.0,3909.0,3919.0,3890.0,43.0,1677250.0,22333
2023-05-09 21:17:04,hc2306,hc2306,3911.0,0.0,0.0,0.0,1,3908.0,3918.0,2,3906.0,3909.0,3919.0,3890.0,43.0,1677250.0,22333
2023-05-09 21:17:04,hc2306,hc2306,3908.0,1.0,39080.0,0.0,1,3907.0,3918.0,2,3906.0,3909.0,3919.0,3890.0,44.0,1716330.0,22333
2023-05-09 21:17:05,hc2306,hc2306,3908.0,0.0,0.0,0.0,1,3907.0,3910.0,1,3906.0,3909.0,3919.0,3890.0,44.0,1716330.0,22333
2023-05-09 21:17:05,hc2306,hc2306,3907.0,1.0,39070.0,0.0,2,3904.0,3910.0,1,3906.0,3909.0,3919.0,3890.0,45.0,1755400.0,22333
2023-05-09 21:17:06,hc2306,hc2306,3904.0,1.0,39040.0,-1.0,1,3904.0,3909.0,2,3906.0,3909.0,3919.0,3890.0,46.0,1794440.0,22332
2023-05-09 21:17:06,hc2306,hc2306,3909.0,2.0,78180.0,-2.0,1,3904.0,3909.0,1,3906.0,3909.0,3919.0,3890.0,48.0,1872620.0,22330
2023-05-09 21:17:07,hc2306,hc2306,3909.0,1.0,39090.0,0.0,1,3904.0,3910.0,2,3906.0,3909.0,3919.0,3890.0,49.0,1911710.0,22330
2023-05-09 21:17:07,hc2306,hc2306,3910.0,2.0,78200.0,-2.0,1,3905.0,3917.0,1,3906.0,3909.0,3919.0,3890.0,51.0,1989910.0,22328
2023-05-09 21:17:08,hc2306,hc2306,3910.0,0.0,0.0,0.0,2,3907.0,3917.0,1,3906.0,3909.0,3919.0,3890.0,51.0,1989910.0,22328
2023-05-09 21:17:08,hc2306,hc2306,3910.0,0.0,0.0,0.0,2,3907.0,3916.0,1,3906.0,3909.0,3919.0,3890.0,51.0,1989910.0,22328
2023-05-09 21:17:09,hc2306,hc2306,3910.0,0.0,0.0,0.0,2,3907.0,3915.0,1,3906.0,3909.0,3919.0,3890.0,51.0,1989910.0,22328
2023-05-09 21:17:09,hc2306,hc2306,3907.0,1.0,39070.0,0.0,1,3907.0,3915.0,2,3906.0,3909.0,3919.0,3890.0,52.0,2028980.0,22328
2023-05-09 21:17:10,hc2306,hc2306,3907.0,0.0,0.0,0.0,1,3907.0,3911.0,1,3906.0,3909.0,3919.0,3890.0,52.0,2028980.0,22328
2023-05-09 21:17:10,hc2306,hc2306,3911.0,1.0,39110.0,-1.0,1,3907.0,3914.0,1,3906.0,3909.0,3919.0,3890.0,53.0,2068090.0,22327
2023-05-09 21:17:11,hc2306,hc2306,3911.0,0.0,0.0,0.0,1,3909.0,3914.0,1,3906.0,3909.0,3919.0,3890.0,53.0,2068090.0,22327
2023-05-09 21:17:11,hc2306,hc2306,3911.0,0.0,0.0,0.0,1,3909.0,3914.0,1,3906.0,3909.0,3919.0,3890.0,53.0,2068090.0,22327
2023-05-09 21:17:12,hc2306,hc2306,3911.0,0.0,0.0,0.0,2,3909.0,3914.0,1,3906.0,3909.0,3919.0,3890.0,53.0,2068090.0,22327
2023-05-09 21:17:19,hc2306,hc2306,3914.0,1.0,39140.0,0.0,2,3909.0,3915.0,1,3906.0,3909.0,3919.0,3890.0,54.0,2107230.0,22327
2023-05-09 21:17:20,hc2306,hc2306,3914.0,0.0,0.0,0.0,2,3909.0,3925.0,1,3906.0,3909.0,3919.0,3890.0,54.0,2107230.0,22327
2023-05-09 21:17:20,hc2306,hc2306,3914.0,0.0,0.0,0.0,2,3909.0,3924.0,2,3906.0,3909.0,3919.0,3890.0,54.0,2107230.0,22327
2023-05-09 21:17:21,hc2306,hc2306,3914.0,0.0,0.0,0.0,1,3912.0,3924.0,2,3906.0,3909.0,3919.0,3890.0,54.0,2107230.0,22327
2023-05-09 21:17:24,hc2306,hc2306,3914.0,0.0,0.0,0.0,1,3912.0,3923.0,1,3906.0,3909.0,3919.0,3890.0,54.0,2107230.0,22327
2023-05-09 21:17:26,hc2306,hc2306,3914.0,0.0,0.0,0.0,1,3912.0,3921.0,5,3906.0,3909.0,3919.0,3890.0,54.0,2107230.0,22327
2023-05-09 21:17:26,hc2306,hc2306,3914.0,0.0,0.0,0.0,1,3912.0,3921.0,5,3906.0,3909.0,3919.0,3890.0,54.0,2107230.0,22327
2023-05-09 21:17:27,hc2306,hc2306,3914.0,0.0,0.0,0.0,1,3912.0,3920.0,1,3906.0,3909.0,3919.0,3890.0,54.0,2107230.0,22327
2023-05-09 21:17:31,hc2306,hc2306,3914.0,0.0,0.0,0.0,1,3912.0,3919.0,10,3906.0,3909.0,3919.0,3890.0,54.0,2107230.0,22327
2023-05-09 21:17:41,hc2306,hc2306,3914.0,0.0,0.0,0.0,1,3912.0,3920.0,1,3906.0,3909.0,3919.0,3890.0,54.0,2107230.0,22327
2023-05-09 21:17:44,hc2306,hc2306,3920.0,1.0,39200.0,0.0,1,3912.0,3921.0,5,3906.0,3909.0,3920.0,3890.0,55.0,2146430.0,22327
2023-05-09 21:17:44,hc2306,hc2306,3912.0,1.0,39120.0,-1.0,1,3905.0,3921.0,5,3906.0,3909.0,3920.0,3890.0,56.0,2185550.0,22326
2023-05-09 21:17:45,hc2306,hc2306,3912.0,0.0,0.0,0.0,1,3912.0,3921.0,5,3906.0,3909.0,3920.0,3890.0,56.0,2185550.0,22326
2023-05-09 21:17:46,hc2306,hc2306,3912.0,0.0,0.0,0.0,1,3912.0,3920.0,5,3906.0,3909.0,3920.0,3890.0,56.0,2185550.0,22326
2023-05-09 21:17:47,hc2306,hc2306,3912.0,0.0,0.0,0.0,1,3913.0,3920.0,5,3906.0,3909.0,3920.0,3890.0,56.0,2185550.0,22326
2023-05-09 21:17:47,hc2306,hc2306,3913.0,1.0,39130.0,-1.0,1,3912.0,3920.0,5,3906.0,3909.0,3920.0,3890.0,57.0,2224680.0,22325
2023-05-09 21:17:48,hc2306,hc2306,3913.0,0.0,0.0,0.0,1,3912.0,3919.0,1,3906.0,3909.0,3920.0,3890.0,57.0,2224680.0,22325
2023-05-09 21:17:49,hc2306,hc2306,3919.0,1.0,39190.0,0.0,1,3912.0,3920.0,5,3906.0,3909.0,3920.0,3890.0,58.0,2263870.0,22325
2023-05-09 21:17:49,hc2306,hc2306,3919.0,0.0,0.0,0.0,1,3912.0,3919.0,1,3906.0,3909.0,3920.0,3890.0,58.0,2263870.0,22325
2023-05-09 21:17:50,hc2306,hc2306,3919.0,1.0,39190.0,0.0,1,3912.0,3920.0,5,3906.0,3909.0,3920.0,3890.0,59.0,2303060.0,22325
2023-05-09 21:17:50,hc2306,hc2306,3919.0,0.0,0.0,0.0,1,3912.0,3918.0,1,3906.0,3909.0,3920.0,3890.0,59.0,2303060.0,22325
2023-05-09 21:17:51,hc2306,hc2306,3918.0,1.0,39180.0,0.0,1,3912.0,3920.0,5,3906.0,3909.0,3920.0,3890.0,60.0,2342240.0,22325
2023-05-09 21:17:51,hc2306,hc2306,3918.0,0.0,0.0,0.0,1,3912.0,3919.0,5,3906.0,3909.0,3920.0,3890.0,60.0,2342240.0,22325
2023-05-09 21:17:52,hc2306,hc2306,3919.0,5.0,195950.0,0.0,1,3912.0,3923.0,1,3906.0,3909.0,3920.0,3890.0,65.0,2538190.0,22325
2023-05-09 21:17:52,hc2306,hc2306,3919.0,0.0,0.0,0.0,1,3912.0,3923.0,1,3906.0,3909.0,3920.0,3890.0,65.0,2538190.0,22325
2023-05-09 21:17:53,hc2306,hc2306,3919.0,0.0,0.0,0.0,3,3913.0,3920.0,1,3906.0,3909.0,3920.0,3890.0,65.0,2538190.0,22325
2023-05-09 21:17:54,hc2306,hc2306,3913.0,1.0,39130.0,-1.0,2,3913.0,3920.0,1,3906.0,3909.0,3920.0,3890.0,66.0,2577320.0,22324
2023-05-09 21:17:55,hc2306,hc2306,3913.0,2.0,78260.0,-2.0,5,3915.0,3923.0,1,3906.0,3909.0,3920.0,3890.0,68.0,2655580.0,22322
2023-05-09 21:17:56,hc2306,hc2306,3913.0,0.0,0.0,0.0,5,3915.0,3923.0,1,3906.0,3909.0,3920.0,3890.0,68.0,2655580.0,22322
2023-05-09 21:17:56,hc2306,hc2306,3913.0,0.0,0.0,0.0,5,3915.0,3920.0,1,3906.0,3909.0,3920.0,3890.0,68.0,2655580.0,22322
2023-05-09 21:17:57,hc2306,hc2306,3915.0,2.0,78300.0,-2.0,3,3915.0,3920.0,1,3906.0,3909.0,3920.0,3890.0,70.0,2733880.0,22320
2023-05-09 21:17:57,hc2306,hc2306,3915.0,0.0,0.0,0.0,3,3915.0,3919.0,30,3906.0,3909.0,3920.0,3890.0,70.0,2733880.0,22320
2023-05-09 21:17:58,hc2306,hc2306,3919.0,20.0,783800.0,0.0,3,3915.0,3919.0,10,3906.0,3909.0,3920.0,3890.0,90.0,3517680.0,22320
2023-05-09 21:17:58,hc2306,hc2306,3919.0,6.0,235020.0,-3.0,1,3912.0,3927.0,1,3906.0,3909.0,3920.0,3890.0,96.0,3752700.0,22317
2023-05-09 21:17:59,hc2306,hc2306,3919.0,0.0,0.0,0.0,1,3912.0,3926.0,2,3906.0,3909.0,3920.0,3890.0,96.0,3752700.0,22317
2023-05-09 21:17:59,hc2306,hc2306,3919.0,0.0,0.0,0.0,1,3912.0,3926.0,6,3906.0,3909.0,3920.0,3890.0,96.0,3752700.0,22317
2023-05-09 21:18:00,hc2306,hc2306,3919.0,0.0,0.0,0.0,1,3912.0,3919.0,1,3906.0,3909.0,3920.0,3890.0,96.0,3752700.0,22317
2023-05-09 21:18:00,hc2306,hc2306,3919.0,0.0,0.0,0.0,1,3912.0,3919.0,1,3906.0,3909.0,3920.0,3890.0,96.0,3752700.0,22317
2023-05-09 21:18:01,hc2306,hc2306,3919.0,0.0,0.0,0.0,23,3914.0,3919.0,1,3906.0,3909.0,3920.0,3890.0,96.0,3752700.0,22317
2023-05-09 21:18:02,hc2306,hc2306,3919.0,0.0,0.0,0.0,23,3914.0,3926.0,2,3906.0,3909.0,3920.0,3890.0,96.0,3752700.0,22317
2023-05-09 21:18:02,hc2306,hc2306,3919.0,0.0,0.0,0.0,23,3914.0,3920.0,1,3906.0,3909.0,3920.0,3890.0,96.0,3752700.0,22317
2023-05-09 21:18:03,hc2306,hc2306,3919.0,0.0,0.0,0.0,23,3914.0,3920.0,1,3906.0,3909.0,3920.0,3890.0,96.0,3752700.0,22317
2023-05-09 21:18:05,hc2306,hc2306,3919.0,0.0,0.0,0.0,10,3916.0,3920.0,10,3906.0,3909.0,3920.0,3890.0,96.0,3752700.0,22317
2023-05-09 21:18:06,hc2306,hc2306,3916.0,1.0,39160.0,-1.0,9,3916.0,3920.0,10,3906.0,3909.0,3920.0,3890.0,97.0,3791860.0,22316
2023-05-09 21:18:06,hc2306,hc2306,3916.0,9.0,352440.0,0.0,1,3912.0,3920.0,10,3906.0,3909.0,3920.0,3890.0,106.0,4144300.0,22316
2023-05-09 21:18:07,hc2306,hc2306,3912.0,1.0,39120.0,0.0,1,3905.0,3912.0,2,3906.0,3909.0,3920.0,3890.0,107.0,4183420.0,22316
2023-05-09 21:18:07,hc2306,hc2306,3912.0,2.0,78240.0,-1.0,1,3911.0,3916.0,1,3906.0,3909.0,3920.0,3890.0,109.0,4261660.0,22315
2023-05-09 21:18:08,hc2306,hc2306,3916.0,1.0,39160.0,-1.0,10,3915.0,3920.0,10,3906.0,3909.0,3920.0,3890.0,110.0,4300820.0,22314
2023-05-09 21:18:08,hc2306,hc2306,3916.0,0.0,0.0,0.0,10,3915.0,3920.0,10,3906.0,3909.0,3920.0,3890.0,110.0,4300820.0,22314
2023-05-09 21:18:09,hc2306,hc2306,3915.0,1.0,39150.0,0.0,9,3915.0,3920.0,10,3906.0,3909.0,3920.0,3890.0,111.0,4339970.0,22314
2023-05-09 21:18:09,hc2306,hc2306,3915.0,0.0,0.0,0.0,9,3915.0,3919.0,10,3906.0,3909.0,3920.0,3890.0,111.0,4339970.0,22314
2023-05-09 21:18:10,hc2306,hc2306,3919.0,3.0,117570.0,0.0,9,3915.0,3919.0,7,3906.0,3909.0,3920.0,3890.0,114.0,4457540.0,22314
2023-05-09 21:18:11,hc2306,hc2306,3915.0,4.0,156600.0,-4.0,5,3915.0,3919.0,7,3906.0,3909.0,3920.0,3890.0,118.0,4614140.0,22310
2023-05-09 21:18:11,hc2306,hc2306,3915.0,0.0,0.0,0.0,5,3915.0,3918.0,1,3906.0,3909.0,3920.0,3890.0,118.0,4614140.0,22310
2023-05-09 21:18:12,hc2306,hc2306,3918.0,1.0,39180.0,0.0,5,3915.0,3919.0,7,3906.0,3909.0,3920.0,3890.0,119.0,4653320.0,22310
2023-05-09 21:18:12,hc2306,hc2306,3918.0,0.0,0.0,0.0,5,3915.0,3918.0,1,3906.0,3909.0,3920.0,3890.0,119.0,4653320.0,22310
2023-05-09 21:18:13,hc2306,hc2306,3918.0,1.0,39180.0,0.0,5,3915.0,3919.0,7,3906.0,3909.0,3920.0,3890.0,120.0,4692500.0,22310
2023-05-09 21:18:13,hc2306,hc2306,3918.0,0.0,0.0,0.0,5,3915.0,3918.0,1,3906.0,3909.0,3920.0,3890.0,120.0,4692500.0,22310
2023-05-09 21:18:14,hc2306,hc2306,3918.0,1.0,39180.0,0.0,3,3916.0,3919.0,7,3906.0,3909.0,3920.0,3890.0,121.0,4731680.0,22310
2023-05-09 21:18:14,hc2306,hc2306,3918.0,0.0,0.0,0.0,5,3916.0,3919.0,7,3906.0,3909.0,3920.0,3890.0,121.0,4731680.0,22310
2023-05-09 21:18:17,hc2306,hc2306,3918.0,0.0,0.0,0.0,8,3917.0,3919.0,7,3906.0,3909.0,3920.0,3890.0,121.0,4731680.0,22310
2023-05-09 21:18:17,hc2306,hc2306,3917.0,2.0,78340.0,0.0,6,3917.0,3918.0,1,3906.0,3909.0,3920.0,3890.0,123.0,4810020.0,22310
2023-05-09 21:18:18,hc2306,hc2306,3918.0,1.0,39180.0,0.0,6,3917.0,3919.0,7,3906.0,3909.0,3920.0,3890.0,124.0,4849200.0,22310
2023-05-09 21:18:18,hc2306,hc2306,3917.0,1.0,39170.0,-1.0,5,3917.0,3919.0,7,3906.0,3909.0,3920.0,3890.0,125.0,4888370.0,22309
2023-05-09 21:18:19,hc2306,hc2306,3919.0,7.0,274330.0,0.0,5,3917.0,3927.0,1,3906.0,3909.0,3920.0,3890.0,132.0,5162700.0,22309
2023-05-09 21:18:19,hc2306,hc2306,3919.0,0.0,0.0,0.0,5,3917.0,3925.0,1,3906.0,3909.0,3920.0,3890.0,132.0,5162700.0,22309
2023-05-09 21:18:20,hc2306,hc2306,3919.0,0.0,0.0,0.0,5,3917.0,3925.0,5,3906.0,3909.0,3920.0,3890.0,132.0,5162700.0,22309
2023-05-09 21:18:21,hc2306,hc2306,3919.0,0.0,0.0,0.0,7,3917.0,3925.0,5,3906.0,3909.0,3920.0,3890.0,132.0,5162700.0,22309
2023-05-09 21:18:22,hc2306,hc2306,3919.0,0.0,0.0,0.0,5,3918.0,3924.0,10,3906.0,3909.0,3920.0,3890.0,132.0,5162700.0,22309
2023-05-09 21:18:23,hc2306,hc2306,3919.0,0.0,0.0,0.0,5,3918.0,3924.0,10,3906.0,3909.0,3920.0,3890.0,132.0,5162700.0,22309
2023-05-09 21:18:25,hc2306,hc2306,3919.0,0.0,0.0,0.0,9,3919.0,3924.0,10,3906.0,3909.0,3920.0,3890.0,132.0,5162700.0,22309
2023-05-09 21:18:36,hc2306,hc2306,3919.0,0.0,0.0,0.0,9,3919.0,3924.0,10,3906.0,3909.0,3920.0,3890.0,132.0,5162700.0,22309
2023-05-09 21:18:37,hc2306,hc2306,3919.0,0.0,0.0,0.0,9,3919.0,3924.0,10,3906.0,3909.0,3920.0,3890.0,132.0,5162700.0,22309
2023-05-09 21:18:37,hc2306,hc2306,3919.0,0.0,0.0,0.0,9,3919.0,3924.0,10,3906.0,3909.0,3920.0,3890.0,132.0,5162700.0,22309
2023-05-09 21:18:39,hc2306,hc2306,3919.0,0.0,0.0,0.0,9,3919.0,3920.0,5,3906.0,3909.0,3920.0,3890.0,132.0,5162700.0,22309
2023-05-09 21:18:41,hc2306,hc2306,3920.0,5.0,196000.0,0.0,9,3919.0,3924.0,10,3906.0,3909.0,3920.0,3890.0,137.0,5358700.0,22309
2023-05-09 21:18:41,hc2306,hc2306,3920.0,0.0,0.0,0.0,9,3920.0,3924.0,10,3906.0,3909.0,3920.0,3890.0,137.0,5358700.0,22309
2023-05-09 21:18:42,hc2306,hc2306,3916.0,11.0,431120.0,1.0,20,3906.0,3924.0,10,3906.0,3909.0,3920.0,3890.0,148.0,5789820.0,22310
2023-05-09 21:18:42,hc2306,hc2306,3906.0,19.0,742220.0,19.0,2,3906.0,3919.0,1,3906.0,3909.0,3920.0,3890.0,167.0,6532040.0,22329
2023-05-09 21:18:43,hc2306,hc2306,3918.0,1.0,39180.0,-1.0,1,3913.0,3919.0,1,3906.0,3909.0,3920.0,3890.0,168.0,6571220.0,22328
2023-05-09 21:18:43,hc2306,hc2306,3919.0,1.0,39190.0,-1.0,1,3914.0,3918.0,18,3906.0,3909.0,3920.0,3890.0,169.0,6610410.0,22327
2023-05-09 21:18:44,hc2306,hc2306,3918.0,18.0,705240.0,-18.0,1,3916.0,3919.0,1,3906.0,3909.0,3920.0,3890.0,187.0,7315650.0,22309
2023-05-09 21:18:44,hc2306,hc2306,3919.0,1.0,39190.0,0.0,1,3916.0,3920.0,1,3906.0,3909.0,3920.0,3890.0,188.0,7354840.0,22309
2023-05-09 21:18:47,hc2306,hc2306,3920.0,1.0,39200.0,0.0,1,3916.0,3924.0,10,3906.0,3909.0,3920.0,3890.0,189.0,7394040.0,22309
2023-05-09 21:18:47,hc2306,hc2306,3920.0,0.0,0.0,0.0,2,3916.0,3924.0,10,3906.0,3909.0,3920.0,3890.0,189.0,7394040.0,22309
2023-05-09 21:18:50,hc2306,hc2306,3920.0,0.0,0.0,0.0,2,3916.0,3924.0,10,3906.0,3909.0,3920.0,3890.0,189.0,7394040.0,22309
2023-05-09 21:18:52,hc2306,hc2306,3916.0,1.0,39160.0,1.0,1,3916.0,3924.0,10,3906.0,3909.0,3920.0,3890.0,190.0,7433200.0,22310
2023-05-09 21:18:53,hc2306,hc2306,3916.0,0.0,0.0,0.0,1,3917.0,3920.0,1,3906.0,3909.0,3920.0,3890.0,190.0,7433200.0,22310
2023-05-09 21:18:53,hc2306,hc2306,3920.0,1.0,39200.0,-1.0,1,3917.0,3924.0,10,3906.0,3909.0,3920.0,3890.0,191.0,7472400.0,22309
2023-05-09 21:18:54,hc2306,hc2306,3920.0,0.0,0.0,0.0,2,3917.0,3924.0,10,3906.0,3909.0,3920.0,3890.0,191.0,7472400.0,22309
2023-05-09 21:18:54,hc2306,hc2306,3920.0,0.0,0.0,0.0,2,3917.0,3924.0,10,3906.0,3909.0,3920.0,3890.0,191.0,7472400.0,22309
2023-05-09 21:18:55,hc2306,hc2306,3920.0,0.0,0.0,0.0,1,3918.0,3924.0,10,3906.0,3909.0,3920.0,3890.0,191.0,7472400.0,22309
2023-05-09 21:18:58,hc2306,hc2306,3920.0,0.0,0.0,0.0,1,3918.0,3924.0,10,3906.0,3909.0,3920.0,3890.0,191.0,7472400.0,22309
2023-05-09 21:18:59,hc2306,hc2306,3920.0,0.0,0.0,0.0,1,3918.0,3924.0,10,3906.0,3909.0,3920.0,3890.0,191.0,7472400.0,22309
2023-05-09 21:18:59,hc2306,hc2306,3920.0,0.0,0.0,0.0,1,3918.0,3924.0,10,3906.0,3909.0,3920.0,3890.0,191.0,7472400.0,22309
2023-05-09 21:19:06,hc2306,hc2306,3920.0,0.0,0.0,0.0,1,3918.0,3924.0,10,3906.0,3909.0,3920.0,3890.0,191.0,7472400.0,22309
2023-05-09 21:19:08,hc2306,hc2306,3920.0,0.0,0.0,0.0,1,3918.0,3924.0,10,3906.0,3909.0,3920.0,3890.0,191.0,7472400.0,22309
2023-05-09 21:19:12,hc2306,hc2306,3920.0,0.0,0.0,0.0,1,3918.0,3929.0,1,3906.0,3909.0,3920.0,3890.0,191.0,7472400.0,22309
2023-05-09 21:19:12,hc2306,hc2306,3920.0,0.0,0.0,0.0,1,3918.0,3926.0,1,3906.0,3909.0,3920.0,3890.0,191.0,7472400.0,22309
2023-05-09 21:19:13,hc2306,hc2306,3920.0,0.0,0.0,0.0,1,3918.0,3926.0,5,3906.0,3909.0,3920.0,3890.0,191.0,7472400.0,22309
2023-05-09 21:19:20,hc2306,hc2306,3920.0,0.0,0.0,0.0,1,3918.0,3925.0,10,3906.0,3909.0,3920.0,3890.0,191.0,7472400.0,22309
2023-05-09 21:19:20,hc2306,hc2306,3920.0,0.0,0.0,0.0,1,3918.0,3925.0,10,3906.0,3909.0,3920.0,3890.0,191.0,7472400.0,22309
2023-05-09 21:19:22,hc2306,hc2306,3918.0,1.0,39180.0,1.0,3,3917.0,3925.0,10,3906.0,3909.0,3920.0,3890.0,192.0,7511580.0,22310
2023-05-09 21:19:22,hc2306,hc2306,3918.0,0.0,0.0,0.0,3,3917.0,3925.0,14,3906.0,3909.0,3920.0,3890.0,192.0,7511580.0,22310
2023-05-09 21:19:23,hc2306,hc2306,3918.0,0.0,0.0,0.0,3,3917.0,3924.0,1,3906.0,3909.0,3920.0,3890.0,192.0,7511580.0,22310
2023-05-09 21:19:24,hc2306,hc2306,3918.0,0.0,0.0,0.0,3,3917.0,3924.0,1,3906.0,3909.0,3920.0,3890.0,192.0,7511580.0,22310
2023-05-09 21:19:24,hc2306,hc2306,3918.0,0.0,0.0,0.0,3,3917.0,3923.0,1,3906.0,3909.0,3920.0,3890.0,192.0,7511580.0,22310
2023-05-09 21:19:26,hc2306,hc2306,3918.0,0.0,0.0,0.0,3,3917.0,3922.0,1,3906.0,3909.0,3920.0,3890.0,192.0,7511580.0,22310
2023-05-09 21:19:27,hc2306,hc2306,3918.0,0.0,0.0,0.0,3,3917.0,3925.0,10,3906.0,3909.0,3920.0,3890.0,192.0,7511580.0,22310
2023-05-09 21:19:27,hc2306,hc2306,3918.0,0.0,0.0,0.0,3,3917.0,3921.0,1,3906.0,3909.0,3920.0,3890.0,192.0,7511580.0,22310
2023-05-09 21:19:28,hc2306,hc2306,3918.0,0.0,0.0,0.0,3,3917.0,3921.0,1,3906.0,3909.0,3920.0,3890.0,192.0,7511580.0,22310
2023-05-09 21:19:28,hc2306,hc2306,3918.0,0.0,0.0,0.0,3,3917.0,3921.0,1,3906.0,3909.0,3920.0,3890.0,192.0,7511580.0,22310
2023-05-09 21:19:29,hc2306,hc2306,3918.0,0.0,0.0,0.0,3,3917.0,3925.0,10,3906.0,3909.0,3920.0,3890.0,192.0,7511580.0,22310
2023-05-09 21:19:29,hc2306,hc2306,3918.0,0.0,0.0,0.0,3,3917.0,3920.0,1,3906.0,3909.0,3920.0,3890.0,192.0,7511580.0,22310
2023-05-09 21:19:30,hc2306,hc2306,3920.0,1.0,39200.0,-1.0,3,3917.0,3925.0,10,3906.0,3909.0,3920.0,3890.0,193.0,7550780.0,22309
2023-05-09 21:19:32,hc2306,hc2306,3920.0,0.0,0.0,0.0,2,3918.0,3925.0,10,3906.0,3909.0,3920.0,3890.0,193.0,7550780.0,22309
2023-05-09 21:19:32,hc2306,hc2306,3920.0,0.0,0.0,0.0,2,3918.0,3925.0,10,3906.0,3909.0,3920.0,3890.0,193.0,7550780.0,22309
2023-05-09 21:19:33,hc2306,hc2306,3920.0,0.0,0.0,0.0,3,3918.0,3925.0,10,3906.0,3909.0,3920.0,3890.0,193.0,7550780.0,22309
2023-05-09 21:19:34,hc2306,hc2306,3920.0,0.0,0.0,0.0,3,3918.0,3924.0,8,3906.0,3909.0,3920.0,3890.0,193.0,7550780.0,22309
2023-05-09 21:19:37,hc2306,hc2306,3920.0,0.0,0.0,0.0,3,3918.0,3924.0,8,3906.0,3909.0,3920.0,3890.0,193.0,7550780.0,22309
2023-05-09 21:19:38,hc2306,hc2306,3920.0,0.0,0.0,0.0,3,3918.0,3924.0,8,3906.0,3909.0,3920.0,3890.0,193.0,7550780.0,22309
2023-05-09 21:19:38,hc2306,hc2306,3920.0,0.0,0.0,0.0,1,3919.0,3924.0,8,3906.0,3909.0,3920.0,3890.0,193.0,7550780.0,22309
2023-05-09 21:19:39,hc2306,hc2306,3920.0,0.0,0.0,0.0,1,3919.0,3924.0,8,3906.0,3909.0,3920.0,3890.0,193.0,7550780.0,22309
2023-05-09 21:19:39,hc2306,hc2306,3920.0,0.0,0.0,0.0,1,3920.0,3924.0,8,3906.0,3909.0,3920.0,3890.0,193.0,7550780.0,22309
2023-05-09 21:19:40,hc2306,hc2306,3913.0,30.0,1174180.0,28.0,45,3913.0,3924.0,8,3906.0,3909.0,3920.0,3890.0,223.0,8724960.0,22337
2023-05-09 21:19:40,hc2306,hc2306,3913.0,0.0,0.0,0.0,45,3913.0,3921.0,2,3906.0,3909.0,3920.0,3890.0,223.0,8724960.0,22337
2023-05-09 21:19:41,hc2306,hc2306,3921.0,2.0,78420.0,-2.0,45,3913.0,3924.0,8,3906.0,3909.0,3921.0,3890.0,225.0,8803380.0,22335
2023-05-09 21:19:41,hc2306,hc2306,3921.0,0.0,0.0,0.0,2,3917.0,3923.0,2,3906.0,3909.0,3921.0,3890.0,225.0,8803380.0,22335
2023-05-09 21:19:43,hc2306,hc2306,3921.0,0.0,0.0,0.0,2,3917.0,3923.0,2,3906.0,3909.0,3921.0,3890.0,225.0,8803380.0,22335
2023-05-09 21:19:44,hc2306,hc2306,3921.0,0.0,0.0,0.0,2,3917.0,3920.0,8,3906.0,3909.0,3921.0,3890.0,225.0,8803380.0,22335
2023-05-09 21:19:45,hc2306,hc2306,3920.0,8.0,313600.0,-8.0,2,3917.0,3922.0,18,3906.0,3909.0,3921.0,3890.0,233.0,9116980.0,22327
2023-05-09 21:19:46,hc2306,hc2306,3920.0,0.0,0.0,0.0,2,3917.0,3919.0,18,3906.0,3909.0,3921.0,3890.0,233.0,9116980.0,22327
2023-05-09 21:19:46,hc2306,hc2306,3919.0,18.0,705420.0,-17.0,2,3917.0,3923.0,2,3906.0,3909.0,3921.0,3890.0,251.0,9822400.0,22310
2023-05-09 21:19:47,hc2306,hc2306,3919.0,0.0,0.0,0.0,2,3917.0,3923.0,2,3906.0,3909.0,3921.0,3890.0,251.0,9822400.0,22310
2023-05-09 21:19:52,hc2306,hc2306,3919.0,0.0,0.0,0.0,2,3917.0,3923.0,2,3906.0,3909.0,3921.0,3890.0,251.0,9822400.0,22310
2023-05-09 21:19:53,hc2306,hc2306,3919.0,0.0,0.0,0.0,1,3917.0,3923.0,2,3906.0,3909.0,3921.0,3890.0,251.0,9822400.0,22310
2023-05-09 21:19:54,hc2306,hc2306,3919.0,0.0,0.0,0.0,1,3917.0,3923.0,2,3906.0,3909.0,3921.0,3890.0,251.0,9822400.0,22310
2023-05-09 21:19:54,hc2306,hc2306,3919.0,0.0,0.0,0.0,1,3917.0,3923.0,2,3906.0,3909.0,3921.0,3890.0,251.0,9822400.0,22310
2023-05-09 21:19:57,hc2306,hc2306,3919.0,0.0,0.0,0.0,1,3917.0,3923.0,2,3906.0,3909.0,3921.0,3890.0,251.0,9822400.0,22310
2023-05-09 21:20:00,hc2306,hc2306,3919.0,0.0,0.0,0.0,1,3917.0,3923.0,2,3906.0,3909.0,3921.0,3890.0,251.0,9822400.0,22310
2023-05-09 21:20:05,hc2306,hc2306,3919.0,0.0,0.0,0.0,2,3918.0,3923.0,2,3906.0,3909.0,3921.0,3890.0,251.0,9822400.0,22310
2023-05-09 21:20:06,hc2306,hc2306,3919.0,0.0,0.0,0.0,2,3918.0,3923.0,2,3906.0,3909.0,3921.0,3890.0,251.0,9822400.0,22310
2023-05-09 21:20:09,hc2306,hc2306,3919.0,0.0,0.0,0.0,2,3918.0,3923.0,2,3906.0,3909.0,3921.0,3890.0,251.0,9822400.0,22310
2023-05-09 21:20:16,hc2306,hc2306,3919.0,0.0,0.0,0.0,2,3918.0,3932.0,20,3906.0,3909.0,3921.0,3890.0,251.0,9822400.0,22310
2023-05-09 21:20:17,hc2306,hc2306,3919.0,0.0,0.0,0.0,2,3918.0,3925.0,2,3906.0,3909.0,3921.0,3890.0,251.0,9822400.0,22310
2023-05-09 21:20:17,hc2306,hc2306,3919.0,0.0,0.0,0.0,2,3919.0,3925.0,2,3906.0,3909.0,3921.0,3890.0,251.0,9822400.0,22310
2023-05-09 21:20:20,hc2306,hc2306,3919.0,0.0,0.0,0.0,2,3919.0,3925.0,2,3906.0,3909.0,3921.0,3890.0,251.0,9822400.0,22310
2023-05-09 21:20:20,hc2306,hc2306,3919.0,0.0,0.0,0.0,2,3919.0,3925.0,1,3906.0,3909.0,3921.0,3890.0,251.0,9822400.0,22310
2023-05-09 21:20:21,hc2306,hc2306,3919.0,0.0,0.0,0.0,2,3919.0,3925.0,1,3906.0,3909.0,3921.0,3890.0,251.0,9822400.0,22310
2023-05-09 21:20:21,hc2306,hc2306,3919.0,0.0,0.0,0.0,2,3919.0,3925.0,1,3906.0,3909.0,3921.0,3890.0,251.0,9822400.0,22310
2023-05-09 21:20:23,hc2306,hc2306,3919.0,0.0,0.0,0.0,2,3919.0,3925.0,1,3906.0,3909.0,3921.0,3890.0,251.0,9822400.0,22310
2023-05-09 21:20:25,hc2306,hc2306,3919.0,0.0,0.0,0.0,2,3920.0,3925.0,1,3906.0,3909.0,3921.0,3890.0,251.0,9822400.0,22310
2023-05-09 21:20:26,hc2306,hc2306,3915.0,30.0,1174660.0,30.0,42,3915.0,3925.0,1,3906.0,3909.0,3921.0,3890.0,281.0,10997060.0,22340
2023-05-09 21:20:26,hc2306,hc2306,3915.0,0.0,0.0,0.0,42,3915.0,3924.0,2,3906.0,3909.0,3921.0,3890.0,281.0,10997060.0,22340
2023-05-09 21:20:27,hc2306,hc2306,3924.0,2.0,78480.0,-2.0,42,3915.0,3925.0,1,3906.0,3909.0,3924.0,3890.0,283.0,11075540.0,22338
2023-05-09 21:20:27,hc2306,hc2306,3924.0,0.0,0.0,0.0,2,3920.0,3925.0,1,3906.0,3909.0,3924.0,3890.0,283.0,11075540.0,22338
2023-05-09 21:20:29,hc2306,hc2306,3924.0,0.0,0.0,0.0,2,3920.0,3925.0,1,3906.0,3909.0,3924.0,3890.0,283.0,11075540.0,22338
2023-05-09 21:20:30,hc2306,hc2306,3924.0,0.0,0.0,0.0,2,3920.0,3924.0,28,3906.0,3909.0,3924.0,3890.0,283.0,11075540.0,22338
2023-05-09 21:20:30,hc2306,hc2306,3924.0,13.0,510120.0,-13.0,2,3920.0,3924.0,15,3906.0,3909.0,3924.0,3890.0,296.0,11585660.0,22325
2023-05-09 21:20:32,hc2306,hc2306,3924.0,0.0,0.0,0.0,2,3920.0,3923.0,15,3906.0,3909.0,3924.0,3890.0,296.0,11585660.0,22325
2023-05-09 21:20:33,hc2306,hc2306,3924.0,0.0,0.0,0.0,2,3920.0,3922.0,15,3906.0,3909.0,3924.0,3890.0,296.0,11585660.0,22325
2023-05-09 21:20:34,hc2306,hc2306,3924.0,0.0,0.0,0.0,2,3920.0,3925.0,1,3906.0,3909.0,3924.0,3890.0,296.0,11585660.0,22325
2023-05-09 21:20:35,hc2306,hc2306,3924.0,0.0,0.0,0.0,2,3920.0,3921.0,15,3906.0,3909.0,3924.0,3890.0,296.0,11585660.0,22325
2023-05-09 21:20:36,hc2306,hc2306,3921.0,2.0,78420.0,-2.0,2,3920.0,3921.0,13,3906.0,3909.0,3924.0,3890.0,298.0,11664080.0,22323
2023-05-09 21:20:37,hc2306,hc2306,3921.0,1.0,39210.0,0.0,2,3920.0,3921.0,12,3906.0,3909.0,3924.0,3890.0,299.0,11703290.0,22323
2023-05-09 21:20:39,hc2306,hc2306,3920.0,2.0,78400.0,0.0,28,3916.0,3920.0,10,3906.0,3909.0,3924.0,3890.0,301.0,11781690.0,22323
2023-05-09 21:20:39,hc2306,hc2306,3920.0,0.0,0.0,0.0,28,3916.0,3920.0,10,3906.0,3909.0,3924.0,3890.0,301.0,11781690.0,22323
2023-05-09 21:20:40,hc2306,hc2306,3920.0,0.0,0.0,0.0,8,3916.0,3920.0,10,3906.0,3909.0,3924.0,3890.0,301.0,11781690.0,22323
2023-05-09 21:20:41,hc2306,hc2306,3920.0,10.0,392000.0,-10.0,8,3916.0,3923.0,2,3906.0,3909.0,3924.0,3890.0,311.0,12173690.0,22313
2023-05-09 21:20:43,hc2306,hc2306,3916.0,1.0,39160.0,1.0,7,3916.0,3923.0,2,3906.0,3909.0,3924.0,3890.0,312.0,12212850.0,22314
2023-05-09 21:20:43,hc2306,hc2306,3916.0,0.0,0.0,0.0,28,3917.0,3923.0,2,3906.0,3909.0,3924.0,3890.0,312.0,12212850.0,22314
2023-05-09 21:20:44,hc2306,hc2306,3916.0,0.0,0.0,0.0,28,3917.0,3923.0,2,3906.0,3909.0,3924.0,3890.0,312.0,12212850.0,22314
2023-05-09 21:20:46,hc2306,hc2306,3916.0,0.0,0.0,0.0,28,3917.0,3921.0,1,3906.0,3909.0,3924.0,3890.0,312.0,12212850.0,22314
2023-05-09 21:20:47,hc2306,hc2306,3921.0,1.0,39210.0,-1.0,28,3917.0,3923.0,2,3906.0,3909.0,3924.0,3890.0,313.0,12252060.0,22313
2023-05-09 21:20:47,hc2306,hc2306,3921.0,0.0,0.0,0.0,28,3917.0,3923.0,2,3906.0,3909.0,3924.0,3890.0,313.0,12252060.0,22313
2023-05-09 21:20:50,hc2306,hc2306,3921.0,0.0,0.0,0.0,7,3918.0,3923.0,2,3906.0,3909.0,3924.0,3890.0,313.0,12252060.0,22313
2023-05-09 21:20:51,hc2306,hc2306,3921.0,0.0,0.0,0.0,7,3918.0,3923.0,2,3906.0,3909.0,3924.0,3890.0,313.0,12252060.0,22313
2023-05-09 21:20:52,hc2306,hc2306,3923.0,2.0,78460.0,-2.0,7,3918.0,3925.0,1,3906.0,3909.0,3924.0,3890.0,315.0,12330520.0,22311
2023-05-09 21:20:53,hc2306,hc2306,3923.0,0.0,0.0,0.0,2,3919.0,3925.0,1,3906.0,3909.0,3924.0,3890.0,315.0,12330520.0,22311
2023-05-09 21:20:56,hc2306,hc2306,3923.0,0.0,0.0,0.0,2,3919.0,3925.0,1,3906.0,3909.0,3924.0,3890.0,315.0,12330520.0,22311
2023-05-09 21:20:57,hc2306,hc2306,3923.0,0.0,0.0,0.0,2,3920.0,3925.0,1,3906.0,3909.0,3924.0,3890.0,315.0,12330520.0,22311
2023-05-09 21:20:58,hc2306,hc2306,3923.0,0.0,0.0,0.0,2,3920.0,3925.0,1,3906.0,3909.0,3924.0,3890.0,315.0,12330520.0,22311
2023-05-09 21:20:58,hc2306,hc2306,3923.0,0.0,0.0,0.0,1,3921.0,3925.0,1,3906.0,3909.0,3924.0,3890.0,315.0,12330520.0,22311
2023-05-09 21:21:04,hc2306,hc2306,3923.0,0.0,0.0,0.0,1,3921.0,3925.0,1,3906.0,3909.0,3924.0,3890.0,315.0,12330520.0,22311
2023-05-09 21:21:05,hc2306,hc2306,3923.0,0.0,0.0,0.0,1,3921.0,3925.0,1,3906.0,3909.0,3924.0,3890.0,315.0,12330520.0,22311
2023-05-09 21:21:05,hc2306,hc2306,3923.0,0.0,0.0,0.0,1,3921.0,3923.0,1,3906.0,3909.0,3924.0,3890.0,315.0,12330520.0,22311
2023-05-09 21:21:06,hc2306,hc2306,3921.0,1.0,39210.0,0.0,2,3920.0,3923.0,1,3906.0,3909.0,3924.0,3890.0,316.0,12369730.0,22311
2023-05-09 21:21:06,hc2306,hc2306,3921.0,0.0,0.0,0.0,2,3920.0,3923.0,2,3906.0,3909.0,3924.0,3890.0,316.0,12369730.0,22311
2023-05-09 21:21:09,hc2306,hc2306,3921.0,0.0,0.0,0.0,2,3920.0,3932.0,30,3906.0,3909.0,3924.0,3890.0,316.0,12369730.0,22311
2023-05-09 21:21:10,hc2306,hc2306,3921.0,0.0,0.0,0.0,2,3920.0,3924.0,1,3906.0,3909.0,3924.0,3890.0,316.0,12369730.0,22311
2023-05-09 21:21:10,hc2306,hc2306,3921.0,0.0,0.0,0.0,2,3920.0,3924.0,1,3906.0,3909.0,3924.0,3890.0,316.0,12369730.0,22311
2023-05-09 21:21:12,hc2306,hc2306,3921.0,0.0,0.0,0.0,2,3920.0,3924.0,2,3906.0,3909.0,3924.0,3890.0,316.0,12369730.0,22311
2023-05-09 21:21:15,hc2306,hc2306,3921.0,0.0,0.0,0.0,2,3920.0,3923.0,1,3906.0,3909.0,3924.0,3890.0,316.0,12369730.0,22311
2023-05-09 21:21:15,hc2306,hc2306,3921.0,0.0,0.0,0.0,2,3920.0,3923.0,1,3906.0,3909.0,3924.0,3890.0,316.0,12369730.0,22311
2023-05-09 21:21:16,hc2306,hc2306,3921.0,0.0,0.0,0.0,2,3920.0,3923.0,1,3906.0,3909.0,3924.0,3890.0,316.0,12369730.0,22311
2023-05-09 21:21:16,hc2306,hc2306,3921.0,0.0,0.0,0.0,2,3920.0,3922.0,1,3906.0,3909.0,3924.0,3890.0,316.0,12369730.0,22311
2023-05-09 21:21:17,hc2306,hc2306,3922.0,1.0,39220.0,-1.0,2,3920.0,3924.0,1,3906.0,3909.0,3924.0,3890.0,317.0,12408950.0,22310
2023-05-09 21:21:17,hc2306,hc2306,3922.0,0.0,0.0,0.0,2,3920.0,3924.0,1,3906.0,3909.0,3924.0,3890.0,317.0,12408950.0,22310
2023-05-09 21:21:24,hc2306,hc2306,3922.0,0.0,0.0,0.0,2,3920.0,3924.0,11,3906.0,3909.0,3924.0,3890.0,317.0,12408950.0,22310
2023-05-09 21:21:27,hc2306,hc2306,3922.0,0.0,0.0,0.0,2,3920.0,3924.0,11,3906.0,3909.0,3924.0,3890.0,317.0,12408950.0,22310
2023-05-09 21:21:28,hc2306,hc2306,3922.0,0.0,0.0,0.0,2,3920.0,3924.0,11,3906.0,3909.0,3924.0,3890.0,317.0,12408950.0,22310
2023-05-09 21:21:30,hc2306,hc2306,3922.0,0.0,0.0,0.0,8,3918.0,3924.0,11,3906.0,3909.0,3924.0,3890.0,317.0,12408950.0,22310
2023-05-09 21:21:32,hc2306,hc2306,3922.0,0.0,0.0,0.0,8,3918.0,3924.0,11,3906.0,3909.0,3924.0,3890.0,317.0,12408950.0,22310
2023-05-09 21:21:33,hc2306,hc2306,3922.0,0.0,0.0,0.0,1,3919.0,3924.0,11,3906.0,3909.0,3924.0,3890.0,317.0,12408950.0,22310
2023-05-09 21:21:34,hc2306,hc2306,3922.0,0.0,0.0,0.0,1,3920.0,3924.0,11,3906.0,3909.0,3924.0,3890.0,317.0,12408950.0,22310
2023-05-09 21:21:36,hc2306,hc2306,3922.0,0.0,0.0,0.0,1,3920.0,3924.0,11,3906.0,3909.0,3924.0,3890.0,317.0,12408950.0,22310
2023-05-09 21:21:37,hc2306,hc2306,3922.0,0.0,0.0,0.0,1,3920.0,3924.0,11,3906.0,3909.0,3924.0,3890.0,317.0,12408950.0,22310
2023-05-09 21:21:40,hc2306,hc2306,3922.0,0.0,0.0,0.0,1,3920.0,3924.0,11,3906.0,3909.0,3924.0,3890.0,317.0,12408950.0,22310
2023-05-09 21:21:43,hc2306,hc2306,3922.0,0.0,0.0,0.0,1,3920.0,3924.0,11,3906.0,3909.0,3924.0,3890.0,317.0,12408950.0,22310
2023-05-09 21:21:43,hc2306,hc2306,3922.0,0.0,0.0,0.0,8,3918.0,3924.0,11,3906.0,3909.0,3924.0,3890.0,317.0,12408950.0,22310
2023-05-09 21:21:44,hc2306,hc2306,3922.0,0.0,0.0,0.0,8,3918.0,3924.0,11,3906.0,3909.0,3924.0,3890.0,317.0,12408950.0,22310
2023-05-09 21:21:48,hc2306,hc2306,3922.0,0.0,0.0,0.0,8,3918.0,3924.0,11,3906.0,3909.0,3924.0,3890.0,317.0,12408950.0,22310
2023-05-09 21:21:49,hc2306,hc2306,3922.0,0.0,0.0,0.0,8,3918.0,3924.0,11,3906.0,3909.0,3924.0,3890.0,317.0,12408950.0,22310
2023-05-09 21:21:52,hc2306,hc2306,3922.0,0.0,0.0,0.0,8,3918.0,3924.0,11,3906.0,3909.0,3924.0,3890.0,317.0,12408950.0,22310
2023-05-09 21:21:54,hc2306,hc2306,3922.0,0.0,0.0,0.0,1,3918.0,3924.0,11,3906.0,3909.0,3924.0,3890.0,317.0,12408950.0,22310
2023-05-09 21:21:56,hc2306,hc2306,3922.0,0.0,0.0,0.0,1,3918.0,3924.0,11,3906.0,3909.0,3924.0,3890.0,317.0,12408950.0,22310
2023-05-09 21:21:58,hc2306,hc2306,3922.0,0.0,0.0,0.0,1,3918.0,3924.0,11,3906.0,3909.0,3924.0,3890.0,317.0,12408950.0,22310
2023-05-09 21:22:02,hc2306,hc2306,3922.0,0.0,0.0,0.0,31,3917.0,3924.0,11,3906.0,3909.0,3924.0,3890.0,317.0,12408950.0,22310
2023-05-09 21:22:03,hc2306,hc2306,3922.0,0.0,0.0,0.0,32,3917.0,3924.0,11,3906.0,3909.0,3924.0,3890.0,317.0,12408950.0,22310
2023-05-09 21:22:03,hc2306,hc2306,3922.0,0.0,0.0,0.0,32,3917.0,3923.0,1,3906.0,3909.0,3924.0,3890.0,317.0,12408950.0,22310
2023-05-09 21:22:10,hc2306,hc2306,3922.0,0.0,0.0,0.0,2,3917.0,3923.0,1,3906.0,3909.0,3924.0,3890.0,317.0,12408950.0,22310
2023-05-09 21:22:12,hc2306,hc2306,3922.0,0.0,0.0,0.0,30,3916.0,3923.0,1,3906.0,3909.0,3924.0,3890.0,317.0,12408950.0,22310
2023-05-09 21:22:13,hc2306,hc2306,3916.0,4.0,156640.0,4.0,28,3916.0,3923.0,1,3906.0,3909.0,3924.0,3890.0,321.0,12565590.0,22314
2023-05-09 21:22:13,hc2306,hc2306,3916.0,0.0,0.0,0.0,28,3916.0,3922.0,1,3906.0,3909.0,3924.0,3890.0,321.0,12565590.0,22314
2023-05-09 21:22:14,hc2306,hc2306,3916.0,0.0,0.0,0.0,2,3916.0,3922.0,1,3906.0,3909.0,3924.0,3890.0,321.0,12565590.0,22314
2023-05-09 21:22:16,hc2306,hc2306,3916.0,0.0,0.0,0.0,2,3916.0,3922.0,1,3906.0,3909.0,3924.0,3890.0,321.0,12565590.0,22314
2023-05-09 21:22:16,hc2306,hc2306,3916.0,0.0,0.0,0.0,2,3916.0,3919.0,4,3906.0,3909.0,3924.0,3890.0,321.0,12565590.0,22314
2023-05-09 21:22:17,hc2306,hc2306,3919.0,4.0,156760.0,-4.0,2,3916.0,3922.0,11,3906.0,3909.0,3924.0,3890.0,325.0,12722350.0,22310
2023-05-09 21:22:19,hc2306,hc2306,3919.0,0.0,0.0,0.0,30,3917.0,3922.0,11,3906.0,3909.0,3924.0,3890.0,325.0,12722350.0,22310
2023-05-09 21:22:19,hc2306,hc2306,3919.0,0.0,0.0,0.0,30,3917.0,3922.0,11,3906.0,3909.0,3924.0,3890.0,325.0,12722350.0,22310
2023-05-09 21:22:20,hc2306,hc2306,3919.0,0.0,0.0,0.0,30,3917.0,3922.0,11,3906.0,3909.0,3924.0,3890.0,325.0,12722350.0,22310
2023-05-09 21:22:20,hc2306,hc2306,3919.0,0.0,0.0,0.0,30,3917.0,3922.0,12,3906.0,3909.0,3924.0,3890.0,325.0,12722350.0,22310
2023-05-09 21:22:23,hc2306,hc2306,3919.0,0.0,0.0,0.0,30,3917.0,3922.0,12,3906.0,3909.0,3924.0,3890.0,325.0,12722350.0,22310
2023-05-09 21:22:24,hc2306,hc2306,3919.0,0.0,0.0,0.0,2,3915.0,3922.0,12,3906.0,3909.0,3924.0,3890.0,325.0,12722350.0,22310
2023-05-09 21:22:26,hc2306,hc2306,3919.0,0.0,0.0,0.0,2,3915.0,3922.0,12,3906.0,3909.0,3924.0,3890.0,325.0,12722350.0,22310
2023-05-09 21:22:27,hc2306,hc2306,3919.0,0.0,0.0,0.0,30,3916.0,3922.0,12,3906.0,3909.0,3924.0,3890.0,325.0,12722350.0,22310
2023-05-09 21:22:27,hc2306,hc2306,3919.0,0.0,0.0,0.0,30,3916.0,3922.0,12,3906.0,3909.0,3924.0,3890.0,325.0,12722350.0,22310
2023-05-09 21:22:28,hc2306,hc2306,3919.0,0.0,0.0,0.0,10,3915.0,3922.0,12,3906.0,3909.0,3924.0,3890.0,325.0,12722350.0,22310
2023-05-09 21:22:28,hc2306,hc2306,3919.0,0.0,0.0,0.0,10,3915.0,3922.0,10,3906.0,3909.0,3924.0,3890.0,325.0,12722350.0,22310
2023-05-09 21:22:29,hc2306,hc2306,3919.0,0.0,0.0,0.0,10,3915.0,3922.0,10,3906.0,3909.0,3924.0,3890.0,325.0,12722350.0,22310
2023-05-09 21:22:29,hc2306,hc2306,3919.0,0.0,0.0,0.0,8,3916.0,3922.0,10,3906.0,3909.0,3924.0,3890.0,325.0,12722350.0,22310
2023-05-09 21:22:33,hc2306,hc2306,3919.0,0.0,0.0,0.0,8,3916.0,3922.0,10,3906.0,3909.0,3924.0,3890.0,325.0,12722350.0,22310
2023-05-09 21:22:36,hc2306,hc2306,3919.0,0.0,0.0,0.0,8,3916.0,3922.0,10,3906.0,3909.0,3924.0,3890.0,325.0,12722350.0,22310
2023-05-09 21:22:36,hc2306,hc2306,3919.0,0.0,0.0,0.0,8,3916.0,3922.0,10,3906.0,3909.0,3924.0,3890.0,325.0,12722350.0,22310
2023-05-09 21:22:37,hc2306,hc2306,3919.0,0.0,0.0,0.0,8,3916.0,3921.0,2,3906.0,3909.0,3924.0,3890.0,325.0,12722350.0,22310
2023-05-09 21:22:38,hc2306,hc2306,3919.0,0.0,0.0,0.0,8,3916.0,3921.0,2,3906.0,3909.0,3924.0,3890.0,325.0,12722350.0,22310
2023-05-09 21:22:42,hc2306,hc2306,3919.0,0.0,0.0,0.0,8,3916.0,3921.0,2,3906.0,3909.0,3924.0,3890.0,325.0,12722350.0,22310
2023-05-09 21:22:43,hc2306,hc2306,3919.0,0.0,0.0,0.0,8,3916.0,3921.0,2,3906.0,3909.0,3924.0,3890.0,325.0,12722350.0,22310
2023-05-09 21:22:45,hc2306,hc2306,3919.0,0.0,0.0,0.0,8,3916.0,3925.0,1,3906.0,3909.0,3924.0,3890.0,325.0,12722350.0,22310
2023-05-09 21:22:46,hc2306,hc2306,3919.0,0.0,0.0,0.0,8,3916.0,3922.0,2,3906.0,3909.0,3924.0,3890.0,325.0,12722350.0,22310
2023-05-09 21:22:46,hc2306,hc2306,3919.0,0.0,0.0,0.0,8,3916.0,3922.0,2,3906.0,3909.0,3924.0,3890.0,325.0,12722350.0,22310
2023-05-09 21:22:51,hc2306,hc2306,3919.0,0.0,0.0,0.0,8,3916.0,3922.0,2,3906.0,3909.0,3924.0,3890.0,325.0,12722350.0,22310
2023-05-09 21:22:55,hc2306,hc2306,3919.0,0.0,0.0,0.0,2,3917.0,3922.0,2,3906.0,3909.0,3924.0,3890.0,325.0,12722350.0,22310
2023-05-09 21:22:56,hc2306,hc2306,3919.0,0.0,0.0,0.0,2,3918.0,3922.0,2,3906.0,3909.0,3924.0,3890.0,325.0,12722350.0,22310
2023-05-09 21:22:58,hc2306,hc2306,3919.0,0.0,0.0,0.0,2,3918.0,3922.0,2,3906.0,3909.0,3924.0,3890.0,325.0,12722350.0,22310
2023-05-09 21:22:59,hc2306,hc2306,3915.0,30.0,1174680.0,30.0,44,3915.0,3922.0,2,3906.0,3909.0,3924.0,3890.0,355.0,13897030.0,22340
2023-05-09 21:22:59,hc2306,hc2306,3915.0,0.0,0.0,0.0,44,3915.0,3920.0,2,3906.0,3909.0,3924.0,3890.0,355.0,13897030.0,22340
2023-05-09 21:23:00,hc2306,hc2306,3920.0,2.0,78400.0,-2.0,44,3915.0,3922.0,2,3906.0,3909.0,3924.0,3890.0,357.0,13975430.0,22338
2023-05-09 21:23:00,hc2306,hc2306,3920.0,0.0,0.0,0.0,2,3916.0,3922.0,2,3906.0,3909.0,3924.0,3890.0,357.0,13975430.0,22338
2023-05-09 21:23:02,hc2306,hc2306,3920.0,0.0,0.0,0.0,2,3916.0,3921.0,20,3906.0,3909.0,3924.0,3890.0,357.0,13975430.0,22338
2023-05-09 21:23:03,hc2306,hc2306,3920.0,0.0,0.0,0.0,2,3916.0,3920.0,28,3906.0,3909.0,3924.0,3890.0,357.0,13975430.0,22338
2023-05-09 21:23:03,hc2306,hc2306,3920.0,28.0,1097600.0,-28.0,2,3916.0,3922.0,2,3906.0,3909.0,3924.0,3890.0,385.0,15073030.0,22310
2023-05-09 21:23:08,hc2306,hc2306,3920.0,0.0,0.0,0.0,71,3916.0,3922.0,2,3906.0,3909.0,3924.0,3890.0,385.0,15073030.0,22310
2023-05-09 21:23:09,hc2306,hc2306,3920.0,0.0,0.0,0.0,2,3917.0,3922.0,2,3906.0,3909.0,3924.0,3890.0,385.0,15073030.0,22310
2023-05-09 21:23:09,hc2306,hc2306,3920.0,0.0,0.0,0.0,2,3918.0,3922.0,2,3906.0,3909.0,3924.0,3890.0,385.0,15073030.0,22310
2023-05-09 21:23:10,hc2306,hc2306,3920.0,0.0,0.0,0.0,2,3919.0,3922.0,2,3906.0,3909.0,3924.0,3890.0,385.0,15073030.0,22310
2023-05-09 21:23:12,hc2306,hc2306,3919.0,2.0,78380.0,2.0,2,3918.0,3922.0,2,3906.0,3909.0,3924.0,3890.0,387.0,15151410.0,22312
2023-05-09 21:23:13,hc2306,hc2306,3919.0,0.0,0.0,0.0,2,3918.0,3922.0,2,3906.0,3909.0,3924.0,3890.0,387.0,15151410.0,22312
2023-05-09 21:23:14,hc2306,hc2306,3919.0,0.0,0.0,0.0,2,3918.0,3922.0,12,3906.0,3909.0,3924.0,3890.0,387.0,15151410.0,22312
2023-05-09 21:23:14,hc2306,hc2306,3919.0,0.0,0.0,0.0,2,3918.0,3921.0,2,3906.0,3909.0,3924.0,3890.0,387.0,15151410.0,22312
2023-05-09 21:23:16,hc2306,hc2306,3919.0,0.0,0.0,0.0,2,3918.0,3920.0,2,3906.0,3909.0,3924.0,3890.0,387.0,15151410.0,22312
2023-05-09 21:23:17,hc2306,hc2306,3919.0,0.0,0.0,0.0,9,3916.0,3922.0,12,3906.0,3909.0,3924.0,3890.0,387.0,15151410.0,22312
2023-05-09 21:23:18,hc2306,hc2306,3919.0,0.0,0.0,0.0,9,3916.0,3919.0,2,3906.0,3909.0,3924.0,3890.0,387.0,15151410.0,22312
2023-05-09 21:23:20,hc2306,hc2306,3919.0,0.0,0.0,0.0,9,3916.0,3918.0,2,3906.0,3909.0,3924.0,3890.0,387.0,15151410.0,22312
2023-05-09 21:23:20,hc2306,hc2306,3918.0,2.0,78360.0,-2.0,9,3916.0,3922.0,12,3906.0,3909.0,3924.0,3890.0,389.0,15229770.0,22310
2023-05-09 21:23:21,hc2306,hc2306,3918.0,0.0,0.0,0.0,9,3916.0,3922.0,12,3906.0,3909.0,3924.0,3890.0,389.0,15229770.0,22310
2023-05-09 21:23:22,hc2306,hc2306,3918.0,0.0,0.0,0.0,9,3916.0,3922.0,12,3906.0,3909.0,3924.0,3890.0,389.0,15229770.0,22310
2023-05-09 21:23:25,hc2306,hc2306,3918.0,0.0,0.0,0.0,9,3916.0,3922.0,12,3906.0,3909.0,3924.0,3890.0,389.0,15229770.0,22310
2023-05-09 21:23:26,hc2306,hc2306,3918.0,0.0,0.0,0.0,9,3916.0,3922.0,12,3906.0,3909.0,3924.0,3890.0,389.0,15229770.0,22310
2023-05-09 21:23:26,hc2306,hc2306,3918.0,0.0,0.0,0.0,9,3916.0,3922.0,12,3906.0,3909.0,3924.0,3890.0,389.0,15229770.0,22310
2023-05-09 21:23:27,hc2306,hc2306,3918.0,0.0,0.0,0.0,2,3917.0,3922.0,12,3906.0,3909.0,3924.0,3890.0,389.0,15229770.0,22310
2023-05-09 21:23:31,hc2306,hc2306,3918.0,0.0,0.0,0.0,2,3917.0,3922.0,12,3906.0,3909.0,3924.0,3890.0,389.0,15229770.0,22310
2023-05-09 21:23:31,hc2306,hc2306,3918.0,0.0,0.0,0.0,2,3917.0,3922.0,12,3906.0,3909.0,3924.0,3890.0,389.0,15229770.0,22310
2023-05-09 21:23:32,hc2306,hc2306,3918.0,0.0,0.0,0.0,2,3917.0,3922.0,12,3906.0,3909.0,3924.0,3890.0,389.0,15229770.0,22310
2023-05-09 21:23:35,hc2306,hc2306,3918.0,0.0,0.0,0.0,2,3917.0,3922.0,12,3906.0,3909.0,3924.0,3890.0,389.0,15229770.0,22310
2023-05-09 21:23:44,hc2306,hc2306,3918.0,0.0,0.0,0.0,9,3916.0,3922.0,12,3906.0,3909.0,3924.0,3890.0,389.0,15229770.0,22310
2023-05-09 21:23:44,hc2306,hc2306,3918.0,0.0,0.0,0.0,69,3916.0,3922.0,12,3906.0,3909.0,3924.0,3890.0,389.0,15229770.0,22310
2023-05-09 21:23:47,hc2306,hc2306,3918.0,0.0,0.0,0.0,2,3917.0,3922.0,12,3906.0,3909.0,3924.0,3890.0,389.0,15229770.0,22310
2023-05-09 21:23:49,hc2306,hc2306,3918.0,0.0,0.0,0.0,2,3917.0,3920.0,2,3906.0,3909.0,3924.0,3890.0,389.0,15229770.0,22310
2023-05-09 21:23:50,hc2306,hc2306,3918.0,0.0,0.0,0.0,2,3917.0,3919.0,2,3906.0,3909.0,3924.0,3890.0,389.0,15229770.0,22310
2023-05-09 21:23:50,hc2306,hc2306,3919.0,2.0,78380.0,0.0,9,3916.0,3922.0,12,3906.0,3909.0,3924.0,3890.0,391.0,15308150.0,22310
2023-05-09 21:23:51,hc2306,hc2306,3919.0,0.0,0.0,0.0,1,3917.0,3922.0,12,3906.0,3909.0,3924.0,3890.0,391.0,15308150.0,22310
2023-05-09 21:23:52,hc2306,hc2306,3919.0,0.0,0.0,0.0,10,3916.0,3922.0,12,3906.0,3909.0,3924.0,3890.0,391.0,15308150.0,22310
2023-05-09 21:23:53,hc2306,hc2306,3919.0,0.0,0.0,0.0,2,3918.0,3922.0,12,3906.0,3909.0,3924.0,3890.0,391.0,15308150.0,22310
2023-05-09 21:23:55,hc2306,hc2306,3918.0,1.0,39180.0,0.0,1,3918.0,3922.0,12,3906.0,3909.0,3924.0,3890.0,392.0,15347330.0,22310
2023-05-09 21:23:56,hc2306,hc2306,3918.0,0.0,0.0,0.0,1,3918.0,3922.0,12,3906.0,3909.0,3924.0,3890.0,392.0,15347330.0,22310
2023-05-09 21:23:58,hc2306,hc2306,3918.0,0.0,0.0,0.0,1,3918.0,3922.0,12,3906.0,3909.0,3924.0,3890.0,392.0,15347330.0,22310
2023-05-09 21:24:03,hc2306,hc2306,3918.0,1.0,39180.0,0.0,11,3916.0,3922.0,12,3906.0,3909.0,3924.0,3890.0,393.0,15386510.0,22310
2023-05-09 21:24:07,hc2306,hc2306,3918.0,0.0,0.0,0.0,8,3917.0,3922.0,12,3906.0,3909.0,3924.0,3890.0,393.0,15386510.0,22310
2023-05-09 21:24:12,hc2306,hc2306,3918.0,0.0,0.0,0.0,8,3917.0,3920.0,2,3906.0,3909.0,3924.0,3890.0,393.0,15386510.0,22310
2023-05-09 21:24:12,hc2306,hc2306,3918.0,0.0,0.0,0.0,8,3917.0,3920.0,2,3906.0,3909.0,3924.0,3890.0,393.0,15386510.0,22310
2023-05-09 21:24:18,hc2306,hc2306,3918.0,0.0,0.0,0.0,8,3917.0,3920.0,2,3906.0,3909.0,3924.0,3890.0,393.0,15386510.0,22310
2023-05-09 21:24:20,hc2306,hc2306,3918.0,0.0,0.0,0.0,8,3917.0,3920.0,2,3906.0,3909.0,3924.0,3890.0,393.0,15386510.0,22310
2023-05-09 21:24:45,hc2306,hc2306,3918.0,0.0,0.0,0.0,8,3917.0,3920.0,2,3906.0,3909.0,3924.0,3890.0,393.0,15386510.0,22310
2023-05-09 21:24:46,hc2306,hc2306,3918.0,0.0,0.0,0.0,8,3917.0,3920.0,2,3906.0,3909.0,3924.0,3890.0,393.0,15386510.0,22310
2023-05-09 21:24:47,hc2306,hc2306,3918.0,0.0,0.0,0.0,9,3916.0,3922.0,2,3906.0,3909.0,3924.0,3890.0,393.0,15386510.0,22310
2023-05-09 21:24:48,hc2306,hc2306,3918.0,0.0,0.0,0.0,9,3916.0,3921.0,1,3906.0,3909.0,3924.0,3890.0,393.0,15386510.0,22310
2023-05-09 21:24:49,hc2306,hc2306,3918.0,0.0,0.0,0.0,9,3916.0,3921.0,2,3906.0,3909.0,3924.0,3890.0,393.0,15386510.0,22310
2023-05-09 21:24:49,hc2306,hc2306,3918.0,0.0,0.0,0.0,9,3916.0,3920.0,1,3906.0,3909.0,3924.0,3890.0,393.0,15386510.0,22310
2023-05-09 21:24:50,hc2306,hc2306,3918.0,0.0,0.0,0.0,9,3916.0,3919.0,1,3906.0,3909.0,3924.0,3890.0,393.0,15386510.0,22310
2023-05-09 21:24:51,hc2306,hc2306,3918.0,0.0,0.0,0.0,32,3914.0,3919.0,1,3906.0,3909.0,3924.0,3890.0,393.0,15386510.0,22310
2023-05-09 21:24:52,hc2306,hc2306,3918.0,0.0,0.0,0.0,2,3914.0,3919.0,1,3906.0,3909.0,3924.0,3890.0,393.0,15386510.0,22310
2023-05-09 21:24:52,hc2306,hc2306,3918.0,0.0,0.0,0.0,2,3914.0,3918.0,1,3906.0,3909.0,3924.0,3890.0,393.0,15386510.0,22310
2023-05-09 21:24:53,hc2306,hc2306,3918.0,0.0,0.0,0.0,2,3914.0,3918.0,1,3906.0,3909.0,3924.0,3890.0,393.0,15386510.0,22310
2023-05-09 21:24:56,hc2306,hc2306,3918.0,0.0,0.0,0.0,2,3914.0,3918.0,1,3906.0,3909.0,3924.0,3890.0,393.0,15386510.0,22310
2023-05-09 21:24:59,hc2306,hc2306,3918.0,0.0,0.0,0.0,2,3914.0,3918.0,1,3906.0,3909.0,3924.0,3890.0,393.0,15386510.0,22310
2023-05-09 21:24:59,hc2306,hc2306,3918.0,0.0,0.0,0.0,2,3914.0,3918.0,1,3906.0,3909.0,3924.0,3890.0,393.0,15386510.0,22310
2023-05-09 21:25:02,hc2306,hc2306,3918.0,0.0,0.0,0.0,2,3914.0,3918.0,1,3906.0,3909.0,3924.0,3890.0,393.0,15386510.0,22310
2023-05-09 21:25:03,hc2306,hc2306,3918.0,0.0,0.0,0.0,2,3914.0,3918.0,1,3906.0,3909.0,3924.0,3890.0,393.0,15386510.0,22310
2023-05-09 21:25:06,hc2306,hc2306,3914.0,1.0,39140.0,1.0,1,3914.0,3918.0,1,3906.0,3909.0,3924.0,3890.0,394.0,15425650.0,22311
2023-05-09 21:25:06,hc2306,hc2306,3914.0,0.0,0.0,0.0,1,3914.0,3918.0,2,3906.0,3909.0,3924.0,3890.0,394.0,15425650.0,22311
2023-05-09 21:25:07,hc2306,hc2306,3913.0,3.0,117400.0,3.0,28,3913.0,3918.0,2,3906.0,3909.0,3924.0,3890.0,397.0,15543050.0,22314
2023-05-09 21:25:08,hc2306,hc2306,3913.0,3.0,117390.0,3.0,25,3913.0,3917.0,5,3906.0,3909.0,3924.0,3890.0,400.0,15660440.0,22317
2023-05-09 21:25:08,hc2306,hc2306,3913.0,8.0,313240.0,-2.0,1,3914.0,3918.0,3,3906.0,3909.0,3924.0,3890.0,408.0,15973680.0,22315
2023-05-09 21:25:09,hc2306,hc2306,3913.0,3.0,117390.0,3.0,20,3913.0,3918.0,3,3906.0,3909.0,3924.0,3890.0,411.0,16091070.0,22318
2023-05-09 21:25:09,hc2306,hc2306,3913.0,3.0,117390.0,3.0,5,3906.0,3918.0,2,3906.0,3909.0,3924.0,3890.0,414.0,16208460.0,22321
2023-05-09 21:25:10,hc2306,hc2306,3913.0,0.0,0.0,0.0,2,3900.0,3917.0,8,3906.0,3909.0,3924.0,3890.0,414.0,16208460.0,22321
2023-05-09 21:25:10,hc2306,hc2306,3917.0,8.0,313360.0,-8.0,2,3901.0,3918.0,2,3906.0,3909.0,3924.0,3890.0,422.0,16521820.0,22313
2023-05-09 21:25:11,hc2306,hc2306,3917.0,0.0,0.0,0.0,2,3902.0,3915.0,1,3906.0,3909.0,3924.0,3890.0,422.0,16521820.0,22313
2023-05-09 21:25:11,hc2306,hc2306,3915.0,1.0,39150.0,0.0,2,3903.0,3918.0,2,3906.0,3909.0,3924.0,3890.0,423.0,16560970.0,22313
2023-05-09 21:25:12,hc2306,hc2306,3915.0,0.0,0.0,0.0,2,3903.0,3918.0,2,3906.0,3909.0,3924.0,3890.0,423.0,16560970.0,22313
2023-05-09 21:25:12,hc2306,hc2306,3915.0,0.0,0.0,0.0,2,3903.0,3918.0,2,3906.0,3909.0,3924.0,3890.0,423.0,16560970.0,22313
2023-05-09 21:25:13,hc2306,hc2306,3915.0,0.0,0.0,0.0,30,3904.0,3918.0,2,3906.0,3909.0,3924.0,3890.0,423.0,16560970.0,22313
2023-05-09 21:25:14,hc2306,hc2306,3915.0,0.0,0.0,0.0,30,3907.0,3918.0,2,3906.0,3909.0,3924.0,3890.0,423.0,16560970.0,22313
2023-05-09 21:25:15,hc2306,hc2306,3915.0,0.0,0.0,0.0,30,3911.0,3918.0,2,3906.0,3909.0,3924.0,3890.0,423.0,16560970.0,22313
2023-05-09 21:25:17,hc2306,hc2306,3915.0,0.0,0.0,0.0,30,3911.0,3918.0,2,3906.0,3909.0,3924.0,3890.0,423.0,16560970.0,22313
2023-05-09 21:25:24,hc2306,hc2306,3915.0,0.0,0.0,0.0,30,3911.0,3918.0,12,3906.0,3909.0,3924.0,3890.0,423.0,16560970.0,22313
2023-05-09 21:25:25,hc2306,hc2306,3915.0,0.0,0.0,0.0,30,3911.0,3918.0,12,3906.0,3909.0,3924.0,3890.0,423.0,16560970.0,22313
2023-05-09 21:25:29,hc2306,hc2306,3911.0,3.0,117330.0,3.0,27,3911.0,3918.0,12,3906.0,3909.0,3924.0,3890.0,426.0,16678300.0,22316
2023-05-09 21:25:29,hc2306,hc2306,3911.0,3.0,117330.0,3.0,24,3911.0,3918.0,12,3906.0,3909.0,3924.0,3890.0,429.0,16795630.0,22319
2023-05-09 21:25:30,hc2306,hc2306,3911.0,3.0,117330.0,3.0,21,3911.0,3918.0,12,3906.0,3909.0,3924.0,3890.0,432.0,16912960.0,22322
2023-05-09 21:25:30,hc2306,hc2306,3911.0,3.0,117330.0,3.0,18,3911.0,3918.0,12,3906.0,3909.0,3924.0,3890.0,435.0,17030290.0,22325
2023-05-09 21:25:31,hc2306,hc2306,3911.0,3.0,117330.0,3.0,15,3911.0,3917.0,12,3906.0,3909.0,3924.0,3890.0,438.0,17147620.0,22328
2023-05-09 21:25:31,hc2306,hc2306,3911.0,3.0,117330.0,3.0,12,3911.0,3917.0,12,3906.0,3909.0,3924.0,3890.0,441.0,17264950.0,22331
2023-05-09 21:25:32,hc2306,hc2306,3911.0,3.0,117330.0,3.0,9,3911.0,3915.0,2,3906.0,3909.0,3924.0,3890.0,444.0,17382280.0,22334
2023-05-09 21:25:32,hc2306,hc2306,3911.0,5.0,195630.0,1.0,6,3911.0,3917.0,12,3906.0,3909.0,3924.0,3890.0,449.0,17577910.0,22335
2023-05-09 21:25:33,hc2306,hc2306,3911.0,3.0,117330.0,3.0,1,3911.0,3918.0,10,3906.0,3909.0,3924.0,3890.0,452.0,17695240.0,22338
2023-05-09 21:25:33,hc2306,hc2306,3907.0,3.0,117250.0,3.0,37,3907.0,3915.0,1,3906.0,3909.0,3924.0,3890.0,455.0,17812490.0,22341
2023-05-09 21:25:34,hc2306,hc2306,3907.0,4.0,156360.0,2.0,34,3907.0,3915.0,1,3906.0,3909.0,3924.0,3890.0,459.0,17968850.0,22343
2023-05-09 21:25:34,hc2306,hc2306,3907.0,4.0,156410.0,2.0,32,3907.0,3914.0,7,3906.0,3909.0,3924.0,3890.0,463.0,18125260.0,22345
2023-05-09 21:25:35,hc2306,hc2306,3907.0,10.0,391230.0,-4.0,30,3907.0,3915.0,27,3906.0,3909.0,3924.0,3890.0,473.0,18516490.0,22341
2023-05-09 21:25:35,hc2306,hc2306,3907.0,10.0,391260.0,-4.0,27,3907.0,3914.0,5,3906.0,3909.0,3924.0,3890.0,483.0,18907750.0,22337
2023-05-09 21:25:36,hc2306,hc2306,3907.0,3.0,117210.0,3.0,25,3907.0,3914.0,5,3906.0,3909.0,3924.0,3890.0,486.0,19024960.0,22340
2023-05-09 21:25:36,hc2306,hc2306,3907.0,3.0,117210.0,3.0,22,3907.0,3914.0,5,3906.0,3909.0,3924.0,3890.0,489.0,19142170.0,22343
2023-05-09 21:25:37,hc2306,hc2306,3907.0,3.0,117210.0,3.0,19,3907.0,3913.0,20,3906.0,3909.0,3924.0,3890.0,492.0,19259380.0,22346
2023-05-09 21:25:37,hc2306,hc2306,3907.0,3.0,117210.0,3.0,16,3907.0,3913.0,20,3906.0,3909.0,3924.0,3890.0,495.0,19376590.0,22349
2023-05-09 21:25:38,hc2306,hc2306,3907.0,3.0,117210.0,3.0,13,3907.0,3912.0,17,3906.0,3909.0,3924.0,3890.0,498.0,19493800.0,22352
2023-05-09 21:25:38,hc2306,hc2306,3907.0,3.0,117210.0,3.0,10,3907.0,3912.0,17,3906.0,3909.0,3924.0,3890.0,501.0,19611010.0,22355
2023-05-09 21:25:39,hc2306,hc2306,3907.0,3.0,117210.0,3.0,7,3907.0,3912.0,17,3906.0,3909.0,3924.0,3890.0,504.0,19728220.0,22358
2023-05-09 21:25:39,hc2306,hc2306,3907.0,3.0,117210.0,3.0,4,3907.0,3911.0,43,3906.0,3909.0,3924.0,3890.0,507.0,19845430.0,22361
2023-05-09 21:25:40,hc2306,hc2306,3907.0,3.0,117210.0,3.0,1,3907.0,3911.0,43,3906.0,3909.0,3924.0,3890.0,510.0,19962640.0,22364
2023-05-09 21:25:40,hc2306,hc2306,3903.0,5.0,195350.0,-1.0,1,3902.0,3911.0,41,3906.0,3909.0,3924.0,3890.0,515.0,20157990.0,22363
2023-05-09 21:25:41,hc2306,hc2306,3903.0,0.0,0.0,0.0,3,3902.0,3911.0,41,3906.0,3909.0,3924.0,3890.0,515.0,20157990.0,22363
2023-05-09 21:25:41,hc2306,hc2306,3903.0,0.0,0.0,0.0,3,3902.0,3910.0,23,3906.0,3909.0,3924.0,3890.0,515.0,20157990.0,22363
2023-05-09 21:25:42,hc2306,hc2306,3903.0,0.0,0.0,0.0,3,3902.0,3910.0,23,3906.0,3909.0,3924.0,3890.0,515.0,20157990.0,22363
2023-05-09 21:25:43,hc2306,hc2306,3903.0,0.0,0.0,0.0,2,3903.0,3910.0,23,3906.0,3909.0,3924.0,3890.0,515.0,20157990.0,22363
2023-05-09 21:25:43,hc2306,hc2306,3903.0,0.0,0.0,0.0,3,3903.0,3910.0,23,3906.0,3909.0,3924.0,3890.0,515.0,20157990.0,22363
2023-05-09 21:25:44,hc2306,hc2306,3903.0,0.0,0.0,0.0,3,3903.0,3908.0,9,3906.0,3909.0,3924.0,3890.0,515.0,20157990.0,22363
2023-05-09 21:25:44,hc2306,hc2306,3908.0,1.0,39080.0,0.0,3,3903.0,3908.0,8,3906.0,3909.0,3924.0,3890.0,516.0,20197070.0,22363
2023-05-09 21:25:45,hc2306,hc2306,3908.0,0.0,0.0,0.0,3,3903.0,3907.0,23,3906.0,3909.0,3924.0,3890.0,516.0,20197070.0,22363
2023-05-09 21:25:46,hc2306,hc2306,3908.0,0.0,0.0,0.0,3,3903.0,3906.0,23,3906.0,3909.0,3924.0,3890.0,516.0,20197070.0,22363
2023-05-09 21:25:46,hc2306,hc2306,3906.0,7.0,273420.0,-1.0,3,3903.0,3908.0,8,3906.0,3909.0,3924.0,3890.0,523.0,20470490.0,22362
2023-05-09 21:25:47,hc2306,hc2306,3906.0,0.0,0.0,0.0,3,3903.0,3907.0,16,3906.0,3909.0,3924.0,3890.0,523.0,20470490.0,22362
2023-05-09 21:25:48,hc2306,hc2306,3907.0,16.0,625120.0,-16.0,3,3903.0,3908.0,8,3906.0,3909.0,3924.0,3890.0,539.0,21095610.0,22346
2023-05-09 21:25:48,hc2306,hc2306,3908.0,8.0,312640.0,-8.0,3,3903.0,3909.0,18,3906.0,3909.0,3924.0,3890.0,547.0,21408250.0,22338
2023-05-09 21:25:50,hc2306,hc2306,3908.0,0.0,0.0,0.0,3,3903.0,3915.0,2,3906.0,3909.0,3924.0,3890.0,547.0,21408250.0,22338
2023-05-09 21:25:51,hc2306,hc2306,3908.0,0.0,0.0,0.0,3,3903.0,3914.0,2,3906.0,3909.0,3924.0,3890.0,547.0,21408250.0,22338
2023-05-09 21:25:52,hc2306,hc2306,3908.0,0.0,0.0,0.0,1,3904.0,3914.0,2,3906.0,3909.0,3924.0,3890.0,547.0,21408250.0,22338
2023-05-09 21:25:53,hc2306,hc2306,3908.0,0.0,0.0,0.0,1,3904.0,3910.0,18,3906.0,3909.0,3924.0,3890.0,547.0,21408250.0,22338
2023-05-09 21:25:55,hc2306,hc2306,3908.0,0.0,0.0,0.0,3,3903.0,3910.0,18,3906.0,3909.0,3924.0,3890.0,547.0,21408250.0,22338
2023-05-09 21:25:57,hc2306,hc2306,3908.0,0.0,0.0,0.0,2,3904.0,3910.0,18,3906.0,3909.0,3924.0,3890.0,547.0,21408250.0,22338
2023-05-09 21:25:58,hc2306,hc2306,3910.0,18.0,703800.0,-18.0,1,3903.0,3914.0,2,3906.0,3909.0,3924.0,3890.0,565.0,22112050.0,22320
2023-05-09 21:25:58,hc2306,hc2306,3910.0,0.0,0.0,0.0,2,3904.0,3914.0,3,3906.0,3909.0,3924.0,3890.0,565.0,22112050.0,22320
2023-05-09 21:25:59,hc2306,hc2306,3910.0,0.0,0.0,0.0,1,3903.0,3914.0,3,3906.0,3909.0,3924.0,3890.0,565.0,22112050.0,22320
2023-05-09 21:26:00,hc2306,hc2306,3910.0,0.0,0.0,0.0,24,3904.0,3914.0,3,3906.0,3909.0,3924.0,3890.0,565.0,22112050.0,22320
2023-05-09 21:26:01,hc2306,hc2306,3910.0,0.0,0.0,0.0,31,3905.0,3914.0,3,3906.0,3909.0,3924.0,3890.0,565.0,22112050.0,22320
2023-05-09 21:26:02,hc2306,hc2306,3910.0,0.0,0.0,0.0,18,3906.0,3914.0,3,3906.0,3909.0,3924.0,3890.0,565.0,22112050.0,22320
2023-05-09 21:26:06,hc2306,hc2306,3910.0,0.0,0.0,0.0,18,3906.0,3914.0,3,3906.0,3909.0,3924.0,3890.0,565.0,22112050.0,22320
2023-05-09 21:26:07,hc2306,hc2306,3910.0,0.0,0.0,0.0,30,3907.0,3914.0,3,3906.0,3909.0,3924.0,3890.0,565.0,22112050.0,22320
2023-05-09 21:26:07,hc2306,hc2306,3910.0,0.0,0.0,0.0,30,3907.0,3914.0,4,3906.0,3909.0,3924.0,3890.0,565.0,22112050.0,22320
2023-05-09 21:26:08,hc2306,hc2306,3910.0,0.0,0.0,0.0,30,3907.0,3914.0,4,3906.0,3909.0,3924.0,3890.0,565.0,22112050.0,22320
2023-05-09 21:26:09,hc2306,hc2306,3910.0,0.0,0.0,0.0,18,3908.0,3914.0,4,3906.0,3909.0,3924.0,3890.0,565.0,22112050.0,22320
2023-05-09 21:26:11,hc2306,hc2306,3914.0,4.0,156560.0,-2.0,18,3908.0,3917.0,1,3906.0,3909.0,3924.0,3890.0,569.0,22268610.0,22318
2023-05-09 21:26:11,hc2306,hc2306,3914.0,0.0,0.0,0.0,1,3910.0,3917.0,1,3906.0,3909.0,3924.0,3890.0,569.0,22268610.0,22318
2023-05-09 21:26:12,hc2306,hc2306,3908.0,3.0,117270.0,3.0,17,3908.0,3916.0,1,3906.0,3909.0,3924.0,3890.0,572.0,22385880.0,22321
2023-05-09 21:26:12,hc2306,hc2306,3908.0,0.0,0.0,0.0,17,3908.0,3913.0,2,3906.0,3909.0,3924.0,3890.0,572.0,22385880.0,22321
2023-05-09 21:26:13,hc2306,hc2306,3913.0,2.0,78260.0,-2.0,30,3907.0,3916.0,1,3906.0,3909.0,3924.0,3890.0,574.0,22464140.0,22319
2023-05-09 21:26:13,hc2306,hc2306,3913.0,0.0,0.0,0.0,1,3910.0,3916.0,1,3906.0,3909.0,3924.0,3890.0,574.0,22464140.0,22319
2023-05-09 21:26:14,hc2306,hc2306,3907.0,3.0,117260.0,3.0,29,3907.0,3916.0,1,3906.0,3909.0,3924.0,3890.0,577.0,22581400.0,22322
2023-05-09 21:26:14,hc2306,hc2306,3907.0,0.0,0.0,0.0,29,3907.0,3913.0,2,3906.0,3909.0,3924.0,3890.0,577.0,22581400.0,22322
2023-05-09 21:26:15,hc2306,hc2306,3913.0,2.0,78260.0,-2.0,29,3907.0,3916.0,1,3906.0,3909.0,3924.0,3890.0,579.0,22659660.0,22320
2023-05-09 21:26:15,hc2306,hc2306,3913.0,0.0,0.0,0.0,2,3910.0,3916.0,1,3906.0,3909.0,3924.0,3890.0,579.0,22659660.0,22320
2023-05-09 21:26:16,hc2306,hc2306,3907.0,3.0,117270.0,3.0,28,3907.0,3912.0,1,3906.0,3909.0,3924.0,3890.0,582.0,22776930.0,22323
2023-05-09 21:26:16,hc2306,hc2306,3912.0,1.0,39120.0,-1.0,28,3907.0,3913.0,2,3906.0,3909.0,3924.0,3890.0,583.0,22816050.0,22322
2023-05-09 21:26:17,hc2306,hc2306,3913.0,2.0,78260.0,-2.0,28,3907.0,3916.0,1,3906.0,3909.0,3924.0,3890.0,585.0,22894310.0,22320
2023-05-09 21:26:17,hc2306,hc2306,3913.0,0.0,0.0,0.0,2,3910.0,3916.0,1,3906.0,3909.0,3924.0,3890.0,585.0,22894310.0,22320
2023-05-09 21:26:18,hc2306,hc2306,3908.0,3.0,117280.0,3.0,24,3908.0,3916.0,1,3906.0,3909.0,3924.0,3890.0,588.0,23011590.0,22323
2023-05-09 21:26:18,hc2306,hc2306,3908.0,0.0,0.0,0.0,24,3908.0,3913.0,2,3906.0,3909.0,3924.0,3890.0,588.0,23011590.0,22323
2023-05-09 21:26:19,hc2306,hc2306,3913.0,2.0,78260.0,-2.0,24,3908.0,3916.0,1,3906.0,3909.0,3924.0,3890.0,590.0,23089850.0,22321
2023-05-09 21:26:19,hc2306,hc2306,3913.0,0.0,0.0,0.0,2,3910.0,3916.0,1,3906.0,3909.0,3924.0,3890.0,590.0,23089850.0,22321
2023-05-09 21:26:20,hc2306,hc2306,3908.0,3.0,117280.0,3.0,23,3908.0,3916.0,1,3906.0,3909.0,3924.0,3890.0,593.0,23207130.0,22324
2023-05-09 21:26:20,hc2306,hc2306,3908.0,0.0,0.0,0.0,23,3908.0,3913.0,1,3906.0,3909.0,3924.0,3890.0,593.0,23207130.0,22324
2023-05-09 21:26:21,hc2306,hc2306,3913.0,1.0,39130.0,-1.0,23,3908.0,3914.0,1,3906.0,3909.0,3924.0,3890.0,594.0,23246260.0,22323
2023-05-09 21:26:21,hc2306,hc2306,3914.0,1.0,39140.0,-1.0,1,3910.0,3916.0,1,3906.0,3909.0,3924.0,3890.0,595.0,23285400.0,22322
2023-05-09 21:26:22,hc2306,hc2306,3908.0,3.0,117280.0,3.0,22,3908.0,3912.0,2,3906.0,3909.0,3924.0,3890.0,598.0,23402680.0,22325
2023-05-09 21:26:22,hc2306,hc2306,3912.0,2.0,78240.0,-2.0,22,3908.0,3914.0,2,3906.0,3909.0,3924.0,3890.0,600.0,23480920.0,22323
2023-05-09 21:26:23,hc2306,hc2306,3914.0,2.0,78280.0,-2.0,22,3908.0,3916.0,1,3906.0,3909.0,3924.0,3890.0,602.0,23559200.0,22321
2023-05-09 21:26:23,hc2306,hc2306,3914.0,0.0,0.0,0.0,2,3910.0,3913.0,3,3906.0,3909.0,3924.0,3890.0,602.0,23559200.0,22321
