time,symbol_id,symbol_name,last,trade_volume,trade_amount,open_interest_change,bv1,bp1,ap1,av1,yesterday_close,today_open,today_high,today_low,volume,amount,open_interest
2023-05-09 20:59:00,hc2312,hc2312,3735.0,0.0,0.0,0.0,4,3651.0,3788.0,1,3735.0,3737.0,0.0,0.0,0.0,0.0,492
2023-05-09 21:00:01,hc2312,hc2312,3735.0,0.0,0.0,0.0,1,3705.0,3762.0,5,3735.0,3737.0,0.0,0.0,0.0,0.0,492
2023-05-09 21:00:01,hc2312,hc2312,3735.0,0.0,0.0,0.0,2,3707.0,3760.0,5,3735.0,3737.0,0.0,0.0,0.0,0.0,492
2023-05-09 21:00:02,hc2312,hc2312,3735.0,0.0,0.0,0.0,1,3693.0,3756.0,1,3735.0,3737.0,0.0,0.0,0.0,0.0,492
2023-05-09 21:00:02,hc2312,hc2312,3735.0,0.0,0.0,0.0,2,3708.0,3755.0,5,3735.0,3737.0,0.0,0.0,0.0,0.0,492
2023-05-09 21:00:03,hc2312,hc2312,3735.0,0.0,0.0,0.0,2,3708.0,3737.0,2,3735.0,3737.0,0.0,0.0,0.0,0.0,492
2023-05-09 21:00:03,hc2312,hc2312,3735.0,0.0,0.0,0.0,2,3708.0,3747.0,1,3735.0,3737.0,0.0,0.0,0.0,0.0,492
2023-05-09 21:00:04,hc2312,hc2312,3735.0,0.0,0.0,0.0,2,3709.0,3739.0,2,3735.0,3737.0,0.0,0.0,0.0,0.0,492
2023-05-09 21:00:04,hc2312,hc2312,3735.0,0.0,0.0,0.0,2,3709.0,3739.0,2,3735.0,3737.0,0.0,0.0,0.0,0.0,492
2023-05-09 21:00:05,hc2312,hc2312,3735.0,0.0,0.0,0.0,9,3710.0,3738.0,11,3735.0,3737.0,0.0,0.0,0.0,0.0,492
2023-05-09 21:00:05,hc2312,hc2312,3735.0,0.0,0.0,0.0,2,3711.0,3738.0,11,3735.0,3737.0,0.0,0.0,0.0,0.0,492
2023-05-09 21:00:06,hc2312,hc2312,3735.0,0.0,0.0,0.0,2,3711.0,3737.0,1,3735.0,3737.0,0.0,0.0,0.0,0.0,492
2023-05-09 21:00:06,hc2312,hc2312,3735.0,0.0,0.0,0.0,2,3711.0,3736.0,1,3735.0,3737.0,0.0,0.0,0.0,0.0,492
2023-05-09 21:00:07,hc2312,hc2312,3735.0,0.0,0.0,0.0,4,3711.0,3735.0,1,3735.0,3737.0,0.0,0.0,0.0,0.0,492
2023-05-09 21:00:07,hc2312,hc2312,3735.0,0.0,0.0,0.0,4,3711.0,3735.0,1,3735.0,3737.0,0.0,0.0,0.0,0.0,492
2023-05-09 21:00:08,hc2312,hc2312,3735.0,0.0,0.0,0.0,4,3711.0,3734.0,1,3735.0,3737.0,0.0,0.0,0.0,0.0,492
2023-05-09 21:00:08,hc2312,hc2312,3735.0,0.0,0.0,0.0,4,3711.0,3733.0,1,3735.0,3737.0,0.0,0.0,0.0,0.0,492
2023-05-09 21:00:09,hc2312,hc2312,3735.0,0.0,0.0,0.0,4,3711.0,3732.0,1,3735.0,3737.0,0.0,0.0,0.0,0.0,492
2023-05-09 21:00:09,hc2312,hc2312,3735.0,0.0,0.0,0.0,4,3711.0,3731.0,1,3735.0,3737.0,0.0,0.0,0.0,0.0,492
2023-05-09 21:00:10,hc2312,hc2312,3735.0,0.0,0.0,0.0,4,3711.0,3730.0,1,3735.0,3737.0,0.0,0.0,0.0,0.0,492
2023-05-09 21:00:10,hc2312,hc2312,3735.0,0.0,0.0,0.0,4,3711.0,3730.0,1,3735.0,3737.0,0.0,0.0,0.0,0.0,492
2023-05-09 21:00:11,hc2312,hc2312,3735.0,0.0,0.0,0.0,4,3711.0,3740.0,1,3735.0,3737.0,0.0,0.0,0.0,0.0,492
2023-05-09 21:00:11,hc2312,hc2312,3735.0,0.0,0.0,0.0,4,3712.0,3739.0,9,3735.0,3737.0,0.0,0.0,0.0,0.0,492
2023-05-09 21:00:12,hc2312,hc2312,3735.0,0.0,0.0,0.0,6,3712.0,3739.0,10,3735.0,3737.0,0.0,0.0,0.0,0.0,492
2023-05-09 21:00:12,hc2312,hc2312,3735.0,0.0,0.0,0.0,2,3713.0,3739.0,10,3735.0,3737.0,0.0,0.0,0.0,0.0,492
2023-05-09 21:00:13,hc2312,hc2312,3735.0,0.0,0.0,0.0,2,3713.0,3738.0,2,3735.0,3737.0,0.0,0.0,0.0,0.0,492
2023-05-09 21:00:13,hc2312,hc2312,3735.0,0.0,0.0,0.0,2,3713.0,3737.0,4,3735.0,3737.0,0.0,0.0,0.0,0.0,492
2023-05-09 21:00:14,hc2312,hc2312,3735.0,0.0,0.0,0.0,2,3713.0,3737.0,9,3735.0,3737.0,0.0,0.0,0.0,0.0,492
2023-05-09 21:00:14,hc2312,hc2312,3735.0,0.0,0.0,0.0,2,3713.0,3737.0,10,3735.0,3737.0,0.0,0.0,0.0,0.0,492
2023-05-09 21:00:15,hc2312,hc2312,3735.0,0.0,0.0,0.0,2,3713.0,3736.0,2,3735.0,3737.0,0.0,0.0,0.0,0.0,492
2023-05-09 21:00:16,hc2312,hc2312,3735.0,0.0,0.0,0.0,2,3713.0,3735.0,1,3735.0,3737.0,0.0,0.0,0.0,0.0,492
2023-05-09 21:00:16,hc2312,hc2312,3735.0,0.0,0.0,0.0,2,3713.0,3734.0,1,3735.0,3737.0,0.0,0.0,0.0,0.0,492
2023-05-09 21:00:17,hc2312,hc2312,3735.0,0.0,0.0,0.0,1,3714.0,3733.0,1,3735.0,3737.0,0.0,0.0,0.0,0.0,492
2023-05-09 21:00:17,hc2312,hc2312,3735.0,0.0,0.0,0.0,1,3714.0,3733.0,1,3735.0,3737.0,0.0,0.0,0.0,0.0,492
2023-05-09 21:00:18,hc2312,hc2312,3735.0,0.0,0.0,0.0,2,3715.0,3732.0,1,3735.0,3737.0,0.0,0.0,0.0,0.0,492
2023-05-09 21:00:18,hc2312,hc2312,3735.0,0.0,0.0,0.0,2,3715.0,3731.0,1,3735.0,3737.0,0.0,0.0,0.0,0.0,492
2023-05-09 21:00:19,hc2312,hc2312,3735.0,0.0,0.0,0.0,2,3715.0,3731.0,1,3735.0,3737.0,0.0,0.0,0.0,0.0,492
2023-05-09 21:00:19,hc2312,hc2312,3735.0,0.0,0.0,0.0,2,3715.0,3730.0,1,3735.0,3737.0,0.0,0.0,0.0,0.0,492
2023-05-09 21:00:20,hc2312,hc2312,3735.0,0.0,0.0,0.0,2,3715.0,3740.0,1,3735.0,3737.0,0.0,0.0,0.0,0.0,492
2023-05-09 21:00:20,hc2312,hc2312,3735.0,0.0,0.0,0.0,2,3715.0,3739.0,18,3735.0,3737.0,0.0,0.0,0.0,0.0,492
2023-05-09 21:00:21,hc2312,hc2312,3735.0,0.0,0.0,0.0,2,3715.0,3739.0,18,3735.0,3737.0,0.0,0.0,0.0,0.0,492
2023-05-09 21:00:23,hc2312,hc2312,3735.0,0.0,0.0,0.0,2,3715.0,3738.0,3,3735.0,3737.0,0.0,0.0,0.0,0.0,492
2023-05-09 21:00:23,hc2312,hc2312,3735.0,0.0,0.0,0.0,2,3715.0,3737.0,1,3735.0,3737.0,0.0,0.0,0.0,0.0,492
2023-05-09 21:00:24,hc2312,hc2312,3735.0,0.0,0.0,0.0,2,3715.0,3736.0,12,3735.0,3737.0,0.0,0.0,0.0,0.0,492
2023-05-09 21:00:24,hc2312,hc2312,3735.0,0.0,0.0,0.0,2,3715.0,3735.0,1,3735.0,3737.0,0.0,0.0,0.0,0.0,492
2023-05-09 21:00:25,hc2312,hc2312,3735.0,0.0,0.0,0.0,2,3715.0,3735.0,2,3735.0,3737.0,0.0,0.0,0.0,0.0,492
2023-05-09 21:00:26,hc2312,hc2312,3735.0,0.0,0.0,0.0,2,3715.0,3735.0,2,3735.0,3737.0,0.0,0.0,0.0,0.0,492
2023-05-09 21:00:27,hc2312,hc2312,3735.0,0.0,0.0,0.0,2,3715.0,3735.0,3,3735.0,3737.0,0.0,0.0,0.0,0.0,492
2023-05-09 21:00:27,hc2312,hc2312,3735.0,0.0,0.0,0.0,2,3715.0,3735.0,3,3735.0,3737.0,0.0,0.0,0.0,0.0,492
2023-05-09 21:00:28,hc2312,hc2312,3735.0,0.0,0.0,0.0,2,3715.0,3735.0,3,3735.0,3737.0,0.0,0.0,0.0,0.0,492
2023-05-09 21:00:33,hc2312,hc2312,3735.0,0.0,0.0,0.0,2,3715.0,3735.0,3,3735.0,3737.0,0.0,0.0,0.0,0.0,492
2023-05-09 21:00:33,hc2312,hc2312,3735.0,0.0,0.0,0.0,2,3715.0,3735.0,3,3735.0,3737.0,0.0,0.0,0.0,0.0,492
2023-05-09 21:00:34,hc2312,hc2312,3735.0,0.0,0.0,0.0,2,3715.0,3735.0,3,3735.0,3737.0,0.0,0.0,0.0,0.0,492
2023-05-09 21:00:35,hc2312,hc2312,3735.0,0.0,0.0,0.0,2,3715.0,3735.0,3,3735.0,3737.0,0.0,0.0,0.0,0.0,492
2023-05-09 21:00:36,hc2312,hc2312,3735.0,0.0,0.0,0.0,2,3715.0,3734.0,9,3735.0,3737.0,0.0,0.0,0.0,0.0,492
2023-05-09 21:00:36,hc2312,hc2312,3735.0,0.0,0.0,0.0,2,3715.0,3733.0,1,3735.0,3737.0,0.0,0.0,0.0,0.0,492
2023-05-09 21:00:37,hc2312,hc2312,3735.0,0.0,0.0,0.0,2,3715.0,3732.0,1,3735.0,3737.0,0.0,0.0,0.0,0.0,492
2023-05-09 21:00:37,hc2312,hc2312,3735.0,0.0,0.0,0.0,2,3715.0,3731.0,1,3735.0,3737.0,0.0,0.0,0.0,0.0,492
2023-05-09 21:00:38,hc2312,hc2312,3735.0,0.0,0.0,0.0,2,3715.0,3730.0,1,3735.0,3737.0,0.0,0.0,0.0,0.0,492
2023-05-09 21:00:38,hc2312,hc2312,3735.0,0.0,0.0,0.0,2,3715.0,3729.0,1,3735.0,3737.0,0.0,0.0,0.0,0.0,492
2023-05-09 21:00:39,hc2312,hc2312,3735.0,0.0,0.0,0.0,2,3715.0,3728.0,1,3735.0,3737.0,0.0,0.0,0.0,0.0,492
2023-05-09 21:00:39,hc2312,hc2312,3735.0,0.0,0.0,0.0,2,3715.0,3727.0,1,3735.0,3737.0,0.0,0.0,0.0,0.0,492
2023-05-09 21:00:40,hc2312,hc2312,3735.0,0.0,0.0,0.0,2,3715.0,3727.0,1,3735.0,3737.0,0.0,0.0,0.0,0.0,492
2023-05-09 21:00:40,hc2312,hc2312,3735.0,0.0,0.0,0.0,2,3715.0,3727.0,1,3735.0,3737.0,0.0,0.0,0.0,0.0,492
2023-05-09 21:00:41,hc2312,hc2312,3735.0,0.0,0.0,0.0,2,3715.0,3740.0,1,3735.0,3737.0,0.0,0.0,0.0,0.0,492
2023-05-09 21:00:41,hc2312,hc2312,3735.0,0.0,0.0,0.0,2,3715.0,3739.0,27,3735.0,3737.0,0.0,0.0,0.0,0.0,492
2023-05-09 21:00:42,hc2312,hc2312,3735.0,0.0,0.0,0.0,2,3715.0,3739.0,27,3735.0,3737.0,0.0,0.0,0.0,0.0,492
2023-05-09 21:00:42,hc2312,hc2312,3735.0,0.0,0.0,0.0,2,3715.0,3739.0,27,3735.0,3737.0,0.0,0.0,0.0,0.0,492
2023-05-09 21:00:43,hc2312,hc2312,3735.0,0.0,0.0,0.0,2,3715.0,3739.0,27,3735.0,3737.0,0.0,0.0,0.0,0.0,492
2023-05-09 21:00:44,hc2312,hc2312,3735.0,0.0,0.0,0.0,2,3715.0,3739.0,29,3735.0,3737.0,0.0,0.0,0.0,0.0,492
2023-05-09 21:00:44,hc2312,hc2312,3735.0,0.0,0.0,0.0,2,3715.0,3739.0,29,3735.0,3737.0,0.0,0.0,0.0,0.0,492
2023-05-09 21:00:45,hc2312,hc2312,3735.0,0.0,0.0,0.0,2,3715.0,3739.0,29,3735.0,3737.0,0.0,0.0,0.0,0.0,492
2023-05-09 21:00:46,hc2312,hc2312,3735.0,0.0,0.0,0.0,2,3715.0,3739.0,29,3735.0,3737.0,0.0,0.0,0.0,0.0,492
2023-05-09 21:00:46,hc2312,hc2312,3735.0,0.0,0.0,0.0,2,3715.0,3739.0,29,3735.0,3737.0,0.0,0.0,0.0,0.0,492
2023-05-09 21:00:47,hc2312,hc2312,3735.0,0.0,0.0,0.0,2,3715.0,3739.0,29,3735.0,3737.0,0.0,0.0,0.0,0.0,492
2023-05-09 21:00:48,hc2312,hc2312,3735.0,0.0,0.0,0.0,2,3715.0,3739.0,29,3735.0,3737.0,0.0,0.0,0.0,0.0,492
2023-05-09 21:00:50,hc2312,hc2312,3735.0,0.0,0.0,0.0,2,3715.0,3738.0,1,3735.0,3737.0,0.0,0.0,0.0,0.0,492
2023-05-09 21:00:51,hc2312,hc2312,3735.0,0.0,0.0,0.0,2,3715.0,3737.0,13,3735.0,3737.0,0.0,0.0,0.0,0.0,492
2023-05-09 21:00:51,hc2312,hc2312,3735.0,0.0,0.0,0.0,2,3715.0,3736.0,4,3735.0,3737.0,0.0,0.0,0.0,0.0,492
2023-05-09 21:00:52,hc2312,hc2312,3735.0,0.0,0.0,0.0,2,3715.0,3735.0,1,3735.0,3737.0,0.0,0.0,0.0,0.0,492
2023-05-09 21:00:52,hc2312,hc2312,3735.0,0.0,0.0,0.0,2,3715.0,3735.0,2,3735.0,3737.0,0.0,0.0,0.0,0.0,492
2023-05-09 21:00:54,hc2312,hc2312,3735.0,0.0,0.0,0.0,2,3715.0,3734.0,13,3735.0,3737.0,0.0,0.0,0.0,0.0,492
2023-05-09 21:00:54,hc2312,hc2312,3735.0,0.0,0.0,0.0,2,3715.0,3733.0,2,3735.0,3737.0,0.0,0.0,0.0,0.0,492
2023-05-09 21:00:55,hc2312,hc2312,3735.0,0.0,0.0,0.0,2,3715.0,3733.0,2,3735.0,3737.0,0.0,0.0,0.0,0.0,492
2023-05-09 21:00:55,hc2312,hc2312,3735.0,0.0,0.0,0.0,2,3715.0,3733.0,2,3735.0,3737.0,0.0,0.0,0.0,0.0,492
2023-05-09 21:00:56,hc2312,hc2312,3735.0,0.0,0.0,0.0,2,3715.0,3733.0,2,3735.0,3737.0,0.0,0.0,0.0,0.0,492
2023-05-09 21:00:56,hc2312,hc2312,3735.0,0.0,0.0,0.0,2,3715.0,3733.0,2,3735.0,3737.0,0.0,0.0,0.0,0.0,492
2023-05-09 21:00:58,hc2312,hc2312,3735.0,0.0,0.0,0.0,2,3715.0,3733.0,3,3735.0,3737.0,0.0,0.0,0.0,0.0,492
2023-05-09 21:00:59,hc2312,hc2312,3735.0,0.0,0.0,0.0,2,3715.0,3732.0,2,3735.0,3737.0,0.0,0.0,0.0,0.0,492
2023-05-09 21:00:59,hc2312,hc2312,3735.0,0.0,0.0,0.0,2,3715.0,3731.0,2,3735.0,3737.0,0.0,0.0,0.0,0.0,492
2023-05-09 21:01:00,hc2312,hc2312,3735.0,0.0,0.0,0.0,1,3714.0,3731.0,2,3735.0,3737.0,0.0,0.0,0.0,0.0,492
2023-05-09 21:01:00,hc2312,hc2312,3735.0,0.0,0.0,0.0,3,3714.0,3731.0,2,3735.0,3737.0,0.0,0.0,0.0,0.0,492
2023-05-09 21:01:01,hc2312,hc2312,3735.0,0.0,0.0,0.0,3,3714.0,3731.0,2,3735.0,3737.0,0.0,0.0,0.0,0.0,492
2023-05-09 21:01:01,hc2312,hc2312,3735.0,0.0,0.0,0.0,3,3714.0,3731.0,2,3735.0,3737.0,0.0,0.0,0.0,0.0,492
2023-05-09 21:01:02,hc2312,hc2312,3735.0,0.0,0.0,0.0,3,3714.0,3731.0,4,3735.0,3737.0,0.0,0.0,0.0,0.0,492
2023-05-09 21:01:03,hc2312,hc2312,3735.0,0.0,0.0,0.0,1,3714.0,3731.0,4,3735.0,3737.0,0.0,0.0,0.0,0.0,492
2023-05-09 21:01:04,hc2312,hc2312,3735.0,0.0,0.0,0.0,3,3714.0,3731.0,4,3735.0,3737.0,0.0,0.0,0.0,0.0,492
2023-05-09 21:01:06,hc2312,hc2312,3735.0,0.0,0.0,0.0,3,3714.0,3731.0,4,3735.0,3737.0,0.0,0.0,0.0,0.0,492
2023-05-09 21:01:06,hc2312,hc2312,3735.0,0.0,0.0,0.0,2,3714.0,3731.0,4,3735.0,3737.0,0.0,0.0,0.0,0.0,492
2023-05-09 21:01:07,hc2312,hc2312,3735.0,0.0,0.0,0.0,1,3707.0,3731.0,4,3735.0,3737.0,0.0,0.0,0.0,0.0,492
2023-05-09 21:01:07,hc2312,hc2312,3735.0,0.0,0.0,0.0,2,3709.0,3731.0,2,3735.0,3737.0,0.0,0.0,0.0,0.0,492
2023-05-09 21:01:08,hc2312,hc2312,3735.0,0.0,0.0,0.0,2,3709.0,3730.0,2,3735.0,3737.0,0.0,0.0,0.0,0.0,492
2023-05-09 21:01:08,hc2312,hc2312,3735.0,0.0,0.0,0.0,2,3709.0,3729.0,2,3735.0,3737.0,0.0,0.0,0.0,0.0,492
2023-05-09 21:01:09,hc2312,hc2312,3735.0,0.0,0.0,0.0,2,3709.0,3729.0,2,3735.0,3737.0,0.0,0.0,0.0,0.0,492
2023-05-09 21:01:09,hc2312,hc2312,3735.0,0.0,0.0,0.0,2,3709.0,3729.0,4,3735.0,3737.0,0.0,0.0,0.0,0.0,492
2023-05-09 21:01:10,hc2312,hc2312,3735.0,0.0,0.0,0.0,2,3709.0,3729.0,4,3735.0,3737.0,0.0,0.0,0.0,0.0,492
2023-05-09 21:01:10,hc2312,hc2312,3735.0,0.0,0.0,0.0,2,3710.0,3729.0,4,3735.0,3737.0,0.0,0.0,0.0,0.0,492
2023-05-09 21:01:11,hc2312,hc2312,3735.0,0.0,0.0,0.0,2,3710.0,3729.0,4,3735.0,3737.0,0.0,0.0,0.0,0.0,492
2023-05-09 21:01:11,hc2312,hc2312,3735.0,0.0,0.0,0.0,1,3711.0,3729.0,4,3735.0,3737.0,0.0,0.0,0.0,0.0,492
2023-05-09 21:01:13,hc2312,hc2312,3735.0,0.0,0.0,0.0,1,3711.0,3729.0,4,3735.0,3737.0,0.0,0.0,0.0,0.0,492
2023-05-09 21:01:13,hc2312,hc2312,3735.0,0.0,0.0,0.0,2,3712.0,3729.0,4,3735.0,3737.0,0.0,0.0,0.0,0.0,492
2023-05-09 21:01:38,hc2312,hc2312,3735.0,0.0,0.0,0.0,2,3712.0,3729.0,4,3735.0,3737.0,0.0,0.0,0.0,0.0,492
2023-05-09 21:01:41,hc2312,hc2312,3735.0,0.0,0.0,0.0,2,3712.0,3728.0,2,3735.0,3737.0,0.0,0.0,0.0,0.0,492
2023-05-09 21:01:42,hc2312,hc2312,3735.0,0.0,0.0,0.0,2,3712.0,3727.0,2,3735.0,3737.0,0.0,0.0,0.0,0.0,492
2023-05-09 21:01:59,hc2312,hc2312,3735.0,0.0,0.0,0.0,2,3712.0,3727.0,2,3735.0,3737.0,0.0,0.0,0.0,0.0,492
2023-05-09 21:02:00,hc2312,hc2312,3735.0,0.0,0.0,0.0,2,3712.0,3727.0,2,3735.0,3737.0,0.0,0.0,0.0,0.0,492
2023-05-09 21:02:06,hc2312,hc2312,3735.0,0.0,0.0,0.0,1,3711.0,3727.0,2,3735.0,3737.0,0.0,0.0,0.0,0.0,492
2023-05-09 21:02:06,hc2312,hc2312,3735.0,0.0,0.0,0.0,2,3712.0,3727.0,2,3735.0,3737.0,0.0,0.0,0.0,0.0,492
2023-05-09 21:02:21,hc2312,hc2312,3735.0,0.0,0.0,0.0,2,3712.0,3727.0,2,3735.0,3737.0,0.0,0.0,0.0,0.0,492
2023-05-09 21:02:25,hc2312,hc2312,3735.0,0.0,0.0,0.0,2,3713.0,3727.0,2,3735.0,3737.0,0.0,0.0,0.0,0.0,492
2023-05-09 21:02:25,hc2312,hc2312,3735.0,0.0,0.0,0.0,2,3713.0,3727.0,2,3735.0,3737.0,0.0,0.0,0.0,0.0,492
2023-05-09 21:02:26,hc2312,hc2312,3735.0,0.0,0.0,0.0,3,3714.0,3727.0,2,3735.0,3737.0,0.0,0.0,0.0,0.0,492
2023-05-09 21:02:28,hc2312,hc2312,3735.0,0.0,0.0,0.0,3,3714.0,3727.0,2,3735.0,3737.0,0.0,0.0,0.0,0.0,492
2023-05-09 21:03:00,hc2312,hc2312,3735.0,0.0,0.0,0.0,3,3714.0,3727.0,2,3735.0,3737.0,0.0,0.0,0.0,0.0,492
2023-05-09 21:03:01,hc2312,hc2312,3735.0,0.0,0.0,0.0,3,3714.0,3726.0,8,3735.0,3737.0,0.0,0.0,0.0,0.0,492
2023-05-09 21:03:01,hc2312,hc2312,3735.0,0.0,0.0,0.0,3,3714.0,3726.0,8,3735.0,3737.0,0.0,0.0,0.0,0.0,492
2023-05-09 21:03:04,hc2312,hc2312,3735.0,0.0,0.0,0.0,3,3714.0,3726.0,8,3735.0,3737.0,0.0,0.0,0.0,0.0,492
2023-05-09 21:03:08,hc2312,hc2312,3735.0,0.0,0.0,0.0,2,3715.0,3726.0,8,3735.0,3737.0,0.0,0.0,0.0,0.0,492
2023-05-09 21:03:08,hc2312,hc2312,3735.0,0.0,0.0,0.0,2,3715.0,3726.0,8,3735.0,3737.0,0.0,0.0,0.0,0.0,492
2023-05-09 21:03:09,hc2312,hc2312,3735.0,0.0,0.0,0.0,4,3715.0,3726.0,8,3735.0,3737.0,0.0,0.0,0.0,0.0,492
2023-05-09 21:03:17,hc2312,hc2312,3735.0,0.0,0.0,0.0,2,3715.0,3736.0,2,3735.0,3737.0,0.0,0.0,0.0,0.0,492
2023-05-09 21:03:17,hc2312,hc2312,3735.0,0.0,0.0,0.0,2,3716.0,3734.0,2,3735.0,3737.0,0.0,0.0,0.0,0.0,492
2023-05-09 21:03:18,hc2312,hc2312,3735.0,0.0,0.0,0.0,2,3716.0,3733.0,6,3735.0,3737.0,0.0,0.0,0.0,0.0,492
2023-05-09 21:03:18,hc2312,hc2312,3735.0,0.0,0.0,0.0,1,3717.0,3733.0,6,3735.0,3737.0,0.0,0.0,0.0,0.0,492
2023-05-09 21:03:19,hc2312,hc2312,3735.0,0.0,0.0,0.0,1,3717.0,3733.0,10,3735.0,3737.0,0.0,0.0,0.0,0.0,492
2023-05-09 21:03:20,hc2312,hc2312,3735.0,0.0,0.0,0.0,1,3717.0,3733.0,10,3735.0,3737.0,0.0,0.0,0.0,0.0,492
2023-05-09 21:03:20,hc2312,hc2312,3735.0,0.0,0.0,0.0,2,3717.0,3733.0,10,3735.0,3737.0,0.0,0.0,0.0,0.0,492
2023-05-09 21:03:21,hc2312,hc2312,3735.0,0.0,0.0,0.0,2,3717.0,3733.0,12,3735.0,3737.0,0.0,0.0,0.0,0.0,492
2023-05-09 21:03:23,hc2312,hc2312,3735.0,0.0,0.0,0.0,2,3709.0,3733.0,12,3735.0,3737.0,0.0,0.0,0.0,0.0,492
2023-05-09 21:03:23,hc2312,hc2312,3735.0,0.0,0.0,0.0,2,3713.0,3733.0,12,3735.0,3737.0,0.0,0.0,0.0,0.0,492
2023-05-09 21:03:24,hc2312,hc2312,3735.0,0.0,0.0,0.0,2,3713.0,3733.0,12,3735.0,3737.0,0.0,0.0,0.0,0.0,492
2023-05-09 21:03:24,hc2312,hc2312,3735.0,0.0,0.0,0.0,3,3714.0,3733.0,12,3735.0,3737.0,0.0,0.0,0.0,0.0,492
2023-05-09 21:03:26,hc2312,hc2312,3735.0,0.0,0.0,0.0,3,3714.0,3733.0,12,3735.0,3737.0,0.0,0.0,0.0,0.0,492
2023-05-09 21:03:26,hc2312,hc2312,3735.0,0.0,0.0,0.0,2,3715.0,3733.0,12,3735.0,3737.0,0.0,0.0,0.0,0.0,492
2023-05-09 21:03:27,hc2312,hc2312,3735.0,0.0,0.0,0.0,2,3715.0,3733.0,12,3735.0,3737.0,0.0,0.0,0.0,0.0,492
2023-05-09 21:03:49,hc2312,hc2312,3735.0,0.0,0.0,0.0,2,3715.0,3733.0,10,3735.0,3737.0,0.0,0.0,0.0,0.0,492
2023-05-09 21:03:50,hc2312,hc2312,3735.0,0.0,0.0,0.0,6,3715.0,3733.0,10,3735.0,3737.0,0.0,0.0,0.0,0.0,492
2023-05-09 21:03:50,hc2312,hc2312,3735.0,0.0,0.0,0.0,4,3716.0,3733.0,10,3735.0,3737.0,0.0,0.0,0.0,0.0,492
2023-05-09 21:03:51,hc2312,hc2312,3735.0,0.0,0.0,0.0,4,3716.0,3733.0,10,3735.0,3737.0,0.0,0.0,0.0,0.0,492
2023-05-09 21:03:51,hc2312,hc2312,3735.0,0.0,0.0,0.0,3,3717.0,3733.0,10,3735.0,3737.0,0.0,0.0,0.0,0.0,492
2023-05-09 21:03:52,hc2312,hc2312,3735.0,0.0,0.0,0.0,3,3717.0,3733.0,10,3735.0,3737.0,0.0,0.0,0.0,0.0,492
2023-05-09 21:03:53,hc2312,hc2312,3735.0,0.0,0.0,0.0,3,3717.0,3733.0,10,3735.0,3737.0,0.0,0.0,0.0,0.0,492
2023-05-09 21:03:56,hc2312,hc2312,3735.0,0.0,0.0,0.0,1,3717.0,3733.0,10,3735.0,3737.0,0.0,0.0,0.0,0.0,492
2023-05-09 21:03:57,hc2312,hc2312,3735.0,0.0,0.0,0.0,3,3717.0,3733.0,10,3735.0,3737.0,0.0,0.0,0.0,0.0,492
2023-05-09 21:03:58,hc2312,hc2312,3735.0,0.0,0.0,0.0,3,3717.0,3733.0,12,3735.0,3737.0,0.0,0.0,0.0,0.0,492
2023-05-09 21:04:00,hc2312,hc2312,3735.0,0.0,0.0,0.0,3,3717.0,3733.0,10,3735.0,3737.0,0.0,0.0,0.0,0.0,492
2023-05-09 21:04:04,hc2312,hc2312,3735.0,0.0,0.0,0.0,1,3717.0,3733.0,10,3735.0,3737.0,0.0,0.0,0.0,0.0,492
2023-05-09 21:04:05,hc2312,hc2312,3735.0,0.0,0.0,0.0,1,3717.0,3733.0,12,3735.0,3737.0,0.0,0.0,0.0,0.0,492
2023-05-09 21:04:18,hc2312,hc2312,3735.0,0.0,0.0,0.0,1,3717.0,3733.0,10,3735.0,3737.0,0.0,0.0,0.0,0.0,492
2023-05-09 21:04:18,hc2312,hc2312,3735.0,0.0,0.0,0.0,3,3717.0,3733.0,10,3735.0,3737.0,0.0,0.0,0.0,0.0,492
2023-05-09 21:04:21,hc2312,hc2312,3735.0,0.0,0.0,0.0,1,3717.0,3733.0,10,3735.0,3737.0,0.0,0.0,0.0,0.0,492
2023-05-09 21:04:22,hc2312,hc2312,3735.0,0.0,0.0,0.0,2,3718.0,3733.0,10,3735.0,3737.0,0.0,0.0,0.0,0.0,492
2023-05-09 21:04:24,hc2312,hc2312,3735.0,0.0,0.0,0.0,1,3717.0,3733.0,10,3735.0,3737.0,0.0,0.0,0.0,0.0,492
2023-05-09 21:04:25,hc2312,hc2312,3735.0,0.0,0.0,0.0,3,3717.0,3733.0,10,3735.0,3737.0,0.0,0.0,0.0,0.0,492
2023-05-09 21:04:27,hc2312,hc2312,3735.0,0.0,0.0,0.0,1,3717.0,3733.0,10,3735.0,3737.0,0.0,0.0,0.0,0.0,492
2023-05-09 21:04:28,hc2312,hc2312,3735.0,0.0,0.0,0.0,2,3718.0,3733.0,10,3735.0,3737.0,0.0,0.0,0.0,0.0,492
2023-05-09 21:04:33,hc2312,hc2312,3735.0,0.0,0.0,0.0,2,3718.0,3732.0,2,3735.0,3737.0,0.0,0.0,0.0,0.0,492
2023-05-09 21:04:33,hc2312,hc2312,3735.0,0.0,0.0,0.0,2,3718.0,3731.0,2,3735.0,3737.0,0.0,0.0,0.0,0.0,492
2023-05-09 21:04:34,hc2312,hc2312,3735.0,0.0,0.0,0.0,1,3717.0,3731.0,2,3735.0,3737.0,0.0,0.0,0.0,0.0,492
2023-05-09 21:04:34,hc2312,hc2312,3735.0,0.0,0.0,0.0,3,3717.0,3730.0,8,3735.0,3737.0,0.0,0.0,0.0,0.0,492
2023-05-09 21:04:35,hc2312,hc2312,3735.0,0.0,0.0,0.0,3,3717.0,3730.0,8,3735.0,3737.0,0.0,0.0,0.0,0.0,492
2023-05-09 21:04:37,hc2312,hc2312,3735.0,0.0,0.0,0.0,3,3717.0,3729.0,2,3735.0,3737.0,0.0,0.0,0.0,0.0,492
2023-05-09 21:04:38,hc2312,hc2312,3735.0,0.0,0.0,0.0,3,3717.0,3729.0,2,3735.0,3737.0,0.0,0.0,0.0,0.0,492
2023-05-09 21:04:39,hc2312,hc2312,3735.0,0.0,0.0,0.0,3,3717.0,3728.0,8,3735.0,3737.0,0.0,0.0,0.0,0.0,492
2023-05-09 21:04:39,hc2312,hc2312,3735.0,0.0,0.0,0.0,3,3717.0,3728.0,8,3735.0,3737.0,0.0,0.0,0.0,0.0,492
2023-05-09 21:04:40,hc2312,hc2312,3735.0,0.0,0.0,0.0,3,3717.0,3728.0,8,3735.0,3737.0,0.0,0.0,0.0,0.0,492
2023-05-09 21:04:42,hc2312,hc2312,3735.0,0.0,0.0,0.0,1,3717.0,3728.0,8,3735.0,3737.0,0.0,0.0,0.0,0.0,492
2023-05-09 21:04:43,hc2312,hc2312,3735.0,0.0,0.0,0.0,1,3717.0,3739.0,2,3735.0,3737.0,0.0,0.0,0.0,0.0,492
2023-05-09 21:04:44,hc2312,hc2312,3735.0,0.0,0.0,0.0,1,3717.0,3733.0,2,3735.0,3737.0,0.0,0.0,0.0,0.0,492
2023-05-09 21:04:44,hc2312,hc2312,3735.0,0.0,0.0,0.0,1,3717.0,3732.0,6,3735.0,3737.0,0.0,0.0,0.0,0.0,492
2023-05-09 21:04:45,hc2312,hc2312,3735.0,0.0,0.0,0.0,3,3717.0,3732.0,6,3735.0,3737.0,0.0,0.0,0.0,0.0,492
2023-05-09 21:04:45,hc2312,hc2312,3735.0,0.0,0.0,0.0,3,3717.0,3732.0,10,3735.0,3737.0,0.0,0.0,0.0,0.0,492
2023-05-09 21:04:47,hc2312,hc2312,3735.0,0.0,0.0,0.0,1,3717.0,3732.0,10,3735.0,3737.0,0.0,0.0,0.0,0.0,492
2023-05-09 21:04:49,hc2312,hc2312,3735.0,0.0,0.0,0.0,3,3717.0,3732.0,10,3735.0,3737.0,0.0,0.0,0.0,0.0,492
2023-05-09 21:04:52,hc2312,hc2312,3735.0,0.0,0.0,0.0,1,3717.0,3732.0,10,3735.0,3737.0,0.0,0.0,0.0,0.0,492
2023-05-09 21:04:52,hc2312,hc2312,3735.0,0.0,0.0,0.0,2,3718.0,3732.0,10,3735.0,3737.0,0.0,0.0,0.0,0.0,492
2023-05-09 21:04:59,hc2312,hc2312,3735.0,0.0,0.0,0.0,2,3718.0,3732.0,10,3735.0,3737.0,0.0,0.0,0.0,0.0,492
2023-05-09 21:05:00,hc2312,hc2312,3735.0,0.0,0.0,0.0,2,3718.0,3732.0,2,3735.0,3737.0,0.0,0.0,0.0,0.0,492
2023-05-09 21:05:03,hc2312,hc2312,3735.0,0.0,0.0,0.0,1,3717.0,3732.0,2,3735.0,3737.0,0.0,0.0,0.0,0.0,492
2023-05-09 21:05:03,hc2312,hc2312,3735.0,0.0,0.0,0.0,5,3717.0,3732.0,2,3735.0,3737.0,0.0,0.0,0.0,0.0,492
2023-05-09 21:05:06,hc2312,hc2312,3735.0,0.0,0.0,0.0,3,3717.0,3732.0,2,3735.0,3737.0,0.0,0.0,0.0,0.0,492
2023-05-09 21:05:07,hc2312,hc2312,3735.0,0.0,0.0,0.0,2,3718.0,3732.0,2,3735.0,3737.0,0.0,0.0,0.0,0.0,492
2023-05-09 21:05:12,hc2312,hc2312,3735.0,0.0,0.0,0.0,3,3717.0,3732.0,2,3735.0,3737.0,0.0,0.0,0.0,0.0,492
2023-05-09 21:05:12,hc2312,hc2312,3735.0,0.0,0.0,0.0,5,3717.0,3732.0,2,3735.0,3737.0,0.0,0.0,0.0,0.0,492
2023-05-09 21:05:15,hc2312,hc2312,3735.0,0.0,0.0,0.0,3,3717.0,3732.0,2,3735.0,3737.0,0.0,0.0,0.0,0.0,492
2023-05-09 21:05:15,hc2312,hc2312,3735.0,0.0,0.0,0.0,2,3718.0,3732.0,2,3735.0,3737.0,0.0,0.0,0.0,0.0,492
2023-05-09 21:05:16,hc2312,hc2312,3735.0,0.0,0.0,0.0,4,3718.0,3732.0,2,3735.0,3737.0,0.0,0.0,0.0,0.0,492
2023-05-09 21:05:23,hc2312,hc2312,3735.0,0.0,0.0,0.0,4,3718.0,3732.0,2,3735.0,3737.0,0.0,0.0,0.0,0.0,492
2023-05-09 21:05:24,hc2312,hc2312,3735.0,0.0,0.0,0.0,4,3719.0,3732.0,2,3735.0,3737.0,0.0,0.0,0.0,0.0,492
2023-05-09 21:05:24,hc2312,hc2312,3735.0,0.0,0.0,0.0,4,3719.0,3732.0,2,3735.0,3737.0,0.0,0.0,0.0,0.0,492
2023-05-09 21:05:25,hc2312,hc2312,3735.0,0.0,0.0,0.0,3,3720.0,3732.0,2,3735.0,3737.0,0.0,0.0,0.0,0.0,492
2023-05-09 21:05:25,hc2312,hc2312,3735.0,0.0,0.0,0.0,3,3720.0,3732.0,2,3735.0,3737.0,0.0,0.0,0.0,0.0,492
2023-05-09 21:05:26,hc2312,hc2312,3735.0,0.0,0.0,0.0,3,3720.0,3732.0,1,3735.0,3737.0,0.0,0.0,0.0,0.0,492
2023-05-09 21:05:27,hc2312,hc2312,3735.0,0.0,0.0,0.0,3,3720.0,3740.0,1,3735.0,3737.0,0.0,0.0,0.0,0.0,492
2023-05-09 21:05:27,hc2312,hc2312,3735.0,0.0,0.0,0.0,3,3720.0,3736.0,2,3735.0,3737.0,0.0,0.0,0.0,0.0,492
2023-05-09 21:05:28,hc2312,hc2312,3735.0,0.0,0.0,0.0,3,3720.0,3735.0,2,3735.0,3737.0,0.0,0.0,0.0,0.0,492
2023-05-09 21:05:28,hc2312,hc2312,3735.0,0.0,0.0,0.0,3,3720.0,3735.0,2,3735.0,3737.0,0.0,0.0,0.0,0.0,492
2023-05-09 21:05:38,hc2312,hc2312,3735.0,0.0,0.0,0.0,1,3720.0,3735.0,2,3735.0,3737.0,0.0,0.0,0.0,0.0,492
2023-05-09 21:05:39,hc2312,hc2312,3735.0,0.0,0.0,0.0,1,3720.0,3735.0,2,3735.0,3737.0,0.0,0.0,0.0,0.0,492
2023-05-09 21:05:55,hc2312,hc2312,3735.0,0.0,0.0,0.0,3,3720.0,3735.0,2,3735.0,3737.0,0.0,0.0,0.0,0.0,492
2023-05-09 21:05:58,hc2312,hc2312,3735.0,0.0,0.0,0.0,3,3720.0,3734.0,2,3735.0,3737.0,0.0,0.0,0.0,0.0,492
2023-05-09 21:05:58,hc2312,hc2312,3735.0,0.0,0.0,0.0,3,3720.0,3733.0,2,3735.0,3737.0,0.0,0.0,0.0,0.0,492
2023-05-09 21:06:00,hc2312,hc2312,3735.0,0.0,0.0,0.0,3,3720.0,3733.0,2,3735.0,3737.0,0.0,0.0,0.0,0.0,492
2023-05-09 21:06:01,hc2312,hc2312,3735.0,0.0,0.0,0.0,3,3720.0,3733.0,2,3735.0,3737.0,0.0,0.0,0.0,0.0,492
2023-05-09 21:06:01,hc2312,hc2312,3735.0,0.0,0.0,0.0,3,3720.0,3733.0,2,3735.0,3737.0,0.0,0.0,0.0,0.0,492
2023-05-09 21:06:10,hc2312,hc2312,3735.0,0.0,0.0,0.0,3,3720.0,3733.0,2,3735.0,3737.0,0.0,0.0,0.0,0.0,492
2023-05-09 21:06:11,hc2312,hc2312,3735.0,0.0,0.0,0.0,3,3720.0,3733.0,2,3735.0,3737.0,0.0,0.0,0.0,0.0,492
2023-05-09 21:06:13,hc2312,hc2312,3735.0,0.0,0.0,0.0,3,3720.0,3733.0,2,3735.0,3737.0,0.0,0.0,0.0,0.0,492
2023-05-09 21:06:14,hc2312,hc2312,3735.0,0.0,0.0,0.0,3,3720.0,3733.0,2,3735.0,3737.0,0.0,0.0,0.0,0.0,492
2023-05-09 21:06:17,hc2312,hc2312,3735.0,0.0,0.0,0.0,3,3720.0,3733.0,2,3735.0,3737.0,0.0,0.0,0.0,0.0,492
2023-05-09 21:06:17,hc2312,hc2312,3735.0,0.0,0.0,0.0,1,3720.0,3733.0,2,3735.0,3737.0,0.0,0.0,0.0,0.0,492
2023-05-09 21:06:18,hc2312,hc2312,3735.0,0.0,0.0,0.0,3,3720.0,3733.0,2,3735.0,3737.0,0.0,0.0,0.0,0.0,492
2023-05-09 21:06:20,hc2312,hc2312,3735.0,0.0,0.0,0.0,1,3720.0,3733.0,2,3735.0,3737.0,0.0,0.0,0.0,0.0,492
2023-05-09 21:06:21,hc2312,hc2312,3735.0,0.0,0.0,0.0,3,3720.0,3733.0,2,3735.0,3737.0,0.0,0.0,0.0,0.0,492
2023-05-09 21:06:22,hc2312,hc2312,3735.0,0.0,0.0,0.0,3,3720.0,3733.0,2,3735.0,3737.0,0.0,0.0,0.0,0.0,492
2023-05-09 21:06:25,hc2312,hc2312,3735.0,0.0,0.0,0.0,3,3720.0,3733.0,2,3735.0,3737.0,0.0,0.0,0.0,0.0,492
2023-05-09 21:06:26,hc2312,hc2312,3735.0,0.0,0.0,0.0,1,3720.0,3733.0,2,3735.0,3737.0,0.0,0.0,0.0,0.0,492
2023-05-09 21:06:26,hc2312,hc2312,3735.0,0.0,0.0,0.0,3,3720.0,3733.0,2,3735.0,3737.0,0.0,0.0,0.0,0.0,492
2023-05-09 21:06:29,hc2312,hc2312,3735.0,0.0,0.0,0.0,3,3720.0,3733.0,2,3735.0,3737.0,0.0,0.0,0.0,0.0,492
2023-05-09 21:06:29,hc2312,hc2312,3735.0,0.0,0.0,0.0,1,3720.0,3733.0,2,3735.0,3737.0,0.0,0.0,0.0,0.0,492
2023-05-09 21:06:31,hc2312,hc2312,3735.0,0.0,0.0,0.0,1,3720.0,3733.0,2,3735.0,3737.0,0.0,0.0,0.0,0.0,492
2023-05-09 21:06:31,hc2312,hc2312,3735.0,0.0,0.0,0.0,1,3720.0,3733.0,2,3735.0,3737.0,0.0,0.0,0.0,0.0,492
2023-05-09 21:06:33,hc2312,hc2312,3735.0,0.0,0.0,0.0,1,3720.0,3733.0,2,3735.0,3737.0,0.0,0.0,0.0,0.0,492
2023-05-09 21:06:33,hc2312,hc2312,3735.0,0.0,0.0,0.0,1,3720.0,3733.0,2,3735.0,3737.0,0.0,0.0,0.0,0.0,492
2023-05-09 21:06:34,hc2312,hc2312,3735.0,0.0,0.0,0.0,1,3720.0,3733.0,2,3735.0,3737.0,0.0,0.0,0.0,0.0,492
2023-05-09 21:06:34,hc2312,hc2312,3735.0,0.0,0.0,0.0,1,3720.0,3733.0,2,3735.0,3737.0,0.0,0.0,0.0,0.0,492
2023-05-09 21:06:38,hc2312,hc2312,3735.0,0.0,0.0,0.0,3,3720.0,3733.0,2,3735.0,3737.0,0.0,0.0,0.0,0.0,492
2023-05-09 21:06:39,hc2312,hc2312,3735.0,0.0,0.0,0.0,3,3720.0,3733.0,2,3735.0,3737.0,0.0,0.0,0.0,0.0,492
2023-05-09 21:06:42,hc2312,hc2312,3735.0,0.0,0.0,0.0,2,3721.0,3733.0,2,3735.0,3737.0,0.0,0.0,0.0,0.0,492
2023-05-09 21:06:42,hc2312,hc2312,3735.0,0.0,0.0,0.0,2,3721.0,3733.0,2,3735.0,3737.0,0.0,0.0,0.0,0.0,492
2023-05-09 21:06:43,hc2312,hc2312,3735.0,0.0,0.0,0.0,2,3721.0,3733.0,2,3735.0,3737.0,0.0,0.0,0.0,0.0,492
2023-05-09 21:06:43,hc2312,hc2312,3735.0,0.0,0.0,0.0,4,3721.0,3736.0,5,3735.0,3737.0,0.0,0.0,0.0,0.0,492
2023-05-09 21:06:44,hc2312,hc2312,3735.0,0.0,0.0,0.0,4,3721.0,3735.0,2,3735.0,3737.0,0.0,0.0,0.0,0.0,492
2023-05-09 21:06:44,hc2312,hc2312,3735.0,0.0,0.0,0.0,4,3721.0,3735.0,2,3735.0,3737.0,0.0,0.0,0.0,0.0,492
2023-05-09 21:06:50,hc2312,hc2312,3735.0,0.0,0.0,0.0,4,3721.0,3735.0,2,3735.0,3737.0,0.0,0.0,0.0,0.0,492
2023-05-09 21:06:50,hc2312,hc2312,3735.0,0.0,0.0,0.0,4,3721.0,3735.0,2,3735.0,3737.0,0.0,0.0,0.0,0.0,492
2023-05-09 21:06:51,hc2312,hc2312,3735.0,0.0,0.0,0.0,2,3722.0,3735.0,2,3735.0,3737.0,0.0,0.0,0.0,0.0,492
2023-05-09 21:06:51,hc2312,hc2312,3735.0,0.0,0.0,0.0,4,3721.0,3735.0,2,3735.0,3737.0,0.0,0.0,0.0,0.0,492
2023-05-09 21:06:52,hc2312,hc2312,3735.0,0.0,0.0,0.0,1,3722.0,3735.0,2,3735.0,3737.0,0.0,0.0,0.0,0.0,492
2023-05-09 21:07:00,hc2312,hc2312,3735.0,0.0,0.0,0.0,1,3722.0,3735.0,2,3735.0,3737.0,0.0,0.0,0.0,0.0,492
2023-05-09 21:07:01,hc2312,hc2312,3735.0,0.0,0.0,0.0,2,3721.0,3735.0,2,3735.0,3737.0,0.0,0.0,0.0,0.0,492
2023-05-09 21:07:01,hc2312,hc2312,3735.0,0.0,0.0,0.0,2,3726.0,3732.0,2,3735.0,3737.0,0.0,0.0,0.0,0.0,492
2023-05-09 21:07:02,hc2312,hc2312,3735.0,0.0,0.0,0.0,2,3726.0,3732.0,2,3735.0,3737.0,0.0,0.0,0.0,0.0,492
2023-05-09 21:07:02,hc2312,hc2312,3735.0,0.0,0.0,0.0,2,3712.0,3732.0,2,3735.0,3737.0,0.0,0.0,0.0,0.0,492
2023-05-09 21:07:03,hc2312,hc2312,3735.0,0.0,0.0,0.0,2,3725.0,3732.0,2,3735.0,3737.0,0.0,0.0,0.0,0.0,492
2023-05-09 21:07:03,hc2312,hc2312,3735.0,0.0,0.0,0.0,2,3725.0,3732.0,2,3735.0,3737.0,0.0,0.0,0.0,0.0,492
2023-05-09 21:07:04,hc2312,hc2312,3735.0,0.0,0.0,0.0,2,3719.0,3732.0,2,3735.0,3737.0,0.0,0.0,0.0,0.0,492
2023-05-09 21:07:04,hc2312,hc2312,3735.0,0.0,0.0,0.0,2,3724.0,3732.0,2,3735.0,3737.0,0.0,0.0,0.0,0.0,492
2023-05-09 21:07:05,hc2312,hc2312,3735.0,0.0,0.0,0.0,2,3724.0,3732.0,2,3735.0,3737.0,0.0,0.0,0.0,0.0,492
2023-05-09 21:07:05,hc2312,hc2312,3735.0,0.0,0.0,0.0,2,3724.0,3732.0,2,3735.0,3737.0,0.0,0.0,0.0,0.0,492
2023-05-09 21:07:06,hc2312,hc2312,3735.0,0.0,0.0,0.0,2,3724.0,3732.0,2,3735.0,3737.0,0.0,0.0,0.0,0.0,492
2023-05-09 21:07:11,hc2312,hc2312,3735.0,0.0,0.0,0.0,2,3724.0,3732.0,2,3735.0,3737.0,0.0,0.0,0.0,0.0,492
2023-05-09 21:07:12,hc2312,hc2312,3735.0,0.0,0.0,0.0,2,3712.0,3731.0,2,3735.0,3737.0,0.0,0.0,0.0,0.0,492
2023-05-09 21:07:12,hc2312,hc2312,3735.0,0.0,0.0,0.0,2,3723.0,3731.0,2,3735.0,3737.0,0.0,0.0,0.0,0.0,492
2023-05-09 21:07:13,hc2312,hc2312,3735.0,0.0,0.0,0.0,2,3723.0,3729.0,2,3735.0,3737.0,0.0,0.0,0.0,0.0,492
2023-05-09 21:07:13,hc2312,hc2312,3735.0,0.0,0.0,0.0,2,3723.0,3729.0,2,3735.0,3737.0,0.0,0.0,0.0,0.0,492
2023-05-09 21:07:15,hc2312,hc2312,3735.0,0.0,0.0,0.0,2,3723.0,3729.0,2,3735.0,3737.0,0.0,0.0,0.0,0.0,492
2023-05-09 21:07:17,hc2312,hc2312,3735.0,0.0,0.0,0.0,2,3723.0,3729.0,2,3735.0,3737.0,0.0,0.0,0.0,0.0,492
2023-05-09 21:07:23,hc2312,hc2312,3735.0,0.0,0.0,0.0,2,3723.0,3736.0,1,3735.0,3737.0,0.0,0.0,0.0,0.0,492
2023-05-09 21:07:24,hc2312,hc2312,3735.0,0.0,0.0,0.0,2,3723.0,3730.0,2,3735.0,3737.0,0.0,0.0,0.0,0.0,492
2023-05-09 21:07:24,hc2312,hc2312,3735.0,0.0,0.0,0.0,2,3723.0,3730.0,2,3735.0,3737.0,0.0,0.0,0.0,0.0,492
2023-05-09 21:07:41,hc2312,hc2312,3735.0,0.0,0.0,0.0,2,3723.0,3730.0,2,3735.0,3737.0,0.0,0.0,0.0,0.0,492
2023-05-09 21:07:45,hc2312,hc2312,3735.0,0.0,0.0,0.0,1,3723.0,3730.0,2,3735.0,3737.0,0.0,0.0,0.0,0.0,492
2023-05-09 21:07:45,hc2312,hc2312,3735.0,0.0,0.0,0.0,1,3723.0,3730.0,2,3735.0,3737.0,0.0,0.0,0.0,0.0,492
2023-05-09 21:07:46,hc2312,hc2312,3735.0,0.0,0.0,0.0,1,3723.0,3730.0,2,3735.0,3737.0,0.0,0.0,0.0,0.0,492
2023-05-09 21:07:46,hc2312,hc2312,3735.0,0.0,0.0,0.0,1,3723.0,3729.0,2,3735.0,3737.0,0.0,0.0,0.0,0.0,492
2023-05-09 21:07:47,hc2312,hc2312,3735.0,0.0,0.0,0.0,1,3723.0,3729.0,2,3735.0,3737.0,0.0,0.0,0.0,0.0,492
2023-05-09 21:07:47,hc2312,hc2312,3735.0,0.0,0.0,0.0,1,3723.0,3728.0,2,3735.0,3737.0,0.0,0.0,0.0,0.0,492
2023-05-09 21:07:48,hc2312,hc2312,3735.0,0.0,0.0,0.0,1,3723.0,3728.0,2,3735.0,3737.0,0.0,0.0,0.0,0.0,492
2023-05-09 21:07:48,hc2312,hc2312,3735.0,0.0,0.0,0.0,1,3722.0,3728.0,2,3735.0,3737.0,0.0,0.0,0.0,0.0,492
2023-05-09 21:07:49,hc2312,hc2312,3735.0,0.0,0.0,0.0,1,3722.0,3728.0,2,3735.0,3737.0,0.0,0.0,0.0,0.0,492
2023-05-09 21:07:53,hc2312,hc2312,3735.0,0.0,0.0,0.0,1,3722.0,3728.0,2,3735.0,3737.0,0.0,0.0,0.0,0.0,492
2023-05-09 21:07:53,hc2312,hc2312,3735.0,0.0,0.0,0.0,1,3722.0,3728.0,2,3735.0,3737.0,0.0,0.0,0.0,0.0,492
2023-05-09 21:07:54,hc2312,hc2312,3735.0,0.0,0.0,0.0,1,3722.0,3728.0,2,3735.0,3737.0,0.0,0.0,0.0,0.0,492
2023-05-09 21:07:55,hc2312,hc2312,3735.0,0.0,0.0,0.0,1,3722.0,3728.0,2,3735.0,3737.0,0.0,0.0,0.0,0.0,492
2023-05-09 21:07:56,hc2312,hc2312,3735.0,0.0,0.0,0.0,1,3722.0,3728.0,2,3735.0,3737.0,0.0,0.0,0.0,0.0,492
2023-05-09 21:07:57,hc2312,hc2312,3735.0,0.0,0.0,0.0,1,3722.0,3728.0,2,3735.0,3737.0,0.0,0.0,0.0,0.0,492
2023-05-09 21:07:58,hc2312,hc2312,3735.0,0.0,0.0,0.0,1,3722.0,3728.0,2,3735.0,3737.0,0.0,0.0,0.0,0.0,492
2023-05-09 21:07:58,hc2312,hc2312,3735.0,0.0,0.0,0.0,1,3722.0,3728.0,2,3735.0,3737.0,0.0,0.0,0.0,0.0,492
2023-05-09 21:08:01,hc2312,hc2312,3735.0,0.0,0.0,0.0,1,3722.0,3728.0,2,3735.0,3737.0,0.0,0.0,0.0,0.0,492
2023-05-09 21:08:10,hc2312,hc2312,3735.0,0.0,0.0,0.0,1,3722.0,3728.0,2,3735.0,3737.0,0.0,0.0,0.0,0.0,492
2023-05-09 21:08:14,hc2312,hc2312,3735.0,0.0,0.0,0.0,1,3722.0,3728.0,2,3735.0,3737.0,0.0,0.0,0.0,0.0,492
2023-05-09 21:08:15,hc2312,hc2312,3735.0,0.0,0.0,0.0,1,3722.0,3728.0,2,3735.0,3737.0,0.0,0.0,0.0,0.0,492
2023-05-09 21:08:17,hc2312,hc2312,3735.0,0.0,0.0,0.0,1,3722.0,3736.0,1,3735.0,3737.0,0.0,0.0,0.0,0.0,492
2023-05-09 21:08:17,hc2312,hc2312,3735.0,0.0,0.0,0.0,1,3722.0,3729.0,2,3735.0,3737.0,0.0,0.0,0.0,0.0,492
2023-05-09 21:08:18,hc2312,hc2312,3735.0,0.0,0.0,0.0,1,3722.0,3729.0,2,3735.0,3737.0,0.0,0.0,0.0,0.0,492
2023-05-09 21:08:19,hc2312,hc2312,3735.0,0.0,0.0,0.0,1,3722.0,3729.0,2,3735.0,3737.0,0.0,0.0,0.0,0.0,492
2023-05-09 21:08:19,hc2312,hc2312,3735.0,0.0,0.0,0.0,1,3722.0,3729.0,2,3735.0,3737.0,0.0,0.0,0.0,0.0,492
2023-05-09 21:08:24,hc2312,hc2312,3735.0,0.0,0.0,0.0,1,3722.0,3729.0,2,3735.0,3737.0,0.0,0.0,0.0,0.0,492
2023-05-09 21:08:25,hc2312,hc2312,3735.0,0.0,0.0,0.0,1,3722.0,3729.0,2,3735.0,3737.0,0.0,0.0,0.0,0.0,492
2023-05-09 21:08:26,hc2312,hc2312,3735.0,0.0,0.0,0.0,1,3722.0,3729.0,2,3735.0,3737.0,0.0,0.0,0.0,0.0,492
2023-05-09 21:08:26,hc2312,hc2312,3735.0,0.0,0.0,0.0,1,3722.0,3729.0,2,3735.0,3737.0,0.0,0.0,0.0,0.0,492
2023-05-09 21:08:28,hc2312,hc2312,3735.0,0.0,0.0,0.0,1,3722.0,3734.0,2,3735.0,3737.0,0.0,0.0,0.0,0.0,492
2023-05-09 21:08:28,hc2312,hc2312,3735.0,0.0,0.0,0.0,1,3722.0,3731.0,2,3735.0,3737.0,0.0,0.0,0.0,0.0,492
2023-05-09 21:08:29,hc2312,hc2312,3735.0,0.0,0.0,0.0,1,3725.0,3731.0,2,3735.0,3737.0,0.0,0.0,0.0,0.0,492
2023-05-09 21:08:29,hc2312,hc2312,3735.0,0.0,0.0,0.0,1,3725.0,3731.0,2,3735.0,3737.0,0.0,0.0,0.0,0.0,492
2023-05-09 21:08:30,hc2312,hc2312,3735.0,0.0,0.0,0.0,2,3725.0,3731.0,2,3735.0,3737.0,0.0,0.0,0.0,0.0,492
2023-05-09 21:08:31,hc2312,hc2312,3735.0,0.0,0.0,0.0,1,3725.0,3731.0,2,3735.0,3737.0,0.0,0.0,0.0,0.0,492
2023-05-09 21:08:31,hc2312,hc2312,3735.0,0.0,0.0,0.0,1,3725.0,3731.0,2,3735.0,3737.0,0.0,0.0,0.0,0.0,492
2023-05-09 21:08:39,hc2312,hc2312,3735.0,0.0,0.0,0.0,1,3724.0,3731.0,2,3735.0,3737.0,0.0,0.0,0.0,0.0,492
2023-05-09 21:08:40,hc2312,hc2312,3735.0,0.0,0.0,0.0,1,3724.0,3731.0,2,3735.0,3737.0,0.0,0.0,0.0,0.0,492
2023-05-09 21:08:47,hc2312,hc2312,3735.0,0.0,0.0,0.0,1,3724.0,3731.0,2,3735.0,3737.0,0.0,0.0,0.0,0.0,492
2023-05-09 21:08:47,hc2312,hc2312,3735.0,0.0,0.0,0.0,1,3724.0,3731.0,2,3735.0,3737.0,0.0,0.0,0.0,0.0,492
2023-05-09 21:08:48,hc2312,hc2312,3735.0,0.0,0.0,0.0,1,3724.0,3731.0,2,3735.0,3737.0,0.0,0.0,0.0,0.0,492
2023-05-09 21:08:48,hc2312,hc2312,3735.0,0.0,0.0,0.0,1,3724.0,3731.0,2,3735.0,3737.0,0.0,0.0,0.0,0.0,492
2023-05-09 21:08:53,hc2312,hc2312,3735.0,0.0,0.0,0.0,1,3724.0,3731.0,2,3735.0,3737.0,0.0,0.0,0.0,0.0,492
2023-05-09 21:08:53,hc2312,hc2312,3735.0,0.0,0.0,0.0,1,3724.0,3731.0,2,3735.0,3737.0,0.0,0.0,0.0,0.0,492
2023-05-09 21:09:00,hc2312,hc2312,3735.0,0.0,0.0,0.0,1,3724.0,3731.0,2,3735.0,3737.0,0.0,0.0,0.0,0.0,492
2023-05-09 21:09:02,hc2312,hc2312,3735.0,0.0,0.0,0.0,1,3724.0,3731.0,2,3735.0,3737.0,0.0,0.0,0.0,0.0,492
2023-05-09 21:09:03,hc2312,hc2312,3735.0,0.0,0.0,0.0,1,3724.0,3731.0,2,3735.0,3737.0,0.0,0.0,0.0,0.0,492
2023-05-09 21:09:10,hc2312,hc2312,3735.0,0.0,0.0,0.0,1,3724.0,3731.0,2,3735.0,3737.0,0.0,0.0,0.0,0.0,492
2023-05-09 21:09:11,hc2312,hc2312,3735.0,0.0,0.0,0.0,1,3724.0,3731.0,2,3735.0,3737.0,0.0,0.0,0.0,0.0,492
2023-05-09 21:09:17,hc2312,hc2312,3735.0,0.0,0.0,0.0,1,3724.0,3731.0,2,3735.0,3737.0,0.0,0.0,0.0,0.0,492
2023-05-09 21:09:18,hc2312,hc2312,3735.0,0.0,0.0,0.0,1,3724.0,3731.0,2,3735.0,3737.0,0.0,0.0,0.0,0.0,492
2023-05-09 21:09:24,hc2312,hc2312,3735.0,0.0,0.0,0.0,1,3724.0,3731.0,2,3735.0,3737.0,0.0,0.0,0.0,0.0,492
2023-05-09 21:09:24,hc2312,hc2312,3735.0,0.0,0.0,0.0,1,3724.0,3731.0,2,3735.0,3737.0,0.0,0.0,0.0,0.0,492
2023-05-09 21:09:27,hc2312,hc2312,3735.0,0.0,0.0,0.0,1,3724.0,3731.0,2,3735.0,3737.0,0.0,0.0,0.0,0.0,492
2023-05-09 21:09:28,hc2312,hc2312,3735.0,0.0,0.0,0.0,1,3724.0,3731.0,2,3735.0,3737.0,0.0,0.0,0.0,0.0,492
2023-05-09 21:09:28,hc2312,hc2312,3735.0,0.0,0.0,0.0,1,3725.0,3731.0,2,3735.0,3737.0,0.0,0.0,0.0,0.0,492
2023-05-09 21:09:30,hc2312,hc2312,3735.0,0.0,0.0,0.0,1,3725.0,3731.0,2,3735.0,3737.0,0.0,0.0,0.0,0.0,492
2023-05-09 21:09:31,hc2312,hc2312,3735.0,0.0,0.0,0.0,1,3725.0,3731.0,2,3735.0,3737.0,0.0,0.0,0.0,0.0,492
2023-05-09 21:09:36,hc2312,hc2312,3735.0,0.0,0.0,0.0,1,3725.0,3731.0,2,3735.0,3737.0,0.0,0.0,0.0,0.0,492
2023-05-09 21:09:37,hc2312,hc2312,3735.0,0.0,0.0,0.0,1,3725.0,3731.0,2,3735.0,3737.0,0.0,0.0,0.0,0.0,492
2023-05-09 21:09:39,hc2312,hc2312,3735.0,0.0,0.0,0.0,1,3725.0,3731.0,2,3735.0,3737.0,0.0,0.0,0.0,0.0,492
2023-05-09 21:09:42,hc2312,hc2312,3735.0,0.0,0.0,0.0,1,3725.0,3731.0,2,3735.0,3737.0,0.0,0.0,0.0,0.0,492
2023-05-09 21:09:43,hc2312,hc2312,3735.0,0.0,0.0,0.0,1,3725.0,3731.0,2,3735.0,3737.0,0.0,0.0,0.0,0.0,492
2023-05-09 21:09:43,hc2312,hc2312,3735.0,0.0,0.0,0.0,1,3725.0,3736.0,1,3735.0,3737.0,0.0,0.0,0.0,0.0,492
2023-05-09 21:09:44,hc2312,hc2312,3735.0,0.0,0.0,0.0,1,3728.0,3734.0,2,3735.0,3737.0,0.0,0.0,0.0,0.0,492
2023-05-09 21:09:44,hc2312,hc2312,3735.0,0.0,0.0,0.0,1,3728.0,3734.0,2,3735.0,3737.0,0.0,0.0,0.0,0.0,492
2023-05-09 21:09:45,hc2312,hc2312,3735.0,0.0,0.0,0.0,1,3728.0,3734.0,2,3735.0,3737.0,0.0,0.0,0.0,0.0,492
2023-05-09 21:09:45,hc2312,hc2312,3735.0,0.0,0.0,0.0,1,3728.0,3734.0,2,3735.0,3737.0,0.0,0.0,0.0,0.0,492
2023-05-09 21:09:46,hc2312,hc2312,3735.0,0.0,0.0,0.0,1,3728.0,3734.0,2,3735.0,3737.0,0.0,0.0,0.0,0.0,492
2023-05-09 21:09:48,hc2312,hc2312,3735.0,0.0,0.0,0.0,1,3728.0,3734.0,2,3735.0,3737.0,0.0,0.0,0.0,0.0,492
2023-05-09 21:09:48,hc2312,hc2312,3735.0,0.0,0.0,0.0,1,3728.0,3734.0,2,3735.0,3737.0,0.0,0.0,0.0,0.0,492
2023-05-09 21:09:52,hc2312,hc2312,3735.0,0.0,0.0,0.0,1,3728.0,3734.0,2,3735.0,3737.0,0.0,0.0,0.0,0.0,492
2023-05-09 21:09:53,hc2312,hc2312,3735.0,0.0,0.0,0.0,1,3728.0,3734.0,2,3735.0,3737.0,0.0,0.0,0.0,0.0,492
2023-05-09 21:09:53,hc2312,hc2312,3735.0,0.0,0.0,0.0,1,3727.0,3734.0,2,3735.0,3737.0,0.0,0.0,0.0,0.0,492
2023-05-09 21:09:54,hc2312,hc2312,3735.0,0.0,0.0,0.0,2,3727.0,3734.0,2,3735.0,3737.0,0.0,0.0,0.0,0.0,492
2023-05-09 21:09:57,hc2312,hc2312,3735.0,0.0,0.0,0.0,2,3727.0,3734.0,2,3735.0,3737.0,0.0,0.0,0.0,0.0,492
2023-05-09 21:09:58,hc2312,hc2312,3735.0,0.0,0.0,0.0,2,3727.0,3734.0,2,3735.0,3737.0,0.0,0.0,0.0,0.0,492
2023-05-09 21:10:01,hc2312,hc2312,3735.0,0.0,0.0,0.0,2,3727.0,3734.0,2,3735.0,3737.0,0.0,0.0,0.0,0.0,492
2023-05-09 21:10:02,hc2312,hc2312,3735.0,0.0,0.0,0.0,2,3727.0,3734.0,2,3735.0,3737.0,0.0,0.0,0.0,0.0,492
2023-05-09 21:10:02,hc2312,hc2312,3735.0,0.0,0.0,0.0,2,3727.0,3734.0,2,3735.0,3737.0,0.0,0.0,0.0,0.0,492
2023-05-09 21:10:04,hc2312,hc2312,3735.0,0.0,0.0,0.0,2,3727.0,3734.0,2,3735.0,3737.0,0.0,0.0,0.0,0.0,492
2023-05-09 21:10:05,hc2312,hc2312,3735.0,0.0,0.0,0.0,2,3727.0,3734.0,2,3735.0,3737.0,0.0,0.0,0.0,0.0,492
2023-05-09 21:10:10,hc2312,hc2312,3735.0,0.0,0.0,0.0,2,3727.0,3734.0,2,3735.0,3737.0,0.0,0.0,0.0,0.0,492
2023-05-09 21:10:10,hc2312,hc2312,3735.0,0.0,0.0,0.0,2,3727.0,3734.0,2,3735.0,3737.0,0.0,0.0,0.0,0.0,492
2023-05-09 21:10:11,hc2312,hc2312,3735.0,0.0,0.0,0.0,2,3727.0,3734.0,2,3735.0,3737.0,0.0,0.0,0.0,0.0,492
2023-05-09 21:10:11,hc2312,hc2312,3735.0,0.0,0.0,0.0,2,3727.0,3734.0,2,3735.0,3737.0,0.0,0.0,0.0,0.0,492
2023-05-09 21:10:23,hc2312,hc2312,3735.0,0.0,0.0,0.0,2,3727.0,3734.0,2,3735.0,3737.0,0.0,0.0,0.0,0.0,492
2023-05-09 21:10:23,hc2312,hc2312,3735.0,0.0,0.0,0.0,2,3727.0,3734.0,2,3735.0,3737.0,0.0,0.0,0.0,0.0,492
2023-05-09 21:10:26,hc2312,hc2312,3735.0,0.0,0.0,0.0,2,3727.0,3734.0,2,3735.0,3737.0,0.0,0.0,0.0,0.0,492
2023-05-09 21:10:27,hc2312,hc2312,3735.0,0.0,0.0,0.0,2,3727.0,3734.0,2,3735.0,3737.0,0.0,0.0,0.0,0.0,492
2023-05-09 21:10:27,hc2312,hc2312,3735.0,0.0,0.0,0.0,2,3727.0,3734.0,2,3735.0,3737.0,0.0,0.0,0.0,0.0,492
2023-05-09 21:10:28,hc2312,hc2312,3735.0,0.0,0.0,0.0,2,3727.0,3734.0,2,3735.0,3737.0,0.0,0.0,0.0,0.0,492
2023-05-09 21:10:29,hc2312,hc2312,3735.0,0.0,0.0,0.0,2,3727.0,3734.0,2,3735.0,3737.0,0.0,0.0,0.0,0.0,492
2023-05-09 21:10:31,hc2312,hc2312,3735.0,0.0,0.0,0.0,2,3727.0,3734.0,2,3735.0,3737.0,0.0,0.0,0.0,0.0,492
2023-05-09 21:10:32,hc2312,hc2312,3735.0,0.0,0.0,0.0,2,3727.0,3734.0,2,3735.0,3737.0,0.0,0.0,0.0,0.0,492
2023-05-09 21:10:32,hc2312,hc2312,3735.0,0.0,0.0,0.0,2,3727.0,3734.0,2,3735.0,3737.0,0.0,0.0,0.0,0.0,492
2023-05-09 21:10:33,hc2312,hc2312,3735.0,0.0,0.0,0.0,2,3727.0,3734.0,2,3735.0,3737.0,0.0,0.0,0.0,0.0,492
2023-05-09 21:10:34,hc2312,hc2312,3735.0,0.0,0.0,0.0,2,3727.0,3734.0,2,3735.0,3737.0,0.0,0.0,0.0,0.0,492
2023-05-09 21:10:34,hc2312,hc2312,3735.0,0.0,0.0,0.0,2,3727.0,3734.0,2,3735.0,3737.0,0.0,0.0,0.0,0.0,492
2023-05-09 21:10:36,hc2312,hc2312,3735.0,0.0,0.0,0.0,2,3727.0,3734.0,2,3735.0,3737.0,0.0,0.0,0.0,0.0,492
2023-05-09 21:10:36,hc2312,hc2312,3735.0,0.0,0.0,0.0,2,3727.0,3734.0,2,3735.0,3737.0,0.0,0.0,0.0,0.0,492
2023-05-09 21:10:42,hc2312,hc2312,3735.0,0.0,0.0,0.0,2,3727.0,3734.0,2,3735.0,3737.0,0.0,0.0,0.0,0.0,492
2023-05-09 21:10:42,hc2312,hc2312,3735.0,0.0,0.0,0.0,2,3727.0,3734.0,2,3735.0,3737.0,0.0,0.0,0.0,0.0,492
2023-05-09 21:10:43,hc2312,hc2312,3735.0,0.0,0.0,0.0,2,3727.0,3734.0,2,3735.0,3737.0,0.0,0.0,0.0,0.0,492
2023-05-09 21:10:43,hc2312,hc2312,3735.0,0.0,0.0,0.0,2,3727.0,3734.0,2,3735.0,3737.0,0.0,0.0,0.0,0.0,492
2023-05-09 21:10:47,hc2312,hc2312,3735.0,0.0,0.0,0.0,2,3727.0,3734.0,2,3735.0,3737.0,0.0,0.0,0.0,0.0,492
2023-05-09 21:10:48,hc2312,hc2312,3735.0,0.0,0.0,0.0,2,3727.0,3734.0,2,3735.0,3737.0,0.0,0.0,0.0,0.0,492
2023-05-09 21:10:53,hc2312,hc2312,3735.0,0.0,0.0,0.0,2,3727.0,3734.0,2,3735.0,3737.0,0.0,0.0,0.0,0.0,492
2023-05-09 21:10:53,hc2312,hc2312,3735.0,0.0,0.0,0.0,2,3727.0,3734.0,2,3735.0,3737.0,0.0,0.0,0.0,0.0,492
2023-05-09 21:11:03,hc2312,hc2312,3735.0,0.0,0.0,0.0,2,3727.0,3734.0,2,3735.0,3737.0,0.0,0.0,0.0,0.0,492
2023-05-09 21:11:06,hc2312,hc2312,3735.0,0.0,0.0,0.0,2,3727.0,3736.0,1,3735.0,3737.0,0.0,0.0,0.0,0.0,492
2023-05-09 21:11:06,hc2312,hc2312,3735.0,0.0,0.0,0.0,2,3727.0,3734.0,2,3735.0,3737.0,0.0,0.0,0.0,0.0,492
2023-05-09 21:11:07,hc2312,hc2312,3735.0,0.0,0.0,0.0,2,3727.0,3734.0,2,3735.0,3737.0,0.0,0.0,0.0,0.0,492
2023-05-09 21:11:07,hc2312,hc2312,3735.0,0.0,0.0,0.0,2,3727.0,3734.0,2,3735.0,3737.0,0.0,0.0,0.0,0.0,492
2023-05-09 21:11:08,hc2312,hc2312,3735.0,0.0,0.0,0.0,2,3727.0,3734.0,2,3735.0,3737.0,0.0,0.0,0.0,0.0,492
2023-05-09 21:11:09,hc2312,hc2312,3735.0,0.0,0.0,0.0,2,3727.0,3734.0,2,3735.0,3737.0,0.0,0.0,0.0,0.0,492
2023-05-09 21:11:11,hc2312,hc2312,3735.0,0.0,0.0,0.0,2,3727.0,3734.0,2,3735.0,3737.0,0.0,0.0,0.0,0.0,492
2023-05-09 21:11:12,hc2312,hc2312,3735.0,0.0,0.0,0.0,2,3727.0,3734.0,2,3735.0,3737.0,0.0,0.0,0.0,0.0,492
2023-05-09 21:11:14,hc2312,hc2312,3735.0,0.0,0.0,0.0,2,3727.0,3739.0,1,3735.0,3737.0,0.0,0.0,0.0,0.0,492
2023-05-09 21:11:14,hc2312,hc2312,3735.0,0.0,0.0,0.0,2,3727.0,3735.0,2,3735.0,3737.0,0.0,0.0,0.0,0.0,492
2023-05-09 21:11:15,hc2312,hc2312,3735.0,0.0,0.0,0.0,2,3727.0,3735.0,2,3735.0,3737.0,0.0,0.0,0.0,0.0,492
2023-05-09 21:11:15,hc2312,hc2312,3735.0,0.0,0.0,0.0,2,3727.0,3735.0,2,3735.0,3737.0,0.0,0.0,0.0,0.0,492
2023-05-09 21:11:18,hc2312,hc2312,3735.0,0.0,0.0,0.0,2,3727.0,3735.0,2,3735.0,3737.0,0.0,0.0,0.0,0.0,492
2023-05-09 21:11:19,hc2312,hc2312,3735.0,0.0,0.0,0.0,2,3727.0,3735.0,2,3735.0,3737.0,0.0,0.0,0.0,0.0,492
2023-05-09 21:11:25,hc2312,hc2312,3735.0,0.0,0.0,0.0,2,3727.0,3735.0,2,3735.0,3737.0,0.0,0.0,0.0,0.0,492
2023-05-09 21:11:25,hc2312,hc2312,3735.0,0.0,0.0,0.0,2,3727.0,3735.0,2,3735.0,3737.0,0.0,0.0,0.0,0.0,492
2023-05-09 21:11:27,hc2312,hc2312,3735.0,0.0,0.0,0.0,2,3727.0,3735.0,2,3735.0,3737.0,0.0,0.0,0.0,0.0,492
2023-05-09 21:11:28,hc2312,hc2312,3735.0,0.0,0.0,0.0,2,3727.0,3735.0,2,3735.0,3737.0,0.0,0.0,0.0,0.0,492
2023-05-09 21:11:29,hc2312,hc2312,3735.0,0.0,0.0,0.0,2,3727.0,3735.0,2,3735.0,3737.0,0.0,0.0,0.0,0.0,492
2023-05-09 21:11:32,hc2312,hc2312,3735.0,0.0,0.0,0.0,2,3727.0,3735.0,2,3735.0,3737.0,0.0,0.0,0.0,0.0,492
2023-05-09 21:11:33,hc2312,hc2312,3735.0,0.0,0.0,0.0,2,3727.0,3735.0,2,3735.0,3737.0,0.0,0.0,0.0,0.0,492
2023-05-09 21:11:34,hc2312,hc2312,3735.0,0.0,0.0,0.0,2,3727.0,3734.0,2,3735.0,3737.0,0.0,0.0,0.0,0.0,492
2023-05-09 21:11:35,hc2312,hc2312,3735.0,0.0,0.0,0.0,2,3727.0,3734.0,2,3735.0,3737.0,0.0,0.0,0.0,0.0,492
2023-05-09 21:11:36,hc2312,hc2312,3735.0,0.0,0.0,0.0,2,3727.0,3735.0,2,3735.0,3737.0,0.0,0.0,0.0,0.0,492
2023-05-09 21:11:44,hc2312,hc2312,3735.0,0.0,0.0,0.0,2,3727.0,3735.0,2,3735.0,3737.0,0.0,0.0,0.0,0.0,492
2023-05-09 21:11:44,hc2312,hc2312,3735.0,0.0,0.0,0.0,2,3727.0,3735.0,2,3735.0,3737.0,0.0,0.0,0.0,0.0,492
2023-05-09 21:11:45,hc2312,hc2312,3735.0,0.0,0.0,0.0,2,3727.0,3735.0,2,3735.0,3737.0,0.0,0.0,0.0,0.0,492
2023-05-09 21:11:46,hc2312,hc2312,3735.0,0.0,0.0,0.0,2,3727.0,3735.0,2,3735.0,3737.0,0.0,0.0,0.0,0.0,492
2023-05-09 21:11:46,hc2312,hc2312,3735.0,0.0,0.0,0.0,2,3727.0,3734.0,2,3735.0,3737.0,0.0,0.0,0.0,0.0,492
2023-05-09 21:11:47,hc2312,hc2312,3735.0,0.0,0.0,0.0,2,3727.0,3734.0,2,3735.0,3737.0,0.0,0.0,0.0,0.0,492
2023-05-09 21:11:47,hc2312,hc2312,3735.0,0.0,0.0,0.0,2,3727.0,3734.0,4,3735.0,3737.0,0.0,0.0,0.0,0.0,492
2023-05-09 21:11:54,hc2312,hc2312,3735.0,0.0,0.0,0.0,2,3727.0,3734.0,4,3735.0,3737.0,0.0,0.0,0.0,0.0,492
2023-05-09 21:11:54,hc2312,hc2312,3735.0,0.0,0.0,0.0,2,3727.0,3734.0,4,3735.0,3737.0,0.0,0.0,0.0,0.0,492
2023-05-09 21:11:55,hc2312,hc2312,3735.0,0.0,0.0,0.0,2,3727.0,3734.0,4,3735.0,3737.0,0.0,0.0,0.0,0.0,492
2023-05-09 21:11:55,hc2312,hc2312,3735.0,0.0,0.0,0.0,2,3727.0,3734.0,4,3735.0,3737.0,0.0,0.0,0.0,0.0,492
2023-05-09 21:11:58,hc2312,hc2312,3735.0,0.0,0.0,0.0,2,3727.0,3734.0,4,3735.0,3737.0,0.0,0.0,0.0,0.0,492
2023-05-09 21:11:59,hc2312,hc2312,3735.0,0.0,0.0,0.0,2,3727.0,3734.0,4,3735.0,3737.0,0.0,0.0,0.0,0.0,492
2023-05-09 21:11:59,hc2312,hc2312,3735.0,0.0,0.0,0.0,2,3727.0,3734.0,2,3735.0,3737.0,0.0,0.0,0.0,0.0,492
2023-05-09 21:12:00,hc2312,hc2312,3735.0,0.0,0.0,0.0,2,3727.0,3734.0,2,3735.0,3737.0,0.0,0.0,0.0,0.0,492
2023-05-09 21:12:01,hc2312,hc2312,3735.0,0.0,0.0,0.0,2,3727.0,3734.0,2,3735.0,3737.0,0.0,0.0,0.0,0.0,492
2023-05-09 21:12:02,hc2312,hc2312,3735.0,0.0,0.0,0.0,2,3727.0,3734.0,2,3735.0,3737.0,0.0,0.0,0.0,0.0,492
2023-05-09 21:12:03,hc2312,hc2312,3735.0,0.0,0.0,0.0,2,3727.0,3734.0,2,3735.0,3737.0,0.0,0.0,0.0,0.0,492
2023-05-09 21:12:04,hc2312,hc2312,3735.0,0.0,0.0,0.0,2,3727.0,3734.0,2,3735.0,3737.0,0.0,0.0,0.0,0.0,492
2023-05-09 21:12:04,hc2312,hc2312,3735.0,0.0,0.0,0.0,2,3727.0,3734.0,2,3735.0,3737.0,0.0,0.0,0.0,0.0,492
2023-05-09 21:12:05,hc2312,hc2312,3735.0,0.0,0.0,0.0,2,3727.0,3734.0,2,3735.0,3737.0,0.0,0.0,0.0,0.0,492
2023-05-09 21:12:07,hc2312,hc2312,3735.0,0.0,0.0,0.0,2,3727.0,3734.0,2,3735.0,3737.0,0.0,0.0,0.0,0.0,492
2023-05-09 21:12:07,hc2312,hc2312,3735.0,0.0,0.0,0.0,2,3727.0,3734.0,2,3735.0,3737.0,0.0,0.0,0.0,0.0,492
2023-05-09 21:12:08,hc2312,hc2312,3735.0,0.0,0.0,0.0,2,3727.0,3734.0,2,3735.0,3737.0,0.0,0.0,0.0,0.0,492
2023-05-09 21:12:09,hc2312,hc2312,3735.0,0.0,0.0,0.0,2,3727.0,3734.0,2,3735.0,3737.0,0.0,0.0,0.0,0.0,492
2023-05-09 21:12:14,hc2312,hc2312,3735.0,0.0,0.0,0.0,2,3727.0,3734.0,2,3735.0,3737.0,0.0,0.0,0.0,0.0,492
2023-05-09 21:12:14,hc2312,hc2312,3735.0,0.0,0.0,0.0,2,3727.0,3734.0,2,3735.0,3737.0,0.0,0.0,0.0,0.0,492
2023-05-09 21:12:15,hc2312,hc2312,3735.0,0.0,0.0,0.0,2,3727.0,3734.0,2,3735.0,3737.0,0.0,0.0,0.0,0.0,492
2023-05-09 21:12:15,hc2312,hc2312,3735.0,0.0,0.0,0.0,2,3727.0,3734.0,2,3735.0,3737.0,0.0,0.0,0.0,0.0,492
2023-05-09 21:12:18,hc2312,hc2312,3735.0,0.0,0.0,0.0,2,3727.0,3734.0,2,3735.0,3737.0,0.0,0.0,0.0,0.0,492
2023-05-09 21:12:18,hc2312,hc2312,3735.0,0.0,0.0,0.0,2,3727.0,3734.0,2,3735.0,3737.0,0.0,0.0,0.0,0.0,492
2023-05-09 21:12:19,hc2312,hc2312,3735.0,0.0,0.0,0.0,2,3727.0,3734.0,2,3735.0,3737.0,0.0,0.0,0.0,0.0,492
2023-05-09 21:12:20,hc2312,hc2312,3735.0,0.0,0.0,0.0,2,3727.0,3734.0,2,3735.0,3737.0,0.0,0.0,0.0,0.0,492
2023-05-09 21:12:22,hc2312,hc2312,3735.0,0.0,0.0,0.0,2,3727.0,3734.0,2,3735.0,3737.0,0.0,0.0,0.0,0.0,492
2023-05-09 21:12:22,hc2312,hc2312,3735.0,0.0,0.0,0.0,2,3727.0,3734.0,2,3735.0,3737.0,0.0,0.0,0.0,0.0,492
2023-05-09 21:12:25,hc2312,hc2312,3735.0,0.0,0.0,0.0,2,3727.0,3734.0,2,3735.0,3737.0,0.0,0.0,0.0,0.0,492
2023-05-09 21:12:26,hc2312,hc2312,3735.0,0.0,0.0,0.0,2,3727.0,3734.0,2,3735.0,3737.0,0.0,0.0,0.0,0.0,492
2023-05-09 21:12:29,hc2312,hc2312,3735.0,0.0,0.0,0.0,2,3727.0,3734.0,2,3735.0,3737.0,0.0,0.0,0.0,0.0,492
2023-05-09 21:12:30,hc2312,hc2312,3735.0,0.0,0.0,0.0,2,3727.0,3734.0,2,3735.0,3737.0,0.0,0.0,0.0,0.0,492
2023-05-09 21:12:31,hc2312,hc2312,3735.0,0.0,0.0,0.0,2,3727.0,3739.0,1,3735.0,3737.0,0.0,0.0,0.0,0.0,492
2023-05-09 21:12:32,hc2312,hc2312,3735.0,0.0,0.0,0.0,2,3727.0,3735.0,2,3735.0,3737.0,0.0,0.0,0.0,0.0,492
2023-05-09 21:12:32,hc2312,hc2312,3735.0,0.0,0.0,0.0,2,3727.0,3735.0,2,3735.0,3737.0,0.0,0.0,0.0,0.0,492
2023-05-09 21:12:33,hc2312,hc2312,3735.0,0.0,0.0,0.0,2,3727.0,3735.0,2,3735.0,3737.0,0.0,0.0,0.0,0.0,492
2023-05-09 21:12:51,hc2312,hc2312,3735.0,0.0,0.0,0.0,2,3727.0,3735.0,2,3735.0,3737.0,0.0,0.0,0.0,0.0,492
2023-05-09 21:12:51,hc2312,hc2312,3735.0,0.0,0.0,0.0,2,3727.0,3735.0,2,3735.0,3737.0,0.0,0.0,0.0,0.0,492
2023-05-09 21:12:54,hc2312,hc2312,3735.0,0.0,0.0,0.0,2,3727.0,3735.0,2,3735.0,3737.0,0.0,0.0,0.0,0.0,492
2023-05-09 21:12:54,hc2312,hc2312,3735.0,0.0,0.0,0.0,2,3727.0,3735.0,2,3735.0,3737.0,0.0,0.0,0.0,0.0,492
2023-05-09 21:12:55,hc2312,hc2312,3735.0,0.0,0.0,0.0,2,3727.0,3735.0,2,3735.0,3737.0,0.0,0.0,0.0,0.0,492
2023-05-09 21:12:56,hc2312,hc2312,3735.0,0.0,0.0,0.0,2,3727.0,3735.0,2,3735.0,3737.0,0.0,0.0,0.0,0.0,492
2023-05-09 21:12:57,hc2312,hc2312,3735.0,0.0,0.0,0.0,2,3727.0,3735.0,2,3735.0,3737.0,0.0,0.0,0.0,0.0,492
2023-05-09 21:12:58,hc2312,hc2312,3735.0,0.0,0.0,0.0,2,3728.0,3735.0,2,3735.0,3737.0,0.0,0.0,0.0,0.0,492
2023-05-09 21:12:59,hc2312,hc2312,3735.0,0.0,0.0,0.0,2,3728.0,3735.0,2,3735.0,3737.0,0.0,0.0,0.0,0.0,492
2023-05-09 21:12:59,hc2312,hc2312,3735.0,0.0,0.0,0.0,2,3728.0,3735.0,2,3735.0,3737.0,0.0,0.0,0.0,0.0,492
2023-05-09 21:13:00,hc2312,hc2312,3735.0,0.0,0.0,0.0,2,3730.0,3735.0,2,3735.0,3737.0,0.0,0.0,0.0,0.0,492
2023-05-09 21:13:00,hc2312,hc2312,3735.0,0.0,0.0,0.0,2,3730.0,3735.0,2,3735.0,3737.0,0.0,0.0,0.0,0.0,492
2023-05-09 21:13:03,hc2312,hc2312,3735.0,0.0,0.0,0.0,2,3730.0,3735.0,2,3735.0,3737.0,0.0,0.0,0.0,0.0,492
2023-05-09 21:13:03,hc2312,hc2312,3735.0,0.0,0.0,0.0,1,3730.0,3735.0,2,3735.0,3737.0,0.0,0.0,0.0,0.0,492
2023-05-09 21:13:04,hc2312,hc2312,3735.0,0.0,0.0,0.0,1,3730.0,3735.0,2,3735.0,3737.0,0.0,0.0,0.0,0.0,492
2023-05-09 21:13:05,hc2312,hc2312,3735.0,0.0,0.0,0.0,1,3723.0,3735.0,2,3735.0,3737.0,0.0,0.0,0.0,0.0,492
2023-05-09 21:13:05,hc2312,hc2312,3735.0,0.0,0.0,0.0,2,3728.0,3734.0,2,3735.0,3737.0,0.0,0.0,0.0,0.0,492
2023-05-09 21:13:06,hc2312,hc2312,3735.0,0.0,0.0,0.0,2,3728.0,3734.0,2,3735.0,3737.0,0.0,0.0,0.0,0.0,492
2023-05-09 21:13:06,hc2312,hc2312,3735.0,0.0,0.0,0.0,2,3728.0,3734.0,2,3735.0,3737.0,0.0,0.0,0.0,0.0,492
2023-05-09 21:13:07,hc2312,hc2312,3735.0,0.0,0.0,0.0,1,3728.0,3734.0,2,3735.0,3737.0,0.0,0.0,0.0,0.0,492
2023-05-09 21:13:07,hc2312,hc2312,3735.0,0.0,0.0,0.0,2,3728.0,3734.0,3,3735.0,3737.0,0.0,0.0,0.0,0.0,492
2023-05-09 21:13:08,hc2312,hc2312,3735.0,0.0,0.0,0.0,2,3728.0,3734.0,2,3735.0,3737.0,0.0,0.0,0.0,0.0,492
2023-05-09 21:13:08,hc2312,hc2312,3735.0,0.0,0.0,0.0,2,3728.0,3734.0,2,3735.0,3737.0,0.0,0.0,0.0,0.0,492
2023-05-09 21:13:09,hc2312,hc2312,3735.0,0.0,0.0,0.0,2,3728.0,3734.0,2,3735.0,3737.0,0.0,0.0,0.0,0.0,492
2023-05-09 21:13:09,hc2312,hc2312,3735.0,0.0,0.0,0.0,2,3728.0,3734.0,2,3735.0,3737.0,0.0,0.0,0.0,0.0,492
2023-05-09 21:13:16,hc2312,hc2312,3735.0,0.0,0.0,0.0,2,3723.0,3734.0,2,3735.0,3737.0,0.0,0.0,0.0,0.0,492
2023-05-09 21:13:17,hc2312,hc2312,3735.0,0.0,0.0,0.0,2,3728.0,3734.0,2,3735.0,3737.0,0.0,0.0,0.0,0.0,492
2023-05-09 21:13:17,hc2312,hc2312,3735.0,0.0,0.0,0.0,2,3728.0,3734.0,2,3735.0,3737.0,0.0,0.0,0.0,0.0,492
2023-05-09 21:13:19,hc2312,hc2312,3735.0,0.0,0.0,0.0,2,3728.0,3734.0,2,3735.0,3737.0,0.0,0.0,0.0,0.0,492
2023-05-09 21:13:19,hc2312,hc2312,3735.0,0.0,0.0,0.0,2,3728.0,3734.0,2,3735.0,3737.0,0.0,0.0,0.0,0.0,492
2023-05-09 21:13:20,hc2312,hc2312,3735.0,0.0,0.0,0.0,2,3728.0,3734.0,2,3735.0,3737.0,0.0,0.0,0.0,0.0,492
2023-05-09 21:13:21,hc2312,hc2312,3735.0,0.0,0.0,0.0,2,3728.0,3734.0,2,3735.0,3737.0,0.0,0.0,0.0,0.0,492
2023-05-09 21:13:22,hc2312,hc2312,3735.0,0.0,0.0,0.0,2,3728.0,3734.0,2,3735.0,3737.0,0.0,0.0,0.0,0.0,492
2023-05-09 21:13:23,hc2312,hc2312,3735.0,0.0,0.0,0.0,2,3728.0,3739.0,1,3735.0,3737.0,0.0,0.0,0.0,0.0,492
2023-05-09 21:13:23,hc2312,hc2312,3735.0,0.0,0.0,0.0,2,3728.0,3736.0,2,3735.0,3737.0,0.0,0.0,0.0,0.0,492
2023-05-09 21:13:24,hc2312,hc2312,3735.0,0.0,0.0,0.0,2,3728.0,3736.0,2,3735.0,3737.0,0.0,0.0,0.0,0.0,492
2023-05-09 21:13:24,hc2312,hc2312,3735.0,0.0,0.0,0.0,2,3728.0,3736.0,2,3735.0,3737.0,0.0,0.0,0.0,0.0,492
2023-05-09 21:13:25,hc2312,hc2312,3735.0,0.0,0.0,0.0,2,3728.0,3736.0,2,3735.0,3737.0,0.0,0.0,0.0,0.0,492
2023-05-09 21:13:26,hc2312,hc2312,3735.0,0.0,0.0,0.0,2,3728.0,3736.0,2,3735.0,3737.0,0.0,0.0,0.0,0.0,492
2023-05-09 21:13:27,hc2312,hc2312,3735.0,0.0,0.0,0.0,2,3728.0,3736.0,2,3735.0,3737.0,0.0,0.0,0.0,0.0,492
2023-05-09 21:13:32,hc2312,hc2312,3735.0,0.0,0.0,0.0,2,3728.0,3736.0,2,3735.0,3737.0,0.0,0.0,0.0,0.0,492
2023-05-09 21:13:32,hc2312,hc2312,3735.0,0.0,0.0,0.0,2,3728.0,3736.0,2,3735.0,3737.0,0.0,0.0,0.0,0.0,492
2023-05-09 21:13:39,hc2312,hc2312,3735.0,0.0,0.0,0.0,2,3728.0,3736.0,2,3735.0,3737.0,0.0,0.0,0.0,0.0,492
2023-05-09 21:13:40,hc2312,hc2312,3735.0,0.0,0.0,0.0,2,3728.0,3736.0,2,3735.0,3737.0,0.0,0.0,0.0,0.0,492
2023-05-09 21:13:40,hc2312,hc2312,3735.0,0.0,0.0,0.0,2,3728.0,3735.0,2,3735.0,3737.0,0.0,0.0,0.0,0.0,492
2023-05-09 21:13:41,hc2312,hc2312,3735.0,0.0,0.0,0.0,2,3728.0,3735.0,2,3735.0,3737.0,0.0,0.0,0.0,0.0,492
2023-05-09 21:13:42,hc2312,hc2312,3735.0,0.0,0.0,0.0,2,3728.0,3736.0,2,3735.0,3737.0,0.0,0.0,0.0,0.0,492
2023-05-09 21:13:44,hc2312,hc2312,3735.0,0.0,0.0,0.0,2,3728.0,3736.0,2,3735.0,3737.0,0.0,0.0,0.0,0.0,492
2023-05-09 21:13:45,hc2312,hc2312,3735.0,0.0,0.0,0.0,2,3728.0,3736.0,2,3735.0,3737.0,0.0,0.0,0.0,0.0,492
2023-05-09 21:13:45,hc2312,hc2312,3735.0,0.0,0.0,0.0,2,3728.0,3736.0,2,3735.0,3737.0,0.0,0.0,0.0,0.0,492
2023-05-09 21:13:46,hc2312,hc2312,3735.0,0.0,0.0,0.0,2,3728.0,3736.0,2,3735.0,3737.0,0.0,0.0,0.0,0.0,492
2023-05-09 21:13:47,hc2312,hc2312,3735.0,0.0,0.0,0.0,2,3728.0,3736.0,2,3735.0,3737.0,0.0,0.0,0.0,0.0,492
2023-05-09 21:13:48,hc2312,hc2312,3735.0,0.0,0.0,0.0,2,3728.0,3736.0,2,3735.0,3737.0,0.0,0.0,0.0,0.0,492
2023-05-09 21:13:49,hc2312,hc2312,3735.0,0.0,0.0,0.0,2,3728.0,3736.0,2,3735.0,3737.0,0.0,0.0,0.0,0.0,492
2023-05-09 21:13:50,hc2312,hc2312,3735.0,0.0,0.0,0.0,2,3728.0,3736.0,2,3735.0,3737.0,0.0,0.0,0.0,0.0,492
2023-05-09 21:13:54,hc2312,hc2312,3735.0,0.0,0.0,0.0,2,3728.0,3736.0,2,3735.0,3737.0,0.0,0.0,0.0,0.0,492
2023-05-09 21:13:54,hc2312,hc2312,3735.0,0.0,0.0,0.0,2,3728.0,3736.0,2,3735.0,3737.0,0.0,0.0,0.0,0.0,492
2023-05-09 21:13:57,hc2312,hc2312,3735.0,0.0,0.0,0.0,2,3728.0,3736.0,2,3735.0,3737.0,0.0,0.0,0.0,0.0,492
2023-05-09 21:14:00,hc2312,hc2312,3735.0,0.0,0.0,0.0,2,3728.0,3736.0,2,3735.0,3737.0,0.0,0.0,0.0,0.0,492
2023-05-09 21:14:00,hc2312,hc2312,3735.0,0.0,0.0,0.0,2,3728.0,3736.0,2,3735.0,3737.0,0.0,0.0,0.0,0.0,492
2023-05-09 21:14:15,hc2312,hc2312,3735.0,0.0,0.0,0.0,2,3728.0,3736.0,2,3735.0,3737.0,0.0,0.0,0.0,0.0,492
2023-05-09 21:14:16,hc2312,hc2312,3735.0,0.0,0.0,0.0,2,3728.0,3736.0,2,3735.0,3737.0,0.0,0.0,0.0,0.0,492
2023-05-09 21:14:20,hc2312,hc2312,3735.0,0.0,0.0,0.0,2,3728.0,3736.0,2,3735.0,3737.0,0.0,0.0,0.0,0.0,492
2023-05-09 21:14:21,hc2312,hc2312,3735.0,0.0,0.0,0.0,2,3728.0,3736.0,2,3735.0,3737.0,0.0,0.0,0.0,0.0,492
2023-05-09 21:14:22,hc2312,hc2312,3735.0,0.0,0.0,0.0,2,3729.0,3736.0,2,3735.0,3737.0,0.0,0.0,0.0,0.0,492
2023-05-09 21:14:23,hc2312,hc2312,3735.0,0.0,0.0,0.0,2,3728.0,3736.0,2,3735.0,3737.0,0.0,0.0,0.0,0.0,492
2023-05-09 21:14:32,hc2312,hc2312,3735.0,0.0,0.0,0.0,2,3728.0,3736.0,2,3735.0,3737.0,0.0,0.0,0.0,0.0,492
2023-05-09 21:14:33,hc2312,hc2312,3735.0,0.0,0.0,0.0,2,3728.0,3736.0,2,3735.0,3737.0,0.0,0.0,0.0,0.0,492
2023-05-09 21:14:46,hc2312,hc2312,3735.0,0.0,0.0,0.0,2,3728.0,3736.0,2,3735.0,3737.0,0.0,0.0,0.0,0.0,492
2023-05-09 21:14:46,hc2312,hc2312,3735.0,0.0,0.0,0.0,2,3728.0,3736.0,2,3735.0,3737.0,0.0,0.0,0.0,0.0,492
2023-05-09 21:14:51,hc2312,hc2312,3735.0,0.0,0.0,0.0,2,3728.0,3736.0,2,3735.0,3737.0,0.0,0.0,0.0,0.0,492
2023-05-09 21:14:51,hc2312,hc2312,3735.0,0.0,0.0,0.0,2,3728.0,3736.0,2,3735.0,3737.0,0.0,0.0,0.0,0.0,492
2023-05-09 21:14:52,hc2312,hc2312,3735.0,0.0,0.0,0.0,2,3728.0,3736.0,2,3735.0,3737.0,0.0,0.0,0.0,0.0,492
2023-05-09 21:14:53,hc2312,hc2312,3735.0,0.0,0.0,0.0,2,3728.0,3736.0,2,3735.0,3737.0,0.0,0.0,0.0,0.0,492
2023-05-09 21:14:56,hc2312,hc2312,3735.0,0.0,0.0,0.0,2,3728.0,3736.0,2,3735.0,3737.0,0.0,0.0,0.0,0.0,492
2023-05-09 21:14:56,hc2312,hc2312,3735.0,0.0,0.0,0.0,2,3728.0,3736.0,2,3735.0,3737.0,0.0,0.0,0.0,0.0,492
2023-05-09 21:14:57,hc2312,hc2312,3735.0,0.0,0.0,0.0,2,3728.0,3736.0,2,3735.0,3737.0,0.0,0.0,0.0,0.0,492
2023-05-09 21:14:57,hc2312,hc2312,3735.0,0.0,0.0,0.0,2,3728.0,3736.0,2,3735.0,3737.0,0.0,0.0,0.0,0.0,492
2023-05-09 21:14:58,hc2312,hc2312,3735.0,0.0,0.0,0.0,2,3728.0,3736.0,2,3735.0,3737.0,0.0,0.0,0.0,0.0,492
2023-05-09 21:14:58,hc2312,hc2312,3735.0,0.0,0.0,0.0,2,3728.0,3736.0,2,3735.0,3737.0,0.0,0.0,0.0,0.0,492
2023-05-09 21:15:00,hc2312,hc2312,3735.0,0.0,0.0,0.0,2,3728.0,3736.0,2,3735.0,3737.0,0.0,0.0,0.0,0.0,492
2023-05-09 21:15:01,hc2312,hc2312,3735.0,0.0,0.0,0.0,2,3728.0,3736.0,2,3735.0,3737.0,0.0,0.0,0.0,0.0,492
2023-05-09 21:15:02,hc2312,hc2312,3735.0,0.0,0.0,0.0,2,3728.0,3736.0,2,3735.0,3737.0,0.0,0.0,0.0,0.0,492
2023-05-09 21:15:03,hc2312,hc2312,3735.0,0.0,0.0,0.0,2,3728.0,3736.0,2,3735.0,3737.0,0.0,0.0,0.0,0.0,492
2023-05-09 21:15:03,hc2312,hc2312,3735.0,0.0,0.0,0.0,2,3728.0,3735.0,2,3735.0,3737.0,0.0,0.0,0.0,0.0,492
2023-05-09 21:15:05,hc2312,hc2312,3735.0,0.0,0.0,0.0,2,3728.0,3736.0,2,3735.0,3737.0,0.0,0.0,0.0,0.0,492
2023-05-09 21:15:09,hc2312,hc2312,3735.0,0.0,0.0,0.0,2,3728.0,3736.0,2,3735.0,3737.0,0.0,0.0,0.0,0.0,492
2023-05-09 21:15:09,hc2312,hc2312,3735.0,0.0,0.0,0.0,2,3728.0,3736.0,2,3735.0,3737.0,0.0,0.0,0.0,0.0,492
2023-05-09 21:15:12,hc2312,hc2312,3735.0,0.0,0.0,0.0,2,3728.0,3736.0,2,3735.0,3737.0,0.0,0.0,0.0,0.0,492
2023-05-09 21:15:13,hc2312,hc2312,3735.0,0.0,0.0,0.0,2,3728.0,3736.0,2,3735.0,3737.0,0.0,0.0,0.0,0.0,492
2023-05-09 21:15:23,hc2312,hc2312,3735.0,0.0,0.0,0.0,2,3728.0,3736.0,2,3735.0,3737.0,0.0,0.0,0.0,0.0,492
2023-05-09 21:15:24,hc2312,hc2312,3735.0,0.0,0.0,0.0,2,3728.0,3736.0,2,3735.0,3737.0,0.0,0.0,0.0,0.0,492
2023-05-09 21:15:24,hc2312,hc2312,3735.0,0.0,0.0,0.0,2,3728.0,3736.0,2,3735.0,3737.0,0.0,0.0,0.0,0.0,492
2023-05-09 21:15:43,hc2312,hc2312,3735.0,0.0,0.0,0.0,2,3728.0,3736.0,2,3735.0,3737.0,0.0,0.0,0.0,0.0,492
2023-05-09 21:15:43,hc2312,hc2312,3735.0,0.0,0.0,0.0,2,3728.0,3736.0,2,3735.0,3737.0,0.0,0.0,0.0,0.0,492
2023-05-09 21:15:46,hc2312,hc2312,3735.0,0.0,0.0,0.0,2,3729.0,3736.0,2,3735.0,3737.0,0.0,0.0,0.0,0.0,492
2023-05-09 21:15:46,hc2312,hc2312,3735.0,0.0,0.0,0.0,2,3729.0,3736.0,2,3735.0,3737.0,0.0,0.0,0.0,0.0,492
2023-05-09 21:15:47,hc2312,hc2312,3735.0,0.0,0.0,0.0,2,3729.0,3736.0,2,3735.0,3737.0,0.0,0.0,0.0,0.0,492
2023-05-09 21:15:47,hc2312,hc2312,3735.0,0.0,0.0,0.0,2,3731.0,3736.0,2,3735.0,3737.0,0.0,0.0,0.0,0.0,492
2023-05-09 21:15:48,hc2312,hc2312,3735.0,0.0,0.0,0.0,2,3731.0,3736.0,2,3735.0,3737.0,0.0,0.0,0.0,0.0,492
2023-05-09 21:16:03,hc2312,hc2312,3735.0,0.0,0.0,0.0,1,3727.0,3736.0,2,3735.0,3737.0,0.0,0.0,0.0,0.0,492
2023-05-09 21:16:03,hc2312,hc2312,3735.0,0.0,0.0,0.0,2,3728.0,3736.0,2,3735.0,3737.0,0.0,0.0,0.0,0.0,492
2023-05-09 21:16:21,hc2312,hc2312,3735.0,0.0,0.0,0.0,2,3728.0,3736.0,2,3735.0,3737.0,0.0,0.0,0.0,0.0,492
2023-05-09 21:16:22,hc2312,hc2312,3735.0,0.0,0.0,0.0,2,3728.0,3736.0,2,3735.0,3737.0,0.0,0.0,0.0,0.0,492
2023-05-09 21:16:28,hc2312,hc2312,3735.0,0.0,0.0,0.0,2,3729.0,3736.0,2,3735.0,3737.0,0.0,0.0,0.0,0.0,492
2023-05-09 21:16:29,hc2312,hc2312,3735.0,0.0,0.0,0.0,2,3728.0,3736.0,2,3735.0,3737.0,0.0,0.0,0.0,0.0,492
2023-05-09 21:17:04,hc2312,hc2312,3735.0,0.0,0.0,0.0,2,3728.0,3736.0,2,3735.0,3737.0,0.0,0.0,0.0,0.0,492
2023-05-09 21:17:09,hc2312,hc2312,3735.0,0.0,0.0,0.0,2,3728.0,3735.0,2,3735.0,3737.0,0.0,0.0,0.0,0.0,492
2023-05-09 21:17:11,hc2312,hc2312,3735.0,0.0,0.0,0.0,2,3728.0,3736.0,2,3735.0,3737.0,0.0,0.0,0.0,0.0,492
2023-05-09 21:17:50,hc2312,hc2312,3735.0,0.0,0.0,0.0,2,3728.0,3735.0,2,3735.0,3737.0,0.0,0.0,0.0,0.0,492
2023-05-09 21:17:52,hc2312,hc2312,3735.0,0.0,0.0,0.0,2,3728.0,3736.0,2,3735.0,3737.0,0.0,0.0,0.0,0.0,492
2023-05-09 21:17:54,hc2312,hc2312,3735.0,0.0,0.0,0.0,2,3728.0,3736.0,2,3735.0,3737.0,0.0,0.0,0.0,0.0,492
2023-05-09 21:17:55,hc2312,hc2312,3735.0,0.0,0.0,0.0,2,3728.0,3736.0,2,3735.0,3737.0,0.0,0.0,0.0,0.0,492
2023-05-09 21:18:24,hc2312,hc2312,3735.0,0.0,0.0,0.0,2,3728.0,3736.0,2,3735.0,3737.0,0.0,0.0,0.0,0.0,492
2023-05-09 21:18:31,hc2312,hc2312,3735.0,0.0,0.0,0.0,2,3728.0,3735.0,2,3735.0,3737.0,0.0,0.0,0.0,0.0,492
2023-05-09 21:18:32,hc2312,hc2312,3735.0,0.0,0.0,0.0,2,3728.0,3736.0,2,3735.0,3737.0,0.0,0.0,0.0,0.0,492
2023-05-09 21:18:35,hc2312,hc2312,3735.0,0.0,0.0,0.0,2,3728.0,3736.0,2,3735.0,3737.0,0.0,0.0,0.0,0.0,492
2023-05-09 21:18:36,hc2312,hc2312,3735.0,0.0,0.0,0.0,2,3728.0,3736.0,2,3735.0,3737.0,0.0,0.0,0.0,0.0,492
2023-05-09 21:19:00,hc2312,hc2312,3735.0,0.0,0.0,0.0,2,3728.0,3736.0,2,3735.0,3737.0,0.0,0.0,0.0,0.0,492
2023-05-09 21:19:02,hc2312,hc2312,3735.0,0.0,0.0,0.0,2,3728.0,3736.0,2,3735.0,3737.0,0.0,0.0,0.0,0.0,492
2023-05-09 21:19:02,hc2312,hc2312,3735.0,0.0,0.0,0.0,2,3728.0,3736.0,2,3735.0,3737.0,0.0,0.0,0.0,0.0,492
2023-05-09 21:19:12,hc2312,hc2312,3735.0,0.0,0.0,0.0,2,3729.0,3736.0,2,3735.0,3737.0,0.0,0.0,0.0,0.0,492
2023-05-09 21:19:13,hc2312,hc2312,3735.0,0.0,0.0,0.0,2,3728.0,3736.0,2,3735.0,3737.0,0.0,0.0,0.0,0.0,492
2023-05-09 21:19:30,hc2312,hc2312,3735.0,0.0,0.0,0.0,2,3728.0,3736.0,2,3735.0,3737.0,0.0,0.0,0.0,0.0,492
2023-05-09 21:19:30,hc2312,hc2312,3735.0,0.0,0.0,0.0,2,3728.0,3736.0,2,3735.0,3737.0,0.0,0.0,0.0,0.0,492
2023-05-09 21:19:52,hc2312,hc2312,3735.0,0.0,0.0,0.0,2,3729.0,3736.0,2,3735.0,3737.0,0.0,0.0,0.0,0.0,492
2023-05-09 21:19:53,hc2312,hc2312,3735.0,0.0,0.0,0.0,2,3729.0,3736.0,2,3735.0,3737.0,0.0,0.0,0.0,0.0,492
2023-05-09 21:19:53,hc2312,hc2312,3735.0,0.0,0.0,0.0,2,3730.0,3736.0,2,3735.0,3737.0,0.0,0.0,0.0,0.0,492
2023-05-09 21:19:54,hc2312,hc2312,3735.0,0.0,0.0,0.0,2,3730.0,3736.0,2,3735.0,3737.0,0.0,0.0,0.0,0.0,492
2023-05-09 21:20:03,hc2312,hc2312,3735.0,0.0,0.0,0.0,2,3730.0,3736.0,2,3735.0,3737.0,0.0,0.0,0.0,0.0,492
2023-05-09 21:20:04,hc2312,hc2312,3735.0,0.0,0.0,0.0,2,3730.0,3736.0,2,3735.0,3737.0,0.0,0.0,0.0,0.0,492
2023-05-09 21:20:09,hc2312,hc2312,3735.0,0.0,0.0,0.0,2,3730.0,3743.0,1,3735.0,3737.0,0.0,0.0,0.0,0.0,492
2023-05-09 21:20:09,hc2312,hc2312,3735.0,0.0,0.0,0.0,2,3730.0,3737.0,2,3735.0,3737.0,0.0,0.0,0.0,0.0,492
2023-05-09 21:20:10,hc2312,hc2312,3735.0,0.0,0.0,0.0,2,3730.0,3737.0,2,3735.0,3737.0,0.0,0.0,0.0,0.0,492
2023-05-09 21:20:10,hc2312,hc2312,3735.0,0.0,0.0,0.0,2,3730.0,3737.0,2,3735.0,3737.0,0.0,0.0,0.0,0.0,492
2023-05-09 21:20:11,hc2312,hc2312,3735.0,0.0,0.0,0.0,2,3730.0,3737.0,2,3735.0,3737.0,0.0,0.0,0.0,0.0,492
2023-05-09 21:20:11,hc2312,hc2312,3735.0,0.0,0.0,0.0,2,3730.0,3737.0,2,3735.0,3737.0,0.0,0.0,0.0,0.0,492
2023-05-09 21:20:17,hc2312,hc2312,3737.0,1.0,37370.0,0.0,2,3730.0,3742.0,10,3735.0,3737.0,3737.0,3737.0,1.0,37370.0,492
2023-05-09 21:20:18,hc2312,hc2312,3737.0,0.0,0.0,0.0,1,3734.0,3738.0,1,3735.0,3737.0,3737.0,3737.0,1.0,37370.0,492
2023-05-09 21:20:18,hc2312,hc2312,3737.0,0.0,0.0,0.0,1,3734.0,3738.0,1,3735.0,3737.0,3737.0,3737.0,1.0,37370.0,492
2023-05-09 21:20:19,hc2312,hc2312,3737.0,0.0,0.0,0.0,1,3734.0,3738.0,1,3735.0,3737.0,3737.0,3737.0,1.0,37370.0,492
2023-05-09 21:20:20,hc2312,hc2312,3737.0,0.0,0.0,0.0,1,3734.0,3738.0,1,3735.0,3737.0,3737.0,3737.0,1.0,37370.0,492
2023-05-09 21:20:21,hc2312,hc2312,3738.0,1.0,37380.0,0.0,1,3734.0,3742.0,4,3735.0,3737.0,3738.0,3737.0,2.0,74750.0,492
2023-05-09 21:20:21,hc2312,hc2312,3738.0,0.0,0.0,0.0,1,3736.0,3741.0,2,3735.0,3737.0,3738.0,3737.0,2.0,74750.0,492
2023-05-09 21:20:47,hc2312,hc2312,3738.0,0.0,0.0,0.0,1,3736.0,3743.0,1,3735.0,3737.0,3738.0,3737.0,2.0,74750.0,492
2023-05-09 21:20:47,hc2312,hc2312,3738.0,0.0,0.0,0.0,1,3736.0,3742.0,2,3735.0,3737.0,3738.0,3737.0,2.0,74750.0,492
2023-05-09 21:20:48,hc2312,hc2312,3738.0,0.0,0.0,0.0,1,3736.0,3742.0,2,3735.0,3737.0,3738.0,3737.0,2.0,74750.0,492
2023-05-09 21:21:04,hc2312,hc2312,3738.0,0.0,0.0,0.0,1,3736.0,3742.0,4,3735.0,3737.0,3738.0,3737.0,2.0,74750.0,492
2023-05-09 21:21:05,hc2312,hc2312,3738.0,0.0,0.0,0.0,1,3736.0,3741.0,4,3735.0,3737.0,3738.0,3737.0,2.0,74750.0,492
2023-05-09 21:21:05,hc2312,hc2312,3738.0,0.0,0.0,0.0,1,3736.0,3740.0,2,3735.0,3737.0,3738.0,3737.0,2.0,74750.0,492
2023-05-09 21:21:06,hc2312,hc2312,3738.0,0.0,0.0,0.0,1,3736.0,3740.0,2,3735.0,3737.0,3738.0,3737.0,2.0,74750.0,492
2023-05-09 21:21:06,hc2312,hc2312,3736.0,1.0,37360.0,0.0,1,3734.0,3740.0,2,3735.0,3737.0,3738.0,3736.0,3.0,112110.0,492
2023-05-09 21:21:07,hc2312,hc2312,3736.0,0.0,0.0,0.0,1,3734.0,3738.0,1,3735.0,3737.0,3738.0,3736.0,3.0,112110.0,492
2023-05-09 21:21:07,hc2312,hc2312,3736.0,0.0,0.0,0.0,1,3734.0,3738.0,1,3735.0,3737.0,3738.0,3736.0,3.0,112110.0,492
2023-05-09 21:22:00,hc2312,hc2312,3736.0,0.0,0.0,0.0,1,3734.0,3738.0,1,3735.0,3737.0,3738.0,3736.0,3.0,112110.0,492
2023-05-09 21:22:04,hc2312,hc2312,3736.0,0.0,0.0,0.0,1,3734.0,3737.0,2,3735.0,3737.0,3738.0,3736.0,3.0,112110.0,492
2023-05-09 21:22:13,hc2312,hc2312,3734.0,1.0,37340.0,-1.0,1,3732.0,3737.0,2,3735.0,3737.0,3738.0,3734.0,4.0,149450.0,491
2023-05-09 21:22:13,hc2312,hc2312,3734.0,0.0,0.0,0.0,1,3732.0,3737.0,3,3735.0,3737.0,3738.0,3734.0,4.0,149450.0,491
2023-05-09 21:22:19,hc2312,hc2312,3734.0,0.0,0.0,0.0,1,3732.0,3737.0,3,3735.0,3737.0,3738.0,3734.0,4.0,149450.0,491
2023-05-09 21:22:19,hc2312,hc2312,3734.0,0.0,0.0,0.0,1,3730.0,3737.0,3,3735.0,3737.0,3738.0,3734.0,4.0,149450.0,491
2023-05-09 21:22:20,hc2312,hc2312,3734.0,0.0,0.0,0.0,1,3730.0,3735.0,1,3735.0,3737.0,3738.0,3734.0,4.0,149450.0,491
2023-05-09 21:22:20,hc2312,hc2312,3734.0,0.0,0.0,0.0,1,3730.0,3735.0,1,3735.0,3737.0,3738.0,3734.0,4.0,149450.0,491
2023-05-09 21:22:28,hc2312,hc2312,3735.0,1.0,37350.0,0.0,1,3730.0,3737.0,1,3735.0,3737.0,3738.0,3734.0,5.0,186800.0,491
2023-05-09 21:22:29,hc2312,hc2312,3735.0,0.0,0.0,0.0,1,3733.0,3737.0,1,3735.0,3737.0,3738.0,3734.0,5.0,186800.0,491
2023-05-09 21:22:33,hc2312,hc2312,3735.0,0.0,0.0,0.0,1,3733.0,3736.0,2,3735.0,3737.0,3738.0,3734.0,5.0,186800.0,491
2023-05-09 21:22:34,hc2312,hc2312,3735.0,0.0,0.0,0.0,1,3733.0,3736.0,2,3735.0,3737.0,3738.0,3734.0,5.0,186800.0,491
2023-05-09 21:22:43,hc2312,hc2312,3736.0,1.0,37360.0,-1.0,1,3733.0,3736.0,1,3735.0,3737.0,3738.0,3734.0,6.0,224160.0,490
2023-05-09 21:22:44,hc2312,hc2312,3736.0,0.0,0.0,0.0,1,3733.0,3737.0,1,3735.0,3737.0,3738.0,3734.0,6.0,224160.0,490
2023-05-09 21:23:14,hc2312,hc2312,3736.0,0.0,0.0,0.0,1,3733.0,3736.0,1,3735.0,3737.0,3738.0,3734.0,6.0,224160.0,490
2023-05-09 21:24:46,hc2312,hc2312,3733.0,1.0,37330.0,0.0,1,3730.0,3736.0,1,3735.0,3737.0,3738.0,3733.0,7.0,261490.0,490
2023-05-09 21:24:46,hc2312,hc2312,3733.0,0.0,0.0,0.0,1,3730.0,3735.0,1,3735.0,3737.0,3738.0,3733.0,7.0,261490.0,490
2023-05-09 21:24:47,hc2312,hc2312,3733.0,0.0,0.0,0.0,1,3730.0,3734.0,1,3735.0,3737.0,3738.0,3733.0,7.0,261490.0,490
2023-05-09 21:24:53,hc2312,hc2312,3733.0,0.0,0.0,0.0,1,3729.0,3734.0,1,3735.0,3737.0,3738.0,3733.0,7.0,261490.0,490
2023-05-09 21:24:53,hc2312,hc2312,3733.0,0.0,0.0,0.0,1,3729.0,3734.0,1,3735.0,3737.0,3738.0,3733.0,7.0,261490.0,490
2023-05-09 21:25:26,hc2312,hc2312,3733.0,0.0,0.0,0.0,1,3728.0,3734.0,1,3735.0,3737.0,3738.0,3733.0,7.0,261490.0,490
2023-05-09 21:25:27,hc2312,hc2312,3733.0,0.0,0.0,0.0,2,3728.0,3734.0,2,3735.0,3737.0,3738.0,3733.0,7.0,261490.0,490
2023-05-09 21:25:57,hc2312,hc2312,3733.0,0.0,0.0,0.0,2,3728.0,3734.0,1,3735.0,3737.0,3738.0,3733.0,7.0,261490.0,490
2023-05-09 21:25:58,hc2312,hc2312,3733.0,0.0,0.0,0.0,2,3728.0,3735.0,1,3735.0,3737.0,3738.0,3733.0,7.0,261490.0,490
2023-05-09 21:25:58,hc2312,hc2312,3733.0,0.0,0.0,0.0,2,3728.0,3735.0,1,3735.0,3737.0,3738.0,3733.0,7.0,261490.0,490
2023-05-09 21:26:21,hc2312,hc2312,3733.0,0.0,0.0,0.0,2,3728.0,3735.0,1,3735.0,3737.0,3738.0,3733.0,7.0,261490.0,490
2023-05-09 21:26:22,hc2312,hc2312,3733.0,0.0,0.0,0.0,2,3728.0,3735.0,1,3735.0,3737.0,3738.0,3733.0,7.0,261490.0,490
2023-05-09 21:26:22,hc2312,hc2312,3733.0,0.0,0.0,0.0,2,3728.0,3735.0,1,3735.0,3737.0,3738.0,3733.0,7.0,261490.0,490
2023-05-09 21:26:25,hc2312,hc2312,3733.0,0.0,0.0,0.0,2,3728.0,3736.0,1,3735.0,3737.0,3738.0,3733.0,7.0,261490.0,490
2023-05-09 21:26:26,hc2312,hc2312,3733.0,0.0,0.0,0.0,2,3728.0,3736.0,2,3735.0,3737.0,3738.0,3733.0,7.0,261490.0,490
2023-05-09 21:26:34,hc2312,hc2312,3733.0,0.0,0.0,0.0,2,3728.0,3735.0,2,3735.0,3737.0,3738.0,3733.0,7.0,261490.0,490
2023-05-09 21:26:37,hc2312,hc2312,3733.0,0.0,0.0,0.0,2,3728.0,3736.0,2,3735.0,3737.0,3738.0,3733.0,7.0,261490.0,490
2023-05-09 21:26:41,hc2312,hc2312,3733.0,0.0,0.0,0.0,2,3728.0,3736.0,2,3735.0,3737.0,3738.0,3733.0,7.0,261490.0,490
2023-05-09 21:26:42,hc2312,hc2312,3733.0,0.0,0.0,0.0,2,3728.0,3735.0,1,3735.0,3737.0,3738.0,3733.0,7.0,261490.0,490
2023-05-09 21:26:43,hc2312,hc2312,3733.0,0.0,0.0,0.0,2,3728.0,3736.0,2,3735.0,3737.0,3738.0,3733.0,7.0,261490.0,490
2023-05-09 21:26:50,hc2312,hc2312,3733.0,0.0,0.0,0.0,2,3728.0,3736.0,2,3735.0,3737.0,3738.0,3733.0,7.0,261490.0,490
2023-05-09 21:27:02,hc2312,hc2312,3733.0,0.0,0.0,0.0,2,3728.0,3736.0,2,3735.0,3737.0,3738.0,3733.0,7.0,261490.0,490
2023-05-09 21:27:06,hc2312,hc2312,3733.0,0.0,0.0,0.0,2,3728.0,3736.0,2,3735.0,3737.0,3738.0,3733.0,7.0,261490.0,490
2023-05-09 21:27:14,hc2312,hc2312,3733.0,0.0,0.0,0.0,2,3728.0,3742.0,2,3735.0,3737.0,3738.0,3733.0,7.0,261490.0,490
2023-05-09 21:27:15,hc2312,hc2312,3733.0,0.0,0.0,0.0,2,3728.0,3737.0,2,3735.0,3737.0,3738.0,3733.0,7.0,261490.0,490
2023-05-09 21:27:15,hc2312,hc2312,3733.0,0.0,0.0,0.0,2,3728.0,3737.0,2,3735.0,3737.0,3738.0,3733.0,7.0,261490.0,490
2023-05-09 21:27:17,hc2312,hc2312,3733.0,0.0,0.0,0.0,2,3729.0,3736.0,1,3735.0,3737.0,3738.0,3733.0,7.0,261490.0,490
2023-05-09 21:27:17,hc2312,hc2312,3733.0,0.0,0.0,0.0,2,3729.0,3736.0,1,3735.0,3737.0,3738.0,3733.0,7.0,261490.0,490
2023-05-09 21:27:18,hc2312,hc2312,3733.0,0.0,0.0,0.0,2,3731.0,3736.0,1,3735.0,3737.0,3738.0,3733.0,7.0,261490.0,490
2023-05-09 21:27:19,hc2312,hc2312,3733.0,0.0,0.0,0.0,2,3731.0,3736.0,1,3735.0,3737.0,3738.0,3733.0,7.0,261490.0,490
2023-05-09 21:27:31,hc2312,hc2312,3733.0,0.0,0.0,0.0,2,3731.0,3737.0,2,3735.0,3737.0,3738.0,3733.0,7.0,261490.0,490
2023-05-09 21:27:39,hc2312,hc2312,3733.0,0.0,0.0,0.0,2,3731.0,3736.0,1,3735.0,3737.0,3738.0,3733.0,7.0,261490.0,490
2023-05-09 21:28:01,hc2312,hc2312,3733.0,0.0,0.0,0.0,2,3731.0,3736.0,1,3735.0,3737.0,3738.0,3733.0,7.0,261490.0,490
2023-05-09 21:28:36,hc2312,hc2312,3733.0,0.0,0.0,0.0,2,3731.0,3737.0,2,3735.0,3737.0,3738.0,3733.0,7.0,261490.0,490
2023-05-09 21:28:54,hc2312,hc2312,3733.0,0.0,0.0,0.0,2,3731.0,3737.0,2,3735.0,3737.0,3738.0,3733.0,7.0,261490.0,490
2023-05-09 21:28:54,hc2312,hc2312,3733.0,0.0,0.0,0.0,2,3731.0,3737.0,2,3735.0,3737.0,3738.0,3733.0,7.0,261490.0,490
2023-05-09 21:29:07,hc2312,hc2312,3733.0,0.0,0.0,0.0,2,3731.0,3736.0,1,3735.0,3737.0,3738.0,3733.0,7.0,261490.0,490
2023-05-09 21:29:46,hc2312,hc2312,3733.0,0.0,0.0,0.0,2,3731.0,3736.0,1,3735.0,3737.0,3738.0,3733.0,7.0,261490.0,490
2023-05-09 21:29:46,hc2312,hc2312,3733.0,0.0,0.0,0.0,2,3731.0,3736.0,1,3735.0,3737.0,3738.0,3733.0,7.0,261490.0,490
2023-05-09 21:29:50,hc2312,hc2312,3733.0,0.0,0.0,0.0,2,3731.0,3736.0,1,3735.0,3737.0,3738.0,3733.0,7.0,261490.0,490
2023-05-09 21:29:50,hc2312,hc2312,3733.0,0.0,0.0,0.0,2,3731.0,3736.0,1,3735.0,3737.0,3738.0,3733.0,7.0,261490.0,490
2023-05-09 21:29:59,hc2312,hc2312,3733.0,0.0,0.0,0.0,2,3731.0,3737.0,2,3735.0,3737.0,3738.0,3733.0,7.0,261490.0,490
2023-05-09 21:30:02,hc2312,hc2312,3733.0,0.0,0.0,0.0,2,3731.0,3736.0,1,3735.0,3737.0,3738.0,3733.0,7.0,261490.0,490
2023-05-09 21:30:03,hc2312,hc2312,3733.0,0.0,0.0,0.0,1,3727.0,3736.0,1,3735.0,3737.0,3738.0,3733.0,7.0,261490.0,490
2023-05-09 21:30:05,hc2312,hc2312,3733.0,0.0,0.0,0.0,3,3727.0,3736.0,1,3735.0,3737.0,3738.0,3733.0,7.0,261490.0,490
2023-05-09 21:30:19,hc2312,hc2312,3733.0,0.0,0.0,0.0,1,3727.0,3736.0,1,3735.0,3737.0,3738.0,3733.0,7.0,261490.0,490
2023-05-09 21:30:20,hc2312,hc2312,3733.0,0.0,0.0,0.0,1,3727.0,3736.0,1,3735.0,3737.0,3738.0,3733.0,7.0,261490.0,490
2023-05-09 21:30:25,hc2312,hc2312,3733.0,0.0,0.0,0.0,1,3727.0,3735.0,10,3735.0,3737.0,3738.0,3733.0,7.0,261490.0,490
2023-05-09 21:30:25,hc2312,hc2312,3733.0,0.0,0.0,0.0,1,3727.0,3734.0,1,3735.0,3737.0,3738.0,3733.0,7.0,261490.0,490
2023-05-09 21:30:27,hc2312,hc2312,3733.0,0.0,0.0,0.0,1,3727.0,3734.0,1,3735.0,3737.0,3738.0,3733.0,7.0,261490.0,490
2023-05-09 21:30:32,hc2312,hc2312,3733.0,0.0,0.0,0.0,1,3727.0,3734.0,1,3735.0,3737.0,3738.0,3733.0,7.0,261490.0,490
2023-05-09 21:30:32,hc2312,hc2312,3733.0,0.0,0.0,0.0,1,3727.0,3734.0,1,3735.0,3737.0,3738.0,3733.0,7.0,261490.0,490
2023-05-09 21:30:40,hc2312,hc2312,3733.0,0.0,0.0,0.0,1,3727.0,3734.0,1,3735.0,3737.0,3738.0,3733.0,7.0,261490.0,490
2023-05-09 21:30:44,hc2312,hc2312,3733.0,0.0,0.0,0.0,1,3727.0,3734.0,1,3735.0,3737.0,3738.0,3733.0,7.0,261490.0,490
2023-05-09 21:30:45,hc2312,hc2312,3733.0,0.0,0.0,0.0,1,3727.0,3734.0,1,3735.0,3737.0,3738.0,3733.0,7.0,261490.0,490
2023-05-09 21:30:59,hc2312,hc2312,3733.0,0.0,0.0,0.0,1,3727.0,3734.0,1,3735.0,3737.0,3738.0,3733.0,7.0,261490.0,490
2023-05-09 21:30:59,hc2312,hc2312,3733.0,0.0,0.0,0.0,1,3727.0,3734.0,1,3735.0,3737.0,3738.0,3733.0,7.0,261490.0,490
2023-05-09 21:31:00,hc2312,hc2312,3733.0,0.0,0.0,0.0,1,3727.0,3734.0,1,3735.0,3737.0,3738.0,3733.0,7.0,261490.0,490
2023-05-09 21:31:00,hc2312,hc2312,3733.0,0.0,0.0,0.0,1,3727.0,3733.0,8,3735.0,3737.0,3738.0,3733.0,7.0,261490.0,490
2023-05-09 21:31:01,hc2312,hc2312,3733.0,0.0,0.0,0.0,1,3727.0,3732.0,1,3735.0,3737.0,3738.0,3733.0,7.0,261490.0,490
2023-05-09 21:31:09,hc2312,hc2312,3733.0,0.0,0.0,0.0,1,3727.0,3733.0,8,3735.0,3737.0,3738.0,3733.0,7.0,261490.0,490
2023-05-09 21:31:10,hc2312,hc2312,3733.0,0.0,0.0,0.0,1,3727.0,3739.0,2,3735.0,3737.0,3738.0,3733.0,7.0,261490.0,490
2023-05-09 21:31:11,hc2312,hc2312,3733.0,0.0,0.0,0.0,1,3727.0,3738.0,3,3735.0,3737.0,3738.0,3733.0,7.0,261490.0,490
2023-05-09 21:31:11,hc2312,hc2312,3733.0,0.0,0.0,0.0,1,3727.0,3738.0,11,3735.0,3737.0,3738.0,3733.0,7.0,261490.0,490
2023-05-09 21:31:16,hc2312,hc2312,3733.0,0.0,0.0,0.0,1,3727.0,3738.0,11,3735.0,3737.0,3738.0,3733.0,7.0,261490.0,490
2023-05-09 21:31:30,hc2312,hc2312,3733.0,0.0,0.0,0.0,1,3727.0,3738.0,11,3735.0,3737.0,3738.0,3733.0,7.0,261490.0,490
2023-05-09 21:31:31,hc2312,hc2312,3733.0,0.0,0.0,0.0,1,3727.0,3738.0,11,3735.0,3737.0,3738.0,3733.0,7.0,261490.0,490
2023-05-09 21:31:49,hc2312,hc2312,3733.0,0.0,0.0,0.0,1,3727.0,3737.0,2,3735.0,3737.0,3738.0,3733.0,7.0,261490.0,490
2023-05-09 21:31:49,hc2312,hc2312,3733.0,0.0,0.0,0.0,1,3727.0,3736.0,1,3735.0,3737.0,3738.0,3733.0,7.0,261490.0,490
2023-05-09 21:31:50,hc2312,hc2312,3733.0,0.0,0.0,0.0,1,3727.0,3736.0,1,3735.0,3737.0,3738.0,3733.0,7.0,261490.0,490
2023-05-09 21:31:50,hc2312,hc2312,3733.0,0.0,0.0,0.0,1,3727.0,3735.0,8,3735.0,3737.0,3738.0,3733.0,7.0,261490.0,490
2023-05-09 21:31:51,hc2312,hc2312,3733.0,0.0,0.0,0.0,1,3727.0,3734.0,1,3735.0,3737.0,3738.0,3733.0,7.0,261490.0,490
2023-05-09 21:31:52,hc2312,hc2312,3733.0,0.0,0.0,0.0,1,3727.0,3734.0,1,3735.0,3737.0,3738.0,3733.0,7.0,261490.0,490
2023-05-09 21:31:53,hc2312,hc2312,3733.0,0.0,0.0,0.0,2,3727.0,3734.0,1,3735.0,3737.0,3738.0,3733.0,7.0,261490.0,490
2023-05-09 21:32:00,hc2312,hc2312,3733.0,0.0,0.0,0.0,2,3727.0,3734.0,1,3735.0,3737.0,3738.0,3733.0,7.0,261490.0,490
2023-05-09 21:32:22,hc2312,hc2312,3733.0,0.0,0.0,0.0,1,3727.0,3734.0,1,3735.0,3737.0,3738.0,3733.0,7.0,261490.0,490
2023-05-09 21:32:31,hc2312,hc2312,3733.0,0.0,0.0,0.0,1,3727.0,3734.0,1,3735.0,3737.0,3738.0,3733.0,7.0,261490.0,490
2023-05-09 21:32:31,hc2312,hc2312,3733.0,0.0,0.0,0.0,1,3727.0,3734.0,2,3735.0,3737.0,3738.0,3733.0,7.0,261490.0,490
2023-05-09 21:32:32,hc2312,hc2312,3733.0,0.0,0.0,0.0,1,3727.0,3734.0,2,3735.0,3737.0,3738.0,3733.0,7.0,261490.0,490
2023-05-09 21:32:32,hc2312,hc2312,3733.0,0.0,0.0,0.0,1,3727.0,3733.0,9,3735.0,3737.0,3738.0,3733.0,7.0,261490.0,490
2023-05-09 21:32:33,hc2312,hc2312,3733.0,0.0,0.0,0.0,1,3727.0,3732.0,1,3735.0,3737.0,3738.0,3733.0,7.0,261490.0,490
2023-05-09 21:32:33,hc2312,hc2312,3733.0,0.0,0.0,0.0,1,3727.0,3732.0,1,3735.0,3737.0,3738.0,3733.0,7.0,261490.0,490
2023-05-09 21:32:49,hc2312,hc2312,3733.0,0.0,0.0,0.0,1,3727.0,3732.0,1,3735.0,3737.0,3738.0,3733.0,7.0,261490.0,490
2023-05-09 21:33:09,hc2312,hc2312,3733.0,0.0,0.0,0.0,1,3727.0,3732.0,1,3735.0,3737.0,3738.0,3733.0,7.0,261490.0,490
2023-05-09 21:33:09,hc2312,hc2312,3733.0,0.0,0.0,0.0,1,3727.0,3732.0,1,3735.0,3737.0,3738.0,3733.0,7.0,261490.0,490
2023-05-09 21:33:10,hc2312,hc2312,3733.0,0.0,0.0,0.0,1,3727.0,3732.0,1,3735.0,3737.0,3738.0,3733.0,7.0,261490.0,490
2023-05-09 21:33:11,hc2312,hc2312,3733.0,0.0,0.0,0.0,2,3727.0,3732.0,1,3735.0,3737.0,3738.0,3733.0,7.0,261490.0,490
2023-05-09 21:33:12,hc2312,hc2312,3733.0,0.0,0.0,0.0,1,3727.0,3732.0,1,3735.0,3737.0,3738.0,3733.0,7.0,261490.0,490
2023-05-09 21:33:12,hc2312,hc2312,3733.0,0.0,0.0,0.0,1,3727.0,3732.0,1,3735.0,3737.0,3738.0,3733.0,7.0,261490.0,490
2023-05-09 21:33:27,hc2312,hc2312,3733.0,0.0,0.0,0.0,1,3727.0,3732.0,1,3735.0,3737.0,3738.0,3733.0,7.0,261490.0,490
2023-05-09 21:33:27,hc2312,hc2312,3733.0,0.0,0.0,0.0,2,3727.0,3739.0,2,3735.0,3737.0,3738.0,3733.0,7.0,261490.0,490
2023-05-09 21:33:28,hc2312,hc2312,3733.0,0.0,0.0,0.0,2,3727.0,3738.0,4,3735.0,3737.0,3738.0,3733.0,7.0,261490.0,490
2023-05-09 21:33:28,hc2312,hc2312,3733.0,0.0,0.0,0.0,2,3727.0,3738.0,12,3735.0,3737.0,3738.0,3733.0,7.0,261490.0,490
2023-05-09 21:33:37,hc2312,hc2312,3733.0,0.0,0.0,0.0,2,3727.0,3738.0,12,3735.0,3737.0,3738.0,3733.0,7.0,261490.0,490
2023-05-09 21:33:37,hc2312,hc2312,3733.0,0.0,0.0,0.0,2,3727.0,3738.0,12,3735.0,3737.0,3738.0,3733.0,7.0,261490.0,490
2023-05-09 21:33:52,hc2312,hc2312,3733.0,0.0,0.0,0.0,2,3727.0,3737.0,2,3735.0,3737.0,3738.0,3733.0,7.0,261490.0,490
2023-05-09 21:33:53,hc2312,hc2312,3733.0,0.0,0.0,0.0,2,3727.0,3736.0,2,3735.0,3737.0,3738.0,3733.0,7.0,261490.0,490
2023-05-09 21:33:53,hc2312,hc2312,3733.0,0.0,0.0,0.0,2,3727.0,3735.0,8,3735.0,3737.0,3738.0,3733.0,7.0,261490.0,490
2023-05-09 21:33:54,hc2312,hc2312,3733.0,0.0,0.0,0.0,2,3727.0,3734.0,1,3735.0,3737.0,3738.0,3733.0,7.0,261490.0,490
2023-05-09 21:33:54,hc2312,hc2312,3733.0,0.0,0.0,0.0,2,3727.0,3734.0,1,3735.0,3737.0,3738.0,3733.0,7.0,261490.0,490
2023-05-09 21:33:55,hc2312,hc2312,3733.0,0.0,0.0,0.0,1,3728.0,3734.0,1,3735.0,3737.0,3738.0,3733.0,7.0,261490.0,490
2023-05-09 21:33:55,hc2312,hc2312,3733.0,0.0,0.0,0.0,1,3728.0,3734.0,1,3735.0,3737.0,3738.0,3733.0,7.0,261490.0,490
2023-05-09 21:34:00,hc2312,hc2312,3733.0,0.0,0.0,0.0,1,3728.0,3734.0,1,3735.0,3737.0,3738.0,3733.0,7.0,261490.0,490
2023-05-09 21:34:00,hc2312,hc2312,3733.0,0.0,0.0,0.0,2,3729.0,3734.0,1,3735.0,3737.0,3738.0,3733.0,7.0,261490.0,490
2023-05-09 21:34:01,hc2312,hc2312,3733.0,0.0,0.0,0.0,2,3729.0,3734.0,1,3735.0,3737.0,3738.0,3733.0,7.0,261490.0,490
2023-05-09 21:34:08,hc2312,hc2312,3733.0,0.0,0.0,0.0,2,3729.0,3735.0,2,3735.0,3737.0,3738.0,3733.0,7.0,261490.0,490
2023-05-09 21:34:11,hc2312,hc2312,3733.0,0.0,0.0,0.0,3,3729.0,3735.0,2,3735.0,3737.0,3738.0,3733.0,7.0,261490.0,490
2023-05-09 21:34:12,hc2312,hc2312,3733.0,0.0,0.0,0.0,3,3729.0,3735.0,2,3735.0,3737.0,3738.0,3733.0,7.0,261490.0,490
2023-05-09 21:34:12,hc2312,hc2312,3733.0,0.0,0.0,0.0,3,3729.0,3735.0,2,3735.0,3737.0,3738.0,3733.0,7.0,261490.0,490
2023-05-09 21:34:19,hc2312,hc2312,3733.0,0.0,0.0,0.0,1,3730.0,3742.0,2,3735.0,3737.0,3738.0,3733.0,7.0,261490.0,490
2023-05-09 21:34:20,hc2312,hc2312,3733.0,0.0,0.0,0.0,1,3730.0,3737.0,2,3735.0,3737.0,3738.0,3733.0,7.0,261490.0,490
2023-05-09 21:34:20,hc2312,hc2312,3733.0,0.0,0.0,0.0,2,3729.0,3736.0,1,3735.0,3737.0,3738.0,3733.0,7.0,261490.0,490
2023-05-09 21:34:21,hc2312,hc2312,3733.0,0.0,0.0,0.0,3,3729.0,3736.0,1,3735.0,3737.0,3738.0,3733.0,7.0,261490.0,490
2023-05-09 21:34:24,hc2312,hc2312,3733.0,0.0,0.0,0.0,3,3729.0,3736.0,1,3735.0,3737.0,3738.0,3733.0,7.0,261490.0,490
2023-05-09 21:34:33,hc2312,hc2312,3733.0,0.0,0.0,0.0,1,3730.0,3736.0,1,3735.0,3737.0,3738.0,3733.0,7.0,261490.0,490
2023-05-09 21:34:33,hc2312,hc2312,3733.0,0.0,0.0,0.0,1,3730.0,3736.0,1,3735.0,3737.0,3738.0,3733.0,7.0,261490.0,490
2023-05-09 21:34:34,hc2312,hc2312,3733.0,0.0,0.0,0.0,2,3731.0,3736.0,1,3735.0,3737.0,3738.0,3733.0,7.0,261490.0,490
2023-05-09 21:34:34,hc2312,hc2312,3733.0,0.0,0.0,0.0,2,3731.0,3736.0,1,3735.0,3737.0,3738.0,3733.0,7.0,261490.0,490
2023-05-09 21:34:42,hc2312,hc2312,3733.0,0.0,0.0,0.0,3,3731.0,3736.0,1,3735.0,3737.0,3738.0,3733.0,7.0,261490.0,490
2023-05-09 21:34:47,hc2312,hc2312,3733.0,0.0,0.0,0.0,3,3731.0,3737.0,2,3735.0,3737.0,3738.0,3733.0,7.0,261490.0,490
2023-05-09 21:35:00,hc2312,hc2312,3733.0,0.0,0.0,0.0,3,3731.0,3737.0,2,3735.0,3737.0,3738.0,3733.0,7.0,261490.0,490
2023-05-09 21:35:05,hc2312,hc2312,3733.0,0.0,0.0,0.0,1,3732.0,3745.0,2,3735.0,3737.0,3738.0,3733.0,7.0,261490.0,490
2023-05-09 21:35:05,hc2312,hc2312,3733.0,0.0,0.0,0.0,1,3732.0,3739.0,2,3735.0,3737.0,3738.0,3733.0,7.0,261490.0,490
2023-05-09 21:35:06,hc2312,hc2312,3733.0,0.0,0.0,0.0,1,3732.0,3738.0,1,3735.0,3737.0,3738.0,3733.0,7.0,261490.0,490
2023-05-09 21:35:06,hc2312,hc2312,3733.0,0.0,0.0,0.0,1,3732.0,3738.0,1,3735.0,3737.0,3738.0,3733.0,7.0,261490.0,490
2023-05-09 21:35:07,hc2312,hc2312,3733.0,0.0,0.0,0.0,2,3733.0,3738.0,1,3735.0,3737.0,3738.0,3733.0,7.0,261490.0,490
2023-05-09 21:35:07,hc2312,hc2312,3733.0,0.0,0.0,0.0,3,3733.0,3739.0,2,3735.0,3737.0,3738.0,3733.0,7.0,261490.0,490
2023-05-09 21:35:18,hc2312,hc2312,3733.0,0.0,0.0,0.0,3,3733.0,3739.0,2,3735.0,3737.0,3738.0,3733.0,7.0,261490.0,490
2023-05-09 21:35:18,hc2312,hc2312,3733.0,0.0,0.0,0.0,1,3734.0,3744.0,4,3735.0,3737.0,3738.0,3733.0,7.0,261490.0,490
2023-05-09 21:35:19,hc2312,hc2312,3733.0,0.0,0.0,0.0,1,3734.0,3740.0,2,3735.0,3737.0,3738.0,3733.0,7.0,261490.0,490
2023-05-09 21:35:19,hc2312,hc2312,3733.0,0.0,0.0,0.0,1,3734.0,3740.0,2,3735.0,3737.0,3738.0,3733.0,7.0,261490.0,490
2023-05-09 21:35:24,hc2312,hc2312,3733.0,0.0,0.0,0.0,1,3734.0,3744.0,8,3735.0,3737.0,3738.0,3733.0,7.0,261490.0,490
2023-05-09 21:35:25,hc2312,hc2312,3733.0,0.0,0.0,0.0,1,3734.0,3741.0,2,3735.0,3737.0,3738.0,3733.0,7.0,261490.0,490
2023-05-09 21:35:25,hc2312,hc2312,3733.0,0.0,0.0,0.0,1,3734.0,3741.0,2,3735.0,3737.0,3738.0,3733.0,7.0,261490.0,490
2023-05-09 21:35:26,hc2312,hc2312,3733.0,0.0,0.0,0.0,2,3735.0,3741.0,2,3735.0,3737.0,3738.0,3733.0,7.0,261490.0,490
2023-05-09 21:35:26,hc2312,hc2312,3733.0,0.0,0.0,0.0,3,3735.0,3741.0,2,3735.0,3737.0,3738.0,3733.0,7.0,261490.0,490
2023-05-09 21:35:34,hc2312,hc2312,3733.0,0.0,0.0,0.0,1,3736.0,3746.0,1,3735.0,3737.0,3738.0,3733.0,7.0,261490.0,490
2023-05-09 21:35:35,hc2312,hc2312,3733.0,0.0,0.0,0.0,2,3735.0,3741.0,2,3735.0,3737.0,3738.0,3733.0,7.0,261490.0,490
2023-05-09 21:35:35,hc2312,hc2312,3733.0,0.0,0.0,0.0,3,3735.0,3741.0,2,3735.0,3737.0,3738.0,3733.0,7.0,261490.0,490
2023-05-09 21:35:36,hc2312,hc2312,3733.0,0.0,0.0,0.0,3,3735.0,3741.0,2,3735.0,3737.0,3738.0,3733.0,7.0,261490.0,490
2023-05-09 21:35:37,hc2312,hc2312,3733.0,0.0,0.0,0.0,3,3735.0,3741.0,2,3735.0,3737.0,3738.0,3733.0,7.0,261490.0,490
2023-05-09 21:35:39,hc2312,hc2312,3733.0,0.0,0.0,0.0,1,3736.0,3743.0,4,3735.0,3737.0,3738.0,3733.0,7.0,261490.0,490
2023-05-09 21:35:40,hc2312,hc2312,3733.0,0.0,0.0,0.0,1,3736.0,3742.0,1,3735.0,3737.0,3738.0,3733.0,7.0,261490.0,490
2023-05-09 21:35:40,hc2312,hc2312,3733.0,0.0,0.0,0.0,1,3736.0,3742.0,1,3735.0,3737.0,3738.0,3733.0,7.0,261490.0,490
2023-05-09 21:35:41,hc2312,hc2312,3733.0,0.0,0.0,0.0,2,3737.0,3742.0,1,3735.0,3737.0,3738.0,3733.0,7.0,261490.0,490
2023-05-09 21:35:41,hc2312,hc2312,3733.0,0.0,0.0,0.0,2,3737.0,3742.0,1,3735.0,3737.0,3738.0,3733.0,7.0,261490.0,490
2023-05-09 21:35:43,hc2312,hc2312,3733.0,0.0,0.0,0.0,2,3737.0,3743.0,2,3735.0,3737.0,3738.0,3733.0,7.0,261490.0,490
2023-05-09 21:35:45,hc2312,hc2312,3733.0,0.0,0.0,0.0,2,3737.0,3742.0,1,3735.0,3737.0,3738.0,3733.0,7.0,261490.0,490
2023-05-09 21:35:46,hc2312,hc2312,3733.0,0.0,0.0,0.0,2,3737.0,3743.0,2,3735.0,3737.0,3738.0,3733.0,7.0,261490.0,490
2023-05-09 21:35:51,hc2312,hc2312,3733.0,0.0,0.0,0.0,2,3737.0,3743.0,2,3735.0,3737.0,3738.0,3733.0,7.0,261490.0,490
2023-05-09 21:35:52,hc2312,hc2312,3733.0,0.0,0.0,0.0,3,3737.0,3743.0,2,3735.0,3737.0,3738.0,3733.0,7.0,261490.0,490
2023-05-09 21:35:52,hc2312,hc2312,3733.0,0.0,0.0,0.0,2,3737.0,3742.0,1,3735.0,3737.0,3738.0,3733.0,7.0,261490.0,490
2023-05-09 21:35:53,hc2312,hc2312,3733.0,0.0,0.0,0.0,2,3730.0,3742.0,1,3735.0,3737.0,3738.0,3733.0,7.0,261490.0,490
2023-05-09 21:35:54,hc2312,hc2312,3733.0,0.0,0.0,0.0,2,3735.0,3742.0,1,3735.0,3737.0,3738.0,3733.0,7.0,261490.0,490
2023-05-09 21:35:54,hc2312,hc2312,3733.0,0.0,0.0,0.0,3,3735.0,3742.0,1,3735.0,3737.0,3738.0,3733.0,7.0,261490.0,490
2023-05-09 21:35:59,hc2312,hc2312,3733.0,0.0,0.0,0.0,2,3735.0,3742.0,1,3735.0,3737.0,3738.0,3733.0,7.0,261490.0,490
2023-05-09 21:35:59,hc2312,hc2312,3733.0,0.0,0.0,0.0,2,3735.0,3742.0,1,3735.0,3737.0,3738.0,3733.0,7.0,261490.0,490
2023-05-09 21:36:00,hc2312,hc2312,3733.0,0.0,0.0,0.0,2,3735.0,3742.0,1,3735.0,3737.0,3738.0,3733.0,7.0,261490.0,490
2023-05-09 21:36:01,hc2312,hc2312,3733.0,0.0,0.0,0.0,3,3735.0,3742.0,1,3735.0,3737.0,3738.0,3733.0,7.0,261490.0,490
2023-05-09 21:36:02,hc2312,hc2312,3733.0,0.0,0.0,0.0,3,3735.0,3742.0,2,3735.0,3737.0,3738.0,3733.0,7.0,261490.0,490
2023-05-09 21:36:02,hc2312,hc2312,3733.0,0.0,0.0,0.0,2,3735.0,3742.0,2,3735.0,3737.0,3738.0,3733.0,7.0,261490.0,490
2023-05-09 21:36:03,hc2312,hc2312,3733.0,0.0,0.0,0.0,2,3735.0,3742.0,3,3735.0,3737.0,3738.0,3733.0,7.0,261490.0,490
2023-05-09 21:36:04,hc2312,hc2312,3733.0,0.0,0.0,0.0,1,3736.0,3742.0,3,3735.0,3737.0,3738.0,3733.0,7.0,261490.0,490
2023-05-09 21:36:10,hc2312,hc2312,3733.0,0.0,0.0,0.0,1,3736.0,3742.0,3,3735.0,3737.0,3738.0,3733.0,7.0,261490.0,490
2023-05-09 21:36:11,hc2312,hc2312,3733.0,0.0,0.0,0.0,1,3736.0,3742.0,3,3735.0,3737.0,3738.0,3733.0,7.0,261490.0,490
2023-05-09 21:36:11,hc2312,hc2312,3733.0,0.0,0.0,0.0,2,3735.0,3742.0,3,3735.0,3737.0,3738.0,3733.0,7.0,261490.0,490
2023-05-09 21:36:12,hc2312,hc2312,3733.0,0.0,0.0,0.0,3,3735.0,3742.0,3,3735.0,3737.0,3738.0,3733.0,7.0,261490.0,490
2023-05-09 21:36:15,hc2312,hc2312,3733.0,0.0,0.0,0.0,1,3736.0,3742.0,3,3735.0,3737.0,3738.0,3733.0,7.0,261490.0,490
2023-05-09 21:36:22,hc2312,hc2312,3733.0,0.0,0.0,0.0,1,3736.0,3742.0,1,3735.0,3737.0,3738.0,3733.0,7.0,261490.0,490
2023-05-09 21:36:23,hc2312,hc2312,3733.0,0.0,0.0,0.0,1,3736.0,3742.0,1,3735.0,3737.0,3738.0,3733.0,7.0,261490.0,490
2023-05-09 21:36:23,hc2312,hc2312,3733.0,0.0,0.0,0.0,2,3738.0,3742.0,1,3735.0,3737.0,3738.0,3733.0,7.0,261490.0,490
2023-05-09 21:36:24,hc2312,hc2312,3733.0,0.0,0.0,0.0,2,3738.0,3742.0,1,3735.0,3737.0,3738.0,3733.0,7.0,261490.0,490
2023-05-09 21:36:27,hc2312,hc2312,3733.0,0.0,0.0,0.0,2,3730.0,3742.0,1,3735.0,3737.0,3738.0,3733.0,7.0,261490.0,490
2023-05-09 21:36:28,hc2312,hc2312,3733.0,0.0,0.0,0.0,2,3737.0,3742.0,1,3735.0,3737.0,3738.0,3733.0,7.0,261490.0,490
2023-05-09 21:36:28,hc2312,hc2312,3733.0,0.0,0.0,0.0,2,3737.0,3742.0,1,3735.0,3737.0,3738.0,3733.0,7.0,261490.0,490
2023-05-09 21:36:33,hc2312,hc2312,3733.0,0.0,0.0,0.0,2,3731.0,3742.0,1,3735.0,3737.0,3738.0,3733.0,7.0,261490.0,490
2023-05-09 21:36:33,hc2312,hc2312,3733.0,0.0,0.0,0.0,2,3736.0,3742.0,1,3735.0,3737.0,3738.0,3733.0,7.0,261490.0,490
2023-05-09 21:36:34,hc2312,hc2312,3733.0,0.0,0.0,0.0,2,3736.0,3742.0,2,3735.0,3737.0,3738.0,3733.0,7.0,261490.0,490
2023-05-09 21:36:40,hc2312,hc2312,3733.0,0.0,0.0,0.0,3,3736.0,3742.0,2,3735.0,3737.0,3738.0,3733.0,7.0,261490.0,490
2023-05-09 21:36:51,hc2312,hc2312,3733.0,0.0,0.0,0.0,1,3737.0,3744.0,1,3735.0,3737.0,3738.0,3733.0,7.0,261490.0,490
2023-05-09 21:36:51,hc2312,hc2312,3733.0,0.0,0.0,0.0,1,3737.0,3743.0,1,3735.0,3737.0,3738.0,3733.0,7.0,261490.0,490
2023-05-09 21:36:58,hc2312,hc2312,3733.0,0.0,0.0,0.0,2,3736.0,3743.0,1,3735.0,3737.0,3738.0,3733.0,7.0,261490.0,490
2023-05-09 21:36:58,hc2312,hc2312,3733.0,0.0,0.0,0.0,3,3736.0,3743.0,1,3735.0,3737.0,3738.0,3733.0,7.0,261490.0,490
2023-05-09 21:36:59,hc2312,hc2312,3733.0,0.0,0.0,0.0,3,3736.0,3743.0,1,3735.0,3737.0,3738.0,3733.0,7.0,261490.0,490
2023-05-09 21:37:00,hc2312,hc2312,3733.0,0.0,0.0,0.0,3,3736.0,3743.0,1,3735.0,3737.0,3738.0,3733.0,7.0,261490.0,490
2023-05-09 21:37:02,hc2312,hc2312,3733.0,0.0,0.0,0.0,3,3736.0,3743.0,1,3735.0,3737.0,3738.0,3733.0,7.0,261490.0,490
2023-05-09 21:37:03,hc2312,hc2312,3733.0,0.0,0.0,0.0,3,3736.0,3743.0,1,3735.0,3737.0,3738.0,3733.0,7.0,261490.0,490
2023-05-09 21:37:07,hc2312,hc2312,3733.0,0.0,0.0,0.0,2,3736.0,3743.0,1,3735.0,3737.0,3738.0,3733.0,7.0,261490.0,490
2023-05-09 21:37:08,hc2312,hc2312,3733.0,0.0,0.0,0.0,2,3736.0,3743.0,1,3735.0,3737.0,3738.0,3733.0,7.0,261490.0,490
2023-05-09 21:37:08,hc2312,hc2312,3733.0,0.0,0.0,0.0,2,3736.0,3741.0,2,3735.0,3737.0,3738.0,3733.0,7.0,261490.0,490
2023-05-09 21:37:09,hc2312,hc2312,3733.0,0.0,0.0,0.0,2,3736.0,3741.0,2,3735.0,3737.0,3738.0,3733.0,7.0,261490.0,490
2023-05-09 21:37:12,hc2312,hc2312,3733.0,0.0,0.0,0.0,2,3730.0,3741.0,2,3735.0,3737.0,3738.0,3733.0,7.0,261490.0,490
2023-05-09 21:37:12,hc2312,hc2312,3733.0,0.0,0.0,0.0,2,3734.0,3741.0,2,3735.0,3737.0,3738.0,3733.0,7.0,261490.0,490
2023-05-09 21:37:13,hc2312,hc2312,3733.0,0.0,0.0,0.0,3,3734.0,3741.0,2,3735.0,3737.0,3738.0,3733.0,7.0,261490.0,490
2023-05-09 21:37:25,hc2312,hc2312,3733.0,0.0,0.0,0.0,1,3735.0,3741.0,2,3735.0,3737.0,3738.0,3733.0,7.0,261490.0,490
2023-05-09 21:37:40,hc2312,hc2312,3733.0,0.0,0.0,0.0,2,3734.0,3741.0,2,3735.0,3737.0,3738.0,3733.0,7.0,261490.0,490
2023-05-09 21:37:40,hc2312,hc2312,3733.0,0.0,0.0,0.0,3,3734.0,3741.0,2,3735.0,3737.0,3738.0,3733.0,7.0,261490.0,490
2023-05-09 21:38:00,hc2312,hc2312,3733.0,0.0,0.0,0.0,3,3734.0,3741.0,2,3735.0,3737.0,3738.0,3733.0,7.0,261490.0,490
2023-05-09 21:38:09,hc2312,hc2312,3733.0,0.0,0.0,0.0,3,3734.0,3740.0,1,3735.0,3737.0,3738.0,3733.0,7.0,261490.0,490
2023-05-09 21:38:09,hc2312,hc2312,3733.0,0.0,0.0,0.0,3,3734.0,3740.0,1,3735.0,3737.0,3738.0,3733.0,7.0,261490.0,490
2023-05-09 21:38:10,hc2312,hc2312,3733.0,0.0,0.0,0.0,3,3734.0,3740.0,1,3735.0,3737.0,3738.0,3733.0,7.0,261490.0,490
2023-05-09 21:38:11,hc2312,hc2312,3733.0,0.0,0.0,0.0,2,3734.0,3740.0,1,3735.0,3737.0,3738.0,3733.0,7.0,261490.0,490
2023-05-09 21:38:17,hc2312,hc2312,3733.0,0.0,0.0,0.0,3,3734.0,3740.0,1,3735.0,3737.0,3738.0,3733.0,7.0,261490.0,490
2023-05-09 21:38:30,hc2312,hc2312,3733.0,0.0,0.0,0.0,3,3734.0,3740.0,1,3735.0,3737.0,3738.0,3733.0,7.0,261490.0,490
2023-05-09 21:38:31,hc2312,hc2312,3733.0,0.0,0.0,0.0,3,3734.0,3740.0,1,3735.0,3737.0,3738.0,3733.0,7.0,261490.0,490
2023-05-09 21:39:12,hc2312,hc2312,3733.0,0.0,0.0,0.0,3,3734.0,3740.0,1,3735.0,3737.0,3738.0,3733.0,7.0,261490.0,490
2023-05-09 21:39:13,hc2312,hc2312,3733.0,0.0,0.0,0.0,3,3734.0,3740.0,1,3735.0,3737.0,3738.0,3733.0,7.0,261490.0,490
2023-05-09 21:39:16,hc2312,hc2312,3733.0,0.0,0.0,0.0,3,3734.0,3740.0,1,3735.0,3737.0,3738.0,3733.0,7.0,261490.0,490
2023-05-09 21:39:16,hc2312,hc2312,3733.0,0.0,0.0,0.0,3,3734.0,3740.0,1,3735.0,3737.0,3738.0,3733.0,7.0,261490.0,490
2023-05-09 21:39:19,hc2312,hc2312,3733.0,0.0,0.0,0.0,1,3735.0,3741.0,2,3735.0,3737.0,3738.0,3733.0,7.0,261490.0,490
2023-05-09 21:39:25,hc2312,hc2312,3733.0,0.0,0.0,0.0,1,3735.0,3745.0,4,3735.0,3737.0,3738.0,3733.0,7.0,261490.0,490
2023-05-09 21:39:25,hc2312,hc2312,3733.0,0.0,0.0,0.0,1,3735.0,3743.0,2,3735.0,3737.0,3738.0,3733.0,7.0,261490.0,490
2023-05-09 21:39:26,hc2312,hc2312,3733.0,0.0,0.0,0.0,1,3737.0,3742.0,1,3735.0,3737.0,3738.0,3733.0,7.0,261490.0,490
2023-05-09 21:39:26,hc2312,hc2312,3733.0,0.0,0.0,0.0,1,3737.0,3742.0,1,3735.0,3737.0,3738.0,3733.0,7.0,261490.0,490
2023-05-09 21:39:29,hc2312,hc2312,3733.0,0.0,0.0,0.0,1,3736.0,3742.0,1,3735.0,3737.0,3738.0,3733.0,7.0,261490.0,490
2023-05-09 21:39:30,hc2312,hc2312,3733.0,0.0,0.0,0.0,2,3736.0,3742.0,1,3735.0,3737.0,3738.0,3733.0,7.0,261490.0,490
2023-05-09 21:39:31,hc2312,hc2312,3733.0,0.0,0.0,0.0,2,3730.0,3742.0,1,3735.0,3737.0,3738.0,3733.0,7.0,261490.0,490
2023-05-09 21:39:32,hc2312,hc2312,3733.0,0.0,0.0,0.0,2,3735.0,3742.0,1,3735.0,3737.0,3738.0,3733.0,7.0,261490.0,490
2023-05-09 21:39:32,hc2312,hc2312,3733.0,0.0,0.0,0.0,2,3735.0,3742.0,1,3735.0,3737.0,3738.0,3733.0,7.0,261490.0,490
2023-05-09 21:39:35,hc2312,hc2312,3733.0,0.0,0.0,0.0,3,3735.0,3742.0,1,3735.0,3737.0,3738.0,3733.0,7.0,261490.0,490
2023-05-09 21:39:35,hc2312,hc2312,3733.0,0.0,0.0,0.0,3,3735.0,3742.0,3,3735.0,3737.0,3738.0,3733.0,7.0,261490.0,490
2023-05-09 21:39:37,hc2312,hc2312,3733.0,0.0,0.0,0.0,2,3735.0,3742.0,3,3735.0,3737.0,3738.0,3733.0,7.0,261490.0,490
2023-05-09 21:39:40,hc2312,hc2312,3733.0,0.0,0.0,0.0,3,3735.0,3742.0,3,3735.0,3737.0,3738.0,3733.0,7.0,261490.0,490
2023-05-09 21:39:44,hc2312,hc2312,3733.0,0.0,0.0,0.0,3,3735.0,3742.0,3,3735.0,3737.0,3738.0,3733.0,7.0,261490.0,490
2023-05-09 21:39:44,hc2312,hc2312,3733.0,0.0,0.0,0.0,3,3735.0,3742.0,3,3735.0,3737.0,3738.0,3733.0,7.0,261490.0,490
2023-05-09 21:40:00,hc2312,hc2312,3733.0,0.0,0.0,0.0,3,3735.0,3742.0,3,3735.0,3737.0,3738.0,3733.0,7.0,261490.0,490
2023-05-09 21:40:03,hc2312,hc2312,3733.0,0.0,0.0,0.0,1,3736.0,3742.0,3,3735.0,3737.0,3738.0,3733.0,7.0,261490.0,490
2023-05-09 21:40:32,hc2312,hc2312,3733.0,0.0,0.0,0.0,1,3736.0,3742.0,2,3735.0,3737.0,3738.0,3733.0,7.0,261490.0,490
2023-05-09 21:40:33,hc2312,hc2312,3733.0,0.0,0.0,0.0,1,3736.0,3748.0,2,3735.0,3737.0,3738.0,3733.0,7.0,261490.0,490
2023-05-09 21:40:33,hc2312,hc2312,3733.0,0.0,0.0,0.0,2,3738.0,3744.0,2,3735.0,3737.0,3738.0,3733.0,7.0,261490.0,490
2023-05-09 21:40:34,hc2312,hc2312,3733.0,0.0,0.0,0.0,2,3738.0,3743.0,1,3735.0,3737.0,3738.0,3733.0,7.0,261490.0,490
2023-05-09 21:40:43,hc2312,hc2312,3733.0,0.0,0.0,0.0,2,3730.0,3743.0,1,3735.0,3737.0,3738.0,3733.0,7.0,261490.0,490
2023-05-09 21:40:43,hc2312,hc2312,3733.0,0.0,0.0,0.0,2,3737.0,3743.0,1,3735.0,3737.0,3738.0,3733.0,7.0,261490.0,490
2023-05-09 21:40:44,hc2312,hc2312,3733.0,0.0,0.0,0.0,2,3737.0,3743.0,1,3735.0,3737.0,3738.0,3733.0,7.0,261490.0,490
2023-05-09 21:40:44,hc2312,hc2312,3733.0,0.0,0.0,0.0,2,3737.0,3743.0,1,3735.0,3737.0,3738.0,3733.0,7.0,261490.0,490
2023-05-09 21:40:45,hc2312,hc2312,3733.0,0.0,0.0,0.0,2,3737.0,3743.0,1,3735.0,3737.0,3738.0,3733.0,7.0,261490.0,490
2023-05-09 21:40:49,hc2312,hc2312,3733.0,0.0,0.0,0.0,3,3737.0,3743.0,1,3735.0,3737.0,3738.0,3733.0,7.0,261490.0,490
2023-05-09 21:40:49,hc2312,hc2312,3733.0,0.0,0.0,0.0,3,3737.0,3743.0,1,3735.0,3737.0,3738.0,3733.0,7.0,261490.0,490
2023-05-09 21:40:52,hc2312,hc2312,3733.0,0.0,0.0,0.0,2,3737.0,3743.0,1,3735.0,3737.0,3738.0,3733.0,7.0,261490.0,490
2023-05-09 21:40:54,hc2312,hc2312,3733.0,0.0,0.0,0.0,3,3737.0,3743.0,1,3735.0,3737.0,3738.0,3733.0,7.0,261490.0,490
2023-05-09 21:40:58,hc2312,hc2312,3733.0,0.0,0.0,0.0,3,3737.0,3743.0,1,3735.0,3737.0,3738.0,3733.0,7.0,261490.0,490
2023-05-09 21:40:59,hc2312,hc2312,3733.0,0.0,0.0,0.0,1,3737.0,3743.0,1,3735.0,3737.0,3738.0,3733.0,7.0,261490.0,490
2023-05-09 21:40:59,hc2312,hc2312,3733.0,0.0,0.0,0.0,1,3737.0,3742.0,2,3735.0,3737.0,3738.0,3733.0,7.0,261490.0,490
2023-05-09 21:41:00,hc2312,hc2312,3733.0,0.0,0.0,0.0,1,3737.0,3741.0,1,3735.0,3737.0,3738.0,3733.0,7.0,261490.0,490
2023-05-09 21:41:50,hc2312,hc2312,3733.0,0.0,0.0,0.0,1,3737.0,3742.0,2,3735.0,3737.0,3738.0,3733.0,7.0,261490.0,490
2023-05-09 21:41:53,hc2312,hc2312,3733.0,0.0,0.0,0.0,2,3737.0,3745.0,8,3735.0,3737.0,3738.0,3733.0,7.0,261490.0,490
2023-05-09 21:41:53,hc2312,hc2312,3733.0,0.0,0.0,0.0,2,3737.0,3743.0,2,3735.0,3737.0,3738.0,3733.0,7.0,261490.0,490
2023-05-09 21:41:54,hc2312,hc2312,3733.0,0.0,0.0,0.0,2,3737.0,3742.0,1,3735.0,3737.0,3738.0,3733.0,7.0,261490.0,490
2023-05-09 21:41:55,hc2312,hc2312,3733.0,0.0,0.0,0.0,1,3737.0,3742.0,1,3735.0,3737.0,3738.0,3733.0,7.0,261490.0,490
2023-05-09 21:41:56,hc2312,hc2312,3733.0,0.0,0.0,0.0,1,3737.0,3742.0,1,3735.0,3737.0,3738.0,3733.0,7.0,261490.0,490
2023-05-09 21:41:56,hc2312,hc2312,3733.0,0.0,0.0,0.0,1,3737.0,3742.0,1,3735.0,3737.0,3738.0,3733.0,7.0,261490.0,490
2023-05-09 21:41:59,hc2312,hc2312,3733.0,0.0,0.0,0.0,1,3737.0,3742.0,1,3735.0,3737.0,3738.0,3733.0,7.0,261490.0,490
2023-05-09 21:41:59,hc2312,hc2312,3733.0,0.0,0.0,0.0,1,3737.0,3742.0,1,3735.0,3737.0,3738.0,3733.0,7.0,261490.0,490
2023-05-09 21:42:01,hc2312,hc2312,3733.0,0.0,0.0,0.0,2,3737.0,3742.0,1,3735.0,3737.0,3738.0,3733.0,7.0,261490.0,490
2023-05-09 21:42:02,hc2312,hc2312,3733.0,0.0,0.0,0.0,1,3738.0,3742.0,1,3735.0,3737.0,3738.0,3733.0,7.0,261490.0,490
2023-05-09 21:42:03,hc2312,hc2312,3733.0,0.0,0.0,0.0,1,3738.0,3742.0,1,3735.0,3737.0,3738.0,3733.0,7.0,261490.0,490
2023-05-09 21:42:03,hc2312,hc2312,3733.0,0.0,0.0,0.0,3,3738.0,3742.0,1,3735.0,3737.0,3738.0,3733.0,7.0,261490.0,490
2023-05-09 21:42:04,hc2312,hc2312,3733.0,0.0,0.0,0.0,2,3738.0,3742.0,1,3735.0,3737.0,3738.0,3733.0,7.0,261490.0,490
2023-05-09 21:42:05,hc2312,hc2312,3733.0,0.0,0.0,0.0,1,3737.0,3742.0,1,3735.0,3737.0,3738.0,3733.0,7.0,261490.0,490
2023-05-09 21:42:20,hc2312,hc2312,3733.0,0.0,0.0,0.0,1,3737.0,3742.0,1,3735.0,3737.0,3738.0,3733.0,7.0,261490.0,490
2023-05-09 21:42:20,hc2312,hc2312,3733.0,0.0,0.0,0.0,1,3737.0,3742.0,1,3735.0,3737.0,3738.0,3733.0,7.0,261490.0,490
2023-05-09 21:42:21,hc2312,hc2312,3733.0,0.0,0.0,0.0,1,3737.0,3742.0,2,3735.0,3737.0,3738.0,3733.0,7.0,261490.0,490
2023-05-09 21:42:22,hc2312,hc2312,3733.0,0.0,0.0,0.0,1,3737.0,3742.0,2,3735.0,3737.0,3738.0,3733.0,7.0,261490.0,490
2023-05-09 21:42:23,hc2312,hc2312,3733.0,0.0,0.0,0.0,1,3737.0,3742.0,2,3735.0,3737.0,3738.0,3733.0,7.0,261490.0,490
2023-05-09 21:42:24,hc2312,hc2312,3733.0,0.0,0.0,0.0,1,3737.0,3742.0,2,3735.0,3737.0,3738.0,3733.0,7.0,261490.0,490
2023-05-09 21:42:24,hc2312,hc2312,3733.0,0.0,0.0,0.0,1,3737.0,3741.0,1,3735.0,3737.0,3738.0,3733.0,7.0,261490.0,490
2023-05-09 21:42:25,hc2312,hc2312,3733.0,0.0,0.0,0.0,1,3737.0,3741.0,2,3735.0,3737.0,3738.0,3733.0,7.0,261490.0,490
2023-05-09 21:42:44,hc2312,hc2312,3733.0,0.0,0.0,0.0,1,3737.0,3741.0,1,3735.0,3737.0,3738.0,3733.0,7.0,261490.0,490
2023-05-09 21:42:44,hc2312,hc2312,3733.0,0.0,0.0,0.0,1,3737.0,3740.0,1,3735.0,3737.0,3738.0,3733.0,7.0,261490.0,490
2023-05-09 21:42:49,hc2312,hc2312,3733.0,0.0,0.0,0.0,1,3737.0,3740.0,1,3735.0,3737.0,3738.0,3733.0,7.0,261490.0,490
2023-05-09 21:42:49,hc2312,hc2312,3733.0,0.0,0.0,0.0,1,3737.0,3740.0,1,3735.0,3737.0,3738.0,3733.0,7.0,261490.0,490
2023-05-09 21:42:51,hc2312,hc2312,3733.0,0.0,0.0,0.0,1,3737.0,3741.0,1,3735.0,3737.0,3738.0,3733.0,7.0,261490.0,490
2023-05-09 21:42:55,hc2312,hc2312,3733.0,0.0,0.0,0.0,1,3737.0,3741.0,1,3735.0,3737.0,3738.0,3733.0,7.0,261490.0,490
2023-05-09 21:42:56,hc2312,hc2312,3733.0,0.0,0.0,0.0,1,3737.0,3740.0,1,3735.0,3737.0,3738.0,3733.0,7.0,261490.0,490
2023-05-09 21:42:56,hc2312,hc2312,3733.0,0.0,0.0,0.0,1,3737.0,3741.0,1,3735.0,3737.0,3738.0,3733.0,7.0,261490.0,490
2023-05-09 21:42:59,hc2312,hc2312,3733.0,0.0,0.0,0.0,2,3737.0,3742.0,1,3735.0,3737.0,3738.0,3733.0,7.0,261490.0,490
2023-05-09 21:42:59,hc2312,hc2312,3733.0,0.0,0.0,0.0,2,3737.0,3741.0,1,3735.0,3737.0,3738.0,3733.0,7.0,261490.0,490
2023-05-09 21:43:09,hc2312,hc2312,3733.0,0.0,0.0,0.0,2,3737.0,3742.0,1,3735.0,3737.0,3738.0,3733.0,7.0,261490.0,490
2023-05-09 21:43:16,hc2312,hc2312,3733.0,0.0,0.0,0.0,1,3738.0,3743.0,1,3735.0,3737.0,3738.0,3733.0,7.0,261490.0,490
2023-05-09 21:43:17,hc2312,hc2312,3733.0,0.0,0.0,0.0,1,3738.0,3743.0,1,3735.0,3737.0,3738.0,3733.0,7.0,261490.0,490
2023-05-09 21:43:17,hc2312,hc2312,3733.0,0.0,0.0,0.0,3,3738.0,3742.0,1,3735.0,3737.0,3738.0,3733.0,7.0,261490.0,490
2023-05-09 21:43:22,hc2312,hc2312,3733.0,0.0,0.0,0.0,3,3738.0,3743.0,1,3735.0,3737.0,3738.0,3733.0,7.0,261490.0,490
2023-05-09 21:43:23,hc2312,hc2312,3733.0,0.0,0.0,0.0,3,3738.0,3743.0,1,3735.0,3737.0,3738.0,3733.0,7.0,261490.0,490
2023-05-09 21:43:26,hc2312,hc2312,3733.0,0.0,0.0,0.0,3,3738.0,3743.0,1,3735.0,3737.0,3738.0,3733.0,7.0,261490.0,490
2023-05-09 21:43:26,hc2312,hc2312,3733.0,0.0,0.0,0.0,3,3738.0,3743.0,1,3735.0,3737.0,3738.0,3733.0,7.0,261490.0,490
2023-05-09 21:43:28,hc2312,hc2312,3733.0,0.0,0.0,0.0,3,3738.0,3742.0,1,3735.0,3737.0,3738.0,3733.0,7.0,261490.0,490
2023-05-09 21:43:29,hc2312,hc2312,3733.0,0.0,0.0,0.0,2,3738.0,3742.0,1,3735.0,3737.0,3738.0,3733.0,7.0,261490.0,490
2023-05-09 21:43:52,hc2312,hc2312,3733.0,0.0,0.0,0.0,1,3738.0,3742.0,1,3735.0,3737.0,3738.0,3733.0,7.0,261490.0,490
2023-05-09 21:43:53,hc2312,hc2312,3733.0,0.0,0.0,0.0,2,3738.0,3742.0,1,3735.0,3737.0,3738.0,3733.0,7.0,261490.0,490
2023-05-09 21:43:53,hc2312,hc2312,3733.0,0.0,0.0,0.0,2,3738.0,3743.0,1,3735.0,3737.0,3738.0,3733.0,7.0,261490.0,490
2023-05-09 21:43:56,hc2312,hc2312,3733.0,0.0,0.0,0.0,2,3738.0,3742.0,1,3735.0,3737.0,3738.0,3733.0,7.0,261490.0,490
2023-05-09 21:43:58,hc2312,hc2312,3733.0,0.0,0.0,0.0,2,3738.0,3743.0,1,3735.0,3737.0,3738.0,3733.0,7.0,261490.0,490
2023-05-09 21:44:25,hc2312,hc2312,3733.0,0.0,0.0,0.0,1,3739.0,3743.0,1,3735.0,3737.0,3738.0,3733.0,7.0,261490.0,490
2023-05-09 21:44:32,hc2312,hc2312,3733.0,0.0,0.0,0.0,1,3738.0,3743.0,1,3735.0,3737.0,3738.0,3733.0,7.0,261490.0,490
2023-05-09 21:44:33,hc2312,hc2312,3733.0,0.0,0.0,0.0,2,3738.0,3743.0,1,3735.0,3737.0,3738.0,3733.0,7.0,261490.0,490
2023-05-09 21:45:02,hc2312,hc2312,3733.0,0.0,0.0,0.0,1,3739.0,3743.0,1,3735.0,3737.0,3738.0,3733.0,7.0,261490.0,490
