time,symbol_id,symbol_name,last,trade_volume,trade_amount,open_interest_change,bv1,bp1,ap1,av1,yesterday_close,today_open,today_high,today_low,volume,amount,open_interest
2023-05-10 19:12:58,TA2307,TA2307,5508.0,0.0,0.0,0.0,0,0.0,0.0,0,5508.0,5528.0,0.0,0.0,0.0,0.0,752048
2023-05-10 20:55:00,TA2307,TA2307,5508.0,0.0,0.0,0.0,0,0.0,0.0,0,5508.0,5528.0,0.0,0.0,0.0,0.0,752048
2023-05-10 20:55:00,TA2307,TA2307,5508.0,0.0,0.0,0.0,0,0.0,0.0,0,5508.0,5528.0,0.0,0.0,0.0,0.0,752048
2023-05-10 20:55:12,TA2307,TA2307,5508.0,0.0,0.0,0.0,0,0.0,0.0,0,5508.0,5528.0,0.0,0.0,0.0,0.0,752048
2023-05-10 20:55:14,TA2307,TA2307,5508.0,0.0,0.0,0.0,0,0.0,0.0,0,5508.0,5528.0,0.0,0.0,0.0,0.0,752048
2023-05-10 20:55:34,TA2307,TA2307,5508.0,0.0,0.0,0.0,0,0.0,0.0,0,5508.0,5528.0,0.0,0.0,0.0,0.0,752048
2023-05-10 20:55:36,TA2307,TA2307,5508.0,0.0,0.0,0.0,0,0.0,0.0,0,5508.0,5528.0,0.0,0.0,0.0,0.0,752048
2023-05-10 20:55:37,TA2307,TA2307,5508.0,0.0,0.0,0.0,0,0.0,0.0,0,5508.0,5528.0,0.0,0.0,0.0,0.0,752048
2023-05-10 20:55:39,TA2307,TA2307,5508.0,0.0,0.0,0.0,0,0.0,0.0,0,5508.0,5528.0,0.0,0.0,0.0,0.0,752048
2023-05-10 20:55:40,TA2307,TA2307,5508.0,0.0,0.0,0.0,0,0.0,0.0,0,5508.0,5528.0,0.0,0.0,0.0,0.0,752048
2023-05-10 20:55:41,TA2307,TA2307,5508.0,0.0,0.0,0.0,0,0.0,0.0,0,5508.0,5528.0,0.0,0.0,0.0,0.0,752048
2023-05-10 20:55:42,TA2307,TA2307,5508.0,0.0,0.0,0.0,0,0.0,0.0,0,5508.0,5528.0,0.0,0.0,0.0,0.0,752048
2023-05-10 20:55:43,TA2307,TA2307,5508.0,0.0,0.0,0.0,0,0.0,0.0,0,5508.0,5528.0,0.0,0.0,0.0,0.0,752048
2023-05-10 20:55:44,TA2307,TA2307,5508.0,0.0,0.0,0.0,0,0.0,0.0,0,5508.0,5528.0,0.0,0.0,0.0,0.0,752048
2023-05-10 20:55:44,TA2307,TA2307,5508.0,0.0,0.0,0.0,0,0.0,0.0,0,5508.0,5528.0,0.0,0.0,0.0,0.0,752048
2023-05-10 20:55:52,TA2307,TA2307,5508.0,0.0,0.0,0.0,0,0.0,0.0,0,5508.0,5528.0,0.0,0.0,0.0,0.0,752048
2023-05-10 20:56:04,TA2307,TA2307,5508.0,0.0,0.0,0.0,0,0.0,0.0,0,5508.0,5528.0,0.0,0.0,0.0,0.0,752048
2023-05-10 20:56:11,TA2307,TA2307,5508.0,0.0,0.0,0.0,0,0.0,0.0,0,5508.0,5528.0,0.0,0.0,0.0,0.0,752048
2023-05-10 20:56:14,TA2307,TA2307,5508.0,0.0,0.0,0.0,0,0.0,0.0,0,5508.0,5528.0,0.0,0.0,0.0,0.0,752048
2023-05-10 20:56:22,TA2307,TA2307,5508.0,0.0,0.0,0.0,0,0.0,0.0,0,5508.0,5528.0,0.0,0.0,0.0,0.0,752048
2023-05-10 20:56:24,TA2307,TA2307,5508.0,0.0,0.0,0.0,0,0.0,0.0,0,5508.0,5528.0,0.0,0.0,0.0,0.0,752048
2023-05-10 20:56:25,TA2307,TA2307,5508.0,0.0,0.0,0.0,0,0.0,0.0,0,5508.0,5528.0,0.0,0.0,0.0,0.0,752048
2023-05-10 20:56:39,TA2307,TA2307,5508.0,0.0,0.0,0.0,0,0.0,0.0,0,5508.0,5528.0,0.0,0.0,0.0,0.0,752048
2023-05-10 20:56:43,TA2307,TA2307,5508.0,0.0,0.0,0.0,0,0.0,0.0,0,5508.0,5528.0,0.0,0.0,0.0,0.0,752048
2023-05-10 20:57:04,TA2307,TA2307,5508.0,0.0,0.0,0.0,0,0.0,0.0,0,5508.0,5528.0,0.0,0.0,0.0,0.0,752048
2023-05-10 20:57:27,TA2307,TA2307,5508.0,0.0,0.0,0.0,0,0.0,0.0,0,5508.0,5528.0,0.0,0.0,0.0,0.0,752048
2023-05-10 20:57:35,TA2307,TA2307,5508.0,0.0,0.0,0.0,0,0.0,0.0,0,5508.0,5528.0,0.0,0.0,0.0,0.0,752048
2023-05-10 20:57:36,TA2307,TA2307,5508.0,0.0,0.0,0.0,0,0.0,0.0,0,5508.0,5528.0,0.0,0.0,0.0,0.0,752048
2023-05-10 20:57:38,TA2307,TA2307,5508.0,0.0,0.0,0.0,0,0.0,0.0,0,5508.0,5528.0,0.0,0.0,0.0,0.0,752048
2023-05-10 20:57:39,TA2307,TA2307,5508.0,0.0,0.0,0.0,0,0.0,0.0,0,5508.0,5528.0,0.0,0.0,0.0,0.0,752048
2023-05-10 20:57:43,TA2307,TA2307,5508.0,0.0,0.0,0.0,0,0.0,0.0,0,5508.0,5528.0,0.0,0.0,0.0,0.0,752048
2023-05-10 20:58:13,TA2307,TA2307,5508.0,0.0,0.0,0.0,0,0.0,0.0,0,5508.0,5528.0,0.0,0.0,0.0,0.0,752048
2023-05-10 20:58:41,TA2307,TA2307,5508.0,0.0,0.0,0.0,0,0.0,0.0,0,5508.0,5528.0,0.0,0.0,0.0,0.0,752048
2023-05-10 20:58:42,TA2307,TA2307,5508.0,0.0,0.0,0.0,0,0.0,0.0,0,5508.0,5528.0,0.0,0.0,0.0,0.0,752048
2023-05-10 20:58:43,TA2307,TA2307,5508.0,0.0,0.0,0.0,0,0.0,0.0,0,5508.0,5528.0,0.0,0.0,0.0,0.0,752048
2023-05-10 20:58:44,TA2307,TA2307,5508.0,0.0,0.0,0.0,0,0.0,0.0,0,5508.0,5528.0,0.0,0.0,0.0,0.0,752048
2023-05-10 20:58:49,TA2307,TA2307,5508.0,0.0,0.0,0.0,0,0.0,0.0,0,5508.0,5528.0,0.0,0.0,0.0,0.0,752048
2023-05-10 20:58:50,TA2307,TA2307,5508.0,0.0,0.0,0.0,0,0.0,0.0,0,5508.0,5528.0,0.0,0.0,0.0,0.0,752048
2023-05-10 20:58:57,TA2307,TA2307,5508.0,0.0,0.0,0.0,0,0.0,0.0,0,5508.0,5528.0,0.0,0.0,0.0,0.0,752048
2023-05-10 20:59:00,TA2307,TA2307,5528.0,291.0,1608648.0,-253.0,2,5522.0,5528.0,1,5508.0,5528.0,5528.0,5528.0,291.0,1608648.0,751795
2023-05-10 21:00:00,TA2307,TA2307,5522.0,31.0,171368.0,22.0,1,5524.0,5526.0,7,5508.0,5528.0,5536.0,5518.0,322.0,1780016.0,751817
2023-05-10 21:00:00,TA2307,TA2307,5522.0,0.0,0.0,0.0,1,5524.0,5526.0,8,5508.0,5528.0,5536.0,5518.0,322.0,1780016.0,751817
2023-05-10 21:00:01,TA2307,TA2307,5526.0,75.0,414600.0,41.0,3,5526.0,5528.0,3,5508.0,5528.0,5536.0,5518.0,397.0,2194616.0,751858
2023-05-10 21:00:02,TA2307,TA2307,5518.0,30.0,164986.0,5.0,7,5524.0,5526.0,2,5508.0,5528.0,5536.0,5518.0,427.0,2359602.0,751863
2023-05-10 21:00:02,TA2307,TA2307,5524.0,47.0,259722.0,20.0,3,5524.0,5528.0,2,5508.0,5528.0,5536.0,5516.0,474.0,2619324.0,751883
2023-05-10 21:00:02,TA2307,TA2307,5526.0,15.0,82890.0,11.0,1,5526.0,5530.0,4,5508.0,5528.0,5536.0,5516.0,489.0,2702214.0,751894
2023-05-10 21:00:03,TA2307,TA2307,5524.0,34.0,187884.0,0.0,5,5526.0,5528.0,8,5508.0,5528.0,5536.0,5516.0,523.0,2890098.0,751894
2023-05-10 21:00:04,TA2307,TA2307,5526.0,10.0,55260.0,3.0,11,5526.0,5528.0,13,5508.0,5528.0,5536.0,5516.0,533.0,2945358.0,751897
2023-05-10 21:00:04,TA2307,TA2307,5526.0,28.0,154728.0,3.0,2,5526.0,5528.0,4,5508.0,5528.0,5536.0,5516.0,561.0,3100086.0,751900
2023-05-10 21:00:05,TA2307,TA2307,5528.0,21.0,116046.0,5.0,2,5526.0,5528.0,22,5508.0,5528.0,5536.0,5516.0,582.0,3216132.0,751905
2023-05-10 21:00:05,TA2307,TA2307,5526.0,62.0,342612.0,-17.0,19,5526.0,5530.0,3,5508.0,5528.0,5536.0,5516.0,644.0,3558744.0,751888
2023-05-10 21:00:06,TA2307,TA2307,5530.0,16.0,89736.0,3.0,2,5530.0,5532.0,17,5508.0,5528.0,5536.0,5516.0,660.0,3648480.0,751891
2023-05-10 21:00:06,TA2307,TA2307,5530.0,27.0,149256.0,-2.0,16,5528.0,5532.0,4,5508.0,5528.0,5536.0,5516.0,687.0,3797736.0,751889
2023-05-10 21:00:07,TA2307,TA2307,5530.0,11.0,60808.0,0.0,1,5530.0,5532.0,4,5508.0,5528.0,5536.0,5516.0,698.0,3858544.0,751889
2023-05-10 21:00:07,TA2307,TA2307,5526.0,34.0,187952.0,-13.0,5,5528.0,5530.0,1,5508.0,5528.0,5536.0,5516.0,732.0,4046496.0,751876
2023-05-10 21:00:08,TA2307,TA2307,5530.0,15.0,82920.0,4.0,1,5528.0,5530.0,4,5508.0,5528.0,5536.0,5516.0,747.0,4129416.0,751880
2023-05-10 21:00:08,TA2307,TA2307,5530.0,5.0,27640.0,0.0,8,5528.0,5530.0,9,5508.0,5528.0,5536.0,5516.0,752.0,4157056.0,751880
2023-05-10 21:00:09,TA2307,TA2307,5528.0,11.0,60808.0,-6.0,15,5526.0,5530.0,13,5508.0,5528.0,5536.0,5516.0,763.0,4217864.0,751874
2023-05-10 21:00:09,TA2307,TA2307,5530.0,6.0,33168.0,4.0,1,5528.0,5530.0,8,5508.0,5528.0,5536.0,5516.0,769.0,4251032.0,751878
2023-05-10 21:00:10,TA2307,TA2307,5528.0,4.0,22112.0,0.0,11,5528.0,5530.0,8,5508.0,5528.0,5536.0,5516.0,773.0,4273144.0,751878
2023-05-10 21:00:10,TA2307,TA2307,5528.0,2.0,11056.0,0.0,43,5528.0,5530.0,6,5508.0,5528.0,5536.0,5516.0,775.0,4284200.0,751878
2023-05-10 21:00:11,TA2307,TA2307,5528.0,9.0,49752.0,-2.0,41,5528.0,5530.0,2,5508.0,5528.0,5536.0,5516.0,784.0,4333952.0,751876
2023-05-10 21:00:11,TA2307,TA2307,5530.0,18.0,99504.0,-2.0,21,5530.0,5532.0,17,5508.0,5528.0,5536.0,5516.0,802.0,4433456.0,751874
2023-05-10 21:00:11,TA2307,TA2307,5530.0,21.0,116088.0,-1.0,7,5530.0,5532.0,9,5508.0,5528.0,5536.0,5516.0,823.0,4549544.0,751873
2023-05-10 21:00:12,TA2307,TA2307,5530.0,24.0,132672.0,-14.0,5,5530.0,5532.0,1,5508.0,5528.0,5536.0,5516.0,847.0,4682216.0,751859
2023-05-10 21:00:12,TA2307,TA2307,5530.0,0.0,0.0,0.0,13,5530.0,5532.0,10,5508.0,5528.0,5536.0,5516.0,847.0,4682216.0,751859
2023-05-10 21:00:13,TA2307,TA2307,5534.0,183.0,1011624.0,-70.0,1017,5532.0,5536.0,40,5508.0,5528.0,5536.0,5516.0,1030.0,5693840.0,751789
2023-05-10 21:00:13,TA2307,TA2307,5536.0,22.0,121616.0,-7.0,32,5534.0,5538.0,73,5508.0,5528.0,5536.0,5516.0,1052.0,5815456.0,751782
2023-05-10 21:00:14,TA2307,TA2307,5534.0,8.0,44224.0,1.0,38,5534.0,5536.0,6,5508.0,5528.0,5536.0,5516.0,1060.0,5859680.0,751783
2023-05-10 21:00:14,TA2307,TA2307,5536.0,6.0,33168.0,0.0,67,5534.0,5538.0,41,5508.0,5528.0,5536.0,5516.0,1066.0,5892848.0,751783
2023-05-10 21:00:15,TA2307,TA2307,5534.0,27.0,151442.0,5.0,43,5534.0,5538.0,37,5508.0,5528.0,5538.0,5516.0,1093.0,6044290.0,751788
2023-05-10 21:00:16,TA2307,TA2307,5536.0,78.0,431340.0,43.0,51,5534.0,5538.0,4,5508.0,5528.0,5538.0,5516.0,1171.0,6475630.0,751831
2023-05-10 21:00:16,TA2307,TA2307,5536.0,0.0,0.0,0.0,57,5534.0,5538.0,24,5508.0,5528.0,5538.0,5516.0,1171.0,6475630.0,751831
2023-05-10 21:00:16,TA2307,TA2307,5536.0,37.0,204610.0,-17.0,63,5534.0,5538.0,5,5508.0,5528.0,5538.0,5516.0,1208.0,6680240.0,751814
2023-05-10 21:00:17,TA2307,TA2307,5536.0,20.0,110600.0,-5.0,56,5534.0,5538.0,3,5508.0,5528.0,5538.0,5516.0,1228.0,6790840.0,751809
2023-05-10 21:00:17,TA2307,TA2307,5538.0,21.0,116130.0,1.0,94,5534.0,5538.0,20,5508.0,5528.0,5538.0,5516.0,1249.0,6906970.0,751810
2023-05-10 21:00:18,TA2307,TA2307,5534.0,119.0,658070.0,-39.0,56,5534.0,5538.0,24,5508.0,5528.0,5538.0,5516.0,1368.0,7565040.0,751771
2023-05-10 21:00:19,TA2307,TA2307,5536.0,14.0,77420.0,10.0,56,5534.0,5536.0,6,5508.0,5528.0,5538.0,5516.0,1382.0,7642460.0,751781
2023-05-10 21:00:19,TA2307,TA2307,5534.0,2.0,11060.0,2.0,45,5534.0,5536.0,7,5508.0,5528.0,5538.0,5516.0,1384.0,7653520.0,751783
2023-05-10 21:00:20,TA2307,TA2307,5534.0,0.0,0.0,0.0,43,5534.0,5536.0,8,5508.0,5528.0,5538.0,5516.0,1384.0,7653520.0,751783
2023-05-10 21:00:20,TA2307,TA2307,5536.0,10.0,55300.0,3.0,49,5534.0,5536.0,4,5508.0,5528.0,5538.0,5516.0,1394.0,7708820.0,751786
2023-05-10 21:00:21,TA2307,TA2307,5534.0,92.0,508760.0,-63.0,1024,5532.0,5534.0,8,5508.0,5528.0,5538.0,5516.0,1486.0,8217580.0,751723
2023-05-10 21:00:21,TA2307,TA2307,5534.0,42.0,235316.0,-18.0,1019,5532.0,5536.0,49,5508.0,5528.0,5538.0,5516.0,1528.0,8452896.0,751705
2023-05-10 21:00:21,TA2307,TA2307,5534.0,16.0,88512.0,6.0,1,5534.0,5536.0,83,5508.0,5528.0,5538.0,5516.0,1544.0,8541408.0,751711
2023-05-10 21:00:22,TA2307,TA2307,5534.0,43.0,237876.0,21.0,1040,5532.0,5536.0,83,5508.0,5528.0,5538.0,5516.0,1587.0,8779284.0,751732
2023-05-10 21:00:23,TA2307,TA2307,5534.0,6.0,33192.0,6.0,1052,5532.0,5534.0,6,5508.0,5528.0,5538.0,5516.0,1593.0,8812476.0,751738
2023-05-10 21:00:23,TA2307,TA2307,5534.0,3.0,16596.0,3.0,1038,5532.0,5534.0,5,5508.0,5528.0,5538.0,5516.0,1596.0,8829072.0,751741
2023-05-10 21:00:24,TA2307,TA2307,5532.0,145.0,802140.0,-118.0,908,5532.0,5534.0,1,5508.0,5528.0,5538.0,5516.0,1741.0,9631212.0,751623
2023-05-10 21:00:24,TA2307,TA2307,5534.0,7.0,38724.0,-3.0,907,5532.0,5536.0,42,5508.0,5528.0,5538.0,5516.0,1748.0,9669936.0,751620
2023-05-10 21:00:25,TA2307,TA2307,5534.0,56.0,309792.0,-35.0,891,5532.0,5534.0,18,5508.0,5528.0,5538.0,5516.0,1804.0,9979728.0,751585
2023-05-10 21:00:25,TA2307,TA2307,5534.0,0.0,0.0,0.0,871,5532.0,5534.0,10,5508.0,5528.0,5538.0,5516.0,1804.0,9979728.0,751585
2023-05-10 21:00:25,TA2307,TA2307,5536.0,4.0,22128.0,-4.0,888,5532.0,5536.0,85,5508.0,5528.0,5538.0,5516.0,1808.0,10001856.0,751581
2023-05-10 21:00:26,TA2307,TA2307,5532.0,34.0,188088.0,-28.0,872,5532.0,5534.0,2,5508.0,5528.0,5538.0,5516.0,1842.0,10189944.0,751553
2023-05-10 21:00:26,TA2307,TA2307,5532.0,15.0,82980.0,-2.0,838,5532.0,5534.0,6,5508.0,5528.0,5538.0,5516.0,1857.0,10272924.0,751551
2023-05-10 21:00:27,TA2307,TA2307,5532.0,8.0,44256.0,0.0,833,5532.0,5534.0,44,5508.0,5528.0,5538.0,5516.0,1865.0,10317180.0,751551
2023-05-10 21:00:28,TA2307,TA2307,5534.0,1.0,5532.0,0.0,838,5532.0,5534.0,38,5508.0,5528.0,5538.0,5516.0,1866.0,10322712.0,751551
2023-05-10 21:00:28,TA2307,TA2307,5534.0,44.0,243408.0,0.0,833,5532.0,5534.0,4,5508.0,5528.0,5538.0,5516.0,1910.0,10566120.0,751551
2023-05-10 21:00:29,TA2307,TA2307,5532.0,1.0,5532.0,0.0,113,5532.0,5534.0,8,5508.0,5528.0,5538.0,5516.0,1911.0,10571652.0,751551
2023-05-10 21:00:29,TA2307,TA2307,5532.0,107.0,591924.0,-91.0,27,5530.0,5532.0,16,5508.0,5528.0,5538.0,5516.0,2018.0,11163576.0,751460
2023-05-10 21:00:30,TA2307,TA2307,5528.0,73.0,403836.0,-29.0,31,5526.0,5530.0,4,5508.0,5528.0,5538.0,5516.0,2091.0,11567412.0,751431
2023-05-10 21:00:30,TA2307,TA2307,5528.0,5.0,27660.0,0.0,38,5528.0,5532.0,58,5508.0,5528.0,5538.0,5516.0,2096.0,11595072.0,751431
2023-05-10 21:00:31,TA2307,TA2307,5530.0,38.0,210216.0,-21.0,11,5530.0,5532.0,22,5508.0,5528.0,5538.0,5516.0,2134.0,11805288.0,751410
2023-05-10 21:00:31,TA2307,TA2307,5530.0,0.0,0.0,0.0,12,5530.0,5532.0,25,5508.0,5528.0,5538.0,5516.0,2134.0,11805288.0,751410
2023-05-10 21:00:32,TA2307,TA2307,5532.0,21.0,116172.0,-9.0,22,5532.0,5534.0,35,5508.0,5528.0,5538.0,5516.0,2155.0,11921460.0,751401
2023-05-10 21:00:32,TA2307,TA2307,5534.0,152.0,840864.0,2.0,27,5532.0,5536.0,36,5508.0,5528.0,5538.0,5516.0,2307.0,12762324.0,751403
2023-05-10 21:00:33,TA2307,TA2307,5534.0,0.0,0.0,0.0,12,5532.0,5534.0,15,5508.0,5528.0,5538.0,5516.0,2307.0,12762324.0,751403
2023-05-10 21:00:33,TA2307,TA2307,5532.0,1.0,5532.0,-1.0,23,5532.0,5534.0,15,5508.0,5528.0,5538.0,5516.0,2308.0,12767856.0,751402
2023-05-10 21:00:34,TA2307,TA2307,5532.0,11.0,60852.0,5.0,1,5532.0,5534.0,25,5508.0,5528.0,5538.0,5516.0,2319.0,12828708.0,751407
2023-05-10 21:00:34,TA2307,TA2307,5532.0,210.0,1161720.0,72.0,23,5532.0,5538.0,26,5508.0,5528.0,5538.0,5516.0,2529.0,13990428.0,751479
2023-05-10 21:00:35,TA2307,TA2307,5532.0,23.0,127236.0,1.0,5,5534.0,5536.0,2,5508.0,5528.0,5538.0,5516.0,2552.0,14117664.0,751480
2023-05-10 21:00:35,TA2307,TA2307,5534.0,11.0,60852.0,-2.0,38,5534.0,5538.0,25,5508.0,5528.0,5538.0,5516.0,2563.0,14178516.0,751478
2023-05-10 21:00:35,TA2307,TA2307,5534.0,5.0,27660.0,-1.0,38,5534.0,5538.0,35,5508.0,5528.0,5538.0,5516.0,2568.0,14206176.0,751477
2023-05-10 21:00:36,TA2307,TA2307,5536.0,20.0,110640.0,-4.0,6,5536.0,5540.0,78,5508.0,5528.0,5538.0,5516.0,2588.0,14316816.0,751473
2023-05-10 21:00:36,TA2307,TA2307,5538.0,4.0,22128.0,0.0,35,5536.0,5540.0,28,5508.0,5528.0,5538.0,5516.0,2592.0,14338944.0,751473
2023-05-10 21:00:37,TA2307,TA2307,5538.0,0.0,0.0,0.0,40,5536.0,5540.0,27,5508.0,5528.0,5538.0,5516.0,2592.0,14338944.0,751473
2023-05-10 21:00:37,TA2307,TA2307,5538.0,0.0,0.0,0.0,5,5538.0,5540.0,25,5508.0,5528.0,5538.0,5516.0,2592.0,14338944.0,751473
2023-05-10 21:00:38,TA2307,TA2307,5538.0,3.0,16596.0,-2.0,29,5538.0,5540.0,30,5508.0,5528.0,5538.0,5516.0,2595.0,14355540.0,751471
2023-05-10 21:00:38,TA2307,TA2307,5538.0,29.0,160428.0,-9.0,26,5536.0,5540.0,42,5508.0,5528.0,5538.0,5516.0,2624.0,14515968.0,751462
2023-05-10 21:00:39,TA2307,TA2307,5536.0,1.0,5532.0,0.0,67,5536.0,5538.0,3,5508.0,5528.0,5538.0,5516.0,2625.0,14521500.0,751462
2023-05-10 21:00:40,TA2307,TA2307,5540.0,6.0,33192.0,-3.0,68,5536.0,5540.0,77,5508.0,5528.0,5540.0,5516.0,2631.0,14554692.0,751459
2023-05-10 21:00:40,TA2307,TA2307,5540.0,67.0,370644.0,12.0,19,5538.0,5540.0,6,5508.0,5528.0,5540.0,5516.0,2698.0,14925336.0,751471
2023-05-10 21:00:40,TA2307,TA2307,5540.0,1.0,5532.0,1.0,10,5540.0,5542.0,105,5508.0,5528.0,5540.0,5516.0,2699.0,14930868.0,751472
2023-05-10 21:00:41,TA2307,TA2307,5540.0,5.0,27660.0,1.0,1,5540.0,5542.0,96,5508.0,5528.0,5540.0,5516.0,2704.0,14958528.0,751473
2023-05-10 21:00:42,TA2307,TA2307,5540.0,7.0,38724.0,3.0,19,5538.0,5542.0,91,5508.0,5528.0,5540.0,5516.0,2711.0,14997252.0,751476
2023-05-10 21:00:42,TA2307,TA2307,5540.0,2.0,11064.0,0.0,9,5538.0,5540.0,4,5508.0,5528.0,5540.0,5516.0,2713.0,15008316.0,751476
2023-05-10 21:00:42,TA2307,TA2307,5540.0,10.0,55320.0,6.0,7,5538.0,5542.0,118,5508.0,5528.0,5540.0,5516.0,2723.0,15063636.0,751482
2023-05-10 21:00:43,TA2307,TA2307,5538.0,1.0,5532.0,0.0,3,5538.0,5540.0,9,5508.0,5528.0,5540.0,5516.0,2724.0,15069168.0,751482
2023-05-10 21:00:43,TA2307,TA2307,5538.0,0.0,0.0,0.0,6,5538.0,5540.0,32,5508.0,5528.0,5540.0,5516.0,2724.0,15069168.0,751482
2023-05-10 21:00:44,TA2307,TA2307,5540.0,45.0,248940.0,3.0,6,5538.0,5542.0,135,5508.0,5528.0,5540.0,5516.0,2769.0,15318108.0,751485
2023-05-10 21:00:44,TA2307,TA2307,5540.0,0.0,0.0,0.0,36,5538.0,5542.0,101,5508.0,5528.0,5540.0,5516.0,2769.0,15318108.0,751485
2023-05-10 21:00:45,TA2307,TA2307,5540.0,0.0,0.0,0.0,20,5540.0,5542.0,102,5508.0,5528.0,5540.0,5516.0,2769.0,15318108.0,751485
2023-05-10 21:00:46,TA2307,TA2307,5540.0,0.0,0.0,0.0,47,5540.0,5542.0,102,5508.0,5528.0,5540.0,5516.0,2769.0,15318108.0,751485
2023-05-10 21:00:46,TA2307,TA2307,5540.0,0.0,0.0,0.0,52,5540.0,5542.0,90,5508.0,5528.0,5540.0,5516.0,2769.0,15318108.0,751485
2023-05-10 21:00:46,TA2307,TA2307,5540.0,1.0,5532.0,0.0,57,5540.0,5542.0,79,5508.0,5528.0,5540.0,5516.0,2770.0,15323640.0,751485
2023-05-10 21:00:47,TA2307,TA2307,5542.0,92.0,508944.0,53.0,59,5540.0,5544.0,95,5508.0,5528.0,5542.0,5516.0,2862.0,15832584.0,751538
2023-05-10 21:00:48,TA2307,TA2307,5542.0,10.0,55320.0,-8.0,790,5542.0,5544.0,42,5508.0,5528.0,5542.0,5516.0,2872.0,15887904.0,751530
2023-05-10 21:00:48,TA2307,TA2307,5544.0,83.0,465066.0,17.0,802,5542.0,5544.0,5,5508.0,5528.0,5544.0,5516.0,2955.0,16352970.0,751547
2023-05-10 21:00:48,TA2307,TA2307,5544.0,12.0,66408.0,-3.0,817,5542.0,5544.0,9,5508.0,5528.0,5544.0,5516.0,2967.0,16419378.0,751544
2023-05-10 21:00:49,TA2307,TA2307,5544.0,11.0,60874.0,0.0,827,5542.0,5546.0,67,5508.0,5528.0,5544.0,5516.0,2978.0,16480252.0,751544
2023-05-10 21:00:50,TA2307,TA2307,5544.0,6.0,33204.0,0.0,817,5542.0,5546.0,55,5508.0,5528.0,5544.0,5516.0,2984.0,16513456.0,751544
2023-05-10 21:00:50,TA2307,TA2307,5542.0,103.0,570002.0,-94.0,711,5542.0,5544.0,7,5508.0,5528.0,5544.0,5516.0,3087.0,17083458.0,751450
2023-05-10 21:00:51,TA2307,TA2307,5542.0,1.0,5534.0,0.0,716,5542.0,5544.0,1,5508.0,5528.0,5544.0,5516.0,3088.0,17088992.0,751450
2023-05-10 21:00:51,TA2307,TA2307,5546.0,265.0,1466510.0,38.0,12,5544.0,5546.0,2,5508.0,5528.0,5546.0,5516.0,3353.0,18555502.0,751488
2023-05-10 21:00:52,TA2307,TA2307,5544.0,34.0,188156.0,-27.0,12,5544.0,5546.0,21,5508.0,5528.0,5546.0,5516.0,3387.0,18743658.0,751461
2023-05-10 21:00:52,TA2307,TA2307,5544.0,18.0,99612.0,-11.0,34,5544.0,5546.0,22,5508.0,5528.0,5546.0,5516.0,3405.0,18843270.0,751450
2023-05-10 21:00:53,TA2307,TA2307,5544.0,2.0,11068.0,0.0,71,5544.0,5546.0,20,5508.0,5528.0,5546.0,5516.0,3407.0,18854338.0,751450
2023-05-10 21:00:53,TA2307,TA2307,5546.0,6.0,33204.0,4.0,87,5544.0,5546.0,5,5508.0,5528.0,5546.0,5516.0,3413.0,18887542.0,751454
2023-05-10 21:00:53,TA2307,TA2307,5546.0,15.0,83010.0,7.0,147,5544.0,5546.0,13,5508.0,5528.0,5546.0,5516.0,3428.0,18970552.0,751461
2023-05-10 21:00:54,TA2307,TA2307,5546.0,18.0,99612.0,0.0,157,5544.0,5546.0,1,5508.0,5528.0,5546.0,5516.0,3446.0,19070164.0,751461
2023-05-10 21:00:55,TA2307,TA2307,5546.0,6.0,33204.0,-2.0,4,5546.0,5548.0,46,5508.0,5528.0,5546.0,5516.0,3452.0,19103368.0,751459
2023-05-10 21:00:55,TA2307,TA2307,5546.0,10.0,55340.0,-2.0,2,5546.0,5548.0,44,5508.0,5528.0,5546.0,5516.0,3462.0,19158708.0,751457
2023-05-10 21:00:56,TA2307,TA2307,5544.0,36.0,206220.0,-13.0,185,5544.0,5548.0,28,5508.0,5528.0,5546.0,5516.0,3498.0,19364928.0,751444
2023-05-10 21:00:56,TA2307,TA2307,5546.0,7.0,38752.0,7.0,214,5544.0,5548.0,49,5508.0,5528.0,5546.0,5516.0,3505.0,19403680.0,751451
2023-05-10 21:00:57,TA2307,TA2307,5548.0,24.0,132864.0,13.0,224,5544.0,5546.0,2,5508.0,5528.0,5548.0,5516.0,3529.0,19536544.0,751464
2023-05-10 21:00:57,TA2307,TA2307,5546.0,4.0,22144.0,-2.0,175,5544.0,5548.0,209,5508.0,5528.0,5548.0,5516.0,3533.0,19558688.0,751462
2023-05-10 21:00:58,TA2307,TA2307,5548.0,154.0,852544.0,26.0,182,5544.0,5548.0,114,5508.0,5528.0,5548.0,5516.0,3687.0,20411232.0,751488
2023-05-10 21:00:58,TA2307,TA2307,5548.0,28.0,155008.0,6.0,2,5546.0,5548.0,37,5508.0,5528.0,5548.0,5516.0,3715.0,20566240.0,751494
2023-05-10 21:00:58,TA2307,TA2307,5548.0,31.0,171616.0,-29.0,4,5546.0,5548.0,26,5508.0,5528.0,5548.0,5516.0,3746.0,20737856.0,751465
2023-05-10 21:00:59,TA2307,TA2307,5548.0,24.0,132864.0,7.0,99,5548.0,5550.0,96,5508.0,5528.0,5548.0,5516.0,3770.0,20870720.0,751472
2023-05-10 21:01:00,TA2307,TA2307,5548.0,16.0,88576.0,13.0,109,5548.0,5550.0,77,5508.0,5528.0,5548.0,5516.0,3786.0,20959296.0,751485
2023-05-10 21:01:00,TA2307,TA2307,5550.0,118.0,653248.0,47.0,88,5550.0,5552.0,73,5508.0,5528.0,5550.0,5516.0,3904.0,21612544.0,751532
2023-05-10 21:01:01,TA2307,TA2307,5550.0,1.0,5536.0,1.0,166,5550.0,5552.0,43,5508.0,5528.0,5550.0,5516.0,3905.0,21618080.0,751533
2023-05-10 21:01:01,TA2307,TA2307,5550.0,17.0,94112.0,5.0,221,5550.0,5552.0,39,5508.0,5528.0,5552.0,5516.0,3922.0,21712192.0,751538
2023-05-10 21:01:02,TA2307,TA2307,5550.0,51.0,282336.0,-10.0,166,5550.0,5554.0,81,5508.0,5528.0,5552.0,5516.0,3973.0,21994528.0,751528
2023-05-10 21:01:02,TA2307,TA2307,5552.0,7.0,38752.0,-1.0,32,5552.0,5554.0,34,5508.0,5528.0,5552.0,5516.0,3980.0,22033280.0,751527
2023-05-10 21:01:02,TA2307,TA2307,5552.0,1.0,5536.0,0.0,27,5552.0,5554.0,35,5508.0,5528.0,5552.0,5516.0,3981.0,22038816.0,751527
2023-05-10 21:01:03,TA2307,TA2307,5552.0,1.0,5536.0,0.0,26,5552.0,5554.0,15,5508.0,5528.0,5552.0,5516.0,3982.0,22044352.0,751527
2023-05-10 21:01:04,TA2307,TA2307,5550.0,50.0,284864.0,-12.0,189,5550.0,5552.0,10,5508.0,5528.0,5552.0,5516.0,4032.0,22329216.0,751515
2023-05-10 21:01:04,TA2307,TA2307,5550.0,46.0,254748.0,19.0,164,5550.0,5554.0,74,5508.0,5528.0,5552.0,5516.0,4078.0,22583964.0,751534
2023-05-10 21:01:05,TA2307,TA2307,5550.0,10.0,55380.0,5.0,173,5550.0,5552.0,4,5508.0,5528.0,5552.0,5516.0,4088.0,22639344.0,751539
2023-05-10 21:01:05,TA2307,TA2307,5552.0,8.0,44304.0,7.0,165,5550.0,5552.0,21,5508.0,5528.0,5552.0,5516.0,4096.0,22683648.0,751546
2023-05-10 21:01:05,TA2307,TA2307,5552.0,20.0,110760.0,5.0,241,5550.0,5552.0,30,5508.0,5528.0,5552.0,5516.0,4116.0,22794408.0,751551
2023-05-10 21:01:06,TA2307,TA2307,5552.0,6.0,33228.0,-3.0,239,5550.0,5552.0,27,5508.0,5528.0,5552.0,5516.0,4122.0,22827636.0,751548
2023-05-10 21:01:07,TA2307,TA2307,5550.0,18.0,99684.0,5.0,221,5550.0,5552.0,45,5508.0,5528.0,5552.0,5516.0,4140.0,22927320.0,751553
2023-05-10 21:01:07,TA2307,TA2307,5550.0,14.0,77532.0,-9.0,218,5550.0,5552.0,29,5508.0,5528.0,5552.0,5516.0,4154.0,23004852.0,751544
2023-05-10 21:01:08,TA2307,TA2307,5550.0,418.0,2314884.0,-148.0,10,5550.0,5552.0,57,5508.0,5528.0,5552.0,5516.0,4572.0,25319736.0,751396
2023-05-10 21:01:08,TA2307,TA2307,5552.0,107.0,592566.0,12.0,20,5552.0,5554.0,59,5508.0,5528.0,5552.0,5516.0,4679.0,25912302.0,751408
2023-05-10 21:01:09,TA2307,TA2307,5552.0,38.0,219878.0,1.0,44,5550.0,5552.0,5,5508.0,5528.0,5552.0,5516.0,4717.0,26132180.0,751409
2023-05-10 21:01:09,TA2307,TA2307,5550.0,183.0,1013820.0,114.0,88,5548.0,5550.0,7,5508.0,5528.0,5552.0,5516.0,4900.0,27146000.0,751523
2023-05-10 21:01:09,TA2307,TA2307,5552.0,170.0,941800.0,78.0,8,5552.0,5554.0,164,5508.0,5528.0,5552.0,5516.0,5070.0,28087800.0,751601
2023-05-10 21:01:10,TA2307,TA2307,5552.0,23.0,127420.0,-5.0,1,5552.0,5554.0,85,5508.0,5528.0,5552.0,5516.0,5093.0,28215220.0,751596
2023-05-10 21:01:10,TA2307,TA2307,5552.0,1.0,5540.0,-1.0,20,5552.0,5554.0,44,5508.0,5528.0,5552.0,5516.0,5094.0,28220760.0,751595
2023-05-10 21:01:11,TA2307,TA2307,5552.0,0.0,0.0,0.0,23,5552.0,5554.0,42,5508.0,5528.0,5552.0,5516.0,5094.0,28220760.0,751595
2023-05-10 21:01:12,TA2307,TA2307,5552.0,28.0,155120.0,4.0,86,5550.0,5554.0,89,5508.0,5528.0,5552.0,5516.0,5122.0,28375880.0,751599
2023-05-10 21:01:12,TA2307,TA2307,5552.0,1.0,5540.0,-1.0,37,5550.0,5552.0,24,5508.0,5528.0,5552.0,5516.0,5123.0,28381420.0,751598
2023-05-10 21:01:13,TA2307,TA2307,5552.0,14.0,77560.0,-2.0,29,5550.0,5554.0,220,5508.0,5528.0,5552.0,5516.0,5137.0,28458980.0,751596
2023-05-10 21:01:13,TA2307,TA2307,5552.0,0.0,0.0,0.0,40,5550.0,5554.0,142,5508.0,5528.0,5552.0,5516.0,5137.0,28458980.0,751596
2023-05-10 21:01:14,TA2307,TA2307,5552.0,0.0,0.0,0.0,3,5552.0,5554.0,127,5508.0,5528.0,5552.0,5516.0,5137.0,28458980.0,751596
2023-05-10 21:01:14,TA2307,TA2307,5554.0,8.0,44320.0,-8.0,19,5552.0,5554.0,53,5508.0,5528.0,5554.0,5516.0,5145.0,28503300.0,751588
2023-05-10 21:01:15,TA2307,TA2307,5554.0,1.0,5540.0,1.0,41,5552.0,5554.0,52,5508.0,5528.0,5554.0,5516.0,5146.0,28508840.0,751589
2023-05-10 21:01:15,TA2307,TA2307,5554.0,0.0,0.0,0.0,34,5552.0,5554.0,58,5508.0,5528.0,5554.0,5516.0,5146.0,28508840.0,751589
2023-05-10 21:01:15,TA2307,TA2307,5554.0,0.0,0.0,0.0,34,5552.0,5554.0,55,5508.0,5528.0,5554.0,5516.0,5146.0,28508840.0,751589
2023-05-10 21:01:16,TA2307,TA2307,5552.0,51.0,282540.0,-4.0,45,5552.0,5554.0,51,5508.0,5528.0,5554.0,5516.0,5197.0,28791380.0,751585
2023-05-10 21:01:17,TA2307,TA2307,5554.0,192.0,1063680.0,-109.0,65,5554.0,5556.0,141,5508.0,5528.0,5554.0,5516.0,5389.0,29855060.0,751476
2023-05-10 21:01:17,TA2307,TA2307,5554.0,63.0,349020.0,-38.0,78,5554.0,5556.0,78,5508.0,5528.0,5554.0,5516.0,5452.0,30204080.0,751438
2023-05-10 21:01:17,TA2307,TA2307,5554.0,0.0,0.0,0.0,69,5554.0,5556.0,77,5508.0,5528.0,5554.0,5516.0,5452.0,30204080.0,751438
2023-05-10 21:01:18,TA2307,TA2307,5554.0,0.0,0.0,0.0,73,5554.0,5556.0,73,5508.0,5528.0,5554.0,5516.0,5452.0,30204080.0,751438
2023-05-10 21:01:18,TA2307,TA2307,5554.0,1.0,5540.0,-1.0,73,5554.0,5556.0,63,5508.0,5528.0,5554.0,5516.0,5453.0,30209620.0,751437
2023-05-10 21:01:19,TA2307,TA2307,5554.0,17.0,94180.0,0.0,78,5554.0,5556.0,58,5508.0,5528.0,5554.0,5516.0,5470.0,30303800.0,751437
2023-05-10 21:01:19,TA2307,TA2307,5556.0,87.0,493094.0,-21.0,4,5556.0,5558.0,130,5508.0,5528.0,5556.0,5516.0,5557.0,30796894.0,751416
2023-05-10 21:01:20,TA2307,TA2307,5554.0,30.0,166260.0,7.0,132,5554.0,5556.0,25,5508.0,5528.0,5556.0,5516.0,5587.0,30963154.0,751423
2023-05-10 21:01:20,TA2307,TA2307,5554.0,0.0,0.0,0.0,135,5554.0,5556.0,38,5508.0,5528.0,5556.0,5516.0,5587.0,30963154.0,751423
2023-05-10 21:01:21,TA2307,TA2307,5556.0,117.0,648414.0,-64.0,83,5556.0,5558.0,138,5508.0,5528.0,5556.0,5516.0,5704.0,31611568.0,751359
2023-05-10 21:01:22,TA2307,TA2307,5556.0,58.0,321436.0,-49.0,6,5556.0,5558.0,100,5508.0,5528.0,5556.0,5516.0,5762.0,31933004.0,751310
2023-05-10 21:01:22,TA2307,TA2307,5556.0,6.0,33252.0,5.0,152,5554.0,5556.0,3,5508.0,5528.0,5556.0,5516.0,5768.0,31966256.0,751315
2023-05-10 21:01:22,TA2307,TA2307,5554.0,100.0,554200.0,22.0,85,5554.0,5556.0,31,5508.0,5528.0,5556.0,5516.0,5868.0,32520456.0,751337
2023-05-10 21:01:23,TA2307,TA2307,5554.0,0.0,0.0,0.0,109,5554.0,5556.0,59,5508.0,5528.0,5556.0,5516.0,5868.0,32520456.0,751337
2023-05-10 21:01:24,TA2307,TA2307,5554.0,121.0,670582.0,-33.0,48,5554.0,5556.0,62,5508.0,5528.0,5556.0,5516.0,5989.0,33191038.0,751304
2023-05-10 21:01:24,TA2307,TA2307,5556.0,210.0,1163820.0,15.0,65,5556.0,5558.0,168,5508.0,5528.0,5556.0,5516.0,6199.0,34354858.0,751319
2023-05-10 21:01:25,TA2307,TA2307,5556.0,37.0,205054.0,-11.0,51,5556.0,5558.0,72,5508.0,5528.0,5556.0,5516.0,6236.0,34559912.0,751308
2023-05-10 21:01:25,TA2307,TA2307,5556.0,34.0,188428.0,-17.0,100,5554.0,5558.0,51,5508.0,5528.0,5556.0,5516.0,6270.0,34748340.0,751291
2023-05-10 21:01:25,TA2307,TA2307,5556.0,0.0,0.0,0.0,143,5554.0,5556.0,7,5508.0,5528.0,5556.0,5516.0,6270.0,34748340.0,751291
2023-05-10 21:01:26,TA2307,TA2307,5554.0,4.0,22168.0,0.0,144,5554.0,5556.0,5,5508.0,5528.0,5556.0,5516.0,6274.0,34770508.0,751291
2023-05-10 21:01:26,TA2307,TA2307,5554.0,0.0,0.0,0.0,138,5554.0,5556.0,5,5508.0,5528.0,5556.0,5516.0,6274.0,34770508.0,751291
2023-05-10 21:01:27,TA2307,TA2307,5554.0,23.0,127466.0,-1.0,179,5554.0,5556.0,285,5508.0,5528.0,5556.0,5516.0,6297.0,34897974.0,751290
2023-05-10 21:01:28,TA2307,TA2307,5554.0,265.0,1481754.0,-37.0,49,5554.0,5556.0,88,5508.0,5528.0,5556.0,5516.0,6562.0,36379728.0,751253
2023-05-10 21:01:28,TA2307,TA2307,5554.0,56.0,310464.0,-3.0,64,5554.0,5556.0,29,5508.0,5528.0,5556.0,5516.0,6618.0,36690192.0,751250
2023-05-10 21:01:29,TA2307,TA2307,5554.0,5.0,27720.0,5.0,61,5554.0,5556.0,39,5508.0,5528.0,5556.0,5516.0,6623.0,36717912.0,751255
2023-05-10 21:01:29,TA2307,TA2307,5554.0,31.0,171864.0,11.0,30,5554.0,5556.0,49,5508.0,5528.0,5556.0,5516.0,6654.0,36889776.0,751266
2023-05-10 21:01:29,TA2307,TA2307,5554.0,135.0,748440.0,109.0,98,5552.0,5556.0,66,5508.0,5528.0,5556.0,5516.0,6789.0,37638216.0,751375
2023-05-10 21:01:30,TA2307,TA2307,5556.0,188.0,1042272.0,105.0,61,5554.0,5556.0,10,5508.0,5528.0,5556.0,5516.0,6977.0,38680488.0,751480
2023-05-10 21:01:31,TA2307,TA2307,5556.0,0.0,0.0,0.0,107,5554.0,5556.0,17,5508.0,5528.0,5556.0,5516.0,6977.0,38680488.0,751480
2023-05-10 21:01:31,TA2307,TA2307,5554.0,130.0,720720.0,64.0,50,5554.0,5556.0,3,5508.0,5528.0,5556.0,5516.0,7107.0,39401208.0,751544
2023-05-10 21:01:32,TA2307,TA2307,5554.0,22.0,121968.0,16.0,93,5554.0,5556.0,2,5508.0,5528.0,5556.0,5516.0,7129.0,39523176.0,751560
2023-05-10 21:01:32,TA2307,TA2307,5556.0,1.0,5544.0,1.0,93,5554.0,5556.0,2,5508.0,5528.0,5556.0,5516.0,7130.0,39528720.0,751561
2023-05-10 21:01:33,TA2307,TA2307,5554.0,2.0,11088.0,1.0,111,5554.0,5556.0,7,5508.0,5528.0,5556.0,5516.0,7132.0,39539808.0,751562
2023-05-10 21:01:33,TA2307,TA2307,5556.0,7.0,38808.0,-5.0,163,5554.0,5556.0,1,5508.0,5528.0,5556.0,5516.0,7139.0,39578616.0,751557
2023-05-10 21:01:34,TA2307,TA2307,5556.0,153.0,848232.0,-91.0,429,5556.0,5558.0,83,5508.0,5528.0,5556.0,5516.0,7292.0,40426848.0,751466
2023-05-10 21:01:34,TA2307,TA2307,5558.0,187.0,1036728.0,67.0,488,5556.0,5558.0,3,5508.0,5528.0,5558.0,5516.0,7479.0,41463576.0,751533
2023-05-10 21:01:35,TA2307,TA2307,5556.0,23.0,127512.0,-2.0,474,5556.0,5558.0,30,5508.0,5528.0,5558.0,5516.0,7502.0,41591088.0,751531
2023-05-10 21:01:35,TA2307,TA2307,5556.0,0.0,0.0,0.0,479,5556.0,5558.0,30,5508.0,5528.0,5558.0,5516.0,7502.0,41591088.0,751531
2023-05-10 21:01:36,TA2307,TA2307,5558.0,17.0,94248.0,4.0,534,5556.0,5558.0,2,5508.0,5528.0,5558.0,5516.0,7519.0,41685336.0,751535
2023-05-10 21:01:36,TA2307,TA2307,5558.0,27.0,164780.0,-26.0,546,5556.0,5558.0,1,5508.0,5528.0,5558.0,5516.0,7546.0,41850116.0,751509
2023-05-10 21:01:37,TA2307,TA2307,5558.0,38.0,210748.0,8.0,531,5556.0,5558.0,1,5508.0,5528.0,5558.0,5516.0,7584.0,42060864.0,751517
2023-05-10 21:01:37,TA2307,TA2307,5556.0,12.0,66552.0,-4.0,519,5556.0,5558.0,4,5508.0,5528.0,5558.0,5516.0,7596.0,42127416.0,751513
2023-05-10 21:01:37,TA2307,TA2307,5556.0,0.0,0.0,0.0,534,5556.0,5558.0,4,5508.0,5528.0,5558.0,5516.0,7596.0,42127416.0,751513
2023-05-10 21:01:38,TA2307,TA2307,5556.0,0.0,0.0,0.0,534,5556.0,5558.0,7,5508.0,5528.0,5558.0,5516.0,7596.0,42127416.0,751513
2023-05-10 21:01:39,TA2307,TA2307,5556.0,13.0,72098.0,5.0,526,5556.0,5558.0,6,5508.0,5528.0,5558.0,5516.0,7609.0,42199514.0,751518
2023-05-10 21:01:39,TA2307,TA2307,5556.0,10.0,55460.0,-5.0,505,5556.0,5558.0,7,5508.0,5528.0,5558.0,5516.0,7619.0,42254974.0,751513
2023-05-10 21:01:39,TA2307,TA2307,5556.0,19.0,105374.0,-15.0,497,5556.0,5558.0,6,5508.0,5528.0,5558.0,5516.0,7638.0,42360348.0,751498
2023-05-10 21:01:40,TA2307,TA2307,5560.0,28.0,155288.0,-5.0,520,5556.0,5560.0,63,5508.0,5528.0,5560.0,5516.0,7666.0,42515636.0,751493
2023-05-10 21:01:41,TA2307,TA2307,5560.0,128.0,709888.0,79.0,5,5558.0,5562.0,92,5508.0,5528.0,5560.0,5516.0,7794.0,43225524.0,751572
2023-05-10 21:01:41,TA2307,TA2307,5560.0,122.0,676612.0,47.0,44,5558.0,5562.0,59,5508.0,5528.0,5560.0,5516.0,7916.0,43902136.0,751619
2023-05-10 21:01:41,TA2307,TA2307,5558.0,2.0,11092.0,1.0,70,5558.0,5560.0,21,5508.0,5528.0,5560.0,5516.0,7918.0,43913228.0,751620
2023-05-10 21:01:42,TA2307,TA2307,5558.0,69.0,382674.0,-18.0,502,5556.0,5558.0,11,5508.0,5528.0,5560.0,5516.0,7987.0,44295902.0,751602
2023-05-10 21:01:43,TA2307,TA2307,5560.0,214.0,1186844.0,83.0,22,5558.0,5560.0,43,5508.0,5528.0,5560.0,5516.0,8201.0,45482746.0,751685
2023-05-10 21:01:43,TA2307,TA2307,5560.0,57.0,316122.0,43.0,486,5556.0,5560.0,115,5508.0,5528.0,5560.0,5516.0,8258.0,45798868.0,751728
2023-05-10 21:01:44,TA2307,TA2307,5558.0,143.0,793078.0,43.0,87,5558.0,5560.0,1,5508.0,5528.0,5560.0,5516.0,8401.0,46591946.0,751771
2023-05-10 21:01:44,TA2307,TA2307,5560.0,17.0,94282.0,0.0,102,5558.0,5560.0,3,5508.0,5528.0,5560.0,5516.0,8418.0,46686228.0,751771
2023-05-10 21:01:45,TA2307,TA2307,5558.0,4.0,22184.0,-1.0,82,5558.0,5560.0,43,5508.0,5528.0,5560.0,5516.0,8422.0,46708412.0,751770
2023-05-10 21:01:45,TA2307,TA2307,5558.0,12.0,66552.0,-11.0,61,5558.0,5560.0,81,5508.0,5528.0,5560.0,5516.0,8434.0,46774964.0,751759
2023-05-10 21:01:46,TA2307,TA2307,5560.0,23.0,127558.0,-13.0,54,5558.0,5560.0,30,5508.0,5528.0,5560.0,5516.0,8457.0,46902522.0,751746
2023-05-10 21:01:46,TA2307,TA2307,5560.0,0.0,0.0,0.0,65,5558.0,5560.0,28,5508.0,5528.0,5560.0,5516.0,8457.0,46902522.0,751746
2023-05-10 21:01:47,TA2307,TA2307,5560.0,45.0,249570.0,-11.0,12,5560.0,5562.0,57,5508.0,5528.0,5560.0,5516.0,8502.0,47152092.0,751735
2023-05-10 21:01:47,TA2307,TA2307,5560.0,7.0,38822.0,6.0,5,5560.0,5562.0,112,5508.0,5528.0,5560.0,5516.0,8509.0,47190914.0,751741
2023-05-10 21:01:48,TA2307,TA2307,5560.0,0.0,0.0,0.0,13,5560.0,5562.0,101,5508.0,5528.0,5560.0,5516.0,8509.0,47190914.0,751741
2023-05-10 21:01:48,TA2307,TA2307,5560.0,19.0,105374.0,-1.0,1,5560.0,5562.0,64,5508.0,5528.0,5560.0,5516.0,8528.0,47296288.0,751740
2023-05-10 21:01:48,TA2307,TA2307,5560.0,3.0,16638.0,1.0,1,5560.0,5562.0,102,5508.0,5528.0,5560.0,5516.0,8531.0,47312926.0,751741
2023-05-10 21:01:49,TA2307,TA2307,5560.0,1.0,5546.0,1.0,41,5560.0,5562.0,151,5508.0,5528.0,5560.0,5516.0,8532.0,47318472.0,751742
2023-05-10 21:01:49,TA2307,TA2307,5560.0,0.0,0.0,0.0,61,5560.0,5562.0,53,5508.0,5528.0,5560.0,5516.0,8532.0,47318472.0,751742
2023-05-10 21:01:50,TA2307,TA2307,5558.0,105.0,582330.0,-72.0,147,5558.0,5560.0,11,5508.0,5528.0,5560.0,5516.0,8637.0,47900802.0,751670
2023-05-10 21:01:50,TA2307,TA2307,5560.0,38.0,210748.0,17.0,37,5560.0,5562.0,111,5508.0,5528.0,5560.0,5516.0,8675.0,48111550.0,751687
2023-05-10 21:01:51,TA2307,TA2307,5560.0,0.0,0.0,0.0,41,5560.0,5562.0,153,5508.0,5528.0,5560.0,5516.0,8675.0,48111550.0,751687
2023-05-10 21:01:51,TA2307,TA2307,5560.0,0.0,0.0,0.0,46,5560.0,5562.0,89,5508.0,5528.0,5560.0,5516.0,8675.0,48111550.0,751687
2023-05-10 21:01:52,TA2307,TA2307,5560.0,0.0,0.0,0.0,48,5560.0,5562.0,89,5508.0,5528.0,5560.0,5516.0,8675.0,48111550.0,751687
2023-05-10 21:01:53,TA2307,TA2307,5558.0,112.0,638726.0,-2.0,34,5560.0,5562.0,126,5508.0,5528.0,5560.0,5516.0,8787.0,48750276.0,751685
2023-05-10 21:01:53,TA2307,TA2307,5560.0,35.0,194180.0,16.0,149,5558.0,5562.0,172,5508.0,5528.0,5560.0,5516.0,8822.0,48944456.0,751701
2023-05-10 21:01:53,TA2307,TA2307,5560.0,8.0,44384.0,-2.0,103,5558.0,5560.0,1,5508.0,5528.0,5560.0,5516.0,8830.0,48988840.0,751699
2023-05-10 21:01:54,TA2307,TA2307,5560.0,1.0,5548.0,0.0,102,5558.0,5562.0,249,5508.0,5528.0,5560.0,5516.0,8831.0,48994388.0,751699
2023-05-10 21:01:54,TA2307,TA2307,5560.0,0.0,0.0,0.0,105,5558.0,5562.0,229,5508.0,5528.0,5560.0,5516.0,8831.0,48994388.0,751699
2023-05-10 21:01:55,TA2307,TA2307,5560.0,0.0,0.0,0.0,107,5558.0,5560.0,1,5508.0,5528.0,5560.0,5516.0,8831.0,48994388.0,751699
2023-05-10 21:01:56,TA2307,TA2307,5560.0,1.0,5548.0,-1.0,108,5558.0,5560.0,1,5508.0,5528.0,5560.0,5516.0,8832.0,48999936.0,751698
2023-05-10 21:01:56,TA2307,TA2307,5560.0,1.0,5548.0,0.0,108,5558.0,5562.0,239,5508.0,5528.0,5560.0,5516.0,8833.0,49005484.0,751698
2023-05-10 21:01:56,TA2307,TA2307,5560.0,0.0,0.0,0.0,108,5558.0,5562.0,229,5508.0,5528.0,5560.0,5516.0,8833.0,49005484.0,751698
2023-05-10 21:01:57,TA2307,TA2307,5560.0,0.0,0.0,0.0,108,5558.0,5562.0,192,5508.0,5528.0,5560.0,5516.0,8833.0,49005484.0,751698
2023-05-10 21:01:58,TA2307,TA2307,5560.0,1.0,5548.0,1.0,98,5558.0,5560.0,143,5508.0,5528.0,5560.0,5516.0,8834.0,49011032.0,751699
2023-05-10 21:01:58,TA2307,TA2307,5560.0,0.0,0.0,0.0,98,5558.0,5560.0,144,5508.0,5528.0,5560.0,5516.0,8834.0,49011032.0,751699
2023-05-10 21:01:58,TA2307,TA2307,5560.0,4.0,22192.0,1.0,97,5558.0,5560.0,161,5508.0,5528.0,5560.0,5516.0,8838.0,49033224.0,751700
2023-05-10 21:01:59,TA2307,TA2307,5560.0,3.0,16644.0,0.0,97,5558.0,5560.0,158,5508.0,5528.0,5560.0,5516.0,8841.0,49049868.0,751700
2023-05-10 21:01:59,TA2307,TA2307,5558.0,1.0,5548.0,-1.0,97,5558.0,5560.0,148,5508.0,5528.0,5560.0,5516.0,8842.0,49055416.0,751699
2023-05-10 21:02:00,TA2307,TA2307,5558.0,31.0,171988.0,22.0,95,5558.0,5560.0,112,5508.0,5528.0,5560.0,5516.0,8873.0,49227404.0,751721
2023-05-10 21:02:00,TA2307,TA2307,5558.0,88.0,488224.0,20.0,449,5556.0,5558.0,54,5508.0,5528.0,5560.0,5516.0,8961.0,49715628.0,751741
2023-05-10 21:02:01,TA2307,TA2307,5558.0,6.0,33288.0,-3.0,395,5556.0,5558.0,79,5508.0,5528.0,5560.0,5516.0,8967.0,49748916.0,751738
2023-05-10 21:02:02,TA2307,TA2307,5558.0,5.0,27740.0,-5.0,427,5556.0,5558.0,52,5508.0,5528.0,5560.0,5516.0,8972.0,49776656.0,751733
2023-05-10 21:02:02,TA2307,TA2307,5558.0,4.0,22192.0,0.0,427,5556.0,5558.0,50,5508.0,5528.0,5560.0,5516.0,8976.0,49798848.0,751733
2023-05-10 21:02:03,TA2307,TA2307,5558.0,3.0,16644.0,-3.0,407,5556.0,5558.0,51,5508.0,5528.0,5560.0,5516.0,8979.0,49815492.0,751730
2023-05-10 21:02:03,TA2307,TA2307,5558.0,0.0,0.0,0.0,407,5556.0,5558.0,61,5508.0,5528.0,5560.0,5516.0,8979.0,49815492.0,751730
2023-05-10 21:02:03,TA2307,TA2307,5558.0,1.0,5548.0,-1.0,406,5556.0,5558.0,67,5508.0,5528.0,5560.0,5516.0,8980.0,49821040.0,751729
2023-05-10 21:02:04,TA2307,TA2307,5558.0,6.0,33288.0,-6.0,405,5556.0,5558.0,61,5508.0,5528.0,5560.0,5516.0,8986.0,49854328.0,751723
2023-05-10 21:02:05,TA2307,TA2307,5556.0,135.0,748980.0,0.0,270,5556.0,5558.0,61,5508.0,5528.0,5560.0,5516.0,9121.0,50603308.0,751723
2023-05-10 21:02:06,TA2307,TA2307,5556.0,286.0,1586728.0,29.0,200,5554.0,5556.0,79,5508.0,5528.0,5560.0,5516.0,9407.0,52190036.0,751752
2023-05-10 21:02:06,TA2307,TA2307,5556.0,7.0,38836.0,-7.0,186,5554.0,5556.0,69,5508.0,5528.0,5560.0,5516.0,9414.0,52228872.0,751745
2023-05-10 21:02:06,TA2307,TA2307,5554.0,2.0,11096.0,-2.0,159,5554.0,5556.0,75,5508.0,5528.0,5560.0,5516.0,9416.0,52239968.0,751743
2023-05-10 21:02:07,TA2307,TA2307,5554.0,139.0,771172.0,-32.0,137,5552.0,5554.0,45,5508.0,5528.0,5560.0,5516.0,9555.0,53011140.0,751711
2023-05-10 21:02:08,TA2307,TA2307,5554.0,7.0,38836.0,0.0,38,5552.0,5554.0,95,5508.0,5528.0,5560.0,5516.0,9562.0,53049976.0,751711
2023-05-10 21:02:08,TA2307,TA2307,5554.0,0.0,0.0,0.0,27,5552.0,5554.0,85,5508.0,5528.0,5560.0,5516.0,9562.0,53049976.0,751711
2023-05-10 21:02:08,TA2307,TA2307,5552.0,2.0,11096.0,-2.0,27,5552.0,5554.0,85,5508.0,5528.0,5560.0,5516.0,9564.0,53061072.0,751709
2023-05-10 21:02:09,TA2307,TA2307,5552.0,0.0,0.0,0.0,28,5552.0,5554.0,95,5508.0,5528.0,5560.0,5516.0,9564.0,53061072.0,751709
2023-05-10 21:02:10,TA2307,TA2307,5552.0,2.0,11096.0,-2.0,28,5552.0,5554.0,95,5508.0,5528.0,5560.0,5516.0,9566.0,53072168.0,751707
2023-05-10 21:02:10,TA2307,TA2307,5554.0,2.0,11096.0,-1.0,34,5552.0,5554.0,87,5508.0,5528.0,5560.0,5516.0,9568.0,53083264.0,751706
2023-05-10 21:02:10,TA2307,TA2307,5554.0,19.0,105412.0,-19.0,73,5552.0,5554.0,57,5508.0,5528.0,5560.0,5516.0,9587.0,53188676.0,751687
2023-05-10 21:02:11,TA2307,TA2307,5554.0,7.0,38836.0,-1.0,73,5552.0,5554.0,53,5508.0,5528.0,5560.0,5516.0,9594.0,53227512.0,751686
2023-05-10 21:02:11,TA2307,TA2307,5554.0,6.0,33288.0,-1.0,64,5552.0,5554.0,53,5508.0,5528.0,5560.0,5516.0,9600.0,53260800.0,751685
2023-05-10 21:02:12,TA2307,TA2307,5554.0,3.0,16644.0,-3.0,61,5552.0,5554.0,50,5508.0,5528.0,5560.0,5516.0,9603.0,53277444.0,751682
2023-05-10 21:02:12,TA2307,TA2307,5554.0,3.0,16644.0,-3.0,58,5552.0,5554.0,52,5508.0,5528.0,5560.0,5516.0,9606.0,53294088.0,751679
2023-05-10 21:02:13,TA2307,TA2307,5554.0,0.0,0.0,0.0,50,5552.0,5554.0,58,5508.0,5528.0,5560.0,5516.0,9606.0,53294088.0,751679
2023-05-10 21:02:14,TA2307,TA2307,5552.0,46.0,255208.0,4.0,2,5552.0,5554.0,69,5508.0,5528.0,5560.0,5516.0,9652.0,53549296.0,751683
2023-05-10 21:02:14,TA2307,TA2307,5552.0,12.0,66576.0,3.0,2,5552.0,5554.0,85,5508.0,5528.0,5560.0,5516.0,9664.0,53615872.0,751686
2023-05-10 21:02:15,TA2307,TA2307,5552.0,2.0,11096.0,2.0,87,5550.0,5552.0,22,5508.0,5528.0,5560.0,5516.0,9666.0,53626968.0,751688
2023-05-10 21:02:15,TA2307,TA2307,5552.0,0.0,0.0,0.0,52,5550.0,5552.0,34,5508.0,5528.0,5560.0,5516.0,9666.0,53626968.0,751688
2023-05-10 21:02:15,TA2307,TA2307,5552.0,0.0,0.0,0.0,59,5550.0,5552.0,44,5508.0,5528.0,5560.0,5516.0,9666.0,53626968.0,751688
2023-05-10 21:02:16,TA2307,TA2307,5552.0,0.0,0.0,0.0,59,5550.0,5552.0,50,5508.0,5528.0,5560.0,5516.0,9666.0,53626968.0,751688
2023-05-10 21:02:16,TA2307,TA2307,5550.0,19.0,105412.0,0.0,51,5550.0,5552.0,56,5508.0,5528.0,5560.0,5516.0,9685.0,53732380.0,751688
2023-05-10 21:02:17,TA2307,TA2307,5550.0,11.0,61028.0,0.0,39,5550.0,5552.0,84,5508.0,5528.0,5560.0,5516.0,9696.0,53793408.0,751688
2023-05-10 21:02:18,TA2307,TA2307,5550.0,50.0,277400.0,10.0,58,5548.0,5550.0,87,5508.0,5528.0,5560.0,5516.0,9746.0,54070808.0,751698
2023-05-10 21:02:18,TA2307,TA2307,5548.0,3.0,16644.0,-2.0,29,5548.0,5550.0,110,5508.0,5528.0,5560.0,5516.0,9749.0,54087452.0,751696
2023-05-10 21:02:19,TA2307,TA2307,5548.0,6.0,33288.0,-3.0,31,5548.0,5550.0,96,5508.0,5528.0,5560.0,5516.0,9755.0,54120740.0,751693
2023-05-10 21:02:19,TA2307,TA2307,5548.0,12.0,66576.0,0.0,23,5548.0,5550.0,76,5508.0,5528.0,5560.0,5516.0,9767.0,54187316.0,751693
2023-05-10 21:02:20,TA2307,TA2307,5548.0,5.0,27740.0,0.0,41,5548.0,5550.0,73,5508.0,5528.0,5560.0,5516.0,9772.0,54215056.0,751693
2023-05-10 21:02:20,TA2307,TA2307,5550.0,4.0,22192.0,1.0,39,5548.0,5550.0,66,5508.0,5528.0,5560.0,5516.0,9776.0,54237248.0,751694
2023-05-10 21:02:21,TA2307,TA2307,5550.0,2.0,11096.0,1.0,38,5548.0,5550.0,91,5508.0,5528.0,5560.0,5516.0,9778.0,54248344.0,751695
2023-05-10 21:02:21,TA2307,TA2307,5548.0,4.0,22192.0,-1.0,48,5548.0,5550.0,105,5508.0,5528.0,5560.0,5516.0,9782.0,54270536.0,751694
2023-05-10 21:02:22,TA2307,TA2307,5548.0,2.0,11096.0,-1.0,42,5548.0,5550.0,104,5508.0,5528.0,5560.0,5516.0,9784.0,54281632.0,751693
2023-05-10 21:02:22,TA2307,TA2307,5548.0,2.0,11096.0,-1.0,28,5548.0,5550.0,105,5508.0,5528.0,5560.0,5516.0,9786.0,54292728.0,751692
2023-05-10 21:02:23,TA2307,TA2307,5548.0,6.0,33288.0,6.0,23,5548.0,5550.0,105,5508.0,5528.0,5560.0,5516.0,9792.0,54326016.0,751698
2023-05-10 21:02:23,TA2307,TA2307,5548.0,2.0,11096.0,0.0,23,5548.0,5550.0,104,5508.0,5528.0,5560.0,5516.0,9794.0,54337112.0,751698
2023-05-10 21:02:24,TA2307,TA2307,5548.0,4.0,22192.0,-2.0,32,5548.0,5550.0,104,5508.0,5528.0,5560.0,5516.0,9798.0,54359304.0,751696
2023-05-10 21:02:24,TA2307,TA2307,5548.0,2.0,11096.0,-2.0,37,5548.0,5550.0,114,5508.0,5528.0,5560.0,5516.0,9800.0,54370400.0,751694
2023-05-10 21:02:25,TA2307,TA2307,5548.0,3.0,16644.0,-3.0,37,5548.0,5550.0,73,5508.0,5528.0,5560.0,5516.0,9803.0,54387044.0,751691
2023-05-10 21:02:25,TA2307,TA2307,5548.0,2.0,11096.0,-2.0,48,5548.0,5550.0,43,5508.0,5528.0,5560.0,5516.0,9805.0,54398140.0,751689
2023-05-10 21:02:25,TA2307,TA2307,5550.0,48.0,266304.0,1.0,20,5550.0,5552.0,169,5508.0,5528.0,5560.0,5516.0,9853.0,54664444.0,751690
2023-05-10 21:02:26,TA2307,TA2307,5550.0,11.0,61028.0,0.0,127,5548.0,5552.0,132,5508.0,5528.0,5560.0,5516.0,9864.0,54725472.0,751690
2023-05-10 21:02:26,TA2307,TA2307,5550.0,0.0,0.0,0.0,46,5548.0,5550.0,2,5508.0,5528.0,5560.0,5516.0,9864.0,54725472.0,751690
2023-05-10 21:02:27,TA2307,TA2307,5550.0,0.0,0.0,0.0,46,5548.0,5550.0,4,5508.0,5528.0,5560.0,5516.0,9864.0,54725472.0,751690
2023-05-10 21:02:28,TA2307,TA2307,5548.0,5.0,27740.0,0.0,44,5548.0,5550.0,11,5508.0,5528.0,5560.0,5516.0,9869.0,54753212.0,751690
2023-05-10 21:02:28,TA2307,TA2307,5550.0,11.0,61028.0,8.0,31,5548.0,5550.0,9,5508.0,5528.0,5560.0,5516.0,9880.0,54814240.0,751698
2023-05-10 21:02:29,TA2307,TA2307,5548.0,2.0,11096.0,0.0,34,5548.0,5550.0,36,5508.0,5528.0,5560.0,5516.0,9882.0,54825336.0,751698
2023-05-10 21:02:29,TA2307,TA2307,5548.0,75.0,416100.0,55.0,61,5546.0,5548.0,147,5508.0,5528.0,5560.0,5516.0,9957.0,55241436.0,751753
2023-05-10 21:02:30,TA2307,TA2307,5546.0,18.0,99864.0,9.0,36,5546.0,5548.0,148,5508.0,5528.0,5560.0,5516.0,9975.0,55341300.0,751762
2023-05-10 21:02:30,TA2307,TA2307,5546.0,0.0,0.0,0.0,26,5546.0,5548.0,164,5508.0,5528.0,5560.0,5516.0,9975.0,55341300.0,751762
2023-05-10 21:02:30,TA2307,TA2307,5548.0,2.0,11096.0,2.0,16,5546.0,5548.0,156,5508.0,5528.0,5560.0,5516.0,9977.0,55352396.0,751764
2023-05-10 21:02:32,TA2307,TA2307,5548.0,0.0,0.0,0.0,16,5546.0,5548.0,186,5508.0,5528.0,5560.0,5516.0,9977.0,55352396.0,751764
2023-05-10 21:02:32,TA2307,TA2307,5546.0,23.0,127604.0,10.0,2,5546.0,5548.0,234,5508.0,5528.0,5560.0,5516.0,10000.0,55480000.0,751774
2023-05-10 21:02:32,TA2307,TA2307,5546.0,0.0,0.0,0.0,2,5546.0,5548.0,201,5508.0,5528.0,5560.0,5516.0,10000.0,55480000.0,751774
2023-05-10 21:02:33,TA2307,TA2307,5546.0,0.0,0.0,0.0,2,5546.0,5548.0,202,5508.0,5528.0,5560.0,5516.0,10000.0,55480000.0,751774
2023-05-10 21:02:33,TA2307,TA2307,5546.0,0.0,0.0,0.0,2,5546.0,5548.0,203,5508.0,5528.0,5560.0,5516.0,10000.0,55480000.0,751774
2023-05-10 21:02:34,TA2307,TA2307,5546.0,0.0,0.0,0.0,2,5546.0,5548.0,213,5508.0,5528.0,5560.0,5516.0,10000.0,55480000.0,751774
2023-05-10 21:02:35,TA2307,TA2307,5544.0,3.0,16644.0,2.0,113,5544.0,5546.0,4,5508.0,5528.0,5560.0,5516.0,10003.0,55496644.0,751776
2023-05-10 21:02:35,TA2307,TA2307,5546.0,3.0,16644.0,1.0,82,5544.0,5546.0,20,5508.0,5528.0,5560.0,5516.0,10006.0,55513288.0,751777
2023-05-10 21:02:35,TA2307,TA2307,5546.0,7.0,38836.0,0.0,76,5544.0,5548.0,267,5508.0,5528.0,5560.0,5516.0,10013.0,55552124.0,751777
2023-05-10 21:02:36,TA2307,TA2307,5542.0,128.0,710144.0,26.0,196,5542.0,5544.0,33,5508.0,5528.0,5560.0,5516.0,10141.0,56262268.0,751803
2023-05-10 21:02:37,TA2307,TA2307,5544.0,41.0,227468.0,-18.0,35,5544.0,5546.0,74,5508.0,5528.0,5560.0,5516.0,10182.0,56489736.0,751785
2023-05-10 21:02:37,TA2307,TA2307,5544.0,36.0,199728.0,4.0,252,5542.0,5544.0,17,5508.0,5528.0,5560.0,5516.0,10218.0,56689464.0,751789
2023-05-10 21:02:37,TA2307,TA2307,5542.0,6.0,33288.0,-1.0,212,5542.0,5546.0,139,5508.0,5528.0,5560.0,5516.0,10224.0,56722752.0,751788
2023-05-10 21:02:38,TA2307,TA2307,5544.0,9.0,49932.0,2.0,4,5544.0,5546.0,60,5508.0,5528.0,5560.0,5516.0,10233.0,56772684.0,751790
2023-05-10 21:02:39,TA2307,TA2307,5544.0,66.0,366168.0,-39.0,17,5544.0,5546.0,117,5508.0,5528.0,5560.0,5516.0,10299.0,57138852.0,751751
2023-05-10 21:02:39,TA2307,TA2307,5546.0,1.0,5548.0,0.0,22,5544.0,5546.0,53,5508.0,5528.0,5560.0,5516.0,10300.0,57144400.0,751751
2023-05-10 21:02:39,TA2307,TA2307,5546.0,0.0,0.0,0.0,22,5544.0,5546.0,81,5508.0,5528.0,5560.0,5516.0,10300.0,57144400.0,751751
2023-05-10 21:02:40,TA2307,TA2307,5546.0,0.0,0.0,0.0,20,5544.0,5546.0,81,5508.0,5528.0,5560.0,5516.0,10300.0,57144400.0,751751
2023-05-10 21:02:41,TA2307,TA2307,5544.0,9.0,49932.0,-4.0,25,5544.0,5546.0,89,5508.0,5528.0,5560.0,5516.0,10309.0,57194332.0,751747
2023-05-10 21:02:41,TA2307,TA2307,5544.0,15.0,83220.0,-2.0,10,5544.0,5546.0,77,5508.0,5528.0,5560.0,5516.0,10324.0,57277552.0,751745
2023-05-10 21:02:41,TA2307,TA2307,5544.0,12.0,66576.0,-8.0,217,5542.0,5546.0,73,5508.0,5528.0,5560.0,5516.0,10336.0,57344128.0,751737
2023-05-10 21:02:42,TA2307,TA2307,5542.0,3.0,16644.0,-2.0,175,5542.0,5544.0,36,5508.0,5528.0,5560.0,5516.0,10339.0,57360772.0,751735
2023-05-10 21:02:42,TA2307,TA2307,5544.0,11.0,61028.0,-6.0,182,5542.0,5544.0,25,5508.0,5528.0,5560.0,5516.0,10350.0,57421800.0,751729
2023-05-10 21:02:43,TA2307,TA2307,5544.0,19.0,105412.0,0.0,191,5542.0,5544.0,16,5508.0,5528.0,5560.0,5516.0,10369.0,57527212.0,751729
2023-05-10 21:02:44,TA2307,TA2307,5544.0,0.0,0.0,0.0,210,5542.0,5544.0,18,5508.0,5528.0,5560.0,5516.0,10369.0,57527212.0,751729
2023-05-10 21:02:44,TA2307,TA2307,5544.0,0.0,0.0,0.0,242,5542.0,5544.0,19,5508.0,5528.0,5560.0,5516.0,10369.0,57527212.0,751729
2023-05-10 21:02:44,TA2307,TA2307,5544.0,0.0,0.0,0.0,236,5542.0,5544.0,29,5508.0,5528.0,5560.0,5516.0,10369.0,57527212.0,751729
2023-05-10 21:02:45,TA2307,TA2307,5544.0,0.0,0.0,0.0,225,5542.0,5544.0,34,5508.0,5528.0,5560.0,5516.0,10369.0,57527212.0,751729
2023-05-10 21:02:46,TA2307,TA2307,5542.0,9.0,49932.0,0.0,210,5542.0,5544.0,34,5508.0,5528.0,5560.0,5516.0,10378.0,57577144.0,751729
2023-05-10 21:02:46,TA2307,TA2307,5542.0,0.0,0.0,0.0,210,5542.0,5544.0,37,5508.0,5528.0,5560.0,5516.0,10378.0,57577144.0,751729
2023-05-10 21:02:49,TA2307,TA2307,5542.0,0.0,0.0,0.0,210,5542.0,5544.0,41,5508.0,5528.0,5560.0,5516.0,10378.0,57577144.0,751729
2023-05-10 21:02:50,TA2307,TA2307,5542.0,79.0,438292.0,4.0,101,5542.0,5544.0,44,5508.0,5528.0,5560.0,5516.0,10457.0,58015436.0,751733
2023-05-10 21:02:50,TA2307,TA2307,5542.0,0.0,0.0,0.0,61,5542.0,5544.0,64,5508.0,5528.0,5560.0,5516.0,10457.0,58015436.0,751733
2023-05-10 21:02:51,TA2307,TA2307,5542.0,0.0,0.0,0.0,62,5542.0,5544.0,65,5508.0,5528.0,5560.0,5516.0,10457.0,58015436.0,751733
2023-05-10 21:02:52,TA2307,TA2307,5542.0,0.0,0.0,0.0,62,5542.0,5544.0,66,5508.0,5528.0,5560.0,5516.0,10457.0,58015436.0,751733
2023-05-10 21:02:53,TA2307,TA2307,5542.0,16.0,88768.0,-16.0,46,5542.0,5544.0,51,5508.0,5528.0,5560.0,5516.0,10473.0,58104204.0,751717
2023-05-10 21:02:54,TA2307,TA2307,5542.0,23.0,127604.0,-5.0,23,5542.0,5544.0,50,5508.0,5528.0,5560.0,5516.0,10496.0,58231808.0,751712
2023-05-10 21:02:55,TA2307,TA2307,5540.0,42.0,233016.0,15.0,48,5540.0,5542.0,71,5508.0,5528.0,5560.0,5516.0,10538.0,58464824.0,751727
2023-05-10 21:02:55,TA2307,TA2307,5540.0,0.0,0.0,0.0,33,5540.0,5542.0,76,5508.0,5528.0,5560.0,5516.0,10538.0,58464824.0,751727
2023-05-10 21:02:55,TA2307,TA2307,5540.0,0.0,0.0,0.0,36,5540.0,5542.0,66,5508.0,5528.0,5560.0,5516.0,10538.0,58464824.0,751727
2023-05-10 21:02:56,TA2307,TA2307,5540.0,0.0,0.0,0.0,26,5540.0,5542.0,66,5508.0,5528.0,5560.0,5516.0,10538.0,58464824.0,751727
2023-05-10 21:02:57,TA2307,TA2307,5542.0,1.0,5548.0,0.0,26,5540.0,5542.0,65,5508.0,5528.0,5560.0,5516.0,10539.0,58470372.0,751727
2023-05-10 21:02:57,TA2307,TA2307,5542.0,0.0,0.0,0.0,16,5540.0,5542.0,66,5508.0,5528.0,5560.0,5516.0,10539.0,58470372.0,751727
2023-05-10 21:02:58,TA2307,TA2307,5540.0,1.0,5548.0,1.0,19,5540.0,5542.0,66,5508.0,5528.0,5560.0,5516.0,10540.0,58475920.0,751728
2023-05-10 21:02:58,TA2307,TA2307,5540.0,0.0,0.0,0.0,24,5540.0,5542.0,67,5508.0,5528.0,5560.0,5516.0,10540.0,58475920.0,751728
2023-05-10 21:02:59,TA2307,TA2307,5542.0,1.0,5548.0,0.0,24,5540.0,5542.0,67,5508.0,5528.0,5560.0,5516.0,10541.0,58481468.0,751728
2023-05-10 21:03:00,TA2307,TA2307,5542.0,35.0,194180.0,-11.0,27,5540.0,5542.0,33,5508.0,5528.0,5560.0,5516.0,10576.0,58675648.0,751717
2023-05-10 21:03:00,TA2307,TA2307,5540.0,3.0,16644.0,3.0,78,5540.0,5542.0,35,5508.0,5528.0,5560.0,5516.0,10579.0,58692292.0,751720
2023-05-10 21:03:01,TA2307,TA2307,5540.0,3.0,16644.0,2.0,59,5540.0,5542.0,57,5508.0,5528.0,5560.0,5516.0,10582.0,58708936.0,751722
2023-05-10 21:03:01,TA2307,TA2307,5540.0,13.0,72124.0,13.0,76,5540.0,5542.0,34,5508.0,5528.0,5560.0,5516.0,10595.0,58781060.0,751735
2023-05-10 21:03:02,TA2307,TA2307,5540.0,13.0,72124.0,6.0,69,5540.0,5542.0,62,5508.0,5528.0,5560.0,5516.0,10608.0,58853184.0,751741
2023-05-10 21:03:02,TA2307,TA2307,5540.0,93.0,515964.0,51.0,10,5540.0,5542.0,46,5508.0,5528.0,5560.0,5516.0,10701.0,59369148.0,751792
2023-05-10 21:03:02,TA2307,TA2307,5540.0,13.0,72124.0,6.0,118,5538.0,5540.0,18,5508.0,5528.0,5560.0,5516.0,10714.0,59441272.0,751798
2023-05-10 21:03:03,TA2307,TA2307,5538.0,1.0,5548.0,1.0,31,5538.0,5540.0,34,5508.0,5528.0,5560.0,5516.0,10715.0,59446820.0,751799
2023-05-10 21:03:04,TA2307,TA2307,5540.0,9.0,49932.0,5.0,21,5538.0,5540.0,40,5508.0,5528.0,5560.0,5516.0,10724.0,59496752.0,751804
2023-05-10 21:03:04,TA2307,TA2307,5538.0,20.0,110960.0,15.0,65,5536.0,5538.0,19,5508.0,5528.0,5560.0,5516.0,10744.0,59607712.0,751819
2023-05-10 21:03:04,TA2307,TA2307,5538.0,0.0,0.0,0.0,29,5536.0,5538.0,37,5508.0,5528.0,5560.0,5516.0,10744.0,59607712.0,751819
2023-05-10 21:03:05,TA2307,TA2307,5538.0,5.0,27740.0,0.0,24,5536.0,5538.0,32,5508.0,5528.0,5560.0,5516.0,10749.0,59635452.0,751819
2023-05-10 21:03:05,TA2307,TA2307,5538.0,23.0,127604.0,-11.0,58,5536.0,5540.0,168,5508.0,5528.0,5560.0,5516.0,10772.0,59763056.0,751808
2023-05-10 21:03:06,TA2307,TA2307,5538.0,1.0,5548.0,0.0,1,5538.0,5540.0,120,5508.0,5528.0,5560.0,5516.0,10773.0,59768604.0,751808
2023-05-10 21:03:06,TA2307,TA2307,5538.0,0.0,0.0,0.0,4,5538.0,5540.0,81,5508.0,5528.0,5560.0,5516.0,10773.0,59768604.0,751808
2023-05-10 21:03:07,TA2307,TA2307,5538.0,0.0,0.0,0.0,15,5538.0,5540.0,60,5508.0,5528.0,5560.0,5516.0,10773.0,59768604.0,751808
2023-05-10 21:03:07,TA2307,TA2307,5538.0,1.0,5548.0,1.0,24,5538.0,5540.0,41,5508.0,5528.0,5560.0,5516.0,10774.0,59774152.0,751809
2023-05-10 21:03:08,TA2307,TA2307,5540.0,1.0,5548.0,0.0,33,5538.0,5540.0,40,5508.0,5528.0,5560.0,5516.0,10775.0,59779700.0,751809
2023-05-10 21:03:09,TA2307,TA2307,5540.0,41.0,227468.0,-12.0,9,5540.0,5542.0,200,5508.0,5528.0,5560.0,5516.0,10816.0,60007168.0,751797
2023-05-10 21:03:09,TA2307,TA2307,5540.0,0.0,0.0,0.0,22,5540.0,5542.0,161,5508.0,5528.0,5560.0,5516.0,10816.0,60007168.0,751797
2023-05-10 21:03:09,TA2307,TA2307,5540.0,0.0,0.0,0.0,12,5540.0,5542.0,161,5508.0,5528.0,5560.0,5516.0,10816.0,60007168.0,751797
2023-05-10 21:03:10,TA2307,TA2307,5540.0,0.0,0.0,0.0,3,5540.0,5542.0,141,5508.0,5528.0,5560.0,5516.0,10816.0,60007168.0,751797
2023-05-10 21:03:11,TA2307,TA2307,5540.0,0.0,0.0,0.0,10,5540.0,5542.0,107,5508.0,5528.0,5560.0,5516.0,10816.0,60007168.0,751797
2023-05-10 21:03:11,TA2307,TA2307,5540.0,0.0,0.0,0.0,11,5540.0,5542.0,86,5508.0,5528.0,5560.0,5516.0,10816.0,60007168.0,751797
2023-05-10 21:03:11,TA2307,TA2307,5540.0,0.0,0.0,0.0,16,5540.0,5542.0,76,5508.0,5528.0,5560.0,5516.0,10816.0,60007168.0,751797
2023-05-10 21:03:12,TA2307,TA2307,5540.0,0.0,0.0,0.0,16,5540.0,5542.0,71,5508.0,5528.0,5560.0,5516.0,10816.0,60007168.0,751797
2023-05-10 21:03:12,TA2307,TA2307,5540.0,0.0,0.0,0.0,16,5540.0,5542.0,92,5508.0,5528.0,5560.0,5516.0,10816.0,60007168.0,751797
2023-05-10 21:03:13,TA2307,TA2307,5540.0,19.0,105412.0,4.0,131,5538.0,5540.0,21,5508.0,5528.0,5560.0,5516.0,10835.0,60112580.0,751801
2023-05-10 21:03:14,TA2307,TA2307,5540.0,3.0,16644.0,1.0,141,5538.0,5540.0,8,5508.0,5528.0,5560.0,5516.0,10838.0,60129224.0,751802
2023-05-10 21:03:14,TA2307,TA2307,5540.0,6.0,33288.0,-1.0,184,5538.0,5540.0,6,5508.0,5528.0,5560.0,5516.0,10844.0,60162512.0,751801
2023-05-10 21:03:14,TA2307,TA2307,5540.0,3.0,16644.0,-1.0,190,5538.0,5540.0,3,5508.0,5528.0,5560.0,5516.0,10847.0,60179156.0,751800
2023-05-10 21:03:15,TA2307,TA2307,5540.0,3.0,16644.0,3.0,5,5540.0,5542.0,183,5508.0,5528.0,5560.0,5516.0,10850.0,60195800.0,751803
2023-05-10 21:03:15,TA2307,TA2307,5540.0,0.0,0.0,0.0,211,5538.0,5542.0,164,5508.0,5528.0,5560.0,5516.0,10850.0,60195800.0,751803
2023-05-10 21:03:16,TA2307,TA2307,5540.0,0.0,0.0,0.0,217,5538.0,5542.0,124,5508.0,5528.0,5560.0,5516.0,10850.0,60195800.0,751803
2023-05-10 21:03:16,TA2307,TA2307,5540.0,0.0,0.0,0.0,207,5538.0,5542.0,114,5508.0,5528.0,5560.0,5516.0,10850.0,60195800.0,751803
2023-05-10 21:03:17,TA2307,TA2307,5538.0,1.0,5548.0,0.0,200,5538.0,5542.0,124,5508.0,5528.0,5560.0,5516.0,10851.0,60201348.0,751803
2023-05-10 21:03:17,TA2307,TA2307,5538.0,0.0,0.0,0.0,196,5538.0,5542.0,116,5508.0,5528.0,5560.0,5516.0,10851.0,60201348.0,751803
2023-05-10 21:03:19,TA2307,TA2307,5538.0,0.0,0.0,0.0,197,5538.0,5542.0,116,5508.0,5528.0,5560.0,5516.0,10851.0,60201348.0,751803
2023-05-10 21:03:19,TA2307,TA2307,5538.0,0.0,0.0,0.0,207,5538.0,5542.0,118,5508.0,5528.0,5560.0,5516.0,10851.0,60201348.0,751803
2023-05-10 21:03:20,TA2307,TA2307,5538.0,4.0,22192.0,0.0,207,5538.0,5542.0,118,5508.0,5528.0,5560.0,5516.0,10855.0,60223540.0,751803
2023-05-10 21:03:20,TA2307,TA2307,5538.0,11.0,61028.0,0.0,197,5538.0,5542.0,168,5508.0,5528.0,5560.0,5516.0,10866.0,60284568.0,751803
2023-05-10 21:03:21,TA2307,TA2307,5538.0,0.0,0.0,0.0,218,5538.0,5542.0,109,5508.0,5528.0,5560.0,5516.0,10866.0,60284568.0,751803
2023-05-10 21:03:22,TA2307,TA2307,5538.0,0.0,0.0,0.0,1,5540.0,5542.0,109,5508.0,5528.0,5560.0,5516.0,10866.0,60284568.0,751803
2023-05-10 21:03:22,TA2307,TA2307,5542.0,1.0,5548.0,1.0,3,5540.0,5542.0,91,5508.0,5528.0,5560.0,5516.0,10867.0,60290116.0,751804
2023-05-10 21:03:22,TA2307,TA2307,5542.0,0.0,0.0,0.0,207,5538.0,5542.0,106,5508.0,5528.0,5560.0,5516.0,10867.0,60290116.0,751804
2023-05-10 21:03:23,TA2307,TA2307,5540.0,6.0,33288.0,6.0,184,5538.0,5540.0,1,5508.0,5528.0,5560.0,5516.0,10873.0,60323404.0,751810
2023-05-10 21:03:23,TA2307,TA2307,5540.0,1.0,5548.0,1.0,2,5540.0,5542.0,187,5508.0,5528.0,5560.0,5516.0,10874.0,60328952.0,751811
2023-05-10 21:03:24,TA2307,TA2307,5540.0,0.0,0.0,0.0,212,5538.0,5542.0,136,5508.0,5528.0,5560.0,5516.0,10874.0,60328952.0,751811
2023-05-10 21:03:24,TA2307,TA2307,5540.0,0.0,0.0,0.0,209,5538.0,5542.0,140,5508.0,5528.0,5560.0,5516.0,10874.0,60328952.0,751811
2023-05-10 21:03:25,TA2307,TA2307,5540.0,0.0,0.0,0.0,212,5538.0,5542.0,140,5508.0,5528.0,5560.0,5516.0,10874.0,60328952.0,751811
2023-05-10 21:03:25,TA2307,TA2307,5540.0,0.0,0.0,0.0,212,5538.0,5542.0,141,5508.0,5528.0,5560.0,5516.0,10874.0,60328952.0,751811
2023-05-10 21:03:28,TA2307,TA2307,5540.0,20.0,110960.0,0.0,212,5538.0,5542.0,141,5508.0,5528.0,5560.0,5516.0,10894.0,60439912.0,751811
2023-05-10 21:03:29,TA2307,TA2307,5540.0,0.0,0.0,0.0,155,5538.0,5540.0,34,5508.0,5528.0,5560.0,5516.0,10894.0,60439912.0,751811
2023-05-10 21:03:30,TA2307,TA2307,5538.0,20.0,110960.0,20.0,135,5538.0,5540.0,41,5508.0,5528.0,5560.0,5516.0,10914.0,60550872.0,751831
2023-05-10 21:03:30,TA2307,TA2307,5538.0,0.0,0.0,0.0,135,5538.0,5540.0,45,5508.0,5528.0,5560.0,5516.0,10914.0,60550872.0,751831
2023-05-10 21:03:30,TA2307,TA2307,5538.0,0.0,0.0,0.0,135,5538.0,5540.0,40,5508.0,5528.0,5560.0,5516.0,10914.0,60550872.0,751831
2023-05-10 21:03:33,TA2307,TA2307,5538.0,25.0,138700.0,13.0,107,5538.0,5540.0,44,5508.0,5528.0,5560.0,5516.0,10939.0,60689572.0,751844
2023-05-10 21:03:33,TA2307,TA2307,5538.0,10.0,55480.0,0.0,99,5538.0,5540.0,51,5508.0,5528.0,5560.0,5516.0,10949.0,60745052.0,751844
2023-05-10 21:03:33,TA2307,TA2307,5538.0,0.0,0.0,0.0,100,5538.0,5540.0,51,5508.0,5528.0,5560.0,5516.0,10949.0,60745052.0,751844
2023-05-10 21:03:34,TA2307,TA2307,5538.0,0.0,0.0,0.0,100,5538.0,5540.0,52,5508.0,5528.0,5560.0,5516.0,10949.0,60745052.0,751844
2023-05-10 21:03:35,TA2307,TA2307,5538.0,0.0,0.0,0.0,100,5538.0,5540.0,53,5508.0,5528.0,5560.0,5516.0,10949.0,60745052.0,751844
2023-05-10 21:03:35,TA2307,TA2307,5540.0,95.0,527060.0,-28.0,1,5540.0,5542.0,184,5508.0,5528.0,5560.0,5516.0,11044.0,61272112.0,751816
2023-05-10 21:03:36,TA2307,TA2307,5540.0,16.0,88768.0,-7.0,184,5538.0,5542.0,124,5508.0,5528.0,5560.0,5516.0,11060.0,61360880.0,751809
2023-05-10 21:03:36,TA2307,TA2307,5540.0,1.0,5548.0,1.0,9,5540.0,5542.0,110,5508.0,5528.0,5560.0,5516.0,11061.0,61366428.0,751810
2023-05-10 21:03:36,TA2307,TA2307,5540.0,1.0,5548.0,0.0,9,5540.0,5542.0,110,5508.0,5528.0,5560.0,5516.0,11062.0,61371976.0,751810
2023-05-10 21:03:37,TA2307,TA2307,5540.0,1.0,5548.0,1.0,7,5540.0,5542.0,120,5508.0,5528.0,5560.0,5516.0,11063.0,61377524.0,751811
2023-05-10 21:03:39,TA2307,TA2307,5540.0,0.0,0.0,0.0,20,5540.0,5542.0,110,5508.0,5528.0,5560.0,5516.0,11063.0,61377524.0,751811
2023-05-10 21:03:40,TA2307,TA2307,5540.0,1.0,5548.0,0.0,20,5540.0,5542.0,110,5508.0,5528.0,5560.0,5516.0,11064.0,61383072.0,751811
2023-05-10 21:03:40,TA2307,TA2307,5540.0,4.0,22192.0,4.0,16,5540.0,5542.0,114,5508.0,5528.0,5560.0,5516.0,11068.0,61405264.0,751815
2023-05-10 21:03:42,TA2307,TA2307,5540.0,1.0,5548.0,0.0,16,5540.0,5542.0,114,5508.0,5528.0,5560.0,5516.0,11069.0,61410812.0,751815
2023-05-10 21:03:42,TA2307,TA2307,5540.0,0.0,0.0,0.0,16,5540.0,5542.0,115,5508.0,5528.0,5560.0,5516.0,11069.0,61410812.0,751815
2023-05-10 21:03:43,TA2307,TA2307,5538.0,18.0,99864.0,3.0,101,5538.0,5540.0,16,5508.0,5528.0,5560.0,5516.0,11087.0,61510676.0,751818
2023-05-10 21:03:43,TA2307,TA2307,5540.0,13.0,72124.0,-12.0,112,5538.0,5540.0,29,5508.0,5528.0,5560.0,5516.0,11100.0,61582800.0,751806
2023-05-10 21:03:44,TA2307,TA2307,5540.0,0.0,0.0,0.0,112,5538.0,5540.0,30,5508.0,5528.0,5560.0,5516.0,11100.0,61582800.0,751806
2023-05-10 21:03:44,TA2307,TA2307,5538.0,1.0,5548.0,0.0,112,5538.0,5540.0,30,5508.0,5528.0,5560.0,5516.0,11101.0,61588348.0,751806
2023-05-10 21:03:45,TA2307,TA2307,5538.0,1.0,5548.0,0.0,112,5538.0,5540.0,31,5508.0,5528.0,5560.0,5516.0,11102.0,61593896.0,751806
2023-05-10 21:03:46,TA2307,TA2307,5538.0,1.0,5548.0,0.0,112,5538.0,5540.0,31,5508.0,5528.0,5560.0,5516.0,11103.0,61599444.0,751806
2023-05-10 21:03:46,TA2307,TA2307,5540.0,33.0,183084.0,29.0,132,5538.0,5542.0,171,5508.0,5528.0,5560.0,5516.0,11136.0,61782528.0,751835
2023-05-10 21:03:47,TA2307,TA2307,5540.0,1.0,5548.0,0.0,132,5538.0,5542.0,161,5508.0,5528.0,5560.0,5516.0,11137.0,61788076.0,751835
2023-05-10 21:03:48,TA2307,TA2307,5538.0,11.0,61028.0,-5.0,137,5538.0,5540.0,20,5508.0,5528.0,5560.0,5516.0,11148.0,61849104.0,751830
2023-05-10 21:03:48,TA2307,TA2307,5538.0,0.0,0.0,0.0,127,5538.0,5540.0,20,5508.0,5528.0,5560.0,5516.0,11148.0,61849104.0,751830
2023-05-10 21:03:49,TA2307,TA2307,5538.0,0.0,0.0,0.0,118,5538.0,5542.0,212,5508.0,5528.0,5560.0,5516.0,11148.0,61849104.0,751830
2023-05-10 21:03:50,TA2307,TA2307,5538.0,0.0,0.0,0.0,7,5540.0,5542.0,132,5508.0,5528.0,5560.0,5516.0,11148.0,61849104.0,751830
2023-05-10 21:03:50,TA2307,TA2307,5538.0,0.0,0.0,0.0,7,5540.0,5542.0,153,5508.0,5528.0,5560.0,5516.0,11148.0,61849104.0,751830
2023-05-10 21:03:51,TA2307,TA2307,5540.0,5.0,27740.0,0.0,2,5540.0,5542.0,163,5508.0,5528.0,5560.0,5516.0,11153.0,61876844.0,751830
2023-05-10 21:03:51,TA2307,TA2307,5540.0,0.0,0.0,0.0,6,5540.0,5542.0,163,5508.0,5528.0,5560.0,5516.0,11153.0,61876844.0,751830
2023-05-10 21:03:52,TA2307,TA2307,5540.0,6.0,33288.0,-6.0,204,5538.0,5542.0,163,5508.0,5528.0,5560.0,5516.0,11159.0,61910132.0,751824
2023-05-10 21:03:52,TA2307,TA2307,5540.0,0.0,0.0,0.0,197,5538.0,5540.0,6,5508.0,5528.0,5560.0,5516.0,11159.0,61910132.0,751824
2023-05-10 21:03:53,TA2307,TA2307,5540.0,0.0,0.0,0.0,137,5538.0,5540.0,6,5508.0,5528.0,5560.0,5516.0,11159.0,61910132.0,751824
2023-05-10 21:03:54,TA2307,TA2307,5540.0,0.0,0.0,0.0,158,5538.0,5542.0,213,5508.0,5528.0,5560.0,5516.0,11159.0,61910132.0,751824
2023-05-10 21:03:54,TA2307,TA2307,5540.0,0.0,0.0,0.0,168,5538.0,5542.0,194,5508.0,5528.0,5560.0,5516.0,11159.0,61910132.0,751824
2023-05-10 21:03:55,TA2307,TA2307,5540.0,5.0,27740.0,-5.0,180,5538.0,5540.0,21,5508.0,5528.0,5560.0,5516.0,11164.0,61937872.0,751819
2023-05-10 21:03:56,TA2307,TA2307,5540.0,0.0,0.0,0.0,180,5538.0,5540.0,23,5508.0,5528.0,5560.0,5516.0,11164.0,61937872.0,751819
2023-05-10 21:03:57,TA2307,TA2307,5540.0,2.0,11096.0,-2.0,148,5538.0,5540.0,28,5508.0,5528.0,5560.0,5516.0,11166.0,61948968.0,751817
2023-05-10 21:03:57,TA2307,TA2307,5540.0,13.0,72124.0,-5.0,128,5538.0,5540.0,25,5508.0,5528.0,5560.0,5516.0,11179.0,62021092.0,751812
2023-05-10 21:03:57,TA2307,TA2307,5540.0,6.0,33288.0,-1.0,112,5538.0,5540.0,25,5508.0,5528.0,5560.0,5516.0,11185.0,62054380.0,751811
2023-05-10 21:03:58,TA2307,TA2307,5538.0,112.0,621376.0,40.0,74,5536.0,5538.0,46,5508.0,5528.0,5560.0,5516.0,11297.0,62675756.0,751851
2023-05-10 21:03:59,TA2307,TA2307,5538.0,2.0,11096.0,0.0,47,5536.0,5538.0,52,5508.0,5528.0,5560.0,5516.0,11299.0,62686852.0,751851
2023-05-10 21:03:59,TA2307,TA2307,5536.0,46.0,255208.0,24.0,186,5534.0,5538.0,57,5508.0,5528.0,5560.0,5516.0,11345.0,62942060.0,751875
2023-05-10 21:04:00,TA2307,TA2307,5536.0,0.0,0.0,0.0,123,5534.0,5536.0,13,5508.0,5528.0,5560.0,5516.0,11345.0,62942060.0,751875
2023-05-10 21:04:00,TA2307,TA2307,5536.0,0.0,0.0,0.0,77,5534.0,5536.0,14,5508.0,5528.0,5560.0,5516.0,11345.0,62942060.0,751875
2023-05-10 21:04:00,TA2307,TA2307,5536.0,8.0,44384.0,0.0,84,5534.0,5538.0,188,5508.0,5528.0,5560.0,5516.0,11353.0,62986444.0,751875
2023-05-10 21:04:01,TA2307,TA2307,5536.0,0.0,0.0,0.0,10,5536.0,5538.0,55,5508.0,5528.0,5560.0,5516.0,11353.0,62986444.0,751875
2023-05-10 21:04:01,TA2307,TA2307,5538.0,10.0,55480.0,0.0,20,5536.0,5538.0,16,5508.0,5528.0,5560.0,5516.0,11363.0,63041924.0,751875
2023-05-10 21:04:02,TA2307,TA2307,5538.0,0.0,0.0,0.0,17,5536.0,5538.0,38,5508.0,5528.0,5560.0,5516.0,11363.0,63041924.0,751875
2023-05-10 21:04:02,TA2307,TA2307,5538.0,5.0,27740.0,0.0,15,5536.0,5538.0,56,5508.0,5528.0,5560.0,5516.0,11368.0,63069664.0,751875
2023-05-10 21:04:03,TA2307,TA2307,5538.0,3.0,16644.0,-1.0,15,5536.0,5538.0,58,5508.0,5528.0,5560.0,5516.0,11371.0,63086308.0,751874
2023-05-10 21:04:04,TA2307,TA2307,5538.0,0.0,0.0,0.0,15,5536.0,5538.0,53,5508.0,5528.0,5560.0,5516.0,11371.0,63086308.0,751874
2023-05-10 21:04:04,TA2307,TA2307,5538.0,0.0,0.0,0.0,16,5536.0,5538.0,61,5508.0,5528.0,5560.0,5516.0,11371.0,63086308.0,751874
2023-05-10 21:04:05,TA2307,TA2307,5538.0,0.0,0.0,0.0,16,5536.0,5538.0,62,5508.0,5528.0,5560.0,5516.0,11371.0,63086308.0,751874
2023-05-10 21:04:05,TA2307,TA2307,5538.0,0.0,0.0,0.0,16,5536.0,5538.0,72,5508.0,5528.0,5560.0,5516.0,11371.0,63086308.0,751874
2023-05-10 21:04:05,TA2307,TA2307,5538.0,0.0,0.0,0.0,11,5536.0,5538.0,72,5508.0,5528.0,5560.0,5516.0,11371.0,63086308.0,751874
2023-05-10 21:04:06,TA2307,TA2307,5538.0,0.0,0.0,0.0,11,5536.0,5538.0,75,5508.0,5528.0,5560.0,5516.0,11371.0,63086308.0,751874
2023-05-10 21:04:06,TA2307,TA2307,5538.0,0.0,0.0,0.0,16,5536.0,5538.0,52,5508.0,5528.0,5560.0,5516.0,11371.0,63086308.0,751874
2023-05-10 21:04:07,TA2307,TA2307,5538.0,0.0,0.0,0.0,18,5536.0,5538.0,19,5508.0,5528.0,5560.0,5516.0,11371.0,63086308.0,751874
2023-05-10 21:04:07,TA2307,TA2307,5538.0,0.0,0.0,0.0,18,5536.0,5538.0,27,5508.0,5528.0,5560.0,5516.0,11371.0,63086308.0,751874
2023-05-10 21:04:08,TA2307,TA2307,5538.0,0.0,0.0,0.0,21,5536.0,5538.0,27,5508.0,5528.0,5560.0,5516.0,11371.0,63086308.0,751874
2023-05-10 21:04:09,TA2307,TA2307,5536.0,20.0,110960.0,9.0,20,5536.0,5538.0,28,5508.0,5528.0,5560.0,5516.0,11391.0,63197268.0,751883
2023-05-10 21:04:09,TA2307,TA2307,5538.0,4.0,22192.0,1.0,19,5536.0,5538.0,28,5508.0,5528.0,5560.0,5516.0,11395.0,63219460.0,751884
2023-05-10 21:04:09,TA2307,TA2307,5536.0,1.0,5548.0,0.0,16,5536.0,5538.0,34,5508.0,5528.0,5560.0,5516.0,11396.0,63225008.0,751884
2023-05-10 21:04:10,TA2307,TA2307,5536.0,3.0,16644.0,0.0,13,5536.0,5538.0,34,5508.0,5528.0,5560.0,5516.0,11399.0,63241652.0,751884
2023-05-10 21:04:11,TA2307,TA2307,5536.0,0.0,0.0,0.0,13,5536.0,5538.0,84,5508.0,5528.0,5560.0,5516.0,11399.0,63241652.0,751884
2023-05-10 21:04:11,TA2307,TA2307,5536.0,0.0,0.0,0.0,13,5536.0,5538.0,94,5508.0,5528.0,5560.0,5516.0,11399.0,63241652.0,751884
2023-05-10 21:04:12,TA2307,TA2307,5536.0,3.0,16644.0,-2.0,21,5536.0,5538.0,106,5508.0,5528.0,5560.0,5516.0,11402.0,63258296.0,751882
2023-05-10 21:04:12,TA2307,TA2307,5536.0,1.0,5548.0,0.0,20,5536.0,5538.0,106,5508.0,5528.0,5560.0,5516.0,11403.0,63263844.0,751882
2023-05-10 21:04:13,TA2307,TA2307,5536.0,0.0,0.0,0.0,20,5536.0,5538.0,107,5508.0,5528.0,5560.0,5516.0,11403.0,63263844.0,751882
2023-05-10 21:04:13,TA2307,TA2307,5536.0,359.0,1968208.0,99.0,33,5536.0,5538.0,17,5508.0,5528.0,5560.0,5516.0,11762.0,65232052.0,751981
2023-05-10 21:04:14,TA2307,TA2307,5536.0,36.0,199656.0,3.0,43,5536.0,5538.0,16,5508.0,5528.0,5560.0,5516.0,11798.0,65431708.0,751984
2023-05-10 21:04:14,TA2307,TA2307,5536.0,7.0,38822.0,1.0,42,5536.0,5538.0,16,5508.0,5528.0,5560.0,5516.0,11805.0,65470530.0,751985
2023-05-10 21:04:14,TA2307,TA2307,5538.0,1.0,5546.0,0.0,43,5536.0,5538.0,16,5508.0,5528.0,5560.0,5516.0,11806.0,65476076.0,751985
2023-05-10 21:04:16,TA2307,TA2307,5536.0,2.0,11092.0,-1.0,41,5536.0,5538.0,16,5508.0,5528.0,5560.0,5516.0,11808.0,65487168.0,751984
2023-05-10 21:04:16,TA2307,TA2307,5538.0,5.0,27730.0,5.0,40,5536.0,5538.0,16,5508.0,5528.0,5560.0,5516.0,11813.0,65514898.0,751989
2023-05-10 21:04:17,TA2307,TA2307,5538.0,10.0,55460.0,9.0,38,5536.0,5538.0,16,5508.0,5528.0,5560.0,5516.0,11823.0,65570358.0,751998
2023-05-10 21:04:17,TA2307,TA2307,5538.0,0.0,0.0,0.0,44,5536.0,5538.0,16,5508.0,5528.0,5560.0,5516.0,11823.0,65570358.0,751998
2023-05-10 21:04:18,TA2307,TA2307,5538.0,5.0,27730.0,5.0,49,5536.0,5538.0,16,5508.0,5528.0,5560.0,5516.0,11828.0,65598088.0,752003
2023-05-10 21:04:19,TA2307,TA2307,5538.0,5.0,27730.0,5.0,49,5536.0,5538.0,16,5508.0,5528.0,5560.0,5516.0,11833.0,65625818.0,752008
2023-05-10 21:04:19,TA2307,TA2307,5538.0,22.0,122012.0,22.0,49,5536.0,5538.0,25,5508.0,5528.0,5560.0,5516.0,11855.0,65747830.0,752030
2023-05-10 21:04:20,TA2307,TA2307,5536.0,2.0,11092.0,1.0,48,5536.0,5538.0,27,5508.0,5528.0,5560.0,5516.0,11857.0,65758922.0,752031
2023-05-10 21:04:21,TA2307,TA2307,5538.0,9.0,49914.0,9.0,48,5536.0,5538.0,27,5508.0,5528.0,5560.0,5516.0,11866.0,65808836.0,752040
2023-05-10 21:04:21,TA2307,TA2307,5536.0,46.0,255116.0,17.0,2,5536.0,5538.0,11,5508.0,5528.0,5560.0,5516.0,11912.0,66063952.0,752057
2023-05-10 21:04:22,TA2307,TA2307,5536.0,49.0,271754.0,19.0,126,5534.0,5536.0,12,5508.0,5528.0,5560.0,5516.0,11961.0,66335706.0,752076
2023-05-10 21:04:22,TA2307,TA2307,5536.0,25.0,138650.0,21.0,55,5534.0,5536.0,28,5508.0,5528.0,5560.0,5516.0,11986.0,66474356.0,752097
2023-05-10 21:04:22,TA2307,TA2307,5536.0,12.0,66552.0,4.0,43,5534.0,5536.0,24,5508.0,5528.0,5560.0,5516.0,11998.0,66540908.0,752101
2023-05-10 21:04:23,TA2307,TA2307,5536.0,4.0,22184.0,4.0,43,5534.0,5536.0,23,5508.0,5528.0,5560.0,5516.0,12002.0,66563092.0,752105
2023-05-10 21:04:24,TA2307,TA2307,5536.0,2.0,11092.0,1.0,53,5534.0,5536.0,26,5508.0,5528.0,5560.0,5516.0,12004.0,66574184.0,752106
2023-05-10 21:04:25,TA2307,TA2307,5534.0,120.0,665520.0,82.0,77,5532.0,5534.0,30,5508.0,5528.0,5560.0,5516.0,12124.0,67239704.0,752188
2023-05-10 21:04:25,TA2307,TA2307,5534.0,140.0,776440.0,55.0,81,5532.0,5536.0,91,5508.0,5528.0,5560.0,5516.0,12264.0,68016144.0,752243
2023-05-10 21:04:25,TA2307,TA2307,5534.0,4.0,22184.0,4.0,3,5534.0,5536.0,126,5508.0,5528.0,5560.0,5516.0,12268.0,68038328.0,752247
2023-05-10 21:04:26,TA2307,TA2307,5536.0,39.0,216294.0,25.0,2,5536.0,5538.0,218,5508.0,5528.0,5560.0,5516.0,12307.0,68254622.0,752272
2023-05-10 21:04:27,TA2307,TA2307,5536.0,8.0,44368.0,2.0,155,5534.0,5536.0,49,5508.0,5528.0,5560.0,5516.0,12315.0,68298990.0,752274
2023-05-10 21:04:27,TA2307,TA2307,5536.0,0.0,0.0,0.0,82,5534.0,5536.0,65,5508.0,5528.0,5560.0,5516.0,12315.0,68298990.0,752274
2023-05-10 21:04:28,TA2307,TA2307,5534.0,5.0,27730.0,3.0,58,5534.0,5536.0,60,5508.0,5528.0,5560.0,5516.0,12320.0,68326720.0,752277
2023-05-10 21:04:28,TA2307,TA2307,5534.0,3.0,16638.0,0.0,57,5534.0,5536.0,56,5508.0,5528.0,5560.0,5516.0,12323.0,68343358.0,752277
2023-05-10 21:04:28,TA2307,TA2307,5536.0,13.0,72098.0,9.0,73,5534.0,5536.0,46,5508.0,5528.0,5560.0,5516.0,12336.0,68415456.0,752286
2023-05-10 21:04:29,TA2307,TA2307,5534.0,2.0,11092.0,1.0,51,5534.0,5536.0,49,5508.0,5528.0,5560.0,5516.0,12338.0,68426548.0,752287
2023-05-10 21:04:29,TA2307,TA2307,5534.0,6.0,33276.0,6.0,46,5534.0,5536.0,60,5508.0,5528.0,5560.0,5516.0,12344.0,68459824.0,752293
2023-05-10 21:04:30,TA2307,TA2307,5536.0,3.0,16638.0,0.0,46,5534.0,5536.0,60,5508.0,5528.0,5560.0,5516.0,12347.0,68476462.0,752293
2023-05-10 21:04:31,TA2307,TA2307,5534.0,2.0,11092.0,0.0,70,5534.0,5536.0,60,5508.0,5528.0,5560.0,5516.0,12349.0,68487554.0,752293
2023-05-10 21:04:31,TA2307,TA2307,5534.0,7.0,38822.0,5.0,67,5534.0,5536.0,43,5508.0,5528.0,5560.0,5516.0,12356.0,68526376.0,752298
2023-05-10 21:04:31,TA2307,TA2307,5534.0,0.0,0.0,0.0,52,5534.0,5536.0,52,5508.0,5528.0,5560.0,5516.0,12356.0,68526376.0,752298
2023-05-10 21:04:32,TA2307,TA2307,5534.0,0.0,0.0,0.0,62,5534.0,5536.0,52,5508.0,5528.0,5560.0,5516.0,12356.0,68526376.0,752298
2023-05-10 21:04:32,TA2307,TA2307,5534.0,4.0,22184.0,4.0,58,5534.0,5536.0,52,5508.0,5528.0,5560.0,5516.0,12360.0,68548560.0,752302
2023-05-10 21:04:33,TA2307,TA2307,5534.0,68.0,377128.0,48.0,143,5532.0,5534.0,10,5508.0,5528.0,5560.0,5516.0,12428.0,68925688.0,752350
2023-05-10 21:04:34,TA2307,TA2307,5534.0,1.0,5546.0,0.0,82,5532.0,5534.0,37,5508.0,5528.0,5560.0,5516.0,12429.0,68931234.0,752350
2023-05-10 21:04:34,TA2307,TA2307,5534.0,56.0,310576.0,-8.0,3,5534.0,5536.0,50,5508.0,5528.0,5560.0,5516.0,12485.0,69241810.0,752342
2023-05-10 21:04:35,TA2307,TA2307,5534.0,0.0,0.0,0.0,3,5534.0,5536.0,31,5508.0,5528.0,5560.0,5516.0,12485.0,69241810.0,752342
2023-05-10 21:04:35,TA2307,TA2307,5534.0,44.0,244024.0,5.0,12,5534.0,5536.0,33,5508.0,5528.0,5560.0,5516.0,12529.0,69485834.0,752347
2023-05-10 21:04:36,TA2307,TA2307,5536.0,31.0,171926.0,23.0,7,5536.0,5538.0,178,5508.0,5528.0,5560.0,5516.0,12560.0,69657760.0,752370
2023-05-10 21:04:36,TA2307,TA2307,5536.0,12.0,66552.0,8.0,78,5534.0,5538.0,178,5508.0,5528.0,5560.0,5516.0,12572.0,69724312.0,752378
2023-05-10 21:04:36,TA2307,TA2307,5536.0,5.0,27730.0,5.0,30,5534.0,5536.0,47,5508.0,5528.0,5560.0,5516.0,12577.0,69752042.0,752383
2023-05-10 21:04:37,TA2307,TA2307,5536.0,0.0,0.0,0.0,34,5534.0,5536.0,35,5508.0,5528.0,5560.0,5516.0,12577.0,69752042.0,752383
2023-05-10 21:04:38,TA2307,TA2307,5536.0,0.0,0.0,0.0,38,5534.0,5536.0,36,5508.0,5528.0,5560.0,5516.0,12577.0,69752042.0,752383
2023-05-10 21:04:38,TA2307,TA2307,5536.0,0.0,0.0,0.0,34,5534.0,5536.0,55,5508.0,5528.0,5560.0,5516.0,12577.0,69752042.0,752383
2023-05-10 21:04:38,TA2307,TA2307,5536.0,0.0,0.0,0.0,14,5534.0,5536.0,45,5508.0,5528.0,5560.0,5516.0,12577.0,69752042.0,752383
2023-05-10 21:04:39,TA2307,TA2307,5536.0,0.0,0.0,0.0,15,5534.0,5536.0,56,5508.0,5528.0,5560.0,5516.0,12577.0,69752042.0,752383
2023-05-10 21:04:40,TA2307,TA2307,5536.0,0.0,0.0,0.0,16,5534.0,5536.0,23,5508.0,5528.0,5560.0,5516.0,12577.0,69752042.0,752383
2023-05-10 21:04:40,TA2307,TA2307,5536.0,1.0,5546.0,1.0,38,5534.0,5536.0,39,5508.0,5528.0,5560.0,5516.0,12578.0,69757588.0,752384
2023-05-10 21:04:40,TA2307,TA2307,5534.0,52.0,288392.0,33.0,198,5532.0,5534.0,1,5508.0,5528.0,5560.0,5516.0,12630.0,70045980.0,752417
2023-05-10 21:04:41,TA2307,TA2307,5534.0,0.0,0.0,0.0,63,5532.0,5534.0,11,5508.0,5528.0,5560.0,5516.0,12630.0,70045980.0,752417
2023-05-10 21:04:42,TA2307,TA2307,5532.0,1.0,5546.0,1.0,50,5532.0,5534.0,7,5508.0,5528.0,5560.0,5516.0,12631.0,70051526.0,752418
2023-05-10 21:04:42,TA2307,TA2307,5534.0,2.0,11092.0,2.0,51,5532.0,5534.0,1,5508.0,5528.0,5560.0,5516.0,12633.0,70062618.0,752420
2023-05-10 21:04:42,TA2307,TA2307,5534.0,2.0,11092.0,1.0,61,5532.0,5536.0,186,5508.0,5528.0,5560.0,5516.0,12635.0,70073710.0,752421
2023-05-10 21:04:43,TA2307,TA2307,5534.0,8.0,44368.0,2.0,134,5532.0,5534.0,2,5508.0,5528.0,5560.0,5516.0,12643.0,70118078.0,752423
2023-05-10 21:04:43,TA2307,TA2307,5534.0,4.0,22184.0,4.0,84,5532.0,5534.0,10,5508.0,5528.0,5560.0,5516.0,12647.0,70140262.0,752427
2023-05-10 21:04:44,TA2307,TA2307,5534.0,10.0,55460.0,4.0,100,5532.0,5536.0,131,5508.0,5528.0,5560.0,5516.0,12657.0,70195722.0,752431
2023-05-10 21:04:45,TA2307,TA2307,5534.0,6.0,33276.0,0.0,2,5534.0,5536.0,84,5508.0,5528.0,5560.0,5516.0,12663.0,70228998.0,752431
2023-05-10 21:04:45,TA2307,TA2307,5534.0,0.0,0.0,0.0,5,5534.0,5536.0,98,5508.0,5528.0,5560.0,5516.0,12663.0,70228998.0,752431
2023-05-10 21:04:45,TA2307,TA2307,5534.0,5.0,27730.0,5.0,179,5532.0,5534.0,2,5508.0,5528.0,5560.0,5516.0,12668.0,70256728.0,752436
2023-05-10 21:04:46,TA2307,TA2307,5534.0,0.0,0.0,0.0,166,5532.0,5534.0,2,5508.0,5528.0,5560.0,5516.0,12668.0,70256728.0,752436
2023-05-10 21:04:46,TA2307,TA2307,5534.0,0.0,0.0,0.0,157,5532.0,5534.0,2,5508.0,5528.0,5560.0,5516.0,12668.0,70256728.0,752436
2023-05-10 21:04:47,TA2307,TA2307,5534.0,4.0,22184.0,1.0,187,5532.0,5536.0,143,5508.0,5528.0,5560.0,5516.0,12672.0,70278912.0,752437
2023-05-10 21:04:48,TA2307,TA2307,5534.0,2.0,11092.0,0.0,3,5534.0,5536.0,173,5508.0,5528.0,5560.0,5516.0,12674.0,70290004.0,752437
2023-05-10 21:04:48,TA2307,TA2307,5534.0,2.0,11092.0,1.0,131,5532.0,5534.0,54,5508.0,5528.0,5560.0,5516.0,12676.0,70301096.0,752438
2023-05-10 21:04:48,TA2307,TA2307,5534.0,0.0,0.0,0.0,108,5532.0,5534.0,58,5508.0,5528.0,5560.0,5516.0,12676.0,70301096.0,752438
2023-05-10 21:04:49,TA2307,TA2307,5532.0,1.0,5546.0,1.0,74,5532.0,5534.0,58,5508.0,5528.0,5560.0,5516.0,12677.0,70306642.0,752439
2023-05-10 21:04:50,TA2307,TA2307,5532.0,0.0,0.0,0.0,50,5532.0,5534.0,58,5508.0,5528.0,5560.0,5516.0,12677.0,70306642.0,752439
2023-05-10 21:04:50,TA2307,TA2307,5534.0,1.0,5546.0,1.0,64,5532.0,5534.0,59,5508.0,5528.0,5560.0,5516.0,12678.0,70312188.0,752440
2023-05-10 21:04:50,TA2307,TA2307,5534.0,0.0,0.0,0.0,54,5532.0,5534.0,59,5508.0,5528.0,5560.0,5516.0,12678.0,70312188.0,752440
2023-05-10 21:04:52,TA2307,TA2307,5534.0,0.0,0.0,0.0,54,5532.0,5534.0,61,5508.0,5528.0,5560.0,5516.0,12678.0,70312188.0,752440
2023-05-10 21:04:52,TA2307,TA2307,5532.0,18.0,99828.0,9.0,36,5532.0,5534.0,61,5508.0,5528.0,5560.0,5516.0,12696.0,70412016.0,752449
2023-05-10 21:04:53,TA2307,TA2307,5534.0,1.0,5546.0,1.0,36,5532.0,5534.0,61,5508.0,5528.0,5560.0,5516.0,12697.0,70417562.0,752450
2023-05-10 21:04:53,TA2307,TA2307,5532.0,2.0,11092.0,0.0,34,5532.0,5534.0,60,5508.0,5528.0,5560.0,5516.0,12699.0,70428654.0,752450
2023-05-10 21:04:54,TA2307,TA2307,5532.0,5.0,27730.0,-5.0,19,5532.0,5534.0,45,5508.0,5528.0,5560.0,5516.0,12704.0,70456384.0,752445
2023-05-10 21:04:54,TA2307,TA2307,5532.0,2.0,11092.0,-2.0,18,5532.0,5534.0,57,5508.0,5528.0,5560.0,5516.0,12706.0,70467476.0,752443
2023-05-10 21:04:55,TA2307,TA2307,5532.0,5.0,27730.0,-1.0,13,5532.0,5534.0,51,5508.0,5528.0,5560.0,5516.0,12711.0,70495206.0,752442
2023-05-10 21:04:55,TA2307,TA2307,5534.0,1.0,5546.0,1.0,16,5532.0,5534.0,55,5508.0,5528.0,5560.0,5516.0,12712.0,70500752.0,752443
2023-05-10 21:04:57,TA2307,TA2307,5534.0,28.0,155288.0,10.0,61,5532.0,5534.0,24,5508.0,5528.0,5560.0,5516.0,12740.0,70656040.0,752453
2023-05-10 21:04:58,TA2307,TA2307,5534.0,60.0,332760.0,-35.0,61,5534.0,5536.0,105,5508.0,5528.0,5560.0,5516.0,12800.0,70988800.0,752418
2023-05-10 21:04:58,TA2307,TA2307,5534.0,85.0,471410.0,-80.0,8,5534.0,5536.0,95,5508.0,5528.0,5560.0,5516.0,12885.0,71460210.0,752338
2023-05-10 21:04:58,TA2307,TA2307,5534.0,4.0,22184.0,4.0,184,5532.0,5534.0,1,5508.0,5528.0,5560.0,5516.0,12889.0,71482394.0,752342
2023-05-10 21:04:59,TA2307,TA2307,5534.0,3.0,16638.0,2.0,1,5534.0,5536.0,140,5508.0,5528.0,5560.0,5516.0,12892.0,71499032.0,752344
2023-05-10 21:05:00,TA2307,TA2307,5534.0,2.0,11092.0,2.0,62,5534.0,5536.0,93,5508.0,5528.0,5560.0,5516.0,12894.0,71510124.0,752346
2023-05-10 21:05:00,TA2307,TA2307,5536.0,20.0,110920.0,19.0,57,5534.0,5536.0,39,5508.0,5528.0,5560.0,5516.0,12914.0,71621044.0,752365
2023-05-10 21:05:00,TA2307,TA2307,5536.0,0.0,0.0,0.0,57,5534.0,5536.0,49,5508.0,5528.0,5560.0,5516.0,12914.0,71621044.0,752365
2023-05-10 21:05:01,TA2307,TA2307,5534.0,10.0,55460.0,10.0,51,5534.0,5536.0,33,5508.0,5528.0,5560.0,5516.0,12924.0,71676504.0,752375
2023-05-10 21:05:01,TA2307,TA2307,5534.0,0.0,0.0,0.0,57,5534.0,5536.0,33,5508.0,5528.0,5560.0,5516.0,12924.0,71676504.0,752375
2023-05-10 21:05:02,TA2307,TA2307,5534.0,1.0,5546.0,1.0,56,5534.0,5536.0,34,5508.0,5528.0,5560.0,5516.0,12925.0,71682050.0,752376
2023-05-10 21:05:03,TA2307,TA2307,5534.0,2.0,11092.0,1.0,57,5534.0,5536.0,56,5508.0,5528.0,5560.0,5516.0,12927.0,71693142.0,752377
2023-05-10 21:05:03,TA2307,TA2307,5536.0,46.0,255116.0,-11.0,10,5536.0,5538.0,173,5508.0,5528.0,5560.0,5516.0,12973.0,71948258.0,752366
2023-05-10 21:05:04,TA2307,TA2307,5538.0,11.0,61006.0,-8.0,73,5536.0,5538.0,83,5508.0,5528.0,5560.0,5516.0,12984.0,72009264.0,752358
2023-05-10 21:05:04,TA2307,TA2307,5538.0,0.0,0.0,0.0,78,5536.0,5538.0,43,5508.0,5528.0,5560.0,5516.0,12984.0,72009264.0,752358
2023-05-10 21:05:04,TA2307,TA2307,5538.0,0.0,0.0,0.0,65,5536.0,5538.0,52,5508.0,5528.0,5560.0,5516.0,12984.0,72009264.0,752358
2023-05-10 21:05:05,TA2307,TA2307,5538.0,0.0,0.0,0.0,75,5536.0,5538.0,52,5508.0,5528.0,5560.0,5516.0,12984.0,72009264.0,752358
2023-05-10 21:05:06,TA2307,TA2307,5538.0,0.0,0.0,0.0,79,5536.0,5538.0,38,5508.0,5528.0,5560.0,5516.0,12984.0,72009264.0,752358
2023-05-10 21:05:06,TA2307,TA2307,5538.0,0.0,0.0,0.0,81,5536.0,5538.0,33,5508.0,5528.0,5560.0,5516.0,12984.0,72009264.0,752358
2023-05-10 21:05:07,TA2307,TA2307,5538.0,19.0,105374.0,-1.0,94,5536.0,5538.0,1,5508.0,5528.0,5560.0,5516.0,13003.0,72114638.0,752357
2023-05-10 21:05:08,TA2307,TA2307,5538.0,1.0,5546.0,0.0,124,5536.0,5540.0,229,5508.0,5528.0,5560.0,5516.0,13004.0,72120184.0,752357
2023-05-10 21:05:08,TA2307,TA2307,5538.0,2.0,11092.0,0.0,43,5538.0,5540.0,213,5508.0,5528.0,5560.0,5516.0,13006.0,72131276.0,752357
2023-05-10 21:05:09,TA2307,TA2307,5538.0,0.0,0.0,0.0,34,5538.0,5540.0,207,5508.0,5528.0,5560.0,5516.0,13006.0,72131276.0,752357
2023-05-10 21:05:09,TA2307,TA2307,5538.0,0.0,0.0,0.0,16,5538.0,5540.0,198,5508.0,5528.0,5560.0,5516.0,13006.0,72131276.0,752357
2023-05-10 21:05:09,TA2307,TA2307,5540.0,1.0,5546.0,-1.0,11,5538.0,5540.0,197,5508.0,5528.0,5560.0,5516.0,13007.0,72136822.0,752356
2023-05-10 21:05:10,TA2307,TA2307,5540.0,0.0,0.0,0.0,31,5538.0,5540.0,187,5508.0,5528.0,5560.0,5516.0,13007.0,72136822.0,752356
2023-05-10 21:05:10,TA2307,TA2307,5540.0,0.0,0.0,0.0,36,5538.0,5540.0,177,5508.0,5528.0,5560.0,5516.0,13007.0,72136822.0,752356
2023-05-10 21:05:11,TA2307,TA2307,5540.0,0.0,0.0,0.0,36,5538.0,5540.0,178,5508.0,5528.0,5560.0,5516.0,13007.0,72136822.0,752356
2023-05-10 21:05:11,TA2307,TA2307,5540.0,0.0,0.0,0.0,44,5538.0,5540.0,178,5508.0,5528.0,5560.0,5516.0,13007.0,72136822.0,752356
2023-05-10 21:05:12,TA2307,TA2307,5536.0,312.0,1730352.0,189.0,74,5534.0,5536.0,22,5508.0,5528.0,5560.0,5516.0,13319.0,73867174.0,752545
2023-05-10 21:05:13,TA2307,TA2307,5536.0,16.0,88736.0,3.0,65,5534.0,5536.0,1,5508.0,5528.0,5560.0,5516.0,13335.0,73955910.0,752548
2023-05-10 21:05:13,TA2307,TA2307,5536.0,3.0,16638.0,3.0,65,5534.0,5536.0,13,5508.0,5528.0,5560.0,5516.0,13338.0,73972548.0,752551
2023-05-10 21:05:13,TA2307,TA2307,5534.0,15.0,83190.0,5.0,27,5534.0,5536.0,74,5508.0,5528.0,5560.0,5516.0,13353.0,74055738.0,752556
2023-05-10 21:05:14,TA2307,TA2307,5534.0,58.0,321668.0,50.0,7,5534.0,5536.0,201,5508.0,5528.0,5560.0,5516.0,13411.0,74377406.0,752606
2023-05-10 21:05:14,TA2307,TA2307,5534.0,0.0,0.0,0.0,38,5534.0,5536.0,130,5508.0,5528.0,5560.0,5516.0,13411.0,74377406.0,752606
2023-05-10 21:05:15,TA2307,TA2307,5534.0,0.0,0.0,0.0,34,5534.0,5536.0,51,5508.0,5528.0,5560.0,5516.0,13411.0,74377406.0,752606
2023-05-10 21:05:15,TA2307,TA2307,5534.0,0.0,0.0,0.0,34,5534.0,5536.0,40,5508.0,5528.0,5560.0,5516.0,13411.0,74377406.0,752606
2023-05-10 21:05:16,TA2307,TA2307,5534.0,0.0,0.0,0.0,31,5534.0,5536.0,61,5508.0,5528.0,5560.0,5516.0,13411.0,74377406.0,752606
2023-05-10 21:05:17,TA2307,TA2307,5534.0,0.0,0.0,0.0,34,5534.0,5536.0,45,5508.0,5528.0,5560.0,5516.0,13411.0,74377406.0,752606
2023-05-10 21:05:17,TA2307,TA2307,5534.0,0.0,0.0,0.0,34,5534.0,5536.0,46,5508.0,5528.0,5560.0,5516.0,13411.0,74377406.0,752606
2023-05-10 21:05:17,TA2307,TA2307,5536.0,9.0,49914.0,9.0,25,5534.0,5536.0,37,5508.0,5528.0,5560.0,5516.0,13420.0,74427320.0,752615
2023-05-10 21:05:18,TA2307,TA2307,5536.0,27.0,149742.0,22.0,68,5534.0,5536.0,23,5508.0,5528.0,5560.0,5516.0,13447.0,74577062.0,752637
2023-05-10 21:05:19,TA2307,TA2307,5536.0,10.0,55460.0,8.0,58,5534.0,5536.0,14,5508.0,5528.0,5560.0,5516.0,13457.0,74632522.0,752645
2023-05-10 21:05:19,TA2307,TA2307,5536.0,10.0,55460.0,0.0,48,5534.0,5536.0,4,5508.0,5528.0,5560.0,5516.0,13467.0,74687982.0,752645
2023-05-10 21:05:19,TA2307,TA2307,5536.0,3.0,16638.0,0.0,45,5534.0,5538.0,286,5508.0,5528.0,5560.0,5516.0,13470.0,74704620.0,752645
2023-05-10 21:05:20,TA2307,TA2307,5536.0,4.0,22184.0,2.0,5,5536.0,5538.0,239,5508.0,5528.0,5560.0,5516.0,13474.0,74726804.0,752647
2023-05-10 21:05:20,TA2307,TA2307,5536.0,0.0,0.0,0.0,5,5536.0,5538.0,253,5508.0,5528.0,5560.0,5516.0,13474.0,74726804.0,752647
2023-05-10 21:05:21,TA2307,TA2307,5536.0,0.0,0.0,0.0,6,5536.0,5538.0,263,5508.0,5528.0,5560.0,5516.0,13474.0,74726804.0,752647
2023-05-10 21:05:22,TA2307,TA2307,5536.0,6.0,33276.0,5.0,128,5534.0,5538.0,263,5508.0,5528.0,5560.0,5516.0,13480.0,74760080.0,752652
2023-05-10 21:05:22,TA2307,TA2307,5536.0,5.0,27730.0,5.0,52,5534.0,5536.0,62,5508.0,5528.0,5560.0,5516.0,13485.0,74787810.0,752657
2023-05-10 21:05:22,TA2307,TA2307,5536.0,0.0,0.0,0.0,19,5534.0,5536.0,80,5508.0,5528.0,5560.0,5516.0,13485.0,74787810.0,752657
2023-05-10 21:05:23,TA2307,TA2307,5536.0,0.0,0.0,0.0,19,5534.0,5536.0,113,5508.0,5528.0,5560.0,5516.0,13485.0,74787810.0,752657
2023-05-10 21:05:23,TA2307,TA2307,5536.0,0.0,0.0,0.0,19,5534.0,5536.0,154,5508.0,5528.0,5560.0,5516.0,13485.0,74787810.0,752657
2023-05-10 21:05:24,TA2307,TA2307,5536.0,0.0,0.0,0.0,19,5534.0,5536.0,174,5508.0,5528.0,5560.0,5516.0,13485.0,74787810.0,752657
2023-05-10 21:05:24,TA2307,TA2307,5536.0,0.0,0.0,0.0,36,5534.0,5536.0,89,5508.0,5528.0,5560.0,5516.0,13485.0,74787810.0,752657
2023-05-10 21:05:25,TA2307,TA2307,5536.0,0.0,0.0,0.0,19,5534.0,5536.0,127,5508.0,5528.0,5560.0,5516.0,13485.0,74787810.0,752657
2023-05-10 21:05:25,TA2307,TA2307,5536.0,0.0,0.0,0.0,24,5534.0,5536.0,174,5508.0,5528.0,5560.0,5516.0,13485.0,74787810.0,752657
2023-05-10 21:05:26,TA2307,TA2307,5536.0,0.0,0.0,0.0,19,5534.0,5536.0,174,5508.0,5528.0,5560.0,5516.0,13485.0,74787810.0,752657
2023-05-10 21:05:26,TA2307,TA2307,5536.0,0.0,0.0,0.0,39,5534.0,5536.0,174,5508.0,5528.0,5560.0,5516.0,13485.0,74787810.0,752657
2023-05-10 21:05:27,TA2307,TA2307,5536.0,0.0,0.0,0.0,38,5534.0,5536.0,174,5508.0,5528.0,5560.0,5516.0,13485.0,74787810.0,752657
2023-05-10 21:05:28,TA2307,TA2307,5536.0,0.0,0.0,0.0,38,5534.0,5536.0,173,5508.0,5528.0,5560.0,5516.0,13485.0,74787810.0,752657
2023-05-10 21:05:28,TA2307,TA2307,5536.0,0.0,0.0,0.0,31,5534.0,5536.0,173,5508.0,5528.0,5560.0,5516.0,13485.0,74787810.0,752657
2023-05-10 21:05:29,TA2307,TA2307,5536.0,0.0,0.0,0.0,31,5534.0,5536.0,163,5508.0,5528.0,5560.0,5516.0,13485.0,74787810.0,752657
2023-05-10 21:05:30,TA2307,TA2307,5536.0,0.0,0.0,0.0,19,5534.0,5536.0,179,5508.0,5528.0,5560.0,5516.0,13485.0,74787810.0,752657
2023-05-10 21:05:31,TA2307,TA2307,5534.0,19.0,105374.0,9.0,240,5532.0,5536.0,172,5508.0,5528.0,5560.0,5516.0,13504.0,74893184.0,752666
2023-05-10 21:05:31,TA2307,TA2307,5534.0,1.0,5546.0,0.0,197,5532.0,5534.0,1,5508.0,5528.0,5560.0,5516.0,13505.0,74898730.0,752666
2023-05-10 21:05:32,TA2307,TA2307,5534.0,1.0,5546.0,1.0,13,5534.0,5536.0,127,5508.0,5528.0,5560.0,5516.0,13506.0,74904276.0,752667
2023-05-10 21:05:32,TA2307,TA2307,5534.0,0.0,0.0,0.0,19,5534.0,5536.0,107,5508.0,5528.0,5560.0,5516.0,13506.0,74904276.0,752667
2023-05-10 21:05:33,TA2307,TA2307,5534.0,0.0,0.0,0.0,19,5534.0,5536.0,61,5508.0,5528.0,5560.0,5516.0,13506.0,74904276.0,752667
2023-05-10 21:05:33,TA2307,TA2307,5534.0,0.0,0.0,0.0,19,5534.0,5536.0,57,5508.0,5528.0,5560.0,5516.0,13506.0,74904276.0,752667
2023-05-10 21:05:34,TA2307,TA2307,5534.0,0.0,0.0,0.0,8,5534.0,5536.0,57,5508.0,5528.0,5560.0,5516.0,13506.0,74904276.0,752667
2023-05-10 21:05:35,TA2307,TA2307,5534.0,0.0,0.0,0.0,8,5534.0,5536.0,61,5508.0,5528.0,5560.0,5516.0,13506.0,74904276.0,752667
2023-05-10 21:05:36,TA2307,TA2307,5534.0,4.0,22184.0,4.0,4,5534.0,5536.0,97,5508.0,5528.0,5560.0,5516.0,13510.0,74926460.0,752671
2023-05-10 21:05:36,TA2307,TA2307,5534.0,0.0,0.0,0.0,4,5534.0,5536.0,117,5508.0,5528.0,5560.0,5516.0,13510.0,74926460.0,752671
2023-05-10 21:05:37,TA2307,TA2307,5534.0,0.0,0.0,0.0,4,5534.0,5536.0,147,5508.0,5528.0,5560.0,5516.0,13510.0,74926460.0,752671
2023-05-10 21:05:38,TA2307,TA2307,5532.0,15.0,83190.0,15.0,242,5532.0,5536.0,168,5508.0,5528.0,5560.0,5516.0,13525.0,75009650.0,752686
2023-05-10 21:05:38,TA2307,TA2307,5534.0,4.0,22184.0,-1.0,4,5534.0,5536.0,182,5508.0,5528.0,5560.0,5516.0,13529.0,75031834.0,752685
2023-05-10 21:05:39,TA2307,TA2307,5534.0,2.0,11092.0,1.0,2,5534.0,5536.0,170,5508.0,5528.0,5560.0,5516.0,13531.0,75042926.0,752686
2023-05-10 21:05:39,TA2307,TA2307,5534.0,2.0,11092.0,0.0,2,5534.0,5536.0,175,5508.0,5528.0,5560.0,5516.0,13533.0,75054018.0,752686
2023-05-10 21:05:40,TA2307,TA2307,5534.0,0.0,0.0,0.0,2,5534.0,5536.0,185,5508.0,5528.0,5560.0,5516.0,13533.0,75054018.0,752686
2023-05-10 21:05:40,TA2307,TA2307,5534.0,0.0,0.0,0.0,4,5534.0,5536.0,186,5508.0,5528.0,5560.0,5516.0,13533.0,75054018.0,752686
2023-05-10 21:05:41,TA2307,TA2307,5534.0,6.0,33276.0,4.0,2,5534.0,5536.0,188,5508.0,5528.0,5560.0,5516.0,13539.0,75087294.0,752690
2023-05-10 21:05:41,TA2307,TA2307,5534.0,1.0,5546.0,1.0,1,5534.0,5536.0,177,5508.0,5528.0,5560.0,5516.0,13540.0,75092840.0,752691
2023-05-10 21:05:42,TA2307,TA2307,5534.0,1.0,5546.0,1.0,253,5532.0,5536.0,176,5508.0,5528.0,5560.0,5516.0,13541.0,75098386.0,752692
2023-05-10 21:05:43,TA2307,TA2307,5534.0,0.0,0.0,0.0,196,5532.0,5534.0,2,5508.0,5528.0,5560.0,5516.0,13541.0,75098386.0,752692
2023-05-10 21:05:43,TA2307,TA2307,5534.0,0.0,0.0,0.0,186,5532.0,5534.0,3,5508.0,5528.0,5560.0,5516.0,13541.0,75098386.0,752692
2023-05-10 21:05:44,TA2307,TA2307,5534.0,5.0,27730.0,4.0,213,5532.0,5536.0,222,5508.0,5528.0,5560.0,5516.0,13546.0,75126116.0,752696
2023-05-10 21:05:44,TA2307,TA2307,5534.0,2.0,11092.0,0.0,2,5534.0,5536.0,185,5508.0,5528.0,5560.0,5516.0,13548.0,75137208.0,752696
2023-05-10 21:05:44,TA2307,TA2307,5534.0,0.0,0.0,0.0,2,5534.0,5536.0,195,5508.0,5528.0,5560.0,5516.0,13548.0,75137208.0,752696
2023-05-10 21:05:45,TA2307,TA2307,5534.0,0.0,0.0,0.0,2,5534.0,5536.0,175,5508.0,5528.0,5560.0,5516.0,13548.0,75137208.0,752696
2023-05-10 21:05:46,TA2307,TA2307,5534.0,2.0,11092.0,2.0,6,5534.0,5536.0,176,5508.0,5528.0,5560.0,5516.0,13550.0,75148300.0,752698
2023-05-10 21:05:46,TA2307,TA2307,5534.0,0.0,0.0,0.0,6,5534.0,5536.0,177,5508.0,5528.0,5560.0,5516.0,13550.0,75148300.0,752698
2023-05-10 21:05:47,TA2307,TA2307,5534.0,6.0,33276.0,0.0,281,5532.0,5534.0,10,5508.0,5528.0,5560.0,5516.0,13556.0,75181576.0,752698
2023-05-10 21:05:48,TA2307,TA2307,5534.0,10.0,55460.0,0.0,264,5532.0,5534.0,2,5508.0,5528.0,5560.0,5516.0,13566.0,75237036.0,752698
2023-05-10 21:05:48,TA2307,TA2307,5534.0,2.0,11092.0,0.0,9,5534.0,5536.0,177,5508.0,5528.0,5560.0,5516.0,13568.0,75248128.0,752698
2023-05-10 21:05:49,TA2307,TA2307,5534.0,9.0,49914.0,2.0,281,5532.0,5536.0,177,5508.0,5528.0,5560.0,5516.0,13577.0,75298042.0,752700
2023-05-10 21:05:50,TA2307,TA2307,5534.0,4.0,22184.0,0.0,2,5534.0,5536.0,214,5508.0,5528.0,5560.0,5516.0,13581.0,75320226.0,752700
2023-05-10 21:05:50,TA2307,TA2307,5534.0,0.0,0.0,0.0,31,5534.0,5536.0,182,5508.0,5528.0,5560.0,5516.0,13581.0,75320226.0,752700
2023-05-10 21:05:50,TA2307,TA2307,5536.0,1.0,5546.0,-1.0,34,5534.0,5536.0,98,5508.0,5528.0,5560.0,5516.0,13582.0,75325772.0,752699
2023-05-10 21:05:51,TA2307,TA2307,5536.0,0.0,0.0,0.0,34,5534.0,5536.0,108,5508.0,5528.0,5560.0,5516.0,13582.0,75325772.0,752699
2023-05-10 21:05:51,TA2307,TA2307,5536.0,0.0,0.0,0.0,34,5534.0,5536.0,98,5508.0,5528.0,5560.0,5516.0,13582.0,75325772.0,752699
2023-05-10 21:05:52,TA2307,TA2307,5536.0,126.0,698796.0,13.0,15,5536.0,5538.0,183,5508.0,5528.0,5560.0,5516.0,13708.0,76024568.0,752712
2023-05-10 21:05:52,TA2307,TA2307,5536.0,0.0,0.0,0.0,6,5536.0,5538.0,192,5508.0,5528.0,5560.0,5516.0,13708.0,76024568.0,752712
2023-05-10 21:05:53,TA2307,TA2307,5536.0,0.0,0.0,0.0,12,5536.0,5538.0,192,5508.0,5528.0,5560.0,5516.0,13708.0,76024568.0,752712
2023-05-10 21:05:54,TA2307,TA2307,5536.0,12.0,66552.0,12.0,126,5534.0,5536.0,10,5508.0,5528.0,5560.0,5516.0,13720.0,76091120.0,752724
2023-05-10 21:05:54,TA2307,TA2307,5536.0,0.0,0.0,0.0,86,5534.0,5536.0,64,5508.0,5528.0,5560.0,5516.0,13720.0,76091120.0,752724
2023-05-10 21:05:55,TA2307,TA2307,5536.0,70.0,388220.0,-40.0,20,5536.0,5538.0,239,5508.0,5528.0,5560.0,5516.0,13790.0,76479340.0,752684
2023-05-10 21:05:56,TA2307,TA2307,5538.0,155.0,859630.0,-41.0,80,5536.0,5538.0,10,5508.0,5528.0,5560.0,5516.0,13945.0,77338970.0,752643
2023-05-10 21:05:56,TA2307,TA2307,5538.0,11.0,61006.0,-10.0,6,5538.0,5540.0,176,5508.0,5528.0,5560.0,5516.0,13956.0,77399976.0,752633
2023-05-10 21:05:57,TA2307,TA2307,5538.0,8.0,44368.0,3.0,227,5536.0,5540.0,151,5508.0,5528.0,5560.0,5516.0,13964.0,77444344.0,752636
2023-05-10 21:05:57,TA2307,TA2307,5538.0,7.0,38822.0,0.0,5,5538.0,5540.0,201,5508.0,5528.0,5560.0,5516.0,13971.0,77483166.0,752636
2023-05-10 21:05:57,TA2307,TA2307,5538.0,0.0,0.0,0.0,225,5536.0,5540.0,150,5508.0,5528.0,5560.0,5516.0,13971.0,77483166.0,752636
2023-05-10 21:05:58,TA2307,TA2307,5538.0,1.0,5546.0,0.0,195,5536.0,5538.0,5,5508.0,5528.0,5560.0,5516.0,13972.0,77488712.0,752636
2023-05-10 21:05:59,TA2307,TA2307,5538.0,16.0,88736.0,-5.0,159,5536.0,5538.0,3,5508.0,5528.0,5560.0,5516.0,13988.0,77577448.0,752631
2023-05-10 21:05:59,TA2307,TA2307,5540.0,1.0,5546.0,-1.0,179,5536.0,5540.0,244,5508.0,5528.0,5560.0,5516.0,13989.0,77582994.0,752630
2023-05-10 21:06:00,TA2307,TA2307,5540.0,0.0,0.0,0.0,184,5536.0,5540.0,244,5508.0,5528.0,5560.0,5516.0,13989.0,77582994.0,752630
2023-05-10 21:06:00,TA2307,TA2307,5538.0,265.0,1469690.0,122.0,214,5536.0,5538.0,235,5508.0,5528.0,5560.0,5516.0,14254.0,79052684.0,752752
2023-05-10 21:06:01,TA2307,TA2307,5538.0,1.0,5546.0,1.0,159,5536.0,5538.0,296,5508.0,5528.0,5560.0,5516.0,14255.0,79058230.0,752753
2023-05-10 21:06:01,TA2307,TA2307,5536.0,3.0,16638.0,0.0,138,5536.0,5538.0,297,5508.0,5528.0,5560.0,5516.0,14258.0,79074868.0,752753
2023-05-10 21:06:02,TA2307,TA2307,5538.0,3.0,16638.0,0.0,125,5536.0,5538.0,304,5508.0,5528.0,5560.0,5516.0,14261.0,79091506.0,752753
2023-05-10 21:06:02,TA2307,TA2307,5538.0,79.0,409454.0,69.0,17,5538.0,5540.0,325,5508.0,5528.0,5560.0,5516.0,14340.0,79500960.0,752822
2023-05-10 21:06:03,TA2307,TA2307,5538.0,4.0,22176.0,4.0,11,5538.0,5540.0,351,5508.0,5528.0,5560.0,5516.0,14344.0,79523136.0,752826
2023-05-10 21:06:03,TA2307,TA2307,5538.0,60.0,332640.0,51.0,31,5538.0,5540.0,364,5508.0,5528.0,5560.0,5516.0,14404.0,79855776.0,752877
2023-05-10 21:06:04,TA2307,TA2307,5538.0,18.0,99792.0,16.0,15,5538.0,5540.0,346,5508.0,5528.0,5560.0,5516.0,14422.0,79955568.0,752893
2023-05-10 21:06:04,TA2307,TA2307,5538.0,4.0,22176.0,4.0,11,5538.0,5540.0,353,5508.0,5528.0,5560.0,5516.0,14426.0,79977744.0,752897
2023-05-10 21:06:04,TA2307,TA2307,5538.0,0.0,0.0,0.0,11,5538.0,5540.0,363,5508.0,5528.0,5560.0,5516.0,14426.0,79977744.0,752897
2023-05-10 21:06:05,TA2307,TA2307,5538.0,0.0,0.0,0.0,12,5538.0,5540.0,363,5508.0,5528.0,5560.0,5516.0,14426.0,79977744.0,752897
2023-05-10 21:06:05,TA2307,TA2307,5538.0,51.0,282744.0,50.0,16,5538.0,5540.0,362,5508.0,5528.0,5560.0,5516.0,14477.0,80260488.0,752947
2023-05-10 21:06:06,TA2307,TA2307,5540.0,177.0,981288.0,-51.0,48,5540.0,5542.0,302,5508.0,5528.0,5560.0,5516.0,14654.0,81241776.0,752896
2023-05-10 21:06:06,TA2307,TA2307,5540.0,36.0,199584.0,10.0,69,5540.0,5542.0,224,5508.0,5528.0,5560.0,5516.0,14690.0,81441360.0,752906
2023-05-10 21:06:07,TA2307,TA2307,5540.0,93.0,515592.0,50.0,149,5538.0,5540.0,68,5508.0,5528.0,5560.0,5516.0,14783.0,81956952.0,752956
2023-05-10 21:06:08,TA2307,TA2307,5540.0,7.0,38808.0,6.0,86,5538.0,5540.0,224,5508.0,5528.0,5560.0,5516.0,14790.0,81995760.0,752962
2023-05-10 21:06:08,TA2307,TA2307,5538.0,2.0,11088.0,0.0,75,5538.0,5540.0,253,5508.0,5528.0,5560.0,5516.0,14792.0,82006848.0,752962
2023-05-10 21:06:09,TA2307,TA2307,5538.0,0.0,0.0,0.0,82,5538.0,5540.0,41,5508.0,5528.0,5560.0,5516.0,14792.0,82006848.0,752962
2023-05-10 21:06:09,TA2307,TA2307,5540.0,2.0,11088.0,0.0,95,5538.0,5540.0,19,5508.0,5528.0,5560.0,5516.0,14794.0,82017936.0,752962
2023-05-10 21:06:09,TA2307,TA2307,5540.0,8.0,44352.0,0.0,103,5538.0,5540.0,11,5508.0,5528.0,5560.0,5516.0,14802.0,82062288.0,752962
2023-05-10 21:06:10,TA2307,TA2307,5540.0,61.0,338184.0,51.0,6,5540.0,5542.0,315,5508.0,5528.0,5560.0,5516.0,14863.0,82400472.0,753013
2023-05-10 21:06:10,TA2307,TA2307,5540.0,0.0,0.0,0.0,11,5540.0,5542.0,259,5508.0,5528.0,5560.0,5516.0,14863.0,82400472.0,753013
2023-05-10 21:06:11,TA2307,TA2307,5540.0,0.0,0.0,0.0,11,5540.0,5542.0,262,5508.0,5528.0,5560.0,5516.0,14863.0,82400472.0,753013
2023-05-10 21:06:12,TA2307,TA2307,5540.0,11.0,60984.0,11.0,146,5538.0,5540.0,1,5508.0,5528.0,5560.0,5516.0,14874.0,82461456.0,753024
2023-05-10 21:06:12,TA2307,TA2307,5540.0,1.0,5544.0,0.0,135,5538.0,5540.0,6,5508.0,5528.0,5560.0,5516.0,14875.0,82467000.0,753024
2023-05-10 21:06:13,TA2307,TA2307,5540.0,0.0,0.0,0.0,137,5538.0,5542.0,284,5508.0,5528.0,5560.0,5516.0,14875.0,82467000.0,753024
2023-05-10 21:06:13,TA2307,TA2307,5540.0,1.0,5544.0,1.0,136,5538.0,5542.0,274,5508.0,5528.0,5560.0,5516.0,14876.0,82472544.0,753025
2023-05-10 21:06:14,TA2307,TA2307,5540.0,0.0,0.0,0.0,141,5538.0,5542.0,274,5508.0,5528.0,5560.0,5516.0,14876.0,82472544.0,753025
2023-05-10 21:06:14,TA2307,TA2307,5540.0,0.0,0.0,0.0,167,5538.0,5542.0,275,5508.0,5528.0,5560.0,5516.0,14876.0,82472544.0,753025
2023-05-10 21:06:15,TA2307,TA2307,5540.0,0.0,0.0,0.0,167,5538.0,5542.0,272,5508.0,5528.0,5560.0,5516.0,14876.0,82472544.0,753025
2023-05-10 21:06:15,TA2307,TA2307,5540.0,0.0,0.0,0.0,167,5538.0,5542.0,269,5508.0,5528.0,5560.0,5516.0,14876.0,82472544.0,753025
2023-05-10 21:06:15,TA2307,TA2307,5540.0,0.0,0.0,0.0,167,5538.0,5542.0,275,5508.0,5528.0,5560.0,5516.0,14876.0,82472544.0,753025
2023-05-10 21:06:16,TA2307,TA2307,5540.0,0.0,0.0,0.0,166,5538.0,5540.0,130,5508.0,5528.0,5560.0,5516.0,14876.0,82472544.0,753025
2023-05-10 21:06:16,TA2307,TA2307,5540.0,0.0,0.0,0.0,113,5538.0,5540.0,191,5508.0,5528.0,5560.0,5516.0,14876.0,82472544.0,753025
2023-05-10 21:06:18,TA2307,TA2307,5540.0,6.0,33264.0,1.0,117,5538.0,5540.0,180,5508.0,5528.0,5560.0,5516.0,14882.0,82505808.0,753026
2023-05-10 21:06:19,TA2307,TA2307,5538.0,1.0,5544.0,0.0,118,5538.0,5540.0,179,5508.0,5528.0,5560.0,5516.0,14883.0,82511352.0,753026
2023-05-10 21:06:19,TA2307,TA2307,5538.0,1.0,5544.0,0.0,117,5538.0,5540.0,179,5508.0,5528.0,5560.0,5516.0,14884.0,82516896.0,753026
2023-05-10 21:06:20,TA2307,TA2307,5538.0,1.0,5544.0,0.0,114,5538.0,5540.0,178,5508.0,5528.0,5560.0,5516.0,14885.0,82522440.0,753026
2023-05-10 21:06:20,TA2307,TA2307,5538.0,2.0,11088.0,0.0,114,5538.0,5540.0,196,5508.0,5528.0,5560.0,5516.0,14887.0,82533528.0,753026
2023-05-10 21:06:20,TA2307,TA2307,5538.0,0.0,0.0,0.0,114,5538.0,5540.0,197,5508.0,5528.0,5560.0,5516.0,14887.0,82533528.0,753026
2023-05-10 21:06:21,TA2307,TA2307,5538.0,112.0,620928.0,67.0,180,5536.0,5538.0,10,5508.0,5528.0,5560.0,5516.0,14999.0,83154456.0,753093
2023-05-10 21:06:21,TA2307,TA2307,5538.0,11.0,60984.0,8.0,177,5536.0,5538.0,11,5508.0,5528.0,5560.0,5516.0,15010.0,83215440.0,753101
2023-05-10 21:06:22,TA2307,TA2307,5538.0,17.0,94248.0,-5.0,200,5536.0,5540.0,302,5508.0,5528.0,5560.0,5516.0,15027.0,83309688.0,753096
2023-05-10 21:06:22,TA2307,TA2307,5538.0,1.0,5544.0,0.0,200,5536.0,5540.0,292,5508.0,5528.0,5560.0,5516.0,15028.0,83315232.0,753096
2023-05-10 21:06:23,TA2307,TA2307,5538.0,1.0,5544.0,1.0,227,5536.0,5540.0,266,5508.0,5528.0,5560.0,5516.0,15029.0,83320776.0,753097
2023-05-10 21:06:24,TA2307,TA2307,5538.0,1.0,5544.0,1.0,8,5538.0,5540.0,265,5508.0,5528.0,5560.0,5516.0,15030.0,83326320.0,753098
2023-05-10 21:06:25,TA2307,TA2307,5538.0,3.0,16632.0,3.0,10,5538.0,5540.0,264,5508.0,5528.0,5560.0,5516.0,15033.0,83342952.0,753101
2023-05-10 21:06:25,TA2307,TA2307,5538.0,0.0,0.0,0.0,26,5538.0,5540.0,272,5508.0,5528.0,5560.0,5516.0,15033.0,83342952.0,753101
2023-05-10 21:06:26,TA2307,TA2307,5538.0,6.0,33264.0,6.0,20,5538.0,5540.0,266,5508.0,5528.0,5560.0,5516.0,15039.0,83376216.0,753107
2023-05-10 21:06:26,TA2307,TA2307,5538.0,4.0,22176.0,2.0,16,5538.0,5540.0,262,5508.0,5528.0,5560.0,5516.0,15043.0,83398392.0,753109
2023-05-10 21:06:26,TA2307,TA2307,5538.0,10.0,55440.0,0.0,9,5538.0,5540.0,252,5508.0,5528.0,5560.0,5516.0,15053.0,83453832.0,753109
2023-05-10 21:06:27,TA2307,TA2307,5538.0,1.0,5544.0,0.0,14,5538.0,5540.0,241,5508.0,5528.0,5560.0,5516.0,15054.0,83459376.0,753109
2023-05-10 21:06:27,TA2307,TA2307,5538.0,7.0,38808.0,2.0,7,5538.0,5540.0,234,5508.0,5528.0,5560.0,5516.0,15061.0,83498184.0,753111
2023-05-10 21:06:28,TA2307,TA2307,5538.0,9.0,49896.0,3.0,209,5536.0,5538.0,6,5508.0,5528.0,5560.0,5516.0,15070.0,83548080.0,753114
2023-05-10 21:06:28,TA2307,TA2307,5538.0,7.0,38808.0,-4.0,209,5536.0,5538.0,6,5508.0,5528.0,5560.0,5516.0,15077.0,83586888.0,753110
2023-05-10 21:06:29,TA2307,TA2307,5538.0,0.0,0.0,0.0,199,5536.0,5538.0,6,5508.0,5528.0,5560.0,5516.0,15077.0,83586888.0,753110
2023-05-10 21:06:31,TA2307,TA2307,5538.0,59.0,327096.0,53.0,190,5536.0,5538.0,7,5508.0,5528.0,5560.0,5516.0,15136.0,83913984.0,753163
2023-05-10 21:06:31,TA2307,TA2307,5538.0,1.0,5544.0,-1.0,189,5536.0,5538.0,11,5508.0,5528.0,5560.0,5516.0,15137.0,83919528.0,753162
2023-05-10 21:06:32,TA2307,TA2307,5538.0,5.0,27720.0,-4.0,179,5536.0,5538.0,12,5508.0,5528.0,5560.0,5516.0,15142.0,83947248.0,753158
2023-05-10 21:06:32,TA2307,TA2307,5538.0,21.0,116424.0,8.0,183,5536.0,5540.0,305,5508.0,5528.0,5560.0,5516.0,15163.0,84063672.0,753166
2023-05-10 21:06:33,TA2307,TA2307,5538.0,6.0,33264.0,5.0,192,5536.0,5538.0,1,5508.0,5528.0,5560.0,5516.0,15169.0,84096936.0,753171
2023-05-10 21:06:33,TA2307,TA2307,5538.0,1.0,5544.0,1.0,192,5536.0,5540.0,293,5508.0,5528.0,5560.0,5516.0,15170.0,84102480.0,753172
2023-05-10 21:06:35,TA2307,TA2307,5538.0,0.0,0.0,0.0,192,5536.0,5540.0,295,5508.0,5528.0,5560.0,5516.0,15170.0,84102480.0,753172
2023-05-10 21:06:35,TA2307,TA2307,5538.0,0.0,0.0,0.0,192,5536.0,5540.0,296,5508.0,5528.0,5560.0,5516.0,15170.0,84102480.0,753172
