time,symbol_id,symbol_name,last,trade_volume,trade_amount,open_interest_change,bv1,bp1,ap1,av1,yesterday_close,today_open,today_high,today_low,volume,amount,open_interest
2023-05-10 21:00:00,j2308,j2308,2247.5,0.0,0.0,0.0,1,1898.0,2567.0,1,2247.5,0.0,0.0,0.0,0.0,0.0,2
2023-05-10 21:00:03,j2308,j2308,2247.5,0.0,0.0,0.0,1,2192.5,2265.0,1,2247.5,0.0,0.0,0.0,0.0,0.0,2
2023-05-10 21:00:03,j2308,j2308,2247.5,0.0,0.0,0.0,1,2195.0,2262.0,1,2247.5,0.0,0.0,0.0,0.0,0.0,2
2023-05-10 21:00:04,j2308,j2308,2247.5,0.0,0.0,0.0,1,2195.0,2260.0,1,2247.5,0.0,0.0,0.0,0.0,0.0,2
2023-05-10 21:00:04,j2308,j2308,2247.5,0.0,0.0,0.0,1,2197.0,2260.0,1,2247.5,0.0,0.0,0.0,0.0,0.0,2
2023-05-10 21:00:05,j2308,j2308,2247.5,0.0,0.0,0.0,1,2199.5,2260.0,1,2247.5,0.0,0.0,0.0,0.0,0.0,2
2023-05-10 21:00:05,j2308,j2308,2247.5,0.0,0.0,0.0,1,2201.5,2260.0,1,2247.5,0.0,0.0,0.0,0.0,0.0,2
2023-05-10 21:00:06,j2308,j2308,2247.5,0.0,0.0,0.0,1,2204.0,2260.0,1,2247.5,0.0,0.0,0.0,0.0,0.0,2
2023-05-10 21:00:06,j2308,j2308,2247.5,0.0,0.0,0.0,1,2205.0,2260.0,1,2247.5,0.0,0.0,0.0,0.0,0.0,2
2023-05-10 21:00:07,j2308,j2308,2247.5,0.0,0.0,0.0,1,2207.5,2260.0,1,2247.5,0.0,0.0,0.0,0.0,0.0,2
2023-05-10 21:00:07,j2308,j2308,2247.5,0.0,0.0,0.0,1,2208.0,2260.0,1,2247.5,0.0,0.0,0.0,0.0,0.0,2
2023-05-10 21:00:08,j2308,j2308,2247.5,0.0,0.0,0.0,1,2210.5,2260.0,1,2247.5,0.0,0.0,0.0,0.0,0.0,2
2023-05-10 21:00:11,j2308,j2308,2247.5,0.0,0.0,0.0,1,2050.0,2260.0,1,2247.5,0.0,0.0,0.0,0.0,0.0,2
2023-05-10 21:00:12,j2308,j2308,2247.5,0.0,0.0,0.0,1,2195.5,2260.0,1,2247.5,0.0,0.0,0.0,0.0,0.0,2
2023-05-10 21:00:12,j2308,j2308,2247.5,0.0,0.0,0.0,1,2198.0,2260.0,1,2247.5,0.0,0.0,0.0,0.0,0.0,2
2023-05-10 21:00:13,j2308,j2308,2247.5,0.0,0.0,0.0,1,2200.0,2259.5,1,2247.5,0.0,0.0,0.0,0.0,0.0,2
2023-05-10 21:00:13,j2308,j2308,2247.5,0.0,0.0,0.0,1,2202.5,2258.5,1,2247.5,0.0,0.0,0.0,0.0,0.0,2
2023-05-10 21:00:14,j2308,j2308,2247.5,0.0,0.0,0.0,1,2203.5,2258.5,1,2247.5,0.0,0.0,0.0,0.0,0.0,2
2023-05-10 21:00:14,j2308,j2308,2247.5,0.0,0.0,0.0,1,2206.0,2258.5,1,2247.5,0.0,0.0,0.0,0.0,0.0,2
2023-05-10 21:00:21,j2308,j2308,2247.5,0.0,0.0,0.0,1,2206.5,2258.5,1,2247.5,0.0,0.0,0.0,0.0,0.0,2
2023-05-10 21:00:21,j2308,j2308,2247.5,0.0,0.0,0.0,1,2209.0,2258.5,1,2247.5,0.0,0.0,0.0,0.0,0.0,2
2023-05-10 21:00:31,j2308,j2308,2247.5,0.0,0.0,0.0,1,2209.5,2258.5,1,2247.5,0.0,0.0,0.0,0.0,0.0,2
2023-05-10 21:00:31,j2308,j2308,2247.5,0.0,0.0,0.0,1,2212.0,2258.5,1,2247.5,0.0,0.0,0.0,0.0,0.0,2
2023-05-10 21:00:34,j2308,j2308,2247.5,0.0,0.0,0.0,1,2212.5,2258.5,1,2247.5,0.0,0.0,0.0,0.0,0.0,2
2023-05-10 21:00:34,j2308,j2308,2247.5,0.0,0.0,0.0,1,2212.5,2259.5,1,2247.5,0.0,0.0,0.0,0.0,0.0,2
2023-05-10 21:00:35,j2308,j2308,2247.5,0.0,0.0,0.0,1,2212.5,2259.0,1,2247.5,0.0,0.0,0.0,0.0,0.0,2
2023-05-10 21:00:36,j2308,j2308,2247.5,0.0,0.0,0.0,1,2215.0,2259.5,1,2247.5,0.0,0.0,0.0,0.0,0.0,2
2023-05-10 21:00:38,j2308,j2308,2247.5,0.0,0.0,0.0,1,2215.5,2259.5,1,2247.5,0.0,0.0,0.0,0.0,0.0,2
2023-05-10 21:00:40,j2308,j2308,2247.5,0.0,0.0,0.0,1,2218.0,2259.5,1,2247.5,0.0,0.0,0.0,0.0,0.0,2
2023-05-10 21:00:41,j2308,j2308,2247.5,0.0,0.0,0.0,1,2218.5,2259.5,1,2247.5,0.0,0.0,0.0,0.0,0.0,2
2023-05-10 21:01:16,j2308,j2308,2247.5,0.0,0.0,0.0,1,2221.0,2259.5,1,2247.5,0.0,0.0,0.0,0.0,0.0,2
2023-05-10 21:01:17,j2308,j2308,2247.5,0.0,0.0,0.0,1,2221.5,2259.5,1,2247.5,0.0,0.0,0.0,0.0,0.0,2
2023-05-10 21:01:35,j2308,j2308,2247.5,0.0,0.0,0.0,1,2224.0,2259.5,1,2247.5,0.0,0.0,0.0,0.0,0.0,2
2023-05-10 21:01:36,j2308,j2308,2247.5,0.0,0.0,0.0,1,2224.5,2259.5,1,2247.5,0.0,0.0,0.0,0.0,0.0,2
2023-05-10 21:01:41,j2308,j2308,2247.5,0.0,0.0,0.0,1,2227.0,2259.5,1,2247.5,0.0,0.0,0.0,0.0,0.0,2
2023-05-10 21:01:42,j2308,j2308,2247.5,0.0,0.0,0.0,1,2227.5,2259.5,1,2247.5,0.0,0.0,0.0,0.0,0.0,2
2023-05-10 21:03:00,j2308,j2308,2247.5,0.0,0.0,0.0,1,2230.0,2259.5,1,2247.5,0.0,0.0,0.0,0.0,0.0,2
2023-05-10 21:03:01,j2308,j2308,2247.5,0.0,0.0,0.0,1,2230.5,2259.5,1,2247.5,0.0,0.0,0.0,0.0,0.0,2
2023-05-10 21:04:49,j2308,j2308,2247.5,0.0,0.0,0.0,1,2230.5,2259.0,1,2247.5,0.0,0.0,0.0,0.0,0.0,2
2023-05-10 21:04:53,j2308,j2308,2247.5,0.0,0.0,0.0,1,2230.5,2259.5,1,2247.5,0.0,0.0,0.0,0.0,0.0,2
2023-05-10 21:04:56,j2308,j2308,2247.5,0.0,0.0,0.0,1,2230.5,2259.0,1,2247.5,0.0,0.0,0.0,0.0,0.0,2
2023-05-10 21:04:57,j2308,j2308,2247.5,0.0,0.0,0.0,1,2230.5,2259.5,1,2247.5,0.0,0.0,0.0,0.0,0.0,2
2023-05-10 21:04:58,j2308,j2308,2247.5,0.0,0.0,0.0,1,2230.5,2259.0,1,2247.5,0.0,0.0,0.0,0.0,0.0,2
2023-05-10 21:05:01,j2308,j2308,2247.5,0.0,0.0,0.0,1,2230.5,2259.5,1,2247.5,0.0,0.0,0.0,0.0,0.0,2
2023-05-10 21:05:13,j2308,j2308,2247.5,0.0,0.0,0.0,1,2230.5,2370.5,1,2247.5,0.0,0.0,0.0,0.0,0.0,2
2023-05-10 21:05:13,j2308,j2308,2247.5,0.0,0.0,0.0,1,2230.5,2271.0,1,2247.5,0.0,0.0,0.0,0.0,0.0,2
2023-05-10 21:05:14,j2308,j2308,2247.5,0.0,0.0,0.0,1,2230.5,2270.5,1,2247.5,0.0,0.0,0.0,0.0,0.0,2
2023-05-10 21:05:15,j2308,j2308,2247.5,0.0,0.0,0.0,1,2230.5,2268.5,1,2247.5,0.0,0.0,0.0,0.0,0.0,2
2023-05-10 21:05:57,j2308,j2308,2247.5,0.0,0.0,0.0,1,2230.5,2268.0,1,2247.5,0.0,0.0,0.0,0.0,0.0,2
2023-05-10 21:05:58,j2308,j2308,2247.5,0.0,0.0,0.0,1,2230.5,2266.0,1,2247.5,0.0,0.0,0.0,0.0,0.0,2
2023-05-10 21:06:40,j2308,j2308,2247.5,0.0,0.0,0.0,1,2230.5,2265.5,1,2247.5,0.0,0.0,0.0,0.0,0.0,2
2023-05-10 21:06:41,j2308,j2308,2247.5,0.0,0.0,0.0,1,2230.5,2263.5,1,2247.5,0.0,0.0,0.0,0.0,0.0,2
2023-05-10 21:07:22,j2308,j2308,2247.5,0.0,0.0,0.0,1,2230.5,2263.0,1,2247.5,0.0,0.0,0.0,0.0,0.0,2
2023-05-10 21:07:27,j2308,j2308,2247.5,0.0,0.0,0.0,1,2230.5,2262.5,1,2247.5,0.0,0.0,0.0,0.0,0.0,2
2023-05-10 21:07:30,j2308,j2308,2247.5,0.0,0.0,0.0,1,2230.5,2263.0,1,2247.5,0.0,0.0,0.0,0.0,0.0,2
2023-05-10 21:07:31,j2308,j2308,2247.5,0.0,0.0,0.0,1,2230.5,2262.5,1,2247.5,0.0,0.0,0.0,0.0,0.0,2
2023-05-10 21:07:43,j2308,j2308,2247.5,0.0,0.0,0.0,1,2230.5,2263.0,1,2247.5,0.0,0.0,0.0,0.0,0.0,2
2023-05-10 21:07:57,j2308,j2308,2247.5,0.0,0.0,0.0,1,2230.5,2262.5,1,2247.5,0.0,0.0,0.0,0.0,0.0,2
2023-05-10 21:08:48,j2308,j2308,2247.5,0.0,0.0,0.0,1,2230.5,2262.0,1,2247.5,0.0,0.0,0.0,0.0,0.0,2
2023-05-10 21:08:48,j2308,j2308,2247.5,0.0,0.0,0.0,1,2230.5,2261.0,1,2247.5,0.0,0.0,0.0,0.0,0.0,2
2023-05-10 21:09:31,j2308,j2308,2247.5,0.0,0.0,0.0,1,2230.5,2260.5,1,2247.5,0.0,0.0,0.0,0.0,0.0,2
2023-05-10 21:09:31,j2308,j2308,2247.5,0.0,0.0,0.0,1,2230.5,2258.5,1,2247.5,0.0,0.0,0.0,0.0,0.0,2
2023-05-10 21:10:14,j2308,j2308,2247.5,0.0,0.0,0.0,1,2230.5,2258.0,1,2247.5,0.0,0.0,0.0,0.0,0.0,2
2023-05-10 21:10:14,j2308,j2308,2247.5,0.0,0.0,0.0,1,2230.5,2257.0,1,2247.5,0.0,0.0,0.0,0.0,0.0,2
2023-05-10 21:10:57,j2308,j2308,2247.5,0.0,0.0,0.0,1,2230.5,2256.5,1,2247.5,0.0,0.0,0.0,0.0,0.0,2
2023-05-10 21:10:58,j2308,j2308,2247.5,0.0,0.0,0.0,1,2230.5,2256.0,1,2247.5,0.0,0.0,0.0,0.0,0.0,2
2023-05-10 21:11:40,j2308,j2308,2247.5,0.0,0.0,0.0,1,2230.5,2255.5,1,2247.5,0.0,0.0,0.0,0.0,0.0,2
2023-05-10 21:11:41,j2308,j2308,2247.5,0.0,0.0,0.0,1,2230.5,2254.5,1,2247.5,0.0,0.0,0.0,0.0,0.0,2
2023-05-10 21:12:23,j2308,j2308,2247.5,0.0,0.0,0.0,1,2230.5,2254.0,1,2247.5,0.0,0.0,0.0,0.0,0.0,2
2023-05-10 21:12:25,j2308,j2308,2247.5,0.0,0.0,0.0,1,2230.5,2253.5,1,2247.5,0.0,0.0,0.0,0.0,0.0,2
2023-05-10 21:13:06,j2308,j2308,2247.5,0.0,0.0,0.0,1,2230.5,2253.0,1,2247.5,0.0,0.0,0.0,0.0,0.0,2
2023-05-10 21:13:07,j2308,j2308,2247.5,0.0,0.0,0.0,1,2230.5,2252.5,1,2247.5,0.0,0.0,0.0,0.0,0.0,2
2023-05-10 21:13:17,j2308,j2308,2247.5,0.0,0.0,0.0,1,2230.5,2253.0,1,2247.5,0.0,0.0,0.0,0.0,0.0,2
2023-05-10 21:13:19,j2308,j2308,2247.5,0.0,0.0,0.0,1,2230.5,2252.5,1,2247.5,0.0,0.0,0.0,0.0,0.0,2
2023-05-10 21:13:19,j2308,j2308,2247.5,0.0,0.0,0.0,1,2230.5,2253.0,1,2247.5,0.0,0.0,0.0,0.0,0.0,2
2023-05-10 21:13:21,j2308,j2308,2247.5,0.0,0.0,0.0,1,2230.5,2252.5,1,2247.5,0.0,0.0,0.0,0.0,0.0,2
2023-05-10 21:13:22,j2308,j2308,2247.5,0.0,0.0,0.0,1,2230.5,2253.0,1,2247.5,0.0,0.0,0.0,0.0,0.0,2
2023-05-10 21:13:25,j2308,j2308,2247.5,0.0,0.0,0.0,1,2230.5,2252.5,1,2247.5,0.0,0.0,0.0,0.0,0.0,2
2023-05-10 21:13:33,j2308,j2308,2247.5,0.0,0.0,0.0,1,2230.5,2253.0,1,2247.5,0.0,0.0,0.0,0.0,0.0,2
2023-05-10 21:13:33,j2308,j2308,2247.5,0.0,0.0,0.0,1,2230.5,2252.5,1,2247.5,0.0,0.0,0.0,0.0,0.0,2
2023-05-10 21:13:38,j2308,j2308,2247.5,0.0,0.0,0.0,1,2230.5,2253.0,1,2247.5,0.0,0.0,0.0,0.0,0.0,2
2023-05-10 21:13:40,j2308,j2308,2247.5,0.0,0.0,0.0,1,2230.5,2252.5,1,2247.5,0.0,0.0,0.0,0.0,0.0,2
2023-05-10 21:13:43,j2308,j2308,2247.5,0.0,0.0,0.0,1,2230.5,2253.0,1,2247.5,0.0,0.0,0.0,0.0,0.0,2
2023-05-10 21:13:44,j2308,j2308,2247.5,0.0,0.0,0.0,1,2230.5,2252.5,1,2247.5,0.0,0.0,0.0,0.0,0.0,2
2023-05-10 21:13:54,j2308,j2308,2247.5,0.0,0.0,0.0,1,2230.5,2253.0,1,2247.5,0.0,0.0,0.0,0.0,0.0,2
2023-05-10 21:13:55,j2308,j2308,2247.5,0.0,0.0,0.0,1,2230.5,2252.5,1,2247.5,0.0,0.0,0.0,0.0,0.0,2
2023-05-10 21:14:05,j2308,j2308,2247.5,0.0,0.0,0.0,1,2230.5,2253.0,1,2247.5,0.0,0.0,0.0,0.0,0.0,2
2023-05-10 21:14:51,j2308,j2308,2247.5,0.0,0.0,0.0,1,2230.5,2252.5,1,2247.5,0.0,0.0,0.0,0.0,0.0,2
2023-05-10 21:14:51,j2308,j2308,2247.5,0.0,0.0,0.0,1,2230.5,2253.0,1,2247.5,0.0,0.0,0.0,0.0,0.0,2
2023-05-10 21:16:10,j2308,j2308,2247.5,0.0,0.0,0.0,1,2230.5,2252.5,1,2247.5,0.0,0.0,0.0,0.0,0.0,2
2023-05-10 21:16:10,j2308,j2308,2247.5,0.0,0.0,0.0,1,2230.5,2253.0,1,2247.5,0.0,0.0,0.0,0.0,0.0,2
2023-05-10 21:16:11,j2308,j2308,2247.5,0.0,0.0,0.0,1,2230.5,2252.5,1,2247.5,0.0,0.0,0.0,0.0,0.0,2
2023-05-10 21:16:48,j2308,j2308,2247.5,0.0,0.0,0.0,1,2230.5,2253.0,1,2247.5,0.0,0.0,0.0,0.0,0.0,2
2023-05-10 21:17:01,j2308,j2308,2247.5,0.0,0.0,0.0,1,2230.5,2252.5,1,2247.5,0.0,0.0,0.0,0.0,0.0,2
2023-05-10 21:18:04,j2308,j2308,2247.5,0.0,0.0,0.0,1,2230.5,2252.0,1,2247.5,0.0,0.0,0.0,0.0,0.0,2
2023-05-10 21:18:05,j2308,j2308,2247.5,0.0,0.0,0.0,1,2230.5,2251.5,1,2247.5,0.0,0.0,0.0,0.0,0.0,2
2023-05-10 21:18:12,j2308,j2308,2247.5,0.0,0.0,0.0,1,2230.5,2252.0,1,2247.5,0.0,0.0,0.0,0.0,0.0,2
2023-05-10 21:18:23,j2308,j2308,2247.5,0.0,0.0,0.0,1,2230.5,2251.5,1,2247.5,0.0,0.0,0.0,0.0,0.0,2
2023-05-10 21:18:26,j2308,j2308,2247.5,0.0,0.0,0.0,1,2230.5,2252.0,1,2247.5,0.0,0.0,0.0,0.0,0.0,2
2023-05-10 21:19:54,j2308,j2308,2247.5,0.0,0.0,0.0,1,2230.5,2251.5,1,2247.5,0.0,0.0,0.0,0.0,0.0,2
2023-05-10 21:19:58,j2308,j2308,2247.5,0.0,0.0,0.0,1,2230.5,2252.0,1,2247.5,0.0,0.0,0.0,0.0,0.0,2
2023-05-10 21:20:00,j2308,j2308,2247.5,0.0,0.0,0.0,1,2230.5,2251.5,1,2247.5,0.0,0.0,0.0,0.0,0.0,2
2023-05-10 21:20:03,j2308,j2308,2247.5,0.0,0.0,0.0,1,2230.5,2252.0,1,2247.5,0.0,0.0,0.0,0.0,0.0,2
2023-05-10 21:20:03,j2308,j2308,2247.5,0.0,0.0,0.0,1,2230.5,2251.5,1,2247.5,0.0,0.0,0.0,0.0,0.0,2
2023-05-10 21:20:05,j2308,j2308,2247.5,0.0,0.0,0.0,1,2230.5,2252.0,1,2247.5,0.0,0.0,0.0,0.0,0.0,2
2023-05-10 21:21:17,j2308,j2308,2247.5,0.0,0.0,0.0,1,2230.5,2251.5,1,2247.5,0.0,0.0,0.0,0.0,0.0,2
2023-05-10 21:22:20,j2308,j2308,2247.5,0.0,0.0,0.0,1,2230.5,2251.0,1,2247.5,0.0,0.0,0.0,0.0,0.0,2
2023-05-10 21:22:20,j2308,j2308,2247.5,0.0,0.0,0.0,1,2230.5,2250.5,1,2247.5,0.0,0.0,0.0,0.0,0.0,2
2023-05-10 21:23:02,j2308,j2308,2247.5,0.0,0.0,0.0,1,2230.5,2250.0,1,2247.5,0.0,0.0,0.0,0.0,0.0,2
2023-05-10 21:23:02,j2308,j2308,2247.5,0.0,0.0,0.0,1,2230.5,2249.5,1,2247.5,0.0,0.0,0.0,0.0,0.0,2
2023-05-10 21:23:04,j2308,j2308,2247.5,0.0,0.0,0.0,1,2230.5,2250.0,1,2247.5,0.0,0.0,0.0,0.0,0.0,2
2023-05-10 21:23:11,j2308,j2308,2247.5,0.0,0.0,0.0,1,2230.5,2249.5,1,2247.5,0.0,0.0,0.0,0.0,0.0,2
2023-05-10 21:23:22,j2308,j2308,2247.5,0.0,0.0,0.0,1,2230.5,2250.0,1,2247.5,0.0,0.0,0.0,0.0,0.0,2
2023-05-10 21:23:30,j2308,j2308,2247.5,0.0,0.0,0.0,1,2230.5,2249.5,1,2247.5,0.0,0.0,0.0,0.0,0.0,2
2023-05-10 21:23:40,j2308,j2308,2247.5,0.0,0.0,0.0,1,2230.5,2250.0,1,2247.5,0.0,0.0,0.0,0.0,0.0,2
2023-05-10 21:23:54,j2308,j2308,2247.5,0.0,0.0,0.0,1,2230.5,2249.5,1,2247.5,0.0,0.0,0.0,0.0,0.0,2
2023-05-10 21:23:55,j2308,j2308,2247.5,0.0,0.0,0.0,1,2230.5,2250.0,1,2247.5,0.0,0.0,0.0,0.0,0.0,2
2023-05-10 21:24:00,j2308,j2308,2247.5,0.0,0.0,0.0,1,2230.5,2249.5,1,2247.5,0.0,0.0,0.0,0.0,0.0,2
2023-05-10 21:24:04,j2308,j2308,2247.5,0.0,0.0,0.0,1,2230.5,2250.0,1,2247.5,0.0,0.0,0.0,0.0,0.0,2
2023-05-10 21:24:11,j2308,j2308,2247.5,0.0,0.0,0.0,1,2230.5,2249.5,1,2247.5,0.0,0.0,0.0,0.0,0.0,2
2023-05-10 21:24:17,j2308,j2308,2247.5,0.0,0.0,0.0,1,2230.5,2250.0,1,2247.5,0.0,0.0,0.0,0.0,0.0,2
2023-05-10 21:24:18,j2308,j2308,2247.5,0.0,0.0,0.0,1,2230.5,2249.5,1,2247.5,0.0,0.0,0.0,0.0,0.0,2
2023-05-10 21:24:21,j2308,j2308,2247.5,0.0,0.0,0.0,1,2230.5,2250.0,1,2247.5,0.0,0.0,0.0,0.0,0.0,2
2023-05-10 21:24:22,j2308,j2308,2247.5,0.0,0.0,0.0,1,2230.5,2249.5,1,2247.5,0.0,0.0,0.0,0.0,0.0,2
2023-05-10 21:24:22,j2308,j2308,2247.5,0.0,0.0,0.0,1,2230.5,2250.0,1,2247.5,0.0,0.0,0.0,0.0,0.0,2
2023-05-10 21:28:03,j2308,j2308,2247.5,0.0,0.0,0.0,1,2230.5,2370.5,1,2247.5,0.0,0.0,0.0,0.0,0.0,2
2023-05-10 21:28:04,j2308,j2308,2247.5,0.0,0.0,0.0,1,2230.5,2265.5,1,2247.5,0.0,0.0,0.0,0.0,0.0,2
2023-05-10 21:28:43,j2308,j2308,2247.5,0.0,0.0,0.0,1,2230.5,2265.0,1,2247.5,0.0,0.0,0.0,0.0,0.0,2
2023-05-10 21:28:44,j2308,j2308,2247.5,0.0,0.0,0.0,1,2230.5,2263.0,1,2247.5,0.0,0.0,0.0,0.0,0.0,2
2023-05-10 21:29:27,j2308,j2308,2247.5,0.0,0.0,0.0,1,2230.5,2262.5,1,2247.5,0.0,0.0,0.0,0.0,0.0,2
2023-05-10 21:29:27,j2308,j2308,2247.5,0.0,0.0,0.0,1,2230.5,2260.5,1,2247.5,0.0,0.0,0.0,0.0,0.0,2
2023-05-10 21:30:10,j2308,j2308,2247.5,0.0,0.0,0.0,1,2230.5,2260.0,1,2247.5,0.0,0.0,0.0,0.0,0.0,2
2023-05-10 21:30:10,j2308,j2308,2247.5,0.0,0.0,0.0,1,2230.5,2258.0,1,2247.5,0.0,0.0,0.0,0.0,0.0,2
2023-05-10 21:30:53,j2308,j2308,2247.5,0.0,0.0,0.0,1,2230.5,2257.5,1,2247.5,0.0,0.0,0.0,0.0,0.0,2
2023-05-10 21:30:54,j2308,j2308,2247.5,0.0,0.0,0.0,1,2230.5,2255.5,1,2247.5,0.0,0.0,0.0,0.0,0.0,2
2023-05-10 21:31:37,j2308,j2308,2247.5,0.0,0.0,0.0,1,2230.5,2255.0,1,2247.5,0.0,0.0,0.0,0.0,0.0,2
2023-05-10 21:31:37,j2308,j2308,2247.5,0.0,0.0,0.0,1,2230.5,2254.0,1,2247.5,0.0,0.0,0.0,0.0,0.0,2
2023-05-10 21:32:20,j2308,j2308,2247.5,0.0,0.0,0.0,1,2230.5,2253.5,1,2247.5,0.0,0.0,0.0,0.0,0.0,2
2023-05-10 21:32:20,j2308,j2308,2247.5,0.0,0.0,0.0,1,2230.5,2251.5,1,2247.5,0.0,0.0,0.0,0.0,0.0,2
2023-05-10 21:33:03,j2308,j2308,2247.5,0.0,0.0,0.0,1,2230.5,2251.0,1,2247.5,0.0,0.0,0.0,0.0,0.0,2
2023-05-10 21:33:03,j2308,j2308,2247.5,0.0,0.0,0.0,1,2230.5,2250.0,1,2247.5,0.0,0.0,0.0,0.0,0.0,2
2023-05-10 21:33:29,j2308,j2308,2247.5,0.0,0.0,0.0,1,2230.5,2251.0,1,2247.5,0.0,0.0,0.0,0.0,0.0,2
2023-05-10 21:33:31,j2308,j2308,2247.5,0.0,0.0,0.0,1,2230.5,2250.5,1,2247.5,0.0,0.0,0.0,0.0,0.0,2
2023-05-10 21:33:37,j2308,j2308,2247.5,0.0,0.0,0.0,1,2230.5,2251.0,1,2247.5,0.0,0.0,0.0,0.0,0.0,2
2023-05-10 21:33:37,j2308,j2308,2247.5,0.0,0.0,0.0,1,2230.5,2250.5,1,2247.5,0.0,0.0,0.0,0.0,0.0,2
2023-05-10 21:34:08,j2308,j2308,2247.5,0.0,0.0,0.0,1,2230.5,2251.0,1,2247.5,0.0,0.0,0.0,0.0,0.0,2
2023-05-10 21:34:11,j2308,j2308,2247.5,0.0,0.0,0.0,1,2230.5,2250.5,1,2247.5,0.0,0.0,0.0,0.0,0.0,2
2023-05-10 21:34:14,j2308,j2308,2247.5,0.0,0.0,0.0,1,2230.5,2251.0,1,2247.5,0.0,0.0,0.0,0.0,0.0,2
2023-05-10 21:34:34,j2308,j2308,2247.5,0.0,0.0,0.0,1,2230.5,2250.5,1,2247.5,0.0,0.0,0.0,0.0,0.0,2
2023-05-10 21:35:08,j2308,j2308,2247.5,0.0,0.0,0.0,1,2230.5,2251.0,1,2247.5,0.0,0.0,0.0,0.0,0.0,2
2023-05-10 21:35:15,j2308,j2308,2247.5,0.0,0.0,0.0,1,2230.5,2250.5,1,2247.5,0.0,0.0,0.0,0.0,0.0,2
2023-05-10 21:35:16,j2308,j2308,2247.5,0.0,0.0,0.0,1,2230.5,2251.0,1,2247.5,0.0,0.0,0.0,0.0,0.0,2
2023-05-10 21:35:19,j2308,j2308,2247.5,0.0,0.0,0.0,1,2230.5,2250.5,1,2247.5,0.0,0.0,0.0,0.0,0.0,2
2023-05-10 21:35:32,j2308,j2308,2247.5,0.0,0.0,0.0,1,2230.5,2251.0,1,2247.5,0.0,0.0,0.0,0.0,0.0,2
2023-05-10 21:35:32,j2308,j2308,2247.5,0.0,0.0,0.0,1,2230.5,2250.5,1,2247.5,0.0,0.0,0.0,0.0,0.0,2
2023-05-10 21:35:35,j2308,j2308,2247.5,0.0,0.0,0.0,1,2230.5,2251.0,1,2247.5,0.0,0.0,0.0,0.0,0.0,2
2023-05-10 21:35:49,j2308,j2308,2247.5,0.0,0.0,0.0,1,2230.5,2250.5,1,2247.5,0.0,0.0,0.0,0.0,0.0,2
2023-05-10 21:35:50,j2308,j2308,2247.5,0.0,0.0,0.0,1,2230.5,2251.0,1,2247.5,0.0,0.0,0.0,0.0,0.0,2
2023-05-10 21:35:50,j2308,j2308,2247.5,0.0,0.0,0.0,1,2230.5,2250.5,1,2247.5,0.0,0.0,0.0,0.0,0.0,2
2023-05-10 21:36:36,j2308,j2308,2247.5,0.0,0.0,0.0,1,2230.5,2250.0,1,2247.5,0.0,0.0,0.0,0.0,0.0,2
2023-05-10 21:36:37,j2308,j2308,2247.5,0.0,0.0,0.0,1,2230.5,2249.0,1,2247.5,0.0,0.0,0.0,0.0,0.0,2
2023-05-10 21:36:47,j2308,j2308,2247.5,0.0,0.0,0.0,1,2230.5,2250.0,1,2247.5,0.0,0.0,0.0,0.0,0.0,2
2023-05-10 21:36:48,j2308,j2308,2247.5,0.0,0.0,0.0,1,2230.5,2249.5,1,2247.5,0.0,0.0,0.0,0.0,0.0,2
2023-05-10 21:36:49,j2308,j2308,2247.5,0.0,0.0,0.0,1,2230.5,2250.0,1,2247.5,0.0,0.0,0.0,0.0,0.0,2
2023-05-10 21:36:49,j2308,j2308,2247.5,0.0,0.0,0.0,1,2230.5,2249.5,1,2247.5,0.0,0.0,0.0,0.0,0.0,2
2023-05-10 21:37:01,j2308,j2308,2247.5,0.0,0.0,0.0,1,2230.5,2250.0,1,2247.5,0.0,0.0,0.0,0.0,0.0,2
2023-05-10 21:38:13,j2308,j2308,2247.5,0.0,0.0,0.0,1,2230.5,2249.5,1,2247.5,0.0,0.0,0.0,0.0,0.0,2
2023-05-10 21:38:24,j2308,j2308,2247.5,0.0,0.0,0.0,1,2230.5,2250.0,1,2247.5,0.0,0.0,0.0,0.0,0.0,2
2023-05-10 21:38:34,j2308,j2308,2247.5,0.0,0.0,0.0,1,2230.5,2249.5,1,2247.5,0.0,0.0,0.0,0.0,0.0,2
2023-05-10 21:38:42,j2308,j2308,2247.5,0.0,0.0,0.0,1,2230.5,2250.0,1,2247.5,0.0,0.0,0.0,0.0,0.0,2
2023-05-10 21:38:44,j2308,j2308,2247.5,0.0,0.0,0.0,1,2230.5,2249.5,1,2247.5,0.0,0.0,0.0,0.0,0.0,2
2023-05-10 21:38:44,j2308,j2308,2247.5,0.0,0.0,0.0,1,2230.5,2250.0,1,2247.5,0.0,0.0,0.0,0.0,0.0,2
2023-05-10 21:38:59,j2308,j2308,2247.5,0.0,0.0,0.0,1,2230.5,2249.5,1,2247.5,0.0,0.0,0.0,0.0,0.0,2
2023-05-10 21:38:59,j2308,j2308,2247.5,0.0,0.0,0.0,1,2230.5,2250.0,1,2247.5,0.0,0.0,0.0,0.0,0.0,2
2023-05-10 21:39:00,j2308,j2308,2247.5,0.0,0.0,0.0,1,2230.5,2249.5,1,2247.5,0.0,0.0,0.0,0.0,0.0,2
2023-05-10 21:39:03,j2308,j2308,2247.5,0.0,0.0,0.0,1,2230.5,2250.0,1,2247.5,0.0,0.0,0.0,0.0,0.0,2
2023-05-10 21:39:03,j2308,j2308,2247.5,0.0,0.0,0.0,1,2230.5,2249.5,1,2247.5,0.0,0.0,0.0,0.0,0.0,2
2023-05-10 21:40:10,j2308,j2308,2247.5,0.0,0.0,0.0,1,2230.5,2249.0,1,2247.5,0.0,0.0,0.0,0.0,0.0,2
2023-05-10 21:40:10,j2308,j2308,2247.5,0.0,0.0,0.0,1,2230.5,2248.0,1,2247.5,0.0,0.0,0.0,0.0,0.0,2
2023-05-10 21:40:53,j2308,j2308,2247.5,0.0,0.0,0.0,1,2230.5,2247.5,1,2247.5,0.0,0.0,0.0,0.0,0.0,2
2023-05-10 21:40:54,j2308,j2308,2247.5,0.0,0.0,0.0,1,2230.5,2247.0,1,2247.5,0.0,0.0,0.0,0.0,0.0,2
2023-05-10 21:41:36,j2308,j2308,2247.5,0.0,0.0,0.0,1,2231.0,2247.0,1,2247.5,0.0,0.0,0.0,0.0,0.0,2
2023-05-10 21:41:36,j2308,j2308,2247.5,0.0,0.0,0.0,1,2231.5,2247.0,1,2247.5,0.0,0.0,0.0,0.0,0.0,2
2023-05-10 21:42:19,j2308,j2308,2247.5,0.0,0.0,0.0,1,2232.0,2247.0,1,2247.5,0.0,0.0,0.0,0.0,0.0,2
2023-05-10 21:42:20,j2308,j2308,2247.5,0.0,0.0,0.0,1,2232.5,2247.0,1,2247.5,0.0,0.0,0.0,0.0,0.0,2
2023-05-10 21:43:01,j2308,j2308,2247.5,0.0,0.0,0.0,1,2233.0,2247.0,1,2247.5,0.0,0.0,0.0,0.0,0.0,2
2023-05-10 21:43:02,j2308,j2308,2247.5,0.0,0.0,0.0,1,2233.5,2247.0,1,2247.5,0.0,0.0,0.0,0.0,0.0,2
2023-05-10 21:43:44,j2308,j2308,2247.5,0.0,0.0,0.0,1,2234.0,2247.0,1,2247.5,0.0,0.0,0.0,0.0,0.0,2
2023-05-10 21:43:45,j2308,j2308,2247.5,0.0,0.0,0.0,1,2234.5,2247.0,1,2247.5,0.0,0.0,0.0,0.0,0.0,2
2023-05-10 21:44:27,j2308,j2308,2247.5,0.0,0.0,0.0,1,2235.0,2247.0,1,2247.5,0.0,0.0,0.0,0.0,0.0,2
2023-05-10 21:44:28,j2308,j2308,2247.5,0.0,0.0,0.0,1,2235.5,2247.0,1,2247.5,0.0,0.0,0.0,0.0,0.0,2
2023-05-10 21:45:11,j2308,j2308,2247.5,0.0,0.0,0.0,1,2236.0,2247.0,1,2247.5,0.0,0.0,0.0,0.0,0.0,2
2023-05-10 21:45:13,j2308,j2308,2247.5,0.0,0.0,0.0,1,2236.5,2247.0,1,2247.5,0.0,0.0,0.0,0.0,0.0,2
2023-05-10 21:45:54,j2308,j2308,2247.5,0.0,0.0,0.0,1,2237.0,2247.0,1,2247.5,0.0,0.0,0.0,0.0,0.0,2
2023-05-10 21:45:55,j2308,j2308,2247.5,0.0,0.0,0.0,1,2237.5,2247.0,1,2247.5,0.0,0.0,0.0,0.0,0.0,2
2023-05-10 21:46:38,j2308,j2308,2247.5,0.0,0.0,0.0,1,2238.0,2247.0,1,2247.5,0.0,0.0,0.0,0.0,0.0,2
2023-05-10 21:46:41,j2308,j2308,2247.5,0.0,0.0,0.0,1,2044.5,2247.0,1,2247.5,0.0,0.0,0.0,0.0,0.0,2
2023-05-10 21:46:42,j2308,j2308,2247.5,0.0,0.0,0.0,1,2193.5,2247.0,1,2247.5,0.0,0.0,0.0,0.0,0.0,2
2023-05-10 21:46:42,j2308,j2308,2247.5,0.0,0.0,0.0,1,2196.0,2247.0,1,2247.5,0.0,0.0,0.0,0.0,0.0,2
2023-05-10 21:46:43,j2308,j2308,2247.5,0.0,0.0,0.0,1,2198.0,2247.0,1,2247.5,0.0,0.0,0.0,0.0,0.0,2
2023-05-10 21:46:43,j2308,j2308,2247.5,0.0,0.0,0.0,1,2200.5,2247.0,1,2247.5,0.0,0.0,0.0,0.0,0.0,2
2023-05-10 21:46:44,j2308,j2308,2247.5,0.0,0.0,0.0,1,2201.0,2247.0,1,2247.5,0.0,0.0,0.0,0.0,0.0,2
2023-05-10 21:46:44,j2308,j2308,2247.5,0.0,0.0,0.0,1,2203.5,2247.0,1,2247.5,0.0,0.0,0.0,0.0,0.0,2
2023-05-10 21:46:45,j2308,j2308,2247.5,0.0,0.0,0.0,1,2204.0,2247.0,1,2247.5,0.0,0.0,0.0,0.0,0.0,2
2023-05-10 21:46:46,j2308,j2308,2247.5,0.0,0.0,0.0,1,2206.5,2247.0,1,2247.5,0.0,0.0,0.0,0.0,0.0,2
2023-05-10 21:46:54,j2308,j2308,2247.5,0.0,0.0,0.0,1,2207.0,2247.0,1,2247.5,0.0,0.0,0.0,0.0,0.0,2
2023-05-10 21:46:55,j2308,j2308,2247.5,0.0,0.0,0.0,1,2209.5,2247.0,1,2247.5,0.0,0.0,0.0,0.0,0.0,2
2023-05-10 21:46:59,j2308,j2308,2247.5,0.0,0.0,0.0,1,2210.0,2247.0,1,2247.5,0.0,0.0,0.0,0.0,0.0,2
2023-05-10 21:47:22,j2308,j2308,2247.5,0.0,0.0,0.0,1,2210.0,2246.5,1,2247.5,0.0,0.0,0.0,0.0,0.0,2
2023-05-10 21:47:23,j2308,j2308,2247.5,0.0,0.0,0.0,1,2210.0,2245.5,1,2247.5,0.0,0.0,0.0,0.0,0.0,2
2023-05-10 21:48:06,j2308,j2308,2247.5,0.0,0.0,0.0,1,2210.0,2245.0,1,2247.5,0.0,0.0,0.0,0.0,0.0,2
2023-05-10 21:48:07,j2308,j2308,2247.5,0.0,0.0,0.0,1,2210.0,2244.0,1,2247.5,0.0,0.0,0.0,0.0,0.0,2
2023-05-10 21:48:48,j2308,j2308,2247.5,0.0,0.0,0.0,1,2210.0,2243.5,1,2247.5,0.0,0.0,0.0,0.0,0.0,2
2023-05-10 21:48:49,j2308,j2308,2247.5,0.0,0.0,0.0,1,2210.0,2241.5,1,2247.5,0.0,0.0,0.0,0.0,0.0,2
2023-05-10 21:49:32,j2308,j2308,2247.5,0.0,0.0,0.0,1,2210.0,2241.0,1,2247.5,0.0,0.0,0.0,0.0,0.0,2
2023-05-10 21:49:32,j2308,j2308,2247.5,0.0,0.0,0.0,1,2210.0,2240.5,1,2247.5,0.0,0.0,0.0,0.0,0.0,2
2023-05-10 21:50:16,j2308,j2308,2247.5,0.0,0.0,0.0,1,2210.0,2240.0,1,2247.5,0.0,0.0,0.0,0.0,0.0,2
2023-05-10 21:50:51,j2308,j2308,2247.5,0.0,0.0,0.0,1,2210.0,2239.5,1,2247.5,0.0,0.0,0.0,0.0,0.0,2
2023-05-10 21:50:52,j2308,j2308,2247.5,0.0,0.0,0.0,1,2210.0,2240.0,1,2247.5,0.0,0.0,0.0,0.0,0.0,2
2023-05-10 21:50:53,j2308,j2308,2247.5,0.0,0.0,0.0,1,2210.0,2239.5,1,2247.5,0.0,0.0,0.0,0.0,0.0,2
2023-05-10 21:50:54,j2308,j2308,2247.5,0.0,0.0,0.0,1,2210.0,2240.0,1,2247.5,0.0,0.0,0.0,0.0,0.0,2
2023-05-10 21:50:54,j2308,j2308,2247.5,0.0,0.0,0.0,1,2210.0,2239.5,1,2247.5,0.0,0.0,0.0,0.0,0.0,2
2023-05-10 21:51:30,j2308,j2308,2247.5,0.0,0.0,0.0,1,2210.0,2240.0,1,2247.5,0.0,0.0,0.0,0.0,0.0,2
2023-05-10 21:51:31,j2308,j2308,2247.5,0.0,0.0,0.0,1,2210.0,2239.5,1,2247.5,0.0,0.0,0.0,0.0,0.0,2
2023-05-10 21:51:40,j2308,j2308,2247.5,0.0,0.0,0.0,1,2210.0,2367.5,1,2247.5,0.0,0.0,0.0,0.0,0.0,2
2023-05-10 21:51:41,j2308,j2308,2247.5,0.0,0.0,0.0,1,2210.0,2250.0,1,2247.5,0.0,0.0,0.0,0.0,0.0,2
2023-05-10 21:51:43,j2308,j2308,2247.5,0.0,0.0,0.0,1,2210.0,2249.5,1,2247.5,0.0,0.0,0.0,0.0,0.0,2
2023-05-10 21:51:43,j2308,j2308,2247.5,0.0,0.0,0.0,1,2210.0,2247.5,1,2247.5,0.0,0.0,0.0,0.0,0.0,2
2023-05-10 21:52:25,j2308,j2308,2247.5,0.0,0.0,0.0,1,2210.0,2247.0,1,2247.5,0.0,0.0,0.0,0.0,0.0,2
2023-05-10 21:52:26,j2308,j2308,2247.5,0.0,0.0,0.0,1,2210.0,2245.0,1,2247.5,0.0,0.0,0.0,0.0,0.0,2
2023-05-10 21:53:08,j2308,j2308,2247.5,0.0,0.0,0.0,1,2210.0,2244.5,1,2247.5,0.0,0.0,0.0,0.0,0.0,2
2023-05-10 21:53:09,j2308,j2308,2247.5,0.0,0.0,0.0,1,2210.0,2242.5,1,2247.5,0.0,0.0,0.0,0.0,0.0,2
2023-05-10 21:53:51,j2308,j2308,2247.5,0.0,0.0,0.0,1,2210.0,2242.0,1,2247.5,0.0,0.0,0.0,0.0,0.0,2
2023-05-10 21:53:52,j2308,j2308,2247.5,0.0,0.0,0.0,1,2210.0,2241.5,1,2247.5,0.0,0.0,0.0,0.0,0.0,2
2023-05-10 21:54:34,j2308,j2308,2247.5,0.0,0.0,0.0,1,2210.0,2241.0,1,2247.5,0.0,0.0,0.0,0.0,0.0,2
2023-05-10 21:54:35,j2308,j2308,2247.5,0.0,0.0,0.0,1,2210.0,2240.0,1,2247.5,0.0,0.0,0.0,0.0,0.0,2
2023-05-10 21:55:17,j2308,j2308,2247.5,0.0,0.0,0.0,1,2210.0,2239.5,1,2247.5,0.0,0.0,0.0,0.0,0.0,2
2023-05-10 21:55:18,j2308,j2308,2247.5,0.0,0.0,0.0,1,2210.0,2237.5,1,2247.5,0.0,0.0,0.0,0.0,0.0,2
2023-05-10 21:56:00,j2308,j2308,2247.5,0.0,0.0,0.0,1,2210.0,2237.0,1,2247.5,0.0,0.0,0.0,0.0,0.0,2
2023-05-10 21:56:01,j2308,j2308,2247.5,0.0,0.0,0.0,1,2210.0,2236.0,1,2247.5,0.0,0.0,0.0,0.0,0.0,2
2023-05-10 21:56:43,j2308,j2308,2247.5,0.0,0.0,0.0,1,2210.0,2235.5,1,2247.5,0.0,0.0,0.0,0.0,0.0,2
2023-05-10 21:56:44,j2308,j2308,2247.5,0.0,0.0,0.0,1,2210.0,2235.0,1,2247.5,0.0,0.0,0.0,0.0,0.0,2
2023-05-10 21:56:51,j2308,j2308,2247.5,0.0,0.0,0.0,1,2210.0,2235.5,1,2247.5,0.0,0.0,0.0,0.0,0.0,2
2023-05-10 21:56:51,j2308,j2308,2247.5,0.0,0.0,0.0,1,2210.0,2235.0,1,2247.5,0.0,0.0,0.0,0.0,0.0,2
2023-05-10 21:56:54,j2308,j2308,2247.5,0.0,0.0,0.0,1,2210.0,2235.5,1,2247.5,0.0,0.0,0.0,0.0,0.0,2
2023-05-10 21:56:55,j2308,j2308,2247.5,0.0,0.0,0.0,1,2210.0,2235.0,1,2247.5,0.0,0.0,0.0,0.0,0.0,2
2023-05-10 21:56:58,j2308,j2308,2247.5,0.0,0.0,0.0,1,2210.0,2235.5,1,2247.5,0.0,0.0,0.0,0.0,0.0,2
2023-05-10 21:56:59,j2308,j2308,2247.5,0.0,0.0,0.0,1,2210.0,2235.0,1,2247.5,0.0,0.0,0.0,0.0,0.0,2
2023-05-10 21:57:00,j2308,j2308,2247.5,0.0,0.0,0.0,1,2210.0,2235.5,1,2247.5,0.0,0.0,0.0,0.0,0.0,2
2023-05-10 21:57:00,j2308,j2308,2247.5,0.0,0.0,0.0,1,2210.0,2235.0,1,2247.5,0.0,0.0,0.0,0.0,0.0,2
2023-05-10 21:57:02,j2308,j2308,2247.5,0.0,0.0,0.0,1,2210.0,2235.5,1,2247.5,0.0,0.0,0.0,0.0,0.0,2
2023-05-10 21:57:02,j2308,j2308,2247.5,0.0,0.0,0.0,1,2210.0,2235.0,1,2247.5,0.0,0.0,0.0,0.0,0.0,2
2023-05-10 21:57:07,j2308,j2308,2247.5,0.0,0.0,0.0,1,2210.0,2235.5,1,2247.5,0.0,0.0,0.0,0.0,0.0,2
2023-05-10 21:57:07,j2308,j2308,2247.5,0.0,0.0,0.0,1,2210.0,2235.0,1,2247.5,0.0,0.0,0.0,0.0,0.0,2
2023-05-10 21:57:10,j2308,j2308,2247.5,0.0,0.0,0.0,1,2210.0,2235.5,1,2247.5,0.0,0.0,0.0,0.0,0.0,2
2023-05-10 21:57:14,j2308,j2308,2247.5,0.0,0.0,0.0,1,2210.0,2235.0,1,2247.5,0.0,0.0,0.0,0.0,0.0,2
2023-05-10 21:57:14,j2308,j2308,2247.5,0.0,0.0,0.0,1,2210.0,2235.5,1,2247.5,0.0,0.0,0.0,0.0,0.0,2
2023-05-10 21:58:24,j2308,j2308,2247.5,0.0,0.0,0.0,1,2210.0,2235.0,1,2247.5,0.0,0.0,0.0,0.0,0.0,2
2023-05-10 21:58:28,j2308,j2308,2247.5,0.0,0.0,0.0,1,2210.0,2235.5,1,2247.5,0.0,0.0,0.0,0.0,0.0,2
2023-05-10 22:01:44,j2308,j2308,2247.5,0.0,0.0,0.0,1,2210.0,2367.5,1,2247.5,0.0,0.0,0.0,0.0,0.0,2
2023-05-10 22:01:44,j2308,j2308,2247.5,0.0,0.0,0.0,1,2210.0,2252.5,1,2247.5,0.0,0.0,0.0,0.0,0.0,2
2023-05-10 22:02:22,j2308,j2308,2247.5,0.0,0.0,0.0,1,2210.0,2252.0,1,2247.5,0.0,0.0,0.0,0.0,0.0,2
2023-05-10 22:02:22,j2308,j2308,2247.5,0.0,0.0,0.0,1,2210.0,2250.5,1,2247.5,0.0,0.0,0.0,0.0,0.0,2
2023-05-10 22:03:05,j2308,j2308,2247.5,0.0,0.0,0.0,1,2210.0,2250.0,1,2247.5,0.0,0.0,0.0,0.0,0.0,2
2023-05-10 22:03:05,j2308,j2308,2247.5,0.0,0.0,0.0,1,2210.0,2248.0,1,2247.5,0.0,0.0,0.0,0.0,0.0,2
2023-05-10 22:03:48,j2308,j2308,2247.5,0.0,0.0,0.0,1,2210.0,2247.5,1,2247.5,0.0,0.0,0.0,0.0,0.0,2
2023-05-10 22:03:48,j2308,j2308,2247.5,0.0,0.0,0.0,1,2210.0,2245.5,1,2247.5,0.0,0.0,0.0,0.0,0.0,2
2023-05-10 22:04:31,j2308,j2308,2247.5,0.0,0.0,0.0,1,2210.0,2245.0,1,2247.5,0.0,0.0,0.0,0.0,0.0,2
2023-05-10 22:04:32,j2308,j2308,2247.5,0.0,0.0,0.0,1,2210.0,2244.5,1,2247.5,0.0,0.0,0.0,0.0,0.0,2
2023-05-10 22:05:16,j2308,j2308,2247.5,0.0,0.0,0.0,1,2210.0,2244.0,1,2247.5,0.0,0.0,0.0,0.0,0.0,2
2023-05-10 22:05:16,j2308,j2308,2247.5,0.0,0.0,0.0,1,2210.0,2243.5,1,2247.5,0.0,0.0,0.0,0.0,0.0,2
2023-05-10 22:05:58,j2308,j2308,2247.5,0.0,0.0,0.0,1,2210.0,2243.0,1,2247.5,0.0,0.0,0.0,0.0,0.0,2
2023-05-10 22:06:07,j2308,j2308,2247.5,0.0,0.0,0.0,1,2210.0,2242.5,1,2247.5,0.0,0.0,0.0,0.0,0.0,2
2023-05-10 22:06:09,j2308,j2308,2247.5,0.0,0.0,0.0,1,2210.0,2243.0,1,2247.5,0.0,0.0,0.0,0.0,0.0,2
2023-05-10 22:06:18,j2308,j2308,2247.5,0.0,0.0,0.0,1,2210.0,2242.5,1,2247.5,0.0,0.0,0.0,0.0,0.0,2
2023-05-10 22:06:19,j2308,j2308,2247.5,0.0,0.0,0.0,1,2210.0,2243.0,1,2247.5,0.0,0.0,0.0,0.0,0.0,2
2023-05-10 22:07:59,j2308,j2308,2247.5,0.0,0.0,0.0,1,2212.5,2243.0,1,2247.5,0.0,0.0,0.0,0.0,0.0,2
2023-05-10 22:08:00,j2308,j2308,2247.5,0.0,0.0,0.0,1,2213.0,2243.0,1,2247.5,0.0,0.0,0.0,0.0,0.0,2
2023-05-10 22:09:55,j2308,j2308,2247.5,0.0,0.0,0.0,1,2213.0,2242.5,1,2247.5,0.0,0.0,0.0,0.0,0.0,2
2023-05-10 22:09:55,j2308,j2308,2247.5,0.0,0.0,0.0,1,2213.0,2243.0,1,2247.5,0.0,0.0,0.0,0.0,0.0,2
2023-05-10 22:10:08,j2308,j2308,2247.5,0.0,0.0,0.0,1,2213.0,2242.5,1,2247.5,0.0,0.0,0.0,0.0,0.0,2
2023-05-10 22:10:55,j2308,j2308,2247.5,0.0,0.0,0.0,1,2213.0,2242.0,1,2247.5,0.0,0.0,0.0,0.0,0.0,2
2023-05-10 22:10:55,j2308,j2308,2247.5,0.0,0.0,0.0,1,2213.0,2241.5,1,2247.5,0.0,0.0,0.0,0.0,0.0,2
2023-05-10 22:10:57,j2308,j2308,2247.5,0.0,0.0,0.0,1,2213.0,2242.0,1,2247.5,0.0,0.0,0.0,0.0,0.0,2
2023-05-10 22:11:03,j2308,j2308,2247.5,0.0,0.0,0.0,1,2213.0,2241.5,1,2247.5,0.0,0.0,0.0,0.0,0.0,2
2023-05-10 22:11:09,j2308,j2308,2247.5,0.0,0.0,0.0,1,2213.0,2242.0,1,2247.5,0.0,0.0,0.0,0.0,0.0,2
2023-05-10 22:13:56,j2308,j2308,2247.5,0.0,0.0,0.0,1,2213.0,2241.5,1,2247.5,0.0,0.0,0.0,0.0,0.0,2
2023-05-10 22:13:56,j2308,j2308,2247.5,0.0,0.0,0.0,1,2213.0,2242.0,1,2247.5,0.0,0.0,0.0,0.0,0.0,2
2023-05-10 22:14:16,j2308,j2308,2247.5,0.0,0.0,0.0,1,2213.0,2241.5,1,2247.5,0.0,0.0,0.0,0.0,0.0,2
2023-05-10 22:14:22,j2308,j2308,2247.5,0.0,0.0,0.0,1,2213.0,2242.0,1,2247.5,0.0,0.0,0.0,0.0,0.0,2
2023-05-10 22:14:22,j2308,j2308,2247.5,0.0,0.0,0.0,1,2213.0,2241.5,1,2247.5,0.0,0.0,0.0,0.0,0.0,2
2023-05-10 22:14:36,j2308,j2308,2247.5,0.0,0.0,0.0,1,2213.0,2242.0,1,2247.5,0.0,0.0,0.0,0.0,0.0,2
2023-05-10 22:15:04,j2308,j2308,2247.5,0.0,0.0,0.0,1,2213.0,2241.5,1,2247.5,0.0,0.0,0.0,0.0,0.0,2
2023-05-10 22:15:14,j2308,j2308,2247.5,0.0,0.0,0.0,1,2213.0,2242.0,1,2247.5,0.0,0.0,0.0,0.0,0.0,2
2023-05-10 22:15:27,j2308,j2308,2247.5,0.0,0.0,0.0,1,2213.0,2241.5,1,2247.5,0.0,0.0,0.0,0.0,0.0,2
2023-05-10 22:15:58,j2308,j2308,2247.5,0.0,0.0,0.0,1,2213.0,2367.5,1,2247.5,0.0,0.0,0.0,0.0,0.0,2
2023-05-10 22:15:59,j2308,j2308,2247.5,0.0,0.0,0.0,1,2213.0,2251.5,1,2247.5,0.0,0.0,0.0,0.0,0.0,2
2023-05-10 22:16:36,j2308,j2308,2247.5,0.0,0.0,0.0,1,2213.0,2251.0,1,2247.5,0.0,0.0,0.0,0.0,0.0,2
2023-05-10 22:16:37,j2308,j2308,2247.5,0.0,0.0,0.0,1,2213.0,2250.0,1,2247.5,0.0,0.0,0.0,0.0,0.0,2
2023-05-10 22:17:19,j2308,j2308,2247.5,0.0,0.0,0.0,1,2213.0,2249.5,1,2247.5,0.0,0.0,0.0,0.0,0.0,2
2023-05-10 22:17:19,j2308,j2308,2247.5,0.0,0.0,0.0,1,2213.0,2247.5,1,2247.5,0.0,0.0,0.0,0.0,0.0,2
2023-05-10 22:18:02,j2308,j2308,2247.5,0.0,0.0,0.0,1,2213.0,2247.0,1,2247.5,0.0,0.0,0.0,0.0,0.0,2
2023-05-10 22:18:03,j2308,j2308,2247.5,0.0,0.0,0.0,1,2213.0,2245.0,1,2247.5,0.0,0.0,0.0,0.0,0.0,2
2023-05-10 22:18:45,j2308,j2308,2247.5,0.0,0.0,0.0,1,2213.0,2244.5,1,2247.5,0.0,0.0,0.0,0.0,0.0,2
2023-05-10 22:18:46,j2308,j2308,2247.5,0.0,0.0,0.0,1,2213.0,2242.5,1,2247.5,0.0,0.0,0.0,0.0,0.0,2
2023-05-10 22:19:28,j2308,j2308,2247.5,0.0,0.0,0.0,1,2213.0,2242.0,1,2247.5,0.0,0.0,0.0,0.0,0.0,2
2023-05-10 22:19:29,j2308,j2308,2247.5,0.0,0.0,0.0,1,2213.0,2240.0,1,2247.5,0.0,0.0,0.0,0.0,0.0,2
2023-05-10 22:20:11,j2308,j2308,2247.5,0.0,0.0,0.0,1,2213.0,2239.5,1,2247.5,0.0,0.0,0.0,0.0,0.0,2
2023-05-10 22:20:11,j2308,j2308,2247.5,0.0,0.0,0.0,1,2213.0,2238.5,1,2247.5,0.0,0.0,0.0,0.0,0.0,2
2023-05-10 22:20:54,j2308,j2308,2247.5,0.0,0.0,0.0,1,2213.0,2238.0,1,2247.5,0.0,0.0,0.0,0.0,0.0,2
2023-05-10 22:20:54,j2308,j2308,2247.5,0.0,0.0,0.0,1,2213.0,2237.5,1,2247.5,0.0,0.0,0.0,0.0,0.0,2
2023-05-10 22:21:37,j2308,j2308,2247.5,0.0,0.0,0.0,1,2213.0,2237.0,1,2247.5,0.0,0.0,0.0,0.0,0.0,2
2023-05-10 22:21:37,j2308,j2308,2247.5,0.0,0.0,0.0,1,2213.0,2236.5,1,2247.5,0.0,0.0,0.0,0.0,0.0,2
2023-05-10 22:22:20,j2308,j2308,2247.5,0.0,0.0,0.0,1,2213.0,2236.0,1,2247.5,0.0,0.0,0.0,0.0,0.0,2
2023-05-10 22:22:20,j2308,j2308,2247.5,0.0,0.0,0.0,1,2213.0,2235.5,1,2247.5,0.0,0.0,0.0,0.0,0.0,2
2023-05-10 22:23:03,j2308,j2308,2247.5,0.0,0.0,0.0,1,2213.0,2235.0,1,2247.5,0.0,0.0,0.0,0.0,0.0,2
2023-05-10 22:23:04,j2308,j2308,2247.5,0.0,0.0,0.0,1,2213.0,2234.0,1,2247.5,0.0,0.0,0.0,0.0,0.0,2
2023-05-10 22:23:35,j2308,j2308,2247.5,0.0,0.0,0.0,1,2213.0,2235.0,1,2247.5,0.0,0.0,0.0,0.0,0.0,2
2023-05-10 22:23:35,j2308,j2308,2247.5,0.0,0.0,0.0,1,2213.0,2234.5,1,2247.5,0.0,0.0,0.0,0.0,0.0,2
2023-05-10 22:23:45,j2308,j2308,2247.5,0.0,0.0,0.0,1,2213.0,2234.0,1,2247.5,0.0,0.0,0.0,0.0,0.0,2
2023-05-10 22:23:45,j2308,j2308,2247.5,0.0,0.0,0.0,1,2213.0,2233.5,1,2247.5,0.0,0.0,0.0,0.0,0.0,2
2023-05-10 22:23:46,j2308,j2308,2247.5,0.0,0.0,0.0,1,2213.0,2234.0,1,2247.5,0.0,0.0,0.0,0.0,0.0,2
2023-05-10 22:23:47,j2308,j2308,2247.5,0.0,0.0,0.0,1,2213.0,2233.5,1,2247.5,0.0,0.0,0.0,0.0,0.0,2
2023-05-10 22:23:48,j2308,j2308,2247.5,0.0,0.0,0.0,1,2213.0,2234.0,1,2247.5,0.0,0.0,0.0,0.0,0.0,2
2023-05-10 22:23:50,j2308,j2308,2247.5,0.0,0.0,0.0,1,2213.0,2233.5,1,2247.5,0.0,0.0,0.0,0.0,0.0,2
2023-05-10 22:23:50,j2308,j2308,2247.5,0.0,0.0,0.0,1,2213.0,2234.0,1,2247.5,0.0,0.0,0.0,0.0,0.0,2
2023-05-10 22:23:54,j2308,j2308,2247.5,0.0,0.0,0.0,1,2213.0,2233.5,1,2247.5,0.0,0.0,0.0,0.0,0.0,2
2023-05-10 22:23:56,j2308,j2308,2247.5,0.0,0.0,0.0,1,2213.0,2234.0,1,2247.5,0.0,0.0,0.0,0.0,0.0,2
2023-05-10 22:24:00,j2308,j2308,2247.5,0.0,0.0,0.0,1,2213.0,2233.5,1,2247.5,0.0,0.0,0.0,0.0,0.0,2
2023-05-10 22:24:09,j2308,j2308,2247.5,0.0,0.0,0.0,1,2213.0,2234.0,1,2247.5,0.0,0.0,0.0,0.0,0.0,2
2023-05-10 22:24:35,j2308,j2308,2247.5,0.0,0.0,0.0,1,2213.0,2233.5,1,2247.5,0.0,0.0,0.0,0.0,0.0,2
2023-05-10 22:24:50,j2308,j2308,2247.5,0.0,0.0,0.0,1,2213.0,2234.0,1,2247.5,0.0,0.0,0.0,0.0,0.0,2
2023-05-10 22:24:51,j2308,j2308,2247.5,0.0,0.0,0.0,1,2213.0,2233.5,1,2247.5,0.0,0.0,0.0,0.0,0.0,2
2023-05-10 22:24:52,j2308,j2308,2247.5,0.0,0.0,0.0,1,2213.0,2234.0,1,2247.5,0.0,0.0,0.0,0.0,0.0,2
2023-05-10 22:24:58,j2308,j2308,2247.5,0.0,0.0,0.0,1,2213.0,2233.5,1,2247.5,0.0,0.0,0.0,0.0,0.0,2
2023-05-10 22:24:59,j2308,j2308,2247.5,0.0,0.0,0.0,1,2213.0,2234.0,1,2247.5,0.0,0.0,0.0,0.0,0.0,2
2023-05-10 22:25:00,j2308,j2308,2247.5,0.0,0.0,0.0,1,2213.0,2233.5,1,2247.5,0.0,0.0,0.0,0.0,0.0,2
2023-05-10 22:25:01,j2308,j2308,2247.5,0.0,0.0,0.0,1,2213.0,2234.0,1,2247.5,0.0,0.0,0.0,0.0,0.0,2
2023-05-10 22:25:49,j2308,j2308,2247.5,0.0,0.0,0.0,1,2213.0,2233.5,1,2247.5,0.0,0.0,0.0,0.0,0.0,2
2023-05-10 22:26:36,j2308,j2308,2247.5,0.0,0.0,0.0,1,2213.0,2233.0,1,2247.5,0.0,0.0,0.0,0.0,0.0,2
2023-05-10 22:27:06,j2308,j2308,2247.5,0.0,0.0,0.0,1,2213.0,2232.5,1,2247.5,0.0,0.0,0.0,0.0,0.0,2
2023-05-10 22:27:07,j2308,j2308,2247.5,0.0,0.0,0.0,1,2213.0,2233.0,1,2247.5,0.0,0.0,0.0,0.0,0.0,2
2023-05-10 22:27:10,j2308,j2308,2247.5,0.0,0.0,0.0,1,2213.0,2232.5,1,2247.5,0.0,0.0,0.0,0.0,0.0,2
2023-05-10 22:27:24,j2308,j2308,2247.5,0.0,0.0,0.0,1,2213.0,2233.0,1,2247.5,0.0,0.0,0.0,0.0,0.0,2
2023-05-10 22:27:32,j2308,j2308,2247.5,0.0,0.0,0.0,1,2213.0,2232.5,1,2247.5,0.0,0.0,0.0,0.0,0.0,2
2023-05-10 22:27:34,j2308,j2308,2247.5,0.0,0.0,0.0,1,2213.0,2233.0,1,2247.5,0.0,0.0,0.0,0.0,0.0,2
2023-05-10 22:31:37,j2308,j2308,2247.5,0.0,0.0,0.0,1,2213.0,2367.5,1,2247.5,0.0,0.0,0.0,0.0,0.0,2
2023-05-10 22:31:38,j2308,j2308,2247.5,0.0,0.0,0.0,1,2213.0,2248.5,1,2247.5,0.0,0.0,0.0,0.0,0.0,2
2023-05-10 22:32:17,j2308,j2308,2247.5,0.0,0.0,0.0,1,2213.0,2248.0,1,2247.5,0.0,0.0,0.0,0.0,0.0,2
2023-05-10 22:32:18,j2308,j2308,2247.5,0.0,0.0,0.0,1,2213.0,2246.0,1,2247.5,0.0,0.0,0.0,0.0,0.0,2
2023-05-10 22:33:00,j2308,j2308,2247.5,0.0,0.0,0.0,1,2213.0,2245.5,1,2247.5,0.0,0.0,0.0,0.0,0.0,2
2023-05-10 22:33:00,j2308,j2308,2247.5,0.0,0.0,0.0,1,2213.0,2245.0,1,2247.5,0.0,0.0,0.0,0.0,0.0,2
2023-05-10 22:33:42,j2308,j2308,2247.5,0.0,0.0,0.0,1,2213.0,2244.5,1,2247.5,0.0,0.0,0.0,0.0,0.0,2
2023-05-10 22:33:42,j2308,j2308,2247.5,0.0,0.0,0.0,1,2213.0,2243.5,1,2247.5,0.0,0.0,0.0,0.0,0.0,2
2023-05-10 22:34:24,j2308,j2308,2247.5,0.0,0.0,0.0,1,2213.0,2243.0,1,2247.5,0.0,0.0,0.0,0.0,0.0,2
2023-05-10 22:34:25,j2308,j2308,2247.5,0.0,0.0,0.0,1,2213.0,2241.0,1,2247.5,0.0,0.0,0.0,0.0,0.0,2
2023-05-10 22:35:07,j2308,j2308,2247.5,0.0,0.0,0.0,1,2213.0,2240.5,1,2247.5,0.0,0.0,0.0,0.0,0.0,2
2023-05-10 22:35:07,j2308,j2308,2247.5,0.0,0.0,0.0,1,2213.0,2240.0,1,2247.5,0.0,0.0,0.0,0.0,0.0,2
2023-05-10 22:35:49,j2308,j2308,2247.5,0.0,0.0,0.0,1,2213.0,2239.5,1,2247.5,0.0,0.0,0.0,0.0,0.0,2
2023-05-10 22:35:50,j2308,j2308,2247.5,0.0,0.0,0.0,1,2213.0,2238.5,1,2247.5,0.0,0.0,0.0,0.0,0.0,2
2023-05-10 22:36:31,j2308,j2308,2247.5,0.0,0.0,0.0,1,2213.0,2238.0,1,2247.5,0.0,0.0,0.0,0.0,0.0,2
2023-05-10 22:36:32,j2308,j2308,2247.5,0.0,0.0,0.0,1,2213.0,2237.0,1,2247.5,0.0,0.0,0.0,0.0,0.0,2
2023-05-10 22:37:14,j2308,j2308,2247.5,0.0,0.0,0.0,1,2213.0,2236.5,1,2247.5,0.0,0.0,0.0,0.0,0.0,2
2023-05-10 22:37:14,j2308,j2308,2247.5,0.0,0.0,0.0,1,2213.0,2236.0,1,2247.5,0.0,0.0,0.0,0.0,0.0,2
2023-05-10 22:37:56,j2308,j2308,2247.5,0.0,0.0,0.0,1,2213.0,2235.5,1,2247.5,0.0,0.0,0.0,0.0,0.0,2
2023-05-10 22:37:56,j2308,j2308,2247.5,0.0,0.0,0.0,1,2213.0,2235.0,1,2247.5,0.0,0.0,0.0,0.0,0.0,2
2023-05-10 22:38:38,j2308,j2308,2247.5,0.0,0.0,0.0,1,2213.0,2234.5,1,2247.5,0.0,0.0,0.0,0.0,0.0,2
2023-05-10 22:38:39,j2308,j2308,2247.5,0.0,0.0,0.0,1,2213.0,2232.5,1,2247.5,0.0,0.0,0.0,0.0,0.0,2
2023-05-10 22:39:21,j2308,j2308,2247.5,0.0,0.0,0.0,1,2213.0,2232.0,1,2247.5,0.0,0.0,0.0,0.0,0.0,2
2023-05-10 22:39:22,j2308,j2308,2247.5,0.0,0.0,0.0,1,2213.0,2230.0,1,2247.5,0.0,0.0,0.0,0.0,0.0,2
2023-05-10 22:40:04,j2308,j2308,2247.5,0.0,0.0,0.0,1,2213.5,2230.0,1,2247.5,0.0,0.0,0.0,0.0,0.0,2
2023-05-10 22:40:05,j2308,j2308,2247.5,0.0,0.0,0.0,1,2214.0,2230.0,1,2247.5,0.0,0.0,0.0,0.0,0.0,2
2023-05-10 22:40:46,j2308,j2308,2247.5,0.0,0.0,0.0,1,2214.5,2230.0,1,2247.5,0.0,0.0,0.0,0.0,0.0,2
2023-05-10 22:40:47,j2308,j2308,2247.5,0.0,0.0,0.0,1,2215.0,2230.0,1,2247.5,0.0,0.0,0.0,0.0,0.0,2
2023-05-10 22:41:28,j2308,j2308,2247.5,0.0,0.0,0.0,1,2215.5,2230.0,1,2247.5,0.0,0.0,0.0,0.0,0.0,2
2023-05-10 22:41:29,j2308,j2308,2247.5,0.0,0.0,0.0,1,2216.0,2230.0,1,2247.5,0.0,0.0,0.0,0.0,0.0,2
2023-05-10 22:41:41,j2308,j2308,2247.5,0.0,0.0,0.0,1,2047.0,2230.0,1,2247.5,0.0,0.0,0.0,0.0,0.0,2
2023-05-10 22:41:42,j2308,j2308,2247.5,0.0,0.0,0.0,1,2170.0,2230.0,1,2247.5,0.0,0.0,0.0,0.0,0.0,2
2023-05-10 22:41:42,j2308,j2308,2247.5,0.0,0.0,0.0,1,2172.5,2230.0,1,2247.5,0.0,0.0,0.0,0.0,0.0,2
2023-05-10 22:41:43,j2308,j2308,2247.5,0.0,0.0,0.0,1,2173.0,2230.0,1,2247.5,0.0,0.0,0.0,0.0,0.0,2
2023-05-10 22:41:43,j2308,j2308,2247.5,0.0,0.0,0.0,1,2175.5,2230.0,1,2247.5,0.0,0.0,0.0,0.0,0.0,2
2023-05-10 22:41:44,j2308,j2308,2247.5,0.0,0.0,0.0,1,2176.5,2230.0,1,2247.5,0.0,0.0,0.0,0.0,0.0,2
2023-05-10 22:41:44,j2308,j2308,2247.5,0.0,0.0,0.0,1,2179.0,2230.0,1,2247.5,0.0,0.0,0.0,0.0,0.0,2
2023-05-10 22:41:45,j2308,j2308,2247.5,0.0,0.0,0.0,1,2179.5,2230.0,1,2247.5,0.0,0.0,0.0,0.0,0.0,2
2023-05-10 22:41:45,j2308,j2308,2247.5,0.0,0.0,0.0,1,2182.0,2230.0,1,2247.5,0.0,0.0,0.0,0.0,0.0,2
2023-05-10 22:41:46,j2308,j2308,2247.5,0.0,0.0,0.0,1,2182.5,2230.0,1,2247.5,0.0,0.0,0.0,0.0,0.0,2
2023-05-10 22:41:47,j2308,j2308,2247.5,0.0,0.0,0.0,1,2185.0,2230.0,1,2247.5,0.0,0.0,0.0,0.0,0.0,2
2023-05-10 22:41:48,j2308,j2308,2247.5,0.0,0.0,0.0,1,2185.5,2230.0,1,2247.5,0.0,0.0,0.0,0.0,0.0,2
2023-05-10 22:41:58,j2308,j2308,2247.5,0.0,0.0,0.0,1,2188.0,2230.0,1,2247.5,0.0,0.0,0.0,0.0,0.0,2
2023-05-10 22:41:59,j2308,j2308,2247.5,0.0,0.0,0.0,1,2188.5,2230.0,1,2247.5,0.0,0.0,0.0,0.0,0.0,2
2023-05-10 22:42:12,j2308,j2308,2247.5,0.0,0.0,0.0,1,2188.5,2229.5,1,2247.5,0.0,0.0,0.0,0.0,0.0,2
2023-05-10 22:42:12,j2308,j2308,2247.5,0.0,0.0,0.0,1,2188.5,2227.5,1,2247.5,0.0,0.0,0.0,0.0,0.0,2
2023-05-10 22:42:55,j2308,j2308,2247.5,0.0,0.0,0.0,1,2188.5,2227.0,1,2247.5,0.0,0.0,0.0,0.0,0.0,2
2023-05-10 22:42:55,j2308,j2308,2247.5,0.0,0.0,0.0,1,2188.5,2226.0,1,2247.5,0.0,0.0,0.0,0.0,0.0,2
2023-05-10 22:43:38,j2308,j2308,2247.5,0.0,0.0,0.0,1,2188.5,2225.5,1,2247.5,0.0,0.0,0.0,0.0,0.0,2
2023-05-10 22:43:38,j2308,j2308,2247.5,0.0,0.0,0.0,1,2188.5,2225.0,1,2247.5,0.0,0.0,0.0,0.0,0.0,2
2023-05-10 22:43:47,j2308,j2308,2247.5,0.0,0.0,0.0,1,2191.0,2225.5,1,2247.5,0.0,0.0,0.0,0.0,0.0,2
2023-05-10 22:43:48,j2308,j2308,2247.5,0.0,0.0,0.0,1,2191.5,2225.5,1,2247.5,0.0,0.0,0.0,0.0,0.0,2
2023-05-10 22:43:53,j2308,j2308,2247.5,0.0,0.0,0.0,1,2191.5,2225.0,1,2247.5,0.0,0.0,0.0,0.0,0.0,2
2023-05-10 22:43:57,j2308,j2308,2247.5,0.0,0.0,0.0,1,2191.5,2225.5,1,2247.5,0.0,0.0,0.0,0.0,0.0,2
2023-05-10 22:43:57,j2308,j2308,2247.5,0.0,0.0,0.0,1,2191.5,2225.0,1,2247.5,0.0,0.0,0.0,0.0,0.0,2
2023-05-10 22:43:58,j2308,j2308,2247.5,0.0,0.0,0.0,1,2191.5,2225.5,1,2247.5,0.0,0.0,0.0,0.0,0.0,2
2023-05-10 22:44:06,j2308,j2308,2247.5,0.0,0.0,0.0,1,2191.5,2225.0,1,2247.5,0.0,0.0,0.0,0.0,0.0,2
2023-05-10 22:44:10,j2308,j2308,2247.5,0.0,0.0,0.0,1,2191.5,2225.5,1,2247.5,0.0,0.0,0.0,0.0,0.0,2
2023-05-10 22:44:11,j2308,j2308,2247.5,0.0,0.0,0.0,1,2191.5,2225.0,1,2247.5,0.0,0.0,0.0,0.0,0.0,2
2023-05-10 22:44:13,j2308,j2308,2247.5,0.0,0.0,0.0,1,2191.5,2225.5,1,2247.5,0.0,0.0,0.0,0.0,0.0,2
2023-05-10 22:44:14,j2308,j2308,2247.5,0.0,0.0,0.0,1,2191.5,2225.0,1,2247.5,0.0,0.0,0.0,0.0,0.0,2
2023-05-10 22:44:14,j2308,j2308,2247.5,0.0,0.0,0.0,1,2191.5,2225.5,1,2247.5,0.0,0.0,0.0,0.0,0.0,2
2023-05-10 22:44:22,j2308,j2308,2247.5,0.0,0.0,0.0,1,2191.5,2225.0,1,2247.5,0.0,0.0,0.0,0.0,0.0,2
2023-05-10 22:45:01,j2308,j2308,2247.5,0.0,0.0,0.0,1,2191.5,2224.5,1,2247.5,0.0,0.0,0.0,0.0,0.0,2
2023-05-10 22:45:02,j2308,j2308,2247.5,0.0,0.0,0.0,1,2191.5,2223.5,1,2247.5,0.0,0.0,0.0,0.0,0.0,2
2023-05-10 22:45:14,j2308,j2308,2247.5,0.0,0.0,0.0,1,2191.5,2224.5,1,2247.5,0.0,0.0,0.0,0.0,0.0,2
2023-05-10 22:45:14,j2308,j2308,2247.5,0.0,0.0,0.0,1,2191.5,2224.0,1,2247.5,0.0,0.0,0.0,0.0,0.0,2
2023-05-10 22:45:19,j2308,j2308,2247.5,0.0,0.0,0.0,1,2191.5,2224.5,1,2247.5,0.0,0.0,0.0,0.0,0.0,2
2023-05-10 22:45:23,j2308,j2308,2247.5,0.0,0.0,0.0,1,2191.5,2224.0,1,2247.5,0.0,0.0,0.0,0.0,0.0,2
2023-05-10 22:45:42,j2308,j2308,2247.5,0.0,0.0,0.0,1,2191.5,2224.5,1,2247.5,0.0,0.0,0.0,0.0,0.0,2
2023-05-10 22:45:56,j2308,j2308,2247.5,0.0,0.0,0.0,1,2191.5,2224.0,1,2247.5,0.0,0.0,0.0,0.0,0.0,2
2023-05-10 22:45:58,j2308,j2308,2247.5,0.0,0.0,0.0,1,2191.5,2224.5,1,2247.5,0.0,0.0,0.0,0.0,0.0,2
2023-05-10 22:47:11,j2308,j2308,2247.5,0.0,0.0,0.0,1,2191.5,2224.0,1,2247.5,0.0,0.0,0.0,0.0,0.0,2
2023-05-10 22:47:21,j2308,j2308,2247.5,0.0,0.0,0.0,1,2191.5,2224.5,1,2247.5,0.0,0.0,0.0,0.0,0.0,2
2023-05-10 22:47:35,j2308,j2308,2247.5,0.0,0.0,0.0,1,2191.5,2224.0,1,2247.5,0.0,0.0,0.0,0.0,0.0,2
2023-05-10 22:47:57,j2308,j2308,2247.5,0.0,0.0,0.0,1,2191.5,2224.5,1,2247.5,0.0,0.0,0.0,0.0,0.0,2
2023-05-10 22:47:58,j2308,j2308,2247.5,0.0,0.0,0.0,1,2191.5,2224.0,1,2247.5,0.0,0.0,0.0,0.0,0.0,2
2023-05-10 22:48:38,j2308,j2308,2247.5,0.0,0.0,0.0,1,2191.5,2367.5,1,2247.5,0.0,0.0,0.0,0.0,0.0,2
2023-05-10 22:48:39,j2308,j2308,2247.5,0.0,0.0,0.0,1,2191.5,2234.5,1,2247.5,0.0,0.0,0.0,0.0,0.0,2
2023-05-10 22:49:15,j2308,j2308,2247.5,0.0,0.0,0.0,1,2191.5,2234.0,1,2247.5,0.0,0.0,0.0,0.0,0.0,2
2023-05-10 22:49:16,j2308,j2308,2247.5,0.0,0.0,0.0,1,2191.5,2233.0,1,2247.5,0.0,0.0,0.0,0.0,0.0,2
2023-05-10 22:49:58,j2308,j2308,2247.5,0.0,0.0,0.0,1,2191.5,2232.5,1,2247.5,0.0,0.0,0.0,0.0,0.0,2
2023-05-10 22:49:59,j2308,j2308,2247.5,0.0,0.0,0.0,1,2191.5,2230.5,1,2247.5,0.0,0.0,0.0,0.0,0.0,2
2023-05-10 22:50:41,j2308,j2308,2247.5,0.0,0.0,0.0,1,2191.5,2230.0,1,2247.5,0.0,0.0,0.0,0.0,0.0,2
2023-05-10 22:50:41,j2308,j2308,2247.5,0.0,0.0,0.0,1,2191.5,2228.0,1,2247.5,0.0,0.0,0.0,0.0,0.0,2
2023-05-10 22:51:23,j2308,j2308,2247.5,0.0,0.0,0.0,1,2191.5,2227.5,1,2247.5,0.0,0.0,0.0,0.0,0.0,2
2023-05-10 22:51:23,j2308,j2308,2247.5,0.0,0.0,0.0,1,2191.5,2226.5,1,2247.5,0.0,0.0,0.0,0.0,0.0,2
2023-05-10 22:51:52,j2308,j2308,2247.5,0.0,0.0,0.0,1,2191.5,2227.5,1,2247.5,0.0,0.0,0.0,0.0,0.0,2
2023-05-10 22:51:52,j2308,j2308,2247.5,0.0,0.0,0.0,1,2191.5,2227.0,1,2247.5,0.0,0.0,0.0,0.0,0.0,2
2023-05-10 22:52:06,j2308,j2308,2247.5,0.0,0.0,0.0,1,2191.5,2226.5,1,2247.5,0.0,0.0,0.0,0.0,0.0,2
2023-05-10 22:53:12,j2308,j2308,2247.5,0.0,0.0,0.0,1,2194.0,2226.5,1,2247.5,0.0,0.0,0.0,0.0,0.0,2
2023-05-10 22:53:13,j2308,j2308,2247.5,0.0,0.0,0.0,1,2194.5,2226.5,1,2247.5,0.0,0.0,0.0,0.0,0.0,2
2023-05-10 22:53:40,j2308,j2308,2247.5,0.0,0.0,0.0,1,2197.0,2226.5,1,2247.5,0.0,0.0,0.0,0.0,0.0,2
2023-05-10 22:53:41,j2308,j2308,2247.5,0.0,0.0,0.0,1,2197.5,2226.5,1,2247.5,0.0,0.0,0.0,0.0,0.0,2
2023-05-10 22:54:55,j2308,j2308,2247.5,0.0,0.0,0.0,1,2200.0,2226.5,1,2247.5,0.0,0.0,0.0,0.0,0.0,2
2023-05-10 22:54:56,j2308,j2308,2247.5,0.0,0.0,0.0,1,2200.5,2226.5,1,2247.5,0.0,0.0,0.0,0.0,0.0,2
2023-05-10 22:57:06,j2308,j2308,2247.5,0.0,0.0,0.0,1,2200.5,2367.5,1,2247.5,0.0,0.0,0.0,0.0,0.0,2
2023-05-10 22:57:06,j2308,j2308,2247.5,0.0,0.0,0.0,1,2200.5,2241.5,1,2247.5,0.0,0.0,0.0,0.0,0.0,2
2023-05-10 22:57:07,j2308,j2308,2247.5,0.0,0.0,0.0,1,2200.5,2241.0,1,2247.5,0.0,0.0,0.0,0.0,0.0,2
2023-05-10 22:57:08,j2308,j2308,2247.5,0.0,0.0,0.0,1,2200.5,2239.0,1,2247.5,0.0,0.0,0.0,0.0,0.0,2
2023-05-10 22:57:50,j2308,j2308,2247.5,0.0,0.0,0.0,1,2200.5,2238.5,1,2247.5,0.0,0.0,0.0,0.0,0.0,2
2023-05-10 22:57:51,j2308,j2308,2247.5,0.0,0.0,0.0,1,2200.5,2237.5,1,2247.5,0.0,0.0,0.0,0.0,0.0,2
2023-05-10 22:58:33,j2308,j2308,2247.5,0.0,0.0,0.0,1,2200.5,2237.0,1,2247.5,0.0,0.0,0.0,0.0,0.0,2
2023-05-10 22:58:35,j2308,j2308,2247.5,0.0,0.0,0.0,1,2200.5,2235.0,1,2247.5,0.0,0.0,0.0,0.0,0.0,2
2023-05-10 22:59:17,j2308,j2308,2247.5,0.0,0.0,0.0,1,2200.5,2234.5,1,2247.5,0.0,0.0,0.0,0.0,0.0,2
2023-05-10 22:59:17,j2308,j2308,2247.5,0.0,0.0,0.0,1,2200.5,2232.5,1,2247.5,0.0,0.0,0.0,0.0,0.0,2
2023-05-10 22:59:30,j2308,j2308,2247.5,0.0,0.0,0.0,1,2200.5,2234.5,1,2247.5,0.0,0.0,0.0,0.0,0.0,2
2023-05-10 22:59:42,j2308,j2308,2247.5,0.0,0.0,0.0,1,2200.5,2370.5,1,2247.5,0.0,0.0,0.0,0.0,0.0,2
2023-05-10 22:59:43,j2308,j2308,2247.5,0.0,0.0,0.0,1,2200.5,2370.0,3,2247.5,0.0,0.0,0.0,0.0,0.0,2
2023-05-10 22:59:51,j2308,j2308,2247.5,0.0,0.0,0.0,1,2028.5,2370.0,2,2247.5,0.0,0.0,0.0,0.0,0.0,2
2023-05-10 22:59:52,j2308,j2308,2247.5,0.0,0.0,0.0,2,2029.0,2370.0,2,2247.5,0.0,0.0,0.0,0.0,0.0,2
2023-05-10 22:59:55,j2308,j2308,2247.5,0.0,0.0,0.0,0,0.0,2370.0,2,2247.5,0.0,0.0,0.0,0.0,0.0,2
2023-05-10 22:59:56,j2308,j2308,2247.5,0.0,0.0,0.0,0,0.0,0.0,0,2247.5,0.0,0.0,0.0,0.0,0.0,2
2023-05-11 09:00:00,j2308,j2308,2247.5,0.0,0.0,0.0,1,1898.0,2567.0,1,2247.5,0.0,0.0,0.0,0.0,0.0,2
2023-05-11 09:00:02,j2308,j2308,2247.5,0.0,0.0,0.0,1,2170.0,2230.5,1,2247.5,0.0,0.0,0.0,0.0,0.0,2
2023-05-11 09:00:02,j2308,j2308,2247.5,0.0,0.0,0.0,1,2172.5,2230.5,1,2247.5,0.0,0.0,0.0,0.0,0.0,2
2023-05-11 09:00:05,j2308,j2308,2247.5,0.0,0.0,0.0,1,2173.5,2230.5,1,2247.5,0.0,0.0,0.0,0.0,0.0,2
2023-05-11 09:00:05,j2308,j2308,2247.5,0.0,0.0,0.0,1,2176.0,2230.5,1,2247.5,0.0,0.0,0.0,0.0,0.0,2
2023-05-11 09:00:06,j2308,j2308,2247.5,0.0,0.0,0.0,1,2178.0,2230.5,1,2247.5,0.0,0.0,0.0,0.0,0.0,2
2023-05-11 09:00:06,j2308,j2308,2247.5,0.0,0.0,0.0,1,2180.5,2230.5,1,2247.5,0.0,0.0,0.0,0.0,0.0,2
2023-05-11 09:00:07,j2308,j2308,2247.5,0.0,0.0,0.0,1,2182.5,2230.5,1,2247.5,0.0,0.0,0.0,0.0,0.0,2
2023-05-11 09:00:07,j2308,j2308,2247.5,0.0,0.0,0.0,1,2185.0,2230.5,1,2247.5,0.0,0.0,0.0,0.0,0.0,2
2023-05-11 09:00:08,j2308,j2308,2247.5,0.0,0.0,0.0,1,2185.5,2230.5,1,2247.5,0.0,0.0,0.0,0.0,0.0,2
2023-05-11 09:00:08,j2308,j2308,2247.5,0.0,0.0,0.0,1,2188.0,2230.5,1,2247.5,0.0,0.0,0.0,0.0,0.0,2
2023-05-11 09:00:12,j2308,j2308,2247.5,0.0,0.0,0.0,1,2188.0,2230.0,1,2247.5,0.0,0.0,0.0,0.0,0.0,2
2023-05-11 09:00:13,j2308,j2308,2247.5,0.0,0.0,0.0,1,2188.0,2228.0,1,2247.5,0.0,0.0,0.0,0.0,0.0,2
2023-05-11 09:00:30,j2308,j2308,2247.5,0.0,0.0,0.0,1,2188.5,2228.0,1,2247.5,0.0,0.0,0.0,0.0,0.0,2
2023-05-11 09:00:32,j2308,j2308,2247.5,0.0,0.0,0.0,1,2191.0,2228.0,1,2247.5,0.0,0.0,0.0,0.0,0.0,2
2023-05-11 09:00:33,j2308,j2308,2247.5,0.0,0.0,0.0,1,2191.5,2228.0,1,2247.5,0.0,0.0,0.0,0.0,0.0,2
2023-05-11 09:00:34,j2308,j2308,2247.5,0.0,0.0,0.0,1,2191.5,2230.0,1,2247.5,0.0,0.0,0.0,0.0,0.0,2
2023-05-11 09:00:35,j2308,j2308,2247.5,0.0,0.0,0.0,1,2191.5,2229.5,1,2247.5,0.0,0.0,0.0,0.0,0.0,2
2023-05-11 09:00:36,j2308,j2308,2247.5,0.0,0.0,0.0,1,2194.0,2229.5,1,2247.5,0.0,0.0,0.0,0.0,0.0,2
2023-05-11 09:00:37,j2308,j2308,2247.5,0.0,0.0,0.0,1,2022.5,2229.5,1,2247.5,0.0,0.0,0.0,0.0,0.0,2
2023-05-11 09:00:37,j2308,j2308,2247.5,0.0,0.0,0.0,1,2177.0,2229.5,1,2247.5,0.0,0.0,0.0,0.0,0.0,2
2023-05-11 09:00:38,j2308,j2308,2247.5,0.0,0.0,0.0,1,2179.5,2229.5,1,2247.5,0.0,0.0,0.0,0.0,0.0,2
2023-05-11 09:00:38,j2308,j2308,2247.5,0.0,0.0,0.0,1,2180.0,2229.5,1,2247.5,0.0,0.0,0.0,0.0,0.0,2
2023-05-11 09:00:39,j2308,j2308,2247.5,0.0,0.0,0.0,1,2182.5,2229.5,1,2247.5,0.0,0.0,0.0,0.0,0.0,2
2023-05-11 09:00:39,j2308,j2308,2247.5,0.0,0.0,0.0,1,2183.5,2229.5,1,2247.5,0.0,0.0,0.0,0.0,0.0,2
2023-05-11 09:00:40,j2308,j2308,2247.5,0.0,0.0,0.0,1,2186.0,2229.5,1,2247.5,0.0,0.0,0.0,0.0,0.0,2
2023-05-11 09:00:40,j2308,j2308,2247.5,0.0,0.0,0.0,1,2186.5,2229.5,1,2247.5,0.0,0.0,0.0,0.0,0.0,2
2023-05-11 09:00:41,j2308,j2308,2247.5,0.0,0.0,0.0,1,2189.0,2229.5,1,2247.5,0.0,0.0,0.0,0.0,0.0,2
2023-05-11 09:00:42,j2308,j2308,2247.5,0.0,0.0,0.0,1,2189.5,2229.5,1,2247.5,0.0,0.0,0.0,0.0,0.0,2
2023-05-11 09:00:43,j2308,j2308,2247.5,0.0,0.0,0.0,1,2192.0,2229.5,1,2247.5,0.0,0.0,0.0,0.0,0.0,2
2023-05-11 09:00:44,j2308,j2308,2247.5,0.0,0.0,0.0,1,2192.5,2229.5,1,2247.5,0.0,0.0,0.0,0.0,0.0,2
2023-05-11 09:00:57,j2308,j2308,2247.5,0.0,0.0,0.0,1,2192.5,2229.0,1,2247.5,0.0,0.0,0.0,0.0,0.0,2
2023-05-11 09:00:57,j2308,j2308,2247.5,0.0,0.0,0.0,1,2192.5,2228.5,1,2247.5,0.0,0.0,0.0,0.0,0.0,2
2023-05-11 09:01:06,j2308,j2308,2247.5,0.0,0.0,0.0,1,2192.5,2229.0,1,2247.5,0.0,0.0,0.0,0.0,0.0,2
2023-05-11 09:01:08,j2308,j2308,2247.5,0.0,0.0,0.0,1,2192.5,2228.5,1,2247.5,0.0,0.0,0.0,0.0,0.0,2
2023-05-11 09:01:09,j2308,j2308,2247.5,0.0,0.0,0.0,1,2195.0,2229.0,1,2247.5,0.0,0.0,0.0,0.0,0.0,2
2023-05-11 09:01:10,j2308,j2308,2247.5,0.0,0.0,0.0,1,2195.5,2229.0,1,2247.5,0.0,0.0,0.0,0.0,0.0,2
2023-05-11 09:01:29,j2308,j2308,2247.5,0.0,0.0,0.0,1,2195.5,2228.5,1,2247.5,0.0,0.0,0.0,0.0,0.0,2
2023-05-11 09:01:34,j2308,j2308,2247.5,0.0,0.0,0.0,1,2195.5,2229.0,1,2247.5,0.0,0.0,0.0,0.0,0.0,2
2023-05-11 09:01:37,j2308,j2308,2247.5,0.0,0.0,0.0,1,2195.5,2228.5,1,2247.5,0.0,0.0,0.0,0.0,0.0,2
2023-05-11 09:01:39,j2308,j2308,2247.5,0.0,0.0,0.0,1,2195.5,2229.0,1,2247.5,0.0,0.0,0.0,0.0,0.0,2
2023-05-11 09:01:39,j2308,j2308,2247.5,0.0,0.0,0.0,1,2195.5,2228.5,1,2247.5,0.0,0.0,0.0,0.0,0.0,2
2023-05-11 09:02:25,j2308,j2308,2247.5,0.0,0.0,0.0,1,2195.5,2228.0,1,2247.5,0.0,0.0,0.0,0.0,0.0,2
2023-05-11 09:02:29,j2308,j2308,2247.5,0.0,0.0,0.0,1,2195.5,2227.5,1,2247.5,0.0,0.0,0.0,0.0,0.0,2
2023-05-11 09:02:31,j2308,j2308,2247.5,0.0,0.0,0.0,1,2195.5,2228.0,1,2247.5,0.0,0.0,0.0,0.0,0.0,2
2023-05-11 09:02:33,j2308,j2308,2247.5,0.0,0.0,0.0,1,2195.5,2227.5,1,2247.5,0.0,0.0,0.0,0.0,0.0,2
2023-05-11 09:02:36,j2308,j2308,2247.5,0.0,0.0,0.0,1,2195.5,2228.0,1,2247.5,0.0,0.0,0.0,0.0,0.0,2
2023-05-11 09:02:39,j2308,j2308,2247.5,0.0,0.0,0.0,1,2195.5,2227.5,1,2247.5,0.0,0.0,0.0,0.0,0.0,2
2023-05-11 09:02:41,j2308,j2308,2247.5,0.0,0.0,0.0,1,2195.5,2228.0,1,2247.5,0.0,0.0,0.0,0.0,0.0,2
2023-05-11 09:02:42,j2308,j2308,2247.5,0.0,0.0,0.0,1,2195.5,2227.5,1,2247.5,0.0,0.0,0.0,0.0,0.0,2
2023-05-11 09:03:04,j2308,j2308,2247.5,0.0,0.0,0.0,1,2195.5,2228.0,1,2247.5,0.0,0.0,0.0,0.0,0.0,2
2023-05-11 09:03:05,j2308,j2308,2247.5,0.0,0.0,0.0,1,2195.5,2227.5,1,2247.5,0.0,0.0,0.0,0.0,0.0,2
2023-05-11 09:03:12,j2308,j2308,2247.5,0.0,0.0,0.0,1,2195.5,2228.0,1,2247.5,0.0,0.0,0.0,0.0,0.0,2
2023-05-11 09:03:34,j2308,j2308,2247.5,0.0,0.0,0.0,1,2195.5,2227.5,1,2247.5,0.0,0.0,0.0,0.0,0.0,2
2023-05-11 09:03:34,j2308,j2308,2247.5,0.0,0.0,0.0,1,2195.5,2228.0,1,2247.5,0.0,0.0,0.0,0.0,0.0,2
2023-05-11 09:03:35,j2308,j2308,2247.5,0.0,0.0,0.0,1,2195.5,2227.5,1,2247.5,0.0,0.0,0.0,0.0,0.0,2
2023-05-11 09:03:37,j2308,j2308,2247.5,0.0,0.0,0.0,1,2195.5,2228.0,1,2247.5,0.0,0.0,0.0,0.0,0.0,2
2023-05-11 09:03:40,j2308,j2308,2247.5,0.0,0.0,0.0,1,2195.5,2227.5,1,2247.5,0.0,0.0,0.0,0.0,0.0,2
2023-05-11 09:03:43,j2308,j2308,2247.5,0.0,0.0,0.0,1,2195.5,2228.0,1,2247.5,0.0,0.0,0.0,0.0,0.0,2
2023-05-11 09:03:43,j2308,j2308,2247.5,0.0,0.0,0.0,1,2195.5,2227.5,1,2247.5,0.0,0.0,0.0,0.0,0.0,2
2023-05-11 09:04:14,j2308,j2308,2247.5,0.0,0.0,0.0,1,2195.5,2228.0,1,2247.5,0.0,0.0,0.0,0.0,0.0,2
2023-05-11 09:04:16,j2308,j2308,2247.5,0.0,0.0,0.0,1,2195.5,2227.5,1,2247.5,0.0,0.0,0.0,0.0,0.0,2
2023-05-11 09:04:23,j2308,j2308,2247.5,0.0,0.0,0.0,1,2195.5,2228.0,1,2247.5,0.0,0.0,0.0,0.0,0.0,2
2023-05-11 09:04:24,j2308,j2308,2247.5,0.0,0.0,0.0,1,2195.5,2227.5,1,2247.5,0.0,0.0,0.0,0.0,0.0,2
2023-05-11 09:04:24,j2308,j2308,2247.5,0.0,0.0,0.0,1,2195.5,2228.0,1,2247.5,0.0,0.0,0.0,0.0,0.0,2
2023-05-11 09:04:28,j2308,j2308,2247.5,0.0,0.0,0.0,1,2195.5,2227.5,1,2247.5,0.0,0.0,0.0,0.0,0.0,2
2023-05-11 09:05:16,j2308,j2308,2247.5,0.0,0.0,0.0,1,2195.5,2227.0,1,2247.5,0.0,0.0,0.0,0.0,0.0,2
2023-05-11 09:05:17,j2308,j2308,2247.5,0.0,0.0,0.0,1,2195.5,2226.0,1,2247.5,0.0,0.0,0.0,0.0,0.0,2
2023-05-11 09:05:33,j2308,j2308,2247.5,0.0,0.0,0.0,1,2195.5,2227.0,1,2247.5,0.0,0.0,0.0,0.0,0.0,2
2023-05-11 09:05:33,j2308,j2308,2247.5,0.0,0.0,0.0,1,2195.5,2226.5,1,2247.5,0.0,0.0,0.0,0.0,0.0,2
2023-05-11 09:05:59,j2308,j2308,2247.5,0.0,0.0,0.0,1,2195.5,2226.0,1,2247.5,0.0,0.0,0.0,0.0,0.0,2
2023-05-11 09:05:59,j2308,j2308,2247.5,0.0,0.0,0.0,1,2195.5,2225.5,1,2247.5,0.0,0.0,0.0,0.0,0.0,2
2023-05-11 09:06:41,j2308,j2308,2247.5,0.0,0.0,0.0,1,2195.5,2225.0,1,2247.5,0.0,0.0,0.0,0.0,0.0,2
2023-05-11 09:06:42,j2308,j2308,2247.5,0.0,0.0,0.0,1,2195.5,2223.0,1,2247.5,0.0,0.0,0.0,0.0,0.0,2
2023-05-11 09:07:24,j2308,j2308,2247.5,0.0,0.0,0.0,1,2195.5,2222.5,1,2247.5,0.0,0.0,0.0,0.0,0.0,2
2023-05-11 09:07:24,j2308,j2308,2247.5,0.0,0.0,0.0,1,2195.5,2220.5,1,2247.5,0.0,0.0,0.0,0.0,0.0,2
2023-05-11 09:08:07,j2308,j2308,2247.5,0.0,0.0,0.0,1,2195.5,2220.0,1,2247.5,0.0,0.0,0.0,0.0,0.0,2
2023-05-11 09:08:07,j2308,j2308,2247.5,0.0,0.0,0.0,1,2195.5,2219.0,1,2247.5,0.0,0.0,0.0,0.0,0.0,2
2023-05-11 09:08:35,j2308,j2308,2247.5,0.0,0.0,0.0,1,2195.5,2220.0,1,2247.5,0.0,0.0,0.0,0.0,0.0,2
2023-05-11 09:08:35,j2308,j2308,2247.5,0.0,0.0,0.0,1,2195.5,2219.5,1,2247.5,0.0,0.0,0.0,0.0,0.0,2
2023-05-11 09:08:49,j2308,j2308,2247.5,0.0,0.0,0.0,1,2195.5,2219.0,1,2247.5,0.0,0.0,0.0,0.0,0.0,2
2023-05-11 09:08:50,j2308,j2308,2247.5,0.0,0.0,0.0,1,2195.5,2218.5,1,2247.5,0.0,0.0,0.0,0.0,0.0,2
2023-05-11 09:09:31,j2308,j2308,2247.5,0.0,0.0,0.0,1,2195.5,2218.0,1,2247.5,0.0,0.0,0.0,0.0,0.0,2
2023-05-11 09:09:32,j2308,j2308,2247.5,0.0,0.0,0.0,1,2195.5,2217.0,1,2247.5,0.0,0.0,0.0,0.0,0.0,2
2023-05-11 09:10:14,j2308,j2308,2247.5,0.0,0.0,0.0,1,2195.5,2216.5,1,2247.5,0.0,0.0,0.0,0.0,0.0,2
2023-05-11 09:10:14,j2308,j2308,2247.5,0.0,0.0,0.0,1,2195.5,2215.5,1,2247.5,0.0,0.0,0.0,0.0,0.0,2
2023-05-11 09:10:25,j2308,j2308,2247.5,0.0,0.0,0.0,1,2195.5,2216.5,1,2247.5,0.0,0.0,0.0,0.0,0.0,2
2023-05-11 09:10:25,j2308,j2308,2247.5,0.0,0.0,0.0,1,2195.5,2216.0,1,2247.5,0.0,0.0,0.0,0.0,0.0,2
2023-05-11 09:10:27,j2308,j2308,2247.5,0.0,0.0,0.0,1,2195.5,2216.5,1,2247.5,0.0,0.0,0.0,0.0,0.0,2
2023-05-11 09:10:27,j2308,j2308,2247.5,0.0,0.0,0.0,1,2195.5,2216.0,1,2247.5,0.0,0.0,0.0,0.0,0.0,2
2023-05-11 09:11:40,j2308,j2308,2247.5,0.0,0.0,0.0,1,2195.5,2215.5,1,2247.5,0.0,0.0,0.0,0.0,0.0,2
2023-05-11 09:11:41,j2308,j2308,2247.5,0.0,0.0,0.0,1,2195.5,2213.5,1,2247.5,0.0,0.0,0.0,0.0,0.0,2
2023-05-11 09:12:23,j2308,j2308,2247.5,0.0,0.0,0.0,1,2195.5,2213.0,1,2247.5,0.0,0.0,0.0,0.0,0.0,2
2023-05-11 09:12:24,j2308,j2308,2247.5,0.0,0.0,0.0,1,2195.5,2212.0,1,2247.5,0.0,0.0,0.0,0.0,0.0,2
2023-05-11 09:12:51,j2308,j2308,2247.5,0.0,0.0,0.0,1,2195.5,2213.0,1,2247.5,0.0,0.0,0.0,0.0,0.0,2
2023-05-11 09:12:52,j2308,j2308,2247.5,0.0,0.0,0.0,1,2195.5,2212.5,1,2247.5,0.0,0.0,0.0,0.0,0.0,2
2023-05-11 09:12:54,j2308,j2308,2247.5,0.0,0.0,0.0,1,2195.5,2213.0,1,2247.5,0.0,0.0,0.0,0.0,0.0,2
2023-05-11 09:12:54,j2308,j2308,2247.5,0.0,0.0,0.0,1,2195.5,2212.5,1,2247.5,0.0,0.0,0.0,0.0,0.0,2
2023-05-11 09:13:27,j2308,j2308,2247.5,0.0,0.0,0.0,1,2195.5,2213.0,1,2247.5,0.0,0.0,0.0,0.0,0.0,2
2023-05-11 09:13:28,j2308,j2308,2247.5,0.0,0.0,0.0,1,2195.5,2212.5,1,2247.5,0.0,0.0,0.0,0.0,0.0,2
2023-05-11 09:13:30,j2308,j2308,2247.5,0.0,0.0,0.0,1,2195.5,2347.5,1,2247.5,0.0,0.0,0.0,0.0,0.0,2
2023-05-11 09:13:31,j2308,j2308,2247.5,0.0,0.0,0.0,1,2195.5,2223.0,1,2247.5,0.0,0.0,0.0,0.0,0.0,2
2023-05-11 09:13:48,j2308,j2308,2247.5,0.0,0.0,0.0,1,2195.5,2222.5,1,2247.5,0.0,0.0,0.0,0.0,0.0,2
2023-05-11 09:13:48,j2308,j2308,2247.5,0.0,0.0,0.0,1,2195.5,2220.5,1,2247.5,0.0,0.0,0.0,0.0,0.0,2
2023-05-11 09:14:30,j2308,j2308,2247.5,0.0,0.0,0.0,1,2195.5,2220.0,1,2247.5,0.0,0.0,0.0,0.0,0.0,2
2023-05-11 09:14:31,j2308,j2308,2247.5,0.0,0.0,0.0,1,2195.5,2218.0,1,2247.5,0.0,0.0,0.0,0.0,0.0,2
2023-05-11 09:15:16,j2308,j2308,2247.5,0.0,0.0,0.0,1,2195.5,2217.5,1,2247.5,0.0,0.0,0.0,0.0,0.0,2
2023-05-11 09:15:16,j2308,j2308,2247.5,0.0,0.0,0.0,1,2195.5,2216.5,1,2247.5,0.0,0.0,0.0,0.0,0.0,2
2023-05-11 09:15:37,j2308,j2308,2247.5,0.0,0.0,0.0,1,2195.5,2217.5,1,2247.5,0.0,0.0,0.0,0.0,0.0,2
2023-05-11 09:15:37,j2308,j2308,2247.5,0.0,0.0,0.0,1,2195.5,2217.0,1,2247.5,0.0,0.0,0.0,0.0,0.0,2
2023-05-11 09:15:44,j2308,j2308,2247.5,0.0,0.0,0.0,1,2195.5,2217.5,1,2247.5,0.0,0.0,0.0,0.0,0.0,2
2023-05-11 09:15:47,j2308,j2308,2247.5,0.0,0.0,0.0,1,2195.5,2217.0,1,2247.5,0.0,0.0,0.0,0.0,0.0,2
2023-05-11 09:16:03,j2308,j2308,2247.5,0.0,0.0,0.0,1,2195.5,2217.5,1,2247.5,0.0,0.0,0.0,0.0,0.0,2
2023-05-11 09:17:08,j2308,j2308,2247.5,0.0,0.0,0.0,1,2195.5,2217.0,1,2247.5,0.0,0.0,0.0,0.0,0.0,2
2023-05-11 09:18:07,j2308,j2308,2247.5,0.0,0.0,0.0,1,2195.5,2216.5,1,2247.5,0.0,0.0,0.0,0.0,0.0,2
2023-05-11 09:18:08,j2308,j2308,2247.5,0.0,0.0,0.0,1,2195.5,2215.5,1,2247.5,0.0,0.0,0.0,0.0,0.0,2
2023-05-11 09:18:50,j2308,j2308,2247.5,0.0,0.0,0.0,1,2195.5,2215.0,1,2247.5,0.0,0.0,0.0,0.0,0.0,2
2023-05-11 09:18:51,j2308,j2308,2247.5,0.0,0.0,0.0,1,2195.5,2214.5,1,2247.5,0.0,0.0,0.0,0.0,0.0,2
2023-05-11 09:18:56,j2308,j2308,2247.5,0.0,0.0,0.0,1,2195.5,2215.0,1,2247.5,0.0,0.0,0.0,0.0,0.0,2
2023-05-11 09:18:56,j2308,j2308,2247.5,0.0,0.0,0.0,1,2195.5,2214.5,1,2247.5,0.0,0.0,0.0,0.0,0.0,2
2023-05-11 09:19:06,j2308,j2308,2247.5,0.0,0.0,0.0,1,2195.5,2215.0,1,2247.5,0.0,0.0,0.0,0.0,0.0,2
2023-05-11 09:19:06,j2308,j2308,2247.5,0.0,0.0,0.0,1,2195.5,2214.5,1,2247.5,0.0,0.0,0.0,0.0,0.0,2
2023-05-11 09:20:14,j2308,j2308,2247.5,0.0,0.0,0.0,1,2195.5,2344.5,1,2247.5,0.0,0.0,0.0,0.0,0.0,2
2023-05-11 09:20:14,j2308,j2308,2247.5,0.0,0.0,0.0,1,2195.5,2224.5,1,2247.5,0.0,0.0,0.0,0.0,0.0,2
2023-05-11 09:20:16,j2308,j2308,2247.5,0.0,0.0,0.0,1,2195.5,2224.0,1,2247.5,0.0,0.0,0.0,0.0,0.0,2
2023-05-11 09:20:16,j2308,j2308,2247.5,0.0,0.0,0.0,1,2195.5,2222.0,1,2247.5,0.0,0.0,0.0,0.0,0.0,2
2023-05-11 09:21:00,j2308,j2308,2247.5,0.0,0.0,0.0,1,2195.5,2221.5,1,2247.5,0.0,0.0,0.0,0.0,0.0,2
2023-05-11 09:21:01,j2308,j2308,2247.5,0.0,0.0,0.0,1,2195.5,2219.5,1,2247.5,0.0,0.0,0.0,0.0,0.0,2
2023-05-11 09:21:44,j2308,j2308,2247.5,0.0,0.0,0.0,1,2195.5,2219.0,1,2247.5,0.0,0.0,0.0,0.0,0.0,2
2023-05-11 09:21:44,j2308,j2308,2247.5,0.0,0.0,0.0,1,2195.5,2218.0,1,2247.5,0.0,0.0,0.0,0.0,0.0,2
2023-05-11 09:22:26,j2308,j2308,2247.5,0.0,0.0,0.0,1,2195.5,2217.5,1,2247.5,0.0,0.0,0.0,0.0,0.0,2
2023-05-11 09:22:27,j2308,j2308,2247.5,0.0,0.0,0.0,1,2195.5,2217.0,1,2247.5,0.0,0.0,0.0,0.0,0.0,2
2023-05-11 09:22:33,j2308,j2308,2247.5,0.0,0.0,0.0,1,2195.5,2217.5,1,2247.5,0.0,0.0,0.0,0.0,0.0,2
2023-05-11 09:24:33,j2308,j2308,2247.5,0.0,0.0,0.0,1,2195.5,2217.0,1,2247.5,0.0,0.0,0.0,0.0,0.0,2
2023-05-11 09:25:13,j2308,j2308,2247.5,0.0,0.0,0.0,1,2195.5,2347.5,1,2247.5,0.0,0.0,0.0,0.0,0.0,2
2023-05-11 09:25:13,j2308,j2308,2247.5,0.0,0.0,0.0,1,2195.5,2228.5,1,2247.5,0.0,0.0,0.0,0.0,0.0,2
2023-05-11 09:25:19,j2308,j2308,2247.5,0.0,0.0,0.0,1,2195.5,2228.0,1,2247.5,0.0,0.0,0.0,0.0,0.0,2
2023-05-11 09:25:20,j2308,j2308,2247.5,0.0,0.0,0.0,1,2195.5,2226.0,1,2247.5,0.0,0.0,0.0,0.0,0.0,2
2023-05-11 09:26:03,j2308,j2308,2247.5,0.0,0.0,0.0,1,2195.5,2225.5,1,2247.5,0.0,0.0,0.0,0.0,0.0,2
2023-05-11 09:26:04,j2308,j2308,2247.5,0.0,0.0,0.0,1,2195.5,2223.5,1,2247.5,0.0,0.0,0.0,0.0,0.0,2
2023-05-11 09:26:46,j2308,j2308,2247.5,0.0,0.0,0.0,1,2195.5,2223.0,1,2247.5,0.0,0.0,0.0,0.0,0.0,2
2023-05-11 09:26:47,j2308,j2308,2247.5,0.0,0.0,0.0,1,2195.5,2222.5,1,2247.5,0.0,0.0,0.0,0.0,0.0,2
2023-05-11 09:27:30,j2308,j2308,2247.5,0.0,0.0,0.0,1,2195.5,2222.0,1,2247.5,0.0,0.0,0.0,0.0,0.0,2
2023-05-11 09:27:30,j2308,j2308,2247.5,0.0,0.0,0.0,1,2195.5,2221.0,1,2247.5,0.0,0.0,0.0,0.0,0.0,2
2023-05-11 09:28:12,j2308,j2308,2247.5,0.0,0.0,0.0,1,2195.5,2220.5,1,2247.5,0.0,0.0,0.0,0.0,0.0,2
2023-05-11 09:28:13,j2308,j2308,2247.5,0.0,0.0,0.0,1,2195.5,2219.5,1,2247.5,0.0,0.0,0.0,0.0,0.0,2
2023-05-11 09:28:29,j2308,j2308,2247.5,0.0,0.0,0.0,1,2195.5,2220.5,1,2247.5,0.0,0.0,0.0,0.0,0.0,2
2023-05-11 09:28:29,j2308,j2308,2247.5,0.0,0.0,0.0,1,2195.5,2220.0,1,2247.5,0.0,0.0,0.0,0.0,0.0,2
2023-05-11 09:28:54,j2308,j2308,2247.5,0.0,0.0,0.0,1,2195.5,2219.5,1,2247.5,0.0,0.0,0.0,0.0,0.0,2
2023-05-11 09:28:55,j2308,j2308,2247.5,0.0,0.0,0.0,1,2195.5,2219.0,1,2247.5,0.0,0.0,0.0,0.0,0.0,2
2023-05-11 09:29:37,j2308,j2308,2247.5,0.0,0.0,0.0,1,2195.5,2218.5,1,2247.5,0.0,0.0,0.0,0.0,0.0,2
2023-05-11 09:29:38,j2308,j2308,2247.5,0.0,0.0,0.0,1,2195.5,2218.0,1,2247.5,0.0,0.0,0.0,0.0,0.0,2
2023-05-11 09:29:43,j2308,j2308,2247.5,0.0,0.0,0.0,1,2195.5,2218.5,1,2247.5,0.0,0.0,0.0,0.0,0.0,2
2023-05-11 09:30:06,j2308,j2308,2247.5,0.0,0.0,0.0,1,2195.5,2218.0,1,2247.5,0.0,0.0,0.0,0.0,0.0,2
2023-05-11 09:30:25,j2308,j2308,2247.5,0.0,0.0,0.0,1,2195.5,2218.5,1,2247.5,0.0,0.0,0.0,0.0,0.0,2
2023-05-11 09:30:25,j2308,j2308,2247.5,0.0,0.0,0.0,1,2195.5,2218.0,1,2247.5,0.0,0.0,0.0,0.0,0.0,2
2023-05-11 09:31:05,j2308,j2308,2247.5,0.0,0.0,0.0,1,2195.5,2217.5,1,2247.5,0.0,0.0,0.0,0.0,0.0,2
2023-05-11 09:31:06,j2308,j2308,2247.5,0.0,0.0,0.0,1,2195.5,2216.5,1,2247.5,0.0,0.0,0.0,0.0,0.0,2
2023-05-11 09:31:49,j2308,j2308,2247.5,0.0,0.0,0.0,1,2195.5,2216.0,1,2247.5,0.0,0.0,0.0,0.0,0.0,2
2023-05-11 09:31:49,j2308,j2308,2247.5,0.0,0.0,0.0,1,2195.5,2215.5,1,2247.5,0.0,0.0,0.0,0.0,0.0,2
2023-05-11 09:32:32,j2308,j2308,2247.5,0.0,0.0,0.0,1,2195.5,2215.0,1,2247.5,0.0,0.0,0.0,0.0,0.0,2
2023-05-11 09:32:33,j2308,j2308,2247.5,0.0,0.0,0.0,1,2195.5,2214.0,1,2247.5,0.0,0.0,0.0,0.0,0.0,2
2023-05-11 09:33:15,j2308,j2308,2247.5,0.0,0.0,0.0,1,2195.5,2213.5,1,2247.5,0.0,0.0,0.0,0.0,0.0,2
2023-05-11 09:33:16,j2308,j2308,2247.5,0.0,0.0,0.0,1,2195.5,2212.5,1,2247.5,0.0,0.0,0.0,0.0,0.0,2
2023-05-11 09:33:22,j2308,j2308,2247.5,0.0,0.0,0.0,1,2195.5,2213.5,1,2247.5,0.0,0.0,0.0,0.0,0.0,2
2023-05-11 09:33:22,j2308,j2308,2247.5,0.0,0.0,0.0,1,2195.5,2213.0,1,2247.5,0.0,0.0,0.0,0.0,0.0,2
2023-05-11 09:33:46,j2308,j2308,2247.5,0.0,0.0,0.0,1,2195.5,2213.5,1,2247.5,0.0,0.0,0.0,0.0,0.0,2
2023-05-11 09:33:50,j2308,j2308,2247.5,0.0,0.0,0.0,1,2195.5,2213.0,1,2247.5,0.0,0.0,0.0,0.0,0.0,2
2023-05-11 09:34:40,j2308,j2308,2247.5,0.0,0.0,0.0,1,2195.5,2212.5,1,2247.5,0.0,0.0,0.0,0.0,0.0,2
2023-05-11 09:34:41,j2308,j2308,2247.5,0.0,0.0,0.0,1,2195.5,2211.5,1,2247.5,0.0,0.0,0.0,0.0,0.0,2
2023-05-11 09:35:23,j2308,j2308,2247.5,0.0,0.0,0.0,1,2196.0,2211.5,1,2247.5,0.0,0.0,0.0,0.0,0.0,2
2023-05-11 09:35:24,j2308,j2308,2247.5,0.0,0.0,0.0,1,2196.5,2211.5,1,2247.5,0.0,0.0,0.0,0.0,0.0,2
2023-05-11 09:36:07,j2308,j2308,2247.5,0.0,0.0,0.0,1,2197.0,2211.5,1,2247.5,0.0,0.0,0.0,0.0,0.0,2
2023-05-11 09:36:08,j2308,j2308,2247.5,0.0,0.0,0.0,1,2197.5,2211.5,1,2247.5,0.0,0.0,0.0,0.0,0.0,2
2023-05-11 09:36:51,j2308,j2308,2247.5,0.0,0.0,0.0,1,2198.0,2211.5,1,2247.5,0.0,0.0,0.0,0.0,0.0,2
2023-05-11 09:36:52,j2308,j2308,2247.5,0.0,0.0,0.0,1,2198.5,2211.5,1,2247.5,0.0,0.0,0.0,0.0,0.0,2
2023-05-11 09:37:33,j2308,j2308,2247.5,0.0,0.0,0.0,1,2199.0,2211.5,1,2247.5,0.0,0.0,0.0,0.0,0.0,2
2023-05-11 09:37:36,j2308,j2308,2247.5,0.0,0.0,0.0,1,2199.5,2211.5,1,2247.5,0.0,0.0,0.0,0.0,0.0,2
2023-05-11 09:38:01,j2308,j2308,2247.5,0.0,0.0,0.0,1,2023.0,2211.5,1,2247.5,0.0,0.0,0.0,0.0,0.0,2
2023-05-11 09:38:01,j2308,j2308,2247.5,0.0,0.0,0.0,1,2153.5,2211.5,1,2247.5,0.0,0.0,0.0,0.0,0.0,2
2023-05-11 09:38:02,j2308,j2308,2247.5,0.0,0.0,0.0,1,2156.0,2211.5,1,2247.5,0.0,0.0,0.0,0.0,0.0,2
2023-05-11 09:38:02,j2308,j2308,2247.5,0.0,0.0,0.0,1,2158.0,2211.5,1,2247.5,0.0,0.0,0.0,0.0,0.0,2
2023-05-11 09:38:03,j2308,j2308,2247.5,0.0,0.0,0.0,1,2160.5,2211.5,1,2247.5,0.0,0.0,0.0,0.0,0.0,2
2023-05-11 09:38:03,j2308,j2308,2247.5,0.0,0.0,0.0,1,2161.0,2211.5,1,2247.5,0.0,0.0,0.0,0.0,0.0,2
2023-05-11 09:38:04,j2308,j2308,2247.5,0.0,0.0,0.0,1,2163.5,2211.5,1,2247.5,0.0,0.0,0.0,0.0,0.0,2
2023-05-11 09:38:05,j2308,j2308,2247.5,0.0,0.0,0.0,1,2164.0,2211.5,1,2247.5,0.0,0.0,0.0,0.0,0.0,2
2023-05-11 09:38:05,j2308,j2308,2247.5,0.0,0.0,0.0,1,2166.5,2211.5,1,2247.5,0.0,0.0,0.0,0.0,0.0,2
2023-05-11 09:38:06,j2308,j2308,2247.5,0.0,0.0,0.0,1,2167.0,2211.5,1,2247.5,0.0,0.0,0.0,0.0,0.0,2
2023-05-11 09:38:07,j2308,j2308,2247.5,0.0,0.0,0.0,1,2169.5,2211.5,1,2247.5,0.0,0.0,0.0,0.0,0.0,2
2023-05-11 09:38:08,j2308,j2308,2247.5,0.0,0.0,0.0,1,2170.0,2211.5,1,2247.5,0.0,0.0,0.0,0.0,0.0,2
2023-05-11 09:38:16,j2308,j2308,2247.5,0.0,0.0,0.0,1,2170.0,2211.0,1,2247.5,0.0,0.0,0.0,0.0,0.0,2
2023-05-11 09:38:17,j2308,j2308,2247.5,0.0,0.0,0.0,1,2170.0,2209.0,1,2247.5,0.0,0.0,0.0,0.0,0.0,2
2023-05-11 09:38:29,j2308,j2308,2247.5,0.0,0.0,0.0,1,2172.5,2209.0,1,2247.5,0.0,0.0,0.0,0.0,0.0,2
2023-05-11 09:38:30,j2308,j2308,2247.5,0.0,0.0,0.0,1,2173.0,2209.0,1,2247.5,0.0,0.0,0.0,0.0,0.0,2
2023-05-11 09:39:00,j2308,j2308,2247.5,0.0,0.0,0.0,1,2173.0,2208.5,1,2247.5,0.0,0.0,0.0,0.0,0.0,2
2023-05-11 09:39:00,j2308,j2308,2247.5,0.0,0.0,0.0,1,2173.0,2207.5,1,2247.5,0.0,0.0,0.0,0.0,0.0,2
2023-05-11 09:39:43,j2308,j2308,2247.5,0.0,0.0,0.0,1,2173.0,2207.0,1,2247.5,0.0,0.0,0.0,0.0,0.0,2
2023-05-11 09:39:43,j2308,j2308,2247.5,0.0,0.0,0.0,1,2173.0,2206.5,1,2247.5,0.0,0.0,0.0,0.0,0.0,2
2023-05-11 09:40:26,j2308,j2308,2247.5,0.0,0.0,0.0,1,2173.0,2206.0,1,2247.5,0.0,0.0,0.0,0.0,0.0,2
2023-05-11 09:40:26,j2308,j2308,2247.5,0.0,0.0,0.0,1,2173.0,2205.0,1,2247.5,0.0,0.0,0.0,0.0,0.0,2
2023-05-11 09:41:09,j2308,j2308,2247.5,0.0,0.0,0.0,1,2173.0,2204.5,1,2247.5,0.0,0.0,0.0,0.0,0.0,2
2023-05-11 09:41:10,j2308,j2308,2247.5,0.0,0.0,0.0,1,2173.0,2203.5,1,2247.5,0.0,0.0,0.0,0.0,0.0,2
2023-05-11 09:41:53,j2308,j2308,2247.5,0.0,0.0,0.0,1,2173.0,2203.0,1,2247.5,0.0,0.0,0.0,0.0,0.0,2
2023-05-11 09:41:53,j2308,j2308,2247.5,0.0,0.0,0.0,1,2173.0,2202.0,1,2247.5,0.0,0.0,0.0,0.0,0.0,2
2023-05-11 09:42:36,j2308,j2308,2247.5,0.0,0.0,0.0,1,2173.0,2201.5,1,2247.5,0.0,0.0,0.0,0.0,0.0,2
2023-05-11 09:42:37,j2308,j2308,2247.5,0.0,0.0,0.0,1,2173.0,2199.5,1,2247.5,0.0,0.0,0.0,0.0,0.0,2
2023-05-11 09:43:20,j2308,j2308,2247.5,0.0,0.0,0.0,1,2173.0,2199.0,1,2247.5,0.0,0.0,0.0,0.0,0.0,2
2023-05-11 09:43:20,j2308,j2308,2247.5,0.0,0.0,0.0,1,2173.0,2197.0,1,2247.5,0.0,0.0,0.0,0.0,0.0,2
2023-05-11 09:44:03,j2308,j2308,2247.5,0.0,0.0,0.0,1,2173.0,2196.5,1,2247.5,0.0,0.0,0.0,0.0,0.0,2
2023-05-11 09:44:04,j2308,j2308,2247.5,0.0,0.0,0.0,1,2173.0,2195.5,1,2247.5,0.0,0.0,0.0,0.0,0.0,2
2023-05-11 09:44:15,j2308,j2308,2247.5,0.0,0.0,0.0,1,2173.0,2196.5,1,2247.5,0.0,0.0,0.0,0.0,0.0,2
2023-05-11 09:44:15,j2308,j2308,2247.5,0.0,0.0,0.0,1,2173.0,2196.0,1,2247.5,0.0,0.0,0.0,0.0,0.0,2
2023-05-11 09:44:27,j2308,j2308,2247.5,0.0,0.0,0.0,1,2173.0,2196.5,1,2247.5,0.0,0.0,0.0,0.0,0.0,2
2023-05-11 09:44:28,j2308,j2308,2247.5,0.0,0.0,0.0,1,2173.0,2196.0,1,2247.5,0.0,0.0,0.0,0.0,0.0,2
2023-05-11 09:44:46,j2308,j2308,2247.5,0.0,0.0,0.0,1,2173.0,2195.5,1,2247.5,0.0,0.0,0.0,0.0,0.0,2
2023-05-11 09:44:47,j2308,j2308,2247.5,0.0,0.0,0.0,1,2173.0,2195.0,1,2247.5,0.0,0.0,0.0,0.0,0.0,2
2023-05-11 09:44:58,j2308,j2308,2247.5,0.0,0.0,0.0,1,2173.0,2195.5,1,2247.5,0.0,0.0,0.0,0.0,0.0,2
2023-05-11 09:49:46,j2308,j2308,2247.5,0.0,0.0,0.0,1,2173.0,2347.5,1,2247.5,0.0,0.0,0.0,0.0,0.0,2
2023-05-11 09:49:47,j2308,j2308,2247.5,0.0,0.0,0.0,1,2173.0,2208.5,1,2247.5,0.0,0.0,0.0,0.0,0.0,2
2023-05-11 09:49:48,j2308,j2308,2247.5,0.0,0.0,0.0,1,2173.0,2208.0,1,2247.5,0.0,0.0,0.0,0.0,0.0,2
2023-05-11 09:49:49,j2308,j2308,2247.5,0.0,0.0,0.0,1,2173.0,2206.0,1,2247.5,0.0,0.0,0.0,0.0,0.0,2
2023-05-11 09:50:31,j2308,j2308,2247.5,0.0,0.0,0.0,1,2173.0,2205.5,1,2247.5,0.0,0.0,0.0,0.0,0.0,2
2023-05-11 09:50:32,j2308,j2308,2247.5,0.0,0.0,0.0,1,2173.0,2203.5,1,2247.5,0.0,0.0,0.0,0.0,0.0,2
2023-05-11 09:51:15,j2308,j2308,2247.5,0.0,0.0,0.0,1,2173.0,2203.0,1,2247.5,0.0,0.0,0.0,0.0,0.0,2
2023-05-11 09:51:15,j2308,j2308,2247.5,0.0,0.0,0.0,1,2173.0,2202.0,1,2247.5,0.0,0.0,0.0,0.0,0.0,2
2023-05-11 09:51:58,j2308,j2308,2247.5,0.0,0.0,0.0,1,2173.0,2201.5,1,2247.5,0.0,0.0,0.0,0.0,0.0,2
2023-05-11 09:51:58,j2308,j2308,2247.5,0.0,0.0,0.0,1,2173.0,2201.0,1,2247.5,0.0,0.0,0.0,0.0,0.0,2
2023-05-11 09:52:43,j2308,j2308,2247.5,0.0,0.0,0.0,1,2173.0,2200.5,1,2247.5,0.0,0.0,0.0,0.0,0.0,2
2023-05-11 09:52:44,j2308,j2308,2247.5,0.0,0.0,0.0,1,2173.0,2200.0,1,2247.5,0.0,0.0,0.0,0.0,0.0,2
2023-05-11 09:53:26,j2308,j2308,2247.5,0.0,0.0,0.0,1,2173.0,2199.5,1,2247.5,0.0,0.0,0.0,0.0,0.0,2
2023-05-11 09:53:27,j2308,j2308,2247.5,0.0,0.0,0.0,1,2173.0,2199.0,1,2247.5,0.0,0.0,0.0,0.0,0.0,2
2023-05-11 09:54:06,j2308,j2308,2247.5,0.0,0.0,0.0,1,2173.0,2344.5,1,2247.5,0.0,0.0,0.0,0.0,0.0,2
2023-05-11 09:54:07,j2308,j2308,2247.5,0.0,0.0,0.0,1,2173.0,2209.5,1,2247.5,0.0,0.0,0.0,0.0,0.0,2
2023-05-11 09:54:09,j2308,j2308,2247.5,0.0,0.0,0.0,1,2173.0,2209.0,1,2247.5,0.0,0.0,0.0,0.0,0.0,2
2023-05-11 09:54:10,j2308,j2308,2247.5,0.0,0.0,0.0,1,2173.0,2207.0,1,2247.5,0.0,0.0,0.0,0.0,0.0,2
2023-05-11 09:54:52,j2308,j2308,2247.5,0.0,0.0,0.0,1,2173.0,2206.5,1,2247.5,0.0,0.0,0.0,0.0,0.0,2
2023-05-11 09:54:52,j2308,j2308,2247.5,0.0,0.0,0.0,1,2173.0,2204.5,1,2247.5,0.0,0.0,0.0,0.0,0.0,2
2023-05-11 09:55:35,j2308,j2308,2247.5,0.0,0.0,0.0,1,2173.0,2204.0,1,2247.5,0.0,0.0,0.0,0.0,0.0,2
2023-05-11 09:55:36,j2308,j2308,2247.5,0.0,0.0,0.0,1,2173.0,2202.0,1,2247.5,0.0,0.0,0.0,0.0,0.0,2
2023-05-11 09:56:18,j2308,j2308,2247.5,0.0,0.0,0.0,1,2173.0,2201.5,1,2247.5,0.0,0.0,0.0,0.0,0.0,2
2023-05-11 09:56:57,j2308,j2308,2247.5,0.0,0.0,0.0,1,2173.0,2201.0,1,2247.5,0.0,0.0,0.0,0.0,0.0,2
2023-05-11 09:56:58,j2308,j2308,2247.5,0.0,0.0,0.0,1,2173.0,2201.5,1,2247.5,0.0,0.0,0.0,0.0,0.0,2
2023-05-11 09:56:58,j2308,j2308,2247.5,0.0,0.0,0.0,1,2173.0,2201.0,1,2247.5,0.0,0.0,0.0,0.0,0.0,2
2023-05-11 09:57:01,j2308,j2308,2247.5,0.0,0.0,0.0,1,2173.0,2201.5,1,2247.5,0.0,0.0,0.0,0.0,0.0,2
2023-05-11 09:57:02,j2308,j2308,2247.5,0.0,0.0,0.0,1,2173.0,2201.0,1,2247.5,0.0,0.0,0.0,0.0,0.0,2
2023-05-11 09:57:08,j2308,j2308,2247.5,0.0,0.0,0.0,1,2173.0,2201.5,1,2247.5,0.0,0.0,0.0,0.0,0.0,2
2023-05-11 09:57:36,j2308,j2308,2247.5,0.0,0.0,0.0,1,2173.0,2201.0,1,2247.5,0.0,0.0,0.0,0.0,0.0,2
2023-05-11 09:58:07,j2308,j2308,2247.5,0.0,0.0,0.0,1,2173.0,2201.5,1,2247.5,0.0,0.0,0.0,0.0,0.0,2
2023-05-11 09:58:22,j2308,j2308,2247.5,0.0,0.0,0.0,1,2173.0,2201.0,1,2247.5,0.0,0.0,0.0,0.0,0.0,2
2023-05-11 09:58:23,j2308,j2308,2247.5,0.0,0.0,0.0,1,2173.0,2201.5,1,2247.5,0.0,0.0,0.0,0.0,0.0,2
2023-05-11 09:58:24,j2308,j2308,2247.5,0.0,0.0,0.0,1,2173.0,2201.0,1,2247.5,0.0,0.0,0.0,0.0,0.0,2
2023-05-11 09:58:27,j2308,j2308,2247.5,0.0,0.0,0.0,1,2173.0,2201.5,1,2247.5,0.0,0.0,0.0,0.0,0.0,2
2023-05-11 09:58:30,j2308,j2308,2247.5,0.0,0.0,0.0,1,2173.0,2201.0,1,2247.5,0.0,0.0,0.0,0.0,0.0,2
2023-05-11 09:58:31,j2308,j2308,2247.5,0.0,0.0,0.0,1,2173.0,2201.5,1,2247.5,0.0,0.0,0.0,0.0,0.0,2
2023-05-11 09:58:36,j2308,j2308,2247.5,0.0,0.0,0.0,1,2173.0,2201.0,1,2247.5,0.0,0.0,0.0,0.0,0.0,2
2023-05-11 09:58:38,j2308,j2308,2247.5,0.0,0.0,0.0,1,2173.0,2201.5,1,2247.5,0.0,0.0,0.0,0.0,0.0,2
2023-05-11 09:58:39,j2308,j2308,2247.5,0.0,0.0,0.0,1,2173.0,2201.0,1,2247.5,0.0,0.0,0.0,0.0,0.0,2
2023-05-11 09:58:39,j2308,j2308,2247.5,0.0,0.0,0.0,1,2173.0,2201.5,1,2247.5,0.0,0.0,0.0,0.0,0.0,2
2023-05-11 09:58:40,j2308,j2308,2247.5,0.0,0.0,0.0,1,2173.0,2201.0,1,2247.5,0.0,0.0,0.0,0.0,0.0,2
2023-05-11 09:58:41,j2308,j2308,2247.5,0.0,0.0,0.0,1,2173.0,2201.5,1,2247.5,0.0,0.0,0.0,0.0,0.0,2
2023-05-11 09:58:41,j2308,j2308,2247.5,0.0,0.0,0.0,1,2173.0,2201.0,1,2247.5,0.0,0.0,0.0,0.0,0.0,2
2023-05-11 09:58:42,j2308,j2308,2247.5,0.0,0.0,0.0,1,2173.0,2201.5,1,2247.5,0.0,0.0,0.0,0.0,0.0,2
2023-05-11 09:59:05,j2308,j2308,2247.5,0.0,0.0,0.0,1,2173.0,2201.0,1,2247.5,0.0,0.0,0.0,0.0,0.0,2
2023-05-11 09:59:54,j2308,j2308,2247.5,0.0,0.0,0.0,1,2173.0,2200.5,1,2247.5,0.0,0.0,0.0,0.0,0.0,2
2023-05-11 09:59:54,j2308,j2308,2247.5,0.0,0.0,0.0,1,2173.0,2199.5,1,2247.5,0.0,0.0,0.0,0.0,0.0,2
2023-05-11 10:00:37,j2308,j2308,2247.5,0.0,0.0,0.0,1,2173.0,2199.0,1,2247.5,0.0,0.0,0.0,0.0,0.0,2
2023-05-11 10:00:37,j2308,j2308,2247.5,0.0,0.0,0.0,1,2173.0,2198.0,1,2247.5,0.0,0.0,0.0,0.0,0.0,2
2023-05-11 10:01:20,j2308,j2308,2247.5,0.0,0.0,0.0,1,2173.0,2197.5,1,2247.5,0.0,0.0,0.0,0.0,0.0,2
2023-05-11 10:01:20,j2308,j2308,2247.5,0.0,0.0,0.0,1,2173.0,2196.5,1,2247.5,0.0,0.0,0.0,0.0,0.0,2
2023-05-11 10:02:03,j2308,j2308,2247.5,0.0,0.0,0.0,1,2173.0,2196.0,1,2247.5,0.0,0.0,0.0,0.0,0.0,2
2023-05-11 10:02:03,j2308,j2308,2247.5,0.0,0.0,0.0,1,2173.0,2195.0,1,2247.5,0.0,0.0,0.0,0.0,0.0,2
2023-05-11 10:02:14,j2308,j2308,2247.5,0.0,0.0,0.0,1,2173.0,2196.0,1,2247.5,0.0,0.0,0.0,0.0,0.0,2
2023-05-11 10:02:14,j2308,j2308,2247.5,0.0,0.0,0.0,1,2173.0,2195.5,1,2247.5,0.0,0.0,0.0,0.0,0.0,2
2023-05-11 10:03:00,j2308,j2308,2247.5,0.0,0.0,0.0,1,2173.0,2347.0,1,2247.5,0.0,0.0,0.0,0.0,0.0,2
2023-05-11 10:03:00,j2308,j2308,2247.5,0.0,0.0,0.0,1,2173.0,2205.5,1,2247.5,0.0,0.0,0.0,0.0,0.0,2
2023-05-11 10:03:29,j2308,j2308,2247.5,0.0,0.0,0.0,1,2173.0,2205.0,1,2247.5,0.0,0.0,0.0,0.0,0.0,2
2023-05-11 10:03:29,j2308,j2308,2247.5,0.0,0.0,0.0,1,2173.0,2204.0,1,2247.5,0.0,0.0,0.0,0.0,0.0,2
2023-05-11 10:04:13,j2308,j2308,2247.5,0.0,0.0,0.0,1,2173.0,2203.5,1,2247.5,0.0,0.0,0.0,0.0,0.0,2
2023-05-11 10:04:14,j2308,j2308,2247.5,0.0,0.0,0.0,1,2173.0,2201.5,1,2247.5,0.0,0.0,0.0,0.0,0.0,2
2023-05-11 10:04:57,j2308,j2308,2247.5,0.0,0.0,0.0,1,2173.0,2201.0,1,2247.5,0.0,0.0,0.0,0.0,0.0,2
2023-05-11 10:04:58,j2308,j2308,2247.5,0.0,0.0,0.0,1,2173.0,2199.0,1,2247.5,0.0,0.0,0.0,0.0,0.0,2
2023-05-11 10:05:39,j2308,j2308,2247.5,0.0,0.0,0.0,1,2173.0,2198.5,1,2247.5,0.0,0.0,0.0,0.0,0.0,2
2023-05-11 10:05:40,j2308,j2308,2247.5,0.0,0.0,0.0,1,2173.0,2197.5,1,2247.5,0.0,0.0,0.0,0.0,0.0,2
2023-05-11 10:06:09,j2308,j2308,2247.5,0.0,0.0,0.0,1,2173.0,2198.5,1,2247.5,0.0,0.0,0.0,0.0,0.0,2
2023-05-11 10:06:09,j2308,j2308,2247.5,0.0,0.0,0.0,1,2173.0,2198.0,1,2247.5,0.0,0.0,0.0,0.0,0.0,2
2023-05-11 10:06:12,j2308,j2308,2247.5,0.0,0.0,0.0,1,2173.0,2198.5,1,2247.5,0.0,0.0,0.0,0.0,0.0,2
2023-05-11 10:06:13,j2308,j2308,2247.5,0.0,0.0,0.0,1,2173.0,2198.0,1,2247.5,0.0,0.0,0.0,0.0,0.0,2
2023-05-11 10:06:21,j2308,j2308,2247.5,0.0,0.0,0.0,1,2173.0,2198.5,1,2247.5,0.0,0.0,0.0,0.0,0.0,2
2023-05-11 10:06:25,j2308,j2308,2247.5,0.0,0.0,0.0,1,2173.0,2198.0,1,2247.5,0.0,0.0,0.0,0.0,0.0,2
2023-05-11 10:06:27,j2308,j2308,2247.5,0.0,0.0,0.0,1,2173.0,2198.5,1,2247.5,0.0,0.0,0.0,0.0,0.0,2
2023-05-11 10:06:28,j2308,j2308,2247.5,0.0,0.0,0.0,1,2173.0,2198.0,1,2247.5,0.0,0.0,0.0,0.0,0.0,2
2023-05-11 10:06:30,j2308,j2308,2247.5,0.0,0.0,0.0,1,2173.0,2198.5,1,2247.5,0.0,0.0,0.0,0.0,0.0,2
2023-05-11 10:06:31,j2308,j2308,2247.5,0.0,0.0,0.0,1,2173.0,2198.0,1,2247.5,0.0,0.0,0.0,0.0,0.0,2
2023-05-11 10:06:32,j2308,j2308,2247.5,0.0,0.0,0.0,1,2173.0,2198.5,1,2247.5,0.0,0.0,0.0,0.0,0.0,2
2023-05-11 10:06:33,j2308,j2308,2247.5,0.0,0.0,0.0,1,2173.0,2198.0,1,2247.5,0.0,0.0,0.0,0.0,0.0,2
2023-05-11 10:06:34,j2308,j2308,2247.5,0.0,0.0,0.0,1,2173.0,2198.5,1,2247.5,0.0,0.0,0.0,0.0,0.0,2
2023-05-11 10:07:38,j2308,j2308,2247.5,0.0,0.0,0.0,1,2173.0,2198.0,1,2247.5,0.0,0.0,0.0,0.0,0.0,2
2023-05-11 10:08:30,j2308,j2308,2247.5,0.0,0.0,0.0,1,2173.0,2197.5,1,2247.5,0.0,0.0,0.0,0.0,0.0,2
2023-05-11 10:08:31,j2308,j2308,2247.5,0.0,0.0,0.0,1,2173.0,2197.0,1,2247.5,0.0,0.0,0.0,0.0,0.0,2
2023-05-11 10:09:14,j2308,j2308,2247.5,0.0,0.0,0.0,1,2173.0,2196.5,1,2247.5,0.0,0.0,0.0,0.0,0.0,2
2023-05-11 10:09:15,j2308,j2308,2247.5,0.0,0.0,0.0,1,2173.0,2196.0,1,2247.5,0.0,0.0,0.0,0.0,0.0,2
2023-05-11 10:09:46,j2308,j2308,2247.5,0.0,0.0,0.0,1,2173.0,2196.5,1,2247.5,0.0,0.0,0.0,0.0,0.0,2
2023-05-11 10:09:47,j2308,j2308,2247.5,0.0,0.0,0.0,1,2173.0,2196.0,1,2247.5,0.0,0.0,0.0,0.0,0.0,2
2023-05-11 10:09:58,j2308,j2308,2247.5,0.0,0.0,0.0,1,2173.0,2195.5,1,2247.5,0.0,0.0,0.0,0.0,0.0,2
2023-05-11 10:10:01,j2308,j2308,2247.5,0.0,0.0,0.0,1,2173.0,2195.0,1,2247.5,0.0,0.0,0.0,0.0,0.0,2
2023-05-11 10:10:04,j2308,j2308,2247.5,0.0,0.0,0.0,1,2173.0,2195.5,1,2247.5,0.0,0.0,0.0,0.0,0.0,2
2023-05-11 10:30:43,j2308,j2308,2247.5,0.0,0.0,0.0,1,2173.0,2327.0,1,2247.5,0.0,0.0,0.0,0.0,0.0,2
2023-05-11 10:30:44,j2308,j2308,2247.5,0.0,0.0,0.0,1,2173.0,2217.5,1,2247.5,0.0,0.0,0.0,0.0,0.0,2
2023-05-11 10:30:48,j2308,j2308,2247.5,0.0,0.0,0.0,1,2173.0,2217.0,1,2247.5,0.0,0.0,0.0,0.0,0.0,2
2023-05-11 10:30:49,j2308,j2308,2247.5,0.0,0.0,0.0,1,2173.0,2215.0,1,2247.5,0.0,0.0,0.0,0.0,0.0,2
2023-05-11 10:31:31,j2308,j2308,2247.5,0.0,0.0,0.0,1,2173.0,2214.5,1,2247.5,0.0,0.0,0.0,0.0,0.0,2
2023-05-11 10:31:31,j2308,j2308,2247.5,0.0,0.0,0.0,1,2173.0,2213.5,1,2247.5,0.0,0.0,0.0,0.0,0.0,2
2023-05-11 10:32:14,j2308,j2308,2247.5,0.0,0.0,0.0,1,2173.0,2213.0,1,2247.5,0.0,0.0,0.0,0.0,0.0,2
2023-05-11 10:32:15,j2308,j2308,2247.5,0.0,0.0,0.0,1,2173.0,2211.0,1,2247.5,0.0,0.0,0.0,0.0,0.0,2
2023-05-11 10:32:56,j2308,j2308,2247.5,0.0,0.0,0.0,1,2173.0,2210.5,1,2247.5,0.0,0.0,0.0,0.0,0.0,2
2023-05-11 10:32:57,j2308,j2308,2247.5,0.0,0.0,0.0,1,2173.0,2209.5,1,2247.5,0.0,0.0,0.0,0.0,0.0,2
2023-05-11 10:33:39,j2308,j2308,2247.5,0.0,0.0,0.0,1,2173.0,2209.0,1,2247.5,0.0,0.0,0.0,0.0,0.0,2
2023-05-11 10:33:39,j2308,j2308,2247.5,0.0,0.0,0.0,1,2173.0,2208.0,1,2247.5,0.0,0.0,0.0,0.0,0.0,2
2023-05-11 10:34:21,j2308,j2308,2247.5,0.0,0.0,0.0,1,2173.0,2207.5,1,2247.5,0.0,0.0,0.0,0.0,0.0,2
2023-05-11 10:34:22,j2308,j2308,2247.5,0.0,0.0,0.0,1,2173.0,2205.5,1,2247.5,0.0,0.0,0.0,0.0,0.0,2
2023-05-11 10:35:03,j2308,j2308,2247.5,0.0,0.0,0.0,1,2173.0,2205.0,1,2247.5,0.0,0.0,0.0,0.0,0.0,2
2023-05-11 10:35:04,j2308,j2308,2247.5,0.0,0.0,0.0,1,2173.0,2204.5,1,2247.5,0.0,0.0,0.0,0.0,0.0,2
2023-05-11 10:35:46,j2308,j2308,2247.5,0.0,0.0,0.0,1,2173.0,2204.0,1,2247.5,0.0,0.0,0.0,0.0,0.0,2
2023-05-11 10:35:49,j2308,j2308,2247.5,0.0,0.0,0.0,1,2173.0,2203.5,1,2247.5,0.0,0.0,0.0,0.0,0.0,2
2023-05-11 10:36:15,j2308,j2308,2247.5,0.0,0.0,0.0,1,2173.0,2204.0,1,2247.5,0.0,0.0,0.0,0.0,0.0,2
2023-05-11 10:37:08,j2308,j2308,2247.5,0.0,0.0,0.0,1,2173.0,2203.5,1,2247.5,0.0,0.0,0.0,0.0,0.0,2
2023-05-11 10:37:10,j2308,j2308,2247.5,0.0,0.0,0.0,1,2173.0,2204.0,1,2247.5,0.0,0.0,0.0,0.0,0.0,2
2023-05-11 10:37:16,j2308,j2308,2247.5,0.0,0.0,0.0,1,2173.0,2203.5,1,2247.5,0.0,0.0,0.0,0.0,0.0,2
2023-05-11 10:37:47,j2308,j2308,2247.5,0.0,0.0,0.0,1,2173.0,2204.0,1,2247.5,0.0,0.0,0.0,0.0,0.0,2
2023-05-11 10:37:48,j2308,j2308,2247.5,0.0,0.0,0.0,1,2173.0,2203.5,1,2247.5,0.0,0.0,0.0,0.0,0.0,2
2023-05-11 10:37:52,j2308,j2308,2247.5,0.0,0.0,0.0,1,2173.0,2204.0,1,2247.5,0.0,0.0,0.0,0.0,0.0,2
2023-05-11 10:37:54,j2308,j2308,2247.5,0.0,0.0,0.0,1,2173.0,2203.5,1,2247.5,0.0,0.0,0.0,0.0,0.0,2
2023-05-11 10:38:03,j2308,j2308,2247.5,0.0,0.0,0.0,1,2173.0,2204.0,1,2247.5,0.0,0.0,0.0,0.0,0.0,2
2023-05-11 10:38:16,j2308,j2308,2247.5,0.0,0.0,0.0,1,2173.0,2203.5,1,2247.5,0.0,0.0,0.0,0.0,0.0,2
2023-05-11 10:38:18,j2308,j2308,2247.5,0.0,0.0,0.0,1,2173.0,2204.0,1,2247.5,0.0,0.0,0.0,0.0,0.0,2
2023-05-11 10:38:23,j2308,j2308,2247.5,0.0,0.0,0.0,1,2173.0,2203.5,1,2247.5,0.0,0.0,0.0,0.0,0.0,2
2023-05-11 10:38:34,j2308,j2308,2247.5,0.0,0.0,0.0,1,2173.0,2204.0,1,2247.5,0.0,0.0,0.0,0.0,0.0,2
2023-05-11 10:38:37,j2308,j2308,2247.5,0.0,0.0,0.0,1,2173.0,2203.5,1,2247.5,0.0,0.0,0.0,0.0,0.0,2
2023-05-11 10:38:40,j2308,j2308,2247.5,0.0,0.0,0.0,1,2173.0,2204.0,1,2247.5,0.0,0.0,0.0,0.0,0.0,2
2023-05-11 10:38:42,j2308,j2308,2247.5,0.0,0.0,0.0,1,2173.0,2203.5,1,2247.5,0.0,0.0,0.0,0.0,0.0,2
2023-05-11 10:38:56,j2308,j2308,2247.5,0.0,0.0,0.0,1,2173.0,2204.0,1,2247.5,0.0,0.0,0.0,0.0,0.0,2
2023-05-11 10:40:10,j2308,j2308,2247.5,0.0,0.0,0.0,1,2173.0,2203.5,1,2247.5,0.0,0.0,0.0,0.0,0.0,2
2023-05-11 10:41:27,j2308,j2308,2247.5,0.0,0.0,0.0,1,2173.0,2203.0,1,2247.5,0.0,0.0,0.0,0.0,0.0,2
2023-05-11 10:41:28,j2308,j2308,2247.5,0.0,0.0,0.0,1,2173.0,2202.0,1,2247.5,0.0,0.0,0.0,0.0,0.0,2
2023-05-11 10:42:11,j2308,j2308,2247.5,0.0,0.0,0.0,1,2173.0,2201.5,1,2247.5,0.0,0.0,0.0,0.0,0.0,2
2023-05-11 10:42:12,j2308,j2308,2247.5,0.0,0.0,0.0,1,2173.0,2200.5,1,2247.5,0.0,0.0,0.0,0.0,0.0,2
2023-05-11 10:42:33,j2308,j2308,2247.5,0.0,0.0,0.0,1,2173.0,2201.5,1,2247.5,0.0,0.0,0.0,0.0,0.0,2
2023-05-11 10:42:34,j2308,j2308,2247.5,0.0,0.0,0.0,1,2173.0,2201.0,1,2247.5,0.0,0.0,0.0,0.0,0.0,2
2023-05-11 10:42:55,j2308,j2308,2247.5,0.0,0.0,0.0,1,2173.0,2200.5,1,2247.5,0.0,0.0,0.0,0.0,0.0,2
2023-05-11 10:42:56,j2308,j2308,2247.5,0.0,0.0,0.0,1,2173.0,2200.0,1,2247.5,0.0,0.0,0.0,0.0,0.0,2
2023-05-11 10:43:39,j2308,j2308,2247.5,0.0,0.0,0.0,1,2173.0,2199.5,1,2247.5,0.0,0.0,0.0,0.0,0.0,2
2023-05-11 10:43:40,j2308,j2308,2247.5,0.0,0.0,0.0,1,2173.0,2199.0,1,2247.5,0.0,0.0,0.0,0.0,0.0,2
2023-05-11 10:43:42,j2308,j2308,2247.5,0.0,0.0,0.0,1,2173.0,2199.5,1,2247.5,0.0,0.0,0.0,0.0,0.0,2
2023-05-11 10:44:05,j2308,j2308,2247.5,0.0,0.0,0.0,1,2173.0,2199.0,1,2247.5,0.0,0.0,0.0,0.0,0.0,2
2023-05-11 10:44:54,j2308,j2308,2247.5,0.0,0.0,0.0,1,2173.0,2327.0,1,2247.5,0.0,0.0,0.0,0.0,0.0,2
2023-05-11 10:44:55,j2308,j2308,2247.5,0.0,0.0,0.0,1,2173.0,2208.0,1,2247.5,0.0,0.0,0.0,0.0,0.0,2
2023-05-11 10:45:04,j2308,j2308,2247.5,0.0,0.0,0.0,1,2173.0,2207.5,1,2247.5,0.0,0.0,0.0,0.0,0.0,2
2023-05-11 10:45:05,j2308,j2308,2247.5,0.0,0.0,0.0,1,2173.0,2205.5,1,2247.5,0.0,0.0,0.0,0.0,0.0,2
2023-05-11 10:45:46,j2308,j2308,2247.5,0.0,0.0,0.0,1,2173.0,2205.0,1,2247.5,0.0,0.0,0.0,0.0,0.0,2
2023-05-11 10:45:47,j2308,j2308,2247.5,0.0,0.0,0.0,1,2173.0,2203.0,1,2247.5,0.0,0.0,0.0,0.0,0.0,2
2023-05-11 10:46:30,j2308,j2308,2247.5,0.0,0.0,0.0,1,2173.0,2202.5,1,2247.5,0.0,0.0,0.0,0.0,0.0,2
2023-05-11 10:46:30,j2308,j2308,2247.5,0.0,0.0,0.0,1,2173.0,2202.0,1,2247.5,0.0,0.0,0.0,0.0,0.0,2
2023-05-11 10:47:14,j2308,j2308,2247.5,0.0,0.0,0.0,1,2173.0,2201.5,1,2247.5,0.0,0.0,0.0,0.0,0.0,2
2023-05-11 10:47:14,j2308,j2308,2247.5,0.0,0.0,0.0,1,2173.0,2200.5,1,2247.5,0.0,0.0,0.0,0.0,0.0,2
2023-05-11 10:47:57,j2308,j2308,2247.5,0.0,0.0,0.0,1,2173.0,2200.0,1,2247.5,0.0,0.0,0.0,0.0,0.0,2
2023-05-11 10:47:58,j2308,j2308,2247.5,0.0,0.0,0.0,1,2173.0,2199.0,1,2247.5,0.0,0.0,0.0,0.0,0.0,2
2023-05-11 10:48:22,j2308,j2308,2247.5,0.0,0.0,0.0,1,2173.0,2200.0,1,2247.5,0.0,0.0,0.0,0.0,0.0,2
2023-05-11 10:48:22,j2308,j2308,2247.5,0.0,0.0,0.0,1,2173.0,2199.5,1,2247.5,0.0,0.0,0.0,0.0,0.0,2
2023-05-11 10:49:16,j2308,j2308,2247.5,0.0,0.0,0.0,1,2173.0,2324.0,1,2247.5,0.0,0.0,0.0,0.0,0.0,2
2023-05-11 10:49:17,j2308,j2308,2247.5,0.0,0.0,0.0,1,2173.0,2209.5,1,2247.5,0.0,0.0,0.0,0.0,0.0,2
2023-05-11 10:49:24,j2308,j2308,2247.5,0.0,0.0,0.0,1,2173.0,2209.0,1,2247.5,0.0,0.0,0.0,0.0,0.0,2
2023-05-11 10:49:25,j2308,j2308,2247.5,0.0,0.0,0.0,1,2173.0,2207.0,1,2247.5,0.0,0.0,0.0,0.0,0.0,2
2023-05-11 10:50:07,j2308,j2308,2247.5,0.0,0.0,0.0,1,2173.0,2206.5,1,2247.5,0.0,0.0,0.0,0.0,0.0,2
2023-05-11 10:50:07,j2308,j2308,2247.5,0.0,0.0,0.0,1,2173.0,2204.5,1,2247.5,0.0,0.0,0.0,0.0,0.0,2
2023-05-11 10:50:49,j2308,j2308,2247.5,0.0,0.0,0.0,1,2173.0,2204.0,1,2247.5,0.0,0.0,0.0,0.0,0.0,2
2023-05-11 10:50:49,j2308,j2308,2247.5,0.0,0.0,0.0,1,2173.0,2202.0,1,2247.5,0.0,0.0,0.0,0.0,0.0,2
2023-05-11 10:51:34,j2308,j2308,2247.5,0.0,0.0,0.0,1,2173.0,2201.5,1,2247.5,0.0,0.0,0.0,0.0,0.0,2
2023-05-11 10:51:35,j2308,j2308,2247.5,0.0,0.0,0.0,1,2173.0,2200.5,1,2247.5,0.0,0.0,0.0,0.0,0.0,2
2023-05-11 10:52:18,j2308,j2308,2247.5,0.0,0.0,0.0,1,2173.0,2200.0,1,2247.5,0.0,0.0,0.0,0.0,0.0,2
2023-05-11 10:52:19,j2308,j2308,2247.5,0.0,0.0,0.0,1,2173.0,2199.5,1,2247.5,0.0,0.0,0.0,0.0,0.0,2
2023-05-11 10:52:29,j2308,j2308,2247.5,0.0,0.0,0.0,1,2173.0,2200.0,1,2247.5,0.0,0.0,0.0,0.0,0.0,2
2023-05-11 10:52:42,j2308,j2308,2247.5,0.0,0.0,0.0,1,2173.0,2199.5,1,2247.5,0.0,0.0,0.0,0.0,0.0,2
2023-05-11 10:52:43,j2308,j2308,2247.5,0.0,0.0,0.0,1,2173.0,2200.0,1,2247.5,0.0,0.0,0.0,0.0,0.0,2
2023-05-11 10:52:46,j2308,j2308,2247.5,0.0,0.0,0.0,1,2173.0,2199.5,1,2247.5,0.0,0.0,0.0,0.0,0.0,2
2023-05-11 10:52:46,j2308,j2308,2247.5,0.0,0.0,0.0,1,2173.0,2200.0,1,2247.5,0.0,0.0,0.0,0.0,0.0,2
2023-05-11 10:53:01,j2308,j2308,2247.5,0.0,0.0,0.0,1,2173.0,2199.5,1,2247.5,0.0,0.0,0.0,0.0,0.0,2
2023-05-11 10:53:14,j2308,j2308,2247.5,0.0,0.0,0.0,1,2173.0,2200.0,1,2247.5,0.0,0.0,0.0,0.0,0.0,2
2023-05-11 10:53:15,j2308,j2308,2247.5,0.0,0.0,0.0,1,2173.0,2199.5,1,2247.5,0.0,0.0,0.0,0.0,0.0,2
2023-05-11 10:53:15,j2308,j2308,2247.5,0.0,0.0,0.0,1,2173.0,2200.0,1,2247.5,0.0,0.0,0.0,0.0,0.0,2
2023-05-11 10:56:15,j2308,j2308,2247.5,0.0,0.0,0.0,1,2173.0,2199.5,1,2247.5,0.0,0.0,0.0,0.0,0.0,2
2023-05-11 10:56:33,j2308,j2308,2247.5,0.0,0.0,0.0,1,2173.0,2200.0,1,2247.5,0.0,0.0,0.0,0.0,0.0,2
2023-05-11 10:57:13,j2308,j2308,2247.5,0.0,0.0,0.0,1,2173.0,2199.5,1,2247.5,0.0,0.0,0.0,0.0,0.0,2
2023-05-11 10:58:00,j2308,j2308,2247.5,0.0,0.0,0.0,1,2173.0,2199.0,1,2247.5,0.0,0.0,0.0,0.0,0.0,2
2023-05-11 10:58:33,j2308,j2308,2247.5,0.0,0.0,0.0,1,2173.0,2198.5,1,2247.5,0.0,0.0,0.0,0.0,0.0,2
2023-05-11 10:58:38,j2308,j2308,2247.5,0.0,0.0,0.0,1,2173.0,2199.0,1,2247.5,0.0,0.0,0.0,0.0,0.0,2
2023-05-11 10:58:43,j2308,j2308,2247.5,0.0,0.0,0.0,1,2173.0,2198.5,1,2247.5,0.0,0.0,0.0,0.0,0.0,2
2023-05-11 10:58:56,j2308,j2308,2247.5,0.0,0.0,0.0,1,2173.0,2199.0,1,2247.5,0.0,0.0,0.0,0.0,0.0,2
2023-05-11 10:58:58,j2308,j2308,2247.5,0.0,0.0,0.0,1,2173.0,2198.5,1,2247.5,0.0,0.0,0.0,0.0,0.0,2
2023-05-11 10:59:06,j2308,j2308,2247.5,0.0,0.0,0.0,1,2173.0,2199.0,1,2247.5,0.0,0.0,0.0,0.0,0.0,2
2023-05-11 11:02:08,j2308,j2308,2247.5,0.0,0.0,0.0,1,2175.5,2199.0,1,2247.5,0.0,0.0,0.0,0.0,0.0,2
2023-05-11 11:02:08,j2308,j2308,2247.5,0.0,0.0,0.0,1,2023.0,2199.0,1,2247.5,0.0,0.0,0.0,0.0,0.0,2
2023-05-11 11:02:09,j2308,j2308,2247.5,0.0,0.0,0.0,1,2158.0,2199.0,1,2247.5,0.0,0.0,0.0,0.0,0.0,2
2023-05-11 11:02:09,j2308,j2308,2247.5,0.0,0.0,0.0,1,2160.5,2199.0,1,2247.5,0.0,0.0,0.0,0.0,0.0,2
2023-05-11 11:02:10,j2308,j2308,2247.5,0.0,0.0,0.0,1,2162.5,2199.0,1,2247.5,0.0,0.0,0.0,0.0,0.0,2
2023-05-11 11:02:10,j2308,j2308,2247.5,0.0,0.0,0.0,1,2165.0,2199.0,1,2247.5,0.0,0.0,0.0,0.0,0.0,2
2023-05-11 11:02:11,j2308,j2308,2247.5,0.0,0.0,0.0,1,2166.0,2199.0,1,2247.5,0.0,0.0,0.0,0.0,0.0,2
2023-05-11 11:02:11,j2308,j2308,2247.5,0.0,0.0,0.0,1,2168.5,2199.0,1,2247.5,0.0,0.0,0.0,0.0,0.0,2
2023-05-11 11:02:12,j2308,j2308,2247.5,0.0,0.0,0.0,1,2169.0,2199.0,1,2247.5,0.0,0.0,0.0,0.0,0.0,2
2023-05-11 11:02:12,j2308,j2308,2247.5,0.0,0.0,0.0,1,2171.5,2199.0,1,2247.5,0.0,0.0,0.0,0.0,0.0,2
2023-05-11 11:02:13,j2308,j2308,2247.5,0.0,0.0,0.0,1,2172.0,2199.0,1,2247.5,0.0,0.0,0.0,0.0,0.0,2
2023-05-11 11:02:14,j2308,j2308,2247.5,0.0,0.0,0.0,1,2174.5,2199.0,1,2247.5,0.0,0.0,0.0,0.0,0.0,2
2023-05-11 11:02:15,j2308,j2308,2247.5,0.0,0.0,0.0,1,2175.0,2199.0,1,2247.5,0.0,0.0,0.0,0.0,0.0,2
2023-05-11 11:03:00,j2308,j2308,2247.5,0.0,0.0,0.0,1,2175.0,2327.0,1,2247.5,0.0,0.0,0.0,0.0,0.0,2
2023-05-11 11:03:01,j2308,j2308,2247.5,0.0,0.0,0.0,1,2175.0,2220.5,1,2247.5,0.0,0.0,0.0,0.0,0.0,2
2023-05-11 11:03:05,j2308,j2308,2247.5,0.0,0.0,0.0,1,2175.0,2220.0,1,2247.5,0.0,0.0,0.0,0.0,0.0,2
2023-05-11 11:03:05,j2308,j2308,2247.5,0.0,0.0,0.0,1,2175.0,2218.0,1,2247.5,0.0,0.0,0.0,0.0,0.0,2
2023-05-11 11:03:41,j2308,j2308,2247.5,0.0,0.0,0.0,1,2177.5,2218.0,1,2247.5,0.0,0.0,0.0,0.0,0.0,2
2023-05-11 11:03:42,j2308,j2308,2247.5,0.0,0.0,0.0,1,2178.0,2218.0,1,2247.5,0.0,0.0,0.0,0.0,0.0,2
2023-05-11 11:03:49,j2308,j2308,2247.5,0.0,0.0,0.0,1,2178.0,2217.5,1,2247.5,0.0,0.0,0.0,0.0,0.0,2
2023-05-11 11:03:49,j2308,j2308,2247.5,0.0,0.0,0.0,1,2178.0,2216.5,1,2247.5,0.0,0.0,0.0,0.0,0.0,2
2023-05-11 11:04:33,j2308,j2308,2247.5,0.0,0.0,0.0,1,2178.0,2216.0,1,2247.5,0.0,0.0,0.0,0.0,0.0,2
2023-05-11 11:04:33,j2308,j2308,2247.5,0.0,0.0,0.0,1,2178.0,2215.0,1,2247.5,0.0,0.0,0.0,0.0,0.0,2
2023-05-11 11:05:15,j2308,j2308,2247.5,0.0,0.0,0.0,1,2180.5,2215.0,1,2247.5,0.0,0.0,0.0,0.0,0.0,2
2023-05-11 11:05:16,j2308,j2308,2247.5,0.0,0.0,0.0,1,2181.0,2214.5,1,2247.5,0.0,0.0,0.0,0.0,0.0,2
2023-05-11 11:06:04,j2308,j2308,2247.5,0.0,0.0,0.0,1,2181.0,2214.0,1,2247.5,0.0,0.0,0.0,0.0,0.0,2
2023-05-11 11:06:07,j2308,j2308,2247.5,0.0,0.0,0.0,1,2181.0,2214.5,1,2247.5,0.0,0.0,0.0,0.0,0.0,2
2023-05-11 11:06:08,j2308,j2308,2247.5,0.0,0.0,0.0,1,2181.0,2214.0,1,2247.5,0.0,0.0,0.0,0.0,0.0,2
2023-05-11 11:06:26,j2308,j2308,2247.5,0.0,0.0,0.0,1,2181.0,2214.5,1,2247.5,0.0,0.0,0.0,0.0,0.0,2
2023-05-11 11:06:27,j2308,j2308,2247.5,0.0,0.0,0.0,1,2181.0,2214.0,1,2247.5,0.0,0.0,0.0,0.0,0.0,2
2023-05-11 11:07:23,j2308,j2308,2247.5,0.0,0.0,0.0,1,2181.0,2213.5,1,2247.5,0.0,0.0,0.0,0.0,0.0,2
2023-05-11 11:07:23,j2308,j2308,2247.5,0.0,0.0,0.0,1,2181.0,2212.5,1,2247.5,0.0,0.0,0.0,0.0,0.0,2
2023-05-11 11:08:07,j2308,j2308,2247.5,0.0,0.0,0.0,1,2181.0,2212.0,1,2247.5,0.0,0.0,0.0,0.0,0.0,2
2023-05-11 11:08:08,j2308,j2308,2247.5,0.0,0.0,0.0,1,2181.0,2211.5,1,2247.5,0.0,0.0,0.0,0.0,0.0,2
2023-05-11 11:08:52,j2308,j2308,2247.5,0.0,0.0,0.0,1,2181.0,2211.0,1,2247.5,0.0,0.0,0.0,0.0,0.0,2
2023-05-11 11:08:52,j2308,j2308,2247.5,0.0,0.0,0.0,1,2181.0,2210.0,1,2247.5,0.0,0.0,0.0,0.0,0.0,2
2023-05-11 11:09:03,j2308,j2308,2247.5,0.0,0.0,0.0,1,2181.0,2211.0,1,2247.5,0.0,0.0,0.0,0.0,0.0,2
2023-05-11 11:09:04,j2308,j2308,2247.5,0.0,0.0,0.0,1,2181.0,2210.5,1,2247.5,0.0,0.0,0.0,0.0,0.0,2
2023-05-11 11:09:13,j2308,j2308,2247.5,0.0,0.0,0.0,1,2181.0,2211.0,1,2247.5,0.0,0.0,0.0,0.0,0.0,2
2023-05-11 11:09:18,j2308,j2308,2247.5,0.0,0.0,0.0,1,2181.0,2210.5,1,2247.5,0.0,0.0,0.0,0.0,0.0,2
2023-05-11 11:09:24,j2308,j2308,2247.5,0.0,0.0,0.0,1,2181.0,2211.0,1,2247.5,0.0,0.0,0.0,0.0,0.0,2
2023-05-11 11:13:52,j2308,j2308,2247.5,0.0,0.0,0.0,1,2181.0,2327.0,1,2247.5,0.0,0.0,0.0,0.0,0.0,2
2023-05-11 11:13:52,j2308,j2308,2247.5,0.0,0.0,0.0,1,2181.0,2226.5,1,2247.5,0.0,0.0,0.0,0.0,0.0,2
2023-05-11 11:13:54,j2308,j2308,2247.5,0.0,0.0,0.0,1,2181.0,2226.0,1,2247.5,0.0,0.0,0.0,0.0,0.0,2
2023-05-11 11:13:54,j2308,j2308,2247.5,0.0,0.0,0.0,1,2181.0,2224.0,1,2247.5,0.0,0.0,0.0,0.0,0.0,2
2023-05-11 11:14:25,j2308,j2308,2247.5,0.0,0.0,0.0,1,2183.5,2224.0,1,2247.5,0.0,0.0,0.0,0.0,0.0,2
2023-05-11 11:14:26,j2308,j2308,2247.5,0.0,0.0,0.0,1,2184.0,2224.0,1,2247.5,0.0,0.0,0.0,0.0,0.0,2
2023-05-11 11:14:37,j2308,j2308,2247.5,0.0,0.0,0.0,1,2184.0,2223.5,1,2247.5,0.0,0.0,0.0,0.0,0.0,2
2023-05-11 11:14:37,j2308,j2308,2247.5,0.0,0.0,0.0,1,2184.0,2222.5,1,2247.5,0.0,0.0,0.0,0.0,0.0,2
2023-05-11 11:15:21,j2308,j2308,2247.5,0.0,0.0,0.0,1,2184.0,2222.0,1,2247.5,0.0,0.0,0.0,0.0,0.0,2
2023-05-11 11:15:21,j2308,j2308,2247.5,0.0,0.0,0.0,1,2184.0,2220.0,1,2247.5,0.0,0.0,0.0,0.0,0.0,2
2023-05-11 11:16:04,j2308,j2308,2247.5,0.0,0.0,0.0,1,2184.0,2219.5,1,2247.5,0.0,0.0,0.0,0.0,0.0,2
2023-05-11 11:16:04,j2308,j2308,2247.5,0.0,0.0,0.0,1,2184.0,2219.0,1,2247.5,0.0,0.0,0.0,0.0,0.0,2
2023-05-11 11:16:47,j2308,j2308,2247.5,0.0,0.0,0.0,1,2184.0,2218.5,1,2247.5,0.0,0.0,0.0,0.0,0.0,2
2023-05-11 11:16:48,j2308,j2308,2247.5,0.0,0.0,0.0,1,2184.0,2216.5,1,2247.5,0.0,0.0,0.0,0.0,0.0,2
2023-05-11 11:17:08,j2308,j2308,2247.5,0.0,0.0,0.0,1,2184.0,2218.5,1,2247.5,0.0,0.0,0.0,0.0,0.0,2
2023-05-11 11:17:08,j2308,j2308,2247.5,0.0,0.0,0.0,1,2184.0,2218.0,1,2247.5,0.0,0.0,0.0,0.0,0.0,2
2023-05-11 11:17:30,j2308,j2308,2247.5,0.0,0.0,0.0,1,2184.0,2217.5,1,2247.5,0.0,0.0,0.0,0.0,0.0,2
2023-05-11 11:17:30,j2308,j2308,2247.5,0.0,0.0,0.0,1,2184.0,2217.0,1,2247.5,0.0,0.0,0.0,0.0,0.0,2
2023-05-11 11:17:33,j2308,j2308,2247.5,0.0,0.0,0.0,1,2184.0,2217.5,1,2247.5,0.0,0.0,0.0,0.0,0.0,2
2023-05-11 11:17:39,j2308,j2308,2247.5,0.0,0.0,0.0,1,2184.0,2217.0,1,2247.5,0.0,0.0,0.0,0.0,0.0,2
2023-05-11 11:17:40,j2308,j2308,2247.5,0.0,0.0,0.0,1,2184.0,2217.5,1,2247.5,0.0,0.0,0.0,0.0,0.0,2
2023-05-11 11:18:08,j2308,j2308,2247.5,0.0,0.0,0.0,1,2186.5,2217.5,1,2247.5,0.0,0.0,0.0,0.0,0.0,2
2023-05-11 11:18:09,j2308,j2308,2247.5,0.0,0.0,0.0,1,2187.0,2217.5,1,2247.5,0.0,0.0,0.0,0.0,0.0,2
2023-05-11 11:18:32,j2308,j2308,2247.5,0.0,0.0,0.0,1,2189.5,2217.5,1,2247.5,0.0,0.0,0.0,0.0,0.0,2
2023-05-11 11:18:33,j2308,j2308,2247.5,0.0,0.0,0.0,1,2190.0,2217.5,1,2247.5,0.0,0.0,0.0,0.0,0.0,2
2023-05-11 11:18:39,j2308,j2308,2247.5,0.0,0.0,0.0,1,2192.5,2217.5,1,2247.5,0.0,0.0,0.0,0.0,0.0,2
2023-05-11 11:18:39,j2308,j2308,2247.5,0.0,0.0,0.0,1,2023.0,2217.5,1,2247.5,0.0,0.0,0.0,0.0,0.0,2
2023-05-11 11:18:40,j2308,j2308,2247.5,0.0,0.0,0.0,1,2175.5,2217.5,1,2247.5,0.0,0.0,0.0,0.0,0.0,2
2023-05-11 11:18:40,j2308,j2308,2247.5,0.0,0.0,0.0,1,2178.0,2217.5,1,2247.5,0.0,0.0,0.0,0.0,0.0,2
2023-05-11 11:18:41,j2308,j2308,2247.5,0.0,0.0,0.0,1,2180.0,2217.5,1,2247.5,0.0,0.0,0.0,0.0,0.0,2
2023-05-11 11:18:41,j2308,j2308,2247.5,0.0,0.0,0.0,1,2182.5,2217.5,1,2247.5,0.0,0.0,0.0,0.0,0.0,2
2023-05-11 11:18:42,j2308,j2308,2247.5,0.0,0.0,0.0,1,2184.5,2217.5,1,2247.5,0.0,0.0,0.0,0.0,0.0,2
2023-05-11 11:18:42,j2308,j2308,2247.5,0.0,0.0,0.0,1,2187.0,2217.5,1,2247.5,0.0,0.0,0.0,0.0,0.0,2
2023-05-11 11:18:43,j2308,j2308,2247.5,0.0,0.0,0.0,1,2187.5,2217.5,1,2247.5,0.0,0.0,0.0,0.0,0.0,2
2023-05-11 11:18:43,j2308,j2308,2247.5,0.0,0.0,0.0,1,2190.0,2217.5,1,2247.5,0.0,0.0,0.0,0.0,0.0,2
2023-05-11 11:18:44,j2308,j2308,2247.5,0.0,0.0,0.0,1,2190.5,2217.5,1,2247.5,0.0,0.0,0.0,0.0,0.0,2
2023-05-11 11:19:24,j2308,j2308,2247.5,0.0,0.0,0.0,1,2193.0,2217.5,1,2247.5,0.0,0.0,0.0,0.0,0.0,2
2023-05-11 11:19:26,j2308,j2308,2247.5,0.0,0.0,0.0,1,2193.5,2217.5,1,2247.5,0.0,0.0,0.0,0.0,0.0,2
2023-05-11 11:19:54,j2308,j2308,2247.5,0.0,0.0,0.0,1,2196.0,2217.5,1,2247.5,0.0,0.0,0.0,0.0,0.0,2
2023-05-11 11:19:55,j2308,j2308,2247.5,0.0,0.0,0.0,1,2196.5,2217.5,1,2247.5,0.0,0.0,0.0,0.0,0.0,2
2023-05-11 11:22:31,j2308,j2308,2247.5,0.0,0.0,0.0,1,2196.5,2324.0,1,2247.5,0.0,0.0,0.0,0.0,0.0,2
2023-05-11 11:22:31,j2308,j2308,2247.5,0.0,0.0,0.0,1,2196.5,2236.0,1,2247.5,0.0,0.0,0.0,0.0,0.0,2
2023-05-11 11:23:09,j2308,j2308,2247.5,0.0,0.0,0.0,1,2196.5,2235.5,1,2247.5,0.0,0.0,0.0,0.0,0.0,2
2023-05-11 11:23:10,j2308,j2308,2247.5,0.0,0.0,0.0,1,2196.5,2233.5,1,2247.5,0.0,0.0,0.0,0.0,0.0,2
2023-05-11 11:23:52,j2308,j2308,2247.5,0.0,0.0,0.0,1,2196.5,2233.0,1,2247.5,0.0,0.0,0.0,0.0,0.0,2
2023-05-11 11:23:52,j2308,j2308,2247.5,0.0,0.0,0.0,1,2196.5,2231.0,1,2247.5,0.0,0.0,0.0,0.0,0.0,2
2023-05-11 11:24:35,j2308,j2308,2247.5,0.0,0.0,0.0,1,2196.5,2230.5,1,2247.5,0.0,0.0,0.0,0.0,0.0,2
2023-05-11 11:24:35,j2308,j2308,2247.5,0.0,0.0,0.0,1,2196.5,2230.0,1,2247.5,0.0,0.0,0.0,0.0,0.0,2
2023-05-11 11:25:21,j2308,j2308,2247.5,0.0,0.0,0.0,1,2196.5,2229.5,1,2247.5,0.0,0.0,0.0,0.0,0.0,2
2023-05-11 11:25:30,j2308,j2308,2247.5,0.0,0.0,0.0,1,2196.5,2229.0,1,2247.5,0.0,0.0,0.0,0.0,0.0,2
2023-05-11 11:25:43,j2308,j2308,2247.5,0.0,0.0,0.0,1,2196.5,2229.5,1,2247.5,0.0,0.0,0.0,0.0,0.0,2
2023-05-11 11:25:44,j2308,j2308,2247.5,0.0,0.0,0.0,1,2196.5,2229.0,1,2247.5,0.0,0.0,0.0,0.0,0.0,2
2023-05-11 11:25:44,j2308,j2308,2247.5,0.0,0.0,0.0,1,2196.5,2229.5,1,2247.5,0.0,0.0,0.0,0.0,0.0,2
2023-05-11 11:25:46,j2308,j2308,2247.5,0.0,0.0,0.0,1,2196.5,2229.0,1,2247.5,0.0,0.0,0.0,0.0,0.0,2
2023-05-11 11:25:49,j2308,j2308,2247.5,0.0,0.0,0.0,1,2196.5,2229.5,1,2247.5,0.0,0.0,0.0,0.0,0.0,2
2023-05-11 11:25:51,j2308,j2308,2247.5,0.0,0.0,0.0,1,2196.5,2229.0,1,2247.5,0.0,0.0,0.0,0.0,0.0,2
2023-05-11 11:25:56,j2308,j2308,2247.5,0.0,0.0,0.0,1,2196.5,2229.5,1,2247.5,0.0,0.0,0.0,0.0,0.0,2
2023-05-11 11:25:57,j2308,j2308,2247.5,0.0,0.0,0.0,1,2196.5,2229.0,1,2247.5,0.0,0.0,0.0,0.0,0.0,2
2023-05-11 11:26:03,j2308,j2308,2247.5,0.0,0.0,0.0,1,2196.5,2229.5,1,2247.5,0.0,0.0,0.0,0.0,0.0,2
2023-05-11 11:26:07,j2308,j2308,2247.5,0.0,0.0,0.0,1,2196.5,2229.0,1,2247.5,0.0,0.0,0.0,0.0,0.0,2
2023-05-11 11:26:47,j2308,j2308,2247.5,0.0,0.0,0.0,1,2196.5,2228.5,1,2247.5,0.0,0.0,0.0,0.0,0.0,2
2023-05-11 11:26:48,j2308,j2308,2247.5,0.0,0.0,0.0,1,2196.5,2228.0,1,2247.5,0.0,0.0,0.0,0.0,0.0,2
2023-05-11 11:26:53,j2308,j2308,2247.5,0.0,0.0,0.0,1,2196.5,2228.5,1,2247.5,0.0,0.0,0.0,0.0,0.0,2
2023-05-11 11:27:03,j2308,j2308,2247.5,0.0,0.0,0.0,1,2196.5,2228.0,1,2247.5,0.0,0.0,0.0,0.0,0.0,2
2023-05-11 11:28:12,j2308,j2308,2247.5,0.0,0.0,0.0,1,2196.5,2227.5,1,2247.5,0.0,0.0,0.0,0.0,0.0,2
2023-05-11 11:28:13,j2308,j2308,2247.5,0.0,0.0,0.0,1,2196.5,2227.0,1,2247.5,0.0,0.0,0.0,0.0,0.0,2
2023-05-11 11:28:55,j2308,j2308,2247.5,0.0,0.0,0.0,1,2196.5,2226.5,1,2247.5,0.0,0.0,0.0,0.0,0.0,2
2023-05-11 11:28:58,j2308,j2308,2247.5,0.0,0.0,0.0,1,2196.5,2226.0,1,2247.5,0.0,0.0,0.0,0.0,0.0,2
2023-05-11 11:28:58,j2308,j2308,2247.5,0.0,0.0,0.0,1,2196.5,2226.5,1,2247.5,0.0,0.0,0.0,0.0,0.0,2
2023-05-11 11:28:59,j2308,j2308,2247.5,0.0,0.0,0.0,1,2196.5,2226.0,1,2247.5,0.0,0.0,0.0,0.0,0.0,2
2023-05-11 11:29:01,j2308,j2308,2247.5,0.0,0.0,0.0,1,2196.5,2226.5,1,2247.5,0.0,0.0,0.0,0.0,0.0,2
2023-05-11 11:29:01,j2308,j2308,2247.5,0.0,0.0,0.0,1,2196.5,2226.0,1,2247.5,0.0,0.0,0.0,0.0,0.0,2
2023-05-11 11:29:02,j2308,j2308,2247.5,0.0,0.0,0.0,1,2196.5,2226.5,1,2247.5,0.0,0.0,0.0,0.0,0.0,2
2023-05-11 11:29:03,j2308,j2308,2247.5,0.0,0.0,0.0,1,2196.5,2226.0,1,2247.5,0.0,0.0,0.0,0.0,0.0,2
2023-05-11 11:29:29,j2308,j2308,2247.5,0.0,0.0,0.0,1,2196.5,2226.5,1,2247.5,0.0,0.0,0.0,0.0,0.0,2
2023-05-11 11:29:42,j2308,j2308,2247.5,0.0,0.0,0.0,1,2196.5,2327.0,1,2247.5,0.0,0.0,0.0,0.0,0.0,2
2023-05-11 11:29:43,j2308,j2308,2247.5,0.0,0.0,0.0,1,2196.5,2324.0,1,2247.5,0.0,0.0,0.0,0.0,0.0,2
2023-05-11 11:29:43,j2308,j2308,2247.5,0.0,0.0,0.0,1,2196.5,2323.5,2,2247.5,0.0,0.0,0.0,0.0,0.0,2
2023-05-11 11:29:44,j2308,j2308,2247.5,0.0,0.0,0.0,1,2196.5,2320.5,1,2247.5,0.0,0.0,0.0,0.0,0.0,2
2023-05-11 11:29:45,j2308,j2308,2247.5,0.0,0.0,0.0,1,2196.5,2320.0,3,2247.5,0.0,0.0,0.0,0.0,0.0,2
2023-05-11 11:29:45,j2308,j2308,2247.5,0.0,0.0,0.0,1,2196.5,2317.0,1,2247.5,0.0,0.0,0.0,0.0,0.0,2
2023-05-11 11:29:46,j2308,j2308,2247.5,0.0,0.0,0.0,1,2196.5,2316.5,2,2247.5,0.0,0.0,0.0,0.0,0.0,2
2023-05-11 11:29:46,j2308,j2308,2247.5,0.0,0.0,0.0,1,2196.5,2313.5,1,2247.5,0.0,0.0,0.0,0.0,0.0,2
2023-05-11 11:29:47,j2308,j2308,2247.5,0.0,0.0,0.0,1,2196.5,2313.0,2,2247.5,0.0,0.0,0.0,0.0,0.0,2
2023-05-11 11:29:48,j2308,j2308,2247.5,0.0,0.0,0.0,1,2196.5,2310.0,1,2247.5,0.0,0.0,0.0,0.0,0.0,2
2023-05-11 11:29:48,j2308,j2308,2247.5,0.0,0.0,0.0,1,2196.5,2309.5,2,2247.5,0.0,0.0,0.0,0.0,0.0,2
2023-05-11 11:29:49,j2308,j2308,2247.5,0.0,0.0,0.0,1,2196.5,2306.5,1,2247.5,0.0,0.0,0.0,0.0,0.0,2
2023-05-11 11:29:50,j2308,j2308,2247.5,0.0,0.0,0.0,1,1898.0,2306.5,1,2247.5,0.0,0.0,0.0,0.0,0.0,2
2023-05-11 11:29:51,j2308,j2308,2247.5,0.0,0.0,0.0,2,1898.5,2306.5,1,2247.5,0.0,0.0,0.0,0.0,0.0,2
2023-05-11 11:29:51,j2308,j2308,2247.5,0.0,0.0,0.0,1,1901.0,2306.5,1,2247.5,0.0,0.0,0.0,0.0,0.0,2
2023-05-11 11:29:52,j2308,j2308,2247.5,0.0,0.0,0.0,1,1902.0,2306.0,2,2247.5,0.0,0.0,0.0,0.0,0.0,2
2023-05-11 11:29:52,j2308,j2308,2247.5,0.0,0.0,0.0,1,1904.5,2303.0,1,2247.5,0.0,0.0,0.0,0.0,0.0,2
2023-05-11 11:29:53,j2308,j2308,2247.5,0.0,0.0,0.0,1,1905.5,2303.0,1,2247.5,0.0,0.0,0.0,0.0,0.0,2
2023-05-11 11:29:53,j2308,j2308,2247.5,0.0,0.0,0.0,1,1908.0,2303.0,1,2247.5,0.0,0.0,0.0,0.0,0.0,2
2023-05-11 13:30:00,j2308,j2308,2247.5,0.0,0.0,0.0,1,1968.5,2303.0,1,2247.5,0.0,0.0,0.0,0.0,0.0,2
2023-05-11 13:30:01,j2308,j2308,2247.5,0.0,0.0,0.0,1,2167.5,2228.0,1,2247.5,0.0,0.0,0.0,0.0,0.0,2
2023-05-11 13:30:01,j2308,j2308,2247.5,0.0,0.0,0.0,1,2170.0,2228.0,1,2247.5,0.0,0.0,0.0,0.0,0.0,2
2023-05-11 13:30:02,j2308,j2308,2247.5,0.0,0.0,0.0,1,2172.0,2228.0,1,2247.5,0.0,0.0,0.0,0.0,0.0,2
2023-05-11 13:30:02,j2308,j2308,2247.5,0.0,0.0,0.0,1,2174.5,2228.0,1,2247.5,0.0,0.0,0.0,0.0,0.0,2
2023-05-11 13:30:03,j2308,j2308,2247.5,0.0,0.0,0.0,1,2176.5,2228.0,1,2247.5,0.0,0.0,0.0,0.0,0.0,2
2023-05-11 13:30:04,j2308,j2308,2247.5,0.0,0.0,0.0,1,2179.0,2228.0,1,2247.5,0.0,0.0,0.0,0.0,0.0,2
2023-05-11 13:30:04,j2308,j2308,2247.5,0.0,0.0,0.0,1,2180.0,2228.0,1,2247.5,0.0,0.0,0.0,0.0,0.0,2
2023-05-11 13:30:05,j2308,j2308,2247.5,0.0,0.0,0.0,1,2182.5,2228.0,1,2247.5,0.0,0.0,0.0,0.0,0.0,2
2023-05-11 13:30:12,j2308,j2308,2247.5,0.0,0.0,0.0,1,2182.5,2227.5,1,2247.5,0.0,0.0,0.0,0.0,0.0,2
2023-05-11 13:30:12,j2308,j2308,2247.5,0.0,0.0,0.0,1,2182.5,2225.5,1,2247.5,0.0,0.0,0.0,0.0,0.0,2
2023-05-11 13:30:30,j2308,j2308,2247.5,0.0,0.0,0.0,1,2183.0,2225.5,1,2247.5,0.0,0.0,0.0,0.0,0.0,2
2023-05-11 13:30:30,j2308,j2308,2247.5,0.0,0.0,0.0,1,2185.5,2225.5,1,2247.5,0.0,0.0,0.0,0.0,0.0,2
2023-05-11 13:30:31,j2308,j2308,2247.5,0.0,0.0,0.0,1,2186.0,2225.5,1,2247.5,0.0,0.0,0.0,0.0,0.0,2
2023-05-11 13:30:57,j2308,j2308,2247.5,0.0,0.0,0.0,1,2186.0,2225.0,1,2247.5,0.0,0.0,0.0,0.0,0.0,2
2023-05-11 13:30:57,j2308,j2308,2247.5,0.0,0.0,0.0,1,2186.0,2223.0,1,2247.5,0.0,0.0,0.0,0.0,0.0,2
2023-05-11 13:31:40,j2308,j2308,2247.5,0.0,0.0,0.0,1,2186.0,2222.5,1,2247.5,0.0,0.0,0.0,0.0,0.0,2
2023-05-11 13:31:51,j2308,j2308,2247.5,0.0,0.0,0.0,1,2188.5,2222.5,1,2247.5,0.0,0.0,0.0,0.0,0.0,2
2023-05-11 13:31:52,j2308,j2308,2247.5,0.0,0.0,0.0,1,2189.0,2222.5,1,2247.5,0.0,0.0,0.0,0.0,0.0,2
2023-05-11 13:32:08,j2308,j2308,2247.5,0.0,0.0,0.0,1,2189.0,2222.0,1,2247.5,0.0,0.0,0.0,0.0,0.0,2
2023-05-11 13:33:07,j2308,j2308,2247.5,0.0,0.0,0.0,1,2189.0,2221.5,1,2247.5,0.0,0.0,0.0,0.0,0.0,2
2023-05-11 13:33:07,j2308,j2308,2247.5,0.0,0.0,0.0,1,2189.0,2220.5,1,2247.5,0.0,0.0,0.0,0.0,0.0,2
2023-05-11 13:33:50,j2308,j2308,2247.5,0.0,0.0,0.0,1,2189.0,2220.0,1,2247.5,0.0,0.0,0.0,0.0,0.0,2
2023-05-11 13:33:51,j2308,j2308,2247.5,0.0,0.0,0.0,1,2189.0,2218.0,1,2247.5,0.0,0.0,0.0,0.0,0.0,2
2023-05-11 13:34:34,j2308,j2308,2247.5,0.0,0.0,0.0,1,2189.0,2217.5,1,2247.5,0.0,0.0,0.0,0.0,0.0,2
