time,symbol_id,symbol_name,last,trade_volume,trade_amount,open_interest_change,bv1,bp1,ap1,av1,yesterday_close,today_open,today_high,today_low,volume,amount,open_interest
2023-05-10 21:00:00,j2402,j2402,2089.0,0.0,0.0,0.0,1,1776.0,2402.0,1,2089.0,0.0,0.0,0.0,0.0,0.0,1
2023-05-10 21:00:01,j2402,j2402,2089.0,0.0,0.0,0.0,1,1776.0,2401.5,2,2089.0,0.0,0.0,0.0,0.0,0.0,1
2023-05-10 21:00:02,j2402,j2402,2089.0,0.0,0.0,0.0,1,1776.0,2398.5,1,2089.0,0.0,0.0,0.0,0.0,0.0,1
2023-05-10 21:00:03,j2402,j2402,2089.0,0.0,0.0,0.0,3,1776.5,2398.5,1,2089.0,0.0,0.0,0.0,0.0,0.0,1
2023-05-10 21:00:03,j2402,j2402,2089.0,0.0,0.0,0.0,1,1779.5,2398.5,1,2089.0,0.0,0.0,0.0,0.0,0.0,1
2023-05-10 21:00:04,j2402,j2402,2089.0,0.0,0.0,0.0,1,1779.5,2397.5,1,2089.0,0.0,0.0,0.0,0.0,0.0,1
2023-05-10 21:00:04,j2402,j2402,2089.0,0.0,0.0,0.0,1,1779.5,2394.5,1,2089.0,0.0,0.0,0.0,0.0,0.0,1
2023-05-10 21:00:05,j2402,j2402,2089.0,0.0,0.0,0.0,1,1780.5,2394.5,1,2089.0,0.0,0.0,0.0,0.0,0.0,1
2023-05-10 21:00:05,j2402,j2402,2089.0,0.0,0.0,0.0,1,1783.5,2394.5,1,2089.0,0.0,0.0,0.0,0.0,0.0,1
2023-05-10 21:00:06,j2402,j2402,2089.0,0.0,0.0,0.0,1,1783.5,2393.5,1,2089.0,0.0,0.0,0.0,0.0,0.0,1
2023-05-10 21:00:07,j2402,j2402,2089.0,0.0,0.0,0.0,1,1784.5,2390.5,1,2089.0,0.0,0.0,0.0,0.0,0.0,1
2023-05-10 21:00:07,j2402,j2402,2089.0,0.0,0.0,0.0,1,1787.5,2390.5,1,2089.0,0.0,0.0,0.0,0.0,0.0,1
2023-05-10 21:00:08,j2402,j2402,2089.0,0.0,0.0,0.0,1,1787.5,2389.5,1,2089.0,0.0,0.0,0.0,0.0,0.0,1
2023-05-10 21:00:09,j2402,j2402,2089.0,0.0,0.0,0.0,1,1788.5,2386.5,1,2089.0,0.0,0.0,0.0,0.0,0.0,1
2023-05-10 21:00:09,j2402,j2402,2089.0,0.0,0.0,0.0,1,1791.5,2386.5,1,2089.0,0.0,0.0,0.0,0.0,0.0,1
2023-05-10 21:00:10,j2402,j2402,2089.0,0.0,0.0,0.0,1,1791.5,2385.5,1,2089.0,0.0,0.0,0.0,0.0,0.0,1
2023-05-10 21:00:11,j2402,j2402,2089.0,0.0,0.0,0.0,1,1792.5,2382.5,1,2089.0,0.0,0.0,0.0,0.0,0.0,1
2023-05-10 21:00:11,j2402,j2402,2089.0,0.0,0.0,0.0,1,2017.0,2152.0,1,2089.0,0.0,0.0,0.0,0.0,0.0,1
2023-05-10 21:00:12,j2402,j2402,2089.0,0.0,0.0,0.0,1,2020.0,2149.0,1,2089.0,0.0,0.0,0.0,0.0,0.0,1
2023-05-10 21:00:13,j2402,j2402,2089.0,0.0,0.0,0.0,1,2020.0,2126.5,1,2089.0,0.0,0.0,0.0,0.0,0.0,1
2023-05-10 21:00:14,j2402,j2402,2089.0,0.0,0.0,0.0,1,2020.0,2123.5,1,2089.0,0.0,0.0,0.0,0.0,0.0,1
2023-05-10 21:00:14,j2402,j2402,2089.0,0.0,0.0,0.0,1,2020.5,2123.5,1,2089.0,0.0,0.0,0.0,0.0,0.0,1
2023-05-10 21:00:15,j2402,j2402,2089.0,0.0,0.0,0.0,1,2023.5,2123.5,1,2089.0,0.0,0.0,0.0,0.0,0.0,1
2023-05-10 21:00:17,j2402,j2402,2089.0,0.0,0.0,0.0,1,2023.5,2123.5,2,2089.0,0.0,0.0,0.0,0.0,0.0,1
2023-05-10 21:00:17,j2402,j2402,2089.0,0.0,0.0,0.0,1,2024.0,2123.5,2,2089.0,0.0,0.0,0.0,0.0,0.0,1
2023-05-10 21:00:18,j2402,j2402,2089.0,0.0,0.0,0.0,1,2027.0,2123.5,2,2089.0,0.0,0.0,0.0,0.0,0.0,1
2023-05-10 21:00:20,j2402,j2402,2089.0,0.0,0.0,0.0,1,2027.5,2123.5,2,2089.0,0.0,0.0,0.0,0.0,0.0,1
2023-05-10 21:00:20,j2402,j2402,2089.0,0.0,0.0,0.0,1,2030.5,2123.5,2,2089.0,0.0,0.0,0.0,0.0,0.0,1
2023-05-10 21:00:23,j2402,j2402,2089.0,0.0,0.0,0.0,1,2031.0,2123.5,1,2089.0,0.0,0.0,0.0,0.0,0.0,1
2023-05-10 21:00:24,j2402,j2402,2089.0,0.0,0.0,0.0,1,2034.0,2123.5,1,2089.0,0.0,0.0,0.0,0.0,0.0,1
2023-05-10 21:00:26,j2402,j2402,2089.0,0.0,0.0,0.0,1,2034.5,2123.5,1,2089.0,0.0,0.0,0.0,0.0,0.0,1
2023-05-10 21:00:26,j2402,j2402,2089.0,0.0,0.0,0.0,1,2037.5,2123.5,1,2089.0,0.0,0.0,0.0,0.0,0.0,1
2023-05-10 21:00:29,j2402,j2402,2089.0,0.0,0.0,0.0,1,2038.0,2123.5,1,2089.0,0.0,0.0,0.0,0.0,0.0,1
2023-05-10 21:00:30,j2402,j2402,2089.0,0.0,0.0,0.0,1,2041.0,2123.5,1,2089.0,0.0,0.0,0.0,0.0,0.0,1
2023-05-10 21:00:31,j2402,j2402,2089.0,0.0,0.0,0.0,1,2041.0,2123.0,1,2089.0,0.0,0.0,0.0,0.0,0.0,1
2023-05-10 21:00:31,j2402,j2402,2089.0,0.0,0.0,0.0,1,2041.0,2120.0,1,2089.0,0.0,0.0,0.0,0.0,0.0,1
2023-05-10 21:00:32,j2402,j2402,2089.0,0.0,0.0,0.0,1,2041.5,2120.0,1,2089.0,0.0,0.0,0.0,0.0,0.0,1
2023-05-10 21:00:33,j2402,j2402,2089.0,0.0,0.0,0.0,1,2044.5,2120.0,1,2089.0,0.0,0.0,0.0,0.0,0.0,1
2023-05-10 21:00:33,j2402,j2402,2089.0,0.0,0.0,0.0,1,2045.0,2120.0,1,2089.0,0.0,0.0,0.0,0.0,0.0,1
2023-05-10 21:00:34,j2402,j2402,2089.0,0.0,0.0,0.0,1,2048.0,2120.0,1,2089.0,0.0,0.0,0.0,0.0,0.0,1
2023-05-10 21:00:35,j2402,j2402,2089.0,0.0,0.0,0.0,1,2048.0,2119.5,1,2089.0,0.0,0.0,0.0,0.0,0.0,1
2023-05-10 21:00:35,j2402,j2402,2089.0,0.0,0.0,0.0,1,2048.5,2116.5,1,2089.0,0.0,0.0,0.0,0.0,0.0,1
2023-05-10 21:00:36,j2402,j2402,2089.0,0.0,0.0,0.0,1,2051.5,2116.5,1,2089.0,0.0,0.0,0.0,0.0,0.0,1
2023-05-10 21:00:38,j2402,j2402,2089.0,0.0,0.0,0.0,1,2052.0,2116.5,1,2089.0,0.0,0.0,0.0,0.0,0.0,1
2023-05-10 21:00:39,j2402,j2402,2089.0,0.0,0.0,0.0,1,2052.5,2116.5,1,2089.0,0.0,0.0,0.0,0.0,0.0,1
2023-05-10 21:00:40,j2402,j2402,2089.0,0.0,0.0,0.0,1,2052.5,2116.0,1,2089.0,0.0,0.0,0.0,0.0,0.0,1
2023-05-10 21:00:40,j2402,j2402,2089.0,0.0,0.0,0.0,1,2052.5,2113.0,1,2089.0,0.0,0.0,0.0,0.0,0.0,1
2023-05-10 21:00:41,j2402,j2402,2089.0,0.0,0.0,0.0,1,2053.0,2113.0,1,2089.0,0.0,0.0,0.0,0.0,0.0,1
2023-05-10 21:00:42,j2402,j2402,2089.0,0.0,0.0,0.0,1,2056.0,2113.0,1,2089.0,0.0,0.0,0.0,0.0,0.0,1
2023-05-10 21:00:43,j2402,j2402,2089.0,0.0,0.0,0.0,1,2053.5,2113.0,1,2089.0,0.0,0.0,0.0,0.0,0.0,1
2023-05-10 21:00:44,j2402,j2402,2089.0,0.0,0.0,0.0,1,2056.5,2113.0,1,2089.0,0.0,0.0,0.0,0.0,0.0,1
2023-05-10 21:00:44,j2402,j2402,2089.0,0.0,0.0,0.0,1,2057.0,2112.5,1,2089.0,0.0,0.0,0.0,0.0,0.0,1
2023-05-10 21:00:45,j2402,j2402,2089.0,0.0,0.0,0.0,1,2057.5,2112.5,1,2089.0,0.0,0.0,0.0,0.0,0.0,1
2023-05-10 21:00:47,j2402,j2402,2089.0,0.0,0.0,0.0,1,2058.0,2112.5,1,2089.0,0.0,0.0,0.0,0.0,0.0,1
2023-05-10 21:00:49,j2402,j2402,2089.0,0.0,0.0,0.0,1,2058.5,2112.5,1,2089.0,0.0,0.0,0.0,0.0,0.0,1
2023-05-10 21:00:51,j2402,j2402,2089.0,0.0,0.0,0.0,1,2059.0,2112.5,1,2089.0,0.0,0.0,0.0,0.0,0.0,1
2023-05-10 21:00:52,j2402,j2402,2089.0,0.0,0.0,0.0,1,2059.5,2112.5,1,2089.0,0.0,0.0,0.0,0.0,0.0,1
2023-05-10 21:00:54,j2402,j2402,2089.0,0.0,0.0,0.0,1,2060.0,2112.5,1,2089.0,0.0,0.0,0.0,0.0,0.0,1
2023-05-10 21:00:55,j2402,j2402,2089.0,0.0,0.0,0.0,1,2060.5,2112.5,1,2089.0,0.0,0.0,0.0,0.0,0.0,1
2023-05-10 21:00:57,j2402,j2402,2089.0,0.0,0.0,0.0,1,2061.0,2112.5,1,2089.0,0.0,0.0,0.0,0.0,0.0,1
2023-05-10 21:00:57,j2402,j2402,2089.0,0.0,0.0,0.0,1,2061.0,2112.0,2,2089.0,0.0,0.0,0.0,0.0,0.0,1
2023-05-10 21:00:58,j2402,j2402,2089.0,0.0,0.0,0.0,1,2061.5,2112.0,2,2089.0,0.0,0.0,0.0,0.0,0.0,1
2023-05-10 21:01:00,j2402,j2402,2089.0,0.0,0.0,0.0,1,2062.0,2112.0,2,2089.0,0.0,0.0,0.0,0.0,0.0,1
2023-05-10 21:01:01,j2402,j2402,2089.0,0.0,0.0,0.0,1,2062.0,2111.5,1,2089.0,0.0,0.0,0.0,0.0,0.0,1
2023-05-10 21:01:01,j2402,j2402,2089.0,0.0,0.0,0.0,1,2062.5,2111.5,1,2089.0,0.0,0.0,0.0,0.0,0.0,1
2023-05-10 21:01:03,j2402,j2402,2089.0,0.0,0.0,0.0,1,2063.0,2111.5,1,2089.0,0.0,0.0,0.0,0.0,0.0,1
2023-05-10 21:01:05,j2402,j2402,2089.0,0.0,0.0,0.0,1,2063.5,2111.5,1,2089.0,0.0,0.0,0.0,0.0,0.0,1
2023-05-10 21:01:07,j2402,j2402,2089.0,0.0,0.0,0.0,1,2064.0,2111.5,1,2089.0,0.0,0.0,0.0,0.0,0.0,1
2023-05-10 21:01:08,j2402,j2402,2089.0,0.0,0.0,0.0,1,2064.5,2111.5,1,2089.0,0.0,0.0,0.0,0.0,0.0,1
2023-05-10 21:01:10,j2402,j2402,2089.0,0.0,0.0,0.0,1,2065.0,2111.5,1,2089.0,0.0,0.0,0.0,0.0,0.0,1
2023-05-10 21:01:12,j2402,j2402,2089.0,0.0,0.0,0.0,1,2065.5,2111.5,1,2089.0,0.0,0.0,0.0,0.0,0.0,1
2023-05-10 21:01:14,j2402,j2402,2089.0,0.0,0.0,0.0,1,2066.0,2111.5,1,2089.0,0.0,0.0,0.0,0.0,0.0,1
2023-05-10 21:01:16,j2402,j2402,2089.0,0.0,0.0,0.0,1,2066.5,2111.5,1,2089.0,0.0,0.0,0.0,0.0,0.0,1
2023-05-10 21:01:17,j2402,j2402,2089.0,0.0,0.0,0.0,1,2067.0,2111.5,1,2089.0,0.0,0.0,0.0,0.0,0.0,1
2023-05-10 21:01:19,j2402,j2402,2089.0,0.0,0.0,0.0,1,2067.5,2111.5,1,2089.0,0.0,0.0,0.0,0.0,0.0,1
2023-05-10 21:01:21,j2402,j2402,2089.0,0.0,0.0,0.0,1,2068.0,2111.5,1,2089.0,0.0,0.0,0.0,0.0,0.0,1
2023-05-10 21:01:22,j2402,j2402,2089.0,0.0,0.0,0.0,1,2068.5,2111.5,1,2089.0,0.0,0.0,0.0,0.0,0.0,1
2023-05-10 21:01:26,j2402,j2402,2089.0,0.0,0.0,0.0,1,2069.0,2111.5,1,2089.0,0.0,0.0,0.0,0.0,0.0,1
2023-05-10 21:01:27,j2402,j2402,2089.0,0.0,0.0,0.0,1,2069.5,2111.5,1,2089.0,0.0,0.0,0.0,0.0,0.0,1
2023-05-10 21:01:30,j2402,j2402,2089.0,0.0,0.0,0.0,1,2070.0,2111.5,1,2089.0,0.0,0.0,0.0,0.0,0.0,1
2023-05-10 21:01:31,j2402,j2402,2089.0,0.0,0.0,0.0,1,2070.5,2111.5,1,2089.0,0.0,0.0,0.0,0.0,0.0,1
2023-05-10 21:01:33,j2402,j2402,2089.0,0.0,0.0,0.0,1,2071.0,2111.5,1,2089.0,0.0,0.0,0.0,0.0,0.0,1
2023-05-10 21:01:35,j2402,j2402,2089.0,0.0,0.0,0.0,1,2071.5,2111.5,1,2089.0,0.0,0.0,0.0,0.0,0.0,1
2023-05-10 21:01:36,j2402,j2402,2089.0,0.0,0.0,0.0,1,2072.0,2111.5,1,2089.0,0.0,0.0,0.0,0.0,0.0,1
2023-05-10 21:01:38,j2402,j2402,2089.0,0.0,0.0,0.0,1,2072.5,2111.5,1,2089.0,0.0,0.0,0.0,0.0,0.0,1
2023-05-10 21:01:39,j2402,j2402,2089.0,0.0,0.0,0.0,1,2073.0,2111.5,1,2089.0,0.0,0.0,0.0,0.0,0.0,1
2023-05-10 21:01:41,j2402,j2402,2089.0,0.0,0.0,0.0,1,2073.0,2111.0,2,2089.0,0.0,0.0,0.0,0.0,0.0,1
2023-05-10 21:01:41,j2402,j2402,2089.0,0.0,0.0,0.0,1,2073.5,2111.0,2,2089.0,0.0,0.0,0.0,0.0,0.0,1
2023-05-10 21:01:42,j2402,j2402,2089.0,0.0,0.0,0.0,1,2074.0,2111.0,2,2089.0,0.0,0.0,0.0,0.0,0.0,1
2023-05-10 21:01:43,j2402,j2402,2089.0,0.0,0.0,0.0,1,2074.0,2110.5,1,2089.0,0.0,0.0,0.0,0.0,0.0,1
2023-05-10 21:01:44,j2402,j2402,2089.0,0.0,0.0,0.0,1,2074.5,2110.5,1,2089.0,0.0,0.0,0.0,0.0,0.0,1
2023-05-10 21:01:45,j2402,j2402,2089.0,0.0,0.0,0.0,1,2075.0,2110.5,1,2089.0,0.0,0.0,0.0,0.0,0.0,1
2023-05-10 21:01:47,j2402,j2402,2089.0,0.0,0.0,0.0,1,2075.5,2110.5,1,2089.0,0.0,0.0,0.0,0.0,0.0,1
2023-05-10 21:02:02,j2402,j2402,2089.0,0.0,0.0,0.0,1,2076.0,2110.5,1,2089.0,0.0,0.0,0.0,0.0,0.0,1
2023-05-10 21:02:02,j2402,j2402,2089.0,0.0,0.0,0.0,1,2035.5,2110.5,1,2089.0,0.0,0.0,0.0,0.0,0.0,1
2023-05-10 21:02:03,j2402,j2402,2089.0,0.0,0.0,0.0,1,2076.5,2110.5,1,2089.0,0.0,0.0,0.0,0.0,0.0,1
2023-05-10 21:02:06,j2402,j2402,2089.0,0.0,0.0,0.0,1,2077.0,2110.5,1,2089.0,0.0,0.0,0.0,0.0,0.0,1
2023-05-10 21:02:07,j2402,j2402,2089.0,0.0,0.0,0.0,1,2077.5,2110.5,1,2089.0,0.0,0.0,0.0,0.0,0.0,1
2023-05-10 21:02:09,j2402,j2402,2089.0,0.0,0.0,0.0,1,2078.0,2110.5,1,2089.0,0.0,0.0,0.0,0.0,0.0,1
2023-05-10 21:02:10,j2402,j2402,2089.0,0.0,0.0,0.0,1,2078.5,2110.5,1,2089.0,0.0,0.0,0.0,0.0,0.0,1
2023-05-10 21:02:12,j2402,j2402,2089.0,0.0,0.0,0.0,1,2079.0,2110.5,1,2089.0,0.0,0.0,0.0,0.0,0.0,1
2023-05-10 21:02:14,j2402,j2402,2089.0,0.0,0.0,0.0,1,2079.5,2110.5,1,2089.0,0.0,0.0,0.0,0.0,0.0,1
2023-05-10 21:02:15,j2402,j2402,2089.0,0.0,0.0,0.0,2,2079.5,2110.5,1,2089.0,0.0,0.0,0.0,0.0,0.0,1
2023-05-10 21:02:23,j2402,j2402,2089.0,0.0,0.0,0.0,2,2079.5,2110.0,2,2089.0,0.0,0.0,0.0,0.0,0.0,1
2023-05-10 21:02:24,j2402,j2402,2089.0,0.0,0.0,0.0,2,2079.5,2109.5,1,2089.0,0.0,0.0,0.0,0.0,0.0,1
2023-05-10 21:02:46,j2402,j2402,2089.0,0.0,0.0,0.0,1,2079.5,2109.5,1,2089.0,0.0,0.0,0.0,0.0,0.0,1
2023-05-10 21:03:00,j2402,j2402,2089.0,0.0,0.0,0.0,2,2079.5,2109.5,1,2089.0,0.0,0.0,0.0,0.0,0.0,1
2023-05-10 21:03:02,j2402,j2402,2089.0,0.0,0.0,0.0,1,2080.0,2109.5,1,2089.0,0.0,0.0,0.0,0.0,0.0,1
2023-05-10 21:03:03,j2402,j2402,2089.0,0.0,0.0,0.0,1,2080.5,2109.5,1,2089.0,0.0,0.0,0.0,0.0,0.0,1
2023-05-10 21:03:04,j2402,j2402,2089.0,0.0,0.0,0.0,1,2081.0,2109.5,1,2089.0,0.0,0.0,0.0,0.0,0.0,1
2023-05-10 21:03:05,j2402,j2402,2089.0,0.0,0.0,0.0,1,2081.0,2109.0,2,2089.0,0.0,0.0,0.0,0.0,0.0,1
2023-05-10 21:03:06,j2402,j2402,2089.0,0.0,0.0,0.0,1,2081.0,2108.5,1,2089.0,0.0,0.0,0.0,0.0,0.0,1
2023-05-10 21:03:49,j2402,j2402,2089.0,0.0,0.0,0.0,1,2081.0,2108.0,2,2089.0,0.0,0.0,0.0,0.0,0.0,1
2023-05-10 21:03:49,j2402,j2402,2089.0,0.0,0.0,0.0,1,2038.5,2108.0,2,2089.0,0.0,0.0,0.0,0.0,0.0,1
2023-05-10 21:03:50,j2402,j2402,2089.0,0.0,0.0,0.0,3,2039.0,2107.5,1,2089.0,0.0,0.0,0.0,0.0,0.0,1
2023-05-10 21:03:50,j2402,j2402,2089.0,0.0,0.0,0.0,1,2042.0,2107.5,1,2089.0,0.0,0.0,0.0,0.0,0.0,1
2023-05-10 21:03:53,j2402,j2402,2089.0,0.0,0.0,0.0,5,2042.5,2107.5,1,2089.0,0.0,0.0,0.0,0.0,0.0,1
2023-05-10 21:03:53,j2402,j2402,2089.0,0.0,0.0,0.0,1,2045.5,2107.5,1,2089.0,0.0,0.0,0.0,0.0,0.0,1
2023-05-10 21:03:55,j2402,j2402,2089.0,0.0,0.0,0.0,2,2046.0,2107.5,1,2089.0,0.0,0.0,0.0,0.0,0.0,1
2023-05-10 21:03:55,j2402,j2402,2089.0,0.0,0.0,0.0,1,2049.0,2107.5,1,2089.0,0.0,0.0,0.0,0.0,0.0,1
2023-05-10 21:03:56,j2402,j2402,2089.0,0.0,0.0,0.0,3,2049.5,2107.5,1,2089.0,0.0,0.0,0.0,0.0,0.0,1
2023-05-10 21:03:56,j2402,j2402,2089.0,0.0,0.0,0.0,1,2052.5,2107.5,1,2089.0,0.0,0.0,0.0,0.0,0.0,1
2023-05-10 21:03:58,j2402,j2402,2089.0,0.0,0.0,0.0,2,2053.0,2107.5,1,2089.0,0.0,0.0,0.0,0.0,0.0,1
2023-05-10 21:03:58,j2402,j2402,2089.0,0.0,0.0,0.0,1,2056.0,2107.5,1,2089.0,0.0,0.0,0.0,0.0,0.0,1
2023-05-10 21:03:59,j2402,j2402,2089.0,0.0,0.0,0.0,2,2056.5,2107.5,1,2089.0,0.0,0.0,0.0,0.0,0.0,1
2023-05-10 21:04:00,j2402,j2402,2089.0,0.0,0.0,0.0,1,2059.5,2107.5,1,2089.0,0.0,0.0,0.0,0.0,0.0,1
2023-05-10 21:04:01,j2402,j2402,2089.0,0.0,0.0,0.0,2,2060.0,2107.5,1,2089.0,0.0,0.0,0.0,0.0,0.0,1
2023-05-10 21:04:01,j2402,j2402,2089.0,0.0,0.0,0.0,4,2060.0,2107.5,1,2089.0,0.0,0.0,0.0,0.0,0.0,1
2023-05-10 21:04:21,j2402,j2402,2089.0,0.0,0.0,0.0,1,2063.0,2107.5,1,2089.0,0.0,0.0,0.0,0.0,0.0,1
2023-05-10 21:04:22,j2402,j2402,2089.0,0.0,0.0,0.0,3,2060.0,2107.5,1,2089.0,0.0,0.0,0.0,0.0,0.0,1
2023-05-10 21:04:22,j2402,j2402,2089.0,0.0,0.0,0.0,1,2060.5,2107.5,1,2089.0,0.0,0.0,0.0,0.0,0.0,1
2023-05-10 21:04:23,j2402,j2402,2089.0,0.0,0.0,0.0,1,2061.0,2107.5,1,2089.0,0.0,0.0,0.0,0.0,0.0,1
2023-05-10 21:04:24,j2402,j2402,2089.0,0.0,0.0,0.0,2,2063.0,2107.5,1,2089.0,0.0,0.0,0.0,0.0,0.0,1
2023-05-10 21:04:26,j2402,j2402,2089.0,0.0,0.0,0.0,2,2063.5,2107.5,1,2089.0,0.0,0.0,0.0,0.0,0.0,1
2023-05-10 21:04:27,j2402,j2402,2089.0,0.0,0.0,0.0,2,2071.5,2107.5,1,2089.0,0.0,0.0,0.0,0.0,0.0,1
2023-05-10 21:04:31,j2402,j2402,2089.0,0.0,0.0,0.0,2,2072.0,2107.5,1,2089.0,0.0,0.0,0.0,0.0,0.0,1
2023-05-10 21:04:33,j2402,j2402,2089.0,0.0,0.0,0.0,1,2074.0,2107.5,1,2089.0,0.0,0.0,0.0,0.0,0.0,1
2023-05-10 21:04:37,j2402,j2402,2089.0,0.0,0.0,0.0,2,2074.5,2107.5,1,2089.0,0.0,0.0,0.0,0.0,0.0,1
2023-05-10 21:04:39,j2402,j2402,2089.0,0.0,0.0,0.0,1,2074.5,2107.5,1,2089.0,0.0,0.0,0.0,0.0,0.0,1
2023-05-10 21:05:00,j2402,j2402,2089.0,0.0,0.0,0.0,2,2075.0,2107.5,1,2089.0,0.0,0.0,0.0,0.0,0.0,1
2023-05-10 21:05:01,j2402,j2402,2089.0,0.0,0.0,0.0,1,2075.5,2107.5,1,2089.0,0.0,0.0,0.0,0.0,0.0,1
2023-05-10 21:05:04,j2402,j2402,2089.0,0.0,0.0,0.0,1,2076.5,2107.5,1,2089.0,0.0,0.0,0.0,0.0,0.0,1
2023-05-10 21:05:06,j2402,j2402,2089.0,0.0,0.0,0.0,1,2077.0,2107.5,1,2089.0,0.0,0.0,0.0,0.0,0.0,1
2023-05-10 21:05:15,j2402,j2402,2089.0,0.0,0.0,0.0,1,2077.0,2107.0,2,2089.0,0.0,0.0,0.0,0.0,0.0,1
2023-05-10 21:05:17,j2402,j2402,2089.0,0.0,0.0,0.0,1,2077.0,2106.5,1,2089.0,0.0,0.0,0.0,0.0,0.0,1
2023-05-10 21:05:23,j2402,j2402,2089.0,0.0,0.0,0.0,2,2077.5,2106.5,1,2089.0,0.0,0.0,0.0,0.0,0.0,1
2023-05-10 21:05:24,j2402,j2402,2089.0,0.0,0.0,0.0,1,2078.0,2106.5,1,2089.0,0.0,0.0,0.0,0.0,0.0,1
2023-05-10 21:05:58,j2402,j2402,2089.0,0.0,0.0,0.0,1,2078.0,2106.0,2,2089.0,0.0,0.0,0.0,0.0,0.0,1
2023-05-10 21:05:59,j2402,j2402,2089.0,0.0,0.0,0.0,1,2078.0,2105.5,1,2089.0,0.0,0.0,0.0,0.0,0.0,1
2023-05-10 21:06:41,j2402,j2402,2089.0,0.0,0.0,0.0,1,2078.0,2105.0,2,2089.0,0.0,0.0,0.0,0.0,0.0,1
2023-05-10 21:06:43,j2402,j2402,2089.0,0.0,0.0,0.0,1,2078.0,2104.5,1,2089.0,0.0,0.0,0.0,0.0,0.0,1
2023-05-10 21:07:20,j2402,j2402,2089.0,0.0,0.0,0.0,2,2078.5,2104.5,1,2089.0,0.0,0.0,0.0,0.0,0.0,1
2023-05-10 21:07:21,j2402,j2402,2089.0,0.0,0.0,0.0,1,2079.0,2104.5,1,2089.0,0.0,0.0,0.0,0.0,0.0,1
2023-05-10 21:07:23,j2402,j2402,2089.0,0.0,0.0,0.0,2,2079.5,2104.5,1,2089.0,0.0,0.0,0.0,0.0,0.0,1
2023-05-10 21:07:24,j2402,j2402,2089.0,0.0,0.0,0.0,2,2079.5,2165.0,1,2089.0,0.0,0.0,0.0,0.0,0.0,1
2023-05-10 21:07:24,j2402,j2402,2089.0,0.0,0.0,0.0,2,2079.5,2131.0,1,2089.0,0.0,0.0,0.0,0.0,0.0,1
2023-05-10 21:07:25,j2402,j2402,2089.0,0.0,0.0,0.0,2,2079.5,2128.0,1,2089.0,0.0,0.0,0.0,0.0,0.0,1
2023-05-10 21:07:25,j2402,j2402,2089.0,0.0,0.0,0.0,1,2080.0,2127.5,1,2089.0,0.0,0.0,0.0,0.0,0.0,1
2023-05-10 21:07:26,j2402,j2402,2089.0,0.0,0.0,0.0,1,2080.0,2124.5,1,2089.0,0.0,0.0,0.0,0.0,0.0,1
2023-05-10 21:07:27,j2402,j2402,2089.0,0.0,0.0,0.0,1,2080.0,2124.0,1,2089.0,0.0,0.0,0.0,0.0,0.0,1
2023-05-10 21:07:27,j2402,j2402,2089.0,0.0,0.0,0.0,1,2080.0,2121.0,1,2089.0,0.0,0.0,0.0,0.0,0.0,1
2023-05-10 21:07:28,j2402,j2402,2089.0,0.0,0.0,0.0,1,2080.0,2120.5,1,2089.0,0.0,0.0,0.0,0.0,0.0,1
2023-05-10 21:08:06,j2402,j2402,2089.0,0.0,0.0,0.0,1,2080.0,2120.0,2,2089.0,0.0,0.0,0.0,0.0,0.0,1
2023-05-10 21:08:07,j2402,j2402,2089.0,0.0,0.0,0.0,1,2080.0,2119.5,1,2089.0,0.0,0.0,0.0,0.0,0.0,1
2023-05-10 21:08:14,j2402,j2402,2089.0,0.0,0.0,0.0,1,2035.5,2119.5,1,2089.0,0.0,0.0,0.0,0.0,0.0,1
2023-05-10 21:08:15,j2402,j2402,2089.0,0.0,0.0,0.0,1,2038.5,2119.5,1,2089.0,0.0,0.0,0.0,0.0,0.0,1
2023-05-10 21:08:16,j2402,j2402,2089.0,0.0,0.0,0.0,2,2039.0,2119.5,1,2089.0,0.0,0.0,0.0,0.0,0.0,1
2023-05-10 21:08:17,j2402,j2402,2089.0,0.0,0.0,0.0,1,2042.0,2119.5,1,2089.0,0.0,0.0,0.0,0.0,0.0,1
2023-05-10 21:08:18,j2402,j2402,2089.0,0.0,0.0,0.0,3,2042.5,2119.5,1,2089.0,0.0,0.0,0.0,0.0,0.0,1
2023-05-10 21:08:18,j2402,j2402,2089.0,0.0,0.0,0.0,1,2045.5,2119.5,1,2089.0,0.0,0.0,0.0,0.0,0.0,1
2023-05-10 21:08:21,j2402,j2402,2089.0,0.0,0.0,0.0,5,2046.0,2119.5,1,2089.0,0.0,0.0,0.0,0.0,0.0,1
2023-05-10 21:08:21,j2402,j2402,2089.0,0.0,0.0,0.0,1,2049.0,2119.5,1,2089.0,0.0,0.0,0.0,0.0,0.0,1
2023-05-10 21:08:22,j2402,j2402,2089.0,0.0,0.0,0.0,2,2049.5,2119.5,1,2089.0,0.0,0.0,0.0,0.0,0.0,1
2023-05-10 21:08:23,j2402,j2402,2089.0,0.0,0.0,0.0,1,2052.5,2119.5,1,2089.0,0.0,0.0,0.0,0.0,0.0,1
2023-05-10 21:08:24,j2402,j2402,2089.0,0.0,0.0,0.0,3,2053.0,2119.5,1,2089.0,0.0,0.0,0.0,0.0,0.0,1
2023-05-10 21:08:24,j2402,j2402,2089.0,0.0,0.0,0.0,1,2056.0,2119.5,1,2089.0,0.0,0.0,0.0,0.0,0.0,1
2023-05-10 21:08:25,j2402,j2402,2089.0,0.0,0.0,0.0,2,2056.5,2119.5,1,2089.0,0.0,0.0,0.0,0.0,0.0,1
2023-05-10 21:08:25,j2402,j2402,2089.0,0.0,0.0,0.0,1,2059.5,2119.5,1,2089.0,0.0,0.0,0.0,0.0,0.0,1
2023-05-10 21:08:28,j2402,j2402,2089.0,0.0,0.0,0.0,2,2060.0,2119.5,1,2089.0,0.0,0.0,0.0,0.0,0.0,1
2023-05-10 21:08:28,j2402,j2402,2089.0,0.0,0.0,0.0,2,2060.5,2119.5,1,2089.0,0.0,0.0,0.0,0.0,0.0,1
2023-05-10 21:08:31,j2402,j2402,2089.0,0.0,0.0,0.0,2,2061.0,2116.5,1,2089.0,0.0,0.0,0.0,0.0,0.0,1
2023-05-10 21:08:32,j2402,j2402,2089.0,0.0,0.0,0.0,2,2061.0,2116.0,1,2089.0,0.0,0.0,0.0,0.0,0.0,1
2023-05-10 21:08:32,j2402,j2402,2089.0,0.0,0.0,0.0,2,2063.0,2116.0,1,2089.0,0.0,0.0,0.0,0.0,0.0,1
2023-05-10 21:08:34,j2402,j2402,2089.0,0.0,0.0,0.0,3,2063.5,2116.0,1,2089.0,0.0,0.0,0.0,0.0,0.0,1
2023-05-10 21:08:35,j2402,j2402,2089.0,0.0,0.0,0.0,2,2071.5,2116.0,1,2089.0,0.0,0.0,0.0,0.0,0.0,1
2023-05-10 21:08:37,j2402,j2402,2089.0,0.0,0.0,0.0,3,2072.0,2116.0,1,2089.0,0.0,0.0,0.0,0.0,0.0,1
2023-05-10 21:08:38,j2402,j2402,2089.0,0.0,0.0,0.0,1,2075.0,2116.0,1,2089.0,0.0,0.0,0.0,0.0,0.0,1
2023-05-10 21:08:42,j2402,j2402,2089.0,0.0,0.0,0.0,2,2075.5,2116.0,1,2089.0,0.0,0.0,0.0,0.0,0.0,1
2023-05-10 21:08:49,j2402,j2402,2089.0,0.0,0.0,0.0,2,2075.5,2115.5,2,2089.0,0.0,0.0,0.0,0.0,0.0,1
2023-05-10 21:08:51,j2402,j2402,2089.0,0.0,0.0,0.0,2,2075.5,2115.0,1,2089.0,0.0,0.0,0.0,0.0,0.0,1
2023-05-10 21:09:17,j2402,j2402,2089.0,0.0,0.0,0.0,1,2035.5,2115.0,1,2089.0,0.0,0.0,0.0,0.0,0.0,1
2023-05-10 21:09:17,j2402,j2402,2089.0,0.0,0.0,0.0,1,2038.5,2115.0,1,2089.0,0.0,0.0,0.0,0.0,0.0,1
2023-05-10 21:09:18,j2402,j2402,2089.0,0.0,0.0,0.0,2,2039.0,2115.0,1,2089.0,0.0,0.0,0.0,0.0,0.0,1
2023-05-10 21:09:18,j2402,j2402,2089.0,0.0,0.0,0.0,1,2042.0,2115.0,1,2089.0,0.0,0.0,0.0,0.0,0.0,1
2023-05-10 21:09:19,j2402,j2402,2089.0,0.0,0.0,0.0,1,2042.5,2115.0,1,2089.0,0.0,0.0,0.0,0.0,0.0,1
2023-05-10 21:09:20,j2402,j2402,2089.0,0.0,0.0,0.0,1,2045.5,2115.0,1,2089.0,0.0,0.0,0.0,0.0,0.0,1
2023-05-10 21:09:21,j2402,j2402,2089.0,0.0,0.0,0.0,2,2046.0,2115.0,1,2089.0,0.0,0.0,0.0,0.0,0.0,1
2023-05-10 21:09:22,j2402,j2402,2089.0,0.0,0.0,0.0,1,2049.0,2115.0,1,2089.0,0.0,0.0,0.0,0.0,0.0,1
2023-05-10 21:09:22,j2402,j2402,2089.0,0.0,0.0,0.0,4,2049.5,2115.0,1,2089.0,0.0,0.0,0.0,0.0,0.0,1
2023-05-10 21:09:23,j2402,j2402,2089.0,0.0,0.0,0.0,1,2052.5,2115.0,1,2089.0,0.0,0.0,0.0,0.0,0.0,1
2023-05-10 21:09:24,j2402,j2402,2089.0,0.0,0.0,0.0,2,2053.0,2115.0,1,2089.0,0.0,0.0,0.0,0.0,0.0,1
2023-05-10 21:09:25,j2402,j2402,2089.0,0.0,0.0,0.0,1,2056.0,2115.0,1,2089.0,0.0,0.0,0.0,0.0,0.0,1
2023-05-10 21:09:25,j2402,j2402,2089.0,0.0,0.0,0.0,3,2056.5,2115.0,1,2089.0,0.0,0.0,0.0,0.0,0.0,1
2023-05-10 21:09:26,j2402,j2402,2089.0,0.0,0.0,0.0,5,2056.5,2115.0,1,2089.0,0.0,0.0,0.0,0.0,0.0,1
2023-05-10 21:09:32,j2402,j2402,2089.0,0.0,0.0,0.0,2,2057.0,2115.0,1,2089.0,0.0,0.0,0.0,0.0,0.0,1
2023-05-10 21:09:34,j2402,j2402,2089.0,0.0,0.0,0.0,2,2059.0,2115.0,1,2089.0,0.0,0.0,0.0,0.0,0.0,1
2023-05-10 21:09:37,j2402,j2402,2089.0,0.0,0.0,0.0,3,2059.5,2115.0,1,2089.0,0.0,0.0,0.0,0.0,0.0,1
2023-05-10 21:09:38,j2402,j2402,2089.0,0.0,0.0,0.0,2,2067.5,2115.0,1,2089.0,0.0,0.0,0.0,0.0,0.0,1
2023-05-10 21:09:40,j2402,j2402,2089.0,0.0,0.0,0.0,3,2068.0,2115.0,1,2089.0,0.0,0.0,0.0,0.0,0.0,1
2023-05-10 21:09:42,j2402,j2402,2089.0,0.0,0.0,0.0,1,2072.0,2115.0,1,2089.0,0.0,0.0,0.0,0.0,0.0,1
2023-05-10 21:09:43,j2402,j2402,2089.0,0.0,0.0,0.0,2,2072.5,2115.0,1,2089.0,0.0,0.0,0.0,0.0,0.0,1
2023-05-10 21:09:59,j2402,j2402,2089.0,0.0,0.0,0.0,2,2072.5,2112.0,1,2089.0,0.0,0.0,0.0,0.0,0.0,1
2023-05-10 21:09:59,j2402,j2402,2089.0,0.0,0.0,0.0,2,2072.5,2111.5,1,2089.0,0.0,0.0,0.0,0.0,0.0,1
2023-05-10 21:10:15,j2402,j2402,2089.0,0.0,0.0,0.0,2,2072.5,2111.0,2,2089.0,0.0,0.0,0.0,0.0,0.0,1
2023-05-10 21:10:16,j2402,j2402,2089.0,0.0,0.0,0.0,2,2072.5,2110.5,1,2089.0,0.0,0.0,0.0,0.0,0.0,1
2023-05-10 21:10:58,j2402,j2402,2089.0,0.0,0.0,0.0,2,2072.5,2110.0,2,2089.0,0.0,0.0,0.0,0.0,0.0,1
2023-05-10 21:11:00,j2402,j2402,2089.0,0.0,0.0,0.0,2,2072.5,2109.5,1,2089.0,0.0,0.0,0.0,0.0,0.0,1
2023-05-10 21:11:20,j2402,j2402,2089.0,0.0,0.0,0.0,2,2072.5,2106.5,1,2089.0,0.0,0.0,0.0,0.0,0.0,1
2023-05-10 21:11:21,j2402,j2402,2089.0,0.0,0.0,0.0,1,2035.5,2110.0,2,2089.0,0.0,0.0,0.0,0.0,0.0,1
2023-05-10 21:11:21,j2402,j2402,2089.0,0.0,0.0,0.0,1,2038.5,2106.0,1,2089.0,0.0,0.0,0.0,0.0,0.0,1
2023-05-10 21:11:23,j2402,j2402,2089.0,0.0,0.0,0.0,2,2039.0,2106.0,1,2089.0,0.0,0.0,0.0,0.0,0.0,1
2023-05-10 21:11:23,j2402,j2402,2089.0,0.0,0.0,0.0,1,2042.0,2106.0,1,2089.0,0.0,0.0,0.0,0.0,0.0,1
2023-05-10 21:11:24,j2402,j2402,2089.0,0.0,0.0,0.0,2,2042.5,2106.0,1,2089.0,0.0,0.0,0.0,0.0,0.0,1
2023-05-10 21:11:24,j2402,j2402,2089.0,0.0,0.0,0.0,1,2045.5,2106.0,1,2089.0,0.0,0.0,0.0,0.0,0.0,1
2023-05-10 21:11:26,j2402,j2402,2089.0,0.0,0.0,0.0,2,2046.0,2106.0,1,2089.0,0.0,0.0,0.0,0.0,0.0,1
2023-05-10 21:11:26,j2402,j2402,2089.0,0.0,0.0,0.0,1,2049.0,2106.0,1,2089.0,0.0,0.0,0.0,0.0,0.0,1
2023-05-10 21:11:27,j2402,j2402,2089.0,0.0,0.0,0.0,1,2049.5,2106.0,1,2089.0,0.0,0.0,0.0,0.0,0.0,1
2023-05-10 21:11:28,j2402,j2402,2089.0,0.0,0.0,0.0,1,2052.5,2106.0,1,2089.0,0.0,0.0,0.0,0.0,0.0,1
2023-05-10 21:11:29,j2402,j2402,2089.0,0.0,0.0,0.0,2,2053.0,2106.0,1,2089.0,0.0,0.0,0.0,0.0,0.0,1
2023-05-10 21:11:30,j2402,j2402,2089.0,0.0,0.0,0.0,2,2053.5,2106.0,1,2089.0,0.0,0.0,0.0,0.0,0.0,1
2023-05-10 21:11:30,j2402,j2402,2089.0,0.0,0.0,0.0,1,2054.0,2106.0,1,2089.0,0.0,0.0,0.0,0.0,0.0,1
2023-05-10 21:11:31,j2402,j2402,2089.0,0.0,0.0,0.0,2,2054.5,2106.0,1,2089.0,0.0,0.0,0.0,0.0,0.0,1
2023-05-10 21:11:34,j2402,j2402,2089.0,0.0,0.0,0.0,3,2055.0,2106.0,1,2089.0,0.0,0.0,0.0,0.0,0.0,1
2023-05-10 21:11:36,j2402,j2402,2089.0,0.0,0.0,0.0,2,2057.0,2106.0,1,2089.0,0.0,0.0,0.0,0.0,0.0,1
2023-05-10 21:11:37,j2402,j2402,2089.0,0.0,0.0,0.0,3,2057.5,2106.0,1,2089.0,0.0,0.0,0.0,0.0,0.0,1
2023-05-10 21:11:40,j2402,j2402,2089.0,0.0,0.0,0.0,2,2065.5,2106.0,1,2089.0,0.0,0.0,0.0,0.0,0.0,1
2023-05-10 21:11:41,j2402,j2402,2089.0,0.0,0.0,0.0,3,2066.0,2106.0,1,2089.0,0.0,0.0,0.0,0.0,0.0,1
2023-05-10 21:11:43,j2402,j2402,2089.0,0.0,0.0,0.0,1,2068.0,2106.0,1,2089.0,0.0,0.0,0.0,0.0,0.0,1
2023-05-10 21:11:47,j2402,j2402,2089.0,0.0,0.0,0.0,2,2068.5,2106.0,1,2089.0,0.0,0.0,0.0,0.0,0.0,1
2023-05-10 21:11:56,j2402,j2402,2089.0,0.0,0.0,0.0,1,2035.5,2106.0,1,2089.0,0.0,0.0,0.0,0.0,0.0,1
2023-05-10 21:11:56,j2402,j2402,2089.0,0.0,0.0,0.0,1,2038.5,2106.0,1,2089.0,0.0,0.0,0.0,0.0,0.0,1
2023-05-10 21:11:58,j2402,j2402,2089.0,0.0,0.0,0.0,2,2039.0,2106.0,1,2089.0,0.0,0.0,0.0,0.0,0.0,1
2023-05-10 21:11:58,j2402,j2402,2089.0,0.0,0.0,0.0,1,2042.0,2106.0,1,2089.0,0.0,0.0,0.0,0.0,0.0,1
2023-05-10 21:12:00,j2402,j2402,2089.0,0.0,0.0,0.0,6,2042.5,2106.0,1,2089.0,0.0,0.0,0.0,0.0,0.0,1
2023-05-10 21:12:00,j2402,j2402,2089.0,0.0,0.0,0.0,1,2045.5,2106.0,1,2089.0,0.0,0.0,0.0,0.0,0.0,1
2023-05-10 21:12:02,j2402,j2402,2089.0,0.0,0.0,0.0,2,2046.0,2106.0,1,2089.0,0.0,0.0,0.0,0.0,0.0,1
2023-05-10 21:12:02,j2402,j2402,2089.0,0.0,0.0,0.0,1,2049.0,2106.0,1,2089.0,0.0,0.0,0.0,0.0,0.0,1
2023-05-10 21:12:03,j2402,j2402,2089.0,0.0,0.0,0.0,3,2049.5,2106.0,1,2089.0,0.0,0.0,0.0,0.0,0.0,1
2023-05-10 21:12:03,j2402,j2402,2089.0,0.0,0.0,0.0,5,2049.5,2106.0,1,2089.0,0.0,0.0,0.0,0.0,0.0,1
2023-05-10 21:12:05,j2402,j2402,2089.0,0.0,0.0,0.0,1,2052.5,2106.0,1,2089.0,0.0,0.0,0.0,0.0,0.0,1
2023-05-10 21:12:06,j2402,j2402,2089.0,0.0,0.0,0.0,3,2053.0,2106.0,1,2089.0,0.0,0.0,0.0,0.0,0.0,1
2023-05-10 21:12:07,j2402,j2402,2089.0,0.0,0.0,0.0,2,2053.5,2106.0,1,2089.0,0.0,0.0,0.0,0.0,0.0,1
2023-05-10 21:12:11,j2402,j2402,2089.0,0.0,0.0,0.0,3,2054.0,2106.0,1,2089.0,0.0,0.0,0.0,0.0,0.0,1
2023-05-10 21:12:12,j2402,j2402,2089.0,0.0,0.0,0.0,2,2056.0,2106.0,1,2089.0,0.0,0.0,0.0,0.0,0.0,1
2023-05-10 21:12:14,j2402,j2402,2089.0,0.0,0.0,0.0,3,2056.5,2106.0,1,2089.0,0.0,0.0,0.0,0.0,0.0,1
2023-05-10 21:12:16,j2402,j2402,2089.0,0.0,0.0,0.0,2,2064.5,2106.0,1,2089.0,0.0,0.0,0.0,0.0,0.0,1
2023-05-10 21:12:17,j2402,j2402,2089.0,0.0,0.0,0.0,3,2065.0,2106.0,1,2089.0,0.0,0.0,0.0,0.0,0.0,1
2023-05-10 21:12:19,j2402,j2402,2089.0,0.0,0.0,0.0,1,2068.5,2106.0,1,2089.0,0.0,0.0,0.0,0.0,0.0,1
2023-05-10 21:12:20,j2402,j2402,2089.0,0.0,0.0,0.0,2,2069.0,2106.0,1,2089.0,0.0,0.0,0.0,0.0,0.0,1
2023-05-10 21:12:24,j2402,j2402,2089.0,0.0,0.0,0.0,2,2069.0,2105.5,2,2089.0,0.0,0.0,0.0,0.0,0.0,1
2023-05-10 21:12:26,j2402,j2402,2089.0,0.0,0.0,0.0,2,2069.0,2105.0,1,2089.0,0.0,0.0,0.0,0.0,0.0,1
2023-05-10 21:13:07,j2402,j2402,2089.0,0.0,0.0,0.0,2,2069.0,2104.5,2,2089.0,0.0,0.0,0.0,0.0,0.0,1
2023-05-10 21:13:09,j2402,j2402,2089.0,0.0,0.0,0.0,2,2069.0,2104.0,1,2089.0,0.0,0.0,0.0,0.0,0.0,1
2023-05-10 21:13:50,j2402,j2402,2089.0,0.0,0.0,0.0,2,2069.0,2103.5,2,2089.0,0.0,0.0,0.0,0.0,0.0,1
2023-05-10 21:13:51,j2402,j2402,2089.0,0.0,0.0,0.0,2,2069.0,2103.0,1,2089.0,0.0,0.0,0.0,0.0,0.0,1
2023-05-10 21:14:11,j2402,j2402,2089.0,0.0,0.0,0.0,1,2069.5,2103.0,1,2089.0,0.0,0.0,0.0,0.0,0.0,1
2023-05-10 21:14:12,j2402,j2402,2089.0,0.0,0.0,0.0,2,2069.5,2103.0,1,2089.0,0.0,0.0,0.0,0.0,0.0,1
2023-05-10 21:14:12,j2402,j2402,2089.0,0.0,0.0,0.0,2,2070.0,2103.0,1,2089.0,0.0,0.0,0.0,0.0,0.0,1
2023-05-10 21:14:19,j2402,j2402,2089.0,0.0,0.0,0.0,3,2070.0,2103.0,1,2089.0,0.0,0.0,0.0,0.0,0.0,1
2023-05-10 21:14:19,j2402,j2402,2089.0,0.0,0.0,0.0,1,2070.5,2103.0,1,2089.0,0.0,0.0,0.0,0.0,0.0,1
2023-05-10 21:14:20,j2402,j2402,2089.0,0.0,0.0,0.0,1,2071.0,2103.0,1,2089.0,0.0,0.0,0.0,0.0,0.0,1
2023-05-10 21:14:20,j2402,j2402,2089.0,0.0,0.0,0.0,2,2071.5,2103.0,1,2089.0,0.0,0.0,0.0,0.0,0.0,1
2023-05-10 21:14:32,j2402,j2402,2089.0,0.0,0.0,0.0,2,2071.5,2102.5,2,2089.0,0.0,0.0,0.0,0.0,0.0,1
2023-05-10 21:14:33,j2402,j2402,2089.0,0.0,0.0,0.0,2,2071.5,2102.0,1,2089.0,0.0,0.0,0.0,0.0,0.0,1
2023-05-10 21:15:15,j2402,j2402,2089.0,0.0,0.0,0.0,2,2071.5,2101.5,2,2089.0,0.0,0.0,0.0,0.0,0.0,1
2023-05-10 21:15:16,j2402,j2402,2089.0,0.0,0.0,0.0,2,2071.5,2101.0,1,2089.0,0.0,0.0,0.0,0.0,0.0,1
2023-05-10 21:15:57,j2402,j2402,2089.0,0.0,0.0,0.0,2,2072.0,2101.0,1,2089.0,0.0,0.0,0.0,0.0,0.0,1
2023-05-10 21:16:03,j2402,j2402,2089.0,0.0,0.0,0.0,2,2071.5,2101.0,1,2089.0,0.0,0.0,0.0,0.0,0.0,1
2023-05-10 21:16:03,j2402,j2402,2089.0,0.0,0.0,0.0,1,2035.5,2101.0,1,2089.0,0.0,0.0,0.0,0.0,0.0,1
2023-05-10 21:16:04,j2402,j2402,2089.0,0.0,0.0,0.0,2,2072.0,2101.0,1,2089.0,0.0,0.0,0.0,0.0,0.0,1
2023-05-10 21:16:30,j2402,j2402,2089.0,0.0,0.0,0.0,1,2038.5,2101.0,1,2089.0,0.0,0.0,0.0,0.0,0.0,1
2023-05-10 21:16:31,j2402,j2402,2089.0,0.0,0.0,0.0,2,2039.0,2101.0,1,2089.0,0.0,0.0,0.0,0.0,0.0,1
2023-05-10 21:16:31,j2402,j2402,2089.0,0.0,0.0,0.0,1,2042.0,2101.0,1,2089.0,0.0,0.0,0.0,0.0,0.0,1
2023-05-10 21:16:33,j2402,j2402,2089.0,0.0,0.0,0.0,2,2042.5,2101.0,1,2089.0,0.0,0.0,0.0,0.0,0.0,1
2023-05-10 21:16:33,j2402,j2402,2089.0,0.0,0.0,0.0,1,2045.5,2101.0,1,2089.0,0.0,0.0,0.0,0.0,0.0,1
2023-05-10 21:16:35,j2402,j2402,2089.0,0.0,0.0,0.0,4,2046.0,2101.0,1,2089.0,0.0,0.0,0.0,0.0,0.0,1
2023-05-10 21:16:36,j2402,j2402,2089.0,0.0,0.0,0.0,1,2049.0,2101.0,1,2089.0,0.0,0.0,0.0,0.0,0.0,1
2023-05-10 21:16:37,j2402,j2402,2089.0,0.0,0.0,0.0,2,2049.5,2101.0,1,2089.0,0.0,0.0,0.0,0.0,0.0,1
2023-05-10 21:16:38,j2402,j2402,2089.0,0.0,0.0,0.0,1,2052.5,2101.0,1,2089.0,0.0,0.0,0.0,0.0,0.0,1
2023-05-10 21:16:38,j2402,j2402,2089.0,0.0,0.0,0.0,1,2053.0,2101.0,1,2089.0,0.0,0.0,0.0,0.0,0.0,1
2023-05-10 21:16:39,j2402,j2402,2089.0,0.0,0.0,0.0,2,2053.5,2101.0,1,2089.0,0.0,0.0,0.0,0.0,0.0,1
2023-05-10 21:16:39,j2402,j2402,2089.0,0.0,0.0,0.0,4,2053.5,2101.0,1,2089.0,0.0,0.0,0.0,0.0,0.0,1
2023-05-10 21:16:42,j2402,j2402,2089.0,0.0,0.0,0.0,1,2054.0,2101.0,1,2089.0,0.0,0.0,0.0,0.0,0.0,1
2023-05-10 21:16:46,j2402,j2402,2089.0,0.0,0.0,0.0,2,2054.5,2101.0,1,2089.0,0.0,0.0,0.0,0.0,0.0,1
2023-05-10 21:16:46,j2402,j2402,2089.0,0.0,0.0,0.0,2,2056.5,2101.0,1,2089.0,0.0,0.0,0.0,0.0,0.0,1
2023-05-10 21:16:47,j2402,j2402,2089.0,0.0,0.0,0.0,1,2057.0,2101.0,1,2089.0,0.0,0.0,0.0,0.0,0.0,1
2023-05-10 21:16:49,j2402,j2402,2089.0,0.0,0.0,0.0,2,2065.0,2101.0,1,2089.0,0.0,0.0,0.0,0.0,0.0,1
2023-05-10 21:16:50,j2402,j2402,2089.0,0.0,0.0,0.0,1,2065.5,2101.0,1,2089.0,0.0,0.0,0.0,0.0,0.0,1
2023-05-10 21:16:54,j2402,j2402,2089.0,0.0,0.0,0.0,1,2068.0,2101.0,1,2089.0,0.0,0.0,0.0,0.0,0.0,1
2023-05-10 21:16:58,j2402,j2402,2089.0,0.0,0.0,0.0,2,2068.5,2101.0,1,2089.0,0.0,0.0,0.0,0.0,0.0,1
2023-05-10 21:17:22,j2402,j2402,2089.0,0.0,0.0,0.0,2,2068.5,2100.5,2,2089.0,0.0,0.0,0.0,0.0,0.0,1
2023-05-10 21:17:23,j2402,j2402,2089.0,0.0,0.0,0.0,2,2068.5,2100.0,1,2089.0,0.0,0.0,0.0,0.0,0.0,1
2023-05-10 21:18:05,j2402,j2402,2089.0,0.0,0.0,0.0,2,2068.5,2099.5,2,2089.0,0.0,0.0,0.0,0.0,0.0,1
2023-05-10 21:18:07,j2402,j2402,2089.0,0.0,0.0,0.0,2,2068.5,2099.0,1,2089.0,0.0,0.0,0.0,0.0,0.0,1
2023-05-10 21:18:48,j2402,j2402,2089.0,0.0,0.0,0.0,2,2069.0,2099.0,1,2089.0,0.0,0.0,0.0,0.0,0.0,1
2023-05-10 21:18:49,j2402,j2402,2089.0,0.0,0.0,0.0,2,2069.5,2099.0,1,2089.0,0.0,0.0,0.0,0.0,0.0,1
2023-05-10 21:19:31,j2402,j2402,2089.0,0.0,0.0,0.0,2,2069.5,2098.5,2,2089.0,0.0,0.0,0.0,0.0,0.0,1
2023-05-10 21:19:32,j2402,j2402,2089.0,0.0,0.0,0.0,2,2069.5,2098.0,1,2089.0,0.0,0.0,0.0,0.0,0.0,1
2023-05-10 21:20:00,j2402,j2402,2089.0,0.0,0.0,0.0,2,2070.0,2098.0,1,2089.0,0.0,0.0,0.0,0.0,0.0,1
2023-05-10 21:20:03,j2402,j2402,2089.0,0.0,0.0,0.0,2,2070.5,2098.0,1,2089.0,0.0,0.0,0.0,0.0,0.0,1
2023-05-10 21:20:05,j2402,j2402,2089.0,0.0,0.0,0.0,2,2071.0,2098.0,1,2089.0,0.0,0.0,0.0,0.0,0.0,1
2023-05-10 21:20:07,j2402,j2402,2089.0,0.0,0.0,0.0,2,2071.5,2098.0,1,2089.0,0.0,0.0,0.0,0.0,0.0,1
2023-05-10 21:20:13,j2402,j2402,2089.0,0.0,0.0,0.0,2,2071.5,2097.5,2,2089.0,0.0,0.0,0.0,0.0,0.0,1
2023-05-10 21:20:18,j2402,j2402,2089.0,0.0,0.0,0.0,2,2071.5,2165.0,1,2089.0,0.0,0.0,0.0,0.0,0.0,1
2023-05-10 21:20:19,j2402,j2402,2089.0,0.0,0.0,0.0,2,2071.5,2121.5,1,2089.0,0.0,0.0,0.0,0.0,0.0,1
2023-05-10 21:20:19,j2402,j2402,2089.0,0.0,0.0,0.0,2,2071.5,2118.5,1,2089.0,0.0,0.0,0.0,0.0,0.0,1
2023-05-10 21:20:20,j2402,j2402,2089.0,0.0,0.0,0.0,2,2071.5,2118.0,1,2089.0,0.0,0.0,0.0,0.0,0.0,1
2023-05-10 21:20:20,j2402,j2402,2089.0,0.0,0.0,0.0,2,2071.5,2115.0,1,2089.0,0.0,0.0,0.0,0.0,0.0,1
2023-05-10 21:20:22,j2402,j2402,2089.0,0.0,0.0,0.0,2,2071.5,2114.5,1,2089.0,0.0,0.0,0.0,0.0,0.0,1
2023-05-10 21:20:22,j2402,j2402,2089.0,0.0,0.0,0.0,2,2071.5,2111.5,1,2089.0,0.0,0.0,0.0,0.0,0.0,1
2023-05-10 21:20:25,j2402,j2402,2089.0,0.0,0.0,0.0,2,2071.5,2111.0,1,2089.0,0.0,0.0,0.0,0.0,0.0,1
2023-05-10 21:20:56,j2402,j2402,2089.0,0.0,0.0,0.0,2,2071.5,2110.5,2,2089.0,0.0,0.0,0.0,0.0,0.0,1
2023-05-10 21:21:06,j2402,j2402,2089.0,0.0,0.0,0.0,2,2071.5,2110.0,1,2089.0,0.0,0.0,0.0,0.0,0.0,1
2023-05-10 21:22:04,j2402,j2402,2089.0,0.0,0.0,0.0,2,2071.5,2107.0,1,2089.0,0.0,0.0,0.0,0.0,0.0,1
2023-05-10 21:22:06,j2402,j2402,2089.0,0.0,0.0,0.0,2,2071.5,2106.5,1,2089.0,0.0,0.0,0.0,0.0,0.0,1
2023-05-10 21:22:06,j2402,j2402,2089.0,0.0,0.0,0.0,1,2038.5,2106.5,1,2089.0,0.0,0.0,0.0,0.0,0.0,1
2023-05-10 21:22:07,j2402,j2402,2089.0,0.0,0.0,0.0,4,2039.0,2106.5,1,2089.0,0.0,0.0,0.0,0.0,0.0,1
2023-05-10 21:22:07,j2402,j2402,2089.0,0.0,0.0,0.0,1,2042.0,2106.5,1,2089.0,0.0,0.0,0.0,0.0,0.0,1
2023-05-10 21:22:09,j2402,j2402,2089.0,0.0,0.0,0.0,2,2042.5,2106.5,1,2089.0,0.0,0.0,0.0,0.0,0.0,1
2023-05-10 21:22:09,j2402,j2402,2089.0,0.0,0.0,0.0,1,2045.5,2106.5,1,2089.0,0.0,0.0,0.0,0.0,0.0,1
2023-05-10 21:22:10,j2402,j2402,2089.0,0.0,0.0,0.0,3,2046.0,2106.5,1,2089.0,0.0,0.0,0.0,0.0,0.0,1
2023-05-10 21:22:10,j2402,j2402,2089.0,0.0,0.0,0.0,1,2049.0,2106.5,1,2089.0,0.0,0.0,0.0,0.0,0.0,1
2023-05-10 21:22:12,j2402,j2402,2089.0,0.0,0.0,0.0,2,2049.5,2106.5,1,2089.0,0.0,0.0,0.0,0.0,0.0,1
2023-05-10 21:22:13,j2402,j2402,2089.0,0.0,0.0,0.0,3,2050.0,2106.5,1,2089.0,0.0,0.0,0.0,0.0,0.0,1
2023-05-10 21:22:14,j2402,j2402,2089.0,0.0,0.0,0.0,2,2052.0,2106.5,1,2089.0,0.0,0.0,0.0,0.0,0.0,1
2023-05-10 21:22:16,j2402,j2402,2089.0,0.0,0.0,0.0,3,2052.5,2106.5,1,2089.0,0.0,0.0,0.0,0.0,0.0,1
2023-05-10 21:22:19,j2402,j2402,2089.0,0.0,0.0,0.0,2,2060.5,2106.5,1,2089.0,0.0,0.0,0.0,0.0,0.0,1
2023-05-10 21:22:21,j2402,j2402,2089.0,0.0,0.0,0.0,2,2060.5,2106.0,2,2089.0,0.0,0.0,0.0,0.0,0.0,1
2023-05-10 21:22:22,j2402,j2402,2089.0,0.0,0.0,0.0,2,2060.5,2105.5,1,2089.0,0.0,0.0,0.0,0.0,0.0,1
2023-05-10 21:22:22,j2402,j2402,2089.0,0.0,0.0,0.0,3,2061.0,2105.5,1,2089.0,0.0,0.0,0.0,0.0,0.0,1
2023-05-10 21:22:24,j2402,j2402,2089.0,0.0,0.0,0.0,1,2068.5,2105.5,1,2089.0,0.0,0.0,0.0,0.0,0.0,1
2023-05-10 21:22:24,j2402,j2402,2089.0,0.0,0.0,0.0,1,2061.5,2105.5,1,2089.0,0.0,0.0,0.0,0.0,0.0,1
2023-05-10 21:22:25,j2402,j2402,2089.0,0.0,0.0,0.0,2,2061.5,2105.5,1,2089.0,0.0,0.0,0.0,0.0,0.0,1
2023-05-10 21:22:25,j2402,j2402,2089.0,0.0,0.0,0.0,3,2062.0,2105.5,1,2089.0,0.0,0.0,0.0,0.0,0.0,1
2023-05-10 21:22:28,j2402,j2402,2089.0,0.0,0.0,0.0,2,2064.0,2105.5,1,2089.0,0.0,0.0,0.0,0.0,0.0,1
2023-05-10 21:22:29,j2402,j2402,2089.0,0.0,0.0,0.0,3,2064.5,2105.5,1,2089.0,0.0,0.0,0.0,0.0,0.0,1
2023-05-10 21:22:35,j2402,j2402,2089.0,0.0,0.0,0.0,1,2068.5,2105.5,1,2089.0,0.0,0.0,0.0,0.0,0.0,1
2023-05-10 21:22:41,j2402,j2402,2089.0,0.0,0.0,0.0,2,2069.0,2105.5,1,2089.0,0.0,0.0,0.0,0.0,0.0,1
2023-05-10 21:23:03,j2402,j2402,2089.0,0.0,0.0,0.0,2,2069.0,2105.0,2,2089.0,0.0,0.0,0.0,0.0,0.0,1
2023-05-10 21:23:04,j2402,j2402,2089.0,0.0,0.0,0.0,2,2069.0,2104.5,1,2089.0,0.0,0.0,0.0,0.0,0.0,1
2023-05-10 21:23:46,j2402,j2402,2089.0,0.0,0.0,0.0,2,2069.0,2104.0,2,2089.0,0.0,0.0,0.0,0.0,0.0,1
2023-05-10 21:23:48,j2402,j2402,2089.0,0.0,0.0,0.0,2,2069.0,2103.5,1,2089.0,0.0,0.0,0.0,0.0,0.0,1
2023-05-10 21:24:24,j2402,j2402,2089.0,0.0,0.0,0.0,1,2069.5,2103.5,1,2089.0,0.0,0.0,0.0,0.0,0.0,1
2023-05-10 21:24:25,j2402,j2402,2089.0,0.0,0.0,0.0,2,2069.5,2103.5,1,2089.0,0.0,0.0,0.0,0.0,0.0,1
2023-05-10 21:24:25,j2402,j2402,2089.0,0.0,0.0,0.0,2,2070.0,2103.5,1,2089.0,0.0,0.0,0.0,0.0,0.0,1
2023-05-10 21:24:28,j2402,j2402,2089.0,0.0,0.0,0.0,2,2070.0,2103.0,2,2089.0,0.0,0.0,0.0,0.0,0.0,1
2023-05-10 21:24:29,j2402,j2402,2089.0,0.0,0.0,0.0,2,2070.0,2102.5,1,2089.0,0.0,0.0,0.0,0.0,0.0,1
2023-05-10 21:25:11,j2402,j2402,2089.0,0.0,0.0,0.0,2,2070.0,2102.0,2,2089.0,0.0,0.0,0.0,0.0,0.0,1
2023-05-10 21:25:14,j2402,j2402,2089.0,0.0,0.0,0.0,2,2070.0,2101.5,1,2089.0,0.0,0.0,0.0,0.0,0.0,1
2023-05-10 21:25:16,j2402,j2402,2089.0,0.0,0.0,0.0,2,2070.5,2101.5,1,2089.0,0.0,0.0,0.0,0.0,0.0,1
2023-05-10 21:25:16,j2402,j2402,2089.0,0.0,0.0,0.0,1,2049.0,2101.5,1,2089.0,0.0,0.0,0.0,0.0,0.0,1
2023-05-10 21:25:17,j2402,j2402,2089.0,0.0,0.0,0.0,1,2067.5,2101.5,1,2089.0,0.0,0.0,0.0,0.0,0.0,1
2023-05-10 21:25:18,j2402,j2402,2089.0,0.0,0.0,0.0,2,2068.0,2101.5,1,2089.0,0.0,0.0,0.0,0.0,0.0,1
2023-05-10 21:25:23,j2402,j2402,2089.0,0.0,0.0,0.0,2,2068.5,2101.5,1,2089.0,0.0,0.0,0.0,0.0,0.0,1
2023-05-10 21:25:54,j2402,j2402,2089.0,0.0,0.0,0.0,2,2068.5,2101.0,2,2089.0,0.0,0.0,0.0,0.0,0.0,1
2023-05-10 21:25:55,j2402,j2402,2089.0,0.0,0.0,0.0,2,2068.5,2100.5,1,2089.0,0.0,0.0,0.0,0.0,0.0,1
2023-05-10 21:26:37,j2402,j2402,2089.0,0.0,0.0,0.0,2,2069.0,2100.5,1,2089.0,0.0,0.0,0.0,0.0,0.0,1
2023-05-10 21:26:38,j2402,j2402,2089.0,0.0,0.0,0.0,2,2069.5,2100.5,1,2089.0,0.0,0.0,0.0,0.0,0.0,1
2023-05-10 21:27:03,j2402,j2402,2089.0,0.0,0.0,0.0,1,2070.0,2100.5,1,2089.0,0.0,0.0,0.0,0.0,0.0,1
2023-05-10 21:27:03,j2402,j2402,2089.0,0.0,0.0,0.0,1,2069.5,2100.5,1,2089.0,0.0,0.0,0.0,0.0,0.0,1
2023-05-10 21:27:04,j2402,j2402,2089.0,0.0,0.0,0.0,2,2070.5,2100.5,1,2089.0,0.0,0.0,0.0,0.0,0.0,1
2023-05-10 21:27:19,j2402,j2402,2089.0,0.0,0.0,0.0,2,2071.0,2100.5,1,2089.0,0.0,0.0,0.0,0.0,0.0,1
2023-05-10 21:27:20,j2402,j2402,2089.0,0.0,0.0,0.0,2,2071.5,2100.5,1,2089.0,0.0,0.0,0.0,0.0,0.0,1
2023-05-10 21:28:01,j2402,j2402,2089.0,0.0,0.0,0.0,2,2072.0,2100.5,1,2089.0,0.0,0.0,0.0,0.0,0.0,1
2023-05-10 21:28:03,j2402,j2402,2089.0,0.0,0.0,0.0,2,2072.5,2100.5,1,2089.0,0.0,0.0,0.0,0.0,0.0,1
2023-05-10 21:28:42,j2402,j2402,2089.0,0.0,0.0,0.0,3,2072.5,2100.5,1,2089.0,0.0,0.0,0.0,0.0,0.0,1
2023-05-10 21:28:44,j2402,j2402,2089.0,0.0,0.0,0.0,2,2073.0,2100.5,1,2089.0,0.0,0.0,0.0,0.0,0.0,1
2023-05-10 21:28:46,j2402,j2402,2089.0,0.0,0.0,0.0,2,2073.5,2100.5,1,2089.0,0.0,0.0,0.0,0.0,0.0,1
2023-05-10 21:29:24,j2402,j2402,2089.0,0.0,0.0,0.0,1,2049.0,2100.5,1,2089.0,0.0,0.0,0.0,0.0,0.0,1
2023-05-10 21:29:25,j2402,j2402,2089.0,0.0,0.0,0.0,4,2049.5,2100.5,1,2089.0,0.0,0.0,0.0,0.0,0.0,1
2023-05-10 21:29:25,j2402,j2402,2089.0,0.0,0.0,0.0,1,2052.5,2100.5,1,2089.0,0.0,0.0,0.0,0.0,0.0,1
2023-05-10 21:29:26,j2402,j2402,2089.0,0.0,0.0,0.0,1,2053.0,2100.5,1,2089.0,0.0,0.0,0.0,0.0,0.0,1
2023-05-10 21:29:26,j2402,j2402,2089.0,0.0,0.0,0.0,2,2053.5,2100.5,1,2089.0,0.0,0.0,0.0,0.0,0.0,1
2023-05-10 21:29:32,j2402,j2402,2089.0,0.0,0.0,0.0,3,2054.0,2100.5,1,2089.0,0.0,0.0,0.0,0.0,0.0,1
2023-05-10 21:29:35,j2402,j2402,2089.0,0.0,0.0,0.0,2,2056.0,2100.5,1,2089.0,0.0,0.0,0.0,0.0,0.0,1
2023-05-10 21:29:36,j2402,j2402,2089.0,0.0,0.0,0.0,3,2056.5,2100.5,1,2089.0,0.0,0.0,0.0,0.0,0.0,1
2023-05-10 21:29:40,j2402,j2402,2089.0,0.0,0.0,0.0,2,2064.5,2100.5,1,2089.0,0.0,0.0,0.0,0.0,0.0,1
2023-05-10 21:29:46,j2402,j2402,2089.0,0.0,0.0,0.0,2,2065.0,2100.5,1,2089.0,0.0,0.0,0.0,0.0,0.0,1
2023-05-10 21:29:47,j2402,j2402,2089.0,0.0,0.0,0.0,1,2067.0,2100.5,1,2089.0,0.0,0.0,0.0,0.0,0.0,1
2023-05-10 21:29:55,j2402,j2402,2089.0,0.0,0.0,0.0,2,2067.5,2100.5,1,2089.0,0.0,0.0,0.0,0.0,0.0,1
2023-05-10 21:30:02,j2402,j2402,2089.0,0.0,0.0,0.0,2,2068.0,2100.5,1,2089.0,0.0,0.0,0.0,0.0,0.0,1
2023-05-10 21:30:05,j2402,j2402,2089.0,0.0,0.0,0.0,2,2068.5,2100.5,1,2089.0,0.0,0.0,0.0,0.0,0.0,1
2023-05-10 21:30:07,j2402,j2402,2089.0,0.0,0.0,0.0,2,2070.5,2100.5,1,2089.0,0.0,0.0,0.0,0.0,0.0,1
2023-05-10 21:30:08,j2402,j2402,2089.0,0.0,0.0,0.0,2,2071.0,2100.5,1,2089.0,0.0,0.0,0.0,0.0,0.0,1
2023-05-10 21:30:11,j2402,j2402,2089.0,0.0,0.0,0.0,2,2071.0,2100.0,2,2089.0,0.0,0.0,0.0,0.0,0.0,1
2023-05-10 21:30:12,j2402,j2402,2089.0,0.0,0.0,0.0,2,2071.0,2099.5,1,2089.0,0.0,0.0,0.0,0.0,0.0,1
2023-05-10 21:30:14,j2402,j2402,2089.0,0.0,0.0,0.0,1,2035.5,2099.5,1,2089.0,0.0,0.0,0.0,0.0,0.0,1
2023-05-10 21:30:15,j2402,j2402,2089.0,0.0,0.0,0.0,1,2038.5,2099.5,1,2089.0,0.0,0.0,0.0,0.0,0.0,1
2023-05-10 21:30:16,j2402,j2402,2089.0,0.0,0.0,0.0,2,2039.0,2099.5,1,2089.0,0.0,0.0,0.0,0.0,0.0,1
2023-05-10 21:30:17,j2402,j2402,2089.0,0.0,0.0,0.0,1,2042.0,2099.5,1,2089.0,0.0,0.0,0.0,0.0,0.0,1
2023-05-10 21:30:19,j2402,j2402,2089.0,0.0,0.0,0.0,2,2042.5,2099.5,1,2089.0,0.0,0.0,0.0,0.0,0.0,1
2023-05-10 21:30:19,j2402,j2402,2089.0,0.0,0.0,0.0,1,2045.5,2099.5,1,2089.0,0.0,0.0,0.0,0.0,0.0,1
2023-05-10 21:30:20,j2402,j2402,2089.0,0.0,0.0,0.0,2,2045.5,2099.5,1,2089.0,0.0,0.0,0.0,0.0,0.0,1
2023-05-10 21:30:21,j2402,j2402,2089.0,0.0,0.0,0.0,2,2046.0,2099.5,1,2089.0,0.0,0.0,0.0,0.0,0.0,1
2023-05-10 21:30:21,j2402,j2402,2089.0,0.0,0.0,0.0,1,2049.0,2099.5,1,2089.0,0.0,0.0,0.0,0.0,0.0,1
2023-05-10 21:30:23,j2402,j2402,2089.0,0.0,0.0,0.0,2,2049.5,2099.5,1,2089.0,0.0,0.0,0.0,0.0,0.0,1
2023-05-10 21:30:26,j2402,j2402,2089.0,0.0,0.0,0.0,1,2052.5,2099.5,1,2089.0,0.0,0.0,0.0,0.0,0.0,1
2023-05-10 21:30:27,j2402,j2402,2089.0,0.0,0.0,0.0,2,2053.0,2099.5,1,2089.0,0.0,0.0,0.0,0.0,0.0,1
2023-05-10 21:30:28,j2402,j2402,2089.0,0.0,0.0,0.0,2,2053.5,2099.5,1,2089.0,0.0,0.0,0.0,0.0,0.0,1
2023-05-10 21:30:30,j2402,j2402,2089.0,0.0,0.0,0.0,2,2054.0,2099.5,1,2089.0,0.0,0.0,0.0,0.0,0.0,1
2023-05-10 21:30:32,j2402,j2402,2089.0,0.0,0.0,0.0,2,2056.0,2099.5,1,2089.0,0.0,0.0,0.0,0.0,0.0,1
2023-05-10 21:30:33,j2402,j2402,2089.0,0.0,0.0,0.0,2,2056.5,2099.5,1,2089.0,0.0,0.0,0.0,0.0,0.0,1
2023-05-10 21:30:34,j2402,j2402,2089.0,0.0,0.0,0.0,2,2064.5,2099.5,1,2089.0,0.0,0.0,0.0,0.0,0.0,1
2023-05-10 21:30:36,j2402,j2402,2089.0,0.0,0.0,0.0,2,2065.0,2099.5,1,2089.0,0.0,0.0,0.0,0.0,0.0,1
2023-05-10 21:30:37,j2402,j2402,2089.0,0.0,0.0,0.0,1,2067.0,2099.5,1,2089.0,0.0,0.0,0.0,0.0,0.0,1
2023-05-10 21:30:38,j2402,j2402,2089.0,0.0,0.0,0.0,1,2065.5,2099.5,1,2089.0,0.0,0.0,0.0,0.0,0.0,1
2023-05-10 21:30:39,j2402,j2402,2089.0,0.0,0.0,0.0,2,2065.5,2099.5,1,2089.0,0.0,0.0,0.0,0.0,0.0,1
2023-05-10 21:30:40,j2402,j2402,2089.0,0.0,0.0,0.0,2,2066.0,2099.5,1,2089.0,0.0,0.0,0.0,0.0,0.0,1
2023-05-10 21:30:46,j2402,j2402,2089.0,0.0,0.0,0.0,2,2066.5,2099.5,1,2089.0,0.0,0.0,0.0,0.0,0.0,1
2023-05-10 21:30:47,j2402,j2402,2089.0,0.0,0.0,0.0,2,2067.0,2099.5,1,2089.0,0.0,0.0,0.0,0.0,0.0,1
2023-05-10 21:30:54,j2402,j2402,2089.0,0.0,0.0,0.0,2,2067.0,2099.0,2,2089.0,0.0,0.0,0.0,0.0,0.0,1
2023-05-10 21:30:55,j2402,j2402,2089.0,0.0,0.0,0.0,2,2067.0,2098.5,1,2089.0,0.0,0.0,0.0,0.0,0.0,1
2023-05-10 21:30:57,j2402,j2402,2089.0,0.0,0.0,0.0,2,2067.5,2098.5,1,2089.0,0.0,0.0,0.0,0.0,0.0,1
2023-05-10 21:31:02,j2402,j2402,2089.0,0.0,0.0,0.0,2,2068.0,2098.5,1,2089.0,0.0,0.0,0.0,0.0,0.0,1
2023-05-10 21:31:17,j2402,j2402,2089.0,0.0,0.0,0.0,2,2068.5,2098.5,1,2089.0,0.0,0.0,0.0,0.0,0.0,1
2023-05-10 21:31:19,j2402,j2402,2089.0,0.0,0.0,0.0,2,2069.0,2098.5,1,2089.0,0.0,0.0,0.0,0.0,0.0,1
2023-05-10 21:31:29,j2402,j2402,2089.0,0.0,0.0,0.0,2,2069.5,2098.5,1,2089.0,0.0,0.0,0.0,0.0,0.0,1
2023-05-10 21:31:31,j2402,j2402,2089.0,0.0,0.0,0.0,2,2070.0,2098.5,1,2089.0,0.0,0.0,0.0,0.0,0.0,1
2023-05-10 21:31:38,j2402,j2402,2089.0,0.0,0.0,0.0,2,2070.5,2098.5,1,2089.0,0.0,0.0,0.0,0.0,0.0,1
2023-05-10 21:31:41,j2402,j2402,2089.0,0.0,0.0,0.0,2,2071.0,2098.5,1,2089.0,0.0,0.0,0.0,0.0,0.0,1
2023-05-10 21:31:49,j2402,j2402,2089.0,0.0,0.0,0.0,1,2038.5,2098.5,1,2089.0,0.0,0.0,0.0,0.0,0.0,1
2023-05-10 21:31:50,j2402,j2402,2089.0,0.0,0.0,0.0,2,2039.0,2098.5,1,2089.0,0.0,0.0,0.0,0.0,0.0,1
2023-05-10 21:31:50,j2402,j2402,2089.0,0.0,0.0,0.0,1,2042.0,2098.5,1,2089.0,0.0,0.0,0.0,0.0,0.0,1
2023-05-10 21:31:52,j2402,j2402,2089.0,0.0,0.0,0.0,2,2042.5,2098.5,1,2089.0,0.0,0.0,0.0,0.0,0.0,1
2023-05-10 21:31:52,j2402,j2402,2089.0,0.0,0.0,0.0,1,2045.5,2098.5,1,2089.0,0.0,0.0,0.0,0.0,0.0,1
2023-05-10 21:31:53,j2402,j2402,2089.0,0.0,0.0,0.0,2,2046.0,2098.5,1,2089.0,0.0,0.0,0.0,0.0,0.0,1
2023-05-10 21:31:53,j2402,j2402,2089.0,0.0,0.0,0.0,1,2049.0,2098.5,1,2089.0,0.0,0.0,0.0,0.0,0.0,1
2023-05-10 21:31:55,j2402,j2402,2089.0,0.0,0.0,0.0,2,2049.5,2098.5,1,2089.0,0.0,0.0,0.0,0.0,0.0,1
2023-05-10 21:31:56,j2402,j2402,2089.0,0.0,0.0,0.0,2,2050.0,2098.5,1,2089.0,0.0,0.0,0.0,0.0,0.0,1
2023-05-10 21:31:57,j2402,j2402,2089.0,0.0,0.0,0.0,2,2052.0,2098.5,1,2089.0,0.0,0.0,0.0,0.0,0.0,1
2023-05-10 21:32:00,j2402,j2402,2089.0,0.0,0.0,0.0,2,2052.5,2098.5,1,2089.0,0.0,0.0,0.0,0.0,0.0,1
2023-05-10 21:32:01,j2402,j2402,2089.0,0.0,0.0,0.0,2,2060.5,2098.5,1,2089.0,0.0,0.0,0.0,0.0,0.0,1
2023-05-10 21:32:04,j2402,j2402,2089.0,0.0,0.0,0.0,2,2061.0,2098.5,1,2089.0,0.0,0.0,0.0,0.0,0.0,1
2023-05-10 21:32:05,j2402,j2402,2089.0,0.0,0.0,0.0,1,2067.0,2098.5,1,2089.0,0.0,0.0,0.0,0.0,0.0,1
2023-05-10 21:32:07,j2402,j2402,2089.0,0.0,0.0,0.0,1,2061.5,2098.5,1,2089.0,0.0,0.0,0.0,0.0,0.0,1
2023-05-10 21:32:07,j2402,j2402,2089.0,0.0,0.0,0.0,2,2062.0,2098.5,1,2089.0,0.0,0.0,0.0,0.0,0.0,1
2023-05-10 21:32:08,j2402,j2402,2089.0,0.0,0.0,0.0,1,2062.5,2098.5,1,2089.0,0.0,0.0,0.0,0.0,0.0,1
2023-05-10 21:32:08,j2402,j2402,2089.0,0.0,0.0,0.0,1,2063.0,2098.5,1,2089.0,0.0,0.0,0.0,0.0,0.0,1
2023-05-10 21:32:10,j2402,j2402,2089.0,0.0,0.0,0.0,2,2063.5,2098.5,1,2089.0,0.0,0.0,0.0,0.0,0.0,1
2023-05-10 21:32:11,j2402,j2402,2089.0,0.0,0.0,0.0,1,2064.5,2098.5,1,2089.0,0.0,0.0,0.0,0.0,0.0,1
2023-05-10 21:32:12,j2402,j2402,2089.0,0.0,0.0,0.0,2,2064.5,2098.5,1,2089.0,0.0,0.0,0.0,0.0,0.0,1
2023-05-10 21:32:13,j2402,j2402,2089.0,0.0,0.0,0.0,2,2065.0,2098.5,1,2089.0,0.0,0.0,0.0,0.0,0.0,1
2023-05-10 21:32:14,j2402,j2402,2089.0,0.0,0.0,0.0,1,2066.5,2098.5,1,2089.0,0.0,0.0,0.0,0.0,0.0,1
2023-05-10 21:32:16,j2402,j2402,2089.0,0.0,0.0,0.0,2,2067.0,2098.5,1,2089.0,0.0,0.0,0.0,0.0,0.0,1
2023-05-10 21:32:21,j2402,j2402,2089.0,0.0,0.0,0.0,2,2067.0,2098.0,2,2089.0,0.0,0.0,0.0,0.0,0.0,1
2023-05-10 21:32:22,j2402,j2402,2089.0,0.0,0.0,0.0,2,2067.0,2097.5,1,2089.0,0.0,0.0,0.0,0.0,0.0,1
2023-05-10 21:32:23,j2402,j2402,2089.0,0.0,0.0,0.0,2,2067.5,2097.5,1,2089.0,0.0,0.0,0.0,0.0,0.0,1
2023-05-10 21:32:28,j2402,j2402,2089.0,0.0,0.0,0.0,2,2068.0,2097.5,1,2089.0,0.0,0.0,0.0,0.0,0.0,1
2023-05-10 21:33:04,j2402,j2402,2089.0,0.0,0.0,0.0,2,2068.0,2097.0,2,2089.0,0.0,0.0,0.0,0.0,0.0,1
2023-05-10 21:33:07,j2402,j2402,2089.0,0.0,0.0,0.0,2,2068.0,2096.5,1,2089.0,0.0,0.0,0.0,0.0,0.0,1
2023-05-10 21:33:25,j2402,j2402,2089.0,0.0,0.0,0.0,1,2068.5,2096.5,1,2089.0,0.0,0.0,0.0,0.0,0.0,1
2023-05-10 21:33:26,j2402,j2402,2089.0,0.0,0.0,0.0,1,2068.0,2096.5,1,2089.0,0.0,0.0,0.0,0.0,0.0,1
2023-05-10 21:33:26,j2402,j2402,2089.0,0.0,0.0,0.0,2,2068.5,2096.5,1,2089.0,0.0,0.0,0.0,0.0,0.0,1
2023-05-10 21:33:31,j2402,j2402,2089.0,0.0,0.0,0.0,2,2069.0,2096.5,1,2089.0,0.0,0.0,0.0,0.0,0.0,1
2023-05-10 21:33:32,j2402,j2402,2089.0,0.0,0.0,0.0,2,2069.5,2096.5,1,2089.0,0.0,0.0,0.0,0.0,0.0,1
2023-05-10 21:33:45,j2402,j2402,2089.0,0.0,0.0,0.0,1,2038.5,2096.5,1,2089.0,0.0,0.0,0.0,0.0,0.0,1
2023-05-10 21:33:46,j2402,j2402,2089.0,0.0,0.0,0.0,5,2039.0,2096.5,1,2089.0,0.0,0.0,0.0,0.0,0.0,1
2023-05-10 21:33:46,j2402,j2402,2089.0,0.0,0.0,0.0,1,2042.0,2096.5,1,2089.0,0.0,0.0,0.0,0.0,0.0,1
2023-05-10 21:33:47,j2402,j2402,2089.0,0.0,0.0,0.0,1,2042.0,2096.0,2,2089.0,0.0,0.0,0.0,0.0,0.0,1
2023-05-10 21:33:47,j2402,j2402,2089.0,0.0,0.0,0.0,2,2042.5,2096.0,2,2089.0,0.0,0.0,0.0,0.0,0.0,1
2023-05-10 21:33:48,j2402,j2402,2089.0,0.0,0.0,0.0,1,2045.5,2095.5,1,2089.0,0.0,0.0,0.0,0.0,0.0,1
2023-05-10 21:33:52,j2402,j2402,2089.0,0.0,0.0,0.0,2,2046.0,2095.5,1,2089.0,0.0,0.0,0.0,0.0,0.0,1
2023-05-10 21:33:53,j2402,j2402,2089.0,0.0,0.0,0.0,1,2049.0,2095.5,1,2089.0,0.0,0.0,0.0,0.0,0.0,1
2023-05-10 21:33:54,j2402,j2402,2089.0,0.0,0.0,0.0,2,2049.5,2095.5,1,2089.0,0.0,0.0,0.0,0.0,0.0,1
2023-05-10 21:34:03,j2402,j2402,2089.0,0.0,0.0,0.0,2,2050.0,2095.5,1,2089.0,0.0,0.0,0.0,0.0,0.0,1
2023-05-10 21:34:04,j2402,j2402,2089.0,0.0,0.0,0.0,2,2050.5,2095.5,1,2089.0,0.0,0.0,0.0,0.0,0.0,1
2023-05-10 21:34:06,j2402,j2402,2089.0,0.0,0.0,0.0,2,2051.0,2095.5,1,2089.0,0.0,0.0,0.0,0.0,0.0,1
2023-05-10 21:34:07,j2402,j2402,2089.0,0.0,0.0,0.0,2,2053.0,2095.5,1,2089.0,0.0,0.0,0.0,0.0,0.0,1
2023-05-10 21:34:09,j2402,j2402,2089.0,0.0,0.0,0.0,2,2053.5,2095.5,1,2089.0,0.0,0.0,0.0,0.0,0.0,1
2023-05-10 21:34:11,j2402,j2402,2089.0,0.0,0.0,0.0,2,2061.5,2095.5,1,2089.0,0.0,0.0,0.0,0.0,0.0,1
2023-05-10 21:34:15,j2402,j2402,2089.0,0.0,0.0,0.0,2,2062.0,2095.5,1,2089.0,0.0,0.0,0.0,0.0,0.0,1
2023-05-10 21:34:17,j2402,j2402,2089.0,0.0,0.0,0.0,1,2069.5,2095.5,1,2089.0,0.0,0.0,0.0,0.0,0.0,1
2023-05-10 21:34:18,j2402,j2402,2089.0,0.0,0.0,0.0,2,2070.0,2095.5,1,2089.0,0.0,0.0,0.0,0.0,0.0,1
2023-05-10 21:34:29,j2402,j2402,2089.0,0.0,0.0,0.0,2,2070.5,2095.5,1,2089.0,0.0,0.0,0.0,0.0,0.0,1
2023-05-10 21:34:29,j2402,j2402,2089.0,0.0,0.0,0.0,2,2070.5,2153.0,1,2089.0,0.0,0.0,0.0,0.0,0.0,1
2023-05-10 21:34:30,j2402,j2402,2089.0,0.0,0.0,0.0,2,2070.5,2119.5,1,2089.0,0.0,0.0,0.0,0.0,0.0,1
2023-05-10 21:34:30,j2402,j2402,2089.0,0.0,0.0,0.0,2,2070.5,2116.5,1,2089.0,0.0,0.0,0.0,0.0,0.0,1
2023-05-10 21:34:31,j2402,j2402,2089.0,0.0,0.0,0.0,2,2070.5,2116.0,1,2089.0,0.0,0.0,0.0,0.0,0.0,1
2023-05-10 21:34:31,j2402,j2402,2089.0,0.0,0.0,0.0,2,2070.5,2113.0,1,2089.0,0.0,0.0,0.0,0.0,0.0,1
2023-05-10 21:34:32,j2402,j2402,2089.0,0.0,0.0,0.0,1,2069.5,2112.5,1,2089.0,0.0,0.0,0.0,0.0,0.0,1
2023-05-10 21:34:33,j2402,j2402,2089.0,0.0,0.0,0.0,2,2070.0,2109.5,1,2089.0,0.0,0.0,0.0,0.0,0.0,1
2023-05-10 21:34:33,j2402,j2402,2089.0,0.0,0.0,0.0,2,2070.0,2109.0,1,2089.0,0.0,0.0,0.0,0.0,0.0,1
2023-05-10 21:35:02,j2402,j2402,2089.0,0.0,0.0,0.0,1,2062.5,2109.0,1,2089.0,0.0,0.0,0.0,0.0,0.0,1
2023-05-10 21:35:02,j2402,j2402,2089.0,0.0,0.0,0.0,2,2063.0,2109.0,1,2089.0,0.0,0.0,0.0,0.0,0.0,1
2023-05-10 21:35:03,j2402,j2402,2089.0,0.0,0.0,0.0,1,2063.5,2109.0,1,2089.0,0.0,0.0,0.0,0.0,0.0,1
2023-05-10 21:35:03,j2402,j2402,2089.0,0.0,0.0,0.0,2,2063.5,2109.0,1,2089.0,0.0,0.0,0.0,0.0,0.0,1
2023-05-10 21:35:05,j2402,j2402,2089.0,0.0,0.0,0.0,2,2064.0,2109.0,1,2089.0,0.0,0.0,0.0,0.0,0.0,1
2023-05-10 21:35:07,j2402,j2402,2089.0,0.0,0.0,0.0,1,2066.0,2109.0,1,2089.0,0.0,0.0,0.0,0.0,0.0,1
2023-05-10 21:35:08,j2402,j2402,2089.0,0.0,0.0,0.0,2,2066.5,2109.0,1,2089.0,0.0,0.0,0.0,0.0,0.0,1
2023-05-10 21:35:09,j2402,j2402,2089.0,0.0,0.0,0.0,1,2067.5,2109.0,1,2089.0,0.0,0.0,0.0,0.0,0.0,1
2023-05-10 21:35:09,j2402,j2402,2089.0,0.0,0.0,0.0,2,2067.5,2109.0,1,2089.0,0.0,0.0,0.0,0.0,0.0,1
2023-05-10 21:35:10,j2402,j2402,2089.0,0.0,0.0,0.0,1,2067.5,2109.0,1,2089.0,0.0,0.0,0.0,0.0,0.0,1
2023-05-10 21:35:11,j2402,j2402,2089.0,0.0,0.0,0.0,1,2067.5,2108.5,2,2089.0,0.0,0.0,0.0,0.0,0.0,1
2023-05-10 21:35:12,j2402,j2402,2089.0,0.0,0.0,0.0,1,2067.5,2108.0,1,2089.0,0.0,0.0,0.0,0.0,0.0,1
2023-05-10 21:35:17,j2402,j2402,2089.0,0.0,0.0,0.0,2,2068.0,2108.0,1,2089.0,0.0,0.0,0.0,0.0,0.0,1
2023-05-10 21:35:54,j2402,j2402,2089.0,0.0,0.0,0.0,2,2068.0,2107.5,2,2089.0,0.0,0.0,0.0,0.0,0.0,1
2023-05-10 21:35:56,j2402,j2402,2089.0,0.0,0.0,0.0,2,2068.0,2107.0,1,2089.0,0.0,0.0,0.0,0.0,0.0,1
2023-05-10 21:36:13,j2402,j2402,2089.0,0.0,0.0,0.0,2,2068.0,2104.0,1,2089.0,0.0,0.0,0.0,0.0,0.0,1
2023-05-10 21:36:14,j2402,j2402,2089.0,0.0,0.0,0.0,2,2068.0,2103.5,1,2089.0,0.0,0.0,0.0,0.0,0.0,1
2023-05-10 21:36:37,j2402,j2402,2089.0,0.0,0.0,0.0,2,2068.0,2103.0,2,2089.0,0.0,0.0,0.0,0.0,0.0,1
2023-05-10 21:36:38,j2402,j2402,2089.0,0.0,0.0,0.0,2,2068.0,2102.5,1,2089.0,0.0,0.0,0.0,0.0,0.0,1
2023-05-10 21:37:04,j2402,j2402,2089.0,0.0,0.0,0.0,1,2068.5,2102.5,1,2089.0,0.0,0.0,0.0,0.0,0.0,1
2023-05-10 21:37:05,j2402,j2402,2089.0,0.0,0.0,0.0,2,2069.0,2102.5,1,2089.0,0.0,0.0,0.0,0.0,0.0,1
2023-05-10 21:37:20,j2402,j2402,2089.0,0.0,0.0,0.0,2,2069.0,2102.0,2,2089.0,0.0,0.0,0.0,0.0,0.0,1
2023-05-10 21:37:22,j2402,j2402,2089.0,0.0,0.0,0.0,2,2069.0,2101.5,1,2089.0,0.0,0.0,0.0,0.0,0.0,1
2023-05-10 21:37:23,j2402,j2402,2089.0,0.0,0.0,0.0,1,2069.5,2101.5,1,2089.0,0.0,0.0,0.0,0.0,0.0,1
2023-05-10 21:37:25,j2402,j2402,2089.0,0.0,0.0,0.0,2,2070.0,2101.5,1,2089.0,0.0,0.0,0.0,0.0,0.0,1
2023-05-10 21:37:28,j2402,j2402,2089.0,0.0,0.0,0.0,1,2070.5,2101.5,1,2089.0,0.0,0.0,0.0,0.0,0.0,1
2023-05-10 21:37:29,j2402,j2402,2089.0,0.0,0.0,0.0,2,2071.0,2101.5,1,2089.0,0.0,0.0,0.0,0.0,0.0,1
2023-05-10 21:38:03,j2402,j2402,2089.0,0.0,0.0,0.0,2,2071.0,2101.0,2,2089.0,0.0,0.0,0.0,0.0,0.0,1
2023-05-10 21:38:04,j2402,j2402,2089.0,0.0,0.0,0.0,2,2071.0,2100.5,1,2089.0,0.0,0.0,0.0,0.0,0.0,1
2023-05-10 21:38:07,j2402,j2402,2089.0,0.0,0.0,0.0,1,2049.0,2100.5,1,2089.0,0.0,0.0,0.0,0.0,0.0,1
2023-05-10 21:38:07,j2402,j2402,2089.0,0.0,0.0,0.0,2,2049.5,2100.5,1,2089.0,0.0,0.0,0.0,0.0,0.0,1
2023-05-10 21:38:08,j2402,j2402,2089.0,0.0,0.0,0.0,1,2052.5,2100.5,1,2089.0,0.0,0.0,0.0,0.0,0.0,1
2023-05-10 21:38:10,j2402,j2402,2089.0,0.0,0.0,0.0,2,2053.0,2100.5,1,2089.0,0.0,0.0,0.0,0.0,0.0,1
2023-05-10 21:38:10,j2402,j2402,2089.0,0.0,0.0,0.0,4,2053.0,2100.5,1,2089.0,0.0,0.0,0.0,0.0,0.0,1
2023-05-10 21:38:46,j2402,j2402,2089.0,0.0,0.0,0.0,2,2053.5,2100.5,1,2089.0,0.0,0.0,0.0,0.0,0.0,1
2023-05-10 21:38:47,j2402,j2402,2089.0,0.0,0.0,0.0,4,2054.0,2100.5,1,2089.0,0.0,0.0,0.0,0.0,0.0,1
2023-05-10 21:39:29,j2402,j2402,2089.0,0.0,0.0,0.0,2,2054.5,2100.5,1,2089.0,0.0,0.0,0.0,0.0,0.0,1
2023-05-10 21:39:32,j2402,j2402,2089.0,0.0,0.0,0.0,2,2055.0,2100.5,1,2089.0,0.0,0.0,0.0,0.0,0.0,1
2023-05-10 21:39:33,j2402,j2402,2089.0,0.0,0.0,0.0,1,2055.5,2100.5,1,2089.0,0.0,0.0,0.0,0.0,0.0,1
2023-05-10 21:39:34,j2402,j2402,2089.0,0.0,0.0,0.0,2,2055.5,2100.5,1,2089.0,0.0,0.0,0.0,0.0,0.0,1
2023-05-10 21:39:36,j2402,j2402,2089.0,0.0,0.0,0.0,2,2056.0,2100.5,1,2089.0,0.0,0.0,0.0,0.0,0.0,1
2023-05-10 21:39:37,j2402,j2402,2089.0,0.0,0.0,0.0,2,2058.0,2100.5,1,2089.0,0.0,0.0,0.0,0.0,0.0,1
2023-05-10 21:39:43,j2402,j2402,2089.0,0.0,0.0,0.0,2,2058.5,2100.5,1,2089.0,0.0,0.0,0.0,0.0,0.0,1
2023-05-10 21:39:44,j2402,j2402,2089.0,0.0,0.0,0.0,1,2064.0,2100.5,1,2089.0,0.0,0.0,0.0,0.0,0.0,1
2023-05-10 21:39:45,j2402,j2402,2089.0,0.0,0.0,0.0,1,2059.0,2100.5,1,2089.0,0.0,0.0,0.0,0.0,0.0,1
2023-05-10 21:39:46,j2402,j2402,2089.0,0.0,0.0,0.0,2,2059.0,2100.5,1,2089.0,0.0,0.0,0.0,0.0,0.0,1
2023-05-10 21:39:47,j2402,j2402,2089.0,0.0,0.0,0.0,2,2059.5,2100.5,1,2089.0,0.0,0.0,0.0,0.0,0.0,1
2023-05-10 21:39:49,j2402,j2402,2089.0,0.0,0.0,0.0,2,2061.5,2100.5,1,2089.0,0.0,0.0,0.0,0.0,0.0,1
2023-05-10 21:39:51,j2402,j2402,2089.0,0.0,0.0,0.0,2,2062.0,2100.5,1,2089.0,0.0,0.0,0.0,0.0,0.0,1
2023-05-10 21:39:52,j2402,j2402,2089.0,0.0,0.0,0.0,1,2063.0,2100.5,1,2089.0,0.0,0.0,0.0,0.0,0.0,1
2023-05-10 21:39:54,j2402,j2402,2089.0,0.0,0.0,0.0,2,2063.5,2100.5,1,2089.0,0.0,0.0,0.0,0.0,0.0,1
2023-05-10 21:40:11,j2402,j2402,2089.0,0.0,0.0,0.0,2,2063.5,2100.0,2,2089.0,0.0,0.0,0.0,0.0,0.0,1
2023-05-10 21:40:12,j2402,j2402,2089.0,0.0,0.0,0.0,2,2063.5,2099.5,1,2089.0,0.0,0.0,0.0,0.0,0.0,1
2023-05-10 21:40:54,j2402,j2402,2089.0,0.0,0.0,0.0,2,2063.5,2099.0,2,2089.0,0.0,0.0,0.0,0.0,0.0,1
2023-05-10 21:40:54,j2402,j2402,2089.0,0.0,0.0,0.0,2,2063.5,2098.5,1,2089.0,0.0,0.0,0.0,0.0,0.0,1
2023-05-10 21:41:35,j2402,j2402,2089.0,0.0,0.0,0.0,1,2038.5,2098.5,1,2089.0,0.0,0.0,0.0,0.0,0.0,1
2023-05-10 21:41:36,j2402,j2402,2089.0,0.0,0.0,0.0,2,2039.0,2098.5,1,2089.0,0.0,0.0,0.0,0.0,0.0,1
2023-05-10 21:41:36,j2402,j2402,2089.0,0.0,0.0,0.0,1,2042.0,2098.5,1,2089.0,0.0,0.0,0.0,0.0,0.0,1
2023-05-10 21:41:37,j2402,j2402,2089.0,0.0,0.0,0.0,1,2042.0,2098.0,2,2089.0,0.0,0.0,0.0,0.0,0.0,1
2023-05-10 21:41:38,j2402,j2402,2089.0,0.0,0.0,0.0,2,2042.5,2097.5,1,2089.0,0.0,0.0,0.0,0.0,0.0,1
2023-05-10 21:41:38,j2402,j2402,2089.0,0.0,0.0,0.0,1,2045.5,2097.5,1,2089.0,0.0,0.0,0.0,0.0,0.0,1
2023-05-10 21:41:39,j2402,j2402,2089.0,0.0,0.0,0.0,2,2046.0,2097.5,1,2089.0,0.0,0.0,0.0,0.0,0.0,1
2023-05-10 21:41:40,j2402,j2402,2089.0,0.0,0.0,0.0,2,2046.5,2097.5,1,2089.0,0.0,0.0,0.0,0.0,0.0,1
2023-05-10 21:41:42,j2402,j2402,2089.0,0.0,0.0,0.0,2,2047.0,2097.5,1,2089.0,0.0,0.0,0.0,0.0,0.0,1
2023-05-10 21:41:44,j2402,j2402,2089.0,0.0,0.0,0.0,2,2049.0,2097.5,1,2089.0,0.0,0.0,0.0,0.0,0.0,1
2023-05-10 21:41:45,j2402,j2402,2089.0,0.0,0.0,0.0,2,2049.5,2097.5,1,2089.0,0.0,0.0,0.0,0.0,0.0,1
2023-05-10 21:41:47,j2402,j2402,2089.0,0.0,0.0,0.0,2,2057.5,2097.5,1,2089.0,0.0,0.0,0.0,0.0,0.0,1
2023-05-10 21:41:48,j2402,j2402,2089.0,0.0,0.0,0.0,2,2058.0,2097.5,1,2089.0,0.0,0.0,0.0,0.0,0.0,1
2023-05-10 21:41:50,j2402,j2402,2089.0,0.0,0.0,0.0,1,2059.0,2097.5,1,2089.0,0.0,0.0,0.0,0.0,0.0,1
2023-05-10 21:41:54,j2402,j2402,2089.0,0.0,0.0,0.0,2,2059.5,2097.5,1,2089.0,0.0,0.0,0.0,0.0,0.0,1
2023-05-10 21:42:02,j2402,j2402,2089.0,0.0,0.0,0.0,1,2038.5,2097.5,1,2089.0,0.0,0.0,0.0,0.0,0.0,1
2023-05-10 21:42:02,j2402,j2402,2089.0,0.0,0.0,0.0,2,2039.0,2097.5,1,2089.0,0.0,0.0,0.0,0.0,0.0,1
2023-05-10 21:42:03,j2402,j2402,2089.0,0.0,0.0,0.0,1,2042.0,2097.5,1,2089.0,0.0,0.0,0.0,0.0,0.0,1
2023-05-10 21:42:05,j2402,j2402,2089.0,0.0,0.0,0.0,2,2042.5,2097.5,1,2089.0,0.0,0.0,0.0,0.0,0.0,1
2023-05-10 21:42:05,j2402,j2402,2089.0,0.0,0.0,0.0,2,2043.0,2097.5,1,2089.0,0.0,0.0,0.0,0.0,0.0,1
2023-05-10 21:42:07,j2402,j2402,2089.0,0.0,0.0,0.0,2,2045.0,2097.5,1,2089.0,0.0,0.0,0.0,0.0,0.0,1
2023-05-10 21:42:08,j2402,j2402,2089.0,0.0,0.0,0.0,2,2045.5,2097.5,1,2089.0,0.0,0.0,0.0,0.0,0.0,1
2023-05-10 21:42:13,j2402,j2402,2089.0,0.0,0.0,0.0,2,2053.5,2097.5,1,2089.0,0.0,0.0,0.0,0.0,0.0,1
2023-05-10 21:42:14,j2402,j2402,2089.0,0.0,0.0,0.0,2,2054.0,2097.5,1,2089.0,0.0,0.0,0.0,0.0,0.0,1
2023-05-10 21:42:16,j2402,j2402,2089.0,0.0,0.0,0.0,1,2058.0,2097.5,1,2089.0,0.0,0.0,0.0,0.0,0.0,1
2023-05-10 21:42:17,j2402,j2402,2089.0,0.0,0.0,0.0,2,2058.5,2097.5,1,2089.0,0.0,0.0,0.0,0.0,0.0,1
2023-05-10 21:42:20,j2402,j2402,2089.0,0.0,0.0,0.0,2,2058.5,2097.0,2,2089.0,0.0,0.0,0.0,0.0,0.0,1
2023-05-10 21:42:21,j2402,j2402,2089.0,0.0,0.0,0.0,2,2058.5,2096.5,1,2089.0,0.0,0.0,0.0,0.0,0.0,1
2023-05-10 21:43:02,j2402,j2402,2089.0,0.0,0.0,0.0,2,2058.5,2096.0,2,2089.0,0.0,0.0,0.0,0.0,0.0,1
2023-05-10 21:43:03,j2402,j2402,2089.0,0.0,0.0,0.0,2,2058.5,2095.5,1,2089.0,0.0,0.0,0.0,0.0,0.0,1
2023-05-10 21:43:45,j2402,j2402,2089.0,0.0,0.0,0.0,2,2058.5,2095.0,2,2089.0,0.0,0.0,0.0,0.0,0.0,1
2023-05-10 21:43:46,j2402,j2402,2089.0,0.0,0.0,0.0,2,2058.5,2094.5,1,2089.0,0.0,0.0,0.0,0.0,0.0,1
2023-05-10 21:43:59,j2402,j2402,2089.0,0.0,0.0,0.0,1,2059.0,2094.5,1,2089.0,0.0,0.0,0.0,0.0,0.0,1
2023-05-10 21:44:02,j2402,j2402,2089.0,0.0,0.0,0.0,2,2059.5,2094.5,1,2089.0,0.0,0.0,0.0,0.0,0.0,1
2023-05-10 21:44:07,j2402,j2402,2089.0,0.0,0.0,0.0,1,2060.0,2094.5,1,2089.0,0.0,0.0,0.0,0.0,0.0,1
2023-05-10 21:44:09,j2402,j2402,2089.0,0.0,0.0,0.0,2,2060.5,2094.5,1,2089.0,0.0,0.0,0.0,0.0,0.0,1
2023-05-10 21:44:28,j2402,j2402,2089.0,0.0,0.0,0.0,2,2060.5,2094.0,2,2089.0,0.0,0.0,0.0,0.0,0.0,1
2023-05-10 21:44:32,j2402,j2402,2089.0,0.0,0.0,0.0,2,2060.5,2093.5,1,2089.0,0.0,0.0,0.0,0.0,0.0,1
2023-05-10 21:45:12,j2402,j2402,2089.0,0.0,0.0,0.0,2,2061.0,2093.5,1,2089.0,0.0,0.0,0.0,0.0,0.0,1
2023-05-10 21:45:13,j2402,j2402,2089.0,0.0,0.0,0.0,2,2061.5,2093.5,1,2089.0,0.0,0.0,0.0,0.0,0.0,1
2023-05-10 21:45:20,j2402,j2402,2089.0,0.0,0.0,0.0,1,2062.0,2093.5,1,2089.0,0.0,0.0,0.0,0.0,0.0,1
2023-05-10 21:45:21,j2402,j2402,2089.0,0.0,0.0,0.0,2,2062.5,2093.5,1,2089.0,0.0,0.0,0.0,0.0,0.0,1
2023-05-10 21:45:55,j2402,j2402,2089.0,0.0,0.0,0.0,2,2063.0,2093.5,1,2089.0,0.0,0.0,0.0,0.0,0.0,1
2023-05-10 21:45:56,j2402,j2402,2089.0,0.0,0.0,0.0,2,2063.5,2093.5,1,2089.0,0.0,0.0,0.0,0.0,0.0,1
2023-05-10 21:46:18,j2402,j2402,2089.0,0.0,0.0,0.0,1,2042.0,2093.5,1,2089.0,0.0,0.0,0.0,0.0,0.0,1
2023-05-10 21:46:18,j2402,j2402,2089.0,0.0,0.0,0.0,2,2042.5,2093.5,1,2089.0,0.0,0.0,0.0,0.0,0.0,1
2023-05-10 21:46:19,j2402,j2402,2089.0,0.0,0.0,0.0,1,2045.5,2093.5,1,2089.0,0.0,0.0,0.0,0.0,0.0,1
2023-05-10 21:46:21,j2402,j2402,2089.0,0.0,0.0,0.0,2,2046.0,2093.5,1,2089.0,0.0,0.0,0.0,0.0,0.0,1
2023-05-10 21:46:39,j2402,j2402,2089.0,0.0,0.0,0.0,2,2046.5,2093.5,1,2089.0,0.0,0.0,0.0,0.0,0.0,1
2023-05-10 21:46:44,j2402,j2402,2089.0,0.0,0.0,0.0,2,2047.0,2093.5,1,2089.0,0.0,0.0,0.0,0.0,0.0,1
2023-05-10 21:47:23,j2402,j2402,2089.0,0.0,0.0,0.0,2,2047.5,2093.5,1,2089.0,0.0,0.0,0.0,0.0,0.0,1
2023-05-10 21:47:27,j2402,j2402,2089.0,0.0,0.0,0.0,2,2048.0,2093.5,1,2089.0,0.0,0.0,0.0,0.0,0.0,1
2023-05-10 21:48:07,j2402,j2402,2089.0,0.0,0.0,0.0,2,2048.5,2093.5,1,2089.0,0.0,0.0,0.0,0.0,0.0,1
2023-05-10 21:48:09,j2402,j2402,2089.0,0.0,0.0,0.0,2,2049.0,2093.5,1,2089.0,0.0,0.0,0.0,0.0,0.0,1
2023-05-10 21:48:49,j2402,j2402,2089.0,0.0,0.0,0.0,2,2049.5,2093.5,1,2089.0,0.0,0.0,0.0,0.0,0.0,1
2023-05-10 21:48:51,j2402,j2402,2089.0,0.0,0.0,0.0,2,2050.0,2093.5,1,2089.0,0.0,0.0,0.0,0.0,0.0,1
2023-05-10 21:49:33,j2402,j2402,2089.0,0.0,0.0,0.0,2,2050.5,2093.5,1,2089.0,0.0,0.0,0.0,0.0,0.0,1
2023-05-10 21:49:34,j2402,j2402,2089.0,0.0,0.0,0.0,2,2051.0,2093.5,1,2089.0,0.0,0.0,0.0,0.0,0.0,1
2023-05-10 21:50:17,j2402,j2402,2089.0,0.0,0.0,0.0,2,2051.5,2093.5,1,2089.0,0.0,0.0,0.0,0.0,0.0,1
2023-05-10 21:50:20,j2402,j2402,2089.0,0.0,0.0,0.0,2,2052.0,2093.5,1,2089.0,0.0,0.0,0.0,0.0,0.0,1
2023-05-10 21:51:01,j2402,j2402,2089.0,0.0,0.0,0.0,2,2052.0,2093.0,2,2089.0,0.0,0.0,0.0,0.0,0.0,1
2023-05-10 21:51:02,j2402,j2402,2089.0,0.0,0.0,0.0,2,2052.0,2092.5,1,2089.0,0.0,0.0,0.0,0.0,0.0,1
2023-05-10 21:51:13,j2402,j2402,2089.0,0.0,0.0,0.0,1,2038.5,2092.5,1,2089.0,0.0,0.0,0.0,0.0,0.0,1
2023-05-10 21:51:14,j2402,j2402,2089.0,0.0,0.0,0.0,1,2017.5,2092.5,1,2089.0,0.0,0.0,0.0,0.0,0.0,1
2023-05-10 21:51:14,j2402,j2402,2089.0,0.0,0.0,0.0,2,2039.0,2092.5,1,2089.0,0.0,0.0,0.0,0.0,0.0,1
2023-05-10 21:51:40,j2402,j2402,2089.0,0.0,0.0,0.0,1,2042.0,2092.5,1,2089.0,0.0,0.0,0.0,0.0,0.0,1
2023-05-10 21:51:44,j2402,j2402,2089.0,0.0,0.0,0.0,2,2042.5,2092.5,1,2089.0,0.0,0.0,0.0,0.0,0.0,1
2023-05-10 21:51:44,j2402,j2402,2089.0,0.0,0.0,0.0,2,2043.0,2092.5,1,2089.0,0.0,0.0,0.0,0.0,0.0,1
2023-05-10 21:52:26,j2402,j2402,2089.0,0.0,0.0,0.0,2,2043.5,2092.5,1,2089.0,0.0,0.0,0.0,0.0,0.0,1
2023-05-10 21:52:28,j2402,j2402,2089.0,0.0,0.0,0.0,2,2044.0,2092.5,1,2089.0,0.0,0.0,0.0,0.0,0.0,1
2023-05-10 21:53:09,j2402,j2402,2089.0,0.0,0.0,0.0,2,2044.5,2092.5,1,2089.0,0.0,0.0,0.0,0.0,0.0,1
2023-05-10 21:53:11,j2402,j2402,2089.0,0.0,0.0,0.0,2,2045.0,2092.5,1,2089.0,0.0,0.0,0.0,0.0,0.0,1
2023-05-10 21:53:52,j2402,j2402,2089.0,0.0,0.0,0.0,2,2045.5,2092.5,1,2089.0,0.0,0.0,0.0,0.0,0.0,1
2023-05-10 21:53:54,j2402,j2402,2089.0,0.0,0.0,0.0,2,2046.0,2092.5,1,2089.0,0.0,0.0,0.0,0.0,0.0,1
2023-05-10 21:54:35,j2402,j2402,2089.0,0.0,0.0,0.0,2,2046.5,2092.5,1,2089.0,0.0,0.0,0.0,0.0,0.0,1
2023-05-10 21:54:38,j2402,j2402,2089.0,0.0,0.0,0.0,2,2047.0,2092.5,1,2089.0,0.0,0.0,0.0,0.0,0.0,1
2023-05-10 21:55:17,j2402,j2402,2089.0,0.0,0.0,0.0,1,2047.0,2092.5,1,2089.0,0.0,0.0,0.0,0.0,0.0,1
2023-05-10 21:55:18,j2402,j2402,2089.0,0.0,0.0,0.0,1,2047.0,2092.0,2,2089.0,0.0,0.0,0.0,0.0,0.0,1
2023-05-10 21:55:19,j2402,j2402,2089.0,0.0,0.0,0.0,1,2047.0,2091.5,1,2089.0,0.0,0.0,0.0,0.0,0.0,1
2023-05-10 21:55:22,j2402,j2402,2089.0,0.0,0.0,0.0,1,2020.5,2091.5,1,2089.0,0.0,0.0,0.0,0.0,0.0,1
2023-05-10 21:55:22,j2402,j2402,2089.0,0.0,0.0,0.0,1,2021.0,2088.5,1,2089.0,0.0,0.0,0.0,0.0,0.0,1
2023-05-10 21:55:23,j2402,j2402,2089.0,0.0,0.0,0.0,1,2024.0,2088.5,1,2089.0,0.0,0.0,0.0,0.0,0.0,1
2023-05-10 21:55:23,j2402,j2402,2089.0,0.0,0.0,0.0,1,2024.0,2088.0,1,2089.0,0.0,0.0,0.0,0.0,0.0,1
2023-05-10 21:55:24,j2402,j2402,2089.0,0.0,0.0,0.0,2,2024.5,2088.0,1,2089.0,0.0,0.0,0.0,0.0,0.0,1
2023-05-10 21:55:25,j2402,j2402,2089.0,0.0,0.0,0.0,1,2027.5,2088.0,1,2089.0,0.0,0.0,0.0,0.0,0.0,1
2023-05-10 21:55:26,j2402,j2402,2089.0,0.0,0.0,0.0,2,2028.0,2088.0,1,2089.0,0.0,0.0,0.0,0.0,0.0,1
2023-05-10 21:55:27,j2402,j2402,2089.0,0.0,0.0,0.0,1,2031.0,2088.0,1,2089.0,0.0,0.0,0.0,0.0,0.0,1
2023-05-10 21:55:28,j2402,j2402,2089.0,0.0,0.0,0.0,2,2031.5,2088.0,1,2089.0,0.0,0.0,0.0,0.0,0.0,1
2023-05-10 21:55:31,j2402,j2402,2089.0,0.0,0.0,0.0,1,2034.5,2088.0,1,2089.0,0.0,0.0,0.0,0.0,0.0,1
2023-05-10 21:55:33,j2402,j2402,2089.0,0.0,0.0,0.0,2,2035.0,2088.0,1,2089.0,0.0,0.0,0.0,0.0,0.0,1
2023-05-10 21:56:01,j2402,j2402,2089.0,0.0,0.0,0.0,2,2035.5,2088.0,1,2089.0,0.0,0.0,0.0,0.0,0.0,1
2023-05-10 21:56:03,j2402,j2402,2089.0,0.0,0.0,0.0,2,2036.0,2088.0,1,2089.0,0.0,0.0,0.0,0.0,0.0,1
2023-05-10 21:56:44,j2402,j2402,2089.0,0.0,0.0,0.0,2,2036.5,2088.0,1,2089.0,0.0,0.0,0.0,0.0,0.0,1
2023-05-10 21:56:45,j2402,j2402,2089.0,0.0,0.0,0.0,2,2037.0,2088.0,1,2089.0,0.0,0.0,0.0,0.0,0.0,1
2023-05-10 21:57:27,j2402,j2402,2089.0,0.0,0.0,0.0,2,2037.5,2088.0,1,2089.0,0.0,0.0,0.0,0.0,0.0,1
2023-05-10 21:57:29,j2402,j2402,2089.0,0.0,0.0,0.0,2,2038.0,2088.0,1,2089.0,0.0,0.0,0.0,0.0,0.0,1
2023-05-10 21:58:09,j2402,j2402,2089.0,0.0,0.0,0.0,2,2038.5,2088.0,1,2089.0,0.0,0.0,0.0,0.0,0.0,1
2023-05-10 21:58:10,j2402,j2402,2089.0,0.0,0.0,0.0,2,2039.0,2088.0,1,2089.0,0.0,0.0,0.0,0.0,0.0,1
2023-05-10 21:58:51,j2402,j2402,2089.0,0.0,0.0,0.0,2,2039.5,2088.0,1,2089.0,0.0,0.0,0.0,0.0,0.0,1
2023-05-10 21:58:53,j2402,j2402,2089.0,0.0,0.0,0.0,2,2040.0,2088.0,1,2089.0,0.0,0.0,0.0,0.0,0.0,1
2023-05-10 21:59:33,j2402,j2402,2089.0,0.0,0.0,0.0,2,2040.5,2088.0,1,2089.0,0.0,0.0,0.0,0.0,0.0,1
2023-05-10 21:59:35,j2402,j2402,2089.0,0.0,0.0,0.0,2,2041.0,2088.0,1,2089.0,0.0,0.0,0.0,0.0,0.0,1
2023-05-10 22:00:15,j2402,j2402,2089.0,0.0,0.0,0.0,2,2041.5,2088.0,1,2089.0,0.0,0.0,0.0,0.0,0.0,1
2023-05-10 22:00:16,j2402,j2402,2089.0,0.0,0.0,0.0,2,2042.0,2088.0,1,2089.0,0.0,0.0,0.0,0.0,0.0,1
2023-05-10 22:00:58,j2402,j2402,2089.0,0.0,0.0,0.0,2,2042.5,2088.0,1,2089.0,0.0,0.0,0.0,0.0,0.0,1
2023-05-10 22:00:59,j2402,j2402,2089.0,0.0,0.0,0.0,2,2043.0,2088.0,1,2089.0,0.0,0.0,0.0,0.0,0.0,1
2023-05-10 22:01:40,j2402,j2402,2089.0,0.0,0.0,0.0,2,2043.5,2088.0,1,2089.0,0.0,0.0,0.0,0.0,0.0,1
2023-05-10 22:01:41,j2402,j2402,2089.0,0.0,0.0,0.0,2,2044.0,2088.0,1,2089.0,0.0,0.0,0.0,0.0,0.0,1
2023-05-10 22:02:23,j2402,j2402,2089.0,0.0,0.0,0.0,2,2044.5,2088.0,1,2089.0,0.0,0.0,0.0,0.0,0.0,1
2023-05-10 22:02:24,j2402,j2402,2089.0,0.0,0.0,0.0,2,2045.0,2088.0,1,2089.0,0.0,0.0,0.0,0.0,0.0,1
2023-05-10 22:03:06,j2402,j2402,2089.0,0.0,0.0,0.0,2,2045.5,2088.0,1,2089.0,0.0,0.0,0.0,0.0,0.0,1
2023-05-10 22:03:08,j2402,j2402,2089.0,0.0,0.0,0.0,2,2046.0,2088.0,1,2089.0,0.0,0.0,0.0,0.0,0.0,1
2023-05-10 22:03:49,j2402,j2402,2089.0,0.0,0.0,0.0,2,2046.5,2088.0,1,2089.0,0.0,0.0,0.0,0.0,0.0,1
2023-05-10 22:03:51,j2402,j2402,2089.0,0.0,0.0,0.0,2,2047.0,2088.0,1,2089.0,0.0,0.0,0.0,0.0,0.0,1
2023-05-10 22:04:33,j2402,j2402,2089.0,0.0,0.0,0.0,2,2047.5,2088.0,1,2089.0,0.0,0.0,0.0,0.0,0.0,1
2023-05-10 22:04:34,j2402,j2402,2089.0,0.0,0.0,0.0,2,2048.0,2088.0,1,2089.0,0.0,0.0,0.0,0.0,0.0,1
2023-05-10 22:05:17,j2402,j2402,2089.0,0.0,0.0,0.0,2,2048.5,2088.0,1,2089.0,0.0,0.0,0.0,0.0,0.0,1
2023-05-10 22:05:18,j2402,j2402,2089.0,0.0,0.0,0.0,2,2049.0,2088.0,1,2089.0,0.0,0.0,0.0,0.0,0.0,1
2023-05-10 22:05:23,j2402,j2402,2089.0,0.0,0.0,0.0,2,2049.0,2153.0,1,2089.0,0.0,0.0,0.0,0.0,0.0,1
2023-05-10 22:05:23,j2402,j2402,2089.0,0.0,0.0,0.0,2,2049.0,2087.5,1,2089.0,0.0,0.0,0.0,0.0,0.0,1
2023-05-10 22:05:59,j2402,j2402,2089.0,0.0,0.0,0.0,2,2049.5,2087.5,1,2089.0,0.0,0.0,0.0,0.0,0.0,1
2023-05-10 22:06:01,j2402,j2402,2089.0,0.0,0.0,0.0,2,2050.0,2087.5,1,2089.0,0.0,0.0,0.0,0.0,0.0,1
2023-05-10 22:06:42,j2402,j2402,2089.0,0.0,0.0,0.0,2,2050.5,2087.5,1,2089.0,0.0,0.0,0.0,0.0,0.0,1
2023-05-10 22:06:43,j2402,j2402,2089.0,0.0,0.0,0.0,2,2051.0,2087.5,1,2089.0,0.0,0.0,0.0,0.0,0.0,1
2023-05-10 22:07:24,j2402,j2402,2089.0,0.0,0.0,0.0,2,2051.5,2087.5,1,2089.0,0.0,0.0,0.0,0.0,0.0,1
2023-05-10 22:07:26,j2402,j2402,2089.0,0.0,0.0,0.0,2,2052.0,2087.5,1,2089.0,0.0,0.0,0.0,0.0,0.0,1
2023-05-10 22:08:07,j2402,j2402,2089.0,0.0,0.0,0.0,2,2052.5,2087.5,1,2089.0,0.0,0.0,0.0,0.0,0.0,1
2023-05-10 22:08:08,j2402,j2402,2089.0,0.0,0.0,0.0,2,2053.0,2087.5,1,2089.0,0.0,0.0,0.0,0.0,0.0,1
2023-05-10 22:08:49,j2402,j2402,2089.0,0.0,0.0,0.0,2,2053.5,2087.5,1,2089.0,0.0,0.0,0.0,0.0,0.0,1
2023-05-10 22:08:50,j2402,j2402,2089.0,0.0,0.0,0.0,2,2054.0,2087.5,1,2089.0,0.0,0.0,0.0,0.0,0.0,1
2023-05-10 22:09:31,j2402,j2402,2089.0,0.0,0.0,0.0,2,2054.5,2087.5,1,2089.0,0.0,0.0,0.0,0.0,0.0,1
2023-05-10 22:09:32,j2402,j2402,2089.0,0.0,0.0,0.0,2,2055.0,2087.5,1,2089.0,0.0,0.0,0.0,0.0,0.0,1
2023-05-10 22:10:13,j2402,j2402,2089.0,0.0,0.0,0.0,2,2055.0,2087.0,2,2089.0,0.0,0.0,0.0,0.0,0.0,1
2023-05-10 22:10:14,j2402,j2402,2089.0,0.0,0.0,0.0,2,2055.0,2086.5,1,2089.0,0.0,0.0,0.0,0.0,0.0,1
2023-05-10 22:10:55,j2402,j2402,2089.0,0.0,0.0,0.0,2,2055.0,2086.0,2,2089.0,0.0,0.0,0.0,0.0,0.0,1
2023-05-10 22:10:57,j2402,j2402,2089.0,0.0,0.0,0.0,2,2055.0,2085.5,1,2089.0,0.0,0.0,0.0,0.0,0.0,1
2023-05-10 22:11:38,j2402,j2402,2089.0,0.0,0.0,0.0,2,2055.5,2085.5,1,2089.0,0.0,0.0,0.0,0.0,0.0,1
2023-05-10 22:11:40,j2402,j2402,2089.0,0.0,0.0,0.0,2,2056.0,2085.5,1,2089.0,0.0,0.0,0.0,0.0,0.0,1
2023-05-10 22:12:20,j2402,j2402,2089.0,0.0,0.0,0.0,2,2056.5,2085.5,1,2089.0,0.0,0.0,0.0,0.0,0.0,1
2023-05-10 22:12:21,j2402,j2402,2089.0,0.0,0.0,0.0,2,2057.0,2085.5,1,2089.0,0.0,0.0,0.0,0.0,0.0,1
2023-05-10 22:13:02,j2402,j2402,2089.0,0.0,0.0,0.0,2,2057.5,2085.5,1,2089.0,0.0,0.0,0.0,0.0,0.0,1
2023-05-10 22:13:04,j2402,j2402,2089.0,0.0,0.0,0.0,2,2058.0,2085.5,1,2089.0,0.0,0.0,0.0,0.0,0.0,1
2023-05-10 22:13:45,j2402,j2402,2089.0,0.0,0.0,0.0,2,2058.0,2085.0,2,2089.0,0.0,0.0,0.0,0.0,0.0,1
2023-05-10 22:13:48,j2402,j2402,2089.0,0.0,0.0,0.0,2,2058.0,2084.5,1,2089.0,0.0,0.0,0.0,0.0,0.0,1
2023-05-10 22:14:16,j2402,j2402,2089.0,0.0,0.0,0.0,1,2058.0,2084.5,1,2089.0,0.0,0.0,0.0,0.0,0.0,1
2023-05-10 22:14:26,j2402,j2402,2089.0,0.0,0.0,0.0,1,2020.5,2084.5,1,2089.0,0.0,0.0,0.0,0.0,0.0,1
2023-05-10 22:14:26,j2402,j2402,2089.0,0.0,0.0,0.0,1,2021.0,2084.5,1,2089.0,0.0,0.0,0.0,0.0,0.0,1
2023-05-10 22:14:27,j2402,j2402,2089.0,0.0,0.0,0.0,1,2024.0,2084.5,1,2089.0,0.0,0.0,0.0,0.0,0.0,1
2023-05-10 22:14:28,j2402,j2402,2089.0,0.0,0.0,0.0,2,2024.5,2084.5,1,2089.0,0.0,0.0,0.0,0.0,0.0,1
2023-05-10 22:14:29,j2402,j2402,2089.0,0.0,0.0,0.0,1,2027.5,2084.5,1,2089.0,0.0,0.0,0.0,0.0,0.0,1
2023-05-10 22:14:29,j2402,j2402,2089.0,0.0,0.0,0.0,1,2028.0,2084.5,1,2089.0,0.0,0.0,0.0,0.0,0.0,1
2023-05-10 22:14:30,j2402,j2402,2089.0,0.0,0.0,0.0,1,2031.0,2084.5,1,2089.0,0.0,0.0,0.0,0.0,0.0,1
2023-05-10 22:14:31,j2402,j2402,2089.0,0.0,0.0,0.0,2,2031.5,2084.5,1,2089.0,0.0,0.0,0.0,0.0,0.0,1
2023-05-10 22:14:32,j2402,j2402,2089.0,0.0,0.0,0.0,1,2034.5,2084.5,1,2089.0,0.0,0.0,0.0,0.0,0.0,1
2023-05-10 22:14:34,j2402,j2402,2089.0,0.0,0.0,0.0,3,2035.0,2084.5,1,2089.0,0.0,0.0,0.0,0.0,0.0,1
2023-05-10 22:14:34,j2402,j2402,2089.0,0.0,0.0,0.0,1,2038.0,2084.5,1,2089.0,0.0,0.0,0.0,0.0,0.0,1
2023-05-10 22:14:35,j2402,j2402,2089.0,0.0,0.0,0.0,2,2038.5,2084.5,1,2089.0,0.0,0.0,0.0,0.0,0.0,1
2023-05-10 22:14:36,j2402,j2402,2089.0,0.0,0.0,0.0,1,2041.5,2084.5,1,2089.0,0.0,0.0,0.0,0.0,0.0,1
2023-05-10 22:14:37,j2402,j2402,2089.0,0.0,0.0,0.0,2,2042.0,2084.5,1,2089.0,0.0,0.0,0.0,0.0,0.0,1
2023-05-10 22:14:50,j2402,j2402,2089.0,0.0,0.0,0.0,1,2045.0,2084.5,1,2089.0,0.0,0.0,0.0,0.0,0.0,1
2023-05-10 22:14:52,j2402,j2402,2089.0,0.0,0.0,0.0,2,2045.5,2084.5,1,2089.0,0.0,0.0,0.0,0.0,0.0,1
2023-05-10 22:15:11,j2402,j2402,2089.0,0.0,0.0,0.0,2,2046.0,2084.5,1,2089.0,0.0,0.0,0.0,0.0,0.0,1
2023-05-10 22:15:13,j2402,j2402,2089.0,0.0,0.0,0.0,2,2046.5,2084.5,1,2089.0,0.0,0.0,0.0,0.0,0.0,1
2023-05-10 22:15:55,j2402,j2402,2089.0,0.0,0.0,0.0,2,2047.0,2084.5,1,2089.0,0.0,0.0,0.0,0.0,0.0,1
2023-05-10 22:15:56,j2402,j2402,2089.0,0.0,0.0,0.0,2,2047.5,2084.5,1,2089.0,0.0,0.0,0.0,0.0,0.0,1
2023-05-10 22:16:37,j2402,j2402,2089.0,0.0,0.0,0.0,2,2048.0,2084.5,1,2089.0,0.0,0.0,0.0,0.0,0.0,1
2023-05-10 22:16:39,j2402,j2402,2089.0,0.0,0.0,0.0,2,2048.5,2084.5,1,2089.0,0.0,0.0,0.0,0.0,0.0,1
2023-05-10 22:17:20,j2402,j2402,2089.0,0.0,0.0,0.0,2,2049.0,2084.5,1,2089.0,0.0,0.0,0.0,0.0,0.0,1
2023-05-10 22:17:23,j2402,j2402,2089.0,0.0,0.0,0.0,2,2049.5,2084.5,1,2089.0,0.0,0.0,0.0,0.0,0.0,1
2023-05-10 22:18:03,j2402,j2402,2089.0,0.0,0.0,0.0,2,2049.5,2084.0,2,2089.0,0.0,0.0,0.0,0.0,0.0,1
2023-05-10 22:18:04,j2402,j2402,2089.0,0.0,0.0,0.0,2,2049.5,2083.5,1,2089.0,0.0,0.0,0.0,0.0,0.0,1
2023-05-10 22:18:46,j2402,j2402,2089.0,0.0,0.0,0.0,2,2049.5,2083.0,2,2089.0,0.0,0.0,0.0,0.0,0.0,1
2023-05-10 22:18:47,j2402,j2402,2089.0,0.0,0.0,0.0,2,2049.5,2082.5,1,2089.0,0.0,0.0,0.0,0.0,0.0,1
2023-05-10 22:19:29,j2402,j2402,2089.0,0.0,0.0,0.0,2,2049.5,2082.0,2,2089.0,0.0,0.0,0.0,0.0,0.0,1
2023-05-10 22:19:31,j2402,j2402,2089.0,0.0,0.0,0.0,2,2049.5,2081.5,1,2089.0,0.0,0.0,0.0,0.0,0.0,1
2023-05-10 22:20:12,j2402,j2402,2089.0,0.0,0.0,0.0,2,2049.5,2081.0,2,2089.0,0.0,0.0,0.0,0.0,0.0,1
2023-05-10 22:20:13,j2402,j2402,2089.0,0.0,0.0,0.0,2,2049.5,2080.5,1,2089.0,0.0,0.0,0.0,0.0,0.0,1
2023-05-10 22:20:55,j2402,j2402,2089.0,0.0,0.0,0.0,2,2049.5,2080.0,2,2089.0,0.0,0.0,0.0,0.0,0.0,1
2023-05-10 22:20:56,j2402,j2402,2089.0,0.0,0.0,0.0,2,2049.5,2079.5,1,2089.0,0.0,0.0,0.0,0.0,0.0,1
2023-05-10 22:21:38,j2402,j2402,2089.0,0.0,0.0,0.0,2,2049.5,2079.0,2,2089.0,0.0,0.0,0.0,0.0,0.0,1
2023-05-10 22:21:39,j2402,j2402,2089.0,0.0,0.0,0.0,2,2049.5,2078.5,1,2089.0,0.0,0.0,0.0,0.0,0.0,1
2023-05-10 22:22:21,j2402,j2402,2089.0,0.0,0.0,0.0,2,2049.5,2078.0,2,2089.0,0.0,0.0,0.0,0.0,0.0,1
2023-05-10 22:22:22,j2402,j2402,2089.0,0.0,0.0,0.0,2,2049.5,2077.5,1,2089.0,0.0,0.0,0.0,0.0,0.0,1
2023-05-10 22:23:04,j2402,j2402,2089.0,0.0,0.0,0.0,2,2049.5,2077.0,2,2089.0,0.0,0.0,0.0,0.0,0.0,1
2023-05-10 22:23:05,j2402,j2402,2089.0,0.0,0.0,0.0,1,2049.5,2076.5,1,2089.0,0.0,0.0,0.0,0.0,0.0,1
2023-05-10 22:23:06,j2402,j2402,2089.0,0.0,0.0,0.0,1,2020.5,2076.5,1,2089.0,0.0,0.0,0.0,0.0,0.0,1
2023-05-10 22:23:08,j2402,j2402,2089.0,0.0,0.0,0.0,1,2021.0,2076.5,1,2089.0,0.0,0.0,0.0,0.0,0.0,1
2023-05-10 22:23:08,j2402,j2402,2089.0,0.0,0.0,0.0,1,2024.0,2076.5,1,2089.0,0.0,0.0,0.0,0.0,0.0,1
2023-05-10 22:23:09,j2402,j2402,2089.0,0.0,0.0,0.0,2,2024.5,2076.5,1,2089.0,0.0,0.0,0.0,0.0,0.0,1
2023-05-10 22:23:10,j2402,j2402,2089.0,0.0,0.0,0.0,1,2027.5,2076.5,1,2089.0,0.0,0.0,0.0,0.0,0.0,1
2023-05-10 22:23:11,j2402,j2402,2089.0,0.0,0.0,0.0,1,2028.0,2076.5,1,2089.0,0.0,0.0,0.0,0.0,0.0,1
2023-05-10 22:23:11,j2402,j2402,2089.0,0.0,0.0,0.0,1,2031.0,2076.5,1,2089.0,0.0,0.0,0.0,0.0,0.0,1
2023-05-10 22:23:13,j2402,j2402,2089.0,0.0,0.0,0.0,2,2031.5,2076.5,1,2089.0,0.0,0.0,0.0,0.0,0.0,1
2023-05-10 22:23:30,j2402,j2402,2089.0,0.0,0.0,0.0,1,2034.5,2076.5,1,2089.0,0.0,0.0,0.0,0.0,0.0,1
2023-05-10 22:23:31,j2402,j2402,2089.0,0.0,0.0,0.0,2,2035.0,2076.5,1,2089.0,0.0,0.0,0.0,0.0,0.0,1
2023-05-10 22:23:46,j2402,j2402,2089.0,0.0,0.0,0.0,2,2035.5,2076.5,1,2089.0,0.0,0.0,0.0,0.0,0.0,1
2023-05-10 22:23:48,j2402,j2402,2089.0,0.0,0.0,0.0,2,2036.0,2076.5,1,2089.0,0.0,0.0,0.0,0.0,0.0,1
2023-05-10 22:24:28,j2402,j2402,2089.0,0.0,0.0,0.0,2,2036.5,2076.5,1,2089.0,0.0,0.0,0.0,0.0,0.0,1
2023-05-10 22:24:30,j2402,j2402,2089.0,0.0,0.0,0.0,2,2037.0,2076.5,1,2089.0,0.0,0.0,0.0,0.0,0.0,1
2023-05-10 22:25:11,j2402,j2402,2089.0,0.0,0.0,0.0,2,2037.5,2076.5,1,2089.0,0.0,0.0,0.0,0.0,0.0,1
2023-05-10 22:25:12,j2402,j2402,2089.0,0.0,0.0,0.0,2,2038.0,2076.5,1,2089.0,0.0,0.0,0.0,0.0,0.0,1
2023-05-10 22:25:54,j2402,j2402,2089.0,0.0,0.0,0.0,2,2038.5,2076.5,1,2089.0,0.0,0.0,0.0,0.0,0.0,1
2023-05-10 22:25:55,j2402,j2402,2089.0,0.0,0.0,0.0,2,2039.0,2076.5,1,2089.0,0.0,0.0,0.0,0.0,0.0,1
2023-05-10 22:26:37,j2402,j2402,2089.0,0.0,0.0,0.0,2,2039.5,2076.5,1,2089.0,0.0,0.0,0.0,0.0,0.0,1
2023-05-10 22:26:40,j2402,j2402,2089.0,0.0,0.0,0.0,2,2040.0,2076.5,1,2089.0,0.0,0.0,0.0,0.0,0.0,1
2023-05-10 22:27:21,j2402,j2402,2089.0,0.0,0.0,0.0,2,2040.5,2076.5,1,2089.0,0.0,0.0,0.0,0.0,0.0,1
2023-05-10 22:27:23,j2402,j2402,2089.0,0.0,0.0,0.0,2,2041.0,2076.5,1,2089.0,0.0,0.0,0.0,0.0,0.0,1
2023-05-10 22:28:03,j2402,j2402,2089.0,0.0,0.0,0.0,2,2041.5,2076.5,1,2089.0,0.0,0.0,0.0,0.0,0.0,1
2023-05-10 22:28:06,j2402,j2402,2089.0,0.0,0.0,0.0,2,2042.0,2076.5,1,2089.0,0.0,0.0,0.0,0.0,0.0,1
2023-05-10 22:28:46,j2402,j2402,2089.0,0.0,0.0,0.0,2,2042.5,2076.5,1,2089.0,0.0,0.0,0.0,0.0,0.0,1
2023-05-10 22:28:48,j2402,j2402,2089.0,0.0,0.0,0.0,2,2043.0,2076.5,1,2089.0,0.0,0.0,0.0,0.0,0.0,1
2023-05-10 22:29:29,j2402,j2402,2089.0,0.0,0.0,0.0,2,2043.5,2076.5,1,2089.0,0.0,0.0,0.0,0.0,0.0,1
2023-05-10 22:29:30,j2402,j2402,2089.0,0.0,0.0,0.0,2,2044.0,2076.5,1,2089.0,0.0,0.0,0.0,0.0,0.0,1
2023-05-10 22:30:11,j2402,j2402,2089.0,0.0,0.0,0.0,2,2044.5,2076.5,1,2089.0,0.0,0.0,0.0,0.0,0.0,1
2023-05-10 22:30:12,j2402,j2402,2089.0,0.0,0.0,0.0,2,2045.0,2076.5,1,2089.0,0.0,0.0,0.0,0.0,0.0,1
2023-05-10 22:30:32,j2402,j2402,2089.0,0.0,0.0,0.0,2,2045.0,2153.0,1,2089.0,0.0,0.0,0.0,0.0,0.0,1
2023-05-10 22:30:33,j2402,j2402,2089.0,0.0,0.0,0.0,2,2045.0,2108.0,1,2089.0,0.0,0.0,0.0,0.0,0.0,1
2023-05-10 22:30:33,j2402,j2402,2089.0,0.0,0.0,0.0,2,2045.0,2105.0,1,2089.0,0.0,0.0,0.0,0.0,0.0,1
2023-05-10 22:30:34,j2402,j2402,2089.0,0.0,0.0,0.0,2,2045.0,2104.5,1,2089.0,0.0,0.0,0.0,0.0,0.0,1
2023-05-10 22:30:35,j2402,j2402,2089.0,0.0,0.0,0.0,2,2045.0,2101.5,1,2089.0,0.0,0.0,0.0,0.0,0.0,1
2023-05-10 22:30:36,j2402,j2402,2089.0,0.0,0.0,0.0,2,2045.0,2101.0,1,2089.0,0.0,0.0,0.0,0.0,0.0,1
2023-05-10 22:30:54,j2402,j2402,2089.0,0.0,0.0,0.0,2,2045.0,2100.5,2,2089.0,0.0,0.0,0.0,0.0,0.0,1
2023-05-10 22:30:55,j2402,j2402,2089.0,0.0,0.0,0.0,2,2045.0,2100.0,1,2089.0,0.0,0.0,0.0,0.0,0.0,1
2023-05-10 22:31:20,j2402,j2402,2089.0,0.0,0.0,0.0,2,2045.0,2097.0,1,2089.0,0.0,0.0,0.0,0.0,0.0,1
2023-05-10 22:31:21,j2402,j2402,2089.0,0.0,0.0,0.0,2,2045.0,2096.5,1,2089.0,0.0,0.0,0.0,0.0,0.0,1
2023-05-10 22:31:36,j2402,j2402,2089.0,0.0,0.0,0.0,2,2045.0,2096.0,2,2089.0,0.0,0.0,0.0,0.0,0.0,1
2023-05-10 22:31:41,j2402,j2402,2089.0,0.0,0.0,0.0,2,2045.0,2095.5,1,2089.0,0.0,0.0,0.0,0.0,0.0,1
2023-05-10 22:33:00,j2402,j2402,2089.0,0.0,0.0,0.0,2,2045.0,2095.0,2,2089.0,0.0,0.0,0.0,0.0,0.0,1
2023-05-10 22:33:01,j2402,j2402,2089.0,0.0,0.0,0.0,2,2045.0,2094.5,1,2089.0,0.0,0.0,0.0,0.0,0.0,1
2023-05-10 22:33:42,j2402,j2402,2089.0,0.0,0.0,0.0,2,2045.0,2094.0,2,2089.0,0.0,0.0,0.0,0.0,0.0,1
2023-05-10 22:33:44,j2402,j2402,2089.0,0.0,0.0,0.0,2,2045.0,2093.5,1,2089.0,0.0,0.0,0.0,0.0,0.0,1
2023-05-10 22:34:25,j2402,j2402,2089.0,0.0,0.0,0.0,2,2045.0,2093.0,2,2089.0,0.0,0.0,0.0,0.0,0.0,1
2023-05-10 22:34:26,j2402,j2402,2089.0,0.0,0.0,0.0,2,2045.0,2092.5,1,2089.0,0.0,0.0,0.0,0.0,0.0,1
2023-05-10 22:35:08,j2402,j2402,2089.0,0.0,0.0,0.0,2,2045.0,2092.0,2,2089.0,0.0,0.0,0.0,0.0,0.0,1
2023-05-10 22:35:09,j2402,j2402,2089.0,0.0,0.0,0.0,2,2045.0,2091.5,1,2089.0,0.0,0.0,0.0,0.0,0.0,1
2023-05-10 22:35:50,j2402,j2402,2089.0,0.0,0.0,0.0,2,2045.0,2091.0,2,2089.0,0.0,0.0,0.0,0.0,0.0,1
2023-05-10 22:35:52,j2402,j2402,2089.0,0.0,0.0,0.0,2,2045.0,2090.5,1,2089.0,0.0,0.0,0.0,0.0,0.0,1
2023-05-10 22:36:07,j2402,j2402,2089.0,0.0,0.0,0.0,1,2045.0,2090.5,1,2089.0,0.0,0.0,0.0,0.0,0.0,1
2023-05-10 22:36:07,j2402,j2402,2089.0,0.0,0.0,0.0,1,2020.5,2090.5,1,2089.0,0.0,0.0,0.0,0.0,0.0,1
2023-05-10 22:36:08,j2402,j2402,2089.0,0.0,0.0,0.0,1,2030.0,2090.5,1,2089.0,0.0,0.0,0.0,0.0,0.0,1
2023-05-10 22:36:08,j2402,j2402,2089.0,0.0,0.0,0.0,1,2033.0,2090.5,1,2089.0,0.0,0.0,0.0,0.0,0.0,1
2023-05-10 22:36:10,j2402,j2402,2089.0,0.0,0.0,0.0,2,2033.5,2090.5,1,2089.0,0.0,0.0,0.0,0.0,0.0,1
2023-05-10 22:36:25,j2402,j2402,2089.0,0.0,0.0,0.0,1,2036.5,2090.5,1,2089.0,0.0,0.0,0.0,0.0,0.0,1
2023-05-10 22:36:27,j2402,j2402,2089.0,0.0,0.0,0.0,2,2037.0,2090.5,1,2089.0,0.0,0.0,0.0,0.0,0.0,1
2023-05-10 22:36:32,j2402,j2402,2089.0,0.0,0.0,0.0,2,2037.0,2090.0,2,2089.0,0.0,0.0,0.0,0.0,0.0,1
2023-05-10 22:36:33,j2402,j2402,2089.0,0.0,0.0,0.0,2,2037.0,2089.5,1,2089.0,0.0,0.0,0.0,0.0,0.0,1
2023-05-10 22:37:14,j2402,j2402,2089.0,0.0,0.0,0.0,2,2037.0,2089.0,2,2089.0,0.0,0.0,0.0,0.0,0.0,1
2023-05-10 22:37:16,j2402,j2402,2089.0,0.0,0.0,0.0,2,2037.0,2088.5,1,2089.0,0.0,0.0,0.0,0.0,0.0,1
2023-05-10 22:37:56,j2402,j2402,2089.0,0.0,0.0,0.0,2,2037.0,2088.0,2,2089.0,0.0,0.0,0.0,0.0,0.0,1
2023-05-10 22:37:57,j2402,j2402,2089.0,0.0,0.0,0.0,2,2037.0,2087.5,1,2089.0,0.0,0.0,0.0,0.0,0.0,1
2023-05-10 22:38:25,j2402,j2402,2089.0,0.0,0.0,0.0,2,2037.0,2084.5,1,2089.0,0.0,0.0,0.0,0.0,0.0,1
2023-05-10 22:38:25,j2402,j2402,2089.0,0.0,0.0,0.0,1,2037.0,2084.5,1,2089.0,0.0,0.0,0.0,0.0,0.0,1
2023-05-10 22:38:26,j2402,j2402,2089.0,0.0,0.0,0.0,1,2020.5,2084.0,1,2089.0,0.0,0.0,0.0,0.0,0.0,1
2023-05-10 22:38:27,j2402,j2402,2089.0,0.0,0.0,0.0,2,2021.0,2084.0,1,2089.0,0.0,0.0,0.0,0.0,0.0,1
2023-05-10 22:38:27,j2402,j2402,2089.0,0.0,0.0,0.0,1,2024.0,2084.0,1,2089.0,0.0,0.0,0.0,0.0,0.0,1
2023-05-10 22:38:28,j2402,j2402,2089.0,0.0,0.0,0.0,1,2024.0,2081.0,1,2089.0,0.0,0.0,0.0,0.0,0.0,1
2023-05-10 22:38:29,j2402,j2402,2089.0,0.0,0.0,0.0,2,2024.5,2080.5,1,2089.0,0.0,0.0,0.0,0.0,0.0,1
2023-05-10 22:38:39,j2402,j2402,2089.0,0.0,0.0,0.0,2,2024.5,2080.0,2,2089.0,0.0,0.0,0.0,0.0,0.0,1
2023-05-10 22:38:40,j2402,j2402,2089.0,0.0,0.0,0.0,2,2024.5,2079.5,1,2089.0,0.0,0.0,0.0,0.0,0.0,1
2023-05-10 22:39:16,j2402,j2402,2089.0,0.0,0.0,0.0,1,2027.5,2079.5,1,2089.0,0.0,0.0,0.0,0.0,0.0,1
2023-05-10 22:39:17,j2402,j2402,2089.0,0.0,0.0,0.0,2,2028.0,2079.5,1,2089.0,0.0,0.0,0.0,0.0,0.0,1
2023-05-10 22:39:22,j2402,j2402,2089.0,0.0,0.0,0.0,2,2028.0,2079.0,2,2089.0,0.0,0.0,0.0,0.0,0.0,1
2023-05-10 22:39:23,j2402,j2402,2089.0,0.0,0.0,0.0,2,2028.0,2078.5,1,2089.0,0.0,0.0,0.0,0.0,0.0,1
2023-05-10 22:40:06,j2402,j2402,2089.0,0.0,0.0,0.0,2,2028.0,2078.0,2,2089.0,0.0,0.0,0.0,0.0,0.0,1
2023-05-10 22:40:07,j2402,j2402,2089.0,0.0,0.0,0.0,2,2028.0,2077.5,1,2089.0,0.0,0.0,0.0,0.0,0.0,1
2023-05-10 22:40:07,j2402,j2402,2089.0,0.0,0.0,0.0,2,2028.0,2077.5,2,2089.0,0.0,0.0,0.0,0.0,0.0,1
2023-05-10 22:40:13,j2402,j2402,2089.0,0.0,0.0,0.0,2,2028.0,2077.5,1,2089.0,0.0,0.0,0.0,0.0,0.0,1
2023-05-10 22:40:47,j2402,j2402,2089.0,0.0,0.0,0.0,2,2028.0,2077.0,2,2089.0,0.0,0.0,0.0,0.0,0.0,1
2023-05-10 22:40:49,j2402,j2402,2089.0,0.0,0.0,0.0,2,2028.0,2076.5,1,2089.0,0.0,0.0,0.0,0.0,0.0,1
2023-05-10 22:41:30,j2402,j2402,2089.0,0.0,0.0,0.0,2,2028.0,2076.0,2,2089.0,0.0,0.0,0.0,0.0,0.0,1
2023-05-10 22:41:31,j2402,j2402,2089.0,0.0,0.0,0.0,2,2028.0,2075.5,1,2089.0,0.0,0.0,0.0,0.0,0.0,1
2023-05-10 22:42:12,j2402,j2402,2089.0,0.0,0.0,0.0,2,2028.0,2075.0,2,2089.0,0.0,0.0,0.0,0.0,0.0,1
2023-05-10 22:42:14,j2402,j2402,2089.0,0.0,0.0,0.0,2,2028.0,2074.5,1,2089.0,0.0,0.0,0.0,0.0,0.0,1
2023-05-10 22:42:56,j2402,j2402,2089.0,0.0,0.0,0.0,2,2028.5,2074.5,1,2089.0,0.0,0.0,0.0,0.0,0.0,1
2023-05-10 22:42:58,j2402,j2402,2089.0,0.0,0.0,0.0,2,2029.0,2074.5,1,2089.0,0.0,0.0,0.0,0.0,0.0,1
2023-05-10 22:43:38,j2402,j2402,2089.0,0.0,0.0,0.0,2,2029.5,2074.5,1,2089.0,0.0,0.0,0.0,0.0,0.0,1
2023-05-10 22:43:40,j2402,j2402,2089.0,0.0,0.0,0.0,2,2030.0,2074.5,1,2089.0,0.0,0.0,0.0,0.0,0.0,1
2023-05-10 22:44:20,j2402,j2402,2089.0,0.0,0.0,0.0,2,2030.5,2074.5,1,2089.0,0.0,0.0,0.0,0.0,0.0,1
2023-05-10 22:44:21,j2402,j2402,2089.0,0.0,0.0,0.0,2,2031.0,2074.5,1,2089.0,0.0,0.0,0.0,0.0,0.0,1
2023-05-10 22:45:02,j2402,j2402,2089.0,0.0,0.0,0.0,2,2031.0,2074.0,2,2089.0,0.0,0.0,0.0,0.0,0.0,1
2023-05-10 22:45:03,j2402,j2402,2089.0,0.0,0.0,0.0,2,2031.0,2073.5,1,2089.0,0.0,0.0,0.0,0.0,0.0,1
2023-05-10 22:45:44,j2402,j2402,2089.0,0.0,0.0,0.0,2,2031.0,2073.0,2,2089.0,0.0,0.0,0.0,0.0,0.0,1
2023-05-10 22:45:46,j2402,j2402,2089.0,0.0,0.0,0.0,2,2031.0,2072.5,1,2089.0,0.0,0.0,0.0,0.0,0.0,1
2023-05-10 22:46:26,j2402,j2402,2089.0,0.0,0.0,0.0,2,2031.5,2072.5,1,2089.0,0.0,0.0,0.0,0.0,0.0,1
2023-05-10 22:46:28,j2402,j2402,2089.0,0.0,0.0,0.0,2,2032.0,2072.5,1,2089.0,0.0,0.0,0.0,0.0,0.0,1
2023-05-10 22:47:08,j2402,j2402,2089.0,0.0,0.0,0.0,2,2032.5,2072.5,1,2089.0,0.0,0.0,0.0,0.0,0.0,1
2023-05-10 22:47:11,j2402,j2402,2089.0,0.0,0.0,0.0,2,2033.0,2072.5,1,2089.0,0.0,0.0,0.0,0.0,0.0,1
2023-05-10 22:47:50,j2402,j2402,2089.0,0.0,0.0,0.0,2,2033.0,2072.0,2,2089.0,0.0,0.0,0.0,0.0,0.0,1
2023-05-10 22:47:51,j2402,j2402,2089.0,0.0,0.0,0.0,2,2033.0,2071.5,1,2089.0,0.0,0.0,0.0,0.0,0.0,1
2023-05-10 22:48:33,j2402,j2402,2089.0,0.0,0.0,0.0,2,2033.0,2071.0,2,2089.0,0.0,0.0,0.0,0.0,0.0,1
2023-05-10 22:48:36,j2402,j2402,2089.0,0.0,0.0,0.0,2,2033.0,2070.5,1,2089.0,0.0,0.0,0.0,0.0,0.0,1
2023-05-10 22:49:16,j2402,j2402,2089.0,0.0,0.0,0.0,2,2033.0,2070.0,2,2089.0,0.0,0.0,0.0,0.0,0.0,1
2023-05-10 22:49:19,j2402,j2402,2089.0,0.0,0.0,0.0,2,2033.0,2069.5,1,2089.0,0.0,0.0,0.0,0.0,0.0,1
2023-05-10 22:49:59,j2402,j2402,2089.0,0.0,0.0,0.0,2,2033.5,2069.5,1,2089.0,0.0,0.0,0.0,0.0,0.0,1
2023-05-10 22:50:04,j2402,j2402,2089.0,0.0,0.0,0.0,2,2034.0,2069.5,1,2089.0,0.0,0.0,0.0,0.0,0.0,1
2023-05-10 22:51:24,j2402,j2402,2089.0,0.0,0.0,0.0,2,2034.5,2069.5,1,2089.0,0.0,0.0,0.0,0.0,0.0,1
2023-05-10 22:51:25,j2402,j2402,2089.0,0.0,0.0,0.0,2,2035.0,2069.5,1,2089.0,0.0,0.0,0.0,0.0,0.0,1
2023-05-10 22:52:07,j2402,j2402,2089.0,0.0,0.0,0.0,2,2035.5,2069.5,1,2089.0,0.0,0.0,0.0,0.0,0.0,1
2023-05-10 22:52:08,j2402,j2402,2089.0,0.0,0.0,0.0,2,2036.0,2069.5,1,2089.0,0.0,0.0,0.0,0.0,0.0,1
2023-05-10 22:52:50,j2402,j2402,2089.0,0.0,0.0,0.0,2,2036.5,2069.5,1,2089.0,0.0,0.0,0.0,0.0,0.0,1
2023-05-10 22:52:51,j2402,j2402,2089.0,0.0,0.0,0.0,2,2037.0,2069.5,1,2089.0,0.0,0.0,0.0,0.0,0.0,1
2023-05-10 22:53:32,j2402,j2402,2089.0,0.0,0.0,0.0,2,2037.5,2069.5,1,2089.0,0.0,0.0,0.0,0.0,0.0,1
2023-05-10 22:53:33,j2402,j2402,2089.0,0.0,0.0,0.0,2,2038.0,2069.5,1,2089.0,0.0,0.0,0.0,0.0,0.0,1
2023-05-10 22:54:15,j2402,j2402,2089.0,0.0,0.0,0.0,2,2038.5,2069.5,1,2089.0,0.0,0.0,0.0,0.0,0.0,1
2023-05-10 22:54:17,j2402,j2402,2089.0,0.0,0.0,0.0,2,2039.0,2069.5,1,2089.0,0.0,0.0,0.0,0.0,0.0,1
2023-05-10 22:54:53,j2402,j2402,2089.0,0.0,0.0,0.0,2,2039.0,2135.5,1,2089.0,0.0,0.0,0.0,0.0,0.0,1
2023-05-10 22:54:54,j2402,j2402,2089.0,0.0,0.0,0.0,2,2039.0,2102.0,1,2089.0,0.0,0.0,0.0,0.0,0.0,1
2023-05-10 22:54:54,j2402,j2402,2089.0,0.0,0.0,0.0,2,2039.0,2099.0,1,2089.0,0.0,0.0,0.0,0.0,0.0,1
2023-05-10 22:54:55,j2402,j2402,2089.0,0.0,0.0,0.0,2,2039.0,2098.5,1,2089.0,0.0,0.0,0.0,0.0,0.0,1
2023-05-10 22:54:56,j2402,j2402,2089.0,0.0,0.0,0.0,2,2039.0,2095.5,1,2089.0,0.0,0.0,0.0,0.0,0.0,1
2023-05-10 22:54:57,j2402,j2402,2089.0,0.0,0.0,0.0,2,2039.0,2095.0,1,2089.0,0.0,0.0,0.0,0.0,0.0,1
2023-05-10 22:54:58,j2402,j2402,2089.0,0.0,0.0,0.0,2,2039.0,2095.0,3,2089.0,0.0,0.0,0.0,0.0,0.0,1
2023-05-10 22:55:02,j2402,j2402,2089.0,0.0,0.0,0.0,2,2039.0,2092.0,1,2089.0,0.0,0.0,0.0,0.0,0.0,1
2023-05-10 22:55:03,j2402,j2402,2089.0,0.0,0.0,0.0,2,2039.0,2091.5,1,2089.0,0.0,0.0,0.0,0.0,0.0,1
2023-05-10 22:55:41,j2402,j2402,2089.0,0.0,0.0,0.0,2,2039.0,2091.0,2,2089.0,0.0,0.0,0.0,0.0,0.0,1
2023-05-10 22:55:44,j2402,j2402,2089.0,0.0,0.0,0.0,2,2039.0,2090.5,1,2089.0,0.0,0.0,0.0,0.0,0.0,1
2023-05-10 22:56:25,j2402,j2402,2089.0,0.0,0.0,0.0,2,2039.0,2090.0,2,2089.0,0.0,0.0,0.0,0.0,0.0,1
2023-05-10 22:56:26,j2402,j2402,2089.0,0.0,0.0,0.0,2,2039.0,2089.5,1,2089.0,0.0,0.0,0.0,0.0,0.0,1
2023-05-10 22:57:08,j2402,j2402,2089.0,0.0,0.0,0.0,2,2039.0,2089.0,2,2089.0,0.0,0.0,0.0,0.0,0.0,1
2023-05-10 22:57:09,j2402,j2402,2089.0,0.0,0.0,0.0,2,2039.0,2088.5,1,2089.0,0.0,0.0,0.0,0.0,0.0,1
2023-05-10 22:57:35,j2402,j2402,2089.0,0.0,0.0,0.0,2,2039.0,2085.5,1,2089.0,0.0,0.0,0.0,0.0,0.0,1
2023-05-10 22:57:36,j2402,j2402,2089.0,0.0,0.0,0.0,2,2039.0,2085.0,1,2089.0,0.0,0.0,0.0,0.0,0.0,1
2023-05-10 22:57:51,j2402,j2402,2089.0,0.0,0.0,0.0,2,2039.0,2084.5,2,2089.0,0.0,0.0,0.0,0.0,0.0,1
2023-05-10 22:57:52,j2402,j2402,2089.0,0.0,0.0,0.0,2,2039.0,2084.0,1,2089.0,0.0,0.0,0.0,0.0,0.0,1
2023-05-10 22:58:31,j2402,j2402,2089.0,0.0,0.0,0.0,1,2020.5,2084.0,1,2089.0,0.0,0.0,0.0,0.0,0.0,1
2023-05-10 22:58:35,j2402,j2402,2089.0,0.0,0.0,0.0,2,2021.0,2084.0,1,2089.0,0.0,0.0,0.0,0.0,0.0,1
2023-05-10 22:58:35,j2402,j2402,2089.0,0.0,0.0,0.0,1,2024.0,2084.0,1,2089.0,0.0,0.0,0.0,0.0,0.0,1
2023-05-10 22:59:18,j2402,j2402,2089.0,0.0,0.0,0.0,2,2024.5,2084.0,1,2089.0,0.0,0.0,0.0,0.0,0.0,1
2023-05-10 22:59:18,j2402,j2402,2089.0,0.0,0.0,0.0,1,2027.5,2084.0,1,2089.0,0.0,0.0,0.0,0.0,0.0,1
2023-05-10 22:59:42,j2402,j2402,2089.0,0.0,0.0,0.0,1,2008.5,2084.0,1,2089.0,0.0,0.0,0.0,0.0,0.0,1
2023-05-10 22:59:43,j2402,j2402,2089.0,0.0,0.0,0.0,1,2009.0,2084.0,1,2089.0,0.0,0.0,0.0,0.0,0.0,1
2023-05-10 22:59:51,j2402,j2402,2089.0,0.0,0.0,0.0,1,2009.0,2258.0,1,2089.0,0.0,0.0,0.0,0.0,0.0,1
2023-05-10 22:59:52,j2402,j2402,2089.0,0.0,0.0,0.0,1,1998.0,2095.0,1,2089.0,0.0,0.0,0.0,0.0,0.0,1
2023-05-10 22:59:53,j2402,j2402,2089.0,0.0,0.0,0.0,1,1998.0,2246.0,1,2089.0,0.0,0.0,0.0,0.0,0.0,1
2023-05-10 22:59:55,j2402,j2402,2089.0,0.0,0.0,0.0,1,1998.0,0.0,0,2089.0,0.0,0.0,0.0,0.0,0.0,1
2023-05-11 09:00:00,j2402,j2402,2089.0,0.0,0.0,0.0,1,2001.0,2402.0,1,2089.0,0.0,0.0,0.0,0.0,0.0,1
2023-05-11 09:00:02,j2402,j2402,2089.0,0.0,0.0,0.0,1,2001.0,2098.5,1,2089.0,0.0,0.0,0.0,0.0,0.0,1
2023-05-11 09:00:02,j2402,j2402,2089.0,0.0,0.0,0.0,1,2001.5,2095.5,1,2089.0,0.0,0.0,0.0,0.0,0.0,1
2023-05-11 09:00:03,j2402,j2402,2089.0,0.0,0.0,0.0,1,2004.5,2095.5,1,2089.0,0.0,0.0,0.0,0.0,0.0,1
2023-05-11 09:00:05,j2402,j2402,2089.0,0.0,0.0,0.0,2,2005.0,2095.5,1,2089.0,0.0,0.0,0.0,0.0,0.0,1
2023-05-11 09:00:05,j2402,j2402,2089.0,0.0,0.0,0.0,1,2008.0,2095.5,1,2089.0,0.0,0.0,0.0,0.0,0.0,1
2023-05-11 09:00:08,j2402,j2402,2089.0,0.0,0.0,0.0,2,2008.5,2095.5,1,2089.0,0.0,0.0,0.0,0.0,0.0,1
2023-05-11 09:00:08,j2402,j2402,2089.0,0.0,0.0,0.0,1,2011.5,2095.5,1,2089.0,0.0,0.0,0.0,0.0,0.0,1
2023-05-11 09:00:10,j2402,j2402,2089.0,0.0,0.0,0.0,2,2012.0,2095.5,1,2089.0,0.0,0.0,0.0,0.0,0.0,1
2023-05-11 09:00:11,j2402,j2402,2089.0,0.0,0.0,0.0,1,2015.0,2095.5,1,2089.0,0.0,0.0,0.0,0.0,0.0,1
2023-05-11 09:00:13,j2402,j2402,2089.0,0.0,0.0,0.0,1,2015.0,2095.0,2,2089.0,0.0,0.0,0.0,0.0,0.0,1
2023-05-11 09:00:13,j2402,j2402,2089.0,0.0,0.0,0.0,1,2015.0,2092.0,1,2089.0,0.0,0.0,0.0,0.0,0.0,1
2023-05-11 09:00:14,j2402,j2402,2089.0,0.0,0.0,0.0,2,2015.5,2092.0,1,2089.0,0.0,0.0,0.0,0.0,0.0,1
2023-05-11 09:00:14,j2402,j2402,2089.0,0.0,0.0,0.0,1,2018.5,2092.0,1,2089.0,0.0,0.0,0.0,0.0,0.0,1
2023-05-11 09:00:17,j2402,j2402,2089.0,0.0,0.0,0.0,2,2019.0,2092.0,1,2089.0,0.0,0.0,0.0,0.0,0.0,1
2023-05-11 09:00:17,j2402,j2402,2089.0,0.0,0.0,0.0,1,2022.0,2092.0,1,2089.0,0.0,0.0,0.0,0.0,0.0,1
2023-05-11 09:00:18,j2402,j2402,2089.0,0.0,0.0,0.0,1,2022.5,2092.0,1,2089.0,0.0,0.0,0.0,0.0,0.0,1
2023-05-11 09:00:19,j2402,j2402,2089.0,0.0,0.0,0.0,1,2025.5,2092.0,1,2089.0,0.0,0.0,0.0,0.0,0.0,1
2023-05-11 09:00:20,j2402,j2402,2089.0,0.0,0.0,0.0,2,2026.0,2092.0,1,2089.0,0.0,0.0,0.0,0.0,0.0,1
2023-05-11 09:00:23,j2402,j2402,2089.0,0.0,0.0,0.0,1,2026.5,2092.0,1,2089.0,0.0,0.0,0.0,0.0,0.0,1
2023-05-11 09:00:24,j2402,j2402,2089.0,0.0,0.0,0.0,2,2027.0,2092.0,1,2089.0,0.0,0.0,0.0,0.0,0.0,1
2023-05-11 09:00:27,j2402,j2402,2089.0,0.0,0.0,0.0,1,2027.5,2092.0,1,2089.0,0.0,0.0,0.0,0.0,0.0,1
2023-05-11 09:00:28,j2402,j2402,2089.0,0.0,0.0,0.0,2,2028.0,2092.0,1,2089.0,0.0,0.0,0.0,0.0,0.0,1
2023-05-11 09:00:30,j2402,j2402,2089.0,0.0,0.0,0.0,2,2028.0,2091.5,1,2089.0,0.0,0.0,0.0,0.0,0.0,1
2023-05-11 09:00:30,j2402,j2402,2089.0,0.0,0.0,0.0,2,2028.0,2088.5,1,2089.0,0.0,0.0,0.0,0.0,0.0,1
2023-05-11 09:00:31,j2402,j2402,2089.0,0.0,0.0,0.0,1,2028.5,2088.5,1,2089.0,0.0,0.0,0.0,0.0,0.0,1
2023-05-11 09:00:32,j2402,j2402,2089.0,0.0,0.0,0.0,2,2029.0,2088.5,1,2089.0,0.0,0.0,0.0,0.0,0.0,1
2023-05-11 09:00:34,j2402,j2402,2089.0,0.0,0.0,0.0,1,2029.5,2088.0,1,2089.0,0.0,0.0,0.0,0.0,0.0,1
2023-05-11 09:00:37,j2402,j2402,2089.0,0.0,0.0,0.0,2,2030.0,2088.0,1,2089.0,0.0,0.0,0.0,0.0,0.0,1
2023-05-11 09:00:38,j2402,j2402,2089.0,0.0,0.0,0.0,1,2030.5,2088.0,1,2089.0,0.0,0.0,0.0,0.0,0.0,1
2023-05-11 09:00:39,j2402,j2402,2089.0,0.0,0.0,0.0,1,2030.5,2085.0,1,2089.0,0.0,0.0,0.0,0.0,0.0,1
2023-05-11 09:00:41,j2402,j2402,2089.0,0.0,0.0,0.0,2,2031.0,2085.0,1,2089.0,0.0,0.0,0.0,0.0,0.0,1
2023-05-11 09:00:43,j2402,j2402,2089.0,0.0,0.0,0.0,2,2031.0,2084.5,1,2089.0,0.0,0.0,0.0,0.0,0.0,1
2023-05-11 09:00:47,j2402,j2402,2089.0,0.0,0.0,0.0,1,2031.5,2084.5,1,2089.0,0.0,0.0,0.0,0.0,0.0,1
2023-05-11 09:00:48,j2402,j2402,2089.0,0.0,0.0,0.0,2,2032.0,2084.5,1,2089.0,0.0,0.0,0.0,0.0,0.0,1
2023-05-11 09:00:51,j2402,j2402,2089.0,0.0,0.0,0.0,1,2032.5,2084.5,1,2089.0,0.0,0.0,0.0,0.0,0.0,1
2023-05-11 09:00:52,j2402,j2402,2089.0,0.0,0.0,0.0,2,2033.0,2084.5,1,2089.0,0.0,0.0,0.0,0.0,0.0,1
2023-05-11 09:00:55,j2402,j2402,2089.0,0.0,0.0,0.0,1,2033.5,2084.5,1,2089.0,0.0,0.0,0.0,0.0,0.0,1
2023-05-11 09:00:56,j2402,j2402,2089.0,0.0,0.0,0.0,2,2034.0,2084.5,1,2089.0,0.0,0.0,0.0,0.0,0.0,1
2023-05-11 09:00:58,j2402,j2402,2089.0,0.0,0.0,0.0,2,2034.0,2084.0,2,2089.0,0.0,0.0,0.0,0.0,0.0,1
2023-05-11 09:01:00,j2402,j2402,2089.0,0.0,0.0,0.0,1,2034.5,2084.0,2,2089.0,0.0,0.0,0.0,0.0,0.0,1
2023-05-11 09:01:01,j2402,j2402,2089.0,0.0,0.0,0.0,2,2035.0,2084.0,2,2089.0,0.0,0.0,0.0,0.0,0.0,1
2023-05-11 09:01:01,j2402,j2402,2089.0,0.0,0.0,0.0,2,2035.0,2083.5,1,2089.0,0.0,0.0,0.0,0.0,0.0,1
2023-05-11 09:01:03,j2402,j2402,2089.0,0.0,0.0,0.0,1,2035.5,2083.5,1,2089.0,0.0,0.0,0.0,0.0,0.0,1
2023-05-11 09:01:04,j2402,j2402,2089.0,0.0,0.0,0.0,2,2036.0,2083.5,1,2089.0,0.0,0.0,0.0,0.0,0.0,1
2023-05-11 09:01:06,j2402,j2402,2089.0,0.0,0.0,0.0,1,2036.5,2083.5,1,2089.0,0.0,0.0,0.0,0.0,0.0,1
2023-05-11 09:01:07,j2402,j2402,2089.0,0.0,0.0,0.0,2,2037.0,2083.5,1,2089.0,0.0,0.0,0.0,0.0,0.0,1
2023-05-11 09:01:09,j2402,j2402,2089.0,0.0,0.0,0.0,1,2037.5,2083.5,1,2089.0,0.0,0.0,0.0,0.0,0.0,1
2023-05-11 09:01:14,j2402,j2402,2089.0,0.0,0.0,0.0,2,2038.0,2083.5,1,2089.0,0.0,0.0,0.0,0.0,0.0,1
2023-05-11 09:01:15,j2402,j2402,2089.0,0.0,0.0,0.0,1,2038.5,2083.5,1,2089.0,0.0,0.0,0.0,0.0,0.0,1
2023-05-11 09:01:16,j2402,j2402,2089.0,0.0,0.0,0.0,2,2039.0,2083.5,1,2089.0,0.0,0.0,0.0,0.0,0.0,1
2023-05-11 09:01:22,j2402,j2402,2089.0,0.0,0.0,0.0,1,2039.5,2083.5,1,2089.0,0.0,0.0,0.0,0.0,0.0,1
2023-05-11 09:01:29,j2402,j2402,2089.0,0.0,0.0,0.0,2,2040.0,2083.5,1,2089.0,0.0,0.0,0.0,0.0,0.0,1
2023-05-11 09:01:30,j2402,j2402,2089.0,0.0,0.0,0.0,1,2040.5,2083.5,1,2089.0,0.0,0.0,0.0,0.0,0.0,1
2023-05-11 09:01:33,j2402,j2402,2089.0,0.0,0.0,0.0,2,2041.0,2083.5,1,2089.0,0.0,0.0,0.0,0.0,0.0,1
2023-05-11 09:01:39,j2402,j2402,2089.0,0.0,0.0,0.0,1,2041.5,2083.5,1,2089.0,0.0,0.0,0.0,0.0,0.0,1
2023-05-11 09:01:42,j2402,j2402,2089.0,0.0,0.0,0.0,2,2042.0,2083.5,1,2089.0,0.0,0.0,0.0,0.0,0.0,1
2023-05-11 09:01:43,j2402,j2402,2089.0,0.0,0.0,0.0,2,2042.0,2083.0,2,2089.0,0.0,0.0,0.0,0.0,0.0,1
2023-05-11 09:01:44,j2402,j2402,2089.0,0.0,0.0,0.0,2,2042.0,2082.5,1,2089.0,0.0,0.0,0.0,0.0,0.0,1
2023-05-11 09:02:26,j2402,j2402,2089.0,0.0,0.0,0.0,2,2042.0,2082.0,2,2089.0,0.0,0.0,0.0,0.0,0.0,1
2023-05-11 09:02:29,j2402,j2402,2089.0,0.0,0.0,0.0,2,2042.0,2081.5,1,2089.0,0.0,0.0,0.0,0.0,0.0,1
2023-05-11 09:03:03,j2402,j2402,2089.0,0.0,0.0,0.0,2,2042.5,2081.5,1,2089.0,0.0,0.0,0.0,0.0,0.0,1
2023-05-11 09:03:04,j2402,j2402,2089.0,0.0,0.0,0.0,2,2043.0,2081.5,1,2089.0,0.0,0.0,0.0,0.0,0.0,1
2023-05-11 09:03:06,j2402,j2402,2089.0,0.0,0.0,0.0,1,2043.5,2081.5,1,2089.0,0.0,0.0,0.0,0.0,0.0,1
2023-05-11 09:03:09,j2402,j2402,2089.0,0.0,0.0,0.0,1,2043.5,2081.0,2,2089.0,0.0,0.0,0.0,0.0,0.0,1
2023-05-11 09:03:10,j2402,j2402,2089.0,0.0,0.0,0.0,2,2044.0,2081.0,2,2089.0,0.0,0.0,0.0,0.0,0.0,1
2023-05-11 09:03:10,j2402,j2402,2089.0,0.0,0.0,0.0,2,2044.0,2080.5,1,2089.0,0.0,0.0,0.0,0.0,0.0,1
2023-05-11 09:03:52,j2402,j2402,2089.0,0.0,0.0,0.0,2,2044.0,2080.0,2,2089.0,0.0,0.0,0.0,0.0,0.0,1
2023-05-11 09:03:52,j2402,j2402,2089.0,0.0,0.0,0.0,1,2025.5,2080.0,2,2089.0,0.0,0.0,0.0,0.0,0.0,1
2023-05-11 09:03:53,j2402,j2402,2089.0,0.0,0.0,0.0,3,2026.0,2079.5,1,2089.0,0.0,0.0,0.0,0.0,0.0,1
2023-05-11 09:03:53,j2402,j2402,2089.0,0.0,0.0,0.0,2,2026.5,2079.5,1,2089.0,0.0,0.0,0.0,0.0,0.0,1
2023-05-11 09:03:56,j2402,j2402,2089.0,0.0,0.0,0.0,2,2027.0,2079.5,1,2089.0,0.0,0.0,0.0,0.0,0.0,1
2023-05-11 09:03:57,j2402,j2402,2089.0,0.0,0.0,0.0,1,2027.5,2079.5,1,2089.0,0.0,0.0,0.0,0.0,0.0,1
2023-05-11 09:03:57,j2402,j2402,2089.0,0.0,0.0,0.0,2,2029.0,2079.5,1,2089.0,0.0,0.0,0.0,0.0,0.0,1
2023-05-11 09:03:59,j2402,j2402,2089.0,0.0,0.0,0.0,2,2029.5,2079.5,1,2089.0,0.0,0.0,0.0,0.0,0.0,1
2023-05-11 09:04:00,j2402,j2402,2089.0,0.0,0.0,0.0,2,2037.5,2079.5,1,2089.0,0.0,0.0,0.0,0.0,0.0,1
2023-05-11 09:04:03,j2402,j2402,2089.0,0.0,0.0,0.0,2,2038.0,2079.5,1,2089.0,0.0,0.0,0.0,0.0,0.0,1
2023-05-11 09:04:04,j2402,j2402,2089.0,0.0,0.0,0.0,1,2041.0,2079.5,1,2089.0,0.0,0.0,0.0,0.0,0.0,1
2023-05-11 09:04:06,j2402,j2402,2089.0,0.0,0.0,0.0,2,2041.5,2079.5,1,2089.0,0.0,0.0,0.0,0.0,0.0,1
2023-05-11 09:04:12,j2402,j2402,2089.0,0.0,0.0,0.0,2,2042.0,2079.5,1,2089.0,0.0,0.0,0.0,0.0,0.0,1
2023-05-11 09:04:18,j2402,j2402,2089.0,0.0,0.0,0.0,2,2042.5,2079.5,1,2089.0,0.0,0.0,0.0,0.0,0.0,1
2023-05-11 09:04:20,j2402,j2402,2089.0,0.0,0.0,0.0,1,2043.0,2079.5,1,2089.0,0.0,0.0,0.0,0.0,0.0,1
2023-05-11 09:04:22,j2402,j2402,2089.0,0.0,0.0,0.0,2,2043.5,2079.5,1,2089.0,0.0,0.0,0.0,0.0,0.0,1
2023-05-11 09:04:34,j2402,j2402,2089.0,0.0,0.0,0.0,2,2043.5,2079.0,2,2089.0,0.0,0.0,0.0,0.0,0.0,1
2023-05-11 09:04:36,j2402,j2402,2089.0,0.0,0.0,0.0,2,2043.5,2078.5,1,2089.0,0.0,0.0,0.0,0.0,0.0,1
2023-05-11 09:05:12,j2402,j2402,2089.0,0.0,0.0,0.0,1,2001.0,2078.5,1,2089.0,0.0,0.0,0.0,0.0,0.0,1
2023-05-11 09:05:13,j2402,j2402,2089.0,0.0,0.0,0.0,4,2001.5,2078.5,1,2089.0,0.0,0.0,0.0,0.0,0.0,1
2023-05-11 09:05:13,j2402,j2402,2089.0,0.0,0.0,0.0,1,2004.5,2078.5,1,2089.0,0.0,0.0,0.0,0.0,0.0,1
2023-05-11 09:05:15,j2402,j2402,2089.0,0.0,0.0,0.0,1,2005.0,2078.5,1,2089.0,0.0,0.0,0.0,0.0,0.0,1
2023-05-11 09:05:15,j2402,j2402,2089.0,0.0,0.0,0.0,1,2008.0,2078.5,1,2089.0,0.0,0.0,0.0,0.0,0.0,1
2023-05-11 09:05:16,j2402,j2402,2089.0,0.0,0.0,0.0,3,2008.5,2078.5,1,2089.0,0.0,0.0,0.0,0.0,0.0,1
2023-05-11 09:05:16,j2402,j2402,2089.0,0.0,0.0,0.0,1,2011.5,2078.5,1,2089.0,0.0,0.0,0.0,0.0,0.0,1
2023-05-11 09:05:17,j2402,j2402,2089.0,0.0,0.0,0.0,1,2012.0,2078.5,1,2089.0,0.0,0.0,0.0,0.0,0.0,1
2023-05-11 09:05:17,j2402,j2402,2089.0,0.0,0.0,0.0,1,2015.0,2078.5,1,2089.0,0.0,0.0,0.0,0.0,0.0,1
2023-05-11 09:05:19,j2402,j2402,2089.0,0.0,0.0,0.0,5,2015.5,2078.5,1,2089.0,0.0,0.0,0.0,0.0,0.0,1
2023-05-11 09:05:19,j2402,j2402,2089.0,0.0,0.0,0.0,1,2018.5,2078.5,1,2089.0,0.0,0.0,0.0,0.0,0.0,1
2023-05-11 09:05:22,j2402,j2402,2089.0,0.0,0.0,0.0,1,2019.0,2078.5,1,2089.0,0.0,0.0,0.0,0.0,0.0,1
2023-05-11 09:05:22,j2402,j2402,2089.0,0.0,0.0,0.0,1,2022.0,2078.5,1,2089.0,0.0,0.0,0.0,0.0,0.0,1
2023-05-11 09:05:23,j2402,j2402,2089.0,0.0,0.0,0.0,3,2022.5,2078.5,1,2089.0,0.0,0.0,0.0,0.0,0.0,1
2023-05-11 09:05:24,j2402,j2402,2089.0,0.0,0.0,0.0,1,2025.5,2078.5,1,2089.0,0.0,0.0,0.0,0.0,0.0,1
2023-05-11 09:05:28,j2402,j2402,2089.0,0.0,0.0,0.0,1,2026.0,2078.5,1,2089.0,0.0,0.0,0.0,0.0,0.0,1
2023-05-11 09:05:30,j2402,j2402,2089.0,0.0,0.0,0.0,3,2026.5,2078.5,1,2089.0,0.0,0.0,0.0,0.0,0.0,1
2023-05-11 09:05:33,j2402,j2402,2089.0,0.0,0.0,0.0,1,2027.5,2078.5,1,2089.0,0.0,0.0,0.0,0.0,0.0,1
2023-05-11 09:05:35,j2402,j2402,2089.0,0.0,0.0,0.0,3,2028.0,2078.5,1,2089.0,0.0,0.0,0.0,0.0,0.0,1
2023-05-11 09:05:36,j2402,j2402,2089.0,0.0,0.0,0.0,1,2030.0,2078.5,1,2089.0,0.0,0.0,0.0,0.0,0.0,1
2023-05-11 09:05:38,j2402,j2402,2089.0,0.0,0.0,0.0,3,2030.5,2078.5,1,2089.0,0.0,0.0,0.0,0.0,0.0,1
2023-05-11 09:05:40,j2402,j2402,2089.0,0.0,0.0,0.0,1,2034.5,2078.5,1,2089.0,0.0,0.0,0.0,0.0,0.0,1
2023-05-11 09:05:41,j2402,j2402,2089.0,0.0,0.0,0.0,3,2035.0,2078.5,1,2089.0,0.0,0.0,0.0,0.0,0.0,1
2023-05-11 09:06:00,j2402,j2402,2089.0,0.0,0.0,0.0,3,2035.0,2078.0,2,2089.0,0.0,0.0,0.0,0.0,0.0,1
2023-05-11 09:06:01,j2402,j2402,2089.0,0.0,0.0,0.0,3,2035.0,2077.5,1,2089.0,0.0,0.0,0.0,0.0,0.0,1
2023-05-11 09:06:22,j2402,j2402,2089.0,0.0,0.0,0.0,1,2035.0,2077.5,1,2089.0,0.0,0.0,0.0,0.0,0.0,1
2023-05-11 09:06:23,j2402,j2402,2089.0,0.0,0.0,0.0,1,2001.0,2077.5,1,2089.0,0.0,0.0,0.0,0.0,0.0,1
2023-05-11 09:06:23,j2402,j2402,2089.0,0.0,0.0,0.0,1,2001.5,2077.5,1,2089.0,0.0,0.0,0.0,0.0,0.0,1
2023-05-11 09:06:24,j2402,j2402,2089.0,0.0,0.0,0.0,1,2004.5,2077.5,1,2089.0,0.0,0.0,0.0,0.0,0.0,1
2023-05-11 09:06:24,j2402,j2402,2089.0,0.0,0.0,0.0,3,2005.0,2077.5,1,2089.0,0.0,0.0,0.0,0.0,0.0,1
2023-05-11 09:06:25,j2402,j2402,2089.0,0.0,0.0,0.0,1,2008.0,2077.5,1,2089.0,0.0,0.0,0.0,0.0,0.0,1
2023-05-11 09:06:25,j2402,j2402,2089.0,0.0,0.0,0.0,1,2008.5,2077.5,1,2089.0,0.0,0.0,0.0,0.0,0.0,1
2023-05-11 09:06:26,j2402,j2402,2089.0,0.0,0.0,0.0,1,2011.5,2077.5,1,2089.0,0.0,0.0,0.0,0.0,0.0,1
2023-05-11 09:06:27,j2402,j2402,2089.0,0.0,0.0,0.0,1,2012.0,2077.5,1,2089.0,0.0,0.0,0.0,0.0,0.0,1
2023-05-11 09:06:27,j2402,j2402,2089.0,0.0,0.0,0.0,1,2015.0,2077.5,1,2089.0,0.0,0.0,0.0,0.0,0.0,1
2023-05-11 09:06:29,j2402,j2402,2089.0,0.0,0.0,0.0,1,2015.5,2077.5,1,2089.0,0.0,0.0,0.0,0.0,0.0,1
2023-05-11 09:06:29,j2402,j2402,2089.0,0.0,0.0,0.0,1,2018.5,2077.5,1,2089.0,0.0,0.0,0.0,0.0,0.0,1
2023-05-11 09:06:31,j2402,j2402,2089.0,0.0,0.0,0.0,4,2019.0,2077.5,1,2089.0,0.0,0.0,0.0,0.0,0.0,1
2023-05-11 09:06:32,j2402,j2402,2089.0,0.0,0.0,0.0,1,2022.0,2077.5,1,2089.0,0.0,0.0,0.0,0.0,0.0,1
2023-05-11 09:06:33,j2402,j2402,2089.0,0.0,0.0,0.0,1,2022.5,2077.5,1,2089.0,0.0,0.0,0.0,0.0,0.0,1
2023-05-11 09:06:35,j2402,j2402,2089.0,0.0,0.0,0.0,3,2023.0,2077.5,1,2089.0,0.0,0.0,0.0,0.0,0.0,1
2023-05-11 09:06:37,j2402,j2402,2089.0,0.0,0.0,0.0,1,2024.0,2077.5,1,2089.0,0.0,0.0,0.0,0.0,0.0,1
2023-05-11 09:06:38,j2402,j2402,2089.0,0.0,0.0,0.0,3,2024.5,2077.5,1,2089.0,0.0,0.0,0.0,0.0,0.0,1
2023-05-11 09:06:39,j2402,j2402,2089.0,0.0,0.0,0.0,1,2026.5,2077.5,1,2089.0,0.0,0.0,0.0,0.0,0.0,1
2023-05-11 09:06:41,j2402,j2402,2089.0,0.0,0.0,0.0,3,2027.0,2077.5,1,2089.0,0.0,0.0,0.0,0.0,0.0,1
2023-05-11 09:06:42,j2402,j2402,2089.0,0.0,0.0,0.0,3,2027.0,2077.0,2,2089.0,0.0,0.0,0.0,0.0,0.0,1
2023-05-11 09:06:43,j2402,j2402,2089.0,0.0,0.0,0.0,1,2030.5,2077.0,2,2089.0,0.0,0.0,0.0,0.0,0.0,1
2023-05-11 09:06:43,j2402,j2402,2089.0,0.0,0.0,0.0,1,2030.5,2076.5,1,2089.0,0.0,0.0,0.0,0.0,0.0,1
2023-05-11 09:06:44,j2402,j2402,2089.0,0.0,0.0,0.0,3,2031.0,2076.5,1,2089.0,0.0,0.0,0.0,0.0,0.0,1
2023-05-11 09:06:53,j2402,j2402,2089.0,0.0,0.0,0.0,1,2030.5,2076.5,1,2089.0,0.0,0.0,0.0,0.0,0.0,1
2023-05-11 09:06:54,j2402,j2402,2089.0,0.0,0.0,0.0,2,2031.0,2076.5,1,2089.0,0.0,0.0,0.0,0.0,0.0,1
