time,symbol_id,symbol_name,last,trade_volume,trade_amount,open_interest_change,bv1,bp1,ap1,av1,yesterday_close,today_open,today_high,today_low,volume,amount,open_interest
2023-05-10 20:55:48,j2403,j2403,2106.0,0.0,0.0,0.0,0,0.0,2188.0,1,2106.0,0.0,0.0,0.0,0.0,0.0,10
2023-05-10 21:00:00,j2403,j2403,2106.0,0.0,0.0,0.0,1,1790.5,2185.5,1,2106.0,0.0,0.0,0.0,0.0,0.0,10
2023-05-10 21:00:01,j2403,j2403,2106.0,0.0,0.0,0.0,1,2068.5,2185.0,1,2106.0,0.0,0.0,0.0,0.0,0.0,10
2023-05-10 21:00:02,j2403,j2403,2106.0,0.0,0.0,0.0,1,2071.0,2182.5,1,2106.0,0.0,0.0,0.0,0.0,0.0,10
2023-05-10 21:00:02,j2403,j2403,2106.0,0.0,0.0,0.0,1,2073.5,2109.0,1,2106.0,0.0,0.0,0.0,0.0,0.0,10
2023-05-10 21:00:03,j2403,j2403,2106.0,0.0,0.0,0.0,1,2076.0,2130.0,1,2106.0,0.0,0.0,0.0,0.0,0.0,10
2023-05-10 21:00:03,j2403,j2403,2106.0,0.0,0.0,0.0,1,2078.0,2127.5,1,2106.0,0.0,0.0,0.0,0.0,0.0,10
2023-05-10 21:00:04,j2403,j2403,2106.0,0.0,0.0,0.0,1,2080.5,2127.5,1,2106.0,0.0,0.0,0.0,0.0,0.0,10
2023-05-10 21:00:04,j2403,j2403,2106.0,0.0,0.0,0.0,1,2082.5,2127.5,1,2106.0,0.0,0.0,0.0,0.0,0.0,10
2023-05-10 21:00:06,j2403,j2403,2106.0,0.0,0.0,0.0,2,2082.5,2127.5,1,2106.0,0.0,0.0,0.0,0.0,0.0,10
2023-05-10 21:00:07,j2403,j2403,2106.0,0.0,0.0,0.0,1,2085.0,2127.5,1,2106.0,0.0,0.0,0.0,0.0,0.0,10
2023-05-10 21:00:08,j2403,j2403,2106.0,0.0,0.0,0.0,1,2087.0,2127.5,1,2106.0,0.0,0.0,0.0,0.0,0.0,10
2023-05-10 21:00:08,j2403,j2403,2106.0,0.0,0.0,0.0,1,2087.0,2127.5,2,2106.0,0.0,0.0,0.0,0.0,0.0,10
2023-05-10 21:00:09,j2403,j2403,2106.0,0.0,0.0,0.0,2,2087.0,2127.5,2,2106.0,0.0,0.0,0.0,0.0,0.0,10
2023-05-10 21:00:12,j2403,j2403,2106.0,0.0,0.0,0.0,1,2087.5,2127.5,2,2106.0,0.0,0.0,0.0,0.0,0.0,10
2023-05-10 21:00:13,j2403,j2403,2106.0,0.0,0.0,0.0,1,2088.0,2127.5,2,2106.0,0.0,0.0,0.0,0.0,0.0,10
2023-05-10 21:00:14,j2403,j2403,2106.0,0.0,0.0,0.0,1,2088.0,2127.0,1,2106.0,0.0,0.0,0.0,0.0,0.0,10
2023-05-10 21:00:15,j2403,j2403,2106.0,0.0,0.0,0.0,4,2071.5,2124.5,2,2106.0,0.0,0.0,0.0,0.0,0.0,10
2023-05-10 21:00:15,j2403,j2403,2106.0,0.0,0.0,0.0,1,2088.5,2124.5,2,2106.0,0.0,0.0,0.0,0.0,0.0,10
2023-05-10 21:00:18,j2403,j2403,2106.0,0.0,0.0,0.0,1,2074.0,2124.5,2,2106.0,0.0,0.0,0.0,0.0,0.0,10
2023-05-10 21:00:18,j2403,j2403,2106.0,0.0,0.0,0.0,1,2076.5,2124.5,2,2106.0,0.0,0.0,0.0,0.0,0.0,10
2023-05-10 21:00:19,j2403,j2403,2106.0,0.0,0.0,0.0,1,2079.0,2124.5,2,2106.0,0.0,0.0,0.0,0.0,0.0,10
2023-05-10 21:00:19,j2403,j2403,2106.0,0.0,0.0,0.0,1,2081.0,2124.5,2,2106.0,0.0,0.0,0.0,0.0,0.0,10
2023-05-10 21:00:20,j2403,j2403,2106.0,0.0,0.0,0.0,1,2082.0,2124.5,2,2106.0,0.0,0.0,0.0,0.0,0.0,10
2023-05-10 21:00:21,j2403,j2403,2106.0,0.0,0.0,0.0,1,2084.0,2124.5,2,2106.0,0.0,0.0,0.0,0.0,0.0,10
2023-05-10 21:00:21,j2403,j2403,2106.0,0.0,0.0,0.0,1,2084.5,2124.5,2,2106.0,0.0,0.0,0.0,0.0,0.0,10
2023-05-10 21:00:22,j2403,j2403,2106.0,0.0,0.0,0.0,1,2086.5,2124.5,2,2106.0,0.0,0.0,0.0,0.0,0.0,10
2023-05-10 21:00:23,j2403,j2403,2106.0,0.0,0.0,0.0,2,2086.5,2124.5,2,2106.0,0.0,0.0,0.0,0.0,0.0,10
2023-05-10 21:00:23,j2403,j2403,2106.0,0.0,0.0,0.0,2,2086.5,2124.5,1,2106.0,0.0,0.0,0.0,0.0,0.0,10
2023-05-10 21:00:25,j2403,j2403,2106.0,0.0,0.0,0.0,1,2087.0,2124.5,1,2106.0,0.0,0.0,0.0,0.0,0.0,10
2023-05-10 21:00:26,j2403,j2403,2106.0,0.0,0.0,0.0,1,2088.0,2124.5,1,2106.0,0.0,0.0,0.0,0.0,0.0,10
2023-05-10 21:00:30,j2403,j2403,2106.0,0.0,0.0,0.0,3,2088.0,2124.5,1,2106.0,0.0,0.0,0.0,0.0,0.0,10
2023-05-10 21:00:33,j2403,j2403,2106.0,0.0,0.0,0.0,2,2088.0,2124.5,1,2106.0,0.0,0.0,0.0,0.0,0.0,10
2023-05-10 21:00:33,j2403,j2403,2106.0,0.0,0.0,0.0,1,2088.5,2124.5,1,2106.0,0.0,0.0,0.0,0.0,0.0,10
2023-05-10 21:00:34,j2403,j2403,2106.0,0.0,0.0,0.0,2,2089.5,2124.5,1,2106.0,0.0,0.0,0.0,0.0,0.0,10
2023-05-10 21:00:36,j2403,j2403,2106.0,0.0,0.0,0.0,1,2090.0,2124.5,1,2106.0,0.0,0.0,0.0,0.0,0.0,10
2023-05-10 21:00:37,j2403,j2403,2106.0,0.0,0.0,0.0,2,2091.0,2124.5,1,2106.0,0.0,0.0,0.0,0.0,0.0,10
2023-05-10 21:00:39,j2403,j2403,2106.0,0.0,0.0,0.0,1,2091.5,2124.5,1,2106.0,0.0,0.0,0.0,0.0,0.0,10
2023-05-10 21:00:40,j2403,j2403,2106.0,0.0,0.0,0.0,1,2093.5,2124.5,1,2106.0,0.0,0.0,0.0,0.0,0.0,10
2023-05-10 21:00:41,j2403,j2403,2106.0,0.0,0.0,0.0,2,2093.5,2124.5,1,2106.0,0.0,0.0,0.0,0.0,0.0,10
2023-05-10 21:00:41,j2403,j2403,2106.0,0.0,0.0,0.0,1,2093.5,2124.5,1,2106.0,0.0,0.0,0.0,0.0,0.0,10
2023-05-10 21:00:42,j2403,j2403,2106.0,0.0,0.0,0.0,2,2093.5,2124.5,1,2106.0,0.0,0.0,0.0,0.0,0.0,10
2023-05-10 21:00:42,j2403,j2403,2106.0,0.0,0.0,0.0,1,2094.0,2124.5,1,2106.0,0.0,0.0,0.0,0.0,0.0,10
2023-05-10 21:00:43,j2403,j2403,2106.0,0.0,0.0,0.0,1,2095.0,2124.5,1,2106.0,0.0,0.0,0.0,0.0,0.0,10
2023-05-10 21:00:44,j2403,j2403,2106.0,0.0,0.0,0.0,2,2095.0,2124.5,1,2106.0,0.0,0.0,0.0,0.0,0.0,10
2023-05-10 21:00:45,j2403,j2403,2106.0,0.0,0.0,0.0,1,2095.0,2124.5,1,2106.0,0.0,0.0,0.0,0.0,0.0,10
2023-05-10 21:00:48,j2403,j2403,2106.0,0.0,0.0,0.0,3,2095.0,2124.5,1,2106.0,0.0,0.0,0.0,0.0,0.0,10
2023-05-10 21:00:51,j2403,j2403,2106.0,0.0,0.0,0.0,1,2095.0,2124.5,1,2106.0,0.0,0.0,0.0,0.0,0.0,10
2023-05-10 21:00:55,j2403,j2403,2106.0,0.0,0.0,0.0,3,2095.0,2124.5,1,2106.0,0.0,0.0,0.0,0.0,0.0,10
2023-05-10 21:00:55,j2403,j2403,2106.0,0.0,0.0,0.0,2,2095.0,2124.5,1,2106.0,0.0,0.0,0.0,0.0,0.0,10
2023-05-10 21:00:57,j2403,j2403,2106.0,0.0,0.0,0.0,3,2095.0,2124.5,1,2106.0,0.0,0.0,0.0,0.0,0.0,10
2023-05-10 21:00:58,j2403,j2403,2106.0,0.0,0.0,0.0,1,2095.0,2124.0,1,2106.0,0.0,0.0,0.0,0.0,0.0,10
2023-05-10 21:00:58,j2403,j2403,2106.0,0.0,0.0,0.0,2,2095.5,2121.5,1,2106.0,0.0,0.0,0.0,0.0,0.0,10
2023-05-10 21:00:59,j2403,j2403,2106.0,0.0,0.0,0.0,1,2096.0,2121.5,1,2106.0,0.0,0.0,0.0,0.0,0.0,10
2023-05-10 21:01:01,j2403,j2403,2106.0,0.0,0.0,0.0,4,2071.5,2121.5,1,2106.0,0.0,0.0,0.0,0.0,0.0,10
2023-05-10 21:01:02,j2403,j2403,2106.0,0.0,0.0,0.0,1,2094.5,2121.5,1,2106.0,0.0,0.0,0.0,0.0,0.0,10
2023-05-10 21:01:02,j2403,j2403,2106.0,0.0,0.0,0.0,1,2095.0,2121.5,1,2106.0,0.0,0.0,0.0,0.0,0.0,10
2023-05-10 21:01:03,j2403,j2403,2106.0,0.0,0.0,0.0,2,2095.0,2121.5,1,2106.0,0.0,0.0,0.0,0.0,0.0,10
2023-05-10 21:01:05,j2403,j2403,2106.0,0.0,0.0,0.0,1,2095.0,2121.5,1,2106.0,0.0,0.0,0.0,0.0,0.0,10
2023-05-10 21:01:05,j2403,j2403,2106.0,0.0,0.0,0.0,2,2095.0,2121.5,1,2106.0,0.0,0.0,0.0,0.0,0.0,10
2023-05-10 21:01:05,j2403,j2403,2106.0,0.0,0.0,0.0,3,2095.0,2121.5,1,2106.0,0.0,0.0,0.0,0.0,0.0,10
2023-05-10 21:01:07,j2403,j2403,2106.0,0.0,0.0,0.0,2,2095.0,2121.5,1,2106.0,0.0,0.0,0.0,0.0,0.0,10
2023-05-10 21:01:08,j2403,j2403,2106.0,0.0,0.0,0.0,1,2095.5,2121.5,1,2106.0,0.0,0.0,0.0,0.0,0.0,10
2023-05-10 21:01:08,j2403,j2403,2106.0,0.0,0.0,0.0,2,2095.5,2121.5,1,2106.0,0.0,0.0,0.0,0.0,0.0,10
2023-05-10 21:01:09,j2403,j2403,2106.0,0.0,0.0,0.0,1,2095.5,2121.5,1,2106.0,0.0,0.0,0.0,0.0,0.0,10
2023-05-10 21:01:11,j2403,j2403,2106.0,0.0,0.0,0.0,1,2074.0,2121.5,1,2106.0,0.0,0.0,0.0,0.0,0.0,10
2023-05-10 21:01:12,j2403,j2403,2106.0,0.0,0.0,0.0,1,2095.0,2121.5,1,2106.0,0.0,0.0,0.0,0.0,0.0,10
2023-05-10 21:01:13,j2403,j2403,2106.0,0.0,0.0,0.0,1,2095.5,2121.5,1,2106.0,0.0,0.0,0.0,0.0,0.0,10
2023-05-10 21:01:15,j2403,j2403,2106.0,0.0,0.0,0.0,2,2095.5,2121.5,1,2106.0,0.0,0.0,0.0,0.0,0.0,10
2023-05-10 21:01:16,j2403,j2403,2106.0,0.0,0.0,0.0,3,2095.5,2121.5,1,2106.0,0.0,0.0,0.0,0.0,0.0,10
2023-05-10 21:01:19,j2403,j2403,2106.0,0.0,0.0,0.0,2,2095.5,2121.5,1,2106.0,0.0,0.0,0.0,0.0,0.0,10
2023-05-10 21:01:19,j2403,j2403,2106.0,0.0,0.0,0.0,1,2096.0,2121.5,1,2106.0,0.0,0.0,0.0,0.0,0.0,10
2023-05-10 21:01:20,j2403,j2403,2106.0,0.0,0.0,0.0,2,2098.0,2121.5,1,2106.0,0.0,0.0,0.0,0.0,0.0,10
2023-05-10 21:01:22,j2403,j2403,2106.0,0.0,0.0,0.0,1,2098.0,2121.5,1,2106.0,0.0,0.0,0.0,0.0,0.0,10
2023-05-10 21:01:35,j2403,j2403,2106.0,0.0,0.0,0.0,2,2098.0,2121.5,1,2106.0,0.0,0.0,0.0,0.0,0.0,10
2023-05-10 21:01:36,j2403,j2403,2106.0,0.0,0.0,0.0,1,2098.5,2121.5,1,2106.0,0.0,0.0,0.0,0.0,0.0,10
2023-05-10 21:01:36,j2403,j2403,2106.0,0.0,0.0,0.0,1,2099.5,2121.5,1,2106.0,0.0,0.0,0.0,0.0,0.0,10
2023-05-10 21:01:37,j2403,j2403,2106.0,0.0,0.0,0.0,1,2099.5,2164.5,1,2106.0,0.0,0.0,0.0,0.0,0.0,10
2023-05-10 21:01:37,j2403,j2403,2106.0,0.0,0.0,0.0,1,2099.5,2127.0,1,2106.0,0.0,0.0,0.0,0.0,0.0,10
2023-05-10 21:01:38,j2403,j2403,2106.0,0.0,0.0,0.0,1,2099.5,2124.5,1,2106.0,0.0,0.0,0.0,0.0,0.0,10
2023-05-10 21:01:39,j2403,j2403,2106.0,0.0,0.0,0.0,1,2100.0,2124.5,1,2106.0,0.0,0.0,0.0,0.0,0.0,10
2023-05-10 21:01:39,j2403,j2403,2106.0,0.0,0.0,0.0,1,2101.0,2124.5,1,2106.0,0.0,0.0,0.0,0.0,0.0,10
2023-05-10 21:01:40,j2403,j2403,2106.0,0.0,0.0,0.0,1,2102.0,2124.5,1,2106.0,0.0,0.0,0.0,0.0,0.0,10
2023-05-10 21:01:40,j2403,j2403,2106.0,0.0,0.0,0.0,1,2103.0,2124.5,1,2106.0,0.0,0.0,0.0,0.0,0.0,10
2023-05-10 21:01:41,j2403,j2403,2106.0,0.0,0.0,0.0,1,2103.0,2178.0,1,2106.0,0.0,0.0,0.0,0.0,0.0,10
2023-05-10 21:01:41,j2403,j2403,2106.0,0.0,0.0,0.0,1,2103.0,2124.0,1,2106.0,0.0,0.0,0.0,0.0,0.0,10
2023-05-10 21:01:43,j2403,j2403,2106.0,0.0,0.0,0.0,3,2103.0,2124.0,1,2106.0,0.0,0.0,0.0,0.0,0.0,10
2023-05-10 21:01:43,j2403,j2403,2106.0,0.0,0.0,0.0,2,2103.0,2124.0,1,2106.0,0.0,0.0,0.0,0.0,0.0,10
2023-05-10 21:01:45,j2403,j2403,2106.0,0.0,0.0,0.0,1,2103.0,2124.0,1,2106.0,0.0,0.0,0.0,0.0,0.0,10
2023-05-10 21:01:48,j2403,j2403,2106.0,0.0,0.0,0.0,1,2074.0,2124.0,1,2106.0,0.0,0.0,0.0,0.0,0.0,10
2023-05-10 21:01:48,j2403,j2403,2106.0,0.0,0.0,0.0,1,2099.0,2124.0,1,2106.0,0.0,0.0,0.0,0.0,0.0,10
2023-05-10 21:01:49,j2403,j2403,2106.0,0.0,0.0,0.0,1,2100.0,2124.0,1,2106.0,0.0,0.0,0.0,0.0,0.0,10
2023-05-10 21:01:51,j2403,j2403,2106.0,0.0,0.0,0.0,1,2100.0,2121.5,1,2106.0,0.0,0.0,0.0,0.0,0.0,10
2023-05-10 21:01:58,j2403,j2403,2106.0,0.0,0.0,0.0,1,2100.0,2124.0,1,2106.0,0.0,0.0,0.0,0.0,0.0,10
2023-05-10 21:02:00,j2403,j2403,2106.0,0.0,0.0,0.0,3,2100.0,2124.0,1,2106.0,0.0,0.0,0.0,0.0,0.0,10
2023-05-10 21:02:02,j2403,j2403,2106.0,0.0,0.0,0.0,2,2100.0,2124.0,1,2106.0,0.0,0.0,0.0,0.0,0.0,10
2023-05-10 21:02:03,j2403,j2403,2106.0,0.0,0.0,0.0,1,2100.5,2124.0,1,2106.0,0.0,0.0,0.0,0.0,0.0,10
2023-05-10 21:02:03,j2403,j2403,2106.0,0.0,0.0,0.0,2,2102.5,2124.0,1,2106.0,0.0,0.0,0.0,0.0,0.0,10
2023-05-10 21:02:06,j2403,j2403,2106.0,0.0,0.0,0.0,1,2103.0,2124.0,1,2106.0,0.0,0.0,0.0,0.0,0.0,10
2023-05-10 21:02:06,j2403,j2403,2106.0,0.0,0.0,0.0,1,2104.0,2124.0,1,2106.0,0.0,0.0,0.0,0.0,0.0,10
2023-05-10 21:02:08,j2403,j2403,2106.0,0.0,0.0,0.0,2,2104.0,2124.0,1,2106.0,0.0,0.0,0.0,0.0,0.0,10
2023-05-10 21:02:09,j2403,j2403,2106.0,0.0,0.0,0.0,1,2104.5,2124.0,1,2106.0,0.0,0.0,0.0,0.0,0.0,10
2023-05-10 21:02:09,j2403,j2403,2106.0,0.0,0.0,0.0,1,2105.0,2124.0,1,2106.0,0.0,0.0,0.0,0.0,0.0,10
2023-05-10 21:02:38,j2403,j2403,2106.0,0.0,0.0,0.0,1,2074.0,2124.0,1,2106.0,0.0,0.0,0.0,0.0,0.0,10
2023-05-10 21:02:39,j2403,j2403,2106.0,0.0,0.0,0.0,1,2104.5,2124.0,1,2106.0,0.0,0.0,0.0,0.0,0.0,10
2023-05-10 21:02:40,j2403,j2403,2106.0,0.0,0.0,0.0,1,2105.0,2124.0,1,2106.0,0.0,0.0,0.0,0.0,0.0,10
2023-05-10 21:02:40,j2403,j2403,2106.0,0.0,0.0,0.0,2,2105.0,2124.0,1,2106.0,0.0,0.0,0.0,0.0,0.0,10
2023-05-10 21:02:41,j2403,j2403,2106.0,0.0,0.0,0.0,1,2105.0,2124.0,1,2106.0,0.0,0.0,0.0,0.0,0.0,10
2023-05-10 21:02:42,j2403,j2403,2106.0,0.0,0.0,0.0,1,2104.5,2124.0,1,2106.0,0.0,0.0,0.0,0.0,0.0,10
2023-05-10 21:02:42,j2403,j2403,2106.0,0.0,0.0,0.0,1,2074.0,2124.0,1,2106.0,0.0,0.0,0.0,0.0,0.0,10
2023-05-10 21:02:43,j2403,j2403,2106.0,0.0,0.0,0.0,1,2102.0,2124.0,1,2106.0,0.0,0.0,0.0,0.0,0.0,10
2023-05-10 21:02:43,j2403,j2403,2106.0,0.0,0.0,0.0,1,2103.0,2124.0,1,2106.0,0.0,0.0,0.0,0.0,0.0,10
2023-05-10 21:02:49,j2403,j2403,2106.0,0.0,0.0,0.0,3,2103.0,2124.0,1,2106.0,0.0,0.0,0.0,0.0,0.0,10
2023-05-10 21:02:50,j2403,j2403,2106.0,0.0,0.0,0.0,2,2103.0,2124.0,1,2106.0,0.0,0.0,0.0,0.0,0.0,10
2023-05-10 21:02:50,j2403,j2403,2106.0,0.0,0.0,0.0,3,2103.0,2124.0,1,2106.0,0.0,0.0,0.0,0.0,0.0,10
2023-05-10 21:02:54,j2403,j2403,2106.0,0.0,0.0,0.0,2,2103.0,2124.0,1,2106.0,0.0,0.0,0.0,0.0,0.0,10
2023-05-10 21:02:54,j2403,j2403,2106.0,0.0,0.0,0.0,1,2103.5,2124.0,1,2106.0,0.0,0.0,0.0,0.0,0.0,10
2023-05-10 21:02:55,j2403,j2403,2106.0,0.0,0.0,0.0,1,2104.5,2124.0,1,2106.0,0.0,0.0,0.0,0.0,0.0,10
2023-05-10 21:02:59,j2403,j2403,2106.0,0.0,0.0,0.0,3,2104.5,2124.0,1,2106.0,0.0,0.0,0.0,0.0,0.0,10
2023-05-10 21:03:01,j2403,j2403,2106.0,0.0,0.0,0.0,2,2104.5,2124.0,1,2106.0,0.0,0.0,0.0,0.0,0.0,10
2023-05-10 21:03:02,j2403,j2403,2106.0,0.0,0.0,0.0,1,2105.0,2124.0,1,2106.0,0.0,0.0,0.0,0.0,0.0,10
2023-05-10 21:03:02,j2403,j2403,2106.0,0.0,0.0,0.0,2,2107.0,2124.0,1,2106.0,0.0,0.0,0.0,0.0,0.0,10
2023-05-10 21:03:04,j2403,j2403,2106.0,0.0,0.0,0.0,1,2107.0,2124.0,1,2106.0,0.0,0.0,0.0,0.0,0.0,10
2023-05-10 21:03:05,j2403,j2403,2106.0,0.0,0.0,0.0,1,2074.0,2124.0,1,2106.0,0.0,0.0,0.0,0.0,0.0,10
2023-05-10 21:03:06,j2403,j2403,2106.0,0.0,0.0,0.0,1,2103.0,2124.0,1,2106.0,0.0,0.0,0.0,0.0,0.0,10
2023-05-10 21:03:06,j2403,j2403,2106.0,0.0,0.0,0.0,1,2104.0,2124.0,1,2106.0,0.0,0.0,0.0,0.0,0.0,10
2023-05-10 21:03:47,j2403,j2403,2106.0,0.0,0.0,0.0,1,2074.0,2124.0,1,2106.0,0.0,0.0,0.0,0.0,0.0,10
2023-05-10 21:03:48,j2403,j2403,2106.0,0.0,0.0,0.0,1,2102.5,2124.0,1,2106.0,0.0,0.0,0.0,0.0,0.0,10
2023-05-10 21:03:48,j2403,j2403,2106.0,0.0,0.0,0.0,1,2103.0,2124.0,1,2106.0,0.0,0.0,0.0,0.0,0.0,10
2023-05-10 21:03:56,j2403,j2403,2106.0,0.0,0.0,0.0,3,2074.5,2124.0,1,2106.0,0.0,0.0,0.0,0.0,0.0,10
2023-05-10 21:03:57,j2403,j2403,2106.0,0.0,0.0,0.0,1,2095.5,2124.0,1,2106.0,0.0,0.0,0.0,0.0,0.0,10
2023-05-10 21:03:57,j2403,j2403,2106.0,0.0,0.0,0.0,1,2097.5,2124.0,1,2106.0,0.0,0.0,0.0,0.0,0.0,10
2023-05-10 21:03:58,j2403,j2403,2106.0,0.0,0.0,0.0,1,2099.5,2124.0,1,2106.0,0.0,0.0,0.0,0.0,0.0,10
2023-05-10 21:03:58,j2403,j2403,2106.0,0.0,0.0,0.0,1,2100.5,2124.0,1,2106.0,0.0,0.0,0.0,0.0,0.0,10
2023-05-10 21:04:41,j2403,j2403,2106.0,0.0,0.0,0.0,1,2100.5,2121.5,1,2106.0,0.0,0.0,0.0,0.0,0.0,10
2023-05-10 21:04:53,j2403,j2403,2106.0,0.0,0.0,0.0,1,2100.5,2124.0,1,2106.0,0.0,0.0,0.0,0.0,0.0,10
2023-05-10 21:05:14,j2403,j2403,2106.0,0.0,0.0,0.0,2,2100.5,2124.0,1,2106.0,0.0,0.0,0.0,0.0,0.0,10
2023-05-10 21:05:14,j2403,j2403,2106.0,0.0,0.0,0.0,3,2100.5,2124.0,1,2106.0,0.0,0.0,0.0,0.0,0.0,10
2023-05-10 21:05:21,j2403,j2403,2106.0,0.0,0.0,0.0,2,2100.5,2124.0,1,2106.0,0.0,0.0,0.0,0.0,0.0,10
2023-05-10 21:05:22,j2403,j2403,2106.0,0.0,0.0,0.0,1,2101.0,2124.0,1,2106.0,0.0,0.0,0.0,0.0,0.0,10
2023-05-10 21:05:22,j2403,j2403,2106.0,0.0,0.0,0.0,1,2102.0,2124.0,1,2106.0,0.0,0.0,0.0,0.0,0.0,10
2023-05-10 21:05:26,j2403,j2403,2106.0,0.0,0.0,0.0,2,2102.0,2124.0,1,2106.0,0.0,0.0,0.0,0.0,0.0,10
2023-05-10 21:05:26,j2403,j2403,2106.0,0.0,0.0,0.0,3,2102.0,2124.0,1,2106.0,0.0,0.0,0.0,0.0,0.0,10
2023-05-10 21:05:37,j2403,j2403,2106.0,0.0,0.0,0.0,2,2102.0,2124.0,1,2106.0,0.0,0.0,0.0,0.0,0.0,10
2023-05-10 21:05:38,j2403,j2403,2106.0,0.0,0.0,0.0,1,2102.0,2124.0,1,2106.0,0.0,0.0,0.0,0.0,0.0,10
2023-05-10 21:05:56,j2403,j2403,2106.0,0.0,0.0,0.0,1,2102.0,2121.5,1,2106.0,0.0,0.0,0.0,0.0,0.0,10
2023-05-10 21:05:56,j2403,j2403,2106.0,0.0,0.0,0.0,1,2102.0,2124.0,1,2106.0,0.0,0.0,0.0,0.0,0.0,10
2023-05-10 21:05:58,j2403,j2403,2106.0,0.0,0.0,0.0,1,2102.0,2121.5,1,2106.0,0.0,0.0,0.0,0.0,0.0,10
2023-05-10 21:05:59,j2403,j2403,2106.0,0.0,0.0,0.0,1,2077.0,2121.5,1,2106.0,0.0,0.0,0.0,0.0,0.0,10
2023-05-10 21:06:00,j2403,j2403,2106.0,0.0,0.0,0.0,1,2099.0,2121.5,1,2106.0,0.0,0.0,0.0,0.0,0.0,10
2023-05-10 21:06:00,j2403,j2403,2106.0,0.0,0.0,0.0,1,2100.0,2121.5,1,2106.0,0.0,0.0,0.0,0.0,0.0,10
2023-05-10 21:06:01,j2403,j2403,2106.0,0.0,0.0,0.0,1,2100.0,2124.0,1,2106.0,0.0,0.0,0.0,0.0,0.0,10
2023-05-10 21:06:08,j2403,j2403,2106.0,0.0,0.0,0.0,1,2100.0,2121.5,1,2106.0,0.0,0.0,0.0,0.0,0.0,10
2023-05-10 21:06:09,j2403,j2403,2106.0,0.0,0.0,0.0,1,2100.0,2124.0,1,2106.0,0.0,0.0,0.0,0.0,0.0,10
2023-05-10 21:06:20,j2403,j2403,2106.0,0.0,0.0,0.0,1,2100.0,2121.5,1,2106.0,0.0,0.0,0.0,0.0,0.0,10
2023-05-10 21:06:23,j2403,j2403,2106.0,0.0,0.0,0.0,1,2100.0,2124.0,1,2106.0,0.0,0.0,0.0,0.0,0.0,10
2023-05-10 21:06:24,j2403,j2403,2106.0,0.0,0.0,0.0,1,2100.0,2121.5,1,2106.0,0.0,0.0,0.0,0.0,0.0,10
2023-05-10 21:06:49,j2403,j2403,2106.0,0.0,0.0,0.0,1,2100.0,2178.0,1,2106.0,0.0,0.0,0.0,0.0,0.0,10
2023-05-10 21:06:49,j2403,j2403,2106.0,0.0,0.0,0.0,1,2100.0,2126.5,1,2106.0,0.0,0.0,0.0,0.0,0.0,10
2023-05-10 21:06:50,j2403,j2403,2106.0,0.0,0.0,0.0,1,2100.0,2124.0,1,2106.0,0.0,0.0,0.0,0.0,0.0,10
2023-05-10 21:06:51,j2403,j2403,2106.0,0.0,0.0,0.0,3,2100.0,2124.0,1,2106.0,0.0,0.0,0.0,0.0,0.0,10
2023-05-10 21:06:54,j2403,j2403,2106.0,0.0,0.0,0.0,1,2100.0,2124.0,1,2106.0,0.0,0.0,0.0,0.0,0.0,10
2023-05-10 21:07:04,j2403,j2403,2106.0,0.0,0.0,0.0,3,2100.0,2124.0,1,2106.0,0.0,0.0,0.0,0.0,0.0,10
2023-05-10 21:07:04,j2403,j2403,2106.0,0.0,0.0,0.0,2,2100.0,2124.0,1,2106.0,0.0,0.0,0.0,0.0,0.0,10
2023-05-10 21:07:05,j2403,j2403,2106.0,0.0,0.0,0.0,1,2100.5,2124.0,1,2106.0,0.0,0.0,0.0,0.0,0.0,10
2023-05-10 21:07:05,j2403,j2403,2106.0,0.0,0.0,0.0,1,2101.5,2124.0,1,2106.0,0.0,0.0,0.0,0.0,0.0,10
2023-05-10 21:07:10,j2403,j2403,2106.0,0.0,0.0,0.0,1,2101.5,2178.0,1,2106.0,0.0,0.0,0.0,0.0,0.0,10
2023-05-10 21:07:10,j2403,j2403,2106.0,0.0,0.0,0.0,3,2101.5,2129.5,1,2106.0,0.0,0.0,0.0,0.0,0.0,10
2023-05-10 21:07:11,j2403,j2403,2106.0,0.0,0.0,0.0,3,2101.5,2127.0,1,2106.0,0.0,0.0,0.0,0.0,0.0,10
2023-05-10 21:07:17,j2403,j2403,2106.0,0.0,0.0,0.0,2,2101.5,2127.0,1,2106.0,0.0,0.0,0.0,0.0,0.0,10
2023-05-10 21:07:17,j2403,j2403,2106.0,0.0,0.0,0.0,1,2102.0,2127.0,1,2106.0,0.0,0.0,0.0,0.0,0.0,10
2023-05-10 21:07:18,j2403,j2403,2106.0,0.0,0.0,0.0,1,2103.0,2127.0,1,2106.0,0.0,0.0,0.0,0.0,0.0,10
2023-05-10 21:07:23,j2403,j2403,2106.0,0.0,0.0,0.0,1,2103.0,2126.5,1,2106.0,0.0,0.0,0.0,0.0,0.0,10
2023-05-10 21:07:27,j2403,j2403,2106.0,0.0,0.0,0.0,3,2103.0,2126.5,1,2106.0,0.0,0.0,0.0,0.0,0.0,10
2023-05-10 21:07:28,j2403,j2403,2106.0,0.0,0.0,0.0,2,2103.0,2126.5,1,2106.0,0.0,0.0,0.0,0.0,0.0,10
2023-05-10 21:07:30,j2403,j2403,2106.0,0.0,0.0,0.0,3,2103.0,2126.5,1,2106.0,0.0,0.0,0.0,0.0,0.0,10
2023-05-10 21:07:59,j2403,j2403,2106.0,0.0,0.0,0.0,2,2103.0,2126.5,1,2106.0,0.0,0.0,0.0,0.0,0.0,10
2023-05-10 21:07:59,j2403,j2403,2106.0,0.0,0.0,0.0,1,2103.0,2126.5,1,2106.0,0.0,0.0,0.0,0.0,0.0,10
2023-05-10 21:08:00,j2403,j2403,2106.0,0.0,0.0,0.0,1,2103.0,2124.0,1,2106.0,0.0,0.0,0.0,0.0,0.0,10
2023-05-10 21:08:30,j2403,j2403,2106.0,0.0,0.0,0.0,4,2077.5,2124.0,1,2106.0,0.0,0.0,0.0,0.0,0.0,10
2023-05-10 21:08:31,j2403,j2403,2106.0,0.0,0.0,0.0,1,2099.0,2124.0,1,2106.0,0.0,0.0,0.0,0.0,0.0,10
2023-05-10 21:08:31,j2403,j2403,2106.0,0.0,0.0,0.0,1,2100.0,2124.0,1,2106.0,0.0,0.0,0.0,0.0,0.0,10
2023-05-10 21:08:42,j2403,j2403,2106.0,0.0,0.0,0.0,3,2100.0,2124.0,1,2106.0,0.0,0.0,0.0,0.0,0.0,10
2023-05-10 21:08:47,j2403,j2403,2106.0,0.0,0.0,0.0,1,2100.0,2124.0,1,2106.0,0.0,0.0,0.0,0.0,0.0,10
2023-05-10 21:08:49,j2403,j2403,2106.0,0.0,0.0,0.0,1,2100.0,2123.5,1,2106.0,0.0,0.0,0.0,0.0,0.0,10
2023-05-10 21:08:52,j2403,j2403,2106.0,0.0,0.0,0.0,1,2100.0,2121.0,1,2106.0,0.0,0.0,0.0,0.0,0.0,10
2023-05-10 21:09:06,j2403,j2403,2106.0,0.0,0.0,0.0,1,2100.0,2123.5,1,2106.0,0.0,0.0,0.0,0.0,0.0,10
2023-05-10 21:09:07,j2403,j2403,2106.0,0.0,0.0,0.0,1,2100.0,2121.0,1,2106.0,0.0,0.0,0.0,0.0,0.0,10
2023-05-10 21:09:12,j2403,j2403,2106.0,0.0,0.0,0.0,1,2080.0,2121.0,1,2106.0,0.0,0.0,0.0,0.0,0.0,10
2023-05-10 21:09:13,j2403,j2403,2106.0,0.0,0.0,0.0,1,2096.5,2121.0,1,2106.0,0.0,0.0,0.0,0.0,0.0,10
2023-05-10 21:09:13,j2403,j2403,2106.0,0.0,0.0,0.0,1,2097.5,2121.0,1,2106.0,0.0,0.0,0.0,0.0,0.0,10
2023-05-10 21:10:04,j2403,j2403,2106.0,0.0,0.0,0.0,1,2080.0,2121.0,1,2106.0,0.0,0.0,0.0,0.0,0.0,10
2023-05-10 21:10:04,j2403,j2403,2106.0,0.0,0.0,0.0,1,2095.0,2121.0,1,2106.0,0.0,0.0,0.0,0.0,0.0,10
2023-05-10 21:10:05,j2403,j2403,2106.0,0.0,0.0,0.0,1,2096.0,2121.0,1,2106.0,0.0,0.0,0.0,0.0,0.0,10
2023-05-10 21:10:14,j2403,j2403,2106.0,0.0,0.0,0.0,3,2096.0,2121.0,1,2106.0,0.0,0.0,0.0,0.0,0.0,10
2023-05-10 21:10:15,j2403,j2403,2106.0,0.0,0.0,0.0,3,2096.0,2120.5,1,2106.0,0.0,0.0,0.0,0.0,0.0,10
2023-05-10 21:10:16,j2403,j2403,2106.0,0.0,0.0,0.0,3,2096.0,2118.0,1,2106.0,0.0,0.0,0.0,0.0,0.0,10
2023-05-10 21:10:17,j2403,j2403,2106.0,0.0,0.0,0.0,1,2096.0,2118.0,1,2106.0,0.0,0.0,0.0,0.0,0.0,10
2023-05-10 21:10:20,j2403,j2403,2106.0,0.0,0.0,0.0,3,2096.0,2118.0,1,2106.0,0.0,0.0,0.0,0.0,0.0,10
2023-05-10 21:10:20,j2403,j2403,2106.0,0.0,0.0,0.0,2,2096.0,2118.0,1,2106.0,0.0,0.0,0.0,0.0,0.0,10
2023-05-10 21:10:22,j2403,j2403,2106.0,0.0,0.0,0.0,1,2096.0,2118.0,1,2106.0,0.0,0.0,0.0,0.0,0.0,10
2023-05-10 21:10:59,j2403,j2403,2106.0,0.0,0.0,0.0,1,2096.0,2117.5,1,2106.0,0.0,0.0,0.0,0.0,0.0,10
2023-05-10 21:11:15,j2403,j2403,2106.0,0.0,0.0,0.0,4,2080.5,2115.0,1,2106.0,0.0,0.0,0.0,0.0,0.0,10
2023-05-10 21:11:15,j2403,j2403,2106.0,0.0,0.0,0.0,1,2085.5,2115.0,1,2106.0,0.0,0.0,0.0,0.0,0.0,10
2023-05-10 21:11:16,j2403,j2403,2106.0,0.0,0.0,0.0,1,2087.5,2115.0,1,2106.0,0.0,0.0,0.0,0.0,0.0,10
2023-05-10 21:11:16,j2403,j2403,2106.0,0.0,0.0,0.0,1,2091.0,2115.0,1,2106.0,0.0,0.0,0.0,0.0,0.0,10
2023-05-10 21:11:17,j2403,j2403,2106.0,0.0,0.0,0.0,1,2092.0,2115.0,1,2106.0,0.0,0.0,0.0,0.0,0.0,10
2023-05-10 21:11:23,j2403,j2403,2106.0,0.0,0.0,0.0,1,2092.0,2117.5,1,2106.0,0.0,0.0,0.0,0.0,0.0,10
2023-05-10 21:11:23,j2403,j2403,2106.0,0.0,0.0,0.0,3,2092.0,2115.0,1,2106.0,0.0,0.0,0.0,0.0,0.0,10
2023-05-10 21:11:32,j2403,j2403,2106.0,0.0,0.0,0.0,3,2092.0,2117.5,1,2106.0,0.0,0.0,0.0,0.0,0.0,10
2023-05-10 21:11:32,j2403,j2403,2106.0,0.0,0.0,0.0,2,2092.0,2117.5,1,2106.0,0.0,0.0,0.0,0.0,0.0,10
2023-05-10 21:11:33,j2403,j2403,2106.0,0.0,0.0,0.0,2,2092.0,2115.0,1,2106.0,0.0,0.0,0.0,0.0,0.0,10
2023-05-10 21:11:34,j2403,j2403,2106.0,0.0,0.0,0.0,1,2092.5,2115.0,1,2106.0,0.0,0.0,0.0,0.0,0.0,10
2023-05-10 21:11:34,j2403,j2403,2106.0,0.0,0.0,0.0,1,2093.5,2115.0,1,2106.0,0.0,0.0,0.0,0.0,0.0,10
2023-05-10 21:11:55,j2403,j2403,2106.0,0.0,0.0,0.0,1,2083.0,2115.0,1,2106.0,0.0,0.0,0.0,0.0,0.0,10
2023-05-10 21:11:56,j2403,j2403,2106.0,0.0,0.0,0.0,1,2088.0,2115.0,1,2106.0,0.0,0.0,0.0,0.0,0.0,10
2023-05-10 21:11:56,j2403,j2403,2106.0,0.0,0.0,0.0,1,2090.0,2115.0,1,2106.0,0.0,0.0,0.0,0.0,0.0,10
2023-05-10 21:11:57,j2403,j2403,2106.0,0.0,0.0,0.0,1,2090.5,2115.0,1,2106.0,0.0,0.0,0.0,0.0,0.0,10
2023-05-10 21:11:57,j2403,j2403,2106.0,0.0,0.0,0.0,1,2091.5,2115.0,1,2106.0,0.0,0.0,0.0,0.0,0.0,10
2023-05-10 21:12:12,j2403,j2403,2106.0,0.0,0.0,0.0,1,2092.5,2178.0,1,2106.0,0.0,0.0,0.0,0.0,0.0,10
2023-05-10 21:12:13,j2403,j2403,2106.0,0.0,0.0,0.0,1,2093.5,2122.0,1,2106.0,0.0,0.0,0.0,0.0,0.0,10
2023-05-10 21:12:13,j2403,j2403,2106.0,0.0,0.0,0.0,1,2093.5,2119.5,1,2106.0,0.0,0.0,0.0,0.0,0.0,10
2023-05-10 21:12:18,j2403,j2403,2106.0,0.0,0.0,0.0,2,2093.5,2119.5,1,2106.0,0.0,0.0,0.0,0.0,0.0,10
2023-05-10 21:12:24,j2403,j2403,2106.0,0.0,0.0,0.0,2,2093.5,2119.0,1,2106.0,0.0,0.0,0.0,0.0,0.0,10
2023-05-10 21:12:25,j2403,j2403,2106.0,0.0,0.0,0.0,2,2093.5,2116.5,1,2106.0,0.0,0.0,0.0,0.0,0.0,10
2023-05-10 21:12:32,j2403,j2403,2106.0,0.0,0.0,0.0,2,2093.5,2119.0,1,2106.0,0.0,0.0,0.0,0.0,0.0,10
2023-05-10 21:12:33,j2403,j2403,2106.0,0.0,0.0,0.0,2,2093.5,2116.5,1,2106.0,0.0,0.0,0.0,0.0,0.0,10
2023-05-10 21:13:00,j2403,j2403,2106.0,0.0,0.0,0.0,1,2093.5,2116.5,1,2106.0,0.0,0.0,0.0,0.0,0.0,10
2023-05-10 21:13:01,j2403,j2403,2106.0,0.0,0.0,0.0,1,2094.0,2116.5,1,2106.0,0.0,0.0,0.0,0.0,0.0,10
2023-05-10 21:13:01,j2403,j2403,2106.0,0.0,0.0,0.0,1,2095.0,2116.5,1,2106.0,0.0,0.0,0.0,0.0,0.0,10
2023-05-10 21:13:50,j2403,j2403,2106.0,0.0,0.0,0.0,1,2095.0,2116.0,1,2106.0,0.0,0.0,0.0,0.0,0.0,10
2023-05-10 21:14:19,j2403,j2403,2106.0,0.0,0.0,0.0,2,2095.0,2116.0,1,2106.0,0.0,0.0,0.0,0.0,0.0,10
2023-05-10 21:14:19,j2403,j2403,2106.0,0.0,0.0,0.0,1,2095.5,2116.0,1,2106.0,0.0,0.0,0.0,0.0,0.0,10
2023-05-10 21:14:20,j2403,j2403,2106.0,0.0,0.0,0.0,1,2096.5,2116.0,1,2106.0,0.0,0.0,0.0,0.0,0.0,10
2023-05-10 21:14:51,j2403,j2403,2106.0,0.0,0.0,0.0,4,2080.5,2116.0,1,2106.0,0.0,0.0,0.0,0.0,0.0,10
2023-05-10 21:14:51,j2403,j2403,2106.0,0.0,0.0,0.0,1,2092.5,2116.0,1,2106.0,0.0,0.0,0.0,0.0,0.0,10
2023-05-10 21:14:52,j2403,j2403,2106.0,0.0,0.0,0.0,1,2093.5,2116.0,1,2106.0,0.0,0.0,0.0,0.0,0.0,10
2023-05-10 21:14:54,j2403,j2403,2106.0,0.0,0.0,0.0,1,2094.0,2116.0,1,2106.0,0.0,0.0,0.0,0.0,0.0,10
2023-05-10 21:14:55,j2403,j2403,2106.0,0.0,0.0,0.0,1,2095.0,2116.0,1,2106.0,0.0,0.0,0.0,0.0,0.0,10
2023-05-10 21:15:01,j2403,j2403,2106.0,0.0,0.0,0.0,2,2095.0,2116.0,1,2106.0,0.0,0.0,0.0,0.0,0.0,10
2023-05-10 21:16:16,j2403,j2403,2106.0,0.0,0.0,0.0,1,2095.0,2116.0,1,2106.0,0.0,0.0,0.0,0.0,0.0,10
2023-05-10 21:16:24,j2403,j2403,2106.0,0.0,0.0,0.0,1,2083.0,2116.0,1,2106.0,0.0,0.0,0.0,0.0,0.0,10
2023-05-10 21:16:24,j2403,j2403,2106.0,0.0,0.0,0.0,1,2091.5,2116.0,1,2106.0,0.0,0.0,0.0,0.0,0.0,10
2023-05-10 21:16:25,j2403,j2403,2106.0,0.0,0.0,0.0,1,2092.5,2116.0,1,2106.0,0.0,0.0,0.0,0.0,0.0,10
2023-05-10 21:16:29,j2403,j2403,2106.0,0.0,0.0,0.0,2,2092.5,2116.0,1,2106.0,0.0,0.0,0.0,0.0,0.0,10
2023-05-10 21:16:35,j2403,j2403,2106.0,0.0,0.0,0.0,2,2092.5,2113.5,1,2106.0,0.0,0.0,0.0,0.0,0.0,10
2023-05-10 21:16:35,j2403,j2403,2106.0,0.0,0.0,0.0,2,2092.5,2116.0,1,2106.0,0.0,0.0,0.0,0.0,0.0,10
2023-05-10 21:16:48,j2403,j2403,2106.0,0.0,0.0,0.0,3,2092.5,2116.0,1,2106.0,0.0,0.0,0.0,0.0,0.0,10
2023-05-10 21:16:50,j2403,j2403,2106.0,0.0,0.0,0.0,2,2092.5,2116.0,1,2106.0,0.0,0.0,0.0,0.0,0.0,10
2023-05-10 21:16:50,j2403,j2403,2106.0,0.0,0.0,0.0,1,2093.0,2116.0,1,2106.0,0.0,0.0,0.0,0.0,0.0,10
2023-05-10 21:16:51,j2403,j2403,2106.0,0.0,0.0,0.0,1,2094.0,2116.0,1,2106.0,0.0,0.0,0.0,0.0,0.0,10
2023-05-10 21:17:09,j2403,j2403,2106.0,0.0,0.0,0.0,1,2094.0,2113.5,1,2106.0,0.0,0.0,0.0,0.0,0.0,10
2023-05-10 21:17:13,j2403,j2403,2106.0,0.0,0.0,0.0,1,2083.0,2113.5,1,2106.0,0.0,0.0,0.0,0.0,0.0,10
2023-05-10 21:17:14,j2403,j2403,2106.0,0.0,0.0,0.0,1,2089.0,2113.5,1,2106.0,0.0,0.0,0.0,0.0,0.0,10
2023-05-10 21:17:14,j2403,j2403,2106.0,0.0,0.0,0.0,1,2090.0,2113.5,1,2106.0,0.0,0.0,0.0,0.0,0.0,10
2023-05-10 21:17:21,j2403,j2403,2106.0,0.0,0.0,0.0,1,2090.5,2113.5,1,2106.0,0.0,0.0,0.0,0.0,0.0,10
2023-05-10 21:17:21,j2403,j2403,2106.0,0.0,0.0,0.0,1,2091.5,2113.5,1,2106.0,0.0,0.0,0.0,0.0,0.0,10
2023-05-10 21:17:31,j2403,j2403,2106.0,0.0,0.0,0.0,1,2091.5,2116.0,1,2106.0,0.0,0.0,0.0,0.0,0.0,10
2023-05-10 21:17:37,j2403,j2403,2106.0,0.0,0.0,0.0,1,2091.5,2113.5,1,2106.0,0.0,0.0,0.0,0.0,0.0,10
2023-05-10 21:17:44,j2403,j2403,2106.0,0.0,0.0,0.0,2,2091.5,2113.5,1,2106.0,0.0,0.0,0.0,0.0,0.0,10
2023-05-10 21:17:49,j2403,j2403,2106.0,0.0,0.0,0.0,1,2091.5,2113.5,1,2106.0,0.0,0.0,0.0,0.0,0.0,10
2023-05-10 21:17:51,j2403,j2403,2106.0,0.0,0.0,0.0,1,2092.0,2113.5,1,2106.0,0.0,0.0,0.0,0.0,0.0,10
2023-05-10 21:17:51,j2403,j2403,2106.0,0.0,0.0,0.0,1,2092.5,2113.5,1,2106.0,0.0,0.0,0.0,0.0,0.0,10
2023-05-10 21:17:57,j2403,j2403,2106.0,0.0,0.0,0.0,1,2092.5,2116.0,1,2106.0,0.0,0.0,0.0,0.0,0.0,10
2023-05-10 21:17:57,j2403,j2403,2106.0,0.0,0.0,0.0,2,2092.5,2116.0,1,2106.0,0.0,0.0,0.0,0.0,0.0,10
2023-05-10 21:18:00,j2403,j2403,2106.0,0.0,0.0,0.0,1,2092.5,2116.0,1,2106.0,0.0,0.0,0.0,0.0,0.0,10
2023-05-10 21:18:02,j2403,j2403,2106.0,0.0,0.0,0.0,1,2092.5,2113.5,1,2106.0,0.0,0.0,0.0,0.0,0.0,10
2023-05-10 21:18:12,j2403,j2403,2106.0,0.0,0.0,0.0,1,2092.5,2116.0,1,2106.0,0.0,0.0,0.0,0.0,0.0,10
2023-05-10 21:18:13,j2403,j2403,2106.0,0.0,0.0,0.0,2,2092.5,2116.0,1,2106.0,0.0,0.0,0.0,0.0,0.0,10
2023-05-10 21:18:20,j2403,j2403,2106.0,0.0,0.0,0.0,1,2093.0,2116.0,1,2106.0,0.0,0.0,0.0,0.0,0.0,10
2023-05-10 21:18:20,j2403,j2403,2106.0,0.0,0.0,0.0,1,2094.0,2116.0,1,2106.0,0.0,0.0,0.0,0.0,0.0,10
2023-05-10 21:18:49,j2403,j2403,2106.0,0.0,0.0,0.0,1,2094.0,2116.5,1,2106.0,0.0,0.0,0.0,0.0,0.0,10
2023-05-10 21:19:31,j2403,j2403,2106.0,0.0,0.0,0.0,1,2094.0,2116.0,1,2106.0,0.0,0.0,0.0,0.0,0.0,10
2023-05-10 21:19:55,j2403,j2403,2106.0,0.0,0.0,0.0,2,2094.0,2116.0,1,2106.0,0.0,0.0,0.0,0.0,0.0,10
2023-05-10 21:20:09,j2403,j2403,2106.0,0.0,0.0,0.0,1,2094.0,2116.0,1,2106.0,0.0,0.0,0.0,0.0,0.0,10
2023-05-10 21:20:09,j2403,j2403,2106.0,0.0,0.0,0.0,1,2094.5,2116.0,1,2106.0,0.0,0.0,0.0,0.0,0.0,10
2023-05-10 21:20:10,j2403,j2403,2106.0,0.0,0.0,0.0,1,2095.0,2116.0,1,2106.0,0.0,0.0,0.0,0.0,0.0,10
2023-05-10 21:21:06,j2403,j2403,2106.0,0.0,0.0,0.0,1,2083.0,2116.0,1,2106.0,0.0,0.0,0.0,0.0,0.0,10
2023-05-10 21:21:07,j2403,j2403,2106.0,0.0,0.0,0.0,1,2093.0,2116.0,1,2106.0,0.0,0.0,0.0,0.0,0.0,10
2023-05-10 21:21:07,j2403,j2403,2106.0,0.0,0.0,0.0,1,2093.5,2116.0,1,2106.0,0.0,0.0,0.0,0.0,0.0,10
2023-05-10 21:21:11,j2403,j2403,2106.0,0.0,0.0,0.0,1,2094.0,2116.0,1,2106.0,0.0,0.0,0.0,0.0,0.0,10
2023-05-10 21:21:12,j2403,j2403,2106.0,0.0,0.0,0.0,1,2094.5,2116.0,1,2106.0,0.0,0.0,0.0,0.0,0.0,10
2023-05-10 21:21:18,j2403,j2403,2106.0,0.0,0.0,0.0,1,2083.0,2116.0,1,2106.0,0.0,0.0,0.0,0.0,0.0,10
2023-05-10 21:21:18,j2403,j2403,2106.0,0.0,0.0,0.0,1,2093.0,2116.0,1,2106.0,0.0,0.0,0.0,0.0,0.0,10
2023-05-10 21:21:19,j2403,j2403,2106.0,0.0,0.0,0.0,1,2093.5,2116.0,1,2106.0,0.0,0.0,0.0,0.0,0.0,10
2023-05-10 21:21:22,j2403,j2403,2106.0,0.0,0.0,0.0,2,2093.5,2116.0,1,2106.0,0.0,0.0,0.0,0.0,0.0,10
2023-05-10 21:21:23,j2403,j2403,2106.0,0.0,0.0,0.0,2,2093.5,2113.5,1,2106.0,0.0,0.0,0.0,0.0,0.0,10
2023-05-10 21:21:24,j2403,j2403,2106.0,0.0,0.0,0.0,1,2093.5,2113.5,1,2106.0,0.0,0.0,0.0,0.0,0.0,10
2023-05-10 21:21:27,j2403,j2403,2106.0,0.0,0.0,0.0,1,2094.0,2113.5,1,2106.0,0.0,0.0,0.0,0.0,0.0,10
2023-05-10 21:21:34,j2403,j2403,2106.0,0.0,0.0,0.0,2,2094.0,2116.0,1,2106.0,0.0,0.0,0.0,0.0,0.0,10
2023-05-10 21:21:38,j2403,j2403,2106.0,0.0,0.0,0.0,1,2094.0,2116.0,1,2106.0,0.0,0.0,0.0,0.0,0.0,10
2023-05-10 21:21:46,j2403,j2403,2106.0,0.0,0.0,0.0,4,2083.5,2116.0,1,2106.0,0.0,0.0,0.0,0.0,0.0,10
2023-05-10 21:21:46,j2403,j2403,2106.0,0.0,0.0,0.0,1,2092.0,2116.0,1,2106.0,0.0,0.0,0.0,0.0,0.0,10
2023-05-10 21:21:47,j2403,j2403,2106.0,0.0,0.0,0.0,1,2092.5,2116.0,1,2106.0,0.0,0.0,0.0,0.0,0.0,10
2023-05-10 21:21:48,j2403,j2403,2106.0,0.0,0.0,0.0,1,2093.0,2113.5,1,2106.0,0.0,0.0,0.0,0.0,0.0,10
2023-05-10 21:21:48,j2403,j2403,2106.0,0.0,0.0,0.0,1,2093.5,2113.5,1,2106.0,0.0,0.0,0.0,0.0,0.0,10
2023-05-10 21:21:50,j2403,j2403,2106.0,0.0,0.0,0.0,1,2093.0,2113.5,1,2106.0,0.0,0.0,0.0,0.0,0.0,10
2023-05-10 21:21:53,j2403,j2403,2106.0,0.0,0.0,0.0,1,2093.5,2113.5,1,2106.0,0.0,0.0,0.0,0.0,0.0,10
2023-05-10 21:21:55,j2403,j2403,2106.0,0.0,0.0,0.0,2,2093.5,2113.5,1,2106.0,0.0,0.0,0.0,0.0,0.0,10
2023-05-10 21:21:58,j2403,j2403,2106.0,0.0,0.0,0.0,1,2093.5,2113.5,1,2106.0,0.0,0.0,0.0,0.0,0.0,10
2023-05-10 21:22:00,j2403,j2403,2106.0,0.0,0.0,0.0,2,2093.5,2113.5,1,2106.0,0.0,0.0,0.0,0.0,0.0,10
2023-05-10 21:22:02,j2403,j2403,2106.0,0.0,0.0,0.0,1,2093.5,2113.5,1,2106.0,0.0,0.0,0.0,0.0,0.0,10
2023-05-10 21:22:04,j2403,j2403,2106.0,0.0,0.0,0.0,1,2086.0,2113.5,1,2106.0,0.0,0.0,0.0,0.0,0.0,10
2023-05-10 21:22:05,j2403,j2403,2106.0,0.0,0.0,0.0,1,2092.0,2113.5,1,2106.0,0.0,0.0,0.0,0.0,0.0,10
2023-05-10 21:22:05,j2403,j2403,2106.0,0.0,0.0,0.0,1,2092.5,2113.5,1,2106.0,0.0,0.0,0.0,0.0,0.0,10
2023-05-10 21:23:03,j2403,j2403,2106.0,0.0,0.0,0.0,1,2092.5,2113.0,1,2106.0,0.0,0.0,0.0,0.0,0.0,10
2023-05-10 21:23:13,j2403,j2403,2106.0,0.0,0.0,0.0,4,2083.5,2113.0,1,2106.0,0.0,0.0,0.0,0.0,0.0,10
2023-05-10 21:23:14,j2403,j2403,2106.0,0.0,0.0,0.0,1,2090.0,2113.0,1,2106.0,0.0,0.0,0.0,0.0,0.0,10
2023-05-10 21:23:14,j2403,j2403,2106.0,0.0,0.0,0.0,2,2090.5,2113.0,1,2106.0,0.0,0.0,0.0,0.0,0.0,10
2023-05-10 21:23:26,j2403,j2403,2106.0,0.0,0.0,0.0,3,2090.5,2113.0,1,2106.0,0.0,0.0,0.0,0.0,0.0,10
2023-05-10 21:23:31,j2403,j2403,2106.0,0.0,0.0,0.0,2,2090.5,2113.0,1,2106.0,0.0,0.0,0.0,0.0,0.0,10
2023-05-10 21:23:41,j2403,j2403,2106.0,0.0,0.0,0.0,3,2090.5,2113.0,1,2106.0,0.0,0.0,0.0,0.0,0.0,10
2023-05-10 21:24:00,j2403,j2403,2106.0,0.0,0.0,0.0,2,2090.5,2113.0,1,2106.0,0.0,0.0,0.0,0.0,0.0,10
2023-05-10 21:24:21,j2403,j2403,2106.0,0.0,0.0,0.0,3,2090.5,2113.0,1,2106.0,0.0,0.0,0.0,0.0,0.0,10
2023-05-10 21:28:03,j2403,j2403,2106.0,0.0,0.0,0.0,3,2090.5,2178.0,1,2106.0,0.0,0.0,0.0,0.0,0.0,10
2023-05-10 21:28:04,j2403,j2403,2106.0,0.0,0.0,0.0,3,2090.5,2124.0,1,2106.0,0.0,0.0,0.0,0.0,0.0,10
2023-05-10 21:28:04,j2403,j2403,2106.0,0.0,0.0,0.0,3,2090.5,2121.5,1,2106.0,0.0,0.0,0.0,0.0,0.0,10
2023-05-10 21:28:27,j2403,j2403,2106.0,0.0,0.0,0.0,1,2093.0,2121.5,1,2106.0,0.0,0.0,0.0,0.0,0.0,10
2023-05-10 21:28:27,j2403,j2403,2106.0,0.0,0.0,0.0,1,2096.0,2121.5,1,2106.0,0.0,0.0,0.0,0.0,0.0,10
2023-05-10 21:28:28,j2403,j2403,2106.0,0.0,0.0,0.0,1,2097.0,2121.5,1,2106.0,0.0,0.0,0.0,0.0,0.0,10
2023-05-10 21:28:31,j2403,j2403,2106.0,0.0,0.0,0.0,2,2097.0,2121.5,1,2106.0,0.0,0.0,0.0,0.0,0.0,10
2023-05-10 21:28:41,j2403,j2403,2106.0,0.0,0.0,0.0,1,2097.5,2121.5,1,2106.0,0.0,0.0,0.0,0.0,0.0,10
2023-05-10 21:28:41,j2403,j2403,2106.0,0.0,0.0,0.0,1,2098.0,2121.5,1,2106.0,0.0,0.0,0.0,0.0,0.0,10
2023-05-10 21:28:44,j2403,j2403,2106.0,0.0,0.0,0.0,1,2098.5,2121.5,1,2106.0,0.0,0.0,0.0,0.0,0.0,10
2023-05-10 21:28:45,j2403,j2403,2106.0,0.0,0.0,0.0,1,2099.0,2121.0,1,2106.0,0.0,0.0,0.0,0.0,0.0,10
2023-05-10 21:28:51,j2403,j2403,2106.0,0.0,0.0,0.0,1,2099.0,2118.5,1,2106.0,0.0,0.0,0.0,0.0,0.0,10
2023-05-10 21:28:54,j2403,j2403,2106.0,0.0,0.0,0.0,4,2083.5,2118.5,1,2106.0,0.0,0.0,0.0,0.0,0.0,10
2023-05-10 21:28:54,j2403,j2403,2106.0,0.0,0.0,0.0,1,2097.0,2118.5,1,2106.0,0.0,0.0,0.0,0.0,0.0,10
2023-05-10 21:28:55,j2403,j2403,2106.0,0.0,0.0,0.0,1,2097.5,2118.5,1,2106.0,0.0,0.0,0.0,0.0,0.0,10
2023-05-10 21:29:03,j2403,j2403,2106.0,0.0,0.0,0.0,1,2086.0,2118.5,1,2106.0,0.0,0.0,0.0,0.0,0.0,10
2023-05-10 21:29:03,j2403,j2403,2106.0,0.0,0.0,0.0,1,2095.0,2118.5,1,2106.0,0.0,0.0,0.0,0.0,0.0,10
2023-05-10 21:29:04,j2403,j2403,2106.0,0.0,0.0,0.0,1,2095.5,2118.5,1,2106.0,0.0,0.0,0.0,0.0,0.0,10
2023-05-10 21:29:05,j2403,j2403,2106.0,0.0,0.0,0.0,2,2095.5,2118.5,1,2106.0,0.0,0.0,0.0,0.0,0.0,10
2023-05-10 21:29:08,j2403,j2403,2106.0,0.0,0.0,0.0,1,2096.0,2118.5,1,2106.0,0.0,0.0,0.0,0.0,0.0,10
2023-05-10 21:29:09,j2403,j2403,2106.0,0.0,0.0,0.0,1,2096.5,2118.5,1,2106.0,0.0,0.0,0.0,0.0,0.0,10
2023-05-10 21:29:15,j2403,j2403,2106.0,0.0,0.0,0.0,1,2086.0,2118.5,1,2106.0,0.0,0.0,0.0,0.0,0.0,10
2023-05-10 21:29:16,j2403,j2403,2106.0,0.0,0.0,0.0,1,2095.0,2118.5,1,2106.0,0.0,0.0,0.0,0.0,0.0,10
2023-05-10 21:29:16,j2403,j2403,2106.0,0.0,0.0,0.0,1,2095.5,2118.5,1,2106.0,0.0,0.0,0.0,0.0,0.0,10
2023-05-10 21:29:20,j2403,j2403,2106.0,0.0,0.0,0.0,1,2096.0,2118.5,1,2106.0,0.0,0.0,0.0,0.0,0.0,10
2023-05-10 21:29:23,j2403,j2403,2106.0,0.0,0.0,0.0,4,2086.5,2118.5,1,2106.0,0.0,0.0,0.0,0.0,0.0,10
2023-05-10 21:29:24,j2403,j2403,2106.0,0.0,0.0,0.0,1,2092.5,2118.5,1,2106.0,0.0,0.0,0.0,0.0,0.0,10
2023-05-10 21:29:24,j2403,j2403,2106.0,0.0,0.0,0.0,1,2093.5,2118.5,1,2106.0,0.0,0.0,0.0,0.0,0.0,10
2023-05-10 21:29:32,j2403,j2403,2106.0,0.0,0.0,0.0,1,2094.0,2118.5,1,2106.0,0.0,0.0,0.0,0.0,0.0,10
2023-05-10 21:29:33,j2403,j2403,2106.0,0.0,0.0,0.0,1,2094.5,2118.5,1,2106.0,0.0,0.0,0.0,0.0,0.0,10
2023-05-10 21:30:03,j2403,j2403,2106.0,0.0,0.0,0.0,1,2086.0,2118.5,1,2106.0,0.0,0.0,0.0,0.0,0.0,10
2023-05-10 21:30:04,j2403,j2403,2106.0,0.0,0.0,0.0,1,2091.5,2118.5,1,2106.0,0.0,0.0,0.0,0.0,0.0,10
2023-05-10 21:30:04,j2403,j2403,2106.0,0.0,0.0,0.0,1,2092.5,2118.5,1,2106.0,0.0,0.0,0.0,0.0,0.0,10
2023-05-10 21:30:05,j2403,j2403,2106.0,0.0,0.0,0.0,2,2092.5,2118.5,1,2106.0,0.0,0.0,0.0,0.0,0.0,10
2023-05-10 21:30:11,j2403,j2403,2106.0,0.0,0.0,0.0,2,2092.5,2118.0,1,2106.0,0.0,0.0,0.0,0.0,0.0,10
2023-05-10 21:30:12,j2403,j2403,2106.0,0.0,0.0,0.0,2,2092.5,2115.5,1,2106.0,0.0,0.0,0.0,0.0,0.0,10
2023-05-10 21:30:14,j2403,j2403,2106.0,0.0,0.0,0.0,1,2092.5,2115.5,1,2106.0,0.0,0.0,0.0,0.0,0.0,10
2023-05-10 21:30:36,j2403,j2403,2106.0,0.0,0.0,0.0,1,2016.0,2115.5,1,2106.0,0.0,0.0,0.0,0.0,0.0,10
2023-05-10 21:30:36,j2403,j2403,2106.0,0.0,0.0,0.0,1,2090.0,2115.5,1,2106.0,0.0,0.0,0.0,0.0,0.0,10
2023-05-10 21:30:37,j2403,j2403,2106.0,0.0,0.0,0.0,1,2090.5,2115.5,1,2106.0,0.0,0.0,0.0,0.0,0.0,10
2023-05-10 21:30:37,j2403,j2403,2106.0,0.0,0.0,0.0,1,2018.5,2115.5,1,2106.0,0.0,0.0,0.0,0.0,0.0,10
2023-05-10 21:30:38,j2403,j2403,2106.0,0.0,0.0,0.0,1,2088.0,2115.5,1,2106.0,0.0,0.0,0.0,0.0,0.0,10
2023-05-10 21:30:38,j2403,j2403,2106.0,0.0,0.0,0.0,1,2088.5,2115.5,1,2106.0,0.0,0.0,0.0,0.0,0.0,10
2023-05-10 21:30:39,j2403,j2403,2106.0,0.0,0.0,0.0,1,2088.5,2115.5,2,2106.0,0.0,0.0,0.0,0.0,0.0,10
2023-05-10 21:30:40,j2403,j2403,2106.0,0.0,0.0,0.0,1,2089.0,2115.5,2,2106.0,0.0,0.0,0.0,0.0,0.0,10
2023-05-10 21:30:40,j2403,j2403,2106.0,0.0,0.0,0.0,1,2089.5,2115.5,2,2106.0,0.0,0.0,0.0,0.0,0.0,10
2023-05-10 21:30:42,j2403,j2403,2106.0,0.0,0.0,0.0,1,2018.5,2115.5,2,2106.0,0.0,0.0,0.0,0.0,0.0,10
2023-05-10 21:30:43,j2403,j2403,2106.0,0.0,0.0,0.0,1,2088.5,2115.5,2,2106.0,0.0,0.0,0.0,0.0,0.0,10
2023-05-10 21:30:43,j2403,j2403,2106.0,0.0,0.0,0.0,1,2089.0,2115.5,2,2106.0,0.0,0.0,0.0,0.0,0.0,10
2023-05-10 21:30:46,j2403,j2403,2106.0,0.0,0.0,0.0,1,2089.5,2115.5,1,2106.0,0.0,0.0,0.0,0.0,0.0,10
2023-05-10 21:30:47,j2403,j2403,2106.0,0.0,0.0,0.0,1,2089.5,2115.5,2,2106.0,0.0,0.0,0.0,0.0,0.0,10
2023-05-10 21:30:48,j2403,j2403,2106.0,0.0,0.0,0.0,1,2090.0,2115.5,2,2106.0,0.0,0.0,0.0,0.0,0.0,10
2023-05-10 21:30:49,j2403,j2403,2106.0,0.0,0.0,0.0,1,2089.5,2115.5,2,2106.0,0.0,0.0,0.0,0.0,0.0,10
2023-05-10 21:30:50,j2403,j2403,2106.0,0.0,0.0,0.0,1,2090.0,2115.5,2,2106.0,0.0,0.0,0.0,0.0,0.0,10
2023-05-10 21:30:51,j2403,j2403,2106.0,0.0,0.0,0.0,1,2090.0,2115.5,1,2106.0,0.0,0.0,0.0,0.0,0.0,10
2023-05-10 21:30:55,j2403,j2403,2106.0,0.0,0.0,0.0,1,2090.0,2115.0,1,2106.0,0.0,0.0,0.0,0.0,0.0,10
2023-05-10 21:30:55,j2403,j2403,2106.0,0.0,0.0,0.0,2,2090.0,2112.5,1,2106.0,0.0,0.0,0.0,0.0,0.0,10
2023-05-10 21:31:19,j2403,j2403,2106.0,0.0,0.0,0.0,1,2090.0,2112.5,1,2106.0,0.0,0.0,0.0,0.0,0.0,10
2023-05-10 21:31:20,j2403,j2403,2106.0,0.0,0.0,0.0,1,2090.5,2112.5,1,2106.0,0.0,0.0,0.0,0.0,0.0,10
2023-05-10 21:31:21,j2403,j2403,2106.0,0.0,0.0,0.0,1,2091.5,2115.0,1,2106.0,0.0,0.0,0.0,0.0,0.0,10
2023-05-10 21:31:27,j2403,j2403,2106.0,0.0,0.0,0.0,2,2091.5,2115.0,1,2106.0,0.0,0.0,0.0,0.0,0.0,10
2023-05-10 21:31:36,j2403,j2403,2106.0,0.0,0.0,0.0,1,2091.5,2115.0,1,2106.0,0.0,0.0,0.0,0.0,0.0,10
2023-05-10 21:31:37,j2403,j2403,2106.0,0.0,0.0,0.0,1,2092.0,2115.0,1,2106.0,0.0,0.0,0.0,0.0,0.0,10
2023-05-10 21:31:37,j2403,j2403,2106.0,0.0,0.0,0.0,1,2092.5,2115.0,1,2106.0,0.0,0.0,0.0,0.0,0.0,10
2023-05-10 21:31:41,j2403,j2403,2106.0,0.0,0.0,0.0,1,2092.5,2112.5,1,2106.0,0.0,0.0,0.0,0.0,0.0,10
2023-05-10 21:31:48,j2403,j2403,2106.0,0.0,0.0,0.0,1,2080.5,2112.5,1,2106.0,0.0,0.0,0.0,0.0,0.0,10
2023-05-10 21:31:48,j2403,j2403,2106.0,0.0,0.0,0.0,1,2091.0,2112.5,1,2106.0,0.0,0.0,0.0,0.0,0.0,10
2023-05-10 21:31:49,j2403,j2403,2106.0,0.0,0.0,0.0,1,2091.5,2112.5,1,2106.0,0.0,0.0,0.0,0.0,0.0,10
2023-05-10 21:31:50,j2403,j2403,2106.0,0.0,0.0,0.0,1,2083.0,2112.5,1,2106.0,0.0,0.0,0.0,0.0,0.0,10
2023-05-10 21:31:51,j2403,j2403,2106.0,0.0,0.0,0.0,1,2088.0,2112.5,1,2106.0,0.0,0.0,0.0,0.0,0.0,10
2023-05-10 21:31:51,j2403,j2403,2106.0,0.0,0.0,0.0,1,2089.0,2112.5,1,2106.0,0.0,0.0,0.0,0.0,0.0,10
2023-05-10 21:31:54,j2403,j2403,2106.0,0.0,0.0,0.0,1,2089.5,2112.5,1,2106.0,0.0,0.0,0.0,0.0,0.0,10
2023-05-10 21:31:54,j2403,j2403,2106.0,0.0,0.0,0.0,1,2090.0,2112.5,1,2106.0,0.0,0.0,0.0,0.0,0.0,10
2023-05-10 21:32:07,j2403,j2403,2106.0,0.0,0.0,0.0,1,2083.0,2112.5,1,2106.0,0.0,0.0,0.0,0.0,0.0,10
2023-05-10 21:32:08,j2403,j2403,2106.0,0.0,0.0,0.0,1,2088.0,2112.5,1,2106.0,0.0,0.0,0.0,0.0,0.0,10
2023-05-10 21:32:08,j2403,j2403,2106.0,0.0,0.0,0.0,1,2088.5,2112.5,1,2106.0,0.0,0.0,0.0,0.0,0.0,10
2023-05-10 21:32:09,j2403,j2403,2106.0,0.0,0.0,0.0,2,2088.5,2112.5,1,2106.0,0.0,0.0,0.0,0.0,0.0,10
2023-05-10 21:32:13,j2403,j2403,2106.0,0.0,0.0,0.0,3,2088.5,2112.5,1,2106.0,0.0,0.0,0.0,0.0,0.0,10
2023-05-10 21:32:14,j2403,j2403,2106.0,0.0,0.0,0.0,2,2088.5,2112.5,1,2106.0,0.0,0.0,0.0,0.0,0.0,10
2023-05-10 21:32:16,j2403,j2403,2106.0,0.0,0.0,0.0,3,2088.5,2112.5,1,2106.0,0.0,0.0,0.0,0.0,0.0,10
2023-05-10 21:32:18,j2403,j2403,2106.0,0.0,0.0,0.0,2,2088.5,2112.5,1,2106.0,0.0,0.0,0.0,0.0,0.0,10
2023-05-10 21:32:20,j2403,j2403,2106.0,0.0,0.0,0.0,3,2088.5,2112.5,1,2106.0,0.0,0.0,0.0,0.0,0.0,10
2023-05-10 21:32:21,j2403,j2403,2106.0,0.0,0.0,0.0,3,2088.5,2112.0,1,2106.0,0.0,0.0,0.0,0.0,0.0,10
2023-05-10 21:32:51,j2403,j2403,2106.0,0.0,0.0,0.0,2,2088.5,2112.0,1,2106.0,0.0,0.0,0.0,0.0,0.0,10
2023-05-10 21:32:54,j2403,j2403,2106.0,0.0,0.0,0.0,3,2088.5,2112.0,1,2106.0,0.0,0.0,0.0,0.0,0.0,10
2023-05-10 21:32:56,j2403,j2403,2106.0,0.0,0.0,0.0,2,2088.5,2112.0,1,2106.0,0.0,0.0,0.0,0.0,0.0,10
2023-05-10 21:32:58,j2403,j2403,2106.0,0.0,0.0,0.0,3,2088.5,2112.0,1,2106.0,0.0,0.0,0.0,0.0,0.0,10
2023-05-10 21:33:00,j2403,j2403,2106.0,0.0,0.0,0.0,2,2088.5,2112.0,1,2106.0,0.0,0.0,0.0,0.0,0.0,10
2023-05-10 21:33:00,j2403,j2403,2106.0,0.0,0.0,0.0,3,2088.5,2112.0,1,2106.0,0.0,0.0,0.0,0.0,0.0,10
2023-05-10 21:33:01,j2403,j2403,2106.0,0.0,0.0,0.0,2,2088.5,2112.0,1,2106.0,0.0,0.0,0.0,0.0,0.0,10
2023-05-10 21:33:02,j2403,j2403,2106.0,0.0,0.0,0.0,3,2088.5,2112.0,1,2106.0,0.0,0.0,0.0,0.0,0.0,10
2023-05-10 21:33:12,j2403,j2403,2106.0,0.0,0.0,0.0,2,2088.5,2112.0,1,2106.0,0.0,0.0,0.0,0.0,0.0,10
2023-05-10 21:33:13,j2403,j2403,2106.0,0.0,0.0,0.0,3,2088.5,2112.0,1,2106.0,0.0,0.0,0.0,0.0,0.0,10
2023-05-10 21:36:13,j2403,j2403,2106.0,0.0,0.0,0.0,3,2088.5,2109.5,1,2106.0,0.0,0.0,0.0,0.0,0.0,10
2023-05-10 21:36:13,j2403,j2403,2106.0,0.0,0.0,0.0,2,2088.5,2109.5,1,2106.0,0.0,0.0,0.0,0.0,0.0,10
2023-05-10 21:36:14,j2403,j2403,2106.0,0.0,0.0,0.0,2,2088.5,2112.0,1,2106.0,0.0,0.0,0.0,0.0,0.0,10
2023-05-10 21:36:43,j2403,j2403,2106.0,0.0,0.0,0.0,2,2088.5,2109.5,1,2106.0,0.0,0.0,0.0,0.0,0.0,10
2023-05-10 21:36:44,j2403,j2403,2106.0,0.0,0.0,0.0,2,2088.5,2112.0,1,2106.0,0.0,0.0,0.0,0.0,0.0,10
2023-05-10 21:36:47,j2403,j2403,2106.0,0.0,0.0,0.0,3,2088.5,2112.0,1,2106.0,0.0,0.0,0.0,0.0,0.0,10
2023-05-10 21:37:21,j2403,j2403,2106.0,0.0,0.0,0.0,3,2088.5,2164.5,1,2106.0,0.0,0.0,0.0,0.0,0.0,10
2023-05-10 21:37:22,j2403,j2403,2106.0,0.0,0.0,0.0,3,2088.5,2120.0,1,2106.0,0.0,0.0,0.0,0.0,0.0,10
2023-05-10 21:37:23,j2403,j2403,2106.0,0.0,0.0,0.0,3,2088.5,2117.5,1,2106.0,0.0,0.0,0.0,0.0,0.0,10
2023-05-10 21:37:32,j2403,j2403,2106.0,0.0,0.0,0.0,1,2091.0,2117.5,1,2106.0,0.0,0.0,0.0,0.0,0.0,10
2023-05-10 21:37:32,j2403,j2403,2106.0,0.0,0.0,0.0,1,2094.0,2117.5,1,2106.0,0.0,0.0,0.0,0.0,0.0,10
2023-05-10 21:37:33,j2403,j2403,2106.0,0.0,0.0,0.0,1,2095.0,2117.5,1,2106.0,0.0,0.0,0.0,0.0,0.0,10
2023-05-10 21:37:36,j2403,j2403,2106.0,0.0,0.0,0.0,1,2095.5,2117.5,1,2106.0,0.0,0.0,0.0,0.0,0.0,10
2023-05-10 21:37:37,j2403,j2403,2106.0,0.0,0.0,0.0,1,2096.5,2117.5,1,2106.0,0.0,0.0,0.0,0.0,0.0,10
2023-05-10 21:37:43,j2403,j2403,2106.0,0.0,0.0,0.0,1,2080.5,2117.5,1,2106.0,0.0,0.0,0.0,0.0,0.0,10
2023-05-10 21:37:44,j2403,j2403,2106.0,0.0,0.0,0.0,1,2092.5,2117.5,1,2106.0,0.0,0.0,0.0,0.0,0.0,10
2023-05-10 21:37:44,j2403,j2403,2106.0,0.0,0.0,0.0,1,2093.5,2117.5,1,2106.0,0.0,0.0,0.0,0.0,0.0,10
2023-05-10 21:38:03,j2403,j2403,2106.0,0.0,0.0,0.0,1,2093.5,2117.0,1,2106.0,0.0,0.0,0.0,0.0,0.0,10
2023-05-10 21:38:06,j2403,j2403,2106.0,0.0,0.0,0.0,1,2093.5,2114.5,1,2106.0,0.0,0.0,0.0,0.0,0.0,10
2023-05-10 21:38:11,j2403,j2403,2106.0,0.0,0.0,0.0,1,2083.0,2114.5,1,2106.0,0.0,0.0,0.0,0.0,0.0,10
2023-05-10 21:38:12,j2403,j2403,2106.0,0.0,0.0,0.0,1,2091.5,2114.5,1,2106.0,0.0,0.0,0.0,0.0,0.0,10
2023-05-10 21:38:12,j2403,j2403,2106.0,0.0,0.0,0.0,1,2092.0,2114.5,1,2106.0,0.0,0.0,0.0,0.0,0.0,10
2023-05-10 21:38:16,j2403,j2403,2106.0,0.0,0.0,0.0,1,2091.5,2114.5,1,2106.0,0.0,0.0,0.0,0.0,0.0,10
2023-05-10 21:38:16,j2403,j2403,2106.0,0.0,0.0,0.0,1,2083.0,2114.5,1,2106.0,0.0,0.0,0.0,0.0,0.0,10
2023-05-10 21:38:17,j2403,j2403,2106.0,0.0,0.0,0.0,1,2088.0,2114.5,1,2106.0,0.0,0.0,0.0,0.0,0.0,10
2023-05-10 21:38:17,j2403,j2403,2106.0,0.0,0.0,0.0,1,2089.0,2114.5,1,2106.0,0.0,0.0,0.0,0.0,0.0,10
2023-05-10 21:38:19,j2403,j2403,2106.0,0.0,0.0,0.0,2,2089.0,2114.5,1,2106.0,0.0,0.0,0.0,0.0,0.0,10
2023-05-10 21:38:19,j2403,j2403,2106.0,0.0,0.0,0.0,1,2089.0,2114.5,1,2106.0,0.0,0.0,0.0,0.0,0.0,10
2023-05-10 21:38:20,j2403,j2403,2106.0,0.0,0.0,0.0,2,2089.0,2114.5,1,2106.0,0.0,0.0,0.0,0.0,0.0,10
2023-05-10 21:38:23,j2403,j2403,2106.0,0.0,0.0,0.0,1,2089.0,2114.5,1,2106.0,0.0,0.0,0.0,0.0,0.0,10
2023-05-10 21:38:23,j2403,j2403,2106.0,0.0,0.0,0.0,1,2089.5,2114.5,1,2106.0,0.0,0.0,0.0,0.0,0.0,10
2023-05-10 21:38:24,j2403,j2403,2106.0,0.0,0.0,0.0,1,2090.5,2114.5,1,2106.0,0.0,0.0,0.0,0.0,0.0,10
2023-05-10 21:38:25,j2403,j2403,2106.0,0.0,0.0,0.0,2,2090.5,2114.5,1,2106.0,0.0,0.0,0.0,0.0,0.0,10
2023-05-10 21:38:26,j2403,j2403,2106.0,0.0,0.0,0.0,1,2090.5,2114.5,1,2106.0,0.0,0.0,0.0,0.0,0.0,10
2023-05-10 21:38:26,j2403,j2403,2106.0,0.0,0.0,0.0,2,2090.5,2114.5,1,2106.0,0.0,0.0,0.0,0.0,0.0,10
2023-05-10 21:38:35,j2403,j2403,2106.0,0.0,0.0,0.0,1,2090.5,2114.5,1,2106.0,0.0,0.0,0.0,0.0,0.0,10
2023-05-10 21:38:36,j2403,j2403,2106.0,0.0,0.0,0.0,1,2091.0,2114.5,1,2106.0,0.0,0.0,0.0,0.0,0.0,10
2023-05-10 21:38:36,j2403,j2403,2106.0,0.0,0.0,0.0,1,2091.5,2114.5,1,2106.0,0.0,0.0,0.0,0.0,0.0,10
2023-05-10 21:38:46,j2403,j2403,2106.0,0.0,0.0,0.0,1,2091.5,2114.0,1,2106.0,0.0,0.0,0.0,0.0,0.0,10
2023-05-10 21:38:54,j2403,j2403,2106.0,0.0,0.0,0.0,2,2091.5,2114.0,1,2106.0,0.0,0.0,0.0,0.0,0.0,10
2023-05-10 21:38:59,j2403,j2403,2106.0,0.0,0.0,0.0,1,2091.5,2114.0,1,2106.0,0.0,0.0,0.0,0.0,0.0,10
2023-05-10 21:39:00,j2403,j2403,2106.0,0.0,0.0,0.0,2,2091.5,2114.0,1,2106.0,0.0,0.0,0.0,0.0,0.0,10
2023-05-10 21:39:02,j2403,j2403,2106.0,0.0,0.0,0.0,1,2091.5,2114.0,1,2106.0,0.0,0.0,0.0,0.0,0.0,10
2023-05-10 21:39:14,j2403,j2403,2106.0,0.0,0.0,0.0,1,2091.5,2111.5,1,2106.0,0.0,0.0,0.0,0.0,0.0,10
2023-05-10 21:39:23,j2403,j2403,2106.0,0.0,0.0,0.0,1,2091.5,2114.0,1,2106.0,0.0,0.0,0.0,0.0,0.0,10
2023-05-10 21:39:27,j2403,j2403,2106.0,0.0,0.0,0.0,1,2091.5,2111.5,1,2106.0,0.0,0.0,0.0,0.0,0.0,10
2023-05-10 21:39:42,j2403,j2403,2106.0,0.0,0.0,0.0,1,2083.0,2111.5,1,2106.0,0.0,0.0,0.0,0.0,0.0,10
2023-05-10 21:39:42,j2403,j2403,2106.0,0.0,0.0,0.0,1,2088.0,2111.5,1,2106.0,0.0,0.0,0.0,0.0,0.0,10
2023-05-10 21:39:43,j2403,j2403,2106.0,0.0,0.0,0.0,1,2088.5,2111.5,1,2106.0,0.0,0.0,0.0,0.0,0.0,10
2023-05-10 21:39:58,j2403,j2403,2106.0,0.0,0.0,0.0,1,2018.5,2111.5,1,2106.0,0.0,0.0,0.0,0.0,0.0,10
2023-05-10 21:39:59,j2403,j2403,2106.0,0.0,0.0,0.0,1,2086.0,2111.5,1,2106.0,0.0,0.0,0.0,0.0,0.0,10
2023-05-10 21:39:59,j2403,j2403,2106.0,0.0,0.0,0.0,1,2086.5,2111.5,1,2106.0,0.0,0.0,0.0,0.0,0.0,10
2023-05-10 21:40:05,j2403,j2403,2106.0,0.0,0.0,0.0,2,2086.5,2111.5,1,2106.0,0.0,0.0,0.0,0.0,0.0,10
2023-05-10 21:40:06,j2403,j2403,2106.0,0.0,0.0,0.0,3,2086.5,2111.5,1,2106.0,0.0,0.0,0.0,0.0,0.0,10
2023-05-10 21:40:08,j2403,j2403,2106.0,0.0,0.0,0.0,2,2086.5,2111.5,1,2106.0,0.0,0.0,0.0,0.0,0.0,10
2023-05-10 21:40:09,j2403,j2403,2106.0,0.0,0.0,0.0,1,2087.0,2111.5,1,2106.0,0.0,0.0,0.0,0.0,0.0,10
2023-05-10 21:40:09,j2403,j2403,2106.0,0.0,0.0,0.0,1,2088.0,2111.5,1,2106.0,0.0,0.0,0.0,0.0,0.0,10
2023-05-10 21:40:11,j2403,j2403,2106.0,0.0,0.0,0.0,1,2088.0,2111.0,1,2106.0,0.0,0.0,0.0,0.0,0.0,10
2023-05-10 21:40:20,j2403,j2403,2106.0,0.0,0.0,0.0,2,2088.0,2111.0,1,2106.0,0.0,0.0,0.0,0.0,0.0,10
2023-05-10 21:40:22,j2403,j2403,2106.0,0.0,0.0,0.0,1,2088.0,2111.0,1,2106.0,0.0,0.0,0.0,0.0,0.0,10
2023-05-10 21:40:32,j2403,j2403,2106.0,0.0,0.0,0.0,1,2088.0,2108.5,1,2106.0,0.0,0.0,0.0,0.0,0.0,10
2023-05-10 21:40:40,j2403,j2403,2106.0,0.0,0.0,0.0,1,2088.0,2111.0,1,2106.0,0.0,0.0,0.0,0.0,0.0,10
2023-05-10 21:41:09,j2403,j2403,2106.0,0.0,0.0,0.0,1,2088.0,2108.5,1,2106.0,0.0,0.0,0.0,0.0,0.0,10
2023-05-10 21:41:12,j2403,j2403,2106.0,0.0,0.0,0.0,1,2088.0,2111.0,1,2106.0,0.0,0.0,0.0,0.0,0.0,10
2023-05-10 21:41:17,j2403,j2403,2106.0,0.0,0.0,0.0,1,2088.0,2108.5,1,2106.0,0.0,0.0,0.0,0.0,0.0,10
2023-05-10 21:41:24,j2403,j2403,2106.0,0.0,0.0,0.0,3,2019.0,2108.5,1,2106.0,0.0,0.0,0.0,0.0,0.0,10
2023-05-10 21:41:24,j2403,j2403,2106.0,0.0,0.0,0.0,1,2085.5,2108.5,1,2106.0,0.0,0.0,0.0,0.0,0.0,10
2023-05-10 21:41:25,j2403,j2403,2106.0,0.0,0.0,0.0,1,2086.5,2108.5,1,2106.0,0.0,0.0,0.0,0.0,0.0,10
2023-05-10 21:41:30,j2403,j2403,2106.0,0.0,0.0,0.0,2,2086.5,2108.5,1,2106.0,0.0,0.0,0.0,0.0,0.0,10
2023-05-10 21:41:32,j2403,j2403,2106.0,0.0,0.0,0.0,1,2086.5,2108.5,1,2106.0,0.0,0.0,0.0,0.0,0.0,10
2023-05-10 21:41:33,j2403,j2403,2106.0,0.0,0.0,0.0,1,2021.5,2108.5,1,2106.0,0.0,0.0,0.0,0.0,0.0,10
2023-05-10 21:41:33,j2403,j2403,2106.0,0.0,0.0,0.0,1,2084.0,2108.5,1,2106.0,0.0,0.0,0.0,0.0,0.0,10
2023-05-10 21:41:34,j2403,j2403,2106.0,0.0,0.0,0.0,1,2084.5,2108.5,1,2106.0,0.0,0.0,0.0,0.0,0.0,10
2023-05-10 21:41:49,j2403,j2403,2106.0,0.0,0.0,0.0,1,2085.0,2108.5,1,2106.0,0.0,0.0,0.0,0.0,0.0,10
2023-05-10 21:41:50,j2403,j2403,2106.0,0.0,0.0,0.0,1,2086.0,2108.5,1,2106.0,0.0,0.0,0.0,0.0,0.0,10
2023-05-10 21:42:20,j2403,j2403,2106.0,0.0,0.0,0.0,1,2086.0,2108.0,1,2106.0,0.0,0.0,0.0,0.0,0.0,10
2023-05-10 21:42:21,j2403,j2403,2106.0,0.0,0.0,0.0,1,2086.0,2105.5,1,2106.0,0.0,0.0,0.0,0.0,0.0,10
2023-05-10 21:42:23,j2403,j2403,2106.0,0.0,0.0,0.0,1,2021.5,2105.5,1,2106.0,0.0,0.0,0.0,0.0,0.0,10
2023-05-10 21:42:24,j2403,j2403,2106.0,0.0,0.0,0.0,1,2083.0,2105.5,1,2106.0,0.0,0.0,0.0,0.0,0.0,10
2023-05-10 21:42:24,j2403,j2403,2106.0,0.0,0.0,0.0,1,2084.0,2105.5,1,2106.0,0.0,0.0,0.0,0.0,0.0,10
2023-05-10 21:42:30,j2403,j2403,2106.0,0.0,0.0,0.0,2,2084.0,2105.5,1,2106.0,0.0,0.0,0.0,0.0,0.0,10
2023-05-10 21:43:02,j2403,j2403,2106.0,0.0,0.0,0.0,2,2084.0,2105.0,1,2106.0,0.0,0.0,0.0,0.0,0.0,10
2023-05-10 21:43:04,j2403,j2403,2106.0,0.0,0.0,0.0,1,2084.0,2105.0,1,2106.0,0.0,0.0,0.0,0.0,0.0,10
2023-05-10 21:43:10,j2403,j2403,2106.0,0.0,0.0,0.0,3,2022.0,2105.0,1,2106.0,0.0,0.0,0.0,0.0,0.0,10
2023-05-10 21:43:10,j2403,j2403,2106.0,0.0,0.0,0.0,1,2080.5,2105.0,1,2106.0,0.0,0.0,0.0,0.0,0.0,10
2023-05-10 21:43:11,j2403,j2403,2106.0,0.0,0.0,0.0,1,2081.5,2105.0,1,2106.0,0.0,0.0,0.0,0.0,0.0,10
2023-05-10 21:43:14,j2403,j2403,2106.0,0.0,0.0,0.0,2,2081.5,2105.0,1,2106.0,0.0,0.0,0.0,0.0,0.0,10
2023-05-10 21:43:16,j2403,j2403,2106.0,0.0,0.0,0.0,1,2081.5,2105.0,1,2106.0,0.0,0.0,0.0,0.0,0.0,10
2023-05-10 21:43:17,j2403,j2403,2106.0,0.0,0.0,0.0,1,2082.0,2105.0,1,2106.0,0.0,0.0,0.0,0.0,0.0,10
2023-05-10 21:43:17,j2403,j2403,2106.0,0.0,0.0,0.0,1,2083.0,2105.0,1,2106.0,0.0,0.0,0.0,0.0,0.0,10
2023-05-10 21:43:39,j2403,j2403,2106.0,0.0,0.0,0.0,2,2083.0,2105.0,1,2106.0,0.0,0.0,0.0,0.0,0.0,10
2023-05-10 21:43:45,j2403,j2403,2106.0,0.0,0.0,0.0,1,2083.0,2105.0,1,2106.0,0.0,0.0,0.0,0.0,0.0,10
2023-05-10 21:43:46,j2403,j2403,2106.0,0.0,0.0,0.0,1,2083.5,2105.0,1,2106.0,0.0,0.0,0.0,0.0,0.0,10
2023-05-10 21:43:46,j2403,j2403,2106.0,0.0,0.0,0.0,1,2084.5,2105.0,1,2106.0,0.0,0.0,0.0,0.0,0.0,10
2023-05-10 21:44:10,j2403,j2403,2106.0,0.0,0.0,0.0,2,2084.5,2105.0,1,2106.0,0.0,0.0,0.0,0.0,0.0,10
2023-05-10 21:44:11,j2403,j2403,2106.0,0.0,0.0,0.0,1,2085.0,2105.0,1,2106.0,0.0,0.0,0.0,0.0,0.0,10
2023-05-10 21:44:11,j2403,j2403,2106.0,0.0,0.0,0.0,1,2086.0,2105.0,1,2106.0,0.0,0.0,0.0,0.0,0.0,10
2023-05-10 21:44:27,j2403,j2403,2106.0,0.0,0.0,0.0,1,2024.5,2105.0,1,2106.0,0.0,0.0,0.0,0.0,0.0,10
2023-05-10 21:44:27,j2403,j2403,2106.0,0.0,0.0,0.0,1,2083.0,2105.0,1,2106.0,0.0,0.0,0.0,0.0,0.0,10
2023-05-10 21:44:28,j2403,j2403,2106.0,0.0,0.0,0.0,1,2084.0,2105.0,1,2106.0,0.0,0.0,0.0,0.0,0.0,10
2023-05-10 21:44:34,j2403,j2403,2106.0,0.0,0.0,0.0,2,2084.0,2105.0,1,2106.0,0.0,0.0,0.0,0.0,0.0,10
2023-05-10 21:44:44,j2403,j2403,2106.0,0.0,0.0,0.0,1,2084.0,2105.0,1,2106.0,0.0,0.0,0.0,0.0,0.0,10
2023-05-10 21:44:45,j2403,j2403,2106.0,0.0,0.0,0.0,1,2084.5,2105.0,1,2106.0,0.0,0.0,0.0,0.0,0.0,10
2023-05-10 21:44:45,j2403,j2403,2106.0,0.0,0.0,0.0,1,2085.5,2105.0,1,2106.0,0.0,0.0,0.0,0.0,0.0,10
2023-05-10 21:44:57,j2403,j2403,2106.0,0.0,0.0,0.0,1,2086.0,2105.0,1,2106.0,0.0,0.0,0.0,0.0,0.0,10
2023-05-10 21:44:58,j2403,j2403,2106.0,0.0,0.0,0.0,1,2086.5,2105.0,1,2106.0,0.0,0.0,0.0,0.0,0.0,10
2023-05-10 21:45:23,j2403,j2403,2106.0,0.0,0.0,0.0,2,2086.5,2105.0,1,2106.0,0.0,0.0,0.0,0.0,0.0,10
2023-05-10 21:45:25,j2403,j2403,2106.0,0.0,0.0,0.0,1,2087.0,2105.0,1,2106.0,0.0,0.0,0.0,0.0,0.0,10
2023-05-10 21:45:25,j2403,j2403,2106.0,0.0,0.0,0.0,1,2088.0,2105.0,1,2106.0,0.0,0.0,0.0,0.0,0.0,10
2023-05-10 21:45:29,j2403,j2403,2106.0,0.0,0.0,0.0,1,2024.5,2105.0,1,2106.0,0.0,0.0,0.0,0.0,0.0,10
2023-05-10 21:45:29,j2403,j2403,2106.0,0.0,0.0,0.0,1,2085.0,2105.0,1,2106.0,0.0,0.0,0.0,0.0,0.0,10
2023-05-10 21:45:30,j2403,j2403,2106.0,0.0,0.0,0.0,1,2086.0,2105.0,1,2106.0,0.0,0.0,0.0,0.0,0.0,10
2023-05-10 21:45:33,j2403,j2403,2106.0,0.0,0.0,0.0,2,2086.0,2105.0,1,2106.0,0.0,0.0,0.0,0.0,0.0,10
2023-05-10 21:45:35,j2403,j2403,2106.0,0.0,0.0,0.0,1,2086.0,2105.0,1,2106.0,0.0,0.0,0.0,0.0,0.0,10
2023-05-10 21:45:36,j2403,j2403,2106.0,0.0,0.0,0.0,1,2086.5,2105.0,1,2106.0,0.0,0.0,0.0,0.0,0.0,10
2023-05-10 21:45:37,j2403,j2403,2106.0,0.0,0.0,0.0,1,2087.0,2105.0,1,2106.0,0.0,0.0,0.0,0.0,0.0,10
2023-05-10 21:45:44,j2403,j2403,2106.0,0.0,0.0,0.0,2,2087.0,2105.0,1,2106.0,0.0,0.0,0.0,0.0,0.0,10
2023-05-10 21:45:48,j2403,j2403,2106.0,0.0,0.0,0.0,1,2087.0,2105.0,1,2106.0,0.0,0.0,0.0,0.0,0.0,10
2023-05-10 21:47:21,j2403,j2403,2106.0,0.0,0.0,0.0,1,2024.5,2105.0,1,2106.0,0.0,0.0,0.0,0.0,0.0,10
2023-05-10 21:47:21,j2403,j2403,2106.0,0.0,0.0,0.0,1,2085.0,2105.0,1,2106.0,0.0,0.0,0.0,0.0,0.0,10
2023-05-10 21:47:22,j2403,j2403,2106.0,0.0,0.0,0.0,1,2085.5,2105.0,1,2106.0,0.0,0.0,0.0,0.0,0.0,10
2023-05-10 21:48:01,j2403,j2403,2106.0,0.0,0.0,0.0,1,2085.5,2164.5,1,2106.0,0.0,0.0,0.0,0.0,0.0,10
2023-05-10 21:48:01,j2403,j2403,2106.0,0.0,0.0,0.0,1,2085.5,2111.5,1,2106.0,0.0,0.0,0.0,0.0,0.0,10
2023-05-10 21:48:02,j2403,j2403,2106.0,0.0,0.0,0.0,1,2085.5,2109.0,1,2106.0,0.0,0.0,0.0,0.0,0.0,10
2023-05-10 21:48:03,j2403,j2403,2106.0,0.0,0.0,0.0,4,2025.0,2109.0,1,2106.0,0.0,0.0,0.0,0.0,0.0,10
2023-05-10 21:48:03,j2403,j2403,2106.0,0.0,0.0,0.0,1,2082.0,2109.0,1,2106.0,0.0,0.0,0.0,0.0,0.0,10
2023-05-10 21:48:04,j2403,j2403,2106.0,0.0,0.0,0.0,1,2082.5,2109.0,1,2106.0,0.0,0.0,0.0,0.0,0.0,10
2023-05-10 21:48:07,j2403,j2403,2106.0,0.0,0.0,0.0,1,2082.5,2108.5,1,2106.0,0.0,0.0,0.0,0.0,0.0,10
2023-05-10 21:48:08,j2403,j2403,2106.0,0.0,0.0,0.0,1,2082.5,2106.0,1,2106.0,0.0,0.0,0.0,0.0,0.0,10
2023-05-10 21:48:43,j2403,j2403,2106.0,0.0,0.0,0.0,1,2027.5,2106.0,1,2106.0,0.0,0.0,0.0,0.0,0.0,10
2023-05-10 21:48:44,j2403,j2403,2106.0,0.0,0.0,0.0,1,2079.0,2106.0,2,2106.0,0.0,0.0,0.0,0.0,0.0,10
2023-05-10 21:48:44,j2403,j2403,2106.0,0.0,0.0,0.0,1,2079.5,2106.0,2,2106.0,0.0,0.0,0.0,0.0,0.0,10
2023-05-10 21:48:47,j2403,j2403,2106.0,0.0,0.0,0.0,1,2079.5,2106.0,1,2106.0,0.0,0.0,0.0,0.0,0.0,10
2023-05-10 21:48:48,j2403,j2403,2106.0,0.0,0.0,0.0,1,2079.5,2106.0,2,2106.0,0.0,0.0,0.0,0.0,0.0,10
2023-05-10 21:48:50,j2403,j2403,2106.0,0.0,0.0,0.0,1,2079.5,2105.5,1,2106.0,0.0,0.0,0.0,0.0,0.0,10
2023-05-10 21:48:50,j2403,j2403,2106.0,0.0,0.0,0.0,1,2079.5,2103.0,1,2106.0,0.0,0.0,0.0,0.0,0.0,10
2023-05-10 21:48:52,j2403,j2403,2106.0,0.0,0.0,0.0,2,2079.5,2103.0,1,2106.0,0.0,0.0,0.0,0.0,0.0,10
2023-05-10 21:48:54,j2403,j2403,2106.0,0.0,0.0,0.0,1,2079.5,2103.0,1,2106.0,0.0,0.0,0.0,0.0,0.0,10
2023-05-10 21:49:06,j2403,j2403,2106.0,0.0,0.0,0.0,2,2079.5,2103.0,1,2106.0,0.0,0.0,0.0,0.0,0.0,10
2023-05-10 21:49:07,j2403,j2403,2106.0,0.0,0.0,0.0,1,2079.5,2103.0,1,2106.0,0.0,0.0,0.0,0.0,0.0,10
2023-05-10 21:49:12,j2403,j2403,2106.0,0.0,0.0,0.0,2,2079.5,2103.0,1,2106.0,0.0,0.0,0.0,0.0,0.0,10
2023-05-10 21:49:33,j2403,j2403,2106.0,0.0,0.0,0.0,2,2079.5,2102.5,1,2106.0,0.0,0.0,0.0,0.0,0.0,10
2023-05-10 21:51:07,j2403,j2403,2106.0,0.0,0.0,0.0,2,2079.5,2100.0,1,2106.0,0.0,0.0,0.0,0.0,0.0,10
2023-05-10 21:51:08,j2403,j2403,2106.0,0.0,0.0,0.0,1,2079.5,2100.0,1,2106.0,0.0,0.0,0.0,0.0,0.0,10
2023-05-10 21:51:14,j2403,j2403,2106.0,0.0,0.0,0.0,1,2027.5,2100.0,1,2106.0,0.0,0.0,0.0,0.0,0.0,10
2023-05-10 21:51:14,j2403,j2403,2106.0,0.0,0.0,0.0,1,2078.0,2100.0,1,2106.0,0.0,0.0,0.0,0.0,0.0,10
2023-05-10 21:51:15,j2403,j2403,2106.0,0.0,0.0,0.0,1,2078.5,2100.0,1,2106.0,0.0,0.0,0.0,0.0,0.0,10
2023-05-10 21:51:18,j2403,j2403,2106.0,0.0,0.0,0.0,2,2078.5,2102.5,1,2106.0,0.0,0.0,0.0,0.0,0.0,10
2023-05-10 21:52:02,j2403,j2403,2106.0,0.0,0.0,0.0,1,2078.5,2102.5,1,2106.0,0.0,0.0,0.0,0.0,0.0,10
2023-05-10 21:52:04,j2403,j2403,2106.0,0.0,0.0,0.0,1,2078.5,2100.0,1,2106.0,0.0,0.0,0.0,0.0,0.0,10
2023-05-10 21:52:12,j2403,j2403,2106.0,0.0,0.0,0.0,2,2078.5,2102.5,1,2106.0,0.0,0.0,0.0,0.0,0.0,10
2023-05-10 21:52:15,j2403,j2403,2106.0,0.0,0.0,0.0,2,2078.5,2100.0,1,2106.0,0.0,0.0,0.0,0.0,0.0,10
2023-05-10 21:52:16,j2403,j2403,2106.0,0.0,0.0,0.0,1,2078.5,2100.0,1,2106.0,0.0,0.0,0.0,0.0,0.0,10
2023-05-10 21:52:19,j2403,j2403,2106.0,0.0,0.0,0.0,4,2028.0,2100.0,1,2106.0,0.0,0.0,0.0,0.0,0.0,10
2023-05-10 21:52:20,j2403,j2403,2106.0,0.0,0.0,0.0,1,2078.0,2100.0,1,2106.0,0.0,0.0,0.0,0.0,0.0,10
2023-05-10 21:52:22,j2403,j2403,2106.0,0.0,0.0,0.0,1,2078.0,2102.5,1,2106.0,0.0,0.0,0.0,0.0,0.0,10
2023-05-10 21:52:25,j2403,j2403,2106.0,0.0,0.0,0.0,1,2079.0,2102.5,1,2106.0,0.0,0.0,0.0,0.0,0.0,10
2023-05-10 21:52:33,j2403,j2403,2106.0,0.0,0.0,0.0,1,2079.5,2102.5,1,2106.0,0.0,0.0,0.0,0.0,0.0,10
2023-05-10 21:52:34,j2403,j2403,2106.0,0.0,0.0,0.0,1,2080.5,2102.5,1,2106.0,0.0,0.0,0.0,0.0,0.0,10
2023-05-10 21:53:09,j2403,j2403,2106.0,0.0,0.0,0.0,2,2080.5,2102.5,1,2106.0,0.0,0.0,0.0,0.0,0.0,10
2023-05-10 21:54:09,j2403,j2403,2106.0,0.0,0.0,0.0,1,2080.5,2102.5,1,2106.0,0.0,0.0,0.0,0.0,0.0,10
2023-05-10 21:54:09,j2403,j2403,2106.0,0.0,0.0,0.0,1,2030.5,2102.5,1,2106.0,0.0,0.0,0.0,0.0,0.0,10
2023-05-10 21:54:10,j2403,j2403,2106.0,0.0,0.0,0.0,1,2079.5,2102.5,1,2106.0,0.0,0.0,0.0,0.0,0.0,10
2023-05-10 21:54:10,j2403,j2403,2106.0,0.0,0.0,0.0,1,2080.0,2102.5,1,2106.0,0.0,0.0,0.0,0.0,0.0,10
2023-05-10 21:54:12,j2403,j2403,2106.0,0.0,0.0,0.0,1,2080.0,2100.0,1,2106.0,0.0,0.0,0.0,0.0,0.0,10
2023-05-10 21:54:14,j2403,j2403,2106.0,0.0,0.0,0.0,3,2031.0,2100.0,1,2106.0,0.0,0.0,0.0,0.0,0.0,10
2023-05-10 21:54:15,j2403,j2403,2106.0,0.0,0.0,0.0,1,2078.0,2100.0,1,2106.0,0.0,0.0,0.0,0.0,0.0,10
2023-05-10 21:54:15,j2403,j2403,2106.0,0.0,0.0,0.0,1,2078.5,2100.0,1,2106.0,0.0,0.0,0.0,0.0,0.0,10
2023-05-10 21:54:16,j2403,j2403,2106.0,0.0,0.0,0.0,2,2078.5,2100.0,1,2106.0,0.0,0.0,0.0,0.0,0.0,10
2023-05-10 21:54:17,j2403,j2403,2106.0,0.0,0.0,0.0,2,2078.5,2102.5,1,2106.0,0.0,0.0,0.0,0.0,0.0,10
2023-05-10 21:54:18,j2403,j2403,2106.0,0.0,0.0,0.0,2,2078.5,2100.0,1,2106.0,0.0,0.0,0.0,0.0,0.0,10
2023-05-10 21:54:19,j2403,j2403,2106.0,0.0,0.0,0.0,1,2078.5,2100.0,1,2106.0,0.0,0.0,0.0,0.0,0.0,10
2023-05-10 21:54:36,j2403,j2403,2106.0,0.0,0.0,0.0,1,2078.5,2099.5,1,2106.0,0.0,0.0,0.0,0.0,0.0,10
2023-05-10 21:54:43,j2403,j2403,2106.0,0.0,0.0,0.0,1,2033.5,2099.5,1,2106.0,0.0,0.0,0.0,0.0,0.0,10
2023-05-10 21:54:43,j2403,j2403,2106.0,0.0,0.0,0.0,1,2076.0,2099.5,1,2106.0,0.0,0.0,0.0,0.0,0.0,10
2023-05-10 21:54:44,j2403,j2403,2106.0,0.0,0.0,0.0,1,2076.5,2099.5,1,2106.0,0.0,0.0,0.0,0.0,0.0,10
2023-05-10 21:54:57,j2403,j2403,2106.0,0.0,0.0,0.0,1,2077.0,2099.5,1,2106.0,0.0,0.0,0.0,0.0,0.0,10
2023-05-10 21:54:58,j2403,j2403,2106.0,0.0,0.0,0.0,1,2078.0,2099.5,1,2106.0,0.0,0.0,0.0,0.0,0.0,10
2023-05-10 21:55:00,j2403,j2403,2106.0,0.0,0.0,0.0,2,2078.0,2099.5,1,2106.0,0.0,0.0,0.0,0.0,0.0,10
2023-05-10 21:55:02,j2403,j2403,2106.0,0.0,0.0,0.0,1,2078.0,2099.5,1,2106.0,0.0,0.0,0.0,0.0,0.0,10
2023-05-10 21:55:21,j2403,j2403,2106.0,0.0,0.0,0.0,1,2034.0,2097.0,1,2106.0,0.0,0.0,0.0,0.0,0.0,10
2023-05-10 21:55:21,j2403,j2403,2106.0,0.0,0.0,0.0,1,2075.5,2097.0,1,2106.0,0.0,0.0,0.0,0.0,0.0,10
2023-05-10 21:55:22,j2403,j2403,2106.0,0.0,0.0,0.0,1,2036.5,2097.0,1,2106.0,0.0,0.0,0.0,0.0,0.0,10
2023-05-10 21:55:22,j2403,j2403,2106.0,0.0,0.0,0.0,1,2073.0,2097.0,1,2106.0,0.0,0.0,0.0,0.0,0.0,10
2023-05-10 21:55:23,j2403,j2403,2106.0,0.0,0.0,0.0,1,2073.5,2097.0,1,2106.0,0.0,0.0,0.0,0.0,0.0,10
2023-05-10 21:55:36,j2403,j2403,2106.0,0.0,0.0,0.0,1,2074.0,2099.5,1,2106.0,0.0,0.0,0.0,0.0,0.0,10
2023-05-10 21:55:36,j2403,j2403,2106.0,0.0,0.0,0.0,1,2075.0,2097.0,1,2106.0,0.0,0.0,0.0,0.0,0.0,10
2023-05-10 21:55:59,j2403,j2403,2106.0,0.0,0.0,0.0,2,2075.0,2097.0,1,2106.0,0.0,0.0,0.0,0.0,0.0,10
2023-05-10 21:56:00,j2403,j2403,2106.0,0.0,0.0,0.0,1,2075.0,2097.0,1,2106.0,0.0,0.0,0.0,0.0,0.0,10
2023-05-10 21:56:01,j2403,j2403,2106.0,0.0,0.0,0.0,1,2075.5,2097.0,1,2106.0,0.0,0.0,0.0,0.0,0.0,10
2023-05-10 21:56:01,j2403,j2403,2106.0,0.0,0.0,0.0,1,2076.0,2097.0,1,2106.0,0.0,0.0,0.0,0.0,0.0,10
2023-05-10 21:56:09,j2403,j2403,2106.0,0.0,0.0,0.0,1,2076.0,2099.5,1,2106.0,0.0,0.0,0.0,0.0,0.0,10
2023-05-10 21:56:17,j2403,j2403,2106.0,0.0,0.0,0.0,2,2076.0,2099.5,1,2106.0,0.0,0.0,0.0,0.0,0.0,10
2023-05-10 21:56:42,j2403,j2403,2106.0,0.0,0.0,0.0,1,2076.0,2099.5,1,2106.0,0.0,0.0,0.0,0.0,0.0,10
2023-05-10 21:57:17,j2403,j2403,2106.0,0.0,0.0,0.0,2,2076.0,2099.5,1,2106.0,0.0,0.0,0.0,0.0,0.0,10
2023-05-10 21:57:20,j2403,j2403,2106.0,0.0,0.0,0.0,1,2076.0,2099.5,1,2106.0,0.0,0.0,0.0,0.0,0.0,10
2023-05-10 21:57:21,j2403,j2403,2106.0,0.0,0.0,0.0,1,2077.5,2099.5,1,2106.0,0.0,0.0,0.0,0.0,0.0,10
2023-05-10 21:57:22,j2403,j2403,2106.0,0.0,0.0,0.0,1,2078.0,2099.5,1,2106.0,0.0,0.0,0.0,0.0,0.0,10
2023-05-10 21:57:23,j2403,j2403,2106.0,0.0,0.0,0.0,2,2078.0,2099.5,1,2106.0,0.0,0.0,0.0,0.0,0.0,10
2023-05-10 21:57:27,j2403,j2403,2106.0,0.0,0.0,0.0,1,2078.0,2099.5,1,2106.0,0.0,0.0,0.0,0.0,0.0,10
2023-05-10 21:57:38,j2403,j2403,2106.0,0.0,0.0,0.0,2,2078.0,2099.5,1,2106.0,0.0,0.0,0.0,0.0,0.0,10
2023-05-10 21:57:45,j2403,j2403,2106.0,0.0,0.0,0.0,1,2078.0,2099.5,1,2106.0,0.0,0.0,0.0,0.0,0.0,10
2023-05-10 21:57:48,j2403,j2403,2106.0,0.0,0.0,0.0,2,2078.0,2099.5,1,2106.0,0.0,0.0,0.0,0.0,0.0,10
2023-05-10 21:57:55,j2403,j2403,2106.0,0.0,0.0,0.0,1,2078.0,2099.5,1,2106.0,0.0,0.0,0.0,0.0,0.0,10
2023-05-10 21:58:00,j2403,j2403,2106.0,0.0,0.0,0.0,2,2078.0,2099.5,1,2106.0,0.0,0.0,0.0,0.0,0.0,10
2023-05-10 21:58:02,j2403,j2403,2106.0,0.0,0.0,0.0,1,2078.0,2099.5,1,2106.0,0.0,0.0,0.0,0.0,0.0,10
2023-05-10 21:59:29,j2403,j2403,2106.0,0.0,0.0,0.0,2,2078.0,2099.5,1,2106.0,0.0,0.0,0.0,0.0,0.0,10
2023-05-10 21:59:30,j2403,j2403,2106.0,0.0,0.0,0.0,1,2078.0,2099.5,1,2106.0,0.0,0.0,0.0,0.0,0.0,10
2023-05-10 21:59:31,j2403,j2403,2106.0,0.0,0.0,0.0,2,2078.0,2099.5,1,2106.0,0.0,0.0,0.0,0.0,0.0,10
2023-05-10 21:59:34,j2403,j2403,2106.0,0.0,0.0,0.0,2,2078.0,2164.5,1,2106.0,0.0,0.0,0.0,0.0,0.0,10
2023-05-10 21:59:35,j2403,j2403,2106.0,0.0,0.0,0.0,2,2078.0,2107.0,1,2106.0,0.0,0.0,0.0,0.0,0.0,10
2023-05-10 21:59:35,j2403,j2403,2106.0,0.0,0.0,0.0,2,2078.0,2104.5,1,2106.0,0.0,0.0,0.0,0.0,0.0,10
2023-05-10 22:00:02,j2403,j2403,2106.0,0.0,0.0,0.0,1,2078.0,2104.5,1,2106.0,0.0,0.0,0.0,0.0,0.0,10
2023-05-10 22:00:04,j2403,j2403,2106.0,0.0,0.0,0.0,1,2036.5,2104.5,1,2106.0,0.0,0.0,0.0,0.0,0.0,10
2023-05-10 22:00:04,j2403,j2403,2106.0,0.0,0.0,0.0,1,2075.5,2104.5,1,2106.0,0.0,0.0,0.0,0.0,0.0,10
2023-05-10 22:00:05,j2403,j2403,2106.0,0.0,0.0,0.0,1,2076.5,2104.5,1,2106.0,0.0,0.0,0.0,0.0,0.0,10
2023-05-10 22:00:15,j2403,j2403,2106.0,0.0,0.0,0.0,1,2076.5,2104.0,1,2106.0,0.0,0.0,0.0,0.0,0.0,10
2023-05-10 22:00:16,j2403,j2403,2106.0,0.0,0.0,0.0,1,2076.5,2101.5,1,2106.0,0.0,0.0,0.0,0.0,0.0,10
2023-05-10 22:00:20,j2403,j2403,2106.0,0.0,0.0,0.0,2,2076.5,2101.5,1,2106.0,0.0,0.0,0.0,0.0,0.0,10
2023-05-10 22:00:24,j2403,j2403,2106.0,0.0,0.0,0.0,2,2076.5,2104.0,1,2106.0,0.0,0.0,0.0,0.0,0.0,10
2023-05-10 22:00:30,j2403,j2403,2106.0,0.0,0.0,0.0,2,2076.5,2101.5,1,2106.0,0.0,0.0,0.0,0.0,0.0,10
2023-05-10 22:00:31,j2403,j2403,2106.0,0.0,0.0,0.0,2,2076.5,2104.0,1,2106.0,0.0,0.0,0.0,0.0,0.0,10
2023-05-10 22:01:05,j2403,j2403,2106.0,0.0,0.0,0.0,2,2076.5,2101.5,1,2106.0,0.0,0.0,0.0,0.0,0.0,10
2023-05-10 22:01:06,j2403,j2403,2106.0,0.0,0.0,0.0,2,2076.5,2104.0,1,2106.0,0.0,0.0,0.0,0.0,0.0,10
2023-05-10 22:01:32,j2403,j2403,2106.0,0.0,0.0,0.0,1,2079.0,2104.0,1,2106.0,0.0,0.0,0.0,0.0,0.0,10
2023-05-10 22:01:33,j2403,j2403,2106.0,0.0,0.0,0.0,1,2081.5,2104.0,1,2106.0,0.0,0.0,0.0,0.0,0.0,10
2023-05-10 22:01:33,j2403,j2403,2106.0,0.0,0.0,0.0,1,2082.5,2104.0,1,2106.0,0.0,0.0,0.0,0.0,0.0,10
2023-05-10 22:01:35,j2403,j2403,2106.0,0.0,0.0,0.0,2,2082.5,2104.0,1,2106.0,0.0,0.0,0.0,0.0,0.0,10
2023-05-10 22:01:39,j2403,j2403,2106.0,0.0,0.0,0.0,1,2082.5,2104.0,1,2106.0,0.0,0.0,0.0,0.0,0.0,10
2023-05-10 22:01:40,j2403,j2403,2106.0,0.0,0.0,0.0,2,2082.5,2104.0,1,2106.0,0.0,0.0,0.0,0.0,0.0,10
2023-05-10 22:01:45,j2403,j2403,2106.0,0.0,0.0,0.0,1,2082.5,2104.0,1,2106.0,0.0,0.0,0.0,0.0,0.0,10
2023-05-10 22:01:55,j2403,j2403,2106.0,0.0,0.0,0.0,1,2018.5,2101.5,1,2106.0,0.0,0.0,0.0,0.0,0.0,10
2023-05-10 22:01:56,j2403,j2403,2106.0,0.0,0.0,0.0,1,2080.0,2101.5,1,2106.0,0.0,0.0,0.0,0.0,0.0,10
2023-05-10 22:01:56,j2403,j2403,2106.0,0.0,0.0,0.0,1,2081.0,2104.0,1,2106.0,0.0,0.0,0.0,0.0,0.0,10
2023-05-10 22:01:59,j2403,j2403,2106.0,0.0,0.0,0.0,1,2081.0,2101.5,1,2106.0,0.0,0.0,0.0,0.0,0.0,10
2023-05-10 22:02:07,j2403,j2403,2106.0,0.0,0.0,0.0,1,2081.0,2104.0,1,2106.0,0.0,0.0,0.0,0.0,0.0,10
2023-05-10 22:02:13,j2403,j2403,2106.0,0.0,0.0,0.0,2,2081.0,2104.0,1,2106.0,0.0,0.0,0.0,0.0,0.0,10
2023-05-10 22:03:01,j2403,j2403,2106.0,0.0,0.0,0.0,1,2081.0,2104.0,1,2106.0,0.0,0.0,0.0,0.0,0.0,10
2023-05-10 22:03:02,j2403,j2403,2106.0,0.0,0.0,0.0,2,2081.0,2104.0,1,2106.0,0.0,0.0,0.0,0.0,0.0,10
2023-05-10 22:03:08,j2403,j2403,2106.0,0.0,0.0,0.0,1,2081.0,2104.0,1,2106.0,0.0,0.0,0.0,0.0,0.0,10
2023-05-10 22:03:18,j2403,j2403,2106.0,0.0,0.0,0.0,1,2081.0,2101.5,1,2106.0,0.0,0.0,0.0,0.0,0.0,10
2023-05-10 22:03:51,j2403,j2403,2106.0,0.0,0.0,0.0,1,2081.0,2104.0,1,2106.0,0.0,0.0,0.0,0.0,0.0,10
2023-05-10 22:03:56,j2403,j2403,2106.0,0.0,0.0,0.0,1,2081.5,2104.0,1,2106.0,0.0,0.0,0.0,0.0,0.0,10
2023-05-10 22:03:57,j2403,j2403,2106.0,0.0,0.0,0.0,1,2082.5,2104.0,1,2106.0,0.0,0.0,0.0,0.0,0.0,10
2023-05-10 22:04:21,j2403,j2403,2106.0,0.0,0.0,0.0,2,2082.5,2104.0,1,2106.0,0.0,0.0,0.0,0.0,0.0,10
2023-05-10 22:04:35,j2403,j2403,2106.0,0.0,0.0,0.0,1,2082.5,2104.0,1,2106.0,0.0,0.0,0.0,0.0,0.0,10
2023-05-10 22:05:14,j2403,j2403,2106.0,0.0,0.0,0.0,1,2082.5,2164.5,1,2106.0,0.0,0.0,0.0,0.0,0.0,10
2023-05-10 22:05:15,j2403,j2403,2106.0,0.0,0.0,0.0,1,2082.5,2109.5,1,2106.0,0.0,0.0,0.0,0.0,0.0,10
2023-05-10 22:05:15,j2403,j2403,2106.0,0.0,0.0,0.0,1,2082.5,2107.0,1,2106.0,0.0,0.0,0.0,0.0,0.0,10
2023-05-10 22:05:38,j2403,j2403,2106.0,0.0,0.0,0.0,2,2082.5,2107.0,1,2106.0,0.0,0.0,0.0,0.0,0.0,10
2023-05-10 22:05:38,j2403,j2403,2106.0,0.0,0.0,0.0,1,2082.5,2107.0,1,2106.0,0.0,0.0,0.0,0.0,0.0,10
2023-05-10 22:05:45,j2403,j2403,2106.0,0.0,0.0,0.0,1,2084.0,2107.0,1,2106.0,0.0,0.0,0.0,0.0,0.0,10
2023-05-10 22:05:46,j2403,j2403,2106.0,0.0,0.0,0.0,1,2084.5,2107.0,1,2106.0,0.0,0.0,0.0,0.0,0.0,10
2023-05-10 22:05:53,j2403,j2403,2106.0,0.0,0.0,0.0,2,2084.5,2107.0,1,2106.0,0.0,0.0,0.0,0.0,0.0,10
2023-05-10 22:05:59,j2403,j2403,2106.0,0.0,0.0,0.0,2,2084.5,2106.5,1,2106.0,0.0,0.0,0.0,0.0,0.0,10
2023-05-10 22:07:39,j2403,j2403,2106.0,0.0,0.0,0.0,1,2084.5,2106.5,1,2106.0,0.0,0.0,0.0,0.0,0.0,10
2023-05-10 22:07:39,j2403,j2403,2106.0,0.0,0.0,0.0,2,2084.5,2106.5,1,2106.0,0.0,0.0,0.0,0.0,0.0,10
2023-05-10 22:08:56,j2403,j2403,2106.0,0.0,0.0,0.0,1,2084.5,2106.5,1,2106.0,0.0,0.0,0.0,0.0,0.0,10
2023-05-10 22:08:56,j2403,j2403,2106.0,0.0,0.0,0.0,1,2086.0,2106.5,1,2106.0,0.0,0.0,0.0,0.0,0.0,10
2023-05-10 22:08:57,j2403,j2403,2106.0,0.0,0.0,0.0,1,2087.0,2106.5,1,2106.0,0.0,0.0,0.0,0.0,0.0,10
2023-05-10 22:09:15,j2403,j2403,2106.0,0.0,0.0,0.0,3,2019.0,2106.5,1,2106.0,0.0,0.0,0.0,0.0,0.0,10
2023-05-10 22:09:15,j2403,j2403,2106.0,0.0,0.0,0.0,1,2084.5,2106.5,1,2106.0,0.0,0.0,0.0,0.0,0.0,10
2023-05-10 22:09:16,j2403,j2403,2106.0,0.0,0.0,0.0,1,2085.0,2106.5,1,2106.0,0.0,0.0,0.0,0.0,0.0,10
2023-05-10 22:09:31,j2403,j2403,2106.0,0.0,0.0,0.0,2,2085.0,2106.5,1,2106.0,0.0,0.0,0.0,0.0,0.0,10
2023-05-10 22:09:53,j2403,j2403,2106.0,0.0,0.0,0.0,1,2085.0,2106.5,1,2106.0,0.0,0.0,0.0,0.0,0.0,10
2023-05-10 22:09:57,j2403,j2403,2106.0,0.0,0.0,0.0,2,2085.0,2106.5,1,2106.0,0.0,0.0,0.0,0.0,0.0,10
2023-05-10 22:10:01,j2403,j2403,2106.0,0.0,0.0,0.0,1,2085.0,2106.5,1,2106.0,0.0,0.0,0.0,0.0,0.0,10
2023-05-10 22:10:04,j2403,j2403,2106.0,0.0,0.0,0.0,2,2085.0,2106.5,1,2106.0,0.0,0.0,0.0,0.0,0.0,10
2023-05-10 22:10:04,j2403,j2403,2106.0,0.0,0.0,0.0,1,2085.0,2106.5,1,2106.0,0.0,0.0,0.0,0.0,0.0,10
2023-05-10 22:10:14,j2403,j2403,2106.0,0.0,0.0,0.0,1,2021.5,2106.5,1,2106.0,0.0,0.0,0.0,0.0,0.0,10
2023-05-10 22:10:14,j2403,j2403,2106.0,0.0,0.0,0.0,1,2082.5,2106.5,1,2106.0,0.0,0.0,0.0,0.0,0.0,10
2023-05-10 22:10:15,j2403,j2403,2106.0,0.0,0.0,0.0,1,2083.0,2106.5,1,2106.0,0.0,0.0,0.0,0.0,0.0,10
2023-05-10 22:10:16,j2403,j2403,2106.0,0.0,0.0,0.0,2,2083.0,2106.5,1,2106.0,0.0,0.0,0.0,0.0,0.0,10
2023-05-10 22:10:20,j2403,j2403,2106.0,0.0,0.0,0.0,1,2083.0,2106.5,1,2106.0,0.0,0.0,0.0,0.0,0.0,10
2023-05-10 22:10:22,j2403,j2403,2106.0,0.0,0.0,0.0,1,2083.0,2104.0,1,2106.0,0.0,0.0,0.0,0.0,0.0,10
2023-05-10 22:10:45,j2403,j2403,2106.0,0.0,0.0,0.0,2,2083.0,2104.0,1,2106.0,0.0,0.0,0.0,0.0,0.0,10
2023-05-10 22:10:57,j2403,j2403,2106.0,0.0,0.0,0.0,2,2083.0,2106.5,1,2106.0,0.0,0.0,0.0,0.0,0.0,10
2023-05-10 22:10:58,j2403,j2403,2106.0,0.0,0.0,0.0,2,2083.0,2164.5,1,2106.0,0.0,0.0,0.0,0.0,0.0,10
2023-05-10 22:10:59,j2403,j2403,2106.0,0.0,0.0,0.0,2,2083.0,2111.0,1,2106.0,0.0,0.0,0.0,0.0,0.0,10
2023-05-10 22:10:59,j2403,j2403,2106.0,0.0,0.0,0.0,2,2083.0,2108.5,1,2106.0,0.0,0.0,0.0,0.0,0.0,10
2023-05-10 22:11:38,j2403,j2403,2106.0,0.0,0.0,0.0,2,2083.0,2108.0,1,2106.0,0.0,0.0,0.0,0.0,0.0,10
2023-05-10 22:13:05,j2403,j2403,2106.0,0.0,0.0,0.0,1,2083.0,2108.0,1,2106.0,0.0,0.0,0.0,0.0,0.0,10
2023-05-10 22:13:06,j2403,j2403,2106.0,0.0,0.0,0.0,1,2083.0,2105.5,1,2106.0,0.0,0.0,0.0,0.0,0.0,10
2023-05-10 22:13:09,j2403,j2403,2106.0,0.0,0.0,0.0,1,2083.0,2108.0,1,2106.0,0.0,0.0,0.0,0.0,0.0,10
2023-05-10 22:13:09,j2403,j2403,2106.0,0.0,0.0,0.0,2,2083.0,2108.0,1,2106.0,0.0,0.0,0.0,0.0,0.0,10
2023-05-10 22:13:11,j2403,j2403,2106.0,0.0,0.0,0.0,2,2083.0,2105.5,1,2106.0,0.0,0.0,0.0,0.0,0.0,10
2023-05-10 22:13:28,j2403,j2403,2106.0,0.0,0.0,0.0,2,2083.0,2108.0,1,2106.0,0.0,0.0,0.0,0.0,0.0,10
2023-05-10 22:13:56,j2403,j2403,2106.0,0.0,0.0,0.0,2,2083.0,2105.5,1,2106.0,0.0,0.0,0.0,0.0,0.0,10
2023-05-10 22:13:58,j2403,j2403,2106.0,0.0,0.0,0.0,2,2083.0,2108.0,1,2106.0,0.0,0.0,0.0,0.0,0.0,10
2023-05-10 22:14:01,j2403,j2403,2106.0,0.0,0.0,0.0,2,2083.0,2105.5,1,2106.0,0.0,0.0,0.0,0.0,0.0,10
2023-05-10 22:14:16,j2403,j2403,2106.0,0.0,0.0,0.0,1,2083.0,2105.5,1,2106.0,0.0,0.0,0.0,0.0,0.0,10
2023-05-10 22:14:51,j2403,j2403,2106.0,0.0,0.0,0.0,2,2083.0,2105.5,1,2106.0,0.0,0.0,0.0,0.0,0.0,10
2023-05-10 22:15:08,j2403,j2403,2106.0,0.0,0.0,0.0,1,2083.0,2105.5,1,2106.0,0.0,0.0,0.0,0.0,0.0,10
2023-05-10 22:15:11,j2403,j2403,2106.0,0.0,0.0,0.0,1,2083.0,2105.0,1,2106.0,0.0,0.0,0.0,0.0,0.0,10
2023-05-10 22:15:22,j2403,j2403,2106.0,0.0,0.0,0.0,2,2083.0,2105.0,1,2106.0,0.0,0.0,0.0,0.0,0.0,10
2023-05-10 22:15:26,j2403,j2403,2106.0,0.0,0.0,0.0,1,2083.0,2105.0,1,2106.0,0.0,0.0,0.0,0.0,0.0,10
2023-05-10 22:15:42,j2403,j2403,2106.0,0.0,0.0,0.0,1,2083.0,2102.5,1,2106.0,0.0,0.0,0.0,0.0,0.0,10
2023-05-10 22:15:54,j2403,j2403,2106.0,0.0,0.0,0.0,1,2083.0,2105.0,1,2106.0,0.0,0.0,0.0,0.0,0.0,10
2023-05-10 22:16:11,j2403,j2403,2106.0,0.0,0.0,0.0,1,2083.0,2102.5,1,2106.0,0.0,0.0,0.0,0.0,0.0,10
2023-05-10 22:16:11,j2403,j2403,2106.0,0.0,0.0,0.0,1,2083.0,2105.0,1,2106.0,0.0,0.0,0.0,0.0,0.0,10
2023-05-10 22:16:38,j2403,j2403,2106.0,0.0,0.0,0.0,1,2083.0,2102.5,1,2106.0,0.0,0.0,0.0,0.0,0.0,10
2023-05-10 22:16:39,j2403,j2403,2106.0,0.0,0.0,0.0,1,2021.5,2102.5,1,2106.0,0.0,0.0,0.0,0.0,0.0,10
2023-05-10 22:16:40,j2403,j2403,2106.0,0.0,0.0,0.0,1,2080.0,2102.5,1,2106.0,0.0,0.0,0.0,0.0,0.0,10
2023-05-10 22:16:40,j2403,j2403,2106.0,0.0,0.0,0.0,1,2080.5,2102.5,1,2106.0,0.0,0.0,0.0,0.0,0.0,10
2023-05-10 22:16:59,j2403,j2403,2106.0,0.0,0.0,0.0,2,2080.5,2102.5,1,2106.0,0.0,0.0,0.0,0.0,0.0,10
2023-05-10 22:17:00,j2403,j2403,2106.0,0.0,0.0,0.0,2,2080.5,2105.0,1,2106.0,0.0,0.0,0.0,0.0,0.0,10
2023-05-10 22:17:24,j2403,j2403,2106.0,0.0,0.0,0.0,1,2080.5,2105.0,1,2106.0,0.0,0.0,0.0,0.0,0.0,10
2023-05-10 22:17:25,j2403,j2403,2106.0,0.0,0.0,0.0,2,2080.5,2105.0,1,2106.0,0.0,0.0,0.0,0.0,0.0,10
2023-05-10 22:18:02,j2403,j2403,2106.0,0.0,0.0,0.0,1,2080.5,2102.5,1,2106.0,0.0,0.0,0.0,0.0,0.0,10
2023-05-10 22:18:29,j2403,j2403,2106.0,0.0,0.0,0.0,2,2080.5,2102.5,1,2106.0,0.0,0.0,0.0,0.0,0.0,10
2023-05-10 22:18:30,j2403,j2403,2106.0,0.0,0.0,0.0,1,2080.5,2102.5,1,2106.0,0.0,0.0,0.0,0.0,0.0,10
2023-05-10 22:18:34,j2403,j2403,2106.0,0.0,0.0,0.0,2,2080.5,2102.5,1,2106.0,0.0,0.0,0.0,0.0,0.0,10
2023-05-10 22:18:35,j2403,j2403,2106.0,0.0,0.0,0.0,1,2080.5,2102.5,1,2106.0,0.0,0.0,0.0,0.0,0.0,10
2023-05-10 22:18:46,j2403,j2403,2106.0,0.0,0.0,0.0,1,2080.5,2102.0,1,2106.0,0.0,0.0,0.0,0.0,0.0,10
2023-05-10 22:18:56,j2403,j2403,2106.0,0.0,0.0,0.0,2,2080.5,2102.0,1,2106.0,0.0,0.0,0.0,0.0,0.0,10
2023-05-10 22:18:57,j2403,j2403,2106.0,0.0,0.0,0.0,1,2080.5,2102.0,1,2106.0,0.0,0.0,0.0,0.0,0.0,10
2023-05-10 22:18:58,j2403,j2403,2106.0,0.0,0.0,0.0,2,2080.5,2102.0,1,2106.0,0.0,0.0,0.0,0.0,0.0,10
2023-05-10 22:19:02,j2403,j2403,2106.0,0.0,0.0,0.0,1,2080.5,2102.0,1,2106.0,0.0,0.0,0.0,0.0,0.0,10
2023-05-10 22:19:20,j2403,j2403,2106.0,0.0,0.0,0.0,1,2018.5,2102.0,1,2106.0,0.0,0.0,0.0,0.0,0.0,10
2023-05-10 22:19:21,j2403,j2403,2106.0,0.0,0.0,0.0,1,2077.0,2099.5,1,2106.0,0.0,0.0,0.0,0.0,0.0,10
2023-05-10 22:19:22,j2403,j2403,2106.0,0.0,0.0,0.0,1,2078.0,2099.5,1,2106.0,0.0,0.0,0.0,0.0,0.0,10
2023-05-10 22:19:34,j2403,j2403,2106.0,0.0,0.0,0.0,1,2078.0,2102.0,1,2106.0,0.0,0.0,0.0,0.0,0.0,10
2023-05-10 22:19:39,j2403,j2403,2106.0,0.0,0.0,0.0,1,2078.0,2099.5,1,2106.0,0.0,0.0,0.0,0.0,0.0,10
2023-05-10 22:19:52,j2403,j2403,2106.0,0.0,0.0,0.0,1,2078.0,2102.0,1,2106.0,0.0,0.0,0.0,0.0,0.0,10
2023-05-10 22:20:02,j2403,j2403,2106.0,0.0,0.0,0.0,1,2078.0,2099.5,1,2106.0,0.0,0.0,0.0,0.0,0.0,10
2023-05-10 22:20:25,j2403,j2403,2106.0,0.0,0.0,0.0,1,2078.0,2102.0,1,2106.0,0.0,0.0,0.0,0.0,0.0,10
2023-05-10 22:21:14,j2403,j2403,2106.0,0.0,0.0,0.0,1,2078.0,2099.5,1,2106.0,0.0,0.0,0.0,0.0,0.0,10
2023-05-10 22:21:15,j2403,j2403,2106.0,0.0,0.0,0.0,1,2078.0,2102.0,1,2106.0,0.0,0.0,0.0,0.0,0.0,10
2023-05-10 22:21:32,j2403,j2403,2106.0,0.0,0.0,0.0,1,2078.0,2099.5,1,2106.0,0.0,0.0,0.0,0.0,0.0,10
2023-05-10 22:22:18,j2403,j2403,2106.0,0.0,0.0,0.0,1,2018.5,2099.5,1,2106.0,0.0,0.0,0.0,0.0,0.0,10
2023-05-10 22:22:18,j2403,j2403,2106.0,0.0,0.0,0.0,1,2076.0,2099.5,1,2106.0,0.0,0.0,0.0,0.0,0.0,10
2023-05-10 22:22:19,j2403,j2403,2106.0,0.0,0.0,0.0,1,2076.5,2099.5,1,2106.0,0.0,0.0,0.0,0.0,0.0,10
2023-05-10 22:22:21,j2403,j2403,2106.0,0.0,0.0,0.0,1,2076.5,2099.0,1,2106.0,0.0,0.0,0.0,0.0,0.0,10
2023-05-10 22:22:47,j2403,j2403,2106.0,0.0,0.0,0.0,1,2076.5,2096.5,1,2106.0,0.0,0.0,0.0,0.0,0.0,10
2023-05-10 22:22:48,j2403,j2403,2106.0,0.0,0.0,0.0,1,2018.5,2096.5,1,2106.0,0.0,0.0,0.0,0.0,0.0,10
2023-05-10 22:22:49,j2403,j2403,2106.0,0.0,0.0,0.0,1,2073.5,2096.5,1,2106.0,0.0,0.0,0.0,0.0,0.0,10
2023-05-10 22:22:49,j2403,j2403,2106.0,0.0,0.0,0.0,1,2074.5,2096.5,1,2106.0,0.0,0.0,0.0,0.0,0.0,10
2023-05-10 22:22:58,j2403,j2403,2106.0,0.0,0.0,0.0,1,2074.5,2099.0,1,2106.0,0.0,0.0,0.0,0.0,0.0,10
2023-05-10 22:22:59,j2403,j2403,2106.0,0.0,0.0,0.0,2,2074.5,2099.0,1,2106.0,0.0,0.0,0.0,0.0,0.0,10
2023-05-10 22:23:03,j2403,j2403,2106.0,0.0,0.0,0.0,2,2074.5,2096.5,1,2106.0,0.0,0.0,0.0,0.0,0.0,10
2023-05-10 22:23:03,j2403,j2403,2106.0,0.0,0.0,0.0,1,2074.5,2096.5,1,2106.0,0.0,0.0,0.0,0.0,0.0,10
2023-05-10 22:23:15,j2403,j2403,2106.0,0.0,0.0,0.0,4,2019.0,2096.5,1,2106.0,0.0,0.0,0.0,0.0,0.0,10
2023-05-10 22:23:15,j2403,j2403,2106.0,0.0,0.0,0.0,1,2072.0,2096.5,1,2106.0,0.0,0.0,0.0,0.0,0.0,10
2023-05-10 22:23:16,j2403,j2403,2106.0,0.0,0.0,0.0,1,2072.5,2096.5,1,2106.0,0.0,0.0,0.0,0.0,0.0,10
2023-05-10 22:23:17,j2403,j2403,2106.0,0.0,0.0,0.0,2,2072.5,2096.5,1,2106.0,0.0,0.0,0.0,0.0,0.0,10
2023-05-10 22:23:35,j2403,j2403,2106.0,0.0,0.0,0.0,2,2072.5,2099.0,1,2106.0,0.0,0.0,0.0,0.0,0.0,10
2023-05-10 22:23:36,j2403,j2403,2106.0,0.0,0.0,0.0,2,2072.5,2096.5,1,2106.0,0.0,0.0,0.0,0.0,0.0,10
2023-05-10 22:23:43,j2403,j2403,2106.0,0.0,0.0,0.0,2,2072.5,2099.0,1,2106.0,0.0,0.0,0.0,0.0,0.0,10
2023-05-10 22:23:44,j2403,j2403,2106.0,0.0,0.0,0.0,2,2072.5,2096.5,1,2106.0,0.0,0.0,0.0,0.0,0.0,10
2023-05-10 22:23:51,j2403,j2403,2106.0,0.0,0.0,0.0,2,2072.5,2099.0,1,2106.0,0.0,0.0,0.0,0.0,0.0,10
2023-05-10 22:23:54,j2403,j2403,2106.0,0.0,0.0,0.0,2,2072.5,2096.5,1,2106.0,0.0,0.0,0.0,0.0,0.0,10
2023-05-10 22:24:02,j2403,j2403,2106.0,0.0,0.0,0.0,1,2072.5,2096.5,1,2106.0,0.0,0.0,0.0,0.0,0.0,10
2023-05-10 22:24:03,j2403,j2403,2106.0,0.0,0.0,0.0,2,2072.5,2096.5,1,2106.0,0.0,0.0,0.0,0.0,0.0,10
2023-05-10 22:24:15,j2403,j2403,2106.0,0.0,0.0,0.0,2,2072.5,2099.0,1,2106.0,0.0,0.0,0.0,0.0,0.0,10
2023-05-10 22:24:35,j2403,j2403,2106.0,0.0,0.0,0.0,2,2072.5,2096.5,1,2106.0,0.0,0.0,0.0,0.0,0.0,10
2023-05-10 22:25:03,j2403,j2403,2106.0,0.0,0.0,0.0,2,2072.5,2099.0,1,2106.0,0.0,0.0,0.0,0.0,0.0,10
2023-05-10 22:25:49,j2403,j2403,2106.0,0.0,0.0,0.0,2,2072.5,2096.5,1,2106.0,0.0,0.0,0.0,0.0,0.0,10
2023-05-10 22:25:51,j2403,j2403,2106.0,0.0,0.0,0.0,1,2072.5,2096.5,1,2106.0,0.0,0.0,0.0,0.0,0.0,10
2023-05-10 22:25:51,j2403,j2403,2106.0,0.0,0.0,0.0,2,2072.5,2096.5,1,2106.0,0.0,0.0,0.0,0.0,0.0,10
2023-05-10 22:26:11,j2403,j2403,2106.0,0.0,0.0,0.0,1,2072.5,2096.5,1,2106.0,0.0,0.0,0.0,0.0,0.0,10
2023-05-10 22:26:14,j2403,j2403,2106.0,0.0,0.0,0.0,2,2072.5,2096.5,1,2106.0,0.0,0.0,0.0,0.0,0.0,10
2023-05-10 22:26:15,j2403,j2403,2106.0,0.0,0.0,0.0,1,2072.5,2096.5,1,2106.0,0.0,0.0,0.0,0.0,0.0,10
2023-05-10 22:26:15,j2403,j2403,2106.0,0.0,0.0,0.0,2,2072.5,2096.5,1,2106.0,0.0,0.0,0.0,0.0,0.0,10
2023-05-10 22:26:16,j2403,j2403,2106.0,0.0,0.0,0.0,1,2072.5,2096.5,1,2106.0,0.0,0.0,0.0,0.0,0.0,10
2023-05-10 22:26:24,j2403,j2403,2106.0,0.0,0.0,0.0,2,2072.5,2096.5,1,2106.0,0.0,0.0,0.0,0.0,0.0,10
2023-05-10 22:26:26,j2403,j2403,2106.0,0.0,0.0,0.0,1,2072.5,2096.5,1,2106.0,0.0,0.0,0.0,0.0,0.0,10
2023-05-10 22:26:30,j2403,j2403,2106.0,0.0,0.0,0.0,2,2072.5,2096.5,1,2106.0,0.0,0.0,0.0,0.0,0.0,10
2023-05-10 22:26:37,j2403,j2403,2106.0,0.0,0.0,0.0,2,2072.5,2096.0,1,2106.0,0.0,0.0,0.0,0.0,0.0,10
2023-05-10 22:27:04,j2403,j2403,2106.0,0.0,0.0,0.0,1,2072.5,2096.0,1,2106.0,0.0,0.0,0.0,0.0,0.0,10
2023-05-10 22:27:08,j2403,j2403,2106.0,0.0,0.0,0.0,2,2072.5,2096.0,1,2106.0,0.0,0.0,0.0,0.0,0.0,10
2023-05-10 22:27:11,j2403,j2403,2106.0,0.0,0.0,0.0,1,2072.5,2096.0,1,2106.0,0.0,0.0,0.0,0.0,0.0,10
2023-05-10 22:27:24,j2403,j2403,2106.0,0.0,0.0,0.0,2,2072.5,2096.0,1,2106.0,0.0,0.0,0.0,0.0,0.0,10
2023-05-10 22:27:33,j2403,j2403,2106.0,0.0,0.0,0.0,1,2072.5,2096.0,1,2106.0,0.0,0.0,0.0,0.0,0.0,10
2023-05-10 22:27:36,j2403,j2403,2106.0,0.0,0.0,0.0,2,2072.5,2096.0,1,2106.0,0.0,0.0,0.0,0.0,0.0,10
2023-05-10 22:30:15,j2403,j2403,2106.0,0.0,0.0,0.0,1,2075.0,2096.0,1,2106.0,0.0,0.0,0.0,0.0,0.0,10
2023-05-10 22:30:15,j2403,j2403,2106.0,0.0,0.0,0.0,1,2078.0,2096.0,1,2106.0,0.0,0.0,0.0,0.0,0.0,10
2023-05-10 22:30:16,j2403,j2403,2106.0,0.0,0.0,0.0,1,2079.0,2096.0,1,2106.0,0.0,0.0,0.0,0.0,0.0,10
2023-05-10 22:30:21,j2403,j2403,2106.0,0.0,0.0,0.0,2,2079.0,2096.0,1,2106.0,0.0,0.0,0.0,0.0,0.0,10
2023-05-10 22:31:06,j2403,j2403,2106.0,0.0,0.0,0.0,1,2079.0,2096.0,1,2106.0,0.0,0.0,0.0,0.0,0.0,10
2023-05-10 22:31:07,j2403,j2403,2106.0,0.0,0.0,0.0,2,2079.0,2096.0,1,2106.0,0.0,0.0,0.0,0.0,0.0,10
2023-05-10 22:31:31,j2403,j2403,2106.0,0.0,0.0,0.0,1,2079.0,2096.0,1,2106.0,0.0,0.0,0.0,0.0,0.0,10
2023-05-10 22:31:37,j2403,j2403,2106.0,0.0,0.0,0.0,1,2079.0,2164.5,1,2106.0,0.0,0.0,0.0,0.0,0.0,10
2023-05-10 22:31:38,j2403,j2403,2106.0,0.0,0.0,0.0,1,2079.0,2108.0,1,2106.0,0.0,0.0,0.0,0.0,0.0,10
2023-05-10 22:31:39,j2403,j2403,2106.0,0.0,0.0,0.0,1,2079.0,2105.5,1,2106.0,0.0,0.0,0.0,0.0,0.0,10
2023-05-10 22:31:48,j2403,j2403,2106.0,0.0,0.0,0.0,2,2079.0,2105.5,1,2106.0,0.0,0.0,0.0,0.0,0.0,10
2023-05-10 22:32:18,j2403,j2403,2106.0,0.0,0.0,0.0,2,2079.0,2105.0,1,2106.0,0.0,0.0,0.0,0.0,0.0,10
2023-05-10 22:32:32,j2403,j2403,2106.0,0.0,0.0,0.0,2,2079.0,2102.5,1,2106.0,0.0,0.0,0.0,0.0,0.0,10
2023-05-10 22:32:33,j2403,j2403,2106.0,0.0,0.0,0.0,2,2079.0,2105.0,1,2106.0,0.0,0.0,0.0,0.0,0.0,10
2023-05-10 22:33:43,j2403,j2403,2106.0,0.0,0.0,0.0,1,2079.0,2105.0,1,2106.0,0.0,0.0,0.0,0.0,0.0,10
2023-05-10 22:33:45,j2403,j2403,2106.0,0.0,0.0,0.0,1,2079.0,2102.5,1,2106.0,0.0,0.0,0.0,0.0,0.0,10
2023-05-10 22:34:25,j2403,j2403,2106.0,0.0,0.0,0.0,1,2079.0,2102.0,1,2106.0,0.0,0.0,0.0,0.0,0.0,10
2023-05-10 22:34:27,j2403,j2403,2106.0,0.0,0.0,0.0,1,2079.0,2099.5,1,2106.0,0.0,0.0,0.0,0.0,0.0,10
2023-05-10 22:34:34,j2403,j2403,2106.0,0.0,0.0,0.0,1,2079.0,2102.0,1,2106.0,0.0,0.0,0.0,0.0,0.0,10
2023-05-10 22:35:04,j2403,j2403,2106.0,0.0,0.0,0.0,2,2079.0,2102.0,1,2106.0,0.0,0.0,0.0,0.0,0.0,10
2023-05-10 22:35:04,j2403,j2403,2106.0,0.0,0.0,0.0,1,2079.0,2102.0,1,2106.0,0.0,0.0,0.0,0.0,0.0,10
2023-05-10 22:35:27,j2403,j2403,2106.0,0.0,0.0,0.0,1,2079.0,2099.5,1,2106.0,0.0,0.0,0.0,0.0,0.0,10
2023-05-10 22:35:35,j2403,j2403,2106.0,0.0,0.0,0.0,1,2079.0,2102.0,1,2106.0,0.0,0.0,0.0,0.0,0.0,10
2023-05-10 22:35:39,j2403,j2403,2106.0,0.0,0.0,0.0,1,2079.0,2099.5,1,2106.0,0.0,0.0,0.0,0.0,0.0,10
2023-05-10 22:35:54,j2403,j2403,2106.0,0.0,0.0,0.0,4,2019.0,2099.5,1,2106.0,0.0,0.0,0.0,0.0,0.0,10
2023-05-10 22:35:54,j2403,j2403,2106.0,0.0,0.0,0.0,1,2076.5,2099.5,1,2106.0,0.0,0.0,0.0,0.0,0.0,10
2023-05-10 22:35:55,j2403,j2403,2106.0,0.0,0.0,0.0,1,2077.0,2099.5,1,2106.0,0.0,0.0,0.0,0.0,0.0,10
2023-05-10 22:36:10,j2403,j2403,2106.0,0.0,0.0,0.0,1,2021.5,2099.5,1,2106.0,0.0,0.0,0.0,0.0,0.0,10
2023-05-10 22:36:10,j2403,j2403,2106.0,0.0,0.0,0.0,1,2073.5,2099.5,1,2106.0,0.0,0.0,0.0,0.0,0.0,10
2023-05-10 22:36:11,j2403,j2403,2106.0,0.0,0.0,0.0,1,2074.5,2099.5,1,2106.0,0.0,0.0,0.0,0.0,0.0,10
2023-05-10 22:36:32,j2403,j2403,2106.0,0.0,0.0,0.0,1,2074.5,2099.0,1,2106.0,0.0,0.0,0.0,0.0,0.0,10
2023-05-10 22:37:24,j2403,j2403,2106.0,0.0,0.0,0.0,1,2074.5,2096.5,1,2106.0,0.0,0.0,0.0,0.0,0.0,10
2023-05-10 22:38:17,j2403,j2403,2106.0,0.0,0.0,0.0,1,2021.5,2096.5,1,2106.0,0.0,0.0,0.0,0.0,0.0,10
2023-05-10 22:38:18,j2403,j2403,2106.0,0.0,0.0,0.0,1,2070.5,2096.5,1,2106.0,0.0,0.0,0.0,0.0,0.0,10
2023-05-10 22:38:18,j2403,j2403,2106.0,0.0,0.0,0.0,1,2071.5,2096.5,2,2106.0,0.0,0.0,0.0,0.0,0.0,10
2023-05-10 22:38:24,j2403,j2403,2106.0,0.0,0.0,0.0,1,2021.5,2096.5,2,2106.0,0.0,0.0,0.0,0.0,0.0,10
2023-05-10 22:38:25,j2403,j2403,2106.0,0.0,0.0,0.0,1,2065.0,2096.5,2,2106.0,0.0,0.0,0.0,0.0,0.0,10
2023-05-10 22:38:25,j2403,j2403,2106.0,0.0,0.0,0.0,1,2066.0,2096.5,2,2106.0,0.0,0.0,0.0,0.0,0.0,10
2023-05-10 22:38:28,j2403,j2403,2106.0,0.0,0.0,0.0,3,2022.0,2096.5,2,2106.0,0.0,0.0,0.0,0.0,0.0,10
2023-05-10 22:38:28,j2403,j2403,2106.0,0.0,0.0,0.0,1,2061.5,2096.5,2,2106.0,0.0,0.0,0.0,0.0,0.0,10
2023-05-10 22:38:29,j2403,j2403,2106.0,0.0,0.0,0.0,1,2063.5,2096.5,2,2106.0,0.0,0.0,0.0,0.0,0.0,10
2023-05-10 22:38:39,j2403,j2403,2106.0,0.0,0.0,0.0,1,2063.5,2096.0,1,2106.0,0.0,0.0,0.0,0.0,0.0,10
2023-05-10 22:38:40,j2403,j2403,2106.0,0.0,0.0,0.0,1,2063.5,2091.5,1,2106.0,0.0,0.0,0.0,0.0,0.0,10
2023-05-10 22:38:40,j2403,j2403,2106.0,0.0,0.0,0.0,1,2063.5,2089.0,1,2106.0,0.0,0.0,0.0,0.0,0.0,10
2023-05-10 22:38:58,j2403,j2403,2106.0,0.0,0.0,0.0,1,2064.0,2089.0,1,2106.0,0.0,0.0,0.0,0.0,0.0,10
2023-05-10 22:38:58,j2403,j2403,2106.0,0.0,0.0,0.0,1,2065.0,2089.0,1,2106.0,0.0,0.0,0.0,0.0,0.0,10
2023-05-10 22:39:15,j2403,j2403,2106.0,0.0,0.0,0.0,1,2066.0,2089.0,1,2106.0,0.0,0.0,0.0,0.0,0.0,10
2023-05-10 22:39:16,j2403,j2403,2106.0,0.0,0.0,0.0,1,2067.0,2089.0,1,2106.0,0.0,0.0,0.0,0.0,0.0,10
2023-05-10 22:39:23,j2403,j2403,2106.0,0.0,0.0,0.0,1,2067.0,2088.5,1,2106.0,0.0,0.0,0.0,0.0,0.0,10
2023-05-10 22:41:00,j2403,j2403,2106.0,0.0,0.0,0.0,1,2024.5,2086.0,1,2106.0,0.0,0.0,0.0,0.0,0.0,10
2023-05-10 22:41:01,j2403,j2403,2106.0,0.0,0.0,0.0,1,2062.5,2086.0,1,2106.0,0.0,0.0,0.0,0.0,0.0,10
2023-05-10 22:41:01,j2403,j2403,2106.0,0.0,0.0,0.0,1,2063.5,2086.0,1,2106.0,0.0,0.0,0.0,0.0,0.0,10
2023-05-10 22:41:26,j2403,j2403,2106.0,0.0,0.0,0.0,1,2063.5,2088.5,1,2106.0,0.0,0.0,0.0,0.0,0.0,10
2023-05-10 22:41:28,j2403,j2403,2106.0,0.0,0.0,0.0,1,2063.5,2086.0,1,2106.0,0.0,0.0,0.0,0.0,0.0,10
2023-05-10 22:42:13,j2403,j2403,2106.0,0.0,0.0,0.0,1,2063.5,2085.5,1,2106.0,0.0,0.0,0.0,0.0,0.0,10
2023-05-10 22:43:31,j2403,j2403,2106.0,0.0,0.0,0.0,2,2063.5,2085.5,1,2106.0,0.0,0.0,0.0,0.0,0.0,10
2023-05-10 22:43:32,j2403,j2403,2106.0,0.0,0.0,0.0,1,2063.5,2085.5,1,2106.0,0.0,0.0,0.0,0.0,0.0,10
2023-05-10 22:43:32,j2403,j2403,2106.0,0.0,0.0,0.0,2,2063.5,2085.5,1,2106.0,0.0,0.0,0.0,0.0,0.0,10
2023-05-10 22:43:33,j2403,j2403,2106.0,0.0,0.0,0.0,1,2063.5,2085.5,1,2106.0,0.0,0.0,0.0,0.0,0.0,10
2023-05-10 22:43:48,j2403,j2403,2106.0,0.0,0.0,0.0,2,2063.5,2085.5,1,2106.0,0.0,0.0,0.0,0.0,0.0,10
2023-05-10 22:43:54,j2403,j2403,2106.0,0.0,0.0,0.0,1,2063.5,2085.5,1,2106.0,0.0,0.0,0.0,0.0,0.0,10
2023-05-10 22:43:57,j2403,j2403,2106.0,0.0,0.0,0.0,2,2063.5,2085.5,1,2106.0,0.0,0.0,0.0,0.0,0.0,10
2023-05-10 22:44:05,j2403,j2403,2106.0,0.0,0.0,0.0,1,2063.5,2085.5,1,2106.0,0.0,0.0,0.0,0.0,0.0,10
2023-05-10 22:44:16,j2403,j2403,2106.0,0.0,0.0,0.0,2,2063.5,2085.5,1,2106.0,0.0,0.0,0.0,0.0,0.0,10
2023-05-10 22:44:53,j2403,j2403,2106.0,0.0,0.0,0.0,1,2063.5,2085.5,1,2106.0,0.0,0.0,0.0,0.0,0.0,10
2023-05-10 22:45:14,j2403,j2403,2106.0,0.0,0.0,0.0,1,2064.0,2085.5,1,2106.0,0.0,0.0,0.0,0.0,0.0,10
2023-05-10 22:45:15,j2403,j2403,2106.0,0.0,0.0,0.0,1,2065.0,2085.5,1,2106.0,0.0,0.0,0.0,0.0,0.0,10
2023-05-10 22:45:16,j2403,j2403,2106.0,0.0,0.0,0.0,2,2065.0,2085.5,1,2106.0,0.0,0.0,0.0,0.0,0.0,10
2023-05-10 22:45:57,j2403,j2403,2106.0,0.0,0.0,0.0,1,2065.0,2085.5,1,2106.0,0.0,0.0,0.0,0.0,0.0,10
2023-05-10 22:45:58,j2403,j2403,2106.0,0.0,0.0,0.0,2,2065.0,2085.5,1,2106.0,0.0,0.0,0.0,0.0,0.0,10
2023-05-10 22:46:03,j2403,j2403,2106.0,0.0,0.0,0.0,1,2065.0,2085.5,1,2106.0,0.0,0.0,0.0,0.0,0.0,10
2023-05-10 22:46:05,j2403,j2403,2106.0,0.0,0.0,0.0,2,2065.0,2085.5,1,2106.0,0.0,0.0,0.0,0.0,0.0,10
2023-05-10 22:47:08,j2403,j2403,2106.0,0.0,0.0,0.0,1,2065.0,2085.5,1,2106.0,0.0,0.0,0.0,0.0,0.0,10
2023-05-10 22:47:12,j2403,j2403,2106.0,0.0,0.0,0.0,1,2065.0,2146.0,1,2106.0,0.0,0.0,0.0,0.0,0.0,10
2023-05-10 22:47:13,j2403,j2403,2106.0,0.0,0.0,0.0,1,2065.0,2092.5,1,2106.0,0.0,0.0,0.0,0.0,0.0,10
2023-05-10 22:47:13,j2403,j2403,2106.0,0.0,0.0,0.0,1,2065.0,2090.0,1,2106.0,0.0,0.0,0.0,0.0,0.0,10
2023-05-10 22:47:21,j2403,j2403,2106.0,0.0,0.0,0.0,2,2065.0,2090.0,1,2106.0,0.0,0.0,0.0,0.0,0.0,10
2023-05-10 22:47:36,j2403,j2403,2106.0,0.0,0.0,0.0,1,2065.0,2090.0,1,2106.0,0.0,0.0,0.0,0.0,0.0,10
2023-05-10 22:47:51,j2403,j2403,2106.0,0.0,0.0,0.0,1,2065.0,2089.5,1,2106.0,0.0,0.0,0.0,0.0,0.0,10
2023-05-10 22:47:51,j2403,j2403,2106.0,0.0,0.0,0.0,2,2065.0,2087.0,1,2106.0,0.0,0.0,0.0,0.0,0.0,10
2023-05-10 22:48:01,j2403,j2403,2106.0,0.0,0.0,0.0,1,2065.0,2087.0,1,2106.0,0.0,0.0,0.0,0.0,0.0,10
2023-05-10 22:48:34,j2403,j2403,2106.0,0.0,0.0,0.0,1,2065.0,2086.5,1,2106.0,0.0,0.0,0.0,0.0,0.0,10
2023-05-10 22:51:52,j2403,j2403,2106.0,0.0,0.0,0.0,1,2065.5,2086.5,1,2106.0,0.0,0.0,0.0,0.0,0.0,10
2023-05-10 22:51:53,j2403,j2403,2106.0,0.0,0.0,0.0,1,2066.5,2086.5,1,2106.0,0.0,0.0,0.0,0.0,0.0,10
2023-05-10 22:51:59,j2403,j2403,2106.0,0.0,0.0,0.0,2,2066.5,2086.5,1,2106.0,0.0,0.0,0.0,0.0,0.0,10
2023-05-10 22:52:17,j2403,j2403,2106.0,0.0,0.0,0.0,1,2066.5,2086.5,1,2106.0,0.0,0.0,0.0,0.0,0.0,10
2023-05-10 22:52:17,j2403,j2403,2106.0,0.0,0.0,0.0,2,2066.5,2086.5,1,2106.0,0.0,0.0,0.0,0.0,0.0,10
2023-05-10 22:53:34,j2403,j2403,2106.0,0.0,0.0,0.0,2,2066.5,2146.0,1,2106.0,0.0,0.0,0.0,0.0,0.0,10
2023-05-10 22:53:34,j2403,j2403,2106.0,0.0,0.0,0.0,2,2066.5,2099.5,1,2106.0,0.0,0.0,0.0,0.0,0.0,10
2023-05-10 22:53:35,j2403,j2403,2106.0,0.0,0.0,0.0,2,2066.5,2097.0,1,2106.0,0.0,0.0,0.0,0.0,0.0,10
2023-05-10 22:53:54,j2403,j2403,2106.0,0.0,0.0,0.0,1,2069.0,2097.0,1,2106.0,0.0,0.0,0.0,0.0,0.0,10
2023-05-10 22:53:55,j2403,j2403,2106.0,0.0,0.0,0.0,1,2071.5,2097.0,1,2106.0,0.0,0.0,0.0,0.0,0.0,10
2023-05-10 22:53:56,j2403,j2403,2106.0,0.0,0.0,0.0,1,2072.5,2097.0,1,2106.0,0.0,0.0,0.0,0.0,0.0,10
2023-05-10 22:54:15,j2403,j2403,2106.0,0.0,0.0,0.0,1,2072.5,2096.5,1,2106.0,0.0,0.0,0.0,0.0,0.0,10
2023-05-10 22:54:16,j2403,j2403,2106.0,0.0,0.0,0.0,1,2072.5,2094.0,1,2106.0,0.0,0.0,0.0,0.0,0.0,10
2023-05-10 22:54:24,j2403,j2403,2106.0,0.0,0.0,0.0,1,2072.5,2096.5,1,2106.0,0.0,0.0,0.0,0.0,0.0,10
2023-05-10 22:54:54,j2403,j2403,2106.0,0.0,0.0,0.0,1,2073.0,2096.5,1,2106.0,0.0,0.0,0.0,0.0,0.0,10
2023-05-10 22:54:55,j2403,j2403,2106.0,0.0,0.0,0.0,1,2074.0,2096.5,1,2106.0,0.0,0.0,0.0,0.0,0.0,10
2023-05-10 22:56:47,j2403,j2403,2106.0,0.0,0.0,0.0,1,2074.0,2094.0,1,2106.0,0.0,0.0,0.0,0.0,0.0,10
2023-05-10 22:56:55,j2403,j2403,2106.0,0.0,0.0,0.0,1,2018.5,2094.0,1,2106.0,0.0,0.0,0.0,0.0,0.0,10
2023-05-10 22:56:55,j2403,j2403,2106.0,0.0,0.0,0.0,1,2069.5,2094.0,1,2106.0,0.0,0.0,0.0,0.0,0.0,10
2023-05-10 22:56:56,j2403,j2403,2106.0,0.0,0.0,0.0,1,2071.5,2094.0,1,2106.0,0.0,0.0,0.0,0.0,0.0,10
2023-05-10 22:57:02,j2403,j2403,2106.0,0.0,0.0,0.0,1,2071.5,2096.5,1,2106.0,0.0,0.0,0.0,0.0,0.0,10
2023-05-10 22:57:08,j2403,j2403,2106.0,0.0,0.0,0.0,1,2071.5,2094.0,1,2106.0,0.0,0.0,0.0,0.0,0.0,10
2023-05-10 22:57:35,j2403,j2403,2106.0,0.0,0.0,0.0,4,2019.0,2094.0,1,2106.0,0.0,0.0,0.0,0.0,0.0,10
2023-05-10 22:57:35,j2403,j2403,2106.0,0.0,0.0,0.0,1,2067.5,2094.0,1,2106.0,0.0,0.0,0.0,0.0,0.0,10
2023-05-10 22:57:36,j2403,j2403,2106.0,0.0,0.0,0.0,1,2068.5,2094.0,1,2106.0,0.0,0.0,0.0,0.0,0.0,10
2023-05-10 22:57:52,j2403,j2403,2106.0,0.0,0.0,0.0,1,2068.5,2093.5,1,2106.0,0.0,0.0,0.0,0.0,0.0,10
2023-05-10 22:57:52,j2403,j2403,2106.0,0.0,0.0,0.0,1,2068.5,2091.0,1,2106.0,0.0,0.0,0.0,0.0,0.0,10
2023-05-10 22:58:05,j2403,j2403,2106.0,0.0,0.0,0.0,1,2068.5,2093.5,1,2106.0,0.0,0.0,0.0,0.0,0.0,10
2023-05-10 22:58:06,j2403,j2403,2106.0,0.0,0.0,0.0,1,2068.5,2091.0,1,2106.0,0.0,0.0,0.0,0.0,0.0,10
2023-05-10 22:58:12,j2403,j2403,2106.0,0.0,0.0,0.0,1,2068.5,2093.5,1,2106.0,0.0,0.0,0.0,0.0,0.0,10
2023-05-10 22:58:27,j2403,j2403,2106.0,0.0,0.0,0.0,1,2068.5,2091.0,1,2106.0,0.0,0.0,0.0,0.0,0.0,10
2023-05-10 22:58:30,j2403,j2403,2106.0,0.0,0.0,0.0,1,2068.5,2093.5,1,2106.0,0.0,0.0,0.0,0.0,0.0,10
2023-05-10 22:58:40,j2403,j2403,2106.0,0.0,0.0,0.0,1,2068.5,2091.0,1,2106.0,0.0,0.0,0.0,0.0,0.0,10
2023-05-10 22:59:30,j2403,j2403,2106.0,0.0,0.0,0.0,1,2021.5,2091.0,1,2106.0,0.0,0.0,0.0,0.0,0.0,10
2023-05-10 22:59:31,j2403,j2403,2106.0,0.0,0.0,0.0,1,2066.0,2091.0,1,2106.0,0.0,0.0,0.0,0.0,0.0,10
2023-05-10 22:59:32,j2403,j2403,2106.0,0.0,0.0,0.0,1,2021.5,2091.0,1,2106.0,0.0,0.0,0.0,0.0,0.0,10
2023-05-10 22:59:32,j2403,j2403,2106.0,0.0,0.0,0.0,1,2063.0,2091.0,1,2106.0,0.0,0.0,0.0,0.0,0.0,10
2023-05-10 22:59:35,j2403,j2403,2106.0,0.0,0.0,0.0,1,2063.0,2146.0,1,2106.0,0.0,0.0,0.0,0.0,0.0,10
2023-05-10 22:59:35,j2403,j2403,2106.0,0.0,0.0,0.0,1,2063.0,2095.0,1,2106.0,0.0,0.0,0.0,0.0,0.0,10
2023-05-10 22:59:53,j2403,j2403,2106.0,0.0,0.0,0.0,1,1882.5,2266.5,1,2106.0,0.0,0.0,0.0,0.0,0.0,10
2023-05-10 22:59:54,j2403,j2403,2106.0,0.0,0.0,0.0,0,0.0,0.0,0,2106.0,0.0,0.0,0.0,0.0,0.0,10
2023-05-11 09:00:00,j2403,j2403,2106.0,0.0,0.0,0.0,1,1790.5,2421.5,1,2106.0,0.0,0.0,0.0,0.0,0.0,10
2023-05-11 09:00:02,j2403,j2403,2106.0,0.0,0.0,0.0,1,1791.5,2420.5,1,2106.0,0.0,0.0,0.0,0.0,0.0,10
2023-05-11 09:00:03,j2403,j2403,2106.0,0.0,0.0,0.0,1,1794.0,2418.0,1,2106.0,0.0,0.0,0.0,0.0,0.0,10
2023-05-11 09:00:04,j2403,j2403,2106.0,0.0,0.0,0.0,1,1795.0,2417.0,1,2106.0,0.0,0.0,0.0,0.0,0.0,10
2023-05-11 09:00:05,j2403,j2403,2106.0,0.0,0.0,0.0,1,1797.5,2414.5,1,2106.0,0.0,0.0,0.0,0.0,0.0,10
2023-05-11 09:00:06,j2403,j2403,2106.0,0.0,0.0,0.0,1,1798.5,2413.5,1,2106.0,0.0,0.0,0.0,0.0,0.0,10
2023-05-11 09:00:07,j2403,j2403,2106.0,0.0,0.0,0.0,1,1983.0,2157.0,1,2106.0,0.0,0.0,0.0,0.0,0.0,10
2023-05-11 09:00:07,j2403,j2403,2106.0,0.0,0.0,0.0,1,2062.5,2096.5,1,2106.0,0.0,0.0,0.0,0.0,0.0,10
2023-05-11 09:00:08,j2403,j2403,2106.0,0.0,0.0,0.0,1,2062.5,2094.0,1,2106.0,0.0,0.0,0.0,0.0,0.0,10
2023-05-11 09:00:10,j2403,j2403,2106.0,0.0,0.0,0.0,1,2063.0,2094.0,1,2106.0,0.0,0.0,0.0,0.0,0.0,10
2023-05-11 09:00:11,j2403,j2403,2106.0,0.0,0.0,0.0,1,2063.5,2094.0,1,2106.0,0.0,0.0,0.0,0.0,0.0,10
2023-05-11 09:00:12,j2403,j2403,2106.0,0.0,0.0,0.0,1,2063.0,2094.0,1,2106.0,0.0,0.0,0.0,0.0,0.0,10
2023-05-11 09:00:13,j2403,j2403,2106.0,0.0,0.0,0.0,1,1995.5,2093.5,1,2106.0,0.0,0.0,0.0,0.0,0.0,10
2023-05-11 09:00:14,j2403,j2403,2106.0,0.0,0.0,0.0,1,2061.5,2091.0,1,2106.0,0.0,0.0,0.0,0.0,0.0,10
2023-05-11 09:00:17,j2403,j2403,2106.0,0.0,0.0,0.0,1,2062.0,2091.0,1,2106.0,0.0,0.0,0.0,0.0,0.0,10
2023-05-11 09:00:17,j2403,j2403,2106.0,0.0,0.0,0.0,1,2063.0,2091.0,1,2106.0,0.0,0.0,0.0,0.0,0.0,10
2023-05-11 09:00:20,j2403,j2403,2106.0,0.0,0.0,0.0,1,1998.0,2091.0,1,2106.0,0.0,0.0,0.0,0.0,0.0,10
2023-05-11 09:00:20,j2403,j2403,2106.0,0.0,0.0,0.0,1,2063.5,2091.0,1,2106.0,0.0,0.0,0.0,0.0,0.0,10
2023-05-11 09:00:22,j2403,j2403,2106.0,0.0,0.0,0.0,1,2065.5,2091.0,1,2106.0,0.0,0.0,0.0,0.0,0.0,10
2023-05-11 09:00:27,j2403,j2403,2106.0,0.0,0.0,0.0,2,2065.5,2091.0,1,2106.0,0.0,0.0,0.0,0.0,0.0,10
2023-05-11 09:00:30,j2403,j2403,2106.0,0.0,0.0,0.0,1,2065.5,2091.0,1,2106.0,0.0,0.0,0.0,0.0,0.0,10
2023-05-11 09:00:30,j2403,j2403,2106.0,0.0,0.0,0.0,1,2066.0,2091.0,1,2106.0,0.0,0.0,0.0,0.0,0.0,10
2023-05-11 09:00:31,j2403,j2403,2106.0,0.0,0.0,0.0,1,2067.0,2091.0,1,2106.0,0.0,0.0,0.0,0.0,0.0,10
2023-05-11 09:00:58,j2403,j2403,2106.0,0.0,0.0,0.0,1,2067.0,2090.5,1,2106.0,0.0,0.0,0.0,0.0,0.0,10
2023-05-11 09:01:07,j2403,j2403,2106.0,0.0,0.0,0.0,2,2067.0,2090.5,1,2106.0,0.0,0.0,0.0,0.0,0.0,10
2023-05-11 09:01:09,j2403,j2403,2106.0,0.0,0.0,0.0,3,2067.0,2090.5,1,2106.0,0.0,0.0,0.0,0.0,0.0,10
2023-05-11 09:01:13,j2403,j2403,2106.0,0.0,0.0,0.0,2,2067.0,2090.5,1,2106.0,0.0,0.0,0.0,0.0,0.0,10
2023-05-11 09:01:14,j2403,j2403,2106.0,0.0,0.0,0.0,1,2067.5,2090.5,1,2106.0,0.0,0.0,0.0,0.0,0.0,10
2023-05-11 09:01:14,j2403,j2403,2106.0,0.0,0.0,0.0,1,2069.5,2090.5,1,2106.0,0.0,0.0,0.0,0.0,0.0,10
2023-05-11 09:03:45,j2403,j2403,2106.0,0.0,0.0,0.0,1,1998.0,2090.5,1,2106.0,0.0,0.0,0.0,0.0,0.0,10
2023-05-11 09:03:46,j2403,j2403,2106.0,0.0,0.0,0.0,1,2065.5,2090.5,1,2106.0,0.0,0.0,0.0,0.0,0.0,10
2023-05-11 09:03:46,j2403,j2403,2106.0,0.0,0.0,0.0,1,2066.5,2090.5,1,2106.0,0.0,0.0,0.0,0.0,0.0,10
2023-05-11 09:03:52,j2403,j2403,2106.0,0.0,0.0,0.0,1,2066.5,2088.0,1,2106.0,0.0,0.0,0.0,0.0,0.0,10
2023-05-11 09:03:57,j2403,j2403,2106.0,0.0,0.0,0.0,1,1998.0,2088.0,1,2106.0,0.0,0.0,0.0,0.0,0.0,10
2023-05-11 09:03:58,j2403,j2403,2106.0,0.0,0.0,0.0,1,2062.5,2088.0,1,2106.0,0.0,0.0,0.0,0.0,0.0,10
2023-05-11 09:03:58,j2403,j2403,2106.0,0.0,0.0,0.0,1,2063.5,2088.0,1,2106.0,0.0,0.0,0.0,0.0,0.0,10
2023-05-11 09:04:01,j2403,j2403,2106.0,0.0,0.0,0.0,2,2063.5,2088.0,1,2106.0,0.0,0.0,0.0,0.0,0.0,10
2023-05-11 09:04:06,j2403,j2403,2106.0,0.0,0.0,0.0,1,2063.5,2090.5,1,2106.0,0.0,0.0,0.0,0.0,0.0,10
2023-05-11 09:04:06,j2403,j2403,2106.0,0.0,0.0,0.0,1,2064.0,2090.5,1,2106.0,0.0,0.0,0.0,0.0,0.0,10
2023-05-11 09:04:07,j2403,j2403,2106.0,0.0,0.0,0.0,1,2066.0,2090.5,1,2106.0,0.0,0.0,0.0,0.0,0.0,10
2023-05-11 09:04:12,j2403,j2403,2106.0,0.0,0.0,0.0,2,2066.0,2090.5,1,2106.0,0.0,0.0,0.0,0.0,0.0,10
2023-05-11 09:04:18,j2403,j2403,2106.0,0.0,0.0,0.0,1,2066.0,2090.5,1,2106.0,0.0,0.0,0.0,0.0,0.0,10
2023-05-11 09:04:20,j2403,j2403,2106.0,0.0,0.0,0.0,2,2066.0,2090.5,1,2106.0,0.0,0.0,0.0,0.0,0.0,10
2023-05-11 09:04:25,j2403,j2403,2106.0,0.0,0.0,0.0,1,2066.0,2090.5,1,2106.0,0.0,0.0,0.0,0.0,0.0,10
2023-05-11 09:04:50,j2403,j2403,2106.0,0.0,0.0,0.0,1,2066.0,2088.0,1,2106.0,0.0,0.0,0.0,0.0,0.0,10
2023-05-11 09:05:10,j2403,j2403,2106.0,0.0,0.0,0.0,1,2066.0,2090.5,1,2106.0,0.0,0.0,0.0,0.0,0.0,10
2023-05-11 09:05:11,j2403,j2403,2106.0,0.0,0.0,0.0,1,2066.0,2088.0,1,2106.0,0.0,0.0,0.0,0.0,0.0,10
2023-05-11 09:05:29,j2403,j2403,2106.0,0.0,0.0,0.0,1,2066.0,2090.5,1,2106.0,0.0,0.0,0.0,0.0,0.0,10
2023-05-11 09:05:30,j2403,j2403,2106.0,0.0,0.0,0.0,1,2066.0,2088.0,1,2106.0,0.0,0.0,0.0,0.0,0.0,10
2023-05-11 09:05:33,j2403,j2403,2106.0,0.0,0.0,0.0,1,2066.0,2090.5,1,2106.0,0.0,0.0,0.0,0.0,0.0,10
2023-05-11 09:05:34,j2403,j2403,2106.0,0.0,0.0,0.0,1,2066.0,2088.0,1,2106.0,0.0,0.0,0.0,0.0,0.0,10
2023-05-11 09:05:37,j2403,j2403,2106.0,0.0,0.0,0.0,1,2066.0,2090.5,1,2106.0,0.0,0.0,0.0,0.0,0.0,10
2023-05-11 09:05:38,j2403,j2403,2106.0,0.0,0.0,0.0,1,2066.0,2088.0,1,2106.0,0.0,0.0,0.0,0.0,0.0,10
2023-05-11 09:06:00,j2403,j2403,2106.0,0.0,0.0,0.0,1,2066.0,2087.5,1,2106.0,0.0,0.0,0.0,0.0,0.0,10
2023-05-11 09:06:14,j2403,j2403,2106.0,0.0,0.0,0.0,4,1998.5,2087.5,1,2106.0,0.0,0.0,0.0,0.0,0.0,10
2023-05-11 09:06:15,j2403,j2403,2106.0,0.0,0.0,0.0,1,2061.0,2085.0,1,2106.0,0.0,0.0,0.0,0.0,0.0,10
2023-05-11 09:06:15,j2403,j2403,2106.0,0.0,0.0,0.0,1,2062.0,2085.0,1,2106.0,0.0,0.0,0.0,0.0,0.0,10
2023-05-11 09:06:23,j2403,j2403,2106.0,0.0,0.0,0.0,1,2001.0,2085.0,1,2106.0,0.0,0.0,0.0,0.0,0.0,10
2023-05-11 09:06:24,j2403,j2403,2106.0,0.0,0.0,0.0,1,2054.5,2085.0,1,2106.0,0.0,0.0,0.0,0.0,0.0,10
2023-05-11 09:06:24,j2403,j2403,2106.0,0.0,0.0,0.0,1,2056.5,2085.0,1,2106.0,0.0,0.0,0.0,0.0,0.0,10
2023-05-11 09:06:27,j2403,j2403,2106.0,0.0,0.0,0.0,1,2057.0,2085.0,1,2106.0,0.0,0.0,0.0,0.0,0.0,10
2023-05-11 09:06:28,j2403,j2403,2106.0,0.0,0.0,0.0,1,2059.0,2085.0,1,2106.0,0.0,0.0,0.0,0.0,0.0,10
2023-05-11 09:06:35,j2403,j2403,2106.0,0.0,0.0,0.0,2,2059.0,2085.0,1,2106.0,0.0,0.0,0.0,0.0,0.0,10
2023-05-11 09:06:37,j2403,j2403,2106.0,0.0,0.0,0.0,3,2059.0,2085.0,1,2106.0,0.0,0.0,0.0,0.0,0.0,10
2023-05-11 09:06:37,j2403,j2403,2106.0,0.0,0.0,0.0,2,2059.0,2085.0,1,2106.0,0.0,0.0,0.0,0.0,0.0,10
2023-05-11 09:06:38,j2403,j2403,2106.0,0.0,0.0,0.0,1,2059.5,2085.0,1,2106.0,0.0,0.0,0.0,0.0,0.0,10
2023-05-11 09:06:38,j2403,j2403,2106.0,0.0,0.0,0.0,1,2060.5,2085.0,1,2106.0,0.0,0.0,0.0,0.0,0.0,10
2023-05-11 09:06:57,j2403,j2403,2106.0,0.0,0.0,0.0,1,2060.5,2085.0,2,2106.0,0.0,0.0,0.0,0.0,0.0,10
2023-05-11 09:06:58,j2403,j2403,2106.0,0.0,0.0,0.0,1,2060.5,2085.0,1,2106.0,0.0,0.0,0.0,0.0,0.0,10
2023-05-11 09:06:59,j2403,j2403,2106.0,0.0,0.0,0.0,1,2060.5,2084.5,1,2106.0,0.0,0.0,0.0,0.0,0.0,10
2023-05-11 09:06:59,j2403,j2403,2106.0,0.0,0.0,0.0,1,2060.5,2082.0,1,2106.0,0.0,0.0,0.0,0.0,0.0,10
2023-05-11 09:07:05,j2403,j2403,2106.0,0.0,0.0,0.0,1,2001.0,2082.0,1,2106.0,0.0,0.0,0.0,0.0,0.0,10
2023-05-11 09:07:05,j2403,j2403,2106.0,0.0,0.0,0.0,1,2047.0,2082.0,1,2106.0,0.0,0.0,0.0,0.0,0.0,10
2023-05-11 09:07:06,j2403,j2403,2106.0,0.0,0.0,0.0,1,2049.5,2082.0,1,2106.0,0.0,0.0,0.0,0.0,0.0,10
2023-05-11 09:07:06,j2403,j2403,2106.0,0.0,0.0,0.0,1,2051.5,2082.0,2,2106.0,0.0,0.0,0.0,0.0,0.0,10
2023-05-11 09:07:25,j2403,j2403,2106.0,0.0,0.0,0.0,1,2051.5,2081.5,1,2106.0,0.0,0.0,0.0,0.0,0.0,10
2023-05-11 09:07:26,j2403,j2403,2106.0,0.0,0.0,0.0,2,2051.5,2079.0,1,2106.0,0.0,0.0,0.0,0.0,0.0,10
2023-05-11 09:07:35,j2403,j2403,2106.0,0.0,0.0,0.0,1,2051.5,2079.0,1,2106.0,0.0,0.0,0.0,0.0,0.0,10
2023-05-11 09:07:35,j2403,j2403,2106.0,0.0,0.0,0.0,2,2051.5,2079.0,1,2106.0,0.0,0.0,0.0,0.0,0.0,10
2023-05-11 09:07:47,j2403,j2403,2106.0,0.0,0.0,0.0,3,2051.5,2079.0,1,2106.0,0.0,0.0,0.0,0.0,0.0,10
2023-05-11 09:07:48,j2403,j2403,2106.0,0.0,0.0,0.0,2,2051.5,2079.0,1,2106.0,0.0,0.0,0.0,0.0,0.0,10
2023-05-11 09:07:48,j2403,j2403,2106.0,0.0,0.0,0.0,1,2052.0,2079.0,1,2106.0,0.0,0.0,0.0,0.0,0.0,10
2023-05-11 09:07:49,j2403,j2403,2106.0,0.0,0.0,0.0,1,2054.0,2079.0,1,2106.0,0.0,0.0,0.0,0.0,0.0,10
2023-05-11 09:08:01,j2403,j2403,2106.0,0.0,0.0,0.0,1,2054.0,2081.5,1,2106.0,0.0,0.0,0.0,0.0,0.0,10
2023-05-11 09:08:05,j2403,j2403,2106.0,0.0,0.0,0.0,2,2054.0,2081.5,1,2106.0,0.0,0.0,0.0,0.0,0.0,10
2023-05-11 09:08:07,j2403,j2403,2106.0,0.0,0.0,0.0,1,2054.0,2081.5,1,2106.0,0.0,0.0,0.0,0.0,0.0,10
2023-05-11 09:08:08,j2403,j2403,2106.0,0.0,0.0,0.0,1,2054.5,2081.5,1,2106.0,0.0,0.0,0.0,0.0,0.0,10
2023-05-11 09:08:08,j2403,j2403,2106.0,0.0,0.0,0.0,1,2056.5,2081.5,1,2106.0,0.0,0.0,0.0,0.0,0.0,10
2023-05-11 09:08:13,j2403,j2403,2106.0,0.0,0.0,0.0,1,2056.5,2079.0,1,2106.0,0.0,0.0,0.0,0.0,0.0,10
2023-05-11 09:08:15,j2403,j2403,2106.0,0.0,0.0,0.0,1,2056.5,2081.5,1,2106.0,0.0,0.0,0.0,0.0,0.0,10
2023-05-11 09:08:16,j2403,j2403,2106.0,0.0,0.0,0.0,1,2056.5,2079.0,1,2106.0,0.0,0.0,0.0,0.0,0.0,10
2023-05-11 09:08:21,j2403,j2403,2106.0,0.0,0.0,0.0,1,2056.5,2081.5,1,2106.0,0.0,0.0,0.0,0.0,0.0,10
2023-05-11 09:08:24,j2403,j2403,2106.0,0.0,0.0,0.0,1,2056.5,2079.0,1,2106.0,0.0,0.0,0.0,0.0,0.0,10
2023-05-11 09:08:30,j2403,j2403,2106.0,0.0,0.0,0.0,1,2056.5,2081.5,1,2106.0,0.0,0.0,0.0,0.0,0.0,10
2023-05-11 09:09:09,j2403,j2403,2106.0,0.0,0.0,0.0,1,2056.5,2079.0,1,2106.0,0.0,0.0,0.0,0.0,0.0,10
2023-05-11 09:09:47,j2403,j2403,2106.0,0.0,0.0,0.0,1,2049.5,2079.0,1,2106.0,0.0,0.0,0.0,0.0,0.0,10
2023-05-11 09:09:48,j2403,j2403,2106.0,0.0,0.0,0.0,1,2051.5,2079.0,1,2106.0,0.0,0.0,0.0,0.0,0.0,10
2023-05-11 09:09:50,j2403,j2403,2106.0,0.0,0.0,0.0,2,2051.5,2079.0,1,2106.0,0.0,0.0,0.0,0.0,0.0,10
2023-05-11 09:09:52,j2403,j2403,2106.0,0.0,0.0,0.0,1,2051.5,2079.0,1,2106.0,0.0,0.0,0.0,0.0,0.0,10
2023-05-11 09:09:53,j2403,j2403,2106.0,0.0,0.0,0.0,1,2051.5,2079.0,2,2106.0,0.0,0.0,0.0,0.0,0.0,10
2023-05-11 09:09:53,j2403,j2403,2106.0,0.0,0.0,0.0,1,2051.5,2079.0,1,2106.0,0.0,0.0,0.0,0.0,0.0,10
2023-05-11 09:10:03,j2403,j2403,2106.0,0.0,0.0,0.0,2,2051.5,2079.0,1,2106.0,0.0,0.0,0.0,0.0,0.0,10
2023-05-11 09:10:04,j2403,j2403,2106.0,0.0,0.0,0.0,1,2051.5,2079.0,1,2106.0,0.0,0.0,0.0,0.0,0.0,10
2023-05-11 09:10:04,j2403,j2403,2106.0,0.0,0.0,0.0,1,2052.0,2079.0,1,2106.0,0.0,0.0,0.0,0.0,0.0,10
