time,symbol_id,symbol_name,last,trade_volume,trade_amount,open_interest_change,bv1,bp1,ap1,av1,yesterday_close,today_open,today_high,today_low,volume,amount,open_interest
2023-05-10 20:58:38,jm2404,jm2404,1379.0,0.0,0.0,0.0,1,1300.0,0.0,0,1379.0,0.0,0.0,0.0,0.0,0.0,14
2023-05-10 21:00:00,jm2404,jm2404,1379.0,0.0,0.0,0.0,1,1350.0,0.0,0,1379.0,0.0,0.0,0.0,0.0,0.0,14
2023-05-10 21:00:02,jm2404,jm2404,1379.0,0.0,0.0,0.0,1,1350.5,0.0,0,1379.0,0.0,0.0,0.0,0.0,0.0,14
2023-05-10 21:00:02,jm2404,jm2404,1379.0,0.0,0.0,0.0,1,1355.0,0.0,0,1379.0,0.0,0.0,0.0,0.0,0.0,14
2023-05-10 21:00:03,jm2404,jm2404,1379.0,0.0,0.0,0.0,1,1355.0,1594.0,2,1379.0,0.0,0.0,0.0,0.0,0.0,14
2023-05-10 21:00:03,jm2404,jm2404,1379.0,0.0,0.0,0.0,1,1355.0,1437.5,1,1379.0,0.0,0.0,0.0,0.0,0.0,14
2023-05-10 21:00:06,jm2404,jm2404,1379.0,0.0,0.0,0.0,1,1355.5,1437.5,1,1379.0,0.0,0.0,0.0,0.0,0.0,14
2023-05-10 21:00:07,jm2404,jm2404,1379.0,0.0,0.0,0.0,1,1357.0,1437.5,1,1379.0,0.0,0.0,0.0,0.0,0.0,14
2023-05-10 21:00:11,jm2404,jm2404,1379.0,0.0,0.0,0.0,1,1357.5,1437.5,1,1379.0,0.0,0.0,0.0,0.0,0.0,14
2023-05-10 21:00:12,jm2404,jm2404,1379.0,0.0,0.0,0.0,1,1359.5,1437.5,1,1379.0,0.0,0.0,0.0,0.0,0.0,14
2023-05-10 21:00:17,jm2404,jm2404,1379.0,0.0,0.0,0.0,2,1359.5,1437.5,1,1379.0,0.0,0.0,0.0,0.0,0.0,14
2023-05-10 21:00:20,jm2404,jm2404,1379.0,0.0,0.0,0.0,1,1359.5,1437.0,2,1379.0,0.0,0.0,0.0,0.0,0.0,14
2023-05-10 21:00:20,jm2404,jm2404,1379.0,0.0,0.0,0.0,1,1360.0,1435.0,1,1379.0,0.0,0.0,0.0,0.0,0.0,14
2023-05-10 21:00:21,jm2404,jm2404,1379.0,0.0,0.0,0.0,1,1362.0,1435.0,1,1379.0,0.0,0.0,0.0,0.0,0.0,14
2023-05-10 21:01:01,jm2404,jm2404,1379.0,0.0,0.0,0.0,1,1325.5,1435.0,1,1379.0,0.0,0.0,0.0,0.0,0.0,14
2023-05-10 21:01:02,jm2404,jm2404,1379.0,0.0,0.0,0.0,1,1351.5,1435.0,1,1379.0,0.0,0.0,0.0,0.0,0.0,14
2023-05-10 21:01:07,jm2404,jm2404,1379.0,0.0,0.0,0.0,1,1352.0,1435.0,1,1379.0,0.0,0.0,0.0,0.0,0.0,14
2023-05-10 21:01:07,jm2404,jm2404,1379.0,0.0,0.0,0.0,1,1353.0,1435.0,1,1379.0,0.0,0.0,0.0,0.0,0.0,14
2023-05-10 21:01:10,jm2404,jm2404,1379.0,0.0,0.0,0.0,1,1353.5,1435.0,1,1379.0,0.0,0.0,0.0,0.0,0.0,14
2023-05-10 21:01:10,jm2404,jm2404,1379.0,0.0,0.0,0.0,1,1355.5,1435.0,1,1379.0,0.0,0.0,0.0,0.0,0.0,14
2023-05-10 21:01:15,jm2404,jm2404,1379.0,0.0,0.0,0.0,1,1356.0,1435.0,1,1379.0,0.0,0.0,0.0,0.0,0.0,14
2023-05-10 21:01:16,jm2404,jm2404,1379.0,0.0,0.0,0.0,1,1358.0,1435.0,1,1379.0,0.0,0.0,0.0,0.0,0.0,14
2023-05-10 21:01:18,jm2404,jm2404,1379.0,0.0,0.0,0.0,1,1358.5,1435.0,1,1379.0,0.0,0.0,0.0,0.0,0.0,14
2023-05-10 21:01:19,jm2404,jm2404,1379.0,0.0,0.0,0.0,1,1360.5,1435.0,1,1379.0,0.0,0.0,0.0,0.0,0.0,14
2023-05-10 21:01:22,jm2404,jm2404,1379.0,0.0,0.0,0.0,2,1360.5,1435.0,1,1379.0,0.0,0.0,0.0,0.0,0.0,14
2023-05-10 21:01:25,jm2404,jm2404,1379.0,0.0,0.0,0.0,1,1360.5,1435.0,1,1379.0,0.0,0.0,0.0,0.0,0.0,14
2023-05-10 21:01:30,jm2404,jm2404,1379.0,0.0,0.0,0.0,2,1360.5,1435.0,1,1379.0,0.0,0.0,0.0,0.0,0.0,14
2023-05-10 21:01:33,jm2404,jm2404,1379.0,0.0,0.0,0.0,1,1360.5,1435.0,1,1379.0,0.0,0.0,0.0,0.0,0.0,14
2023-05-10 21:01:37,jm2404,jm2404,1379.0,0.0,0.0,0.0,2,1360.5,1435.0,1,1379.0,0.0,0.0,0.0,0.0,0.0,14
2023-05-10 21:01:40,jm2404,jm2404,1379.0,0.0,0.0,0.0,1,1360.5,1435.0,1,1379.0,0.0,0.0,0.0,0.0,0.0,14
2023-05-10 21:01:40,jm2404,jm2404,1379.0,0.0,0.0,0.0,1,1361.0,1435.0,1,1379.0,0.0,0.0,0.0,0.0,0.0,14
2023-05-10 21:01:41,jm2404,jm2404,1379.0,0.0,0.0,0.0,1,1363.0,1435.0,1,1379.0,0.0,0.0,0.0,0.0,0.0,14
2023-05-10 21:01:48,jm2404,jm2404,1379.0,0.0,0.0,0.0,1,1363.0,1434.5,2,1379.0,0.0,0.0,0.0,0.0,0.0,14
2023-05-10 21:01:49,jm2404,jm2404,1379.0,0.0,0.0,0.0,1,1363.0,1432.5,1,1379.0,0.0,0.0,0.0,0.0,0.0,14
2023-05-10 21:01:57,jm2404,jm2404,1379.0,0.0,0.0,0.0,1,1363.5,1432.5,1,1379.0,0.0,0.0,0.0,0.0,0.0,14
2023-05-10 21:01:58,jm2404,jm2404,1379.0,0.0,0.0,0.0,1,1364.5,1432.5,1,1379.0,0.0,0.0,0.0,0.0,0.0,14
2023-05-10 21:02:14,jm2404,jm2404,1379.0,0.0,0.0,0.0,1,1365.0,1432.5,1,1379.0,0.0,0.0,0.0,0.0,0.0,14
2023-05-10 21:02:15,jm2404,jm2404,1379.0,0.0,0.0,0.0,1,1366.0,1432.5,1,1379.0,0.0,0.0,0.0,0.0,0.0,14
2023-05-10 21:02:20,jm2404,jm2404,1379.0,0.0,0.0,0.0,2,1366.0,1432.5,1,1379.0,0.0,0.0,0.0,0.0,0.0,14
2023-05-10 21:02:26,jm2404,jm2404,1379.0,0.0,0.0,0.0,1,1366.0,1432.5,1,1379.0,0.0,0.0,0.0,0.0,0.0,14
2023-05-10 21:02:28,jm2404,jm2404,1379.0,0.0,0.0,0.0,1,1366.5,1432.5,1,1379.0,0.0,0.0,0.0,0.0,0.0,14
2023-05-10 21:02:28,jm2404,jm2404,1379.0,0.0,0.0,0.0,1,1368.5,1432.5,1,1379.0,0.0,0.0,0.0,0.0,0.0,14
2023-05-10 21:02:31,jm2404,jm2404,1379.0,0.0,0.0,0.0,1,1368.5,1444.5,1,1379.0,0.0,0.0,0.0,0.0,0.0,14
2023-05-10 21:02:32,jm2404,jm2404,1379.0,0.0,0.0,0.0,1,1368.5,1443.0,1,1379.0,0.0,0.0,0.0,0.0,0.0,14
2023-05-10 21:02:32,jm2404,jm2404,1379.0,0.0,0.0,0.0,2,1369.0,1443.0,1,1379.0,0.0,0.0,0.0,0.0,0.0,14
2023-05-10 21:02:33,jm2404,jm2404,1379.0,0.0,0.0,0.0,1,1370.0,1443.0,1,1379.0,0.0,0.0,0.0,0.0,0.0,14
2023-05-10 21:03:01,jm2404,jm2404,1379.0,0.0,0.0,0.0,2,1370.0,1443.0,1,1379.0,0.0,0.0,0.0,0.0,0.0,14
2023-05-10 21:03:04,jm2404,jm2404,1379.0,0.0,0.0,0.0,1,1370.0,1443.0,1,1379.0,0.0,0.0,0.0,0.0,0.0,14
2023-05-10 21:03:05,jm2404,jm2404,1379.0,0.0,0.0,0.0,1,1325.5,1443.0,1,1379.0,0.0,0.0,0.0,0.0,0.0,14
2023-05-10 21:03:06,jm2404,jm2404,1379.0,0.0,0.0,0.0,1,1361.5,1443.0,1,1379.0,0.0,0.0,0.0,0.0,0.0,14
2023-05-10 21:03:09,jm2404,jm2404,1379.0,0.0,0.0,0.0,1,1362.0,1443.0,1,1379.0,0.0,0.0,0.0,0.0,0.0,14
2023-05-10 21:03:09,jm2404,jm2404,1379.0,0.0,0.0,0.0,1,1364.0,1443.0,1,1379.0,0.0,0.0,0.0,0.0,0.0,14
2023-05-10 21:03:12,jm2404,jm2404,1379.0,0.0,0.0,0.0,1,1364.5,1443.0,1,1379.0,0.0,0.0,0.0,0.0,0.0,14
2023-05-10 21:03:13,jm2404,jm2404,1379.0,0.0,0.0,0.0,1,1366.5,1443.0,1,1379.0,0.0,0.0,0.0,0.0,0.0,14
2023-05-10 21:03:16,jm2404,jm2404,1379.0,0.0,0.0,0.0,1,1367.0,1443.0,1,1379.0,0.0,0.0,0.0,0.0,0.0,14
2023-05-10 21:03:17,jm2404,jm2404,1379.0,0.0,0.0,0.0,1,1369.0,1442.5,2,1379.0,0.0,0.0,0.0,0.0,0.0,14
2023-05-10 21:03:17,jm2404,jm2404,1379.0,0.0,0.0,0.0,1,1369.0,1440.5,1,1379.0,0.0,0.0,0.0,0.0,0.0,14
2023-05-10 21:04:00,jm2404,jm2404,1379.0,0.0,0.0,0.0,1,1369.0,1440.0,2,1379.0,0.0,0.0,0.0,0.0,0.0,14
2023-05-10 21:04:01,jm2404,jm2404,1379.0,0.0,0.0,0.0,1,1369.0,1438.0,1,1379.0,0.0,0.0,0.0,0.0,0.0,14
2023-05-10 21:04:45,jm2404,jm2404,1379.0,0.0,0.0,0.0,1,1369.0,1437.5,2,1379.0,0.0,0.0,0.0,0.0,0.0,14
2023-05-10 21:04:45,jm2404,jm2404,1379.0,0.0,0.0,0.0,1,1369.0,1435.5,1,1379.0,0.0,0.0,0.0,0.0,0.0,14
2023-05-10 21:05:29,jm2404,jm2404,1379.0,0.0,0.0,0.0,2,1369.5,1435.5,1,1379.0,0.0,0.0,0.0,0.0,0.0,14
2023-05-10 21:05:29,jm2404,jm2404,1379.0,0.0,0.0,0.0,1,1370.5,1435.5,1,1379.0,0.0,0.0,0.0,0.0,0.0,14
2023-05-10 21:05:58,jm2404,jm2404,1379.0,0.0,0.0,0.0,2,1369.5,1435.5,1,1379.0,0.0,0.0,0.0,0.0,0.0,14
2023-05-10 21:05:58,jm2404,jm2404,1379.0,0.0,0.0,0.0,1,1325.5,1435.5,1,1379.0,0.0,0.0,0.0,0.0,0.0,14
2023-05-10 21:05:59,jm2404,jm2404,1379.0,0.0,0.0,0.0,1,1359.5,1435.5,1,1379.0,0.0,0.0,0.0,0.0,0.0,14
2023-05-10 21:06:02,jm2404,jm2404,1379.0,0.0,0.0,0.0,1,1360.0,1435.5,1,1379.0,0.0,0.0,0.0,0.0,0.0,14
2023-05-10 21:06:03,jm2404,jm2404,1379.0,0.0,0.0,0.0,1,1362.0,1435.5,1,1379.0,0.0,0.0,0.0,0.0,0.0,14
2023-05-10 21:06:05,jm2404,jm2404,1379.0,0.0,0.0,0.0,1,1362.5,1435.5,1,1379.0,0.0,0.0,0.0,0.0,0.0,14
2023-05-10 21:06:05,jm2404,jm2404,1379.0,0.0,0.0,0.0,1,1364.5,1435.5,1,1379.0,0.0,0.0,0.0,0.0,0.0,14
2023-05-10 21:06:08,jm2404,jm2404,1379.0,0.0,0.0,0.0,2,1364.5,1435.5,1,1379.0,0.0,0.0,0.0,0.0,0.0,14
2023-05-10 21:06:12,jm2404,jm2404,1379.0,0.0,0.0,0.0,1,1364.5,1435.5,1,1379.0,0.0,0.0,0.0,0.0,0.0,14
2023-05-10 21:06:15,jm2404,jm2404,1379.0,0.0,0.0,0.0,2,1365.0,1435.5,1,1379.0,0.0,0.0,0.0,0.0,0.0,14
2023-05-10 21:06:15,jm2404,jm2404,1379.0,0.0,0.0,0.0,1,1366.0,1435.5,1,1379.0,0.0,0.0,0.0,0.0,0.0,14
2023-05-10 21:07:02,jm2404,jm2404,1379.0,0.0,0.0,0.0,2,1366.5,1435.5,1,1379.0,0.0,0.0,0.0,0.0,0.0,14
2023-05-10 21:07:02,jm2404,jm2404,1379.0,0.0,0.0,0.0,1,1367.5,1435.5,1,1379.0,0.0,0.0,0.0,0.0,0.0,14
2023-05-10 21:07:45,jm2404,jm2404,1379.0,0.0,0.0,0.0,2,1368.0,1435.5,1,1379.0,0.0,0.0,0.0,0.0,0.0,14
2023-05-10 21:07:46,jm2404,jm2404,1379.0,0.0,0.0,0.0,1,1369.0,1435.5,1,1379.0,0.0,0.0,0.0,0.0,0.0,14
2023-05-10 21:08:30,jm2404,jm2404,1379.0,0.0,0.0,0.0,2,1369.5,1435.5,1,1379.0,0.0,0.0,0.0,0.0,0.0,14
2023-05-10 21:08:41,jm2404,jm2404,1379.0,0.0,0.0,0.0,1,1370.0,1435.5,1,1379.0,0.0,0.0,0.0,0.0,0.0,14
2023-05-10 21:08:47,jm2404,jm2404,1379.0,0.0,0.0,0.0,2,1369.5,1435.5,1,1379.0,0.0,0.0,0.0,0.0,0.0,14
2023-05-10 21:08:49,jm2404,jm2404,1379.0,0.0,0.0,0.0,1,1335.5,1435.5,1,1379.0,0.0,0.0,0.0,0.0,0.0,14
2023-05-10 21:08:50,jm2404,jm2404,1379.0,0.0,0.0,0.0,1,1358.5,1435.5,1,1379.0,0.0,0.0,0.0,0.0,0.0,14
2023-05-10 21:08:53,jm2404,jm2404,1379.0,0.0,0.0,0.0,1,1359.0,1435.5,1,1379.0,0.0,0.0,0.0,0.0,0.0,14
2023-05-10 21:08:53,jm2404,jm2404,1379.0,0.0,0.0,0.0,1,1361.0,1435.5,1,1379.0,0.0,0.0,0.0,0.0,0.0,14
2023-05-10 21:08:56,jm2404,jm2404,1379.0,0.0,0.0,0.0,1,1361.5,1435.5,1,1379.0,0.0,0.0,0.0,0.0,0.0,14
2023-05-10 21:08:57,jm2404,jm2404,1379.0,0.0,0.0,0.0,1,1363.5,1435.5,1,1379.0,0.0,0.0,0.0,0.0,0.0,14
2023-05-10 21:08:59,jm2404,jm2404,1379.0,0.0,0.0,0.0,2,1363.5,1435.5,1,1379.0,0.0,0.0,0.0,0.0,0.0,14
2023-05-10 21:09:08,jm2404,jm2404,1379.0,0.0,0.0,0.0,1,1363.5,1435.5,1,1379.0,0.0,0.0,0.0,0.0,0.0,14
2023-05-10 21:09:14,jm2404,jm2404,1379.0,0.0,0.0,0.0,2,1364.0,1435.5,1,1379.0,0.0,0.0,0.0,0.0,0.0,14
2023-05-10 21:09:14,jm2404,jm2404,1379.0,0.0,0.0,0.0,1,1365.0,1435.5,1,1379.0,0.0,0.0,0.0,0.0,0.0,14
2023-05-10 21:09:58,jm2404,jm2404,1379.0,0.0,0.0,0.0,1,1365.0,1435.0,2,1379.0,0.0,0.0,0.0,0.0,0.0,14
2023-05-10 21:09:59,jm2404,jm2404,1379.0,0.0,0.0,0.0,1,1365.0,1433.0,1,1379.0,0.0,0.0,0.0,0.0,0.0,14
2023-05-10 21:10:42,jm2404,jm2404,1379.0,0.0,0.0,0.0,1,1365.0,1432.5,2,1379.0,0.0,0.0,0.0,0.0,0.0,14
2023-05-10 21:10:42,jm2404,jm2404,1379.0,0.0,0.0,0.0,1,1365.0,1431.5,1,1379.0,0.0,0.0,0.0,0.0,0.0,14
2023-05-10 21:11:14,jm2404,jm2404,1379.0,0.0,0.0,0.0,1,1312.5,1431.5,1,1379.0,0.0,0.0,0.0,0.0,0.0,14
2023-05-10 21:11:15,jm2404,jm2404,1379.0,0.0,0.0,0.0,1,1354.0,1431.5,1,1379.0,0.0,0.0,0.0,0.0,0.0,14
2023-05-10 21:11:19,jm2404,jm2404,1379.0,0.0,0.0,0.0,1,1354.5,1431.5,1,1379.0,0.0,0.0,0.0,0.0,0.0,14
2023-05-10 21:11:20,jm2404,jm2404,1379.0,0.0,0.0,0.0,1,1356.5,1431.5,1,1379.0,0.0,0.0,0.0,0.0,0.0,14
2023-05-10 21:11:22,jm2404,jm2404,1379.0,0.0,0.0,0.0,1,1357.0,1431.5,1,1379.0,0.0,0.0,0.0,0.0,0.0,14
2023-05-10 21:11:23,jm2404,jm2404,1379.0,0.0,0.0,0.0,1,1359.0,1431.5,1,1379.0,0.0,0.0,0.0,0.0,0.0,14
2023-05-10 21:11:25,jm2404,jm2404,1379.0,0.0,0.0,0.0,2,1359.0,1431.5,1,1379.0,0.0,0.0,0.0,0.0,0.0,14
2023-05-10 21:11:26,jm2404,jm2404,1379.0,0.0,0.0,0.0,2,1359.0,1431.0,2,1379.0,0.0,0.0,0.0,0.0,0.0,14
2023-05-10 21:11:26,jm2404,jm2404,1379.0,0.0,0.0,0.0,2,1359.0,1429.0,1,1379.0,0.0,0.0,0.0,0.0,0.0,14
2023-05-10 21:11:29,jm2404,jm2404,1379.0,0.0,0.0,0.0,1,1359.0,1429.0,1,1379.0,0.0,0.0,0.0,0.0,0.0,14
2023-05-10 21:11:29,jm2404,jm2404,1379.0,0.0,0.0,0.0,1,1359.5,1429.0,1,1379.0,0.0,0.0,0.0,0.0,0.0,14
2023-05-10 21:11:30,jm2404,jm2404,1379.0,0.0,0.0,0.0,1,1361.5,1429.0,1,1379.0,0.0,0.0,0.0,0.0,0.0,14
2023-05-10 21:12:11,jm2404,jm2404,1379.0,0.0,0.0,0.0,1,1361.5,1428.5,2,1379.0,0.0,0.0,0.0,0.0,0.0,14
2023-05-10 21:12:12,jm2404,jm2404,1379.0,0.0,0.0,0.0,1,1361.5,1428.0,1,1379.0,0.0,0.0,0.0,0.0,0.0,14
2023-05-10 21:12:55,jm2404,jm2404,1379.0,0.0,0.0,0.0,1,1361.5,1427.5,2,1379.0,0.0,0.0,0.0,0.0,0.0,14
2023-05-10 21:12:56,jm2404,jm2404,1379.0,0.0,0.0,0.0,1,1361.5,1427.0,1,1379.0,0.0,0.0,0.0,0.0,0.0,14
2023-05-10 21:13:24,jm2404,jm2404,1379.0,0.0,0.0,0.0,1,1361.5,1427.5,2,1379.0,0.0,0.0,0.0,0.0,0.0,14
2023-05-10 21:13:25,jm2404,jm2404,1379.0,0.0,0.0,0.0,1,1361.5,1427.0,1,1379.0,0.0,0.0,0.0,0.0,0.0,14
2023-05-10 21:14:05,jm2404,jm2404,1379.0,0.0,0.0,0.0,1,1361.5,1444.5,1,1379.0,0.0,0.0,0.0,0.0,0.0,14
2023-05-10 21:14:05,jm2404,jm2404,1379.0,0.0,0.0,0.0,1,1361.5,1437.5,1,1379.0,0.0,0.0,0.0,0.0,0.0,14
2023-05-10 21:14:10,jm2404,jm2404,1379.0,0.0,0.0,0.0,2,1361.5,1437.5,1,1379.0,0.0,0.0,0.0,0.0,0.0,14
2023-05-10 21:14:12,jm2404,jm2404,1379.0,0.0,0.0,0.0,1,1361.5,1437.5,1,1379.0,0.0,0.0,0.0,0.0,0.0,14
2023-05-10 21:14:13,jm2404,jm2404,1379.0,0.0,0.0,0.0,1,1362.0,1437.5,1,1379.0,0.0,0.0,0.0,0.0,0.0,14
2023-05-10 21:14:13,jm2404,jm2404,1379.0,0.0,0.0,0.0,1,1364.0,1437.5,1,1379.0,0.0,0.0,0.0,0.0,0.0,14
2023-05-10 21:14:20,jm2404,jm2404,1379.0,0.0,0.0,0.0,1,1364.0,1437.0,2,1379.0,0.0,0.0,0.0,0.0,0.0,14
2023-05-10 21:14:20,jm2404,jm2404,1379.0,0.0,0.0,0.0,1,1364.0,1435.0,1,1379.0,0.0,0.0,0.0,0.0,0.0,14
2023-05-10 21:15:06,jm2404,jm2404,1379.0,0.0,0.0,0.0,1,1364.0,1434.5,2,1379.0,0.0,0.0,0.0,0.0,0.0,14
2023-05-10 21:15:06,jm2404,jm2404,1379.0,0.0,0.0,0.0,1,1364.0,1432.5,1,1379.0,0.0,0.0,0.0,0.0,0.0,14
2023-05-10 21:15:48,jm2404,jm2404,1379.0,0.0,0.0,0.0,1,1364.0,1432.0,2,1379.0,0.0,0.0,0.0,0.0,0.0,14
2023-05-10 21:15:49,jm2404,jm2404,1379.0,0.0,0.0,0.0,1,1364.0,1431.0,1,1379.0,0.0,0.0,0.0,0.0,0.0,14
2023-05-10 21:16:24,jm2404,jm2404,1379.0,0.0,0.0,0.0,1,1324.0,1431.0,1,1379.0,0.0,0.0,0.0,0.0,0.0,14
2023-05-10 21:16:25,jm2404,jm2404,1379.0,0.0,0.0,0.0,1,1353.0,1431.0,1,1379.0,0.0,0.0,0.0,0.0,0.0,14
2023-05-10 21:16:25,jm2404,jm2404,1379.0,0.0,0.0,0.0,1,1353.0,1427.0,2,1379.0,0.0,0.0,0.0,0.0,0.0,14
2023-05-10 21:16:26,jm2404,jm2404,1379.0,0.0,0.0,0.0,1,1353.0,1426.0,1,1379.0,0.0,0.0,0.0,0.0,0.0,14
2023-05-10 21:16:29,jm2404,jm2404,1379.0,0.0,0.0,0.0,1,1353.5,1426.0,1,1379.0,0.0,0.0,0.0,0.0,0.0,14
2023-05-10 21:16:29,jm2404,jm2404,1379.0,0.0,0.0,0.0,1,1354.5,1426.0,1,1379.0,0.0,0.0,0.0,0.0,0.0,14
2023-05-10 21:16:33,jm2404,jm2404,1379.0,0.0,0.0,0.0,1,1354.5,1425.5,2,1379.0,0.0,0.0,0.0,0.0,0.0,14
2023-05-10 21:16:33,jm2404,jm2404,1379.0,0.0,0.0,0.0,1,1355.0,1425.5,2,1379.0,0.0,0.0,0.0,0.0,0.0,14
2023-05-10 21:16:34,jm2404,jm2404,1379.0,0.0,0.0,0.0,1,1357.0,1425.5,2,1379.0,0.0,0.0,0.0,0.0,0.0,14
2023-05-10 21:16:37,jm2404,jm2404,1379.0,0.0,0.0,0.0,1,1357.5,1425.5,2,1379.0,0.0,0.0,0.0,0.0,0.0,14
2023-05-10 21:16:38,jm2404,jm2404,1379.0,0.0,0.0,0.0,1,1359.5,1425.5,2,1379.0,0.0,0.0,0.0,0.0,0.0,14
2023-05-10 21:16:41,jm2404,jm2404,1379.0,0.0,0.0,0.0,1,1360.0,1425.5,2,1379.0,0.0,0.0,0.0,0.0,0.0,14
2023-05-10 21:16:42,jm2404,jm2404,1379.0,0.0,0.0,0.0,1,1362.0,1425.5,2,1379.0,0.0,0.0,0.0,0.0,0.0,14
2023-05-10 21:16:43,jm2404,jm2404,1379.0,0.0,0.0,0.0,1,1362.0,1425.0,2,1379.0,0.0,0.0,0.0,0.0,0.0,14
2023-05-10 21:17:14,jm2404,jm2404,1379.0,0.0,0.0,0.0,1,1362.0,1424.5,1,1379.0,0.0,0.0,0.0,0.0,0.0,14
2023-05-10 21:17:15,jm2404,jm2404,1379.0,0.0,0.0,0.0,1,1362.0,1425.0,2,1379.0,0.0,0.0,0.0,0.0,0.0,14
2023-05-10 21:17:15,jm2404,jm2404,1379.0,0.0,0.0,0.0,1,1362.0,1425.5,2,1379.0,0.0,0.0,0.0,0.0,0.0,14
2023-05-10 21:17:16,jm2404,jm2404,1379.0,0.0,0.0,0.0,1,1362.0,1425.0,1,1379.0,0.0,0.0,0.0,0.0,0.0,14
2023-05-10 21:17:17,jm2404,jm2404,1379.0,0.0,0.0,0.0,1,1362.0,1424.5,2,1379.0,0.0,0.0,0.0,0.0,0.0,14
2023-05-10 21:18:01,jm2404,jm2404,1379.0,0.0,0.0,0.0,1,1362.0,1424.0,2,1379.0,0.0,0.0,0.0,0.0,0.0,14
2023-05-10 21:18:04,jm2404,jm2404,1379.0,0.0,0.0,0.0,1,1362.0,1423.5,2,1379.0,0.0,0.0,0.0,0.0,0.0,14
2023-05-10 21:18:32,jm2404,jm2404,1379.0,0.0,0.0,0.0,1,1362.5,1423.5,2,1379.0,0.0,0.0,0.0,0.0,0.0,14
2023-05-10 21:18:33,jm2404,jm2404,1379.0,0.0,0.0,0.0,1,1364.5,1444.5,1,1379.0,0.0,0.0,0.0,0.0,0.0,14
2023-05-10 21:18:33,jm2404,jm2404,1379.0,0.0,0.0,0.0,1,1364.5,1438.5,1,1379.0,0.0,0.0,0.0,0.0,0.0,14
2023-05-10 21:18:36,jm2404,jm2404,1379.0,0.0,0.0,0.0,1,1364.5,1438.0,2,1379.0,0.0,0.0,0.0,0.0,0.0,14
2023-05-10 21:18:36,jm2404,jm2404,1379.0,0.0,0.0,0.0,1,1364.5,1436.0,1,1379.0,0.0,0.0,0.0,0.0,0.0,14
2023-05-10 21:18:45,jm2404,jm2404,1379.0,0.0,0.0,0.0,1,1364.5,1435.5,2,1379.0,0.0,0.0,0.0,0.0,0.0,14
2023-05-10 21:18:45,jm2404,jm2404,1379.0,0.0,0.0,0.0,1,1364.5,1433.5,1,1379.0,0.0,0.0,0.0,0.0,0.0,14
2023-05-10 21:18:54,jm2404,jm2404,1379.0,0.0,0.0,0.0,1,1364.5,1433.0,2,1379.0,0.0,0.0,0.0,0.0,0.0,14
2023-05-10 21:18:55,jm2404,jm2404,1379.0,0.0,0.0,0.0,1,1364.5,1432.0,1,1379.0,0.0,0.0,0.0,0.0,0.0,14
2023-05-10 21:19:02,jm2404,jm2404,1379.0,0.0,0.0,0.0,1,1364.5,1431.5,2,1379.0,0.0,0.0,0.0,0.0,0.0,14
2023-05-10 21:19:03,jm2404,jm2404,1379.0,0.0,0.0,0.0,1,1364.5,1430.5,1,1379.0,0.0,0.0,0.0,0.0,0.0,14
2023-05-10 21:19:21,jm2404,jm2404,1379.0,0.0,0.0,0.0,1,1364.5,1430.0,2,1379.0,0.0,0.0,0.0,0.0,0.0,14
2023-05-10 21:19:21,jm2404,jm2404,1379.0,0.0,0.0,0.0,1,1364.5,1429.5,1,1379.0,0.0,0.0,0.0,0.0,0.0,14
2023-05-10 21:19:29,jm2404,jm2404,1379.0,0.0,0.0,0.0,1,1364.5,1429.0,2,1379.0,0.0,0.0,0.0,0.0,0.0,14
2023-05-10 21:19:41,jm2404,jm2404,1379.0,0.0,0.0,0.0,1,1364.5,1428.5,1,1379.0,0.0,0.0,0.0,0.0,0.0,14
2023-05-10 21:19:43,jm2404,jm2404,1379.0,0.0,0.0,0.0,1,1364.5,1428.0,2,1379.0,0.0,0.0,0.0,0.0,0.0,14
2023-05-10 21:19:49,jm2404,jm2404,1379.0,0.0,0.0,0.0,1,1364.5,1427.5,1,1379.0,0.0,0.0,0.0,0.0,0.0,14
2023-05-10 21:20:00,jm2404,jm2404,1379.0,0.0,0.0,0.0,1,1364.5,1427.0,2,1379.0,0.0,0.0,0.0,0.0,0.0,14
2023-05-10 21:21:04,jm2404,jm2404,1379.0,0.0,0.0,0.0,1,1364.5,1426.5,2,1379.0,0.0,0.0,0.0,0.0,0.0,14
2023-05-10 21:21:11,jm2404,jm2404,1379.0,0.0,0.0,0.0,1,1364.5,1426.0,2,1379.0,0.0,0.0,0.0,0.0,0.0,14
2023-05-10 21:22:12,jm2404,jm2404,1379.0,0.0,0.0,0.0,1,1364.5,1425.5,1,1379.0,0.0,0.0,0.0,0.0,0.0,14
2023-05-10 21:22:12,jm2404,jm2404,1379.0,0.0,0.0,0.0,1,1324.0,1425.5,1,1379.0,0.0,0.0,0.0,0.0,0.0,14
2023-05-10 21:22:13,jm2404,jm2404,1379.0,0.0,0.0,0.0,1,1353.5,1425.5,1,1379.0,0.0,0.0,0.0,0.0,0.0,14
2023-05-10 21:22:14,jm2404,jm2404,1379.0,0.0,0.0,0.0,1,1353.5,1444.5,1,1379.0,0.0,0.0,0.0,0.0,0.0,14
2023-05-10 21:22:14,jm2404,jm2404,1379.0,0.0,0.0,0.0,1,1353.5,1435.5,1,1379.0,0.0,0.0,0.0,0.0,0.0,14
2023-05-10 21:22:14,jm2404,jm2404,1379.0,0.0,0.0,0.0,1,1353.5,1435.0,2,1379.0,0.0,0.0,0.0,0.0,0.0,14
2023-05-10 21:22:15,jm2404,jm2404,1379.0,0.0,0.0,0.0,1,1353.5,1433.0,1,1379.0,0.0,0.0,0.0,0.0,0.0,14
2023-05-10 21:22:16,jm2404,jm2404,1379.0,0.0,0.0,0.0,1,1354.0,1433.0,1,1379.0,0.0,0.0,0.0,0.0,0.0,14
2023-05-10 21:22:16,jm2404,jm2404,1379.0,0.0,0.0,0.0,1,1356.0,1433.0,1,1379.0,0.0,0.0,0.0,0.0,0.0,14
2023-05-10 21:22:19,jm2404,jm2404,1379.0,0.0,0.0,0.0,1,1356.5,1433.0,1,1379.0,0.0,0.0,0.0,0.0,0.0,14
2023-05-10 21:22:19,jm2404,jm2404,1379.0,0.0,0.0,0.0,1,1358.5,1433.0,1,1379.0,0.0,0.0,0.0,0.0,0.0,14
2023-05-10 21:22:25,jm2404,jm2404,1379.0,0.0,0.0,0.0,2,1358.5,1433.0,1,1379.0,0.0,0.0,0.0,0.0,0.0,14
2023-05-10 21:22:31,jm2404,jm2404,1379.0,0.0,0.0,0.0,2,1358.5,1432.5,2,1379.0,0.0,0.0,0.0,0.0,0.0,14
2023-05-10 21:22:32,jm2404,jm2404,1379.0,0.0,0.0,0.0,2,1358.5,1430.5,1,1379.0,0.0,0.0,0.0,0.0,0.0,14
2023-05-10 21:22:49,jm2404,jm2404,1379.0,0.0,0.0,0.0,2,1358.5,1430.0,2,1379.0,0.0,0.0,0.0,0.0,0.0,14
2023-05-10 21:22:50,jm2404,jm2404,1379.0,0.0,0.0,0.0,2,1358.5,1428.0,1,1379.0,0.0,0.0,0.0,0.0,0.0,14
2023-05-10 21:23:03,jm2404,jm2404,1379.0,0.0,0.0,0.0,2,1358.5,1427.5,2,1379.0,0.0,0.0,0.0,0.0,0.0,14
2023-05-10 21:23:04,jm2404,jm2404,1379.0,0.0,0.0,0.0,2,1358.5,1426.5,1,1379.0,0.0,0.0,0.0,0.0,0.0,14
2023-05-10 21:23:19,jm2404,jm2404,1379.0,0.0,0.0,0.0,2,1358.5,1426.0,2,1379.0,0.0,0.0,0.0,0.0,0.0,14
2023-05-10 21:23:19,jm2404,jm2404,1379.0,0.0,0.0,0.0,2,1358.5,1425.5,1,1379.0,0.0,0.0,0.0,0.0,0.0,14
2023-05-10 21:23:20,jm2404,jm2404,1379.0,0.0,0.0,0.0,2,1358.5,1425.0,2,1379.0,0.0,0.0,0.0,0.0,0.0,14
2023-05-10 21:23:27,jm2404,jm2404,1379.0,0.0,0.0,0.0,1,1358.5,1425.0,2,1379.0,0.0,0.0,0.0,0.0,0.0,14
2023-05-10 21:23:28,jm2404,jm2404,1379.0,0.0,0.0,0.0,1,1359.0,1425.0,2,1379.0,0.0,0.0,0.0,0.0,0.0,14
2023-05-10 21:23:28,jm2404,jm2404,1379.0,0.0,0.0,0.0,1,1361.0,1425.0,2,1379.0,0.0,0.0,0.0,0.0,0.0,14
2023-05-10 21:24:04,jm2404,jm2404,1379.0,0.0,0.0,0.0,1,1361.0,1424.5,2,1379.0,0.0,0.0,0.0,0.0,0.0,14
2023-05-10 21:24:09,jm2404,jm2404,1379.0,0.0,0.0,0.0,1,1361.0,1424.0,2,1379.0,0.0,0.0,0.0,0.0,0.0,14
2023-05-10 21:24:49,jm2404,jm2404,1379.0,0.0,0.0,0.0,2,1361.5,1424.0,2,1379.0,0.0,0.0,0.0,0.0,0.0,14
2023-05-10 21:24:49,jm2404,jm2404,1379.0,0.0,0.0,0.0,1,1362.5,1424.0,2,1379.0,0.0,0.0,0.0,0.0,0.0,14
2023-05-10 21:25:33,jm2404,jm2404,1379.0,0.0,0.0,0.0,2,1363.0,1424.0,2,1379.0,0.0,0.0,0.0,0.0,0.0,14
2023-05-10 21:25:34,jm2404,jm2404,1379.0,0.0,0.0,0.0,1,1364.0,1424.0,2,1379.0,0.0,0.0,0.0,0.0,0.0,14
2023-05-10 21:26:17,jm2404,jm2404,1379.0,0.0,0.0,0.0,2,1364.5,1424.0,2,1379.0,0.0,0.0,0.0,0.0,0.0,14
2023-05-10 21:26:17,jm2404,jm2404,1379.0,0.0,0.0,0.0,1,1365.0,1424.0,2,1379.0,0.0,0.0,0.0,0.0,0.0,14
2023-05-10 21:27:01,jm2404,jm2404,1379.0,0.0,0.0,0.0,2,1365.5,1424.0,2,1379.0,0.0,0.0,0.0,0.0,0.0,14
2023-05-10 21:27:01,jm2404,jm2404,1379.0,0.0,0.0,0.0,1,1366.0,1424.0,2,1379.0,0.0,0.0,0.0,0.0,0.0,14
2023-05-10 21:27:31,jm2404,jm2404,1379.0,0.0,0.0,0.0,1,1366.0,1444.5,1,1379.0,0.0,0.0,0.0,0.0,0.0,14
2023-05-10 21:27:32,jm2404,jm2404,1379.0,0.0,0.0,0.0,1,1366.0,1440.0,1,1379.0,0.0,0.0,0.0,0.0,0.0,14
2023-05-10 21:27:35,jm2404,jm2404,1379.0,0.0,0.0,0.0,1,1366.0,1439.5,2,1379.0,0.0,0.0,0.0,0.0,0.0,14
2023-05-10 21:27:35,jm2404,jm2404,1379.0,0.0,0.0,0.0,1,1366.0,1437.5,1,1379.0,0.0,0.0,0.0,0.0,0.0,14
2023-05-10 21:27:44,jm2404,jm2404,1379.0,0.0,0.0,0.0,1,1366.0,1437.0,2,1379.0,0.0,0.0,0.0,0.0,0.0,14
2023-05-10 21:27:45,jm2404,jm2404,1379.0,0.0,0.0,0.0,1,1366.0,1435.0,1,1379.0,0.0,0.0,0.0,0.0,0.0,14
2023-05-10 21:27:53,jm2404,jm2404,1379.0,0.0,0.0,0.0,1,1366.0,1434.5,2,1379.0,0.0,0.0,0.0,0.0,0.0,14
2023-05-10 21:27:54,jm2404,jm2404,1379.0,0.0,0.0,0.0,1,1366.0,1432.5,1,1379.0,0.0,0.0,0.0,0.0,0.0,14
2023-05-10 21:28:04,jm2404,jm2404,1379.0,0.0,0.0,0.0,1,1366.0,1432.0,2,1379.0,0.0,0.0,0.0,0.0,0.0,14
2023-05-10 21:28:05,jm2404,jm2404,1379.0,0.0,0.0,0.0,1,1366.0,1431.0,1,1379.0,0.0,0.0,0.0,0.0,0.0,14
2023-05-10 21:28:22,jm2404,jm2404,1379.0,0.0,0.0,0.0,1,1366.0,1430.5,2,1379.0,0.0,0.0,0.0,0.0,0.0,14
2023-05-10 21:28:22,jm2404,jm2404,1379.0,0.0,0.0,0.0,1,1366.0,1430.0,1,1379.0,0.0,0.0,0.0,0.0,0.0,14
2023-05-10 21:28:28,jm2404,jm2404,1379.0,0.0,0.0,0.0,1,1366.0,1429.5,2,1379.0,0.0,0.0,0.0,0.0,0.0,14
2023-05-10 21:28:40,jm2404,jm2404,1379.0,0.0,0.0,0.0,1,1366.0,1429.0,2,1379.0,0.0,0.0,0.0,0.0,0.0,14
2023-05-10 21:28:52,jm2404,jm2404,1379.0,0.0,0.0,0.0,1,1366.0,1428.5,1,1379.0,0.0,0.0,0.0,0.0,0.0,14
2023-05-10 21:28:58,jm2404,jm2404,1379.0,0.0,0.0,0.0,1,1366.0,1428.0,2,1379.0,0.0,0.0,0.0,0.0,0.0,14
2023-05-10 21:29:13,jm2404,jm2404,1379.0,0.0,0.0,0.0,1,1366.0,1427.5,1,1379.0,0.0,0.0,0.0,0.0,0.0,14
2023-05-10 21:29:16,jm2404,jm2404,1379.0,0.0,0.0,0.0,1,1366.0,1429.5,2,1379.0,0.0,0.0,0.0,0.0,0.0,14
2023-05-10 21:29:17,jm2404,jm2404,1379.0,0.0,0.0,0.0,1,1366.0,1429.0,1,1379.0,0.0,0.0,0.0,0.0,0.0,14
2023-05-10 21:29:18,jm2404,jm2404,1379.0,0.0,0.0,0.0,1,1366.0,1427.5,2,1379.0,0.0,0.0,0.0,0.0,0.0,14
2023-05-10 21:29:22,jm2404,jm2404,1379.0,0.0,0.0,0.0,1,1323.5,1427.5,2,1379.0,0.0,0.0,0.0,0.0,0.0,14
2023-05-10 21:29:22,jm2404,jm2404,1379.0,0.0,0.0,0.0,1,1355.5,1427.0,1,1379.0,0.0,0.0,0.0,0.0,0.0,14
2023-05-10 21:29:27,jm2404,jm2404,1379.0,0.0,0.0,0.0,1,1356.0,1427.0,1,1379.0,0.0,0.0,0.0,0.0,0.0,14
2023-05-10 21:29:28,jm2404,jm2404,1379.0,0.0,0.0,0.0,1,1358.0,1427.0,1,1379.0,0.0,0.0,0.0,0.0,0.0,14
2023-05-10 21:29:31,jm2404,jm2404,1379.0,0.0,0.0,0.0,1,1358.5,1427.0,1,1379.0,0.0,0.0,0.0,0.0,0.0,14
2023-05-10 21:29:31,jm2404,jm2404,1379.0,0.0,0.0,0.0,1,1360.5,1427.0,1,1379.0,0.0,0.0,0.0,0.0,0.0,14
2023-05-10 21:29:36,jm2404,jm2404,1379.0,0.0,0.0,0.0,1,1360.5,1426.5,2,1379.0,0.0,0.0,0.0,0.0,0.0,14
2023-05-10 21:29:38,jm2404,jm2404,1379.0,0.0,0.0,0.0,1,1360.5,1426.0,1,1379.0,0.0,0.0,0.0,0.0,0.0,14
2023-05-10 21:29:54,jm2404,jm2404,1379.0,0.0,0.0,0.0,1,1360.5,1425.5,2,1379.0,0.0,0.0,0.0,0.0,0.0,14
2023-05-10 21:29:55,jm2404,jm2404,1379.0,0.0,0.0,0.0,1,1360.5,1425.0,1,1379.0,0.0,0.0,0.0,0.0,0.0,14
2023-05-10 21:30:04,jm2404,jm2404,1379.0,0.0,0.0,0.0,1,1360.5,1425.5,2,1379.0,0.0,0.0,0.0,0.0,0.0,14
2023-05-10 21:30:04,jm2404,jm2404,1379.0,0.0,0.0,0.0,1,1360.5,1424.5,2,1379.0,0.0,0.0,0.0,0.0,0.0,14
2023-05-10 21:30:08,jm2404,jm2404,1379.0,0.0,0.0,0.0,2,1360.5,1424.5,2,1379.0,0.0,0.0,0.0,0.0,0.0,14
2023-05-10 21:30:11,jm2404,jm2404,1379.0,0.0,0.0,0.0,1,1360.5,1424.5,2,1379.0,0.0,0.0,0.0,0.0,0.0,14
2023-05-10 21:30:31,jm2404,jm2404,1379.0,0.0,0.0,0.0,1,1360.5,1424.0,1,1379.0,0.0,0.0,0.0,0.0,0.0,14
2023-05-10 21:30:32,jm2404,jm2404,1379.0,0.0,0.0,0.0,1,1360.5,1424.5,2,1379.0,0.0,0.0,0.0,0.0,0.0,14
2023-05-10 21:30:32,jm2404,jm2404,1379.0,0.0,0.0,0.0,1,1360.5,1425.5,2,1379.0,0.0,0.0,0.0,0.0,0.0,14
2023-05-10 21:30:35,jm2404,jm2404,1379.0,0.0,0.0,0.0,1,1360.5,1425.0,2,1379.0,0.0,0.0,0.0,0.0,0.0,14
2023-05-10 21:30:36,jm2404,jm2404,1379.0,0.0,0.0,0.0,1,1360.5,1424.5,1,1379.0,0.0,0.0,0.0,0.0,0.0,14
2023-05-10 21:30:52,jm2404,jm2404,1379.0,0.0,0.0,0.0,1,1360.5,1424.0,2,1379.0,0.0,0.0,0.0,0.0,0.0,14
2023-05-10 21:31:23,jm2404,jm2404,1379.0,0.0,0.0,0.0,2,1361.0,1424.0,2,1379.0,0.0,0.0,0.0,0.0,0.0,14
2023-05-10 21:31:24,jm2404,jm2404,1379.0,0.0,0.0,0.0,1,1362.0,1424.0,2,1379.0,0.0,0.0,0.0,0.0,0.0,14
2023-05-10 21:32:08,jm2404,jm2404,1379.0,0.0,0.0,0.0,1,1362.0,1423.5,2,1379.0,0.0,0.0,0.0,0.0,0.0,14
2023-05-10 21:32:12,jm2404,jm2404,1379.0,0.0,0.0,0.0,1,1362.0,1423.0,2,1379.0,0.0,0.0,0.0,0.0,0.0,14
2023-05-10 21:32:54,jm2404,jm2404,1379.0,0.0,0.0,0.0,1,1362.0,1422.5,2,1379.0,0.0,0.0,0.0,0.0,0.0,14
2023-05-10 21:32:59,jm2404,jm2404,1379.0,0.0,0.0,0.0,1,1362.0,1422.0,2,1379.0,0.0,0.0,0.0,0.0,0.0,14
2023-05-10 21:33:39,jm2404,jm2404,1379.0,0.0,0.0,0.0,2,1362.5,1422.0,2,1379.0,0.0,0.0,0.0,0.0,0.0,14
2023-05-10 21:33:39,jm2404,jm2404,1379.0,0.0,0.0,0.0,1,1363.5,1422.0,2,1379.0,0.0,0.0,0.0,0.0,0.0,14
2023-05-10 21:33:43,jm2404,jm2404,1379.0,0.0,0.0,0.0,1,1363.5,1444.5,1,1379.0,0.0,0.0,0.0,0.0,0.0,14
2023-05-10 21:33:43,jm2404,jm2404,1379.0,0.0,0.0,0.0,1,1363.5,1435.0,1,1379.0,0.0,0.0,0.0,0.0,0.0,14
2023-05-10 21:33:47,jm2404,jm2404,1379.0,0.0,0.0,0.0,1,1363.5,1435.0,3,1379.0,0.0,0.0,0.0,0.0,0.0,14
2023-05-10 21:34:23,jm2404,jm2404,1379.0,0.0,0.0,0.0,1,1363.5,1434.5,2,1379.0,0.0,0.0,0.0,0.0,0.0,14
2023-05-10 21:34:24,jm2404,jm2404,1379.0,0.0,0.0,0.0,1,1363.5,1432.5,1,1379.0,0.0,0.0,0.0,0.0,0.0,14
2023-05-10 21:34:28,jm2404,jm2404,1379.0,0.0,0.0,0.0,1,1363.5,1432.0,2,1379.0,0.0,0.0,0.0,0.0,0.0,14
2023-05-10 21:34:29,jm2404,jm2404,1379.0,0.0,0.0,0.0,1,1363.5,1430.0,1,1379.0,0.0,0.0,0.0,0.0,0.0,14
2023-05-10 21:34:44,jm2404,jm2404,1379.0,0.0,0.0,0.0,1,1363.5,1429.5,2,1379.0,0.0,0.0,0.0,0.0,0.0,14
2023-05-10 21:34:45,jm2404,jm2404,1379.0,0.0,0.0,0.0,1,1363.5,1428.5,1,1379.0,0.0,0.0,0.0,0.0,0.0,14
2023-05-10 21:35:01,jm2404,jm2404,1379.0,0.0,0.0,0.0,1,1363.5,1428.0,2,1379.0,0.0,0.0,0.0,0.0,0.0,14
2023-05-10 21:35:02,jm2404,jm2404,1379.0,0.0,0.0,0.0,1,1363.5,1427.0,1,1379.0,0.0,0.0,0.0,0.0,0.0,14
2023-05-10 21:35:07,jm2404,jm2404,1379.0,0.0,0.0,0.0,1,1363.5,1426.5,2,1379.0,0.0,0.0,0.0,0.0,0.0,14
2023-05-10 21:35:08,jm2404,jm2404,1379.0,0.0,0.0,0.0,1,1363.5,1426.0,1,1379.0,0.0,0.0,0.0,0.0,0.0,14
2023-05-10 21:35:13,jm2404,jm2404,1379.0,0.0,0.0,0.0,1,1363.5,1426.5,2,1379.0,0.0,0.0,0.0,0.0,0.0,14
2023-05-10 21:35:13,jm2404,jm2404,1379.0,0.0,0.0,0.0,1,1363.5,1426.0,1,1379.0,0.0,0.0,0.0,0.0,0.0,14
2023-05-10 21:35:20,jm2404,jm2404,1379.0,0.0,0.0,0.0,1,1363.5,1425.5,2,1379.0,0.0,0.0,0.0,0.0,0.0,14
2023-05-10 21:35:51,jm2404,jm2404,1379.0,0.0,0.0,0.0,2,1364.0,1425.5,2,1379.0,0.0,0.0,0.0,0.0,0.0,14
2023-05-10 21:35:52,jm2404,jm2404,1379.0,0.0,0.0,0.0,1,1364.5,1425.5,2,1379.0,0.0,0.0,0.0,0.0,0.0,14
2023-05-10 21:36:12,jm2404,jm2404,1379.0,0.0,0.0,0.0,1,1322.5,1425.0,1,1379.0,0.0,0.0,0.0,0.0,0.0,14
2023-05-10 21:36:12,jm2404,jm2404,1379.0,0.0,0.0,0.0,1,1352.5,1425.0,1,1379.0,0.0,0.0,0.0,0.0,0.0,14
2023-05-10 21:36:15,jm2404,jm2404,1379.0,0.0,0.0,0.0,1,1352.5,1424.5,2,1379.0,0.0,0.0,0.0,0.0,0.0,14
2023-05-10 21:36:15,jm2404,jm2404,1379.0,0.0,0.0,0.0,1,1353.0,1424.0,1,1379.0,0.0,0.0,0.0,0.0,0.0,14
2023-05-10 21:36:16,jm2404,jm2404,1379.0,0.0,0.0,0.0,1,1355.0,1424.0,1,1379.0,0.0,0.0,0.0,0.0,0.0,14
2023-05-10 21:36:20,jm2404,jm2404,1379.0,0.0,0.0,0.0,1,1355.5,1424.0,1,1379.0,0.0,0.0,0.0,0.0,0.0,14
2023-05-10 21:36:21,jm2404,jm2404,1379.0,0.0,0.0,0.0,1,1357.5,1424.0,1,1379.0,0.0,0.0,0.0,0.0,0.0,14
2023-05-10 21:36:25,jm2404,jm2404,1379.0,0.0,0.0,0.0,2,1357.5,1424.0,1,1379.0,0.0,0.0,0.0,0.0,0.0,14
2023-05-10 21:36:32,jm2404,jm2404,1379.0,0.0,0.0,0.0,1,1357.5,1424.0,1,1379.0,0.0,0.0,0.0,0.0,0.0,14
2023-05-10 21:36:33,jm2404,jm2404,1379.0,0.0,0.0,0.0,1,1358.0,1424.0,1,1379.0,0.0,0.0,0.0,0.0,0.0,14
2023-05-10 21:36:33,jm2404,jm2404,1379.0,0.0,0.0,0.0,1,1360.0,1424.0,1,1379.0,0.0,0.0,0.0,0.0,0.0,14
2023-05-10 21:36:36,jm2404,jm2404,1379.0,0.0,0.0,0.0,1,1360.0,1423.5,2,1379.0,0.0,0.0,0.0,0.0,0.0,14
2023-05-10 21:37:04,jm2404,jm2404,1379.0,0.0,0.0,0.0,1,1360.5,1423.5,2,1379.0,0.0,0.0,0.0,0.0,0.0,14
2023-05-10 21:37:05,jm2404,jm2404,1379.0,0.0,0.0,0.0,1,1362.5,1423.5,2,1379.0,0.0,0.0,0.0,0.0,0.0,14
2023-05-10 21:37:19,jm2404,jm2404,1379.0,0.0,0.0,0.0,2,1363.0,1423.5,2,1379.0,0.0,0.0,0.0,0.0,0.0,14
2023-05-10 21:37:19,jm2404,jm2404,1379.0,0.0,0.0,0.0,1,1364.0,1423.5,2,1379.0,0.0,0.0,0.0,0.0,0.0,14
2023-05-10 21:38:03,jm2404,jm2404,1379.0,0.0,0.0,0.0,2,1364.5,1423.5,2,1379.0,0.0,0.0,0.0,0.0,0.0,14
2023-05-10 21:38:04,jm2404,jm2404,1379.0,0.0,0.0,0.0,1,1365.0,1423.5,2,1379.0,0.0,0.0,0.0,0.0,0.0,14
2023-05-10 21:38:11,jm2404,jm2404,1379.0,0.0,0.0,0.0,2,1364.5,1423.5,2,1379.0,0.0,0.0,0.0,0.0,0.0,14
2023-05-10 21:38:13,jm2404,jm2404,1379.0,0.0,0.0,0.0,1,1324.0,1423.5,2,1379.0,0.0,0.0,0.0,0.0,0.0,14
2023-05-10 21:38:14,jm2404,jm2404,1379.0,0.0,0.0,0.0,1,1354.0,1423.5,2,1379.0,0.0,0.0,0.0,0.0,0.0,14
2023-05-10 21:38:20,jm2404,jm2404,1379.0,0.0,0.0,0.0,1,1354.5,1423.5,2,1379.0,0.0,0.0,0.0,0.0,0.0,14
2023-05-10 21:38:21,jm2404,jm2404,1379.0,0.0,0.0,0.0,1,1356.5,1423.5,2,1379.0,0.0,0.0,0.0,0.0,0.0,14
2023-05-10 21:38:24,jm2404,jm2404,1379.0,0.0,0.0,0.0,1,1357.0,1423.5,2,1379.0,0.0,0.0,0.0,0.0,0.0,14
2023-05-10 21:38:24,jm2404,jm2404,1379.0,0.0,0.0,0.0,1,1359.0,1423.5,2,1379.0,0.0,0.0,0.0,0.0,0.0,14
2023-05-10 21:38:27,jm2404,jm2404,1379.0,0.0,0.0,0.0,1,1359.5,1423.5,2,1379.0,0.0,0.0,0.0,0.0,0.0,14
2023-05-10 21:38:27,jm2404,jm2404,1379.0,0.0,0.0,0.0,1,1360.5,1423.5,2,1379.0,0.0,0.0,0.0,0.0,0.0,14
2023-05-10 21:38:47,jm2404,jm2404,1379.0,0.0,0.0,0.0,2,1361.0,1423.5,2,1379.0,0.0,0.0,0.0,0.0,0.0,14
2023-05-10 21:38:48,jm2404,jm2404,1379.0,0.0,0.0,0.0,1,1362.0,1423.5,2,1379.0,0.0,0.0,0.0,0.0,0.0,14
2023-05-10 21:39:30,jm2404,jm2404,1379.0,0.0,0.0,0.0,1,1362.0,1423.0,2,1379.0,0.0,0.0,0.0,0.0,0.0,14
2023-05-10 21:39:35,jm2404,jm2404,1379.0,0.0,0.0,0.0,1,1362.0,1422.5,2,1379.0,0.0,0.0,0.0,0.0,0.0,14
2023-05-10 21:39:40,jm2404,jm2404,1379.0,0.0,0.0,0.0,1,1322.0,1422.0,1,1379.0,0.0,0.0,0.0,0.0,0.0,14
2023-05-10 21:39:41,jm2404,jm2404,1379.0,0.0,0.0,0.0,1,1351.5,1422.0,1,1379.0,0.0,0.0,0.0,0.0,0.0,14
2023-05-10 21:39:44,jm2404,jm2404,1379.0,0.0,0.0,0.0,1,1352.0,1422.0,1,1379.0,0.0,0.0,0.0,0.0,0.0,14
2023-05-10 21:39:44,jm2404,jm2404,1379.0,0.0,0.0,0.0,1,1354.0,1422.0,1,1379.0,0.0,0.0,0.0,0.0,0.0,14
2023-05-10 21:39:47,jm2404,jm2404,1379.0,0.0,0.0,0.0,1,1354.5,1422.0,1,1379.0,0.0,0.0,0.0,0.0,0.0,14
2023-05-10 21:39:47,jm2404,jm2404,1379.0,0.0,0.0,0.0,1,1356.5,1422.0,1,1379.0,0.0,0.0,0.0,0.0,0.0,14
2023-05-10 21:39:52,jm2404,jm2404,1379.0,0.0,0.0,0.0,1,1356.5,1421.5,2,1379.0,0.0,0.0,0.0,0.0,0.0,14
2023-05-10 21:39:56,jm2404,jm2404,1379.0,0.0,0.0,0.0,1,1356.5,1421.0,1,1379.0,0.0,0.0,0.0,0.0,0.0,14
2023-05-10 21:39:56,jm2404,jm2404,1379.0,0.0,0.0,0.0,1,1356.5,1421.5,2,1379.0,0.0,0.0,0.0,0.0,0.0,14
2023-05-10 21:39:57,jm2404,jm2404,1379.0,0.0,0.0,0.0,1,1356.5,1421.0,1,1379.0,0.0,0.0,0.0,0.0,0.0,14
2023-05-10 21:40:02,jm2404,jm2404,1379.0,0.0,0.0,0.0,1,1356.5,1420.5,2,1379.0,0.0,0.0,0.0,0.0,0.0,14
2023-05-10 21:40:05,jm2404,jm2404,1379.0,0.0,0.0,0.0,2,1356.5,1420.5,2,1379.0,0.0,0.0,0.0,0.0,0.0,14
2023-05-10 21:40:08,jm2404,jm2404,1379.0,0.0,0.0,0.0,1,1356.5,1420.5,2,1379.0,0.0,0.0,0.0,0.0,0.0,14
2023-05-10 21:40:09,jm2404,jm2404,1379.0,0.0,0.0,0.0,1,1357.0,1420.5,2,1379.0,0.0,0.0,0.0,0.0,0.0,14
2023-05-10 21:40:09,jm2404,jm2404,1379.0,0.0,0.0,0.0,1,1358.0,1420.5,2,1379.0,0.0,0.0,0.0,0.0,0.0,14
2023-05-10 21:40:13,jm2404,jm2404,1379.0,0.0,0.0,0.0,2,1358.5,1420.5,2,1379.0,0.0,0.0,0.0,0.0,0.0,14
2023-05-10 21:40:14,jm2404,jm2404,1379.0,0.0,0.0,0.0,1,1359.5,1420.5,2,1379.0,0.0,0.0,0.0,0.0,0.0,14
2023-05-10 21:40:57,jm2404,jm2404,1379.0,0.0,0.0,0.0,2,1360.0,1420.5,2,1379.0,0.0,0.0,0.0,0.0,0.0,14
2023-05-10 21:40:58,jm2404,jm2404,1379.0,0.0,0.0,0.0,1,1360.5,1420.5,2,1379.0,0.0,0.0,0.0,0.0,0.0,14
2023-05-10 21:41:31,jm2404,jm2404,1379.0,0.0,0.0,0.0,2,1360.0,1420.5,2,1379.0,0.0,0.0,0.0,0.0,0.0,14
2023-05-10 21:41:32,jm2404,jm2404,1379.0,0.0,0.0,0.0,1,1322.0,1420.5,2,1379.0,0.0,0.0,0.0,0.0,0.0,14
2023-05-10 21:41:32,jm2404,jm2404,1379.0,0.0,0.0,0.0,1,1350.0,1420.5,2,1379.0,0.0,0.0,0.0,0.0,0.0,14
2023-05-10 21:41:34,jm2404,jm2404,1379.0,0.0,0.0,0.0,1,1350.5,1420.5,2,1379.0,0.0,0.0,0.0,0.0,0.0,14
2023-05-10 21:41:35,jm2404,jm2404,1379.0,0.0,0.0,0.0,1,1352.5,1420.5,2,1379.0,0.0,0.0,0.0,0.0,0.0,14
2023-05-10 21:41:37,jm2404,jm2404,1379.0,0.0,0.0,0.0,1,1353.0,1420.5,2,1379.0,0.0,0.0,0.0,0.0,0.0,14
2023-05-10 21:41:38,jm2404,jm2404,1379.0,0.0,0.0,0.0,1,1355.0,1420.5,2,1379.0,0.0,0.0,0.0,0.0,0.0,14
2023-05-10 21:41:40,jm2404,jm2404,1379.0,0.0,0.0,0.0,2,1355.0,1420.5,2,1379.0,0.0,0.0,0.0,0.0,0.0,14
2023-05-10 21:41:41,jm2404,jm2404,1379.0,0.0,0.0,0.0,2,1355.5,1420.5,2,1379.0,0.0,0.0,0.0,0.0,0.0,14
2023-05-10 21:41:42,jm2404,jm2404,1379.0,0.0,0.0,0.0,1,1357.5,1420.5,2,1379.0,0.0,0.0,0.0,0.0,0.0,14
2023-05-10 21:42:25,jm2404,jm2404,1379.0,0.0,0.0,0.0,1,1357.5,1420.0,3,1379.0,0.0,0.0,0.0,0.0,0.0,14
2023-05-10 21:42:29,jm2404,jm2404,1379.0,0.0,0.0,0.0,1,1357.5,1419.5,2,1379.0,0.0,0.0,0.0,0.0,0.0,14
2023-05-10 21:43:09,jm2404,jm2404,1379.0,0.0,0.0,0.0,1,1357.5,1419.0,2,1379.0,0.0,0.0,0.0,0.0,0.0,14
2023-05-10 21:43:13,jm2404,jm2404,1379.0,0.0,0.0,0.0,1,1357.5,1418.5,2,1379.0,0.0,0.0,0.0,0.0,0.0,14
2023-05-10 21:43:56,jm2404,jm2404,1379.0,0.0,0.0,0.0,1,1357.5,1418.0,2,1379.0,0.0,0.0,0.0,0.0,0.0,14
2023-05-10 21:44:01,jm2404,jm2404,1379.0,0.0,0.0,0.0,1,1357.5,1417.5,2,1379.0,0.0,0.0,0.0,0.0,0.0,14
2023-05-10 21:44:08,jm2404,jm2404,1379.0,0.0,0.0,0.0,1,1357.5,1444.5,1,1379.0,0.0,0.0,0.0,0.0,0.0,14
2023-05-10 21:44:09,jm2404,jm2404,1379.0,0.0,0.0,0.0,1,1357.5,1432.5,1,1379.0,0.0,0.0,0.0,0.0,0.0,14
2023-05-10 21:44:14,jm2404,jm2404,1379.0,0.0,0.0,0.0,1,1357.5,1432.0,2,1379.0,0.0,0.0,0.0,0.0,0.0,14
2023-05-10 21:44:14,jm2404,jm2404,1379.0,0.0,0.0,0.0,1,1357.5,1430.0,1,1379.0,0.0,0.0,0.0,0.0,0.0,14
2023-05-10 21:44:34,jm2404,jm2404,1379.0,0.0,0.0,0.0,1,1357.5,1429.5,2,1379.0,0.0,0.0,0.0,0.0,0.0,14
2023-05-10 21:44:35,jm2404,jm2404,1379.0,0.0,0.0,0.0,1,1357.5,1427.5,1,1379.0,0.0,0.0,0.0,0.0,0.0,14
2023-05-10 21:44:39,jm2404,jm2404,1379.0,0.0,0.0,0.0,1,1357.5,1427.0,2,1379.0,0.0,0.0,0.0,0.0,0.0,14
2023-05-10 21:44:40,jm2404,jm2404,1379.0,0.0,0.0,0.0,1,1357.5,1425.0,1,1379.0,0.0,0.0,0.0,0.0,0.0,14
2023-05-10 21:44:53,jm2404,jm2404,1379.0,0.0,0.0,0.0,1,1357.5,1424.5,2,1379.0,0.0,0.0,0.0,0.0,0.0,14
2023-05-10 21:44:53,jm2404,jm2404,1379.0,0.0,0.0,0.0,1,1357.5,1423.5,1,1379.0,0.0,0.0,0.0,0.0,0.0,14
2023-05-10 21:45:05,jm2404,jm2404,1379.0,0.0,0.0,0.0,1,1357.5,1423.0,2,1379.0,0.0,0.0,0.0,0.0,0.0,14
2023-05-10 21:45:05,jm2404,jm2404,1379.0,0.0,0.0,0.0,1,1357.5,1422.5,1,1379.0,0.0,0.0,0.0,0.0,0.0,14
2023-05-10 21:45:15,jm2404,jm2404,1379.0,0.0,0.0,0.0,1,1357.5,1423.0,2,1379.0,0.0,0.0,0.0,0.0,0.0,14
2023-05-10 21:45:17,jm2404,jm2404,1379.0,0.0,0.0,0.0,2,1357.5,1423.0,2,1379.0,0.0,0.0,0.0,0.0,0.0,14
2023-05-10 21:45:20,jm2404,jm2404,1379.0,0.0,0.0,0.0,1,1357.5,1423.0,2,1379.0,0.0,0.0,0.0,0.0,0.0,14
2023-05-10 21:45:21,jm2404,jm2404,1379.0,0.0,0.0,0.0,1,1358.0,1444.5,1,1379.0,0.0,0.0,0.0,0.0,0.0,14
2023-05-10 21:45:21,jm2404,jm2404,1379.0,0.0,0.0,0.0,1,1360.0,1435.0,1,1379.0,0.0,0.0,0.0,0.0,0.0,14
2023-05-10 21:45:24,jm2404,jm2404,1379.0,0.0,0.0,0.0,1,1360.0,1434.5,2,1379.0,0.0,0.0,0.0,0.0,0.0,14
2023-05-10 21:45:24,jm2404,jm2404,1379.0,0.0,0.0,0.0,1,1360.0,1432.5,1,1379.0,0.0,0.0,0.0,0.0,0.0,14
2023-05-10 21:45:26,jm2404,jm2404,1379.0,0.0,0.0,0.0,1,1360.0,1432.0,2,1379.0,0.0,0.0,0.0,0.0,0.0,14
2023-05-10 21:45:27,jm2404,jm2404,1379.0,0.0,0.0,0.0,1,1360.0,1430.0,1,1379.0,0.0,0.0,0.0,0.0,0.0,14
2023-05-10 21:45:44,jm2404,jm2404,1379.0,0.0,0.0,0.0,1,1360.0,1429.5,2,1379.0,0.0,0.0,0.0,0.0,0.0,14
2023-05-10 21:45:44,jm2404,jm2404,1379.0,0.0,0.0,0.0,1,1360.0,1427.5,1,1379.0,0.0,0.0,0.0,0.0,0.0,14
2023-05-10 21:46:02,jm2404,jm2404,1379.0,0.0,0.0,0.0,1,1360.0,1427.0,2,1379.0,0.0,0.0,0.0,0.0,0.0,14
2023-05-10 21:46:02,jm2404,jm2404,1379.0,0.0,0.0,0.0,1,1360.0,1426.0,1,1379.0,0.0,0.0,0.0,0.0,0.0,14
2023-05-10 21:46:06,jm2404,jm2404,1379.0,0.0,0.0,0.0,1,1360.0,1425.5,2,1379.0,0.0,0.0,0.0,0.0,0.0,14
2023-05-10 21:46:07,jm2404,jm2404,1379.0,0.0,0.0,0.0,1,1360.0,1424.5,1,1379.0,0.0,0.0,0.0,0.0,0.0,14
2023-05-10 21:46:24,jm2404,jm2404,1379.0,0.0,0.0,0.0,1,1360.0,1424.0,2,1379.0,0.0,0.0,0.0,0.0,0.0,14
2023-05-10 21:46:25,jm2404,jm2404,1379.0,0.0,0.0,0.0,1,1360.0,1423.5,1,1379.0,0.0,0.0,0.0,0.0,0.0,14
2023-05-10 21:46:44,jm2404,jm2404,1379.0,0.0,0.0,0.0,1,1360.0,1423.0,2,1379.0,0.0,0.0,0.0,0.0,0.0,14
2023-05-10 21:46:49,jm2404,jm2404,1379.0,0.0,0.0,0.0,1,1360.0,1422.5,2,1379.0,0.0,0.0,0.0,0.0,0.0,14
2023-05-10 21:47:04,jm2404,jm2404,1379.0,0.0,0.0,0.0,1,1360.0,1422.0,2,1379.0,0.0,0.0,0.0,0.0,0.0,14
2023-05-10 21:47:51,jm2404,jm2404,1379.0,0.0,0.0,0.0,1,1360.0,1421.5,1,1379.0,0.0,0.0,0.0,0.0,0.0,14
2023-05-10 21:47:51,jm2404,jm2404,1379.0,0.0,0.0,0.0,1,1360.0,1444.5,1,1379.0,0.0,0.0,0.0,0.0,0.0,14
2023-05-10 21:47:52,jm2404,jm2404,1379.0,0.0,0.0,0.0,1,1360.0,1432.0,1,1379.0,0.0,0.0,0.0,0.0,0.0,14
2023-05-10 21:47:57,jm2404,jm2404,1379.0,0.0,0.0,0.0,1,1360.0,1431.5,2,1379.0,0.0,0.0,0.0,0.0,0.0,14
2023-05-10 21:47:58,jm2404,jm2404,1379.0,0.0,0.0,0.0,1,1360.0,1429.5,1,1379.0,0.0,0.0,0.0,0.0,0.0,14
2023-05-10 21:48:04,jm2404,jm2404,1379.0,0.0,0.0,0.0,1,1318.5,1429.5,1,1379.0,0.0,0.0,0.0,0.0,0.0,14
2023-05-10 21:48:04,jm2404,jm2404,1379.0,0.0,0.0,0.0,1,1349.0,1429.5,1,1379.0,0.0,0.0,0.0,0.0,0.0,14
2023-05-10 21:48:05,jm2404,jm2404,1379.0,0.0,0.0,0.0,1,1349.0,1429.0,2,1379.0,0.0,0.0,0.0,0.0,0.0,14
2023-05-10 21:48:05,jm2404,jm2404,1379.0,0.0,0.0,0.0,1,1349.0,1427.0,1,1379.0,0.0,0.0,0.0,0.0,0.0,14
2023-05-10 21:48:09,jm2404,jm2404,1379.0,0.0,0.0,0.0,1,1349.5,1427.0,1,1379.0,0.0,0.0,0.0,0.0,0.0,14
2023-05-10 21:48:10,jm2404,jm2404,1379.0,0.0,0.0,0.0,1,1351.5,1427.0,1,1379.0,0.0,0.0,0.0,0.0,0.0,14
2023-05-10 21:48:12,jm2404,jm2404,1379.0,0.0,0.0,0.0,1,1352.0,1427.0,1,1379.0,0.0,0.0,0.0,0.0,0.0,14
2023-05-10 21:48:13,jm2404,jm2404,1379.0,0.0,0.0,0.0,1,1354.0,1427.0,1,1379.0,0.0,0.0,0.0,0.0,0.0,14
2023-05-10 21:48:15,jm2404,jm2404,1379.0,0.0,0.0,0.0,1,1354.0,1426.5,2,1379.0,0.0,0.0,0.0,0.0,0.0,14
2023-05-10 21:48:16,jm2404,jm2404,1379.0,0.0,0.0,0.0,1,1354.0,1424.5,1,1379.0,0.0,0.0,0.0,0.0,0.0,14
2023-05-10 21:48:22,jm2404,jm2404,1379.0,0.0,0.0,0.0,1,1354.0,1424.0,2,1379.0,0.0,0.0,0.0,0.0,0.0,14
2023-05-10 21:48:23,jm2404,jm2404,1379.0,0.0,0.0,0.0,1,1354.0,1423.0,1,1379.0,0.0,0.0,0.0,0.0,0.0,14
2023-05-10 21:48:40,jm2404,jm2404,1379.0,0.0,0.0,0.0,1,1354.0,1422.5,2,1379.0,0.0,0.0,0.0,0.0,0.0,14
2023-05-10 21:48:40,jm2404,jm2404,1379.0,0.0,0.0,0.0,1,1354.0,1421.5,1,1379.0,0.0,0.0,0.0,0.0,0.0,14
2023-05-10 21:48:44,jm2404,jm2404,1379.0,0.0,0.0,0.0,1,1354.5,1421.5,1,1379.0,0.0,0.0,0.0,0.0,0.0,14
2023-05-10 21:48:44,jm2404,jm2404,1379.0,0.0,0.0,0.0,1,1355.0,1421.5,1,1379.0,0.0,0.0,0.0,0.0,0.0,14
2023-05-10 21:48:57,jm2404,jm2404,1379.0,0.0,0.0,0.0,1,1355.0,1421.0,2,1379.0,0.0,0.0,0.0,0.0,0.0,14
2023-05-10 21:48:57,jm2404,jm2404,1379.0,0.0,0.0,0.0,1,1355.0,1419.0,1,1379.0,0.0,0.0,0.0,0.0,0.0,14
2023-05-10 21:49:02,jm2404,jm2404,1379.0,0.0,0.0,0.0,1,1355.0,1418.5,2,1379.0,0.0,0.0,0.0,0.0,0.0,14
2023-05-10 21:49:02,jm2404,jm2404,1379.0,0.0,0.0,0.0,1,1355.0,1417.5,1,1379.0,0.0,0.0,0.0,0.0,0.0,14
2023-05-10 21:49:05,jm2404,jm2404,1379.0,0.0,0.0,0.0,1,1355.0,1418.5,2,1379.0,0.0,0.0,0.0,0.0,0.0,14
2023-05-10 21:49:05,jm2404,jm2404,1379.0,0.0,0.0,0.0,1,1355.0,1418.0,1,1379.0,0.0,0.0,0.0,0.0,0.0,14
2023-05-10 21:49:18,jm2404,jm2404,1379.0,0.0,0.0,0.0,1,1355.0,1420.5,2,1379.0,0.0,0.0,0.0,0.0,0.0,14
2023-05-10 21:49:19,jm2404,jm2404,1379.0,0.0,0.0,0.0,1,1355.0,1418.0,2,1379.0,0.0,0.0,0.0,0.0,0.0,14
2023-05-10 21:49:26,jm2404,jm2404,1379.0,0.0,0.0,0.0,1,1355.0,1420.5,2,1379.0,0.0,0.0,0.0,0.0,0.0,14
2023-05-10 21:49:27,jm2404,jm2404,1379.0,0.0,0.0,0.0,1,1355.0,1420.0,1,1379.0,0.0,0.0,0.0,0.0,0.0,14
2023-05-10 21:49:35,jm2404,jm2404,1379.0,0.0,0.0,0.0,1,1355.0,1420.0,3,1379.0,0.0,0.0,0.0,0.0,0.0,14
2023-05-10 21:50:17,jm2404,jm2404,1379.0,0.0,0.0,0.0,1,1355.0,1420.0,2,1379.0,0.0,0.0,0.0,0.0,0.0,14
2023-05-10 21:50:27,jm2404,jm2404,1379.0,0.0,0.0,0.0,1,1355.0,1419.5,2,1379.0,0.0,0.0,0.0,0.0,0.0,14
2023-05-10 21:50:31,jm2404,jm2404,1379.0,0.0,0.0,0.0,1,1355.0,1419.0,2,1379.0,0.0,0.0,0.0,0.0,0.0,14
2023-05-10 21:50:54,jm2404,jm2404,1379.0,0.0,0.0,0.0,1,1355.0,1418.5,1,1379.0,0.0,0.0,0.0,0.0,0.0,14
2023-05-10 21:50:56,jm2404,jm2404,1379.0,0.0,0.0,0.0,1,1355.0,1419.5,2,1379.0,0.0,0.0,0.0,0.0,0.0,14
2023-05-10 21:50:57,jm2404,jm2404,1379.0,0.0,0.0,0.0,1,1355.0,1419.0,1,1379.0,0.0,0.0,0.0,0.0,0.0,14
2023-05-10 21:50:57,jm2404,jm2404,1379.0,0.0,0.0,0.0,1,1355.0,1419.0,3,1379.0,0.0,0.0,0.0,0.0,0.0,14
2023-05-10 21:51:29,jm2404,jm2404,1379.0,0.0,0.0,0.0,1,1355.0,1419.0,2,1379.0,0.0,0.0,0.0,0.0,0.0,14
2023-05-10 21:51:30,jm2404,jm2404,1379.0,0.0,0.0,0.0,1,1355.0,1418.5,1,1379.0,0.0,0.0,0.0,0.0,0.0,14
2023-05-10 21:51:30,jm2404,jm2404,1379.0,0.0,0.0,0.0,1,1355.0,1419.5,2,1379.0,0.0,0.0,0.0,0.0,0.0,14
2023-05-10 21:51:31,jm2404,jm2404,1379.0,0.0,0.0,0.0,1,1355.0,1419.0,1,1379.0,0.0,0.0,0.0,0.0,0.0,14
2023-05-10 21:51:34,jm2404,jm2404,1379.0,0.0,0.0,0.0,1,1355.0,1418.5,2,1379.0,0.0,0.0,0.0,0.0,0.0,14
2023-05-10 21:51:54,jm2404,jm2404,1379.0,0.0,0.0,0.0,1,1355.0,1418.0,1,1379.0,0.0,0.0,0.0,0.0,0.0,14
2023-05-10 21:51:55,jm2404,jm2404,1379.0,0.0,0.0,0.0,1,1355.0,1418.0,3,1379.0,0.0,0.0,0.0,0.0,0.0,14
2023-05-10 21:51:58,jm2404,jm2404,1379.0,0.0,0.0,0.0,1,1355.0,1417.5,2,1379.0,0.0,0.0,0.0,0.0,0.0,14
2023-05-10 21:52:05,jm2404,jm2404,1379.0,0.0,0.0,0.0,1,1355.0,1417.0,1,1379.0,0.0,0.0,0.0,0.0,0.0,14
2023-05-10 21:52:07,jm2404,jm2404,1379.0,0.0,0.0,0.0,1,1354.5,1417.0,1,1379.0,0.0,0.0,0.0,0.0,0.0,14
2023-05-10 21:52:08,jm2404,jm2404,1379.0,0.0,0.0,0.0,1,1354.5,1416.5,2,1379.0,0.0,0.0,0.0,0.0,0.0,14
2023-05-10 21:52:09,jm2404,jm2404,1379.0,0.0,0.0,0.0,1,1354.5,1416.0,1,1379.0,0.0,0.0,0.0,0.0,0.0,14
2023-05-10 21:52:13,jm2404,jm2404,1379.0,0.0,0.0,0.0,1,1355.0,1416.5,2,1379.0,0.0,0.0,0.0,0.0,0.0,14
2023-05-10 21:52:15,jm2404,jm2404,1379.0,0.0,0.0,0.0,1,1354.5,1416.0,1,1379.0,0.0,0.0,0.0,0.0,0.0,14
2023-05-10 21:52:23,jm2404,jm2404,1379.0,0.0,0.0,0.0,1,1355.0,1416.0,1,1379.0,0.0,0.0,0.0,0.0,0.0,14
2023-05-10 21:52:23,jm2404,jm2404,1379.0,0.0,0.0,0.0,1,1355.0,1418.0,2,1379.0,0.0,0.0,0.0,0.0,0.0,14
2023-05-10 21:52:24,jm2404,jm2404,1379.0,0.0,0.0,0.0,1,1355.0,1417.5,1,1379.0,0.0,0.0,0.0,0.0,0.0,14
2023-05-10 21:52:24,jm2404,jm2404,1379.0,0.0,0.0,0.0,1,1355.0,1417.0,2,1379.0,0.0,0.0,0.0,0.0,0.0,14
2023-05-10 21:52:39,jm2404,jm2404,1379.0,0.0,0.0,0.0,1,1355.0,1416.5,2,1379.0,0.0,0.0,0.0,0.0,0.0,14
2023-05-10 21:52:42,jm2404,jm2404,1379.0,0.0,0.0,0.0,1,1355.0,1416.0,2,1379.0,0.0,0.0,0.0,0.0,0.0,14
2023-05-10 21:52:51,jm2404,jm2404,1379.0,0.0,0.0,0.0,1,1354.5,1416.0,2,1379.0,0.0,0.0,0.0,0.0,0.0,14
2023-05-10 21:52:52,jm2404,jm2404,1379.0,0.0,0.0,0.0,1,1355.0,1416.0,2,1379.0,0.0,0.0,0.0,0.0,0.0,14
2023-05-10 21:53:22,jm2404,jm2404,1379.0,0.0,0.0,0.0,1,1355.0,1415.5,2,1379.0,0.0,0.0,0.0,0.0,0.0,14
2023-05-10 21:53:26,jm2404,jm2404,1379.0,0.0,0.0,0.0,1,1355.0,1415.0,2,1379.0,0.0,0.0,0.0,0.0,0.0,14
2023-05-10 21:54:05,jm2404,jm2404,1379.0,0.0,0.0,0.0,1,1354.5,1415.0,2,1379.0,0.0,0.0,0.0,0.0,0.0,14
2023-05-10 21:54:06,jm2404,jm2404,1379.0,0.0,0.0,0.0,1,1354.5,1414.5,2,1379.0,0.0,0.0,0.0,0.0,0.0,14
2023-05-10 21:54:07,jm2404,jm2404,1379.0,0.0,0.0,0.0,1,1355.0,1414.5,2,1379.0,0.0,0.0,0.0,0.0,0.0,14
2023-05-10 21:54:09,jm2404,jm2404,1379.0,0.0,0.0,0.0,1,1354.5,1414.5,2,1379.0,0.0,0.0,0.0,0.0,0.0,14
2023-05-10 21:54:09,jm2404,jm2404,1379.0,0.0,0.0,0.0,1,1354.5,1414.0,2,1379.0,0.0,0.0,0.0,0.0,0.0,14
2023-05-10 21:54:16,jm2404,jm2404,1379.0,0.0,0.0,0.0,1,1355.0,1414.0,2,1379.0,0.0,0.0,0.0,0.0,0.0,14
2023-05-10 21:54:18,jm2404,jm2404,1379.0,0.0,0.0,0.0,1,1354.5,1414.0,2,1379.0,0.0,0.0,0.0,0.0,0.0,14
2023-05-10 21:54:50,jm2404,jm2404,1379.0,0.0,0.0,0.0,1,1354.5,1413.5,2,1379.0,0.0,0.0,0.0,0.0,0.0,14
2023-05-10 21:54:55,jm2404,jm2404,1379.0,0.0,0.0,0.0,1,1354.5,1413.0,2,1379.0,0.0,0.0,0.0,0.0,0.0,14
2023-05-10 21:54:57,jm2404,jm2404,1379.0,0.0,0.0,0.0,1,1355.0,1413.0,2,1379.0,0.0,0.0,0.0,0.0,0.0,14
2023-05-10 21:55:02,jm2404,jm2404,1379.0,0.0,0.0,0.0,1,1354.5,1413.0,2,1379.0,0.0,0.0,0.0,0.0,0.0,14
2023-05-10 21:56:08,jm2404,jm2404,1379.0,0.0,0.0,0.0,1,1355.0,1413.0,2,1379.0,0.0,0.0,0.0,0.0,0.0,14
2023-05-10 21:56:10,jm2404,jm2404,1379.0,0.0,0.0,0.0,1,1354.5,1413.0,2,1379.0,0.0,0.0,0.0,0.0,0.0,14
2023-05-10 21:56:10,jm2404,jm2404,1379.0,0.0,0.0,0.0,1,1355.0,1413.0,2,1379.0,0.0,0.0,0.0,0.0,0.0,14
2023-05-10 21:56:11,jm2404,jm2404,1379.0,0.0,0.0,0.0,1,1354.5,1413.0,2,1379.0,0.0,0.0,0.0,0.0,0.0,14
2023-05-10 21:56:16,jm2404,jm2404,1379.0,0.0,0.0,0.0,1,1354.5,1412.5,2,1379.0,0.0,0.0,0.0,0.0,0.0,14
2023-05-10 21:56:20,jm2404,jm2404,1379.0,0.0,0.0,0.0,1,1354.5,1412.0,2,1379.0,0.0,0.0,0.0,0.0,0.0,14
2023-05-10 21:56:24,jm2404,jm2404,1379.0,0.0,0.0,0.0,1,1355.0,1412.0,2,1379.0,0.0,0.0,0.0,0.0,0.0,14
2023-05-10 21:56:28,jm2404,jm2404,1379.0,0.0,0.0,0.0,1,1354.5,1412.0,2,1379.0,0.0,0.0,0.0,0.0,0.0,14
2023-05-10 21:56:29,jm2404,jm2404,1379.0,0.0,0.0,0.0,1,1355.0,1412.0,2,1379.0,0.0,0.0,0.0,0.0,0.0,14
2023-05-10 21:56:38,jm2404,jm2404,1379.0,0.0,0.0,0.0,1,1354.5,1412.0,2,1379.0,0.0,0.0,0.0,0.0,0.0,14
2023-05-10 21:56:38,jm2404,jm2404,1379.0,0.0,0.0,0.0,1,1355.0,1412.0,2,1379.0,0.0,0.0,0.0,0.0,0.0,14
2023-05-10 21:57:00,jm2404,jm2404,1379.0,0.0,0.0,0.0,2,1355.5,1412.0,2,1379.0,0.0,0.0,0.0,0.0,0.0,14
2023-05-10 21:57:08,jm2404,jm2404,1379.0,0.0,0.0,0.0,1,1354.5,1412.0,2,1379.0,0.0,0.0,0.0,0.0,0.0,14
2023-05-10 21:57:10,jm2404,jm2404,1379.0,0.0,0.0,0.0,1,1355.0,1412.0,2,1379.0,0.0,0.0,0.0,0.0,0.0,14
2023-05-10 21:57:19,jm2404,jm2404,1379.0,0.0,0.0,0.0,1,1355.0,1437.0,1,1379.0,0.0,0.0,0.0,0.0,0.0,14
2023-05-10 21:57:20,jm2404,jm2404,1379.0,0.0,0.0,0.0,1,1355.0,1428.0,1,1379.0,0.0,0.0,0.0,0.0,0.0,14
2023-05-10 21:57:21,jm2404,jm2404,1379.0,0.0,0.0,0.0,1,1355.0,1427.5,2,1379.0,0.0,0.0,0.0,0.0,0.0,14
2023-05-10 21:57:22,jm2404,jm2404,1379.0,0.0,0.0,0.0,1,1355.0,1425.5,1,1379.0,0.0,0.0,0.0,0.0,0.0,14
2023-05-10 21:57:38,jm2404,jm2404,1379.0,0.0,0.0,0.0,1,1355.0,1425.0,2,1379.0,0.0,0.0,0.0,0.0,0.0,14
2023-05-10 21:57:39,jm2404,jm2404,1379.0,0.0,0.0,0.0,1,1355.0,1423.0,1,1379.0,0.0,0.0,0.0,0.0,0.0,14
2023-05-10 21:57:43,jm2404,jm2404,1379.0,0.0,0.0,0.0,1,1355.0,1422.5,2,1379.0,0.0,0.0,0.0,0.0,0.0,14
2023-05-10 21:57:44,jm2404,jm2404,1379.0,0.0,0.0,0.0,1,1355.0,1421.5,1,1379.0,0.0,0.0,0.0,0.0,0.0,14
2023-05-10 21:57:56,jm2404,jm2404,1379.0,0.0,0.0,0.0,1,1355.0,1421.0,2,1379.0,0.0,0.0,0.0,0.0,0.0,14
2023-05-10 21:57:57,jm2404,jm2404,1379.0,0.0,0.0,0.0,1,1355.0,1420.0,1,1379.0,0.0,0.0,0.0,0.0,0.0,14
2023-05-10 21:58:02,jm2404,jm2404,1379.0,0.0,0.0,0.0,1,1355.0,1419.5,2,1379.0,0.0,0.0,0.0,0.0,0.0,14
2023-05-10 21:58:03,jm2404,jm2404,1379.0,0.0,0.0,0.0,1,1355.0,1419.0,1,1379.0,0.0,0.0,0.0,0.0,0.0,14
2023-05-10 21:58:20,jm2404,jm2404,1379.0,0.0,0.0,0.0,1,1355.0,1418.5,2,1379.0,0.0,0.0,0.0,0.0,0.0,14
2023-05-10 21:58:21,jm2404,jm2404,1379.0,0.0,0.0,0.0,1,1355.0,1418.0,1,1379.0,0.0,0.0,0.0,0.0,0.0,14
2023-05-10 21:58:28,jm2404,jm2404,1379.0,0.0,0.0,0.0,1,1355.0,1417.5,2,1379.0,0.0,0.0,0.0,0.0,0.0,14
2023-05-10 21:58:29,jm2404,jm2404,1379.0,0.0,0.0,0.0,1,1355.0,1417.0,1,1379.0,0.0,0.0,0.0,0.0,0.0,14
2023-05-10 21:58:32,jm2404,jm2404,1379.0,0.0,0.0,0.0,1,1355.0,1417.5,2,1379.0,0.0,0.0,0.0,0.0,0.0,14
2023-05-10 21:58:34,jm2404,jm2404,1379.0,0.0,0.0,0.0,1,1355.0,1417.0,1,1379.0,0.0,0.0,0.0,0.0,0.0,14
2023-05-10 21:58:38,jm2404,jm2404,1379.0,0.0,0.0,0.0,1,1355.0,1416.5,2,1379.0,0.0,0.0,0.0,0.0,0.0,14
2023-05-10 21:59:15,jm2404,jm2404,1379.0,0.0,0.0,0.0,1,1355.0,1416.0,2,1379.0,0.0,0.0,0.0,0.0,0.0,14
2023-05-10 21:59:19,jm2404,jm2404,1379.0,0.0,0.0,0.0,1,1355.0,1415.5,2,1379.0,0.0,0.0,0.0,0.0,0.0,14
2023-05-10 21:59:30,jm2404,jm2404,1379.0,0.0,0.0,0.0,1,1355.0,1436.5,1,1379.0,0.0,0.0,0.0,0.0,0.0,14
2023-05-10 21:59:31,jm2404,jm2404,1379.0,0.0,0.0,0.0,1,1355.0,1428.5,1,1379.0,0.0,0.0,0.0,0.0,0.0,14
2023-05-10 21:59:33,jm2404,jm2404,1379.0,0.0,0.0,0.0,1,1355.0,1428.0,2,1379.0,0.0,0.0,0.0,0.0,0.0,14
2023-05-10 21:59:33,jm2404,jm2404,1379.0,0.0,0.0,0.0,1,1355.0,1426.0,1,1379.0,0.0,0.0,0.0,0.0,0.0,14
2023-05-10 21:59:51,jm2404,jm2404,1379.0,0.0,0.0,0.0,1,1355.0,1425.5,2,1379.0,0.0,0.0,0.0,0.0,0.0,14
2023-05-10 21:59:52,jm2404,jm2404,1379.0,0.0,0.0,0.0,1,1355.0,1423.5,1,1379.0,0.0,0.0,0.0,0.0,0.0,14
2023-05-10 21:59:59,jm2404,jm2404,1379.0,0.0,0.0,0.0,1,1355.0,1423.0,2,1379.0,0.0,0.0,0.0,0.0,0.0,14
2023-05-10 21:59:59,jm2404,jm2404,1379.0,0.0,0.0,0.0,1,1355.0,1422.0,1,1379.0,0.0,0.0,0.0,0.0,0.0,14
2023-05-10 22:00:03,jm2404,jm2404,1379.0,0.0,0.0,0.0,1,1355.0,1421.5,2,1379.0,0.0,0.0,0.0,0.0,0.0,14
2023-05-10 22:00:03,jm2404,jm2404,1379.0,0.0,0.0,0.0,1,1355.0,1419.5,1,1379.0,0.0,0.0,0.0,0.0,0.0,14
2023-05-10 22:00:21,jm2404,jm2404,1379.0,0.0,0.0,0.0,1,1355.0,1419.0,2,1379.0,0.0,0.0,0.0,0.0,0.0,14
2023-05-10 22:00:22,jm2404,jm2404,1379.0,0.0,0.0,0.0,1,1355.0,1418.5,1,1379.0,0.0,0.0,0.0,0.0,0.0,14
2023-05-10 22:00:23,jm2404,jm2404,1379.0,0.0,0.0,0.0,1,1355.0,1419.0,2,1379.0,0.0,0.0,0.0,0.0,0.0,14
2023-05-10 22:00:25,jm2404,jm2404,1379.0,0.0,0.0,0.0,1,1355.0,1439.0,1,1379.0,0.0,0.0,0.0,0.0,0.0,14
2023-05-10 22:00:26,jm2404,jm2404,1379.0,0.0,0.0,0.0,1,1355.0,1431.0,1,1379.0,0.0,0.0,0.0,0.0,0.0,14
2023-05-10 22:00:28,jm2404,jm2404,1379.0,0.0,0.0,0.0,1,1355.0,1430.5,2,1379.0,0.0,0.0,0.0,0.0,0.0,14
2023-05-10 22:00:29,jm2404,jm2404,1379.0,0.0,0.0,0.0,1,1355.0,1428.5,1,1379.0,0.0,0.0,0.0,0.0,0.0,14
2023-05-10 22:00:39,jm2404,jm2404,1379.0,0.0,0.0,0.0,1,1355.5,1428.5,1,1379.0,0.0,0.0,0.0,0.0,0.0,14
2023-05-10 22:00:40,jm2404,jm2404,1379.0,0.0,0.0,0.0,1,1356.5,1428.5,1,1379.0,0.0,0.0,0.0,0.0,0.0,14
2023-05-10 22:00:42,jm2404,jm2404,1379.0,0.0,0.0,0.0,1,1356.5,1428.0,2,1379.0,0.0,0.0,0.0,0.0,0.0,14
2023-05-10 22:00:43,jm2404,jm2404,1379.0,0.0,0.0,0.0,1,1356.5,1426.0,1,1379.0,0.0,0.0,0.0,0.0,0.0,14
2023-05-10 22:00:44,jm2404,jm2404,1379.0,0.0,0.0,0.0,1,1356.5,1425.5,2,1379.0,0.0,0.0,0.0,0.0,0.0,14
2023-05-10 22:00:45,jm2404,jm2404,1379.0,0.0,0.0,0.0,1,1356.5,1424.5,1,1379.0,0.0,0.0,0.0,0.0,0.0,14
2023-05-10 22:00:50,jm2404,jm2404,1379.0,0.0,0.0,0.0,1,1357.0,1424.5,1,1379.0,0.0,0.0,0.0,0.0,0.0,14
2023-05-10 22:00:51,jm2404,jm2404,1379.0,0.0,0.0,0.0,1,1358.0,1424.5,1,1379.0,0.0,0.0,0.0,0.0,0.0,14
2023-05-10 22:00:56,jm2404,jm2404,1379.0,0.0,0.0,0.0,1,1360.0,1424.5,1,1379.0,0.0,0.0,0.0,0.0,0.0,14
2023-05-10 22:01:01,jm2404,jm2404,1379.0,0.0,0.0,0.0,1,1360.0,1424.0,2,1379.0,0.0,0.0,0.0,0.0,0.0,14
2023-05-10 22:01:01,jm2404,jm2404,1379.0,0.0,0.0,0.0,1,1360.0,1423.0,1,1379.0,0.0,0.0,0.0,0.0,0.0,14
2023-05-10 22:01:19,jm2404,jm2404,1379.0,0.0,0.0,0.0,1,1360.0,1422.5,2,1379.0,0.0,0.0,0.0,0.0,0.0,14
2023-05-10 22:01:20,jm2404,jm2404,1379.0,0.0,0.0,0.0,1,1360.0,1421.5,1,1379.0,0.0,0.0,0.0,0.0,0.0,14
2023-05-10 22:01:27,jm2404,jm2404,1379.0,0.0,0.0,0.0,1,1360.0,1421.0,2,1379.0,0.0,0.0,0.0,0.0,0.0,14
2023-05-10 22:01:27,jm2404,jm2404,1379.0,0.0,0.0,0.0,1,1360.0,1420.5,1,1379.0,0.0,0.0,0.0,0.0,0.0,14
2023-05-10 22:01:29,jm2404,jm2404,1379.0,0.0,0.0,0.0,1,1360.0,1421.0,2,1379.0,0.0,0.0,0.0,0.0,0.0,14
2023-05-10 22:01:36,jm2404,jm2404,1379.0,0.0,0.0,0.0,1,1360.0,1420.5,2,1379.0,0.0,0.0,0.0,0.0,0.0,14
2023-05-10 22:01:46,jm2404,jm2404,1379.0,0.0,0.0,0.0,1,1360.0,1420.0,1,1379.0,0.0,0.0,0.0,0.0,0.0,14
2023-05-10 22:01:53,jm2404,jm2404,1379.0,0.0,0.0,0.0,1,1360.0,1419.5,2,1379.0,0.0,0.0,0.0,0.0,0.0,14
2023-05-10 22:02:44,jm2404,jm2404,1379.0,0.0,0.0,0.0,1,1360.5,1419.5,2,1379.0,0.0,0.0,0.0,0.0,0.0,14
2023-05-10 22:02:44,jm2404,jm2404,1379.0,0.0,0.0,0.0,1,1360.0,1419.5,2,1379.0,0.0,0.0,0.0,0.0,0.0,14
2023-05-10 22:02:45,jm2404,jm2404,1379.0,0.0,0.0,0.0,1,1360.5,1419.5,2,1379.0,0.0,0.0,0.0,0.0,0.0,14
2023-05-10 22:02:50,jm2404,jm2404,1379.0,0.0,0.0,0.0,1,1360.0,1419.5,2,1379.0,0.0,0.0,0.0,0.0,0.0,14
2023-05-10 22:02:52,jm2404,jm2404,1379.0,0.0,0.0,0.0,1,1360.5,1419.5,2,1379.0,0.0,0.0,0.0,0.0,0.0,14
2023-05-10 22:02:54,jm2404,jm2404,1379.0,0.0,0.0,0.0,1,1360.5,1441.5,1,1379.0,0.0,0.0,0.0,0.0,0.0,14
2023-05-10 22:02:55,jm2404,jm2404,1379.0,0.0,0.0,0.0,2,1361.0,1433.0,1,1379.0,0.0,0.0,0.0,0.0,0.0,14
2023-05-10 22:02:55,jm2404,jm2404,1379.0,0.0,0.0,0.0,1,1361.5,1433.0,1,1379.0,0.0,0.0,0.0,0.0,0.0,14
2023-05-10 22:02:56,jm2404,jm2404,1379.0,0.0,0.0,0.0,2,1361.0,1433.0,1,1379.0,0.0,0.0,0.0,0.0,0.0,14
2023-05-10 22:02:57,jm2404,jm2404,1379.0,0.0,0.0,0.0,1,1361.5,1432.5,2,1379.0,0.0,0.0,0.0,0.0,0.0,14
2023-05-10 22:02:57,jm2404,jm2404,1379.0,0.0,0.0,0.0,1,1361.5,1430.5,1,1379.0,0.0,0.0,0.0,0.0,0.0,14
2023-05-10 22:02:59,jm2404,jm2404,1379.0,0.0,0.0,0.0,1,1360.0,1430.5,1,1379.0,0.0,0.0,0.0,0.0,0.0,14
2023-05-10 22:02:59,jm2404,jm2404,1379.0,0.0,0.0,0.0,1,1360.5,1430.5,1,1379.0,0.0,0.0,0.0,0.0,0.0,14
2023-05-10 22:03:01,jm2404,jm2404,1379.0,0.0,0.0,0.0,1,1360.0,1430.5,1,1379.0,0.0,0.0,0.0,0.0,0.0,14
2023-05-10 22:03:02,jm2404,jm2404,1379.0,0.0,0.0,0.0,1,1360.0,1430.0,2,1379.0,0.0,0.0,0.0,0.0,0.0,14
2023-05-10 22:03:03,jm2404,jm2404,1379.0,0.0,0.0,0.0,1,1360.0,1428.0,1,1379.0,0.0,0.0,0.0,0.0,0.0,14
2023-05-10 22:03:20,jm2404,jm2404,1379.0,0.0,0.0,0.0,1,1360.0,1427.5,2,1379.0,0.0,0.0,0.0,0.0,0.0,14
2023-05-10 22:03:21,jm2404,jm2404,1379.0,0.0,0.0,0.0,1,1360.0,1425.5,1,1379.0,0.0,0.0,0.0,0.0,0.0,14
2023-05-10 22:03:39,jm2404,jm2404,1379.0,0.0,0.0,0.0,1,1360.0,1425.0,2,1379.0,0.0,0.0,0.0,0.0,0.0,14
2023-05-10 22:03:39,jm2404,jm2404,1379.0,0.0,0.0,0.0,1,1360.0,1424.0,1,1379.0,0.0,0.0,0.0,0.0,0.0,14
2023-05-10 22:03:54,jm2404,jm2404,1379.0,0.0,0.0,0.0,1,1360.5,1424.0,1,1379.0,0.0,0.0,0.0,0.0,0.0,14
2023-05-10 22:03:56,jm2404,jm2404,1379.0,0.0,0.0,0.0,1,1360.5,1423.5,2,1379.0,0.0,0.0,0.0,0.0,0.0,14
2023-05-10 22:03:56,jm2404,jm2404,1379.0,0.0,0.0,0.0,1,1360.5,1423.0,1,1379.0,0.0,0.0,0.0,0.0,0.0,14
2023-05-10 22:04:03,jm2404,jm2404,1379.0,0.0,0.0,0.0,1,1360.5,1422.5,2,1379.0,0.0,0.0,0.0,0.0,0.0,14
2023-05-10 22:04:09,jm2404,jm2404,1379.0,0.0,0.0,0.0,1,1360.5,1422.0,1,1379.0,0.0,0.0,0.0,0.0,0.0,14
2023-05-10 22:04:11,jm2404,jm2404,1379.0,0.0,0.0,0.0,1,1360.5,1422.5,2,1379.0,0.0,0.0,0.0,0.0,0.0,14
2023-05-10 22:04:23,jm2404,jm2404,1379.0,0.0,0.0,0.0,2,1361.0,1422.5,2,1379.0,0.0,0.0,0.0,0.0,0.0,14
2023-05-10 22:04:24,jm2404,jm2404,1379.0,0.0,0.0,0.0,1,1361.5,1422.5,2,1379.0,0.0,0.0,0.0,0.0,0.0,14
2023-05-10 22:04:36,jm2404,jm2404,1379.0,0.0,0.0,0.0,2,1361.0,1422.5,2,1379.0,0.0,0.0,0.0,0.0,0.0,14
2023-05-10 22:04:51,jm2404,jm2404,1379.0,0.0,0.0,0.0,2,1361.0,1422.0,1,1379.0,0.0,0.0,0.0,0.0,0.0,14
2023-05-10 22:04:55,jm2404,jm2404,1379.0,0.0,0.0,0.0,2,1361.0,1421.5,2,1379.0,0.0,0.0,0.0,0.0,0.0,14
2023-05-10 22:05:01,jm2404,jm2404,1379.0,0.0,0.0,0.0,1,1361.5,1421.5,2,1379.0,0.0,0.0,0.0,0.0,0.0,14
2023-05-10 22:05:08,jm2404,jm2404,1379.0,0.0,0.0,0.0,2,1361.0,1421.5,2,1379.0,0.0,0.0,0.0,0.0,0.0,14
2023-05-10 22:05:17,jm2404,jm2404,1379.0,0.0,0.0,0.0,1,1361.5,1421.5,2,1379.0,0.0,0.0,0.0,0.0,0.0,14
2023-05-10 22:05:19,jm2404,jm2404,1379.0,0.0,0.0,0.0,2,1361.0,1421.5,2,1379.0,0.0,0.0,0.0,0.0,0.0,14
2023-05-10 22:05:20,jm2404,jm2404,1379.0,0.0,0.0,0.0,1,1361.5,1421.5,2,1379.0,0.0,0.0,0.0,0.0,0.0,14
2023-05-10 22:06:22,jm2404,jm2404,1379.0,0.0,0.0,0.0,1,1362.0,1421.5,2,1379.0,0.0,0.0,0.0,0.0,0.0,14
2023-05-10 22:06:23,jm2404,jm2404,1379.0,0.0,0.0,0.0,1,1362.5,1421.5,2,1379.0,0.0,0.0,0.0,0.0,0.0,14
2023-05-10 22:06:28,jm2404,jm2404,1379.0,0.0,0.0,0.0,1,1363.0,1421.5,2,1379.0,0.0,0.0,0.0,0.0,0.0,14
2023-05-10 22:06:29,jm2404,jm2404,1379.0,0.0,0.0,0.0,1,1363.5,1444.5,1,1379.0,0.0,0.0,0.0,0.0,0.0,14
2023-05-10 22:06:30,jm2404,jm2404,1379.0,0.0,0.0,0.0,1,1363.5,1435.0,1,1379.0,0.0,0.0,0.0,0.0,0.0,14
2023-05-10 22:06:32,jm2404,jm2404,1379.0,0.0,0.0,0.0,1,1363.5,1434.5,2,1379.0,0.0,0.0,0.0,0.0,0.0,14
2023-05-10 22:06:32,jm2404,jm2404,1379.0,0.0,0.0,0.0,1,1363.5,1432.5,1,1379.0,0.0,0.0,0.0,0.0,0.0,14
2023-05-10 22:06:35,jm2404,jm2404,1379.0,0.0,0.0,0.0,1,1363.5,1432.0,2,1379.0,0.0,0.0,0.0,0.0,0.0,14
2023-05-10 22:06:35,jm2404,jm2404,1379.0,0.0,0.0,0.0,1,1363.5,1430.0,1,1379.0,0.0,0.0,0.0,0.0,0.0,14
2023-05-10 22:06:37,jm2404,jm2404,1379.0,0.0,0.0,0.0,1,1364.0,1430.0,1,1379.0,0.0,0.0,0.0,0.0,0.0,14
2023-05-10 22:06:50,jm2404,jm2404,1379.0,0.0,0.0,0.0,1,1364.0,1429.5,2,1379.0,0.0,0.0,0.0,0.0,0.0,14
2023-05-10 22:06:51,jm2404,jm2404,1379.0,0.0,0.0,0.0,1,1364.0,1428.5,1,1379.0,0.0,0.0,0.0,0.0,0.0,14
2023-05-10 22:07:05,jm2404,jm2404,1379.0,0.0,0.0,0.0,1,1364.0,1428.0,2,1379.0,0.0,0.0,0.0,0.0,0.0,14
2023-05-10 22:07:05,jm2404,jm2404,1379.0,0.0,0.0,0.0,1,1364.0,1427.0,1,1379.0,0.0,0.0,0.0,0.0,0.0,14
2023-05-10 22:07:18,jm2404,jm2404,1379.0,0.0,0.0,0.0,2,1364.5,1427.0,1,1379.0,0.0,0.0,0.0,0.0,0.0,14
2023-05-10 22:07:21,jm2404,jm2404,1379.0,0.0,0.0,0.0,1,1364.0,1427.0,1,1379.0,0.0,0.0,0.0,0.0,0.0,14
2023-05-10 22:07:23,jm2404,jm2404,1379.0,0.0,0.0,0.0,1,1364.0,1426.5,2,1379.0,0.0,0.0,0.0,0.0,0.0,14
2023-05-10 22:07:23,jm2404,jm2404,1379.0,0.0,0.0,0.0,1,1364.0,1425.5,1,1379.0,0.0,0.0,0.0,0.0,0.0,14
2023-05-10 22:07:42,jm2404,jm2404,1379.0,0.0,0.0,0.0,1,1364.0,1425.0,2,1379.0,0.0,0.0,0.0,0.0,0.0,14
2023-05-10 22:07:42,jm2404,jm2404,1379.0,0.0,0.0,0.0,1,1364.0,1424.5,1,1379.0,0.0,0.0,0.0,0.0,0.0,14
2023-05-10 22:07:55,jm2404,jm2404,1379.0,0.0,0.0,0.0,1,1364.0,1425.0,2,1379.0,0.0,0.0,0.0,0.0,0.0,14
2023-05-10 22:08:02,jm2404,jm2404,1379.0,0.0,0.0,0.0,2,1364.5,1425.0,2,1379.0,0.0,0.0,0.0,0.0,0.0,14
2023-05-10 22:08:08,jm2404,jm2404,1379.0,0.0,0.0,0.0,1,1365.0,1425.0,2,1379.0,0.0,0.0,0.0,0.0,0.0,14
2023-05-10 22:08:20,jm2404,jm2404,1379.0,0.0,0.0,0.0,2,1364.5,1425.0,2,1379.0,0.0,0.0,0.0,0.0,0.0,14
2023-05-10 22:08:21,jm2404,jm2404,1379.0,0.0,0.0,0.0,1,1365.0,1425.0,2,1379.0,0.0,0.0,0.0,0.0,0.0,14
2023-05-10 22:09:00,jm2404,jm2404,1379.0,0.0,0.0,0.0,1,1364.0,1425.0,2,1379.0,0.0,0.0,0.0,0.0,0.0,14
2023-05-10 22:09:07,jm2404,jm2404,1379.0,0.0,0.0,0.0,1,1364.0,1424.5,1,1379.0,0.0,0.0,0.0,0.0,0.0,14
2023-05-10 22:09:11,jm2404,jm2404,1379.0,0.0,0.0,0.0,1,1364.0,1424.0,2,1379.0,0.0,0.0,0.0,0.0,0.0,14
2023-05-10 22:09:27,jm2404,jm2404,1379.0,0.0,0.0,0.0,1,1364.0,1423.5,1,1379.0,0.0,0.0,0.0,0.0,0.0,14
2023-05-10 22:09:30,jm2404,jm2404,1379.0,0.0,0.0,0.0,2,1364.5,1423.5,1,1379.0,0.0,0.0,0.0,0.0,0.0,14
2023-05-10 22:09:30,jm2404,jm2404,1379.0,0.0,0.0,0.0,2,1364.5,1423.0,2,1379.0,0.0,0.0,0.0,0.0,0.0,14
2023-05-10 22:09:58,jm2404,jm2404,1379.0,0.0,0.0,0.0,2,1364.5,1422.5,1,1379.0,0.0,0.0,0.0,0.0,0.0,14
2023-05-10 22:10:03,jm2404,jm2404,1379.0,0.0,0.0,0.0,1,1365.0,1422.5,1,1379.0,0.0,0.0,0.0,0.0,0.0,14
2023-05-10 22:10:03,jm2404,jm2404,1379.0,0.0,0.0,0.0,1,1365.0,1422.0,2,1379.0,0.0,0.0,0.0,0.0,0.0,14
2023-05-10 22:10:06,jm2404,jm2404,1379.0,0.0,0.0,0.0,1,1365.0,1421.5,1,1379.0,0.0,0.0,0.0,0.0,0.0,14
2023-05-10 22:10:13,jm2404,jm2404,1379.0,0.0,0.0,0.0,1,1365.0,1421.0,2,1379.0,0.0,0.0,0.0,0.0,0.0,14
2023-05-10 22:10:13,jm2404,jm2404,1379.0,0.0,0.0,0.0,1,1365.0,1420.5,1,1379.0,0.0,0.0,0.0,0.0,0.0,14
2023-05-10 22:10:21,jm2404,jm2404,1379.0,0.0,0.0,0.0,1,1365.0,1420.0,2,1379.0,0.0,0.0,0.0,0.0,0.0,14
2023-05-10 22:10:56,jm2404,jm2404,1379.0,0.0,0.0,0.0,1,1365.0,1419.5,2,1379.0,0.0,0.0,0.0,0.0,0.0,14
2023-05-10 22:11:00,jm2404,jm2404,1379.0,0.0,0.0,0.0,1,1365.0,1419.0,2,1379.0,0.0,0.0,0.0,0.0,0.0,14
2023-05-10 22:11:38,jm2404,jm2404,1379.0,0.0,0.0,0.0,2,1365.5,1419.0,2,1379.0,0.0,0.0,0.0,0.0,0.0,14
2023-05-10 22:13:12,jm2404,jm2404,1379.0,0.0,0.0,0.0,1,1365.0,1419.0,2,1379.0,0.0,0.0,0.0,0.0,0.0,14
2023-05-10 22:13:45,jm2404,jm2404,1379.0,0.0,0.0,0.0,1,1360.0,1419.0,2,1379.0,0.0,0.0,0.0,0.0,0.0,14
2023-05-10 22:13:48,jm2404,jm2404,1379.0,0.0,0.0,0.0,2,1360.5,1419.0,2,1379.0,0.0,0.0,0.0,0.0,0.0,14
2023-05-10 22:14:27,jm2404,jm2404,1379.0,0.0,0.0,0.0,1,1360.0,1419.0,2,1379.0,0.0,0.0,0.0,0.0,0.0,14
2023-05-10 22:14:31,jm2404,jm2404,1379.0,0.0,0.0,0.0,2,1360.5,1419.0,2,1379.0,0.0,0.0,0.0,0.0,0.0,14
2023-05-10 22:14:37,jm2404,jm2404,1379.0,0.0,0.0,0.0,1,1361.0,1419.0,2,1379.0,0.0,0.0,0.0,0.0,0.0,14
2023-05-10 22:14:38,jm2404,jm2404,1379.0,0.0,0.0,0.0,2,1360.5,1419.0,2,1379.0,0.0,0.0,0.0,0.0,0.0,14
2023-05-10 22:14:49,jm2404,jm2404,1379.0,0.0,0.0,0.0,1,1361.0,1419.0,2,1379.0,0.0,0.0,0.0,0.0,0.0,14
2023-05-10 22:14:50,jm2404,jm2404,1379.0,0.0,0.0,0.0,2,1360.5,1419.0,2,1379.0,0.0,0.0,0.0,0.0,0.0,14
2023-05-10 22:14:50,jm2404,jm2404,1379.0,0.0,0.0,0.0,2,1360.5,1444.5,1,1379.0,0.0,0.0,0.0,0.0,0.0,14
2023-05-10 22:14:51,jm2404,jm2404,1379.0,0.0,0.0,0.0,2,1360.5,1432.5,1,1379.0,0.0,0.0,0.0,0.0,0.0,14
2023-05-10 22:14:51,jm2404,jm2404,1379.0,0.0,0.0,0.0,1,1360.0,1432.5,1,1379.0,0.0,0.0,0.0,0.0,0.0,14
2023-05-10 22:14:52,jm2404,jm2404,1379.0,0.0,0.0,0.0,1,1360.5,1432.5,1,1379.0,0.0,0.0,0.0,0.0,0.0,14
2023-05-10 22:14:55,jm2404,jm2404,1379.0,0.0,0.0,0.0,1,1360.5,1432.0,2,1379.0,0.0,0.0,0.0,0.0,0.0,14
2023-05-10 22:14:55,jm2404,jm2404,1379.0,0.0,0.0,0.0,1,1360.5,1430.0,1,1379.0,0.0,0.0,0.0,0.0,0.0,14
2023-05-10 22:15:07,jm2404,jm2404,1379.0,0.0,0.0,0.0,1,1360.5,1429.5,2,1379.0,0.0,0.0,0.0,0.0,0.0,14
2023-05-10 22:15:07,jm2404,jm2404,1379.0,0.0,0.0,0.0,1,1360.5,1427.5,1,1379.0,0.0,0.0,0.0,0.0,0.0,14
2023-05-10 22:15:16,jm2404,jm2404,1379.0,0.0,0.0,0.0,1,1360.5,1427.0,2,1379.0,0.0,0.0,0.0,0.0,0.0,14
2023-05-10 22:15:16,jm2404,jm2404,1379.0,0.0,0.0,0.0,1,1360.5,1426.0,1,1379.0,0.0,0.0,0.0,0.0,0.0,14
2023-05-10 22:15:23,jm2404,jm2404,1379.0,0.0,0.0,0.0,1,1360.0,1426.0,1,1379.0,0.0,0.0,0.0,0.0,0.0,14
2023-05-10 22:15:24,jm2404,jm2404,1379.0,0.0,0.0,0.0,1,1360.5,1426.0,1,1379.0,0.0,0.0,0.0,0.0,0.0,14
2023-05-10 22:15:24,jm2404,jm2404,1379.0,0.0,0.0,0.0,1,1360.5,1425.5,2,1379.0,0.0,0.0,0.0,0.0,0.0,14
2023-05-10 22:15:25,jm2404,jm2404,1379.0,0.0,0.0,0.0,1,1360.5,1424.5,1,1379.0,0.0,0.0,0.0,0.0,0.0,14
2023-05-10 22:15:26,jm2404,jm2404,1379.0,0.0,0.0,0.0,1,1360.0,1424.5,1,1379.0,0.0,0.0,0.0,0.0,0.0,14
2023-05-10 22:15:27,jm2404,jm2404,1379.0,0.0,0.0,0.0,1,1360.5,1424.5,1,1379.0,0.0,0.0,0.0,0.0,0.0,14
2023-05-10 22:15:27,jm2404,jm2404,1379.0,0.0,0.0,0.0,1,1360.0,1424.5,1,1379.0,0.0,0.0,0.0,0.0,0.0,14
2023-05-10 22:15:42,jm2404,jm2404,1379.0,0.0,0.0,0.0,1,1360.0,1424.0,2,1379.0,0.0,0.0,0.0,0.0,0.0,14
2023-05-10 22:15:42,jm2404,jm2404,1379.0,0.0,0.0,0.0,1,1360.0,1423.0,1,1379.0,0.0,0.0,0.0,0.0,0.0,14
2023-05-10 22:15:59,jm2404,jm2404,1379.0,0.0,0.0,0.0,1,1360.0,1422.5,4,1379.0,0.0,0.0,0.0,0.0,0.0,14
2023-05-10 22:15:59,jm2404,jm2404,1379.0,0.0,0.0,0.0,1,1360.0,1422.0,1,1379.0,0.0,0.0,0.0,0.0,0.0,14
2023-05-10 22:16:04,jm2404,jm2404,1379.0,0.0,0.0,0.0,1,1360.0,1421.5,2,1379.0,0.0,0.0,0.0,0.0,0.0,14
2023-05-10 22:16:04,jm2404,jm2404,1379.0,0.0,0.0,0.0,1,1360.0,1421.0,1,1379.0,0.0,0.0,0.0,0.0,0.0,14
2023-05-10 22:16:26,jm2404,jm2404,1379.0,0.0,0.0,0.0,1,1360.0,1420.5,2,1379.0,0.0,0.0,0.0,0.0,0.0,14
2023-05-10 22:16:26,jm2404,jm2404,1379.0,0.0,0.0,0.0,1,1360.0,1420.0,1,1379.0,0.0,0.0,0.0,0.0,0.0,14
2023-05-10 22:16:28,jm2404,jm2404,1379.0,0.0,0.0,0.0,1,1360.0,1420.5,2,1379.0,0.0,0.0,0.0,0.0,0.0,14
2023-05-10 22:16:39,jm2404,jm2404,1379.0,0.0,0.0,0.0,1,1360.0,1420.0,1,1379.0,0.0,0.0,0.0,0.0,0.0,14
2023-05-10 22:16:43,jm2404,jm2404,1379.0,0.0,0.0,0.0,1,1360.0,1419.5,2,1379.0,0.0,0.0,0.0,0.0,0.0,14
2023-05-10 22:16:45,jm2404,jm2404,1379.0,0.0,0.0,0.0,1,1360.0,1419.0,2,1379.0,0.0,0.0,0.0,0.0,0.0,14
2023-05-10 22:17:27,jm2404,jm2404,1379.0,0.0,0.0,0.0,2,1360.5,1419.0,2,1379.0,0.0,0.0,0.0,0.0,0.0,14
2023-05-10 22:18:50,jm2404,jm2404,1379.0,0.0,0.0,0.0,1,1360.0,1419.0,2,1379.0,0.0,0.0,0.0,0.0,0.0,14
2023-05-10 22:18:52,jm2404,jm2404,1379.0,0.0,0.0,0.0,1,1360.0,1418.5,2,1379.0,0.0,0.0,0.0,0.0,0.0,14
2023-05-10 22:18:57,jm2404,jm2404,1379.0,0.0,0.0,0.0,1,1360.0,1418.0,2,1379.0,0.0,0.0,0.0,0.0,0.0,14
2023-05-10 22:19:37,jm2404,jm2404,1379.0,0.0,0.0,0.0,1,1360.0,1417.5,2,1379.0,0.0,0.0,0.0,0.0,0.0,14
2023-05-10 22:19:41,jm2404,jm2404,1379.0,0.0,0.0,0.0,1,1360.0,1417.0,2,1379.0,0.0,0.0,0.0,0.0,0.0,14
2023-05-10 22:20:20,jm2404,jm2404,1379.0,0.0,0.0,0.0,1,1360.0,1416.5,2,1379.0,0.0,0.0,0.0,0.0,0.0,14
2023-05-10 22:20:23,jm2404,jm2404,1379.0,0.0,0.0,0.0,1,1360.0,1416.0,2,1379.0,0.0,0.0,0.0,0.0,0.0,14
2023-05-10 22:21:03,jm2404,jm2404,1379.0,0.0,0.0,0.0,2,1360.5,1416.0,2,1379.0,0.0,0.0,0.0,0.0,0.0,14
2023-05-10 22:21:49,jm2404,jm2404,1379.0,0.0,0.0,0.0,1,1360.0,1416.0,2,1379.0,0.0,0.0,0.0,0.0,0.0,14
2023-05-10 22:22:30,jm2404,jm2404,1379.0,0.0,0.0,0.0,1,1360.0,1415.5,2,1379.0,0.0,0.0,0.0,0.0,0.0,14
2023-05-10 22:22:35,jm2404,jm2404,1379.0,0.0,0.0,0.0,1,1360.0,1415.0,2,1379.0,0.0,0.0,0.0,0.0,0.0,14
2023-05-10 22:23:55,jm2404,jm2404,1379.0,0.0,0.0,0.0,1,1360.0,1414.5,2,1379.0,0.0,0.0,0.0,0.0,0.0,14
2023-05-10 22:23:58,jm2404,jm2404,1379.0,0.0,0.0,0.0,1,1360.0,1414.0,2,1379.0,0.0,0.0,0.0,0.0,0.0,14
2023-05-10 22:24:40,jm2404,jm2404,1379.0,0.0,0.0,0.0,1,1360.0,1413.5,2,1379.0,0.0,0.0,0.0,0.0,0.0,14
2023-05-10 22:24:44,jm2404,jm2404,1379.0,0.0,0.0,0.0,1,1360.0,1413.0,2,1379.0,0.0,0.0,0.0,0.0,0.0,14
2023-05-10 22:25:23,jm2404,jm2404,1379.0,0.0,0.0,0.0,2,1360.5,1413.0,2,1379.0,0.0,0.0,0.0,0.0,0.0,14
2023-05-10 22:26:11,jm2404,jm2404,1379.0,0.0,0.0,0.0,1,1360.0,1413.0,2,1379.0,0.0,0.0,0.0,0.0,0.0,14
2023-05-10 22:26:50,jm2404,jm2404,1379.0,0.0,0.0,0.0,1,1360.0,1412.5,2,1379.0,0.0,0.0,0.0,0.0,0.0,14
2023-05-10 22:26:55,jm2404,jm2404,1379.0,0.0,0.0,0.0,1,1360.0,1412.0,2,1379.0,0.0,0.0,0.0,0.0,0.0,14
2023-05-10 22:28:17,jm2404,jm2404,1379.0,0.0,0.0,0.0,2,1360.5,1412.0,2,1379.0,0.0,0.0,0.0,0.0,0.0,14
2023-05-10 22:28:31,jm2404,jm2404,1379.0,0.0,0.0,0.0,2,1360.5,1444.5,1,1379.0,0.0,0.0,0.0,0.0,0.0,14
2023-05-10 22:28:31,jm2404,jm2404,1379.0,0.0,0.0,0.0,2,1360.5,1429.0,1,1379.0,0.0,0.0,0.0,0.0,0.0,14
2023-05-10 22:28:32,jm2404,jm2404,1379.0,0.0,0.0,0.0,1,1360.0,1429.0,1,1379.0,0.0,0.0,0.0,0.0,0.0,14
2023-05-10 22:28:37,jm2404,jm2404,1379.0,0.0,0.0,0.0,1,1360.0,1429.0,3,1379.0,0.0,0.0,0.0,0.0,0.0,14
2023-05-10 22:29:01,jm2404,jm2404,1379.0,0.0,0.0,0.0,1,1360.0,1428.5,2,1379.0,0.0,0.0,0.0,0.0,0.0,14
2023-05-10 22:29:01,jm2404,jm2404,1379.0,0.0,0.0,0.0,1,1360.0,1427.0,1,1379.0,0.0,0.0,0.0,0.0,0.0,14
2023-05-10 22:29:04,jm2404,jm2404,1379.0,0.0,0.0,0.0,1,1360.0,1426.5,2,1379.0,0.0,0.0,0.0,0.0,0.0,14
2023-05-10 22:29:05,jm2404,jm2404,1379.0,0.0,0.0,0.0,1,1360.0,1424.5,1,1379.0,0.0,0.0,0.0,0.0,0.0,14
2023-05-10 22:29:22,jm2404,jm2404,1379.0,0.0,0.0,0.0,1,1360.0,1424.0,2,1379.0,0.0,0.0,0.0,0.0,0.0,14
2023-05-10 22:29:22,jm2404,jm2404,1379.0,0.0,0.0,0.0,1,1360.0,1422.0,1,1379.0,0.0,0.0,0.0,0.0,0.0,14
2023-05-10 22:29:39,jm2404,jm2404,1379.0,0.0,0.0,0.0,1,1360.0,1421.5,2,1379.0,0.0,0.0,0.0,0.0,0.0,14
2023-05-10 22:29:39,jm2404,jm2404,1379.0,0.0,0.0,0.0,1,1360.0,1420.5,1,1379.0,0.0,0.0,0.0,0.0,0.0,14
2023-05-10 22:29:46,jm2404,jm2404,1379.0,0.0,0.0,0.0,1,1360.0,1420.0,2,1379.0,0.0,0.0,0.0,0.0,0.0,14
2023-05-10 22:29:47,jm2404,jm2404,1379.0,0.0,0.0,0.0,1,1360.0,1419.0,1,1379.0,0.0,0.0,0.0,0.0,0.0,14
2023-05-10 22:29:56,jm2404,jm2404,1379.0,0.0,0.0,0.0,1,1360.0,1418.5,2,1379.0,0.0,0.0,0.0,0.0,0.0,14
2023-05-10 22:29:57,jm2404,jm2404,1379.0,0.0,0.0,0.0,1,1360.0,1418.0,1,1379.0,0.0,0.0,0.0,0.0,0.0,14
2023-05-10 22:30:04,jm2404,jm2404,1379.0,0.0,0.0,0.0,1,1360.0,1420.0,2,1379.0,0.0,0.0,0.0,0.0,0.0,14
2023-05-10 22:30:04,jm2404,jm2404,1379.0,0.0,0.0,0.0,1,1360.0,1417.5,2,1379.0,0.0,0.0,0.0,0.0,0.0,14
2023-05-10 22:30:29,jm2404,jm2404,1379.0,0.0,0.0,0.0,2,1360.5,1417.5,2,1379.0,0.0,0.0,0.0,0.0,0.0,14
2023-05-10 22:33:45,jm2404,jm2404,1379.0,0.0,0.0,0.0,2,1360.5,1417.0,1,1379.0,0.0,0.0,0.0,0.0,0.0,14
2023-05-10 22:33:45,jm2404,jm2404,1379.0,0.0,0.0,0.0,1,1360.0,1417.0,1,1379.0,0.0,0.0,0.0,0.0,0.0,14
2023-05-10 22:33:46,jm2404,jm2404,1379.0,0.0,0.0,0.0,1,1360.0,1444.0,1,1379.0,0.0,0.0,0.0,0.0,0.0,14
2023-05-10 22:33:47,jm2404,jm2404,1379.0,0.0,0.0,0.0,1,1360.0,1427.5,1,1379.0,0.0,0.0,0.0,0.0,0.0,14
2023-05-10 22:33:47,jm2404,jm2404,1379.0,0.0,0.0,0.0,1,1360.0,1427.0,2,1379.0,0.0,0.0,0.0,0.0,0.0,14
2023-05-10 22:33:48,jm2404,jm2404,1379.0,0.0,0.0,0.0,1,1360.0,1425.0,1,1379.0,0.0,0.0,0.0,0.0,0.0,14
2023-05-10 22:34:02,jm2404,jm2404,1379.0,0.0,0.0,0.0,1,1360.0,1424.5,2,1379.0,0.0,0.0,0.0,0.0,0.0,14
2023-05-10 22:34:02,jm2404,jm2404,1379.0,0.0,0.0,0.0,1,1360.0,1422.5,1,1379.0,0.0,0.0,0.0,0.0,0.0,14
2023-05-10 22:34:04,jm2404,jm2404,1379.0,0.0,0.0,0.0,1,1360.0,1422.0,2,1379.0,0.0,0.0,0.0,0.0,0.0,14
2023-05-10 22:34:05,jm2404,jm2404,1379.0,0.0,0.0,0.0,1,1360.0,1420.0,1,1379.0,0.0,0.0,0.0,0.0,0.0,14
2023-05-10 22:34:18,jm2404,jm2404,1379.0,0.0,0.0,0.0,1,1360.0,1419.5,2,1379.0,0.0,0.0,0.0,0.0,0.0,14
2023-05-10 22:34:19,jm2404,jm2404,1379.0,0.0,0.0,0.0,1,1360.0,1418.5,1,1379.0,0.0,0.0,0.0,0.0,0.0,14
2023-05-10 22:34:37,jm2404,jm2404,1379.0,0.0,0.0,0.0,1,1360.0,1418.0,2,1379.0,0.0,0.0,0.0,0.0,0.0,14
2023-05-10 22:34:37,jm2404,jm2404,1379.0,0.0,0.0,0.0,1,1360.0,1417.5,1,1379.0,0.0,0.0,0.0,0.0,0.0,14
2023-05-10 22:34:50,jm2404,jm2404,1379.0,0.0,0.0,0.0,1,1360.0,1417.0,2,1379.0,0.0,0.0,0.0,0.0,0.0,14
2023-05-10 22:34:57,jm2404,jm2404,1379.0,0.0,0.0,0.0,1,1360.0,1416.5,2,1379.0,0.0,0.0,0.0,0.0,0.0,14
2023-05-10 22:35:33,jm2404,jm2404,1379.0,0.0,0.0,0.0,1,1360.0,1416.0,2,1379.0,0.0,0.0,0.0,0.0,0.0,14
2023-05-10 22:35:40,jm2404,jm2404,1379.0,0.0,0.0,0.0,1,1360.0,1415.5,2,1379.0,0.0,0.0,0.0,0.0,0.0,14
2023-05-10 22:36:59,jm2404,jm2404,1379.0,0.0,0.0,0.0,1,1360.0,1415.0,2,1379.0,0.0,0.0,0.0,0.0,0.0,14
2023-05-10 22:37:03,jm2404,jm2404,1379.0,0.0,0.0,0.0,1,1360.0,1414.5,2,1379.0,0.0,0.0,0.0,0.0,0.0,14
2023-05-10 22:38:19,jm2404,jm2404,1379.0,0.0,0.0,0.0,1,1360.0,1414.0,1,1379.0,0.0,0.0,0.0,0.0,0.0,14
2023-05-10 22:38:24,jm2404,jm2404,1379.0,0.0,0.0,0.0,1,1360.0,1413.5,2,1379.0,0.0,0.0,0.0,0.0,0.0,14
2023-05-10 22:38:25,jm2404,jm2404,1379.0,0.0,0.0,0.0,1,1360.0,1413.0,1,1379.0,0.0,0.0,0.0,0.0,0.0,14
2023-05-10 22:38:41,jm2404,jm2404,1379.0,0.0,0.0,0.0,1,1360.0,1412.5,2,1379.0,0.0,0.0,0.0,0.0,0.0,14
2023-05-10 22:39:08,jm2404,jm2404,1379.0,0.0,0.0,0.0,1,1360.0,1412.0,2,1379.0,0.0,0.0,0.0,0.0,0.0,14
2023-05-10 22:39:11,jm2404,jm2404,1379.0,0.0,0.0,0.0,1,1360.0,1411.5,2,1379.0,0.0,0.0,0.0,0.0,0.0,14
2023-05-10 22:39:52,jm2404,jm2404,1379.0,0.0,0.0,0.0,2,1360.5,1411.5,2,1379.0,0.0,0.0,0.0,0.0,0.0,14
2023-05-10 22:39:53,jm2404,jm2404,1379.0,0.0,0.0,0.0,2,1360.5,1433.5,1,1379.0,0.0,0.0,0.0,0.0,0.0,14
2023-05-10 22:39:53,jm2404,jm2404,1379.0,0.0,0.0,0.0,2,1360.5,1426.5,1,1379.0,0.0,0.0,0.0,0.0,0.0,14
2023-05-10 22:39:55,jm2404,jm2404,1379.0,0.0,0.0,0.0,1,1360.0,1426.5,1,1379.0,0.0,0.0,0.0,0.0,0.0,14
2023-05-10 22:39:56,jm2404,jm2404,1379.0,0.0,0.0,0.0,1,1360.0,1426.0,2,1379.0,0.0,0.0,0.0,0.0,0.0,14
2023-05-10 22:39:56,jm2404,jm2404,1379.0,0.0,0.0,0.0,1,1360.0,1424.0,1,1379.0,0.0,0.0,0.0,0.0,0.0,14
2023-05-10 22:40:04,jm2404,jm2404,1379.0,0.0,0.0,0.0,1,1360.0,1423.5,2,1379.0,0.0,0.0,0.0,0.0,0.0,14
2023-05-10 22:40:05,jm2404,jm2404,1379.0,0.0,0.0,0.0,1,1360.0,1421.5,1,1379.0,0.0,0.0,0.0,0.0,0.0,14
2023-05-10 22:40:22,jm2404,jm2404,1379.0,0.0,0.0,0.0,1,1360.0,1421.0,2,1379.0,0.0,0.0,0.0,0.0,0.0,14
2023-05-10 22:40:23,jm2404,jm2404,1379.0,0.0,0.0,0.0,1,1360.0,1420.0,1,1379.0,0.0,0.0,0.0,0.0,0.0,14
2023-05-10 22:40:36,jm2404,jm2404,1379.0,0.0,0.0,0.0,1,1360.0,1419.5,2,1379.0,0.0,0.0,0.0,0.0,0.0,14
2023-05-10 22:40:37,jm2404,jm2404,1379.0,0.0,0.0,0.0,1,1360.0,1418.5,1,1379.0,0.0,0.0,0.0,0.0,0.0,14
2023-05-10 22:40:39,jm2404,jm2404,1379.0,0.0,0.0,0.0,1,1360.0,1418.0,2,1379.0,0.0,0.0,0.0,0.0,0.0,14
2023-05-10 22:40:40,jm2404,jm2404,1379.0,0.0,0.0,0.0,1,1360.0,1417.0,1,1379.0,0.0,0.0,0.0,0.0,0.0,14
2023-05-10 22:40:57,jm2404,jm2404,1379.0,0.0,0.0,0.0,1,1360.0,1416.5,2,1379.0,0.0,0.0,0.0,0.0,0.0,14
2023-05-10 22:40:57,jm2404,jm2404,1379.0,0.0,0.0,0.0,1,1360.0,1415.5,1,1379.0,0.0,0.0,0.0,0.0,0.0,14
2023-05-10 22:41:04,jm2404,jm2404,1379.0,0.0,0.0,0.0,1,1360.0,1415.0,2,1379.0,0.0,0.0,0.0,0.0,0.0,14
2023-05-10 22:41:04,jm2404,jm2404,1379.0,0.0,0.0,0.0,1,1360.0,1414.0,1,1379.0,0.0,0.0,0.0,0.0,0.0,14
2023-05-10 22:41:21,jm2404,jm2404,1379.0,0.0,0.0,0.0,1,1360.0,1413.5,2,1379.0,0.0,0.0,0.0,0.0,0.0,14
2023-05-10 22:41:21,jm2404,jm2404,1379.0,0.0,0.0,0.0,1,1360.0,1413.0,1,1379.0,0.0,0.0,0.0,0.0,0.0,14
2023-05-10 22:41:22,jm2404,jm2404,1379.0,0.0,0.0,0.0,1,1360.0,1412.5,2,1379.0,0.0,0.0,0.0,0.0,0.0,14
2023-05-10 22:41:23,jm2404,jm2404,1379.0,0.0,0.0,0.0,1,1360.0,1412.0,1,1379.0,0.0,0.0,0.0,0.0,0.0,14
2023-05-10 22:41:25,jm2404,jm2404,1379.0,0.0,0.0,0.0,1,1360.0,1412.5,2,1379.0,0.0,0.0,0.0,0.0,0.0,14
2023-05-10 22:41:34,jm2404,jm2404,1379.0,0.0,0.0,0.0,1,1360.0,1412.0,1,1379.0,0.0,0.0,0.0,0.0,0.0,14
2023-05-10 22:41:39,jm2404,jm2404,1379.0,0.0,0.0,0.0,1,1360.0,1411.5,2,1379.0,0.0,0.0,0.0,0.0,0.0,14
2023-05-10 22:42:05,jm2404,jm2404,1379.0,0.0,0.0,0.0,1,1360.0,1411.0,2,1379.0,0.0,0.0,0.0,0.0,0.0,14
2023-05-10 22:42:09,jm2404,jm2404,1379.0,0.0,0.0,0.0,1,1360.0,1410.5,2,1379.0,0.0,0.0,0.0,0.0,0.0,14
2023-05-10 22:42:12,jm2404,jm2404,1379.0,0.0,0.0,0.0,1,1360.0,1411.0,2,1379.0,0.0,0.0,0.0,0.0,0.0,14
2023-05-10 22:42:18,jm2404,jm2404,1379.0,0.0,0.0,0.0,1,1360.0,1410.5,2,1379.0,0.0,0.0,0.0,0.0,0.0,14
2023-05-10 22:43:31,jm2404,jm2404,1379.0,0.0,0.0,0.0,1,1360.0,1410.0,2,1379.0,0.0,0.0,0.0,0.0,0.0,14
2023-05-10 22:43:39,jm2404,jm2404,1379.0,0.0,0.0,0.0,1,1360.0,1409.5,2,1379.0,0.0,0.0,0.0,0.0,0.0,14
2023-05-10 22:44:58,jm2404,jm2404,1379.0,0.0,0.0,0.0,1,1360.0,1409.0,2,1379.0,0.0,0.0,0.0,0.0,0.0,14
2023-05-10 22:45:02,jm2404,jm2404,1379.0,0.0,0.0,0.0,1,1360.0,1408.5,2,1379.0,0.0,0.0,0.0,0.0,0.0,14
2023-05-10 22:45:42,jm2404,jm2404,1379.0,0.0,0.0,0.0,1,1360.0,1408.0,2,1379.0,0.0,0.0,0.0,0.0,0.0,14
2023-05-10 22:45:46,jm2404,jm2404,1379.0,0.0,0.0,0.0,1,1360.0,1407.5,2,1379.0,0.0,0.0,0.0,0.0,0.0,14
2023-05-10 22:46:06,jm2404,jm2404,1379.0,0.0,0.0,0.0,1,1351.0,1407.5,2,1379.0,0.0,0.0,0.0,0.0,0.0,14
2023-05-10 22:46:06,jm2404,jm2404,1379.0,0.0,0.0,0.0,1,1351.5,1407.5,2,1379.0,0.0,0.0,0.0,0.0,0.0,14
2023-05-10 22:46:25,jm2404,jm2404,1379.0,0.0,0.0,0.0,2,1352.0,1407.5,2,1379.0,0.0,0.0,0.0,0.0,0.0,14
2023-05-10 22:46:47,jm2404,jm2404,1379.0,0.0,0.0,0.0,1,1352.5,1407.5,2,1379.0,0.0,0.0,0.0,0.0,0.0,14
2023-05-10 22:47:01,jm2404,jm2404,1379.0,0.0,0.0,0.0,2,1352.0,1407.5,2,1379.0,0.0,0.0,0.0,0.0,0.0,14
2023-05-10 22:47:06,jm2404,jm2404,1379.0,0.0,0.0,0.0,1,1352.5,1407.5,2,1379.0,0.0,0.0,0.0,0.0,0.0,14
2023-05-10 22:47:08,jm2404,jm2404,1379.0,0.0,0.0,0.0,2,1352.0,1407.5,2,1379.0,0.0,0.0,0.0,0.0,0.0,14
2023-05-10 22:47:25,jm2404,jm2404,1379.0,0.0,0.0,0.0,1,1352.5,1407.5,2,1379.0,0.0,0.0,0.0,0.0,0.0,14
2023-05-10 22:47:29,jm2404,jm2404,1379.0,0.0,0.0,0.0,2,1352.0,1407.5,2,1379.0,0.0,0.0,0.0,0.0,0.0,14
2023-05-10 22:47:33,jm2404,jm2404,1379.0,0.0,0.0,0.0,1,1352.5,1407.5,2,1379.0,0.0,0.0,0.0,0.0,0.0,14
2023-05-10 22:47:35,jm2404,jm2404,1379.0,0.0,0.0,0.0,2,1352.0,1407.5,2,1379.0,0.0,0.0,0.0,0.0,0.0,14
2023-05-10 22:47:38,jm2404,jm2404,1379.0,0.0,0.0,0.0,1,1352.5,1407.5,2,1379.0,0.0,0.0,0.0,0.0,0.0,14
2023-05-10 22:47:41,jm2404,jm2404,1379.0,0.0,0.0,0.0,2,1352.0,1407.5,2,1379.0,0.0,0.0,0.0,0.0,0.0,14
2023-05-10 22:47:50,jm2404,jm2404,1379.0,0.0,0.0,0.0,1,1352.5,1407.5,2,1379.0,0.0,0.0,0.0,0.0,0.0,14
2023-05-10 22:48:01,jm2404,jm2404,1379.0,0.0,0.0,0.0,2,1352.0,1407.5,2,1379.0,0.0,0.0,0.0,0.0,0.0,14
2023-05-10 22:48:06,jm2404,jm2404,1379.0,0.0,0.0,0.0,1,1352.5,1407.5,2,1379.0,0.0,0.0,0.0,0.0,0.0,14
2023-05-10 22:48:07,jm2404,jm2404,1379.0,0.0,0.0,0.0,2,1352.0,1407.5,2,1379.0,0.0,0.0,0.0,0.0,0.0,14
2023-05-10 22:48:23,jm2404,jm2404,1379.0,0.0,0.0,0.0,1,1355.0,1407.5,2,1379.0,0.0,0.0,0.0,0.0,0.0,14
2023-05-10 22:49:17,jm2404,jm2404,1379.0,0.0,0.0,0.0,2,1355.5,1407.5,2,1379.0,0.0,0.0,0.0,0.0,0.0,14
2023-05-10 22:51:10,jm2404,jm2404,1379.0,0.0,0.0,0.0,1,1355.0,1407.5,2,1379.0,0.0,0.0,0.0,0.0,0.0,14
2023-05-10 22:51:24,jm2404,jm2404,1379.0,0.0,0.0,0.0,1,1355.0,1407.0,2,1379.0,0.0,0.0,0.0,0.0,0.0,14
2023-05-10 22:51:27,jm2404,jm2404,1379.0,0.0,0.0,0.0,1,1355.0,1406.5,2,1379.0,0.0,0.0,0.0,0.0,0.0,14
2023-05-10 22:52:07,jm2404,jm2404,1379.0,0.0,0.0,0.0,2,1355.5,1406.5,2,1379.0,0.0,0.0,0.0,0.0,0.0,14
2023-05-10 22:52:36,jm2404,jm2404,1379.0,0.0,0.0,0.0,2,1355.5,1426.5,1,1379.0,0.0,0.0,0.0,0.0,0.0,14
2023-05-10 22:52:36,jm2404,jm2404,1379.0,0.0,0.0,0.0,2,1355.5,1424.5,1,1379.0,0.0,0.0,0.0,0.0,0.0,14
2023-05-10 22:52:37,jm2404,jm2404,1379.0,0.0,0.0,0.0,1,1355.0,1424.5,1,1379.0,0.0,0.0,0.0,0.0,0.0,14
2023-05-10 22:52:42,jm2404,jm2404,1379.0,0.0,0.0,0.0,1,1355.0,1424.5,3,1379.0,0.0,0.0,0.0,0.0,0.0,14
2023-05-10 22:52:50,jm2404,jm2404,1379.0,0.0,0.0,0.0,1,1355.0,1424.0,2,1379.0,0.0,0.0,0.0,0.0,0.0,14
2023-05-10 22:52:50,jm2404,jm2404,1379.0,0.0,0.0,0.0,1,1355.0,1422.0,1,1379.0,0.0,0.0,0.0,0.0,0.0,14
2023-05-10 22:53:00,jm2404,jm2404,1379.0,0.0,0.0,0.0,1,1355.0,1421.5,2,1379.0,0.0,0.0,0.0,0.0,0.0,14
2023-05-10 22:53:00,jm2404,jm2404,1379.0,0.0,0.0,0.0,1,1355.0,1419.5,1,1379.0,0.0,0.0,0.0,0.0,0.0,14
2023-05-10 22:53:18,jm2404,jm2404,1379.0,0.0,0.0,0.0,1,1355.0,1419.0,2,1379.0,0.0,0.0,0.0,0.0,0.0,14
2023-05-10 22:53:18,jm2404,jm2404,1379.0,0.0,0.0,0.0,1,1355.0,1418.0,1,1379.0,0.0,0.0,0.0,0.0,0.0,14
2023-05-10 22:53:36,jm2404,jm2404,1379.0,0.0,0.0,0.0,1,1355.0,1417.5,2,1379.0,0.0,0.0,0.0,0.0,0.0,14
2023-05-10 22:53:36,jm2404,jm2404,1379.0,0.0,0.0,0.0,1,1355.0,1417.0,3,1379.0,0.0,0.0,0.0,0.0,0.0,14
2023-05-10 22:53:38,jm2404,jm2404,1379.0,0.0,0.0,0.0,1,1355.5,1417.0,3,1379.0,0.0,0.0,0.0,0.0,0.0,14
2023-05-10 22:53:43,jm2404,jm2404,1379.0,0.0,0.0,0.0,1,1355.0,1417.0,3,1379.0,0.0,0.0,0.0,0.0,0.0,14
2023-05-10 22:53:44,jm2404,jm2404,1379.0,0.0,0.0,0.0,1,1355.5,1417.0,3,1379.0,0.0,0.0,0.0,0.0,0.0,14
2023-05-10 22:53:45,jm2404,jm2404,1379.0,0.0,0.0,0.0,1,1355.0,1417.0,3,1379.0,0.0,0.0,0.0,0.0,0.0,14
2023-05-10 22:53:46,jm2404,jm2404,1379.0,0.0,0.0,0.0,1,1355.5,1417.0,3,1379.0,0.0,0.0,0.0,0.0,0.0,14
2023-05-10 22:54:08,jm2404,jm2404,1379.0,0.0,0.0,0.0,1,1355.0,1417.0,3,1379.0,0.0,0.0,0.0,0.0,0.0,14
2023-05-10 22:54:19,jm2404,jm2404,1379.0,0.0,0.0,0.0,1,1355.0,1416.5,2,1379.0,0.0,0.0,0.0,0.0,0.0,14
2023-05-10 22:54:20,jm2404,jm2404,1379.0,0.0,0.0,0.0,1,1355.0,1416.0,1,1379.0,0.0,0.0,0.0,0.0,0.0,14
2023-05-10 22:54:24,jm2404,jm2404,1379.0,0.0,0.0,0.0,1,1355.0,1415.5,2,1379.0,0.0,0.0,0.0,0.0,0.0,14
2023-05-10 22:54:55,jm2404,jm2404,1379.0,0.0,0.0,0.0,1,1355.5,1415.5,2,1379.0,0.0,0.0,0.0,0.0,0.0,14
2023-05-10 22:55:02,jm2404,jm2404,1379.0,0.0,0.0,0.0,2,1356.0,1415.5,2,1379.0,0.0,0.0,0.0,0.0,0.0,14
2023-05-10 22:56:03,jm2404,jm2404,1379.0,0.0,0.0,0.0,1,1356.5,1415.5,2,1379.0,0.0,0.0,0.0,0.0,0.0,14
2023-05-10 22:56:04,jm2404,jm2404,1379.0,0.0,0.0,0.0,2,1356.0,1415.5,2,1379.0,0.0,0.0,0.0,0.0,0.0,14
2023-05-10 22:57:06,jm2404,jm2404,1379.0,0.0,0.0,0.0,2,1356.0,1415.0,1,1379.0,0.0,0.0,0.0,0.0,0.0,14
2023-05-10 22:57:10,jm2404,jm2404,1379.0,0.0,0.0,0.0,2,1356.0,1426.5,1,1379.0,0.0,0.0,0.0,0.0,0.0,14
2023-05-10 22:57:10,jm2404,jm2404,1379.0,0.0,0.0,0.0,2,1356.0,1425.5,1,1379.0,0.0,0.0,0.0,0.0,0.0,14
2023-05-10 22:57:11,jm2404,jm2404,1379.0,0.0,0.0,0.0,1,1355.0,1425.5,1,1379.0,0.0,0.0,0.0,0.0,0.0,14
2023-05-10 22:57:12,jm2404,jm2404,1379.0,0.0,0.0,0.0,1,1355.0,1425.0,2,1379.0,0.0,0.0,0.0,0.0,0.0,14
2023-05-10 22:57:12,jm2404,jm2404,1379.0,0.0,0.0,0.0,1,1355.0,1423.0,1,1379.0,0.0,0.0,0.0,0.0,0.0,14
2023-05-10 22:57:29,jm2404,jm2404,1379.0,0.0,0.0,0.0,1,1355.0,1422.5,2,1379.0,0.0,0.0,0.0,0.0,0.0,14
2023-05-10 22:57:30,jm2404,jm2404,1379.0,0.0,0.0,0.0,1,1355.0,1420.5,1,1379.0,0.0,0.0,0.0,0.0,0.0,14
2023-05-10 22:57:47,jm2404,jm2404,1379.0,0.0,0.0,0.0,1,1355.0,1420.0,2,1379.0,0.0,0.0,0.0,0.0,0.0,14
2023-05-10 22:57:47,jm2404,jm2404,1379.0,0.0,0.0,0.0,1,1355.0,1418.0,1,1379.0,0.0,0.0,0.0,0.0,0.0,14
2023-05-10 22:57:57,jm2404,jm2404,1379.0,0.0,0.0,0.0,1,1355.0,1417.5,2,1379.0,0.0,0.0,0.0,0.0,0.0,14
2023-05-10 22:57:57,jm2404,jm2404,1379.0,0.0,0.0,0.0,1,1355.0,1415.5,1,1379.0,0.0,0.0,0.0,0.0,0.0,14
2023-05-10 22:58:02,jm2404,jm2404,1379.0,0.0,0.0,0.0,1,1355.0,1415.0,2,1379.0,0.0,0.0,0.0,0.0,0.0,14
2023-05-10 22:58:03,jm2404,jm2404,1379.0,0.0,0.0,0.0,1,1355.0,1414.0,1,1379.0,0.0,0.0,0.0,0.0,0.0,14
2023-05-10 22:58:19,jm2404,jm2404,1379.0,0.0,0.0,0.0,1,1355.0,1413.5,2,1379.0,0.0,0.0,0.0,0.0,0.0,14
2023-05-10 22:58:20,jm2404,jm2404,1379.0,0.0,0.0,0.0,1,1355.0,1413.0,1,1379.0,0.0,0.0,0.0,0.0,0.0,14
2023-05-10 22:58:37,jm2404,jm2404,1379.0,0.0,0.0,0.0,1,1355.0,1412.5,2,1379.0,0.0,0.0,0.0,0.0,0.0,14
2023-05-10 22:58:38,jm2404,jm2404,1379.0,0.0,0.0,0.0,1,1355.0,1412.0,1,1379.0,0.0,0.0,0.0,0.0,0.0,14
2023-05-10 22:58:41,jm2404,jm2404,1379.0,0.0,0.0,0.0,1,1355.0,1411.5,2,1379.0,0.0,0.0,0.0,0.0,0.0,14
2023-05-10 22:58:47,jm2404,jm2404,1379.0,0.0,0.0,0.0,1,1307.5,1411.5,2,1379.0,0.0,0.0,0.0,0.0,0.0,14
2023-05-10 22:58:47,jm2404,jm2404,1379.0,0.0,0.0,0.0,1,1340.5,1411.5,2,1379.0,0.0,0.0,0.0,0.0,0.0,14
2023-05-10 22:58:48,jm2404,jm2404,1379.0,0.0,0.0,0.0,1,1341.0,1412.5,2,1379.0,0.0,0.0,0.0,0.0,0.0,14
2023-05-10 22:58:49,jm2404,jm2404,1379.0,0.0,0.0,0.0,1,1341.0,1412.0,1,1379.0,0.0,0.0,0.0,0.0,0.0,14
2023-05-10 22:58:49,jm2404,jm2404,1379.0,0.0,0.0,0.0,1,1343.0,1412.0,1,1379.0,0.0,0.0,0.0,0.0,0.0,14
2023-05-10 22:58:51,jm2404,jm2404,1379.0,0.0,0.0,0.0,1,1343.5,1412.0,1,1379.0,0.0,0.0,0.0,0.0,0.0,14
2023-05-10 22:58:52,jm2404,jm2404,1379.0,0.0,0.0,0.0,1,1345.5,1412.0,1,1379.0,0.0,0.0,0.0,0.0,0.0,14
2023-05-10 22:58:55,jm2404,jm2404,1379.0,0.0,0.0,0.0,2,1345.5,1411.5,2,1379.0,0.0,0.0,0.0,0.0,0.0,14
2023-05-10 22:59:00,jm2404,jm2404,1379.0,0.0,0.0,0.0,1,1345.5,1411.5,2,1379.0,0.0,0.0,0.0,0.0,0.0,14
2023-05-10 22:59:01,jm2404,jm2404,1379.0,0.0,0.0,0.0,1,1345.5,1411.0,1,1379.0,0.0,0.0,0.0,0.0,0.0,14
2023-05-10 22:59:03,jm2404,jm2404,1379.0,0.0,0.0,0.0,1,1345.5,1426.5,1,1379.0,0.0,0.0,0.0,0.0,0.0,14
2023-05-10 22:59:03,jm2404,jm2404,1379.0,0.0,0.0,0.0,1,1345.5,1421.5,1,1379.0,0.0,0.0,0.0,0.0,0.0,14
2023-05-10 22:59:24,jm2404,jm2404,1379.0,0.0,0.0,0.0,1,1345.5,1421.0,2,1379.0,0.0,0.0,0.0,0.0,0.0,14
2023-05-10 22:59:25,jm2404,jm2404,1379.0,0.0,0.0,0.0,1,1345.5,1419.0,1,1379.0,0.0,0.0,0.0,0.0,0.0,14
2023-05-10 22:59:29,jm2404,jm2404,1379.0,0.0,0.0,0.0,1,1309.0,1419.0,1,1379.0,0.0,0.0,0.0,0.0,0.0,14
2023-05-10 22:59:30,jm2404,jm2404,1379.0,0.0,0.0,0.0,1,1309.5,1421.0,2,1379.0,0.0,0.0,0.0,0.0,0.0,14
2023-05-10 22:59:31,jm2404,jm2404,1379.0,0.0,0.0,0.0,1,1309.5,1426.5,1,1379.0,0.0,0.0,0.0,0.0,0.0,14
2023-05-10 22:59:47,jm2404,jm2404,1379.0,0.0,0.0,0.0,1,1309.5,1505.0,1,1379.0,0.0,0.0,0.0,0.0,0.0,14
2023-05-10 22:59:48,jm2404,jm2404,1379.0,0.0,0.0,0.0,1,1309.5,1504.5,1,1379.0,0.0,0.0,0.0,0.0,0.0,14
2023-05-10 22:59:48,jm2404,jm2404,1379.0,0.0,0.0,0.0,1,1309.5,1504.0,1,1379.0,0.0,0.0,0.0,0.0,0.0,14
2023-05-10 22:59:49,jm2404,jm2404,1379.0,0.0,0.0,0.0,1,1310.0,1504.0,1,1379.0,0.0,0.0,0.0,0.0,0.0,14
2023-05-10 22:59:49,jm2404,jm2404,1379.0,0.0,0.0,0.0,1,1310.0,1503.5,1,1379.0,0.0,0.0,0.0,0.0,0.0,14
2023-05-10 22:59:50,jm2404,jm2404,1379.0,0.0,0.0,0.0,1,1310.5,1503.5,1,1379.0,0.0,0.0,0.0,0.0,0.0,14
2023-05-10 22:59:51,jm2404,jm2404,1379.0,0.0,0.0,0.0,1,1310.5,1503.0,1,1379.0,0.0,0.0,0.0,0.0,0.0,14
2023-05-10 22:59:52,jm2404,jm2404,1379.0,0.0,0.0,0.0,1,1310.0,1502.5,1,1379.0,0.0,0.0,0.0,0.0,0.0,14
2023-05-10 22:59:52,jm2404,jm2404,1379.0,0.0,0.0,0.0,1,1300.0,1502.5,1,1379.0,0.0,0.0,0.0,0.0,0.0,14
2023-05-10 22:59:54,jm2404,jm2404,1379.0,0.0,0.0,0.0,1,1300.0,1551.0,1,1379.0,0.0,0.0,0.0,0.0,0.0,14
2023-05-10 22:59:57,jm2404,jm2404,1379.0,0.0,0.0,0.0,1,1300.5,1551.0,1,1379.0,0.0,0.0,0.0,0.0,0.0,14
2023-05-11 09:00:00,jm2404,jm2404,1379.0,0.0,0.0,0.0,1,1300.5,1488.0,1,1379.0,0.0,0.0,0.0,0.0,0.0,14
2023-05-11 09:00:00,jm2404,jm2404,1379.0,0.0,0.0,0.0,1,1339.5,1426.5,1,1379.0,0.0,0.0,0.0,0.0,0.0,14
2023-05-11 09:00:02,jm2404,jm2404,1379.0,0.0,0.0,0.0,1,1340.0,1426.5,1,1379.0,0.0,0.0,0.0,0.0,0.0,14
2023-05-11 09:00:03,jm2404,jm2404,1379.0,0.0,0.0,0.0,1,1341.0,1426.5,1,1379.0,0.0,0.0,0.0,0.0,0.0,14
2023-05-11 09:00:07,jm2404,jm2404,1379.0,0.0,0.0,0.0,1,1341.5,1426.5,1,1379.0,0.0,0.0,0.0,0.0,0.0,14
2023-05-11 09:00:07,jm2404,jm2404,1379.0,0.0,0.0,0.0,1,1343.5,1426.5,1,1379.0,0.0,0.0,0.0,0.0,0.0,14
2023-05-11 09:00:09,jm2404,jm2404,1379.0,0.0,0.0,0.0,1,1344.0,1426.5,1,1379.0,0.0,0.0,0.0,0.0,0.0,14
2023-05-11 09:00:09,jm2404,jm2404,1379.0,0.0,0.0,0.0,1,1346.0,1426.5,1,1379.0,0.0,0.0,0.0,0.0,0.0,14
2023-05-11 09:00:12,jm2404,jm2404,1379.0,0.0,0.0,0.0,1,1346.5,1426.5,1,1379.0,0.0,0.0,0.0,0.0,0.0,14
2023-05-11 09:00:12,jm2404,jm2404,1379.0,0.0,0.0,0.0,1,1348.5,1426.5,1,1379.0,0.0,0.0,0.0,0.0,0.0,14
2023-05-11 09:00:20,jm2404,jm2404,1379.0,0.0,0.0,0.0,1,1348.5,1426.0,2,1379.0,0.0,0.0,0.0,0.0,0.0,14
2023-05-11 09:00:20,jm2404,jm2404,1379.0,0.0,0.0,0.0,1,1348.5,1423.0,1,1379.0,0.0,0.0,0.0,0.0,0.0,14
2023-05-11 09:01:04,jm2404,jm2404,1379.0,0.0,0.0,0.0,1,1348.5,1422.5,2,1379.0,0.0,0.0,0.0,0.0,0.0,14
2023-05-11 09:01:05,jm2404,jm2404,1379.0,0.0,0.0,0.0,2,1348.5,1420.5,1,1379.0,0.0,0.0,0.0,0.0,0.0,14
2023-05-11 09:01:09,jm2404,jm2404,1379.0,0.0,0.0,0.0,1,1348.5,1420.5,1,1379.0,0.0,0.0,0.0,0.0,0.0,14
2023-05-11 09:01:10,jm2404,jm2404,1379.0,0.0,0.0,0.0,1,1349.0,1420.5,1,1379.0,0.0,0.0,0.0,0.0,0.0,14
2023-05-11 09:01:10,jm2404,jm2404,1379.0,0.0,0.0,0.0,1,1351.0,1420.5,1,1379.0,0.0,0.0,0.0,0.0,0.0,14
2023-05-11 09:01:49,jm2404,jm2404,1379.0,0.0,0.0,0.0,1,1351.0,1420.0,2,1379.0,0.0,0.0,0.0,0.0,0.0,14
2023-05-11 09:01:49,jm2404,jm2404,1379.0,0.0,0.0,0.0,1,1351.0,1418.0,1,1379.0,0.0,0.0,0.0,0.0,0.0,14
2023-05-11 09:02:33,jm2404,jm2404,1379.0,0.0,0.0,0.0,2,1351.5,1418.0,1,1379.0,0.0,0.0,0.0,0.0,0.0,14
2023-05-11 09:02:34,jm2404,jm2404,1379.0,0.0,0.0,0.0,1,1352.0,1418.0,1,1379.0,0.0,0.0,0.0,0.0,0.0,14
2023-05-11 09:03:17,jm2404,jm2404,1379.0,0.0,0.0,0.0,2,1352.5,1418.0,1,1379.0,0.0,0.0,0.0,0.0,0.0,14
2023-05-11 09:03:18,jm2404,jm2404,1379.0,0.0,0.0,0.0,1,1353.0,1418.0,1,1379.0,0.0,0.0,0.0,0.0,0.0,14
2023-05-11 09:03:19,jm2404,jm2404,1379.0,0.0,0.0,0.0,1,1353.0,1417.5,2,1379.0,0.0,0.0,0.0,0.0,0.0,14
2023-05-11 09:03:19,jm2404,jm2404,1379.0,0.0,0.0,0.0,1,1353.0,1417.0,1,1379.0,0.0,0.0,0.0,0.0,0.0,14
2023-05-11 09:03:36,jm2404,jm2404,1379.0,0.0,0.0,0.0,1,1353.0,1416.5,2,1379.0,0.0,0.0,0.0,0.0,0.0,14
2023-05-11 09:03:37,jm2404,jm2404,1379.0,0.0,0.0,0.0,1,1353.0,1416.0,1,1379.0,0.0,0.0,0.0,0.0,0.0,14
2023-05-11 09:03:47,jm2404,jm2404,1379.0,0.0,0.0,0.0,2,1352.5,1416.0,1,1379.0,0.0,0.0,0.0,0.0,0.0,14
2023-05-11 09:03:53,jm2404,jm2404,1379.0,0.0,0.0,0.0,1,1310.0,1416.0,1,1379.0,0.0,0.0,0.0,0.0,0.0,14
2023-05-11 09:03:53,jm2404,jm2404,1379.0,0.0,0.0,0.0,1,1341.5,1415.5,2,1379.0,0.0,0.0,0.0,0.0,0.0,14
2023-05-11 09:03:54,jm2404,jm2404,1379.0,0.0,0.0,0.0,1,1341.5,1414.5,1,1379.0,0.0,0.0,0.0,0.0,0.0,14
2023-05-11 09:03:56,jm2404,jm2404,1379.0,0.0,0.0,0.0,1,1342.0,1414.5,1,1379.0,0.0,0.0,0.0,0.0,0.0,14
2023-05-11 09:03:57,jm2404,jm2404,1379.0,0.0,0.0,0.0,1,1344.0,1414.5,1,1379.0,0.0,0.0,0.0,0.0,0.0,14
2023-05-11 09:04:00,jm2404,jm2404,1379.0,0.0,0.0,0.0,1,1344.5,1414.5,1,1379.0,0.0,0.0,0.0,0.0,0.0,14
2023-05-11 09:04:00,jm2404,jm2404,1379.0,0.0,0.0,0.0,1,1346.5,1414.5,1,1379.0,0.0,0.0,0.0,0.0,0.0,14
2023-05-11 09:04:02,jm2404,jm2404,1379.0,0.0,0.0,0.0,1,1346.5,1414.0,2,1379.0,0.0,0.0,0.0,0.0,0.0,14
2023-05-11 09:04:03,jm2404,jm2404,1379.0,0.0,0.0,0.0,1,1346.5,1413.5,1,1379.0,0.0,0.0,0.0,0.0,0.0,14
2023-05-11 09:04:04,jm2404,jm2404,1379.0,0.0,0.0,0.0,1,1347.0,1413.5,1,1379.0,0.0,0.0,0.0,0.0,0.0,14
2023-05-11 09:04:05,jm2404,jm2404,1379.0,0.0,0.0,0.0,1,1349.0,1413.5,1,1379.0,0.0,0.0,0.0,0.0,0.0,14
2023-05-11 09:04:06,jm2404,jm2404,1379.0,0.0,0.0,0.0,1,1349.0,1414.0,2,1379.0,0.0,0.0,0.0,0.0,0.0,14
2023-05-11 09:04:07,jm2404,jm2404,1379.0,0.0,0.0,0.0,2,1349.0,1414.0,2,1379.0,0.0,0.0,0.0,0.0,0.0,14
2023-05-11 09:04:11,jm2404,jm2404,1379.0,0.0,0.0,0.0,1,1349.0,1414.0,2,1379.0,0.0,0.0,0.0,0.0,0.0,14
2023-05-11 09:04:11,jm2404,jm2404,1379.0,0.0,0.0,0.0,1,1349.5,1414.0,2,1379.0,0.0,0.0,0.0,0.0,0.0,14
2023-05-11 09:04:12,jm2404,jm2404,1379.0,0.0,0.0,0.0,1,1350.5,1414.0,2,1379.0,0.0,0.0,0.0,0.0,0.0,14
2023-05-11 09:04:39,jm2404,jm2404,1379.0,0.0,0.0,0.0,1,1352.0,1414.0,2,1379.0,0.0,0.0,0.0,0.0,0.0,14
2023-05-11 09:04:40,jm2404,jm2404,1379.0,0.0,0.0,0.0,1,1352.5,1414.0,2,1379.0,0.0,0.0,0.0,0.0,0.0,14
2023-05-11 09:04:47,jm2404,jm2404,1379.0,0.0,0.0,0.0,2,1353.0,1414.0,2,1379.0,0.0,0.0,0.0,0.0,0.0,14
2023-05-11 09:04:52,jm2404,jm2404,1379.0,0.0,0.0,0.0,2,1353.0,1413.5,1,1379.0,0.0,0.0,0.0,0.0,0.0,14
2023-05-11 09:04:53,jm2404,jm2404,1379.0,0.0,0.0,0.0,2,1353.0,1414.0,2,1379.0,0.0,0.0,0.0,0.0,0.0,14
2023-05-11 09:04:53,jm2404,jm2404,1379.0,0.0,0.0,0.0,2,1353.0,1428.0,1,1379.0,0.0,0.0,0.0,0.0,0.0,14
2023-05-11 09:04:54,jm2404,jm2404,1379.0,0.0,0.0,0.0,2,1353.0,1424.0,1,1379.0,0.0,0.0,0.0,0.0,0.0,14
2023-05-11 09:04:54,jm2404,jm2404,1379.0,0.0,0.0,0.0,1,1352.0,1424.0,1,1379.0,0.0,0.0,0.0,0.0,0.0,14
2023-05-11 09:04:55,jm2404,jm2404,1379.0,0.0,0.0,0.0,1,1352.5,1424.0,1,1379.0,0.0,0.0,0.0,0.0,0.0,14
2023-05-11 09:04:56,jm2404,jm2404,1379.0,0.0,0.0,0.0,1,1352.0,1424.0,1,1379.0,0.0,0.0,0.0,0.0,0.0,14
2023-05-11 09:04:56,jm2404,jm2404,1379.0,0.0,0.0,0.0,1,1352.0,1423.5,2,1379.0,0.0,0.0,0.0,0.0,0.0,14
2023-05-11 09:04:57,jm2404,jm2404,1379.0,0.0,0.0,0.0,1,1352.0,1421.5,1,1379.0,0.0,0.0,0.0,0.0,0.0,14
2023-05-11 09:05:02,jm2404,jm2404,1379.0,0.0,0.0,0.0,1,1352.0,1421.0,2,1379.0,0.0,0.0,0.0,0.0,0.0,14
2023-05-11 09:05:02,jm2404,jm2404,1379.0,0.0,0.0,0.0,1,1352.0,1419.0,1,1379.0,0.0,0.0,0.0,0.0,0.0,14
2023-05-11 09:05:26,jm2404,jm2404,1379.0,0.0,0.0,0.0,1,1352.0,1418.5,2,1379.0,0.0,0.0,0.0,0.0,0.0,14
2023-05-11 09:05:26,jm2404,jm2404,1379.0,0.0,0.0,0.0,1,1352.0,1416.5,1,1379.0,0.0,0.0,0.0,0.0,0.0,14
2023-05-11 09:05:30,jm2404,jm2404,1379.0,0.0,0.0,0.0,1,1352.5,1416.5,1,1379.0,0.0,0.0,0.0,0.0,0.0,14
2023-05-11 09:05:30,jm2404,jm2404,1379.0,0.0,0.0,0.0,1,1352.0,1416.5,1,1379.0,0.0,0.0,0.0,0.0,0.0,14
2023-05-11 09:05:31,jm2404,jm2404,1379.0,0.0,0.0,0.0,1,1352.0,1416.0,2,1379.0,0.0,0.0,0.0,0.0,0.0,14
2023-05-11 09:05:32,jm2404,jm2404,1379.0,0.0,0.0,0.0,1,1352.0,1415.0,1,1379.0,0.0,0.0,0.0,0.0,0.0,14
2023-05-11 09:05:37,jm2404,jm2404,1379.0,0.0,0.0,0.0,1,1352.5,1415.0,1,1379.0,0.0,0.0,0.0,0.0,0.0,14
2023-05-11 09:05:43,jm2404,jm2404,1379.0,0.0,0.0,0.0,1,1352.5,1414.5,2,1379.0,0.0,0.0,0.0,0.0,0.0,14
2023-05-11 09:05:44,jm2404,jm2404,1379.0,0.0,0.0,0.0,1,1352.5,1414.0,1,1379.0,0.0,0.0,0.0,0.0,0.0,14
2023-05-11 09:05:44,jm2404,jm2404,1379.0,0.0,0.0,0.0,1,1352.0,1414.0,1,1379.0,0.0,0.0,0.0,0.0,0.0,14
2023-05-11 09:05:45,jm2404,jm2404,1379.0,0.0,0.0,0.0,1,1352.5,1414.0,1,1379.0,0.0,0.0,0.0,0.0,0.0,14
2023-05-11 09:05:46,jm2404,jm2404,1379.0,0.0,0.0,0.0,1,1352.0,1414.0,1,1379.0,0.0,0.0,0.0,0.0,0.0,14
2023-05-11 09:06:01,jm2404,jm2404,1379.0,0.0,0.0,0.0,1,1352.0,1413.5,2,1379.0,0.0,0.0,0.0,0.0,0.0,14
2023-05-11 09:06:01,jm2404,jm2404,1379.0,0.0,0.0,0.0,1,1352.0,1413.0,1,1379.0,0.0,0.0,0.0,0.0,0.0,14
2023-05-11 09:06:15,jm2404,jm2404,1379.0,0.0,0.0,0.0,1,1352.0,1412.5,2,1379.0,0.0,0.0,0.0,0.0,0.0,14
2023-05-11 09:06:15,jm2404,jm2404,1379.0,0.0,0.0,0.0,1,1352.0,1411.5,1,1379.0,0.0,0.0,0.0,0.0,0.0,14
2023-05-11 09:06:16,jm2404,jm2404,1379.0,0.0,0.0,0.0,1,1352.0,1412.5,2,1379.0,0.0,0.0,0.0,0.0,0.0,14
2023-05-11 09:06:16,jm2404,jm2404,1379.0,0.0,0.0,0.0,1,1352.0,1412.0,1,1379.0,0.0,0.0,0.0,0.0,0.0,14
2023-05-11 09:06:17,jm2404,jm2404,1379.0,0.0,0.0,0.0,1,1352.0,1411.5,2,1379.0,0.0,0.0,0.0,0.0,0.0,14
2023-05-11 09:06:17,jm2404,jm2404,1379.0,0.0,0.0,0.0,1,1352.0,1411.0,1,1379.0,0.0,0.0,0.0,0.0,0.0,14
2023-05-11 09:06:28,jm2404,jm2404,1379.0,0.0,0.0,0.0,1,1352.0,1411.5,2,1379.0,0.0,0.0,0.0,0.0,0.0,14
2023-05-11 09:06:29,jm2404,jm2404,1379.0,0.0,0.0,0.0,1,1352.0,1411.0,1,1379.0,0.0,0.0,0.0,0.0,0.0,14
2023-05-11 09:06:33,jm2404,jm2404,1379.0,0.0,0.0,0.0,1,1352.0,1410.5,2,1379.0,0.0,0.0,0.0,0.0,0.0,14
2023-05-11 09:06:43,jm2404,jm2404,1379.0,0.0,0.0,0.0,1,1352.0,1410.0,1,1379.0,0.0,0.0,0.0,0.0,0.0,14
2023-05-11 09:06:50,jm2404,jm2404,1379.0,0.0,0.0,0.0,1,1352.0,1412.5,2,1379.0,0.0,0.0,0.0,0.0,0.0,14
2023-05-11 09:06:50,jm2404,jm2404,1379.0,0.0,0.0,0.0,1,1352.0,1409.5,2,1379.0,0.0,0.0,0.0,0.0,0.0,14
2023-05-11 09:07:00,jm2404,jm2404,1379.0,0.0,0.0,0.0,1,1352.0,1409.0,2,1379.0,0.0,0.0,0.0,0.0,0.0,14
2023-05-11 09:07:02,jm2404,jm2404,1379.0,0.0,0.0,0.0,1,1352.0,1408.5,1,1379.0,0.0,0.0,0.0,0.0,0.0,14
2023-05-11 09:07:03,jm2404,jm2404,1379.0,0.0,0.0,0.0,1,1352.0,1408.0,2,1379.0,0.0,0.0,0.0,0.0,0.0,14
2023-05-11 09:07:06,jm2404,jm2404,1379.0,0.0,0.0,0.0,1,1352.0,1407.5,1,1379.0,0.0,0.0,0.0,0.0,0.0,14
2023-05-11 09:07:06,jm2404,jm2404,1379.0,0.0,0.0,0.0,1,1352.0,1408.0,2,1379.0,0.0,0.0,0.0,0.0,0.0,14
2023-05-11 09:07:07,jm2404,jm2404,1379.0,0.0,0.0,0.0,1,1352.0,1407.5,1,1379.0,0.0,0.0,0.0,0.0,0.0,14
2023-05-11 09:07:19,jm2404,jm2404,1379.0,0.0,0.0,0.0,1,1352.0,1407.0,2,1379.0,0.0,0.0,0.0,0.0,0.0,14
2023-05-11 09:07:37,jm2404,jm2404,1379.0,0.0,0.0,0.0,1,1352.0,1406.5,1,1379.0,0.0,0.0,0.0,0.0,0.0,14
2023-05-11 09:07:40,jm2404,jm2404,1379.0,0.0,0.0,0.0,1,1352.0,1406.0,2,1379.0,0.0,0.0,0.0,0.0,0.0,14
2023-05-11 09:07:43,jm2404,jm2404,1379.0,0.0,0.0,0.0,1,1352.0,1405.5,2,1379.0,0.0,0.0,0.0,0.0,0.0,14
2023-05-11 09:07:56,jm2404,jm2404,1379.0,0.0,0.0,0.0,1,1352.0,1405.0,2,1379.0,0.0,0.0,0.0,0.0,0.0,14
2023-05-11 09:08:26,jm2404,jm2404,1379.0,0.0,0.0,0.0,1,1352.0,1404.5,2,1379.0,0.0,0.0,0.0,0.0,0.0,14
2023-05-11 09:08:30,jm2404,jm2404,1379.0,0.0,0.0,0.0,1,1352.0,1404.0,2,1379.0,0.0,0.0,0.0,0.0,0.0,14
2023-05-11 09:09:09,jm2404,jm2404,1379.0,0.0,0.0,0.0,2,1352.5,1404.0,2,1379.0,0.0,0.0,0.0,0.0,0.0,14
2023-05-11 09:09:32,jm2404,jm2404,1379.0,0.0,0.0,0.0,1,1352.0,1404.0,2,1379.0,0.0,0.0,0.0,0.0,0.0,14
2023-05-11 09:09:52,jm2404,jm2404,1379.0,0.0,0.0,0.0,1,1352.0,1403.5,2,1379.0,0.0,0.0,0.0,0.0,0.0,14
2023-05-11 09:09:57,jm2404,jm2404,1379.0,0.0,0.0,0.0,1,1352.0,1403.0,2,1379.0,0.0,0.0,0.0,0.0,0.0,14
2023-05-11 09:10:46,jm2404,jm2404,1379.0,0.0,0.0,0.0,1,1352.0,1402.5,1,1379.0,0.0,0.0,0.0,0.0,0.0,14
2023-05-11 09:10:49,jm2404,jm2404,1379.0,0.0,0.0,0.0,1,1352.0,1402.0,2,1379.0,0.0,0.0,0.0,0.0,0.0,14
2023-05-11 09:11:06,jm2404,jm2404,1379.0,0.0,0.0,0.0,1,1352.0,1401.5,1,1379.0,0.0,0.0,0.0,0.0,0.0,14
2023-05-11 09:11:10,jm2404,jm2404,1379.0,0.0,0.0,0.0,1,1352.0,1401.0,2,1379.0,0.0,0.0,0.0,0.0,0.0,14
2023-05-11 09:11:20,jm2404,jm2404,1379.0,0.0,0.0,0.0,1,1352.0,1400.5,3,1379.0,0.0,0.0,0.0,0.0,0.0,14
2023-05-11 09:11:26,jm2404,jm2404,1379.0,0.0,0.0,0.0,1,1352.0,1400.0,2,1379.0,0.0,0.0,0.0,0.0,0.0,14
2023-05-11 09:11:26,jm2404,jm2404,1379.0,0.0,0.0,0.0,1,1352.0,1399.5,1,1379.0,0.0,0.0,0.0,0.0,0.0,14
2023-05-11 09:11:43,jm2404,jm2404,1379.0,0.0,0.0,0.0,1,1352.0,1399.0,2,1379.0,0.0,0.0,0.0,0.0,0.0,14
2023-05-11 09:12:07,jm2404,jm2404,1379.0,0.0,0.0,0.0,1,1352.0,1398.5,2,1379.0,0.0,0.0,0.0,0.0,0.0,14
2023-05-11 09:12:09,jm2404,jm2404,1379.0,0.0,0.0,0.0,1,1352.0,1398.0,2,1379.0,0.0,0.0,0.0,0.0,0.0,14
2023-05-11 09:12:17,jm2404,jm2404,1379.0,0.0,0.0,0.0,1,1352.0,1398.5,2,1379.0,0.0,0.0,0.0,0.0,0.0,14
2023-05-11 09:12:28,jm2404,jm2404,1379.0,0.0,0.0,0.0,1,1352.0,1398.0,2,1379.0,0.0,0.0,0.0,0.0,0.0,14
2023-05-11 09:13:04,jm2404,jm2404,1379.0,0.0,0.0,0.0,1,1352.0,1423.0,1,1379.0,0.0,0.0,0.0,0.0,0.0,14
2023-05-11 09:13:04,jm2404,jm2404,1379.0,0.0,0.0,0.0,1,1352.0,1416.5,1,1379.0,0.0,0.0,0.0,0.0,0.0,14
2023-05-11 09:13:06,jm2404,jm2404,1379.0,0.0,0.0,0.0,1,1352.0,1416.0,2,1379.0,0.0,0.0,0.0,0.0,0.0,14
2023-05-11 09:13:07,jm2404,jm2404,1379.0,0.0,0.0,0.0,1,1352.0,1414.0,1,1379.0,0.0,0.0,0.0,0.0,0.0,14
2023-05-11 09:13:25,jm2404,jm2404,1379.0,0.0,0.0,0.0,1,1352.0,1413.5,2,1379.0,0.0,0.0,0.0,0.0,0.0,14
2023-05-11 09:13:25,jm2404,jm2404,1379.0,0.0,0.0,0.0,1,1352.0,1411.5,1,1379.0,0.0,0.0,0.0,0.0,0.0,14
2023-05-11 09:13:35,jm2404,jm2404,1379.0,0.0,0.0,0.0,1,1352.0,1411.0,2,1379.0,0.0,0.0,0.0,0.0,0.0,14
2023-05-11 09:13:36,jm2404,jm2404,1379.0,0.0,0.0,0.0,1,1352.0,1409.0,1,1379.0,0.0,0.0,0.0,0.0,0.0,14
2023-05-11 09:13:42,jm2404,jm2404,1379.0,0.0,0.0,0.0,1,1352.0,1408.5,2,1379.0,0.0,0.0,0.0,0.0,0.0,14
2023-05-11 09:13:43,jm2404,jm2404,1379.0,0.0,0.0,0.0,1,1352.0,1407.5,1,1379.0,0.0,0.0,0.0,0.0,0.0,14
2023-05-11 09:14:00,jm2404,jm2404,1379.0,0.0,0.0,0.0,1,1352.0,1407.0,2,1379.0,0.0,0.0,0.0,0.0,0.0,14
2023-05-11 09:14:00,jm2404,jm2404,1379.0,0.0,0.0,0.0,1,1352.0,1406.5,1,1379.0,0.0,0.0,0.0,0.0,0.0,14
2023-05-11 09:14:16,jm2404,jm2404,1379.0,0.0,0.0,0.0,1,1352.0,1406.0,2,1379.0,0.0,0.0,0.0,0.0,0.0,14
2023-05-11 09:14:21,jm2404,jm2404,1379.0,0.0,0.0,0.0,1,1352.0,1405.5,2,1379.0,0.0,0.0,0.0,0.0,0.0,14
2023-05-11 09:14:33,jm2404,jm2404,1379.0,0.0,0.0,0.0,1,1352.0,1405.0,2,1379.0,0.0,0.0,0.0,0.0,0.0,14
2023-05-11 09:15:47,jm2404,jm2404,1379.0,0.0,0.0,0.0,2,1352.5,1405.0,2,1379.0,0.0,0.0,0.0,0.0,0.0,14
2023-05-11 09:15:51,jm2404,jm2404,1379.0,0.0,0.0,0.0,1,1352.0,1405.0,2,1379.0,0.0,0.0,0.0,0.0,0.0,14
2023-05-11 09:16:09,jm2404,jm2404,1379.0,0.0,0.0,0.0,1,1352.0,1427.0,1,1379.0,0.0,0.0,0.0,0.0,0.0,14
2023-05-11 09:16:10,jm2404,jm2404,1379.0,0.0,0.0,0.0,1,1352.0,1421.0,1,1379.0,0.0,0.0,0.0,0.0,0.0,14
2023-05-11 09:16:12,jm2404,jm2404,1379.0,0.0,0.0,0.0,1,1352.0,1420.5,2,1379.0,0.0,0.0,0.0,0.0,0.0,14
2023-05-11 09:16:12,jm2404,jm2404,1379.0,0.0,0.0,0.0,1,1352.0,1418.5,1,1379.0,0.0,0.0,0.0,0.0,0.0,14
2023-05-11 09:16:28,jm2404,jm2404,1379.0,0.0,0.0,0.0,1,1352.0,1418.0,2,1379.0,0.0,0.0,0.0,0.0,0.0,14
2023-05-11 09:16:29,jm2404,jm2404,1379.0,0.0,0.0,0.0,1,1352.0,1416.0,1,1379.0,0.0,0.0,0.0,0.0,0.0,14
2023-05-11 09:16:45,jm2404,jm2404,1379.0,0.0,0.0,0.0,1,1352.0,1415.5,2,1379.0,0.0,0.0,0.0,0.0,0.0,14
2023-05-11 09:16:46,jm2404,jm2404,1379.0,0.0,0.0,0.0,1,1352.0,1413.5,1,1379.0,0.0,0.0,0.0,0.0,0.0,14
2023-05-11 09:17:01,jm2404,jm2404,1379.0,0.0,0.0,0.0,1,1352.0,1413.0,2,1379.0,0.0,0.0,0.0,0.0,0.0,14
2023-05-11 09:17:02,jm2404,jm2404,1379.0,0.0,0.0,0.0,1,1352.0,1412.0,1,1379.0,0.0,0.0,0.0,0.0,0.0,14
2023-05-11 09:17:14,jm2404,jm2404,1379.0,0.0,0.0,0.0,1,1352.0,1411.5,2,1379.0,0.0,0.0,0.0,0.0,0.0,14
2023-05-11 09:17:15,jm2404,jm2404,1379.0,0.0,0.0,0.0,1,1352.0,1410.5,1,1379.0,0.0,0.0,0.0,0.0,0.0,14
2023-05-11 09:17:17,jm2404,jm2404,1379.0,0.0,0.0,0.0,1,1352.0,1410.0,2,1379.0,0.0,0.0,0.0,0.0,0.0,14
2023-05-11 09:17:17,jm2404,jm2404,1379.0,0.0,0.0,0.0,1,1352.0,1409.5,1,1379.0,0.0,0.0,0.0,0.0,0.0,14
2023-05-11 09:17:34,jm2404,jm2404,1379.0,0.0,0.0,0.0,1,1352.0,1409.0,2,1379.0,0.0,0.0,0.0,0.0,0.0,14
2023-05-11 09:17:34,jm2404,jm2404,1379.0,0.0,0.0,0.0,1,1352.0,1408.0,1,1379.0,0.0,0.0,0.0,0.0,0.0,14
2023-05-11 09:17:50,jm2404,jm2404,1379.0,0.0,0.0,0.0,1,1352.0,1407.5,2,1379.0,0.0,0.0,0.0,0.0,0.0,14
2023-05-11 09:17:50,jm2404,jm2404,1379.0,0.0,0.0,0.0,1,1352.0,1407.0,1,1379.0,0.0,0.0,0.0,0.0,0.0,14
2023-05-11 09:17:57,jm2404,jm2404,1379.0,0.0,0.0,0.0,1,1352.0,1406.5,2,1379.0,0.0,0.0,0.0,0.0,0.0,14
2023-05-11 09:17:58,jm2404,jm2404,1379.0,0.0,0.0,0.0,1,1352.0,1406.0,1,1379.0,0.0,0.0,0.0,0.0,0.0,14
2023-05-11 09:18:01,jm2404,jm2404,1379.0,0.0,0.0,0.0,1,1352.0,1405.5,2,1379.0,0.0,0.0,0.0,0.0,0.0,14
2023-05-11 09:18:02,jm2404,jm2404,1379.0,0.0,0.0,0.0,1,1352.0,1405.0,1,1379.0,0.0,0.0,0.0,0.0,0.0,14
2023-05-11 09:18:18,jm2404,jm2404,1379.0,0.0,0.0,0.0,1,1352.0,1404.5,2,1379.0,0.0,0.0,0.0,0.0,0.0,14
2023-05-11 09:18:18,jm2404,jm2404,1379.0,0.0,0.0,0.0,1,1352.0,1404.0,1,1379.0,0.0,0.0,0.0,0.0,0.0,14
2023-05-11 09:18:35,jm2404,jm2404,1379.0,0.0,0.0,0.0,1,1352.0,1403.5,2,1379.0,0.0,0.0,0.0,0.0,0.0,14
2023-05-11 09:18:35,jm2404,jm2404,1379.0,0.0,0.0,0.0,1,1352.0,1403.0,1,1379.0,0.0,0.0,0.0,0.0,0.0,14
2023-05-11 09:18:36,jm2404,jm2404,1379.0,0.0,0.0,0.0,1,1352.0,1403.5,2,1379.0,0.0,0.0,0.0,0.0,0.0,14
2023-05-11 09:18:42,jm2404,jm2404,1379.0,0.0,0.0,0.0,1,1352.0,1403.0,2,1379.0,0.0,0.0,0.0,0.0,0.0,14
2023-05-11 09:18:53,jm2404,jm2404,1379.0,0.0,0.0,0.0,1,1352.0,1402.5,2,1379.0,0.0,0.0,0.0,0.0,0.0,14
2023-05-11 09:19:05,jm2404,jm2404,1379.0,0.0,0.0,0.0,1,1352.0,1403.0,2,1379.0,0.0,0.0,0.0,0.0,0.0,14
2023-05-11 09:19:16,jm2404,jm2404,1379.0,0.0,0.0,0.0,1,1352.0,1403.0,4,1379.0,0.0,0.0,0.0,0.0,0.0,14
2023-05-11 09:20:33,jm2404,jm2404,1379.0,0.0,0.0,0.0,1,1352.0,1403.0,2,1379.0,0.0,0.0,0.0,0.0,0.0,14
2023-05-11 09:20:45,jm2404,jm2404,1379.0,0.0,0.0,0.0,1,1352.0,1402.5,2,1379.0,0.0,0.0,0.0,0.0,0.0,14
2023-05-11 09:20:51,jm2404,jm2404,1379.0,0.0,0.0,0.0,2,1352.5,1402.5,2,1379.0,0.0,0.0,0.0,0.0,0.0,14
2023-05-11 09:25:51,jm2404,jm2404,1379.0,0.0,0.0,0.0,1,1352.0,1402.5,2,1379.0,0.0,0.0,0.0,0.0,0.0,14
2023-05-11 09:26:32,jm2404,jm2404,1379.0,0.0,0.0,0.0,2,1352.5,1402.5,2,1379.0,0.0,0.0,0.0,0.0,0.0,14
2023-05-11 09:30:26,jm2404,jm2404,1379.0,0.0,0.0,0.0,1,1352.0,1402.5,2,1379.0,0.0,0.0,0.0,0.0,0.0,14
2023-05-11 09:30:48,jm2404,jm2404,1379.0,0.0,0.0,0.0,1,1352.0,1402.0,2,1379.0,0.0,0.0,0.0,0.0,0.0,14
