time,symbol_id,symbol_name,last,trade_volume,trade_amount,open_interest_change,bv1,bp1,ap1,av1,yesterday_close,today_open,today_high,today_low,volume,amount,open_interest
2023-05-11 08:56:38,fb2307,fb2307,1236.0,0.0,0.0,0.0,1,1208.0,1266.0,1,1236.0,0.0,0.0,0.0,0.0,0.0,5
2023-05-11 09:00:14,fb2307,fb2307,1236.0,0.0,0.0,0.0,1,1208.0,1265.5,1,1236.0,0.0,0.0,0.0,0.0,0.0,5
2023-05-11 09:00:26,fb2307,fb2307,1236.0,0.0,0.0,0.0,5,1210.0,1265.5,1,1236.0,0.0,0.0,0.0,0.0,0.0,5
2023-05-11 09:00:43,fb2307,fb2307,1236.0,0.0,0.0,0.0,5,1210.0,1257.5,1,1236.0,0.0,0.0,0.0,0.0,0.0,5
2023-05-11 09:00:44,fb2307,fb2307,1236.0,0.0,0.0,0.0,5,1210.0,1265.5,1,1236.0,0.0,0.0,0.0,0.0,0.0,5
2023-05-11 09:00:49,fb2307,fb2307,1236.0,0.0,0.0,0.0,5,1210.0,1263.5,1,1236.0,0.0,0.0,0.0,0.0,0.0,5
2023-05-11 09:00:50,fb2307,fb2307,1236.0,0.0,0.0,0.0,5,1210.0,1264.0,1,1236.0,0.0,0.0,0.0,0.0,0.0,5
2023-05-11 09:00:54,fb2307,fb2307,1236.0,0.0,0.0,0.0,5,1210.0,1265.5,1,1236.0,0.0,0.0,0.0,0.0,0.0,5
2023-05-11 09:00:56,fb2307,fb2307,1236.0,0.0,0.0,0.0,1,1210.5,1265.5,1,1236.0,0.0,0.0,0.0,0.0,0.0,5
2023-05-11 09:01:12,fb2307,fb2307,1236.0,0.0,0.0,0.0,1,1211.0,1265.5,1,1236.0,0.0,0.0,0.0,0.0,0.0,5
2023-05-11 09:01:17,fb2307,fb2307,1236.0,0.0,0.0,0.0,2,1211.0,1265.5,1,1236.0,0.0,0.0,0.0,0.0,0.0,5
2023-05-11 09:01:32,fb2307,fb2307,1236.0,0.0,0.0,0.0,1,1211.0,1265.5,1,1236.0,0.0,0.0,0.0,0.0,0.0,5
2023-05-11 09:01:41,fb2307,fb2307,1236.0,0.0,0.0,0.0,1,1211.0,1265.0,1,1236.0,0.0,0.0,0.0,0.0,0.0,5
2023-05-11 09:02:09,fb2307,fb2307,1236.0,0.0,0.0,0.0,2,1211.0,1265.0,1,1236.0,0.0,0.0,0.0,0.0,0.0,5
2023-05-11 09:02:09,fb2307,fb2307,1236.0,0.0,0.0,0.0,1,1211.0,1265.0,1,1236.0,0.0,0.0,0.0,0.0,0.0,5
2023-05-11 09:02:26,fb2307,fb2307,1236.0,0.0,0.0,0.0,1,1211.0,1264.5,2,1236.0,0.0,0.0,0.0,0.0,0.0,5
2023-05-11 09:02:29,fb2307,fb2307,1236.0,0.0,0.0,0.0,1,1211.0,1264.5,1,1236.0,0.0,0.0,0.0,0.0,0.0,5
2023-05-11 09:02:48,fb2307,fb2307,1236.0,0.0,0.0,0.0,1,1211.0,1264.5,2,1236.0,0.0,0.0,0.0,0.0,0.0,5
2023-05-11 09:02:48,fb2307,fb2307,1236.0,0.0,0.0,0.0,1,1211.0,1264.5,1,1236.0,0.0,0.0,0.0,0.0,0.0,5
2023-05-11 09:02:55,fb2307,fb2307,1236.0,0.0,0.0,0.0,1,1211.0,1264.5,2,1236.0,0.0,0.0,0.0,0.0,0.0,5
2023-05-11 09:02:59,fb2307,fb2307,1236.0,0.0,0.0,0.0,1,1211.0,1264.5,1,1236.0,0.0,0.0,0.0,0.0,0.0,5
2023-05-11 09:05:38,fb2307,fb2307,1236.0,0.0,0.0,0.0,1,1211.5,1264.5,1,1236.0,0.0,0.0,0.0,0.0,0.0,5
2023-05-11 09:05:59,fb2307,fb2307,1236.0,0.0,0.0,0.0,1,1211.5,1264.5,2,1236.0,0.0,0.0,0.0,0.0,0.0,5
2023-05-11 09:06:19,fb2307,fb2307,1236.0,0.0,0.0,0.0,1,1212.0,1264.5,2,1236.0,0.0,0.0,0.0,0.0,0.0,5
2023-05-11 09:06:28,fb2307,fb2307,1236.0,0.0,0.0,0.0,1,1212.0,1264.0,1,1236.0,0.0,0.0,0.0,0.0,0.0,5
2023-05-11 09:06:40,fb2307,fb2307,1236.0,0.0,0.0,0.0,2,1212.0,1264.0,1,1236.0,0.0,0.0,0.0,0.0,0.0,5
2023-05-11 09:06:47,fb2307,fb2307,1236.0,0.0,0.0,0.0,1,1212.5,1264.0,1,1236.0,0.0,0.0,0.0,0.0,0.0,5
2023-05-11 09:06:49,fb2307,fb2307,1236.0,0.0,0.0,0.0,1,1213.0,1264.0,1,1236.0,0.0,0.0,0.0,0.0,0.0,5
2023-05-11 09:07:03,fb2307,fb2307,1236.0,0.0,0.0,0.0,1,1213.0,1264.0,2,1236.0,0.0,0.0,0.0,0.0,0.0,5
2023-05-11 09:07:12,fb2307,fb2307,1236.0,0.0,0.0,0.0,1,1213.5,1264.0,2,1236.0,0.0,0.0,0.0,0.0,0.0,5
2023-05-11 09:07:26,fb2307,fb2307,1236.0,0.0,0.0,0.0,1,1213.5,1263.5,1,1236.0,0.0,0.0,0.0,0.0,0.0,5
2023-05-11 09:07:54,fb2307,fb2307,1236.0,0.0,0.0,0.0,1,1214.0,1263.5,1,1236.0,0.0,0.0,0.0,0.0,0.0,5
2023-05-11 09:07:55,fb2307,fb2307,1236.0,0.0,0.0,0.0,1,1214.0,1260.0,1,1236.0,0.0,0.0,0.0,0.0,0.0,5
2023-05-11 09:08:13,fb2307,fb2307,1236.0,0.0,0.0,0.0,1,1214.0,1263.5,1,1236.0,0.0,0.0,0.0,0.0,0.0,5
2023-05-11 09:08:14,fb2307,fb2307,1236.0,0.0,0.0,0.0,1,1214.5,1263.5,1,1236.0,0.0,0.0,0.0,0.0,0.0,5
2023-05-11 09:08:18,fb2307,fb2307,1236.0,0.0,0.0,0.0,1,1214.5,1263.0,1,1236.0,0.0,0.0,0.0,0.0,0.0,5
2023-05-11 09:09:04,fb2307,fb2307,1236.0,0.0,0.0,0.0,1,1214.5,1265.0,1,1236.0,0.0,0.0,0.0,0.0,0.0,5
2023-05-11 09:09:09,fb2307,fb2307,1236.0,0.0,0.0,0.0,1,1214.5,1262.0,1,1236.0,0.0,0.0,0.0,0.0,0.0,5
2023-05-11 09:09:19,fb2307,fb2307,1236.0,0.0,0.0,0.0,1,1214.5,1265.0,1,1236.0,0.0,0.0,0.0,0.0,0.0,5
2023-05-11 09:09:25,fb2307,fb2307,1236.0,0.0,0.0,0.0,1,1214.5,1264.5,1,1236.0,0.0,0.0,0.0,0.0,0.0,5
2023-05-11 09:09:32,fb2307,fb2307,1236.0,0.0,0.0,0.0,1,1214.5,1264.0,2,1236.0,0.0,0.0,0.0,0.0,0.0,5
2023-05-11 09:09:46,fb2307,fb2307,1236.0,0.0,0.0,0.0,1,1214.5,1262.0,1,1236.0,0.0,0.0,0.0,0.0,0.0,5
2023-05-11 09:10:09,fb2307,fb2307,1236.0,0.0,0.0,0.0,1,1215.0,1262.0,1,1236.0,0.0,0.0,0.0,0.0,0.0,5
2023-05-11 09:10:59,fb2307,fb2307,1236.0,0.0,0.0,0.0,1,1215.0,1261.5,1,1236.0,0.0,0.0,0.0,0.0,0.0,5
2023-05-11 09:11:08,fb2307,fb2307,1236.0,0.0,0.0,0.0,1,1215.0,1261.5,2,1236.0,0.0,0.0,0.0,0.0,0.0,5
2023-05-11 09:11:08,fb2307,fb2307,1236.0,0.0,0.0,0.0,1,1215.0,1261.5,1,1236.0,0.0,0.0,0.0,0.0,0.0,5
2023-05-11 09:11:11,fb2307,fb2307,1236.0,0.0,0.0,0.0,1,1215.0,1261.5,2,1236.0,0.0,0.0,0.0,0.0,0.0,5
2023-05-11 09:11:11,fb2307,fb2307,1236.0,0.0,0.0,0.0,1,1215.0,1261.5,1,1236.0,0.0,0.0,0.0,0.0,0.0,5
2023-05-11 09:11:20,fb2307,fb2307,1236.0,0.0,0.0,0.0,1,1215.0,1261.0,2,1236.0,0.0,0.0,0.0,0.0,0.0,5
2023-05-11 09:11:23,fb2307,fb2307,1236.0,0.0,0.0,0.0,1,1215.0,1261.5,1,1236.0,0.0,0.0,0.0,0.0,0.0,5
2023-05-11 09:11:28,fb2307,fb2307,1236.0,0.0,0.0,0.0,1,1215.0,1256.0,1,1236.0,0.0,0.0,0.0,0.0,0.0,5
2023-05-11 09:11:36,fb2307,fb2307,1236.0,0.0,0.0,0.0,1,1215.0,1261.5,1,1236.0,0.0,0.0,0.0,0.0,0.0,5
2023-05-11 09:11:42,fb2307,fb2307,1236.0,0.0,0.0,0.0,1,1215.0,1261.0,1,1236.0,0.0,0.0,0.0,0.0,0.0,5
2023-05-11 09:11:45,fb2307,fb2307,1236.0,0.0,0.0,0.0,1,1215.0,1261.0,2,1236.0,0.0,0.0,0.0,0.0,0.0,5
2023-05-11 09:11:51,fb2307,fb2307,1236.0,0.0,0.0,0.0,1,1215.0,1261.0,1,1236.0,0.0,0.0,0.0,0.0,0.0,5
2023-05-11 09:12:12,fb2307,fb2307,1236.0,0.0,0.0,0.0,1,1215.0,1261.5,1,1236.0,0.0,0.0,0.0,0.0,0.0,5
2023-05-11 09:12:17,fb2307,fb2307,1236.0,0.0,0.0,0.0,1,1215.5,1261.5,1,1236.0,0.0,0.0,0.0,0.0,0.0,5
2023-05-11 09:13:11,fb2307,fb2307,1236.0,0.0,0.0,0.0,1,1216.0,1261.5,1,1236.0,0.0,0.0,0.0,0.0,0.0,5
2023-05-11 09:13:24,fb2307,fb2307,1236.0,0.0,0.0,0.0,1,1220.5,1261.5,1,1236.0,0.0,0.0,0.0,0.0,0.0,5
2023-05-11 09:13:31,fb2307,fb2307,1236.0,0.0,0.0,0.0,1,1216.0,1261.5,1,1236.0,0.0,0.0,0.0,0.0,0.0,5
2023-05-11 09:13:37,fb2307,fb2307,1236.0,0.0,0.0,0.0,1,1216.5,1261.5,1,1236.0,0.0,0.0,0.0,0.0,0.0,5
2023-05-11 09:15:15,fb2307,fb2307,1236.0,0.0,0.0,0.0,1,1216.0,1261.5,1,1236.0,0.0,0.0,0.0,0.0,0.0,5
2023-05-11 09:15:20,fb2307,fb2307,1236.0,0.0,0.0,0.0,1,1216.0,1261.5,2,1236.0,0.0,0.0,0.0,0.0,0.0,5
2023-05-11 09:15:57,fb2307,fb2307,1236.0,0.0,0.0,0.0,1,1216.0,1261.5,1,1236.0,0.0,0.0,0.0,0.0,0.0,5
2023-05-11 09:16:00,fb2307,fb2307,1236.0,0.0,0.0,0.0,1,1216.0,1261.0,1,1236.0,0.0,0.0,0.0,0.0,0.0,5
2023-05-11 09:16:43,fb2307,fb2307,1236.0,0.0,0.0,0.0,2,1216.0,1261.0,1,1236.0,0.0,0.0,0.0,0.0,0.0,5
2023-05-11 09:16:44,fb2307,fb2307,1236.0,0.0,0.0,0.0,1,1216.0,1261.0,1,1236.0,0.0,0.0,0.0,0.0,0.0,5
2023-05-11 09:16:46,fb2307,fb2307,1236.0,0.0,0.0,0.0,1,1216.0,1261.0,2,1236.0,0.0,0.0,0.0,0.0,0.0,5
2023-05-11 09:19:04,fb2307,fb2307,1236.0,0.0,0.0,0.0,2,1216.0,1261.0,2,1236.0,0.0,0.0,0.0,0.0,0.0,5
2023-05-11 09:19:04,fb2307,fb2307,1236.0,0.0,0.0,0.0,1,1216.0,1261.0,2,1236.0,0.0,0.0,0.0,0.0,0.0,5
2023-05-11 09:19:08,fb2307,fb2307,1236.0,0.0,0.0,0.0,2,1216.0,1261.0,2,1236.0,0.0,0.0,0.0,0.0,0.0,5
2023-05-11 09:19:08,fb2307,fb2307,1236.0,0.0,0.0,0.0,1,1216.0,1261.0,2,1236.0,0.0,0.0,0.0,0.0,0.0,5
2023-05-11 09:19:11,fb2307,fb2307,1236.0,0.0,0.0,0.0,1,1216.0,1261.0,1,1236.0,0.0,0.0,0.0,0.0,0.0,5
2023-05-11 09:19:16,fb2307,fb2307,1236.0,0.0,0.0,0.0,2,1216.0,1261.0,1,1236.0,0.0,0.0,0.0,0.0,0.0,5
2023-05-11 09:19:56,fb2307,fb2307,1236.0,0.0,0.0,0.0,3,1216.0,1261.0,1,1236.0,0.0,0.0,0.0,0.0,0.0,5
2023-05-11 09:19:57,fb2307,fb2307,1236.0,0.0,0.0,0.0,2,1216.0,1261.0,1,1236.0,0.0,0.0,0.0,0.0,0.0,5
2023-05-11 09:19:59,fb2307,fb2307,1236.0,0.0,0.0,0.0,3,1216.0,1261.0,1,1236.0,0.0,0.0,0.0,0.0,0.0,5
2023-05-11 09:20:00,fb2307,fb2307,1236.0,0.0,0.0,0.0,2,1216.0,1261.0,1,1236.0,0.0,0.0,0.0,0.0,0.0,5
2023-05-11 09:20:59,fb2307,fb2307,1236.0,0.0,0.0,0.0,2,1216.0,1265.0,1,1236.0,0.0,0.0,0.0,0.0,0.0,5
2023-05-11 09:21:02,fb2307,fb2307,1236.0,0.0,0.0,0.0,2,1216.0,1264.5,1,1236.0,0.0,0.0,0.0,0.0,0.0,5
2023-05-11 09:21:26,fb2307,fb2307,1236.0,0.0,0.0,0.0,2,1216.0,1264.5,2,1236.0,0.0,0.0,0.0,0.0,0.0,5
2023-05-11 09:21:26,fb2307,fb2307,1236.0,0.0,0.0,0.0,2,1216.0,1264.5,1,1236.0,0.0,0.0,0.0,0.0,0.0,5
2023-05-11 09:23:01,fb2307,fb2307,1236.0,0.0,0.0,0.0,2,1216.0,1264.5,2,1236.0,0.0,0.0,0.0,0.0,0.0,5
2023-05-11 09:23:02,fb2307,fb2307,1236.0,0.0,0.0,0.0,2,1216.0,1264.5,1,1236.0,0.0,0.0,0.0,0.0,0.0,5
2023-05-11 09:23:03,fb2307,fb2307,1236.0,0.0,0.0,0.0,2,1216.0,1264.5,2,1236.0,0.0,0.0,0.0,0.0,0.0,5
2023-05-11 09:23:03,fb2307,fb2307,1236.0,0.0,0.0,0.0,2,1216.0,1264.5,1,1236.0,0.0,0.0,0.0,0.0,0.0,5
2023-05-11 09:23:07,fb2307,fb2307,1236.0,0.0,0.0,0.0,2,1216.0,1264.5,2,1236.0,0.0,0.0,0.0,0.0,0.0,5
2023-05-11 09:23:12,fb2307,fb2307,1236.0,0.0,0.0,0.0,2,1216.0,1264.5,1,1236.0,0.0,0.0,0.0,0.0,0.0,5
2023-05-11 09:23:25,fb2307,fb2307,1236.0,0.0,0.0,0.0,2,1216.0,1264.5,2,1236.0,0.0,0.0,0.0,0.0,0.0,5
2023-05-11 09:23:26,fb2307,fb2307,1236.0,0.0,0.0,0.0,2,1216.0,1264.5,1,1236.0,0.0,0.0,0.0,0.0,0.0,5
2023-05-11 09:23:27,fb2307,fb2307,1236.0,0.0,0.0,0.0,2,1216.0,1264.5,2,1236.0,0.0,0.0,0.0,0.0,0.0,5
2023-05-11 09:23:43,fb2307,fb2307,1236.0,0.0,0.0,0.0,2,1216.0,1264.5,1,1236.0,0.0,0.0,0.0,0.0,0.0,5
2023-05-11 09:24:20,fb2307,fb2307,1236.0,0.0,0.0,0.0,2,1216.0,1264.5,2,1236.0,0.0,0.0,0.0,0.0,0.0,5
2023-05-11 09:24:44,fb2307,fb2307,1236.0,0.0,0.0,0.0,2,1216.0,1264.5,1,1236.0,0.0,0.0,0.0,0.0,0.0,5
2023-05-11 09:24:46,fb2307,fb2307,1236.0,0.0,0.0,0.0,2,1216.0,1264.5,2,1236.0,0.0,0.0,0.0,0.0,0.0,5
2023-05-11 09:24:47,fb2307,fb2307,1236.0,0.0,0.0,0.0,2,1216.0,1264.5,1,1236.0,0.0,0.0,0.0,0.0,0.0,5
2023-05-11 09:25:25,fb2307,fb2307,1236.0,0.0,0.0,0.0,2,1216.0,1264.5,2,1236.0,0.0,0.0,0.0,0.0,0.0,5
2023-05-11 09:25:27,fb2307,fb2307,1236.0,0.0,0.0,0.0,2,1216.0,1264.5,1,1236.0,0.0,0.0,0.0,0.0,0.0,5
2023-05-11 09:25:45,fb2307,fb2307,1236.0,0.0,0.0,0.0,2,1216.0,1264.5,2,1236.0,0.0,0.0,0.0,0.0,0.0,5
2023-05-11 09:26:01,fb2307,fb2307,1236.0,0.0,0.0,0.0,2,1216.0,1265.0,1,1236.0,0.0,0.0,0.0,0.0,0.0,5
2023-05-11 09:26:05,fb2307,fb2307,1236.0,0.0,0.0,0.0,2,1216.0,1264.5,2,1236.0,0.0,0.0,0.0,0.0,0.0,5
2023-05-11 09:26:11,fb2307,fb2307,1236.0,0.0,0.0,0.0,2,1216.0,1264.5,1,1236.0,0.0,0.0,0.0,0.0,0.0,5
2023-05-11 09:26:52,fb2307,fb2307,1236.0,0.0,0.0,0.0,2,1216.0,1264.5,2,1236.0,0.0,0.0,0.0,0.0,0.0,5
2023-05-11 09:28:28,fb2307,fb2307,1236.0,0.0,0.0,0.0,2,1216.0,1264.5,1,1236.0,0.0,0.0,0.0,0.0,0.0,5
2023-05-11 09:31:03,fb2307,fb2307,1236.0,0.0,0.0,0.0,2,1216.0,1265.0,1,1236.0,0.0,0.0,0.0,0.0,0.0,5
2023-05-11 09:31:07,fb2307,fb2307,1236.0,0.0,0.0,0.0,2,1216.0,1264.5,1,1236.0,0.0,0.0,0.0,0.0,0.0,5
2023-05-11 09:35:22,fb2307,fb2307,1236.0,0.0,0.0,0.0,2,1216.0,1264.5,2,1236.0,0.0,0.0,0.0,0.0,0.0,5
2023-05-11 09:36:05,fb2307,fb2307,1236.0,0.0,0.0,0.0,2,1216.0,1265.0,1,1236.0,0.0,0.0,0.0,0.0,0.0,5
2023-05-11 09:36:09,fb2307,fb2307,1236.0,0.0,0.0,0.0,2,1216.0,1264.5,2,1236.0,0.0,0.0,0.0,0.0,0.0,5
2023-05-11 09:36:17,fb2307,fb2307,1236.0,0.0,0.0,0.0,2,1216.0,1264.5,1,1236.0,0.0,0.0,0.0,0.0,0.0,5
2023-05-11 09:37:00,fb2307,fb2307,1236.0,0.0,0.0,0.0,2,1216.0,1264.0,2,1236.0,0.0,0.0,0.0,0.0,0.0,5
2023-05-11 09:37:08,fb2307,fb2307,1236.0,0.0,0.0,0.0,2,1216.0,1263.5,1,1236.0,0.0,0.0,0.0,0.0,0.0,5
2023-05-11 09:38:18,fb2307,fb2307,1236.0,0.0,0.0,0.0,2,1216.0,1263.0,1,1236.0,0.0,0.0,0.0,0.0,0.0,5
2023-05-11 09:43:18,fb2307,fb2307,1236.0,0.0,0.0,0.0,2,1216.0,1263.5,1,1236.0,0.0,0.0,0.0,0.0,0.0,5
2023-05-11 09:43:22,fb2307,fb2307,1236.0,0.0,0.0,0.0,2,1216.0,1263.0,1,1236.0,0.0,0.0,0.0,0.0,0.0,5
2023-05-11 09:47:10,fb2307,fb2307,1236.0,0.0,0.0,0.0,2,1216.0,1261.0,1,1236.0,0.0,0.0,0.0,0.0,0.0,5
2023-05-11 09:47:43,fb2307,fb2307,1236.0,0.0,0.0,0.0,3,1216.0,1261.0,1,1236.0,0.0,0.0,0.0,0.0,0.0,5
2023-05-11 09:47:46,fb2307,fb2307,1236.0,0.0,0.0,0.0,2,1216.0,1261.0,1,1236.0,0.0,0.0,0.0,0.0,0.0,5
2023-05-11 09:47:47,fb2307,fb2307,1236.0,0.0,0.0,0.0,3,1216.0,1261.0,1,1236.0,0.0,0.0,0.0,0.0,0.0,5
2023-05-11 09:47:55,fb2307,fb2307,1236.0,0.0,0.0,0.0,2,1216.0,1261.0,1,1236.0,0.0,0.0,0.0,0.0,0.0,5
2023-05-11 09:47:56,fb2307,fb2307,1236.0,0.0,0.0,0.0,3,1216.0,1261.0,1,1236.0,0.0,0.0,0.0,0.0,0.0,5
2023-05-11 09:48:24,fb2307,fb2307,1236.0,0.0,0.0,0.0,3,1216.0,1260.5,1,1236.0,0.0,0.0,0.0,0.0,0.0,5
2023-05-11 09:49:01,fb2307,fb2307,1236.0,0.0,0.0,0.0,2,1216.0,1260.5,1,1236.0,0.0,0.0,0.0,0.0,0.0,5
2023-05-11 09:53:22,fb2307,fb2307,1236.0,0.0,0.0,0.0,2,1216.0,1261.0,1,1236.0,0.0,0.0,0.0,0.0,0.0,5
2023-05-11 09:53:28,fb2307,fb2307,1236.0,0.0,0.0,0.0,2,1216.0,1260.5,1,1236.0,0.0,0.0,0.0,0.0,0.0,5
2023-05-11 09:55:12,fb2307,fb2307,1236.0,0.0,0.0,0.0,1,1216.5,1260.5,1,1236.0,0.0,0.0,0.0,0.0,0.0,5
2023-05-11 09:58:26,fb2307,fb2307,1236.0,0.0,0.0,0.0,1,1216.5,1261.0,1,1236.0,0.0,0.0,0.0,0.0,0.0,5
2023-05-11 09:58:29,fb2307,fb2307,1236.0,0.0,0.0,0.0,1,1216.5,1260.5,1,1236.0,0.0,0.0,0.0,0.0,0.0,5
2023-05-11 10:00:03,fb2307,fb2307,1236.0,0.0,0.0,0.0,1,1216.5,1260.0,1,1236.0,0.0,0.0,0.0,0.0,0.0,5
2023-05-11 10:01:22,fb2307,fb2307,1236.0,0.0,0.0,0.0,1,1216.5,1259.5,1,1236.0,0.0,0.0,0.0,0.0,0.0,5
2023-05-11 10:02:30,fb2307,fb2307,1236.0,0.0,0.0,0.0,1,1216.5,1258.0,1,1236.0,0.0,0.0,0.0,0.0,0.0,5
2023-05-11 10:03:31,fb2307,fb2307,1236.0,0.0,0.0,0.0,1,1216.5,1257.5,1,1236.0,0.0,0.0,0.0,0.0,0.0,5
2023-05-11 10:06:25,fb2307,fb2307,1236.0,0.0,0.0,0.0,1,1216.5,1254.5,1,1236.0,0.0,0.0,0.0,0.0,0.0,5
2023-05-11 10:07:07,fb2307,fb2307,1236.0,0.0,0.0,0.0,1,1216.5,1254.0,1,1236.0,0.0,0.0,0.0,0.0,0.0,5
2023-05-11 10:07:20,fb2307,fb2307,1236.0,0.0,0.0,0.0,1,1216.5,1252.5,1,1236.0,0.0,0.0,0.0,0.0,0.0,5
2023-05-11 10:08:32,fb2307,fb2307,1236.0,0.0,0.0,0.0,1,1216.5,1252.0,1,1236.0,0.0,0.0,0.0,0.0,0.0,5
2023-05-11 10:11:37,fb2307,fb2307,1236.0,0.0,0.0,0.0,1,1216.5,1250.0,1,1236.0,0.0,0.0,0.0,0.0,0.0,5
2023-05-11 10:12:07,fb2307,fb2307,1236.0,0.0,0.0,0.0,1,1216.5,1252.0,1,1236.0,0.0,0.0,0.0,0.0,0.0,5
2023-05-11 10:13:30,fb2307,fb2307,1236.0,0.0,0.0,0.0,1,1216.5,1262.0,1,1236.0,0.0,0.0,0.0,0.0,0.0,5
2023-05-11 10:13:33,fb2307,fb2307,1236.0,0.0,0.0,0.0,1,1216.5,1261.5,2,1236.0,0.0,0.0,0.0,0.0,0.0,5
2023-05-11 10:13:57,fb2307,fb2307,1236.0,0.0,0.0,0.0,1,1216.5,1261.5,1,1236.0,0.0,0.0,0.0,0.0,0.0,5
2023-05-11 10:30:12,fb2307,fb2307,1236.0,0.0,0.0,0.0,1,1216.5,1262.0,2,1236.0,0.0,0.0,0.0,0.0,0.0,5
2023-05-11 10:30:49,fb2307,fb2307,1236.0,0.0,0.0,0.0,1,1216.5,1261.5,1,1236.0,0.0,0.0,0.0,0.0,0.0,5
2023-05-11 10:31:11,fb2307,fb2307,1236.0,0.0,0.0,0.0,1,1216.5,1261.5,2,1236.0,0.0,0.0,0.0,0.0,0.0,5
2023-05-11 10:31:53,fb2307,fb2307,1236.0,0.0,0.0,0.0,1,1216.5,1261.5,1,1236.0,0.0,0.0,0.0,0.0,0.0,5
2023-05-11 10:31:54,fb2307,fb2307,1236.0,0.0,0.0,0.0,1,1216.5,1261.5,2,1236.0,0.0,0.0,0.0,0.0,0.0,5
2023-05-11 10:31:59,fb2307,fb2307,1236.0,0.0,0.0,0.0,1,1216.5,1261.5,1,1236.0,0.0,0.0,0.0,0.0,0.0,5
2023-05-11 10:32:04,fb2307,fb2307,1236.0,0.0,0.0,0.0,1,1216.5,1261.5,2,1236.0,0.0,0.0,0.0,0.0,0.0,5
2023-05-11 10:33:10,fb2307,fb2307,1236.0,0.0,0.0,0.0,1,1216.5,1261.5,1,1236.0,0.0,0.0,0.0,0.0,0.0,5
2023-05-11 10:33:11,fb2307,fb2307,1236.0,0.0,0.0,0.0,1,1216.5,1261.5,2,1236.0,0.0,0.0,0.0,0.0,0.0,5
2023-05-11 10:33:57,fb2307,fb2307,1236.0,0.0,0.0,0.0,1,1216.5,1261.5,1,1236.0,0.0,0.0,0.0,0.0,0.0,5
2023-05-11 10:33:57,fb2307,fb2307,1236.0,0.0,0.0,0.0,1,1216.5,1261.5,2,1236.0,0.0,0.0,0.0,0.0,0.0,5
2023-05-11 10:34:15,fb2307,fb2307,1236.0,0.0,0.0,0.0,1,1216.5,1261.5,1,1236.0,0.0,0.0,0.0,0.0,0.0,5
2023-05-11 10:34:15,fb2307,fb2307,1236.0,0.0,0.0,0.0,1,1216.5,1261.5,2,1236.0,0.0,0.0,0.0,0.0,0.0,5
2023-05-11 10:35:00,fb2307,fb2307,1236.0,0.0,0.0,0.0,1,1216.5,1261.5,1,1236.0,0.0,0.0,0.0,0.0,0.0,5
2023-05-11 10:35:00,fb2307,fb2307,1236.0,0.0,0.0,0.0,1,1216.5,1261.5,2,1236.0,0.0,0.0,0.0,0.0,0.0,5
2023-05-11 10:35:22,fb2307,fb2307,1236.0,0.0,0.0,0.0,1,1216.5,1261.5,1,1236.0,0.0,0.0,0.0,0.0,0.0,5
2023-05-11 10:35:23,fb2307,fb2307,1236.0,0.0,0.0,0.0,1,1216.5,1261.5,2,1236.0,0.0,0.0,0.0,0.0,0.0,5
2023-05-11 10:35:49,fb2307,fb2307,1236.0,0.0,0.0,0.0,1,1216.5,1262.0,1,1236.0,0.0,0.0,0.0,0.0,0.0,5
2023-05-11 10:36:30,fb2307,fb2307,1236.0,0.0,0.0,0.0,1,1216.5,1261.5,1,1236.0,0.0,0.0,0.0,0.0,0.0,5
2023-05-11 10:37:38,fb2307,fb2307,1236.0,0.0,0.0,0.0,1,1216.5,1261.5,2,1236.0,0.0,0.0,0.0,0.0,0.0,5
2023-05-11 10:37:38,fb2307,fb2307,1236.0,0.0,0.0,0.0,1,1216.5,1261.5,1,1236.0,0.0,0.0,0.0,0.0,0.0,5
2023-05-11 10:41:31,fb2307,fb2307,1236.0,0.0,0.0,0.0,1,1216.5,1262.0,1,1236.0,0.0,0.0,0.0,0.0,0.0,5
2023-05-11 10:42:13,fb2307,fb2307,1236.0,0.0,0.0,0.0,1,1216.5,1261.5,2,1236.0,0.0,0.0,0.0,0.0,0.0,5
2023-05-11 10:42:49,fb2307,fb2307,1236.0,0.0,0.0,0.0,1,1216.5,1261.5,1,1236.0,0.0,0.0,0.0,0.0,0.0,5
2023-05-11 10:46:33,fb2307,fb2307,1236.0,0.0,0.0,0.0,1,1216.5,1261.5,2,1236.0,0.0,0.0,0.0,0.0,0.0,5
2023-05-11 10:47:11,fb2307,fb2307,1236.0,0.0,0.0,0.0,1,1216.5,1262.0,1,1236.0,0.0,0.0,0.0,0.0,0.0,5
2023-05-11 10:47:16,fb2307,fb2307,1236.0,0.0,0.0,0.0,1,1216.5,1261.5,2,1236.0,0.0,0.0,0.0,0.0,0.0,5
2023-05-11 10:52:14,fb2307,fb2307,1236.0,0.0,0.0,0.0,1,1216.5,1262.0,1,1236.0,0.0,0.0,0.0,0.0,0.0,5
2023-05-11 10:52:20,fb2307,fb2307,1236.0,0.0,0.0,0.0,1,1216.5,1261.5,2,1236.0,0.0,0.0,0.0,0.0,0.0,5
2023-05-11 10:53:55,fb2307,fb2307,1236.0,0.0,0.0,0.0,1,1216.5,1261.5,1,1236.0,0.0,0.0,0.0,0.0,0.0,5
2023-05-11 10:55:31,fb2307,fb2307,1236.0,0.0,0.0,0.0,1,1216.5,1261.5,2,1236.0,0.0,0.0,0.0,0.0,0.0,5
2023-05-11 10:56:15,fb2307,fb2307,1236.0,0.0,0.0,0.0,1,1216.5,1261.5,1,1236.0,0.0,0.0,0.0,0.0,0.0,5
2023-05-11 10:56:21,fb2307,fb2307,1236.0,0.0,0.0,0.0,1,1216.5,1261.5,2,1236.0,0.0,0.0,0.0,0.0,0.0,5
2023-05-11 10:57:06,fb2307,fb2307,1236.0,0.0,0.0,0.0,1,1216.5,1261.5,1,1236.0,0.0,0.0,0.0,0.0,0.0,5
2023-05-11 10:57:07,fb2307,fb2307,1236.0,0.0,0.0,0.0,1,1216.5,1261.5,2,1236.0,0.0,0.0,0.0,0.0,0.0,5
2023-05-11 10:57:21,fb2307,fb2307,1236.0,0.0,0.0,0.0,1,1216.5,1262.0,1,1236.0,0.0,0.0,0.0,0.0,0.0,5
2023-05-11 10:58:02,fb2307,fb2307,1236.0,0.0,0.0,0.0,1,1216.5,1261.5,2,1236.0,0.0,0.0,0.0,0.0,0.0,5
2023-05-11 11:00:55,fb2307,fb2307,1236.0,0.0,0.0,0.0,1,1216.5,1261.5,1,1236.0,0.0,0.0,0.0,0.0,0.0,5
2023-05-11 11:03:00,fb2307,fb2307,1236.0,0.0,0.0,0.0,1,1216.5,1262.0,1,1236.0,0.0,0.0,0.0,0.0,0.0,5
2023-05-11 11:03:07,fb2307,fb2307,1236.0,0.0,0.0,0.0,1,1216.5,1261.5,1,1236.0,0.0,0.0,0.0,0.0,0.0,5
2023-05-11 11:08:06,fb2307,fb2307,1236.0,0.0,0.0,0.0,1,1216.5,1262.0,1,1236.0,0.0,0.0,0.0,0.0,0.0,5
2023-05-11 11:08:09,fb2307,fb2307,1236.0,0.0,0.0,0.0,1,1216.5,1261.5,1,1236.0,0.0,0.0,0.0,0.0,0.0,5
2023-05-11 11:13:09,fb2307,fb2307,1236.0,0.0,0.0,0.0,1,1216.5,1262.0,1,1236.0,0.0,0.0,0.0,0.0,0.0,5
2023-05-11 11:13:12,fb2307,fb2307,1236.0,0.0,0.0,0.0,1,1216.5,1261.5,1,1236.0,0.0,0.0,0.0,0.0,0.0,5
2023-05-11 11:14:59,fb2307,fb2307,1236.0,0.0,0.0,0.0,1,1216.5,1252.0,1,1236.0,0.0,0.0,0.0,0.0,0.0,5
2023-05-11 11:15:20,fb2307,fb2307,1236.0,0.0,0.0,0.0,1,1216.5,1252.0,2,1236.0,0.0,0.0,0.0,0.0,0.0,5
2023-05-11 11:15:41,fb2307,fb2307,1236.0,0.0,0.0,0.0,1,1216.5,1252.0,1,1236.0,0.0,0.0,0.0,0.0,0.0,5
2023-05-11 11:15:47,fb2307,fb2307,1236.0,0.0,0.0,0.0,1,1216.5,1252.0,2,1236.0,0.0,0.0,0.0,0.0,0.0,5
2023-05-11 11:16:06,fb2307,fb2307,1236.0,0.0,0.0,0.0,1,1216.5,1251.5,1,1236.0,0.0,0.0,0.0,0.0,0.0,5
2023-05-11 11:16:07,fb2307,fb2307,1236.0,0.0,0.0,0.0,1,1216.5,1251.5,2,1236.0,0.0,0.0,0.0,0.0,0.0,5
2023-05-11 11:16:08,fb2307,fb2307,1236.0,0.0,0.0,0.0,1,1216.5,1251.5,1,1236.0,0.0,0.0,0.0,0.0,0.0,5
2023-05-11 11:16:44,fb2307,fb2307,1236.0,0.0,0.0,0.0,1,1216.5,1251.5,2,1236.0,0.0,0.0,0.0,0.0,0.0,5
2023-05-11 11:17:23,fb2307,fb2307,1236.0,0.0,0.0,0.0,1,1216.5,1251.5,1,1236.0,0.0,0.0,0.0,0.0,0.0,5
2023-05-11 11:21:04,fb2307,fb2307,1236.0,0.0,0.0,0.0,1,1216.5,1252.0,1,1236.0,0.0,0.0,0.0,0.0,0.0,5
2023-05-11 11:21:45,fb2307,fb2307,1236.0,0.0,0.0,0.0,1,1216.5,1251.5,1,1236.0,0.0,0.0,0.0,0.0,0.0,5
2023-05-11 11:26:44,fb2307,fb2307,1236.0,0.0,0.0,0.0,1,1216.5,1252.0,1,1236.0,0.0,0.0,0.0,0.0,0.0,5
2023-05-11 11:26:49,fb2307,fb2307,1236.0,0.0,0.0,0.0,1,1216.5,1251.5,1,1236.0,0.0,0.0,0.0,0.0,0.0,5
2023-05-11 11:29:42,fb2307,fb2307,1236.0,0.0,0.0,0.0,1,1216.5,1252.0,1,1236.0,0.0,0.0,0.0,0.0,0.0,5
2023-05-11 13:30:14,fb2307,fb2307,1236.0,0.0,0.0,0.0,1,1216.5,1251.5,1,1236.0,0.0,0.0,0.0,0.0,0.0,5
2023-05-11 13:33:35,fb2307,fb2307,1236.0,0.0,0.0,0.0,2,1216.5,1251.5,1,1236.0,0.0,0.0,0.0,0.0,0.0,5
2023-05-11 13:35:12,fb2307,fb2307,1236.0,0.0,0.0,0.0,2,1216.5,1252.0,1,1236.0,0.0,0.0,0.0,0.0,0.0,5
2023-05-11 13:35:19,fb2307,fb2307,1236.0,0.0,0.0,0.0,2,1216.5,1251.5,1,1236.0,0.0,0.0,0.0,0.0,0.0,5
2023-05-11 13:40:18,fb2307,fb2307,1236.0,0.0,0.0,0.0,2,1216.5,1252.0,1,1236.0,0.0,0.0,0.0,0.0,0.0,5
2023-05-11 13:40:21,fb2307,fb2307,1236.0,0.0,0.0,0.0,2,1216.5,1251.5,1,1236.0,0.0,0.0,0.0,0.0,0.0,5
2023-05-11 13:45:19,fb2307,fb2307,1236.0,0.0,0.0,0.0,2,1216.5,1252.0,1,1236.0,0.0,0.0,0.0,0.0,0.0,5
2023-05-11 13:45:24,fb2307,fb2307,1236.0,0.0,0.0,0.0,2,1216.5,1251.5,1,1236.0,0.0,0.0,0.0,0.0,0.0,5
2023-05-11 13:48:52,fb2307,fb2307,1236.0,0.0,0.0,0.0,1,1216.5,1251.5,1,1236.0,0.0,0.0,0.0,0.0,0.0,5
2023-05-11 13:50:22,fb2307,fb2307,1236.0,0.0,0.0,0.0,1,1216.5,1252.0,1,1236.0,0.0,0.0,0.0,0.0,0.0,5
2023-05-11 13:50:26,fb2307,fb2307,1236.0,0.0,0.0,0.0,1,1216.5,1251.5,1,1236.0,0.0,0.0,0.0,0.0,0.0,5
2023-05-11 13:55:24,fb2307,fb2307,1236.0,0.0,0.0,0.0,1,1216.5,1252.0,1,1236.0,0.0,0.0,0.0,0.0,0.0,5
2023-05-11 13:55:28,fb2307,fb2307,1236.0,0.0,0.0,0.0,1,1216.5,1251.5,1,1236.0,0.0,0.0,0.0,0.0,0.0,5
2023-05-11 14:00:27,fb2307,fb2307,1236.0,0.0,0.0,0.0,1,1216.5,1252.0,1,1236.0,0.0,0.0,0.0,0.0,0.0,5
2023-05-11 14:00:31,fb2307,fb2307,1236.0,0.0,0.0,0.0,1,1216.5,1251.5,1,1236.0,0.0,0.0,0.0,0.0,0.0,5
2023-05-11 14:05:29,fb2307,fb2307,1236.0,0.0,0.0,0.0,1,1216.5,1252.0,1,1236.0,0.0,0.0,0.0,0.0,0.0,5
2023-05-11 14:05:36,fb2307,fb2307,1236.0,0.0,0.0,0.0,1,1216.5,1251.5,1,1236.0,0.0,0.0,0.0,0.0,0.0,5
2023-05-11 14:08:25,fb2307,fb2307,1236.0,0.0,0.0,0.0,2,1216.5,1251.5,1,1236.0,0.0,0.0,0.0,0.0,0.0,5
2023-05-11 14:09:09,fb2307,fb2307,1236.0,0.0,0.0,0.0,1,1216.5,1251.5,1,1236.0,0.0,0.0,0.0,0.0,0.0,5
2023-05-11 14:10:34,fb2307,fb2307,1236.0,0.0,0.0,0.0,1,1216.5,1252.0,1,1236.0,0.0,0.0,0.0,0.0,0.0,5
2023-05-11 14:10:37,fb2307,fb2307,1236.0,0.0,0.0,0.0,1,1216.5,1251.5,1,1236.0,0.0,0.0,0.0,0.0,0.0,5
2023-05-11 14:15:36,fb2307,fb2307,1236.0,0.0,0.0,0.0,1,1216.5,1252.0,1,1236.0,0.0,0.0,0.0,0.0,0.0,5
2023-05-11 14:16:17,fb2307,fb2307,1236.0,0.0,0.0,0.0,1,1216.5,1251.5,1,1236.0,0.0,0.0,0.0,0.0,0.0,5
2023-05-11 14:21:17,fb2307,fb2307,1236.0,0.0,0.0,0.0,1,1216.5,1252.0,1,1236.0,0.0,0.0,0.0,0.0,0.0,5
2023-05-11 14:21:56,fb2307,fb2307,1236.0,0.0,0.0,0.0,1,1216.5,1251.5,1,1236.0,0.0,0.0,0.0,0.0,0.0,5
2023-05-11 14:26:56,fb2307,fb2307,1236.0,0.0,0.0,0.0,1,1216.5,1252.0,1,1236.0,0.0,0.0,0.0,0.0,0.0,5
2023-05-11 14:27:34,fb2307,fb2307,1236.0,0.0,0.0,0.0,1,1216.5,1251.5,1,1236.0,0.0,0.0,0.0,0.0,0.0,5
2023-05-11 14:32:33,fb2307,fb2307,1236.0,0.0,0.0,0.0,1,1216.5,1252.0,1,1236.0,0.0,0.0,0.0,0.0,0.0,5
2023-05-11 14:33:10,fb2307,fb2307,1236.0,0.0,0.0,0.0,1,1216.5,1251.5,1,1236.0,0.0,0.0,0.0,0.0,0.0,5
2023-05-11 14:38:10,fb2307,fb2307,1236.0,0.0,0.0,0.0,1,1216.5,1252.0,1,1236.0,0.0,0.0,0.0,0.0,0.0,5
2023-05-11 14:38:44,fb2307,fb2307,1236.0,0.0,0.0,0.0,1,1216.5,1251.5,1,1236.0,0.0,0.0,0.0,0.0,0.0,5
2023-05-11 14:43:44,fb2307,fb2307,1236.0,0.0,0.0,0.0,1,1216.5,1252.0,1,1236.0,0.0,0.0,0.0,0.0,0.0,5
2023-05-11 14:44:25,fb2307,fb2307,1236.0,0.0,0.0,0.0,1,1216.5,1251.5,1,1236.0,0.0,0.0,0.0,0.0,0.0,5
2023-05-11 14:44:40,fb2307,fb2307,1236.0,0.0,0.0,0.0,1,1216.5,1251.5,2,1236.0,0.0,0.0,0.0,0.0,0.0,5
2023-05-11 14:46:36,fb2307,fb2307,1236.0,0.0,0.0,0.0,1,1216.5,1251.5,1,1236.0,0.0,0.0,0.0,0.0,0.0,5
2023-05-11 14:47:11,fb2307,fb2307,1236.0,0.0,0.0,0.0,1,1216.5,1251.5,2,1236.0,0.0,0.0,0.0,0.0,0.0,5
2023-05-11 14:47:23,fb2307,fb2307,1236.0,0.0,0.0,0.0,1,1216.5,1251.5,1,1236.0,0.0,0.0,0.0,0.0,0.0,5
2023-05-11 14:48:10,fb2307,fb2307,1236.0,0.0,0.0,0.0,1,1216.5,1251.5,2,1236.0,0.0,0.0,0.0,0.0,0.0,5
2023-05-11 14:48:11,fb2307,fb2307,1236.0,0.0,0.0,0.0,1,1216.5,1251.5,1,1236.0,0.0,0.0,0.0,0.0,0.0,5
2023-05-11 14:49:24,fb2307,fb2307,1236.0,0.0,0.0,0.0,1,1216.5,1252.0,2,1236.0,0.0,0.0,0.0,0.0,0.0,5
2023-05-11 14:49:28,fb2307,fb2307,1236.0,0.0,0.0,0.0,1,1216.5,1252.0,1,1236.0,0.0,0.0,0.0,0.0,0.0,5
2023-05-11 14:49:36,fb2307,fb2307,1236.0,0.0,0.0,0.0,1,1216.5,1252.0,2,1236.0,0.0,0.0,0.0,0.0,0.0,5
2023-05-11 14:49:46,fb2307,fb2307,1236.0,0.0,0.0,0.0,1,1216.5,1252.0,1,1236.0,0.0,0.0,0.0,0.0,0.0,5
2023-05-11 14:50:03,fb2307,fb2307,1236.0,0.0,0.0,0.0,1,1216.5,1251.5,1,1236.0,0.0,0.0,0.0,0.0,0.0,5
2023-05-11 14:50:38,fb2307,fb2307,1236.0,0.0,0.0,0.0,1,1216.5,1251.5,2,1236.0,0.0,0.0,0.0,0.0,0.0,5
2023-05-11 14:50:40,fb2307,fb2307,1236.0,0.0,0.0,0.0,1,1216.5,1251.5,1,1236.0,0.0,0.0,0.0,0.0,0.0,5
2023-05-11 14:52:37,fb2307,fb2307,1236.0,0.0,0.0,0.0,1,1216.5,1251.5,2,1236.0,0.0,0.0,0.0,0.0,0.0,5
2023-05-11 14:53:04,fb2307,fb2307,1236.0,0.0,0.0,0.0,1,1216.5,1251.5,1,1236.0,0.0,0.0,0.0,0.0,0.0,5
2023-05-11 14:54:08,fb2307,fb2307,1236.0,0.0,0.0,0.0,1,1216.5,1251.5,2,1236.0,0.0,0.0,0.0,0.0,0.0,5
2023-05-11 14:54:27,fb2307,fb2307,1236.0,0.0,0.0,0.0,1,1216.5,1251.5,1,1236.0,0.0,0.0,0.0,0.0,0.0,5
2023-05-11 14:55:01,fb2307,fb2307,1236.0,0.0,0.0,0.0,1,1216.5,1252.0,2,1236.0,0.0,0.0,0.0,0.0,0.0,5
2023-05-11 14:55:43,fb2307,fb2307,1236.0,0.0,0.0,0.0,1,1216.5,1251.5,1,1236.0,0.0,0.0,0.0,0.0,0.0,5
2023-05-11 14:57:43,fb2307,fb2307,1236.0,0.0,0.0,0.0,1,1216.5,1251.5,2,1236.0,0.0,0.0,0.0,0.0,0.0,5
2023-05-11 14:57:44,fb2307,fb2307,1236.0,0.0,0.0,0.0,1,1216.5,1251.5,1,1236.0,0.0,0.0,0.0,0.0,0.0,5
2023-05-11 14:58:23,fb2307,fb2307,1236.0,0.0,0.0,0.0,5,1210.0,1251.5,1,1236.0,0.0,0.0,0.0,0.0,0.0,5
2023-05-11 14:58:24,fb2307,fb2307,1236.0,0.0,0.0,0.0,1,1210.5,1251.5,1,1236.0,0.0,0.0,0.0,0.0,0.0,5
2023-05-11 14:59:33,fb2307,fb2307,1236.0,0.0,0.0,0.0,1,1210.5,1251.5,2,1236.0,0.0,0.0,0.0,0.0,0.0,5
2023-05-11 14:59:33,fb2307,fb2307,1236.0,0.0,0.0,0.0,1,1210.5,1251.5,1,1236.0,0.0,0.0,0.0,0.0,0.0,5
2023-05-11 14:59:36,fb2307,fb2307,1236.0,0.0,0.0,0.0,1,1210.5,1251.5,2,1236.0,0.0,0.0,0.0,0.0,0.0,5
2023-05-11 14:59:52,fb2307,fb2307,1236.0,0.0,0.0,0.0,1,1210.5,1251.5,1,1236.0,0.0,0.0,0.0,0.0,0.0,5
2023-05-11 15:01:09,fb2307,fb2307,1236.0,0.0,0.0,0.0,1,1210.5,1251.5,1,1236.0,0.0,0.0,0.0,0.0,0.0,5
