time,symbol_id,symbol_name,last,trade_volume,trade_amount,open_interest_change,bv1,bp1,ap1,av1,yesterday_close,today_open,today_high,today_low,volume,amount,open_interest
2023-05-11 09:19:06,fb2312,fb2312,1246.5,0.0,0.0,0.0,1,1185.0,0.0,0,1246.5,0.0,0.0,0.0,0.0,0.0,3
2023-05-11 09:19:07,fb2312,fb2312,1246.5,0.0,0.0,0.0,1,1185.5,0.0,0,1246.5,0.0,0.0,0.0,0.0,0.0,3
2023-05-11 09:19:07,fb2312,fb2312,1246.5,0.0,0.0,0.0,1,1186.5,0.0,0,1246.5,0.0,0.0,0.0,0.0,0.0,3
2023-05-11 09:19:08,fb2312,fb2312,1246.5,0.0,0.0,0.0,1,1187.0,0.0,0,1246.5,0.0,0.0,0.0,0.0,0.0,3
2023-05-11 09:19:28,fb2312,fb2312,1246.5,0.0,0.0,0.0,1,1187.5,0.0,0,1246.5,0.0,0.0,0.0,0.0,0.0,3
2023-05-11 09:19:28,fb2312,fb2312,1246.5,0.0,0.0,0.0,1,1188.0,0.0,0,1246.5,0.0,0.0,0.0,0.0,0.0,3
2023-05-11 11:09:35,fb2312,fb2312,1246.5,0.0,0.0,0.0,1,1188.5,0.0,0,1246.5,0.0,0.0,0.0,0.0,0.0,3
2023-05-11 11:09:36,fb2312,fb2312,1246.5,0.0,0.0,0.0,1,1189.0,0.0,0,1246.5,0.0,0.0,0.0,0.0,0.0,3
2023-05-11 11:09:37,fb2312,fb2312,1246.5,0.0,0.0,0.0,1,1189.5,0.0,0,1246.5,0.0,0.0,0.0,0.0,0.0,3
2023-05-11 11:09:37,fb2312,fb2312,1246.5,0.0,0.0,0.0,1,1190.0,0.0,0,1246.5,0.0,0.0,0.0,0.0,0.0,3
2023-05-11 11:09:38,fb2312,fb2312,1246.5,0.0,0.0,0.0,1,1190.5,0.0,0,1246.5,0.0,0.0,0.0,0.0,0.0,3
2023-05-11 11:09:39,fb2312,fb2312,1246.5,0.0,0.0,0.0,1,1191.0,0.0,0,1246.5,0.0,0.0,0.0,0.0,0.0,3
2023-05-11 11:09:40,fb2312,fb2312,1246.5,0.0,0.0,0.0,1,1191.5,0.0,0,1246.5,0.0,0.0,0.0,0.0,0.0,3
2023-05-11 11:09:40,fb2312,fb2312,1246.5,0.0,0.0,0.0,1,1192.0,0.0,0,1246.5,0.0,0.0,0.0,0.0,0.0,3
2023-05-11 11:09:41,fb2312,fb2312,1246.5,0.0,0.0,0.0,2,1192.0,0.0,0,1246.5,0.0,0.0,0.0,0.0,0.0,3
2023-05-11 11:09:42,fb2312,fb2312,1246.5,0.0,0.0,0.0,1,1192.5,0.0,0,1246.5,0.0,0.0,0.0,0.0,0.0,3
2023-05-11 11:09:42,fb2312,fb2312,1246.5,0.0,0.0,0.0,1,1193.0,0.0,0,1246.5,0.0,0.0,0.0,0.0,0.0,3
2023-05-11 11:09:43,fb2312,fb2312,1246.5,0.0,0.0,0.0,1,1193.5,0.0,0,1246.5,0.0,0.0,0.0,0.0,0.0,3
2023-05-11 11:09:44,fb2312,fb2312,1246.5,0.0,0.0,0.0,1,1194.0,0.0,0,1246.5,0.0,0.0,0.0,0.0,0.0,3
2023-05-11 11:09:45,fb2312,fb2312,1246.5,0.0,0.0,0.0,1,1194.5,0.0,0,1246.5,0.0,0.0,0.0,0.0,0.0,3
2023-05-11 11:09:45,fb2312,fb2312,1246.5,0.0,0.0,0.0,1,1195.0,0.0,0,1246.5,0.0,0.0,0.0,0.0,0.0,3
2023-05-11 11:09:46,fb2312,fb2312,1246.5,0.0,0.0,0.0,1,1195.5,0.0,0,1246.5,0.0,0.0,0.0,0.0,0.0,3
2023-05-11 11:09:47,fb2312,fb2312,1246.5,0.0,0.0,0.0,1,1196.0,0.0,0,1246.5,0.0,0.0,0.0,0.0,0.0,3
2023-05-11 11:09:47,fb2312,fb2312,1246.5,0.0,0.0,0.0,1,1196.5,0.0,0,1246.5,0.0,0.0,0.0,0.0,0.0,3
2023-05-11 11:09:48,fb2312,fb2312,1246.5,0.0,0.0,0.0,1,1197.0,0.0,0,1246.5,0.0,0.0,0.0,0.0,0.0,3
2023-05-11 11:09:48,fb2312,fb2312,1246.5,0.0,0.0,0.0,1,1197.5,0.0,0,1246.5,0.0,0.0,0.0,0.0,0.0,3
2023-05-11 11:09:49,fb2312,fb2312,1246.5,0.0,0.0,0.0,1,1198.0,0.0,0,1246.5,0.0,0.0,0.0,0.0,0.0,3
2023-05-11 11:09:50,fb2312,fb2312,1246.5,0.0,0.0,0.0,1,1198.5,0.0,0,1246.5,0.0,0.0,0.0,0.0,0.0,3
2023-05-11 11:09:51,fb2312,fb2312,1246.5,0.0,0.0,0.0,1,1199.0,0.0,0,1246.5,0.0,0.0,0.0,0.0,0.0,3
2023-05-11 11:09:52,fb2312,fb2312,1246.5,0.0,0.0,0.0,1,1199.5,0.0,0,1246.5,0.0,0.0,0.0,0.0,0.0,3
2023-05-11 11:09:52,fb2312,fb2312,1246.5,0.0,0.0,0.0,1,1200.0,0.0,0,1246.5,0.0,0.0,0.0,0.0,0.0,3
2023-05-11 11:09:53,fb2312,fb2312,1246.5,0.0,0.0,0.0,1,1200.5,0.0,0,1246.5,0.0,0.0,0.0,0.0,0.0,3
2023-05-11 11:09:54,fb2312,fb2312,1246.5,0.0,0.0,0.0,1,1201.0,0.0,0,1246.5,0.0,0.0,0.0,0.0,0.0,3
2023-05-11 11:09:54,fb2312,fb2312,1246.5,0.0,0.0,0.0,1,1201.5,0.0,0,1246.5,0.0,0.0,0.0,0.0,0.0,3
2023-05-11 11:09:55,fb2312,fb2312,1246.5,0.0,0.0,0.0,1,1202.0,0.0,0,1246.5,0.0,0.0,0.0,0.0,0.0,3
2023-05-11 11:09:55,fb2312,fb2312,1246.5,0.0,0.0,0.0,2,1202.0,0.0,0,1246.5,0.0,0.0,0.0,0.0,0.0,3
2023-05-11 11:09:56,fb2312,fb2312,1246.5,0.0,0.0,0.0,1,1202.0,0.0,0,1246.5,0.0,0.0,0.0,0.0,0.0,3
2023-05-11 11:09:56,fb2312,fb2312,1246.5,0.0,0.0,0.0,1,1202.5,0.0,0,1246.5,0.0,0.0,0.0,0.0,0.0,3
2023-05-11 11:09:57,fb2312,fb2312,1246.5,0.0,0.0,0.0,1,1203.0,0.0,0,1246.5,0.0,0.0,0.0,0.0,0.0,3
2023-05-11 11:09:57,fb2312,fb2312,1246.5,0.0,0.0,0.0,1,1203.5,0.0,0,1246.5,0.0,0.0,0.0,0.0,0.0,3
2023-05-11 11:09:58,fb2312,fb2312,1246.5,0.0,0.0,0.0,1,1204.0,0.0,0,1246.5,0.0,0.0,0.0,0.0,0.0,3
2023-05-11 11:09:59,fb2312,fb2312,1246.5,0.0,0.0,0.0,1,1204.5,0.0,0,1246.5,0.0,0.0,0.0,0.0,0.0,3
2023-05-11 11:09:59,fb2312,fb2312,1246.5,0.0,0.0,0.0,1,1205.0,0.0,0,1246.5,0.0,0.0,0.0,0.0,0.0,3
2023-05-11 11:10:00,fb2312,fb2312,1246.5,0.0,0.0,0.0,1,1205.5,0.0,0,1246.5,0.0,0.0,0.0,0.0,0.0,3
2023-05-11 11:10:00,fb2312,fb2312,1246.5,0.0,0.0,0.0,1,1206.0,0.0,0,1246.5,0.0,0.0,0.0,0.0,0.0,3
2023-05-11 11:10:01,fb2312,fb2312,1246.5,0.0,0.0,0.0,1,1206.5,0.0,0,1246.5,0.0,0.0,0.0,0.0,0.0,3
2023-05-11 11:10:01,fb2312,fb2312,1246.5,0.0,0.0,0.0,1,1207.0,0.0,0,1246.5,0.0,0.0,0.0,0.0,0.0,3
2023-05-11 11:10:02,fb2312,fb2312,1246.5,0.0,0.0,0.0,2,1207.0,0.0,0,1246.5,0.0,0.0,0.0,0.0,0.0,3
2023-05-11 11:10:02,fb2312,fb2312,1246.5,0.0,0.0,0.0,1,1207.0,0.0,0,1246.5,0.0,0.0,0.0,0.0,0.0,3
2023-05-11 11:10:03,fb2312,fb2312,1246.5,0.0,0.0,0.0,1,1207.5,0.0,0,1246.5,0.0,0.0,0.0,0.0,0.0,3
2023-05-11 11:10:03,fb2312,fb2312,1246.5,0.0,0.0,0.0,1,1208.0,0.0,0,1246.5,0.0,0.0,0.0,0.0,0.0,3
2023-05-11 11:10:04,fb2312,fb2312,1246.5,0.0,0.0,0.0,2,1208.0,0.0,0,1246.5,0.0,0.0,0.0,0.0,0.0,3
2023-05-11 11:10:04,fb2312,fb2312,1246.5,0.0,0.0,0.0,1,1208.5,0.0,0,1246.5,0.0,0.0,0.0,0.0,0.0,3
2023-05-11 11:10:05,fb2312,fb2312,1246.5,0.0,0.0,0.0,1,1209.0,0.0,0,1246.5,0.0,0.0,0.0,0.0,0.0,3
2023-05-11 11:10:05,fb2312,fb2312,1246.5,0.0,0.0,0.0,2,1209.0,0.0,0,1246.5,0.0,0.0,0.0,0.0,0.0,3
2023-05-11 11:10:06,fb2312,fb2312,1246.5,0.0,0.0,0.0,1,1209.5,0.0,0,1246.5,0.0,0.0,0.0,0.0,0.0,3
2023-05-11 11:10:06,fb2312,fb2312,1246.5,0.0,0.0,0.0,1,1210.0,0.0,0,1246.5,0.0,0.0,0.0,0.0,0.0,3
2023-05-11 11:10:07,fb2312,fb2312,1246.5,0.0,0.0,0.0,2,1210.0,0.0,0,1246.5,0.0,0.0,0.0,0.0,0.0,3
2023-05-11 13:39:52,fb2312,fb2312,1246.5,0.0,0.0,0.0,2,1210.0,1308.5,1,1246.5,0.0,0.0,0.0,0.0,0.0,3
2023-05-11 13:39:52,fb2312,fb2312,1246.5,0.0,0.0,0.0,2,1210.0,1308.0,1,1246.5,0.0,0.0,0.0,0.0,0.0,3
2023-05-11 13:54:01,fb2312,fb2312,1246.5,0.0,0.0,0.0,2,1210.0,1307.5,2,1246.5,0.0,0.0,0.0,0.0,0.0,3
2023-05-11 13:54:01,fb2312,fb2312,1246.5,0.0,0.0,0.0,2,1210.0,1307.0,1,1246.5,0.0,0.0,0.0,0.0,0.0,3
2023-05-11 13:54:45,fb2312,fb2312,1246.5,0.0,0.0,0.0,2,1210.0,1306.5,2,1246.5,0.0,0.0,0.0,0.0,0.0,3
2023-05-11 13:54:46,fb2312,fb2312,1246.5,0.0,0.0,0.0,2,1210.0,1306.0,1,1246.5,0.0,0.0,0.0,0.0,0.0,3
2023-05-11 13:55:28,fb2312,fb2312,1246.5,0.0,0.0,0.0,2,1210.0,1305.5,2,1246.5,0.0,0.0,0.0,0.0,0.0,3
2023-05-11 13:55:29,fb2312,fb2312,1246.5,0.0,0.0,0.0,2,1210.0,1305.0,1,1246.5,0.0,0.0,0.0,0.0,0.0,3
2023-05-11 13:56:12,fb2312,fb2312,1246.5,0.0,0.0,0.0,2,1210.0,1304.5,2,1246.5,0.0,0.0,0.0,0.0,0.0,3
2023-05-11 13:56:13,fb2312,fb2312,1246.5,0.0,0.0,0.0,2,1210.0,1304.0,1,1246.5,0.0,0.0,0.0,0.0,0.0,3
2023-05-11 13:56:55,fb2312,fb2312,1246.5,0.0,0.0,0.0,2,1210.0,1303.5,2,1246.5,0.0,0.0,0.0,0.0,0.0,3
2023-05-11 13:56:56,fb2312,fb2312,1246.5,0.0,0.0,0.0,2,1210.0,1303.0,1,1246.5,0.0,0.0,0.0,0.0,0.0,3
2023-05-11 13:57:37,fb2312,fb2312,1246.5,0.0,0.0,0.0,2,1210.0,1302.5,2,1246.5,0.0,0.0,0.0,0.0,0.0,3
2023-05-11 13:57:38,fb2312,fb2312,1246.5,0.0,0.0,0.0,2,1210.0,1302.0,1,1246.5,0.0,0.0,0.0,0.0,0.0,3
2023-05-11 13:58:21,fb2312,fb2312,1246.5,0.0,0.0,0.0,2,1210.0,1301.5,2,1246.5,0.0,0.0,0.0,0.0,0.0,3
2023-05-11 13:58:21,fb2312,fb2312,1246.5,0.0,0.0,0.0,2,1210.0,1301.0,1,1246.5,0.0,0.0,0.0,0.0,0.0,3
2023-05-11 13:59:03,fb2312,fb2312,1246.5,0.0,0.0,0.0,2,1210.0,1300.5,2,1246.5,0.0,0.0,0.0,0.0,0.0,3
2023-05-11 13:59:03,fb2312,fb2312,1246.5,0.0,0.0,0.0,2,1210.0,1300.0,1,1246.5,0.0,0.0,0.0,0.0,0.0,3
2023-05-11 13:59:47,fb2312,fb2312,1246.5,0.0,0.0,0.0,2,1210.0,1299.5,2,1246.5,0.0,0.0,0.0,0.0,0.0,3
2023-05-11 13:59:47,fb2312,fb2312,1246.5,0.0,0.0,0.0,2,1210.0,1299.0,1,1246.5,0.0,0.0,0.0,0.0,0.0,3
2023-05-11 14:00:31,fb2312,fb2312,1246.5,0.0,0.0,0.0,2,1210.0,1298.5,2,1246.5,0.0,0.0,0.0,0.0,0.0,3
2023-05-11 14:00:32,fb2312,fb2312,1246.5,0.0,0.0,0.0,2,1210.0,1298.0,1,1246.5,0.0,0.0,0.0,0.0,0.0,3
2023-05-11 14:01:14,fb2312,fb2312,1246.5,0.0,0.0,0.0,2,1210.0,1297.5,2,1246.5,0.0,0.0,0.0,0.0,0.0,3
2023-05-11 14:01:15,fb2312,fb2312,1246.5,0.0,0.0,0.0,2,1210.0,1297.0,1,1246.5,0.0,0.0,0.0,0.0,0.0,3
2023-05-11 14:01:57,fb2312,fb2312,1246.5,0.0,0.0,0.0,2,1210.0,1296.5,2,1246.5,0.0,0.0,0.0,0.0,0.0,3
2023-05-11 14:01:58,fb2312,fb2312,1246.5,0.0,0.0,0.0,2,1210.0,1296.0,1,1246.5,0.0,0.0,0.0,0.0,0.0,3
2023-05-11 14:02:41,fb2312,fb2312,1246.5,0.0,0.0,0.0,2,1210.0,1295.5,2,1246.5,0.0,0.0,0.0,0.0,0.0,3
2023-05-11 14:02:41,fb2312,fb2312,1246.5,0.0,0.0,0.0,2,1210.0,1295.0,1,1246.5,0.0,0.0,0.0,0.0,0.0,3
2023-05-11 14:03:24,fb2312,fb2312,1246.5,0.0,0.0,0.0,2,1210.0,1294.5,2,1246.5,0.0,0.0,0.0,0.0,0.0,3
2023-05-11 14:03:25,fb2312,fb2312,1246.5,0.0,0.0,0.0,2,1210.0,1294.0,1,1246.5,0.0,0.0,0.0,0.0,0.0,3
2023-05-11 14:04:08,fb2312,fb2312,1246.5,0.0,0.0,0.0,2,1210.0,1293.5,2,1246.5,0.0,0.0,0.0,0.0,0.0,3
2023-05-11 14:04:08,fb2312,fb2312,1246.5,0.0,0.0,0.0,2,1210.0,1293.0,1,1246.5,0.0,0.0,0.0,0.0,0.0,3
2023-05-11 14:04:52,fb2312,fb2312,1246.5,0.0,0.0,0.0,2,1210.0,1292.5,2,1246.5,0.0,0.0,0.0,0.0,0.0,3
2023-05-11 14:04:52,fb2312,fb2312,1246.5,0.0,0.0,0.0,2,1210.0,1292.0,1,1246.5,0.0,0.0,0.0,0.0,0.0,3
2023-05-11 14:05:36,fb2312,fb2312,1246.5,0.0,0.0,0.0,2,1210.0,1291.5,2,1246.5,0.0,0.0,0.0,0.0,0.0,3
2023-05-11 14:05:36,fb2312,fb2312,1246.5,0.0,0.0,0.0,2,1210.0,1291.0,1,1246.5,0.0,0.0,0.0,0.0,0.0,3
2023-05-11 14:06:19,fb2312,fb2312,1246.5,0.0,0.0,0.0,2,1210.0,1290.5,2,1246.5,0.0,0.0,0.0,0.0,0.0,3
2023-05-11 14:11:18,fb2312,fb2312,1246.5,0.0,0.0,0.0,2,1210.0,0.0,0,1246.5,0.0,0.0,0.0,0.0,0.0,3
2023-05-11 15:01:09,fb2312,fb2312,1246.5,0.0,0.0,0.0,2,1210.0,0.0,0,1246.5,0.0,0.0,0.0,0.0,0.0,3
