time,symbol_id,symbol_name,last,trade_volume,trade_amount,open_interest_change,bv1,bp1,ap1,av1,yesterday_close,today_open,today_high,today_low,volume,amount,open_interest
2023-05-11 08:59:00,fb2309,fb2309,1278.5,0.0,0.0,0.0,5,1278.5,1279.0,2,1278.5,1278.5,0.0,0.0,0.0,0.0,639
2023-05-11 09:00:00,fb2309,fb2309,1279.5,4.0,51160.0,0.0,4,1278.5,1280.0,1,1278.5,1278.5,1279.5,1278.5,4.0,51160.0,639
2023-05-11 09:00:00,fb2309,fb2309,1278.5,1.0,12785.0,1.0,3,1278.5,1280.0,1,1278.5,1278.5,1279.5,1278.5,5.0,63945.0,640
2023-05-11 09:00:01,fb2309,fb2309,1279.5,2.0,25580.0,0.0,1,1279.0,1280.0,1,1278.5,1278.5,1279.5,1278.5,7.0,89525.0,640
2023-05-11 09:00:01,fb2309,fb2309,1278.5,3.0,38360.0,2.0,1,1275.0,1280.0,2,1278.5,1278.5,1279.5,1278.5,10.0,127885.0,642
2023-05-11 09:00:02,fb2309,fb2309,1278.5,0.0,0.0,0.0,1,1275.0,1280.0,3,1278.5,1278.5,1279.5,1278.5,10.0,127885.0,642
2023-05-11 09:00:03,fb2309,fb2309,1275.5,1.0,12755.0,-1.0,1,1275.0,1279.5,1,1278.5,1278.5,1279.5,1275.5,11.0,140640.0,641
2023-05-11 09:00:03,fb2309,fb2309,1275.5,0.0,0.0,0.0,1,1275.0,1278.0,1,1278.5,1278.5,1279.5,1275.5,11.0,140640.0,641
2023-05-11 09:00:04,fb2309,fb2309,1275.0,2.0,25500.0,0.0,3,1273.0,1278.0,1,1278.5,1278.5,1279.5,1275.0,13.0,166140.0,641
2023-05-11 09:00:04,fb2309,fb2309,1275.0,0.0,0.0,0.0,1,1273.5,1277.5,1,1278.5,1278.5,1279.5,1275.0,13.0,166140.0,641
2023-05-11 09:00:07,fb2309,fb2309,1275.0,0.0,0.0,0.0,1,1275.5,1277.5,1,1278.5,1278.5,1279.5,1275.0,13.0,166140.0,641
2023-05-11 09:00:12,fb2309,fb2309,1275.5,1.0,12755.0,-1.0,1,1275.5,1277.5,2,1278.5,1278.5,1279.5,1275.0,14.0,178895.0,640
2023-05-11 09:00:24,fb2309,fb2309,1275.5,0.0,0.0,0.0,2,1275.5,1277.5,2,1278.5,1278.5,1279.5,1275.0,14.0,178895.0,640
2023-05-11 09:00:26,fb2309,fb2309,1277.5,2.0,25550.0,-2.0,1,1276.0,1282.0,1,1278.5,1278.5,1279.5,1275.0,16.0,204445.0,638
2023-05-11 09:00:27,fb2309,fb2309,1277.5,0.0,0.0,0.0,1,1276.5,1281.5,1,1278.5,1278.5,1279.5,1275.0,16.0,204445.0,638
2023-05-11 09:00:28,fb2309,fb2309,1281.5,1.0,12815.0,0.0,1,1276.5,1282.0,1,1278.5,1278.5,1281.5,1275.0,17.0,217260.0,638
2023-05-11 09:00:29,fb2309,fb2309,1281.5,0.0,0.0,0.0,1,1276.5,1281.5,1,1278.5,1278.5,1281.5,1275.0,17.0,217260.0,638
2023-05-11 09:00:30,fb2309,fb2309,1281.5,0.0,0.0,0.0,1,1276.5,1281.0,1,1278.5,1278.5,1281.5,1275.0,17.0,217260.0,638
2023-05-11 09:00:30,fb2309,fb2309,1281.5,0.0,0.0,0.0,1,1277.0,1281.0,1,1278.5,1278.5,1281.5,1275.0,17.0,217260.0,638
2023-05-11 09:00:31,fb2309,fb2309,1281.5,0.0,0.0,0.0,1,1277.5,1281.0,1,1278.5,1278.5,1281.5,1275.0,17.0,217260.0,638
2023-05-11 09:00:33,fb2309,fb2309,1279.0,1.0,12790.0,-1.0,1,1277.5,1281.0,1,1278.5,1278.5,1281.5,1275.0,18.0,230050.0,637
2023-05-11 09:00:34,fb2309,fb2309,1277.5,1.0,12775.0,1.0,1,1277.0,1281.0,1,1278.5,1278.5,1281.5,1275.0,19.0,242825.0,638
2023-05-11 09:00:35,fb2309,fb2309,1277.5,0.0,0.0,0.0,1,1277.5,1280.5,1,1278.5,1278.5,1281.5,1275.0,19.0,242825.0,638
2023-05-11 09:00:37,fb2309,fb2309,1277.5,0.0,0.0,0.0,1,1277.5,1280.0,3,1278.5,1278.5,1281.5,1275.0,19.0,242825.0,638
2023-05-11 09:00:39,fb2309,fb2309,1277.5,0.0,0.0,0.0,1,1277.5,1279.5,1,1278.5,1278.5,1281.5,1275.0,19.0,242825.0,638
2023-05-11 09:00:39,fb2309,fb2309,1277.5,0.0,0.0,0.0,1,1277.5,1279.5,2,1278.5,1278.5,1281.5,1275.0,19.0,242825.0,638
2023-05-11 09:00:42,fb2309,fb2309,1279.5,1.0,12795.0,0.0,1,1277.5,1279.5,1,1278.5,1278.5,1281.5,1275.0,20.0,255620.0,638
2023-05-11 09:00:44,fb2309,fb2309,1279.5,0.0,0.0,0.0,1,1278.0,1279.5,1,1278.5,1278.5,1281.5,1275.0,20.0,255620.0,638
2023-05-11 09:00:46,fb2309,fb2309,1278.0,1.0,12780.0,0.0,1,1277.5,1279.0,1,1278.5,1278.5,1281.5,1275.0,21.0,268400.0,638
2023-05-11 09:00:47,fb2309,fb2309,1278.0,0.0,0.0,0.0,1,1277.5,1278.5,1,1278.5,1278.5,1281.5,1275.0,21.0,268400.0,638
2023-05-11 09:00:49,fb2309,fb2309,1278.0,1.0,12780.0,1.0,1,1277.5,1278.5,1,1278.5,1278.5,1281.5,1275.0,22.0,281180.0,639
2023-05-11 09:00:50,fb2309,fb2309,1278.0,0.0,0.0,0.0,1,1277.5,1279.0,2,1278.5,1278.5,1281.5,1275.0,22.0,281180.0,639
2023-05-11 09:00:55,fb2309,fb2309,1278.0,0.0,0.0,0.0,1,1278.0,1279.0,2,1278.5,1278.5,1281.5,1275.0,22.0,281180.0,639
2023-05-11 09:00:56,fb2309,fb2309,1278.0,1.0,12780.0,0.0,1,1277.5,1279.0,2,1278.5,1278.5,1281.5,1275.0,23.0,293960.0,639
2023-05-11 09:01:00,fb2309,fb2309,1278.0,0.0,0.0,0.0,1,1277.5,1278.5,1,1278.5,1278.5,1281.5,1275.0,23.0,293960.0,639
2023-05-11 09:01:01,fb2309,fb2309,1278.0,0.0,0.0,0.0,1,1278.0,1278.5,1,1278.5,1278.5,1281.5,1275.0,23.0,293960.0,639
2023-05-11 09:01:01,fb2309,fb2309,1278.0,1.0,12780.0,1.0,1,1277.5,1278.5,1,1278.5,1278.5,1281.5,1275.0,24.0,306740.0,640
2023-05-11 09:01:04,fb2309,fb2309,1278.0,0.0,0.0,0.0,1,1277.5,1278.5,2,1278.5,1278.5,1281.5,1275.0,24.0,306740.0,640
2023-05-11 09:01:11,fb2309,fb2309,1278.0,0.0,0.0,0.0,1,1277.5,1278.5,1,1278.5,1278.5,1281.5,1275.0,24.0,306740.0,640
2023-05-11 09:01:12,fb2309,fb2309,1278.5,1.0,12785.0,0.0,1,1277.5,1278.0,1,1278.5,1278.5,1281.5,1275.0,25.0,319525.0,640
2023-05-11 09:01:17,fb2309,fb2309,1277.5,1.0,12775.0,-1.0,1,1277.0,1278.0,1,1278.5,1278.5,1281.5,1275.0,26.0,332300.0,639
2023-05-11 09:01:32,fb2309,fb2309,1277.5,0.0,0.0,0.0,1,1277.5,1278.0,1,1278.5,1278.5,1281.5,1275.0,26.0,332300.0,639
2023-05-11 09:01:35,fb2309,fb2309,1277.0,2.0,25545.0,1.0,1,1276.0,1277.5,3,1278.5,1278.5,1281.5,1275.0,28.0,357845.0,640
2023-05-11 09:01:40,fb2309,fb2309,1277.0,0.0,0.0,0.0,1,1276.0,1279.0,1,1278.5,1278.5,1281.5,1275.0,28.0,357845.0,640
2023-05-11 09:01:41,fb2309,fb2309,1277.0,0.0,0.0,0.0,1,1276.0,1278.5,1,1278.5,1278.5,1281.5,1275.0,28.0,357845.0,640
2023-05-11 09:01:42,fb2309,fb2309,1276.0,1.0,12760.0,1.0,1,1275.5,1278.5,1,1278.5,1278.5,1281.5,1275.0,29.0,370605.0,641
2023-05-11 09:01:42,fb2309,fb2309,1276.0,1.0,12760.0,0.0,1,1275.5,1278.5,1,1278.5,1278.5,1281.5,1275.0,30.0,383365.0,641
2023-05-11 09:01:43,fb2309,fb2309,1275.5,1.0,12755.0,0.0,1,1274.5,1275.5,2,1278.5,1278.5,1281.5,1275.0,31.0,396120.0,641
2023-05-11 09:01:43,fb2309,fb2309,1274.5,3.0,38255.0,-1.0,1,1274.0,1278.5,1,1278.5,1278.5,1281.5,1274.5,34.0,434375.0,640
2023-05-11 09:01:46,fb2309,fb2309,1278.5,1.0,12785.0,0.0,1,1274.0,1279.0,1,1278.5,1278.5,1281.5,1274.5,35.0,447160.0,640
2023-05-11 09:01:46,fb2309,fb2309,1278.5,0.0,0.0,0.0,1,1274.5,1278.5,1,1278.5,1278.5,1281.5,1274.5,35.0,447160.0,640
2023-05-11 09:01:50,fb2309,fb2309,1278.5,0.0,0.0,0.0,1,1274.5,1278.0,1,1278.5,1278.5,1281.5,1274.5,35.0,447160.0,640
2023-05-11 09:01:51,fb2309,fb2309,1278.5,0.0,0.0,0.0,1,1274.5,1278.0,2,1278.5,1278.5,1281.5,1274.5,35.0,447160.0,640
2023-05-11 09:01:52,fb2309,fb2309,1278.5,0.0,0.0,0.0,1,1275.0,1278.0,2,1278.5,1278.5,1281.5,1274.5,35.0,447160.0,640
2023-05-11 09:01:55,fb2309,fb2309,1278.5,0.0,0.0,0.0,2,1275.0,1278.0,2,1278.5,1278.5,1281.5,1274.5,35.0,447160.0,640
2023-05-11 09:01:59,fb2309,fb2309,1278.5,0.0,0.0,0.0,22,1275.5,1278.0,2,1278.5,1278.5,1281.5,1274.5,35.0,447160.0,640
2023-05-11 09:02:05,fb2309,fb2309,1278.5,0.0,0.0,0.0,1,1276.0,1278.0,2,1278.5,1278.5,1281.5,1274.5,35.0,447160.0,640
2023-05-11 09:02:06,fb2309,fb2309,1278.5,0.0,0.0,0.0,22,1276.5,1278.0,2,1278.5,1278.5,1281.5,1274.5,35.0,447160.0,640
2023-05-11 09:02:09,fb2309,fb2309,1278.0,2.0,25560.0,-1.0,22,1276.5,1278.5,2,1278.5,1278.5,1281.5,1274.5,37.0,472720.0,639
2023-05-11 09:02:09,fb2309,fb2309,1278.5,2.0,25570.0,1.0,1,1277.0,1279.0,2,1278.5,1278.5,1281.5,1274.5,39.0,498290.0,640
2023-05-11 09:02:10,fb2309,fb2309,1278.5,0.0,0.0,0.0,22,1277.5,1279.0,2,1278.5,1278.5,1281.5,1274.5,39.0,498290.0,640
2023-05-11 09:02:10,fb2309,fb2309,1278.5,0.0,0.0,0.0,23,1277.5,1279.0,2,1278.5,1278.5,1281.5,1274.5,39.0,498290.0,640
2023-05-11 09:02:12,fb2309,fb2309,1278.5,0.0,0.0,0.0,1,1278.0,1279.0,2,1278.5,1278.5,1281.5,1274.5,39.0,498290.0,640
2023-05-11 09:02:13,fb2309,fb2309,1278.5,0.0,0.0,0.0,22,1278.5,1279.0,2,1278.5,1278.5,1281.5,1274.5,39.0,498290.0,640
2023-05-11 09:02:15,fb2309,fb2309,1279.0,3.0,38370.0,2.0,22,1278.5,1279.5,1,1278.5,1278.5,1281.5,1274.5,42.0,536660.0,642
2023-05-11 09:02:17,fb2309,fb2309,1278.5,1.0,12785.0,0.0,21,1278.5,1279.5,1,1278.5,1278.5,1281.5,1274.5,43.0,549445.0,642
2023-05-11 09:02:19,fb2309,fb2309,1278.5,0.0,0.0,0.0,22,1278.5,1279.5,1,1278.5,1278.5,1281.5,1274.5,43.0,549445.0,642
2023-05-11 09:02:23,fb2309,fb2309,1278.5,2.0,25570.0,2.0,20,1278.5,1279.5,1,1278.5,1278.5,1281.5,1274.5,45.0,575015.0,644
2023-05-11 09:02:29,fb2309,fb2309,1279.5,1.0,12795.0,0.0,20,1278.5,1280.0,2,1278.5,1278.5,1281.5,1274.5,46.0,587810.0,644
2023-05-11 09:02:31,fb2309,fb2309,1279.5,0.0,0.0,0.0,1,1279.0,1280.0,2,1278.5,1278.5,1281.5,1274.5,46.0,587810.0,644
2023-05-11 09:02:32,fb2309,fb2309,1280.0,1.0,12800.0,0.0,1,1279.0,1280.0,1,1278.5,1278.5,1281.5,1274.5,47.0,600610.0,644
2023-05-11 09:02:33,fb2309,fb2309,1280.0,0.0,0.0,0.0,19,1279.0,1280.0,1,1278.5,1278.5,1281.5,1274.5,47.0,600610.0,644
2023-05-11 09:02:36,fb2309,fb2309,1280.0,1.0,12800.0,0.0,1,1280.0,1280.5,3,1278.5,1278.5,1281.5,1274.5,48.0,613410.0,644
2023-05-11 09:02:37,fb2309,fb2309,1280.0,1.0,12800.0,0.0,1,1278.5,1280.5,3,1278.5,1278.5,1281.5,1274.5,49.0,626210.0,644
2023-05-11 09:02:37,fb2309,fb2309,1280.0,0.0,0.0,0.0,19,1279.0,1280.5,3,1278.5,1278.5,1281.5,1274.5,49.0,626210.0,644
2023-05-11 09:02:38,fb2309,fb2309,1280.0,0.0,0.0,0.0,20,1279.0,1280.0,1,1278.5,1278.5,1281.5,1274.5,49.0,626210.0,644
2023-05-11 09:02:38,fb2309,fb2309,1280.0,1.0,12800.0,0.0,20,1279.0,1280.5,3,1278.5,1278.5,1281.5,1274.5,50.0,639010.0,644
2023-05-11 09:02:39,fb2309,fb2309,1279.0,1.0,12790.0,1.0,19,1279.0,1280.5,3,1278.5,1278.5,1281.5,1274.5,51.0,651800.0,645
2023-05-11 09:02:43,fb2309,fb2309,1279.0,0.0,0.0,0.0,19,1279.0,1280.0,1,1278.5,1278.5,1281.5,1274.5,51.0,651800.0,645
2023-05-11 09:02:43,fb2309,fb2309,1280.0,1.0,12800.0,0.0,19,1279.0,1280.5,3,1278.5,1278.5,1281.5,1274.5,52.0,664600.0,645
2023-05-11 09:02:48,fb2309,fb2309,1280.0,0.0,0.0,0.0,19,1279.0,1279.5,1,1278.5,1278.5,1281.5,1274.5,52.0,664600.0,645
2023-05-11 09:02:48,fb2309,fb2309,1280.0,1.0,12800.0,1.0,19,1279.0,1280.5,3,1278.5,1278.5,1281.5,1274.5,53.0,677400.0,646
2023-05-11 09:02:52,fb2309,fb2309,1279.0,1.0,12790.0,1.0,18,1279.0,1280.0,22,1278.5,1278.5,1281.5,1274.5,54.0,690190.0,647
2023-05-11 09:02:52,fb2309,fb2309,1279.0,1.0,12790.0,0.0,1,1278.5,1280.0,22,1278.5,1278.5,1281.5,1274.5,55.0,702980.0,647
2023-05-11 09:02:54,fb2309,fb2309,1280.0,1.0,12800.0,1.0,1,1278.5,1280.0,21,1278.5,1278.5,1281.5,1274.5,56.0,715780.0,648
2023-05-11 09:02:55,fb2309,fb2309,1280.0,0.0,0.0,0.0,1,1278.5,1279.5,1,1278.5,1278.5,1281.5,1274.5,56.0,715780.0,648
2023-05-11 09:02:58,fb2309,fb2309,1279.5,1.0,12795.0,1.0,1,1278.5,1279.5,21,1278.5,1278.5,1281.5,1274.5,57.0,728575.0,649
2023-05-11 09:02:59,fb2309,fb2309,1279.5,2.0,25580.0,0.0,17,1277.5,1279.5,20,1278.5,1278.5,1281.5,1274.5,59.0,754155.0,649
2023-05-11 09:02:59,fb2309,fb2309,1279.5,0.0,0.0,0.0,1,1278.0,1279.0,1,1278.5,1278.5,1281.5,1274.5,59.0,754155.0,649
2023-05-11 09:03:01,fb2309,fb2309,1280.5,3.0,38400.0,1.0,1,1278.0,1280.5,3,1278.5,1278.5,1281.5,1274.5,62.0,792555.0,650
2023-05-11 09:03:01,fb2309,fb2309,1280.5,0.0,0.0,0.0,17,1278.5,1280.5,3,1278.5,1278.5,1281.5,1274.5,62.0,792555.0,650
2023-05-11 09:03:02,fb2309,fb2309,1280.5,0.0,0.0,0.0,1,1279.0,1280.5,3,1278.5,1278.5,1281.5,1274.5,62.0,792555.0,650
2023-05-11 09:03:06,fb2309,fb2309,1280.5,0.0,0.0,0.0,1,1279.5,1280.5,3,1278.5,1278.5,1281.5,1274.5,62.0,792555.0,650
2023-05-11 09:03:12,fb2309,fb2309,1280.5,0.0,0.0,0.0,1,1279.5,1280.0,1,1278.5,1278.5,1281.5,1274.5,62.0,792555.0,650
2023-05-11 09:03:14,fb2309,fb2309,1280.0,1.0,12800.0,-1.0,1,1279.5,1280.5,3,1278.5,1278.5,1281.5,1274.5,63.0,805355.0,649
2023-05-11 09:03:16,fb2309,fb2309,1280.0,0.0,0.0,0.0,17,1279.5,1280.5,3,1278.5,1278.5,1281.5,1274.5,63.0,805355.0,649
2023-05-11 09:03:16,fb2309,fb2309,1280.5,4.0,51220.0,2.0,17,1279.5,1281.0,1,1278.5,1278.5,1281.5,1274.5,67.0,856575.0,651
2023-05-11 09:03:25,fb2309,fb2309,1280.5,0.0,0.0,0.0,17,1279.5,1281.0,2,1278.5,1278.5,1281.5,1274.5,67.0,856575.0,651
2023-05-11 09:03:31,fb2309,fb2309,1281.0,2.0,25620.0,1.0,1,1280.5,1282.0,1,1278.5,1278.5,1281.5,1274.5,69.0,882195.0,652
2023-05-11 09:03:32,fb2309,fb2309,1280.5,1.0,12805.0,0.0,3,1279.0,1281.5,20,1278.5,1278.5,1281.5,1274.5,70.0,895000.0,652
2023-05-11 09:03:32,fb2309,fb2309,1280.5,1.0,12805.0,1.0,17,1279.5,1282.0,1,1278.5,1278.5,1281.5,1274.5,71.0,907805.0,653
2023-05-11 09:03:33,fb2309,fb2309,1280.5,0.0,0.0,0.0,17,1279.5,1281.5,20,1278.5,1278.5,1281.5,1274.5,71.0,907805.0,653
2023-05-11 09:03:33,fb2309,fb2309,1280.5,0.0,0.0,0.0,1,1280.0,1280.5,1,1278.5,1278.5,1281.5,1274.5,71.0,907805.0,653
2023-05-11 09:03:34,fb2309,fb2309,1280.5,0.0,0.0,0.0,2,1280.0,1280.5,1,1278.5,1278.5,1281.5,1274.5,71.0,907805.0,653
2023-05-11 09:03:34,fb2309,fb2309,1280.5,0.0,0.0,0.0,1,1280.0,1280.5,1,1278.5,1278.5,1281.5,1274.5,71.0,907805.0,653
2023-05-11 09:03:35,fb2309,fb2309,1280.5,1.0,12805.0,0.0,1,1280.0,1280.5,1,1278.5,1278.5,1281.5,1274.5,72.0,920610.0,653
2023-05-11 09:03:38,fb2309,fb2309,1280.5,1.0,12805.0,1.0,1,1280.5,1281.5,20,1278.5,1278.5,1281.5,1274.5,73.0,933415.0,654
2023-05-11 09:03:39,fb2309,fb2309,1280.5,1.0,12805.0,0.0,1,1280.0,1281.5,20,1278.5,1278.5,1281.5,1274.5,74.0,946220.0,654
2023-05-11 09:03:40,fb2309,fb2309,1280.5,1.0,12805.0,0.0,1,1280.0,1281.5,20,1278.5,1278.5,1281.5,1274.5,75.0,959025.0,654
2023-05-11 09:03:41,fb2309,fb2309,1280.5,0.0,0.0,0.0,1,1280.0,1281.0,1,1278.5,1278.5,1281.5,1274.5,75.0,959025.0,654
2023-05-11 09:03:42,fb2309,fb2309,1280.0,1.0,12800.0,-1.0,4,1279.0,1280.5,20,1278.5,1278.5,1281.5,1274.5,76.0,971825.0,653
2023-05-11 09:03:49,fb2309,fb2309,1280.0,0.0,0.0,0.0,5,1279.0,1280.5,20,1278.5,1278.5,1281.5,1274.5,76.0,971825.0,653
2023-05-11 09:03:50,fb2309,fb2309,1280.5,18.0,230490.0,14.0,5,1279.0,1280.5,2,1278.5,1278.5,1281.5,1274.5,94.0,1202315.0,667
2023-05-11 09:03:50,fb2309,fb2309,1281.0,4.0,51230.0,3.0,1,1280.0,1282.0,1,1278.5,1278.5,1281.5,1274.5,98.0,1253545.0,670
2023-05-11 09:03:51,fb2309,fb2309,1280.0,1.0,12800.0,0.0,1,1280.5,1281.5,6,1278.5,1278.5,1281.5,1274.5,99.0,1266345.0,670
2023-05-11 09:03:54,fb2309,fb2309,1280.0,0.0,0.0,0.0,1,1280.5,1281.5,7,1278.5,1278.5,1281.5,1274.5,99.0,1266345.0,670
2023-05-11 09:03:56,fb2309,fb2309,1280.0,0.0,0.0,0.0,1,1280.5,1281.5,6,1278.5,1278.5,1281.5,1274.5,99.0,1266345.0,670
2023-05-11 09:03:57,fb2309,fb2309,1281.5,1.0,12815.0,1.0,1,1280.5,1281.5,5,1278.5,1278.5,1281.5,1274.5,100.0,1279160.0,671
2023-05-11 09:03:58,fb2309,fb2309,1281.5,0.0,0.0,0.0,1,1281.0,1281.5,5,1278.5,1278.5,1281.5,1274.5,100.0,1279160.0,671
2023-05-11 09:04:00,fb2309,fb2309,1281.0,1.0,12810.0,1.0,1,1280.5,1281.5,5,1278.5,1278.5,1281.5,1274.5,101.0,1291970.0,672
2023-05-11 09:04:01,fb2309,fb2309,1280.5,1.0,12805.0,1.0,5,1279.0,1281.5,5,1278.5,1278.5,1281.5,1274.5,102.0,1304775.0,673
2023-05-11 09:04:02,fb2309,fb2309,1280.5,0.0,0.0,0.0,21,1279.5,1281.5,6,1278.5,1278.5,1281.5,1274.5,102.0,1304775.0,673
2023-05-11 09:04:04,fb2309,fb2309,1280.5,0.0,0.0,0.0,1,1280.0,1281.5,7,1278.5,1278.5,1281.5,1274.5,102.0,1304775.0,673
2023-05-11 09:04:13,fb2309,fb2309,1280.5,0.0,0.0,0.0,2,1280.0,1281.5,7,1278.5,1278.5,1281.5,1274.5,102.0,1304775.0,673
2023-05-11 09:04:14,fb2309,fb2309,1280.5,0.0,0.0,0.0,21,1280.5,1281.5,7,1278.5,1278.5,1281.5,1274.5,102.0,1304775.0,673
2023-05-11 09:04:16,fb2309,fb2309,1280.5,1.0,12805.0,1.0,20,1280.5,1281.5,8,1278.5,1278.5,1281.5,1274.5,103.0,1317580.0,674
2023-05-11 09:04:21,fb2309,fb2309,1281.5,1.0,12815.0,0.0,20,1280.5,1281.5,7,1278.5,1278.5,1281.5,1274.5,104.0,1330395.0,674
2023-05-11 09:04:28,fb2309,fb2309,1281.5,0.0,0.0,0.0,20,1280.5,1281.5,12,1278.5,1278.5,1281.5,1274.5,104.0,1330395.0,674
2023-05-11 09:04:28,fb2309,fb2309,1281.5,0.0,0.0,0.0,20,1280.5,1281.5,14,1278.5,1278.5,1281.5,1274.5,104.0,1330395.0,674
2023-05-11 09:04:34,fb2309,fb2309,1280.5,1.0,12805.0,0.0,19,1280.5,1281.5,13,1278.5,1278.5,1281.5,1274.5,105.0,1343200.0,674
2023-05-11 09:04:35,fb2309,fb2309,1280.5,1.0,12805.0,0.0,18,1280.5,1281.5,13,1278.5,1278.5,1281.5,1274.5,106.0,1356005.0,674
2023-05-11 09:04:41,fb2309,fb2309,1280.5,1.0,12805.0,0.0,17,1280.5,1281.5,13,1278.5,1278.5,1281.5,1274.5,107.0,1368810.0,674
2023-05-11 09:04:45,fb2309,fb2309,1280.5,1.0,12805.0,0.0,16,1280.5,1281.5,13,1278.5,1278.5,1281.5,1274.5,108.0,1381615.0,674
2023-05-11 09:04:47,fb2309,fb2309,1280.5,0.0,0.0,0.0,16,1280.5,1281.5,8,1278.5,1278.5,1281.5,1274.5,108.0,1381615.0,674
2023-05-11 09:04:47,fb2309,fb2309,1281.5,6.0,76865.0,1.0,16,1280.5,1281.5,7,1278.5,1278.5,1281.5,1274.5,114.0,1458480.0,675
2023-05-11 09:04:48,fb2309,fb2309,1281.5,0.0,0.0,0.0,16,1280.5,1281.5,8,1278.5,1278.5,1281.5,1274.5,114.0,1458480.0,675
2023-05-11 09:04:49,fb2309,fb2309,1281.5,0.0,0.0,0.0,16,1280.5,1281.5,9,1278.5,1278.5,1281.5,1274.5,114.0,1458480.0,675
2023-05-11 09:04:50,fb2309,fb2309,1280.5,1.0,12805.0,0.0,15,1280.5,1281.5,9,1278.5,1278.5,1281.5,1274.5,115.0,1471285.0,675
2023-05-11 09:04:50,fb2309,fb2309,1281.5,1.0,12815.0,0.0,15,1280.5,1281.5,8,1278.5,1278.5,1281.5,1274.5,116.0,1484100.0,675
2023-05-11 09:04:53,fb2309,fb2309,1281.5,0.0,0.0,0.0,16,1280.5,1281.5,8,1278.5,1278.5,1281.5,1274.5,116.0,1484100.0,675
2023-05-11 09:04:53,fb2309,fb2309,1281.5,2.0,25630.0,1.0,16,1280.5,1281.5,6,1278.5,1278.5,1281.5,1274.5,118.0,1509730.0,676
2023-05-11 09:04:55,fb2309,fb2309,1281.5,0.0,0.0,0.0,1,1281.0,1281.5,6,1278.5,1278.5,1281.5,1274.5,118.0,1509730.0,676
2023-05-11 09:04:56,fb2309,fb2309,1281.0,1.0,12810.0,1.0,1,1280.5,1281.5,6,1278.5,1278.5,1281.5,1274.5,119.0,1522540.0,677
2023-05-11 09:04:57,fb2309,fb2309,1281.0,0.0,0.0,0.0,1,1280.5,1281.5,7,1278.5,1278.5,1281.5,1274.5,119.0,1522540.0,677
2023-05-11 09:04:59,fb2309,fb2309,1281.5,1.0,12815.0,1.0,1,1280.5,1281.5,6,1278.5,1278.5,1281.5,1274.5,120.0,1535355.0,678
2023-05-11 09:05:07,fb2309,fb2309,1280.5,1.0,12805.0,1.0,3,1280.0,1281.5,6,1278.5,1278.5,1281.5,1274.5,121.0,1548160.0,679
2023-05-11 09:05:08,fb2309,fb2309,1281.0,1.0,12810.0,1.0,3,1280.0,1281.0,6,1278.5,1278.5,1281.5,1274.5,122.0,1560970.0,680
2023-05-11 09:05:12,fb2309,fb2309,1281.0,0.0,0.0,0.0,2,1280.0,1281.0,6,1278.5,1278.5,1281.5,1274.5,122.0,1560970.0,680
2023-05-11 09:05:14,fb2309,fb2309,1281.0,1.0,12810.0,0.0,2,1280.0,1281.0,5,1278.5,1278.5,1281.5,1274.5,123.0,1573780.0,680
2023-05-11 09:05:14,fb2309,fb2309,1281.0,1.0,12810.0,0.0,2,1280.0,1281.0,4,1278.5,1278.5,1281.5,1274.5,124.0,1586590.0,680
2023-05-11 09:05:19,fb2309,fb2309,1280.0,2.0,25600.0,2.0,4,1279.0,1281.0,4,1278.5,1278.5,1281.5,1274.5,126.0,1612190.0,682
2023-05-11 09:05:19,fb2309,fb2309,1280.0,0.0,0.0,0.0,1,1279.5,1280.5,1,1278.5,1278.5,1281.5,1274.5,126.0,1612190.0,682
2023-05-11 09:05:29,fb2309,fb2309,1279.5,1.0,12795.0,0.0,4,1279.0,1280.5,1,1278.5,1278.5,1281.5,1274.5,127.0,1624985.0,682
2023-05-11 09:05:29,fb2309,fb2309,1279.5,0.0,0.0,0.0,4,1279.0,1280.0,4,1278.5,1278.5,1281.5,1274.5,127.0,1624985.0,682
2023-05-11 09:05:40,fb2309,fb2309,1279.0,1.0,12790.0,1.0,3,1279.0,1280.0,4,1278.5,1278.5,1281.5,1274.5,128.0,1637775.0,683
2023-05-11 09:05:42,fb2309,fb2309,1279.0,1.0,12790.0,0.0,2,1279.0,1280.0,4,1278.5,1278.5,1281.5,1274.5,129.0,1650565.0,683
2023-05-11 09:05:46,fb2309,fb2309,1279.0,0.0,0.0,0.0,2,1279.0,1280.0,5,1278.5,1278.5,1281.5,1274.5,129.0,1650565.0,683
2023-05-11 09:05:51,fb2309,fb2309,1279.0,1.0,12790.0,1.0,1,1279.0,1280.0,5,1278.5,1278.5,1281.5,1274.5,130.0,1663355.0,684
2023-05-11 09:05:52,fb2309,fb2309,1279.0,1.0,12790.0,1.0,2,1278.5,1280.0,5,1278.5,1278.5,1281.5,1274.5,131.0,1676145.0,685
2023-05-11 09:05:57,fb2309,fb2309,1279.0,0.0,0.0,0.0,2,1278.5,1279.0,1,1278.5,1278.5,1281.5,1274.5,131.0,1676145.0,685
2023-05-11 09:05:59,fb2309,fb2309,1279.0,1.0,12790.0,-1.0,1,1279.0,1280.0,1,1278.5,1278.5,1281.5,1274.5,132.0,1688935.0,684
2023-05-11 09:05:59,fb2309,fb2309,1279.0,0.0,0.0,0.0,1,1279.0,1279.5,4,1278.5,1278.5,1281.5,1274.5,132.0,1688935.0,684
2023-05-11 09:06:00,fb2309,fb2309,1279.0,0.0,0.0,0.0,2,1279.0,1279.5,4,1278.5,1278.5,1281.5,1274.5,132.0,1688935.0,684
2023-05-11 09:06:02,fb2309,fb2309,1279.0,1.0,12790.0,1.0,1,1279.0,1279.5,4,1278.5,1278.5,1281.5,1274.5,133.0,1701725.0,685
2023-05-11 09:06:05,fb2309,fb2309,1279.5,1.0,12795.0,1.0,1,1279.0,1279.5,3,1278.5,1278.5,1281.5,1274.5,134.0,1714520.0,686
2023-05-11 09:06:11,fb2309,fb2309,1279.5,0.0,0.0,0.0,2,1279.0,1279.5,3,1278.5,1278.5,1281.5,1274.5,134.0,1714520.0,686
2023-05-11 09:06:13,fb2309,fb2309,1279.0,1.0,12790.0,1.0,1,1279.0,1279.5,3,1278.5,1278.5,1281.5,1274.5,135.0,1727310.0,687
2023-05-11 09:06:25,fb2309,fb2309,1279.0,1.0,12790.0,1.0,2,1278.5,1279.5,3,1278.5,1278.5,1281.5,1274.5,136.0,1740100.0,688
2023-05-11 09:06:31,fb2309,fb2309,1279.0,0.0,0.0,0.0,1,1278.5,1279.5,3,1278.5,1278.5,1281.5,1274.5,136.0,1740100.0,688
2023-05-11 09:06:40,fb2309,fb2309,1278.5,1.0,12785.0,1.0,2,1278.0,1279.5,3,1278.5,1278.5,1281.5,1274.5,137.0,1752885.0,689
2023-05-11 09:06:44,fb2309,fb2309,1278.0,3.0,38370.0,2.0,1,1278.0,1279.5,1,1278.5,1278.5,1281.5,1274.5,140.0,1791255.0,691
2023-05-11 09:07:03,fb2309,fb2309,1278.0,0.0,0.0,0.0,1,1278.0,1279.0,1,1278.5,1278.5,1281.5,1274.5,140.0,1791255.0,691
2023-05-11 09:07:06,fb2309,fb2309,1278.0,0.0,0.0,0.0,2,1278.0,1279.0,1,1278.5,1278.5,1281.5,1274.5,140.0,1791255.0,691
2023-05-11 09:07:38,fb2309,fb2309,1278.0,0.0,0.0,0.0,3,1278.0,1279.0,1,1278.5,1278.5,1281.5,1274.5,140.0,1791255.0,691
2023-05-11 09:07:43,fb2309,fb2309,1278.0,0.0,0.0,0.0,4,1278.0,1279.0,1,1278.5,1278.5,1281.5,1274.5,140.0,1791255.0,691
2023-05-11 09:07:44,fb2309,fb2309,1278.0,0.0,0.0,0.0,5,1278.0,1279.0,1,1278.5,1278.5,1281.5,1274.5,140.0,1791255.0,691
2023-05-11 09:07:48,fb2309,fb2309,1278.0,0.0,0.0,0.0,6,1278.0,1279.0,1,1278.5,1278.5,1281.5,1274.5,140.0,1791255.0,691
2023-05-11 09:07:48,fb2309,fb2309,1278.0,0.0,0.0,0.0,1,1278.5,1279.0,1,1278.5,1278.5,1281.5,1274.5,140.0,1791255.0,691
2023-05-11 09:07:53,fb2309,fb2309,1278.5,1.0,12785.0,-1.0,6,1278.0,1279.0,1,1278.5,1278.5,1281.5,1274.5,141.0,1804040.0,690
2023-05-11 09:07:55,fb2309,fb2309,1279.0,1.0,12790.0,0.0,6,1278.0,1279.5,2,1278.5,1278.5,1281.5,1274.5,142.0,1816830.0,690
2023-05-11 09:08:01,fb2309,fb2309,1279.0,0.0,0.0,0.0,6,1278.0,1279.0,1,1278.5,1278.5,1281.5,1274.5,142.0,1816830.0,690
2023-05-11 09:08:09,fb2309,fb2309,1279.0,1.0,12790.0,0.0,6,1278.0,1279.5,2,1278.5,1278.5,1281.5,1274.5,143.0,1829620.0,690
2023-05-11 09:08:17,fb2309,fb2309,1279.0,0.0,0.0,0.0,1,1279.0,1279.5,2,1278.5,1278.5,1281.5,1274.5,143.0,1829620.0,690
2023-05-11 09:08:17,fb2309,fb2309,1279.0,1.0,12790.0,0.0,6,1278.0,1279.5,2,1278.5,1278.5,1281.5,1274.5,144.0,1842410.0,690
2023-05-11 09:08:24,fb2309,fb2309,1278.0,1.0,12780.0,0.0,5,1278.0,1279.0,1,1278.5,1278.5,1281.5,1274.5,145.0,1855190.0,690
2023-05-11 09:08:25,fb2309,fb2309,1279.0,1.0,12790.0,1.0,5,1278.0,1279.5,2,1278.5,1278.5,1281.5,1274.5,146.0,1867980.0,691
2023-05-11 09:08:26,fb2309,fb2309,1278.0,1.0,12780.0,1.0,4,1278.0,1279.5,2,1278.5,1278.5,1281.5,1274.5,147.0,1880760.0,692
2023-05-11 09:08:27,fb2309,fb2309,1278.0,0.0,0.0,0.0,5,1278.0,1279.5,2,1278.5,1278.5,1281.5,1274.5,147.0,1880760.0,692
2023-05-11 09:08:33,fb2309,fb2309,1278.0,0.0,0.0,0.0,6,1278.0,1279.5,2,1278.5,1278.5,1281.5,1274.5,147.0,1880760.0,692
2023-05-11 09:08:36,fb2309,fb2309,1278.0,0.0,0.0,0.0,6,1278.0,1279.5,3,1278.5,1278.5,1281.5,1274.5,147.0,1880760.0,692
2023-05-11 09:08:37,fb2309,fb2309,1278.0,1.0,12780.0,0.0,5,1278.0,1279.5,3,1278.5,1278.5,1281.5,1274.5,148.0,1893540.0,692
2023-05-11 09:08:43,fb2309,fb2309,1278.0,0.0,0.0,0.0,1,1278.5,1279.5,3,1278.5,1278.5,1281.5,1274.5,148.0,1893540.0,692
2023-05-11 09:08:45,fb2309,fb2309,1278.0,0.0,0.0,0.0,1,1278.5,1279.5,2,1278.5,1278.5,1281.5,1274.5,148.0,1893540.0,692
2023-05-11 09:08:46,fb2309,fb2309,1279.5,1.0,12795.0,1.0,1,1278.5,1279.5,1,1278.5,1278.5,1281.5,1274.5,149.0,1906335.0,693
2023-05-11 09:08:53,fb2309,fb2309,1279.5,0.0,0.0,0.0,1,1278.5,1279.0,2,1278.5,1278.5,1281.5,1274.5,149.0,1906335.0,693
2023-05-11 09:08:57,fb2309,fb2309,1278.5,1.0,12785.0,0.0,5,1278.0,1279.0,2,1278.5,1278.5,1281.5,1274.5,150.0,1919120.0,693
2023-05-11 09:08:58,fb2309,fb2309,1278.5,1.0,12785.0,0.0,5,1278.0,1279.0,2,1278.5,1278.5,1281.5,1274.5,151.0,1931905.0,693
2023-05-11 09:09:06,fb2309,fb2309,1278.5,1.0,12785.0,0.0,5,1278.0,1279.0,2,1278.5,1278.5,1281.5,1274.5,152.0,1944690.0,693
2023-05-11 09:09:30,fb2309,fb2309,1278.5,0.0,0.0,0.0,6,1278.0,1279.0,2,1278.5,1278.5,1281.5,1274.5,152.0,1944690.0,693
2023-05-11 09:09:50,fb2309,fb2309,1279.0,1.0,12790.0,-1.0,6,1278.0,1279.0,1,1278.5,1278.5,1281.5,1274.5,153.0,1957480.0,692
2023-05-11 09:09:53,fb2309,fb2309,1279.0,0.0,0.0,0.0,6,1278.0,1279.0,2,1278.5,1278.5,1281.5,1274.5,153.0,1957480.0,692
2023-05-11 09:10:08,fb2309,fb2309,1279.0,0.0,0.0,0.0,6,1278.0,1279.0,1,1278.5,1278.5,1281.5,1274.5,153.0,1957480.0,692
2023-05-11 09:10:13,fb2309,fb2309,1279.0,0.0,0.0,0.0,6,1278.0,1278.5,1,1278.5,1278.5,1281.5,1274.5,153.0,1957480.0,692
2023-05-11 09:10:14,fb2309,fb2309,1279.0,0.0,0.0,0.0,7,1278.0,1278.5,1,1278.5,1278.5,1281.5,1274.5,153.0,1957480.0,692
2023-05-11 09:10:22,fb2309,fb2309,1278.0,1.0,12780.0,-1.0,6,1278.0,1278.5,1,1278.5,1278.5,1281.5,1274.5,154.0,1970260.0,691
2023-05-11 09:10:30,fb2309,fb2309,1278.0,1.0,12780.0,0.0,5,1278.0,1278.5,1,1278.5,1278.5,1281.5,1274.5,155.0,1983040.0,691
2023-05-11 09:10:33,fb2309,fb2309,1278.0,0.0,0.0,0.0,5,1278.0,1279.0,1,1278.5,1278.5,1281.5,1274.5,155.0,1983040.0,691
2023-05-11 09:10:36,fb2309,fb2309,1278.0,1.0,12780.0,-1.0,4,1278.0,1279.0,1,1278.5,1278.5,1281.5,1274.5,156.0,1995820.0,690
2023-05-11 09:10:38,fb2309,fb2309,1279.0,1.0,12790.0,0.0,4,1278.0,1279.5,3,1278.5,1278.5,1281.5,1274.5,157.0,2008610.0,690
2023-05-11 09:10:39,fb2309,fb2309,1278.0,1.0,12780.0,1.0,3,1278.0,1279.5,3,1278.5,1278.5,1281.5,1274.5,158.0,2021390.0,691
2023-05-11 09:10:40,fb2309,fb2309,1279.0,2.0,25580.0,0.0,3,1278.0,1279.5,3,1278.5,1278.5,1281.5,1274.5,160.0,2046970.0,691
2023-05-11 09:10:40,fb2309,fb2309,1278.0,3.0,38340.0,3.0,3,1276.0,1279.5,3,1278.5,1278.5,1281.5,1274.5,163.0,2085310.0,694
2023-05-11 09:10:41,fb2309,fb2309,1278.0,0.0,0.0,0.0,10,1276.5,1279.5,3,1278.5,1278.5,1281.5,1274.5,163.0,2085310.0,694
2023-05-11 09:10:41,fb2309,fb2309,1278.0,0.0,0.0,0.0,10,1276.5,1279.0,1,1278.5,1278.5,1281.5,1274.5,163.0,2085310.0,694
2023-05-11 09:10:44,fb2309,fb2309,1276.5,2.0,25530.0,-2.0,8,1276.5,1278.5,2,1278.5,1278.5,1281.5,1274.5,165.0,2110840.0,692
2023-05-11 09:10:45,fb2309,fb2309,1276.5,0.0,0.0,0.0,8,1276.5,1278.0,1,1278.5,1278.5,1281.5,1274.5,165.0,2110840.0,692
2023-05-11 09:10:45,fb2309,fb2309,1276.5,0.0,0.0,0.0,11,1277.0,1278.0,1,1278.5,1278.5,1281.5,1274.5,165.0,2110840.0,692
2023-05-11 09:10:47,fb2309,fb2309,1276.5,0.0,0.0,0.0,12,1277.0,1278.0,1,1278.5,1278.5,1281.5,1274.5,165.0,2110840.0,692
2023-05-11 09:10:50,fb2309,fb2309,1276.5,0.0,0.0,0.0,1,1277.5,1278.0,1,1278.5,1278.5,1281.5,1274.5,165.0,2110840.0,692
2023-05-11 09:10:50,fb2309,fb2309,1277.5,1.0,12775.0,0.0,1,1277.0,1278.0,1,1278.5,1278.5,1281.5,1274.5,166.0,2123615.0,692
2023-05-11 09:10:52,fb2309,fb2309,1277.0,1.0,12770.0,0.0,1,1276.5,1278.0,1,1278.5,1278.5,1281.5,1274.5,167.0,2136385.0,692
2023-05-11 09:10:52,fb2309,fb2309,1277.0,1.0,12770.0,1.0,1,1276.5,1277.5,2,1278.5,1278.5,1281.5,1274.5,168.0,2149155.0,693
2023-05-11 09:10:56,fb2309,fb2309,1277.0,0.0,0.0,0.0,2,1276.5,1277.5,2,1278.5,1278.5,1281.5,1274.5,168.0,2149155.0,693
2023-05-11 09:11:00,fb2309,fb2309,1276.5,1.0,12765.0,1.0,1,1276.5,1277.5,2,1278.5,1278.5,1281.5,1274.5,169.0,2161920.0,694
2023-05-11 09:11:08,fb2309,fb2309,1276.5,1.0,12765.0,0.0,3,1276.0,1276.5,1,1278.5,1278.5,1281.5,1274.5,170.0,2174685.0,694
2023-05-11 09:11:08,fb2309,fb2309,1276.5,1.0,12765.0,1.0,3,1276.0,1277.5,2,1278.5,1278.5,1281.5,1274.5,171.0,2187450.0,695
2023-05-11 09:11:09,fb2309,fb2309,1276.0,3.0,38280.0,-2.0,2,1275.5,1277.5,2,1278.5,1278.5,1281.5,1274.5,174.0,2225730.0,693
2023-05-11 09:11:09,fb2309,fb2309,1275.5,3.0,38265.0,0.0,2,1275.0,1279.0,1,1278.5,1278.5,1281.5,1274.5,177.0,2263995.0,693
2023-05-11 09:11:10,fb2309,fb2309,1275.5,0.0,0.0,0.0,2,1275.0,1277.0,1,1278.5,1278.5,1281.5,1274.5,177.0,2263995.0,693
2023-05-11 09:11:10,fb2309,fb2309,1275.0,1.0,12750.0,0.0,1,1275.0,1277.0,1,1278.5,1278.5,1281.5,1274.5,178.0,2276745.0,693
2023-05-11 09:11:11,fb2309,fb2309,1275.0,2.0,25500.0,-1.0,1,1274.5,1276.5,2,1278.5,1278.5,1281.5,1274.5,180.0,2302245.0,692
2023-05-11 09:11:12,fb2309,fb2309,1275.0,0.0,0.0,0.0,1,1274.5,1276.0,1,1278.5,1278.5,1281.5,1274.5,180.0,2302245.0,692
2023-05-11 09:11:12,fb2309,fb2309,1275.0,0.0,0.0,0.0,1,1274.5,1275.5,2,1278.5,1278.5,1281.5,1274.5,180.0,2302245.0,692
2023-05-11 09:11:15,fb2309,fb2309,1275.0,1.0,12750.0,1.0,1,1274.5,1276.0,1,1278.5,1278.5,1281.5,1274.5,181.0,2314995.0,693
2023-05-11 09:11:16,fb2309,fb2309,1275.5,2.0,25510.0,2.0,22,1275.0,1276.0,1,1278.5,1278.5,1281.5,1274.5,183.0,2340505.0,695
2023-05-11 09:11:17,fb2309,fb2309,1275.0,1.0,12750.0,-1.0,21,1275.0,1276.0,1,1278.5,1278.5,1281.5,1274.5,184.0,2353255.0,694
2023-05-11 09:11:18,fb2309,fb2309,1275.0,1.0,12750.0,0.0,20,1275.0,1276.0,1,1278.5,1278.5,1281.5,1274.5,185.0,2366005.0,694
2023-05-11 09:11:19,fb2309,fb2309,1275.0,0.0,0.0,0.0,21,1275.0,1276.0,1,1278.5,1278.5,1281.5,1274.5,185.0,2366005.0,694
2023-05-11 09:11:22,fb2309,fb2309,1275.0,1.0,12750.0,0.0,20,1275.0,1276.0,1,1278.5,1278.5,1281.5,1274.5,186.0,2378755.0,694
2023-05-11 09:11:23,fb2309,fb2309,1275.0,0.0,0.0,0.0,19,1275.0,1276.0,1,1278.5,1278.5,1281.5,1274.5,186.0,2378755.0,694
2023-05-11 09:11:23,fb2309,fb2309,1275.5,1.0,12755.0,-1.0,1,1274.5,1276.0,1,1278.5,1278.5,1281.5,1274.5,187.0,2391510.0,693
2023-05-11 09:11:24,fb2309,fb2309,1275.5,0.0,0.0,0.0,4,1274.5,1275.5,3,1278.5,1278.5,1281.5,1274.5,187.0,2391510.0,693
2023-05-11 09:11:24,fb2309,fb2309,1275.5,0.0,0.0,0.0,4,1274.5,1275.5,4,1278.5,1278.5,1281.5,1274.5,187.0,2391510.0,693
2023-05-11 09:11:25,fb2309,fb2309,1275.5,1.0,12755.0,0.0,4,1274.5,1275.5,3,1278.5,1278.5,1281.5,1274.5,188.0,2404265.0,693
2023-05-11 09:11:26,fb2309,fb2309,1275.5,1.0,12755.0,1.0,4,1274.5,1275.5,2,1278.5,1278.5,1281.5,1274.5,189.0,2417020.0,694
2023-05-11 09:11:28,fb2309,fb2309,1274.5,1.0,12745.0,-1.0,3,1274.5,1275.5,2,1278.5,1278.5,1281.5,1274.5,190.0,2429765.0,693
2023-05-11 09:11:28,fb2309,fb2309,1274.5,1.0,12745.0,0.0,2,1274.5,1275.5,2,1278.5,1278.5,1281.5,1274.5,191.0,2442510.0,693
2023-05-11 09:11:35,fb2309,fb2309,1274.5,0.0,0.0,0.0,1,1275.0,1275.5,2,1278.5,1278.5,1281.5,1274.5,191.0,2442510.0,693
2023-05-11 09:11:36,fb2309,fb2309,1275.0,1.0,12750.0,0.0,3,1274.5,1275.5,2,1278.5,1278.5,1281.5,1274.5,192.0,2455260.0,693
2023-05-11 09:11:37,fb2309,fb2309,1275.0,0.0,0.0,0.0,1,1275.0,1275.5,2,1278.5,1278.5,1281.5,1274.5,192.0,2455260.0,693
2023-05-11 09:11:45,fb2309,fb2309,1275.0,0.0,0.0,0.0,1,1275.0,1275.5,1,1278.5,1278.5,1281.5,1274.5,192.0,2455260.0,693
2023-05-11 09:11:45,fb2309,fb2309,1275.0,0.0,0.0,0.0,1,1275.0,1276.0,1,1278.5,1278.5,1281.5,1274.5,192.0,2455260.0,693
2023-05-11 09:11:51,fb2309,fb2309,1276.0,1.0,12760.0,0.0,1,1275.0,1278.5,1,1278.5,1278.5,1281.5,1274.5,193.0,2468020.0,693
2023-05-11 09:11:51,fb2309,fb2309,1276.0,0.0,0.0,0.0,1,1275.5,1278.0,1,1278.5,1278.5,1281.5,1274.5,193.0,2468020.0,693
2023-05-11 09:11:54,fb2309,fb2309,1276.0,0.0,0.0,0.0,1,1275.5,1277.5,1,1278.5,1278.5,1281.5,1274.5,193.0,2468020.0,693
2023-05-11 09:11:55,fb2309,fb2309,1276.0,0.0,0.0,0.0,2,1275.5,1277.5,1,1278.5,1278.5,1281.5,1274.5,193.0,2468020.0,693
2023-05-11 09:11:57,fb2309,fb2309,1276.0,0.0,0.0,0.0,1,1276.0,1277.5,1,1278.5,1278.5,1281.5,1274.5,193.0,2468020.0,693
2023-05-11 09:12:00,fb2309,fb2309,1276.0,0.0,0.0,0.0,1,1276.0,1277.0,1,1278.5,1278.5,1281.5,1274.5,193.0,2468020.0,693
2023-05-11 09:12:04,fb2309,fb2309,1276.0,1.0,12760.0,0.0,2,1275.5,1277.0,1,1278.5,1278.5,1281.5,1274.5,194.0,2480780.0,693
2023-05-11 09:12:06,fb2309,fb2309,1276.0,0.0,0.0,0.0,3,1275.5,1277.0,1,1278.5,1278.5,1281.5,1274.5,194.0,2480780.0,693
2023-05-11 09:12:20,fb2309,fb2309,1276.0,0.0,0.0,0.0,22,1276.0,1277.0,1,1278.5,1278.5,1281.5,1274.5,194.0,2480780.0,693
2023-05-11 09:12:47,fb2309,fb2309,1276.0,1.0,12760.0,0.0,21,1276.0,1277.0,1,1278.5,1278.5,1281.5,1274.5,195.0,2493540.0,693
2023-05-11 09:12:57,fb2309,fb2309,1276.0,0.0,0.0,0.0,22,1276.0,1277.0,1,1278.5,1278.5,1281.5,1274.5,195.0,2493540.0,693
2023-05-11 09:13:14,fb2309,fb2309,1277.0,1.0,12770.0,-1.0,22,1276.0,1277.5,2,1278.5,1278.5,1281.5,1274.5,196.0,2506310.0,692
2023-05-11 09:13:18,fb2309,fb2309,1277.5,1.0,12775.0,1.0,22,1276.0,1277.5,1,1278.5,1278.5,1281.5,1274.5,197.0,2519085.0,693
2023-05-11 09:13:19,fb2309,fb2309,1277.5,0.0,0.0,0.0,1,1276.5,1278.0,2,1278.5,1278.5,1281.5,1274.5,197.0,2519085.0,693
2023-05-11 09:13:19,fb2309,fb2309,1277.5,0.0,0.0,0.0,21,1277.0,1278.0,2,1278.5,1278.5,1281.5,1274.5,197.0,2519085.0,693
2023-05-11 09:13:21,fb2309,fb2309,1277.5,0.0,0.0,0.0,21,1277.0,1278.0,3,1278.5,1278.5,1281.5,1274.5,197.0,2519085.0,693
2023-05-11 09:13:28,fb2309,fb2309,1277.5,0.0,0.0,0.0,21,1277.0,1278.0,2,1278.5,1278.5,1281.5,1274.5,197.0,2519085.0,693
2023-05-11 09:13:38,fb2309,fb2309,1278.0,1.0,12780.0,1.0,21,1277.0,1278.0,1,1278.5,1278.5,1281.5,1274.5,198.0,2531865.0,694
2023-05-11 09:13:45,fb2309,fb2309,1278.0,1.0,12780.0,0.0,21,1277.0,1278.5,1,1278.5,1278.5,1281.5,1274.5,199.0,2544645.0,694
2023-05-11 09:13:55,fb2309,fb2309,1277.0,1.0,12770.0,-1.0,20,1277.0,1278.0,1,1278.5,1278.5,1281.5,1274.5,200.0,2557415.0,693
2023-05-11 09:14:00,fb2309,fb2309,1278.0,1.0,12780.0,1.0,20,1277.0,1279.0,3,1278.5,1278.5,1281.5,1274.5,201.0,2570195.0,694
2023-05-11 09:14:01,fb2309,fb2309,1278.0,0.0,0.0,0.0,1,1277.5,1278.5,1,1278.5,1278.5,1281.5,1274.5,201.0,2570195.0,694
2023-05-11 09:14:01,fb2309,fb2309,1278.0,0.0,0.0,0.0,1,1277.5,1278.5,2,1278.5,1278.5,1281.5,1274.5,201.0,2570195.0,694
2023-05-11 09:14:04,fb2309,fb2309,1278.0,0.0,0.0,0.0,1,1277.5,1278.5,3,1278.5,1278.5,1281.5,1274.5,201.0,2570195.0,694
2023-05-11 09:14:08,fb2309,fb2309,1278.0,0.0,0.0,0.0,1,1277.5,1278.0,1,1278.5,1278.5,1281.5,1274.5,201.0,2570195.0,694
2023-05-11 09:14:08,fb2309,fb2309,1277.5,1.0,12775.0,0.0,22,1277.0,1278.0,1,1278.5,1278.5,1281.5,1274.5,202.0,2582970.0,694
2023-05-11 09:14:11,fb2309,fb2309,1277.0,1.0,12770.0,0.0,21,1277.0,1278.0,1,1278.5,1278.5,1281.5,1274.5,203.0,2595740.0,694
2023-05-11 09:14:14,fb2309,fb2309,1277.0,1.0,12770.0,-1.0,20,1277.0,1278.0,1,1278.5,1278.5,1281.5,1274.5,204.0,2608510.0,693
2023-05-11 09:14:18,fb2309,fb2309,1278.0,1.0,12780.0,1.0,20,1277.0,1278.5,2,1278.5,1278.5,1281.5,1274.5,205.0,2621290.0,694
2023-05-11 09:14:23,fb2309,fb2309,1278.0,0.0,0.0,0.0,20,1277.0,1278.5,1,1278.5,1278.5,1281.5,1274.5,205.0,2621290.0,694
2023-05-11 09:14:35,fb2309,fb2309,1278.5,1.0,12785.0,1.0,1,1278.5,1279.0,3,1278.5,1278.5,1281.5,1274.5,206.0,2634075.0,695
2023-05-11 09:14:36,fb2309,fb2309,1278.5,1.0,12785.0,1.0,22,1277.0,1278.5,2,1278.5,1278.5,1281.5,1274.5,207.0,2646860.0,696
2023-05-11 09:14:37,fb2309,fb2309,1278.5,0.0,0.0,0.0,22,1277.0,1278.5,3,1278.5,1278.5,1281.5,1274.5,207.0,2646860.0,696
2023-05-11 09:14:39,fb2309,fb2309,1277.0,1.0,12770.0,0.0,21,1277.0,1278.5,3,1278.5,1278.5,1281.5,1274.5,208.0,2659630.0,696
2023-05-11 09:14:41,fb2309,fb2309,1277.0,0.0,0.0,0.0,1,1277.5,1278.5,3,1278.5,1278.5,1281.5,1274.5,208.0,2659630.0,696
2023-05-11 09:14:42,fb2309,fb2309,1277.0,0.0,0.0,0.0,1,1277.5,1278.5,2,1278.5,1278.5,1281.5,1274.5,208.0,2659630.0,696
2023-05-11 09:14:46,fb2309,fb2309,1278.5,2.0,25570.0,2.0,1,1277.5,1278.0,1,1278.5,1278.5,1281.5,1274.5,210.0,2685200.0,698
2023-05-11 09:14:46,fb2309,fb2309,1278.0,1.0,12780.0,-1.0,18,1278.0,1279.0,3,1278.5,1278.5,1281.5,1274.5,211.0,2697980.0,697
2023-05-11 09:14:50,fb2309,fb2309,1278.0,1.0,12780.0,0.0,17,1278.0,1279.0,3,1278.5,1278.5,1281.5,1274.5,212.0,2710760.0,697
2023-05-11 09:14:57,fb2309,fb2309,1279.0,2.0,25580.0,0.0,17,1278.0,1279.0,1,1278.5,1278.5,1281.5,1274.5,214.0,2736340.0,697
2023-05-11 09:14:58,fb2309,fb2309,1279.0,1.0,12790.0,0.0,3,1279.0,1279.5,2,1278.5,1278.5,1281.5,1274.5,215.0,2749130.0,697
2023-05-11 09:14:59,fb2309,fb2309,1279.0,3.0,38370.0,0.0,22,1277.5,1279.5,2,1278.5,1278.5,1281.5,1274.5,218.0,2787500.0,697
2023-05-11 09:14:59,fb2309,fb2309,1278.0,1.0,12780.0,-1.0,22,1277.5,1279.0,1,1278.5,1278.5,1281.5,1274.5,219.0,2800280.0,696
2023-05-11 09:15:01,fb2309,fb2309,1278.0,0.0,0.0,0.0,1,1278.0,1279.0,1,1278.5,1278.5,1281.5,1274.5,219.0,2800280.0,696
2023-05-11 09:15:01,fb2309,fb2309,1278.0,1.0,12780.0,0.0,22,1277.5,1279.0,1,1278.5,1278.5,1281.5,1274.5,220.0,2813060.0,696
2023-05-11 09:15:04,fb2309,fb2309,1278.0,0.0,0.0,0.0,22,1277.5,1279.0,2,1278.5,1278.5,1281.5,1274.5,220.0,2813060.0,696
2023-05-11 09:15:10,fb2309,fb2309,1279.0,4.0,51160.0,2.0,1,1277.0,1279.0,1,1278.5,1278.5,1281.5,1274.5,224.0,2864220.0,698
2023-05-11 09:15:10,fb2309,fb2309,1279.0,0.0,0.0,0.0,23,1277.5,1278.5,1,1278.5,1278.5,1281.5,1274.5,224.0,2864220.0,698
2023-05-11 09:15:11,fb2309,fb2309,1278.5,1.0,12785.0,1.0,23,1277.5,1279.0,1,1278.5,1278.5,1281.5,1274.5,225.0,2877005.0,699
2023-05-11 09:15:11,fb2309,fb2309,1279.0,1.0,12790.0,0.0,23,1277.5,1279.5,2,1278.5,1278.5,1281.5,1274.5,226.0,2889795.0,699
2023-05-11 09:15:13,fb2309,fb2309,1279.0,0.0,0.0,0.0,1,1278.0,1279.5,2,1278.5,1278.5,1281.5,1274.5,226.0,2889795.0,699
2023-05-11 09:15:13,fb2309,fb2309,1279.0,0.0,0.0,0.0,1,1278.5,1279.5,2,1278.5,1278.5,1281.5,1274.5,226.0,2889795.0,699
2023-05-11 09:15:14,fb2309,fb2309,1279.0,0.0,0.0,0.0,1,1278.5,1279.5,3,1278.5,1278.5,1281.5,1274.5,226.0,2889795.0,699
2023-05-11 09:15:17,fb2309,fb2309,1279.5,1.0,12795.0,1.0,1,1278.5,1279.5,3,1278.5,1278.5,1281.5,1274.5,227.0,2902590.0,700
2023-05-11 09:15:23,fb2309,fb2309,1279.5,1.0,12795.0,0.0,1,1278.5,1279.5,2,1278.5,1278.5,1281.5,1274.5,228.0,2915385.0,700
2023-05-11 09:15:27,fb2309,fb2309,1278.5,1.0,12785.0,-1.0,2,1278.0,1279.0,1,1278.5,1278.5,1281.5,1274.5,229.0,2928170.0,699
2023-05-11 09:15:42,fb2309,fb2309,1279.0,1.0,12790.0,1.0,2,1278.0,1279.5,2,1278.5,1278.5,1281.5,1274.5,230.0,2940960.0,700
2023-05-11 09:15:43,fb2309,fb2309,1279.0,0.0,0.0,0.0,22,1278.5,1279.5,2,1278.5,1278.5,1281.5,1274.5,230.0,2940960.0,700
2023-05-11 09:16:03,fb2309,fb2309,1279.0,0.0,0.0,0.0,22,1278.5,1279.5,1,1278.5,1278.5,1281.5,1274.5,230.0,2940960.0,700
2023-05-11 09:16:14,fb2309,fb2309,1280.0,4.0,51195.0,0.0,22,1278.5,1280.5,2,1278.5,1278.5,1281.5,1274.5,234.0,2992155.0,700
2023-05-11 09:16:15,fb2309,fb2309,1280.0,0.0,0.0,0.0,1,1279.0,1280.5,2,1278.5,1278.5,1281.5,1274.5,234.0,2992155.0,700
2023-05-11 09:16:19,fb2309,fb2309,1280.5,2.0,25610.0,2.0,2,1280.5,1281.0,2,1278.5,1278.5,1281.5,1274.5,236.0,3017765.0,702
2023-05-11 09:16:19,fb2309,fb2309,1280.5,2.0,25610.0,0.0,3,1279.0,1281.0,2,1278.5,1278.5,1281.5,1274.5,238.0,3043375.0,702
2023-05-11 09:16:22,fb2309,fb2309,1280.5,0.0,0.0,0.0,3,1279.0,1280.5,1,1278.5,1278.5,1281.5,1274.5,238.0,3043375.0,702
2023-05-11 09:16:23,fb2309,fb2309,1280.5,1.0,12805.0,1.0,22,1279.5,1281.0,2,1278.5,1278.5,1281.5,1274.5,239.0,3056180.0,703
2023-05-11 09:16:23,fb2309,fb2309,1281.0,2.0,25620.0,0.0,22,1279.5,1282.0,1,1278.5,1278.5,1281.5,1274.5,241.0,3081800.0,703
2023-05-11 09:16:24,fb2309,fb2309,1281.0,1.0,12810.0,0.0,22,1279.5,1282.0,1,1278.5,1278.5,1281.5,1274.5,242.0,3094610.0,703
2023-05-11 09:16:24,fb2309,fb2309,1281.0,0.0,0.0,0.0,1,1280.0,1282.0,1,1278.5,1278.5,1281.5,1274.5,242.0,3094610.0,703
2023-05-11 09:16:24,fb2309,fb2309,1281.0,0.0,0.0,0.0,22,1280.5,1282.0,1,1278.5,1278.5,1281.5,1274.5,242.0,3094610.0,703
2023-05-11 09:16:27,fb2309,fb2309,1281.0,0.0,0.0,0.0,22,1280.5,1282.0,2,1278.5,1278.5,1281.5,1274.5,242.0,3094610.0,703
2023-05-11 09:16:30,fb2309,fb2309,1280.5,1.0,12805.0,0.0,21,1280.5,1282.0,2,1278.5,1278.5,1281.5,1274.5,243.0,3107415.0,703
2023-05-11 09:16:31,fb2309,fb2309,1282.0,1.0,12820.0,0.0,21,1280.5,1282.0,1,1278.5,1278.5,1282.0,1274.5,244.0,3120235.0,703
2023-05-11 09:16:31,fb2309,fb2309,1281.0,2.0,25630.0,-1.0,21,1280.5,1282.5,3,1278.5,1278.5,1282.0,1274.5,246.0,3145865.0,702
2023-05-11 09:16:32,fb2309,fb2309,1281.0,0.0,0.0,0.0,1,1281.0,1282.0,1,1278.5,1278.5,1282.0,1274.5,246.0,3145865.0,702
2023-05-11 09:16:32,fb2309,fb2309,1281.5,1.0,12815.0,0.0,1,1281.0,1282.0,1,1278.5,1278.5,1282.0,1274.5,247.0,3158680.0,702
2023-05-11 09:16:33,fb2309,fb2309,1282.0,2.0,25630.0,0.0,1,1280.0,1282.5,3,1278.5,1278.5,1282.0,1274.5,249.0,3184310.0,702
2023-05-11 09:16:33,fb2309,fb2309,1282.0,0.0,0.0,0.0,7,1280.5,1282.0,2,1278.5,1278.5,1282.0,1274.5,249.0,3184310.0,702
2023-05-11 09:16:35,fb2309,fb2309,1282.0,0.0,0.0,0.0,7,1280.5,1282.0,3,1278.5,1278.5,1282.0,1274.5,249.0,3184310.0,702
2023-05-11 09:16:36,fb2309,fb2309,1282.0,0.0,0.0,0.0,1,1281.0,1281.5,1,1278.5,1278.5,1282.0,1274.5,249.0,3184310.0,702
2023-05-11 09:16:37,fb2309,fb2309,1281.5,2.0,25625.0,-1.0,21,1281.0,1282.0,1,1278.5,1278.5,1282.0,1274.5,251.0,3209935.0,701
2023-05-11 09:16:37,fb2309,fb2309,1282.0,1.0,12820.0,0.0,1,1281.5,1282.5,3,1278.5,1278.5,1282.0,1274.5,252.0,3222755.0,701
2023-05-11 09:16:38,fb2309,fb2309,1281.5,1.0,12815.0,-1.0,22,1281.0,1282.5,3,1278.5,1278.5,1282.0,1274.5,253.0,3235570.0,700
2023-05-11 09:16:41,fb2309,fb2309,1281.5,1.0,12815.0,1.0,22,1281.0,1282.5,3,1278.5,1278.5,1282.0,1274.5,254.0,3248385.0,701
2023-05-11 09:16:42,fb2309,fb2309,1282.0,2.0,25640.0,2.0,22,1281.0,1282.5,3,1278.5,1278.5,1282.0,1274.5,256.0,3274025.0,703
2023-05-11 09:16:43,fb2309,fb2309,1282.0,0.0,0.0,0.0,1,1282.0,1282.5,3,1278.5,1278.5,1282.0,1274.5,256.0,3274025.0,703
2023-05-11 09:16:44,fb2309,fb2309,1282.0,1.0,12820.0,1.0,1,1280.5,1282.5,3,1278.5,1278.5,1282.0,1274.5,257.0,3286845.0,704
2023-05-11 09:16:44,fb2309,fb2309,1282.5,1.0,12825.0,0.0,22,1281.0,1282.0,1,1278.5,1278.5,1282.5,1274.5,258.0,3299670.0,704
2023-05-11 09:16:45,fb2309,fb2309,1282.5,2.0,25645.0,1.0,22,1281.0,1282.5,2,1278.5,1278.5,1282.5,1274.5,260.0,3325315.0,705
2023-05-11 09:16:46,fb2309,fb2309,1282.5,0.0,0.0,0.0,22,1281.0,1282.5,3,1278.5,1278.5,1282.5,1274.5,260.0,3325315.0,705
2023-05-11 09:16:48,fb2309,fb2309,1281.0,1.0,12810.0,-1.0,21,1281.0,1282.0,1,1278.5,1278.5,1282.5,1274.5,261.0,3338125.0,704
2023-05-11 09:16:49,fb2309,fb2309,1281.0,1.0,12810.0,0.0,20,1281.0,1282.0,1,1278.5,1278.5,1282.5,1274.5,262.0,3350935.0,704
2023-05-11 09:16:50,fb2309,fb2309,1281.0,1.0,12810.0,0.0,19,1281.0,1282.0,2,1278.5,1278.5,1282.5,1274.5,263.0,3363745.0,704
2023-05-11 09:16:51,fb2309,fb2309,1281.0,0.0,0.0,0.0,20,1281.0,1282.0,2,1278.5,1278.5,1282.5,1274.5,263.0,3363745.0,704
2023-05-11 09:16:56,fb2309,fb2309,1282.0,1.0,12820.0,1.0,20,1281.0,1282.0,1,1278.5,1278.5,1282.5,1274.5,264.0,3376565.0,705
2023-05-11 09:16:57,fb2309,fb2309,1282.0,0.0,0.0,0.0,20,1281.0,1282.5,1,1278.5,1278.5,1282.5,1274.5,264.0,3376565.0,705
2023-05-11 09:16:57,fb2309,fb2309,1282.0,0.0,0.0,0.0,2,1281.5,1282.5,1,1278.5,1278.5,1282.5,1274.5,264.0,3376565.0,705
2023-05-11 09:17:00,fb2309,fb2309,1282.0,0.0,0.0,0.0,2,1281.5,1282.0,1,1278.5,1278.5,1282.5,1274.5,264.0,3376565.0,705
2023-05-11 09:17:13,fb2309,fb2309,1282.0,1.0,12820.0,1.0,2,1281.5,1282.5,1,1278.5,1278.5,1282.5,1274.5,265.0,3389385.0,706
2023-05-11 09:17:16,fb2309,fb2309,1282.0,0.0,0.0,0.0,2,1281.5,1282.5,2,1278.5,1278.5,1282.5,1274.5,265.0,3389385.0,706
2023-05-11 09:17:24,fb2309,fb2309,1282.0,0.0,0.0,0.0,2,1281.5,1282.5,3,1278.5,1278.5,1282.5,1274.5,265.0,3389385.0,706
2023-05-11 09:17:36,fb2309,fb2309,1282.5,1.0,12825.0,1.0,2,1281.5,1282.5,2,1278.5,1278.5,1282.5,1274.5,266.0,3402210.0,707
2023-05-11 09:17:38,fb2309,fb2309,1281.5,1.0,12815.0,0.0,1,1281.0,1282.5,2,1278.5,1278.5,1282.5,1274.5,267.0,3415025.0,707
2023-05-11 09:17:38,fb2309,fb2309,1281.5,0.0,0.0,0.0,1,1281.0,1282.0,2,1278.5,1278.5,1282.5,1274.5,267.0,3415025.0,707
2023-05-11 09:17:42,fb2309,fb2309,1281.5,0.0,0.0,0.0,1,1281.5,1282.0,2,1278.5,1278.5,1282.5,1274.5,267.0,3415025.0,707
2023-05-11 09:17:45,fb2309,fb2309,1281.5,1.0,12815.0,0.0,6,1281.5,1282.0,2,1278.5,1278.5,1282.5,1274.5,268.0,3427840.0,707
2023-05-11 09:17:47,fb2309,fb2309,1281.5,0.0,0.0,0.0,6,1281.5,1282.0,3,1278.5,1278.5,1282.5,1274.5,268.0,3427840.0,707
2023-05-11 09:17:51,fb2309,fb2309,1281.5,0.0,0.0,0.0,6,1281.5,1282.0,4,1278.5,1278.5,1282.5,1274.5,268.0,3427840.0,707
2023-05-11 09:17:54,fb2309,fb2309,1281.5,1.0,12815.0,0.0,5,1281.5,1282.0,4,1278.5,1278.5,1282.5,1274.5,269.0,3440655.0,707
2023-05-11 09:17:56,fb2309,fb2309,1281.5,1.0,12815.0,0.0,4,1281.5,1282.0,4,1278.5,1278.5,1282.5,1274.5,270.0,3453470.0,707
2023-05-11 09:17:56,fb2309,fb2309,1281.0,5.0,64070.0,0.0,1,1280.5,1282.0,4,1278.5,1278.5,1282.5,1274.5,275.0,3517540.0,707
2023-05-11 09:18:01,fb2309,fb2309,1281.0,0.0,0.0,0.0,1,1280.5,1282.0,12,1278.5,1278.5,1282.5,1274.5,275.0,3517540.0,707
2023-05-11 09:18:01,fb2309,fb2309,1280.5,1.0,12805.0,-1.0,1,1279.0,1282.0,12,1278.5,1278.5,1282.5,1274.5,276.0,3530345.0,706
2023-05-11 09:18:02,fb2309,fb2309,1282.0,4.0,51275.0,4.0,1,1279.5,1282.0,7,1278.5,1278.5,1282.5,1274.5,280.0,3581620.0,710
2023-05-11 09:18:03,fb2309,fb2309,1282.0,0.0,0.0,0.0,21,1280.0,1282.0,7,1278.5,1278.5,1282.5,1274.5,280.0,3581620.0,710
2023-05-11 09:18:03,fb2309,fb2309,1282.0,0.0,0.0,0.0,2,1280.5,1282.0,7,1278.5,1278.5,1282.5,1274.5,280.0,3581620.0,710
2023-05-11 09:18:04,fb2309,fb2309,1282.0,0.0,0.0,0.0,2,1280.5,1281.5,2,1278.5,1278.5,1282.5,1274.5,280.0,3581620.0,710
2023-05-11 09:18:04,fb2309,fb2309,1282.0,0.0,0.0,0.0,3,1280.5,1281.5,2,1278.5,1278.5,1282.5,1274.5,280.0,3581620.0,710
2023-05-11 09:18:07,fb2309,fb2309,1282.0,0.0,0.0,0.0,2,1280.5,1281.5,2,1278.5,1278.5,1282.5,1274.5,280.0,3581620.0,710
2023-05-11 09:18:08,fb2309,fb2309,1282.0,0.0,0.0,0.0,2,1280.5,1281.5,3,1278.5,1278.5,1282.5,1274.5,280.0,3581620.0,710
2023-05-11 09:18:09,fb2309,fb2309,1282.0,0.0,0.0,0.0,2,1281.0,1281.5,3,1278.5,1278.5,1282.5,1274.5,280.0,3581620.0,710
2023-05-11 09:18:09,fb2309,fb2309,1281.0,2.0,25620.0,-2.0,2,1280.5,1281.5,3,1278.5,1278.5,1282.5,1274.5,282.0,3607240.0,708
2023-05-11 09:18:12,fb2309,fb2309,1281.0,0.0,0.0,0.0,1,1280.5,1281.5,3,1278.5,1278.5,1282.5,1274.5,282.0,3607240.0,708
2023-05-11 09:18:15,fb2309,fb2309,1281.5,1.0,12815.0,0.0,1,1280.5,1281.5,2,1278.5,1278.5,1282.5,1274.5,283.0,3620055.0,708
2023-05-11 09:18:18,fb2309,fb2309,1281.5,1.0,12815.0,0.0,1,1280.5,1281.5,1,1278.5,1278.5,1282.5,1274.5,284.0,3632870.0,708
2023-05-11 09:18:19,fb2309,fb2309,1281.5,0.0,0.0,0.0,1,1280.5,1281.5,2,1278.5,1278.5,1282.5,1274.5,284.0,3632870.0,708
2023-05-11 09:18:23,fb2309,fb2309,1281.5,5.0,64075.0,5.0,1,1280.5,1281.5,1,1278.5,1278.5,1282.5,1274.5,289.0,3696945.0,713
2023-05-11 09:18:33,fb2309,fb2309,1281.5,0.0,0.0,0.0,2,1280.5,1281.5,1,1278.5,1278.5,1282.5,1274.5,289.0,3696945.0,713
2023-05-11 09:18:36,fb2309,fb2309,1281.5,4.0,51260.0,1.0,1,1281.0,1282.0,8,1278.5,1278.5,1282.5,1274.5,293.0,3748205.0,714
2023-05-11 09:18:44,fb2309,fb2309,1282.0,2.0,25640.0,2.0,1,1281.0,1282.0,6,1278.5,1278.5,1282.5,1274.5,295.0,3773845.0,716
2023-05-11 09:18:54,fb2309,fb2309,1282.0,2.0,25640.0,2.0,1,1281.0,1282.0,4,1278.5,1278.5,1282.5,1274.5,297.0,3799485.0,718
2023-05-11 09:19:00,fb2309,fb2309,1282.0,2.0,25640.0,2.0,1,1281.0,1282.0,2,1278.5,1278.5,1282.5,1274.5,299.0,3825125.0,720
2023-05-11 09:19:04,fb2309,fb2309,1282.0,2.0,25640.0,2.0,38,1282.0,1282.5,6,1278.5,1278.5,1282.5,1274.5,301.0,3850765.0,722
2023-05-11 09:19:04,fb2309,fb2309,1283.5,9.0,115445.0,4.0,22,1282.5,1284.0,4,1278.5,1278.5,1283.5,1274.5,310.0,3966210.0,726
2023-05-11 09:19:05,fb2309,fb2309,1284.0,4.0,51360.0,1.0,22,1282.5,1284.5,2,1278.5,1278.5,1284.0,1274.5,314.0,4017570.0,727
2023-05-11 09:19:05,fb2309,fb2309,1282.5,1.0,12825.0,-1.0,1,1283.0,1284.5,2,1278.5,1278.5,1284.0,1274.5,315.0,4030395.0,726
2023-05-11 09:19:06,fb2309,fb2309,1285.0,3.0,38540.0,1.0,3,1284.0,1285.0,11,1278.5,1278.5,1285.0,1274.5,318.0,4068935.0,727
2023-05-11 09:19:06,fb2309,fb2309,1285.0,2.0,25700.0,1.0,3,1284.0,1285.0,9,1278.5,1278.5,1285.0,1274.5,320.0,4094635.0,728
2023-05-11 09:19:07,fb2309,fb2309,1285.0,9.0,115650.0,0.0,9,1285.5,1286.0,1,1278.5,1278.5,1285.0,1274.5,329.0,4210285.0,728
2023-05-11 09:19:07,fb2309,fb2309,1285.5,13.0,167140.0,-2.0,9,1285.0,1287.0,13,1278.5,1278.5,1286.5,1274.5,342.0,4377425.0,726
2023-05-11 09:19:08,fb2309,fb2309,1285.5,6.0,77145.0,4.0,9,1285.0,1287.0,12,1278.5,1278.5,1287.0,1274.5,348.0,4454570.0,730
2023-05-11 09:19:08,fb2309,fb2309,1285.5,1.0,12855.0,-1.0,38,1282.0,1286.5,2,1278.5,1278.5,1287.0,1274.5,349.0,4467425.0,729
2023-05-11 09:19:09,fb2309,fb2309,1285.5,0.0,0.0,0.0,9,1282.5,1286.5,2,1278.5,1278.5,1287.0,1274.5,349.0,4467425.0,729
2023-05-11 09:19:09,fb2309,fb2309,1286.5,1.0,12865.0,-1.0,2,1283.0,1286.5,1,1278.5,1278.5,1287.0,1274.5,350.0,4480290.0,728
2023-05-11 09:19:10,fb2309,fb2309,1286.5,3.0,38525.0,0.0,9,1282.5,1286.5,1,1278.5,1278.5,1287.0,1274.5,353.0,4518815.0,728
2023-05-11 09:19:10,fb2309,fb2309,1286.5,0.0,0.0,0.0,1,1284.5,1286.0,2,1278.5,1278.5,1287.0,1274.5,353.0,4518815.0,728
2023-05-11 09:19:11,fb2309,fb2309,1286.5,0.0,0.0,0.0,9,1285.0,1286.0,2,1278.5,1278.5,1287.0,1274.5,353.0,4518815.0,728
2023-05-11 09:19:11,fb2309,fb2309,1286.5,1.0,12865.0,0.0,9,1285.0,1286.0,1,1278.5,1278.5,1287.0,1274.5,354.0,4531680.0,728
2023-05-11 09:19:12,fb2309,fb2309,1285.0,1.0,12850.0,-1.0,8,1285.0,1286.0,1,1278.5,1278.5,1287.0,1274.5,355.0,4544530.0,727
2023-05-11 09:19:12,fb2309,fb2309,1286.0,1.0,12860.0,0.0,1,1286.0,1286.5,2,1278.5,1278.5,1287.0,1274.5,356.0,4557390.0,727
2023-05-11 09:19:13,fb2309,fb2309,1286.0,1.0,12860.0,0.0,1,1285.5,1286.5,2,1278.5,1278.5,1287.0,1274.5,357.0,4570250.0,727
2023-05-11 09:19:14,fb2309,fb2309,1286.0,0.0,0.0,0.0,1,1285.5,1286.0,1,1278.5,1278.5,1287.0,1274.5,357.0,4570250.0,727
2023-05-11 09:19:15,fb2309,fb2309,1285.5,1.0,12855.0,0.0,8,1285.5,1286.0,1,1278.5,1278.5,1287.0,1274.5,358.0,4583105.0,727
2023-05-11 09:19:15,fb2309,fb2309,1286.0,2.0,25715.0,1.0,7,1285.5,1286.5,3,1278.5,1278.5,1287.0,1274.5,360.0,4608820.0,728
2023-05-11 09:19:17,fb2309,fb2309,1286.5,3.0,38595.0,1.0,7,1285.5,1287.0,1,1278.5,1278.5,1287.0,1274.5,363.0,4647415.0,729
2023-05-11 09:19:18,fb2309,fb2309,1285.5,1.0,12855.0,0.0,6,1285.5,1286.5,16,1278.5,1278.5,1287.0,1274.5,364.0,4660270.0,729
2023-05-11 09:19:18,fb2309,fb2309,1286.5,1.0,12865.0,0.0,6,1285.5,1286.5,15,1278.5,1278.5,1287.0,1274.5,365.0,4673135.0,729
2023-05-11 09:19:19,fb2309,fb2309,1286.5,0.0,0.0,0.0,7,1286.0,1286.5,15,1278.5,1278.5,1287.0,1274.5,365.0,4673135.0,729
2023-05-11 09:19:19,fb2309,fb2309,1286.5,6.0,77170.0,-2.0,3,1286.0,1286.5,13,1278.5,1278.5,1287.0,1274.5,371.0,4750305.0,727
2023-05-11 09:19:19,fb2309,fb2309,1286.5,0.0,0.0,0.0,3,1286.0,1287.5,1,1278.5,1278.5,1287.0,1274.5,371.0,4750305.0,727
2023-05-11 09:19:20,fb2309,fb2309,1286.0,1.0,12860.0,0.0,2,1286.0,1287.5,1,1278.5,1278.5,1287.0,1274.5,372.0,4763165.0,727
2023-05-11 09:19:21,fb2309,fb2309,1286.0,0.0,0.0,0.0,2,1286.0,1287.0,16,1278.5,1278.5,1287.0,1274.5,372.0,4763165.0,727
2023-05-11 09:19:23,fb2309,fb2309,1286.0,2.0,25720.0,-2.0,5,1285.5,1286.0,1,1278.5,1278.5,1287.0,1274.5,374.0,4788885.0,725
2023-05-11 09:19:23,fb2309,fb2309,1286.0,1.0,12860.0,-1.0,5,1285.5,1287.0,16,1278.5,1278.5,1287.0,1274.5,375.0,4801745.0,724
2023-05-11 09:19:25,fb2309,fb2309,1287.0,1.0,12870.0,-1.0,18,1286.0,1287.0,15,1278.5,1278.5,1287.0,1274.5,376.0,4814615.0,723
2023-05-11 09:19:27,fb2309,fb2309,1287.0,0.0,0.0,0.0,1,1286.5,1287.0,16,1278.5,1278.5,1287.0,1274.5,376.0,4814615.0,723
2023-05-11 09:19:28,fb2309,fb2309,1287.0,2.0,25735.0,0.0,19,1286.0,1287.0,15,1278.5,1278.5,1287.0,1274.5,378.0,4840350.0,723
2023-05-11 09:19:28,fb2309,fb2309,1286.5,8.0,102920.0,8.0,19,1286.0,1287.0,1,1278.5,1278.5,1287.0,1274.5,386.0,4943270.0,731
2023-05-11 09:19:29,fb2309,fb2309,1287.0,1.0,12870.0,0.0,19,1286.0,1286.5,1,1278.5,1278.5,1287.0,1274.5,387.0,4956140.0,731
2023-05-11 09:19:29,fb2309,fb2309,1286.5,1.0,12865.0,-1.0,3,1287.0,1287.5,1,1278.5,1278.5,1287.0,1274.5,388.0,4969005.0,730
2023-05-11 09:19:33,fb2309,fb2309,1287.0,3.0,38610.0,1.0,5,1285.5,1287.0,15,1278.5,1278.5,1287.0,1274.5,391.0,5007615.0,731
2023-05-11 09:19:33,fb2309,fb2309,1287.0,0.0,0.0,0.0,5,1285.5,1286.5,9,1278.5,1278.5,1287.0,1274.5,391.0,5007615.0,731
2023-05-11 09:19:35,fb2309,fb2309,1285.5,1.0,12855.0,-1.0,4,1285.5,1286.5,11,1278.5,1278.5,1287.0,1274.5,392.0,5020470.0,730
2023-05-11 09:19:35,fb2309,fb2309,1285.5,4.0,51420.0,-4.0,1,1284.0,1286.0,15,1278.5,1278.5,1287.0,1274.5,396.0,5071890.0,726
2023-05-11 09:19:36,fb2309,fb2309,1286.0,1.0,12860.0,-1.0,1,1285.0,1286.0,14,1278.5,1278.5,1287.0,1274.5,397.0,5084750.0,725
2023-05-11 09:19:36,fb2309,fb2309,1286.0,1.0,12860.0,1.0,1,1285.5,1286.5,2,1278.5,1278.5,1287.0,1274.5,398.0,5097610.0,726
2023-05-11 09:19:36,fb2309,fb2309,1286.0,0.0,0.0,0.0,2,1286.0,1286.5,2,1278.5,1278.5,1287.0,1274.5,398.0,5097610.0,726
2023-05-11 09:19:38,fb2309,fb2309,1286.0,1.0,12860.0,0.0,1,1286.0,1286.5,2,1278.5,1278.5,1287.0,1274.5,399.0,5110470.0,726
2023-05-11 09:19:39,fb2309,fb2309,1286.0,1.0,12860.0,0.0,21,1285.0,1286.0,13,1278.5,1278.5,1287.0,1274.5,400.0,5123330.0,726
2023-05-11 09:19:41,fb2309,fb2309,1286.0,1.0,12860.0,-1.0,21,1285.0,1286.0,12,1278.5,1278.5,1287.0,1274.5,401.0,5136190.0,725
2023-05-11 09:19:41,fb2309,fb2309,1286.0,12.0,154320.0,4.0,2,1286.0,1286.5,4,1278.5,1278.5,1287.0,1274.5,413.0,5290510.0,729
2023-05-11 09:19:42,fb2309,fb2309,1287.0,6.0,77200.0,5.0,30,1286.5,1287.5,2,1278.5,1278.5,1287.0,1274.5,419.0,5367710.0,734
2023-05-11 09:19:46,fb2309,fb2309,1287.0,2.0,25745.0,1.0,1,1286.5,1287.5,1,1278.5,1278.5,1287.5,1274.5,421.0,5393455.0,735
2023-05-11 09:19:47,fb2309,fb2309,1287.0,0.0,0.0,0.0,1,1286.5,1287.5,3,1278.5,1278.5,1287.5,1274.5,421.0,5393455.0,735
2023-05-11 09:19:47,fb2309,fb2309,1286.5,1.0,12865.0,-1.0,33,1285.0,1287.5,3,1278.5,1278.5,1287.5,1274.5,422.0,5406320.0,734
2023-05-11 09:19:48,fb2309,fb2309,1286.5,0.0,0.0,0.0,1,1285.5,1287.5,3,1278.5,1278.5,1287.5,1274.5,422.0,5406320.0,734
2023-05-11 09:19:48,fb2309,fb2309,1286.5,0.0,0.0,0.0,33,1286.0,1287.0,1,1278.5,1278.5,1287.5,1274.5,422.0,5406320.0,734
2023-05-11 09:19:49,fb2309,fb2309,1285.5,34.0,437235.0,21.0,1,1284.0,1285.0,16,1278.5,1278.5,1287.5,1274.5,456.0,5843555.0,755
2023-05-11 09:19:52,fb2309,fb2309,1284.0,1.0,12840.0,-1.0,1,1283.5,1284.5,1,1278.5,1278.5,1287.5,1274.5,457.0,5856395.0,754
2023-05-11 09:19:52,fb2309,fb2309,1284.0,1.0,12840.0,-1.0,1,1284.0,1284.5,1,1278.5,1278.5,1287.5,1274.5,458.0,5869235.0,753
2023-05-11 09:19:52,fb2309,fb2309,1284.0,1.0,12840.0,-1.0,1,1283.5,1284.5,1,1278.5,1278.5,1287.5,1274.5,459.0,5882075.0,752
2023-05-11 09:19:54,fb2309,fb2309,1283.5,1.0,12835.0,0.0,1,1281.0,1283.5,1,1278.5,1278.5,1287.5,1274.5,460.0,5894910.0,752
2023-05-11 09:19:54,fb2309,fb2309,1283.5,1.0,12835.0,-1.0,1,1281.5,1283.0,1,1278.5,1278.5,1287.5,1274.5,461.0,5907745.0,751
2023-05-11 09:19:55,fb2309,fb2309,1283.0,1.0,12830.0,0.0,1,1283.5,1284.0,1,1278.5,1278.5,1287.5,1274.5,462.0,5920575.0,751
2023-05-11 09:19:55,fb2309,fb2309,1281.5,3.0,38490.0,-1.0,1,1281.0,1281.5,1,1278.5,1278.5,1287.5,1274.5,465.0,5959065.0,750
2023-05-11 09:19:56,fb2309,fb2309,1281.5,1.0,12815.0,0.0,1,1281.5,1283.5,4,1278.5,1278.5,1287.5,1274.5,466.0,5971880.0,750
2023-05-11 09:19:56,fb2309,fb2309,1281.5,0.0,0.0,0.0,1,1282.0,1283.0,1,1278.5,1278.5,1287.5,1274.5,466.0,5971880.0,750
2023-05-11 09:19:57,fb2309,fb2309,1282.0,1.0,12820.0,0.0,1,1281.5,1283.0,1,1278.5,1278.5,1287.5,1274.5,467.0,5984700.0,750
2023-05-11 09:19:59,fb2309,fb2309,1282.0,0.0,0.0,0.0,2,1282.0,1282.5,1,1278.5,1278.5,1287.5,1274.5,467.0,5984700.0,750
2023-05-11 09:19:59,fb2309,fb2309,1282.0,1.0,12820.0,0.0,2,1282.0,1282.5,1,1278.5,1278.5,1287.5,1274.5,468.0,5997520.0,750
2023-05-11 09:20:00,fb2309,fb2309,1282.5,1.0,12825.0,0.0,2,1282.0,1283.0,1,1278.5,1278.5,1287.5,1274.5,469.0,6010345.0,750
2023-05-11 09:20:00,fb2309,fb2309,1282.5,0.0,0.0,0.0,1,1282.5,1283.0,1,1278.5,1278.5,1287.5,1274.5,469.0,6010345.0,750
2023-05-11 09:20:01,fb2309,fb2309,1283.0,1.0,12830.0,1.0,2,1282.5,1283.5,2,1278.5,1278.5,1287.5,1274.5,470.0,6023175.0,751
2023-05-11 09:20:01,fb2309,fb2309,1283.0,0.0,0.0,0.0,1,1282.5,1283.5,2,1278.5,1278.5,1287.5,1274.5,470.0,6023175.0,751
2023-05-11 09:20:06,fb2309,fb2309,1283.5,2.0,25670.0,2.0,4,1283.5,1285.0,16,1278.5,1278.5,1287.5,1274.5,472.0,6048845.0,753
2023-05-11 09:20:06,fb2309,fb2309,1283.5,4.0,51340.0,0.0,1,1282.5,1284.5,44,1278.5,1278.5,1287.5,1274.5,476.0,6100185.0,753
2023-05-11 09:20:07,fb2309,fb2309,1283.5,0.0,0.0,0.0,1,1283.0,1284.0,1,1278.5,1278.5,1287.5,1274.5,476.0,6100185.0,753
2023-05-11 09:20:07,fb2309,fb2309,1283.0,1.0,12830.0,-1.0,1,1282.5,1283.0,22,1278.5,1278.5,1287.5,1274.5,477.0,6113015.0,752
2023-05-11 09:20:08,fb2309,fb2309,1282.0,3.0,38465.0,-2.0,1,1281.5,1283.0,22,1278.5,1278.5,1287.5,1274.5,480.0,6151480.0,750
2023-05-11 09:20:11,fb2309,fb2309,1282.0,0.0,0.0,0.0,2,1281.5,1282.5,22,1278.5,1278.5,1287.5,1274.5,480.0,6151480.0,750
2023-05-11 09:20:12,fb2309,fb2309,1281.5,2.0,25630.0,-2.0,2,1281.0,1282.0,1,1278.5,1278.5,1287.5,1274.5,482.0,6177110.0,748
2023-05-11 09:20:13,fb2309,fb2309,1281.5,0.0,0.0,0.0,1,1281.5,1282.0,1,1278.5,1278.5,1287.5,1274.5,482.0,6177110.0,748
2023-05-11 09:20:14,fb2309,fb2309,1281.5,3.0,38455.0,1.0,2,1281.0,1283.5,22,1278.5,1278.5,1287.5,1274.5,485.0,6215565.0,749
2023-05-11 09:20:15,fb2309,fb2309,1281.5,0.0,0.0,0.0,2,1281.0,1283.0,23,1278.5,1278.5,1287.5,1274.5,485.0,6215565.0,749
2023-05-11 09:20:15,fb2309,fb2309,1282.0,5.0,64100.0,0.0,2,1281.0,1282.0,17,1278.5,1278.5,1287.5,1274.5,490.0,6279665.0,749
2023-05-11 09:20:16,fb2309,fb2309,1281.0,2.0,25620.0,0.0,2,1280.0,1281.5,5,1278.5,1278.5,1287.5,1274.5,492.0,6305285.0,749
2023-05-11 09:20:16,fb2309,fb2309,1281.0,5.0,64050.0,0.0,2,1280.0,1280.5,12,1278.5,1278.5,1287.5,1274.5,497.0,6369335.0,749
2023-05-11 09:20:17,fb2309,fb2309,1280.0,2.0,25600.0,-1.0,10,1278.5,1280.5,12,1278.5,1278.5,1287.5,1274.5,499.0,6394935.0,748
2023-05-11 09:20:17,fb2309,fb2309,1278.5,14.0,179230.0,0.0,6,1280.5,1284.0,3,1278.5,1278.5,1287.5,1274.5,513.0,6574165.0,748
2023-05-11 09:20:18,fb2309,fb2309,1280.0,1.0,12800.0,0.0,5,1280.5,1283.5,24,1278.5,1278.5,1287.5,1274.5,514.0,6586965.0,748
2023-05-11 09:20:18,fb2309,fb2309,1280.0,0.0,0.0,0.0,2,1281.0,1283.0,1,1278.5,1278.5,1287.5,1274.5,514.0,6586965.0,748
2023-05-11 09:20:19,fb2309,fb2309,1280.0,0.0,0.0,0.0,2,1281.0,1282.5,24,1278.5,1278.5,1287.5,1274.5,514.0,6586965.0,748
2023-05-11 09:20:19,fb2309,fb2309,1280.0,0.0,0.0,0.0,2,1281.0,1282.5,25,1278.5,1278.5,1287.5,1274.5,514.0,6586965.0,748
2023-05-11 09:20:20,fb2309,fb2309,1281.0,1.0,12810.0,0.0,5,1280.5,1282.5,25,1278.5,1278.5,1287.5,1274.5,515.0,6599775.0,748
2023-05-11 09:20:21,fb2309,fb2309,1281.0,0.0,0.0,0.0,5,1280.5,1282.0,1,1278.5,1278.5,1287.5,1274.5,515.0,6599775.0,748
2023-05-11 09:20:21,fb2309,fb2309,1281.0,0.0,0.0,0.0,1,1281.0,1282.0,1,1278.5,1278.5,1287.5,1274.5,515.0,6599775.0,748
2023-05-11 09:20:22,fb2309,fb2309,1281.0,1.0,12810.0,1.0,1,1281.0,1282.0,1,1278.5,1278.5,1287.5,1274.5,516.0,6612585.0,749
2023-05-11 09:20:23,fb2309,fb2309,1282.5,2.0,25645.0,2.0,1,1282.5,1284.0,3,1278.5,1278.5,1287.5,1274.5,518.0,6638230.0,751
2023-05-11 09:20:23,fb2309,fb2309,1282.5,1.0,12825.0,1.0,1,1281.0,1282.5,21,1278.5,1278.5,1287.5,1274.5,519.0,6651055.0,752
2023-05-11 09:20:26,fb2309,fb2309,1281.0,2.0,25620.0,0.0,5,1280.5,1282.5,21,1278.5,1278.5,1287.5,1274.5,521.0,6676675.0,752
2023-05-11 09:20:26,fb2309,fb2309,1281.0,0.0,0.0,0.0,1,1281.0,1282.0,3,1278.5,1278.5,1287.5,1274.5,521.0,6676675.0,752
2023-05-11 09:20:27,fb2309,fb2309,1281.0,1.0,12810.0,-1.0,5,1280.5,1281.0,1,1278.5,1278.5,1287.5,1274.5,522.0,6689485.0,751
2023-05-11 09:20:28,fb2309,fb2309,1280.0,6.0,76825.0,0.0,1,1279.0,1280.5,20,1278.5,1278.5,1287.5,1274.5,528.0,6766310.0,751
2023-05-11 09:20:28,fb2309,fb2309,1280.0,0.0,0.0,0.0,1,1280.0,1280.5,20,1278.5,1278.5,1287.5,1274.5,528.0,6766310.0,751
2023-05-11 09:20:29,fb2309,fb2309,1280.5,12.0,153650.0,9.0,32,1280.0,1280.5,10,1278.5,1278.5,1287.5,1274.5,540.0,6919960.0,760
2023-05-11 09:20:29,fb2309,fb2309,1280.5,0.0,0.0,0.0,2,1280.5,1282.0,1,1278.5,1278.5,1287.5,1274.5,540.0,6919960.0,760
2023-05-11 09:20:31,fb2309,fb2309,1280.5,0.0,0.0,0.0,2,1280.5,1281.5,12,1278.5,1278.5,1287.5,1274.5,540.0,6919960.0,760
2023-05-11 09:20:32,fb2309,fb2309,1280.5,2.0,25610.0,-2.0,32,1280.0,1281.5,12,1278.5,1278.5,1287.5,1274.5,542.0,6945570.0,758
2023-05-11 09:20:32,fb2309,fb2309,1280.5,0.0,0.0,0.0,32,1280.0,1280.5,1,1278.5,1278.5,1287.5,1274.5,542.0,6945570.0,758
2023-05-11 09:20:33,fb2309,fb2309,1280.5,1.0,12805.0,1.0,1,1280.5,1282.0,1,1278.5,1278.5,1287.5,1274.5,543.0,6958375.0,759
2023-05-11 09:20:33,fb2309,fb2309,1280.5,1.0,12805.0,0.0,1,1279.5,1281.5,12,1278.5,1278.5,1287.5,1274.5,544.0,6971180.0,759
2023-05-11 09:20:34,fb2309,fb2309,1280.5,0.0,0.0,0.0,32,1280.0,1281.5,12,1278.5,1278.5,1287.5,1274.5,544.0,6971180.0,759
2023-05-11 09:20:34,fb2309,fb2309,1280.5,0.0,0.0,0.0,32,1280.0,1281.0,1,1278.5,1278.5,1287.5,1274.5,544.0,6971180.0,759
2023-05-11 09:20:36,fb2309,fb2309,1280.5,0.0,0.0,0.0,33,1280.0,1281.0,1,1278.5,1278.5,1287.5,1274.5,544.0,6971180.0,759
2023-05-11 09:20:37,fb2309,fb2309,1280.5,0.0,0.0,0.0,1,1280.5,1281.0,1,1278.5,1278.5,1287.5,1274.5,544.0,6971180.0,759
2023-05-11 09:20:40,fb2309,fb2309,1280.5,1.0,12805.0,-1.0,1,1280.0,1281.0,1,1278.5,1278.5,1287.5,1274.5,545.0,6983985.0,758
2023-05-11 09:20:44,fb2309,fb2309,1280.5,0.0,0.0,0.0,4,1280.5,1281.0,1,1278.5,1278.5,1287.5,1274.5,545.0,6983985.0,758
2023-05-11 09:20:46,fb2309,fb2309,1281.0,1.0,12810.0,0.0,4,1280.5,1281.5,12,1278.5,1278.5,1287.5,1274.5,546.0,6996795.0,758
2023-05-11 09:20:46,fb2309,fb2309,1280.5,4.0,51220.0,0.0,1,1280.0,1281.5,12,1278.5,1278.5,1287.5,1274.5,550.0,7048015.0,758
2023-05-11 09:20:49,fb2309,fb2309,1280.5,0.0,0.0,0.0,8,1281.0,1281.5,12,1278.5,1278.5,1287.5,1274.5,550.0,7048015.0,758
2023-05-11 09:20:49,fb2309,fb2309,1281.0,8.0,102480.0,-8.0,1,1280.0,1281.5,12,1278.5,1278.5,1287.5,1274.5,558.0,7150495.0,750
2023-05-11 09:20:50,fb2309,fb2309,1281.0,0.0,0.0,0.0,1,1280.0,1280.5,1,1278.5,1278.5,1287.5,1274.5,558.0,7150495.0,750
2023-05-11 09:20:53,fb2309,fb2309,1281.0,0.0,0.0,0.0,2,1280.0,1280.5,1,1278.5,1278.5,1287.5,1274.5,558.0,7150495.0,750
2023-05-11 09:20:57,fb2309,fb2309,1281.0,0.0,0.0,0.0,3,1280.0,1280.5,1,1278.5,1278.5,1287.5,1274.5,558.0,7150495.0,750
2023-05-11 09:20:57,fb2309,fb2309,1280.5,1.0,12805.0,1.0,3,1280.5,1281.5,12,1278.5,1278.5,1287.5,1274.5,559.0,7163300.0,751
2023-05-11 09:21:08,fb2309,fb2309,1280.5,1.0,12805.0,1.0,2,1280.5,1281.5,12,1278.5,1278.5,1287.5,1274.5,560.0,7176105.0,752
2023-05-11 09:21:10,fb2309,fb2309,1280.5,2.0,25610.0,0.0,3,1280.0,1280.5,3,1278.5,1278.5,1287.5,1274.5,562.0,7201715.0,752
2023-05-11 09:21:13,fb2309,fb2309,1280.5,1.0,12805.0,-1.0,3,1280.0,1280.5,2,1278.5,1278.5,1287.5,1274.5,563.0,7214520.0,751
2023-05-11 09:21:13,fb2309,fb2309,1280.5,2.0,25610.0,-1.0,30,1280.5,1282.0,2,1278.5,1278.5,1287.5,1274.5,565.0,7240130.0,750
2023-05-11 09:21:14,fb2309,fb2309,1280.5,2.0,25610.0,-1.0,28,1280.5,1281.5,16,1278.5,1278.5,1287.5,1274.5,567.0,7265740.0,749
2023-05-11 09:21:15,fb2309,fb2309,1280.5,0.0,0.0,0.0,32,1280.5,1281.5,16,1278.5,1278.5,1287.5,1274.5,567.0,7265740.0,749
2023-05-11 09:21:18,fb2309,fb2309,1280.5,32.0,409760.0,-8.0,3,1280.0,1280.5,9,1278.5,1278.5,1287.5,1274.5,599.0,7675500.0,741
2023-05-11 09:21:18,fb2309,fb2309,1280.0,3.0,38400.0,2.0,15,1279.0,1280.5,9,1278.5,1278.5,1287.5,1274.5,602.0,7713900.0,743
2023-05-11 09:21:20,fb2309,fb2309,1280.0,0.0,0.0,0.0,1,1279.0,1280.5,9,1278.5,1278.5,1287.5,1274.5,602.0,7713900.0,743
2023-05-11 09:21:24,fb2309,fb2309,1280.0,0.0,0.0,0.0,2,1280.0,1280.5,9,1278.5,1278.5,1287.5,1274.5,602.0,7713900.0,743
2023-05-11 09:21:25,fb2309,fb2309,1279.0,3.0,38390.0,-1.0,2,1278.5,1280.0,43,1278.5,1278.5,1287.5,1274.5,605.0,7752290.0,742
2023-05-11 09:21:25,fb2309,fb2309,1278.0,4.0,51140.0,0.0,4,1278.0,1280.0,43,1278.5,1278.5,1287.5,1274.5,609.0,7803430.0,742
2023-05-11 09:21:26,fb2309,fb2309,1278.0,0.0,0.0,0.0,1,1278.5,1279.5,1,1278.5,1278.5,1287.5,1274.5,609.0,7803430.0,742
2023-05-11 09:21:26,fb2309,fb2309,1278.0,1.0,12780.0,0.0,4,1278.0,1279.0,42,1278.5,1278.5,1287.5,1274.5,610.0,7816210.0,742
2023-05-11 09:21:31,fb2309,fb2309,1278.5,1.0,12785.0,0.0,4,1278.0,1279.0,42,1278.5,1278.5,1287.5,1274.5,611.0,7828995.0,742
2023-05-11 09:21:31,fb2309,fb2309,1278.0,4.0,51120.0,3.0,2,1277.5,1279.0,42,1278.5,1278.5,1287.5,1274.5,615.0,7880115.0,745
2023-05-11 09:21:32,fb2309,fb2309,1278.0,0.0,0.0,0.0,2,1277.5,1278.5,1,1278.5,1278.5,1287.5,1274.5,615.0,7880115.0,745
2023-05-11 09:21:35,fb2309,fb2309,1278.0,0.0,0.0,0.0,2,1277.5,1279.0,42,1278.5,1278.5,1287.5,1274.5,615.0,7880115.0,745
2023-05-11 09:21:36,fb2309,fb2309,1277.5,2.0,25550.0,2.0,1,1277.0,1278.0,1,1278.5,1278.5,1287.5,1274.5,617.0,7905665.0,747
2023-05-11 09:21:38,fb2309,fb2309,1278.0,1.0,12780.0,-1.0,1,1277.0,1278.5,2,1278.5,1278.5,1287.5,1274.5,618.0,7918445.0,746
2023-05-11 09:21:39,fb2309,fb2309,1278.0,0.0,0.0,0.0,1,1277.0,1278.0,22,1278.5,1278.5,1287.5,1274.5,618.0,7918445.0,746
2023-05-11 09:21:40,fb2309,fb2309,1277.0,1.0,12770.0,0.0,4,1276.5,1278.0,22,1278.5,1278.5,1287.5,1274.5,619.0,7931215.0,746
2023-05-11 09:21:42,fb2309,fb2309,1276.5,1.0,12765.0,-1.0,3,1276.5,1277.5,22,1278.5,1278.5,1287.5,1274.5,620.0,7943980.0,745
2023-05-11 09:21:44,fb2309,fb2309,1276.5,1.0,12765.0,0.0,2,1276.5,1277.5,22,1278.5,1278.5,1287.5,1274.5,621.0,7956745.0,745
2023-05-11 09:21:46,fb2309,fb2309,1276.5,0.0,0.0,0.0,3,1276.5,1277.5,22,1278.5,1278.5,1287.5,1274.5,621.0,7956745.0,745
2023-05-11 09:21:47,fb2309,fb2309,1276.5,2.0,25530.0,-1.0,1,1276.5,1277.5,22,1278.5,1278.5,1287.5,1274.5,623.0,7982275.0,744
2023-05-11 09:21:47,fb2309,fb2309,1276.5,0.0,0.0,0.0,1,1276.5,1277.5,23,1278.5,1278.5,1287.5,1274.5,623.0,7982275.0,744
2023-05-11 09:21:48,fb2309,fb2309,1276.5,0.0,0.0,0.0,1,1276.5,1277.0,1,1278.5,1278.5,1287.5,1274.5,623.0,7982275.0,744
2023-05-11 09:21:48,fb2309,fb2309,1277.0,1.0,12770.0,0.0,1,1276.5,1277.5,1,1278.5,1278.5,1287.5,1274.5,624.0,7995045.0,744
2023-05-11 09:21:52,fb2309,fb2309,1277.0,0.0,0.0,0.0,2,1276.5,1277.5,1,1278.5,1278.5,1287.5,1274.5,624.0,7995045.0,744
2023-05-11 09:21:55,fb2309,fb2309,1277.0,0.0,0.0,0.0,2,1276.5,1278.0,44,1278.5,1278.5,1287.5,1274.5,624.0,7995045.0,744
2023-05-11 09:21:57,fb2309,fb2309,1277.0,0.0,0.0,0.0,2,1276.5,1277.5,1,1278.5,1278.5,1287.5,1274.5,624.0,7995045.0,744
2023-05-11 09:22:01,fb2309,fb2309,1277.0,0.0,0.0,0.0,3,1276.5,1277.5,1,1278.5,1278.5,1287.5,1274.5,624.0,7995045.0,744
2023-05-11 09:22:01,fb2309,fb2309,1277.5,1.0,12775.0,1.0,3,1277.5,1278.0,44,1278.5,1278.5,1287.5,1274.5,625.0,8007820.0,745
2023-05-11 09:22:02,fb2309,fb2309,1277.5,4.0,51100.0,2.0,5,1276.5,1278.0,45,1278.5,1278.5,1287.5,1274.5,629.0,8058920.0,747
2023-05-11 09:22:02,fb2309,fb2309,1277.5,0.0,0.0,0.0,1,1277.5,1278.0,45,1278.5,1278.5,1287.5,1274.5,629.0,8058920.0,747
2023-05-11 09:22:02,fb2309,fb2309,1277.5,1.0,12775.0,0.0,5,1276.5,1278.0,45,1278.5,1278.5,1287.5,1274.5,630.0,8071695.0,747
2023-05-11 09:22:04,fb2309,fb2309,1277.5,0.0,0.0,0.0,1,1277.0,1278.0,45,1278.5,1278.5,1287.5,1274.5,630.0,8071695.0,747
2023-05-11 09:22:07,fb2309,fb2309,1278.0,1.0,12780.0,0.0,2,1277.0,1278.0,44,1278.5,1278.5,1287.5,1274.5,631.0,8084475.0,747
2023-05-11 09:22:09,fb2309,fb2309,1278.0,1.0,12780.0,0.0,2,1277.0,1278.0,43,1278.5,1278.5,1287.5,1274.5,632.0,8097255.0,747
2023-05-11 09:22:13,fb2309,fb2309,1278.0,2.0,25560.0,0.0,2,1277.0,1278.0,41,1278.5,1278.5,1287.5,1274.5,634.0,8122815.0,747
2023-05-11 09:22:15,fb2309,fb2309,1278.0,1.0,12780.0,1.0,2,1277.0,1278.0,40,1278.5,1278.5,1287.5,1274.5,635.0,8135595.0,748
2023-05-11 09:22:21,fb2309,fb2309,1278.0,0.0,0.0,0.0,1,1277.5,1278.0,40,1278.5,1278.5,1287.5,1274.5,635.0,8135595.0,748
2023-05-11 09:22:22,fb2309,fb2309,1278.0,0.0,0.0,0.0,1,1277.5,1278.0,39,1278.5,1278.5,1287.5,1274.5,635.0,8135595.0,748
2023-05-11 09:23:01,fb2309,fb2309,1278.5,40.0,511205.0,20.0,1,1277.5,1279.5,1,1278.5,1278.5,1287.5,1274.5,675.0,8646800.0,768
2023-05-11 09:23:01,fb2309,fb2309,1278.5,0.0,0.0,0.0,22,1278.0,1279.5,1,1278.5,1278.5,1287.5,1274.5,675.0,8646800.0,768
2023-05-11 09:23:02,fb2309,fb2309,1279.5,1.0,12795.0,0.0,22,1278.0,1280.0,1,1278.5,1278.5,1287.5,1274.5,676.0,8659595.0,768
2023-05-11 09:23:03,fb2309,fb2309,1279.5,0.0,0.0,0.0,1,1278.5,1279.5,1,1278.5,1278.5,1287.5,1274.5,676.0,8659595.0,768
2023-05-11 09:23:03,fb2309,fb2309,1280.0,2.0,25595.0,-2.0,22,1279.0,1280.5,1,1278.5,1278.5,1287.5,1274.5,678.0,8685190.0,766
2023-05-11 09:23:04,fb2309,fb2309,1280.5,1.0,12805.0,0.0,22,1279.0,1280.5,2,1278.5,1278.5,1287.5,1274.5,679.0,8697995.0,766
2023-05-11 09:23:04,fb2309,fb2309,1280.5,2.0,25610.0,-2.0,22,1279.0,1281.0,2,1278.5,1278.5,1287.5,1274.5,681.0,8723605.0,764
2023-05-11 09:23:05,fb2309,fb2309,1280.5,0.0,0.0,0.0,1,1279.5,1281.0,2,1278.5,1278.5,1287.5,1274.5,681.0,8723605.0,764
2023-05-11 09:23:06,fb2309,fb2309,1280.0,22.0,281600.0,-22.0,1,1279.5,1281.0,2,1278.5,1278.5,1287.5,1274.5,703.0,9005205.0,742
2023-05-11 09:23:06,fb2309,fb2309,1279.5,1.0,12795.0,-1.0,22,1278.0,1280.5,22,1278.5,1278.5,1287.5,1274.5,704.0,9018000.0,741
2023-05-11 09:23:07,fb2309,fb2309,1279.5,0.0,0.0,0.0,1,1278.5,1280.0,1,1278.5,1278.5,1287.5,1274.5,704.0,9018000.0,741
2023-05-11 09:23:07,fb2309,fb2309,1279.5,0.0,0.0,0.0,10,1279.0,1279.5,12,1278.5,1278.5,1287.5,1274.5,704.0,9018000.0,741
2023-05-11 09:23:09,fb2309,fb2309,1279.0,5.0,63950.0,0.0,5,1279.0,1279.5,12,1278.5,1278.5,1287.5,1274.5,709.0,9081950.0,741
2023-05-11 09:23:11,fb2309,fb2309,1279.0,3.0,38370.0,2.0,2,1279.0,1279.5,12,1278.5,1278.5,1287.5,1274.5,712.0,9120320.0,743
2023-05-11 09:23:12,fb2309,fb2309,1278.5,3.0,38365.0,1.0,1,1277.5,1279.0,14,1278.5,1278.5,1287.5,1274.5,715.0,9158685.0,744
2023-05-11 09:23:12,fb2309,fb2309,1278.5,0.0,0.0,0.0,14,1278.0,1279.0,14,1278.5,1278.5,1287.5,1274.5,715.0,9158685.0,744
2023-05-11 09:23:13,fb2309,fb2309,1279.0,14.0,179060.0,7.0,15,1278.0,1280.0,2,1278.5,1278.5,1287.5,1274.5,729.0,9337745.0,751
2023-05-11 09:23:14,fb2309,fb2309,1279.0,0.0,0.0,0.0,14,1278.5,1280.0,2,1278.5,1278.5,1287.5,1274.5,729.0,9337745.0,751
2023-05-11 09:23:14,fb2309,fb2309,1279.0,0.0,0.0,0.0,14,1279.0,1280.0,2,1278.5,1278.5,1287.5,1274.5,729.0,9337745.0,751
2023-05-11 09:23:17,fb2309,fb2309,1279.0,0.0,0.0,0.0,14,1279.0,1280.0,3,1278.5,1278.5,1287.5,1274.5,729.0,9337745.0,751
2023-05-11 09:23:19,fb2309,fb2309,1280.0,1.0,12800.0,0.0,14,1279.5,1280.0,2,1278.5,1278.5,1287.5,1274.5,730.0,9350545.0,751
2023-05-11 09:23:19,fb2309,fb2309,1280.0,2.0,25600.0,-1.0,14,1279.5,1280.5,12,1278.5,1278.5,1287.5,1274.5,732.0,9376145.0,750
2023-05-11 09:23:21,fb2309,fb2309,1279.5,1.0,12795.0,0.0,13,1279.5,1280.5,12,1278.5,1278.5,1287.5,1274.5,733.0,9388940.0,750
2023-05-11 09:23:23,fb2309,fb2309,1279.5,3.0,38405.0,1.0,12,1279.5,1280.5,10,1278.5,1278.5,1287.5,1274.5,736.0,9427345.0,751
2023-05-11 09:23:24,fb2309,fb2309,1279.5,9.0,115175.0,-3.0,5,1279.5,1280.5,8,1278.5,1278.5,1287.5,1274.5,745.0,9542520.0,748
2023-05-11 09:23:25,fb2309,fb2309,1279.5,5.0,63975.0,-2.0,18,1278.5,1280.0,13,1278.5,1278.5,1287.5,1274.5,750.0,9606495.0,746
2023-05-11 09:23:25,fb2309,fb2309,1279.5,0.0,0.0,0.0,18,1278.5,1279.5,1,1278.5,1278.5,1287.5,1274.5,750.0,9606495.0,746
2023-05-11 09:23:26,fb2309,fb2309,1279.5,1.0,12795.0,0.0,18,1278.5,1280.5,25,1278.5,1278.5,1287.5,1274.5,751.0,9619290.0,746
2023-05-11 09:23:26,fb2309,fb2309,1279.5,0.0,0.0,0.0,1,1279.0,1280.0,1,1278.5,1278.5,1287.5,1274.5,751.0,9619290.0,746
2023-05-11 09:23:27,fb2309,fb2309,1279.0,1.0,12790.0,0.0,11,1278.0,1279.5,25,1278.5,1278.5,1287.5,1274.5,752.0,9632080.0,746
2023-05-11 09:23:30,fb2309,fb2309,1279.5,2.0,25590.0,1.0,21,1278.5,1279.5,23,1278.5,1278.5,1287.5,1274.5,754.0,9657670.0,747
2023-05-11 09:23:43,fb2309,fb2309,1279.5,0.0,0.0,0.0,21,1278.5,1279.0,1,1278.5,1278.5,1287.5,1274.5,754.0,9657670.0,747
2023-05-11 09:23:43,fb2309,fb2309,1279.0,1.0,12790.0,0.0,21,1278.5,1280.0,1,1278.5,1278.5,1287.5,1274.5,755.0,9670460.0,747
2023-05-11 09:23:49,fb2309,fb2309,1278.5,1.0,12785.0,1.0,20,1278.5,1280.0,1,1278.5,1278.5,1287.5,1274.5,756.0,9683245.0,748
2023-05-11 09:24:09,fb2309,fb2309,1278.5,1.0,12785.0,-1.0,19,1278.5,1280.0,1,1278.5,1278.5,1287.5,1274.5,757.0,9696030.0,747
2023-05-11 09:24:12,fb2309,fb2309,1280.0,1.0,12800.0,-1.0,1,1280.0,1281.0,2,1278.5,1278.5,1287.5,1274.5,758.0,9708830.0,746
2023-05-11 09:24:13,fb2309,fb2309,1280.0,2.0,25600.0,-2.0,21,1278.5,1280.0,16,1278.5,1278.5,1287.5,1274.5,760.0,9734430.0,744
2023-05-11 09:24:20,fb2309,fb2309,1278.5,2.0,25570.0,-1.0,19,1278.5,1280.0,16,1278.5,1278.5,1287.5,1274.5,762.0,9760000.0,743
2023-05-11 09:24:20,fb2309,fb2309,1278.5,0.0,0.0,0.0,19,1278.5,1279.5,9,1278.5,1278.5,1287.5,1274.5,762.0,9760000.0,743
2023-05-11 09:24:23,fb2309,fb2309,1278.5,1.0,12785.0,0.0,18,1278.5,1279.5,9,1278.5,1278.5,1287.5,1274.5,763.0,9772785.0,743
2023-05-11 09:24:31,fb2309,fb2309,1278.5,1.0,12785.0,1.0,17,1278.5,1279.5,9,1278.5,1278.5,1287.5,1274.5,764.0,9785570.0,744
2023-05-11 09:24:43,fb2309,fb2309,1278.5,11.0,140635.0,-1.0,6,1278.5,1279.5,9,1278.5,1278.5,1287.5,1274.5,775.0,9926205.0,743
2023-05-11 09:24:44,fb2309,fb2309,1278.5,6.0,76710.0,3.0,2,1278.0,1278.5,1,1278.5,1278.5,1287.5,1274.5,781.0,10002915.0,746
2023-05-11 09:24:44,fb2309,fb2309,1277.5,3.0,38335.0,3.0,1,1277.0,1278.0,12,1278.5,1278.5,1287.5,1274.5,784.0,10041250.0,749
2023-05-11 09:24:45,fb2309,fb2309,1277.0,1.0,12770.0,0.0,3,1276.5,1277.5,9,1278.5,1278.5,1287.5,1274.5,785.0,10054020.0,749
2023-05-11 09:24:45,fb2309,fb2309,1277.0,0.0,0.0,0.0,3,1276.5,1277.0,32,1278.5,1278.5,1287.5,1274.5,785.0,10054020.0,749
2023-05-11 09:24:46,fb2309,fb2309,1277.0,32.0,408640.0,12.0,3,1276.5,1280.0,9,1278.5,1278.5,1287.5,1274.5,817.0,10462660.0,761
2023-05-11 09:24:46,fb2309,fb2309,1277.0,0.0,0.0,0.0,3,1277.0,1279.5,1,1278.5,1278.5,1287.5,1274.5,817.0,10462660.0,761
2023-05-11 09:24:47,fb2309,fb2309,1277.0,0.0,0.0,0.0,2,1277.0,1279.0,9,1278.5,1278.5,1287.5,1274.5,817.0,10462660.0,761
2023-05-11 09:24:47,fb2309,fb2309,1277.0,0.0,0.0,0.0,35,1277.5,1279.0,9,1278.5,1278.5,1287.5,1274.5,817.0,10462660.0,761
2023-05-11 09:24:54,fb2309,fb2309,1277.0,0.0,0.0,0.0,1,1278.0,1279.0,9,1278.5,1278.5,1287.5,1274.5,817.0,10462660.0,761
2023-05-11 09:24:54,fb2309,fb2309,1278.0,1.0,12780.0,0.0,35,1277.5,1279.0,9,1278.5,1278.5,1287.5,1274.5,818.0,10475440.0,761
2023-05-11 09:25:05,fb2309,fb2309,1278.0,0.0,0.0,0.0,35,1277.5,1279.0,10,1278.5,1278.5,1287.5,1274.5,818.0,10475440.0,761
2023-05-11 09:25:05,fb2309,fb2309,1278.0,0.0,0.0,0.0,35,1277.5,1279.0,9,1278.5,1278.5,1287.5,1274.5,818.0,10475440.0,761
2023-05-11 09:25:15,fb2309,fb2309,1278.0,0.0,0.0,0.0,35,1277.5,1278.5,1,1278.5,1278.5,1287.5,1274.5,818.0,10475440.0,761
2023-05-11 09:25:22,fb2309,fb2309,1278.5,1.0,12785.0,0.0,35,1277.5,1279.0,1,1278.5,1278.5,1287.5,1274.5,819.0,10488225.0,761
2023-05-11 09:25:25,fb2309,fb2309,1279.0,1.0,12790.0,0.0,35,1277.5,1279.5,2,1278.5,1278.5,1287.5,1274.5,820.0,10501015.0,761
2023-05-11 09:25:27,fb2309,fb2309,1279.0,0.0,0.0,0.0,35,1277.5,1279.0,1,1278.5,1278.5,1287.5,1274.5,820.0,10501015.0,761
2023-05-11 09:25:29,fb2309,fb2309,1279.0,0.0,0.0,0.0,1,1278.0,1279.0,1,1278.5,1278.5,1287.5,1274.5,820.0,10501015.0,761
2023-05-11 09:25:34,fb2309,fb2309,1279.0,0.0,0.0,0.0,2,1278.0,1279.0,1,1278.5,1278.5,1287.5,1274.5,820.0,10501015.0,761
2023-05-11 09:25:39,fb2309,fb2309,1279.0,0.0,0.0,0.0,1,1278.0,1279.0,1,1278.5,1278.5,1287.5,1274.5,820.0,10501015.0,761
2023-05-11 09:25:43,fb2309,fb2309,1279.0,0.0,0.0,0.0,2,1278.0,1279.0,1,1278.5,1278.5,1287.5,1274.5,820.0,10501015.0,761
2023-05-11 09:25:45,fb2309,fb2309,1279.0,1.0,12790.0,1.0,22,1278.5,1279.5,2,1278.5,1278.5,1287.5,1274.5,821.0,10513805.0,762
2023-05-11 09:25:59,fb2309,fb2309,1279.0,0.0,0.0,0.0,1,1279.0,1279.5,2,1278.5,1278.5,1287.5,1274.5,821.0,10513805.0,762
2023-05-11 09:26:00,fb2309,fb2309,1279.0,1.0,12790.0,-1.0,22,1278.5,1279.5,2,1278.5,1278.5,1287.5,1274.5,822.0,10526595.0,761
2023-05-11 09:26:11,fb2309,fb2309,1279.0,0.0,0.0,0.0,22,1278.5,1279.0,3,1278.5,1278.5,1287.5,1274.5,822.0,10526595.0,761
2023-05-11 09:26:23,fb2309,fb2309,1279.0,0.0,0.0,0.0,23,1278.5,1279.0,3,1278.5,1278.5,1287.5,1274.5,822.0,10526595.0,761
2023-05-11 09:26:26,fb2309,fb2309,1279.0,0.0,0.0,0.0,22,1278.5,1279.0,3,1278.5,1278.5,1287.5,1274.5,822.0,10526595.0,761
2023-05-11 09:26:28,fb2309,fb2309,1278.5,1.0,12785.0,0.0,21,1278.5,1279.0,3,1278.5,1278.5,1287.5,1274.5,823.0,10539380.0,761
2023-05-11 09:26:49,fb2309,fb2309,1278.5,7.0,89495.0,-7.0,14,1278.5,1279.0,3,1278.5,1278.5,1287.5,1274.5,830.0,10628875.0,754
2023-05-11 09:26:52,fb2309,fb2309,1278.5,0.0,0.0,0.0,14,1278.5,1279.5,2,1278.5,1278.5,1287.5,1274.5,830.0,10628875.0,754
2023-05-11 09:27:08,fb2309,fb2309,1278.5,0.0,0.0,0.0,14,1278.5,1279.5,4,1278.5,1278.5,1287.5,1274.5,830.0,10628875.0,754
2023-05-11 09:27:21,fb2309,fb2309,1278.5,0.0,0.0,0.0,14,1278.5,1279.5,5,1278.5,1278.5,1287.5,1274.5,830.0,10628875.0,754
2023-05-11 09:27:40,fb2309,fb2309,1278.5,0.0,0.0,0.0,15,1278.5,1279.5,5,1278.5,1278.5,1287.5,1274.5,830.0,10628875.0,754
2023-05-11 09:27:50,fb2309,fb2309,1278.5,0.0,0.0,0.0,14,1278.5,1279.5,5,1278.5,1278.5,1287.5,1274.5,830.0,10628875.0,754
2023-05-11 09:27:57,fb2309,fb2309,1278.5,0.0,0.0,0.0,15,1278.5,1279.5,5,1278.5,1278.5,1287.5,1274.5,830.0,10628875.0,754
2023-05-11 09:28:02,fb2309,fb2309,1278.5,0.0,0.0,0.0,14,1278.5,1279.5,5,1278.5,1278.5,1287.5,1274.5,830.0,10628875.0,754
2023-05-11 09:28:06,fb2309,fb2309,1278.5,0.0,0.0,0.0,14,1278.5,1279.5,4,1278.5,1278.5,1287.5,1274.5,830.0,10628875.0,754
2023-05-11 09:28:28,fb2309,fb2309,1279.5,4.0,51180.0,1.0,16,1280.0,1280.5,2,1278.5,1278.5,1287.5,1274.5,834.0,10680055.0,755
2023-05-11 09:28:32,fb2309,fb2309,1280.5,1.0,12805.0,0.0,16,1280.0,1280.5,1,1278.5,1278.5,1287.5,1274.5,835.0,10692860.0,755
2023-05-11 09:28:37,fb2309,fb2309,1280.5,0.0,0.0,0.0,17,1280.0,1280.5,1,1278.5,1278.5,1287.5,1274.5,835.0,10692860.0,755
2023-05-11 09:28:43,fb2309,fb2309,1280.0,1.0,12800.0,1.0,16,1280.0,1280.5,1,1278.5,1278.5,1287.5,1274.5,836.0,10705660.0,756
2023-05-11 09:28:50,fb2309,fb2309,1280.5,1.0,12805.0,0.0,16,1280.0,1281.0,1,1278.5,1278.5,1287.5,1274.5,837.0,10718465.0,756
2023-05-11 09:29:03,fb2309,fb2309,1280.0,1.0,12800.0,1.0,15,1280.0,1281.0,1,1278.5,1278.5,1287.5,1274.5,838.0,10731265.0,757
2023-05-11 09:29:07,fb2309,fb2309,1280.0,11.0,140800.0,0.0,4,1280.0,1280.5,3,1278.5,1278.5,1287.5,1274.5,849.0,10872065.0,757
2023-05-11 09:29:08,fb2309,fb2309,1280.0,4.0,51200.0,2.0,19,1277.5,1280.0,9,1278.5,1278.5,1287.5,1274.5,853.0,10923265.0,759
2023-05-11 09:29:08,fb2309,fb2309,1280.0,0.0,0.0,0.0,1,1278.0,1280.0,9,1278.5,1278.5,1287.5,1274.5,853.0,10923265.0,759
2023-05-11 09:29:09,fb2309,fb2309,1280.0,0.0,0.0,0.0,19,1278.5,1280.0,9,1278.5,1278.5,1287.5,1274.5,853.0,10923265.0,759
2023-05-11 09:29:10,fb2309,fb2309,1280.0,1.0,12800.0,0.0,19,1278.5,1280.0,8,1278.5,1278.5,1287.5,1274.5,854.0,10936065.0,759
2023-05-11 09:29:23,fb2309,fb2309,1280.0,9.0,115200.0,3.0,1,1280.0,1281.0,1,1278.5,1278.5,1287.5,1274.5,863.0,11051265.0,762
2023-05-11 09:29:23,fb2309,fb2309,1280.0,0.0,0.0,0.0,1,1280.0,1280.5,4,1278.5,1278.5,1287.5,1274.5,863.0,11051265.0,762
2023-05-11 09:29:34,fb2309,fb2309,1280.5,1.0,12805.0,0.0,1,1280.0,1280.5,3,1278.5,1278.5,1287.5,1274.5,864.0,11064070.0,762
2023-05-11 09:29:45,fb2309,fb2309,1280.0,1.0,12800.0,1.0,4,1278.0,1280.0,1,1278.5,1278.5,1287.5,1274.5,865.0,11076870.0,763
2023-05-11 09:29:46,fb2309,fb2309,1280.0,1.0,12800.0,1.0,22,1278.5,1280.5,1,1278.5,1278.5,1287.5,1274.5,866.0,11089670.0,764
2023-05-11 09:29:46,fb2309,fb2309,1280.0,0.0,0.0,0.0,1,1279.0,1280.5,1,1278.5,1278.5,1287.5,1274.5,866.0,11089670.0,764
2023-05-11 09:29:47,fb2309,fb2309,1280.0,0.0,0.0,0.0,22,1279.5,1280.5,1,1278.5,1278.5,1287.5,1274.5,866.0,11089670.0,764
2023-05-11 09:29:47,fb2309,fb2309,1280.5,1.0,12805.0,0.0,22,1279.5,1281.0,2,1278.5,1278.5,1287.5,1274.5,867.0,11102475.0,764
2023-05-11 09:29:49,fb2309,fb2309,1281.0,1.0,12810.0,0.0,22,1279.5,1281.0,1,1278.5,1278.5,1287.5,1274.5,868.0,11115285.0,764
2023-05-11 09:29:58,fb2309,fb2309,1281.0,0.0,0.0,0.0,22,1279.5,1281.0,2,1278.5,1278.5,1287.5,1274.5,868.0,11115285.0,764
2023-05-11 09:30:03,fb2309,fb2309,1281.0,1.0,12810.0,-1.0,22,1279.5,1281.0,1,1278.5,1278.5,1287.5,1274.5,869.0,11128095.0,763
2023-05-11 09:30:04,fb2309,fb2309,1281.0,1.0,12810.0,1.0,22,1279.5,1281.5,3,1278.5,1278.5,1287.5,1274.5,870.0,11140905.0,764
2023-05-11 09:30:04,fb2309,fb2309,1281.0,0.0,0.0,0.0,1,1280.0,1281.5,3,1278.5,1278.5,1287.5,1274.5,870.0,11140905.0,764
2023-05-11 09:30:04,fb2309,fb2309,1281.0,0.0,0.0,0.0,2,1280.0,1281.0,3,1278.5,1278.5,1287.5,1274.5,870.0,11140905.0,764
2023-05-11 09:30:06,fb2309,fb2309,1281.0,0.0,0.0,0.0,2,1280.0,1281.0,6,1278.5,1278.5,1287.5,1274.5,870.0,11140905.0,764
2023-05-11 09:30:08,fb2309,fb2309,1281.0,0.0,0.0,0.0,2,1280.0,1281.0,7,1278.5,1278.5,1287.5,1274.5,870.0,11140905.0,764
2023-05-11 09:30:21,fb2309,fb2309,1281.0,0.0,0.0,0.0,2,1280.0,1281.0,8,1278.5,1278.5,1287.5,1274.5,870.0,11140905.0,764
2023-05-11 09:30:40,fb2309,fb2309,1281.0,0.0,0.0,0.0,2,1280.0,1281.0,7,1278.5,1278.5,1287.5,1274.5,870.0,11140905.0,764
2023-05-11 09:30:55,fb2309,fb2309,1281.0,0.0,0.0,0.0,1,1280.0,1281.0,7,1278.5,1278.5,1287.5,1274.5,870.0,11140905.0,764
2023-05-11 09:30:57,fb2309,fb2309,1281.0,0.0,0.0,0.0,2,1280.0,1281.0,7,1278.5,1278.5,1287.5,1274.5,870.0,11140905.0,764
2023-05-11 09:31:00,fb2309,fb2309,1280.0,1.0,12800.0,0.0,1,1280.0,1281.0,7,1278.5,1278.5,1287.5,1274.5,871.0,11153705.0,764
2023-05-11 09:31:01,fb2309,fb2309,1280.0,1.0,12800.0,0.0,1,1279.5,1281.0,7,1278.5,1278.5,1287.5,1274.5,872.0,11166505.0,764
2023-05-11 09:31:13,fb2309,fb2309,1280.0,0.0,0.0,0.0,1,1279.5,1281.0,8,1278.5,1278.5,1287.5,1274.5,872.0,11166505.0,764
2023-05-11 09:31:18,fb2309,fb2309,1280.0,0.0,0.0,0.0,1,1279.5,1280.5,1,1278.5,1278.5,1287.5,1274.5,872.0,11166505.0,764
2023-05-11 09:31:25,fb2309,fb2309,1280.0,0.0,0.0,0.0,1,1279.5,1280.0,3,1278.5,1278.5,1287.5,1274.5,872.0,11166505.0,764
2023-05-11 09:31:33,fb2309,fb2309,1280.0,0.0,0.0,0.0,22,1278.5,1280.0,3,1278.5,1278.5,1287.5,1274.5,872.0,11166505.0,764
2023-05-11 09:31:35,fb2309,fb2309,1279.5,1.0,12795.0,1.0,22,1278.5,1280.0,3,1278.5,1278.5,1287.5,1274.5,873.0,11179300.0,765
2023-05-11 09:31:36,fb2309,fb2309,1280.0,1.0,12800.0,1.0,22,1278.5,1280.0,2,1278.5,1278.5,1287.5,1274.5,874.0,11192100.0,766
2023-05-11 09:31:48,fb2309,fb2309,1280.0,2.0,25600.0,2.0,2,1280.0,1280.5,2,1278.5,1278.5,1287.5,1274.5,876.0,11217700.0,768
2023-05-11 09:31:49,fb2309,fb2309,1280.0,3.0,38400.0,3.0,22,1278.5,1280.5,2,1278.5,1278.5,1287.5,1274.5,879.0,11256100.0,771
2023-05-11 09:31:49,fb2309,fb2309,1280.0,0.0,0.0,0.0,1,1279.0,1280.0,1,1278.5,1278.5,1287.5,1274.5,879.0,11256100.0,771
2023-05-11 09:31:50,fb2309,fb2309,1280.0,1.0,12800.0,0.0,22,1279.5,1280.5,2,1278.5,1278.5,1287.5,1274.5,880.0,11268900.0,771
2023-05-11 09:31:50,fb2309,fb2309,1280.5,2.0,25610.0,1.0,22,1279.5,1281.0,2,1278.5,1278.5,1287.5,1274.5,882.0,11294510.0,772
2023-05-11 09:31:51,fb2309,fb2309,1280.5,0.0,0.0,0.0,22,1279.5,1280.5,1,1278.5,1278.5,1287.5,1274.5,882.0,11294510.0,772
2023-05-11 09:31:51,fb2309,fb2309,1280.5,1.0,12805.0,1.0,22,1279.5,1281.0,2,1278.5,1278.5,1287.5,1274.5,883.0,11307315.0,773
2023-05-11 09:31:56,fb2309,fb2309,1280.5,1.0,12805.0,1.0,22,1279.5,1281.0,2,1278.5,1278.5,1287.5,1274.5,884.0,11320120.0,774
2023-05-11 09:31:59,fb2309,fb2309,1280.5,0.0,0.0,0.0,22,1279.5,1281.0,3,1278.5,1278.5,1287.5,1274.5,884.0,11320120.0,774
2023-05-11 09:32:01,fb2309,fb2309,1280.5,0.0,0.0,0.0,22,1279.5,1281.0,2,1278.5,1278.5,1287.5,1274.5,884.0,11320120.0,774
2023-05-11 09:32:03,fb2309,fb2309,1280.5,0.0,0.0,0.0,1,1280.0,1281.0,2,1278.5,1278.5,1287.5,1274.5,884.0,11320120.0,774
2023-05-11 09:32:24,fb2309,fb2309,1280.5,0.0,0.0,0.0,1,1280.0,1281.0,4,1278.5,1278.5,1287.5,1274.5,884.0,11320120.0,774
2023-05-11 09:32:28,fb2309,fb2309,1280.0,1.0,12800.0,0.0,22,1279.5,1281.0,4,1278.5,1278.5,1287.5,1274.5,885.0,11332920.0,774
2023-05-11 09:32:28,fb2309,fb2309,1280.0,1.0,12800.0,0.0,22,1279.5,1281.0,4,1278.5,1278.5,1287.5,1274.5,886.0,11345720.0,774
2023-05-11 09:32:33,fb2309,fb2309,1280.0,1.0,12800.0,1.0,22,1279.5,1281.0,4,1278.5,1278.5,1287.5,1274.5,887.0,11358520.0,775
2023-05-11 09:32:37,fb2309,fb2309,1280.0,0.0,0.0,0.0,1,1280.0,1281.0,4,1278.5,1278.5,1287.5,1274.5,887.0,11358520.0,775
2023-05-11 09:32:46,fb2309,fb2309,1280.0,0.0,0.0,0.0,1,1280.0,1280.5,3,1278.5,1278.5,1287.5,1274.5,887.0,11358520.0,775
2023-05-11 09:33:03,fb2309,fb2309,1280.0,1.0,12800.0,-1.0,1,1279.0,1280.5,3,1278.5,1278.5,1287.5,1274.5,888.0,11371320.0,774
2023-05-11 09:33:03,fb2309,fb2309,1280.0,0.0,0.0,0.0,12,1279.5,1280.5,3,1278.5,1278.5,1287.5,1274.5,888.0,11371320.0,774
2023-05-11 09:33:05,fb2309,fb2309,1280.0,0.0,0.0,0.0,12,1279.5,1280.0,1,1278.5,1278.5,1287.5,1274.5,888.0,11371320.0,774
2023-05-11 09:33:24,fb2309,fb2309,1280.0,0.0,0.0,0.0,12,1279.5,1280.5,3,1278.5,1278.5,1287.5,1274.5,888.0,11371320.0,774
2023-05-11 09:33:47,fb2309,fb2309,1280.0,0.0,0.0,0.0,1,1280.0,1280.5,3,1278.5,1278.5,1287.5,1274.5,888.0,11371320.0,774
2023-05-11 09:33:47,fb2309,fb2309,1280.0,1.0,12800.0,0.0,1,1279.0,1280.5,3,1278.5,1278.5,1287.5,1274.5,889.0,11384120.0,774
2023-05-11 09:34:10,fb2309,fb2309,1280.0,1.0,12800.0,0.0,1,1279.0,1280.5,3,1278.5,1278.5,1287.5,1274.5,890.0,11396920.0,774
2023-05-11 09:34:10,fb2309,fb2309,1280.0,0.0,0.0,0.0,1,1279.5,1280.5,3,1278.5,1278.5,1287.5,1274.5,890.0,11396920.0,774
2023-05-11 09:34:15,fb2309,fb2309,1279.5,1.0,12795.0,0.0,1,1279.0,1280.0,1,1278.5,1278.5,1287.5,1274.5,891.0,11409715.0,774
2023-05-11 09:34:27,fb2309,fb2309,1280.0,1.0,12800.0,0.0,1,1279.0,1280.5,3,1278.5,1278.5,1287.5,1274.5,892.0,11422515.0,774
2023-05-11 09:34:28,fb2309,fb2309,1280.0,0.0,0.0,0.0,1,1279.0,1280.0,1,1278.5,1278.5,1287.5,1274.5,892.0,11422515.0,774
2023-05-11 09:34:32,fb2309,fb2309,1280.0,0.0,0.0,0.0,1,1279.0,1280.0,2,1278.5,1278.5,1287.5,1274.5,892.0,11422515.0,774
2023-05-11 09:34:43,fb2309,fb2309,1280.0,0.0,0.0,0.0,1,1279.0,1280.0,1,1278.5,1278.5,1287.5,1274.5,892.0,11422515.0,774
2023-05-11 09:35:22,fb2309,fb2309,1279.0,1.0,12790.0,-1.0,2,1278.0,1280.0,1,1278.5,1278.5,1287.5,1274.5,893.0,11435305.0,773
2023-05-11 09:35:22,fb2309,fb2309,1279.0,0.0,0.0,0.0,23,1278.5,1279.5,1,1278.5,1278.5,1287.5,1274.5,893.0,11435305.0,773
2023-05-11 09:35:38,fb2309,fb2309,1279.0,0.0,0.0,0.0,23,1278.5,1279.5,2,1278.5,1278.5,1287.5,1274.5,893.0,11435305.0,773
2023-05-11 09:35:39,fb2309,fb2309,1278.5,12.0,153420.0,-12.0,11,1278.5,1279.5,2,1278.5,1278.5,1287.5,1274.5,905.0,11588725.0,761
2023-05-11 09:35:45,fb2309,fb2309,1278.5,2.0,25570.0,-1.0,9,1278.5,1279.5,2,1278.5,1278.5,1287.5,1274.5,907.0,11614295.0,760
2023-05-11 09:35:48,fb2309,fb2309,1278.5,0.0,0.0,0.0,9,1278.5,1279.5,3,1278.5,1278.5,1287.5,1274.5,907.0,11614295.0,760
2023-05-11 09:35:54,fb2309,fb2309,1278.5,1.0,12785.0,0.0,8,1278.5,1279.5,3,1278.5,1278.5,1287.5,1274.5,908.0,11627080.0,760
2023-05-11 09:35:56,fb2309,fb2309,1278.5,0.0,0.0,0.0,9,1278.5,1279.5,3,1278.5,1278.5,1287.5,1274.5,908.0,11627080.0,760
2023-05-11 09:36:15,fb2309,fb2309,1278.5,1.0,12785.0,-1.0,8,1278.5,1279.5,3,1278.5,1278.5,1287.5,1274.5,909.0,11639865.0,759
2023-05-11 09:36:17,fb2309,fb2309,1278.5,0.0,0.0,0.0,8,1278.5,1279.0,1,1278.5,1278.5,1287.5,1274.5,909.0,11639865.0,759
2023-05-11 09:38:55,fb2309,fb2309,1279.0,1.0,12790.0,0.0,8,1278.5,1279.5,3,1278.5,1278.5,1287.5,1274.5,910.0,11652655.0,759
2023-05-11 09:38:55,fb2309,fb2309,1279.0,0.0,0.0,0.0,1,1279.0,1279.5,3,1278.5,1278.5,1287.5,1274.5,910.0,11652655.0,759
2023-05-11 09:39:03,fb2309,fb2309,1279.0,1.0,12790.0,0.0,2,1278.5,1279.5,3,1278.5,1278.5,1287.5,1274.5,911.0,11665445.0,759
2023-05-11 09:39:06,fb2309,fb2309,1279.0,0.0,0.0,0.0,1,1279.0,1279.5,3,1278.5,1278.5,1287.5,1274.5,911.0,11665445.0,759
2023-05-11 09:39:13,fb2309,fb2309,1279.0,1.0,12790.0,0.0,3,1278.5,1279.5,3,1278.5,1278.5,1287.5,1274.5,912.0,11678235.0,759
2023-05-11 09:39:28,fb2309,fb2309,1279.0,0.0,0.0,0.0,10,1279.0,1279.5,3,1278.5,1278.5,1287.5,1274.5,912.0,11678235.0,759
2023-05-11 09:39:30,fb2309,fb2309,1279.0,3.0,38370.0,3.0,7,1279.0,1279.5,3,1278.5,1278.5,1287.5,1274.5,915.0,11716605.0,762
2023-05-11 09:39:47,fb2309,fb2309,1279.0,1.0,12790.0,1.0,6,1279.0,1279.5,3,1278.5,1278.5,1287.5,1274.5,916.0,11729395.0,763
2023-05-11 09:39:47,fb2309,fb2309,1279.0,0.0,0.0,0.0,7,1279.0,1279.5,3,1278.5,1278.5,1287.5,1274.5,916.0,11729395.0,763
2023-05-11 09:40:09,fb2309,fb2309,1279.5,3.0,38385.0,0.0,21,1279.5,1281.0,4,1278.5,1278.5,1287.5,1274.5,919.0,11767780.0,763
2023-05-11 09:40:09,fb2309,fb2309,1279.5,0.0,0.0,0.0,21,1279.5,1280.5,16,1278.5,1278.5,1287.5,1274.5,919.0,11767780.0,763
2023-05-11 09:41:14,fb2309,fb2309,1280.5,1.0,12805.0,1.0,21,1279.5,1280.5,15,1278.5,1278.5,1287.5,1274.5,920.0,11780585.0,764
2023-05-11 09:41:18,fb2309,fb2309,1280.5,0.0,0.0,0.0,21,1279.5,1280.0,1,1278.5,1278.5,1287.5,1274.5,920.0,11780585.0,764
2023-05-11 09:41:18,fb2309,fb2309,1280.0,1.0,12800.0,0.0,21,1279.5,1281.0,4,1278.5,1278.5,1287.5,1274.5,921.0,11793385.0,764
2023-05-11 09:41:19,fb2309,fb2309,1281.0,1.0,12810.0,0.0,21,1279.5,1281.0,3,1278.5,1278.5,1287.5,1274.5,922.0,11806195.0,764
2023-05-11 09:41:24,fb2309,fb2309,1281.0,0.0,0.0,0.0,1,1280.0,1281.0,3,1278.5,1278.5,1287.5,1274.5,922.0,11806195.0,764
2023-05-11 09:41:32,fb2309,fb2309,1281.0,1.0,12810.0,0.0,1,1280.0,1281.0,2,1278.5,1278.5,1287.5,1274.5,923.0,11819005.0,764
2023-05-11 09:41:35,fb2309,fb2309,1281.0,0.0,0.0,0.0,1,1280.0,1281.0,3,1278.5,1278.5,1287.5,1274.5,923.0,11819005.0,764
2023-05-11 09:41:37,fb2309,fb2309,1281.0,0.0,0.0,0.0,6,1280.0,1281.0,3,1278.5,1278.5,1287.5,1274.5,923.0,11819005.0,764
2023-05-11 09:41:41,fb2309,fb2309,1281.0,1.0,12810.0,-1.0,6,1280.0,1281.0,2,1278.5,1278.5,1287.5,1274.5,924.0,11831815.0,763
2023-05-11 09:41:42,fb2309,fb2309,1281.0,1.0,12810.0,1.0,21,1280.5,1281.0,1,1278.5,1278.5,1287.5,1274.5,925.0,11844625.0,764
2023-05-11 09:41:42,fb2309,fb2309,1281.0,1.0,12810.0,1.0,1,1281.0,1281.5,2,1278.5,1278.5,1287.5,1274.5,926.0,11857435.0,765
2023-05-11 09:41:45,fb2309,fb2309,1281.5,1.0,12815.0,0.0,1,1281.0,1281.5,1,1278.5,1278.5,1287.5,1274.5,927.0,11870250.0,765
2023-05-11 09:41:46,fb2309,fb2309,1281.5,1.0,12815.0,1.0,1,1281.0,1282.0,4,1278.5,1278.5,1287.5,1274.5,928.0,11883065.0,766
2023-05-11 09:41:48,fb2309,fb2309,1281.5,0.0,0.0,0.0,1,1281.5,1282.0,4,1278.5,1278.5,1287.5,1274.5,928.0,11883065.0,766
2023-05-11 09:41:53,fb2309,fb2309,1281.5,0.0,0.0,0.0,1,1281.5,1282.0,5,1278.5,1278.5,1287.5,1274.5,928.0,11883065.0,766
2023-05-11 09:41:54,fb2309,fb2309,1281.5,2.0,25630.0,-1.0,1,1281.0,1282.0,5,1278.5,1278.5,1287.5,1274.5,930.0,11908695.0,765
2023-05-11 09:41:55,fb2309,fb2309,1281.5,0.0,0.0,0.0,1,1281.0,1282.0,6,1278.5,1278.5,1287.5,1274.5,930.0,11908695.0,765
2023-05-11 09:42:03,fb2309,fb2309,1281.5,0.0,0.0,0.0,1,1281.0,1282.0,7,1278.5,1278.5,1287.5,1274.5,930.0,11908695.0,765
2023-05-11 09:42:07,fb2309,fb2309,1282.0,1.0,12820.0,0.0,1,1281.0,1282.0,6,1278.5,1278.5,1287.5,1274.5,931.0,11921515.0,765
2023-05-11 09:42:08,fb2309,fb2309,1282.0,1.0,12820.0,-1.0,1,1281.0,1282.0,5,1278.5,1278.5,1287.5,1274.5,932.0,11934335.0,764
2023-05-11 09:42:09,fb2309,fb2309,1282.0,1.0,12820.0,1.0,1,1281.0,1282.0,4,1278.5,1278.5,1287.5,1274.5,933.0,11947155.0,765
2023-05-11 09:42:11,fb2309,fb2309,1281.0,1.0,12810.0,0.0,21,1280.5,1282.0,4,1278.5,1278.5,1287.5,1274.5,934.0,11959965.0,765
2023-05-11 09:42:16,fb2309,fb2309,1281.0,0.0,0.0,0.0,21,1280.5,1282.0,3,1278.5,1278.5,1287.5,1274.5,934.0,11959965.0,765
2023-05-11 09:42:20,fb2309,fb2309,1281.0,0.0,0.0,0.0,1,1281.0,1282.0,3,1278.5,1278.5,1287.5,1274.5,934.0,11959965.0,765
2023-05-11 09:42:36,fb2309,fb2309,1282.0,1.0,12820.0,1.0,1,1281.0,1282.0,2,1278.5,1278.5,1287.5,1274.5,935.0,11972785.0,766
2023-05-11 09:42:37,fb2309,fb2309,1282.0,0.0,0.0,0.0,1,1281.0,1282.0,3,1278.5,1278.5,1287.5,1274.5,935.0,11972785.0,766
2023-05-11 09:42:43,fb2309,fb2309,1281.0,1.0,12810.0,-1.0,21,1280.5,1282.0,3,1278.5,1278.5,1287.5,1274.5,936.0,11985595.0,765
2023-05-11 09:42:48,fb2309,fb2309,1281.0,0.0,0.0,0.0,21,1280.5,1282.0,4,1278.5,1278.5,1287.5,1274.5,936.0,11985595.0,765
2023-05-11 09:42:49,fb2309,fb2309,1282.0,4.0,51280.0,1.0,21,1280.5,1282.5,1,1278.5,1278.5,1287.5,1274.5,940.0,12036875.0,766
2023-05-11 09:42:50,fb2309,fb2309,1282.0,0.0,0.0,0.0,1,1281.0,1282.5,1,1278.5,1278.5,1287.5,1274.5,940.0,12036875.0,766
2023-05-11 09:42:50,fb2309,fb2309,1282.0,0.0,0.0,0.0,21,1281.5,1282.5,1,1278.5,1278.5,1287.5,1274.5,940.0,12036875.0,766
2023-05-11 09:42:58,fb2309,fb2309,1282.5,2.0,25650.0,-2.0,1,1281.0,1283.0,2,1278.5,1278.5,1287.5,1274.5,942.0,12062525.0,764
2023-05-11 09:42:59,fb2309,fb2309,1282.5,0.0,0.0,0.0,21,1281.5,1282.5,1,1278.5,1278.5,1287.5,1274.5,942.0,12062525.0,764
2023-05-11 09:43:01,fb2309,fb2309,1282.5,1.0,12825.0,0.0,21,1281.5,1283.0,2,1278.5,1278.5,1287.5,1274.5,943.0,12075350.0,764
2023-05-11 09:43:03,fb2309,fb2309,1282.5,0.0,0.0,0.0,21,1281.5,1282.5,1,1278.5,1278.5,1287.5,1274.5,943.0,12075350.0,764
2023-05-11 09:43:14,fb2309,fb2309,1282.5,0.0,0.0,0.0,22,1281.5,1282.5,1,1278.5,1278.5,1287.5,1274.5,943.0,12075350.0,764
2023-05-11 09:43:16,fb2309,fb2309,1281.5,1.0,12815.0,1.0,21,1281.5,1282.5,1,1278.5,1278.5,1287.5,1274.5,944.0,12088165.0,765
2023-05-11 09:43:40,fb2309,fb2309,1281.5,1.0,12815.0,1.0,20,1281.5,1282.5,1,1278.5,1278.5,1287.5,1274.5,945.0,12100980.0,766
2023-05-11 09:43:40,fb2309,fb2309,1281.5,1.0,12815.0,1.0,19,1281.5,1282.5,1,1278.5,1278.5,1287.5,1274.5,946.0,12113795.0,767
2023-05-11 09:43:42,fb2309,fb2309,1281.5,1.0,12815.0,0.0,18,1281.5,1282.5,1,1278.5,1278.5,1287.5,1274.5,947.0,12126610.0,767
2023-05-11 09:43:42,fb2309,fb2309,1281.5,1.0,12815.0,-1.0,17,1281.5,1282.5,1,1278.5,1278.5,1287.5,1274.5,948.0,12139425.0,766
2023-05-11 09:43:47,fb2309,fb2309,1281.5,1.0,12815.0,1.0,16,1281.5,1282.5,1,1278.5,1278.5,1287.5,1274.5,949.0,12152240.0,767
2023-05-11 09:43:55,fb2309,fb2309,1282.5,1.0,12825.0,-1.0,16,1281.5,1283.0,4,1278.5,1278.5,1287.5,1274.5,950.0,12165065.0,766
2023-05-11 09:43:55,fb2309,fb2309,1282.5,0.0,0.0,0.0,16,1281.5,1282.5,17,1278.5,1278.5,1287.5,1274.5,950.0,12165065.0,766
2023-05-11 09:44:04,fb2309,fb2309,1281.5,1.0,12815.0,0.0,15,1281.5,1282.5,17,1278.5,1278.5,1287.5,1274.5,951.0,12177880.0,766
2023-05-11 09:44:06,fb2309,fb2309,1282.5,1.0,12825.0,1.0,15,1281.5,1282.5,16,1278.5,1278.5,1287.5,1274.5,952.0,12190705.0,767
2023-05-11 09:44:12,fb2309,fb2309,1282.5,0.0,0.0,0.0,15,1281.5,1282.5,18,1278.5,1278.5,1287.5,1274.5,952.0,12190705.0,767
2023-05-11 09:44:15,fb2309,fb2309,1282.5,0.0,0.0,0.0,15,1281.5,1282.5,20,1278.5,1278.5,1287.5,1274.5,952.0,12190705.0,767
2023-05-11 09:44:28,fb2309,fb2309,1281.5,1.0,12815.0,0.0,14,1281.5,1282.5,20,1278.5,1278.5,1287.5,1274.5,953.0,12203520.0,767
2023-05-11 09:44:44,fb2309,fb2309,1281.5,0.0,0.0,0.0,15,1281.5,1282.5,20,1278.5,1278.5,1287.5,1274.5,953.0,12203520.0,767
2023-05-11 09:44:45,fb2309,fb2309,1281.5,0.0,0.0,0.0,16,1281.5,1282.5,20,1278.5,1278.5,1287.5,1274.5,953.0,12203520.0,767
2023-05-11 09:44:49,fb2309,fb2309,1282.5,1.0,12825.0,-1.0,16,1281.5,1282.5,19,1278.5,1278.5,1287.5,1274.5,954.0,12216345.0,766
2023-05-11 09:44:52,fb2309,fb2309,1281.5,1.0,12815.0,1.0,15,1281.5,1282.5,19,1278.5,1278.5,1287.5,1274.5,955.0,12229160.0,767
2023-05-11 09:45:02,fb2309,fb2309,1281.5,0.0,0.0,0.0,15,1281.5,1282.0,1,1278.5,1278.5,1287.5,1274.5,955.0,12229160.0,767
2023-05-11 09:45:11,fb2309,fb2309,1281.5,0.0,0.0,0.0,15,1281.5,1282.0,2,1278.5,1278.5,1287.5,1274.5,955.0,12229160.0,767
2023-05-11 09:45:37,fb2309,fb2309,1281.5,0.0,0.0,0.0,15,1281.5,1282.0,6,1278.5,1278.5,1287.5,1274.5,955.0,12229160.0,767
2023-05-11 09:45:40,fb2309,fb2309,1281.5,1.0,12815.0,1.0,14,1281.5,1282.0,6,1278.5,1278.5,1287.5,1274.5,956.0,12241975.0,768
2023-05-11 09:45:51,fb2309,fb2309,1281.5,0.0,0.0,0.0,14,1281.5,1282.0,2,1278.5,1278.5,1287.5,1274.5,956.0,12241975.0,768
2023-05-11 09:45:59,fb2309,fb2309,1281.5,0.0,0.0,0.0,14,1281.5,1282.0,3,1278.5,1278.5,1287.5,1274.5,956.0,12241975.0,768
2023-05-11 09:46:43,fb2309,fb2309,1282.0,1.0,12820.0,-1.0,14,1281.5,1282.0,2,1278.5,1278.5,1287.5,1274.5,957.0,12254795.0,767
2023-05-11 09:47:22,fb2309,fb2309,1282.0,1.0,12820.0,1.0,14,1281.5,1282.0,1,1278.5,1278.5,1287.5,1274.5,958.0,12267615.0,768
2023-05-11 09:47:23,fb2309,fb2309,1282.0,1.0,12820.0,1.0,14,1281.5,1282.5,5,1278.5,1278.5,1287.5,1274.5,959.0,12280435.0,769
2023-05-11 09:47:30,fb2309,fb2309,1282.5,3.0,38475.0,-1.0,14,1281.5,1282.5,2,1278.5,1278.5,1287.5,1274.5,962.0,12318910.0,768
2023-05-11 09:47:33,fb2309,fb2309,1282.5,2.0,25650.0,2.0,1,1282.5,1283.0,4,1278.5,1278.5,1287.5,1274.5,964.0,12344560.0,770
2023-05-11 09:47:43,fb2309,fb2309,1282.5,1.0,12825.0,0.0,16,1282.0,1283.0,4,1278.5,1278.5,1287.5,1274.5,965.0,12357385.0,770
2023-05-11 09:47:46,fb2309,fb2309,1282.5,0.0,0.0,0.0,1,1282.5,1283.0,4,1278.5,1278.5,1287.5,1274.5,965.0,12357385.0,770
2023-05-11 09:47:47,fb2309,fb2309,1282.5,1.0,12825.0,-1.0,3,1281.5,1283.0,4,1278.5,1278.5,1287.5,1274.5,966.0,12370210.0,769
2023-05-11 09:47:47,fb2309,fb2309,1282.5,0.0,0.0,0.0,16,1282.0,1283.0,4,1278.5,1278.5,1287.5,1274.5,966.0,12370210.0,769
2023-05-11 09:47:54,fb2309,fb2309,1283.0,2.0,25660.0,0.0,16,1282.0,1283.0,2,1278.5,1278.5,1287.5,1274.5,968.0,12395870.0,769
2023-05-11 09:47:55,fb2309,fb2309,1283.5,3.0,38495.0,0.0,16,1282.0,1282.5,1,1278.5,1278.5,1287.5,1274.5,971.0,12434365.0,769
2023-05-11 09:47:55,fb2309,fb2309,1282.5,1.0,12825.0,1.0,1,1282.5,1283.5,18,1278.5,1278.5,1287.5,1274.5,972.0,12447190.0,770
2023-05-11 09:47:56,fb2309,fb2309,1282.5,1.0,12825.0,-1.0,16,1282.0,1283.5,18,1278.5,1278.5,1287.5,1274.5,973.0,12460015.0,769
2023-05-11 09:47:59,fb2309,fb2309,1282.5,0.0,0.0,0.0,16,1282.0,1283.0,1,1278.5,1278.5,1287.5,1274.5,973.0,12460015.0,769
2023-05-11 09:48:01,fb2309,fb2309,1282.5,0.0,0.0,0.0,19,1282.0,1283.0,1,1278.5,1278.5,1287.5,1274.5,973.0,12460015.0,769
2023-05-11 09:48:10,fb2309,fb2309,1282.5,0.0,0.0,0.0,19,1282.0,1283.0,2,1278.5,1278.5,1287.5,1274.5,973.0,12460015.0,769
2023-05-11 09:48:19,fb2309,fb2309,1282.5,0.0,0.0,0.0,19,1282.0,1283.0,7,1278.5,1278.5,1287.5,1274.5,973.0,12460015.0,769
2023-05-11 09:48:20,fb2309,fb2309,1282.5,0.0,0.0,0.0,19,1282.0,1283.0,6,1278.5,1278.5,1287.5,1274.5,973.0,12460015.0,769
2023-05-11 09:48:24,fb2309,fb2309,1282.5,0.0,0.0,0.0,16,1282.0,1283.0,6,1278.5,1278.5,1287.5,1274.5,973.0,12460015.0,769
2023-05-11 09:48:28,fb2309,fb2309,1282.0,1.0,12820.0,0.0,15,1282.0,1283.0,6,1278.5,1278.5,1287.5,1274.5,974.0,12472835.0,769
2023-05-11 09:48:30,fb2309,fb2309,1282.0,1.0,12820.0,1.0,14,1282.0,1283.0,6,1278.5,1278.5,1287.5,1274.5,975.0,12485655.0,770
2023-05-11 09:48:33,fb2309,fb2309,1282.0,1.0,12820.0,0.0,13,1282.0,1283.0,6,1278.5,1278.5,1287.5,1274.5,976.0,12498475.0,770
2023-05-11 09:48:37,fb2309,fb2309,1282.0,0.0,0.0,0.0,13,1282.0,1283.0,7,1278.5,1278.5,1287.5,1274.5,976.0,12498475.0,770
2023-05-11 09:48:43,fb2309,fb2309,1282.0,0.0,0.0,0.0,13,1282.0,1283.0,8,1278.5,1278.5,1287.5,1274.5,976.0,12498475.0,770
2023-05-11 09:48:50,fb2309,fb2309,1282.0,0.0,0.0,0.0,13,1282.0,1283.0,9,1278.5,1278.5,1287.5,1274.5,976.0,12498475.0,770
2023-05-11 09:48:52,fb2309,fb2309,1282.0,1.0,12820.0,1.0,12,1282.0,1283.0,9,1278.5,1278.5,1287.5,1274.5,977.0,12511295.0,771
2023-05-11 09:48:56,fb2309,fb2309,1282.0,1.0,12820.0,-1.0,11,1282.0,1283.0,9,1278.5,1278.5,1287.5,1274.5,978.0,12524115.0,770
2023-05-11 09:48:58,fb2309,fb2309,1282.0,0.0,0.0,0.0,11,1282.0,1282.5,1,1278.5,1278.5,1287.5,1274.5,978.0,12524115.0,770
2023-05-11 09:49:01,fb2309,fb2309,1282.0,3.0,38460.0,0.0,3,1281.5,1282.5,1,1278.5,1278.5,1287.5,1274.5,981.0,12562575.0,770
2023-05-11 09:49:11,fb2309,fb2309,1281.5,1.0,12815.0,1.0,2,1281.5,1282.5,1,1278.5,1278.5,1287.5,1274.5,982.0,12575390.0,771
2023-05-11 09:49:12,fb2309,fb2309,1281.5,0.0,0.0,0.0,2,1281.5,1282.5,2,1278.5,1278.5,1287.5,1274.5,982.0,12575390.0,771
2023-05-11 09:49:12,fb2309,fb2309,1281.0,4.0,51250.0,-1.0,1,1280.5,1282.0,21,1278.5,1278.5,1287.5,1274.5,986.0,12626640.0,770
2023-05-11 09:49:21,fb2309,fb2309,1281.0,0.0,0.0,0.0,1,1280.5,1281.5,1,1278.5,1278.5,1287.5,1274.5,986.0,12626640.0,770
2023-05-11 09:49:28,fb2309,fb2309,1281.0,0.0,0.0,0.0,11,1280.5,1281.5,1,1278.5,1278.5,1287.5,1274.5,986.0,12626640.0,770
2023-05-11 09:49:32,fb2309,fb2309,1281.0,0.0,0.0,0.0,11,1280.5,1282.0,21,1278.5,1278.5,1287.5,1274.5,986.0,12626640.0,770
2023-05-11 09:49:35,fb2309,fb2309,1281.0,0.0,0.0,0.0,1,1281.0,1282.0,21,1278.5,1278.5,1287.5,1274.5,986.0,12626640.0,770
2023-05-11 09:49:36,fb2309,fb2309,1281.0,1.0,12810.0,0.0,5,1280.0,1282.0,21,1278.5,1278.5,1287.5,1274.5,987.0,12639450.0,770
2023-05-11 09:49:36,fb2309,fb2309,1281.0,0.0,0.0,0.0,2,1280.5,1281.5,1,1278.5,1278.5,1287.5,1274.5,987.0,12639450.0,770
2023-05-11 09:49:38,fb2309,fb2309,1281.0,0.0,0.0,0.0,2,1280.5,1281.5,2,1278.5,1278.5,1287.5,1274.5,987.0,12639450.0,770
2023-05-11 09:49:40,fb2309,fb2309,1281.0,0.0,0.0,0.0,2,1280.5,1281.5,3,1278.5,1278.5,1287.5,1274.5,987.0,12639450.0,770
2023-05-11 09:49:42,fb2309,fb2309,1281.0,0.0,0.0,0.0,2,1280.5,1281.0,1,1278.5,1278.5,1287.5,1274.5,987.0,12639450.0,770
2023-05-11 09:49:46,fb2309,fb2309,1281.0,0.0,0.0,0.0,2,1280.5,1281.5,3,1278.5,1278.5,1287.5,1274.5,987.0,12639450.0,770
