time,symbol_id,symbol_name,last,trade_volume,trade_amount,open_interest_change,bv1,bp1,ap1,av1,yesterday_close,today_open,today_high,today_low,volume,amount,open_interest
2023-05-11 08:57:51,fb2306,fb2306,1258.0,0.0,0.0,0.0,2,1252.0,1278.0,4,1258.0,1261.5,0.0,0.0,0.0,0.0,290
2023-05-11 09:00:00,fb2306,fb2306,1258.0,0.0,0.0,0.0,2,1252.0,1276.0,4,1258.0,1261.5,0.0,0.0,0.0,0.0,290
2023-05-11 09:00:00,fb2306,fb2306,1258.0,0.0,0.0,0.0,2,1252.0,1275.5,1,1258.0,1261.5,0.0,0.0,0.0,0.0,290
2023-05-11 09:00:06,fb2306,fb2306,1258.0,0.0,0.0,0.0,2,1252.0,1275.0,1,1258.0,1261.5,0.0,0.0,0.0,0.0,290
2023-05-11 09:00:11,fb2306,fb2306,1258.0,0.0,0.0,0.0,3,1252.0,1275.0,1,1258.0,1261.5,0.0,0.0,0.0,0.0,290
2023-05-11 09:00:12,fb2306,fb2306,1258.0,0.0,0.0,0.0,3,1252.0,1274.5,2,1258.0,1261.5,0.0,0.0,0.0,0.0,290
2023-05-11 09:00:14,fb2306,fb2306,1258.0,0.0,0.0,0.0,3,1252.0,1274.5,4,1258.0,1261.5,0.0,0.0,0.0,0.0,290
2023-05-11 09:00:17,fb2306,fb2306,1258.0,0.0,0.0,0.0,3,1252.0,1274.0,1,1258.0,1261.5,0.0,0.0,0.0,0.0,290
2023-05-11 09:00:24,fb2306,fb2306,1258.0,0.0,0.0,0.0,3,1252.0,1273.5,2,1258.0,1261.5,0.0,0.0,0.0,0.0,290
2023-05-11 09:00:28,fb2306,fb2306,1258.0,0.0,0.0,0.0,1,1252.5,1273.5,2,1258.0,1261.5,0.0,0.0,0.0,0.0,290
2023-05-11 09:00:29,fb2306,fb2306,1258.0,0.0,0.0,0.0,1,1252.5,1273.0,1,1258.0,1261.5,0.0,0.0,0.0,0.0,290
2023-05-11 09:00:30,fb2306,fb2306,1258.0,0.0,0.0,0.0,1,1252.5,1272.5,2,1258.0,1261.5,0.0,0.0,0.0,0.0,290
2023-05-11 09:00:31,fb2306,fb2306,1258.0,0.0,0.0,0.0,7,1252.5,1272.5,2,1258.0,1261.5,0.0,0.0,0.0,0.0,290
2023-05-11 09:00:36,fb2306,fb2306,1258.0,0.0,0.0,0.0,7,1252.5,1271.5,2,1258.0,1261.5,0.0,0.0,0.0,0.0,290
2023-05-11 09:00:38,fb2306,fb2306,1258.0,0.0,0.0,0.0,1,1253.0,1271.5,2,1258.0,1261.5,0.0,0.0,0.0,0.0,290
2023-05-11 09:00:39,fb2306,fb2306,1258.0,0.0,0.0,0.0,1,1253.0,1271.0,2,1258.0,1261.5,0.0,0.0,0.0,0.0,290
2023-05-11 09:00:59,fb2306,fb2306,1258.0,0.0,0.0,0.0,1,1253.0,1270.5,2,1258.0,1261.5,0.0,0.0,0.0,0.0,290
2023-05-11 09:01:02,fb2306,fb2306,1258.0,0.0,0.0,0.0,1,1253.0,1270.0,2,1258.0,1261.5,0.0,0.0,0.0,0.0,290
2023-05-11 09:01:13,fb2306,fb2306,1258.0,0.0,0.0,0.0,1,1253.0,1270.0,3,1258.0,1261.5,0.0,0.0,0.0,0.0,290
2023-05-11 09:01:38,fb2306,fb2306,1258.0,0.0,0.0,0.0,1,1253.0,1269.5,1,1258.0,1261.5,0.0,0.0,0.0,0.0,290
2023-05-11 09:01:44,fb2306,fb2306,1258.0,0.0,0.0,0.0,1,1253.0,1269.0,2,1258.0,1261.5,0.0,0.0,0.0,0.0,290
2023-05-11 09:01:47,fb2306,fb2306,1258.0,0.0,0.0,0.0,1,1253.0,1269.0,3,1258.0,1261.5,0.0,0.0,0.0,0.0,290
2023-05-11 09:01:49,fb2306,fb2306,1258.0,0.0,0.0,0.0,1,1252.5,1269.0,3,1258.0,1261.5,0.0,0.0,0.0,0.0,290
2023-05-11 09:01:57,fb2306,fb2306,1258.0,0.0,0.0,0.0,2,1252.5,1269.0,3,1258.0,1261.5,0.0,0.0,0.0,0.0,290
2023-05-11 09:02:06,fb2306,fb2306,1258.0,0.0,0.0,0.0,2,1252.5,1268.5,2,1258.0,1261.5,0.0,0.0,0.0,0.0,290
2023-05-11 09:02:13,fb2306,fb2306,1258.0,0.0,0.0,0.0,1,1253.0,1268.5,2,1258.0,1261.5,0.0,0.0,0.0,0.0,290
2023-05-11 09:02:20,fb2306,fb2306,1258.0,0.0,0.0,0.0,1,1253.0,1268.0,1,1258.0,1261.5,0.0,0.0,0.0,0.0,290
2023-05-11 09:02:29,fb2306,fb2306,1258.0,0.0,0.0,0.0,1,1253.0,1268.0,2,1258.0,1261.5,0.0,0.0,0.0,0.0,290
2023-05-11 09:02:34,fb2306,fb2306,1258.0,0.0,0.0,0.0,1,1253.0,1267.5,2,1258.0,1261.5,0.0,0.0,0.0,0.0,290
2023-05-11 09:02:44,fb2306,fb2306,1258.0,0.0,0.0,0.0,2,1253.0,1267.5,2,1258.0,1261.5,0.0,0.0,0.0,0.0,290
2023-05-11 09:02:46,fb2306,fb2306,1258.0,0.0,0.0,0.0,2,1253.0,1267.0,1,1258.0,1261.5,0.0,0.0,0.0,0.0,290
2023-05-11 09:02:51,fb2306,fb2306,1258.0,0.0,0.0,0.0,3,1253.5,1267.0,1,1258.0,1261.5,0.0,0.0,0.0,0.0,290
2023-05-11 09:02:56,fb2306,fb2306,1258.0,0.0,0.0,0.0,3,1253.5,1267.0,2,1258.0,1261.5,0.0,0.0,0.0,0.0,290
2023-05-11 09:03:04,fb2306,fb2306,1258.0,0.0,0.0,0.0,3,1253.5,1266.5,2,1258.0,1261.5,0.0,0.0,0.0,0.0,290
2023-05-11 09:03:10,fb2306,fb2306,1258.0,0.0,0.0,0.0,3,1253.5,1266.0,2,1258.0,1261.5,0.0,0.0,0.0,0.0,290
2023-05-11 09:03:18,fb2306,fb2306,1258.0,0.0,0.0,0.0,3,1253.5,1266.0,3,1258.0,1261.5,0.0,0.0,0.0,0.0,290
2023-05-11 09:03:22,fb2306,fb2306,1258.0,0.0,0.0,0.0,3,1253.5,1265.0,1,1258.0,1261.5,0.0,0.0,0.0,0.0,290
2023-05-11 09:03:52,fb2306,fb2306,1258.0,0.0,0.0,0.0,3,1253.5,1264.5,2,1258.0,1261.5,0.0,0.0,0.0,0.0,290
2023-05-11 09:03:54,fb2306,fb2306,1258.0,0.0,0.0,0.0,3,1253.5,1264.0,2,1258.0,1261.5,0.0,0.0,0.0,0.0,290
2023-05-11 09:04:12,fb2306,fb2306,1258.0,0.0,0.0,0.0,3,1253.5,1263.0,8,1258.0,1261.5,0.0,0.0,0.0,0.0,290
2023-05-11 09:04:35,fb2306,fb2306,1258.0,0.0,0.0,0.0,2,1254.0,1263.0,8,1258.0,1261.5,0.0,0.0,0.0,0.0,290
2023-05-11 09:04:49,fb2306,fb2306,1258.0,0.0,0.0,0.0,2,1254.0,1262.5,1,1258.0,1261.5,0.0,0.0,0.0,0.0,290
2023-05-11 09:05:12,fb2306,fb2306,1258.0,0.0,0.0,0.0,2,1254.0,1262.5,2,1258.0,1261.5,0.0,0.0,0.0,0.0,290
2023-05-11 09:05:16,fb2306,fb2306,1258.0,0.0,0.0,0.0,2,1254.0,1262.0,1,1258.0,1261.5,0.0,0.0,0.0,0.0,290
2023-05-11 09:05:23,fb2306,fb2306,1258.0,0.0,0.0,0.0,2,1254.0,1261.0,1,1258.0,1261.5,0.0,0.0,0.0,0.0,290
2023-05-11 09:05:29,fb2306,fb2306,1258.0,0.0,0.0,0.0,1,1254.5,1261.0,1,1258.0,1261.5,0.0,0.0,0.0,0.0,290
2023-05-11 09:06:00,fb2306,fb2306,1258.0,0.0,0.0,0.0,2,1254.0,1261.0,1,1258.0,1261.5,0.0,0.0,0.0,0.0,290
2023-05-11 09:07:14,fb2306,fb2306,1258.0,0.0,0.0,0.0,1,1254.5,1264.0,2,1258.0,1261.5,0.0,0.0,0.0,0.0,290
2023-05-11 09:07:25,fb2306,fb2306,1258.0,0.0,0.0,0.0,1,1254.5,1263.5,2,1258.0,1261.5,0.0,0.0,0.0,0.0,290
2023-05-11 09:07:32,fb2306,fb2306,1258.0,0.0,0.0,0.0,1,1254.5,1263.0,1,1258.0,1261.5,0.0,0.0,0.0,0.0,290
2023-05-11 09:07:43,fb2306,fb2306,1258.0,0.0,0.0,0.0,1,1254.5,1263.0,2,1258.0,1261.5,0.0,0.0,0.0,0.0,290
2023-05-11 09:08:07,fb2306,fb2306,1258.0,0.0,0.0,0.0,1,1253.0,1263.0,2,1258.0,1261.5,0.0,0.0,0.0,0.0,290
2023-05-11 09:08:15,fb2306,fb2306,1258.0,0.0,0.0,0.0,1,1253.5,1263.0,2,1258.0,1261.5,0.0,0.0,0.0,0.0,290
2023-05-11 09:08:50,fb2306,fb2306,1258.0,0.0,0.0,0.0,1,1254.0,1262.5,2,1258.0,1261.5,0.0,0.0,0.0,0.0,290
2023-05-11 09:09:06,fb2306,fb2306,1258.0,0.0,0.0,0.0,1,1254.5,1262.5,2,1258.0,1261.5,0.0,0.0,0.0,0.0,290
2023-05-11 09:09:48,fb2306,fb2306,1258.0,0.0,0.0,0.0,1,1254.5,1262.0,1,1258.0,1261.5,0.0,0.0,0.0,0.0,290
2023-05-11 09:10:58,fb2306,fb2306,1258.0,0.0,0.0,0.0,1,1254.5,1261.5,2,1258.0,1261.5,0.0,0.0,0.0,0.0,290
2023-05-11 09:12:25,fb2306,fb2306,1258.0,0.0,0.0,0.0,1,1254.5,1261.5,3,1258.0,1261.5,0.0,0.0,0.0,0.0,290
2023-05-11 09:14:02,fb2306,fb2306,1258.0,0.0,0.0,0.0,1,1254.5,1261.5,2,1258.0,1261.5,0.0,0.0,0.0,0.0,290
2023-05-11 09:14:09,fb2306,fb2306,1258.0,0.0,0.0,0.0,1,1255.0,1261.5,2,1258.0,1261.5,0.0,0.0,0.0,0.0,290
2023-05-11 09:14:54,fb2306,fb2306,1258.0,0.0,0.0,0.0,1,1255.0,1261.5,3,1258.0,1261.5,0.0,0.0,0.0,0.0,290
2023-05-11 09:15:17,fb2306,fb2306,1258.0,0.0,0.0,0.0,1,1255.5,1261.5,3,1258.0,1261.5,0.0,0.0,0.0,0.0,290
2023-05-11 09:15:57,fb2306,fb2306,1258.0,0.0,0.0,0.0,1,1255.5,1261.5,1,1258.0,1261.5,0.0,0.0,0.0,0.0,290
2023-05-11 09:16:00,fb2306,fb2306,1258.0,0.0,0.0,0.0,2,1256.0,1261.5,1,1258.0,1261.5,0.0,0.0,0.0,0.0,290
2023-05-11 09:17:16,fb2306,fb2306,1258.0,0.0,0.0,0.0,2,1256.0,1261.0,1,1258.0,1261.5,0.0,0.0,0.0,0.0,290
2023-05-11 09:19:16,fb2306,fb2306,1258.0,0.0,0.0,0.0,2,1256.0,1261.5,1,1258.0,1261.5,0.0,0.0,0.0,0.0,290
2023-05-11 09:20:59,fb2306,fb2306,1258.0,0.0,0.0,0.0,1,1255.0,1261.5,1,1258.0,1261.5,0.0,0.0,0.0,0.0,290
2023-05-11 09:21:02,fb2306,fb2306,1258.0,0.0,0.0,0.0,2,1255.5,1261.5,1,1258.0,1261.5,0.0,0.0,0.0,0.0,290
2023-05-11 09:21:20,fb2306,fb2306,1261.5,1.0,12615.0,0.0,2,1255.5,1264.0,2,1258.0,1261.5,1261.5,1261.5,1.0,12615.0,290
2023-05-11 09:21:21,fb2306,fb2306,1261.5,0.0,0.0,0.0,1,1253.0,1264.0,2,1258.0,1261.5,1261.5,1261.5,1.0,12615.0,290
2023-05-11 09:21:35,fb2306,fb2306,1261.5,0.0,0.0,0.0,2,1253.0,1264.0,2,1258.0,1261.5,1261.5,1261.5,1.0,12615.0,290
2023-05-11 09:21:45,fb2306,fb2306,1261.5,0.0,0.0,0.0,2,1253.0,1263.5,2,1258.0,1261.5,1261.5,1261.5,1.0,12615.0,290
2023-05-11 09:21:55,fb2306,fb2306,1261.5,0.0,0.0,0.0,2,1253.0,1261.5,1,1258.0,1261.5,1261.5,1261.5,1.0,12615.0,290
2023-05-11 09:21:59,fb2306,fb2306,1261.5,0.0,0.0,0.0,2,1253.0,1261.0,1,1258.0,1261.5,1261.5,1261.5,1.0,12615.0,290
2023-05-11 09:22:02,fb2306,fb2306,1261.5,0.0,0.0,0.0,1,1253.0,1261.0,1,1258.0,1261.5,1261.5,1261.5,1.0,12615.0,290
2023-05-11 09:22:08,fb2306,fb2306,1261.5,0.0,0.0,0.0,1,1253.0,1261.0,2,1258.0,1261.5,1261.5,1261.5,1.0,12615.0,290
2023-05-11 09:22:29,fb2306,fb2306,1261.5,0.0,0.0,0.0,1,1253.5,1261.0,2,1258.0,1261.5,1261.5,1261.5,1.0,12615.0,290
2023-05-11 09:22:31,fb2306,fb2306,1261.5,0.0,0.0,0.0,1,1254.5,1261.0,2,1258.0,1261.5,1261.5,1261.5,1.0,12615.0,290
2023-05-11 09:22:36,fb2306,fb2306,1261.5,0.0,0.0,0.0,1,1253.5,1261.0,2,1258.0,1261.5,1261.5,1261.5,1.0,12615.0,290
2023-05-11 09:22:37,fb2306,fb2306,1261.5,0.0,0.0,0.0,1,1254.0,1261.0,2,1258.0,1261.5,1261.5,1261.5,1.0,12615.0,290
2023-05-11 09:23:10,fb2306,fb2306,1261.5,0.0,0.0,0.0,2,1254.5,1261.0,2,1258.0,1261.5,1261.5,1261.5,1.0,12615.0,290
2023-05-11 09:23:41,fb2306,fb2306,1261.5,0.0,0.0,0.0,1,1255.0,1261.0,2,1258.0,1261.5,1261.5,1261.5,1.0,12615.0,290
2023-05-11 09:23:56,fb2306,fb2306,1261.5,0.0,0.0,0.0,1,1255.0,1264.0,2,1258.0,1261.5,1261.5,1261.5,1.0,12615.0,290
2023-05-11 09:24:02,fb2306,fb2306,1261.5,0.0,0.0,0.0,1,1254.0,1264.0,2,1258.0,1261.5,1261.5,1261.5,1.0,12615.0,290
2023-05-11 09:24:06,fb2306,fb2306,1261.5,0.0,0.0,0.0,1,1254.0,1264.0,3,1258.0,1261.5,1261.5,1261.5,1.0,12615.0,290
2023-05-11 09:24:35,fb2306,fb2306,1261.5,0.0,0.0,0.0,1,1254.0,1264.0,2,1258.0,1261.5,1261.5,1261.5,1.0,12615.0,290
2023-05-11 09:24:37,fb2306,fb2306,1261.5,0.0,0.0,0.0,1,1254.0,1263.5,2,1258.0,1261.5,1261.5,1261.5,1.0,12615.0,290
2023-05-11 09:24:39,fb2306,fb2306,1261.5,0.0,0.0,0.0,2,1254.0,1263.5,2,1258.0,1261.5,1261.5,1261.5,1.0,12615.0,290
2023-05-11 09:24:55,fb2306,fb2306,1261.5,0.0,0.0,0.0,1,1254.0,1263.5,2,1258.0,1261.5,1261.5,1261.5,1.0,12615.0,290
2023-05-11 09:24:58,fb2306,fb2306,1261.5,0.0,0.0,0.0,1,1254.5,1263.5,2,1258.0,1261.5,1261.5,1261.5,1.0,12615.0,290
2023-05-11 09:25:05,fb2306,fb2306,1261.5,0.0,0.0,0.0,1,1255.0,1263.5,2,1258.0,1261.5,1261.5,1261.5,1.0,12615.0,290
2023-05-11 09:25:09,fb2306,fb2306,1261.5,0.0,0.0,0.0,1,1255.5,1263.5,2,1258.0,1261.5,1261.5,1261.5,1.0,12615.0,290
2023-05-11 09:25:18,fb2306,fb2306,1261.5,0.0,0.0,0.0,1,1255.5,1263.0,1,1258.0,1261.5,1261.5,1261.5,1.0,12615.0,290
2023-05-11 09:25:26,fb2306,fb2306,1261.5,0.0,0.0,0.0,1,1255.5,1263.0,2,1258.0,1261.5,1261.5,1261.5,1.0,12615.0,290
2023-05-11 09:25:36,fb2306,fb2306,1261.5,0.0,0.0,0.0,1,1255.5,1263.0,1,1258.0,1261.5,1261.5,1261.5,1.0,12615.0,290
2023-05-11 09:25:39,fb2306,fb2306,1261.5,0.0,0.0,0.0,1,1255.5,1263.5,2,1258.0,1261.5,1261.5,1261.5,1.0,12615.0,290
2023-05-11 09:25:41,fb2306,fb2306,1261.5,0.0,0.0,0.0,1,1256.0,1263.5,2,1258.0,1261.5,1261.5,1261.5,1.0,12615.0,290
2023-05-11 09:25:48,fb2306,fb2306,1261.5,0.0,0.0,0.0,1,1255.5,1263.5,2,1258.0,1261.5,1261.5,1261.5,1.0,12615.0,290
2023-05-11 09:25:49,fb2306,fb2306,1261.5,0.0,0.0,0.0,1,1253.5,1263.5,2,1258.0,1261.5,1261.5,1261.5,1.0,12615.0,290
2023-05-11 09:25:52,fb2306,fb2306,1261.5,0.0,0.0,0.0,1,1254.0,1263.5,2,1258.0,1261.5,1261.5,1261.5,1.0,12615.0,290
2023-05-11 09:25:52,fb2306,fb2306,1261.5,0.0,0.0,0.0,2,1254.0,1263.5,2,1258.0,1261.5,1261.5,1261.5,1.0,12615.0,290
2023-05-11 09:25:55,fb2306,fb2306,1261.5,0.0,0.0,0.0,1,1254.0,1263.5,2,1258.0,1261.5,1261.5,1261.5,1.0,12615.0,290
2023-05-11 09:25:57,fb2306,fb2306,1261.5,0.0,0.0,0.0,1,1254.5,1263.5,2,1258.0,1261.5,1261.5,1261.5,1.0,12615.0,290
2023-05-11 09:26:36,fb2306,fb2306,1261.5,0.0,0.0,0.0,1,1255.0,1263.5,2,1258.0,1261.5,1261.5,1261.5,1.0,12615.0,290
2023-05-11 09:26:39,fb2306,fb2306,1261.5,0.0,0.0,0.0,1,1255.5,1263.5,2,1258.0,1261.5,1261.5,1261.5,1.0,12615.0,290
2023-05-11 09:26:47,fb2306,fb2306,1261.5,0.0,0.0,0.0,1,1254.0,1263.5,2,1258.0,1261.5,1261.5,1261.5,1.0,12615.0,290
2023-05-11 09:26:48,fb2306,fb2306,1261.5,0.0,0.0,0.0,1,1254.0,1263.5,3,1258.0,1261.5,1261.5,1261.5,1.0,12615.0,290
2023-05-11 09:26:50,fb2306,fb2306,1261.5,0.0,0.0,0.0,1,1254.5,1263.5,3,1258.0,1261.5,1261.5,1261.5,1.0,12615.0,290
2023-05-11 09:27:04,fb2306,fb2306,1261.5,0.0,0.0,0.0,1,1254.5,1263.5,2,1258.0,1261.5,1261.5,1261.5,1.0,12615.0,290
2023-05-11 09:27:08,fb2306,fb2306,1261.5,0.0,0.0,0.0,2,1254.5,1263.5,2,1258.0,1261.5,1261.5,1261.5,1.0,12615.0,290
2023-05-11 09:27:44,fb2306,fb2306,1261.5,0.0,0.0,0.0,1,1256.0,1263.5,2,1258.0,1261.5,1261.5,1261.5,1.0,12615.0,290
2023-05-11 09:27:48,fb2306,fb2306,1261.5,0.0,0.0,0.0,2,1254.5,1263.5,2,1258.0,1261.5,1261.5,1261.5,1.0,12615.0,290
2023-05-11 09:27:50,fb2306,fb2306,1261.5,0.0,0.0,0.0,1,1258.0,1263.5,2,1258.0,1261.5,1261.5,1261.5,1.0,12615.0,290
2023-05-11 09:28:05,fb2306,fb2306,1263.5,1.0,12635.0,0.0,1,1258.0,1263.5,1,1258.0,1261.5,1263.5,1261.5,2.0,25250.0,290
2023-05-11 09:28:19,fb2306,fb2306,1263.5,0.0,0.0,0.0,1,1258.0,1263.5,2,1258.0,1261.5,1263.5,1261.5,2.0,25250.0,290
2023-05-11 09:28:25,fb2306,fb2306,1263.5,0.0,0.0,0.0,1,1258.0,1263.5,3,1258.0,1261.5,1263.5,1261.5,2.0,25250.0,290
2023-05-11 09:28:37,fb2306,fb2306,1263.5,0.0,0.0,0.0,1,1258.0,1263.5,4,1258.0,1261.5,1263.5,1261.5,2.0,25250.0,290
2023-05-11 09:28:44,fb2306,fb2306,1263.5,0.0,0.0,0.0,1,1258.0,1263.5,3,1258.0,1261.5,1263.5,1261.5,2.0,25250.0,290
2023-05-11 09:28:48,fb2306,fb2306,1263.5,0.0,0.0,0.0,1,1258.0,1263.0,1,1258.0,1261.5,1263.5,1261.5,2.0,25250.0,290
2023-05-11 09:28:55,fb2306,fb2306,1263.5,0.0,0.0,0.0,1,1258.0,1263.5,3,1258.0,1261.5,1263.5,1261.5,2.0,25250.0,290
2023-05-11 09:29:02,fb2306,fb2306,1263.5,0.0,0.0,0.0,1,1254.0,1263.5,3,1258.0,1261.5,1263.5,1261.5,2.0,25250.0,290
2023-05-11 09:29:03,fb2306,fb2306,1263.5,0.0,0.0,0.0,1,1254.0,1263.5,2,1258.0,1261.5,1263.5,1261.5,2.0,25250.0,290
2023-05-11 09:29:09,fb2306,fb2306,1263.5,0.0,0.0,0.0,1,1254.5,1263.5,2,1258.0,1261.5,1263.5,1261.5,2.0,25250.0,290
2023-05-11 09:29:36,fb2306,fb2306,1263.5,0.0,0.0,0.0,1,1258.0,1263.5,2,1258.0,1261.5,1263.5,1261.5,2.0,25250.0,290
2023-05-11 09:29:38,fb2306,fb2306,1263.5,0.0,0.0,0.0,1,1258.5,1263.5,2,1258.0,1261.5,1263.5,1261.5,2.0,25250.0,290
2023-05-11 09:30:24,fb2306,fb2306,1263.5,0.0,0.0,0.0,1,1258.5,1263.0,1,1258.0,1261.5,1263.5,1261.5,2.0,25250.0,290
2023-05-11 09:31:03,fb2306,fb2306,1263.5,0.0,0.0,0.0,1,1258.5,1263.0,2,1258.0,1261.5,1263.5,1261.5,2.0,25250.0,290
2023-05-11 09:31:08,fb2306,fb2306,1263.0,1.0,12630.0,1.0,1,1258.5,1263.0,1,1258.0,1261.5,1263.5,1261.5,3.0,37880.0,291
2023-05-11 09:31:10,fb2306,fb2306,1263.0,0.0,0.0,0.0,1,1258.5,1263.5,2,1258.0,1261.5,1263.5,1261.5,3.0,37880.0,291
2023-05-11 09:34:37,fb2306,fb2306,1263.0,0.0,0.0,0.0,1,1254.0,1263.5,2,1258.0,1261.5,1263.5,1261.5,3.0,37880.0,291
2023-05-11 09:34:42,fb2306,fb2306,1263.0,0.0,0.0,0.0,1,1254.5,1263.5,2,1258.0,1261.5,1263.5,1261.5,3.0,37880.0,291
2023-05-11 09:34:46,fb2306,fb2306,1263.0,0.0,0.0,0.0,1,1255.0,1263.5,2,1258.0,1261.5,1263.5,1261.5,3.0,37880.0,291
2023-05-11 09:35:37,fb2306,fb2306,1263.0,0.0,0.0,0.0,1,1255.5,1263.5,2,1258.0,1261.5,1263.5,1261.5,3.0,37880.0,291
2023-05-11 09:35:46,fb2306,fb2306,1263.0,0.0,0.0,0.0,2,1255.5,1263.5,2,1258.0,1261.5,1263.5,1261.5,3.0,37880.0,291
2023-05-11 09:35:50,fb2306,fb2306,1263.0,0.0,0.0,0.0,1,1258.0,1263.5,2,1258.0,1261.5,1263.5,1261.5,3.0,37880.0,291
2023-05-11 09:36:09,fb2306,fb2306,1263.0,0.0,0.0,0.0,1,1258.5,1263.5,2,1258.0,1261.5,1263.5,1261.5,3.0,37880.0,291
2023-05-11 09:37:23,fb2306,fb2306,1263.0,0.0,0.0,0.0,1,1258.5,1263.5,1,1258.0,1261.5,1263.5,1261.5,3.0,37880.0,291
2023-05-11 09:37:41,fb2306,fb2306,1263.0,0.0,0.0,0.0,1,1258.5,1264.0,2,1258.0,1261.5,1263.5,1261.5,3.0,37880.0,291
2023-05-11 09:39:30,fb2306,fb2306,1263.0,0.0,0.0,0.0,1,1262.0,1264.0,2,1258.0,1261.5,1263.5,1261.5,3.0,37880.0,291
2023-05-11 09:39:56,fb2306,fb2306,1263.0,0.0,0.0,0.0,1,1258.5,1264.0,2,1258.0,1261.5,1263.5,1261.5,3.0,37880.0,291
2023-05-11 09:40:21,fb2306,fb2306,1263.0,0.0,0.0,0.0,1,1262.5,1264.0,2,1258.0,1261.5,1263.5,1261.5,3.0,37880.0,291
2023-05-11 09:40:32,fb2306,fb2306,1263.0,0.0,0.0,0.0,1,1258.5,1264.0,2,1258.0,1261.5,1263.5,1261.5,3.0,37880.0,291
2023-05-11 09:41:07,fb2306,fb2306,1263.0,0.0,0.0,0.0,1,1255.5,1264.0,2,1258.0,1261.5,1263.5,1261.5,3.0,37880.0,291
2023-05-11 09:41:11,fb2306,fb2306,1263.0,0.0,0.0,0.0,1,1256.0,1264.0,2,1258.0,1261.5,1263.5,1261.5,3.0,37880.0,291
2023-05-11 09:41:23,fb2306,fb2306,1263.0,0.0,0.0,0.0,1,1258.0,1264.0,2,1258.0,1261.5,1263.5,1261.5,3.0,37880.0,291
2023-05-11 09:41:36,fb2306,fb2306,1263.0,0.0,0.0,0.0,1,1256.0,1264.0,2,1258.0,1261.5,1263.5,1261.5,3.0,37880.0,291
2023-05-11 09:41:49,fb2306,fb2306,1263.0,0.0,0.0,0.0,1,1260.0,1264.0,2,1258.0,1261.5,1263.5,1261.5,3.0,37880.0,291
2023-05-11 09:41:59,fb2306,fb2306,1264.0,1.0,12640.0,1.0,1,1260.0,1264.0,1,1258.0,1261.5,1264.0,1261.5,4.0,50520.0,292
2023-05-11 09:42:02,fb2306,fb2306,1264.0,0.0,0.0,0.0,1,1256.0,1264.0,1,1258.0,1261.5,1264.0,1261.5,4.0,50520.0,292
2023-05-11 09:42:04,fb2306,fb2306,1264.0,0.0,0.0,0.0,1,1260.0,1264.0,1,1258.0,1261.5,1264.0,1261.5,4.0,50520.0,292
2023-05-11 09:42:09,fb2306,fb2306,1264.0,0.0,0.0,0.0,1,1260.0,1278.0,4,1258.0,1261.5,1264.0,1261.5,4.0,50520.0,292
2023-05-11 09:42:11,fb2306,fb2306,1264.0,0.0,0.0,0.0,1,1260.0,1277.5,1,1258.0,1261.5,1264.0,1261.5,4.0,50520.0,292
2023-05-11 09:42:14,fb2306,fb2306,1264.0,0.0,0.0,0.0,1,1256.0,1277.5,1,1258.0,1261.5,1264.0,1261.5,4.0,50520.0,292
2023-05-11 09:42:17,fb2306,fb2306,1264.0,0.0,0.0,0.0,1,1256.0,1277.0,1,1258.0,1261.5,1264.0,1261.5,4.0,50520.0,292
2023-05-11 09:42:22,fb2306,fb2306,1264.0,0.0,0.0,0.0,1,1263.0,1277.0,1,1258.0,1261.5,1264.0,1261.5,4.0,50520.0,292
2023-05-11 09:42:34,fb2306,fb2306,1264.0,0.0,0.0,0.0,1,1256.0,1277.0,1,1258.0,1261.5,1264.0,1261.5,4.0,50520.0,292
2023-05-11 09:42:45,fb2306,fb2306,1264.0,0.0,0.0,0.0,1,1256.0,1264.0,1,1258.0,1261.5,1264.0,1261.5,4.0,50520.0,292
2023-05-11 09:43:45,fb2306,fb2306,1256.0,1.0,12560.0,0.0,1,1253.5,1264.0,1,1258.0,1261.5,1264.0,1256.0,5.0,63080.0,292
2023-05-11 09:43:47,fb2306,fb2306,1256.0,0.0,0.0,0.0,1,1256.5,1264.0,1,1258.0,1261.5,1264.0,1256.0,5.0,63080.0,292
2023-05-11 09:43:49,fb2306,fb2306,1256.0,0.0,0.0,0.0,1,1253.5,1264.0,1,1258.0,1261.5,1264.0,1256.0,5.0,63080.0,292
2023-05-11 09:43:53,fb2306,fb2306,1256.0,0.0,0.0,0.0,1,1254.0,1264.0,1,1258.0,1261.5,1264.0,1256.0,5.0,63080.0,292
2023-05-11 09:44:05,fb2306,fb2306,1256.0,0.0,0.0,0.0,2,1254.5,1264.0,1,1258.0,1261.5,1264.0,1256.0,5.0,63080.0,292
2023-05-11 09:44:07,fb2306,fb2306,1256.0,0.0,0.0,0.0,1,1256.0,1264.0,1,1258.0,1261.5,1264.0,1256.0,5.0,63080.0,292
2023-05-11 09:44:15,fb2306,fb2306,1256.0,0.0,0.0,0.0,2,1256.0,1264.0,1,1258.0,1261.5,1264.0,1256.0,5.0,63080.0,292
2023-05-11 09:44:17,fb2306,fb2306,1256.0,0.0,0.0,0.0,3,1256.0,1264.0,1,1258.0,1261.5,1264.0,1256.0,5.0,63080.0,292
2023-05-11 09:44:23,fb2306,fb2306,1256.0,0.0,0.0,0.0,1,1256.5,1264.0,1,1258.0,1261.5,1264.0,1256.0,5.0,63080.0,292
2023-05-11 09:44:26,fb2306,fb2306,1256.0,0.0,0.0,0.0,2,1256.5,1264.0,1,1258.0,1261.5,1264.0,1256.0,5.0,63080.0,292
2023-05-11 09:44:29,fb2306,fb2306,1256.0,0.0,0.0,0.0,1,1256.5,1264.0,1,1258.0,1261.5,1264.0,1256.0,5.0,63080.0,292
2023-05-11 09:44:30,fb2306,fb2306,1256.0,0.0,0.0,0.0,1,1257.0,1264.0,1,1258.0,1261.5,1264.0,1256.0,5.0,63080.0,292
2023-05-11 09:44:48,fb2306,fb2306,1256.0,0.0,0.0,0.0,2,1257.5,1264.0,1,1258.0,1261.5,1264.0,1256.0,5.0,63080.0,292
2023-05-11 09:45:38,fb2306,fb2306,1256.0,0.0,0.0,0.0,2,1257.5,1264.0,2,1258.0,1261.5,1264.0,1256.0,5.0,63080.0,292
2023-05-11 09:45:48,fb2306,fb2306,1256.0,0.0,0.0,0.0,1,1258.0,1264.0,2,1258.0,1261.5,1264.0,1256.0,5.0,63080.0,292
2023-05-11 09:45:51,fb2306,fb2306,1256.0,0.0,0.0,0.0,1,1258.0,1263.5,1,1258.0,1261.5,1264.0,1256.0,5.0,63080.0,292
2023-05-11 09:45:54,fb2306,fb2306,1256.0,0.0,0.0,0.0,2,1257.5,1263.5,1,1258.0,1261.5,1264.0,1256.0,5.0,63080.0,292
2023-05-11 09:45:57,fb2306,fb2306,1256.0,0.0,0.0,0.0,3,1257.5,1263.5,1,1258.0,1261.5,1264.0,1256.0,5.0,63080.0,292
2023-05-11 09:46:30,fb2306,fb2306,1256.0,0.0,0.0,0.0,1,1258.0,1263.5,1,1258.0,1261.5,1264.0,1256.0,5.0,63080.0,292
2023-05-11 09:47:34,fb2306,fb2306,1258.0,1.0,12580.0,-1.0,1,1257.5,1263.5,1,1258.0,1261.5,1264.0,1256.0,6.0,75660.0,291
2023-05-11 09:47:39,fb2306,fb2306,1258.0,0.0,0.0,0.0,2,1258.0,1263.5,1,1258.0,1261.5,1264.0,1256.0,6.0,75660.0,291
2023-05-11 09:47:58,fb2306,fb2306,1258.0,0.0,0.0,0.0,3,1258.0,1263.5,1,1258.0,1261.5,1264.0,1256.0,6.0,75660.0,291
2023-05-11 09:49:28,fb2306,fb2306,1258.0,0.0,0.0,0.0,2,1258.0,1263.5,1,1258.0,1261.5,1264.0,1256.0,6.0,75660.0,291
2023-05-11 09:50:02,fb2306,fb2306,1258.0,0.0,0.0,0.0,1,1259.0,1263.5,1,1258.0,1261.5,1264.0,1256.0,6.0,75660.0,291
2023-05-11 09:50:15,fb2306,fb2306,1258.0,0.0,0.0,0.0,2,1258.0,1263.5,1,1258.0,1261.5,1264.0,1256.0,6.0,75660.0,291
2023-05-11 09:50:22,fb2306,fb2306,1258.0,0.0,0.0,0.0,1,1260.0,1263.5,1,1258.0,1261.5,1264.0,1256.0,6.0,75660.0,291
2023-05-11 09:50:33,fb2306,fb2306,1258.0,0.0,0.0,0.0,1,1260.0,1263.0,2,1258.0,1261.5,1264.0,1256.0,6.0,75660.0,291
2023-05-11 09:50:38,fb2306,fb2306,1258.0,0.0,0.0,0.0,1,1260.0,1262.5,1,1258.0,1261.5,1264.0,1256.0,6.0,75660.0,291
2023-05-11 09:50:45,fb2306,fb2306,1258.0,0.0,0.0,0.0,1,1260.0,1263.5,1,1258.0,1261.5,1264.0,1256.0,6.0,75660.0,291
2023-05-11 09:50:48,fb2306,fb2306,1258.0,0.0,0.0,0.0,1,1260.0,1263.0,1,1258.0,1261.5,1264.0,1256.0,6.0,75660.0,291
2023-05-11 09:51:05,fb2306,fb2306,1258.0,0.0,0.0,0.0,1,1258.0,1263.0,1,1258.0,1261.5,1264.0,1256.0,6.0,75660.0,291
2023-05-11 09:51:08,fb2306,fb2306,1258.0,0.0,0.0,0.0,1,1256.5,1263.0,1,1258.0,1261.5,1264.0,1256.0,6.0,75660.0,291
2023-05-11 09:51:11,fb2306,fb2306,1258.0,0.0,0.0,0.0,1,1256.5,1263.5,1,1258.0,1261.5,1264.0,1256.0,6.0,75660.0,291
2023-05-11 09:51:13,fb2306,fb2306,1258.0,0.0,0.0,0.0,1,1257.0,1263.5,1,1258.0,1261.5,1264.0,1256.0,6.0,75660.0,291
2023-05-11 09:51:16,fb2306,fb2306,1258.0,0.0,0.0,0.0,3,1257.5,1263.5,1,1258.0,1261.5,1264.0,1256.0,6.0,75660.0,291
2023-05-11 09:51:18,fb2306,fb2306,1258.0,0.0,0.0,0.0,2,1257.5,1264.0,2,1258.0,1261.5,1264.0,1256.0,6.0,75660.0,291
2023-05-11 09:51:28,fb2306,fb2306,1258.0,0.0,0.0,0.0,2,1257.5,1264.0,1,1258.0,1261.5,1264.0,1256.0,6.0,75660.0,291
2023-05-11 09:51:51,fb2306,fb2306,1258.0,0.0,0.0,0.0,3,1257.5,1264.0,1,1258.0,1261.5,1264.0,1256.0,6.0,75660.0,291
2023-05-11 09:52:05,fb2306,fb2306,1258.0,0.0,0.0,0.0,1,1257.5,1264.0,1,1258.0,1261.5,1264.0,1256.0,6.0,75660.0,291
2023-05-11 09:52:09,fb2306,fb2306,1258.0,0.0,0.0,0.0,1,1256.5,1264.0,1,1258.0,1261.5,1264.0,1256.0,6.0,75660.0,291
2023-05-11 09:52:13,fb2306,fb2306,1258.0,0.0,0.0,0.0,2,1256.5,1264.0,1,1258.0,1261.5,1264.0,1256.0,6.0,75660.0,291
2023-05-11 09:52:18,fb2306,fb2306,1258.0,0.0,0.0,0.0,1,1260.0,1264.0,1,1258.0,1261.5,1264.0,1256.0,6.0,75660.0,291
2023-05-11 09:52:45,fb2306,fb2306,1258.0,0.0,0.0,0.0,1,1260.0,1263.5,2,1258.0,1261.5,1264.0,1256.0,6.0,75660.0,291
2023-05-11 09:52:53,fb2306,fb2306,1258.0,0.0,0.0,0.0,1,1257.0,1263.5,2,1258.0,1261.5,1264.0,1256.0,6.0,75660.0,291
2023-05-11 09:53:00,fb2306,fb2306,1258.0,0.0,0.0,0.0,2,1257.0,1263.5,2,1258.0,1261.5,1264.0,1256.0,6.0,75660.0,291
2023-05-11 09:53:29,fb2306,fb2306,1258.0,0.0,0.0,0.0,1,1257.0,1263.5,2,1258.0,1261.5,1264.0,1256.0,6.0,75660.0,291
2023-05-11 09:53:33,fb2306,fb2306,1258.0,0.0,0.0,0.0,1,1257.0,1263.0,1,1258.0,1261.5,1264.0,1256.0,6.0,75660.0,291
2023-05-11 09:53:54,fb2306,fb2306,1263.0,1.0,12630.0,0.0,1,1257.0,1263.5,2,1258.0,1261.5,1264.0,1256.0,7.0,88290.0,291
2023-05-11 09:54:03,fb2306,fb2306,1263.0,0.0,0.0,0.0,1,1257.0,1263.5,12,1258.0,1261.5,1264.0,1256.0,7.0,88290.0,291
2023-05-11 09:54:07,fb2306,fb2306,1263.0,0.0,0.0,0.0,1,1257.0,1263.0,1,1258.0,1261.5,1264.0,1256.0,7.0,88290.0,291
2023-05-11 09:54:10,fb2306,fb2306,1263.0,0.0,0.0,0.0,1,1257.0,1263.0,2,1258.0,1261.5,1264.0,1256.0,7.0,88290.0,291
2023-05-11 09:54:12,fb2306,fb2306,1263.0,0.0,0.0,0.0,1,1257.5,1263.0,2,1258.0,1261.5,1264.0,1256.0,7.0,88290.0,291
2023-05-11 09:54:13,fb2306,fb2306,1263.0,0.0,0.0,0.0,1,1257.5,1263.0,3,1258.0,1261.5,1264.0,1256.0,7.0,88290.0,291
2023-05-11 09:54:15,fb2306,fb2306,1263.0,0.0,0.0,0.0,1,1257.5,1263.0,4,1258.0,1261.5,1264.0,1256.0,7.0,88290.0,291
2023-05-11 09:54:17,fb2306,fb2306,1263.0,0.0,0.0,0.0,1,1257.5,1263.0,5,1258.0,1261.5,1264.0,1256.0,7.0,88290.0,291
2023-05-11 09:54:53,fb2306,fb2306,1263.0,0.0,0.0,0.0,1,1257.5,1262.5,2,1258.0,1261.5,1264.0,1256.0,7.0,88290.0,291
2023-05-11 09:54:58,fb2306,fb2306,1263.0,0.0,0.0,0.0,1,1258.0,1262.5,2,1258.0,1261.5,1264.0,1256.0,7.0,88290.0,291
2023-05-11 09:55:02,fb2306,fb2306,1263.0,0.0,0.0,0.0,1,1257.0,1262.5,2,1258.0,1261.5,1264.0,1256.0,7.0,88290.0,291
2023-05-11 09:55:05,fb2306,fb2306,1263.0,0.0,0.0,0.0,1,1257.5,1262.5,2,1258.0,1261.5,1264.0,1256.0,7.0,88290.0,291
2023-05-11 09:55:05,fb2306,fb2306,1263.0,0.0,0.0,0.0,1,1258.5,1262.5,2,1258.0,1261.5,1264.0,1256.0,7.0,88290.0,291
2023-05-11 09:55:20,fb2306,fb2306,1263.0,0.0,0.0,0.0,1,1257.0,1262.5,2,1258.0,1261.5,1264.0,1256.0,7.0,88290.0,291
2023-05-11 09:55:23,fb2306,fb2306,1263.0,0.0,0.0,0.0,1,1258.0,1262.5,2,1258.0,1261.5,1264.0,1256.0,7.0,88290.0,291
2023-05-11 09:55:35,fb2306,fb2306,1263.0,0.0,0.0,0.0,1,1257.0,1262.5,2,1258.0,1261.5,1264.0,1256.0,7.0,88290.0,291
2023-05-11 09:55:38,fb2306,fb2306,1263.0,0.0,0.0,0.0,1,1257.5,1262.5,2,1258.0,1261.5,1264.0,1256.0,7.0,88290.0,291
2023-05-11 09:59:52,fb2306,fb2306,1263.0,0.0,0.0,0.0,1,1257.5,1263.0,5,1258.0,1261.5,1264.0,1256.0,7.0,88290.0,291
2023-05-11 09:59:56,fb2306,fb2306,1263.0,0.0,0.0,0.0,1,1257.5,1262.5,2,1258.0,1261.5,1264.0,1256.0,7.0,88290.0,291
2023-05-11 10:00:42,fb2306,fb2306,1263.0,0.0,0.0,0.0,1,1254.5,1262.5,2,1258.0,1261.5,1264.0,1256.0,7.0,88290.0,291
2023-05-11 10:00:43,fb2306,fb2306,1263.0,0.0,0.0,0.0,1,1254.5,1263.0,5,1258.0,1261.5,1264.0,1256.0,7.0,88290.0,291
2023-05-11 10:00:48,fb2306,fb2306,1263.0,0.0,0.0,0.0,1,1255.0,1263.0,5,1258.0,1261.5,1264.0,1256.0,7.0,88290.0,291
2023-05-11 10:01:03,fb2306,fb2306,1263.0,0.0,0.0,0.0,1,1255.5,1263.0,5,1258.0,1261.5,1264.0,1256.0,7.0,88290.0,291
2023-05-11 10:01:07,fb2306,fb2306,1263.0,0.0,0.0,0.0,1,1253.5,1263.0,5,1258.0,1261.5,1264.0,1256.0,7.0,88290.0,291
2023-05-11 10:01:07,fb2306,fb2306,1263.0,0.0,0.0,0.0,1,1256.0,1263.0,5,1258.0,1261.5,1264.0,1256.0,7.0,88290.0,291
2023-05-11 10:01:09,fb2306,fb2306,1263.0,0.0,0.0,0.0,1,1254.5,1263.0,5,1258.0,1261.5,1264.0,1256.0,7.0,88290.0,291
2023-05-11 10:01:13,fb2306,fb2306,1263.0,0.0,0.0,0.0,1,1255.0,1263.0,5,1258.0,1261.5,1264.0,1256.0,7.0,88290.0,291
2023-05-11 10:01:19,fb2306,fb2306,1263.0,0.0,0.0,0.0,1,1255.5,1263.0,5,1258.0,1261.5,1264.0,1256.0,7.0,88290.0,291
2023-05-11 10:01:22,fb2306,fb2306,1263.0,0.0,0.0,0.0,3,1255.5,1263.0,5,1258.0,1261.5,1264.0,1256.0,7.0,88290.0,291
2023-05-11 10:01:28,fb2306,fb2306,1263.0,0.0,0.0,0.0,1,1256.0,1263.0,5,1258.0,1261.5,1264.0,1256.0,7.0,88290.0,291
2023-05-11 10:01:36,fb2306,fb2306,1263.0,0.0,0.0,0.0,1,1256.5,1263.0,5,1258.0,1261.5,1264.0,1256.0,7.0,88290.0,291
2023-05-11 10:01:41,fb2306,fb2306,1263.0,0.0,0.0,0.0,1,1257.5,1263.0,5,1258.0,1261.5,1264.0,1256.0,7.0,88290.0,291
2023-05-11 10:02:08,fb2306,fb2306,1263.0,0.0,0.0,0.0,1,1256.5,1263.0,5,1258.0,1261.5,1264.0,1256.0,7.0,88290.0,291
2023-05-11 10:02:09,fb2306,fb2306,1263.0,0.0,0.0,0.0,1,1253.5,1263.0,5,1258.0,1261.5,1264.0,1256.0,7.0,88290.0,291
2023-05-11 10:02:11,fb2306,fb2306,1263.0,0.0,0.0,0.0,1,1254.5,1263.0,5,1258.0,1261.5,1264.0,1256.0,7.0,88290.0,291
2023-05-11 10:02:17,fb2306,fb2306,1263.0,0.0,0.0,0.0,1,1255.0,1263.0,5,1258.0,1261.5,1264.0,1256.0,7.0,88290.0,291
2023-05-11 10:02:22,fb2306,fb2306,1263.0,0.0,0.0,0.0,1,1255.5,1263.0,5,1258.0,1261.5,1264.0,1256.0,7.0,88290.0,291
2023-05-11 10:02:26,fb2306,fb2306,1263.0,0.0,0.0,0.0,1,1256.0,1263.0,5,1258.0,1261.5,1264.0,1256.0,7.0,88290.0,291
2023-05-11 10:02:47,fb2306,fb2306,1263.0,0.0,0.0,0.0,2,1256.5,1263.0,5,1258.0,1261.5,1264.0,1256.0,7.0,88290.0,291
2023-05-11 10:02:53,fb2306,fb2306,1263.0,0.0,0.0,0.0,1,1257.5,1263.0,5,1258.0,1261.5,1264.0,1256.0,7.0,88290.0,291
2023-05-11 10:03:07,fb2306,fb2306,1263.0,0.0,0.0,0.0,1,1258.0,1263.0,5,1258.0,1261.5,1264.0,1256.0,7.0,88290.0,291
2023-05-11 10:03:13,fb2306,fb2306,1263.0,0.0,0.0,0.0,1,1260.5,1263.0,5,1258.0,1261.5,1264.0,1256.0,7.0,88290.0,291
2023-05-11 10:03:27,fb2306,fb2306,1263.0,0.0,0.0,0.0,1,1258.0,1263.0,5,1258.0,1261.5,1264.0,1256.0,7.0,88290.0,291
2023-05-11 10:03:31,fb2306,fb2306,1263.0,0.0,0.0,0.0,3,1258.5,1263.0,5,1258.0,1261.5,1264.0,1256.0,7.0,88290.0,291
2023-05-11 10:03:33,fb2306,fb2306,1263.0,0.0,0.0,0.0,2,1258.5,1263.0,5,1258.0,1261.5,1264.0,1256.0,7.0,88290.0,291
2023-05-11 10:03:37,fb2306,fb2306,1263.0,0.0,0.0,0.0,1,1261.5,1263.0,5,1258.0,1261.5,1264.0,1256.0,7.0,88290.0,291
2023-05-11 10:03:47,fb2306,fb2306,1263.0,0.0,0.0,0.0,1,1258.0,1263.0,5,1258.0,1261.5,1264.0,1256.0,7.0,88290.0,291
2023-05-11 10:03:52,fb2306,fb2306,1263.0,0.0,0.0,0.0,1,1258.5,1263.0,5,1258.0,1261.5,1264.0,1256.0,7.0,88290.0,291
2023-05-11 10:04:15,fb2306,fb2306,1263.0,0.0,0.0,0.0,1,1258.5,1262.5,2,1258.0,1261.5,1264.0,1256.0,7.0,88290.0,291
2023-05-11 10:05:05,fb2306,fb2306,1263.0,0.0,0.0,0.0,1,1258.0,1262.5,2,1258.0,1261.5,1264.0,1256.0,7.0,88290.0,291
2023-05-11 10:05:07,fb2306,fb2306,1263.0,0.0,0.0,0.0,1,1258.5,1262.5,2,1258.0,1261.5,1264.0,1256.0,7.0,88290.0,291
2023-05-11 10:07:05,fb2306,fb2306,1263.0,0.0,0.0,0.0,1,1258.0,1262.5,2,1258.0,1261.5,1264.0,1256.0,7.0,88290.0,291
2023-05-11 10:07:07,fb2306,fb2306,1263.0,0.0,0.0,0.0,1,1258.5,1262.5,2,1258.0,1261.5,1264.0,1256.0,7.0,88290.0,291
2023-05-11 10:09:13,fb2306,fb2306,1263.0,0.0,0.0,0.0,1,1258.5,1263.0,2,1258.0,1261.5,1264.0,1256.0,7.0,88290.0,291
2023-05-11 10:09:16,fb2306,fb2306,1263.0,0.0,0.0,0.0,1,1258.5,1262.5,2,1258.0,1261.5,1264.0,1256.0,7.0,88290.0,291
2023-05-11 10:09:37,fb2306,fb2306,1263.0,0.0,0.0,0.0,1,1258.0,1262.5,2,1258.0,1261.5,1264.0,1256.0,7.0,88290.0,291
2023-05-11 10:09:39,fb2306,fb2306,1263.0,0.0,0.0,0.0,1,1258.5,1262.5,2,1258.0,1261.5,1264.0,1256.0,7.0,88290.0,291
2023-05-11 10:11:50,fb2306,fb2306,1258.5,1.0,12585.0,-1.0,1,1258.0,1262.5,2,1258.0,1261.5,1264.0,1256.0,8.0,100875.0,290
2023-05-11 10:11:50,fb2306,fb2306,1258.5,0.0,0.0,0.0,1,1258.0,1261.5,1,1258.0,1261.5,1264.0,1256.0,8.0,100875.0,290
2023-05-11 10:12:37,fb2306,fb2306,1258.0,1.0,12580.0,0.0,1,1253.5,1261.5,1,1258.0,1261.5,1264.0,1256.0,9.0,113455.0,290
2023-05-11 10:12:47,fb2306,fb2306,1258.0,0.0,0.0,0.0,1,1253.5,1261.0,2,1258.0,1261.5,1264.0,1256.0,9.0,113455.0,290
2023-05-11 10:12:50,fb2306,fb2306,1258.0,0.0,0.0,0.0,1,1253.5,1260.5,1,1258.0,1261.5,1264.0,1256.0,9.0,113455.0,290
2023-05-11 10:12:52,fb2306,fb2306,1258.0,0.0,0.0,0.0,2,1253.5,1260.5,1,1258.0,1261.5,1264.0,1256.0,9.0,113455.0,290
2023-05-11 10:13:33,fb2306,fb2306,1258.0,0.0,0.0,0.0,2,1253.5,1260.0,2,1258.0,1261.5,1264.0,1256.0,9.0,113455.0,290
2023-05-11 10:14:01,fb2306,fb2306,1258.0,0.0,0.0,0.0,1,1254.0,1260.0,2,1258.0,1261.5,1264.0,1256.0,9.0,113455.0,290
2023-05-11 10:30:12,fb2306,fb2306,1258.0,0.0,0.0,0.0,1,1254.0,1260.5,1,1258.0,1261.5,1264.0,1256.0,9.0,113455.0,290
2023-05-11 10:30:49,fb2306,fb2306,1258.0,0.0,0.0,0.0,1,1254.0,1260.0,2,1258.0,1261.5,1264.0,1256.0,9.0,113455.0,290
2023-05-11 10:32:19,fb2306,fb2306,1258.0,0.0,0.0,0.0,1,1253.0,1260.0,2,1258.0,1261.5,1264.0,1256.0,9.0,113455.0,290
2023-05-11 10:34:44,fb2306,fb2306,1258.0,0.0,0.0,0.0,2,1253.0,1260.0,2,1258.0,1261.5,1264.0,1256.0,9.0,113455.0,290
2023-05-11 10:35:08,fb2306,fb2306,1258.0,0.0,0.0,0.0,2,1253.0,1259.5,1,1258.0,1261.5,1264.0,1256.0,9.0,113455.0,290
2023-05-11 10:35:37,fb2306,fb2306,1258.0,0.0,0.0,0.0,2,1253.0,1259.0,1,1258.0,1261.5,1264.0,1256.0,9.0,113455.0,290
2023-05-11 10:35:40,fb2306,fb2306,1258.0,0.0,0.0,0.0,2,1253.0,1259.5,1,1258.0,1261.5,1264.0,1256.0,9.0,113455.0,290
2023-05-11 10:35:48,fb2306,fb2306,1258.0,0.0,0.0,0.0,2,1253.5,1259.5,1,1258.0,1261.5,1264.0,1256.0,9.0,113455.0,290
2023-05-11 10:35:48,fb2306,fb2306,1253.5,1.0,12535.0,0.0,1,1253.5,1259.5,1,1258.0,1261.5,1264.0,1253.5,10.0,125990.0,290
2023-05-11 10:36:16,fb2306,fb2306,1253.5,0.0,0.0,0.0,2,1253.5,1259.5,1,1258.0,1261.5,1264.0,1253.5,10.0,125990.0,290
2023-05-11 10:36:54,fb2306,fb2306,1253.5,0.0,0.0,0.0,1,1253.5,1259.5,1,1258.0,1261.5,1264.0,1253.5,10.0,125990.0,290
2023-05-11 10:40:46,fb2306,fb2306,1253.5,0.0,0.0,0.0,1,1253.0,1259.5,1,1258.0,1261.5,1264.0,1253.5,10.0,125990.0,290
2023-05-11 10:41:01,fb2306,fb2306,1253.5,0.0,0.0,0.0,1,1253.5,1259.5,1,1258.0,1261.5,1264.0,1253.5,10.0,125990.0,290
2023-05-11 10:41:29,fb2306,fb2306,1253.5,0.0,0.0,0.0,1,1253.5,1259.0,1,1258.0,1261.5,1264.0,1253.5,10.0,125990.0,290
2023-05-11 10:46:04,fb2306,fb2306,1253.5,0.0,0.0,0.0,1,1253.0,1259.0,1,1258.0,1261.5,1264.0,1253.5,10.0,125990.0,290
2023-05-11 10:46:28,fb2306,fb2306,1253.5,0.0,0.0,0.0,1,1253.0,1259.5,1,1258.0,1261.5,1264.0,1253.5,10.0,125990.0,290
2023-05-11 10:46:31,fb2306,fb2306,1253.5,0.0,0.0,0.0,1,1253.0,1259.0,1,1258.0,1261.5,1264.0,1253.5,10.0,125990.0,290
2023-05-11 10:51:31,fb2306,fb2306,1253.5,0.0,0.0,0.0,1,1253.0,1259.5,1,1258.0,1261.5,1264.0,1253.5,10.0,125990.0,290
2023-05-11 10:51:35,fb2306,fb2306,1253.5,0.0,0.0,0.0,1,1253.0,1259.0,1,1258.0,1261.5,1264.0,1253.5,10.0,125990.0,290
2023-05-11 10:56:34,fb2306,fb2306,1253.5,0.0,0.0,0.0,1,1253.0,1259.5,1,1258.0,1261.5,1264.0,1253.5,10.0,125990.0,290
2023-05-11 10:56:37,fb2306,fb2306,1253.5,0.0,0.0,0.0,1,1253.0,1259.0,1,1258.0,1261.5,1264.0,1253.5,10.0,125990.0,290
2023-05-11 10:59:40,fb2306,fb2306,1253.5,0.0,0.0,0.0,1,1253.5,1259.0,1,1258.0,1261.5,1264.0,1253.5,10.0,125990.0,290
2023-05-11 11:01:36,fb2306,fb2306,1253.5,0.0,0.0,0.0,1,1253.5,1259.5,1,1258.0,1261.5,1264.0,1253.5,10.0,125990.0,290
2023-05-11 11:01:40,fb2306,fb2306,1253.5,0.0,0.0,0.0,1,1253.5,1259.0,1,1258.0,1261.5,1264.0,1253.5,10.0,125990.0,290
2023-05-11 11:02:42,fb2306,fb2306,1253.5,0.0,0.0,0.0,1,1253.0,1259.0,1,1258.0,1261.5,1264.0,1253.5,10.0,125990.0,290
2023-05-11 11:04:59,fb2306,fb2306,1253.5,0.0,0.0,0.0,1,1253.0,1258.5,1,1258.0,1261.5,1264.0,1253.5,10.0,125990.0,290
2023-05-11 11:06:00,fb2306,fb2306,1253.5,0.0,0.0,0.0,1,1253.0,1258.0,1,1258.0,1261.5,1264.0,1253.5,10.0,125990.0,290
2023-05-11 11:10:59,fb2306,fb2306,1253.5,0.0,0.0,0.0,1,1253.0,1259.5,1,1258.0,1261.5,1264.0,1253.5,10.0,125990.0,290
2023-05-11 11:11:02,fb2306,fb2306,1253.5,0.0,0.0,0.0,1,1253.0,1259.0,1,1258.0,1261.5,1264.0,1253.5,10.0,125990.0,290
2023-05-11 11:11:29,fb2306,fb2306,1253.5,0.0,0.0,0.0,1,1253.0,1258.5,1,1258.0,1261.5,1264.0,1253.5,10.0,125990.0,290
2023-05-11 11:12:28,fb2306,fb2306,1253.5,0.0,0.0,0.0,1,1253.0,1258.0,1,1258.0,1261.5,1264.0,1253.5,10.0,125990.0,290
2023-05-11 11:15:05,fb2306,fb2306,1253.5,0.0,0.0,0.0,1,1253.0,1257.5,1,1258.0,1261.5,1264.0,1253.5,10.0,125990.0,290
2023-05-11 11:16:05,fb2306,fb2306,1253.5,0.0,0.0,0.0,1,1253.0,1257.0,1,1258.0,1261.5,1264.0,1253.5,10.0,125990.0,290
2023-05-11 11:21:04,fb2306,fb2306,1253.5,0.0,0.0,0.0,1,1253.0,1257.5,1,1258.0,1261.5,1264.0,1253.5,10.0,125990.0,290
2023-05-11 11:21:45,fb2306,fb2306,1253.5,0.0,0.0,0.0,1,1253.0,1257.0,1,1258.0,1261.5,1264.0,1253.5,10.0,125990.0,290
2023-05-11 11:26:44,fb2306,fb2306,1253.5,0.0,0.0,0.0,1,1253.0,1257.5,1,1258.0,1261.5,1264.0,1253.5,10.0,125990.0,290
2023-05-11 11:26:49,fb2306,fb2306,1253.5,0.0,0.0,0.0,1,1253.0,1257.0,1,1258.0,1261.5,1264.0,1253.5,10.0,125990.0,290
2023-05-11 11:29:42,fb2306,fb2306,1253.5,0.0,0.0,0.0,1,1253.0,1257.5,1,1258.0,1261.5,1264.0,1253.5,10.0,125990.0,290
2023-05-11 13:30:14,fb2306,fb2306,1253.5,0.0,0.0,0.0,1,1253.0,1257.0,1,1258.0,1261.5,1264.0,1253.5,10.0,125990.0,290
2023-05-11 13:31:20,fb2306,fb2306,1253.5,0.0,0.0,0.0,1,1253.0,1257.5,1,1258.0,1261.5,1264.0,1253.5,10.0,125990.0,290
2023-05-11 13:31:42,fb2306,fb2306,1253.5,0.0,0.0,0.0,1,1253.0,1257.5,2,1258.0,1261.5,1264.0,1253.5,10.0,125990.0,290
2023-05-11 13:36:40,fb2306,fb2306,1253.5,0.0,0.0,0.0,1,1253.0,1257.5,1,1258.0,1261.5,1264.0,1253.5,10.0,125990.0,290
2023-05-11 13:36:43,fb2306,fb2306,1253.5,0.0,0.0,0.0,1,1253.0,1257.5,2,1258.0,1261.5,1264.0,1253.5,10.0,125990.0,290
2023-05-11 13:36:54,fb2306,fb2306,1253.5,0.0,0.0,0.0,1,1253.0,1257.5,1,1258.0,1261.5,1264.0,1253.5,10.0,125990.0,290
2023-05-11 13:37:26,fb2306,fb2306,1253.5,0.0,0.0,0.0,1,1253.5,1257.5,1,1258.0,1261.5,1264.0,1253.5,10.0,125990.0,290
2023-05-11 13:37:49,fb2306,fb2306,1253.5,0.0,0.0,0.0,2,1253.5,1257.5,1,1258.0,1261.5,1264.0,1253.5,10.0,125990.0,290
2023-05-11 13:38:21,fb2306,fb2306,1253.5,0.0,0.0,0.0,1,1253.5,1257.5,1,1258.0,1261.5,1264.0,1253.5,10.0,125990.0,290
2023-05-11 13:42:25,fb2306,fb2306,1253.5,0.0,0.0,0.0,2,1253.0,1257.5,1,1258.0,1261.5,1264.0,1253.5,10.0,125990.0,290
2023-05-11 13:42:31,fb2306,fb2306,1253.5,0.0,0.0,0.0,1,1253.5,1257.5,1,1258.0,1261.5,1264.0,1253.5,10.0,125990.0,290
2023-05-11 13:44:14,fb2306,fb2306,1253.5,0.0,0.0,0.0,1,1253.5,1263.5,10,1258.0,1261.5,1264.0,1253.5,10.0,125990.0,290
2023-05-11 13:44:15,fb2306,fb2306,1253.5,0.0,0.0,0.0,1,1253.5,1263.0,1,1258.0,1261.5,1264.0,1253.5,10.0,125990.0,290
2023-05-11 13:44:25,fb2306,fb2306,1253.5,0.0,0.0,0.0,1,1253.5,1263.0,2,1258.0,1261.5,1264.0,1253.5,10.0,125990.0,290
2023-05-11 13:44:35,fb2306,fb2306,1253.5,0.0,0.0,0.0,1,1253.5,1263.0,1,1258.0,1261.5,1264.0,1253.5,10.0,125990.0,290
2023-05-11 13:44:38,fb2306,fb2306,1253.5,0.0,0.0,0.0,1,1253.5,1262.5,1,1258.0,1261.5,1264.0,1253.5,10.0,125990.0,290
2023-05-11 13:45:06,fb2306,fb2306,1253.5,0.0,0.0,0.0,1,1253.5,1263.0,1,1258.0,1261.5,1264.0,1253.5,10.0,125990.0,290
2023-05-11 13:45:08,fb2306,fb2306,1253.5,0.0,0.0,0.0,1,1253.5,1262.5,1,1258.0,1261.5,1264.0,1253.5,10.0,125990.0,290
2023-05-11 13:45:40,fb2306,fb2306,1253.5,0.0,0.0,0.0,1,1253.5,1263.0,1,1258.0,1261.5,1264.0,1253.5,10.0,125990.0,290
2023-05-11 13:45:42,fb2306,fb2306,1253.5,0.0,0.0,0.0,1,1253.5,1262.5,1,1258.0,1261.5,1264.0,1253.5,10.0,125990.0,290
2023-05-11 13:46:44,fb2306,fb2306,1253.5,0.0,0.0,0.0,1,1253.5,1262.0,1,1258.0,1261.5,1264.0,1253.5,10.0,125990.0,290
2023-05-11 13:46:59,fb2306,fb2306,1253.5,0.0,0.0,0.0,2,1253.5,1262.0,1,1258.0,1261.5,1264.0,1253.5,10.0,125990.0,290
2023-05-11 13:47:12,fb2306,fb2306,1253.5,0.0,0.0,0.0,1,1253.5,1262.0,1,1258.0,1261.5,1264.0,1253.5,10.0,125990.0,290
2023-05-11 13:47:16,fb2306,fb2306,1253.5,0.0,0.0,0.0,1,1253.5,1261.5,1,1258.0,1261.5,1264.0,1253.5,10.0,125990.0,290
2023-05-11 13:47:29,fb2306,fb2306,1253.5,0.0,0.0,0.0,1,1253.0,1261.5,1,1258.0,1261.5,1264.0,1253.5,10.0,125990.0,290
2023-05-11 13:47:32,fb2306,fb2306,1253.5,0.0,0.0,0.0,1,1253.0,1261.5,2,1258.0,1261.5,1264.0,1253.5,10.0,125990.0,290
2023-05-11 13:47:51,fb2306,fb2306,1253.5,0.0,0.0,0.0,1,1253.0,1261.5,1,1258.0,1261.5,1264.0,1253.5,10.0,125990.0,290
2023-05-11 13:47:54,fb2306,fb2306,1253.5,0.0,0.0,0.0,1,1253.0,1261.0,1,1258.0,1261.5,1264.0,1253.5,10.0,125990.0,290
2023-05-11 13:48:07,fb2306,fb2306,1253.5,0.0,0.0,0.0,2,1253.0,1261.0,1,1258.0,1261.5,1264.0,1253.5,10.0,125990.0,290
2023-05-11 13:48:17,fb2306,fb2306,1253.5,0.0,0.0,0.0,2,1253.0,1261.0,2,1258.0,1261.5,1264.0,1253.5,10.0,125990.0,290
2023-05-11 13:48:18,fb2306,fb2306,1253.5,0.0,0.0,0.0,2,1253.0,1261.0,1,1258.0,1261.5,1264.0,1253.5,10.0,125990.0,290
2023-05-11 13:48:38,fb2306,fb2306,1253.5,0.0,0.0,0.0,2,1253.0,1263.0,1,1258.0,1261.5,1264.0,1253.5,10.0,125990.0,290
2023-05-11 13:48:57,fb2306,fb2306,1253.5,0.0,0.0,0.0,2,1253.0,1262.5,1,1258.0,1261.5,1264.0,1253.5,10.0,125990.0,290
2023-05-11 13:48:59,fb2306,fb2306,1253.5,0.0,0.0,0.0,2,1253.0,1262.5,2,1258.0,1261.5,1264.0,1253.5,10.0,125990.0,290
2023-05-11 13:49:00,fb2306,fb2306,1253.5,0.0,0.0,0.0,2,1253.0,1262.5,3,1258.0,1261.5,1264.0,1253.5,10.0,125990.0,290
2023-05-11 13:50:28,fb2306,fb2306,1253.5,0.0,0.0,0.0,2,1253.0,1262.5,2,1258.0,1261.5,1264.0,1253.5,10.0,125990.0,290
2023-05-11 13:50:45,fb2306,fb2306,1253.5,0.0,0.0,0.0,2,1253.0,1262.0,1,1258.0,1261.5,1264.0,1253.5,10.0,125990.0,290
2023-05-11 13:51:20,fb2306,fb2306,1253.5,0.0,0.0,0.0,1,1253.0,1262.0,1,1258.0,1261.5,1264.0,1253.5,10.0,125990.0,290
2023-05-11 13:51:33,fb2306,fb2306,1253.5,0.0,0.0,0.0,1,1253.0,1262.0,2,1258.0,1261.5,1264.0,1253.5,10.0,125990.0,290
2023-05-11 13:51:52,fb2306,fb2306,1253.5,0.0,0.0,0.0,1,1253.0,1261.5,1,1258.0,1261.5,1264.0,1253.5,10.0,125990.0,290
2023-05-11 13:52:07,fb2306,fb2306,1253.5,0.0,0.0,0.0,1,1253.0,1261.0,1,1258.0,1261.5,1264.0,1253.5,10.0,125990.0,290
2023-05-11 13:52:12,fb2306,fb2306,1253.5,0.0,0.0,0.0,1,1253.0,1261.0,2,1258.0,1261.5,1264.0,1253.5,10.0,125990.0,290
2023-05-11 13:53:19,fb2306,fb2306,1253.5,0.0,0.0,0.0,1,1253.0,1260.5,1,1258.0,1261.5,1264.0,1253.5,10.0,125990.0,290
2023-05-11 13:54:48,fb2306,fb2306,1253.5,0.0,0.0,0.0,2,1253.0,1260.5,1,1258.0,1261.5,1264.0,1253.5,10.0,125990.0,290
2023-05-11 13:55:42,fb2306,fb2306,1253.5,0.0,0.0,0.0,1,1253.0,1260.0,1,1258.0,1261.5,1264.0,1253.5,10.0,125990.0,290
2023-05-11 13:55:46,fb2306,fb2306,1253.5,0.0,0.0,0.0,1,1253.0,1260.0,2,1258.0,1261.5,1264.0,1253.5,10.0,125990.0,290
2023-05-11 13:56:28,fb2306,fb2306,1253.5,0.0,0.0,0.0,1,1253.0,1260.0,1,1258.0,1261.5,1264.0,1253.5,10.0,125990.0,290
2023-05-11 13:56:32,fb2306,fb2306,1253.5,0.0,0.0,0.0,1,1253.0,1259.0,8,1258.0,1261.5,1264.0,1253.5,10.0,125990.0,290
2023-05-11 13:56:32,fb2306,fb2306,1253.5,0.0,0.0,0.0,1,1253.5,1259.0,8,1258.0,1261.5,1264.0,1253.5,10.0,125990.0,290
2023-05-11 13:56:34,fb2306,fb2306,1253.5,0.0,0.0,0.0,1,1253.0,1259.0,8,1258.0,1261.5,1264.0,1253.5,10.0,125990.0,290
2023-05-11 13:56:55,fb2306,fb2306,1253.5,0.0,0.0,0.0,1,1253.0,1258.5,1,1258.0,1261.5,1264.0,1253.5,10.0,125990.0,290
2023-05-11 13:58:34,fb2306,fb2306,1253.5,0.0,0.0,0.0,1,1253.0,1258.0,8,1258.0,1261.5,1264.0,1253.5,10.0,125990.0,290
2023-05-11 13:59:46,fb2306,fb2306,1253.5,0.0,0.0,0.0,1,1253.0,1257.5,1,1258.0,1261.5,1264.0,1253.5,10.0,125990.0,290
2023-05-11 14:01:25,fb2306,fb2306,1253.5,0.0,0.0,0.0,1,1253.5,1257.5,1,1258.0,1261.5,1264.0,1253.5,10.0,125990.0,290
2023-05-11 14:01:55,fb2306,fb2306,1253.5,0.0,0.0,0.0,1,1253.0,1257.5,1,1258.0,1261.5,1264.0,1253.5,10.0,125990.0,290
2023-05-11 14:04:45,fb2306,fb2306,1253.5,0.0,0.0,0.0,1,1253.0,1260.0,1,1258.0,1261.5,1264.0,1253.5,10.0,125990.0,290
2023-05-11 14:04:51,fb2306,fb2306,1253.5,0.0,0.0,0.0,1,1253.0,1259.5,1,1258.0,1261.5,1264.0,1253.5,10.0,125990.0,290
2023-05-11 14:06:18,fb2306,fb2306,1253.5,0.0,0.0,0.0,1,1253.0,1259.0,1,1258.0,1261.5,1264.0,1253.5,10.0,125990.0,290
2023-05-11 14:07:03,fb2306,fb2306,1253.5,0.0,0.0,0.0,1,1253.0,1258.5,1,1258.0,1261.5,1264.0,1253.5,10.0,125990.0,290
2023-05-11 14:08:44,fb2306,fb2306,1253.5,0.0,0.0,0.0,1,1253.0,1258.0,8,1258.0,1261.5,1264.0,1253.5,10.0,125990.0,290
2023-05-11 14:08:49,fb2306,fb2306,1253.5,0.0,0.0,0.0,1,1253.0,1258.5,1,1258.0,1261.5,1264.0,1253.5,10.0,125990.0,290
2023-05-11 14:09:56,fb2306,fb2306,1253.5,0.0,0.0,0.0,1,1253.5,1258.5,1,1258.0,1261.5,1264.0,1253.5,10.0,125990.0,290
2023-05-11 14:10:42,fb2306,fb2306,1253.5,0.0,0.0,0.0,1,1254.0,1258.5,1,1258.0,1261.5,1264.0,1253.5,10.0,125990.0,290
2023-05-11 14:10:53,fb2306,fb2306,1253.5,0.0,0.0,0.0,1,1253.5,1258.5,1,1258.0,1261.5,1264.0,1253.5,10.0,125990.0,290
2023-05-11 14:10:57,fb2306,fb2306,1253.5,0.0,0.0,0.0,2,1253.5,1258.5,1,1258.0,1261.5,1264.0,1253.5,10.0,125990.0,290
2023-05-11 14:12:01,fb2306,fb2306,1253.5,0.0,0.0,0.0,2,1253.5,1259.0,1,1258.0,1261.5,1264.0,1253.5,10.0,125990.0,290
2023-05-11 14:12:05,fb2306,fb2306,1253.5,0.0,0.0,0.0,2,1253.5,1258.5,1,1258.0,1261.5,1264.0,1253.5,10.0,125990.0,290
2023-05-11 14:12:26,fb2306,fb2306,1253.5,0.0,0.0,0.0,1,1253.5,1258.5,1,1258.0,1261.5,1264.0,1253.5,10.0,125990.0,290
2023-05-11 14:15:43,fb2306,fb2306,1253.5,0.0,0.0,0.0,1,1253.0,1258.5,1,1258.0,1261.5,1264.0,1253.5,10.0,125990.0,290
2023-05-11 14:15:53,fb2306,fb2306,1253.5,0.0,0.0,0.0,1,1253.5,1258.5,1,1258.0,1261.5,1264.0,1253.5,10.0,125990.0,290
2023-05-11 14:16:42,fb2306,fb2306,1253.5,0.0,0.0,0.0,1,1254.0,1258.5,1,1258.0,1261.5,1264.0,1253.5,10.0,125990.0,290
2023-05-11 14:17:04,fb2306,fb2306,1253.5,0.0,0.0,0.0,1,1254.0,1259.0,1,1258.0,1261.5,1264.0,1253.5,10.0,125990.0,290
2023-05-11 14:17:20,fb2306,fb2306,1253.5,0.0,0.0,0.0,1,1253.5,1259.0,1,1258.0,1261.5,1264.0,1253.5,10.0,125990.0,290
2023-05-11 14:17:24,fb2306,fb2306,1253.5,0.0,0.0,0.0,2,1253.5,1259.0,1,1258.0,1261.5,1264.0,1253.5,10.0,125990.0,290
2023-05-11 14:17:43,fb2306,fb2306,1253.5,0.0,0.0,0.0,2,1253.5,1258.5,1,1258.0,1261.5,1264.0,1253.5,10.0,125990.0,290
2023-05-11 14:18:03,fb2306,fb2306,1253.5,0.0,0.0,0.0,1,1253.5,1258.5,1,1258.0,1261.5,1264.0,1253.5,10.0,125990.0,290
2023-05-11 14:18:08,fb2306,fb2306,1253.5,0.0,0.0,0.0,1,1253.5,1258.5,2,1258.0,1261.5,1264.0,1253.5,10.0,125990.0,290
2023-05-11 14:18:48,fb2306,fb2306,1253.5,0.0,0.0,0.0,1,1253.0,1258.5,2,1258.0,1261.5,1264.0,1253.5,10.0,125990.0,290
2023-05-11 14:19:10,fb2306,fb2306,1253.5,0.0,0.0,0.0,1,1253.0,1258.5,1,1258.0,1261.5,1264.0,1253.5,10.0,125990.0,290
2023-05-11 14:19:15,fb2306,fb2306,1253.5,0.0,0.0,0.0,2,1253.0,1258.5,1,1258.0,1261.5,1264.0,1253.5,10.0,125990.0,290
2023-05-11 14:19:29,fb2306,fb2306,1253.5,0.0,0.0,0.0,1,1253.0,1258.5,1,1258.0,1261.5,1264.0,1253.5,10.0,125990.0,290
2023-05-11 14:19:33,fb2306,fb2306,1253.5,0.0,0.0,0.0,1,1253.0,1258.5,2,1258.0,1261.5,1264.0,1253.5,10.0,125990.0,290
2023-05-11 14:19:52,fb2306,fb2306,1253.5,0.0,0.0,0.0,1,1253.0,1258.5,1,1258.0,1261.5,1264.0,1253.5,10.0,125990.0,290
2023-05-11 14:22:42,fb2306,fb2306,1253.5,0.0,0.0,0.0,1,1253.0,1259.0,1,1258.0,1261.5,1264.0,1253.5,10.0,125990.0,290
2023-05-11 14:23:22,fb2306,fb2306,1253.5,0.0,0.0,0.0,1,1253.0,1258.5,1,1258.0,1261.5,1264.0,1253.5,10.0,125990.0,290
2023-05-11 14:23:36,fb2306,fb2306,1253.5,0.0,0.0,0.0,2,1253.0,1258.5,1,1258.0,1261.5,1264.0,1253.5,10.0,125990.0,290
2023-05-11 14:24:35,fb2306,fb2306,1253.5,0.0,0.0,0.0,1,1253.0,1258.5,1,1258.0,1261.5,1264.0,1253.5,10.0,125990.0,290
2023-05-11 14:24:44,fb2306,fb2306,1253.5,0.0,0.0,0.0,1,1253.0,1258.5,2,1258.0,1261.5,1264.0,1253.5,10.0,125990.0,290
2023-05-11 14:24:59,fb2306,fb2306,1253.5,0.0,0.0,0.0,1,1253.0,1258.5,1,1258.0,1261.5,1264.0,1253.5,10.0,125990.0,290
2023-05-11 14:28:20,fb2306,fb2306,1253.5,0.0,0.0,0.0,1,1253.0,1259.0,1,1258.0,1261.5,1264.0,1253.5,10.0,125990.0,290
2023-05-11 14:28:36,fb2306,fb2306,1253.5,0.0,0.0,0.0,1,1253.0,1259.0,2,1258.0,1261.5,1264.0,1253.5,10.0,125990.0,290
2023-05-11 14:28:50,fb2306,fb2306,1253.5,0.0,0.0,0.0,1,1253.0,1259.0,1,1258.0,1261.5,1264.0,1253.5,10.0,125990.0,290
2023-05-11 14:28:56,fb2306,fb2306,1253.5,0.0,0.0,0.0,1,1253.0,1258.5,1,1258.0,1261.5,1264.0,1253.5,10.0,125990.0,290
2023-05-11 14:30:29,fb2306,fb2306,1253.5,0.0,0.0,0.0,2,1253.0,1258.5,1,1258.0,1261.5,1264.0,1253.5,10.0,125990.0,290
2023-05-11 14:33:56,fb2306,fb2306,1253.5,0.0,0.0,0.0,2,1253.0,1259.0,1,1258.0,1261.5,1264.0,1253.5,10.0,125990.0,290
2023-05-11 14:34:35,fb2306,fb2306,1253.5,0.0,0.0,0.0,2,1253.0,1258.5,1,1258.0,1261.5,1264.0,1253.5,10.0,125990.0,290
2023-05-11 14:34:43,fb2306,fb2306,1253.5,0.0,0.0,0.0,1,1253.0,1258.5,1,1258.0,1261.5,1264.0,1253.5,10.0,125990.0,290
2023-05-11 14:39:34,fb2306,fb2306,1253.5,0.0,0.0,0.0,1,1253.0,1259.0,1,1258.0,1261.5,1264.0,1253.5,10.0,125990.0,290
2023-05-11 14:40:09,fb2306,fb2306,1253.5,0.0,0.0,0.0,1,1253.0,1258.5,1,1258.0,1261.5,1264.0,1253.5,10.0,125990.0,290
2023-05-11 14:40:18,fb2306,fb2306,1253.5,0.0,0.0,0.0,2,1253.0,1258.5,1,1258.0,1261.5,1264.0,1253.5,10.0,125990.0,290
2023-05-11 14:40:41,fb2306,fb2306,1253.5,0.0,0.0,0.0,1,1253.0,1258.5,1,1258.0,1261.5,1264.0,1253.5,10.0,125990.0,290
2023-05-11 14:40:44,fb2306,fb2306,1253.5,0.0,0.0,0.0,1,1253.0,1259.0,1,1258.0,1261.5,1264.0,1253.5,10.0,125990.0,290
2023-05-11 14:40:54,fb2306,fb2306,1253.5,0.0,0.0,0.0,1,1253.0,1258.5,1,1258.0,1261.5,1264.0,1253.5,10.0,125990.0,290
2023-05-11 14:41:09,fb2306,fb2306,1253.5,0.0,0.0,0.0,1,1253.0,1259.0,1,1258.0,1261.5,1264.0,1253.5,10.0,125990.0,290
2023-05-11 14:41:37,fb2306,fb2306,1253.5,0.0,0.0,0.0,1,1253.0,1258.5,1,1258.0,1261.5,1264.0,1253.5,10.0,125990.0,290
2023-05-11 14:43:46,fb2306,fb2306,1253.5,0.0,0.0,0.0,1,1253.0,1259.0,1,1258.0,1261.5,1264.0,1253.5,10.0,125990.0,290
2023-05-11 14:44:24,fb2306,fb2306,1253.5,0.0,0.0,0.0,1,1253.0,1258.5,1,1258.0,1261.5,1264.0,1253.5,10.0,125990.0,290
2023-05-11 14:49:24,fb2306,fb2306,1253.5,0.0,0.0,0.0,1,1253.0,1259.0,1,1258.0,1261.5,1264.0,1253.5,10.0,125990.0,290
2023-05-11 14:50:02,fb2306,fb2306,1253.5,0.0,0.0,0.0,1,1253.0,1258.5,1,1258.0,1261.5,1264.0,1253.5,10.0,125990.0,290
2023-05-11 14:50:20,fb2306,fb2306,1253.5,0.0,0.0,0.0,2,1253.0,1258.5,1,1258.0,1261.5,1264.0,1253.5,10.0,125990.0,290
2023-05-11 14:50:26,fb2306,fb2306,1253.5,0.0,0.0,0.0,3,1253.0,1258.5,1,1258.0,1261.5,1264.0,1253.5,10.0,125990.0,290
2023-05-11 14:50:40,fb2306,fb2306,1258.5,1.0,12585.0,-1.0,3,1253.0,1259.0,1,1258.0,1261.5,1264.0,1253.5,11.0,138575.0,289
2023-05-11 14:50:45,fb2306,fb2306,1258.5,0.0,0.0,0.0,2,1253.5,1259.0,1,1258.0,1261.5,1264.0,1253.5,11.0,138575.0,289
2023-05-11 14:52:24,fb2306,fb2306,1258.5,0.0,0.0,0.0,3,1253.5,1259.0,1,1258.0,1261.5,1264.0,1253.5,11.0,138575.0,289
2023-05-11 14:53:06,fb2306,fb2306,1258.5,0.0,0.0,0.0,1,1254.0,1259.0,1,1258.0,1261.5,1264.0,1253.5,11.0,138575.0,289
2023-05-11 14:53:18,fb2306,fb2306,1258.5,0.0,0.0,0.0,2,1254.0,1259.0,1,1258.0,1261.5,1264.0,1253.5,11.0,138575.0,289
2023-05-11 14:54:18,fb2306,fb2306,1258.5,0.0,0.0,0.0,2,1254.5,1259.0,1,1258.0,1261.5,1264.0,1253.5,11.0,138575.0,289
2023-05-11 14:57:45,fb2306,fb2306,1258.5,0.0,0.0,0.0,1,1254.0,1259.0,1,1258.0,1261.5,1264.0,1253.5,11.0,138575.0,289
2023-05-11 14:57:50,fb2306,fb2306,1258.5,0.0,0.0,0.0,1,1254.0,1258.5,2,1258.0,1261.5,1264.0,1253.5,11.0,138575.0,289
2023-05-11 14:58:13,fb2306,fb2306,1258.5,0.0,0.0,0.0,2,1254.0,1258.5,2,1258.0,1261.5,1264.0,1253.5,11.0,138575.0,289
2023-05-11 14:58:14,fb2306,fb2306,1254.0,2.0,25080.0,-2.0,2,1253.0,1258.5,2,1258.0,1261.5,1264.0,1253.5,13.0,163655.0,287
2023-05-11 14:58:17,fb2306,fb2306,1254.0,0.0,0.0,0.0,1,1253.0,1258.5,2,1258.0,1261.5,1264.0,1253.5,13.0,163655.0,287
2023-05-11 14:58:29,fb2306,fb2306,1254.0,0.0,0.0,0.0,1,1253.0,1258.0,1,1258.0,1261.5,1264.0,1253.5,13.0,163655.0,287
2023-05-11 14:59:04,fb2306,fb2306,1254.0,0.0,0.0,0.0,4,1254.0,1258.0,1,1258.0,1261.5,1264.0,1253.5,13.0,163655.0,287
2023-05-11 14:59:14,fb2306,fb2306,1254.0,0.0,0.0,0.0,4,1254.0,1257.5,2,1258.0,1261.5,1264.0,1253.5,13.0,163655.0,287
2023-05-11 14:59:16,fb2306,fb2306,1257.5,1.0,12575.0,0.0,4,1254.0,1257.5,1,1258.0,1261.5,1264.0,1253.5,14.0,176230.0,287
2023-05-11 14:59:36,fb2306,fb2306,1257.5,0.0,0.0,0.0,1,1254.5,1257.5,1,1258.0,1261.5,1264.0,1253.5,14.0,176230.0,287
2023-05-11 15:01:09,fb2306,fb2306,1257.5,0.0,0.0,0.0,1,1254.5,1257.5,1,1258.0,1261.5,1264.0,1253.5,14.0,176230.0,287
