time,symbol_id,symbol_name,last,trade_volume,trade_amount,open_interest_change,bv1,bp1,ap1,av1,yesterday_close,today_open,today_high,today_low,volume,amount,open_interest
2023-05-11 08:57:34,fb2401,fb2401,1278.0,0.0,0.0,0.0,1,1246.0,1336.0,5,1278.0,0.0,0.0,0.0,0.0,0.0,44
2023-05-11 09:00:14,fb2401,fb2401,1278.0,0.0,0.0,0.0,1,1246.0,1335.5,2,1278.0,0.0,0.0,0.0,0.0,0.0,44
2023-05-11 09:02:06,fb2401,fb2401,1278.0,0.0,0.0,0.0,1,1265.0,1335.5,2,1278.0,0.0,0.0,0.0,0.0,0.0,44
2023-05-11 09:05:12,fb2401,fb2401,1278.0,0.0,0.0,0.0,1,1265.0,1336.0,5,1278.0,0.0,0.0,0.0,0.0,0.0,44
2023-05-11 09:05:18,fb2401,fb2401,1278.0,0.0,0.0,0.0,1,1265.0,1335.5,2,1278.0,0.0,0.0,0.0,0.0,0.0,44
2023-05-11 09:05:47,fb2401,fb2401,1278.0,0.0,0.0,0.0,1,1265.0,1335.5,3,1278.0,0.0,0.0,0.0,0.0,0.0,44
2023-05-11 09:06:34,fb2401,fb2401,1278.0,0.0,0.0,0.0,1,1278.0,1335.5,3,1278.0,0.0,0.0,0.0,0.0,0.0,44
2023-05-11 09:06:47,fb2401,fb2401,1278.0,0.0,0.0,0.0,1,1278.0,1335.0,1,1278.0,0.0,0.0,0.0,0.0,0.0,44
2023-05-11 09:07:03,fb2401,fb2401,1278.0,0.0,0.0,0.0,2,1278.0,1335.0,1,1278.0,0.0,0.0,0.0,0.0,0.0,44
2023-05-11 09:07:09,fb2401,fb2401,1278.0,0.0,0.0,0.0,2,1278.0,1334.5,1,1278.0,0.0,0.0,0.0,0.0,0.0,44
2023-05-11 09:07:24,fb2401,fb2401,1278.0,0.0,0.0,0.0,2,1278.0,1335.0,1,1278.0,0.0,0.0,0.0,0.0,0.0,44
2023-05-11 09:07:24,fb2401,fb2401,1278.0,0.0,0.0,0.0,2,1278.0,1334.5,1,1278.0,0.0,0.0,0.0,0.0,0.0,44
2023-05-11 09:07:36,fb2401,fb2401,1278.0,0.0,0.0,0.0,3,1278.0,1334.5,1,1278.0,0.0,0.0,0.0,0.0,0.0,44
2023-05-11 09:08:08,fb2401,fb2401,1278.0,0.0,0.0,0.0,3,1278.0,1334.0,2,1278.0,0.0,0.0,0.0,0.0,0.0,44
2023-05-11 09:08:25,fb2401,fb2401,1278.0,0.0,0.0,0.0,3,1278.0,1333.0,1,1278.0,0.0,0.0,0.0,0.0,0.0,44
2023-05-11 09:08:34,fb2401,fb2401,1278.0,0.0,0.0,0.0,3,1278.0,1332.5,1,1278.0,0.0,0.0,0.0,0.0,0.0,44
2023-05-11 09:08:47,fb2401,fb2401,1278.0,0.0,0.0,0.0,1,1278.0,1332.5,1,1278.0,0.0,0.0,0.0,0.0,0.0,44
2023-05-11 09:08:47,fb2401,fb2401,1278.0,0.0,0.0,0.0,1,1265.0,1332.5,1,1278.0,0.0,0.0,0.0,0.0,0.0,44
2023-05-11 09:08:50,fb2401,fb2401,1278.0,0.0,0.0,0.0,1,1278.0,1332.5,1,1278.0,0.0,0.0,0.0,0.0,0.0,44
2023-05-11 09:08:54,fb2401,fb2401,1278.0,0.0,0.0,0.0,2,1278.0,1332.5,1,1278.0,0.0,0.0,0.0,0.0,0.0,44
2023-05-11 09:08:59,fb2401,fb2401,1278.0,0.0,0.0,0.0,1,1278.0,1332.5,2,1278.0,0.0,0.0,0.0,0.0,0.0,44
2023-05-11 09:08:59,fb2401,fb2401,1278.0,0.0,0.0,0.0,1,1265.0,1332.5,2,1278.0,0.0,0.0,0.0,0.0,0.0,44
2023-05-11 09:09:33,fb2401,fb2401,1278.0,0.0,0.0,0.0,1,1265.0,1332.0,2,1278.0,0.0,0.0,0.0,0.0,0.0,44
2023-05-11 09:09:33,fb2401,fb2401,1278.0,0.0,0.0,0.0,1,1265.0,1331.5,1,1278.0,0.0,0.0,0.0,0.0,0.0,44
2023-05-11 09:09:39,fb2401,fb2401,1278.0,0.0,0.0,0.0,1,1278.0,1331.5,1,1278.0,0.0,0.0,0.0,0.0,0.0,44
2023-05-11 09:09:53,fb2401,fb2401,1278.0,0.0,0.0,0.0,1,1278.0,1331.0,1,1278.0,0.0,0.0,0.0,0.0,0.0,44
2023-05-11 09:09:54,fb2401,fb2401,1278.0,0.0,0.0,0.0,1,1278.0,1330.5,1,1278.0,0.0,0.0,0.0,0.0,0.0,44
2023-05-11 09:10:00,fb2401,fb2401,1278.0,0.0,0.0,0.0,1,1265.0,1330.5,1,1278.0,0.0,0.0,0.0,0.0,0.0,44
2023-05-11 09:10:05,fb2401,fb2401,1278.0,0.0,0.0,0.0,1,1265.0,1322.0,1,1278.0,0.0,0.0,0.0,0.0,0.0,44
2023-05-11 09:10:05,fb2401,fb2401,1278.0,0.0,0.0,0.0,1,1265.0,1321.5,1,1278.0,0.0,0.0,0.0,0.0,0.0,44
2023-05-11 09:10:07,fb2401,fb2401,1278.0,0.0,0.0,0.0,1,1278.0,1321.5,1,1278.0,0.0,0.0,0.0,0.0,0.0,44
2023-05-11 09:10:13,fb2401,fb2401,1278.0,0.0,0.0,0.0,1,1265.0,1321.5,1,1278.0,0.0,0.0,0.0,0.0,0.0,44
2023-05-11 09:10:16,fb2401,fb2401,1278.0,0.0,0.0,0.0,1,1265.0,1321.0,2,1278.0,0.0,0.0,0.0,0.0,0.0,44
2023-05-11 09:10:16,fb2401,fb2401,1278.0,0.0,0.0,0.0,1,1265.0,1313.5,1,1278.0,0.0,0.0,0.0,0.0,0.0,44
2023-05-11 09:10:17,fb2401,fb2401,1278.0,0.0,0.0,0.0,1,1265.0,1313.0,1,1278.0,0.0,0.0,0.0,0.0,0.0,44
2023-05-11 09:10:35,fb2401,fb2401,1278.0,0.0,0.0,0.0,1,1265.0,1305.0,1,1278.0,0.0,0.0,0.0,0.0,0.0,44
2023-05-11 09:10:36,fb2401,fb2401,1278.0,0.0,0.0,0.0,1,1265.0,1304.5,1,1278.0,0.0,0.0,0.0,0.0,0.0,44
2023-05-11 09:10:59,fb2401,fb2401,1278.0,0.0,0.0,0.0,1,1265.0,1304.0,2,1278.0,0.0,0.0,0.0,0.0,0.0,44
2023-05-11 09:11:00,fb2401,fb2401,1278.0,0.0,0.0,0.0,1,1265.0,1293.5,1,1278.0,0.0,0.0,0.0,0.0,0.0,44
2023-05-11 09:11:00,fb2401,fb2401,1278.0,0.0,0.0,0.0,1,1265.0,1293.0,1,1278.0,0.0,0.0,0.0,0.0,0.0,44
2023-05-11 09:11:42,fb2401,fb2401,1278.0,0.0,0.0,0.0,1,1265.0,1292.5,2,1278.0,0.0,0.0,0.0,0.0,0.0,44
2023-05-11 09:11:43,fb2401,fb2401,1278.0,0.0,0.0,0.0,1,1265.0,1292.0,1,1278.0,0.0,0.0,0.0,0.0,0.0,44
2023-05-11 09:11:51,fb2401,fb2401,1278.0,0.0,0.0,0.0,1,1278.0,1292.0,1,1278.0,0.0,0.0,0.0,0.0,0.0,44
2023-05-11 09:11:53,fb2401,fb2401,1278.0,0.0,0.0,0.0,2,1278.0,1292.0,1,1278.0,0.0,0.0,0.0,0.0,0.0,44
2023-05-11 09:11:54,fb2401,fb2401,1278.0,0.0,0.0,0.0,3,1278.0,1292.0,1,1278.0,0.0,0.0,0.0,0.0,0.0,44
2023-05-11 09:11:55,fb2401,fb2401,1278.0,0.0,0.0,0.0,2,1278.0,1292.0,1,1278.0,0.0,0.0,0.0,0.0,0.0,44
2023-05-11 09:11:56,fb2401,fb2401,1278.0,0.0,0.0,0.0,1,1265.0,1292.0,1,1278.0,0.0,0.0,0.0,0.0,0.0,44
2023-05-11 09:11:58,fb2401,fb2401,1278.0,0.0,0.0,0.0,1,1278.0,1292.0,1,1278.0,0.0,0.0,0.0,0.0,0.0,44
2023-05-11 09:12:01,fb2401,fb2401,1278.0,0.0,0.0,0.0,2,1278.0,1292.0,1,1278.0,0.0,0.0,0.0,0.0,0.0,44
2023-05-11 09:12:03,fb2401,fb2401,1278.0,0.0,0.0,0.0,1,1278.0,1292.0,1,1278.0,0.0,0.0,0.0,0.0,0.0,44
2023-05-11 09:12:04,fb2401,fb2401,1278.0,0.0,0.0,0.0,1,1265.0,1292.0,1,1278.0,0.0,0.0,0.0,0.0,0.0,44
2023-05-11 09:12:16,fb2401,fb2401,1278.0,0.0,0.0,0.0,1,1278.0,1292.0,1,1278.0,0.0,0.0,0.0,0.0,0.0,44
2023-05-11 09:12:21,fb2401,fb2401,1278.0,0.0,0.0,0.0,1,1265.0,1292.0,1,1278.0,0.0,0.0,0.0,0.0,0.0,44
2023-05-11 09:12:25,fb2401,fb2401,1278.0,0.0,0.0,0.0,1,1278.0,1291.5,2,1278.0,0.0,0.0,0.0,0.0,0.0,44
2023-05-11 09:12:25,fb2401,fb2401,1278.0,0.0,0.0,0.0,1,1278.0,1291.0,1,1278.0,0.0,0.0,0.0,0.0,0.0,44
2023-05-11 09:12:28,fb2401,fb2401,1278.0,0.0,0.0,0.0,1,1265.0,1291.0,1,1278.0,0.0,0.0,0.0,0.0,0.0,44
2023-05-11 09:13:07,fb2401,fb2401,1278.0,0.0,0.0,0.0,1,1265.0,1290.5,2,1278.0,0.0,0.0,0.0,0.0,0.0,44
2023-05-11 09:13:16,fb2401,fb2401,1278.0,0.0,0.0,0.0,1,1278.0,1290.5,2,1278.0,0.0,0.0,0.0,0.0,0.0,44
2023-05-11 09:13:17,fb2401,fb2401,1278.0,0.0,0.0,0.0,1,1278.0,1336.0,5,1278.0,0.0,0.0,0.0,0.0,0.0,44
2023-05-11 09:13:17,fb2401,fb2401,1278.0,0.0,0.0,0.0,1,1278.0,1335.5,1,1278.0,0.0,0.0,0.0,0.0,0.0,44
2023-05-11 09:13:18,fb2401,fb2401,1278.0,0.0,0.0,0.0,2,1278.0,1335.5,1,1278.0,0.0,0.0,0.0,0.0,0.0,44
2023-05-11 09:13:19,fb2401,fb2401,1278.0,0.0,0.0,0.0,3,1278.0,1335.5,1,1278.0,0.0,0.0,0.0,0.0,0.0,44
2023-05-11 09:13:20,fb2401,fb2401,1278.0,0.0,0.0,0.0,1,1265.0,1335.5,1,1278.0,0.0,0.0,0.0,0.0,0.0,44
2023-05-11 09:13:22,fb2401,fb2401,1278.0,0.0,0.0,0.0,1,1278.0,1335.5,1,1278.0,0.0,0.0,0.0,0.0,0.0,44
2023-05-11 09:13:24,fb2401,fb2401,1278.0,0.0,0.0,0.0,2,1278.0,1335.5,1,1278.0,0.0,0.0,0.0,0.0,0.0,44
2023-05-11 09:13:25,fb2401,fb2401,1278.0,0.0,0.0,0.0,3,1278.0,1335.5,1,1278.0,0.0,0.0,0.0,0.0,0.0,44
2023-05-11 09:13:26,fb2401,fb2401,1278.0,0.0,0.0,0.0,1,1278.0,1335.5,1,1278.0,0.0,0.0,0.0,0.0,0.0,44
2023-05-11 09:13:26,fb2401,fb2401,1278.0,0.0,0.0,0.0,1,1265.0,1335.5,1,1278.0,0.0,0.0,0.0,0.0,0.0,44
2023-05-11 09:13:32,fb2401,fb2401,1278.0,0.0,0.0,0.0,1,1278.0,1335.5,1,1278.0,0.0,0.0,0.0,0.0,0.0,44
2023-05-11 09:13:34,fb2401,fb2401,1278.0,0.0,0.0,0.0,2,1278.0,1335.5,1,1278.0,0.0,0.0,0.0,0.0,0.0,44
2023-05-11 09:13:34,fb2401,fb2401,1278.0,0.0,0.0,0.0,1,1265.0,1335.5,1,1278.0,0.0,0.0,0.0,0.0,0.0,44
2023-05-11 09:13:38,fb2401,fb2401,1278.0,0.0,0.0,0.0,1,1278.0,1335.5,1,1278.0,0.0,0.0,0.0,0.0,0.0,44
2023-05-11 09:13:40,fb2401,fb2401,1278.0,0.0,0.0,0.0,2,1278.0,1335.5,1,1278.0,0.0,0.0,0.0,0.0,0.0,44
2023-05-11 09:13:41,fb2401,fb2401,1278.0,0.0,0.0,0.0,1,1278.0,1335.5,1,1278.0,0.0,0.0,0.0,0.0,0.0,44
2023-05-11 09:13:41,fb2401,fb2401,1278.0,0.0,0.0,0.0,1,1265.0,1335.5,1,1278.0,0.0,0.0,0.0,0.0,0.0,44
2023-05-11 09:13:49,fb2401,fb2401,1278.0,0.0,0.0,0.0,1,1265.0,1335.0,2,1278.0,0.0,0.0,0.0,0.0,0.0,44
2023-05-11 09:13:50,fb2401,fb2401,1278.0,0.0,0.0,0.0,1,1265.0,1334.5,1,1278.0,0.0,0.0,0.0,0.0,0.0,44
2023-05-11 09:14:14,fb2401,fb2401,1278.0,0.0,0.0,0.0,1,1278.0,1334.5,1,1278.0,0.0,0.0,0.0,0.0,0.0,44
2023-05-11 09:14:15,fb2401,fb2401,1278.0,0.0,0.0,0.0,2,1278.0,1334.5,1,1278.0,0.0,0.0,0.0,0.0,0.0,44
2023-05-11 09:14:16,fb2401,fb2401,1278.0,0.0,0.0,0.0,3,1278.0,1334.5,1,1278.0,0.0,0.0,0.0,0.0,0.0,44
2023-05-11 09:14:18,fb2401,fb2401,1278.0,0.0,0.0,0.0,1,1278.0,1334.5,1,1278.0,0.0,0.0,0.0,0.0,0.0,44
2023-05-11 09:14:18,fb2401,fb2401,1278.0,0.0,0.0,0.0,1,1265.0,1334.5,1,1278.0,0.0,0.0,0.0,0.0,0.0,44
2023-05-11 09:14:20,fb2401,fb2401,1278.0,0.0,0.0,0.0,1,1278.0,1334.5,1,1278.0,0.0,0.0,0.0,0.0,0.0,44
2023-05-11 09:14:20,fb2401,fb2401,1278.0,0.0,0.0,0.0,1,1278.0,1334.5,2,1278.0,0.0,0.0,0.0,0.0,0.0,44
2023-05-11 09:14:22,fb2401,fb2401,1278.0,0.0,0.0,0.0,2,1278.0,1334.5,2,1278.0,0.0,0.0,0.0,0.0,0.0,44
2023-05-11 09:14:23,fb2401,fb2401,1278.0,0.0,0.0,0.0,3,1278.0,1334.5,2,1278.0,0.0,0.0,0.0,0.0,0.0,44
2023-05-11 09:14:25,fb2401,fb2401,1278.0,0.0,0.0,0.0,1,1265.0,1334.5,2,1278.0,0.0,0.0,0.0,0.0,0.0,44
2023-05-11 09:14:30,fb2401,fb2401,1278.0,0.0,0.0,0.0,1,1278.0,1334.5,2,1278.0,0.0,0.0,0.0,0.0,0.0,44
2023-05-11 09:14:32,fb2401,fb2401,1278.0,0.0,0.0,0.0,2,1278.0,1334.5,2,1278.0,0.0,0.0,0.0,0.0,0.0,44
2023-05-11 09:14:32,fb2401,fb2401,1278.0,0.0,0.0,0.0,2,1278.0,1334.0,2,1278.0,0.0,0.0,0.0,0.0,0.0,44
2023-05-11 09:14:33,fb2401,fb2401,1278.0,0.0,0.0,0.0,1,1265.0,1333.5,1,1278.0,0.0,0.0,0.0,0.0,0.0,44
2023-05-11 09:14:36,fb2401,fb2401,1278.0,0.0,0.0,0.0,1,1278.0,1333.5,1,1278.0,0.0,0.0,0.0,0.0,0.0,44
2023-05-11 09:14:39,fb2401,fb2401,1278.0,0.0,0.0,0.0,2,1278.0,1333.5,1,1278.0,0.0,0.0,0.0,0.0,0.0,44
2023-05-11 09:14:39,fb2401,fb2401,1278.0,0.0,0.0,0.0,1,1265.0,1333.5,1,1278.0,0.0,0.0,0.0,0.0,0.0,44
2023-05-11 09:14:44,fb2401,fb2401,1278.0,0.0,0.0,0.0,1,1265.0,1333.5,2,1278.0,0.0,0.0,0.0,0.0,0.0,44
2023-05-11 09:14:51,fb2401,fb2401,1278.0,0.0,0.0,0.0,1,1278.0,1333.5,2,1278.0,0.0,0.0,0.0,0.0,0.0,44
2023-05-11 09:14:52,fb2401,fb2401,1278.0,0.0,0.0,0.0,2,1278.0,1333.5,2,1278.0,0.0,0.0,0.0,0.0,0.0,44
2023-05-11 09:14:53,fb2401,fb2401,1278.0,0.0,0.0,0.0,3,1278.0,1333.5,2,1278.0,0.0,0.0,0.0,0.0,0.0,44
2023-05-11 09:14:55,fb2401,fb2401,1278.0,0.0,0.0,0.0,1,1278.0,1333.5,2,1278.0,0.0,0.0,0.0,0.0,0.0,44
2023-05-11 09:14:55,fb2401,fb2401,1278.0,0.0,0.0,0.0,1,1265.0,1333.5,2,1278.0,0.0,0.0,0.0,0.0,0.0,44
2023-05-11 09:14:58,fb2401,fb2401,1278.0,0.0,0.0,0.0,1,1278.0,1333.5,2,1278.0,0.0,0.0,0.0,0.0,0.0,44
2023-05-11 09:14:59,fb2401,fb2401,1278.0,0.0,0.0,0.0,2,1278.0,1333.5,2,1278.0,0.0,0.0,0.0,0.0,0.0,44
2023-05-11 09:15:00,fb2401,fb2401,1278.0,0.0,0.0,0.0,3,1278.0,1333.5,2,1278.0,0.0,0.0,0.0,0.0,0.0,44
2023-05-11 09:15:01,fb2401,fb2401,1278.0,0.0,0.0,0.0,2,1278.0,1333.5,2,1278.0,0.0,0.0,0.0,0.0,0.0,44
2023-05-11 09:15:02,fb2401,fb2401,1278.0,0.0,0.0,0.0,1,1265.0,1333.5,2,1278.0,0.0,0.0,0.0,0.0,0.0,44
2023-05-11 09:15:07,fb2401,fb2401,1278.0,0.0,0.0,0.0,1,1278.0,1333.5,2,1278.0,0.0,0.0,0.0,0.0,0.0,44
2023-05-11 09:15:09,fb2401,fb2401,1278.0,0.0,0.0,0.0,2,1278.0,1333.5,2,1278.0,0.0,0.0,0.0,0.0,0.0,44
2023-05-11 09:15:10,fb2401,fb2401,1278.0,0.0,0.0,0.0,1,1265.0,1333.5,2,1278.0,0.0,0.0,0.0,0.0,0.0,44
2023-05-11 09:15:13,fb2401,fb2401,1278.0,0.0,0.0,0.0,1,1278.0,1333.5,2,1278.0,0.0,0.0,0.0,0.0,0.0,44
2023-05-11 09:15:16,fb2401,fb2401,1278.0,0.0,0.0,0.0,2,1278.0,1333.5,2,1278.0,0.0,0.0,0.0,0.0,0.0,44
2023-05-11 09:15:16,fb2401,fb2401,1278.0,0.0,0.0,0.0,1,1265.0,1333.5,2,1278.0,0.0,0.0,0.0,0.0,0.0,44
2023-05-11 09:15:17,fb2401,fb2401,1278.0,0.0,0.0,0.0,1,1265.0,1333.0,2,1278.0,0.0,0.0,0.0,0.0,0.0,44
2023-05-11 09:15:18,fb2401,fb2401,1278.0,0.0,0.0,0.0,1,1265.0,1332.5,1,1278.0,0.0,0.0,0.0,0.0,0.0,44
2023-05-11 09:15:34,fb2401,fb2401,1278.0,0.0,0.0,0.0,1,1265.0,1331.0,1,1278.0,0.0,0.0,0.0,0.0,0.0,44
2023-05-11 09:15:34,fb2401,fb2401,1278.0,0.0,0.0,0.0,1,1265.0,1330.5,1,1278.0,0.0,0.0,0.0,0.0,0.0,44
2023-05-11 09:15:44,fb2401,fb2401,1278.0,0.0,0.0,0.0,1,1265.0,1322.0,1,1278.0,0.0,0.0,0.0,0.0,0.0,44
2023-05-11 09:15:44,fb2401,fb2401,1278.0,0.0,0.0,0.0,1,1265.0,1321.5,1,1278.0,0.0,0.0,0.0,0.0,0.0,44
2023-05-11 09:15:54,fb2401,fb2401,1278.0,0.0,0.0,0.0,1,1265.0,1301.5,1,1278.0,0.0,0.0,0.0,0.0,0.0,44
2023-05-11 09:15:55,fb2401,fb2401,1278.0,0.0,0.0,0.0,1,1265.0,1301.0,1,1278.0,0.0,0.0,0.0,0.0,0.0,44
2023-05-11 09:16:01,fb2401,fb2401,1278.0,0.0,0.0,0.0,1,1265.0,1300.5,2,1278.0,0.0,0.0,0.0,0.0,0.0,44
2023-05-11 09:16:01,fb2401,fb2401,1278.0,0.0,0.0,0.0,1,1265.0,1300.0,1,1278.0,0.0,0.0,0.0,0.0,0.0,44
2023-05-11 09:16:03,fb2401,fb2401,1278.0,0.0,0.0,0.0,1,1265.0,1289.5,1,1278.0,0.0,0.0,0.0,0.0,0.0,44
2023-05-11 09:16:10,fb2401,fb2401,1278.0,0.0,0.0,0.0,1,1265.0,1300.5,2,1278.0,0.0,0.0,0.0,0.0,0.0,44
2023-05-11 09:16:11,fb2401,fb2401,1278.0,0.0,0.0,0.0,1,1265.0,1300.0,1,1278.0,0.0,0.0,0.0,0.0,0.0,44
2023-05-11 09:16:16,fb2401,fb2401,1278.0,0.0,0.0,0.0,2,1265.0,1300.0,1,1278.0,0.0,0.0,0.0,0.0,0.0,44
2023-05-11 09:16:43,fb2401,fb2401,1278.0,0.0,0.0,0.0,2,1265.0,1299.5,2,1278.0,0.0,0.0,0.0,0.0,0.0,44
2023-05-11 09:16:44,fb2401,fb2401,1278.0,0.0,0.0,0.0,2,1265.0,1299.0,1,1278.0,0.0,0.0,0.0,0.0,0.0,44
2023-05-11 09:17:26,fb2401,fb2401,1278.0,0.0,0.0,0.0,2,1265.0,1298.5,2,1278.0,0.0,0.0,0.0,0.0,0.0,44
2023-05-11 09:17:26,fb2401,fb2401,1278.0,0.0,0.0,0.0,2,1265.0,1298.0,1,1278.0,0.0,0.0,0.0,0.0,0.0,44
2023-05-11 09:18:09,fb2401,fb2401,1278.0,0.0,0.0,0.0,2,1265.0,1297.5,2,1278.0,0.0,0.0,0.0,0.0,0.0,44
2023-05-11 09:18:09,fb2401,fb2401,1278.0,0.0,0.0,0.0,2,1265.0,1297.0,1,1278.0,0.0,0.0,0.0,0.0,0.0,44
2023-05-11 09:18:52,fb2401,fb2401,1278.0,0.0,0.0,0.0,2,1265.0,1296.5,2,1278.0,0.0,0.0,0.0,0.0,0.0,44
2023-05-11 09:18:53,fb2401,fb2401,1278.0,0.0,0.0,0.0,2,1265.0,1296.0,1,1278.0,0.0,0.0,0.0,0.0,0.0,44
2023-05-11 09:20:18,fb2401,fb2401,1278.0,0.0,0.0,0.0,2,1265.0,1295.5,2,1278.0,0.0,0.0,0.0,0.0,0.0,44
2023-05-11 09:20:18,fb2401,fb2401,1278.0,0.0,0.0,0.0,2,1265.0,1295.0,1,1278.0,0.0,0.0,0.0,0.0,0.0,44
2023-05-11 09:21:03,fb2401,fb2401,1278.0,0.0,0.0,0.0,2,1265.0,1294.5,2,1278.0,0.0,0.0,0.0,0.0,0.0,44
2023-05-11 09:21:03,fb2401,fb2401,1278.0,0.0,0.0,0.0,2,1265.0,1294.0,1,1278.0,0.0,0.0,0.0,0.0,0.0,44
2023-05-11 09:21:32,fb2401,fb2401,1278.0,0.0,0.0,0.0,1,1265.0,1294.0,1,1278.0,0.0,0.0,0.0,0.0,0.0,44
2023-05-11 09:21:46,fb2401,fb2401,1278.0,0.0,0.0,0.0,1,1265.0,1293.5,2,1278.0,0.0,0.0,0.0,0.0,0.0,44
2023-05-11 09:21:46,fb2401,fb2401,1278.0,0.0,0.0,0.0,1,1265.0,1293.0,1,1278.0,0.0,0.0,0.0,0.0,0.0,44
2023-05-11 09:22:28,fb2401,fb2401,1278.0,0.0,0.0,0.0,1,1265.0,1292.5,2,1278.0,0.0,0.0,0.0,0.0,0.0,44
2023-05-11 09:22:28,fb2401,fb2401,1278.0,0.0,0.0,0.0,1,1265.0,1292.0,1,1278.0,0.0,0.0,0.0,0.0,0.0,44
2023-05-11 09:23:10,fb2401,fb2401,1278.0,0.0,0.0,0.0,1,1265.0,1291.5,2,1278.0,0.0,0.0,0.0,0.0,0.0,44
2023-05-11 09:23:11,fb2401,fb2401,1278.0,0.0,0.0,0.0,1,1265.0,1291.0,1,1278.0,0.0,0.0,0.0,0.0,0.0,44
2023-05-11 09:23:53,fb2401,fb2401,1278.0,0.0,0.0,0.0,1,1265.0,1290.5,2,1278.0,0.0,0.0,0.0,0.0,0.0,44
2023-05-11 09:25:45,fb2401,fb2401,1278.0,0.0,0.0,0.0,1,1266.0,1290.5,2,1278.0,0.0,0.0,0.0,0.0,0.0,44
2023-05-11 09:28:52,fb2401,fb2401,1278.0,0.0,0.0,0.0,1,1266.0,1336.0,5,1278.0,0.0,0.0,0.0,0.0,0.0,44
2023-05-11 09:28:53,fb2401,fb2401,1278.0,0.0,0.0,0.0,1,1266.0,1335.5,1,1278.0,0.0,0.0,0.0,0.0,0.0,44
2023-05-11 09:28:56,fb2401,fb2401,1278.0,0.0,0.0,0.0,1,1266.0,1335.0,2,1278.0,0.0,0.0,0.0,0.0,0.0,44
2023-05-11 09:28:56,fb2401,fb2401,1278.0,0.0,0.0,0.0,1,1266.0,1334.5,1,1278.0,0.0,0.0,0.0,0.0,0.0,44
2023-05-11 09:29:39,fb2401,fb2401,1278.0,0.0,0.0,0.0,1,1266.0,1334.0,2,1278.0,0.0,0.0,0.0,0.0,0.0,44
2023-05-11 09:29:39,fb2401,fb2401,1278.0,0.0,0.0,0.0,1,1266.0,1333.5,1,1278.0,0.0,0.0,0.0,0.0,0.0,44
2023-05-11 09:30:21,fb2401,fb2401,1278.0,0.0,0.0,0.0,1,1266.0,1333.0,2,1278.0,0.0,0.0,0.0,0.0,0.0,44
2023-05-11 09:30:22,fb2401,fb2401,1278.0,0.0,0.0,0.0,1,1266.0,1332.5,1,1278.0,0.0,0.0,0.0,0.0,0.0,44
2023-05-11 09:31:07,fb2401,fb2401,1278.0,0.0,0.0,0.0,1,1266.0,1332.0,2,1278.0,0.0,0.0,0.0,0.0,0.0,44
2023-05-11 09:31:08,fb2401,fb2401,1278.0,0.0,0.0,0.0,1,1266.0,1331.5,1,1278.0,0.0,0.0,0.0,0.0,0.0,44
2023-05-11 09:31:50,fb2401,fb2401,1278.0,0.0,0.0,0.0,1,1266.0,1331.0,2,1278.0,0.0,0.0,0.0,0.0,0.0,44
2023-05-11 09:31:51,fb2401,fb2401,1278.0,0.0,0.0,0.0,1,1266.0,1330.5,1,1278.0,0.0,0.0,0.0,0.0,0.0,44
2023-05-11 09:32:34,fb2401,fb2401,1278.0,0.0,0.0,0.0,1,1266.0,1330.0,2,1278.0,0.0,0.0,0.0,0.0,0.0,44
2023-05-11 09:32:34,fb2401,fb2401,1278.0,0.0,0.0,0.0,1,1266.0,1329.5,1,1278.0,0.0,0.0,0.0,0.0,0.0,44
2023-05-11 09:33:17,fb2401,fb2401,1278.0,0.0,0.0,0.0,1,1266.0,1329.0,2,1278.0,0.0,0.0,0.0,0.0,0.0,44
2023-05-11 09:33:17,fb2401,fb2401,1278.0,0.0,0.0,0.0,1,1266.0,1328.5,1,1278.0,0.0,0.0,0.0,0.0,0.0,44
2023-05-11 09:33:59,fb2401,fb2401,1278.0,0.0,0.0,0.0,1,1266.0,1328.0,2,1278.0,0.0,0.0,0.0,0.0,0.0,44
2023-05-11 09:34:00,fb2401,fb2401,1278.0,0.0,0.0,0.0,1,1266.0,1327.5,1,1278.0,0.0,0.0,0.0,0.0,0.0,44
2023-05-11 09:34:42,fb2401,fb2401,1278.0,0.0,0.0,0.0,1,1266.0,1327.0,2,1278.0,0.0,0.0,0.0,0.0,0.0,44
2023-05-11 09:34:43,fb2401,fb2401,1278.0,0.0,0.0,0.0,1,1266.0,1326.5,1,1278.0,0.0,0.0,0.0,0.0,0.0,44
2023-05-11 09:35:25,fb2401,fb2401,1278.0,0.0,0.0,0.0,1,1266.0,1326.0,2,1278.0,0.0,0.0,0.0,0.0,0.0,44
2023-05-11 09:35:26,fb2401,fb2401,1278.0,0.0,0.0,0.0,1,1266.0,1325.5,1,1278.0,0.0,0.0,0.0,0.0,0.0,44
2023-05-11 09:36:09,fb2401,fb2401,1278.0,0.0,0.0,0.0,1,1266.0,1325.0,2,1278.0,0.0,0.0,0.0,0.0,0.0,44
2023-05-11 09:36:10,fb2401,fb2401,1278.0,0.0,0.0,0.0,1,1266.0,1324.5,1,1278.0,0.0,0.0,0.0,0.0,0.0,44
2023-05-11 09:36:52,fb2401,fb2401,1278.0,0.0,0.0,0.0,1,1266.0,1324.0,2,1278.0,0.0,0.0,0.0,0.0,0.0,44
2023-05-11 09:36:53,fb2401,fb2401,1278.0,0.0,0.0,0.0,1,1266.0,1323.5,1,1278.0,0.0,0.0,0.0,0.0,0.0,44
2023-05-11 09:37:35,fb2401,fb2401,1278.0,0.0,0.0,0.0,1,1266.0,1323.0,2,1278.0,0.0,0.0,0.0,0.0,0.0,44
2023-05-11 09:37:35,fb2401,fb2401,1278.0,0.0,0.0,0.0,1,1266.0,1322.5,1,1278.0,0.0,0.0,0.0,0.0,0.0,44
2023-05-11 09:38:18,fb2401,fb2401,1278.0,0.0,0.0,0.0,1,1266.0,1322.0,2,1278.0,0.0,0.0,0.0,0.0,0.0,44
2023-05-11 09:38:19,fb2401,fb2401,1278.0,0.0,0.0,0.0,1,1266.0,1321.5,1,1278.0,0.0,0.0,0.0,0.0,0.0,44
2023-05-11 09:39:01,fb2401,fb2401,1278.0,0.0,0.0,0.0,1,1266.0,1321.0,2,1278.0,0.0,0.0,0.0,0.0,0.0,44
2023-05-11 09:39:02,fb2401,fb2401,1278.0,0.0,0.0,0.0,1,1266.0,1320.5,1,1278.0,0.0,0.0,0.0,0.0,0.0,44
2023-05-11 09:39:44,fb2401,fb2401,1278.0,0.0,0.0,0.0,1,1266.0,1320.0,2,1278.0,0.0,0.0,0.0,0.0,0.0,44
2023-05-11 09:39:45,fb2401,fb2401,1278.0,0.0,0.0,0.0,1,1266.0,1319.5,1,1278.0,0.0,0.0,0.0,0.0,0.0,44
2023-05-11 09:40:27,fb2401,fb2401,1278.0,0.0,0.0,0.0,1,1266.0,1319.0,2,1278.0,0.0,0.0,0.0,0.0,0.0,44
2023-05-11 09:40:28,fb2401,fb2401,1278.0,0.0,0.0,0.0,1,1266.0,1318.5,1,1278.0,0.0,0.0,0.0,0.0,0.0,44
2023-05-11 09:41:11,fb2401,fb2401,1278.0,0.0,0.0,0.0,1,1266.0,1318.0,2,1278.0,0.0,0.0,0.0,0.0,0.0,44
2023-05-11 09:41:12,fb2401,fb2401,1278.0,0.0,0.0,0.0,1,1266.0,1317.5,1,1278.0,0.0,0.0,0.0,0.0,0.0,44
2023-05-11 09:41:55,fb2401,fb2401,1278.0,0.0,0.0,0.0,1,1266.0,1317.0,2,1278.0,0.0,0.0,0.0,0.0,0.0,44
2023-05-11 09:41:55,fb2401,fb2401,1278.0,0.0,0.0,0.0,1,1266.0,1316.5,1,1278.0,0.0,0.0,0.0,0.0,0.0,44
2023-05-11 09:42:38,fb2401,fb2401,1278.0,0.0,0.0,0.0,1,1266.0,1316.0,2,1278.0,0.0,0.0,0.0,0.0,0.0,44
2023-05-11 09:42:38,fb2401,fb2401,1278.0,0.0,0.0,0.0,1,1266.0,1315.5,1,1278.0,0.0,0.0,0.0,0.0,0.0,44
2023-05-11 09:43:22,fb2401,fb2401,1278.0,0.0,0.0,0.0,1,1266.0,1315.0,2,1278.0,0.0,0.0,0.0,0.0,0.0,44
2023-05-11 09:43:22,fb2401,fb2401,1278.0,0.0,0.0,0.0,1,1266.0,1314.5,1,1278.0,0.0,0.0,0.0,0.0,0.0,44
2023-05-11 09:44:05,fb2401,fb2401,1278.0,0.0,0.0,0.0,1,1266.0,1314.0,2,1278.0,0.0,0.0,0.0,0.0,0.0,44
2023-05-11 09:44:06,fb2401,fb2401,1278.0,0.0,0.0,0.0,1,1266.0,1313.5,1,1278.0,0.0,0.0,0.0,0.0,0.0,44
2023-05-11 09:44:48,fb2401,fb2401,1278.0,0.0,0.0,0.0,1,1266.0,1313.0,2,1278.0,0.0,0.0,0.0,0.0,0.0,44
2023-05-11 09:44:49,fb2401,fb2401,1278.0,0.0,0.0,0.0,1,1266.0,1312.5,1,1278.0,0.0,0.0,0.0,0.0,0.0,44
2023-05-11 09:45:30,fb2401,fb2401,1278.0,0.0,0.0,0.0,1,1266.0,1312.0,2,1278.0,0.0,0.0,0.0,0.0,0.0,44
2023-05-11 09:45:31,fb2401,fb2401,1278.0,0.0,0.0,0.0,1,1266.0,1311.5,1,1278.0,0.0,0.0,0.0,0.0,0.0,44
2023-05-11 09:46:14,fb2401,fb2401,1278.0,0.0,0.0,0.0,1,1266.0,1311.0,2,1278.0,0.0,0.0,0.0,0.0,0.0,44
2023-05-11 09:46:15,fb2401,fb2401,1278.0,0.0,0.0,0.0,1,1266.0,1310.5,1,1278.0,0.0,0.0,0.0,0.0,0.0,44
2023-05-11 09:46:57,fb2401,fb2401,1278.0,0.0,0.0,0.0,1,1266.0,1310.0,2,1278.0,0.0,0.0,0.0,0.0,0.0,44
2023-05-11 09:46:57,fb2401,fb2401,1278.0,0.0,0.0,0.0,1,1266.0,1309.5,1,1278.0,0.0,0.0,0.0,0.0,0.0,44
2023-05-11 09:47:39,fb2401,fb2401,1278.0,0.0,0.0,0.0,1,1266.0,1309.0,2,1278.0,0.0,0.0,0.0,0.0,0.0,44
2023-05-11 09:47:40,fb2401,fb2401,1278.0,0.0,0.0,0.0,1,1266.0,1308.5,1,1278.0,0.0,0.0,0.0,0.0,0.0,44
2023-05-11 09:48:24,fb2401,fb2401,1278.0,0.0,0.0,0.0,1,1266.0,1308.0,2,1278.0,0.0,0.0,0.0,0.0,0.0,44
2023-05-11 09:48:25,fb2401,fb2401,1278.0,0.0,0.0,0.0,1,1266.0,1307.5,1,1278.0,0.0,0.0,0.0,0.0,0.0,44
2023-05-11 09:49:06,fb2401,fb2401,1278.0,0.0,0.0,0.0,1,1266.0,1307.0,2,1278.0,0.0,0.0,0.0,0.0,0.0,44
2023-05-11 09:49:07,fb2401,fb2401,1278.0,0.0,0.0,0.0,1,1266.0,1306.5,1,1278.0,0.0,0.0,0.0,0.0,0.0,44
2023-05-11 09:49:50,fb2401,fb2401,1278.0,0.0,0.0,0.0,1,1266.0,1306.0,2,1278.0,0.0,0.0,0.0,0.0,0.0,44
2023-05-11 09:49:50,fb2401,fb2401,1278.0,0.0,0.0,0.0,1,1266.0,1305.5,1,1278.0,0.0,0.0,0.0,0.0,0.0,44
2023-05-11 09:50:33,fb2401,fb2401,1278.0,0.0,0.0,0.0,1,1266.0,1305.0,2,1278.0,0.0,0.0,0.0,0.0,0.0,44
2023-05-11 09:50:34,fb2401,fb2401,1278.0,0.0,0.0,0.0,1,1266.0,1304.5,1,1278.0,0.0,0.0,0.0,0.0,0.0,44
2023-05-11 09:51:16,fb2401,fb2401,1278.0,0.0,0.0,0.0,1,1266.0,1304.0,2,1278.0,0.0,0.0,0.0,0.0,0.0,44
2023-05-11 09:51:17,fb2401,fb2401,1278.0,0.0,0.0,0.0,1,1266.0,1303.5,1,1278.0,0.0,0.0,0.0,0.0,0.0,44
2023-05-11 09:51:59,fb2401,fb2401,1278.0,0.0,0.0,0.0,1,1266.0,1303.0,2,1278.0,0.0,0.0,0.0,0.0,0.0,44
2023-05-11 09:52:00,fb2401,fb2401,1278.0,0.0,0.0,0.0,1,1266.0,1302.5,1,1278.0,0.0,0.0,0.0,0.0,0.0,44
2023-05-11 09:52:45,fb2401,fb2401,1278.0,0.0,0.0,0.0,1,1266.0,1302.0,2,1278.0,0.0,0.0,0.0,0.0,0.0,44
2023-05-11 09:52:45,fb2401,fb2401,1278.0,0.0,0.0,0.0,1,1266.0,1301.5,1,1278.0,0.0,0.0,0.0,0.0,0.0,44
2023-05-11 09:53:28,fb2401,fb2401,1278.0,0.0,0.0,0.0,1,1266.0,1301.0,2,1278.0,0.0,0.0,0.0,0.0,0.0,44
2023-05-11 09:53:29,fb2401,fb2401,1278.0,0.0,0.0,0.0,1,1266.0,1300.5,1,1278.0,0.0,0.0,0.0,0.0,0.0,44
2023-05-11 09:54:10,fb2401,fb2401,1278.0,0.0,0.0,0.0,1,1266.0,1300.0,2,1278.0,0.0,0.0,0.0,0.0,0.0,44
2023-05-11 09:54:11,fb2401,fb2401,1278.0,0.0,0.0,0.0,1,1266.0,1299.5,1,1278.0,0.0,0.0,0.0,0.0,0.0,44
2023-05-11 09:54:54,fb2401,fb2401,1278.0,0.0,0.0,0.0,1,1266.0,1299.0,2,1278.0,0.0,0.0,0.0,0.0,0.0,44
2023-05-11 09:54:54,fb2401,fb2401,1278.0,0.0,0.0,0.0,1,1266.0,1298.5,1,1278.0,0.0,0.0,0.0,0.0,0.0,44
2023-05-11 09:55:37,fb2401,fb2401,1278.0,0.0,0.0,0.0,1,1266.0,1298.0,2,1278.0,0.0,0.0,0.0,0.0,0.0,44
2023-05-11 09:55:38,fb2401,fb2401,1278.0,0.0,0.0,0.0,1,1266.0,1297.5,1,1278.0,0.0,0.0,0.0,0.0,0.0,44
2023-05-11 09:56:20,fb2401,fb2401,1278.0,0.0,0.0,0.0,1,1266.0,1297.0,2,1278.0,0.0,0.0,0.0,0.0,0.0,44
2023-05-11 09:56:21,fb2401,fb2401,1278.0,0.0,0.0,0.0,1,1266.0,1296.5,1,1278.0,0.0,0.0,0.0,0.0,0.0,44
2023-05-11 09:57:03,fb2401,fb2401,1278.0,0.0,0.0,0.0,1,1266.0,1296.0,2,1278.0,0.0,0.0,0.0,0.0,0.0,44
2023-05-11 09:57:03,fb2401,fb2401,1278.0,0.0,0.0,0.0,1,1266.0,1295.5,1,1278.0,0.0,0.0,0.0,0.0,0.0,44
2023-05-11 09:57:45,fb2401,fb2401,1278.0,0.0,0.0,0.0,1,1266.0,1295.0,2,1278.0,0.0,0.0,0.0,0.0,0.0,44
2023-05-11 09:57:46,fb2401,fb2401,1278.0,0.0,0.0,0.0,1,1266.0,1294.5,1,1278.0,0.0,0.0,0.0,0.0,0.0,44
2023-05-11 09:58:30,fb2401,fb2401,1278.0,0.0,0.0,0.0,1,1266.0,1294.0,2,1278.0,0.0,0.0,0.0,0.0,0.0,44
2023-05-11 09:58:30,fb2401,fb2401,1278.0,0.0,0.0,0.0,1,1266.0,1293.5,1,1278.0,0.0,0.0,0.0,0.0,0.0,44
2023-05-11 09:59:12,fb2401,fb2401,1278.0,0.0,0.0,0.0,1,1266.0,1293.0,2,1278.0,0.0,0.0,0.0,0.0,0.0,44
2023-05-11 09:59:13,fb2401,fb2401,1278.0,0.0,0.0,0.0,1,1266.0,1292.5,1,1278.0,0.0,0.0,0.0,0.0,0.0,44
2023-05-11 09:59:56,fb2401,fb2401,1278.0,0.0,0.0,0.0,1,1266.0,1292.0,2,1278.0,0.0,0.0,0.0,0.0,0.0,44
2023-05-11 09:59:56,fb2401,fb2401,1278.0,0.0,0.0,0.0,1,1266.0,1291.5,1,1278.0,0.0,0.0,0.0,0.0,0.0,44
2023-05-11 10:00:38,fb2401,fb2401,1278.0,0.0,0.0,0.0,1,1266.0,1291.0,2,1278.0,0.0,0.0,0.0,0.0,0.0,44
2023-05-11 10:00:39,fb2401,fb2401,1278.0,0.0,0.0,0.0,1,1266.0,1290.5,1,1278.0,0.0,0.0,0.0,0.0,0.0,44
2023-05-11 10:01:22,fb2401,fb2401,1278.0,0.0,0.0,0.0,1,1266.0,1290.0,2,1278.0,0.0,0.0,0.0,0.0,0.0,44
2023-05-11 11:00:29,fb2401,fb2401,1278.0,0.0,0.0,0.0,2,1266.0,1290.0,2,1278.0,0.0,0.0,0.0,0.0,0.0,44
2023-05-11 11:00:49,fb2401,fb2401,1278.0,0.0,0.0,0.0,1,1266.0,1290.0,2,1278.0,0.0,0.0,0.0,0.0,0.0,44
2023-05-11 11:00:52,fb2401,fb2401,1278.0,0.0,0.0,0.0,1,1266.5,1290.0,2,1278.0,0.0,0.0,0.0,0.0,0.0,44
2023-05-11 11:01:20,fb2401,fb2401,1278.0,0.0,0.0,0.0,1,1266.0,1290.0,2,1278.0,0.0,0.0,0.0,0.0,0.0,44
2023-05-11 11:01:24,fb2401,fb2401,1278.0,0.0,0.0,0.0,1,1267.0,1290.0,2,1278.0,0.0,0.0,0.0,0.0,0.0,44
2023-05-11 11:02:03,fb2401,fb2401,1278.0,0.0,0.0,0.0,1,1266.0,1290.0,2,1278.0,0.0,0.0,0.0,0.0,0.0,44
2023-05-11 11:29:42,fb2401,fb2401,1278.0,0.0,0.0,0.0,1,1266.0,1336.0,5,1278.0,0.0,0.0,0.0,0.0,0.0,44
2023-05-11 11:29:42,fb2401,fb2401,1278.0,0.0,0.0,0.0,1,1266.0,1335.5,1,1278.0,0.0,0.0,0.0,0.0,0.0,44
2023-05-11 13:30:00,fb2401,fb2401,1278.0,0.0,0.0,0.0,1,1266.0,1333.0,5,1278.0,0.0,0.0,0.0,0.0,0.0,44
2023-05-11 13:30:00,fb2401,fb2401,1278.0,0.0,0.0,0.0,1,1266.0,1332.5,1,1278.0,0.0,0.0,0.0,0.0,0.0,44
2023-05-11 13:30:15,fb2401,fb2401,1278.0,0.0,0.0,0.0,1,1266.0,1332.0,2,1278.0,0.0,0.0,0.0,0.0,0.0,44
2023-05-11 13:30:16,fb2401,fb2401,1278.0,0.0,0.0,0.0,1,1266.0,1331.5,1,1278.0,0.0,0.0,0.0,0.0,0.0,44
2023-05-11 13:30:58,fb2401,fb2401,1278.0,0.0,0.0,0.0,1,1266.0,1331.0,2,1278.0,0.0,0.0,0.0,0.0,0.0,44
2023-05-11 13:30:59,fb2401,fb2401,1278.0,0.0,0.0,0.0,1,1266.0,1330.5,1,1278.0,0.0,0.0,0.0,0.0,0.0,44
2023-05-11 13:31:42,fb2401,fb2401,1278.0,0.0,0.0,0.0,1,1266.0,1330.0,2,1278.0,0.0,0.0,0.0,0.0,0.0,44
2023-05-11 13:31:42,fb2401,fb2401,1278.0,0.0,0.0,0.0,1,1266.0,1329.5,1,1278.0,0.0,0.0,0.0,0.0,0.0,44
2023-05-11 13:32:25,fb2401,fb2401,1278.0,0.0,0.0,0.0,1,1266.0,1329.0,2,1278.0,0.0,0.0,0.0,0.0,0.0,44
2023-05-11 13:32:25,fb2401,fb2401,1278.0,0.0,0.0,0.0,1,1266.0,1328.5,1,1278.0,0.0,0.0,0.0,0.0,0.0,44
2023-05-11 13:33:09,fb2401,fb2401,1278.0,0.0,0.0,0.0,1,1266.0,1328.0,2,1278.0,0.0,0.0,0.0,0.0,0.0,44
2023-05-11 13:33:09,fb2401,fb2401,1278.0,0.0,0.0,0.0,1,1266.0,1327.5,1,1278.0,0.0,0.0,0.0,0.0,0.0,44
2023-05-11 13:33:21,fb2401,fb2401,1278.0,0.0,0.0,0.0,2,1266.0,1327.5,1,1278.0,0.0,0.0,0.0,0.0,0.0,44
2023-05-11 13:33:52,fb2401,fb2401,1278.0,0.0,0.0,0.0,2,1266.0,1327.0,2,1278.0,0.0,0.0,0.0,0.0,0.0,44
2023-05-11 13:33:53,fb2401,fb2401,1278.0,0.0,0.0,0.0,2,1266.0,1326.5,1,1278.0,0.0,0.0,0.0,0.0,0.0,44
2023-05-11 13:34:36,fb2401,fb2401,1278.0,0.0,0.0,0.0,2,1266.0,1326.0,2,1278.0,0.0,0.0,0.0,0.0,0.0,44
2023-05-11 13:34:36,fb2401,fb2401,1278.0,0.0,0.0,0.0,2,1266.0,1325.5,1,1278.0,0.0,0.0,0.0,0.0,0.0,44
2023-05-11 13:34:41,fb2401,fb2401,1278.0,0.0,0.0,0.0,2,1266.0,1314.0,8,1278.0,0.0,0.0,0.0,0.0,0.0,44
2023-05-11 13:34:42,fb2401,fb2401,1278.0,0.0,0.0,0.0,2,1266.0,1313.5,1,1278.0,0.0,0.0,0.0,0.0,0.0,44
2023-05-11 13:35:19,fb2401,fb2401,1278.0,0.0,0.0,0.0,2,1266.0,1313.0,2,1278.0,0.0,0.0,0.0,0.0,0.0,44
2023-05-11 13:35:20,fb2401,fb2401,1278.0,0.0,0.0,0.0,2,1266.0,1312.5,1,1278.0,0.0,0.0,0.0,0.0,0.0,44
2023-05-11 13:36:01,fb2401,fb2401,1278.0,0.0,0.0,0.0,2,1266.0,1312.0,2,1278.0,0.0,0.0,0.0,0.0,0.0,44
2023-05-11 13:36:02,fb2401,fb2401,1278.0,0.0,0.0,0.0,2,1266.0,1311.5,1,1278.0,0.0,0.0,0.0,0.0,0.0,44
2023-05-11 13:36:44,fb2401,fb2401,1278.0,0.0,0.0,0.0,2,1266.0,1311.0,2,1278.0,0.0,0.0,0.0,0.0,0.0,44
2023-05-11 13:36:44,fb2401,fb2401,1278.0,0.0,0.0,0.0,2,1266.0,1310.5,1,1278.0,0.0,0.0,0.0,0.0,0.0,44
2023-05-11 13:37:26,fb2401,fb2401,1278.0,0.0,0.0,0.0,2,1266.0,1310.0,2,1278.0,0.0,0.0,0.0,0.0,0.0,44
2023-05-11 13:37:27,fb2401,fb2401,1278.0,0.0,0.0,0.0,2,1266.0,1309.5,1,1278.0,0.0,0.0,0.0,0.0,0.0,44
2023-05-11 13:38:08,fb2401,fb2401,1278.0,0.0,0.0,0.0,2,1266.0,1309.0,2,1278.0,0.0,0.0,0.0,0.0,0.0,44
2023-05-11 13:38:09,fb2401,fb2401,1278.0,0.0,0.0,0.0,2,1266.0,1308.5,1,1278.0,0.0,0.0,0.0,0.0,0.0,44
2023-05-11 13:38:53,fb2401,fb2401,1278.0,0.0,0.0,0.0,2,1266.0,1308.0,2,1278.0,0.0,0.0,0.0,0.0,0.0,44
2023-05-11 13:38:54,fb2401,fb2401,1278.0,0.0,0.0,0.0,2,1266.0,1307.5,1,1278.0,0.0,0.0,0.0,0.0,0.0,44
2023-05-11 13:39:37,fb2401,fb2401,1278.0,0.0,0.0,0.0,2,1266.0,1307.0,2,1278.0,0.0,0.0,0.0,0.0,0.0,44
2023-05-11 13:39:37,fb2401,fb2401,1278.0,0.0,0.0,0.0,2,1266.0,1306.5,1,1278.0,0.0,0.0,0.0,0.0,0.0,44
2023-05-11 13:40:21,fb2401,fb2401,1278.0,0.0,0.0,0.0,2,1266.0,1306.0,2,1278.0,0.0,0.0,0.0,0.0,0.0,44
2023-05-11 13:40:22,fb2401,fb2401,1278.0,0.0,0.0,0.0,2,1266.0,1305.5,1,1278.0,0.0,0.0,0.0,0.0,0.0,44
2023-05-11 13:41:04,fb2401,fb2401,1278.0,0.0,0.0,0.0,2,1266.0,1305.0,2,1278.0,0.0,0.0,0.0,0.0,0.0,44
2023-05-11 13:41:05,fb2401,fb2401,1278.0,0.0,0.0,0.0,2,1266.0,1304.5,1,1278.0,0.0,0.0,0.0,0.0,0.0,44
2023-05-11 13:41:49,fb2401,fb2401,1278.0,0.0,0.0,0.0,2,1266.0,1304.0,2,1278.0,0.0,0.0,0.0,0.0,0.0,44
2023-05-11 13:41:49,fb2401,fb2401,1278.0,0.0,0.0,0.0,2,1266.0,1303.5,1,1278.0,0.0,0.0,0.0,0.0,0.0,44
2023-05-11 13:42:31,fb2401,fb2401,1278.0,0.0,0.0,0.0,2,1266.0,1303.0,2,1278.0,0.0,0.0,0.0,0.0,0.0,44
2023-05-11 13:42:32,fb2401,fb2401,1278.0,0.0,0.0,0.0,2,1266.0,1302.5,1,1278.0,0.0,0.0,0.0,0.0,0.0,44
2023-05-11 13:43:15,fb2401,fb2401,1278.0,0.0,0.0,0.0,2,1266.0,1302.0,2,1278.0,0.0,0.0,0.0,0.0,0.0,44
2023-05-11 13:43:15,fb2401,fb2401,1278.0,0.0,0.0,0.0,2,1266.0,1301.5,1,1278.0,0.0,0.0,0.0,0.0,0.0,44
2023-05-11 13:43:58,fb2401,fb2401,1278.0,0.0,0.0,0.0,2,1266.0,1301.0,2,1278.0,0.0,0.0,0.0,0.0,0.0,44
2023-05-11 13:43:59,fb2401,fb2401,1278.0,0.0,0.0,0.0,2,1266.0,1300.5,1,1278.0,0.0,0.0,0.0,0.0,0.0,44
2023-05-11 13:44:42,fb2401,fb2401,1278.0,0.0,0.0,0.0,2,1266.0,1300.0,2,1278.0,0.0,0.0,0.0,0.0,0.0,44
2023-05-11 13:44:42,fb2401,fb2401,1278.0,0.0,0.0,0.0,2,1266.0,1299.5,1,1278.0,0.0,0.0,0.0,0.0,0.0,44
2023-05-11 13:45:24,fb2401,fb2401,1278.0,0.0,0.0,0.0,2,1266.0,1299.0,2,1278.0,0.0,0.0,0.0,0.0,0.0,44
2023-05-11 13:45:25,fb2401,fb2401,1278.0,0.0,0.0,0.0,2,1266.0,1298.5,1,1278.0,0.0,0.0,0.0,0.0,0.0,44
2023-05-11 13:46:07,fb2401,fb2401,1278.0,0.0,0.0,0.0,2,1266.0,1298.0,2,1278.0,0.0,0.0,0.0,0.0,0.0,44
2023-05-11 13:46:07,fb2401,fb2401,1278.0,0.0,0.0,0.0,2,1266.0,1297.5,1,1278.0,0.0,0.0,0.0,0.0,0.0,44
2023-05-11 13:46:50,fb2401,fb2401,1278.0,0.0,0.0,0.0,2,1266.0,1297.0,2,1278.0,0.0,0.0,0.0,0.0,0.0,44
2023-05-11 13:46:51,fb2401,fb2401,1278.0,0.0,0.0,0.0,2,1266.0,1296.5,1,1278.0,0.0,0.0,0.0,0.0,0.0,44
2023-05-11 13:47:33,fb2401,fb2401,1278.0,0.0,0.0,0.0,2,1266.0,1296.0,2,1278.0,0.0,0.0,0.0,0.0,0.0,44
2023-05-11 13:47:33,fb2401,fb2401,1278.0,0.0,0.0,0.0,2,1266.0,1295.5,1,1278.0,0.0,0.0,0.0,0.0,0.0,44
2023-05-11 13:48:17,fb2401,fb2401,1278.0,0.0,0.0,0.0,2,1266.0,1295.0,2,1278.0,0.0,0.0,0.0,0.0,0.0,44
2023-05-11 13:48:17,fb2401,fb2401,1278.0,0.0,0.0,0.0,2,1266.0,1294.5,1,1278.0,0.0,0.0,0.0,0.0,0.0,44
2023-05-11 13:48:59,fb2401,fb2401,1278.0,0.0,0.0,0.0,2,1266.0,1294.0,2,1278.0,0.0,0.0,0.0,0.0,0.0,44
2023-05-11 13:49:00,fb2401,fb2401,1278.0,0.0,0.0,0.0,2,1266.0,1293.5,1,1278.0,0.0,0.0,0.0,0.0,0.0,44
2023-05-11 13:49:42,fb2401,fb2401,1278.0,0.0,0.0,0.0,2,1266.0,1293.0,2,1278.0,0.0,0.0,0.0,0.0,0.0,44
2023-05-11 13:49:42,fb2401,fb2401,1278.0,0.0,0.0,0.0,2,1266.0,1292.5,1,1278.0,0.0,0.0,0.0,0.0,0.0,44
2023-05-11 13:50:26,fb2401,fb2401,1278.0,0.0,0.0,0.0,2,1266.0,1292.0,2,1278.0,0.0,0.0,0.0,0.0,0.0,44
2023-05-11 13:50:27,fb2401,fb2401,1278.0,0.0,0.0,0.0,2,1266.0,1291.5,1,1278.0,0.0,0.0,0.0,0.0,0.0,44
2023-05-11 13:51:09,fb2401,fb2401,1278.0,0.0,0.0,0.0,2,1266.0,1291.0,2,1278.0,0.0,0.0,0.0,0.0,0.0,44
2023-05-11 13:51:10,fb2401,fb2401,1278.0,0.0,0.0,0.0,2,1266.0,1290.5,1,1278.0,0.0,0.0,0.0,0.0,0.0,44
2023-05-11 13:51:52,fb2401,fb2401,1278.0,0.0,0.0,0.0,2,1266.0,1290.0,2,1278.0,0.0,0.0,0.0,0.0,0.0,44
2023-05-11 13:55:08,fb2401,fb2401,1278.0,0.0,0.0,0.0,1,1266.0,1290.0,2,1278.0,0.0,0.0,0.0,0.0,0.0,44
2023-05-11 15:01:09,fb2401,fb2401,1278.0,0.0,0.0,0.0,1,1266.0,1290.0,2,1278.0,0.0,0.0,0.0,0.0,0.0,44
