time,symbol_id,symbol_name,last,trade_volume,trade_amount,open_interest_change,bv1,bp1,ap1,av1,yesterday_close,today_open,today_high,today_low,volume,amount,open_interest
2015-10-16 09:14:00,IC1510,IC1510,6997.8,28.0,39187680.0,-27.0,3,6960.0,6997.8,1,6954.8,6997.8,6997.8,6997.8,28.0,39187680.0,4418
2015-10-16 09:15:00,IC1510,IC1510,6996.6,4.0,5592040.0,-2.0,1,6980.0,6997.8,1,6954.8,6997.8,6997.8,6972.6,32.0,44779720.0,4416
2015-10-16 09:15:01,IC1510,IC1510,6996.6,0.0,0.0,0.0,1,6980.2,6990.0,1,6954.8,6997.8,6997.8,6972.6,32.0,44779720.0,4416
2015-10-16 09:15:01,IC1510,IC1510,6980.0,2.0,2795320.0,-2.0,10,6974.0,6980.2,2,6954.8,6997.8,6997.8,6972.6,34.0,47575040.0,4414
2015-10-16 09:15:02,IC1510,IC1510,6974.0,6.0,8370000.0,-6.0,5,6974.0,6980.2,2,6954.8,6997.8,6997.8,6972.6,40.0,55945040.0,4408
2015-10-16 09:15:02,IC1510,IC1510,6974.0,0.0,0.0,0.0,1,6974.2,6980.2,2,6954.8,6997.8,6997.8,6972.6,40.0,55945040.0,4408
2015-10-16 09:15:03,IC1510,IC1510,6997.0,8.0,11181680.0,-8.0,5,6974.0,6997.0,12,6954.8,6997.8,6997.8,6972.6,48.0,67126720.0,4400
2015-10-16 09:15:03,IC1510,IC1510,6997.0,0.0,0.0,0.0,1,6974.2,6995.4,1,6954.8,6997.8,6997.8,6972.6,48.0,67126720.0,4400
2015-10-16 09:15:04,IC1510,IC1510,6997.0,0.0,0.0,0.0,2,6974.4,6995.4,1,6954.8,6997.8,6997.8,6972.6,48.0,67126720.0,4400
2015-10-16 09:15:04,IC1510,IC1510,6995.4,1.0,1399080.0,-1.0,2,6974.4,6994.6,1,6954.8,6997.8,6997.8,6972.6,49.0,68525800.0,4399
2015-10-16 09:15:05,IC1510,IC1510,6995.4,0.0,0.0,0.0,1,6975.2,6994.6,1,6954.8,6997.8,6997.8,6972.6,49.0,68525800.0,4399
2015-10-16 09:15:05,IC1510,IC1510,6963.8,12.0,16734040.0,-12.0,5,6963.8,6974.4,3,6954.8,6997.8,6997.8,6963.8,61.0,85259840.0,4387
2015-10-16 09:15:06,IC1510,IC1510,6964.6,2.0,2787800.0,-2.0,1,6964.0,6973.6,1,6954.8,6997.8,6997.8,6963.8,63.0,88047640.0,4385
2015-10-16 09:15:06,IC1510,IC1510,6973.4,1.0,1394680.0,-1.0,1,6964.2,6973.6,1,6954.8,6997.8,6997.8,6963.8,64.0,89442320.0,4384
2015-10-16 09:15:07,IC1510,IC1510,6973.6,1.0,1394720.0,0.0,1,6964.2,6974.4,2,6954.8,6997.8,6997.8,6963.8,65.0,90837040.0,4384
2015-10-16 09:15:07,IC1510,IC1510,6974.2,2.0,2789560.0,-1.0,1,6965.8,6974.4,2,6954.8,6997.8,6997.8,6963.8,67.0,93626600.0,4383
2015-10-16 09:15:08,IC1510,IC1510,6965.8,2.0,2786440.0,-2.0,5,6963.8,6974.4,2,6954.8,6997.8,6997.8,6963.8,69.0,96413040.0,4381
2015-10-16 09:15:08,IC1510,IC1510,6974.4,3.0,4182920.0,-3.0,3,6974.4,6975.2,1,6954.8,6997.8,6997.8,6963.8,72.0,100595960.0,4378
2015-10-16 09:15:09,IC1510,IC1510,6974.4,0.0,0.0,0.0,3,6974.4,6975.2,2,6954.8,6997.8,6997.8,6963.8,72.0,100595960.0,4378
2015-10-16 09:15:09,IC1510,IC1510,6975.2,2.0,2790080.0,-2.0,2,6975.2,6985.6,1,6954.8,6997.8,6997.8,6963.8,74.0,103386040.0,4376
2015-10-16 09:15:10,IC1510,IC1510,6975.2,0.0,0.0,0.0,1,6976.0,6985.6,1,6954.8,6997.8,6997.8,6963.8,74.0,103386040.0,4376
2015-10-16 09:15:10,IC1510,IC1510,6975.2,5.0,6981400.0,-5.0,1,6975.2,6985.4,1,6954.8,6997.8,6997.8,6963.8,79.0,110367440.0,4371
2015-10-16 09:15:11,IC1510,IC1510,6974.4,2.0,2789920.0,-2.0,2,6974.4,6975.2,7,6954.8,6997.8,6997.8,6963.8,81.0,113157360.0,4369
2015-10-16 09:15:11,IC1510,IC1510,6974.4,4.0,5579840.0,-4.0,2,6973.6,6975.2,5,6954.8,6997.8,6997.8,6963.8,85.0,118737200.0,4365
2015-10-16 09:15:12,IC1510,IC1510,6975.2,2.0,2790080.0,-2.0,1,6973.8,6975.2,3,6954.8,6997.8,6997.8,6963.8,87.0,121527280.0,4363
2015-10-16 09:15:12,IC1510,IC1510,6975.2,3.0,4185120.0,-3.0,1,6974.0,6984.8,1,6954.8,6997.8,6997.8,6963.8,90.0,125712400.0,4360
2015-10-16 09:15:13,IC1510,IC1510,6975.2,0.0,0.0,0.0,1,6976.2,6984.8,1,6954.8,6997.8,6997.8,6963.8,90.0,125712400.0,4360
2015-10-16 09:15:13,IC1510,IC1510,6975.2,0.0,0.0,0.0,1,6976.2,6984.2,1,6954.8,6997.8,6997.8,6963.8,90.0,125712400.0,4360
2015-10-16 09:15:14,IC1510,IC1510,6984.2,2.0,2791880.0,-1.0,4,6984.2,6984.6,2,6954.8,6997.8,6997.8,6963.8,92.0,128504280.0,4359
2015-10-16 09:15:15,IC1510,IC1510,6984.6,1.0,1396920.0,-1.0,4,6984.2,6984.6,1,6954.8,6997.8,6997.8,6963.8,93.0,129901200.0,4358
2015-10-16 09:15:15,IC1510,IC1510,6984.2,2.0,2793680.0,-1.0,2,6984.2,6984.6,2,6954.8,6997.8,6997.8,6963.8,95.0,132694880.0,4357
2015-10-16 09:15:16,IC1510,IC1510,6984.6,2.0,2793840.0,-2.0,2,6984.2,6994.4,1,6954.8,6997.8,6997.8,6963.8,97.0,135488720.0,4355
2015-10-16 09:15:16,IC1510,IC1510,6974.0,4.0,5585400.0,-3.0,2,6973.6,6993.6,1,6954.8,6997.8,6997.8,6963.8,101.0,141074120.0,4352
2015-10-16 09:15:17,IC1510,IC1510,6974.0,0.0,0.0,0.0,4,6984.6,6993.2,1,6954.8,6997.8,6997.8,6963.8,101.0,141074120.0,4352
2015-10-16 09:15:17,IC1510,IC1510,6992.6,1.0,1398520.0,0.0,1,6985.2,6993.2,1,6954.8,6997.8,6997.8,6963.8,102.0,142472640.0,4352
2015-10-16 09:15:18,IC1510,IC1510,6992.6,0.0,0.0,0.0,4,6984.6,6993.0,1,6954.8,6997.8,6997.8,6963.8,102.0,142472640.0,4352
2015-10-16 09:15:18,IC1510,IC1510,6992.6,1.0,1398520.0,-1.0,1,6985.0,6993.0,1,6954.8,6997.8,6997.8,6963.8,103.0,143871160.0,4351
2015-10-16 09:15:19,IC1510,IC1510,6985.0,1.0,1397000.0,-1.0,4,6984.6,6992.8,2,6954.8,6997.8,6997.8,6963.8,104.0,145268160.0,4350
2015-10-16 09:15:19,IC1510,IC1510,6992.8,3.0,4195640.0,-3.0,4,6984.6,6993.0,1,6954.8,6997.8,6997.8,6963.8,107.0,149463800.0,4347
2015-10-16 09:15:20,IC1510,IC1510,6984.6,1.0,1396920.0,-1.0,3,6984.6,6992.8,1,6954.8,6997.8,6997.8,6963.8,108.0,150860720.0,4346
2015-10-16 09:15:20,IC1510,IC1510,6984.6,0.0,0.0,0.0,1,6984.8,6991.4,1,6954.8,6997.8,6997.8,6963.8,108.0,150860720.0,4346
2015-10-16 09:15:22,IC1510,IC1510,6984.8,1.0,1396960.0,-1.0,3,6984.6,6991.0,1,6954.8,6997.8,6997.8,6963.8,109.0,152257680.0,4345
2015-10-16 09:15:22,IC1510,IC1510,6984.6,3.0,4190760.0,-3.0,4,6973.6,6984.6,4,6954.8,6997.8,6997.8,6963.8,112.0,156448440.0,4342
2015-10-16 09:15:23,IC1510,IC1510,6984.6,0.0,0.0,0.0,1,6974.0,6983.8,2,6954.8,6997.8,6997.8,6963.8,112.0,156448440.0,4342
2015-10-16 09:15:23,IC1510,IC1510,6984.6,0.0,0.0,0.0,1,6974.6,6983.8,2,6954.8,6997.8,6997.8,6963.8,112.0,156448440.0,4342
2015-10-16 09:15:24,IC1510,IC1510,6984.6,0.0,0.0,0.0,1,6975.4,6983.6,2,6954.8,6997.8,6997.8,6963.8,112.0,156448440.0,4342
2015-10-16 09:15:25,IC1510,IC1510,6984.6,0.0,0.0,0.0,2,6975.6,6983.6,2,6954.8,6997.8,6997.8,6963.8,112.0,156448440.0,4342
2015-10-16 09:15:25,IC1510,IC1510,6984.6,0.0,0.0,0.0,1,6976.2,6983.6,2,6954.8,6997.8,6997.8,6963.8,112.0,156448440.0,4342
2015-10-16 09:15:26,IC1510,IC1510,6984.6,0.0,0.0,0.0,1,6977.0,6983.6,2,6954.8,6997.8,6997.8,6963.8,112.0,156448440.0,4342
2015-10-16 09:15:26,IC1510,IC1510,6984.6,0.0,0.0,0.0,1,6977.2,6983.6,2,6954.8,6997.8,6997.8,6963.8,112.0,156448440.0,4342
2015-10-16 09:15:27,IC1510,IC1510,6984.6,0.0,0.0,0.0,1,6977.8,6983.6,2,6954.8,6997.8,6997.8,6963.8,112.0,156448440.0,4342
2015-10-16 09:15:27,IC1510,IC1510,6977.0,6.0,8378000.0,-6.0,1,6975.6,6984.8,1,6954.8,6997.8,6997.8,6963.8,118.0,164826440.0,4336
2015-10-16 09:15:28,IC1510,IC1510,6975.8,1.0,1395160.0,-1.0,1,6975.6,6984.0,1,6954.8,6997.8,6997.8,6963.8,119.0,166221600.0,4335
2015-10-16 09:15:28,IC1510,IC1510,6975.8,0.0,0.0,0.0,1,6975.8,6984.0,1,6954.8,6997.8,6997.8,6963.8,119.0,166221600.0,4335
2015-10-16 09:15:29,IC1510,IC1510,6975.8,1.0,1395160.0,-1.0,1,6974.0,6977.2,4,6954.8,6997.8,6997.8,6963.8,120.0,167616760.0,4334
2015-10-16 09:15:30,IC1510,IC1510,6974.0,1.0,1394800.0,0.0,4,6973.6,6977.2,4,6954.8,6997.8,6997.8,6963.8,121.0,169011560.0,4334
2015-10-16 09:15:30,IC1510,IC1510,6977.2,1.0,1395440.0,-1.0,4,6973.6,6977.2,3,6954.8,6997.8,6997.8,6963.8,122.0,170407000.0,4333
2015-10-16 09:15:31,IC1510,IC1510,6973.6,1.0,1394720.0,0.0,3,6973.6,6977.2,3,6954.8,6997.8,6997.8,6963.8,123.0,171801720.0,4333
2015-10-16 09:15:31,IC1510,IC1510,6973.6,1.0,1394720.0,-1.0,2,6973.6,6977.2,3,6954.8,6997.8,6997.8,6963.8,124.0,173196440.0,4332
2015-10-16 09:15:32,IC1510,IC1510,6973.6,0.0,0.0,0.0,2,6973.8,6977.2,3,6954.8,6997.8,6997.8,6963.8,124.0,173196440.0,4332
2015-10-16 09:15:34,IC1510,IC1510,6973.6,0.0,0.0,0.0,1,6974.0,6977.2,3,6954.8,6997.8,6997.8,6963.8,124.0,173196440.0,4332
2015-10-16 09:15:34,IC1510,IC1510,6973.6,3.0,4184160.0,-3.0,2,6973.6,6977.2,3,6954.8,6997.8,6997.8,6963.8,127.0,177380600.0,4329
2015-10-16 09:15:35,IC1510,IC1510,6977.2,1.0,1395440.0,-1.0,2,6973.6,6977.2,2,6954.8,6997.8,6997.8,6963.8,128.0,178776040.0,4328
2015-10-16 09:15:35,IC1510,IC1510,6977.2,3.0,4186320.0,-3.0,2,6973.6,6977.2,1,6954.8,6997.8,6997.8,6963.8,131.0,182962360.0,4325
2015-10-16 09:15:36,IC1510,IC1510,6977.2,1.0,1395440.0,-1.0,2,6973.6,6982.6,1,6954.8,6997.8,6997.8,6963.8,132.0,184357800.0,4324
2015-10-16 09:15:36,IC1510,IC1510,6977.2,0.0,0.0,0.0,1,6974.4,6982.6,1,6954.8,6997.8,6997.8,6963.8,132.0,184357800.0,4324
2015-10-16 09:15:37,IC1510,IC1510,6977.2,0.0,0.0,0.0,1,6974.4,6977.2,6,6954.8,6997.8,6997.8,6963.8,132.0,184357800.0,4324
2015-10-16 09:15:37,IC1510,IC1510,6977.2,1.0,1395440.0,-1.0,2,6973.6,6977.2,5,6954.8,6997.8,6997.8,6963.8,133.0,185753240.0,4323
2015-10-16 09:15:38,IC1510,IC1510,6973.6,1.0,1394720.0,-1.0,1,6973.6,6977.2,5,6954.8,6997.8,6997.8,6963.8,134.0,187147960.0,4322
2015-10-16 09:15:38,IC1510,IC1510,6974.4,3.0,4184480.0,-2.0,1,6971.0,6977.2,5,6954.8,6997.8,6997.8,6963.8,137.0,191332440.0,4320
2015-10-16 09:15:39,IC1510,IC1510,6974.4,0.0,0.0,0.0,1,6971.0,6977.0,1,6954.8,6997.8,6997.8,6963.8,137.0,191332440.0,4320
2015-10-16 09:15:41,IC1510,IC1510,6974.4,0.0,0.0,0.0,1,6971.0,6974.6,1,6954.8,6997.8,6997.8,6963.8,137.0,191332440.0,4320
2015-10-16 09:15:42,IC1510,IC1510,6971.0,1.0,1394200.0,-1.0,1,6965.0,6971.0,1,6954.8,6997.8,6997.8,6963.8,138.0,192726640.0,4319
2015-10-16 09:15:42,IC1510,IC1510,6974.6,2.0,2789120.0,-2.0,1,6965.0,6977.0,1,6954.8,6997.8,6997.8,6963.8,140.0,195515760.0,4317
2015-10-16 09:15:43,IC1510,IC1510,6974.6,0.0,0.0,0.0,1,6965.8,6970.8,1,6954.8,6997.8,6997.8,6963.8,140.0,195515760.0,4317
2015-10-16 09:15:43,IC1510,IC1510,6972.8,1.0,1394560.0,-1.0,2,6966.0,6977.0,1,6954.8,6997.8,6997.8,6963.8,141.0,196910320.0,4316
2015-10-16 09:15:44,IC1510,IC1510,6972.8,0.0,0.0,0.0,1,6966.8,6977.0,1,6954.8,6997.8,6997.8,6963.8,141.0,196910320.0,4316
2015-10-16 09:15:46,IC1510,IC1510,6972.8,0.0,0.0,0.0,1,6967.0,6977.0,1,6954.8,6997.8,6997.8,6963.8,141.0,196910320.0,4316
2015-10-16 09:15:46,IC1510,IC1510,6972.8,0.0,0.0,0.0,1,6967.2,6977.0,1,6954.8,6997.8,6997.8,6963.8,141.0,196910320.0,4316
2015-10-16 09:15:47,IC1510,IC1510,6977.0,2.0,2790800.0,-1.0,4,6977.0,6977.2,5,6954.8,6997.8,6997.8,6963.8,143.0,199701120.0,4315
2015-10-16 09:15:49,IC1510,IC1510,6977.2,1.0,1395440.0,0.0,4,6977.0,6977.2,4,6954.8,6997.8,6997.8,6963.8,144.0,201096560.0,4315
2015-10-16 09:15:49,IC1510,IC1510,6977.2,1.0,1395440.0,-1.0,4,6977.0,6977.2,3,6954.8,6997.8,6997.8,6963.8,145.0,202492000.0,4314
2015-10-16 09:15:51,IC1510,IC1510,6977.0,3.0,4186200.0,-2.0,1,6977.0,6977.2,3,6954.8,6997.8,6997.8,6963.8,148.0,206678200.0,4312
2015-10-16 09:15:51,IC1510,IC1510,6977.0,1.0,1395400.0,-1.0,6,6968.0,6977.2,3,6954.8,6997.8,6997.8,6963.8,149.0,208073600.0,4311
2015-10-16 09:15:52,IC1510,IC1510,6977.0,0.0,0.0,0.0,1,6968.8,6977.0,1,6954.8,6997.8,6997.8,6963.8,149.0,208073600.0,4311
2015-10-16 09:15:52,IC1510,IC1510,6977.0,0.0,0.0,0.0,1,6969.0,6977.0,2,6954.8,6997.8,6997.8,6963.8,149.0,208073600.0,4311
2015-10-16 09:15:53,IC1510,IC1510,6977.0,1.0,1395400.0,-1.0,1,6969.2,6977.0,1,6954.8,6997.8,6997.8,6963.8,150.0,209469000.0,4310
2015-10-16 09:15:53,IC1510,IC1510,6977.0,1.0,1395400.0,-1.0,1,6969.2,6977.0,2,6954.8,6997.8,6997.8,6963.8,151.0,210864400.0,4309
2015-10-16 09:15:54,IC1510,IC1510,6977.0,0.0,0.0,0.0,1,6969.8,6976.8,1,6954.8,6997.8,6997.8,6963.8,151.0,210864400.0,4309
2015-10-16 09:15:55,IC1510,IC1510,6969.8,1.0,1393960.0,-1.0,1,6969.2,6976.8,1,6954.8,6997.8,6997.8,6963.8,152.0,212258360.0,4308
2015-10-16 09:15:56,IC1510,IC1510,6969.8,0.0,0.0,0.0,5,6970.0,6976.8,1,6954.8,6997.8,6997.8,6963.8,152.0,212258360.0,4308
2015-10-16 09:15:57,IC1510,IC1510,6969.8,5.0,6969800.0,-5.0,1,6970.2,6976.8,1,6954.8,6997.8,6997.8,6963.8,157.0,219228160.0,4303
2015-10-16 09:15:57,IC1510,IC1510,6969.8,1.0,1393960.0,-1.0,3,6970.4,6976.8,1,6954.8,6997.8,6997.8,6963.8,158.0,220622120.0,4302
2015-10-16 09:15:58,IC1510,IC1510,6969.8,0.0,0.0,0.0,4,6970.4,6976.8,1,6954.8,6997.8,6997.8,6963.8,158.0,220622120.0,4302
2015-10-16 09:15:59,IC1510,IC1510,6970.4,4.0,5576320.0,-4.0,1,6970.2,6970.4,1,6954.8,6997.8,6997.8,6963.8,162.0,226198440.0,4298
2015-10-16 09:15:59,IC1510,IC1510,6970.4,1.0,1394080.0,-1.0,6,6968.0,6976.8,1,6954.8,6997.8,6997.8,6963.8,163.0,227592520.0,4297
2015-10-16 09:16:00,IC1510,IC1510,6970.4,0.0,0.0,0.0,1,6968.2,6976.2,1,6954.8,6997.8,6997.8,6963.8,163.0,227592520.0,4297
2015-10-16 09:16:02,IC1510,IC1510,6968.2,1.0,1393640.0,-1.0,6,6968.0,6968.2,1,6954.8,6997.8,6997.8,6963.8,164.0,228986160.0,4296
2015-10-16 09:16:03,IC1510,IC1510,6968.2,1.0,1393640.0,-1.0,6,6968.0,6976.2,1,6954.8,6997.8,6997.8,6963.8,165.0,230379800.0,4295
2015-10-16 09:16:03,IC1510,IC1510,6968.2,0.0,0.0,0.0,1,6968.2,6976.0,3,6954.8,6997.8,6997.8,6963.8,165.0,230379800.0,4295
2015-10-16 09:16:04,IC1510,IC1510,6976.0,1.0,1395200.0,-1.0,1,6970.2,6975.8,1,6954.8,6997.8,6997.8,6963.8,166.0,231775000.0,4294
2015-10-16 09:16:05,IC1510,IC1510,6976.0,0.0,0.0,0.0,1,6970.2,6975.2,1,6954.8,6997.8,6997.8,6963.8,166.0,231775000.0,4294
2015-10-16 09:16:05,IC1510,IC1510,6975.8,2.0,2790320.0,-2.0,3,6975.8,6976.0,2,6954.8,6997.8,6997.8,6963.8,168.0,234565320.0,4292
2015-10-16 09:16:07,IC1510,IC1510,6975.8,1.0,1395160.0,-1.0,2,6975.8,6976.0,2,6954.8,6997.8,6997.8,6963.8,169.0,235960480.0,4291
2015-10-16 09:16:08,IC1510,IC1510,6975.8,3.0,4185520.0,-2.0,1,6970.2,6976.8,1,6954.8,6997.8,6997.8,6963.8,172.0,240146000.0,4289
2015-10-16 09:16:08,IC1510,IC1510,6975.8,0.0,0.0,0.0,1,6970.2,6975.8,1,6954.8,6997.8,6997.8,6963.8,172.0,240146000.0,4289
2015-10-16 09:16:09,IC1510,IC1510,6975.8,0.0,0.0,0.0,1,6970.2,6975.0,1,6954.8,6997.8,6997.8,6963.8,172.0,240146000.0,4289
2015-10-16 09:16:12,IC1510,IC1510,6975.8,0.0,0.0,0.0,1,6970.2,6974.8,1,6954.8,6997.8,6997.8,6963.8,172.0,240146000.0,4289
2015-10-16 09:16:13,IC1510,IC1510,6975.8,0.0,0.0,0.0,2,6970.4,6974.8,1,6954.8,6997.8,6997.8,6963.8,172.0,240146000.0,4289
2015-10-16 09:16:14,IC1510,IC1510,6974.8,1.0,1394960.0,-1.0,2,6970.4,6974.0,1,6954.8,6997.8,6997.8,6963.8,173.0,241540960.0,4288
2015-10-16 09:16:15,IC1510,IC1510,6974.8,1.0,1394960.0,0.0,2,6970.4,6975.8,5,6954.8,6997.8,6997.8,6963.8,174.0,242935920.0,4288
2015-10-16 09:16:16,IC1510,IC1510,6975.8,1.0,1395160.0,-1.0,2,6970.4,6975.8,4,6954.8,6997.8,6997.8,6963.8,175.0,244331080.0,4287
2015-10-16 09:16:16,IC1510,IC1510,6970.6,1.0,1394120.0,-1.0,2,6970.4,6975.8,4,6954.8,6997.8,6997.8,6963.8,176.0,245725200.0,4286
2015-10-16 09:16:17,IC1510,IC1510,6975.8,1.0,1395160.0,-1.0,2,6970.4,6975.8,3,6954.8,6997.8,6997.8,6963.8,177.0,247120360.0,4285
2015-10-16 09:16:18,IC1510,IC1510,6975.8,0.0,0.0,0.0,2,6970.4,6975.8,4,6954.8,6997.8,6997.8,6963.8,177.0,247120360.0,4285
2015-10-16 09:16:18,IC1510,IC1510,6970.4,1.0,1394080.0,-1.0,1,6970.4,6975.0,1,6954.8,6997.8,6997.8,6963.8,178.0,248514440.0,4284
2015-10-16 09:16:20,IC1510,IC1510,6970.4,1.0,1394080.0,-1.0,1,6970.2,6975.0,1,6954.8,6997.8,6997.8,6963.8,179.0,249908520.0,4283
2015-10-16 09:16:20,IC1510,IC1510,6970.4,0.0,0.0,0.0,2,6971.0,6975.0,1,6954.8,6997.8,6997.8,6963.8,179.0,249908520.0,4283
2015-10-16 09:16:22,IC1510,IC1510,6975.0,1.0,1395000.0,0.0,1,6972.4,6975.8,4,6954.8,6997.8,6997.8,6963.8,180.0,251303520.0,4283
2015-10-16 09:16:24,IC1510,IC1510,6972.4,1.0,1394480.0,-1.0,2,6971.0,6975.8,4,6954.8,6997.8,6997.8,6963.8,181.0,252698000.0,4282
2015-10-16 09:16:26,IC1510,IC1510,6972.4,0.0,0.0,0.0,2,6971.0,6975.8,1,6954.8,6997.8,6997.8,6963.8,181.0,252698000.0,4282
2015-10-16 09:16:27,IC1510,IC1510,6972.4,0.0,0.0,0.0,1,6971.2,6975.8,1,6954.8,6997.8,6997.8,6963.8,181.0,252698000.0,4282
2015-10-16 09:16:28,IC1510,IC1510,6972.4,0.0,0.0,0.0,1,6971.2,6973.8,1,6954.8,6997.8,6997.8,6963.8,181.0,252698000.0,4282
2015-10-16 09:16:29,IC1510,IC1510,6973.8,1.0,1394760.0,-1.0,1,6971.2,6975.8,1,6954.8,6997.8,6997.8,6963.8,182.0,254092760.0,4281
2015-10-16 09:16:30,IC1510,IC1510,6971.2,1.0,1394240.0,-1.0,2,6971.0,6971.2,2,6954.8,6997.8,6997.8,6963.8,183.0,255487000.0,4280
2015-10-16 09:16:30,IC1510,IC1510,6971.2,2.0,2788480.0,-2.0,2,6971.0,6975.8,1,6954.8,6997.8,6997.8,6963.8,185.0,258275480.0,4278
2015-10-16 09:16:31,IC1510,IC1510,6971.0,2.0,2789360.0,-2.0,1,6973.8,6976.0,1,6954.8,6997.8,6997.8,6963.8,187.0,261064840.0,4276
2015-10-16 09:16:31,IC1510,IC1510,6971.0,1.0,1394200.0,-1.0,1,6971.0,6976.0,1,6954.8,6997.8,6997.8,6963.8,188.0,262459040.0,4275
2015-10-16 09:16:32,IC1510,IC1510,6971.0,0.0,0.0,0.0,5,6975.8,6976.0,1,6954.8,6997.8,6997.8,6963.8,188.0,262459040.0,4275
2015-10-16 09:16:34,IC1510,IC1510,6971.0,1.0,1394200.0,-1.0,4,6975.8,6976.0,1,6954.8,6997.8,6997.8,6963.8,189.0,263853240.0,4274
2015-10-16 09:16:36,IC1510,IC1510,6975.8,1.0,1395160.0,-1.0,3,6975.8,6976.0,1,6954.8,6997.8,6997.8,6963.8,190.0,265248400.0,4273
2015-10-16 09:16:36,IC1510,IC1510,6976.0,1.0,1395200.0,-1.0,3,6976.0,6976.8,1,6954.8,6997.8,6997.8,6963.8,191.0,266643600.0,4272
2015-10-16 09:16:37,IC1510,IC1510,6976.0,1.0,1395200.0,-1.0,2,6976.0,6976.8,1,6954.8,6997.8,6997.8,6963.8,192.0,268038800.0,4271
2015-10-16 09:16:38,IC1510,IC1510,6976.0,0.0,0.0,0.0,2,6976.0,6976.6,1,6954.8,6997.8,6997.8,6963.8,192.0,268038800.0,4271
2015-10-16 09:16:39,IC1510,IC1510,6976.0,2.0,2790520.0,-2.0,1,6976.0,6976.8,1,6954.8,6997.8,6997.8,6963.8,194.0,270829320.0,4269
2015-10-16 09:16:40,IC1510,IC1510,6976.8,1.0,1395360.0,0.0,1,6976.0,6977.0,1,6954.8,6997.8,6997.8,6963.8,195.0,272224680.0,4269
2015-10-16 09:16:42,IC1510,IC1510,6976.8,0.0,0.0,0.0,2,6976.8,6977.0,1,6954.8,6997.8,6997.8,6963.8,195.0,272224680.0,4269
2015-10-16 09:16:42,IC1510,IC1510,6976.8,2.0,2790760.0,-1.0,1,6976.8,6978.0,1,6954.8,6997.8,6997.8,6963.8,197.0,275015440.0,4268
2015-10-16 09:16:43,IC1510,IC1510,6976.8,0.0,0.0,0.0,1,6977.6,6978.0,1,6954.8,6997.8,6997.8,6963.8,197.0,275015440.0,4268
2015-10-16 09:16:45,IC1510,IC1510,6978.0,1.0,1395600.0,0.0,1,6977.6,6978.2,1,6954.8,6997.8,6997.8,6963.8,198.0,276411040.0,4268
2015-10-16 09:16:47,IC1510,IC1510,6977.6,1.0,1395520.0,-1.0,1,6976.8,6978.2,1,6954.8,6997.8,6997.8,6963.8,199.0,277806560.0,4267
2015-10-16 09:16:48,IC1510,IC1510,6978.2,1.0,1395640.0,-1.0,1,6976.8,6987.8,1,6954.8,6997.8,6997.8,6963.8,200.0,279202200.0,4266
2015-10-16 09:16:48,IC1510,IC1510,6978.2,0.0,0.0,0.0,1,6977.6,6987.8,1,6954.8,6997.8,6997.8,6963.8,200.0,279202200.0,4266
2015-10-16 09:16:49,IC1510,IC1510,6978.2,0.0,0.0,0.0,1,6977.6,6987.6,2,6954.8,6997.8,6997.8,6963.8,200.0,279202200.0,4266
2015-10-16 09:16:49,IC1510,IC1510,6978.2,0.0,0.0,0.0,1,6977.8,6987.6,2,6954.8,6997.8,6997.8,6963.8,200.0,279202200.0,4266
2015-10-16 09:16:50,IC1510,IC1510,6978.2,0.0,0.0,0.0,1,6978.6,6986.8,2,6954.8,6997.8,6997.8,6963.8,200.0,279202200.0,4266
2015-10-16 09:16:51,IC1510,IC1510,6978.2,0.0,0.0,0.0,1,6978.8,6986.6,1,6954.8,6997.8,6997.8,6963.8,200.0,279202200.0,4266
2015-10-16 09:16:52,IC1510,IC1510,6979.0,1.0,1395800.0,-1.0,1,6978.8,6986.6,1,6954.8,6997.8,6997.8,6963.8,201.0,280598000.0,4265
2015-10-16 09:16:53,IC1510,IC1510,6985.8,1.0,1397160.0,-1.0,1,6978.8,6984.2,1,6954.8,6997.8,6997.8,6963.8,202.0,281995160.0,4264
2015-10-16 09:16:54,IC1510,IC1510,6978.8,1.0,1395760.0,-1.0,1,6978.6,6978.8,2,6954.8,6997.8,6997.8,6963.8,203.0,283390920.0,4263
2015-10-16 09:16:55,IC1510,IC1510,6978.8,0.0,0.0,0.0,1,6978.6,6978.8,1,6954.8,6997.8,6997.8,6963.8,203.0,283390920.0,4263
2015-10-16 09:16:56,IC1510,IC1510,6978.6,1.0,1395720.0,0.0,1,6976.8,6978.8,1,6954.8,6997.8,6997.8,6963.8,204.0,284786640.0,4263
2015-10-16 09:17:06,IC1510,IC1510,6978.6,0.0,0.0,0.0,2,6976.8,6978.8,1,6954.8,6997.8,6997.8,6963.8,204.0,284786640.0,4263
2015-10-16 09:17:09,IC1510,IC1510,6978.8,1.0,1395760.0,-1.0,2,6976.8,6977.8,1,6954.8,6997.8,6997.8,6963.8,205.0,286182400.0,4262
2015-10-16 09:17:10,IC1510,IC1510,6976.8,2.0,2790720.0,-2.0,1,6976.0,6977.8,1,6954.8,6997.8,6997.8,6963.8,207.0,288973120.0,4260
2015-10-16 09:17:13,IC1510,IC1510,6976.0,1.0,1395200.0,-1.0,3,6975.8,6976.0,3,6954.8,6997.8,6997.8,6963.8,208.0,290368320.0,4259
2015-10-16 09:17:14,IC1510,IC1510,6976.0,0.0,0.0,0.0,3,6975.8,6976.0,4,6954.8,6997.8,6997.8,6963.8,208.0,290368320.0,4259
2015-10-16 09:17:14,IC1510,IC1510,6976.0,1.0,1395200.0,-1.0,3,6975.8,6976.0,3,6954.8,6997.8,6997.8,6963.8,209.0,291763520.0,4258
2015-10-16 09:17:15,IC1510,IC1510,6976.0,1.0,1395200.0,-1.0,3,6975.8,6976.0,2,6954.8,6997.8,6997.8,6963.8,210.0,293158720.0,4257
2015-10-16 09:17:18,IC1510,IC1510,6976.0,1.0,1395200.0,-1.0,3,6975.8,6976.0,1,6954.8,6997.8,6997.8,6963.8,211.0,294553920.0,4256
2015-10-16 09:17:18,IC1510,IC1510,6976.0,1.0,1395200.0,-1.0,3,6975.8,6977.8,1,6954.8,6997.8,6997.8,6963.8,212.0,295949120.0,4255
2015-10-16 09:17:21,IC1510,IC1510,6975.8,2.0,2790720.0,-2.0,2,6975.8,6978.6,1,6954.8,6997.8,6997.8,6963.8,214.0,298739840.0,4253
2015-10-16 09:17:22,IC1510,IC1510,6975.8,0.0,0.0,0.0,2,6975.8,6976.0,2,6954.8,6997.8,6997.8,6963.8,214.0,298739840.0,4253
2015-10-16 09:17:23,IC1510,IC1510,6976.0,1.0,1395200.0,-1.0,2,6975.8,6976.0,1,6954.8,6997.8,6997.8,6963.8,215.0,300135040.0,4252
2015-10-16 09:17:26,IC1510,IC1510,6976.0,1.0,1395200.0,-1.0,2,6975.8,6977.2,1,6954.8,6997.8,6997.8,6963.8,216.0,301530240.0,4251
2015-10-16 09:17:27,IC1510,IC1510,6976.0,0.0,0.0,0.0,1,6976.2,6977.2,1,6954.8,6997.8,6997.8,6963.8,216.0,301530240.0,4251
2015-10-16 09:17:29,IC1510,IC1510,6976.2,1.0,1395240.0,-1.0,2,6975.8,6977.2,1,6954.8,6997.8,6997.8,6963.8,217.0,302925480.0,4250
2015-10-16 09:17:31,IC1510,IC1510,6975.8,2.0,2790320.0,-2.0,1,6975.0,6975.8,1,6954.8,6997.8,6997.8,6963.8,219.0,305715800.0,4248
2015-10-16 09:17:33,IC1510,IC1510,6975.8,1.0,1395160.0,-1.0,2,6975.8,6977.2,1,6954.8,6997.8,6997.8,6963.8,220.0,307110960.0,4247
2015-10-16 09:17:39,IC1510,IC1510,6975.8,0.0,0.0,0.0,2,6975.8,6977.0,2,6954.8,6997.8,6997.8,6963.8,220.0,307110960.0,4247
2015-10-16 09:17:39,IC1510,IC1510,6975.8,0.0,0.0,0.0,1,6976.0,6977.0,2,6954.8,6997.8,6997.8,6963.8,220.0,307110960.0,4247
2015-10-16 09:17:42,IC1510,IC1510,6975.8,1.0,1395160.0,-1.0,2,6975.8,6977.0,2,6954.8,6997.8,6997.8,6963.8,221.0,308506120.0,4246
2015-10-16 09:17:42,IC1510,IC1510,6975.8,0.0,0.0,0.0,1,6976.2,6977.0,2,6954.8,6997.8,6997.8,6963.8,221.0,308506120.0,4246
2015-10-16 09:17:44,IC1510,IC1510,6975.8,1.0,1395160.0,-1.0,1,6975.0,6976.2,6,6954.8,6997.8,6997.8,6963.8,222.0,309901280.0,4245
2015-10-16 09:17:45,IC1510,IC1510,6975.0,1.0,1395000.0,-1.0,2,6974.8,6976.2,6,6954.8,6997.8,6997.8,6963.8,223.0,311296280.0,4244
2015-10-16 09:17:45,IC1510,IC1510,6975.0,0.0,0.0,0.0,2,6974.8,6975.0,8,6954.8,6997.8,6997.8,6963.8,223.0,311296280.0,4244
2015-10-16 09:17:46,IC1510,IC1510,6974.8,2.0,2789920.0,-2.0,6,6972.0,6975.0,8,6954.8,6997.8,6997.8,6963.8,225.0,314086200.0,4242
2015-10-16 09:17:56,IC1510,IC1510,6974.8,0.0,0.0,0.0,1,6972.2,6975.0,8,6954.8,6997.8,6997.8,6963.8,225.0,314086200.0,4242
2015-10-16 09:17:57,IC1510,IC1510,6974.8,0.0,0.0,0.0,1,6972.6,6975.0,8,6954.8,6997.8,6997.8,6963.8,225.0,314086200.0,4242
2015-10-16 09:17:57,IC1510,IC1510,6972.6,2.0,2789520.0,-2.0,1,6972.2,6972.6,5,6954.8,6997.8,6997.8,6963.8,227.0,316875720.0,4240
2015-10-16 09:17:58,IC1510,IC1510,6972.6,3.0,4183560.0,-3.0,1,6972.2,6972.6,4,6954.8,6997.8,6997.8,6963.8,230.0,321059280.0,4237
2015-10-16 09:17:59,IC1510,IC1510,6972.6,0.0,0.0,0.0,1,6972.2,6972.4,1,6954.8,6997.8,6997.8,6963.8,230.0,321059280.0,4237
2015-10-16 09:18:01,IC1510,IC1510,6972.6,4.0,5577760.0,-4.0,4,6972.0,6972.6,3,6954.8,6997.8,6997.8,6963.8,234.0,326637040.0,4233
2015-10-16 09:18:01,IC1510,IC1510,6972.6,1.0,1394520.0,-1.0,4,6972.0,6972.6,2,6954.8,6997.8,6997.8,6963.8,235.0,328031560.0,4232
2015-10-16 09:18:02,IC1510,IC1510,6972.6,2.0,2789040.0,0.0,4,6972.0,6975.0,7,6954.8,6997.8,6997.8,6963.8,237.0,330820600.0,4232
2015-10-16 09:18:03,IC1510,IC1510,6972.6,0.0,0.0,0.0,1,6974.8,6975.0,7,6954.8,6997.8,6997.8,6963.8,237.0,330820600.0,4232
2015-10-16 09:18:03,IC1510,IC1510,6972.6,1.0,1394520.0,0.0,1,6972.2,6975.0,7,6954.8,6997.8,6997.8,6963.8,238.0,332215120.0,4232
2015-10-16 09:18:04,IC1510,IC1510,6975.0,3.0,4185000.0,-3.0,1,6972.2,6975.0,4,6954.8,6997.8,6997.8,6963.8,241.0,336400120.0,4229
2015-10-16 09:18:05,IC1510,IC1510,6975.0,0.0,0.0,0.0,1,6972.2,6974.8,2,6954.8,6997.8,6997.8,6963.8,241.0,336400120.0,4229
2015-10-16 09:18:07,IC1510,IC1510,6972.4,1.0,1394480.0,-1.0,1,6972.2,6974.8,2,6954.8,6997.8,6997.8,6963.8,242.0,337794600.0,4228
2015-10-16 09:18:08,IC1510,IC1510,6972.2,1.0,1394440.0,-1.0,4,6972.0,6974.8,2,6954.8,6997.8,6997.8,6963.8,243.0,339189040.0,4227
2015-10-16 09:18:09,IC1510,IC1510,6974.8,2.0,2789920.0,-2.0,1,6972.2,6975.0,4,6954.8,6997.8,6997.8,6963.8,245.0,341978960.0,4225
2015-10-16 09:18:10,IC1510,IC1510,6974.8,0.0,0.0,0.0,1,6972.4,6975.0,4,6954.8,6997.8,6997.8,6963.8,245.0,341978960.0,4225
2015-10-16 09:18:11,IC1510,IC1510,6974.8,0.0,0.0,0.0,1,6973.0,6975.0,4,6954.8,6997.8,6997.8,6963.8,245.0,341978960.0,4225
2015-10-16 09:18:12,IC1510,IC1510,6973.0,1.0,1394600.0,-1.0,2,6972.8,6975.0,4,6954.8,6997.8,6997.8,6963.8,246.0,343373560.0,4224
2015-10-16 09:18:13,IC1510,IC1510,6973.0,0.0,0.0,0.0,1,6973.0,6975.0,4,6954.8,6997.8,6997.8,6963.8,246.0,343373560.0,4224
2015-10-16 09:18:13,IC1510,IC1510,6973.0,0.0,0.0,0.0,1,6973.2,6975.0,4,6954.8,6997.8,6997.8,6963.8,246.0,343373560.0,4224
2015-10-16 09:18:17,IC1510,IC1510,6973.0,0.0,0.0,0.0,2,6972.8,6975.0,4,6954.8,6997.8,6997.8,6963.8,246.0,343373560.0,4224
2015-10-16 09:18:20,IC1510,IC1510,6975.0,1.0,1395000.0,-1.0,2,6972.8,6975.0,3,6954.8,6997.8,6997.8,6963.8,247.0,344768560.0,4223
2015-10-16 09:18:20,IC1510,IC1510,6972.8,1.0,1394560.0,-1.0,1,6972.8,6975.0,3,6954.8,6997.8,6997.8,6963.8,248.0,346163120.0,4222
2015-10-16 09:18:21,IC1510,IC1510,6972.8,0.0,0.0,0.0,2,6972.8,6975.0,3,6954.8,6997.8,6997.8,6963.8,248.0,346163120.0,4222
2015-10-16 09:18:21,IC1510,IC1510,6972.8,0.0,0.0,0.0,2,6972.8,6974.8,2,6954.8,6997.8,6997.8,6963.8,248.0,346163120.0,4222
2015-10-16 09:18:22,IC1510,IC1510,6972.8,0.0,0.0,0.0,2,6973.0,6974.8,2,6954.8,6997.8,6997.8,6963.8,248.0,346163120.0,4222
2015-10-16 09:18:24,IC1510,IC1510,6972.8,0.0,0.0,0.0,2,6973.0,6974.8,3,6954.8,6997.8,6997.8,6963.8,248.0,346163120.0,4222
2015-10-16 09:18:24,IC1510,IC1510,6974.8,1.0,1394960.0,-1.0,2,6973.0,6974.8,2,6954.8,6997.8,6997.8,6963.8,249.0,347558080.0,4221
2015-10-16 09:18:25,IC1510,IC1510,6974.8,0.0,0.0,0.0,2,6973.0,6974.6,1,6954.8,6997.8,6997.8,6963.8,249.0,347558080.0,4221
2015-10-16 09:18:26,IC1510,IC1510,6974.8,0.0,0.0,0.0,2,6973.0,6974.6,2,6954.8,6997.8,6997.8,6963.8,249.0,347558080.0,4221
2015-10-16 09:18:26,IC1510,IC1510,6974.8,0.0,0.0,0.0,1,6973.2,6974.6,2,6954.8,6997.8,6997.8,6963.8,249.0,347558080.0,4221
2015-10-16 09:18:29,IC1510,IC1510,6974.8,0.0,0.0,0.0,2,6973.0,6973.2,2,6954.8,6997.8,6997.8,6963.8,249.0,347558080.0,4221
2015-10-16 09:18:33,IC1510,IC1510,6973.0,1.0,1394600.0,-1.0,1,6973.0,6973.2,2,6954.8,6997.8,6997.8,6963.8,250.0,348952680.0,4220
2015-10-16 09:18:33,IC1510,IC1510,6973.0,1.0,1394600.0,-1.0,1,6972.8,6973.0,7,6954.8,6997.8,6997.8,6963.8,251.0,350347280.0,4219
2015-10-16 09:18:37,IC1510,IC1510,6973.0,2.0,2789160.0,-2.0,3,6972.2,6973.0,7,6954.8,6997.8,6997.8,6963.8,253.0,353136440.0,4217
2015-10-16 09:18:38,IC1510,IC1510,6973.0,0.0,0.0,0.0,1,6972.4,6973.0,7,6954.8,6997.8,6997.8,6963.8,253.0,353136440.0,4217
2015-10-16 09:18:38,IC1510,IC1510,6972.4,1.0,1394480.0,-1.0,3,6972.2,6973.0,7,6954.8,6997.8,6997.8,6963.8,254.0,354530920.0,4216
2015-10-16 09:18:39,IC1510,IC1510,6972.2,1.0,1394440.0,0.0,2,6972.2,6973.0,7,6954.8,6997.8,6997.8,6963.8,255.0,355925360.0,4216
2015-10-16 09:18:40,IC1510,IC1510,6972.2,1.0,1394440.0,-1.0,1,6972.2,6973.0,7,6954.8,6997.8,6997.8,6963.8,256.0,357319800.0,4215
2015-10-16 09:18:41,IC1510,IC1510,6973.0,3.0,4183480.0,-3.0,4,6972.0,6973.0,6,6954.8,6997.8,6997.8,6963.8,259.0,361503280.0,4212
2015-10-16 09:18:42,IC1510,IC1510,6972.0,3.0,4183200.0,-3.0,1,6972.0,6973.0,6,6954.8,6997.8,6997.8,6963.8,262.0,365686480.0,4209
2015-10-16 09:18:42,IC1510,IC1510,6972.0,1.0,1394400.0,-1.0,5,6971.0,6973.0,6,6954.8,6997.8,6997.8,6963.8,263.0,367080880.0,4208
2015-10-16 09:18:43,IC1510,IC1510,6971.0,1.0,1394200.0,-1.0,4,6971.0,6973.0,6,6954.8,6997.8,6997.8,6963.8,264.0,368475080.0,4207
2015-10-16 09:18:43,IC1510,IC1510,6971.0,0.0,0.0,0.0,4,6971.0,6972.8,1,6954.8,6997.8,6997.8,6963.8,264.0,368475080.0,4207
2015-10-16 09:18:44,IC1510,IC1510,6971.0,0.0,0.0,0.0,4,6971.0,6972.8,2,6954.8,6997.8,6997.8,6963.8,264.0,368475080.0,4207
2015-10-16 09:18:48,IC1510,IC1510,6971.0,1.0,1394200.0,-1.0,3,6971.0,6972.8,2,6954.8,6997.8,6997.8,6963.8,265.0,369869280.0,4206
2015-10-16 09:18:49,IC1510,IC1510,6971.0,3.0,4182600.0,-3.0,3,6971.2,6972.8,2,6954.8,6997.8,6997.8,6963.8,268.0,374051880.0,4203
2015-10-16 09:18:50,IC1510,IC1510,6971.0,1.0,1394200.0,-1.0,2,6971.2,6972.8,1,6954.8,6997.8,6997.8,6963.8,269.0,375446080.0,4202
2015-10-16 09:18:52,IC1510,IC1510,6971.2,1.0,1394240.0,-1.0,1,6971.2,6972.8,1,6954.8,6997.8,6997.8,6963.8,270.0,376840320.0,4201
2015-10-16 09:18:52,IC1510,IC1510,6971.2,0.0,0.0,0.0,1,6971.2,6972.0,1,6954.8,6997.8,6997.8,6963.8,270.0,376840320.0,4201
2015-10-16 09:18:56,IC1510,IC1510,6971.2,0.0,0.0,0.0,1,6971.4,6972.0,2,6954.8,6997.8,6997.8,6963.8,270.0,376840320.0,4201
2015-10-16 09:18:58,IC1510,IC1510,6970.2,3.0,4182560.0,-3.0,1,6970.2,6971.4,1,6954.8,6997.8,6997.8,6963.8,273.0,381022880.0,4198
2015-10-16 09:18:59,IC1510,IC1510,6970.2,0.0,0.0,0.0,1,6970.2,6971.4,2,6954.8,6997.8,6997.8,6963.8,273.0,381022880.0,4198
2015-10-16 09:18:59,IC1510,IC1510,6971.4,2.0,2788560.0,-2.0,15,6971.4,6972.0,1,6954.8,6997.8,6997.8,6963.8,275.0,383811440.0,4196
2015-10-16 09:19:01,IC1510,IC1510,6972.0,1.0,1394400.0,-1.0,15,6971.4,6972.8,1,6954.8,6997.8,6997.8,6963.8,276.0,385205840.0,4195
2015-10-16 09:19:02,IC1510,IC1510,6972.8,1.0,1394560.0,-1.0,1,6972.8,6973.0,5,6954.8,6997.8,6997.8,6963.8,277.0,386600400.0,4194
2015-10-16 09:19:03,IC1510,IC1510,6972.8,1.0,1394560.0,-1.0,1,6971.8,6973.0,5,6954.8,6997.8,6997.8,6963.8,278.0,387994960.0,4193
2015-10-16 09:19:05,IC1510,IC1510,6971.4,2.0,2788640.0,-2.0,14,6971.4,6973.0,5,6954.8,6997.8,6997.8,6963.8,280.0,390783600.0,4191
2015-10-16 09:19:08,IC1510,IC1510,6971.4,1.0,1394280.0,-1.0,1,6971.8,6973.0,5,6954.8,6997.8,6997.8,6963.8,281.0,392177880.0,4190
2015-10-16 09:19:09,IC1510,IC1510,6973.0,1.0,1394600.0,-1.0,1,6971.8,6973.0,4,6954.8,6997.8,6997.8,6963.8,282.0,393572480.0,4189
2015-10-16 09:19:11,IC1510,IC1510,6973.0,1.0,1394600.0,-1.0,1,6972.0,6973.0,3,6954.8,6997.8,6997.8,6963.8,283.0,394967080.0,4188
2015-10-16 09:19:14,IC1510,IC1510,6972.0,1.0,1394400.0,-1.0,1,6971.8,6973.0,3,6954.8,6997.8,6997.8,6963.8,284.0,396361480.0,4187
2015-10-16 09:19:16,IC1510,IC1510,6972.0,0.0,0.0,0.0,1,6971.8,6972.8,1,6954.8,6997.8,6997.8,6963.8,284.0,396361480.0,4187
2015-10-16 09:19:18,IC1510,IC1510,6971.8,2.0,2788920.0,-1.0,13,6971.4,6973.0,3,6954.8,6997.8,6997.8,6963.8,286.0,399150400.0,4186
2015-10-16 09:19:19,IC1510,IC1510,6971.4,1.0,1394280.0,-1.0,12,6971.4,6973.0,3,6954.8,6997.8,6997.8,6963.8,287.0,400544680.0,4185
2015-10-16 09:19:19,IC1510,IC1510,6971.4,1.0,1394280.0,-1.0,11,6971.4,6973.0,3,6954.8,6997.8,6997.8,6963.8,288.0,401938960.0,4184
2015-10-16 09:19:20,IC1510,IC1510,6971.4,1.0,1394280.0,-1.0,11,6971.4,6973.0,3,6954.8,6997.8,6997.8,6963.8,289.0,403333240.0,4183
2015-10-16 09:19:20,IC1510,IC1510,6972.8,1.0,1394560.0,-1.0,11,6971.4,6973.0,3,6954.8,6997.8,6997.8,6963.8,290.0,404727800.0,4182
2015-10-16 09:19:21,IC1510,IC1510,6971.4,2.0,2788560.0,-2.0,9,6971.4,6973.0,3,6954.8,6997.8,6997.8,6963.8,292.0,407516360.0,4180
2015-10-16 09:19:21,IC1510,IC1510,6971.4,1.0,1394280.0,-1.0,9,6971.4,6973.0,3,6954.8,6997.8,6997.8,6963.8,293.0,408910640.0,4179
2015-10-16 09:19:22,IC1510,IC1510,6971.4,1.0,1394280.0,-1.0,8,6971.4,6973.0,3,6954.8,6997.8,6997.8,6963.8,294.0,410304920.0,4178
2015-10-16 09:19:23,IC1510,IC1510,6971.4,0.0,0.0,0.0,8,6971.4,6972.6,1,6954.8,6997.8,6997.8,6963.8,294.0,410304920.0,4178
2015-10-16 09:19:23,IC1510,IC1510,6971.4,0.0,0.0,0.0,1,6972.0,6972.6,2,6954.8,6997.8,6997.8,6963.8,294.0,410304920.0,4178
2015-10-16 09:19:27,IC1510,IC1510,6971.6,1.0,1394320.0,-1.0,8,6971.4,6972.6,2,6954.8,6997.8,6997.8,6963.8,295.0,411699240.0,4177
2015-10-16 09:19:29,IC1510,IC1510,6971.6,0.0,0.0,0.0,8,6971.4,6972.2,1,6954.8,6997.8,6997.8,6963.8,295.0,411699240.0,4177
2015-10-16 09:19:30,IC1510,IC1510,6971.6,0.0,0.0,0.0,1,6971.6,6972.2,1,6954.8,6997.8,6997.8,6963.8,295.0,411699240.0,4177
2015-10-16 09:19:32,IC1510,IC1510,6971.6,0.0,0.0,0.0,1,6971.6,6972.6,1,6954.8,6997.8,6997.8,6963.8,295.0,411699240.0,4177
2015-10-16 09:19:34,IC1510,IC1510,6971.6,1.0,1394320.0,-1.0,8,6971.4,6971.6,1,6954.8,6997.8,6997.8,6963.8,296.0,413093560.0,4176
2015-10-16 09:19:34,IC1510,IC1510,6971.4,3.0,4182880.0,-3.0,6,6971.4,6972.6,1,6954.8,6997.8,6997.8,6963.8,299.0,417276440.0,4173
2015-10-16 09:19:35,IC1510,IC1510,6971.4,1.0,1394280.0,-1.0,5,6971.4,6972.6,1,6954.8,6997.8,6997.8,6963.8,300.0,418670720.0,4172
2015-10-16 09:19:36,IC1510,IC1510,6971.4,2.0,2788560.0,-2.0,3,6971.4,6972.6,1,6954.8,6997.8,6997.8,6963.8,302.0,421459280.0,4170
2015-10-16 09:19:36,IC1510,IC1510,6971.4,1.0,1394280.0,-1.0,2,6971.4,6972.6,1,6954.8,6997.8,6997.8,6963.8,303.0,422853560.0,4169
2015-10-16 09:19:41,IC1510,IC1510,6971.4,2.0,2788560.0,-2.0,1,6970.6,6971.0,2,6954.8,6997.8,6997.8,6963.8,305.0,425642120.0,4167
2015-10-16 09:19:41,IC1510,IC1510,6971.4,1.0,1394280.0,-1.0,1,6970.6,6971.0,1,6954.8,6997.8,6997.8,6963.8,306.0,427036400.0,4166
2015-10-16 09:19:46,IC1510,IC1510,6970.6,1.0,1394120.0,-1.0,1,6970.2,6970.6,1,6954.8,6997.8,6997.8,6963.8,307.0,428430520.0,4165
2015-10-16 09:19:47,IC1510,IC1510,6970.2,1.0,1394040.0,-1.0,1,6970.0,6970.6,1,6954.8,6997.8,6997.8,6963.8,308.0,429824560.0,4164
2015-10-16 09:19:48,IC1510,IC1510,6970.0,1.0,1394000.0,-1.0,2,6969.2,6970.6,1,6954.8,6997.8,6997.8,6963.8,309.0,431218560.0,4163
2015-10-16 09:19:49,IC1510,IC1510,6970.0,0.0,0.0,0.0,1,6969.8,6970.6,1,6954.8,6997.8,6997.8,6963.8,309.0,431218560.0,4163
2015-10-16 09:19:52,IC1510,IC1510,6969.8,1.0,1393960.0,-1.0,2,6969.2,6970.6,1,6954.8,6997.8,6997.8,6963.8,310.0,432612520.0,4162
2015-10-16 09:19:53,IC1510,IC1510,6969.8,0.0,0.0,0.0,2,6969.2,6970.4,1,6954.8,6997.8,6997.8,6963.8,310.0,432612520.0,4162
2015-10-16 09:19:56,IC1510,IC1510,6969.8,0.0,0.0,0.0,2,6969.2,6970.2,1,6954.8,6997.8,6997.8,6963.8,310.0,432612520.0,4162
2015-10-16 09:19:57,IC1510,IC1510,6973.0,10.0,13942360.0,-10.0,2,6969.2,6973.0,2,6954.8,6997.8,6997.8,6963.8,320.0,446554880.0,4152
2015-10-16 09:19:58,IC1510,IC1510,6973.0,0.0,0.0,0.0,2,6969.2,6971.0,1,6954.8,6997.8,6997.8,6963.8,320.0,446554880.0,4152
2015-10-16 09:20:01,IC1510,IC1510,6969.2,2.0,2787680.0,-2.0,1,6970.4,6971.0,1,6954.8,6997.8,6997.8,6963.8,322.0,449342560.0,4150
2015-10-16 09:20:02,IC1510,IC1510,6970.4,1.0,1394080.0,-1.0,1,6968.2,6971.0,1,6954.8,6997.8,6997.8,6963.8,323.0,450736640.0,4149
2015-10-16 09:20:04,IC1510,IC1510,6968.2,1.0,1393640.0,-1.0,6,6968.0,6971.0,1,6954.8,6997.8,6997.8,6963.8,324.0,452130280.0,4148
2015-10-16 09:20:05,IC1510,IC1510,6968.2,0.0,0.0,0.0,6,6968.0,6969.6,1,6954.8,6997.8,6997.8,6963.8,324.0,452130280.0,4148
2015-10-16 09:20:05,IC1510,IC1510,6969.6,1.0,1393920.0,0.0,6,6968.0,6971.0,1,6954.8,6997.8,6997.8,6963.8,325.0,453524200.0,4148
2015-10-16 09:20:06,IC1510,IC1510,6971.0,1.0,1394200.0,0.0,6,6968.0,6973.0,2,6954.8,6997.8,6997.8,6963.8,326.0,454918400.0,4148
2015-10-16 09:20:06,IC1510,IC1510,6968.0,1.0,1393600.0,-1.0,5,6968.0,6973.0,2,6954.8,6997.8,6997.8,6963.8,327.0,456312000.0,4147
2015-10-16 09:20:07,IC1510,IC1510,6968.0,0.0,0.0,0.0,5,6968.0,6970.2,1,6954.8,6997.8,6997.8,6963.8,327.0,456312000.0,4147
2015-10-16 09:20:08,IC1510,IC1510,6968.0,0.0,0.0,0.0,5,6968.0,6970.0,1,6954.8,6997.8,6997.8,6963.8,327.0,456312000.0,4147
2015-10-16 09:20:12,IC1510,IC1510,6970.0,1.0,1394000.0,-1.0,5,6968.0,6970.2,1,6954.8,6997.8,6997.8,6963.8,328.0,457706000.0,4146
2015-10-16 09:20:12,IC1510,IC1510,6970.0,0.0,0.0,0.0,1,6968.2,6970.0,1,6954.8,6997.8,6997.8,6963.8,328.0,457706000.0,4146
2015-10-16 09:20:13,IC1510,IC1510,6968.2,1.0,1393640.0,-1.0,5,6968.0,6970.0,1,6954.8,6997.8,6997.8,6963.8,329.0,459099640.0,4145
2015-10-16 09:20:13,IC1510,IC1510,6970.0,1.0,1394000.0,-1.0,2,6970.0,6970.2,1,6954.8,6997.8,6997.8,6963.8,330.0,460493640.0,4144
2015-10-16 09:20:14,IC1510,IC1510,6970.0,2.0,2788000.0,-2.0,5,6968.0,6970.2,1,6954.8,6997.8,6997.8,6963.8,332.0,463281640.0,4142
2015-10-16 09:20:14,IC1510,IC1510,6970.0,0.0,0.0,0.0,1,6968.6,6970.2,1,6954.8,6997.8,6997.8,6963.8,332.0,463281640.0,4142
2015-10-16 09:20:15,IC1510,IC1510,6968.0,2.0,2787320.0,-2.0,4,6968.0,6970.2,1,6954.8,6997.8,6997.8,6963.8,334.0,466068960.0,4140
2015-10-16 09:20:18,IC1510,IC1510,6970.2,1.0,1394040.0,-1.0,4,6968.0,6972.8,1,6954.8,6997.8,6997.8,6963.8,335.0,467463000.0,4139
2015-10-16 09:20:19,IC1510,IC1510,6968.0,1.0,1393600.0,-1.0,3,6968.0,6972.8,1,6954.8,6997.8,6997.8,6963.8,336.0,468856600.0,4138
2015-10-16 09:20:20,IC1510,IC1510,6968.0,1.0,1393600.0,-1.0,2,6968.0,6972.8,1,6954.8,6997.8,6997.8,6963.8,337.0,470250200.0,4137
2015-10-16 09:20:21,IC1510,IC1510,6968.0,2.0,2788160.0,-2.0,1,6968.0,6973.0,2,6954.8,6997.8,6997.8,6963.8,339.0,473038360.0,4135
2015-10-16 09:20:21,IC1510,IC1510,6968.0,1.0,1393600.0,-1.0,1,6967.8,6973.0,2,6954.8,6997.8,6997.8,6963.8,340.0,474431960.0,4134
2015-10-16 09:20:22,IC1510,IC1510,6966.2,2.0,2786800.0,-2.0,1,6968.0,6973.0,2,6954.8,6997.8,6997.8,6963.8,342.0,477218760.0,4132
2015-10-16 09:20:26,IC1510,IC1510,6968.0,1.0,1393600.0,-1.0,1,6965.0,6972.8,1,6954.8,6997.8,6997.8,6963.8,343.0,478612360.0,4131
2015-10-16 09:20:27,IC1510,IC1510,6968.0,0.0,0.0,0.0,1,6969.6,6972.8,1,6954.8,6997.8,6997.8,6963.8,343.0,478612360.0,4131
2015-10-16 09:20:29,IC1510,IC1510,6968.0,0.0,0.0,0.0,1,6969.6,6972.8,2,6954.8,6997.8,6997.8,6963.8,343.0,478612360.0,4131
2015-10-16 09:20:31,IC1510,IC1510,6972.8,1.0,1394560.0,-1.0,1,6969.6,6972.8,1,6954.8,6997.8,6997.8,6963.8,344.0,480006920.0,4130
2015-10-16 09:20:32,IC1510,IC1510,6969.6,1.0,1393920.0,-1.0,1,6967.6,6972.8,1,6954.8,6997.8,6997.8,6963.8,345.0,481400840.0,4129
2015-10-16 09:20:34,IC1510,IC1510,6969.6,0.0,0.0,0.0,1,6967.6,6972.0,1,6954.8,6997.8,6997.8,6963.8,345.0,481400840.0,4129
2015-10-16 09:20:35,IC1510,IC1510,6969.6,0.0,0.0,0.0,1,6967.6,6972.0,2,6954.8,6997.8,6997.8,6963.8,345.0,481400840.0,4129
2015-10-16 09:20:36,IC1510,IC1510,6972.0,1.0,1394400.0,-1.0,1,6967.6,6972.0,1,6954.8,6997.8,6997.8,6963.8,346.0,482795240.0,4128
2015-10-16 09:20:37,IC1510,IC1510,6967.6,1.0,1393520.0,-1.0,1,6965.4,6972.0,1,6954.8,6997.8,6997.8,6963.8,347.0,484188760.0,4127
2015-10-16 09:20:38,IC1510,IC1510,6965.4,1.0,1393080.0,-1.0,1,6965.0,6972.0,1,6954.8,6997.8,6997.8,6963.8,348.0,485581840.0,4126
2015-10-16 09:20:40,IC1510,IC1510,6965.4,0.0,0.0,0.0,1,6965.0,6971.8,1,6954.8,6997.8,6997.8,6963.8,348.0,485581840.0,4126
2015-10-16 09:20:40,IC1510,IC1510,6965.4,0.0,0.0,0.0,2,6965.0,6971.8,1,6954.8,6997.8,6997.8,6963.8,348.0,485581840.0,4126
2015-10-16 09:20:42,IC1510,IC1510,6965.4,1.0,1393080.0,-1.0,2,6965.0,6971.8,1,6954.8,6997.8,6997.8,6963.8,349.0,486974920.0,4125
2015-10-16 09:20:43,IC1510,IC1510,6965.4,0.0,0.0,0.0,2,6965.0,6969.6,1,6954.8,6997.8,6997.8,6963.8,349.0,486974920.0,4125
2015-10-16 09:20:44,IC1510,IC1510,6969.6,1.0,1393920.0,-1.0,3,6965.2,6971.8,1,6954.8,6997.8,6997.8,6963.8,350.0,488368840.0,4124
2015-10-16 09:20:45,IC1510,IC1510,6965.2,1.0,1393040.0,-1.0,2,6965.2,6971.8,1,6954.8,6997.8,6997.8,6963.8,351.0,489761880.0,4123
2015-10-16 09:20:46,IC1510,IC1510,6965.2,0.0,0.0,0.0,2,6965.2,6971.8,2,6954.8,6997.8,6997.8,6963.8,351.0,489761880.0,4123
2015-10-16 09:20:48,IC1510,IC1510,6965.2,0.0,0.0,0.0,2,6965.8,6971.8,2,6954.8,6997.8,6997.8,6963.8,351.0,489761880.0,4123
2015-10-16 09:20:51,IC1510,IC1510,6965.2,0.0,0.0,0.0,2,6966.0,6971.8,2,6954.8,6997.8,6997.8,6963.8,351.0,489761880.0,4123
2015-10-16 09:20:52,IC1510,IC1510,6965.2,0.0,0.0,0.0,2,6966.0,6971.8,3,6954.8,6997.8,6997.8,6963.8,351.0,489761880.0,4123
2015-10-16 09:20:53,IC1510,IC1510,6965.2,1.0,1393040.0,-1.0,1,6966.0,6971.8,3,6954.8,6997.8,6997.8,6963.8,352.0,491154920.0,4122
2015-10-16 09:20:55,IC1510,IC1510,6971.8,1.0,1394360.0,-1.0,1,6966.0,6971.8,2,6954.8,6997.8,6997.8,6963.8,353.0,492549280.0,4121
2015-10-16 09:20:56,IC1510,IC1510,6971.8,0.0,0.0,0.0,1,6966.2,6971.8,2,6954.8,6997.8,6997.8,6963.8,353.0,492549280.0,4121
2015-10-16 09:20:56,IC1510,IC1510,6971.8,0.0,0.0,0.0,1,6966.6,6971.8,2,6954.8,6997.8,6997.8,6963.8,353.0,492549280.0,4121
2015-10-16 09:20:57,IC1510,IC1510,6966.6,1.0,1393320.0,-1.0,1,6966.2,6971.8,2,6954.8,6997.8,6997.8,6963.8,354.0,493942600.0,4120
2015-10-16 09:20:58,IC1510,IC1510,6966.6,0.0,0.0,0.0,2,6966.6,6971.8,2,6954.8,6997.8,6997.8,6963.8,354.0,493942600.0,4120
2015-10-16 09:20:59,IC1510,IC1510,6966.6,0.0,0.0,0.0,1,6966.8,6971.6,1,6954.8,6997.8,6997.8,6963.8,354.0,493942600.0,4120
2015-10-16 09:21:00,IC1510,IC1510,6966.6,0.0,0.0,0.0,1,6966.8,6970.0,2,6954.8,6997.8,6997.8,6963.8,354.0,493942600.0,4120
2015-10-16 09:21:02,IC1510,IC1510,6966.6,0.0,0.0,0.0,1,6966.8,6970.0,3,6954.8,6997.8,6997.8,6963.8,354.0,493942600.0,4120
2015-10-16 09:21:03,IC1510,IC1510,6966.6,0.0,0.0,0.0,2,6966.6,6970.0,3,6954.8,6997.8,6997.8,6963.8,354.0,493942600.0,4120
2015-10-16 09:21:04,IC1510,IC1510,6966.6,0.0,0.0,0.0,1,6966.4,6970.0,3,6954.8,6997.8,6997.8,6963.8,354.0,493942600.0,4120
2015-10-16 09:21:05,IC1510,IC1510,6966.6,0.0,0.0,0.0,2,6967.8,6970.0,4,6954.8,6997.8,6997.8,6963.8,354.0,493942600.0,4120
2015-10-16 09:21:07,IC1510,IC1510,6966.6,0.0,0.0,0.0,2,6967.8,6969.2,1,6954.8,6997.8,6997.8,6963.8,354.0,493942600.0,4120
2015-10-16 09:21:08,IC1510,IC1510,6966.6,0.0,0.0,0.0,2,6967.8,6969.2,2,6954.8,6997.8,6997.8,6963.8,354.0,493942600.0,4120
2015-10-16 09:21:08,IC1510,IC1510,6966.6,0.0,0.0,0.0,2,6967.8,6969.2,3,6954.8,6997.8,6997.8,6963.8,354.0,493942600.0,4120
2015-10-16 09:21:20,IC1510,IC1510,6967.8,1.0,1393560.0,-1.0,1,6967.8,6969.2,3,6954.8,6997.8,6997.8,6963.8,355.0,495336160.0,4119
2015-10-16 09:21:21,IC1510,IC1510,6967.8,1.0,1393560.0,0.0,1,6966.4,6969.2,3,6954.8,6997.8,6997.8,6963.8,356.0,496729720.0,4119
2015-10-16 09:21:26,IC1510,IC1510,6967.8,0.0,0.0,0.0,1,6966.4,6969.0,1,6954.8,6997.8,6997.8,6963.8,356.0,496729720.0,4119
2015-10-16 09:21:27,IC1510,IC1510,6967.8,0.0,0.0,0.0,1,6966.4,6969.0,3,6954.8,6997.8,6997.8,6963.8,356.0,496729720.0,4119
2015-10-16 09:21:29,IC1510,IC1510,6969.0,1.0,1393800.0,-1.0,1,6966.4,6969.0,2,6954.8,6997.8,6997.8,6963.8,357.0,498123520.0,4118
2015-10-16 09:21:30,IC1510,IC1510,6966.4,1.0,1393280.0,-1.0,1,6966.0,6969.0,2,6954.8,6997.8,6997.8,6963.8,358.0,499516800.0,4117
2015-10-16 09:21:31,IC1510,IC1510,6969.0,1.0,1393800.0,-1.0,1,6966.0,6969.0,1,6954.8,6997.8,6997.8,6963.8,359.0,500910600.0,4116
2015-10-16 09:21:31,IC1510,IC1510,6969.0,0.0,0.0,0.0,1,6966.0,6968.8,1,6954.8,6997.8,6997.8,6963.8,359.0,500910600.0,4116
2015-10-16 09:21:32,IC1510,IC1510,6966.0,1.0,1393200.0,-1.0,2,6965.2,6968.8,2,6954.8,6997.8,6997.8,6963.8,360.0,502303800.0,4115
2015-10-16 09:21:32,IC1510,IC1510,6965.2,1.0,1393040.0,-1.0,1,6965.2,6968.8,2,6954.8,6997.8,6997.8,6963.8,361.0,503696840.0,4114
2015-10-16 09:21:33,IC1510,IC1510,6965.2,1.0,1393040.0,-1.0,2,6965.0,6968.8,2,6954.8,6997.8,6997.8,6963.8,362.0,505089880.0,4113
2015-10-16 09:21:34,IC1510,IC1510,6965.0,1.0,1393000.0,-1.0,1,6965.0,6968.8,2,6954.8,6997.8,6997.8,6963.8,363.0,506482880.0,4112
2015-10-16 09:21:35,IC1510,IC1510,6965.0,0.0,0.0,0.0,1,6965.0,6968.6,1,6954.8,6997.8,6997.8,6963.8,363.0,506482880.0,4112
2015-10-16 09:21:36,IC1510,IC1510,6965.0,0.0,0.0,0.0,1,6965.0,6968.6,2,6954.8,6997.8,6997.8,6963.8,363.0,506482880.0,4112
2015-10-16 09:21:36,IC1510,IC1510,6965.0,0.0,0.0,0.0,1,6965.0,6966.0,2,6954.8,6997.8,6997.8,6963.8,363.0,506482880.0,4112
2015-10-16 09:21:37,IC1510,IC1510,6966.0,1.0,1393200.0,-1.0,1,6965.0,6966.0,1,6954.8,6997.8,6997.8,6963.8,364.0,507876080.0,4111
2015-10-16 09:21:38,IC1510,IC1510,6966.0,0.0,0.0,0.0,1,6965.0,6966.0,2,6954.8,6997.8,6997.8,6963.8,364.0,507876080.0,4111
2015-10-16 09:21:38,IC1510,IC1510,6966.0,1.0,1393200.0,-1.0,1,6965.0,6965.8,1,6954.8,6997.8,6997.8,6963.8,365.0,509269280.0,4110
2015-10-16 09:21:39,IC1510,IC1510,6965.0,1.0,1393000.0,-1.0,1,6961.2,6966.0,1,6954.8,6997.8,6997.8,6963.8,366.0,510662280.0,4109
2015-10-16 09:21:39,IC1510,IC1510,6961.2,1.0,1392240.0,-1.0,8,6960.0,6961.2,1,6954.8,6997.8,6997.8,6961.2,367.0,512054520.0,4108
2015-10-16 09:21:40,IC1510,IC1510,6961.2,1.0,1392240.0,-1.0,1,6966.0,6968.8,1,6954.8,6997.8,6997.8,6961.2,368.0,513446760.0,4107
2015-10-16 09:21:40,IC1510,IC1510,6960.0,2.0,2784240.0,-2.0,7,6960.0,6968.8,1,6954.8,6997.8,6997.8,6960.0,370.0,516231000.0,4105
2015-10-16 09:21:41,IC1510,IC1510,6960.0,1.0,1392000.0,-1.0,1,6960.2,6968.8,1,6954.8,6997.8,6997.8,6960.0,371.0,517623000.0,4104
2015-10-16 09:21:41,IC1510,IC1510,6960.0,0.0,0.0,0.0,1,6960.2,6965.0,2,6954.8,6997.8,6997.8,6960.0,371.0,517623000.0,4104
2015-10-16 09:21:44,IC1510,IC1510,6960.0,1.0,1392000.0,-1.0,6,6960.0,6965.0,2,6954.8,6997.8,6997.8,6960.0,372.0,519015000.0,4103
2015-10-16 09:21:44,IC1510,IC1510,6960.0,0.0,0.0,0.0,1,6961.0,6965.0,2,6954.8,6997.8,6997.8,6960.0,372.0,519015000.0,4103
2015-10-16 09:21:46,IC1510,IC1510,6960.0,1.0,1392000.0,-1.0,6,6960.0,6965.0,2,6954.8,6997.8,6997.8,6960.0,373.0,520407000.0,4102
2015-10-16 09:21:46,IC1510,IC1510,6960.0,3.0,4176000.0,-3.0,3,6960.0,6965.0,2,6954.8,6997.8,6997.8,6960.0,376.0,524583000.0,4099
2015-10-16 09:21:47,IC1510,IC1510,6960.0,1.0,1392000.0,-1.0,2,6960.0,6965.0,2,6954.8,6997.8,6997.8,6960.0,377.0,525975000.0,4098
2015-10-16 09:21:48,IC1510,IC1510,6960.0,0.0,0.0,0.0,2,6960.0,6964.8,1,6954.8,6997.8,6997.8,6960.0,377.0,525975000.0,4098
2015-10-16 09:21:49,IC1510,IC1510,6960.0,1.0,1392000.0,-1.0,1,6960.0,6964.8,2,6954.8,6997.8,6997.8,6960.0,378.0,527367000.0,4097
2015-10-16 09:21:50,IC1510,IC1510,6960.0,0.0,0.0,0.0,1,6960.0,6964.0,2,6954.8,6997.8,6997.8,6960.0,378.0,527367000.0,4097
2015-10-16 09:21:51,IC1510,IC1510,6960.0,0.0,0.0,0.0,1,6960.0,6963.8,1,6954.8,6997.8,6997.8,6960.0,378.0,527367000.0,4097
2015-10-16 09:21:51,IC1510,IC1510,6957.6,1.0,1391520.0,-1.0,1,6953.8,6963.8,1,6954.8,6997.8,6997.8,6957.6,379.0,528758520.0,4096
2015-10-16 09:21:52,IC1510,IC1510,6957.6,0.0,0.0,0.0,1,6953.8,6963.0,1,6954.8,6997.8,6997.8,6957.6,379.0,528758520.0,4096
2015-10-16 09:21:52,IC1510,IC1510,6957.6,0.0,0.0,0.0,1,6954.0,6963.0,1,6954.8,6997.8,6997.8,6957.6,379.0,528758520.0,4096
2015-10-16 09:21:53,IC1510,IC1510,6957.6,0.0,0.0,0.0,1,6954.2,6963.0,1,6954.8,6997.8,6997.8,6957.6,379.0,528758520.0,4096
2015-10-16 09:21:54,IC1510,IC1510,6954.2,1.0,1390840.0,-1.0,1,6954.0,6963.0,1,6954.8,6997.8,6997.8,6954.2,380.0,530149360.0,4095
2015-10-16 09:21:54,IC1510,IC1510,6954.2,0.0,0.0,0.0,1,6954.2,6962.2,1,6954.8,6997.8,6997.8,6954.2,380.0,530149360.0,4095
2015-10-16 09:21:55,IC1510,IC1510,6954.2,0.0,0.0,0.0,1,6954.2,6962.0,1,6954.8,6997.8,6997.8,6954.2,380.0,530149360.0,4095
2015-10-16 09:21:57,IC1510,IC1510,6954.2,0.0,0.0,0.0,1,6955.0,6962.0,1,6954.8,6997.8,6997.8,6954.2,380.0,530149360.0,4095
2015-10-16 09:21:58,IC1510,IC1510,6954.2,0.0,0.0,0.0,1,6955.2,6962.0,1,6954.8,6997.8,6997.8,6954.2,380.0,530149360.0,4095
2015-10-16 09:22:02,IC1510,IC1510,6954.2,0.0,0.0,0.0,1,6955.4,6962.0,1,6954.8,6997.8,6997.8,6954.2,380.0,530149360.0,4095
2015-10-16 09:22:02,IC1510,IC1510,6954.2,0.0,0.0,0.0,1,6955.4,6961.6,1,6954.8,6997.8,6997.8,6954.2,380.0,530149360.0,4095
2015-10-16 09:22:03,IC1510,IC1510,6954.2,0.0,0.0,0.0,1,6955.6,6961.6,1,6954.8,6997.8,6997.8,6954.2,380.0,530149360.0,4095
2015-10-16 09:22:04,IC1510,IC1510,6954.2,0.0,0.0,0.0,1,6955.8,6961.6,1,6954.8,6997.8,6997.8,6954.2,380.0,530149360.0,4095
2015-10-16 09:22:05,IC1510,IC1510,6955.4,2.0,2782160.0,-2.0,1,6955.4,6961.4,1,6954.8,6997.8,6997.8,6954.2,382.0,532931520.0,4093
2015-10-16 09:22:05,IC1510,IC1510,6961.4,1.0,1392280.0,-1.0,1,6955.4,6961.6,1,6954.8,6997.8,6997.8,6954.2,383.0,534323800.0,4092
2015-10-16 09:22:07,IC1510,IC1510,6961.4,0.0,0.0,0.0,1,6956.0,6961.6,1,6954.8,6997.8,6997.8,6954.2,383.0,534323800.0,4092
2015-10-16 09:22:07,IC1510,IC1510,6956.0,2.0,2782400.0,-2.0,2,6955.6,6961.6,1,6954.8,6997.8,6997.8,6954.2,385.0,537106200.0,4090
2015-10-16 09:22:08,IC1510,IC1510,6956.0,0.0,0.0,0.0,3,6955.6,6961.6,1,6954.8,6997.8,6997.8,6954.2,385.0,537106200.0,4090
2015-10-16 09:22:09,IC1510,IC1510,6961.6,1.0,1392320.0,-1.0,1,6955.8,6964.0,2,6954.8,6997.8,6997.8,6954.2,386.0,538498520.0,4089
2015-10-16 09:22:09,IC1510,IC1510,6961.6,0.0,0.0,0.0,1,6961.6,6964.0,2,6954.8,6997.8,6997.8,6954.2,386.0,538498520.0,4089
2015-10-16 09:22:10,IC1510,IC1510,6961.6,1.0,1392320.0,-1.0,3,6955.6,6964.0,2,6954.8,6997.8,6997.8,6954.2,387.0,539890840.0,4088
2015-10-16 09:22:10,IC1510,IC1510,6961.6,0.0,0.0,0.0,1,6956.0,6964.0,2,6954.8,6997.8,6997.8,6954.2,387.0,539890840.0,4088
2015-10-16 09:22:11,IC1510,IC1510,6961.6,0.0,0.0,0.0,1,6956.2,6964.0,2,6954.8,6997.8,6997.8,6954.2,387.0,539890840.0,4088
2015-10-16 09:22:12,IC1510,IC1510,6961.6,0.0,0.0,0.0,1,6956.4,6960.0,1,6954.8,6997.8,6997.8,6954.2,387.0,539890840.0,4088
2015-10-16 09:22:13,IC1510,IC1510,6956.4,1.0,1391280.0,-1.0,1,6956.2,6960.0,1,6954.8,6997.8,6997.8,6954.2,388.0,541282120.0,4087
2015-10-16 09:22:13,IC1510,IC1510,6960.0,1.0,1392000.0,-1.0,1,6956.2,6962.2,1,6954.8,6997.8,6997.8,6954.2,389.0,542674120.0,4086
2015-10-16 09:22:14,IC1510,IC1510,6962.0,1.0,1392400.0,-1.0,1,6956.2,6962.0,1,6954.8,6997.8,6997.8,6954.2,390.0,544066520.0,4085
2015-10-16 09:22:15,IC1510,IC1510,6962.0,0.0,0.0,0.0,1,6956.2,6962.2,1,6954.8,6997.8,6997.8,6954.2,390.0,544066520.0,4085
2015-10-16 09:22:16,IC1510,IC1510,6962.0,0.0,0.0,0.0,1,6956.2,6959.6,1,6954.8,6997.8,6997.8,6954.2,390.0,544066520.0,4085
2015-10-16 09:22:16,IC1510,IC1510,6959.6,1.0,1391920.0,-1.0,1,6956.2,6962.2,1,6954.8,6997.8,6997.8,6954.2,391.0,545458440.0,4084
2015-10-16 09:22:18,IC1510,IC1510,6959.6,0.0,0.0,0.0,1,6956.4,6962.2,1,6954.8,6997.8,6997.8,6954.2,391.0,545458440.0,4084
2015-10-16 09:22:20,IC1510,IC1510,6959.6,0.0,0.0,0.0,1,6956.8,6962.2,1,6954.8,6997.8,6997.8,6954.2,391.0,545458440.0,4084
2015-10-16 09:22:21,IC1510,IC1510,6959.6,0.0,0.0,0.0,1,6956.8,6962.0,6,6954.8,6997.8,6997.8,6954.2,391.0,545458440.0,4084
2015-10-16 09:22:23,IC1510,IC1510,6959.6,0.0,0.0,0.0,1,6956.8,6961.8,1,6954.8,6997.8,6997.8,6954.2,391.0,545458440.0,4084
2015-10-16 09:22:25,IC1510,IC1510,6959.6,0.0,0.0,0.0,1,6956.8,6961.4,1,6954.8,6997.8,6997.8,6954.2,391.0,545458440.0,4084
2015-10-16 09:22:26,IC1510,IC1510,6956.8,1.0,1391360.0,-1.0,1,6956.2,6961.4,1,6954.8,6997.8,6997.8,6954.2,392.0,546849800.0,4083
2015-10-16 09:22:27,IC1510,IC1510,6956.8,0.0,0.0,0.0,1,6956.2,6961.2,1,6954.8,6997.8,6997.8,6954.2,392.0,546849800.0,4083
2015-10-16 09:22:28,IC1510,IC1510,6956.8,0.0,0.0,0.0,1,6956.2,6960.0,1,6954.8,6997.8,6997.8,6954.2,392.0,546849800.0,4083
2015-10-16 09:22:29,IC1510,IC1510,6956.2,1.0,1391240.0,-1.0,1,6956.0,6960.0,1,6954.8,6997.8,6997.8,6954.2,393.0,548241040.0,4082
2015-10-16 09:22:30,IC1510,IC1510,6960.0,1.0,1392000.0,0.0,1,6956.0,6960.8,1,6954.8,6997.8,6997.8,6954.2,394.0,549633040.0,4082
2015-10-16 09:22:30,IC1510,IC1510,6956.0,1.0,1391200.0,-1.0,1,6955.6,6960.8,1,6954.8,6997.8,6997.8,6954.2,395.0,551024240.0,4081
2015-10-16 09:22:31,IC1510,IC1510,6955.6,1.0,1391120.0,-1.0,2,6955.4,6960.8,1,6954.8,6997.8,6997.8,6954.2,396.0,552415360.0,4080
2015-10-16 09:22:32,IC1510,IC1510,6955.6,1.0,1391120.0,-1.0,2,6955.4,6960.8,1,6954.8,6997.8,6997.8,6954.2,397.0,553806480.0,4079
2015-10-16 09:22:32,IC1510,IC1510,6955.6,0.0,0.0,0.0,2,6955.4,6960.6,1,6954.8,6997.8,6997.8,6954.2,397.0,553806480.0,4079
2015-10-16 09:22:33,IC1510,IC1510,6955.4,1.0,1391080.0,-1.0,1,6955.4,6960.6,1,6954.8,6997.8,6997.8,6954.2,398.0,555197560.0,4078
2015-10-16 09:22:34,IC1510,IC1510,6955.4,0.0,0.0,0.0,1,6955.4,6960.0,1,6954.8,6997.8,6997.8,6954.2,398.0,555197560.0,4078
2015-10-16 09:22:36,IC1510,IC1510,6960.0,1.0,1392000.0,-1.0,1,6955.4,6960.4,1,6954.8,6997.8,6997.8,6954.2,399.0,556589560.0,4077
2015-10-16 09:22:37,IC1510,IC1510,6960.0,0.0,0.0,0.0,1,6955.4,6959.8,1,6954.8,6997.8,6997.8,6954.2,399.0,556589560.0,4077
2015-10-16 09:22:39,IC1510,IC1510,6960.0,0.0,0.0,0.0,1,6955.8,6959.8,1,6954.8,6997.8,6997.8,6954.2,399.0,556589560.0,4077
2015-10-16 09:22:40,IC1510,IC1510,6959.8,1.0,1391960.0,-1.0,2,6959.8,6960.4,1,6954.8,6997.8,6997.8,6954.2,400.0,557981520.0,4076
2015-10-16 09:22:40,IC1510,IC1510,6959.8,0.0,0.0,0.0,1,6955.8,6960.4,1,6954.8,6997.8,6997.8,6954.2,400.0,557981520.0,4076
2015-10-16 09:22:41,IC1510,IC1510,6959.8,0.0,0.0,0.0,1,6956.0,6959.4,1,6954.8,6997.8,6997.8,6954.2,400.0,557981520.0,4076
2015-10-16 09:22:42,IC1510,IC1510,6959.8,0.0,0.0,0.0,1,6956.0,6959.2,1,6954.8,6997.8,6997.8,6954.2,400.0,557981520.0,4076
2015-10-16 09:22:43,IC1510,IC1510,6959.8,0.0,0.0,0.0,1,6955.8,6959.2,1,6954.8,6997.8,6997.8,6954.2,400.0,557981520.0,4076
2015-10-16 09:22:44,IC1510,IC1510,6959.8,0.0,0.0,0.0,1,6955.8,6959.4,1,6954.8,6997.8,6997.8,6954.2,400.0,557981520.0,4076
2015-10-16 09:22:45,IC1510,IC1510,6959.8,0.0,0.0,0.0,1,6955.8,6956.0,1,6954.8,6997.8,6997.8,6954.2,400.0,557981520.0,4076
2015-10-16 09:22:48,IC1510,IC1510,6956.0,1.0,1391200.0,-1.0,1,6955.8,6959.4,1,6954.8,6997.8,6997.8,6954.2,401.0,559372720.0,4075
2015-10-16 09:22:50,IC1510,IC1510,6956.0,0.0,0.0,0.0,1,6955.8,6959.2,1,6954.8,6997.8,6997.8,6954.2,401.0,559372720.0,4075
2015-10-16 09:22:52,IC1510,IC1510,6959.2,2.0,2783680.0,-2.0,1,6955.8,6960.4,1,6954.8,6997.8,6997.8,6954.2,403.0,562156400.0,4073
2015-10-16 09:22:54,IC1510,IC1510,6959.2,0.0,0.0,0.0,1,6956.8,6960.4,1,6954.8,6997.8,6997.8,6954.2,403.0,562156400.0,4073
2015-10-16 09:22:55,IC1510,IC1510,6959.2,0.0,0.0,0.0,1,6956.8,6960.4,2,6954.8,6997.8,6997.8,6954.2,403.0,562156400.0,4073
2015-10-16 09:22:55,IC1510,IC1510,6959.2,0.0,0.0,0.0,2,6956.8,6960.4,2,6954.8,6997.8,6997.8,6954.2,403.0,562156400.0,4073
2015-10-16 09:22:56,IC1510,IC1510,6956.8,2.0,2782720.0,-2.0,1,6955.8,6960.4,2,6954.8,6997.8,6997.8,6954.2,405.0,564939120.0,4071
2015-10-16 09:22:57,IC1510,IC1510,6956.8,0.0,0.0,0.0,1,6956.0,6960.4,2,6954.8,6997.8,6997.8,6954.2,405.0,564939120.0,4071
2015-10-16 09:22:57,IC1510,IC1510,6956.0,1.0,1391200.0,-1.0,1,6955.8,6960.4,1,6954.8,6997.8,6997.8,6954.2,406.0,566330320.0,4070
2015-10-16 09:22:58,IC1510,IC1510,6956.0,0.0,0.0,0.0,1,6955.8,6960.4,2,6954.8,6997.8,6997.8,6954.2,406.0,566330320.0,4070
2015-10-16 09:22:58,IC1510,IC1510,6956.0,0.0,0.0,0.0,1,6955.8,6960.0,1,6954.8,6997.8,6997.8,6954.2,406.0,566330320.0,4070
2015-10-16 09:22:59,IC1510,IC1510,6956.0,0.0,0.0,0.0,1,6956.0,6960.0,1,6954.8,6997.8,6997.8,6954.2,406.0,566330320.0,4070
2015-10-16 09:23:00,IC1510,IC1510,6956.0,0.0,0.0,0.0,1,6956.0,6960.0,2,6954.8,6997.8,6997.8,6954.2,406.0,566330320.0,4070
2015-10-16 09:23:01,IC1510,IC1510,6956.0,0.0,0.0,0.0,2,6956.0,6960.0,2,6954.8,6997.8,6997.8,6954.2,406.0,566330320.0,4070
2015-10-16 09:23:01,IC1510,IC1510,6956.0,0.0,0.0,0.0,3,6956.0,6960.0,2,6954.8,6997.8,6997.8,6954.2,406.0,566330320.0,4070
2015-10-16 09:23:06,IC1510,IC1510,6956.0,3.0,4173600.0,-3.0,1,6955.8,6960.0,1,6954.8,6997.8,6997.8,6954.2,409.0,570503920.0,4067
2015-10-16 09:23:08,IC1510,IC1510,6956.0,0.0,0.0,0.0,1,6955.8,6960.0,2,6954.8,6997.8,6997.8,6954.2,409.0,570503920.0,4067
2015-10-16 09:23:11,IC1510,IC1510,6956.0,0.0,0.0,0.0,2,6955.8,6960.0,3,6954.8,6997.8,6997.8,6954.2,409.0,570503920.0,4067
2015-10-16 09:23:12,IC1510,IC1510,6956.0,0.0,0.0,0.0,2,6955.8,6959.8,1,6954.8,6997.8,6997.8,6954.2,409.0,570503920.0,4067
2015-10-16 09:23:17,IC1510,IC1510,6956.0,0.0,0.0,0.0,2,6955.8,6956.0,1,6954.8,6997.8,6997.8,6954.2,409.0,570503920.0,4067
2015-10-16 09:23:21,IC1510,IC1510,6955.8,1.0,1391160.0,-1.0,1,6955.8,6956.0,1,6954.8,6997.8,6997.8,6954.2,410.0,571895080.0,4066
2015-10-16 09:23:22,IC1510,IC1510,6955.8,0.0,0.0,0.0,1,6955.0,6956.0,2,6954.8,6997.8,6997.8,6954.2,410.0,571895080.0,4066
2015-10-16 09:23:23,IC1510,IC1510,6955.0,1.0,1391000.0,-1.0,1,6955.8,6956.0,2,6954.8,6997.8,6997.8,6954.2,411.0,573286080.0,4065
2015-10-16 09:23:24,IC1510,IC1510,6955.0,0.0,0.0,0.0,1,6954.0,6956.0,2,6954.8,6997.8,6997.8,6954.2,411.0,573286080.0,4065
2015-10-16 09:23:24,IC1510,IC1510,6955.0,0.0,0.0,0.0,1,6955.8,6956.0,2,6954.8,6997.8,6997.8,6954.2,411.0,573286080.0,4065
2015-10-16 09:23:26,IC1510,IC1510,6956.0,1.0,1391200.0,-1.0,1,6955.8,6956.0,1,6954.8,6997.8,6997.8,6954.2,412.0,574677280.0,4064
2015-10-16 09:23:28,IC1510,IC1510,6955.8,1.0,1391160.0,-1.0,1,6954.0,6955.8,1,6954.8,6997.8,6997.8,6954.2,413.0,576068440.0,4063
2015-10-16 09:23:29,IC1510,IC1510,6955.8,0.0,0.0,0.0,1,6954.2,6955.8,1,6954.8,6997.8,6997.8,6954.2,413.0,576068440.0,4063
2015-10-16 09:23:30,IC1510,IC1510,6954.2,1.0,1390840.0,-1.0,1,6954.0,6955.8,1,6954.8,6997.8,6997.8,6954.2,414.0,577459280.0,4062
2015-10-16 09:23:31,IC1510,IC1510,6955.8,1.0,1391160.0,-1.0,1,6954.0,6956.0,1,6954.8,6997.8,6997.8,6954.2,415.0,578850440.0,4061
2015-10-16 09:23:35,IC1510,IC1510,6954.0,1.0,1390800.0,-1.0,1,6953.8,6956.0,1,6954.8,6997.8,6997.8,6954.0,416.0,580241240.0,4060
2015-10-16 09:23:36,IC1510,IC1510,6954.0,0.0,0.0,0.0,1,6955.0,6956.0,1,6954.8,6997.8,6997.8,6954.0,416.0,580241240.0,4060
2015-10-16 09:23:36,IC1510,IC1510,6954.0,0.0,0.0,0.0,1,6955.0,6956.0,2,6954.8,6997.8,6997.8,6954.0,416.0,580241240.0,4060
2015-10-16 09:23:37,IC1510,IC1510,6954.0,0.0,0.0,0.0,1,6955.8,6956.0,2,6954.8,6997.8,6997.8,6954.0,416.0,580241240.0,4060
2015-10-16 09:23:38,IC1510,IC1510,6956.0,1.0,1391200.0,-1.0,1,6955.8,6956.0,1,6954.8,6997.8,6997.8,6954.0,417.0,581632440.0,4059
2015-10-16 09:23:39,IC1510,IC1510,6956.0,0.0,0.0,0.0,2,6955.8,6956.0,1,6954.8,6997.8,6997.8,6954.0,417.0,581632440.0,4059
2015-10-16 09:23:42,IC1510,IC1510,6956.0,1.0,1391200.0,-1.0,2,6955.8,6959.2,1,6954.8,6997.8,6997.8,6954.0,418.0,583023640.0,4058
2015-10-16 09:23:43,IC1510,IC1510,6955.8,2.0,2783000.0,-2.0,2,6955.0,6960.0,1,6954.8,6997.8,6997.8,6954.0,420.0,585806640.0,4056
2015-10-16 09:23:44,IC1510,IC1510,6955.8,0.0,0.0,0.0,1,6959.2,6960.0,1,6954.8,6997.8,6997.8,6954.0,420.0,585806640.0,4056
2015-10-16 09:23:44,IC1510,IC1510,6957.2,1.0,1391440.0,-1.0,2,6955.0,6960.0,1,6954.8,6997.8,6997.8,6954.0,421.0,587198080.0,4055
2015-10-16 09:23:45,IC1510,IC1510,6957.2,0.0,0.0,0.0,2,6955.0,6959.8,1,6954.8,6997.8,6997.8,6954.0,421.0,587198080.0,4055
2015-10-16 09:23:45,IC1510,IC1510,6957.2,0.0,0.0,0.0,1,6955.2,6959.8,1,6954.8,6997.8,6997.8,6954.0,421.0,587198080.0,4055
2015-10-16 09:23:46,IC1510,IC1510,6957.2,0.0,0.0,0.0,1,6955.2,6958.0,1,6954.8,6997.8,6997.8,6954.0,421.0,587198080.0,4055
2015-10-16 09:23:50,IC1510,IC1510,6957.2,0.0,0.0,0.0,2,6956.0,6958.0,1,6954.8,6997.8,6997.8,6954.0,421.0,587198080.0,4055
2015-10-16 09:23:51,IC1510,IC1510,6957.2,0.0,0.0,0.0,3,6956.0,6957.2,1,6954.8,6997.8,6997.8,6954.0,421.0,587198080.0,4055
2015-10-16 09:23:57,IC1510,IC1510,6956.0,1.0,1391200.0,-1.0,2,6956.0,6957.2,1,6954.8,6997.8,6997.8,6954.0,422.0,588589280.0,4054
2015-10-16 09:23:58,IC1510,IC1510,6956.0,0.0,0.0,0.0,2,6956.0,6957.2,2,6954.8,6997.8,6997.8,6954.0,422.0,588589280.0,4054
2015-10-16 09:23:58,IC1510,IC1510,6956.0,1.0,1391200.0,-1.0,1,6956.0,6957.2,2,6954.8,6997.8,6997.8,6954.0,423.0,589980480.0,4053
2015-10-16 09:23:59,IC1510,IC1510,6956.0,1.0,1391200.0,-1.0,2,6955.4,6957.2,2,6954.8,6997.8,6997.8,6954.0,424.0,591371680.0,4052
2015-10-16 09:24:00,IC1510,IC1510,6955.4,1.0,1391080.0,-1.0,1,6955.4,6957.2,1,6954.8,6997.8,6997.8,6954.0,425.0,592762760.0,4051
2015-10-16 09:24:04,IC1510,IC1510,6955.4,0.0,0.0,0.0,1,6957.0,6957.2,1,6954.8,6997.8,6997.8,6954.0,425.0,592762760.0,4051
2015-10-16 09:24:06,IC1510,IC1510,6955.4,0.0,0.0,0.0,1,6957.0,6957.2,2,6954.8,6997.8,6997.8,6954.0,425.0,592762760.0,4051
2015-10-16 09:24:09,IC1510,IC1510,6957.0,1.0,1391400.0,0.0,1,6955.6,6957.0,2,6954.8,6997.8,6997.8,6954.0,426.0,594154160.0,4051
2015-10-16 09:24:13,IC1510,IC1510,6957.0,1.0,1391400.0,0.0,1,6955.6,6957.0,1,6954.8,6997.8,6997.8,6954.0,427.0,595545560.0,4051
2015-10-16 09:24:14,IC1510,IC1510,6955.6,1.0,1391120.0,0.0,1,6955.4,6957.0,1,6954.8,6997.8,6997.8,6954.0,428.0,596936680.0,4051
2015-10-16 09:24:20,IC1510,IC1510,6955.2,2.0,2782120.0,-2.0,1,6955.0,6957.0,1,6954.8,6997.8,6997.8,6954.0,430.0,599718800.0,4049
2015-10-16 09:24:25,IC1510,IC1510,6955.0,1.0,1391000.0,-1.0,1,6954.0,6957.0,1,6954.8,6997.8,6997.8,6954.0,431.0,601109800.0,4048
2015-10-16 09:24:26,IC1510,IC1510,6955.0,0.0,0.0,0.0,1,6955.0,6957.0,1,6954.8,6997.8,6997.8,6954.0,431.0,601109800.0,4048
2015-10-16 09:24:28,IC1510,IC1510,6955.0,0.0,0.0,0.0,1,6955.0,6956.8,1,6954.8,6997.8,6997.8,6954.0,431.0,601109800.0,4048
2015-10-16 09:24:31,IC1510,IC1510,6955.0,0.0,0.0,0.0,1,6955.2,6956.8,1,6954.8,6997.8,6997.8,6954.0,431.0,601109800.0,4048
2015-10-16 09:24:32,IC1510,IC1510,6957.0,2.0,2782760.0,-2.0,1,6955.2,6957.2,2,6954.8,6997.8,6997.8,6954.0,433.0,603892560.0,4046
2015-10-16 09:24:33,IC1510,IC1510,6957.0,0.0,0.0,0.0,1,6956.6,6957.2,2,6954.8,6997.8,6997.8,6954.0,433.0,603892560.0,4046
2015-10-16 09:24:34,IC1510,IC1510,6955.2,2.0,2782360.0,-2.0,1,6955.0,6955.2,3,6954.8,6997.8,6997.8,6954.0,435.0,606674920.0,4044
2015-10-16 09:24:34,IC1510,IC1510,6955.2,3.0,4173120.0,-3.0,1,6955.0,6957.2,2,6954.8,6997.8,6997.8,6954.0,438.0,610848040.0,4041
2015-10-16 09:24:44,IC1510,IC1510,6955.0,1.0,1391000.0,-1.0,1,6954.0,6957.2,2,6954.8,6997.8,6997.8,6954.0,439.0,612239040.0,4040
2015-10-16 09:24:45,IC1510,IC1510,6954.0,1.0,1390800.0,-1.0,1,6953.8,6957.2,2,6954.8,6997.8,6997.8,6954.0,440.0,613629840.0,4039
2015-10-16 09:24:49,IC1510,IC1510,6954.0,0.0,0.0,0.0,1,6953.8,6957.0,1,6954.8,6997.8,6997.8,6954.0,440.0,613629840.0,4039
2015-10-16 09:24:49,IC1510,IC1510,6957.0,1.0,1391400.0,-1.0,1,6953.8,6957.2,2,6954.8,6997.8,6997.8,6954.0,441.0,615021240.0,4038
2015-10-16 09:24:57,IC1510,IC1510,6957.0,0.0,0.0,0.0,6,6954.0,6957.2,2,6954.8,6997.8,6997.8,6954.0,441.0,615021240.0,4038
2015-10-16 09:24:59,IC1510,IC1510,6957.2,2.0,2782880.0,-2.0,6,6954.0,6958.0,1,6954.8,6997.8,6997.8,6954.0,443.0,617804120.0,4036
2015-10-16 09:24:59,IC1510,IC1510,6957.2,1.0,1391440.0,-1.0,1,6954.2,6957.0,1,6954.8,6997.8,6997.8,6954.0,444.0,619195560.0,4035
2015-10-16 09:25:00,IC1510,IC1510,6957.2,0.0,0.0,0.0,1,6954.2,6956.0,1,6954.8,6997.8,6997.8,6954.0,444.0,619195560.0,4035
2015-10-16 09:25:05,IC1510,IC1510,6957.2,0.0,0.0,0.0,1,6954.8,6956.0,1,6954.8,6997.8,6997.8,6954.0,444.0,619195560.0,4035
2015-10-16 09:25:06,IC1510,IC1510,6957.2,0.0,0.0,0.0,1,6955.0,6956.0,1,6954.8,6997.8,6997.8,6954.0,444.0,619195560.0,4035
2015-10-16 09:25:07,IC1510,IC1510,6957.2,0.0,0.0,0.0,1,6954.8,6956.0,1,6954.8,6997.8,6997.8,6954.0,444.0,619195560.0,4035
2015-10-16 09:25:10,IC1510,IC1510,6957.2,0.0,0.0,0.0,1,6954.8,6955.8,1,6954.8,6997.8,6997.8,6954.0,444.0,619195560.0,4035
2015-10-16 09:25:13,IC1510,IC1510,6954.8,1.0,1390960.0,0.0,5,6954.0,6954.8,1,6954.8,6997.8,6997.8,6954.0,445.0,620586520.0,4035
2015-10-16 09:25:14,IC1510,IC1510,6955.8,2.0,2782120.0,-2.0,5,6954.0,6956.0,1,6954.8,6997.8,6997.8,6954.0,447.0,623368640.0,4033
2015-10-16 09:25:14,IC1510,IC1510,6955.8,0.0,0.0,0.0,1,6954.4,6956.0,1,6954.8,6997.8,6997.8,6954.0,447.0,623368640.0,4033
2015-10-16 09:25:16,IC1510,IC1510,6955.8,0.0,0.0,0.0,1,6954.6,6956.0,1,6954.8,6997.8,6997.8,6954.0,447.0,623368640.0,4033
2015-10-16 09:25:20,IC1510,IC1510,6955.8,0.0,0.0,0.0,2,6954.6,6955.0,1,6954.8,6997.8,6997.8,6954.0,447.0,623368640.0,4033
2015-10-16 09:25:20,IC1510,IC1510,6955.8,0.0,0.0,0.0,1,6954.8,6955.0,1,6954.8,6997.8,6997.8,6954.0,447.0,623368640.0,4033
2015-10-16 09:25:26,IC1510,IC1510,6955.8,0.0,0.0,0.0,1,6954.8,6955.0,2,6954.8,6997.8,6997.8,6954.0,447.0,623368640.0,4033
2015-10-16 09:25:27,IC1510,IC1510,6955.0,1.0,1391000.0,-1.0,2,6954.8,6955.0,1,6954.8,6997.8,6997.8,6954.0,448.0,624759640.0,4032
2015-10-16 09:25:27,IC1510,IC1510,6955.0,1.0,1391000.0,-1.0,2,6954.8,6956.0,1,6954.8,6997.8,6997.8,6954.0,449.0,626150640.0,4031
2015-10-16 09:25:29,IC1510,IC1510,6955.0,0.0,0.0,0.0,2,6954.8,6956.0,2,6954.8,6997.8,6997.8,6954.0,449.0,626150640.0,4031
2015-10-16 09:25:30,IC1510,IC1510,6954.8,1.0,1390960.0,-1.0,1,6954.8,6956.0,2,6954.8,6997.8,6997.8,6954.0,450.0,627541600.0,4030
2015-10-16 09:25:34,IC1510,IC1510,6954.8,0.0,0.0,0.0,1,6954.8,6955.8,1,6954.8,6997.8,6997.8,6954.0,450.0,627541600.0,4030
2015-10-16 09:25:34,IC1510,IC1510,6955.8,1.0,1391160.0,-1.0,1,6954.8,6956.0,2,6954.8,6997.8,6997.8,6954.0,451.0,628932760.0,4029
2015-10-16 09:25:35,IC1510,IC1510,6955.8,0.0,0.0,0.0,1,6955.0,6956.0,2,6954.8,6997.8,6997.8,6954.0,451.0,628932760.0,4029
2015-10-16 09:25:37,IC1510,IC1510,6955.8,0.0,0.0,0.0,2,6955.0,6956.0,2,6954.8,6997.8,6997.8,6954.0,451.0,628932760.0,4029
2015-10-16 09:25:39,IC1510,IC1510,6955.0,1.0,1391000.0,-1.0,1,6955.0,6956.0,2,6954.8,6997.8,6997.8,6954.0,452.0,630323760.0,4028
2015-10-16 09:25:40,IC1510,IC1510,6955.0,1.0,1391000.0,-1.0,5,6954.0,6956.0,2,6954.8,6997.8,6997.8,6954.0,453.0,631714760.0,4027
2015-10-16 09:25:41,IC1510,IC1510,6954.0,1.0,1390800.0,-1.0,4,6954.0,6956.0,2,6954.8,6997.8,6997.8,6954.0,454.0,633105560.0,4026
2015-10-16 09:25:42,IC1510,IC1510,6954.0,0.0,0.0,0.0,4,6954.0,6955.0,3,6954.8,6997.8,6997.8,6954.0,454.0,633105560.0,4026
2015-10-16 09:25:44,IC1510,IC1510,6955.0,1.0,1391000.0,-1.0,4,6954.0,6955.0,2,6954.8,6997.8,6997.8,6954.0,455.0,634496560.0,4025
2015-10-16 09:25:53,IC1510,IC1510,6955.0,2.0,2782000.0,-1.0,4,6954.0,6956.0,2,6954.8,6997.8,6997.8,6954.0,457.0,637278560.0,4024
2015-10-16 09:25:54,IC1510,IC1510,6955.0,0.0,0.0,0.0,4,6954.0,6954.2,15,6954.8,6997.8,6997.8,6954.0,457.0,637278560.0,4024
2015-10-16 09:25:55,IC1510,IC1510,6954.0,1.0,1390800.0,0.0,3,6954.0,6954.2,15,6954.8,6997.8,6997.8,6954.0,458.0,638669360.0,4024
2015-10-16 09:25:56,IC1510,IC1510,6954.0,2.0,2781600.0,-2.0,1,6954.0,6954.2,15,6954.8,6997.8,6997.8,6954.0,460.0,641450960.0,4022
2015-10-16 09:25:56,IC1510,IC1510,6954.0,1.0,1390800.0,0.0,1,6953.8,6954.2,15,6954.8,6997.8,6997.8,6954.0,461.0,642841760.0,4022
2015-10-16 09:25:58,IC1510,IC1510,6953.8,1.0,1390760.0,-1.0,1,6952.2,6953.8,2,6954.8,6997.8,6997.8,6953.8,462.0,644232520.0,4021
2015-10-16 09:25:59,IC1510,IC1510,6953.8,1.0,1390760.0,-1.0,1,6952.2,6953.8,1,6954.8,6997.8,6997.8,6953.8,463.0,645623280.0,4020
2015-10-16 09:25:59,IC1510,IC1510,6953.8,0.0,0.0,0.0,1,6952.2,6953.4,1,6954.8,6997.8,6997.8,6953.8,463.0,645623280.0,4020
2015-10-16 09:26:00,IC1510,IC1510,6954.2,5.0,6954040.0,-5.0,1,6952.2,6954.2,12,6954.8,6997.8,6997.8,6953.8,468.0,652577320.0,4015
2015-10-16 09:26:02,IC1510,IC1510,6954.2,0.0,0.0,0.0,1,6952.2,6956.0,1,6954.8,6997.8,6997.8,6953.8,468.0,652577320.0,4015
2015-10-16 09:26:04,IC1510,IC1510,6952.0,2.0,2780840.0,-2.0,1,6951.8,6956.0,1,6954.8,6997.8,6997.8,6952.0,470.0,655358160.0,4013
2015-10-16 09:26:06,IC1510,IC1510,6956.0,1.0,1391200.0,-1.0,1,6951.8,6955.6,1,6954.8,6997.8,6997.8,6952.0,471.0,656749360.0,4012
2015-10-16 09:26:08,IC1510,IC1510,6956.0,0.0,0.0,0.0,1,6952.0,6955.6,1,6954.8,6997.8,6997.8,6952.0,471.0,656749360.0,4012
2015-10-16 09:26:08,IC1510,IC1510,6956.0,0.0,0.0,0.0,1,6952.2,6955.6,1,6954.8,6997.8,6997.8,6952.0,471.0,656749360.0,4012
2015-10-16 09:26:11,IC1510,IC1510,6956.0,0.0,0.0,0.0,1,6952.2,6962.0,6,6954.8,6997.8,6997.8,6952.0,471.0,656749360.0,4012
2015-10-16 09:26:11,IC1510,IC1510,6956.0,0.0,0.0,0.0,1,6952.2,6961.2,1,6954.8,6997.8,6997.8,6952.0,471.0,656749360.0,4012
2015-10-16 09:26:12,IC1510,IC1510,6956.0,0.0,0.0,0.0,1,6952.4,6961.2,1,6954.8,6997.8,6997.8,6952.0,471.0,656749360.0,4012
2015-10-16 09:26:14,IC1510,IC1510,6953.2,1.0,1390640.0,0.0,1,6952.4,6961.2,1,6954.8,6997.8,6997.8,6952.0,472.0,658140000.0,4012
2015-10-16 09:26:15,IC1510,IC1510,6952.4,1.0,1390480.0,0.0,1,6952.2,6952.4,11,6954.8,6997.8,6997.8,6952.0,473.0,659530480.0,4012
2015-10-16 09:26:15,IC1510,IC1510,6952.4,1.0,1390480.0,-1.0,1,6952.2,6952.4,10,6954.8,6997.8,6997.8,6952.0,474.0,660920960.0,4011
2015-10-16 09:26:16,IC1510,IC1510,6952.4,1.0,1390480.0,-1.0,1,6952.2,6952.4,9,6954.8,6997.8,6997.8,6952.0,475.0,662311440.0,4010
2015-10-16 09:26:17,IC1510,IC1510,6952.4,0.0,0.0,0.0,1,6952.2,6952.4,10,6954.8,6997.8,6997.8,6952.0,475.0,662311440.0,4010
2015-10-16 09:26:22,IC1510,IC1510,6952.4,0.0,0.0,0.0,1,6951.8,6952.4,1,6954.8,6997.8,6997.8,6952.0,475.0,662311440.0,4010
2015-10-16 09:26:22,IC1510,IC1510,6952.4,1.0,1390480.0,-1.0,1,6951.8,6960.6,1,6954.8,6997.8,6997.8,6952.0,476.0,663701920.0,4009
2015-10-16 09:26:23,IC1510,IC1510,6960.6,1.0,1392120.0,-1.0,1,6960.8,6962.0,6,6954.8,6997.8,6997.8,6952.0,477.0,665094040.0,4008
2015-10-16 09:26:23,IC1510,IC1510,6960.6,1.0,1392120.0,-1.0,1,6951.8,6962.0,6,6954.8,6997.8,6997.8,6952.0,478.0,666486160.0,4007
2015-10-16 09:26:24,IC1510,IC1510,6960.6,0.0,0.0,0.0,1,6951.8,6961.2,1,6954.8,6997.8,6997.8,6952.0,478.0,666486160.0,4007
2015-10-16 09:26:24,IC1510,IC1510,6960.6,0.0,0.0,0.0,1,6952.0,6961.2,1,6954.8,6997.8,6997.8,6952.0,478.0,666486160.0,4007
2015-10-16 09:26:25,IC1510,IC1510,6960.6,0.0,0.0,0.0,1,6952.0,6960.8,1,6954.8,6997.8,6997.8,6952.0,478.0,666486160.0,4007
2015-10-16 09:26:25,IC1510,IC1510,6960.6,0.0,0.0,0.0,1,6952.2,6960.8,1,6954.8,6997.8,6997.8,6952.0,478.0,666486160.0,4007
2015-10-16 09:26:26,IC1510,IC1510,6960.6,0.0,0.0,0.0,1,6952.2,6960.0,1,6954.8,6997.8,6997.8,6952.0,478.0,666486160.0,4007
2015-10-16 09:26:26,IC1510,IC1510,6960.0,2.0,2782440.0,-1.0,1,6952.0,6960.8,1,6954.8,6997.8,6997.8,6952.0,480.0,669268600.0,4006
2015-10-16 09:26:27,IC1510,IC1510,6960.8,1.0,1392160.0,-1.0,1,6952.4,6962.0,6,6954.8,6997.8,6997.8,6952.0,481.0,670660760.0,4005
2015-10-16 09:26:27,IC1510,IC1510,6960.8,0.0,0.0,0.0,1,6952.4,6961.2,1,6954.8,6997.8,6997.8,6952.0,481.0,670660760.0,4005
2015-10-16 09:26:28,IC1510,IC1510,6960.8,0.0,0.0,0.0,1,6952.6,6961.0,1,6954.8,6997.8,6997.8,6952.0,481.0,670660760.0,4005
2015-10-16 09:26:28,IC1510,IC1510,6960.8,0.0,0.0,0.0,1,6952.8,6961.0,1,6954.8,6997.8,6997.8,6952.0,481.0,670660760.0,4005
2015-10-16 09:26:29,IC1510,IC1510,6960.8,0.0,0.0,0.0,1,6953.0,6961.0,1,6954.8,6997.8,6997.8,6952.0,481.0,670660760.0,4005
2015-10-16 09:26:30,IC1510,IC1510,6961.0,1.0,1392200.0,-1.0,1,6953.0,6962.0,6,6954.8,6997.8,6997.8,6952.0,482.0,672052960.0,4004
2015-10-16 09:26:30,IC1510,IC1510,6961.0,0.0,0.0,0.0,1,6953.2,6961.2,1,6954.8,6997.8,6997.8,6952.0,482.0,672052960.0,4004
2015-10-16 09:26:33,IC1510,IC1510,6961.2,1.0,1392240.0,0.0,4,6961.2,6962.0,6,6954.8,6997.8,6997.8,6952.0,483.0,673445200.0,4004
2015-10-16 09:26:33,IC1510,IC1510,6961.2,0.0,0.0,0.0,1,6961.8,6962.0,6,6954.8,6997.8,6997.8,6952.0,483.0,673445200.0,4004
2015-10-16 09:26:34,IC1510,IC1510,6961.2,2.0,2784600.0,-1.0,3,6961.2,6962.0,6,6954.8,6997.8,6997.8,6952.0,485.0,676229800.0,4003
2015-10-16 09:26:35,IC1510,IC1510,6961.2,5.0,6961200.0,-2.0,1,6953.2,6961.2,4,6954.8,6997.8,6997.8,6952.0,490.0,683191000.0,4001
2015-10-16 09:26:35,IC1510,IC1510,6961.2,0.0,0.0,0.0,1,6953.4,6961.2,4,6954.8,6997.8,6997.8,6952.0,490.0,683191000.0,4001
2015-10-16 09:26:37,IC1510,IC1510,6961.2,1.0,1392240.0,0.0,1,6954.0,6961.2,3,6954.8,6997.8,6997.8,6952.0,491.0,684583240.0,4001
2015-10-16 09:26:38,IC1510,IC1510,6954.0,1.0,1390800.0,-1.0,1,6953.4,6961.2,3,6954.8,6997.8,6997.8,6952.0,492.0,685974040.0,4000
2015-10-16 09:26:40,IC1510,IC1510,6953.4,1.0,1390680.0,-1.0,1,6953.8,6961.2,3,6954.8,6997.8,6997.8,6952.0,493.0,687364720.0,3999
2015-10-16 09:26:42,IC1510,IC1510,6953.4,0.0,0.0,0.0,1,6953.8,6961.8,1,6954.8,6997.8,6997.8,6952.0,493.0,687364720.0,3999
2015-10-16 09:26:42,IC1510,IC1510,6953.4,0.0,0.0,0.0,1,6954.0,6961.8,1,6954.8,6997.8,6997.8,6952.0,493.0,687364720.0,3999
2015-10-16 09:26:43,IC1510,IC1510,6953.4,0.0,0.0,0.0,1,6954.0,6961.0,1,6954.8,6997.8,6997.8,6952.0,493.0,687364720.0,3999
2015-10-16 09:26:44,IC1510,IC1510,6953.4,0.0,0.0,0.0,1,6954.0,6960.8,1,6954.8,6997.8,6997.8,6952.0,493.0,687364720.0,3999
2015-10-16 09:26:45,IC1510,IC1510,6954.0,1.0,1390800.0,-1.0,1,6953.8,6954.0,2,6954.8,6997.8,6997.8,6952.0,494.0,688755520.0,3998
2015-10-16 09:26:45,IC1510,IC1510,6953.8,1.0,1390760.0,-1.0,1,6953.4,6954.0,2,6954.8,6997.8,6997.8,6952.0,495.0,690146280.0,3997
2015-10-16 09:26:46,IC1510,IC1510,6954.0,1.0,1390800.0,-1.0,1,6953.4,6954.0,1,6954.8,6997.8,6997.8,6952.0,496.0,691537080.0,3996
2015-10-16 09:26:49,IC1510,IC1510,6954.0,1.0,1390800.0,-1.0,1,6953.4,6960.0,1,6954.8,6997.8,6997.8,6952.0,497.0,692927880.0,3995
2015-10-16 09:26:49,IC1510,IC1510,6954.0,0.0,0.0,0.0,1,6954.0,6960.0,1,6954.8,6997.8,6997.8,6952.0,497.0,692927880.0,3995
2015-10-16 09:26:50,IC1510,IC1510,6954.0,0.0,0.0,0.0,1,6954.0,6959.8,1,6954.8,6997.8,6997.8,6952.0,497.0,692927880.0,3995
2015-10-16 09:26:51,IC1510,IC1510,6954.0,0.0,0.0,0.0,1,6954.2,6959.8,1,6954.8,6997.8,6997.8,6952.0,497.0,692927880.0,3995
2015-10-16 09:26:53,IC1510,IC1510,6954.2,1.0,1390840.0,-1.0,4,6954.0,6959.8,1,6954.8,6997.8,6997.8,6952.0,498.0,694318720.0,3994
2015-10-16 09:26:54,IC1510,IC1510,6954.2,0.0,0.0,0.0,4,6954.0,6959.4,1,6954.8,6997.8,6997.8,6952.0,498.0,694318720.0,3994
2015-10-16 09:26:54,IC1510,IC1510,6954.2,0.0,0.0,0.0,5,6954.0,6959.4,1,6954.8,6997.8,6997.8,6952.0,498.0,694318720.0,3994
2015-10-16 09:26:55,IC1510,IC1510,6954.2,0.0,0.0,0.0,5,6954.0,6959.2,1,6954.8,6997.8,6997.8,6952.0,498.0,694318720.0,3994
2015-10-16 09:26:56,IC1510,IC1510,6954.2,0.0,0.0,0.0,5,6954.0,6954.2,2,6954.8,6997.8,6997.8,6952.0,498.0,694318720.0,3994
2015-10-16 09:26:57,IC1510,IC1510,6954.2,1.0,1390840.0,0.0,5,6954.0,6954.2,1,6954.8,6997.8,6997.8,6952.0,499.0,695709560.0,3994
2015-10-16 09:26:58,IC1510,IC1510,6954.2,2.0,2781640.0,-1.0,4,6954.0,6959.0,1,6954.8,6997.8,6997.8,6952.0,501.0,698491200.0,3993
2015-10-16 09:26:59,IC1510,IC1510,6954.2,0.0,0.0,0.0,4,6954.0,6958.8,1,6954.8,6997.8,6997.8,6952.0,501.0,698491200.0,3993
2015-10-16 09:27:01,IC1510,IC1510,6954.2,0.0,0.0,0.0,1,6954.2,6958.6,1,6954.8,6997.8,6997.8,6952.0,501.0,698491200.0,3993
2015-10-16 09:27:03,IC1510,IC1510,6954.2,0.0,0.0,0.0,1,6954.2,6958.4,1,6954.8,6997.8,6997.8,6952.0,501.0,698491200.0,3993
2015-10-16 09:27:04,IC1510,IC1510,6954.2,0.0,0.0,0.0,2,6954.2,6958.2,1,6954.8,6997.8,6997.8,6952.0,501.0,698491200.0,3993
2015-10-16 09:27:05,IC1510,IC1510,6954.2,0.0,0.0,0.0,1,6954.4,6958.0,1,6954.8,6997.8,6997.8,6952.0,501.0,698491200.0,3993
2015-10-16 09:27:05,IC1510,IC1510,6958.0,1.0,1391600.0,-1.0,1,6954.4,6959.0,1,6954.8,6997.8,6997.8,6952.0,502.0,699882800.0,3992
2015-10-16 09:27:06,IC1510,IC1510,6958.0,0.0,0.0,0.0,1,6954.4,6958.8,1,6954.8,6997.8,6997.8,6952.0,502.0,699882800.0,3992
2015-10-16 09:27:06,IC1510,IC1510,6958.0,0.0,0.0,0.0,1,6954.6,6958.8,1,6954.8,6997.8,6997.8,6952.0,502.0,699882800.0,3992
2015-10-16 09:27:07,IC1510,IC1510,6958.0,0.0,0.0,0.0,1,6954.6,6958.0,1,6954.8,6997.8,6997.8,6952.0,502.0,699882800.0,3992
2015-10-16 09:27:08,IC1510,IC1510,6958.0,0.0,0.0,0.0,1,6954.6,6958.0,2,6954.8,6997.8,6997.8,6952.0,502.0,699882800.0,3992
2015-10-16 09:27:08,IC1510,IC1510,6958.0,0.0,0.0,0.0,1,6954.8,6958.0,2,6954.8,6997.8,6997.8,6952.0,502.0,699882800.0,3992
2015-10-16 09:27:09,IC1510,IC1510,6958.0,0.0,0.0,0.0,1,6955.2,6958.0,2,6954.8,6997.8,6997.8,6952.0,502.0,699882800.0,3992
2015-10-16 09:27:10,IC1510,IC1510,6958.0,0.0,0.0,0.0,1,6955.4,6958.0,2,6954.8,6997.8,6997.8,6952.0,502.0,699882800.0,3992
2015-10-16 09:27:11,IC1510,IC1510,6958.0,1.0,1391600.0,-1.0,1,6955.4,6957.8,1,6954.8,6997.8,6997.8,6952.0,503.0,701274400.0,3991
2015-10-16 09:27:14,IC1510,IC1510,6958.0,1.0,1391600.0,-1.0,1,6955.4,6958.0,2,6954.8,6997.8,6997.8,6952.0,504.0,702666000.0,3990
2015-10-16 09:27:16,IC1510,IC1510,6958.0,1.0,1391600.0,-1.0,1,6955.4,6958.0,1,6954.8,6997.8,6997.8,6952.0,505.0,704057600.0,3989
2015-10-16 09:27:16,IC1510,IC1510,6958.0,1.0,1391600.0,-1.0,1,6955.4,6960.0,1,6954.8,6997.8,6997.8,6952.0,506.0,705449200.0,3988
2015-10-16 09:27:17,IC1510,IC1510,6958.0,1.0,1391600.0,0.0,1,6955.4,6960.0,1,6954.8,6997.8,6997.8,6952.0,507.0,706840800.0,3988
2015-10-16 09:27:21,IC1510,IC1510,6955.4,1.0,1391080.0,-1.0,1,6954.8,6960.0,1,6954.8,6997.8,6997.8,6952.0,508.0,708231880.0,3987
2015-10-16 09:27:22,IC1510,IC1510,6957.0,1.0,1391400.0,-1.0,1,6954.8,6960.0,1,6954.8,6997.8,6997.8,6952.0,509.0,709623280.0,3986
2015-10-16 09:27:22,IC1510,IC1510,6954.8,2.0,2782960.0,-2.0,4,6954.0,6961.0,2,6954.8,6997.8,6997.8,6952.0,511.0,712406240.0,3984
2015-10-16 09:27:23,IC1510,IC1510,6954.4,1.0,1390880.0,-1.0,4,6954.0,6960.8,1,6954.8,6997.8,6997.8,6952.0,512.0,713797120.0,3983
2015-10-16 09:27:24,IC1510,IC1510,6954.4,0.0,0.0,0.0,4,6954.0,6959.4,1,6954.8,6997.8,6997.8,6952.0,512.0,713797120.0,3983
2015-10-16 09:27:25,IC1510,IC1510,6959.4,1.0,1391880.0,-1.0,4,6954.0,6960.8,1,6954.8,6997.8,6997.8,6952.0,513.0,715189000.0,3982
2015-10-16 09:27:26,IC1510,IC1510,6959.4,0.0,0.0,0.0,3,6954.0,6960.8,1,6954.8,6997.8,6997.8,6952.0,513.0,715189000.0,3982
2015-10-16 09:27:26,IC1510,IC1510,6954.0,1.0,1390800.0,-1.0,2,6954.0,6960.6,1,6954.8,6997.8,6997.8,6952.0,514.0,716579800.0,3981
2015-10-16 09:27:27,IC1510,IC1510,6954.0,0.0,0.0,0.0,2,6954.0,6960.4,1,6954.8,6997.8,6997.8,6952.0,514.0,716579800.0,3981
2015-10-16 09:27:30,IC1510,IC1510,6954.0,0.0,0.0,0.0,2,6954.0,6960.2,1,6954.8,6997.8,6997.8,6952.0,514.0,716579800.0,3981
2015-10-16 09:27:32,IC1510,IC1510,6954.0,0.0,0.0,0.0,2,6954.0,6960.0,1,6954.8,6997.8,6997.8,6952.0,514.0,716579800.0,3981
2015-10-16 09:27:33,IC1510,IC1510,6954.0,0.0,0.0,0.0,2,6954.0,6959.8,1,6954.8,6997.8,6997.8,6952.0,514.0,716579800.0,3981
2015-10-16 09:27:34,IC1510,IC1510,6954.0,0.0,0.0,0.0,1,6955.2,6959.8,1,6954.8,6997.8,6997.8,6952.0,514.0,716579800.0,3981
2015-10-16 09:27:37,IC1510,IC1510,6954.0,0.0,0.0,0.0,2,6955.2,6959.4,1,6954.8,6997.8,6997.8,6952.0,514.0,716579800.0,3981
2015-10-16 09:27:38,IC1510,IC1510,6959.6,2.0,2783800.0,-2.0,2,6955.2,6959.8,1,6954.8,6997.8,6997.8,6952.0,516.0,719363600.0,3979
2015-10-16 09:27:38,IC1510,IC1510,6959.8,1.0,1391960.0,0.0,1,6959.8,6960.0,1,6954.8,6997.8,6997.8,6952.0,517.0,720755560.0,3979
2015-10-16 09:27:39,IC1510,IC1510,6959.8,1.0,1391960.0,0.0,1,6955.8,6960.0,1,6954.8,6997.8,6997.8,6952.0,518.0,722147520.0,3979
2015-10-16 09:27:40,IC1510,IC1510,6959.8,0.0,0.0,0.0,2,6955.8,6960.0,1,6954.8,6997.8,6997.8,6952.0,518.0,722147520.0,3979
2015-10-16 09:27:42,IC1510,IC1510,6959.8,0.0,0.0,0.0,1,6956.0,6960.0,1,6954.8,6997.8,6997.8,6952.0,518.0,722147520.0,3979
2015-10-16 09:27:42,IC1510,IC1510,6959.8,0.0,0.0,0.0,2,6956.0,6960.0,1,6954.8,6997.8,6997.8,6952.0,518.0,722147520.0,3979
2015-10-16 09:27:44,IC1510,IC1510,6959.8,0.0,0.0,0.0,1,6959.8,6960.0,1,6954.8,6997.8,6997.8,6952.0,518.0,722147520.0,3979
2015-10-16 09:27:45,IC1510,IC1510,6959.8,0.0,0.0,0.0,2,6959.8,6960.0,1,6954.8,6997.8,6997.8,6952.0,518.0,722147520.0,3979
2015-10-16 09:27:46,IC1510,IC1510,6960.0,1.0,1392000.0,-1.0,2,6959.8,6961.0,2,6954.8,6997.8,6997.8,6952.0,519.0,723539520.0,3978
2015-10-16 09:27:54,IC1510,IC1510,6961.0,1.0,1392200.0,-1.0,2,6959.8,6961.0,1,6954.8,6997.8,6997.8,6952.0,520.0,724931720.0,3977
2015-10-16 09:27:56,IC1510,IC1510,6961.0,1.0,1392200.0,-1.0,5,6961.0,6961.8,1,6954.8,6997.8,6997.8,6952.0,521.0,726323920.0,3976
2015-10-16 09:27:56,IC1510,IC1510,6961.0,0.0,0.0,0.0,7,6961.0,6961.8,1,6954.8,6997.8,6997.8,6952.0,521.0,726323920.0,3976
2015-10-16 09:27:58,IC1510,IC1510,6961.8,1.0,1392360.0,-1.0,7,6961.0,6962.0,6,6954.8,6997.8,6997.8,6952.0,522.0,727716280.0,3975
2015-10-16 09:27:59,IC1510,IC1510,6961.0,2.0,2784600.0,-1.0,6,6961.0,6962.0,5,6954.8,6997.8,6997.8,6952.0,524.0,730500880.0,3974
2015-10-16 09:28:00,IC1510,IC1510,6961.0,1.0,1392200.0,-1.0,5,6961.0,6962.0,5,6954.8,6997.8,6997.8,6952.0,525.0,731893080.0,3973
2015-10-16 09:28:01,IC1510,IC1510,6962.0,1.0,1392400.0,-1.0,5,6961.0,6962.0,4,6954.8,6997.8,6997.8,6952.0,526.0,733285480.0,3972
2015-10-16 09:28:03,IC1510,IC1510,6962.0,0.0,0.0,0.0,1,6961.2,6962.0,4,6954.8,6997.8,6997.8,6952.0,526.0,733285480.0,3972
2015-10-16 09:28:03,IC1510,IC1510,6962.0,1.0,1392400.0,-1.0,2,6961.2,6962.0,3,6954.8,6997.8,6997.8,6952.0,527.0,734677880.0,3971
2015-10-16 09:28:04,IC1510,IC1510,6961.2,1.0,1392240.0,-1.0,1,6961.2,6962.0,3,6954.8,6997.8,6997.8,6952.0,528.0,736070120.0,3970
2015-10-16 09:28:04,IC1510,IC1510,6961.2,1.0,1392240.0,-1.0,4,6961.0,6962.0,3,6954.8,6997.8,6997.8,6952.0,529.0,737462360.0,3969
2015-10-16 09:28:05,IC1510,IC1510,6961.0,1.0,1392200.0,-1.0,3,6961.0,6962.0,3,6954.8,6997.8,6997.8,6952.0,530.0,738854560.0,3968
2015-10-16 09:28:07,IC1510,IC1510,6961.0,2.0,2784600.0,-2.0,2,6961.0,6962.0,2,6954.8,6997.8,6997.8,6952.0,532.0,741639160.0,3966
2015-10-16 09:28:08,IC1510,IC1510,6961.0,1.0,1392200.0,-1.0,1,6961.0,6962.0,2,6954.8,6997.8,6997.8,6952.0,533.0,743031360.0,3965
2015-10-16 09:28:09,IC1510,IC1510,6961.0,0.0,0.0,0.0,2,6961.0,6962.0,2,6954.8,6997.8,6997.8,6952.0,533.0,743031360.0,3965
2015-10-16 09:28:10,IC1510,IC1510,6962.0,2.0,2784800.0,-2.0,2,6962.0,6968.8,1,6954.8,6997.8,6997.8,6952.0,535.0,745816160.0,3963
2015-10-16 09:28:10,IC1510,IC1510,6962.0,0.0,0.0,0.0,2,6962.0,6968.6,1,6954.8,6997.8,6997.8,6952.0,535.0,745816160.0,3963
2015-10-16 09:28:11,IC1510,IC1510,6968.6,1.0,1393720.0,-1.0,2,6962.0,6968.8,1,6954.8,6997.8,6997.8,6952.0,536.0,747209880.0,3962
2015-10-16 09:28:13,IC1510,IC1510,6968.6,0.0,0.0,0.0,2,6962.0,6968.6,1,6954.8,6997.8,6997.8,6952.0,536.0,747209880.0,3962
2015-10-16 09:28:14,IC1510,IC1510,6968.6,1.0,1393720.0,-1.0,2,6962.0,6968.6,1,6954.8,6997.8,6997.8,6952.0,537.0,748603600.0,3961
2015-10-16 09:28:19,IC1510,IC1510,6968.6,0.0,0.0,0.0,1,6962.2,6968.0,1,6954.8,6997.8,6997.8,6952.0,537.0,748603600.0,3961
2015-10-16 09:28:20,IC1510,IC1510,6968.6,1.0,1393720.0,-1.0,1,6962.2,6968.6,1,6954.8,6997.8,6997.8,6952.0,538.0,749997320.0,3960
2015-10-16 09:28:24,IC1510,IC1510,6968.6,0.0,0.0,0.0,1,6962.2,6968.4,1,6954.8,6997.8,6997.8,6952.0,538.0,749997320.0,3960
2015-10-16 09:28:25,IC1510,IC1510,6968.6,0.0,0.0,0.0,1,6962.2,6966.0,1,6954.8,6997.8,6997.8,6952.0,538.0,749997320.0,3960
2015-10-16 09:28:28,IC1510,IC1510,6968.6,0.0,0.0,0.0,2,6962.2,6966.0,1,6954.8,6997.8,6997.8,6952.0,538.0,749997320.0,3960
2015-10-16 09:28:34,IC1510,IC1510,6968.6,0.0,0.0,0.0,2,6962.2,6967.8,1,6954.8,6997.8,6997.8,6952.0,538.0,749997320.0,3960
2015-10-16 09:28:34,IC1510,IC1510,6968.6,0.0,0.0,0.0,1,6962.4,6967.8,1,6954.8,6997.8,6997.8,6952.0,538.0,749997320.0,3960
2015-10-16 09:28:35,IC1510,IC1510,6968.6,0.0,0.0,0.0,1,6962.4,6964.2,1,6954.8,6997.8,6997.8,6952.0,538.0,749997320.0,3960
2015-10-16 09:28:42,IC1510,IC1510,6962.4,1.0,1392480.0,-1.0,2,6962.2,6964.2,1,6954.8,6997.8,6997.8,6952.0,539.0,751389800.0,3959
2015-10-16 09:28:43,IC1510,IC1510,6964.2,1.0,1392840.0,-1.0,2,6962.2,6967.8,1,6954.8,6997.8,6997.8,6952.0,540.0,752782640.0,3958
2015-10-16 09:28:44,IC1510,IC1510,6964.2,0.0,0.0,0.0,2,6962.2,6966.0,1,6954.8,6997.8,6997.8,6952.0,540.0,752782640.0,3958
2015-10-16 09:28:45,IC1510,IC1510,6964.2,0.0,0.0,0.0,2,6962.2,6965.8,1,6954.8,6997.8,6997.8,6952.0,540.0,752782640.0,3958
2015-10-16 09:28:50,IC1510,IC1510,6964.2,0.0,0.0,0.0,2,6962.2,6964.6,1,6954.8,6997.8,6997.8,6952.0,540.0,752782640.0,3958
2015-10-16 09:28:51,IC1510,IC1510,6964.2,0.0,0.0,0.0,2,6962.2,6964.4,1,6954.8,6997.8,6997.8,6952.0,540.0,752782640.0,3958
2015-10-16 09:28:52,IC1510,IC1510,6964.2,0.0,0.0,0.0,2,6962.2,6964.6,1,6954.8,6997.8,6997.8,6952.0,540.0,752782640.0,3958
2015-10-16 09:28:59,IC1510,IC1510,6964.6,1.0,1392920.0,-1.0,6,6964.6,6966.0,1,6954.8,6997.8,6997.8,6952.0,541.0,754175560.0,3957
2015-10-16 09:29:01,IC1510,IC1510,6964.6,0.0,0.0,0.0,7,6964.6,6966.0,1,6954.8,6997.8,6997.8,6952.0,541.0,754175560.0,3957
2015-10-16 09:29:04,IC1510,IC1510,6964.6,0.0,0.0,0.0,7,6964.6,6967.6,1,6954.8,6997.8,6997.8,6952.0,541.0,754175560.0,3957
2015-10-16 09:29:05,IC1510,IC1510,6964.6,0.0,0.0,0.0,7,6964.6,6967.4,1,6954.8,6997.8,6997.8,6952.0,541.0,754175560.0,3957
2015-10-16 09:29:12,IC1510,IC1510,6964.6,0.0,0.0,0.0,7,6964.6,6965.0,1,6954.8,6997.8,6997.8,6952.0,541.0,754175560.0,3957
2015-10-16 09:29:13,IC1510,IC1510,6965.0,1.0,1393000.0,-1.0,7,6964.6,6967.4,1,6954.8,6997.8,6997.8,6952.0,542.0,755568560.0,3956
2015-10-16 09:29:13,IC1510,IC1510,6967.4,1.0,1393480.0,-1.0,7,6964.6,6967.6,1,6954.8,6997.8,6997.8,6952.0,543.0,756962040.0,3955
2015-10-16 09:29:20,IC1510,IC1510,6967.6,1.0,1393520.0,-1.0,7,6964.6,6967.8,1,6954.8,6997.8,6997.8,6952.0,544.0,758355560.0,3954
2015-10-16 09:29:25,IC1510,IC1510,6967.8,1.0,1393560.0,-1.0,7,6964.6,6968.0,1,6954.8,6997.8,6997.8,6952.0,545.0,759749120.0,3953
2015-10-16 09:29:28,IC1510,IC1510,6968.0,1.0,1393600.0,0.0,7,6964.6,6968.2,1,6954.8,6997.8,6997.8,6952.0,546.0,761142720.0,3953
2015-10-16 09:29:29,IC1510,IC1510,6968.0,0.0,0.0,0.0,1,6964.6,6968.2,1,6954.8,6997.8,6997.8,6952.0,546.0,761142720.0,3953
2015-10-16 09:29:36,IC1510,IC1510,6968.2,1.0,1393640.0,-1.0,5,6968.2,6968.4,1,6954.8,6997.8,6997.8,6952.0,547.0,762536360.0,3952
2015-10-16 09:29:43,IC1510,IC1510,6968.2,1.0,1393640.0,-1.0,4,6968.2,6968.4,1,6954.8,6997.8,6997.8,6952.0,548.0,763930000.0,3951
2015-10-16 09:29:43,IC1510,IC1510,6968.2,1.0,1393640.0,-1.0,3,6968.2,6968.4,1,6954.8,6997.8,6997.8,6952.0,549.0,765323640.0,3950
2015-10-16 09:29:44,IC1510,IC1510,6969.4,3.0,4181200.0,-2.0,2,6968.2,6969.4,1,6954.8,6997.8,6997.8,6952.0,552.0,769504840.0,3948
2015-10-16 09:29:47,IC1510,IC1510,6968.2,1.0,1393640.0,-1.0,1,6968.2,6969.4,1,6954.8,6997.8,6997.8,6952.0,553.0,770898480.0,3947
2015-10-16 09:29:48,IC1510,IC1510,6968.2,1.0,1393640.0,-1.0,1,6964.6,6969.4,1,6954.8,6997.8,6997.8,6952.0,554.0,772292120.0,3946
2015-10-16 09:29:49,IC1510,IC1510,6969.4,1.0,1393880.0,-1.0,1,6964.6,6971.8,1,6954.8,6997.8,6997.8,6952.0,555.0,773686000.0,3945
2015-10-16 09:29:49,IC1510,IC1510,6969.4,0.0,0.0,0.0,1,6964.6,6967.4,1,6954.8,6997.8,6997.8,6952.0,555.0,773686000.0,3945
2015-10-16 09:29:53,IC1510,IC1510,6964.6,1.0,1392920.0,0.0,1,6962.2,6964.6,6,6954.8,6997.8,6997.8,6952.0,556.0,775078920.0,3945
2015-10-16 09:29:57,IC1510,IC1510,6964.6,0.0,0.0,0.0,1,6962.4,6964.6,6,6954.8,6997.8,6997.8,6952.0,556.0,775078920.0,3945
2015-10-16 09:29:58,IC1510,IC1510,6964.6,1.0,1392920.0,-1.0,1,6962.6,6964.6,5,6954.8,6997.8,6997.8,6952.0,557.0,776471840.0,3944
2015-10-16 09:29:58,IC1510,IC1510,6964.6,0.0,0.0,0.0,1,6962.4,6964.6,5,6954.8,6997.8,6997.8,6952.0,557.0,776471840.0,3944
2015-10-16 09:30:05,IC1510,IC1510,6964.6,3.0,4178760.0,-3.0,1,6962.4,6964.6,2,6954.8,6997.8,6997.8,6952.0,560.0,780650600.0,3941
2015-10-16 09:30:11,IC1510,IC1510,6964.6,0.0,0.0,0.0,1,6962.4,6964.4,1,6954.8,6997.8,6997.8,6952.0,560.0,780650600.0,3941
2015-10-16 09:30:12,IC1510,IC1510,6964.6,0.0,0.0,0.0,1,6962.4,6964.6,2,6954.8,6997.8,6997.8,6952.0,560.0,780650600.0,3941
2015-10-16 09:30:13,IC1510,IC1510,6964.6,0.0,0.0,0.0,1,6962.2,6964.6,2,6954.8,6997.8,6997.8,6952.0,560.0,780650600.0,3941
2015-10-16 09:30:15,IC1510,IC1510,6964.6,1.0,1392920.0,-1.0,1,6962.2,6964.6,1,6954.8,6997.8,6997.8,6952.0,561.0,782043520.0,3940
2015-10-16 09:30:17,IC1510,IC1510,6962.0,2.0,2784840.0,-2.0,1,6962.4,6964.6,1,6954.8,6997.8,6997.8,6952.0,563.0,784828360.0,3938
2015-10-16 09:30:18,IC1510,IC1510,6964.6,1.0,1392920.0,-1.0,1,6962.4,6973.2,2,6954.8,6997.8,6997.8,6952.0,564.0,786221280.0,3937
2015-10-16 09:30:18,IC1510,IC1510,6964.6,0.0,0.0,0.0,2,6962.0,6972.4,1,6954.8,6997.8,6997.8,6952.0,564.0,786221280.0,3937
2015-10-16 09:30:19,IC1510,IC1510,6964.6,0.0,0.0,0.0,2,6962.0,6962.4,1,6954.8,6997.8,6997.8,6952.0,564.0,786221280.0,3937
2015-10-16 09:30:19,IC1510,IC1510,6962.4,1.0,1392480.0,-1.0,1,6962.2,6973.0,1,6954.8,6997.8,6997.8,6952.0,565.0,787613760.0,3936
2015-10-16 09:30:20,IC1510,IC1510,6962.4,0.0,0.0,0.0,1,6962.2,6972.2,1,6954.8,6997.8,6997.8,6952.0,565.0,787613760.0,3936
2015-10-16 09:30:21,IC1510,IC1510,6962.4,0.0,0.0,0.0,1,6962.4,6971.6,1,6954.8,6997.8,6997.8,6952.0,565.0,787613760.0,3936
2015-10-16 09:30:22,IC1510,IC1510,6962.4,0.0,0.0,0.0,3,6962.4,6971.6,1,6954.8,6997.8,6997.8,6952.0,565.0,787613760.0,3936
2015-10-16 09:30:22,IC1510,IC1510,6962.4,0.0,0.0,0.0,1,6963.2,6971.6,1,6954.8,6997.8,6997.8,6952.0,565.0,787613760.0,3936
2015-10-16 09:30:23,IC1510,IC1510,6962.4,0.0,0.0,0.0,1,6963.2,6971.4,1,6954.8,6997.8,6997.8,6952.0,565.0,787613760.0,3936
2015-10-16 09:30:23,IC1510,IC1510,6962.4,0.0,0.0,0.0,1,6963.4,6971.4,1,6954.8,6997.8,6997.8,6952.0,565.0,787613760.0,3936
2015-10-16 09:30:26,IC1510,IC1510,6962.4,0.0,0.0,0.0,1,6963.6,6971.4,1,6954.8,6997.8,6997.8,6952.0,565.0,787613760.0,3936
2015-10-16 09:30:26,IC1510,IC1510,6962.4,0.0,0.0,0.0,1,6963.6,6971.4,2,6954.8,6997.8,6997.8,6952.0,565.0,787613760.0,3936
2015-10-16 09:30:27,IC1510,IC1510,6962.4,0.0,0.0,0.0,1,6963.6,6970.0,1,6954.8,6997.8,6997.8,6952.0,565.0,787613760.0,3936
2015-10-16 09:30:27,IC1510,IC1510,6962.4,0.0,0.0,0.0,1,6963.8,6970.0,1,6954.8,6997.8,6997.8,6952.0,565.0,787613760.0,3936
2015-10-16 09:30:29,IC1510,IC1510,6962.4,0.0,0.0,0.0,1,6963.8,6969.8,1,6954.8,6997.8,6997.8,6952.0,565.0,787613760.0,3936
2015-10-16 09:30:31,IC1510,IC1510,6963.6,1.0,1392720.0,0.0,1,6962.6,6963.8,1,6954.8,6997.8,6997.8,6952.0,566.0,789006480.0,3936
2015-10-16 09:30:34,IC1510,IC1510,6963.8,1.0,1392760.0,-1.0,1,6962.6,6969.8,1,6954.8,6997.8,6997.8,6952.0,567.0,790399240.0,3935
2015-10-16 09:30:35,IC1510,IC1510,6963.8,0.0,0.0,0.0,1,6963.8,6969.8,1,6954.8,6997.8,6997.8,6952.0,567.0,790399240.0,3935
2015-10-16 09:30:35,IC1510,IC1510,6963.8,0.0,0.0,0.0,1,6963.8,6969.6,1,6954.8,6997.8,6997.8,6952.0,567.0,790399240.0,3935
2015-10-16 09:30:36,IC1510,IC1510,6963.8,0.0,0.0,0.0,1,6963.8,6969.4,1,6954.8,6997.8,6997.8,6952.0,567.0,790399240.0,3935
2015-10-16 09:30:36,IC1510,IC1510,6969.6,2.0,2787800.0,-2.0,1,6963.8,6969.8,1,6954.8,6997.8,6997.8,6952.0,569.0,793187040.0,3933
2015-10-16 09:30:37,IC1510,IC1510,6963.8,1.0,1392760.0,0.0,1,6962.6,6969.8,1,6954.8,6997.8,6997.8,6952.0,570.0,794579800.0,3933
2015-10-16 09:30:39,IC1510,IC1510,6963.8,0.0,0.0,0.0,1,6962.6,6969.6,1,6954.8,6997.8,6997.8,6952.0,570.0,794579800.0,3933
2015-10-16 09:30:42,IC1510,IC1510,6963.8,0.0,0.0,0.0,1,6962.8,6969.6,1,6954.8,6997.8,6997.8,6952.0,570.0,794579800.0,3933
2015-10-16 09:30:43,IC1510,IC1510,6962.8,1.0,1392560.0,-1.0,1,6962.6,6969.6,1,6954.8,6997.8,6997.8,6952.0,571.0,795972360.0,3932
2015-10-16 09:30:43,IC1510,IC1510,6969.6,1.0,1393920.0,0.0,1,6969.6,6969.8,1,6954.8,6997.8,6997.8,6952.0,572.0,797366280.0,3932
2015-10-16 09:30:44,IC1510,IC1510,6969.6,1.0,1393920.0,-1.0,1,6962.6,6969.8,1,6954.8,6997.8,6997.8,6952.0,573.0,798760200.0,3931
2015-10-16 09:30:45,IC1510,IC1510,6969.6,0.0,0.0,0.0,1,6962.8,6969.8,1,6954.8,6997.8,6997.8,6952.0,573.0,798760200.0,3931
2015-10-16 09:30:46,IC1510,IC1510,6969.6,0.0,0.0,0.0,1,6962.8,6969.4,2,6954.8,6997.8,6997.8,6952.0,573.0,798760200.0,3931
2015-10-16 09:30:46,IC1510,IC1510,6969.6,0.0,0.0,0.0,1,6962.8,6968.8,1,6954.8,6997.8,6997.8,6952.0,573.0,798760200.0,3931
2015-10-16 09:30:47,IC1510,IC1510,6962.8,1.0,1392560.0,-1.0,1,6962.6,6968.8,1,6954.8,6997.8,6997.8,6952.0,574.0,800152760.0,3930
2015-10-16 09:30:48,IC1510,IC1510,6962.6,1.0,1392520.0,-1.0,1,6962.8,6968.8,1,6954.8,6997.8,6997.8,6952.0,575.0,801545280.0,3929
2015-10-16 09:30:48,IC1510,IC1510,6969.4,2.0,2787640.0,-1.0,1,6962.8,6969.4,2,6954.8,6997.8,6997.8,6952.0,577.0,804332920.0,3928
2015-10-16 09:30:49,IC1510,IC1510,6969.4,0.0,0.0,0.0,1,6963.0,6969.4,2,6954.8,6997.8,6997.8,6952.0,577.0,804332920.0,3928
2015-10-16 09:30:50,IC1510,IC1510,6969.4,0.0,0.0,0.0,1,6963.0,6969.4,1,6954.8,6997.8,6997.8,6952.0,577.0,804332920.0,3928
2015-10-16 09:30:50,IC1510,IC1510,6969.4,0.0,0.0,0.0,1,6963.2,6964.6,1,6954.8,6997.8,6997.8,6952.0,577.0,804332920.0,3928
2015-10-16 09:30:51,IC1510,IC1510,6969.4,1.0,1393880.0,-1.0,1,6963.2,6969.4,3,6954.8,6997.8,6997.8,6952.0,578.0,805726800.0,3927
2015-10-16 09:30:52,IC1510,IC1510,6969.4,2.0,2787760.0,-2.0,1,6963.2,6969.4,1,6954.8,6997.8,6997.8,6952.0,580.0,808514560.0,3925
2015-10-16 09:30:53,IC1510,IC1510,6969.4,0.0,0.0,0.0,1,6963.4,6969.4,1,6954.8,6997.8,6997.8,6952.0,580.0,808514560.0,3925
2015-10-16 09:30:54,IC1510,IC1510,6969.4,1.0,1393880.0,-1.0,1,6963.4,6969.8,1,6954.8,6997.8,6997.8,6952.0,581.0,809908440.0,3924
2015-10-16 09:30:55,IC1510,IC1510,6969.4,0.0,0.0,0.0,2,6964.6,6969.8,1,6954.8,6997.8,6997.8,6952.0,581.0,809908440.0,3924
2015-10-16 09:30:56,IC1510,IC1510,6969.4,1.0,1393880.0,0.0,1,6969.4,6969.8,1,6954.8,6997.8,6997.8,6952.0,582.0,811302320.0,3924
2015-10-16 09:30:57,IC1510,IC1510,6969.4,1.0,1393880.0,-1.0,2,6964.6,6969.6,1,6954.8,6997.8,6997.8,6952.0,583.0,812696200.0,3923
2015-10-16 09:30:58,IC1510,IC1510,6969.4,0.0,0.0,0.0,1,6965.2,6969.6,3,6954.8,6997.8,6997.8,6952.0,583.0,812696200.0,3923
2015-10-16 09:30:59,IC1510,IC1510,6969.6,2.0,2787840.0,-2.0,1,6965.2,6969.6,1,6954.8,6997.8,6997.8,6952.0,585.0,815484040.0,3921
2015-10-16 09:31:01,IC1510,IC1510,6969.6,0.0,0.0,0.0,1,6965.4,6969.6,1,6954.8,6997.8,6997.8,6952.0,585.0,815484040.0,3921
2015-10-16 09:31:03,IC1510,IC1510,6969.6,1.0,1393920.0,-1.0,1,6969.6,6969.8,1,6954.8,6997.8,6997.8,6952.0,586.0,816877960.0,3920
2015-10-16 09:31:06,IC1510,IC1510,6969.6,1.0,1393920.0,-1.0,1,6965.2,6969.8,1,6954.8,6997.8,6997.8,6952.0,587.0,818271880.0,3919
2015-10-16 09:31:06,IC1510,IC1510,6969.6,0.0,0.0,0.0,4,6969.6,6969.8,1,6954.8,6997.8,6997.8,6952.0,587.0,818271880.0,3919
2015-10-16 09:31:07,IC1510,IC1510,6969.8,1.0,1393960.0,0.0,4,6969.6,6970.0,1,6954.8,6997.8,6997.8,6952.0,588.0,819665840.0,3919
2015-10-16 09:31:08,IC1510,IC1510,6970.0,1.0,1394000.0,-1.0,4,6969.6,6973.2,2,6954.8,6997.8,6997.8,6952.0,589.0,821059840.0,3918
2015-10-16 09:31:10,IC1510,IC1510,6970.0,0.0,0.0,0.0,2,6969.6,6973.2,2,6954.8,6997.8,6997.8,6952.0,589.0,821059840.0,3918
2015-10-16 09:31:11,IC1510,IC1510,6973.2,2.0,2789280.0,-2.0,2,6969.6,6973.4,1,6954.8,6997.8,6997.8,6952.0,591.0,823849120.0,3916
2015-10-16 09:31:12,IC1510,IC1510,6962.4,5.0,6965560.0,-5.0,2,6962.0,6973.4,1,6954.8,6997.8,6997.8,6952.0,596.0,830814680.0,3911
2015-10-16 09:31:13,IC1510,IC1510,6962.4,0.0,0.0,0.0,1,6962.8,6973.4,1,6954.8,6997.8,6997.8,6952.0,596.0,830814680.0,3911
2015-10-16 09:31:13,IC1510,IC1510,6962.4,0.0,0.0,0.0,1,6963.2,6973.4,1,6954.8,6997.8,6997.8,6952.0,596.0,830814680.0,3911
2015-10-16 09:31:14,IC1510,IC1510,6962.4,0.0,0.0,0.0,1,6963.2,6973.2,1,6954.8,6997.8,6997.8,6952.0,596.0,830814680.0,3911
2015-10-16 09:31:16,IC1510,IC1510,6962.4,0.0,0.0,0.0,1,6964.0,6973.2,1,6954.8,6997.8,6997.8,6952.0,596.0,830814680.0,3911
2015-10-16 09:31:17,IC1510,IC1510,6964.8,1.0,1392960.0,-1.0,1,6964.0,6973.2,1,6954.8,6997.8,6997.8,6952.0,597.0,832207640.0,3910
2015-10-16 09:31:17,IC1510,IC1510,6973.2,2.0,2789280.0,-2.0,1,6964.8,6973.4,1,6954.8,6997.8,6997.8,6952.0,599.0,834996920.0,3908
2015-10-16 09:31:18,IC1510,IC1510,6973.2,0.0,0.0,0.0,1,6964.8,6973.0,2,6954.8,6997.8,6997.8,6952.0,599.0,834996920.0,3908
2015-10-16 09:31:20,IC1510,IC1510,6964.8,1.0,1392960.0,-1.0,1,6964.0,6964.8,5,6954.8,6997.8,6997.8,6952.0,600.0,836389880.0,3907
2015-10-16 09:31:21,IC1510,IC1510,6964.8,2.0,2785920.0,-2.0,1,6964.0,6964.8,4,6954.8,6997.8,6997.8,6952.0,602.0,839175800.0,3905
2015-10-16 09:31:23,IC1510,IC1510,6964.8,2.0,2785920.0,-2.0,1,6964.0,6964.8,2,6954.8,6997.8,6997.8,6952.0,604.0,841961720.0,3903
2015-10-16 09:31:24,IC1510,IC1510,6964.8,1.0,1392960.0,-1.0,1,6964.0,6964.8,1,6954.8,6997.8,6997.8,6952.0,605.0,843354680.0,3902
2015-10-16 09:31:25,IC1510,IC1510,6964.8,1.0,1392960.0,-1.0,1,6964.0,6973.0,2,6954.8,6997.8,6997.8,6952.0,606.0,844747640.0,3901
2015-10-16 09:31:25,IC1510,IC1510,6964.8,0.0,0.0,0.0,1,6964.0,6972.2,1,6954.8,6997.8,6997.8,6952.0,606.0,844747640.0,3901
2015-10-16 09:31:27,IC1510,IC1510,6964.8,0.0,0.0,0.0,1,6964.0,6972.0,1,6954.8,6997.8,6997.8,6952.0,606.0,844747640.0,3901
2015-10-16 09:31:28,IC1510,IC1510,6964.8,0.0,0.0,0.0,1,6964.4,6971.6,1,6954.8,6997.8,6997.8,6952.0,606.0,844747640.0,3901
2015-10-16 09:31:31,IC1510,IC1510,6971.6,1.0,1394320.0,-1.0,1,6964.4,6972.0,1,6954.8,6997.8,6997.8,6952.0,607.0,846141960.0,3900
2015-10-16 09:31:31,IC1510,IC1510,6971.6,0.0,0.0,0.0,1,6965.2,6972.0,1,6954.8,6997.8,6997.8,6952.0,607.0,846141960.0,3900
2015-10-16 09:31:32,IC1510,IC1510,6972.0,1.0,1394400.0,-1.0,1,6965.2,6973.0,2,6954.8,6997.8,6997.8,6952.0,608.0,847536360.0,3899
2015-10-16 09:31:32,IC1510,IC1510,6972.0,0.0,0.0,0.0,1,6965.2,6972.8,1,6954.8,6997.8,6997.8,6952.0,608.0,847536360.0,3899
2015-10-16 09:31:33,IC1510,IC1510,6972.0,0.0,0.0,0.0,1,6965.2,6970.0,1,6954.8,6997.8,6997.8,6952.0,608.0,847536360.0,3899
2015-10-16 09:31:33,IC1510,IC1510,6972.0,0.0,0.0,0.0,1,6964.4,6970.0,1,6954.8,6997.8,6997.8,6952.0,608.0,847536360.0,3899
2015-10-16 09:31:34,IC1510,IC1510,6972.0,0.0,0.0,0.0,1,6965.4,6970.0,1,6954.8,6997.8,6997.8,6952.0,608.0,847536360.0,3899
2015-10-16 09:31:34,IC1510,IC1510,6972.0,0.0,0.0,0.0,1,6965.4,6969.8,1,6954.8,6997.8,6997.8,6952.0,608.0,847536360.0,3899
2015-10-16 09:31:40,IC1510,IC1510,6972.0,0.0,0.0,0.0,2,6965.4,6969.8,1,6954.8,6997.8,6997.8,6952.0,608.0,847536360.0,3899
2015-10-16 09:31:40,IC1510,IC1510,6972.0,0.0,0.0,0.0,2,6965.4,6969.2,1,6954.8,6997.8,6997.8,6952.0,608.0,847536360.0,3899
2015-10-16 09:31:42,IC1510,IC1510,6972.0,0.0,0.0,0.0,2,6965.4,6969.0,1,6954.8,6997.8,6997.8,6952.0,608.0,847536360.0,3899
2015-10-16 09:31:46,IC1510,IC1510,6972.0,0.0,0.0,0.0,1,6965.6,6969.0,1,6954.8,6997.8,6997.8,6952.0,608.0,847536360.0,3899
2015-10-16 09:31:47,IC1510,IC1510,6965.6,1.0,1393120.0,-1.0,2,6965.4,6969.0,1,6954.8,6997.8,6997.8,6952.0,609.0,848929480.0,3898
2015-10-16 09:31:56,IC1510,IC1510,6965.6,0.0,0.0,0.0,2,6965.4,6968.6,1,6954.8,6997.8,6997.8,6952.0,609.0,848929480.0,3898
2015-10-16 09:31:57,IC1510,IC1510,6965.6,0.0,0.0,0.0,2,6965.4,6968.4,1,6954.8,6997.8,6997.8,6952.0,609.0,848929480.0,3898
2015-10-16 09:31:58,IC1510,IC1510,6965.4,1.0,1393080.0,-1.0,1,6965.4,6968.4,1,6954.8,6997.8,6997.8,6952.0,610.0,850322560.0,3897
2015-10-16 09:32:00,IC1510,IC1510,6965.4,0.0,0.0,0.0,1,6966.0,6968.4,1,6954.8,6997.8,6997.8,6952.0,610.0,850322560.0,3897
2015-10-16 09:32:03,IC1510,IC1510,6965.4,0.0,0.0,0.0,2,6966.0,6968.4,1,6954.8,6997.8,6997.8,6952.0,610.0,850322560.0,3897
2015-10-16 09:32:05,IC1510,IC1510,6966.0,1.0,1393200.0,-1.0,1,6966.0,6968.4,1,6954.8,6997.8,6997.8,6952.0,611.0,851715760.0,3896
2015-10-16 09:32:07,IC1510,IC1510,6966.0,0.0,0.0,0.0,5,6966.0,6968.4,1,6954.8,6997.8,6997.8,6952.0,611.0,851715760.0,3896
2015-10-16 09:32:09,IC1510,IC1510,6966.0,0.0,0.0,0.0,1,6966.2,6968.4,1,6954.8,6997.8,6997.8,6952.0,611.0,851715760.0,3896
2015-10-16 09:32:11,IC1510,IC1510,6966.0,0.0,0.0,0.0,1,6966.2,6968.6,1,6954.8,6997.8,6997.8,6952.0,611.0,851715760.0,3896
2015-10-16 09:32:11,IC1510,IC1510,6966.0,0.0,0.0,0.0,1,6966.2,6967.6,1,6954.8,6997.8,6997.8,6952.0,611.0,851715760.0,3896
2015-10-16 09:32:13,IC1510,IC1510,6966.2,1.0,1393240.0,-1.0,8,6966.0,6967.6,1,6954.8,6997.8,6997.8,6952.0,612.0,853109000.0,3895
2015-10-16 09:32:13,IC1510,IC1510,6966.2,0.0,0.0,0.0,10,6966.0,6967.6,1,6954.8,6997.8,6997.8,6952.0,612.0,853109000.0,3895
2015-10-16 09:32:14,IC1510,IC1510,6966.0,1.0,1393200.0,-1.0,9,6966.0,6967.6,1,6954.8,6997.8,6997.8,6952.0,613.0,854502200.0,3894
2015-10-16 09:32:15,IC1510,IC1510,6967.6,1.0,1393520.0,-1.0,9,6966.0,6968.6,1,6954.8,6997.8,6997.8,6952.0,614.0,855895720.0,3893
2015-10-16 09:32:16,IC1510,IC1510,6968.6,1.0,1393720.0,-1.0,10,6966.0,6969.2,1,6954.8,6997.8,6997.8,6952.0,615.0,857289440.0,3892
2015-10-16 09:32:17,IC1510,IC1510,6966.0,1.0,1393200.0,-1.0,9,6966.0,6969.2,1,6954.8,6997.8,6997.8,6952.0,616.0,858682640.0,3891
2015-10-16 09:32:18,IC1510,IC1510,6966.0,0.0,0.0,0.0,11,6966.0,6969.2,1,6954.8,6997.8,6997.8,6952.0,616.0,858682640.0,3891
2015-10-16 09:32:22,IC1510,IC1510,6966.0,0.0,0.0,0.0,1,6966.2,6969.2,1,6954.8,6997.8,6997.8,6952.0,616.0,858682640.0,3891
2015-10-16 09:32:23,IC1510,IC1510,6966.0,0.0,0.0,0.0,1,6966.2,6969.0,1,6954.8,6997.8,6997.8,6952.0,616.0,858682640.0,3891
2015-10-16 09:32:24,IC1510,IC1510,6966.2,1.0,1393240.0,-1.0,12,6966.0,6969.0,1,6954.8,6997.8,6997.8,6952.0,617.0,860075880.0,3890
2015-10-16 09:32:27,IC1510,IC1510,6969.0,1.0,1393800.0,0.0,12,6966.0,6969.2,1,6954.8,6997.8,6997.8,6952.0,618.0,861469680.0,3890
2015-10-16 09:32:29,IC1510,IC1510,6969.0,0.0,0.0,0.0,1,6966.2,6969.2,1,6954.8,6997.8,6997.8,6952.0,618.0,861469680.0,3890
2015-10-16 09:32:30,IC1510,IC1510,6969.0,0.0,0.0,0.0,2,6966.2,6969.2,1,6954.8,6997.8,6997.8,6952.0,618.0,861469680.0,3890
2015-10-16 09:32:35,IC1510,IC1510,6969.0,0.0,0.0,0.0,2,6966.2,6969.0,1,6954.8,6997.8,6997.8,6952.0,618.0,861469680.0,3890
2015-10-16 09:32:44,IC1510,IC1510,6966.2,1.0,1393240.0,0.0,1,6966.2,6969.0,1,6954.8,6997.8,6997.8,6952.0,619.0,862862920.0,3890
2015-10-16 09:32:56,IC1510,IC1510,6966.0,7.0,9752440.0,-7.0,1,6966.4,6969.0,1,6954.8,6997.8,6997.8,6952.0,626.0,872615360.0,3883
2015-10-16 09:32:56,IC1510,IC1510,6966.0,1.0,1393200.0,-1.0,6,6966.0,6969.0,1,6954.8,6997.8,6997.8,6952.0,627.0,874008560.0,3882
2015-10-16 09:32:58,IC1510,IC1510,6966.0,0.0,0.0,0.0,6,6966.0,6969.2,1,6954.8,6997.8,6997.8,6952.0,627.0,874008560.0,3882
2015-10-16 09:33:01,IC1510,IC1510,6966.0,1.0,1393200.0,-1.0,5,6966.0,6969.2,1,6954.8,6997.8,6997.8,6952.0,628.0,875401760.0,3881
2015-10-16 09:33:02,IC1510,IC1510,6966.0,0.0,0.0,0.0,5,6966.0,6969.0,1,6954.8,6997.8,6997.8,6952.0,628.0,875401760.0,3881
