time,symbol_id,symbol_name,last,trade_volume,trade_amount,open_interest_change,bv1,bp1,ap1,av1,yesterday_close,today_open,today_high,today_low,volume,amount,open_interest
2015-12-18 09:14:00,IC1512,IC1512,7661.4,24.0,36774720.0,-24.0,1,7658.0,7665.2,1,7693.6,7661.4,7661.4,7661.4,24.0,36774720.0,5773
2015-12-18 09:15:00,IC1512,IC1512,7665.2,1.0,1533040.0,-1.0,1,7663.2,7697.4,1,7693.6,7661.4,7665.2,7661.4,25.0,38307760.0,5772
2015-12-18 09:15:01,IC1512,IC1512,7697.4,2.0,3078920.0,-2.0,7,7697.4,7700.0,11,7693.6,7661.4,7697.4,7661.4,27.0,41386680.0,5770
2015-12-18 09:15:01,IC1512,IC1512,7697.4,7.0,10776360.0,-7.0,2,7665.2,7696.8,2,7693.6,7661.4,7697.4,7661.4,34.0,52163040.0,5763
2015-12-18 09:15:02,IC1512,IC1512,7665.4,2.0,3066280.0,-2.0,2,7665.2,7692.6,1,7693.6,7661.4,7697.4,7661.4,36.0,55229320.0,5761
2015-12-18 09:15:02,IC1512,IC1512,7665.2,1.0,1533040.0,-1.0,1,7665.2,7665.4,1,7693.6,7661.4,7697.4,7661.4,37.0,56762360.0,5760
2015-12-18 09:15:03,IC1512,IC1512,7665.4,1.0,1533080.0,-1.0,1,7665.2,7692.6,1,7693.6,7661.4,7697.4,7661.4,38.0,58295440.0,5759
2015-12-18 09:15:03,IC1512,IC1512,7665.4,0.0,0.0,0.0,1,7670.0,7692.4,1,7693.6,7661.4,7697.4,7661.4,38.0,58295440.0,5759
2015-12-18 09:15:04,IC1512,IC1512,7665.4,0.0,0.0,0.0,1,7670.2,7691.6,1,7693.6,7661.4,7697.4,7661.4,38.0,58295440.0,5759
2015-12-18 09:15:05,IC1512,IC1512,7691.4,1.0,1538280.0,-1.0,1,7670.2,7691.6,1,7693.6,7661.4,7697.4,7661.4,39.0,59833720.0,5758
2015-12-18 09:15:06,IC1512,IC1512,7691.4,0.0,0.0,0.0,1,7672.0,7691.6,1,7693.6,7661.4,7697.4,7661.4,39.0,59833720.0,5758
2015-12-18 09:15:07,IC1512,IC1512,7691.4,0.0,0.0,0.0,1,7672.2,7691.6,1,7693.6,7661.4,7697.4,7661.4,39.0,59833720.0,5758
2015-12-18 09:15:07,IC1512,IC1512,7691.4,0.0,0.0,0.0,1,7672.6,7685.0,1,7693.6,7661.4,7697.4,7661.4,39.0,59833720.0,5758
2015-12-18 09:15:08,IC1512,IC1512,7691.4,0.0,0.0,0.0,2,7672.8,7684.2,1,7693.6,7661.4,7697.4,7661.4,39.0,59833720.0,5758
2015-12-18 09:15:08,IC1512,IC1512,7684.2,1.0,1536840.0,-1.0,2,7672.8,7685.0,1,7693.6,7661.4,7697.4,7661.4,40.0,61370560.0,5757
2015-12-18 09:15:09,IC1512,IC1512,7685.0,1.0,1537000.0,-1.0,1,7673.6,7695.4,1,7693.6,7661.4,7697.4,7661.4,41.0,62907560.0,5756
2015-12-18 09:15:09,IC1512,IC1512,7685.0,0.0,0.0,0.0,1,7673.8,7695.4,1,7693.6,7661.4,7697.4,7661.4,41.0,62907560.0,5756
2015-12-18 09:15:10,IC1512,IC1512,7685.0,0.0,0.0,0.0,1,7674.6,7695.4,1,7693.6,7661.4,7697.4,7661.4,41.0,62907560.0,5756
2015-12-18 09:15:10,IC1512,IC1512,7695.4,1.0,1539080.0,-1.0,1,7695.4,7700.0,11,7693.6,7661.4,7697.4,7661.4,42.0,64446640.0,5755
2015-12-18 09:15:11,IC1512,IC1512,7695.4,2.0,3078160.0,-2.0,1,7675.0,7695.4,1,7693.6,7661.4,7697.4,7661.4,44.0,67524800.0,5753
2015-12-18 09:15:11,IC1512,IC1512,7695.4,0.0,0.0,0.0,1,7675.8,7695.4,1,7693.6,7661.4,7697.4,7661.4,44.0,67524800.0,5753
2015-12-18 09:15:12,IC1512,IC1512,7695.4,0.0,0.0,0.0,1,7676.2,7695.4,1,7693.6,7661.4,7697.4,7661.4,44.0,67524800.0,5753
2015-12-18 09:15:12,IC1512,IC1512,7695.4,0.0,0.0,0.0,1,7677.0,7695.4,1,7693.6,7661.4,7697.4,7661.4,44.0,67524800.0,5753
2015-12-18 09:15:13,IC1512,IC1512,7695.4,0.0,0.0,0.0,2,7677.2,7695.4,1,7693.6,7661.4,7697.4,7661.4,44.0,67524800.0,5753
2015-12-18 09:15:13,IC1512,IC1512,7695.4,0.0,0.0,0.0,1,7678.0,7695.2,1,7693.6,7661.4,7697.4,7661.4,44.0,67524800.0,5753
2015-12-18 09:15:14,IC1512,IC1512,7695.4,0.0,0.0,0.0,1,7680.0,7695.2,1,7693.6,7661.4,7697.4,7661.4,44.0,67524800.0,5753
2015-12-18 09:15:14,IC1512,IC1512,7680.8,1.0,1536160.0,-1.0,1,7680.4,7694.2,1,7693.6,7661.4,7697.4,7661.4,45.0,69060960.0,5752
2015-12-18 09:15:15,IC1512,IC1512,7680.8,0.0,0.0,0.0,1,7680.8,7694.2,1,7693.6,7661.4,7697.4,7661.4,45.0,69060960.0,5752
2015-12-18 09:15:15,IC1512,IC1512,7680.8,0.0,0.0,0.0,2,7681.0,7694.2,1,7693.6,7661.4,7697.4,7661.4,45.0,69060960.0,5752
2015-12-18 09:15:16,IC1512,IC1512,7694.2,1.0,1538840.0,-1.0,1,7681.4,7695.2,1,7693.6,7661.4,7697.4,7661.4,46.0,70599800.0,5751
2015-12-18 09:15:16,IC1512,IC1512,7694.2,0.0,0.0,0.0,1,7682.2,7695.0,1,7693.6,7661.4,7697.4,7661.4,46.0,70599800.0,5751
2015-12-18 09:15:17,IC1512,IC1512,7694.2,0.0,0.0,0.0,1,7682.6,7695.0,1,7693.6,7661.4,7697.4,7661.4,46.0,70599800.0,5751
2015-12-18 09:15:17,IC1512,IC1512,7694.2,0.0,0.0,0.0,1,7683.4,7695.0,1,7693.6,7661.4,7697.4,7661.4,46.0,70599800.0,5751
2015-12-18 09:15:18,IC1512,IC1512,7694.2,0.0,0.0,0.0,1,7683.8,7695.0,1,7693.6,7661.4,7697.4,7661.4,46.0,70599800.0,5751
2015-12-18 09:15:18,IC1512,IC1512,7694.2,0.0,0.0,0.0,1,7684.6,7695.0,1,7693.6,7661.4,7697.4,7661.4,46.0,70599800.0,5751
2015-12-18 09:15:19,IC1512,IC1512,7694.2,0.0,0.0,0.0,1,7684.8,7694.0,1,7693.6,7661.4,7697.4,7661.4,46.0,70599800.0,5751
2015-12-18 09:15:19,IC1512,IC1512,7694.2,1.0,1538840.0,-1.0,1,7686.2,7695.0,1,7693.6,7661.4,7697.4,7661.4,47.0,72138640.0,5750
2015-12-18 09:15:20,IC1512,IC1512,7694.2,0.0,0.0,0.0,1,7686.4,7695.0,1,7693.6,7661.4,7697.4,7661.4,47.0,72138640.0,5750
2015-12-18 09:15:20,IC1512,IC1512,7686.4,2.0,3074600.0,-2.0,1,7686.2,7695.0,1,7693.6,7661.4,7697.4,7661.4,49.0,75213240.0,5748
2015-12-18 09:15:22,IC1512,IC1512,7695.0,1.0,1539000.0,-1.0,1,7686.4,7695.4,1,7693.6,7661.4,7697.4,7661.4,50.0,76752240.0,5747
2015-12-18 09:15:22,IC1512,IC1512,7686.4,1.0,1537280.0,-1.0,1,7686.2,7686.4,2,7693.6,7661.4,7697.4,7661.4,51.0,78289520.0,5746
2015-12-18 09:15:23,IC1512,IC1512,7686.4,4.0,6149120.0,-4.0,2,7686.4,7695.4,1,7693.6,7661.4,7697.4,7661.4,55.0,84438640.0,5742
2015-12-18 09:15:23,IC1512,IC1512,7686.4,2.0,3074560.0,-2.0,1,7686.4,7695.4,1,7693.6,7661.4,7697.4,7661.4,57.0,87513200.0,5740
2015-12-18 09:15:24,IC1512,IC1512,7686.4,0.0,0.0,0.0,1,7686.6,7694.8,1,7693.6,7661.4,7697.4,7661.4,57.0,87513200.0,5740
2015-12-18 09:15:24,IC1512,IC1512,7686.4,0.0,0.0,0.0,1,7686.6,7695.4,1,7693.6,7661.4,7697.4,7661.4,57.0,87513200.0,5740
2015-12-18 09:15:25,IC1512,IC1512,7686.4,0.0,0.0,0.0,1,7686.8,7695.4,1,7693.6,7661.4,7697.4,7661.4,57.0,87513200.0,5740
2015-12-18 09:15:25,IC1512,IC1512,7695.4,2.0,3078160.0,-2.0,2,7695.6,7700.0,11,7693.6,7661.4,7697.4,7661.4,59.0,90591360.0,5738
2015-12-18 09:15:26,IC1512,IC1512,7699.4,2.0,3079000.0,-2.0,1,7695.6,7699.8,2,7693.6,7661.4,7699.4,7661.4,61.0,93670360.0,5736
2015-12-18 09:15:26,IC1512,IC1512,7695.6,1.0,1539120.0,-1.0,1,7695.4,7695.6,7,7693.6,7661.4,7699.4,7661.4,62.0,95209480.0,5735
2015-12-18 09:15:27,IC1512,IC1512,7695.6,0.0,0.0,0.0,2,7695.4,7695.6,7,7693.6,7661.4,7699.4,7661.4,62.0,95209480.0,5735
2015-12-18 09:15:28,IC1512,IC1512,7695.6,3.0,4617320.0,-3.0,1,7686.8,7695.6,5,7693.6,7661.4,7699.4,7661.4,65.0,99826800.0,5732
2015-12-18 09:15:28,IC1512,IC1512,7695.6,0.0,0.0,0.0,1,7687.4,7695.6,5,7693.6,7661.4,7699.4,7661.4,65.0,99826800.0,5732
2015-12-18 09:15:31,IC1512,IC1512,7687.6,2.0,3076640.0,-2.0,2,7686.0,7695.6,4,7693.6,7661.4,7699.4,7661.4,67.0,102903440.0,5730
2015-12-18 09:15:32,IC1512,IC1512,7686.0,3.0,4611600.0,-3.0,1,7681.6,7685.8,1,7693.6,7661.4,7699.4,7661.4,70.0,107515040.0,5727
2015-12-18 09:15:32,IC1512,IC1512,7686.0,2.0,3074360.0,-2.0,1,7685.8,7686.0,3,7693.6,7661.4,7699.4,7661.4,72.0,110589400.0,5725
2015-12-18 09:15:33,IC1512,IC1512,7686.0,3.0,4611560.0,-3.0,1,7682.2,7686.0,1,7693.6,7661.4,7699.4,7661.4,75.0,115200960.0,5722
2015-12-18 09:15:33,IC1512,IC1512,7686.0,1.0,1537200.0,-1.0,1,7687.0,7694.0,1,7693.6,7661.4,7699.4,7661.4,76.0,116738160.0,5721
2015-12-18 09:15:34,IC1512,IC1512,7694.0,2.0,3077480.0,-1.0,1,7694.2,7696.4,1,7693.6,7661.4,7699.4,7661.4,78.0,119815640.0,5720
2015-12-18 09:15:35,IC1512,IC1512,7696.4,1.0,1539280.0,-1.0,1,7687.0,7695.8,1,7693.6,7661.4,7699.4,7661.4,79.0,121354920.0,5719
2015-12-18 09:15:36,IC1512,IC1512,7695.8,1.0,1539160.0,-1.0,1,7687.0,7699.2,1,7693.6,7661.4,7699.4,7661.4,80.0,122894080.0,5718
2015-12-18 09:15:37,IC1512,IC1512,7695.8,0.0,0.0,0.0,2,7687.2,7696.2,2,7693.6,7661.4,7699.4,7661.4,80.0,122894080.0,5718
2015-12-18 09:15:37,IC1512,IC1512,7695.8,0.0,0.0,0.0,1,7687.8,7694.8,2,7693.6,7661.4,7699.4,7661.4,80.0,122894080.0,5718
2015-12-18 09:15:38,IC1512,IC1512,7695.8,0.0,0.0,0.0,1,7687.0,7694.8,2,7693.6,7661.4,7699.4,7661.4,80.0,122894080.0,5718
2015-12-18 09:15:39,IC1512,IC1512,7695.8,0.0,0.0,0.0,2,7687.0,7694.8,2,7693.6,7661.4,7699.4,7661.4,80.0,122894080.0,5718
2015-12-18 09:15:39,IC1512,IC1512,7695.8,1.0,1539160.0,-1.0,2,7687.0,7694.8,1,7693.6,7661.4,7699.4,7661.4,81.0,124433240.0,5717
2015-12-18 09:15:40,IC1512,IC1512,7695.8,0.0,0.0,0.0,1,7687.6,7694.8,1,7693.6,7661.4,7699.4,7661.4,81.0,124433240.0,5717
2015-12-18 09:15:40,IC1512,IC1512,7695.8,0.0,0.0,0.0,1,7688.0,7694.8,1,7693.6,7661.4,7699.4,7661.4,81.0,124433240.0,5717
2015-12-18 09:15:42,IC1512,IC1512,7688.0,1.0,1537600.0,-1.0,1,7687.6,7694.8,1,7693.6,7661.4,7699.4,7661.4,82.0,125970840.0,5716
2015-12-18 09:15:42,IC1512,IC1512,7688.0,0.0,0.0,0.0,1,7689.4,7694.8,1,7693.6,7661.4,7699.4,7661.4,82.0,125970840.0,5716
2015-12-18 09:15:43,IC1512,IC1512,7688.8,1.0,1537760.0,-1.0,1,7687.6,7694.8,1,7693.6,7661.4,7699.4,7661.4,83.0,127508600.0,5715
2015-12-18 09:15:44,IC1512,IC1512,7694.8,1.0,1538960.0,-1.0,1,7687.6,7699.2,1,7693.6,7661.4,7699.4,7661.4,84.0,129047560.0,5714
2015-12-18 09:15:44,IC1512,IC1512,7694.8,0.0,0.0,0.0,1,7688.4,7699.0,1,7693.6,7661.4,7699.4,7661.4,84.0,129047560.0,5714
2015-12-18 09:15:46,IC1512,IC1512,7699.0,1.0,1539800.0,-1.0,1,7688.4,7699.2,1,7693.6,7661.4,7699.4,7661.4,85.0,130587360.0,5713
2015-12-18 09:15:47,IC1512,IC1512,7688.4,3.0,4613120.0,-2.0,2,7687.6,7691.8,1,7693.6,7661.4,7699.4,7661.4,88.0,135200480.0,5711
2015-12-18 09:15:47,IC1512,IC1512,7688.4,0.0,0.0,0.0,1,7690.0,7691.8,1,7693.6,7661.4,7699.4,7661.4,88.0,135200480.0,5711
2015-12-18 09:15:49,IC1512,IC1512,7691.8,1.0,1538360.0,-1.0,1,7690.0,7694.8,1,7693.6,7661.4,7699.4,7661.4,89.0,136738840.0,5710
2015-12-18 09:15:49,IC1512,IC1512,7691.8,0.0,0.0,0.0,1,7691.8,7694.0,1,7693.6,7661.4,7699.4,7661.4,89.0,136738840.0,5710
2015-12-18 09:15:52,IC1512,IC1512,7691.8,1.0,1538360.0,-1.0,2,7690.2,7694.0,1,7693.6,7661.4,7699.4,7661.4,90.0,138277200.0,5709
2015-12-18 09:15:53,IC1512,IC1512,7694.0,1.0,1538800.0,-1.0,2,7690.2,7694.8,1,7693.6,7661.4,7699.4,7661.4,91.0,139816000.0,5708
2015-12-18 09:15:54,IC1512,IC1512,7690.2,2.0,3076080.0,-2.0,2,7687.6,7690.2,5,7693.6,7661.4,7699.4,7661.4,93.0,142892080.0,5706
2015-12-18 09:15:55,IC1512,IC1512,7690.2,1.0,1538040.0,-1.0,2,7687.6,7690.2,4,7693.6,7661.4,7699.4,7661.4,94.0,144430120.0,5705
2015-12-18 09:15:56,IC1512,IC1512,7687.6,1.0,1537520.0,-1.0,1,7688.4,7690.2,4,7693.6,7661.4,7699.4,7661.4,95.0,145967640.0,5704
2015-12-18 09:15:57,IC1512,IC1512,7688.4,1.0,1537680.0,-1.0,1,7687.6,7690.2,4,7693.6,7661.4,7699.4,7661.4,96.0,147505320.0,5703
2015-12-18 09:15:57,IC1512,IC1512,7690.2,1.0,1538040.0,-1.0,1,7688.2,7690.2,4,7693.6,7661.4,7699.4,7661.4,97.0,149043360.0,5702
2015-12-18 09:15:58,IC1512,IC1512,7690.2,0.0,0.0,0.0,1,7688.4,7690.2,4,7693.6,7661.4,7699.4,7661.4,97.0,149043360.0,5702
2015-12-18 09:15:59,IC1512,IC1512,7688.4,1.0,1537680.0,-1.0,1,7688.2,7690.2,4,7693.6,7661.4,7699.4,7661.4,98.0,150581040.0,5701
2015-12-18 09:15:59,IC1512,IC1512,7690.2,2.0,3075680.0,-2.0,1,7687.6,7690.2,3,7693.6,7661.4,7699.4,7661.4,100.0,153656720.0,5699
2015-12-18 09:16:00,IC1512,IC1512,7687.6,1.0,1537520.0,-1.0,2,7687.0,7687.6,1,7693.6,7661.4,7699.4,7661.4,101.0,155194240.0,5698
2015-12-18 09:16:00,IC1512,IC1512,7687.6,1.0,1537520.0,-1.0,2,7687.0,7690.2,1,7693.6,7661.4,7699.4,7661.4,102.0,156731760.0,5697
2015-12-18 09:16:01,IC1512,IC1512,7687.6,0.0,0.0,0.0,1,7687.8,7690.2,1,7693.6,7661.4,7699.4,7661.4,102.0,156731760.0,5697
2015-12-18 09:16:01,IC1512,IC1512,7690.2,1.0,1538040.0,-1.0,1,7687.8,7694.8,1,7693.6,7661.4,7699.4,7661.4,103.0,158269800.0,5696
2015-12-18 09:16:03,IC1512,IC1512,7690.2,0.0,0.0,0.0,1,7687.8,7694.2,1,7693.6,7661.4,7699.4,7661.4,103.0,158269800.0,5696
2015-12-18 09:16:03,IC1512,IC1512,7694.2,1.0,1538840.0,-1.0,1,7687.8,7694.8,1,7693.6,7661.4,7699.4,7661.4,104.0,159808640.0,5695
2015-12-18 09:16:04,IC1512,IC1512,7694.2,0.0,0.0,0.0,2,7690.0,7694.8,1,7693.6,7661.4,7699.4,7661.4,104.0,159808640.0,5695
2015-12-18 09:16:05,IC1512,IC1512,7694.2,0.0,0.0,0.0,2,7690.0,7693.6,1,7693.6,7661.4,7699.4,7661.4,104.0,159808640.0,5695
2015-12-18 09:16:06,IC1512,IC1512,7690.0,1.0,1538000.0,-1.0,1,7690.0,7693.6,1,7693.6,7661.4,7699.4,7661.4,105.0,161346640.0,5694
2015-12-18 09:16:07,IC1512,IC1512,7693.6,1.0,1538720.0,-1.0,3,7690.0,7694.8,1,7693.6,7661.4,7699.4,7661.4,106.0,162885360.0,5693
2015-12-18 09:16:08,IC1512,IC1512,7694.8,1.0,1538960.0,-1.0,3,7695.0,7695.4,1,7693.6,7661.4,7699.4,7661.4,107.0,164424320.0,5692
2015-12-18 09:16:08,IC1512,IC1512,7695.0,3.0,4617040.0,-3.0,2,7695.0,7697.6,2,7693.6,7661.4,7699.4,7661.4,110.0,169041360.0,5689
2015-12-18 09:16:09,IC1512,IC1512,7690.0,3.0,4616000.0,-3.0,2,7690.0,7694.8,1,7693.6,7661.4,7699.4,7661.4,113.0,173657360.0,5686
2015-12-18 09:16:09,IC1512,IC1512,7690.0,0.0,0.0,0.0,1,7690.2,7693.6,1,7693.6,7661.4,7699.4,7661.4,113.0,173657360.0,5686
2015-12-18 09:16:11,IC1512,IC1512,7693.6,1.0,1538720.0,-1.0,1,7690.6,7694.8,1,7693.6,7661.4,7699.4,7661.4,114.0,175196080.0,5685
2015-12-18 09:16:11,IC1512,IC1512,7690.6,1.0,1538120.0,-1.0,1,7690.2,7694.8,1,7693.6,7661.4,7699.4,7661.4,115.0,176734200.0,5684
2015-12-18 09:16:12,IC1512,IC1512,7690.0,3.0,4614040.0,-3.0,2,7687.6,7690.0,1,7693.6,7661.4,7699.4,7661.4,118.0,181348240.0,5681
2015-12-18 09:16:12,IC1512,IC1512,7688.2,1.0,1537640.0,0.0,1,7688.0,7690.0,1,7693.6,7661.4,7699.4,7661.4,119.0,182885880.0,5681
2015-12-18 09:16:13,IC1512,IC1512,7688.2,0.0,0.0,0.0,2,7687.6,7690.0,1,7693.6,7661.4,7699.4,7661.4,119.0,182885880.0,5681
2015-12-18 09:16:14,IC1512,IC1512,7688.2,0.0,0.0,0.0,3,7687.6,7690.0,1,7693.6,7661.4,7699.4,7661.4,119.0,182885880.0,5681
2015-12-18 09:16:14,IC1512,IC1512,7690.0,1.0,1538000.0,-1.0,3,7687.6,7694.8,1,7693.6,7661.4,7699.4,7661.4,120.0,184423880.0,5680
2015-12-18 09:16:15,IC1512,IC1512,7690.0,0.0,0.0,0.0,3,7687.6,7694.2,1,7693.6,7661.4,7699.4,7661.4,120.0,184423880.0,5680
2015-12-18 09:16:16,IC1512,IC1512,7687.6,1.0,1537520.0,0.0,2,7687.6,7694.2,1,7693.6,7661.4,7699.4,7661.4,121.0,185961400.0,5680
2015-12-18 09:16:16,IC1512,IC1512,7687.6,0.0,0.0,0.0,1,7687.6,7694.2,1,7693.6,7661.4,7699.4,7661.4,121.0,185961400.0,5680
2015-12-18 09:16:19,IC1512,IC1512,7687.6,0.0,0.0,0.0,1,7687.6,7693.8,1,7693.6,7661.4,7699.4,7661.4,121.0,185961400.0,5680
2015-12-18 09:16:20,IC1512,IC1512,7687.6,1.0,1537520.0,-1.0,2,7687.0,7693.8,1,7693.6,7661.4,7699.4,7661.4,122.0,187498920.0,5679
2015-12-18 09:16:24,IC1512,IC1512,7687.6,0.0,0.0,0.0,1,7687.6,7693.8,1,7693.6,7661.4,7699.4,7661.4,122.0,187498920.0,5679
2015-12-18 09:16:25,IC1512,IC1512,7687.6,0.0,0.0,0.0,2,7693.6,7693.8,1,7693.6,7661.4,7699.4,7661.4,122.0,187498920.0,5679
2015-12-18 09:16:26,IC1512,IC1512,7693.6,3.0,4616160.0,-3.0,2,7687.0,7693.4,1,7693.6,7661.4,7699.4,7661.4,125.0,192115080.0,5676
2015-12-18 09:16:26,IC1512,IC1512,7693.6,0.0,0.0,0.0,1,7687.6,7693.0,1,7693.6,7661.4,7699.4,7661.4,125.0,192115080.0,5676
2015-12-18 09:16:27,IC1512,IC1512,7693.6,0.0,0.0,0.0,2,7687.0,7693.0,1,7693.6,7661.4,7699.4,7661.4,125.0,192115080.0,5676
2015-12-18 09:16:28,IC1512,IC1512,7693.6,0.0,0.0,0.0,1,7687.2,7687.6,1,7693.6,7661.4,7699.4,7661.4,125.0,192115080.0,5676
2015-12-18 09:16:29,IC1512,IC1512,7687.6,1.0,1537520.0,-1.0,1,7687.8,7693.4,1,7693.6,7661.4,7699.4,7661.4,126.0,193652600.0,5675
2015-12-18 09:16:29,IC1512,IC1512,7687.6,0.0,0.0,0.0,1,7687.4,7687.6,1,7693.6,7661.4,7699.4,7661.4,126.0,193652600.0,5675
2015-12-18 09:16:30,IC1512,IC1512,7687.6,1.0,1537520.0,-1.0,1,7688.0,7693.8,1,7693.6,7661.4,7699.4,7661.4,127.0,195190120.0,5674
2015-12-18 09:16:30,IC1512,IC1512,7687.6,0.0,0.0,0.0,1,7687.4,7693.8,1,7693.6,7661.4,7699.4,7661.4,127.0,195190120.0,5674
2015-12-18 09:16:31,IC1512,IC1512,7687.6,0.0,0.0,0.0,1,7687.4,7692.6,1,7693.6,7661.4,7699.4,7661.4,127.0,195190120.0,5674
2015-12-18 09:16:33,IC1512,IC1512,7687.6,0.0,0.0,0.0,1,7687.4,7690.0,1,7693.6,7661.4,7699.4,7661.4,127.0,195190120.0,5674
2015-12-18 09:16:34,IC1512,IC1512,7687.6,0.0,0.0,0.0,1,7687.4,7688.6,1,7693.6,7661.4,7699.4,7661.4,127.0,195190120.0,5674
2015-12-18 09:16:36,IC1512,IC1512,7688.6,3.0,4612920.0,-3.0,1,7687.2,7693.8,1,7693.6,7661.4,7699.4,7661.4,130.0,199803040.0,5671
2015-12-18 09:16:36,IC1512,IC1512,7687.2,1.0,1537440.0,-1.0,2,7687.0,7691.4,7,7693.6,7661.4,7699.4,7661.4,131.0,201340480.0,5670
2015-12-18 09:16:37,IC1512,IC1512,7687.2,0.0,0.0,0.0,2,7687.0,7691.2,1,7693.6,7661.4,7699.4,7661.4,131.0,201340480.0,5670
2015-12-18 09:16:37,IC1512,IC1512,7687.2,0.0,0.0,0.0,2,7687.0,7691.4,7,7693.6,7661.4,7699.4,7661.4,131.0,201340480.0,5670
2015-12-18 09:16:42,IC1512,IC1512,7691.4,1.0,1538280.0,-1.0,2,7687.0,7691.4,6,7693.6,7661.4,7699.4,7661.4,132.0,202878760.0,5669
2015-12-18 09:16:43,IC1512,IC1512,7687.0,1.0,1537400.0,-1.0,1,7687.0,7691.4,6,7693.6,7661.4,7699.4,7661.4,133.0,204416160.0,5668
2015-12-18 09:16:43,IC1512,IC1512,7687.0,0.0,0.0,0.0,1,7687.2,7691.2,1,7693.6,7661.4,7699.4,7661.4,133.0,204416160.0,5668
2015-12-18 09:16:45,IC1512,IC1512,7687.2,1.0,1537440.0,-1.0,1,7687.0,7691.2,1,7693.6,7661.4,7699.4,7661.4,134.0,205953600.0,5667
2015-12-18 09:16:46,IC1512,IC1512,7687.2,0.0,0.0,0.0,7,7690.0,7691.2,1,7693.6,7661.4,7699.4,7661.4,134.0,205953600.0,5667
2015-12-18 09:16:47,IC1512,IC1512,7690.0,3.0,4614520.0,-3.0,6,7690.0,7691.4,5,7693.6,7661.4,7699.4,7661.4,137.0,210568120.0,5664
2015-12-18 09:16:47,IC1512,IC1512,7690.0,0.0,0.0,0.0,1,7690.6,7691.4,5,7693.6,7661.4,7699.4,7661.4,137.0,210568120.0,5664
2015-12-18 09:16:48,IC1512,IC1512,7690.0,0.0,0.0,0.0,6,7690.0,7691.4,5,7693.6,7661.4,7699.4,7661.4,137.0,210568120.0,5664
2015-12-18 09:16:48,IC1512,IC1512,7690.0,0.0,0.0,0.0,1,7690.6,7691.4,5,7693.6,7661.4,7699.4,7661.4,137.0,210568120.0,5664
2015-12-18 09:16:50,IC1512,IC1512,7691.4,1.0,1538280.0,-1.0,1,7690.6,7691.4,4,7693.6,7661.4,7699.4,7661.4,138.0,212106400.0,5663
2015-12-18 09:16:53,IC1512,IC1512,7690.6,1.0,1538120.0,-1.0,8,7690.0,7691.4,4,7693.6,7661.4,7699.4,7661.4,139.0,213644520.0,5662
2015-12-18 09:16:56,IC1512,IC1512,7690.0,1.0,1538000.0,-1.0,7,7690.0,7691.4,4,7693.6,7661.4,7699.4,7661.4,140.0,215182520.0,5661
2015-12-18 09:16:56,IC1512,IC1512,7691.4,4.0,6153120.0,-4.0,1,7691.4,7693.0,1,7693.6,7661.4,7699.4,7661.4,144.0,221335640.0,5657
2015-12-18 09:17:03,IC1512,IC1512,7691.4,1.0,1538280.0,-1.0,7,7690.0,7693.0,1,7693.6,7661.4,7699.4,7661.4,145.0,222873920.0,5656
2015-12-18 09:17:03,IC1512,IC1512,7691.4,0.0,0.0,0.0,1,7691.2,7693.0,1,7693.6,7661.4,7699.4,7661.4,145.0,222873920.0,5656
2015-12-18 09:17:04,IC1512,IC1512,7693.0,1.0,1538600.0,-1.0,1,7693.0,7693.8,1,7693.6,7661.4,7699.4,7661.4,146.0,224412520.0,5655
2015-12-18 09:17:05,IC1512,IC1512,7693.0,1.0,1538600.0,-1.0,7,7690.0,7692.8,1,7693.6,7661.4,7699.4,7661.4,147.0,225951120.0,5654
2015-12-18 09:17:05,IC1512,IC1512,7690.6,1.0,1538120.0,-1.0,7,7690.0,7693.8,1,7693.6,7661.4,7699.4,7661.4,148.0,227489240.0,5653
2015-12-18 09:17:06,IC1512,IC1512,7690.6,0.0,0.0,0.0,1,7691.0,7693.8,1,7693.6,7661.4,7699.4,7661.4,148.0,227489240.0,5653
2015-12-18 09:17:08,IC1512,IC1512,7690.6,0.0,0.0,0.0,1,7691.6,7693.8,1,7693.6,7661.4,7699.4,7661.4,148.0,227489240.0,5653
2015-12-18 09:17:10,IC1512,IC1512,7693.8,1.0,1538760.0,0.0,3,7693.8,7694.8,1,7693.6,7661.4,7699.4,7661.4,149.0,229028000.0,5653
2015-12-18 09:17:10,IC1512,IC1512,7693.8,1.0,1538760.0,-1.0,2,7693.8,7697.6,2,7693.6,7661.4,7699.4,7661.4,150.0,230566760.0,5652
2015-12-18 09:17:11,IC1512,IC1512,7693.8,0.0,0.0,0.0,2,7693.8,7697.0,1,7693.6,7661.4,7699.4,7661.4,150.0,230566760.0,5652
2015-12-18 09:17:11,IC1512,IC1512,7693.8,3.0,4616280.0,-3.0,1,7692.2,7693.0,6,7693.6,7661.4,7699.4,7661.4,153.0,235183040.0,5649
2015-12-18 09:17:12,IC1512,IC1512,7693.0,1.0,1538600.0,0.0,1,7692.2,7693.0,5,7693.6,7661.4,7699.4,7661.4,154.0,236721640.0,5649
2015-12-18 09:17:13,IC1512,IC1512,7693.0,5.0,7692840.0,-5.0,7,7690.0,7693.0,1,7693.6,7661.4,7699.4,7661.4,159.0,244414480.0,5644
2015-12-18 09:17:14,IC1512,IC1512,7693.0,0.0,0.0,0.0,1,7690.6,7693.0,1,7693.6,7661.4,7699.4,7661.4,159.0,244414480.0,5644
2015-12-18 09:17:14,IC1512,IC1512,7693.0,0.0,0.0,0.0,1,7690.8,7693.0,1,7693.6,7661.4,7699.4,7661.4,159.0,244414480.0,5644
2015-12-18 09:17:15,IC1512,IC1512,7693.0,0.0,0.0,0.0,1,7690.6,7693.0,1,7693.6,7661.4,7699.4,7661.4,159.0,244414480.0,5644
2015-12-18 09:17:16,IC1512,IC1512,7693.0,1.0,1538600.0,0.0,1,7690.6,7697.6,2,7693.6,7661.4,7699.4,7661.4,160.0,245953080.0,5644
2015-12-18 09:17:16,IC1512,IC1512,7693.0,0.0,0.0,0.0,7,7690.0,7697.6,2,7693.6,7661.4,7699.4,7661.4,160.0,245953080.0,5644
2015-12-18 09:17:17,IC1512,IC1512,7693.0,0.0,0.0,0.0,7,7690.0,7697.4,1,7693.6,7661.4,7699.4,7661.4,160.0,245953080.0,5644
2015-12-18 09:17:18,IC1512,IC1512,7693.0,0.0,0.0,0.0,7,7690.0,7696.8,1,7693.6,7661.4,7699.4,7661.4,160.0,245953080.0,5644
2015-12-18 09:17:18,IC1512,IC1512,7693.0,0.0,0.0,0.0,7,7690.0,7696.6,1,7693.6,7661.4,7699.4,7661.4,160.0,245953080.0,5644
2015-12-18 09:17:19,IC1512,IC1512,7693.0,0.0,0.0,0.0,7,7690.0,7696.0,1,7693.6,7661.4,7699.4,7661.4,160.0,245953080.0,5644
2015-12-18 09:17:20,IC1512,IC1512,7693.0,0.0,0.0,0.0,7,7690.0,7695.6,1,7693.6,7661.4,7699.4,7661.4,160.0,245953080.0,5644
2015-12-18 09:17:23,IC1512,IC1512,7690.0,1.0,1538000.0,-1.0,1,7690.2,7692.4,2,7693.6,7661.4,7699.4,7661.4,161.0,247491080.0,5643
2015-12-18 09:17:23,IC1512,IC1512,7690.0,2.0,3076000.0,-1.0,5,7690.0,7692.2,1,7693.6,7661.4,7699.4,7661.4,163.0,250567080.0,5642
2015-12-18 09:17:24,IC1512,IC1512,7690.0,2.0,3076000.0,-2.0,3,7690.0,7694.2,1,7693.6,7661.4,7699.4,7661.4,165.0,253643080.0,5640
2015-12-18 09:17:24,IC1512,IC1512,7690.0,0.0,0.0,0.0,3,7690.0,7693.6,2,7693.6,7661.4,7699.4,7661.4,165.0,253643080.0,5640
2015-12-18 09:17:25,IC1512,IC1512,7690.0,1.0,1538000.0,-1.0,2,7690.0,7693.6,2,7693.6,7661.4,7699.4,7661.4,166.0,255181080.0,5639
2015-12-18 09:17:25,IC1512,IC1512,7693.6,1.0,1538720.0,-1.0,2,7690.0,7693.4,1,7693.6,7661.4,7699.4,7661.4,167.0,256719800.0,5638
2015-12-18 09:17:26,IC1512,IC1512,7690.0,3.0,4614000.0,-2.0,1,7688.0,7690.0,1,7693.6,7661.4,7699.4,7661.4,170.0,261333800.0,5636
2015-12-18 09:17:28,IC1512,IC1512,7690.0,0.0,0.0,0.0,1,7688.0,7689.4,1,7693.6,7661.4,7699.4,7661.4,170.0,261333800.0,5636
2015-12-18 09:17:28,IC1512,IC1512,7688.0,1.0,1537600.0,-1.0,1,7687.0,7689.4,1,7693.6,7661.4,7699.4,7661.4,171.0,262871400.0,5635
2015-12-18 09:17:30,IC1512,IC1512,7688.0,0.0,0.0,0.0,3,7688.0,7689.4,1,7693.6,7661.4,7699.4,7661.4,171.0,262871400.0,5635
2015-12-18 09:17:31,IC1512,IC1512,7688.0,1.0,1537600.0,-1.0,2,7688.0,7690.0,1,7693.6,7661.4,7699.4,7661.4,172.0,264409000.0,5634
2015-12-18 09:17:32,IC1512,IC1512,7690.0,1.0,1538000.0,-1.0,1,7690.2,7691.2,1,7693.6,7661.4,7699.4,7661.4,173.0,265947000.0,5633
2015-12-18 09:17:33,IC1512,IC1512,7691.2,1.0,1538240.0,-1.0,2,7688.0,7690.2,1,7693.6,7661.4,7699.4,7661.4,174.0,267485240.0,5632
2015-12-18 09:17:36,IC1512,IC1512,7691.2,0.0,0.0,0.0,5,7688.0,7690.2,1,7693.6,7661.4,7699.4,7661.4,174.0,267485240.0,5632
2015-12-18 09:17:36,IC1512,IC1512,7691.2,0.0,0.0,0.0,1,7688.6,7690.2,2,7693.6,7661.4,7699.4,7661.4,174.0,267485240.0,5632
2015-12-18 09:17:37,IC1512,IC1512,7688.0,1.0,1537600.0,-1.0,4,7688.0,7690.2,2,7693.6,7661.4,7699.4,7661.4,175.0,269022840.0,5631
2015-12-18 09:17:40,IC1512,IC1512,7688.0,0.0,0.0,0.0,1,7688.2,7690.2,2,7693.6,7661.4,7699.4,7661.4,175.0,269022840.0,5631
2015-12-18 09:17:42,IC1512,IC1512,7690.2,1.0,1538040.0,-1.0,1,7688.2,7690.2,1,7693.6,7661.4,7699.4,7661.4,176.0,270560880.0,5630
2015-12-18 09:17:43,IC1512,IC1512,7690.2,0.0,0.0,0.0,1,7688.4,7690.2,1,7693.6,7661.4,7699.4,7661.4,176.0,270560880.0,5630
2015-12-18 09:17:43,IC1512,IC1512,7690.2,0.0,0.0,0.0,1,7688.2,7690.2,1,7693.6,7661.4,7699.4,7661.4,176.0,270560880.0,5630
2015-12-18 09:17:45,IC1512,IC1512,7690.2,0.0,0.0,0.0,1,7688.2,7690.0,1,7693.6,7661.4,7699.4,7661.4,176.0,270560880.0,5630
2015-12-18 09:17:45,IC1512,IC1512,7688.2,1.0,1537640.0,-1.0,4,7688.0,7690.0,1,7693.6,7661.4,7699.4,7661.4,177.0,272098520.0,5629
2015-12-18 09:17:48,IC1512,IC1512,7688.2,0.0,0.0,0.0,5,7688.0,7690.0,1,7693.6,7661.4,7699.4,7661.4,177.0,272098520.0,5629
2015-12-18 09:17:48,IC1512,IC1512,7688.0,1.0,1537600.0,-1.0,4,7688.0,7690.0,1,7693.6,7661.4,7699.4,7661.4,178.0,273636120.0,5628
2015-12-18 09:17:49,IC1512,IC1512,7690.0,1.0,1538000.0,0.0,4,7688.0,7690.2,1,7693.6,7661.4,7699.4,7661.4,179.0,275174120.0,5628
2015-12-18 09:17:50,IC1512,IC1512,7690.2,1.0,1538040.0,0.0,4,7688.0,7694.0,1,7693.6,7661.4,7699.4,7661.4,180.0,276712160.0,5628
2015-12-18 09:17:51,IC1512,IC1512,7690.2,0.0,0.0,0.0,4,7688.0,7691.6,1,7693.6,7661.4,7699.4,7661.4,180.0,276712160.0,5628
2015-12-18 09:17:52,IC1512,IC1512,7690.2,0.0,0.0,0.0,4,7688.0,7690.0,1,7693.6,7661.4,7699.4,7661.4,180.0,276712160.0,5628
2015-12-18 09:17:53,IC1512,IC1512,7688.0,1.0,1537600.0,-1.0,3,7688.0,7690.0,1,7693.6,7661.4,7699.4,7661.4,181.0,278249760.0,5627
2015-12-18 09:17:54,IC1512,IC1512,7688.0,1.0,1537600.0,-1.0,2,7688.0,7688.2,1,7693.6,7661.4,7699.4,7661.4,182.0,279787360.0,5626
2015-12-18 09:17:54,IC1512,IC1512,7688.2,1.0,1537640.0,-1.0,2,7688.0,7690.0,1,7693.6,7661.4,7699.4,7661.4,183.0,281325000.0,5625
2015-12-18 09:17:56,IC1512,IC1512,7688.0,1.0,1537600.0,-1.0,1,7688.0,7690.0,1,7693.6,7661.4,7699.4,7661.4,184.0,282862600.0,5624
2015-12-18 09:17:58,IC1512,IC1512,7688.0,0.0,0.0,0.0,1,7688.0,7689.8,1,7693.6,7661.4,7699.4,7661.4,184.0,282862600.0,5624
2015-12-18 09:17:58,IC1512,IC1512,7688.0,1.0,1537600.0,-1.0,1,7687.0,7689.8,1,7693.6,7661.4,7699.4,7661.4,185.0,284400200.0,5623
2015-12-18 09:18:02,IC1512,IC1512,7688.0,0.0,0.0,0.0,2,7688.0,7689.8,1,7693.6,7661.4,7699.4,7661.4,185.0,284400200.0,5623
2015-12-18 09:18:04,IC1512,IC1512,7688.0,0.0,0.0,0.0,2,7688.0,7690.0,1,7693.6,7661.4,7699.4,7661.4,185.0,284400200.0,5623
2015-12-18 09:18:05,IC1512,IC1512,7688.0,1.0,1537600.0,-1.0,1,7688.0,7690.0,1,7693.6,7661.4,7699.4,7661.4,186.0,285937800.0,5622
2015-12-18 09:18:05,IC1512,IC1512,7688.0,1.0,1537600.0,-1.0,1,7687.0,7690.0,1,7693.6,7661.4,7699.4,7661.4,187.0,287475400.0,5621
2015-12-18 09:18:09,IC1512,IC1512,7688.0,0.0,0.0,0.0,1,7687.0,7689.8,1,7693.6,7661.4,7699.4,7661.4,187.0,287475400.0,5621
2015-12-18 09:18:09,IC1512,IC1512,7687.0,1.0,1537400.0,-1.0,1,7686.0,7689.6,1,7693.6,7661.4,7699.4,7661.4,188.0,289012800.0,5620
2015-12-18 09:18:10,IC1512,IC1512,7687.0,0.0,0.0,0.0,1,7686.0,7689.4,1,7693.6,7661.4,7699.4,7661.4,188.0,289012800.0,5620
2015-12-18 09:18:10,IC1512,IC1512,7686.0,1.0,1537200.0,-1.0,1,7685.0,7689.4,1,7693.6,7661.4,7699.4,7661.4,189.0,290550000.0,5619
2015-12-18 09:18:11,IC1512,IC1512,7686.0,0.0,0.0,0.0,1,7685.2,7689.4,1,7693.6,7661.4,7699.4,7661.4,189.0,290550000.0,5619
2015-12-18 09:18:12,IC1512,IC1512,7686.0,0.0,0.0,0.0,1,7685.2,7689.0,1,7693.6,7661.4,7699.4,7661.4,189.0,290550000.0,5619
2015-12-18 09:18:14,IC1512,IC1512,7686.0,0.0,0.0,0.0,1,7685.2,7690.0,1,7693.6,7661.4,7699.4,7661.4,189.0,290550000.0,5619
2015-12-18 09:18:18,IC1512,IC1512,7690.0,1.0,1538000.0,0.0,1,7690.0,7694.0,5,7693.6,7661.4,7699.4,7661.4,190.0,292088000.0,5619
2015-12-18 09:18:19,IC1512,IC1512,7690.0,0.0,0.0,0.0,1,7690.0,7693.6,1,7693.6,7661.4,7699.4,7661.4,190.0,292088000.0,5619
2015-12-18 09:18:20,IC1512,IC1512,7690.0,0.0,0.0,0.0,1,7690.0,7693.2,1,7693.6,7661.4,7699.4,7661.4,190.0,292088000.0,5619
2015-12-18 09:18:23,IC1512,IC1512,7690.0,0.0,0.0,0.0,1,7690.0,7694.0,5,7693.6,7661.4,7699.4,7661.4,190.0,292088000.0,5619
2015-12-18 09:18:28,IC1512,IC1512,7690.0,0.0,0.0,0.0,1,7690.0,7693.6,3,7693.6,7661.4,7699.4,7661.4,190.0,292088000.0,5619
2015-12-18 09:18:29,IC1512,IC1512,7690.0,1.0,1538000.0,-1.0,3,7685.4,7690.0,1,7693.6,7661.4,7699.4,7661.4,191.0,293626000.0,5618
2015-12-18 09:18:29,IC1512,IC1512,7690.0,0.0,0.0,0.0,1,7689.0,7690.0,1,7693.6,7661.4,7699.4,7661.4,191.0,293626000.0,5618
2015-12-18 09:18:30,IC1512,IC1512,7690.0,1.0,1538000.0,-1.0,1,7689.0,7693.6,2,7693.6,7661.4,7699.4,7661.4,192.0,295164000.0,5617
2015-12-18 09:18:35,IC1512,IC1512,7690.0,0.0,0.0,0.0,1,7689.0,7692.0,2,7693.6,7661.4,7699.4,7661.4,192.0,295164000.0,5617
2015-12-18 09:18:37,IC1512,IC1512,7690.0,0.0,0.0,0.0,2,7689.0,7692.0,2,7693.6,7661.4,7699.4,7661.4,192.0,295164000.0,5617
2015-12-18 09:18:40,IC1512,IC1512,7690.0,0.0,0.0,0.0,2,7689.0,7692.0,3,7693.6,7661.4,7699.4,7661.4,192.0,295164000.0,5617
2015-12-18 09:18:42,IC1512,IC1512,7689.0,1.0,1537800.0,-1.0,1,7689.0,7692.0,3,7693.6,7661.4,7699.4,7661.4,193.0,296701800.0,5616
2015-12-18 09:18:49,IC1512,IC1512,7689.0,0.0,0.0,0.0,1,7689.0,7692.0,4,7693.6,7661.4,7699.4,7661.4,193.0,296701800.0,5616
2015-12-18 09:18:49,IC1512,IC1512,7689.0,0.0,0.0,0.0,1,7689.0,7691.2,1,7693.6,7661.4,7699.4,7661.4,193.0,296701800.0,5616
2015-12-18 09:18:50,IC1512,IC1512,7689.0,0.0,0.0,0.0,1,7689.0,7691.0,1,7693.6,7661.4,7699.4,7661.4,193.0,296701800.0,5616
2015-12-18 09:18:52,IC1512,IC1512,7689.0,1.0,1537800.0,-1.0,1,7688.0,7690.8,1,7693.6,7661.4,7699.4,7661.4,194.0,298239600.0,5615
2015-12-18 09:18:52,IC1512,IC1512,7689.0,0.0,0.0,0.0,1,7688.0,7690.0,4,7693.6,7661.4,7699.4,7661.4,194.0,298239600.0,5615
2015-12-18 09:18:54,IC1512,IC1512,7689.0,0.0,0.0,0.0,1,7688.0,7689.8,1,7693.6,7661.4,7699.4,7661.4,194.0,298239600.0,5615
2015-12-18 09:18:55,IC1512,IC1512,7689.8,1.0,1537960.0,-1.0,1,7688.0,7690.0,4,7693.6,7661.4,7699.4,7661.4,195.0,299777560.0,5614
2015-12-18 09:19:02,IC1512,IC1512,7690.0,4.0,6152000.0,-4.0,1,7688.0,7692.0,3,7693.6,7661.4,7699.4,7661.4,199.0,305929560.0,5610
2015-12-18 09:19:03,IC1512,IC1512,7690.0,0.0,0.0,0.0,1,7688.0,7692.0,4,7693.6,7661.4,7699.4,7661.4,199.0,305929560.0,5610
2015-12-18 09:19:03,IC1512,IC1512,7690.0,0.0,0.0,0.0,1,7688.0,7692.0,3,7693.6,7661.4,7699.4,7661.4,199.0,305929560.0,5610
2015-12-18 09:19:06,IC1512,IC1512,7690.0,0.0,0.0,0.0,1,7688.0,7692.0,2,7693.6,7661.4,7699.4,7661.4,199.0,305929560.0,5610
2015-12-18 09:19:07,IC1512,IC1512,7690.0,0.0,0.0,0.0,1,7688.2,7692.0,2,7693.6,7661.4,7699.4,7661.4,199.0,305929560.0,5610
2015-12-18 09:19:08,IC1512,IC1512,7690.0,0.0,0.0,0.0,1,7688.0,7692.0,2,7693.6,7661.4,7699.4,7661.4,199.0,305929560.0,5610
2015-12-18 09:19:09,IC1512,IC1512,7692.0,1.0,1538400.0,-1.0,1,7690.4,7692.0,1,7693.6,7661.4,7699.4,7661.4,200.0,307467960.0,5609
2015-12-18 09:19:12,IC1512,IC1512,7690.4,1.0,1538080.0,0.0,1,7688.0,7692.0,1,7693.6,7661.4,7699.4,7661.4,201.0,309006040.0,5609
2015-12-18 09:19:15,IC1512,IC1512,7692.0,1.0,1538400.0,-1.0,1,7688.0,7694.0,5,7693.6,7661.4,7699.4,7661.4,202.0,310544440.0,5608
2015-12-18 09:19:16,IC1512,IC1512,7688.0,1.0,1537600.0,-1.0,1,7685.8,7694.0,5,7693.6,7661.4,7699.4,7661.4,203.0,312082040.0,5607
2015-12-18 09:19:18,IC1512,IC1512,7688.0,0.0,0.0,0.0,1,7686.2,7694.0,5,7693.6,7661.4,7699.4,7661.4,203.0,312082040.0,5607
2015-12-18 09:19:21,IC1512,IC1512,7688.0,0.0,0.0,0.0,1,7686.2,7694.0,6,7693.6,7661.4,7699.4,7661.4,203.0,312082040.0,5607
2015-12-18 09:19:25,IC1512,IC1512,7688.0,0.0,0.0,0.0,1,7686.2,7693.8,2,7693.6,7661.4,7699.4,7661.4,203.0,312082040.0,5607
2015-12-18 09:19:27,IC1512,IC1512,7693.8,2.0,3076000.0,-2.0,1,7685.8,7693.8,1,7693.6,7661.4,7699.4,7661.4,205.0,315158040.0,5605
2015-12-18 09:19:29,IC1512,IC1512,7693.8,0.0,0.0,0.0,1,7687.8,7693.8,1,7693.6,7661.4,7699.4,7661.4,205.0,315158040.0,5605
2015-12-18 09:19:33,IC1512,IC1512,7693.8,0.0,0.0,0.0,1,7687.8,7693.0,1,7693.6,7661.4,7699.4,7661.4,205.0,315158040.0,5605
2015-12-18 09:19:38,IC1512,IC1512,7693.8,0.0,0.0,0.0,1,7688.0,7693.0,1,7693.6,7661.4,7699.4,7661.4,205.0,315158040.0,5605
2015-12-18 09:19:40,IC1512,IC1512,7693.8,0.0,0.0,0.0,1,7688.0,7690.0,8,7693.6,7661.4,7699.4,7661.4,205.0,315158040.0,5605
2015-12-18 09:19:41,IC1512,IC1512,7690.0,3.0,4614000.0,-3.0,1,7688.2,7690.0,5,7693.6,7661.4,7699.4,7661.4,208.0,319772040.0,5602
2015-12-18 09:19:42,IC1512,IC1512,7690.0,0.0,0.0,0.0,1,7688.4,7690.0,5,7693.6,7661.4,7699.4,7661.4,208.0,319772040.0,5602
2015-12-18 09:19:45,IC1512,IC1512,7690.0,0.0,0.0,0.0,1,7688.4,7690.0,6,7693.6,7661.4,7699.4,7661.4,208.0,319772040.0,5602
2015-12-18 09:19:49,IC1512,IC1512,7688.4,1.0,1537680.0,-1.0,3,7688.0,7688.4,3,7693.6,7661.4,7699.4,7661.4,209.0,321309720.0,5601
2015-12-18 09:19:51,IC1512,IC1512,7688.4,1.0,1537680.0,-1.0,3,7688.0,7688.4,2,7693.6,7661.4,7699.4,7661.4,210.0,322847400.0,5600
2015-12-18 09:19:52,IC1512,IC1512,7688.4,1.0,1537680.0,-1.0,3,7688.0,7688.4,1,7693.6,7661.4,7699.4,7661.4,211.0,324385080.0,5599
2015-12-18 09:19:52,IC1512,IC1512,7688.0,2.0,3075280.0,-2.0,2,7688.0,7690.0,6,7693.6,7661.4,7699.4,7661.4,213.0,327460360.0,5597
2015-12-18 09:19:56,IC1512,IC1512,7690.0,1.0,1538000.0,-1.0,2,7688.0,7690.0,5,7693.6,7661.4,7699.4,7661.4,214.0,328998360.0,5596
2015-12-18 09:19:57,IC1512,IC1512,7690.0,1.0,1538000.0,-1.0,1,7688.2,7690.0,4,7693.6,7661.4,7699.4,7661.4,215.0,330536360.0,5595
2015-12-18 09:19:57,IC1512,IC1512,7688.8,3.0,4613760.0,-3.0,1,7688.2,7690.0,2,7693.6,7661.4,7699.4,7661.4,218.0,335150120.0,5592
2015-12-18 09:19:58,IC1512,IC1512,7688.8,0.0,0.0,0.0,1,7688.8,7690.0,2,7693.6,7661.4,7699.4,7661.4,218.0,335150120.0,5592
2015-12-18 09:19:58,IC1512,IC1512,7688.8,1.0,1537760.0,-1.0,1,7688.2,7688.6,1,7693.6,7661.4,7699.4,7661.4,219.0,336687880.0,5591
2015-12-18 09:19:59,IC1512,IC1512,7688.6,1.0,1537720.0,0.0,1,7688.6,7690.0,2,7693.6,7661.4,7699.4,7661.4,220.0,338225600.0,5591
2015-12-18 09:20:01,IC1512,IC1512,7688.6,0.0,0.0,0.0,2,7688.6,7690.0,2,7693.6,7661.4,7699.4,7661.4,220.0,338225600.0,5591
2015-12-18 09:20:01,IC1512,IC1512,7688.6,0.0,0.0,0.0,3,7688.6,7689.8,1,7693.6,7661.4,7699.4,7661.4,220.0,338225600.0,5591
2015-12-18 09:20:04,IC1512,IC1512,7688.6,1.0,1537720.0,-1.0,2,7688.6,7689.8,1,7693.6,7661.4,7699.4,7661.4,221.0,339763320.0,5590
2015-12-18 09:20:04,IC1512,IC1512,7688.6,0.0,0.0,0.0,2,7688.6,7689.2,1,7693.6,7661.4,7699.4,7661.4,221.0,339763320.0,5590
2015-12-18 09:20:05,IC1512,IC1512,7688.6,2.0,3075440.0,-2.0,2,7688.0,7690.0,2,7693.6,7661.4,7699.4,7661.4,223.0,342838760.0,5588
2015-12-18 09:20:05,IC1512,IC1512,7688.6,0.0,0.0,0.0,2,7688.0,7689.4,2,7693.6,7661.4,7699.4,7661.4,223.0,342838760.0,5588
2015-12-18 09:20:06,IC1512,IC1512,7688.6,0.0,0.0,0.0,2,7688.0,7689.2,1,7693.6,7661.4,7699.4,7661.4,223.0,342838760.0,5588
2015-12-18 09:20:11,IC1512,IC1512,7689.2,1.0,1537840.0,-1.0,2,7688.0,7689.4,2,7693.6,7661.4,7699.4,7661.4,224.0,344376600.0,5587
2015-12-18 09:20:12,IC1512,IC1512,7689.2,0.0,0.0,0.0,2,7688.0,7690.0,2,7693.6,7661.4,7699.4,7661.4,224.0,344376600.0,5587
2015-12-18 09:20:13,IC1512,IC1512,7689.2,0.0,0.0,0.0,2,7688.0,7690.0,6,7693.6,7661.4,7699.4,7661.4,224.0,344376600.0,5587
2015-12-18 09:20:14,IC1512,IC1512,7688.0,1.0,1537600.0,-1.0,1,7688.0,7689.4,2,7693.6,7661.4,7699.4,7661.4,225.0,345914200.0,5586
2015-12-18 09:20:18,IC1512,IC1512,7688.0,1.0,1537600.0,-1.0,1,7685.6,7689.4,2,7693.6,7661.4,7699.4,7661.4,226.0,347451800.0,5585
2015-12-18 09:20:20,IC1512,IC1512,7688.0,0.0,0.0,0.0,1,7685.6,7689.2,1,7693.6,7661.4,7699.4,7661.4,226.0,347451800.0,5585
2015-12-18 09:20:25,IC1512,IC1512,7688.0,0.0,0.0,0.0,1,7686.0,7689.2,1,7693.6,7661.4,7699.4,7661.4,226.0,347451800.0,5585
2015-12-18 09:20:26,IC1512,IC1512,7688.0,0.0,0.0,0.0,1,7686.0,7689.4,1,7693.6,7661.4,7699.4,7661.4,226.0,347451800.0,5585
2015-12-18 09:20:28,IC1512,IC1512,7686.0,1.0,1537200.0,-1.0,1,7685.6,7689.0,1,7693.6,7661.4,7699.4,7661.4,227.0,348989000.0,5584
2015-12-18 09:20:29,IC1512,IC1512,7686.0,0.0,0.0,0.0,1,7686.4,7689.4,1,7693.6,7661.4,7699.4,7661.4,227.0,348989000.0,5584
2015-12-18 09:20:39,IC1512,IC1512,7686.0,0.0,0.0,0.0,1,7686.6,7689.4,1,7693.6,7661.4,7699.4,7661.4,227.0,348989000.0,5584
2015-12-18 09:20:39,IC1512,IC1512,7686.4,1.0,1537280.0,-1.0,1,7685.6,7686.4,1,7693.6,7661.4,7699.4,7661.4,228.0,350526280.0,5583
2015-12-18 09:20:40,IC1512,IC1512,7686.4,1.0,1537280.0,-1.0,1,7685.6,7689.4,1,7693.6,7661.4,7699.4,7661.4,229.0,352063560.0,5582
2015-12-18 09:20:42,IC1512,IC1512,7686.4,0.0,0.0,0.0,1,7685.6,7688.0,1,7693.6,7661.4,7699.4,7661.4,229.0,352063560.0,5582
2015-12-18 09:20:43,IC1512,IC1512,7688.0,1.0,1537600.0,-1.0,1,7685.6,7689.0,1,7693.6,7661.4,7699.4,7661.4,230.0,353601160.0,5581
2015-12-18 09:20:48,IC1512,IC1512,7688.0,0.0,0.0,0.0,1,7685.8,7689.0,1,7693.6,7661.4,7699.4,7661.4,230.0,353601160.0,5581
2015-12-18 09:20:49,IC1512,IC1512,7689.0,1.0,1537800.0,-1.0,1,7685.8,7689.4,1,7693.6,7661.4,7699.4,7661.4,231.0,355138960.0,5580
2015-12-18 09:20:50,IC1512,IC1512,7689.0,0.0,0.0,0.0,2,7685.8,7689.4,1,7693.6,7661.4,7699.4,7661.4,231.0,355138960.0,5580
2015-12-18 09:20:53,IC1512,IC1512,7689.0,0.0,0.0,0.0,2,7685.8,7688.6,1,7693.6,7661.4,7699.4,7661.4,231.0,355138960.0,5580
2015-12-18 09:20:55,IC1512,IC1512,7689.0,0.0,0.0,0.0,1,7686.0,7688.6,1,7693.6,7661.4,7699.4,7661.4,231.0,355138960.0,5580
2015-12-18 09:20:56,IC1512,IC1512,7686.0,2.0,3074920.0,-2.0,2,7685.8,7689.4,1,7693.6,7661.4,7699.4,7661.4,233.0,358213880.0,5578
2015-12-18 09:20:56,IC1512,IC1512,7689.4,1.0,1537880.0,-1.0,2,7685.8,7690.0,6,7693.6,7661.4,7699.4,7661.4,234.0,359751760.0,5577
2015-12-18 09:20:58,IC1512,IC1512,7685.8,2.0,3074320.0,-2.0,1,7685.6,7690.0,6,7693.6,7661.4,7699.4,7661.4,236.0,362826080.0,5575
2015-12-18 09:20:58,IC1512,IC1512,7685.8,0.0,0.0,0.0,1,7685.6,7689.4,1,7693.6,7661.4,7699.4,7661.4,236.0,362826080.0,5575
2015-12-18 09:21:02,IC1512,IC1512,7685.8,0.0,0.0,0.0,1,7685.6,7688.0,1,7693.6,7661.4,7699.4,7661.4,236.0,362826080.0,5575
2015-12-18 09:21:04,IC1512,IC1512,7685.6,1.0,1537120.0,-1.0,2,7685.4,7688.0,1,7693.6,7661.4,7699.4,7661.4,237.0,364363200.0,5574
2015-12-18 09:21:04,IC1512,IC1512,7685.0,3.0,4611160.0,-3.0,2,7684.4,7685.4,1,7693.6,7661.4,7699.4,7661.4,240.0,368974360.0,5571
2015-12-18 09:21:05,IC1512,IC1512,7685.0,0.0,0.0,0.0,2,7684.4,7685.0,1,7693.6,7661.4,7699.4,7661.4,240.0,368974360.0,5571
2015-12-18 09:21:06,IC1512,IC1512,7684.8,3.0,4610720.0,-3.0,1,7683.6,7684.4,1,7693.6,7661.4,7699.4,7661.4,243.0,373585080.0,5568
2015-12-18 09:21:06,IC1512,IC1512,7684.8,0.0,0.0,0.0,1,7683.6,7687.4,1,7693.6,7661.4,7699.4,7661.4,243.0,373585080.0,5568
2015-12-18 09:21:07,IC1512,IC1512,7684.8,0.0,0.0,0.0,1,7683.6,7687.0,1,7693.6,7661.4,7699.4,7661.4,243.0,373585080.0,5568
2015-12-18 09:21:07,IC1512,IC1512,7687.0,1.0,1537400.0,-1.0,1,7683.6,7687.4,1,7693.6,7661.4,7699.4,7661.4,244.0,375122480.0,5567
2015-12-18 09:21:08,IC1512,IC1512,7687.0,0.0,0.0,0.0,1,7683.6,7688.0,1,7693.6,7661.4,7699.4,7661.4,244.0,375122480.0,5567
2015-12-18 09:21:09,IC1512,IC1512,7687.0,0.0,0.0,0.0,1,7683.6,7687.6,1,7693.6,7661.4,7699.4,7661.4,244.0,375122480.0,5567
2015-12-18 09:21:11,IC1512,IC1512,7687.0,0.0,0.0,0.0,1,7683.6,7688.0,1,7693.6,7661.4,7699.4,7661.4,244.0,375122480.0,5567
2015-12-18 09:21:13,IC1512,IC1512,7687.0,0.0,0.0,0.0,1,7683.6,7687.4,1,7693.6,7661.4,7699.4,7661.4,244.0,375122480.0,5567
2015-12-18 09:21:14,IC1512,IC1512,7687.0,0.0,0.0,0.0,1,7683.6,7686.8,1,7693.6,7661.4,7699.4,7661.4,244.0,375122480.0,5567
2015-12-18 09:21:18,IC1512,IC1512,7687.0,0.0,0.0,0.0,1,7684.2,7686.8,1,7693.6,7661.4,7699.4,7661.4,244.0,375122480.0,5567
2015-12-18 09:21:18,IC1512,IC1512,7687.0,0.0,0.0,0.0,1,7684.2,7687.4,1,7693.6,7661.4,7699.4,7661.4,244.0,375122480.0,5567
2015-12-18 09:21:19,IC1512,IC1512,7687.0,0.0,0.0,0.0,1,7684.2,7687.4,2,7693.6,7661.4,7699.4,7661.4,244.0,375122480.0,5567
2015-12-18 09:21:19,IC1512,IC1512,7687.0,0.0,0.0,0.0,1,7684.2,7686.8,1,7693.6,7661.4,7699.4,7661.4,244.0,375122480.0,5567
2015-12-18 09:21:20,IC1512,IC1512,7686.8,1.0,1537360.0,-1.0,1,7684.2,7687.4,1,7693.6,7661.4,7699.4,7661.4,245.0,376659840.0,5566
2015-12-18 09:21:24,IC1512,IC1512,7686.8,0.0,0.0,0.0,3,7684.8,7687.4,1,7693.6,7661.4,7699.4,7661.4,245.0,376659840.0,5566
2015-12-18 09:21:27,IC1512,IC1512,7687.4,1.0,1537480.0,-1.0,3,7684.8,7688.0,2,7693.6,7661.4,7699.4,7661.4,246.0,378197320.0,5565
2015-12-18 09:21:30,IC1512,IC1512,7687.4,0.0,0.0,0.0,1,7685.0,7688.0,2,7693.6,7661.4,7699.4,7661.4,246.0,378197320.0,5565
2015-12-18 09:21:30,IC1512,IC1512,7688.0,1.0,1537600.0,-1.0,1,7685.0,7688.0,1,7693.6,7661.4,7699.4,7661.4,247.0,379734920.0,5564
2015-12-18 09:21:37,IC1512,IC1512,7688.0,0.0,0.0,0.0,1,7685.2,7688.0,1,7693.6,7661.4,7699.4,7661.4,247.0,379734920.0,5564
2015-12-18 09:21:39,IC1512,IC1512,7688.0,1.0,1537600.0,-1.0,1,7685.2,7689.2,1,7693.6,7661.4,7699.4,7661.4,248.0,381272520.0,5563
2015-12-18 09:21:41,IC1512,IC1512,7689.2,2.0,3075440.0,-2.0,2,7685.2,7689.4,1,7693.6,7661.4,7699.4,7661.4,250.0,384347960.0,5561
2015-12-18 09:21:41,IC1512,IC1512,7689.2,0.0,0.0,0.0,1,7685.8,7689.4,1,7693.6,7661.4,7699.4,7661.4,250.0,384347960.0,5561
2015-12-18 09:21:42,IC1512,IC1512,7689.2,0.0,0.0,0.0,2,7685.2,7689.4,1,7693.6,7661.4,7699.4,7661.4,250.0,384347960.0,5561
2015-12-18 09:21:44,IC1512,IC1512,7689.2,0.0,0.0,0.0,2,7685.2,7690.0,6,7693.6,7661.4,7699.4,7661.4,250.0,384347960.0,5561
2015-12-18 09:21:45,IC1512,IC1512,7689.2,0.0,0.0,0.0,2,7685.2,7689.8,1,7693.6,7661.4,7699.4,7661.4,250.0,384347960.0,5561
2015-12-18 09:21:46,IC1512,IC1512,7689.2,0.0,0.0,0.0,2,7685.2,7688.8,1,7693.6,7661.4,7699.4,7661.4,250.0,384347960.0,5561
2015-12-18 09:21:47,IC1512,IC1512,7689.2,0.0,0.0,0.0,1,7685.4,7688.8,1,7693.6,7661.4,7699.4,7661.4,250.0,384347960.0,5561
2015-12-18 09:21:48,IC1512,IC1512,7688.8,1.0,1537760.0,-1.0,1,7685.4,7690.0,6,7693.6,7661.4,7699.4,7661.4,251.0,385885720.0,5560
2015-12-18 09:21:49,IC1512,IC1512,7688.8,0.0,0.0,0.0,1,7685.4,7689.8,1,7693.6,7661.4,7699.4,7661.4,251.0,385885720.0,5560
2015-12-18 09:21:55,IC1512,IC1512,7688.8,0.0,0.0,0.0,4,7685.4,7689.8,1,7693.6,7661.4,7699.4,7661.4,251.0,385885720.0,5560
2015-12-18 09:21:56,IC1512,IC1512,7688.8,0.0,0.0,0.0,2,7685.8,7689.8,1,7693.6,7661.4,7699.4,7661.4,251.0,385885720.0,5560
2015-12-18 09:21:58,IC1512,IC1512,7688.8,0.0,0.0,0.0,2,7685.8,7690.0,6,7693.6,7661.4,7699.4,7661.4,251.0,385885720.0,5560
2015-12-18 09:22:03,IC1512,IC1512,7685.8,1.0,1537160.0,-1.0,1,7685.8,7690.0,6,7693.6,7661.4,7699.4,7661.4,252.0,387422880.0,5559
2015-12-18 09:22:05,IC1512,IC1512,7685.8,0.0,0.0,0.0,1,7686.2,7689.8,1,7693.6,7661.4,7699.4,7661.4,252.0,387422880.0,5559
2015-12-18 09:22:07,IC1512,IC1512,7685.8,0.0,0.0,0.0,1,7686.2,7689.8,2,7693.6,7661.4,7699.4,7661.4,252.0,387422880.0,5559
2015-12-18 09:22:08,IC1512,IC1512,7685.8,0.0,0.0,0.0,1,7686.2,7689.2,1,7693.6,7661.4,7699.4,7661.4,252.0,387422880.0,5559
2015-12-18 09:22:08,IC1512,IC1512,7685.8,0.0,0.0,0.0,1,7686.4,7689.2,1,7693.6,7661.4,7699.4,7661.4,252.0,387422880.0,5559
2015-12-18 09:22:10,IC1512,IC1512,7685.8,0.0,0.0,0.0,1,7686.4,7688.8,1,7693.6,7661.4,7699.4,7661.4,252.0,387422880.0,5559
2015-12-18 09:22:15,IC1512,IC1512,7685.8,0.0,0.0,0.0,1,7687.0,7688.8,1,7693.6,7661.4,7699.4,7661.4,252.0,387422880.0,5559
2015-12-18 09:22:20,IC1512,IC1512,7685.8,0.0,0.0,0.0,1,7685.8,7688.8,1,7693.6,7661.4,7699.4,7661.4,252.0,387422880.0,5559
2015-12-18 09:22:22,IC1512,IC1512,7685.8,0.0,0.0,0.0,1,7686.2,7688.8,1,7693.6,7661.4,7699.4,7661.4,252.0,387422880.0,5559
2015-12-18 09:22:25,IC1512,IC1512,7685.8,0.0,0.0,0.0,1,7686.2,7688.6,1,7693.6,7661.4,7699.4,7661.4,252.0,387422880.0,5559
2015-12-18 09:22:29,IC1512,IC1512,7685.8,0.0,0.0,0.0,1,7686.2,7688.8,1,7693.6,7661.4,7699.4,7661.4,252.0,387422880.0,5559
2015-12-18 09:22:31,IC1512,IC1512,7685.8,0.0,0.0,0.0,1,7686.4,7688.8,1,7693.6,7661.4,7699.4,7661.4,252.0,387422880.0,5559
2015-12-18 09:22:32,IC1512,IC1512,7686.2,1.0,1537240.0,-1.0,1,7686.2,7688.8,1,7693.6,7661.4,7699.4,7661.4,253.0,388960120.0,5558
2015-12-18 09:22:32,IC1512,IC1512,7688.8,1.0,1537760.0,-1.0,1,7688.8,7689.2,1,7693.6,7661.4,7699.4,7661.4,254.0,390497880.0,5557
2015-12-18 09:22:38,IC1512,IC1512,7689.2,1.0,1537840.0,-1.0,1,7688.8,7689.8,1,7693.6,7661.4,7699.4,7661.4,255.0,392035720.0,5556
2015-12-18 09:22:40,IC1512,IC1512,7689.2,0.0,0.0,0.0,2,7688.8,7689.8,1,7693.6,7661.4,7699.4,7661.4,255.0,392035720.0,5556
2015-12-18 09:22:41,IC1512,IC1512,7689.8,1.0,1537960.0,-1.0,2,7688.8,7690.0,5,7693.6,7661.4,7699.4,7661.4,256.0,393573680.0,5555
2015-12-18 09:22:43,IC1512,IC1512,7689.8,0.0,0.0,0.0,1,7688.8,7690.0,5,7693.6,7661.4,7699.4,7661.4,256.0,393573680.0,5555
2015-12-18 09:22:45,IC1512,IC1512,7688.8,1.0,1537760.0,-1.0,1,7688.0,7690.0,5,7693.6,7661.4,7699.4,7661.4,257.0,395111440.0,5554
2015-12-18 09:22:48,IC1512,IC1512,7688.0,1.0,1537600.0,-1.0,9,7688.0,7690.0,5,7693.6,7661.4,7699.4,7661.4,258.0,396649040.0,5553
2015-12-18 09:22:48,IC1512,IC1512,7688.0,0.0,0.0,0.0,1,7688.6,7689.8,1,7693.6,7661.4,7699.4,7661.4,258.0,396649040.0,5553
2015-12-18 09:22:52,IC1512,IC1512,7688.0,1.0,1537600.0,-1.0,9,7688.0,7689.8,1,7693.6,7661.4,7699.4,7661.4,259.0,398186640.0,5552
2015-12-18 09:22:53,IC1512,IC1512,7689.8,1.0,1537960.0,-1.0,2,7689.8,7690.0,5,7693.6,7661.4,7699.4,7661.4,260.0,399724600.0,5551
2015-12-18 09:22:54,IC1512,IC1512,7690.0,2.0,3076000.0,-2.0,2,7689.8,7690.0,3,7693.6,7661.4,7699.4,7661.4,262.0,402800600.0,5549
2015-12-18 09:22:54,IC1512,IC1512,7690.0,2.0,3076000.0,-2.0,2,7689.8,7690.0,1,7693.6,7661.4,7699.4,7661.4,264.0,405876600.0,5547
2015-12-18 09:22:57,IC1512,IC1512,7690.0,1.0,1538000.0,-1.0,2,7690.0,7691.8,1,7693.6,7661.4,7699.4,7661.4,265.0,407414600.0,5546
2015-12-18 09:23:02,IC1512,IC1512,7690.0,0.0,0.0,0.0,2,7690.0,7691.6,1,7693.6,7661.4,7699.4,7661.4,265.0,407414600.0,5546
2015-12-18 09:23:07,IC1512,IC1512,7690.0,1.0,1538000.0,-1.0,1,7690.0,7691.6,1,7693.6,7661.4,7699.4,7661.4,266.0,408952600.0,5545
2015-12-18 09:23:07,IC1512,IC1512,7691.6,1.0,1538320.0,-1.0,1,7691.6,7691.8,1,7693.6,7661.4,7699.4,7661.4,267.0,410490920.0,5544
2015-12-18 09:23:08,IC1512,IC1512,7691.6,1.0,1538320.0,-1.0,1,7690.0,7691.8,1,7693.6,7661.4,7699.4,7661.4,268.0,412029240.0,5543
2015-12-18 09:23:08,IC1512,IC1512,7691.6,0.0,0.0,0.0,1,7690.0,7691.6,1,7693.6,7661.4,7699.4,7661.4,268.0,412029240.0,5543
2015-12-18 09:23:12,IC1512,IC1512,7691.6,0.0,0.0,0.0,2,7690.0,7691.6,1,7693.6,7661.4,7699.4,7661.4,268.0,412029240.0,5543
2015-12-18 09:23:13,IC1512,IC1512,7691.8,2.0,3076680.0,-2.0,2,7690.0,7693.0,1,7693.6,7661.4,7699.4,7661.4,270.0,415105920.0,5541
2015-12-18 09:23:13,IC1512,IC1512,7691.8,0.0,0.0,0.0,2,7690.0,7691.8,1,7693.6,7661.4,7699.4,7661.4,270.0,415105920.0,5541
2015-12-18 09:23:14,IC1512,IC1512,7691.8,0.0,0.0,0.0,1,7690.2,7691.8,1,7693.6,7661.4,7699.4,7661.4,270.0,415105920.0,5541
2015-12-18 09:23:15,IC1512,IC1512,7691.8,0.0,0.0,0.0,2,7690.2,7691.8,1,7693.6,7661.4,7699.4,7661.4,270.0,415105920.0,5541
2015-12-18 09:23:17,IC1512,IC1512,7691.8,1.0,1538360.0,-1.0,5,7692.0,7693.0,1,7693.6,7661.4,7699.4,7661.4,271.0,416644280.0,5540
2015-12-18 09:23:17,IC1512,IC1512,7691.8,2.0,3076720.0,-2.0,3,7692.0,7693.0,1,7693.6,7661.4,7699.4,7661.4,273.0,419721000.0,5538
2015-12-18 09:23:18,IC1512,IC1512,7691.8,2.0,3076720.0,-2.0,1,7692.0,7693.0,2,7693.6,7661.4,7699.4,7661.4,275.0,422797720.0,5536
2015-12-18 09:23:18,IC1512,IC1512,7691.8,1.0,1538360.0,-1.0,2,7690.2,7692.4,1,7693.6,7661.4,7699.4,7661.4,276.0,424336080.0,5535
2015-12-18 09:23:19,IC1512,IC1512,7690.2,1.0,1538040.0,-1.0,1,7692.4,7693.0,2,7693.6,7661.4,7699.4,7661.4,277.0,425874120.0,5534
2015-12-18 09:23:20,IC1512,IC1512,7692.4,1.0,1538480.0,-1.0,2,7690.0,7692.8,1,7693.6,7661.4,7699.4,7661.4,278.0,427412600.0,5533
2015-12-18 09:23:22,IC1512,IC1512,7692.4,0.0,0.0,0.0,2,7690.0,7692.6,1,7693.6,7661.4,7699.4,7661.4,278.0,427412600.0,5533
2015-12-18 09:23:24,IC1512,IC1512,7692.4,0.0,0.0,0.0,2,7690.0,7692.4,1,7693.6,7661.4,7699.4,7661.4,278.0,427412600.0,5533
2015-12-18 09:23:24,IC1512,IC1512,7692.4,0.0,0.0,0.0,2,7690.0,7692.2,1,7693.6,7661.4,7699.4,7661.4,278.0,427412600.0,5533
2015-12-18 09:23:26,IC1512,IC1512,7692.4,0.0,0.0,0.0,2,7690.0,7692.0,2,7693.6,7661.4,7699.4,7661.4,278.0,427412600.0,5533
2015-12-18 09:23:27,IC1512,IC1512,7692.4,0.0,0.0,0.0,2,7690.0,7691.6,1,7693.6,7661.4,7699.4,7661.4,278.0,427412600.0,5533
2015-12-18 09:23:29,IC1512,IC1512,7692.0,1.0,1538400.0,-1.0,2,7690.0,7691.6,1,7693.6,7661.4,7699.4,7661.4,279.0,428951000.0,5532
2015-12-18 09:23:29,IC1512,IC1512,7692.0,1.0,1538400.0,0.0,2,7690.0,7693.0,2,7693.6,7661.4,7699.4,7661.4,280.0,430489400.0,5532
2015-12-18 09:23:30,IC1512,IC1512,7692.0,0.0,0.0,0.0,2,7690.0,7692.8,1,7693.6,7661.4,7699.4,7661.4,280.0,430489400.0,5532
2015-12-18 09:23:31,IC1512,IC1512,7692.0,0.0,0.0,0.0,3,7692.2,7692.8,2,7693.6,7661.4,7699.4,7661.4,280.0,430489400.0,5532
2015-12-18 09:23:35,IC1512,IC1512,7692.2,1.0,1538440.0,-1.0,2,7692.2,7692.8,2,7693.6,7661.4,7699.4,7661.4,281.0,432027840.0,5531
2015-12-18 09:23:36,IC1512,IC1512,7692.2,0.0,0.0,0.0,2,7692.2,7692.8,1,7693.6,7661.4,7699.4,7661.4,281.0,432027840.0,5531
2015-12-18 09:23:37,IC1512,IC1512,7692.2,2.0,3076880.0,-2.0,1,7691.4,7692.8,1,7693.6,7661.4,7699.4,7661.4,283.0,435104720.0,5529
2015-12-18 09:23:37,IC1512,IC1512,7692.8,2.0,3076840.0,-2.0,1,7690.4,7693.0,2,7693.6,7661.4,7699.4,7661.4,285.0,438181560.0,5527
2015-12-18 09:23:40,IC1512,IC1512,7692.8,0.0,0.0,0.0,1,7690.4,7692.8,1,7693.6,7661.4,7699.4,7661.4,285.0,438181560.0,5527
2015-12-18 09:23:41,IC1512,IC1512,7690.0,2.0,3076080.0,-2.0,1,7690.0,7692.8,1,7693.6,7661.4,7699.4,7661.4,287.0,441257640.0,5525
2015-12-18 09:23:41,IC1512,IC1512,7690.0,0.0,0.0,0.0,1,7690.0,7693.0,2,7693.6,7661.4,7699.4,7661.4,287.0,441257640.0,5525
2015-12-18 09:23:43,IC1512,IC1512,7690.0,0.0,0.0,0.0,1,7691.0,7693.0,2,7693.6,7661.4,7699.4,7661.4,287.0,441257640.0,5525
2015-12-18 09:23:44,IC1512,IC1512,7690.0,2.0,3076000.0,-2.0,2,7689.8,7693.0,2,7693.6,7661.4,7699.4,7661.4,289.0,444333640.0,5523
2015-12-18 09:23:44,IC1512,IC1512,7690.0,0.0,0.0,0.0,1,7690.0,7692.8,1,7693.6,7661.4,7699.4,7661.4,289.0,444333640.0,5523
2015-12-18 09:23:45,IC1512,IC1512,7690.0,0.0,0.0,0.0,2,7689.8,7692.8,1,7693.6,7661.4,7699.4,7661.4,289.0,444333640.0,5523
2015-12-18 09:23:46,IC1512,IC1512,7690.0,0.0,0.0,0.0,2,7689.8,7692.4,1,7693.6,7661.4,7699.4,7661.4,289.0,444333640.0,5523
2015-12-18 09:23:49,IC1512,IC1512,7690.0,0.0,0.0,0.0,2,7689.8,7693.0,2,7693.6,7661.4,7699.4,7661.4,289.0,444333640.0,5523
2015-12-18 09:23:50,IC1512,IC1512,7689.8,2.0,3075920.0,-2.0,1,7688.2,7693.0,2,7693.6,7661.4,7699.4,7661.4,291.0,447409560.0,5521
2015-12-18 09:23:53,IC1512,IC1512,7689.8,0.0,0.0,0.0,1,7688.2,7692.6,1,7693.6,7661.4,7699.4,7661.4,291.0,447409560.0,5521
2015-12-18 09:23:53,IC1512,IC1512,7689.8,0.0,0.0,0.0,1,7690.0,7692.6,1,7693.6,7661.4,7699.4,7661.4,291.0,447409560.0,5521
2015-12-18 09:23:54,IC1512,IC1512,7689.8,0.0,0.0,0.0,1,7690.0,7693.0,2,7693.6,7661.4,7699.4,7661.4,291.0,447409560.0,5521
2015-12-18 09:23:55,IC1512,IC1512,7689.8,0.0,0.0,0.0,1,7690.0,7692.0,1,7693.6,7661.4,7699.4,7661.4,291.0,447409560.0,5521
2015-12-18 09:23:56,IC1512,IC1512,7688.2,2.0,3075600.0,-2.0,10,7688.0,7692.0,1,7693.6,7661.4,7699.4,7661.4,293.0,450485160.0,5519
2015-12-18 09:24:02,IC1512,IC1512,7688.0,1.0,1537600.0,-1.0,9,7688.0,7692.0,1,7693.6,7661.4,7699.4,7661.4,294.0,452022760.0,5518
2015-12-18 09:24:03,IC1512,IC1512,7688.0,0.0,0.0,0.0,9,7688.0,7691.6,1,7693.6,7661.4,7699.4,7661.4,294.0,452022760.0,5518
2015-12-18 09:24:04,IC1512,IC1512,7689.0,1.0,1537800.0,-1.0,1,7689.0,7691.6,1,7693.6,7661.4,7699.4,7661.4,295.0,453560560.0,5517
2015-12-18 09:24:07,IC1512,IC1512,7689.0,1.0,1537800.0,-1.0,1,7688.6,7692.0,1,7693.6,7661.4,7699.4,7661.4,296.0,455098360.0,5516
2015-12-18 09:24:07,IC1512,IC1512,7689.0,0.0,0.0,0.0,1,7688.6,7691.4,1,7693.6,7661.4,7699.4,7661.4,296.0,455098360.0,5516
2015-12-18 09:24:08,IC1512,IC1512,7689.0,0.0,0.0,0.0,1,7688.6,7691.2,1,7693.6,7661.4,7699.4,7661.4,296.0,455098360.0,5516
2015-12-18 09:24:10,IC1512,IC1512,7691.2,1.0,1538240.0,-1.0,1,7688.6,7691.4,1,7693.6,7661.4,7699.4,7661.4,297.0,456636600.0,5515
2015-12-18 09:24:11,IC1512,IC1512,7691.2,0.0,0.0,0.0,1,7688.6,7692.0,1,7693.6,7661.4,7699.4,7661.4,297.0,456636600.0,5515
2015-12-18 09:24:13,IC1512,IC1512,7688.6,1.0,1537720.0,-1.0,9,7688.0,7692.0,1,7693.6,7661.4,7699.4,7661.4,298.0,458174320.0,5514
2015-12-18 09:24:14,IC1512,IC1512,7688.0,1.0,1537600.0,-1.0,8,7688.0,7692.0,1,7693.6,7661.4,7699.4,7661.4,299.0,459711920.0,5513
2015-12-18 09:24:15,IC1512,IC1512,7688.0,1.0,1537600.0,-1.0,8,7688.0,7692.0,1,7693.6,7661.4,7699.4,7661.4,300.0,461249520.0,5512
2015-12-18 09:24:16,IC1512,IC1512,7688.0,0.0,0.0,0.0,1,7688.4,7692.0,1,7693.6,7661.4,7699.4,7661.4,300.0,461249520.0,5512
2015-12-18 09:24:20,IC1512,IC1512,7688.0,0.0,0.0,0.0,1,7688.4,7691.8,1,7693.6,7661.4,7699.4,7661.4,300.0,461249520.0,5512
2015-12-18 09:24:21,IC1512,IC1512,7691.8,1.0,1538360.0,0.0,1,7688.4,7692.0,1,7693.6,7661.4,7699.4,7661.4,301.0,462787880.0,5512
2015-12-18 09:24:21,IC1512,IC1512,7692.0,1.0,1538400.0,0.0,1,7688.4,7693.0,2,7693.6,7661.4,7699.4,7661.4,302.0,464326280.0,5512
2015-12-18 09:24:22,IC1512,IC1512,7692.0,0.0,0.0,0.0,1,7689.0,7693.0,2,7693.6,7661.4,7699.4,7661.4,302.0,464326280.0,5512
2015-12-18 09:24:23,IC1512,IC1512,7689.0,1.0,1537800.0,-1.0,1,7690.0,7693.0,2,7693.6,7661.4,7699.4,7661.4,303.0,465864080.0,5511
2015-12-18 09:24:24,IC1512,IC1512,7689.0,0.0,0.0,0.0,1,7690.0,7693.0,3,7693.6,7661.4,7699.4,7661.4,303.0,465864080.0,5511
2015-12-18 09:24:24,IC1512,IC1512,7689.0,0.0,0.0,0.0,1,7690.0,7693.0,2,7693.6,7661.4,7699.4,7661.4,303.0,465864080.0,5511
2015-12-18 09:24:25,IC1512,IC1512,7689.0,0.0,0.0,0.0,1,7690.0,7693.0,3,7693.6,7661.4,7699.4,7661.4,303.0,465864080.0,5511
2015-12-18 09:24:25,IC1512,IC1512,7689.0,0.0,0.0,0.0,1,7690.0,7693.0,2,7693.6,7661.4,7699.4,7661.4,303.0,465864080.0,5511
2015-12-18 09:24:26,IC1512,IC1512,7689.0,0.0,0.0,0.0,1,7690.0,7692.0,1,7693.6,7661.4,7699.4,7661.4,303.0,465864080.0,5511
2015-12-18 09:24:27,IC1512,IC1512,7689.0,0.0,0.0,0.0,1,7690.0,7691.8,1,7693.6,7661.4,7699.4,7661.4,303.0,465864080.0,5511
2015-12-18 09:24:32,IC1512,IC1512,7691.8,1.0,1538360.0,-1.0,1,7690.0,7693.0,4,7693.6,7661.4,7699.4,7661.4,304.0,467402440.0,5510
2015-12-18 09:24:33,IC1512,IC1512,7691.8,0.0,0.0,0.0,1,7690.0,7692.8,1,7693.6,7661.4,7699.4,7661.4,304.0,467402440.0,5510
2015-12-18 09:24:34,IC1512,IC1512,7690.0,1.0,1538000.0,-1.0,1,7688.4,7692.8,1,7693.6,7661.4,7699.4,7661.4,305.0,468940440.0,5509
2015-12-18 09:24:34,IC1512,IC1512,7690.0,0.0,0.0,0.0,1,7688.4,7693.0,4,7693.6,7661.4,7699.4,7661.4,305.0,468940440.0,5509
2015-12-18 09:24:35,IC1512,IC1512,7690.0,0.0,0.0,0.0,2,7688.6,7693.0,4,7693.6,7661.4,7699.4,7661.4,305.0,468940440.0,5509
2015-12-18 09:24:35,IC1512,IC1512,7690.0,0.0,0.0,0.0,2,7688.6,7692.2,1,7693.6,7661.4,7699.4,7661.4,305.0,468940440.0,5509
2015-12-18 09:24:37,IC1512,IC1512,7690.0,0.0,0.0,0.0,1,7689.0,7692.2,1,7693.6,7661.4,7699.4,7661.4,305.0,468940440.0,5509
2015-12-18 09:24:39,IC1512,IC1512,7692.2,2.0,3076880.0,-2.0,1,7689.2,7693.0,4,7693.6,7661.4,7699.4,7661.4,307.0,472017320.0,5507
2015-12-18 09:24:39,IC1512,IC1512,7692.2,0.0,0.0,0.0,1,7689.2,7690.0,1,7693.6,7661.4,7699.4,7661.4,307.0,472017320.0,5507
2015-12-18 09:24:40,IC1512,IC1512,7690.0,1.0,1538000.0,-1.0,1,7689.8,7693.0,4,7693.6,7661.4,7699.4,7661.4,308.0,473555320.0,5506
2015-12-18 09:24:40,IC1512,IC1512,7690.0,0.0,0.0,0.0,1,7689.2,7693.0,13,7693.6,7661.4,7699.4,7661.4,308.0,473555320.0,5506
2015-12-18 09:24:41,IC1512,IC1512,7690.0,0.0,0.0,0.0,1,7689.2,7692.4,1,7693.6,7661.4,7699.4,7661.4,308.0,473555320.0,5506
2015-12-18 09:24:41,IC1512,IC1512,7690.0,0.0,0.0,0.0,1,7689.2,7692.0,1,7693.6,7661.4,7699.4,7661.4,308.0,473555320.0,5506
2015-12-18 09:24:42,IC1512,IC1512,7690.0,0.0,0.0,0.0,1,7690.0,7692.0,1,7693.6,7661.4,7699.4,7661.4,308.0,473555320.0,5506
2015-12-18 09:24:51,IC1512,IC1512,7692.0,1.0,1538400.0,-1.0,1,7690.0,7692.4,1,7693.6,7661.4,7699.4,7661.4,309.0,475093720.0,5505
2015-12-18 09:24:51,IC1512,IC1512,7692.0,0.0,0.0,0.0,1,7690.0,7692.6,1,7693.6,7661.4,7699.4,7661.4,309.0,475093720.0,5505
2015-12-18 09:24:52,IC1512,IC1512,7692.0,0.0,0.0,0.0,3,7692.0,7693.0,13,7693.6,7661.4,7699.4,7661.4,309.0,475093720.0,5505
2015-12-18 09:24:57,IC1512,IC1512,7692.0,1.0,1538400.0,0.0,2,7692.0,7693.0,13,7693.6,7661.4,7699.4,7661.4,310.0,476632120.0,5505
2015-12-18 09:24:59,IC1512,IC1512,7692.0,0.0,0.0,0.0,2,7692.0,7692.4,1,7693.6,7661.4,7699.4,7661.4,310.0,476632120.0,5505
2015-12-18 09:24:59,IC1512,IC1512,7692.0,0.0,0.0,0.0,2,7692.0,7693.0,13,7693.6,7661.4,7699.4,7661.4,310.0,476632120.0,5505
2015-12-18 09:25:04,IC1512,IC1512,7692.0,2.0,3076800.0,-2.0,3,7691.2,7693.0,13,7693.6,7661.4,7699.4,7661.4,312.0,479708920.0,5503
2015-12-18 09:25:05,IC1512,IC1512,7692.4,3.0,4614960.0,-3.0,1,7691.2,7692.8,1,7693.6,7661.4,7699.4,7661.4,315.0,484323880.0,5500
2015-12-18 09:25:05,IC1512,IC1512,7692.4,0.0,0.0,0.0,1,7691.2,7693.0,13,7693.6,7661.4,7699.4,7661.4,315.0,484323880.0,5500
2015-12-18 09:25:06,IC1512,IC1512,7693.0,1.0,1538600.0,-1.0,1,7691.4,7693.0,12,7693.6,7661.4,7699.4,7661.4,316.0,485862480.0,5499
2015-12-18 09:25:06,IC1512,IC1512,7693.0,1.0,1538600.0,-1.0,1,7691.4,7693.0,11,7693.6,7661.4,7699.4,7661.4,317.0,487401080.0,5498
2015-12-18 09:25:07,IC1512,IC1512,7693.0,1.0,1538600.0,0.0,1,7691.4,7693.0,10,7693.6,7661.4,7699.4,7661.4,318.0,488939680.0,5498
2015-12-18 09:25:10,IC1512,IC1512,7691.4,1.0,1538280.0,-1.0,1,7691.2,7693.0,10,7693.6,7661.4,7699.4,7661.4,319.0,490477960.0,5497
2015-12-18 09:25:12,IC1512,IC1512,7691.4,0.0,0.0,0.0,1,7691.2,7693.0,11,7693.6,7661.4,7699.4,7661.4,319.0,490477960.0,5497
2015-12-18 09:25:20,IC1512,IC1512,7691.2,1.0,1538240.0,-1.0,1,7690.0,7693.0,11,7693.6,7661.4,7699.4,7661.4,320.0,492016200.0,5496
2015-12-18 09:25:25,IC1512,IC1512,7691.2,0.0,0.0,0.0,1,7690.0,7692.6,1,7693.6,7661.4,7699.4,7661.4,320.0,492016200.0,5496
2015-12-18 09:25:26,IC1512,IC1512,7690.0,1.0,1538000.0,-1.0,1,7689.0,7692.6,1,7693.6,7661.4,7699.4,7661.4,321.0,493554200.0,5495
2015-12-18 09:25:27,IC1512,IC1512,7690.0,0.0,0.0,0.0,1,7689.0,7692.4,1,7693.6,7661.4,7699.4,7661.4,321.0,493554200.0,5495
2015-12-18 09:25:27,IC1512,IC1512,7690.0,0.0,0.0,0.0,1,7688.4,7692.4,1,7693.6,7661.4,7699.4,7661.4,321.0,493554200.0,5495
2015-12-18 09:25:30,IC1512,IC1512,7693.0,6.0,9231480.0,-5.0,1,7688.4,7693.0,6,7693.6,7661.4,7699.4,7661.4,327.0,502785680.0,5490
2015-12-18 09:25:30,IC1512,IC1512,7688.4,1.0,1537680.0,-1.0,8,7688.0,7689.2,1,7693.6,7661.4,7699.4,7661.4,328.0,504323360.0,5489
2015-12-18 09:25:31,IC1512,IC1512,7688.4,1.0,1537680.0,-1.0,1,7689.2,7692.0,1,7693.6,7661.4,7699.4,7661.4,329.0,505861040.0,5488
2015-12-18 09:25:31,IC1512,IC1512,7692.0,1.0,1538400.0,-1.0,1,7689.2,7691.6,1,7693.6,7661.4,7699.4,7661.4,330.0,507399440.0,5487
2015-12-18 09:25:34,IC1512,IC1512,7692.0,0.0,0.0,0.0,1,7689.2,7693.0,6,7693.6,7661.4,7699.4,7661.4,330.0,507399440.0,5487
2015-12-18 09:25:35,IC1512,IC1512,7689.2,1.0,1537840.0,-1.0,1,7688.2,7692.6,1,7693.6,7661.4,7699.4,7661.4,331.0,508937280.0,5486
2015-12-18 09:25:39,IC1512,IC1512,7689.2,0.0,0.0,0.0,1,7690.0,7692.6,1,7693.6,7661.4,7699.4,7661.4,331.0,508937280.0,5486
2015-12-18 09:25:43,IC1512,IC1512,7689.2,0.0,0.0,0.0,1,7690.0,7690.2,1,7693.6,7661.4,7699.4,7661.4,331.0,508937280.0,5486
2015-12-18 09:25:48,IC1512,IC1512,7689.8,1.0,1537960.0,-1.0,1,7688.2,7690.2,1,7693.6,7661.4,7699.4,7661.4,332.0,510475240.0,5485
2015-12-18 09:25:48,IC1512,IC1512,7689.8,0.0,0.0,0.0,1,7689.2,7690.2,1,7693.6,7661.4,7699.4,7661.4,332.0,510475240.0,5485
2015-12-18 09:25:49,IC1512,IC1512,7689.8,0.0,0.0,0.0,1,7689.2,7690.0,1,7693.6,7661.4,7699.4,7661.4,332.0,510475240.0,5485
2015-12-18 09:25:55,IC1512,IC1512,7689.2,1.0,1537840.0,-1.0,1,7688.2,7690.0,1,7693.6,7661.4,7699.4,7661.4,333.0,512013080.0,5484
2015-12-18 09:25:55,IC1512,IC1512,7689.2,0.0,0.0,0.0,1,7688.2,7689.2,1,7693.6,7661.4,7699.4,7661.4,333.0,512013080.0,5484
2015-12-18 09:25:56,IC1512,IC1512,7689.2,1.0,1537840.0,-1.0,1,7688.2,7690.0,1,7693.6,7661.4,7699.4,7661.4,334.0,513550920.0,5483
2015-12-18 09:25:56,IC1512,IC1512,7689.2,0.0,0.0,0.0,1,7688.4,7690.0,1,7693.6,7661.4,7699.4,7661.4,334.0,513550920.0,5483
2015-12-18 09:25:58,IC1512,IC1512,7688.4,1.0,1537680.0,-1.0,1,7688.2,7690.0,1,7693.6,7661.4,7699.4,7661.4,335.0,515088600.0,5482
2015-12-18 09:25:58,IC1512,IC1512,7688.4,0.0,0.0,0.0,1,7688.2,7688.4,1,7693.6,7661.4,7699.4,7661.4,335.0,515088600.0,5482
2015-12-18 09:26:03,IC1512,IC1512,7688.4,1.0,1537680.0,-1.0,1,7688.2,7690.0,1,7693.6,7661.4,7699.4,7661.4,336.0,516626280.0,5481
2015-12-18 09:26:09,IC1512,IC1512,7688.2,2.0,3075280.0,-2.0,8,7688.0,7688.2,1,7693.6,7661.4,7699.4,7661.4,338.0,519701560.0,5479
2015-12-18 09:26:11,IC1512,IC1512,7688.0,1.0,1537600.0,-1.0,7,7688.0,7688.2,1,7693.6,7661.4,7699.4,7661.4,339.0,521239160.0,5478
2015-12-18 09:26:12,IC1512,IC1512,7688.0,1.0,1537600.0,-1.0,6,7688.0,7688.2,1,7693.6,7661.4,7699.4,7661.4,340.0,522776760.0,5477
2015-12-18 09:26:14,IC1512,IC1512,7688.2,1.0,1537640.0,-1.0,6,7688.0,7693.0,5,7693.6,7661.4,7699.4,7661.4,341.0,524314400.0,5476
2015-12-18 09:26:15,IC1512,IC1512,7688.2,0.0,0.0,0.0,6,7688.0,7691.8,1,7693.6,7661.4,7699.4,7661.4,341.0,524314400.0,5476
2015-12-18 09:26:16,IC1512,IC1512,7688.2,0.0,0.0,0.0,6,7688.0,7691.2,1,7693.6,7661.4,7699.4,7661.4,341.0,524314400.0,5476
2015-12-18 09:26:16,IC1512,IC1512,7691.2,1.0,1538240.0,-1.0,1,7688.8,7693.0,5,7693.6,7661.4,7699.4,7661.4,342.0,525852640.0,5475
2015-12-18 09:26:17,IC1512,IC1512,7691.2,0.0,0.0,0.0,1,7688.8,7691.8,1,7693.6,7661.4,7699.4,7661.4,342.0,525852640.0,5475
2015-12-18 09:26:20,IC1512,IC1512,7691.2,0.0,0.0,0.0,1,7688.8,7693.0,5,7693.6,7661.4,7699.4,7661.4,342.0,525852640.0,5475
2015-12-18 09:26:21,IC1512,IC1512,7691.2,0.0,0.0,0.0,1,7688.8,7692.8,1,7693.6,7661.4,7699.4,7661.4,342.0,525852640.0,5475
2015-12-18 09:26:21,IC1512,IC1512,7691.2,0.0,0.0,0.0,1,7688.8,7691.2,1,7693.6,7661.4,7699.4,7661.4,342.0,525852640.0,5475
2015-12-18 09:26:31,IC1512,IC1512,7688.8,1.0,1537760.0,-1.0,6,7688.0,7691.2,1,7693.6,7661.4,7699.4,7661.4,343.0,527390400.0,5474
2015-12-18 09:26:32,IC1512,IC1512,7691.2,1.0,1538240.0,-1.0,6,7688.0,7693.0,5,7693.6,7661.4,7699.4,7661.4,344.0,528928640.0,5473
2015-12-18 09:26:32,IC1512,IC1512,7691.2,0.0,0.0,0.0,6,7688.0,7691.8,1,7693.6,7661.4,7699.4,7661.4,344.0,528928640.0,5473
2015-12-18 09:26:33,IC1512,IC1512,7691.2,0.0,0.0,0.0,6,7688.0,7693.0,5,7693.6,7661.4,7699.4,7661.4,344.0,528928640.0,5473
2015-12-18 09:26:34,IC1512,IC1512,7688.0,1.0,1537600.0,0.0,5,7688.0,7693.0,5,7693.6,7661.4,7699.4,7661.4,345.0,530466240.0,5473
2015-12-18 09:26:35,IC1512,IC1512,7688.0,0.0,0.0,0.0,5,7688.0,7691.4,1,7693.6,7661.4,7699.4,7661.4,345.0,530466240.0,5473
2015-12-18 09:26:37,IC1512,IC1512,7688.0,0.0,0.0,0.0,1,7691.0,7691.4,1,7693.6,7661.4,7699.4,7661.4,345.0,530466240.0,5473
2015-12-18 09:26:38,IC1512,IC1512,7688.0,0.0,0.0,0.0,6,7691.2,7691.4,1,7693.6,7661.4,7699.4,7661.4,345.0,530466240.0,5473
2015-12-18 09:26:39,IC1512,IC1512,7691.4,1.0,1538280.0,-1.0,6,7691.2,7693.0,5,7693.6,7661.4,7699.4,7661.4,346.0,532004520.0,5472
2015-12-18 09:26:40,IC1512,IC1512,7691.4,0.0,0.0,0.0,6,7691.2,7692.8,1,7693.6,7661.4,7699.4,7661.4,346.0,532004520.0,5472
2015-12-18 09:26:40,IC1512,IC1512,7691.4,0.0,0.0,0.0,6,7691.2,7693.0,5,7693.6,7661.4,7699.4,7661.4,346.0,532004520.0,5472
2015-12-18 09:26:42,IC1512,IC1512,7691.2,1.0,1538240.0,0.0,5,7691.2,7693.0,5,7693.6,7661.4,7699.4,7661.4,347.0,533542760.0,5472
2015-12-18 09:26:46,IC1512,IC1512,7693.0,1.0,1538600.0,-1.0,5,7691.2,7693.0,4,7693.6,7661.4,7699.4,7661.4,348.0,535081360.0,5471
2015-12-18 09:26:48,IC1512,IC1512,7691.4,1.0,1538280.0,-1.0,5,7691.2,7693.0,4,7693.6,7661.4,7699.4,7661.4,349.0,536619640.0,5470
2015-12-18 09:26:58,IC1512,IC1512,7693.0,1.0,1538600.0,-1.0,1,7691.4,7693.0,3,7693.6,7661.4,7699.4,7661.4,350.0,538158240.0,5469
2015-12-18 09:26:59,IC1512,IC1512,7693.0,1.0,1538600.0,-1.0,5,7691.2,7693.0,2,7693.6,7661.4,7699.4,7661.4,351.0,539696840.0,5468
2015-12-18 09:27:05,IC1512,IC1512,7693.0,0.0,0.0,0.0,1,7691.4,7693.0,2,7693.6,7661.4,7699.4,7661.4,351.0,539696840.0,5468
2015-12-18 09:27:05,IC1512,IC1512,7693.0,0.0,0.0,0.0,1,7691.4,7692.8,1,7693.6,7661.4,7699.4,7661.4,351.0,539696840.0,5468
2015-12-18 09:27:20,IC1512,IC1512,7693.0,0.0,0.0,0.0,1,7691.6,7692.8,1,7693.6,7661.4,7699.4,7661.4,351.0,539696840.0,5468
2015-12-18 09:27:23,IC1512,IC1512,7693.0,0.0,0.0,0.0,3,7691.6,7692.8,1,7693.6,7661.4,7699.4,7661.4,351.0,539696840.0,5468
2015-12-18 09:27:25,IC1512,IC1512,7693.0,0.0,0.0,0.0,1,7691.8,7692.8,1,7693.6,7661.4,7699.4,7661.4,351.0,539696840.0,5468
2015-12-18 09:27:26,IC1512,IC1512,7693.0,0.0,0.0,0.0,1,7691.8,7692.8,2,7693.6,7661.4,7699.4,7661.4,351.0,539696840.0,5468
2015-12-18 09:27:30,IC1512,IC1512,7692.8,1.0,1538560.0,-1.0,1,7691.8,7692.8,1,7693.6,7661.4,7699.4,7661.4,352.0,541235400.0,5467
2015-12-18 09:27:34,IC1512,IC1512,7692.8,1.0,1538560.0,-1.0,1,7691.8,7693.0,4,7693.6,7661.4,7699.4,7661.4,353.0,542773960.0,5466
2015-12-18 09:27:37,IC1512,IC1512,7692.8,0.0,0.0,0.0,1,7691.8,7692.4,1,7693.6,7661.4,7699.4,7661.4,353.0,542773960.0,5466
2015-12-18 09:27:40,IC1512,IC1512,7692.8,0.0,0.0,0.0,1,7692.0,7692.4,1,7693.6,7661.4,7699.4,7661.4,353.0,542773960.0,5466
2015-12-18 09:27:42,IC1512,IC1512,7692.0,1.0,1538400.0,-1.0,1,7691.8,7692.4,1,7693.6,7661.4,7699.4,7661.4,354.0,544312360.0,5465
2015-12-18 09:27:44,IC1512,IC1512,7692.0,0.0,0.0,0.0,1,7691.8,7693.0,4,7693.6,7661.4,7699.4,7661.4,354.0,544312360.0,5465
2015-12-18 09:27:45,IC1512,IC1512,7691.6,2.0,3076680.0,-2.0,1,7691.6,7693.0,4,7693.6,7661.4,7699.4,7661.4,356.0,547389040.0,5463
2015-12-18 09:27:47,IC1512,IC1512,7691.6,1.0,1538320.0,-1.0,5,7691.2,7693.0,4,7693.6,7661.4,7699.4,7661.4,357.0,548927360.0,5462
2015-12-18 09:27:50,IC1512,IC1512,7693.0,1.0,1538600.0,-1.0,5,7691.2,7693.0,3,7693.6,7661.4,7699.4,7661.4,358.0,550465960.0,5461
2015-12-18 09:27:50,IC1512,IC1512,7693.0,2.0,3076840.0,-2.0,4,7691.2,7693.0,2,7693.6,7661.4,7699.4,7661.4,360.0,553542800.0,5459
2015-12-18 09:27:51,IC1512,IC1512,7693.0,2.0,3077200.0,-2.0,4,7691.2,7694.0,4,7693.6,7661.4,7699.4,7661.4,362.0,556620000.0,5457
2015-12-18 09:27:53,IC1512,IC1512,7691.2,1.0,1538240.0,-1.0,3,7691.2,7692.2,1,7693.6,7661.4,7699.4,7661.4,363.0,558158240.0,5456
2015-12-18 09:27:54,IC1512,IC1512,7691.2,1.0,1538240.0,-1.0,2,7691.2,7694.0,4,7693.6,7661.4,7699.4,7661.4,364.0,559696480.0,5455
2015-12-18 09:27:56,IC1512,IC1512,7691.2,0.0,0.0,0.0,1,7691.4,7694.0,4,7693.6,7661.4,7699.4,7661.4,364.0,559696480.0,5455
2015-12-18 09:27:56,IC1512,IC1512,7691.2,0.0,0.0,0.0,2,7691.4,7694.0,4,7693.6,7661.4,7699.4,7661.4,364.0,559696480.0,5455
2015-12-18 09:27:58,IC1512,IC1512,7691.4,1.0,1538280.0,-1.0,1,7691.4,7694.0,4,7693.6,7661.4,7699.4,7661.4,365.0,561234760.0,5454
2015-12-18 09:28:00,IC1512,IC1512,7691.4,0.0,0.0,0.0,1,7691.8,7694.0,4,7693.6,7661.4,7699.4,7661.4,365.0,561234760.0,5454
2015-12-18 09:28:02,IC1512,IC1512,7691.4,0.0,0.0,0.0,1,7692.0,7694.0,4,7693.6,7661.4,7699.4,7661.4,365.0,561234760.0,5454
2015-12-18 09:28:02,IC1512,IC1512,7692.0,1.0,1538400.0,-1.0,1,7691.8,7694.0,4,7693.6,7661.4,7699.4,7661.4,366.0,562773160.0,5453
2015-12-18 09:28:03,IC1512,IC1512,7692.0,0.0,0.0,0.0,1,7692.2,7694.0,4,7693.6,7661.4,7699.4,7661.4,366.0,562773160.0,5453
2015-12-18 09:28:03,IC1512,IC1512,7692.0,0.0,0.0,0.0,1,7692.2,7693.8,1,7693.6,7661.4,7699.4,7661.4,366.0,562773160.0,5453
2015-12-18 09:28:07,IC1512,IC1512,7692.2,1.0,1538440.0,-1.0,1,7691.8,7693.8,1,7693.6,7661.4,7699.4,7661.4,367.0,564311600.0,5452
2015-12-18 09:28:09,IC1512,IC1512,7691.8,1.0,1538360.0,-1.0,2,7691.2,7693.0,1,7693.6,7661.4,7699.4,7661.4,368.0,565849960.0,5451
2015-12-18 09:28:10,IC1512,IC1512,7691.2,1.0,1538240.0,-1.0,1,7691.2,7693.0,1,7693.6,7661.4,7699.4,7661.4,369.0,567388200.0,5450
2015-12-18 09:28:14,IC1512,IC1512,7691.2,1.0,1538240.0,-1.0,1,7690.0,7693.0,1,7693.6,7661.4,7699.4,7661.4,370.0,568926440.0,5449
2015-12-18 09:28:16,IC1512,IC1512,7693.0,1.0,1538600.0,-1.0,1,7690.0,7693.0,1,7693.6,7661.4,7699.4,7661.4,371.0,570465040.0,5448
2015-12-18 09:28:16,IC1512,IC1512,7693.0,0.0,0.0,0.0,1,7690.0,7693.8,1,7693.6,7661.4,7699.4,7661.4,371.0,570465040.0,5448
2015-12-18 09:28:19,IC1512,IC1512,7693.0,0.0,0.0,0.0,1,7690.2,7693.8,1,7693.6,7661.4,7699.4,7661.4,371.0,570465040.0,5448
2015-12-18 09:28:21,IC1512,IC1512,7693.8,1.0,1538760.0,-1.0,2,7690.2,7693.8,1,7693.6,7661.4,7699.4,7661.4,372.0,572003800.0,5447
2015-12-18 09:28:22,IC1512,IC1512,7693.8,0.0,0.0,0.0,2,7690.2,7693.0,1,7693.6,7661.4,7699.4,7661.4,372.0,572003800.0,5447
2015-12-18 09:28:22,IC1512,IC1512,7693.8,0.0,0.0,0.0,2,7690.2,7693.0,2,7693.6,7661.4,7699.4,7661.4,372.0,572003800.0,5447
2015-12-18 09:28:25,IC1512,IC1512,7693.8,0.0,0.0,0.0,1,7690.4,7693.0,2,7693.6,7661.4,7699.4,7661.4,372.0,572003800.0,5447
2015-12-18 09:28:25,IC1512,IC1512,7693.8,0.0,0.0,0.0,3,7690.4,7693.0,3,7693.6,7661.4,7699.4,7661.4,372.0,572003800.0,5447
2015-12-18 09:28:27,IC1512,IC1512,7693.8,0.0,0.0,0.0,3,7690.4,7693.0,4,7693.6,7661.4,7699.4,7661.4,372.0,572003800.0,5447
2015-12-18 09:28:28,IC1512,IC1512,7693.8,0.0,0.0,0.0,2,7690.4,7693.0,3,7693.6,7661.4,7699.4,7661.4,372.0,572003800.0,5447
2015-12-18 09:28:30,IC1512,IC1512,7693.2,1.0,1538640.0,-1.0,2,7690.4,7693.0,2,7693.6,7661.4,7699.4,7661.4,373.0,573542440.0,5446
2015-12-18 09:28:31,IC1512,IC1512,7693.2,0.0,0.0,0.0,2,7690.4,7693.0,3,7693.6,7661.4,7699.4,7661.4,373.0,573542440.0,5446
2015-12-18 09:28:31,IC1512,IC1512,7693.2,0.0,0.0,0.0,1,7690.6,7693.0,3,7693.6,7661.4,7699.4,7661.4,373.0,573542440.0,5446
2015-12-18 09:28:32,IC1512,IC1512,7693.2,0.0,0.0,0.0,2,7690.6,7693.0,3,7693.6,7661.4,7699.4,7661.4,373.0,573542440.0,5446
2015-12-18 09:28:43,IC1512,IC1512,7693.2,0.0,0.0,0.0,1,7690.6,7693.0,3,7693.6,7661.4,7699.4,7661.4,373.0,573542440.0,5446
2015-12-18 09:28:43,IC1512,IC1512,7693.2,0.0,0.0,0.0,2,7690.6,7693.0,4,7693.6,7661.4,7699.4,7661.4,373.0,573542440.0,5446
2015-12-18 09:28:46,IC1512,IC1512,7693.2,0.0,0.0,0.0,1,7690.8,7693.0,4,7693.6,7661.4,7699.4,7661.4,373.0,573542440.0,5446
2015-12-18 09:28:47,IC1512,IC1512,7693.2,0.0,0.0,0.0,3,7690.8,7693.0,4,7693.6,7661.4,7699.4,7661.4,373.0,573542440.0,5446
2015-12-18 09:28:51,IC1512,IC1512,7693.0,1.0,1538600.0,-1.0,3,7690.8,7693.0,3,7693.6,7661.4,7699.4,7661.4,374.0,575081040.0,5445
2015-12-18 09:28:52,IC1512,IC1512,7693.0,0.0,0.0,0.0,2,7690.8,7693.0,2,7693.6,7661.4,7699.4,7661.4,374.0,575081040.0,5445
2015-12-18 09:28:56,IC1512,IC1512,7693.0,0.0,0.0,0.0,1,7691.2,7693.0,2,7693.6,7661.4,7699.4,7661.4,374.0,575081040.0,5445
2015-12-18 09:28:57,IC1512,IC1512,7693.0,0.0,0.0,0.0,3,7691.2,7693.0,3,7693.6,7661.4,7699.4,7661.4,374.0,575081040.0,5445
2015-12-18 09:28:58,IC1512,IC1512,7693.0,0.0,0.0,0.0,1,7691.4,7693.0,3,7693.6,7661.4,7699.4,7661.4,374.0,575081040.0,5445
2015-12-18 09:28:58,IC1512,IC1512,7693.0,0.0,0.0,0.0,3,7691.4,7693.0,3,7693.6,7661.4,7699.4,7661.4,374.0,575081040.0,5445
2015-12-18 09:29:02,IC1512,IC1512,7691.4,1.0,1538280.0,0.0,2,7691.4,7693.0,3,7693.6,7661.4,7699.4,7661.4,375.0,576619320.0,5445
2015-12-18 09:29:04,IC1512,IC1512,7691.4,0.0,0.0,0.0,1,7691.4,7693.0,2,7693.6,7661.4,7699.4,7661.4,375.0,576619320.0,5445
2015-12-18 09:29:07,IC1512,IC1512,7691.4,0.0,0.0,0.0,1,7691.2,7693.0,1,7693.6,7661.4,7699.4,7661.4,375.0,576619320.0,5445
2015-12-18 09:29:09,IC1512,IC1512,7693.0,1.0,1538600.0,-1.0,1,7691.2,7694.0,5,7693.6,7661.4,7699.4,7661.4,376.0,578157920.0,5444
2015-12-18 09:29:10,IC1512,IC1512,7693.0,0.0,0.0,0.0,1,7691.4,7693.8,1,7693.6,7661.4,7699.4,7661.4,376.0,578157920.0,5444
2015-12-18 09:29:10,IC1512,IC1512,7693.0,0.0,0.0,0.0,1,7691.4,7694.0,5,7693.6,7661.4,7699.4,7661.4,376.0,578157920.0,5444
2015-12-18 09:29:11,IC1512,IC1512,7693.0,0.0,0.0,0.0,1,7691.4,7692.6,1,7693.6,7661.4,7699.4,7661.4,376.0,578157920.0,5444
2015-12-18 09:29:20,IC1512,IC1512,7692.6,1.0,1538520.0,-1.0,1,7691.4,7694.0,5,7693.6,7661.4,7699.4,7661.4,377.0,579696440.0,5443
2015-12-18 09:29:22,IC1512,IC1512,7694.0,3.0,4616400.0,-3.0,1,7691.4,7694.0,2,7693.6,7661.4,7699.4,7661.4,380.0,584312840.0,5440
2015-12-18 09:29:25,IC1512,IC1512,7694.0,0.0,0.0,0.0,1,7692.2,7694.0,2,7693.6,7661.4,7699.4,7661.4,380.0,584312840.0,5440
2015-12-18 09:29:30,IC1512,IC1512,7694.0,0.0,0.0,0.0,1,7692.4,7694.0,2,7693.6,7661.4,7699.4,7661.4,380.0,584312840.0,5440
2015-12-18 09:29:42,IC1512,IC1512,7694.0,0.0,0.0,0.0,1,7691.2,7694.0,2,7693.6,7661.4,7699.4,7661.4,380.0,584312840.0,5440
2015-12-18 09:29:45,IC1512,IC1512,7694.0,0.0,0.0,0.0,1,7691.2,7692.4,1,7693.6,7661.4,7699.4,7661.4,380.0,584312840.0,5440
2015-12-18 09:29:46,IC1512,IC1512,7693.4,1.0,1538680.0,-1.0,1,7691.2,7694.0,2,7693.6,7661.4,7699.4,7661.4,381.0,585851520.0,5439
2015-12-18 09:29:46,IC1512,IC1512,7694.0,1.0,1538800.0,-1.0,1,7691.2,7694.0,1,7693.6,7661.4,7699.4,7661.4,382.0,587390320.0,5438
2015-12-18 09:29:48,IC1512,IC1512,7694.0,0.0,0.0,0.0,1,7692.4,7694.0,1,7693.6,7661.4,7699.4,7661.4,382.0,587390320.0,5438
2015-12-18 09:29:49,IC1512,IC1512,7694.0,1.0,1538800.0,-1.0,1,7691.2,7696.2,1,7693.6,7661.4,7699.4,7661.4,383.0,588929120.0,5437
2015-12-18 09:29:49,IC1512,IC1512,7694.0,0.0,0.0,0.0,1,7691.2,7695.6,1,7693.6,7661.4,7699.4,7661.4,383.0,588929120.0,5437
2015-12-18 09:29:50,IC1512,IC1512,7694.0,0.0,0.0,0.0,1,7691.2,7695.4,1,7693.6,7661.4,7699.4,7661.4,383.0,588929120.0,5437
2015-12-18 09:29:51,IC1512,IC1512,7694.0,0.0,0.0,0.0,1,7691.2,7694.2,1,7693.6,7661.4,7699.4,7661.4,383.0,588929120.0,5437
2015-12-18 09:29:52,IC1512,IC1512,7694.0,0.0,0.0,0.0,1,7692.0,7694.2,1,7693.6,7661.4,7699.4,7661.4,383.0,588929120.0,5437
2015-12-18 09:29:56,IC1512,IC1512,7694.2,1.0,1538840.0,-1.0,1,7692.0,7696.2,1,7693.6,7661.4,7699.4,7661.4,384.0,590467960.0,5436
2015-12-18 09:29:56,IC1512,IC1512,7694.2,0.0,0.0,0.0,1,7692.0,7696.0,1,7693.6,7661.4,7699.4,7661.4,384.0,590467960.0,5436
2015-12-18 09:30:01,IC1512,IC1512,7694.2,0.0,0.0,0.0,1,7692.4,7696.0,1,7693.6,7661.4,7699.4,7661.4,384.0,590467960.0,5436
2015-12-18 09:30:02,IC1512,IC1512,7694.2,0.0,0.0,0.0,1,7692.4,7696.0,3,7693.6,7661.4,7699.4,7661.4,384.0,590467960.0,5436
2015-12-18 09:30:04,IC1512,IC1512,7694.2,0.0,0.0,0.0,1,7692.4,7696.0,2,7693.6,7661.4,7699.4,7661.4,384.0,590467960.0,5436
2015-12-18 09:30:04,IC1512,IC1512,7692.4,1.0,1538480.0,-1.0,1,7692.0,7692.2,4,7693.6,7661.4,7699.4,7661.4,385.0,592006440.0,5435
2015-12-18 09:30:05,IC1512,IC1512,7692.4,0.0,0.0,0.0,2,7692.0,7692.2,4,7693.6,7661.4,7699.4,7661.4,385.0,592006440.0,5435
2015-12-18 09:30:07,IC1512,IC1512,7692.4,0.0,0.0,0.0,2,7692.0,7696.0,2,7693.6,7661.4,7699.4,7661.4,385.0,592006440.0,5435
2015-12-18 09:30:08,IC1512,IC1512,7692.0,2.0,3076800.0,-2.0,1,7691.2,7691.6,2,7693.6,7661.4,7699.4,7661.4,387.0,595083240.0,5433
2015-12-18 09:30:12,IC1512,IC1512,7691.2,1.0,1538240.0,-1.0,2,7690.0,7690.6,1,7693.6,7661.4,7699.4,7661.4,388.0,596621480.0,5432
2015-12-18 09:30:16,IC1512,IC1512,7690.0,1.0,1538000.0,-1.0,1,7690.0,7691.0,1,7693.6,7661.4,7699.4,7661.4,389.0,598159480.0,5431
2015-12-18 09:30:19,IC1512,IC1512,7691.0,1.0,1538200.0,-1.0,1,7690.0,7696.0,3,7693.6,7661.4,7699.4,7661.4,390.0,599697680.0,5430
2015-12-18 09:30:20,IC1512,IC1512,7691.0,0.0,0.0,0.0,1,7690.0,7695.8,1,7693.6,7661.4,7699.4,7661.4,390.0,599697680.0,5430
2015-12-18 09:30:22,IC1512,IC1512,7691.0,0.0,0.0,0.0,2,7690.0,7695.8,1,7693.6,7661.4,7699.4,7661.4,390.0,599697680.0,5430
2015-12-18 09:30:24,IC1512,IC1512,7691.0,0.0,0.0,0.0,2,7690.0,7694.6,1,7693.6,7661.4,7699.4,7661.4,390.0,599697680.0,5430
2015-12-18 09:30:25,IC1512,IC1512,7691.0,0.0,0.0,0.0,1,7690.2,7694.6,1,7693.6,7661.4,7699.4,7661.4,390.0,599697680.0,5430
2015-12-18 09:30:28,IC1512,IC1512,7691.0,0.0,0.0,0.0,2,7690.0,7694.6,1,7693.6,7661.4,7699.4,7661.4,390.0,599697680.0,5430
2015-12-18 09:30:28,IC1512,IC1512,7691.0,0.0,0.0,0.0,1,7690.4,7694.6,1,7693.6,7661.4,7699.4,7661.4,390.0,599697680.0,5430
2015-12-18 09:30:29,IC1512,IC1512,7691.0,0.0,0.0,0.0,2,7690.6,7694.6,1,7693.6,7661.4,7699.4,7661.4,390.0,599697680.0,5430
2015-12-18 09:30:30,IC1512,IC1512,7691.0,0.0,0.0,0.0,1,7690.4,7694.6,1,7693.6,7661.4,7699.4,7661.4,390.0,599697680.0,5430
2015-12-18 09:30:32,IC1512,IC1512,7690.4,1.0,1538080.0,-1.0,2,7690.0,7690.4,1,7693.6,7661.4,7699.4,7661.4,391.0,601235760.0,5429
2015-12-18 09:30:34,IC1512,IC1512,7690.0,1.0,1538000.0,-1.0,1,7690.0,7694.0,3,7693.6,7661.4,7699.4,7661.4,392.0,602773760.0,5428
2015-12-18 09:30:36,IC1512,IC1512,7690.0,0.0,0.0,0.0,1,7690.0,7693.8,1,7693.6,7661.4,7699.4,7661.4,392.0,602773760.0,5428
2015-12-18 09:30:37,IC1512,IC1512,7690.0,0.0,0.0,0.0,1,7690.0,7693.8,2,7693.6,7661.4,7699.4,7661.4,392.0,602773760.0,5428
2015-12-18 09:30:39,IC1512,IC1512,7690.0,0.0,0.0,0.0,1,7690.0,7692.6,1,7693.6,7661.4,7699.4,7661.4,392.0,602773760.0,5428
2015-12-18 09:30:41,IC1512,IC1512,7692.6,1.0,1538520.0,-1.0,1,7690.0,7693.8,2,7693.6,7661.4,7699.4,7661.4,393.0,604312280.0,5427
2015-12-18 09:30:42,IC1512,IC1512,7693.8,1.0,1538760.0,-1.0,1,7690.0,7693.8,1,7693.6,7661.4,7699.4,7661.4,394.0,605851040.0,5426
2015-12-18 09:30:43,IC1512,IC1512,7693.8,0.0,0.0,0.0,1,7690.0,7693.8,2,7693.6,7661.4,7699.4,7661.4,394.0,605851040.0,5426
2015-12-18 09:30:43,IC1512,IC1512,7693.8,0.0,0.0,0.0,2,7690.0,7693.8,2,7693.6,7661.4,7699.4,7661.4,394.0,605851040.0,5426
2015-12-18 09:30:44,IC1512,IC1512,7693.8,0.0,0.0,0.0,1,7690.2,7693.8,2,7693.6,7661.4,7699.4,7661.4,394.0,605851040.0,5426
2015-12-18 09:30:46,IC1512,IC1512,7693.8,0.0,0.0,0.0,2,7690.0,7693.8,2,7693.6,7661.4,7699.4,7661.4,394.0,605851040.0,5426
2015-12-18 09:30:47,IC1512,IC1512,7693.8,0.0,0.0,0.0,2,7690.2,7693.6,1,7693.6,7661.4,7699.4,7661.4,394.0,605851040.0,5426
2015-12-18 09:30:51,IC1512,IC1512,7693.8,1.0,1538760.0,-1.0,5,7690.2,7693.8,1,7693.6,7661.4,7699.4,7661.4,395.0,607389800.0,5425
2015-12-18 09:30:52,IC1512,IC1512,7693.8,0.0,0.0,0.0,1,7690.4,7693.8,1,7693.6,7661.4,7699.4,7661.4,395.0,607389800.0,5425
2015-12-18 09:30:52,IC1512,IC1512,7693.8,0.0,0.0,0.0,1,7691.2,7693.8,1,7693.6,7661.4,7699.4,7661.4,395.0,607389800.0,5425
2015-12-18 09:30:53,IC1512,IC1512,7693.8,0.0,0.0,0.0,1,7692.2,7693.8,1,7693.6,7661.4,7699.4,7661.4,395.0,607389800.0,5425
2015-12-18 09:30:54,IC1512,IC1512,7692.2,1.0,1538440.0,-1.0,2,7690.4,7692.0,1,7693.6,7661.4,7699.4,7661.4,396.0,608928240.0,5424
2015-12-18 09:30:55,IC1512,IC1512,7692.2,1.0,1538440.0,-1.0,2,7690.4,7693.8,1,7693.6,7661.4,7699.4,7661.4,397.0,610466680.0,5423
2015-12-18 09:30:57,IC1512,IC1512,7692.2,0.0,0.0,0.0,1,7690.6,7693.8,1,7693.6,7661.4,7699.4,7661.4,397.0,610466680.0,5423
2015-12-18 09:31:00,IC1512,IC1512,7692.2,0.0,0.0,0.0,1,7690.8,7693.8,1,7693.6,7661.4,7699.4,7661.4,397.0,610466680.0,5423
2015-12-18 09:31:02,IC1512,IC1512,7692.2,0.0,0.0,0.0,1,7690.8,7693.8,3,7693.6,7661.4,7699.4,7661.4,397.0,610466680.0,5423
2015-12-18 09:31:03,IC1512,IC1512,7692.2,0.0,0.0,0.0,1,7691.4,7693.8,3,7693.6,7661.4,7699.4,7661.4,397.0,610466680.0,5423
2015-12-18 09:31:05,IC1512,IC1512,7691.4,1.0,1538280.0,-1.0,1,7690.8,7693.8,3,7693.6,7661.4,7699.4,7661.4,398.0,612004960.0,5422
2015-12-18 09:31:06,IC1512,IC1512,7691.4,0.0,0.0,0.0,2,7691.6,7693.8,3,7693.6,7661.4,7699.4,7661.4,398.0,612004960.0,5422
2015-12-18 09:31:08,IC1512,IC1512,7693.8,2.0,3077520.0,-2.0,2,7691.6,7693.8,1,7693.6,7661.4,7699.4,7661.4,400.0,615082480.0,5420
2015-12-18 09:31:12,IC1512,IC1512,7691.6,1.0,1538320.0,-1.0,1,7691.6,7693.8,1,7693.6,7661.4,7699.4,7661.4,401.0,616620800.0,5419
2015-12-18 09:31:18,IC1512,IC1512,7691.6,0.0,0.0,0.0,1,7691.8,7693.8,1,7693.6,7661.4,7699.4,7661.4,401.0,616620800.0,5419
2015-12-18 09:31:22,IC1512,IC1512,7691.6,0.0,0.0,0.0,1,7692.0,7693.8,1,7693.6,7661.4,7699.4,7661.4,401.0,616620800.0,5419
2015-12-18 09:31:22,IC1512,IC1512,7693.8,1.0,1538760.0,-1.0,1,7692.0,7694.0,2,7693.6,7661.4,7699.4,7661.4,402.0,618159560.0,5418
2015-12-18 09:31:24,IC1512,IC1512,7694.0,2.0,3077600.0,-2.0,1,7692.2,7695.8,1,7693.6,7661.4,7699.4,7661.4,404.0,621237160.0,5416
2015-12-18 09:31:26,IC1512,IC1512,7694.0,0.0,0.0,0.0,1,7693.0,7695.8,1,7693.6,7661.4,7699.4,7661.4,404.0,621237160.0,5416
2015-12-18 09:31:26,IC1512,IC1512,7693.0,1.0,1538600.0,-1.0,1,7692.2,7695.8,1,7693.6,7661.4,7699.4,7661.4,405.0,622775760.0,5415
2015-12-18 09:31:32,IC1512,IC1512,7693.0,0.0,0.0,0.0,1,7692.4,7695.8,1,7693.6,7661.4,7699.4,7661.4,405.0,622775760.0,5415
2015-12-18 09:31:34,IC1512,IC1512,7693.0,0.0,0.0,0.0,1,7692.8,7695.8,1,7693.6,7661.4,7699.4,7661.4,405.0,622775760.0,5415
2015-12-18 09:31:38,IC1512,IC1512,7693.0,0.0,0.0,0.0,1,7693.0,7695.8,1,7693.6,7661.4,7699.4,7661.4,405.0,622775760.0,5415
2015-12-18 09:31:40,IC1512,IC1512,7693.0,0.0,0.0,0.0,1,7692.8,7695.8,1,7693.6,7661.4,7699.4,7661.4,405.0,622775760.0,5415
2015-12-18 09:31:41,IC1512,IC1512,7692.8,1.0,1538560.0,-1.0,1,7692.4,7695.8,1,7693.6,7661.4,7699.4,7661.4,406.0,624314320.0,5414
2015-12-18 09:31:42,IC1512,IC1512,7692.8,0.0,0.0,0.0,1,7692.6,7695.8,1,7693.6,7661.4,7699.4,7661.4,406.0,624314320.0,5414
2015-12-18 09:31:46,IC1512,IC1512,7692.8,0.0,0.0,0.0,1,7692.4,7695.8,1,7693.6,7661.4,7699.4,7661.4,406.0,624314320.0,5414
2015-12-18 09:31:46,IC1512,IC1512,7691.6,2.0,3076800.0,0.0,3,7691.6,7695.8,1,7693.6,7661.4,7699.4,7661.4,408.0,627391120.0,5414
2015-12-18 09:31:48,IC1512,IC1512,7695.8,1.0,1539160.0,-1.0,1,7691.8,7696.2,1,7693.6,7661.4,7699.4,7661.4,409.0,628930280.0,5413
2015-12-18 09:31:48,IC1512,IC1512,7695.8,0.0,0.0,0.0,1,7691.8,7695.2,1,7693.6,7661.4,7699.4,7661.4,409.0,628930280.0,5413
2015-12-18 09:31:49,IC1512,IC1512,7695.8,0.0,0.0,0.0,2,7692.8,7695.2,1,7693.6,7661.4,7699.4,7661.4,409.0,628930280.0,5413
2015-12-18 09:31:51,IC1512,IC1512,7695.8,0.0,0.0,0.0,2,7692.8,7695.2,2,7693.6,7661.4,7699.4,7661.4,409.0,628930280.0,5413
2015-12-18 09:31:54,IC1512,IC1512,7695.8,0.0,0.0,0.0,1,7692.8,7695.2,2,7693.6,7661.4,7699.4,7661.4,409.0,628930280.0,5413
2015-12-18 09:31:55,IC1512,IC1512,7695.8,0.0,0.0,0.0,1,7693.0,7695.2,2,7693.6,7661.4,7699.4,7661.4,409.0,628930280.0,5413
2015-12-18 09:31:57,IC1512,IC1512,7695.8,0.0,0.0,0.0,2,7693.0,7695.2,2,7693.6,7661.4,7699.4,7661.4,409.0,628930280.0,5413
2015-12-18 09:31:58,IC1512,IC1512,7693.0,2.0,3077200.0,-2.0,1,7692.8,7695.2,2,7693.6,7661.4,7699.4,7661.4,411.0,632007480.0,5411
2015-12-18 09:31:59,IC1512,IC1512,7693.0,0.0,0.0,0.0,1,7693.2,7695.2,2,7693.6,7661.4,7699.4,7661.4,411.0,632007480.0,5411
2015-12-18 09:32:00,IC1512,IC1512,7693.0,0.0,0.0,0.0,1,7693.2,7694.6,1,7693.6,7661.4,7699.4,7661.4,411.0,632007480.0,5411
2015-12-18 09:32:01,IC1512,IC1512,7693.0,0.0,0.0,0.0,2,7693.2,7694.6,1,7693.6,7661.4,7699.4,7661.4,411.0,632007480.0,5411
2015-12-18 09:32:03,IC1512,IC1512,7693.0,0.0,0.0,0.0,3,7693.2,7694.6,1,7693.6,7661.4,7699.4,7661.4,411.0,632007480.0,5411
2015-12-18 09:32:03,IC1512,IC1512,7694.6,1.0,1538920.0,-1.0,3,7693.2,7695.2,2,7693.6,7661.4,7699.4,7661.4,412.0,633546400.0,5410
2015-12-18 09:32:06,IC1512,IC1512,7694.6,0.0,0.0,0.0,1,7693.4,7695.2,2,7693.6,7661.4,7699.4,7661.4,412.0,633546400.0,5410
2015-12-18 09:32:09,IC1512,IC1512,7694.6,0.0,0.0,0.0,1,7693.6,7695.2,2,7693.6,7661.4,7699.4,7661.4,412.0,633546400.0,5410
2015-12-18 09:32:09,IC1512,IC1512,7694.6,0.0,0.0,0.0,1,7693.8,7695.2,2,7693.6,7661.4,7699.4,7661.4,412.0,633546400.0,5410
2015-12-18 09:32:11,IC1512,IC1512,7694.6,0.0,0.0,0.0,1,7693.8,7694.8,1,7693.6,7661.4,7699.4,7661.4,412.0,633546400.0,5410
2015-12-18 09:32:13,IC1512,IC1512,7694.8,1.0,1538960.0,-1.0,1,7693.8,7695.2,2,7693.6,7661.4,7699.4,7661.4,413.0,635085360.0,5409
2015-12-18 09:32:17,IC1512,IC1512,7694.8,0.0,0.0,0.0,2,7693.2,7693.8,1,7693.6,7661.4,7699.4,7661.4,413.0,635085360.0,5409
2015-12-18 09:32:18,IC1512,IC1512,7695.2,3.0,4616440.0,-3.0,1,7693.2,7696.0,1,7693.6,7661.4,7699.4,7661.4,416.0,639701800.0,5406
2015-12-18 09:32:19,IC1512,IC1512,7695.2,0.0,0.0,0.0,1,7693.2,7693.8,1,7693.6,7661.4,7699.4,7661.4,416.0,639701800.0,5406
2015-12-18 09:32:22,IC1512,IC1512,7695.2,0.0,0.0,0.0,1,7693.4,7693.8,1,7693.6,7661.4,7699.4,7661.4,416.0,639701800.0,5406
2015-12-18 09:32:24,IC1512,IC1512,7695.2,0.0,0.0,0.0,2,7693.4,7693.8,1,7693.6,7661.4,7699.4,7661.4,416.0,639701800.0,5406
2015-12-18 09:32:24,IC1512,IC1512,7693.8,1.0,1538760.0,-1.0,2,7693.4,7696.0,1,7693.6,7661.4,7699.4,7661.4,417.0,641240560.0,5405
2015-12-18 09:32:27,IC1512,IC1512,7693.8,0.0,0.0,0.0,2,7693.6,7696.0,1,7693.6,7661.4,7699.4,7661.4,417.0,641240560.0,5405
2015-12-18 09:32:28,IC1512,IC1512,7693.8,0.0,0.0,0.0,2,7693.4,7696.0,1,7693.6,7661.4,7699.4,7661.4,417.0,641240560.0,5405
2015-12-18 09:32:36,IC1512,IC1512,7693.8,0.0,0.0,0.0,2,7693.4,7695.8,1,7693.6,7661.4,7699.4,7661.4,417.0,641240560.0,5405
2015-12-18 09:32:38,IC1512,IC1512,7693.8,0.0,0.0,0.0,2,7693.4,7695.6,1,7693.6,7661.4,7699.4,7661.4,417.0,641240560.0,5405
2015-12-18 09:32:39,IC1512,IC1512,7693.8,0.0,0.0,0.0,2,7693.4,7695.8,2,7693.6,7661.4,7699.4,7661.4,417.0,641240560.0,5405
2015-12-18 09:32:40,IC1512,IC1512,7695.8,2.0,3078320.0,-2.0,2,7693.4,7696.0,1,7693.6,7661.4,7699.4,7661.4,419.0,644318880.0,5403
2015-12-18 09:32:42,IC1512,IC1512,7696.0,1.0,1539200.0,-1.0,2,7693.4,7696.2,1,7693.6,7661.4,7699.4,7661.4,420.0,645858080.0,5402
2015-12-18 09:32:43,IC1512,IC1512,7696.0,0.0,0.0,0.0,1,7694.0,7696.2,1,7693.6,7661.4,7699.4,7661.4,420.0,645858080.0,5402
2015-12-18 09:32:51,IC1512,IC1512,7696.0,0.0,0.0,0.0,1,7694.2,7696.2,1,7693.6,7661.4,7699.4,7661.4,420.0,645858080.0,5402
2015-12-18 09:32:54,IC1512,IC1512,7696.2,1.0,1539240.0,-1.0,1,7694.2,7697.6,3,7693.6,7661.4,7699.4,7661.4,421.0,647397320.0,5401
2015-12-18 09:32:58,IC1512,IC1512,7696.2,0.0,0.0,0.0,1,7694.4,7697.6,3,7693.6,7661.4,7699.4,7661.4,421.0,647397320.0,5401
2015-12-18 09:32:59,IC1512,IC1512,7696.2,0.0,0.0,0.0,2,7694.4,7697.4,1,7693.6,7661.4,7699.4,7661.4,421.0,647397320.0,5401
2015-12-18 09:33:00,IC1512,IC1512,7696.2,0.0,0.0,0.0,1,7696.2,7697.4,1,7693.6,7661.4,7699.4,7661.4,421.0,647397320.0,5401
2015-12-18 09:33:03,IC1512,IC1512,7696.2,0.0,0.0,0.0,2,7694.4,7697.4,1,7693.6,7661.4,7699.4,7661.4,421.0,647397320.0,5401
2015-12-18 09:33:03,IC1512,IC1512,7696.2,0.0,0.0,0.0,1,7696.2,7697.4,1,7693.6,7661.4,7699.4,7661.4,421.0,647397320.0,5401
2015-12-18 09:33:05,IC1512,IC1512,7697.4,1.0,1539480.0,-1.0,1,7696.2,7697.6,2,7693.6,7661.4,7699.4,7661.4,422.0,648936800.0,5400
2015-12-18 09:33:05,IC1512,IC1512,7697.6,2.0,3079040.0,-2.0,1,7697.6,7698.6,1,7693.6,7661.4,7699.4,7661.4,424.0,652015840.0,5398
2015-12-18 09:33:06,IC1512,IC1512,7697.6,1.0,1539520.0,-1.0,1,7697.6,7698.6,1,7693.6,7661.4,7699.4,7661.4,425.0,653555360.0,5397
2015-12-18 09:33:09,IC1512,IC1512,7697.6,0.0,0.0,0.0,1,7696.2,7698.6,1,7693.6,7661.4,7699.4,7661.4,425.0,653555360.0,5397
2015-12-18 09:33:09,IC1512,IC1512,7697.6,0.0,0.0,0.0,1,7697.6,7698.6,1,7693.6,7661.4,7699.4,7661.4,425.0,653555360.0,5397
2015-12-18 09:33:10,IC1512,IC1512,7697.6,0.0,0.0,0.0,1,7697.6,7698.4,1,7693.6,7661.4,7699.4,7661.4,425.0,653555360.0,5397
2015-12-18 09:33:12,IC1512,IC1512,7697.6,0.0,0.0,0.0,1,7696.2,7698.4,1,7693.6,7661.4,7699.4,7661.4,425.0,653555360.0,5397
2015-12-18 09:33:12,IC1512,IC1512,7697.6,0.0,0.0,0.0,1,7697.6,7698.4,1,7693.6,7661.4,7699.4,7661.4,425.0,653555360.0,5397
2015-12-18 09:33:13,IC1512,IC1512,7697.6,1.0,1539520.0,-1.0,1,7696.2,7698.4,1,7693.6,7661.4,7699.4,7661.4,426.0,655094880.0,5396
2015-12-18 09:33:14,IC1512,IC1512,7697.6,0.0,0.0,0.0,1,7696.4,7697.8,1,7693.6,7661.4,7699.4,7661.4,426.0,655094880.0,5396
2015-12-18 09:33:14,IC1512,IC1512,7698.4,2.0,3079240.0,-2.0,1,7696.8,7698.6,1,7693.6,7661.4,7699.4,7661.4,428.0,658174120.0,5394
2015-12-18 09:33:15,IC1512,IC1512,7698.6,1.0,1539720.0,-1.0,1,7697.0,7698.8,1,7693.6,7661.4,7699.4,7661.4,429.0,659713840.0,5393
2015-12-18 09:33:15,IC1512,IC1512,7698.8,1.0,1539760.0,-1.0,1,7697.0,7699.0,1,7693.6,7661.4,7699.4,7661.4,430.0,661253600.0,5392
2015-12-18 09:33:16,IC1512,IC1512,7698.8,0.0,0.0,0.0,1,7698.8,7699.0,1,7693.6,7661.4,7699.4,7661.4,430.0,661253600.0,5392
2015-12-18 09:33:17,IC1512,IC1512,7699.0,1.0,1539800.0,-1.0,3,7696.8,7699.2,1,7693.6,7661.4,7699.4,7661.4,431.0,662793400.0,5391
2015-12-18 09:33:17,IC1512,IC1512,7699.2,1.0,1539840.0,-1.0,2,7698.8,7702.0,1,7693.6,7661.4,7699.4,7661.4,432.0,664333240.0,5390
2015-12-18 09:33:18,IC1512,IC1512,7705.0,2.0,3081400.0,-2.0,2,7698.8,7708.0,1,7693.6,7661.4,7705.0,7661.4,434.0,667414640.0,5388
2015-12-18 09:33:19,IC1512,IC1512,7704.8,1.0,1540960.0,-1.0,1,7699.0,7707.8,1,7693.6,7661.4,7705.0,7661.4,435.0,668955600.0,5387
2015-12-18 09:33:19,IC1512,IC1512,7699.2,1.0,1539840.0,0.0,1,7699.0,7707.4,1,7693.6,7661.4,7705.0,7661.4,436.0,670495440.0,5387
2015-12-18 09:33:20,IC1512,IC1512,7699.2,0.0,0.0,0.0,1,7699.0,7706.6,1,7693.6,7661.4,7705.0,7661.4,436.0,670495440.0,5387
2015-12-18 09:33:20,IC1512,IC1512,7699.2,0.0,0.0,0.0,1,7699.0,7706.4,1,7693.6,7661.4,7705.0,7661.4,436.0,670495440.0,5387
2015-12-18 09:33:21,IC1512,IC1512,7699.2,0.0,0.0,0.0,2,7699.2,7706.0,1,7693.6,7661.4,7705.0,7661.4,436.0,670495440.0,5387
2015-12-18 09:33:22,IC1512,IC1512,7699.2,0.0,0.0,0.0,1,7699.4,7706.0,1,7693.6,7661.4,7705.0,7661.4,436.0,670495440.0,5387
2015-12-18 09:33:22,IC1512,IC1512,7706.0,1.0,1541200.0,-1.0,1,7699.4,7705.4,1,7693.6,7661.4,7706.0,7661.4,437.0,672036640.0,5386
2015-12-18 09:33:23,IC1512,IC1512,7706.0,0.0,0.0,0.0,2,7699.6,7705.4,1,7693.6,7661.4,7706.0,7661.4,437.0,672036640.0,5386
2015-12-18 09:33:23,IC1512,IC1512,7706.0,1.0,1541200.0,-1.0,1,7700.2,7706.4,1,7693.6,7661.4,7706.0,7661.4,438.0,673577840.0,5385
2015-12-18 09:33:24,IC1512,IC1512,7706.4,1.0,1541280.0,-1.0,1,7700.2,7708.0,1,7693.6,7661.4,7706.4,7661.4,439.0,675119120.0,5384
2015-12-18 09:33:25,IC1512,IC1512,7706.4,0.0,0.0,0.0,1,7700.6,7707.8,1,7693.6,7661.4,7706.4,7661.4,439.0,675119120.0,5384
2015-12-18 09:33:26,IC1512,IC1512,7706.4,0.0,0.0,0.0,1,7701.0,7708.0,1,7693.6,7661.4,7706.4,7661.4,439.0,675119120.0,5384
2015-12-18 09:33:27,IC1512,IC1512,7706.4,0.0,0.0,0.0,2,7701.2,7708.0,1,7693.6,7661.4,7706.4,7661.4,439.0,675119120.0,5384
2015-12-18 09:33:27,IC1512,IC1512,7706.4,0.0,0.0,0.0,1,7701.2,7708.0,1,7693.6,7661.4,7706.4,7661.4,439.0,675119120.0,5384
2015-12-18 09:33:28,IC1512,IC1512,7706.4,0.0,0.0,0.0,1,7706.4,7708.0,1,7693.6,7661.4,7706.4,7661.4,439.0,675119120.0,5384
2015-12-18 09:33:28,IC1512,IC1512,7708.0,1.0,1541600.0,-1.0,1,7706.4,7709.0,1,7693.6,7661.4,7708.0,7661.4,440.0,676660720.0,5383
2015-12-18 09:33:30,IC1512,IC1512,7706.4,1.0,1541280.0,-1.0,1,7702.2,7709.0,1,7693.6,7661.4,7708.0,7661.4,441.0,678202000.0,5382
2015-12-18 09:33:30,IC1512,IC1512,7706.4,0.0,0.0,0.0,1,7708.0,7709.0,1,7693.6,7661.4,7708.0,7661.4,441.0,678202000.0,5382
2015-12-18 09:33:32,IC1512,IC1512,7709.0,1.0,1541800.0,-1.0,1,7708.0,7710.0,1,7693.6,7661.4,7709.0,7661.4,442.0,679743800.0,5381
2015-12-18 09:33:33,IC1512,IC1512,7708.2,1.0,1541640.0,-1.0,1,7708.2,7710.0,1,7693.6,7661.4,7709.0,7661.4,443.0,681285440.0,5380
2015-12-18 09:33:34,IC1512,IC1512,7708.2,0.0,0.0,0.0,1,7708.4,7710.0,1,7693.6,7661.4,7709.0,7661.4,443.0,681285440.0,5380
2015-12-18 09:33:34,IC1512,IC1512,7708.2,0.0,0.0,0.0,1,7708.0,7710.0,1,7693.6,7661.4,7709.0,7661.4,443.0,681285440.0,5380
2015-12-18 09:33:35,IC1512,IC1512,7708.2,1.0,1541640.0,-1.0,1,7708.2,7710.0,1,7693.6,7661.4,7709.0,7661.4,444.0,682827080.0,5379
2015-12-18 09:33:36,IC1512,IC1512,7710.0,1.0,1542000.0,-1.0,1,7708.2,7710.6,1,7693.6,7661.4,7710.0,7661.4,445.0,684369080.0,5378
2015-12-18 09:33:37,IC1512,IC1512,7710.0,0.0,0.0,0.0,1,7708.4,7710.6,1,7693.6,7661.4,7710.0,7661.4,445.0,684369080.0,5378
2015-12-18 09:33:37,IC1512,IC1512,7712.0,2.0,3084520.0,-2.0,1,7708.6,7709.8,1,7693.6,7661.4,7712.0,7661.4,447.0,687453600.0,5376
2015-12-18 09:33:38,IC1512,IC1512,7715.0,2.0,3085120.0,-1.0,1,7708.6,7719.6,2,7693.6,7661.4,7715.0,7661.4,449.0,690538720.0,5375
2015-12-18 09:33:38,IC1512,IC1512,7715.0,0.0,0.0,0.0,1,7710.8,7719.4,1,7693.6,7661.4,7715.0,7661.4,449.0,690538720.0,5375
2015-12-18 09:33:39,IC1512,IC1512,7719.4,4.0,6175400.0,-4.0,1,7709.8,7719.6,2,7693.6,7661.4,7719.4,7661.4,453.0,696714120.0,5371
2015-12-18 09:33:39,IC1512,IC1512,7719.4,0.0,0.0,0.0,1,7711.2,7719.6,2,7693.6,7661.4,7719.4,7661.4,453.0,696714120.0,5371
2015-12-18 09:33:40,IC1512,IC1512,7719.4,0.0,0.0,0.0,1,7712.0,7719.6,2,7693.6,7661.4,7719.4,7661.4,453.0,696714120.0,5371
2015-12-18 09:33:41,IC1512,IC1512,7719.4,0.0,0.0,0.0,1,7710.0,7719.6,2,7693.6,7661.4,7719.4,7661.4,453.0,696714120.0,5371
2015-12-18 09:33:42,IC1512,IC1512,7710.0,1.0,1542000.0,-1.0,1,7708.0,7710.0,1,7693.6,7661.4,7719.4,7661.4,454.0,698256120.0,5370
2015-12-18 09:33:43,IC1512,IC1512,7710.0,1.0,1542000.0,-1.0,1,7708.0,7718.8,1,7693.6,7661.4,7719.4,7661.4,455.0,699798120.0,5369
2015-12-18 09:33:43,IC1512,IC1512,7710.0,0.0,0.0,0.0,1,7708.0,7718.2,1,7693.6,7661.4,7719.4,7661.4,455.0,699798120.0,5369
2015-12-18 09:33:44,IC1512,IC1512,7710.0,0.0,0.0,0.0,1,7708.0,7718.0,1,7693.6,7661.4,7719.4,7661.4,455.0,699798120.0,5369
2015-12-18 09:33:44,IC1512,IC1512,7710.0,0.0,0.0,0.0,1,7708.0,7717.4,2,7693.6,7661.4,7719.4,7661.4,455.0,699798120.0,5369
2015-12-18 09:33:45,IC1512,IC1512,7710.0,0.0,0.0,0.0,1,7708.0,7717.0,1,7693.6,7661.4,7719.4,7661.4,455.0,699798120.0,5369
2015-12-18 09:33:46,IC1512,IC1512,7710.0,0.0,0.0,0.0,1,7708.2,7716.8,1,7693.6,7661.4,7719.4,7661.4,455.0,699798120.0,5369
2015-12-18 09:33:47,IC1512,IC1512,7708.0,2.0,3083240.0,-2.0,1,7702.4,7716.8,1,7693.6,7661.4,7719.4,7661.4,457.0,702881360.0,5367
2015-12-18 09:33:47,IC1512,IC1512,7708.0,0.0,0.0,0.0,1,7706.6,7716.0,1,7693.6,7661.4,7719.4,7661.4,457.0,702881360.0,5367
2015-12-18 09:33:48,IC1512,IC1512,7708.0,0.0,0.0,0.0,1,7707.2,7716.0,2,7693.6,7661.4,7719.4,7661.4,457.0,702881360.0,5367
2015-12-18 09:33:48,IC1512,IC1512,7708.0,0.0,0.0,0.0,1,7707.2,7715.2,1,7693.6,7661.4,7719.4,7661.4,457.0,702881360.0,5367
2015-12-18 09:33:49,IC1512,IC1512,7708.0,0.0,0.0,0.0,1,7707.2,7715.0,1,7693.6,7661.4,7719.4,7661.4,457.0,702881360.0,5367
2015-12-18 09:33:49,IC1512,IC1512,7715.0,1.0,1543000.0,-1.0,1,7708.0,7714.8,1,7693.6,7661.4,7719.4,7661.4,458.0,704424360.0,5366
2015-12-18 09:33:50,IC1512,IC1512,7715.0,0.0,0.0,0.0,1,7708.0,7712.4,1,7693.6,7661.4,7719.4,7661.4,458.0,704424360.0,5366
2015-12-18 09:33:50,IC1512,IC1512,7715.0,0.0,0.0,0.0,1,7708.2,7712.4,1,7693.6,7661.4,7719.4,7661.4,458.0,704424360.0,5366
2015-12-18 09:33:52,IC1512,IC1512,7708.2,2.0,3084640.0,-2.0,1,7706.8,7714.2,1,7693.6,7661.4,7719.4,7661.4,460.0,707509000.0,5364
2015-12-18 09:33:54,IC1512,IC1512,7708.2,0.0,0.0,0.0,1,7707.2,7714.0,1,7693.6,7661.4,7719.4,7661.4,460.0,707509000.0,5364
2015-12-18 09:33:56,IC1512,IC1512,7708.2,0.0,0.0,0.0,1,7707.2,7714.0,2,7693.6,7661.4,7719.4,7661.4,460.0,707509000.0,5364
2015-12-18 09:33:57,IC1512,IC1512,7714.0,1.0,1542800.0,-1.0,1,7707.2,7713.8,1,7693.6,7661.4,7719.4,7661.4,461.0,709051800.0,5363
2015-12-18 09:33:57,IC1512,IC1512,7714.0,0.0,0.0,0.0,1,7707.2,7713.6,1,7693.6,7661.4,7719.4,7661.4,461.0,709051800.0,5363
2015-12-18 09:33:58,IC1512,IC1512,7714.0,1.0,1542800.0,-1.0,1,7707.4,7713.8,1,7693.6,7661.4,7719.4,7661.4,462.0,710594600.0,5362
2015-12-18 09:33:58,IC1512,IC1512,7714.0,0.0,0.0,0.0,1,7707.4,7713.2,1,7693.6,7661.4,7719.4,7661.4,462.0,710594600.0,5362
2015-12-18 09:33:59,IC1512,IC1512,7714.0,0.0,0.0,0.0,1,7707.4,7713.0,1,7693.6,7661.4,7719.4,7661.4,462.0,710594600.0,5362
2015-12-18 09:34:00,IC1512,IC1512,7714.0,0.0,0.0,0.0,1,7707.4,7712.8,1,7693.6,7661.4,7719.4,7661.4,462.0,710594600.0,5362
2015-12-18 09:34:00,IC1512,IC1512,7714.0,0.0,0.0,0.0,1,7707.4,7712.2,1,7693.6,7661.4,7719.4,7661.4,462.0,710594600.0,5362
2015-12-18 09:34:02,IC1512,IC1512,7714.0,0.0,0.0,0.0,1,7707.4,7712.0,1,7693.6,7661.4,7719.4,7661.4,462.0,710594600.0,5362
2015-12-18 09:34:02,IC1512,IC1512,7708.0,1.0,1541600.0,-1.0,2,7708.0,7710.2,1,7693.6,7661.4,7719.4,7661.4,463.0,712136200.0,5361
2015-12-18 09:34:03,IC1512,IC1512,7708.0,0.0,0.0,0.0,2,7708.2,7710.2,1,7693.6,7661.4,7719.4,7661.4,463.0,712136200.0,5361
2015-12-18 09:34:05,IC1512,IC1512,7708.0,0.0,0.0,0.0,1,7708.2,7710.2,1,7693.6,7661.4,7719.4,7661.4,463.0,712136200.0,5361
2015-12-18 09:34:06,IC1512,IC1512,7708.0,0.0,0.0,0.0,1,7708.2,7709.6,1,7693.6,7661.4,7719.4,7661.4,463.0,712136200.0,5361
2015-12-18 09:34:11,IC1512,IC1512,7708.0,0.0,0.0,0.0,3,7708.4,7709.6,1,7693.6,7661.4,7719.4,7661.4,463.0,712136200.0,5361
2015-12-18 09:34:12,IC1512,IC1512,7708.0,0.0,0.0,0.0,1,7708.6,7709.6,1,7693.6,7661.4,7719.4,7661.4,463.0,712136200.0,5361
2015-12-18 09:34:13,IC1512,IC1512,7708.0,0.0,0.0,0.0,1,7708.6,7709.2,1,7693.6,7661.4,7719.4,7661.4,463.0,712136200.0,5361
2015-12-18 09:34:14,IC1512,IC1512,7709.6,2.0,3083760.0,-1.0,1,7709.6,7710.2,1,7693.6,7661.4,7719.4,7661.4,465.0,715219960.0,5360
2015-12-18 09:34:14,IC1512,IC1512,7709.6,1.0,1541920.0,0.0,1,7708.6,7710.2,1,7693.6,7661.4,7719.4,7661.4,466.0,716761880.0,5360
2015-12-18 09:34:15,IC1512,IC1512,7708.6,1.0,1541720.0,-1.0,3,7708.4,7710.2,1,7693.6,7661.4,7719.4,7661.4,467.0,718303600.0,5359
2015-12-18 09:34:16,IC1512,IC1512,7708.6,0.0,0.0,0.0,2,7708.6,7710.2,1,7693.6,7661.4,7719.4,7661.4,467.0,718303600.0,5359
2015-12-18 09:34:18,IC1512,IC1512,7710.2,1.0,1542040.0,-1.0,2,7708.6,7713.0,1,7693.6,7661.4,7719.4,7661.4,468.0,719845640.0,5358
2015-12-18 09:34:19,IC1512,IC1512,7710.2,0.0,0.0,0.0,1,7708.6,7713.0,1,7693.6,7661.4,7719.4,7661.4,468.0,719845640.0,5358
2015-12-18 09:34:19,IC1512,IC1512,7710.2,0.0,0.0,0.0,1,7710.2,7713.0,1,7693.6,7661.4,7719.4,7661.4,468.0,719845640.0,5358
2015-12-18 09:34:22,IC1512,IC1512,7710.2,0.0,0.0,0.0,1,7708.6,7713.0,1,7693.6,7661.4,7719.4,7661.4,468.0,719845640.0,5358
2015-12-18 09:34:22,IC1512,IC1512,7710.2,0.0,0.0,0.0,1,7710.2,7713.0,1,7693.6,7661.4,7719.4,7661.4,468.0,719845640.0,5358
2015-12-18 09:34:25,IC1512,IC1512,7710.2,0.0,0.0,0.0,1,7709.0,7713.0,1,7693.6,7661.4,7719.4,7661.4,468.0,719845640.0,5358
2015-12-18 09:34:25,IC1512,IC1512,7710.2,0.0,0.0,0.0,1,7710.2,7713.0,1,7693.6,7661.4,7719.4,7661.4,468.0,719845640.0,5358
2015-12-18 09:34:26,IC1512,IC1512,7710.2,0.0,0.0,0.0,1,7710.2,7712.4,1,7693.6,7661.4,7719.4,7661.4,468.0,719845640.0,5358
2015-12-18 09:34:27,IC1512,IC1512,7710.2,1.0,1542040.0,-1.0,1,7709.0,7712.4,1,7693.6,7661.4,7719.4,7661.4,469.0,721387680.0,5357
2015-12-18 09:34:29,IC1512,IC1512,7710.2,0.0,0.0,0.0,2,7711.0,7712.4,1,7693.6,7661.4,7719.4,7661.4,469.0,721387680.0,5357
2015-12-18 09:34:31,IC1512,IC1512,7712.4,1.0,1542480.0,-1.0,2,7711.0,7713.0,1,7693.6,7661.4,7719.4,7661.4,470.0,722930160.0,5356
2015-12-18 09:34:33,IC1512,IC1512,7712.4,0.0,0.0,0.0,2,7711.0,7714.0,1,7693.6,7661.4,7719.4,7661.4,470.0,722930160.0,5356
2015-12-18 09:34:34,IC1512,IC1512,7712.4,0.0,0.0,0.0,2,7711.0,7713.8,1,7693.6,7661.4,7719.4,7661.4,470.0,722930160.0,5356
2015-12-18 09:34:35,IC1512,IC1512,7712.4,0.0,0.0,0.0,1,7711.2,7713.8,1,7693.6,7661.4,7719.4,7661.4,470.0,722930160.0,5356
2015-12-18 09:34:36,IC1512,IC1512,7712.4,0.0,0.0,0.0,2,7713.0,7713.6,1,7693.6,7661.4,7719.4,7661.4,470.0,722930160.0,5356
2015-12-18 09:34:38,IC1512,IC1512,7712.4,0.0,0.0,0.0,2,7713.0,7713.4,1,7693.6,7661.4,7719.4,7661.4,470.0,722930160.0,5356
2015-12-18 09:34:38,IC1512,IC1512,7714.0,4.0,6170960.0,-4.0,1,7713.8,7718.8,1,7693.6,7661.4,7719.4,7661.4,474.0,729101120.0,5352
2015-12-18 09:34:41,IC1512,IC1512,7714.0,0.0,0.0,0.0,1,7714.0,7718.8,1,7693.6,7661.4,7719.4,7661.4,474.0,729101120.0,5352
2015-12-18 09:34:41,IC1512,IC1512,7714.0,1.0,1542800.0,-1.0,1,7713.8,7718.8,1,7693.6,7661.4,7719.4,7661.4,475.0,730643920.0,5351
2015-12-18 09:34:42,IC1512,IC1512,7714.0,0.0,0.0,0.0,1,7713.8,7718.6,1,7693.6,7661.4,7719.4,7661.4,475.0,730643920.0,5351
2015-12-18 09:34:43,IC1512,IC1512,7713.0,3.0,4628040.0,-3.0,3,7712.0,7718.6,1,7693.6,7661.4,7719.4,7661.4,478.0,735271960.0,5348
2015-12-18 09:34:44,IC1512,IC1512,7713.0,0.0,0.0,0.0,1,7712.0,7718.4,1,7693.6,7661.4,7719.4,7661.4,478.0,735271960.0,5348
2015-12-18 09:34:44,IC1512,IC1512,7713.0,0.0,0.0,0.0,1,7712.0,7718.0,1,7693.6,7661.4,7719.4,7661.4,478.0,735271960.0,5348
2015-12-18 09:34:45,IC1512,IC1512,7713.0,0.0,0.0,0.0,1,7712.0,7717.6,1,7693.6,7661.4,7719.4,7661.4,478.0,735271960.0,5348
2015-12-18 09:34:45,IC1512,IC1512,7713.0,0.0,0.0,0.0,2,7712.0,7717.6,1,7693.6,7661.4,7719.4,7661.4,478.0,735271960.0,5348
2015-12-18 09:34:46,IC1512,IC1512,7718.0,3.0,4630720.0,-3.0,2,7712.0,7717.0,1,7693.6,7661.4,7719.4,7661.4,481.0,739902680.0,5345
2015-12-18 09:34:47,IC1512,IC1512,7718.0,1.0,1543600.0,-1.0,1,7713.0,7718.4,1,7693.6,7661.4,7719.4,7661.4,482.0,741446280.0,5344
2015-12-18 09:34:48,IC1512,IC1512,7718.0,0.0,0.0,0.0,1,7713.0,7718.6,1,7693.6,7661.4,7719.4,7661.4,482.0,741446280.0,5344
2015-12-18 09:34:49,IC1512,IC1512,7718.0,0.0,0.0,0.0,1,7713.0,7717.0,1,7693.6,7661.4,7719.4,7661.4,482.0,741446280.0,5344
2015-12-18 09:34:50,IC1512,IC1512,7718.0,0.0,0.0,0.0,1,7713.0,7716.8,1,7693.6,7661.4,7719.4,7661.4,482.0,741446280.0,5344
2015-12-18 09:34:51,IC1512,IC1512,7716.8,1.0,1543360.0,-1.0,1,7713.0,7716.2,1,7693.6,7661.4,7719.4,7661.4,483.0,742989640.0,5343
2015-12-18 09:34:51,IC1512,IC1512,7716.8,0.0,0.0,0.0,1,7713.0,7716.0,1,7693.6,7661.4,7719.4,7661.4,483.0,742989640.0,5343
2015-12-18 09:34:52,IC1512,IC1512,7716.8,1.0,1543360.0,-1.0,1,7713.6,7716.2,1,7693.6,7661.4,7719.4,7661.4,484.0,744533000.0,5342
2015-12-18 09:34:52,IC1512,IC1512,7713.0,2.0,3085320.0,-2.0,2,7712.0,7716.2,1,7693.6,7661.4,7719.4,7661.4,486.0,747618320.0,5340
2015-12-18 09:34:53,IC1512,IC1512,7713.0,0.0,0.0,0.0,1,7714.4,7716.2,1,7693.6,7661.4,7719.4,7661.4,486.0,747618320.0,5340
2015-12-18 09:34:55,IC1512,IC1512,7713.0,0.0,0.0,0.0,1,7715.2,7716.2,1,7693.6,7661.4,7719.4,7661.4,486.0,747618320.0,5340
2015-12-18 09:34:55,IC1512,IC1512,7713.0,0.0,0.0,0.0,1,7714.4,7716.2,1,7693.6,7661.4,7719.4,7661.4,486.0,747618320.0,5340
2015-12-18 09:34:56,IC1512,IC1512,7716.2,1.0,1543240.0,-1.0,1,7714.4,7717.0,1,7693.6,7661.4,7719.4,7661.4,487.0,749161560.0,5339
2015-12-18 09:35:00,IC1512,IC1512,7716.2,0.0,0.0,0.0,1,7715.8,7717.0,1,7693.6,7661.4,7719.4,7661.4,487.0,749161560.0,5339
