time,symbol_id,symbol_name,last,trade_volume,trade_amount,open_interest_change,bv1,bp1,ap1,av1,yesterday_close,today_open,today_high,today_low,volume,amount,open_interest
2015-08-21 09:14:00,IC1508,IC1508,7913.2,5.0,7913200.0,1.0,1,7901.8,7949.0,1,8003.0,7913.2,7913.2,7913.2,5.0,7913200.0,3147
2015-08-21 09:15:00,IC1508,IC1508,7949.0,1.0,1589800.0,-1.0,1,7901.8,7945.0,1,8003.0,7913.2,7949.0,7913.2,6.0,9503000.0,3146
2015-08-21 09:15:00,IC1508,IC1508,7945.0,6.0,9513200.0,0.0,2,7910.0,7948.8,1,8003.0,7913.2,7949.0,7913.2,12.0,19016200.0,3146
2015-08-21 09:15:01,IC1508,IC1508,7929.8,5.0,7927960.0,-2.0,1,7905.4,7934.4,1,8003.0,7913.2,7949.0,7910.0,17.0,26944160.0,3144
2015-08-21 09:15:01,IC1508,IC1508,7934.4,5.0,7933480.0,1.0,1,7908.2,7941.2,2,8003.0,7913.2,7949.0,7910.0,22.0,34877640.0,3145
2015-08-21 09:15:02,IC1508,IC1508,7911.4,3.0,4756040.0,1.0,2,7902.6,7908.2,1,8003.0,7913.2,7949.0,7910.0,25.0,39633680.0,3146
2015-08-21 09:15:02,IC1508,IC1508,7907.4,3.0,4745160.0,-1.0,1,7903.2,7921.0,1,8003.0,7913.2,7949.0,7907.4,28.0,44378840.0,3145
2015-08-21 09:15:03,IC1508,IC1508,7902.6,5.0,7904000.0,-3.0,1,7901.8,7916.2,1,8003.0,7913.2,7949.0,7902.6,33.0,52282840.0,3142
2015-08-21 09:15:03,IC1508,IC1508,7902.6,0.0,0.0,0.0,1,7902.6,7916.2,1,8003.0,7913.2,7949.0,7902.6,33.0,52282840.0,3142
2015-08-21 09:15:04,IC1508,IC1508,7916.2,1.0,1583240.0,-1.0,1,7904.6,7917.0,1,8003.0,7913.2,7949.0,7902.6,34.0,53866080.0,3141
2015-08-21 09:15:04,IC1508,IC1508,7916.2,0.0,0.0,0.0,1,7907.8,7914.8,1,8003.0,7913.2,7949.0,7902.6,34.0,53866080.0,3141
2015-08-21 09:15:05,IC1508,IC1508,7915.8,1.0,1583160.0,0.0,1,7910.8,7933.4,1,8003.0,7913.2,7949.0,7902.6,35.0,55449240.0,3141
2015-08-21 09:15:05,IC1508,IC1508,7915.8,0.0,0.0,0.0,2,7917.0,7932.4,1,8003.0,7913.2,7949.0,7902.6,35.0,55449240.0,3141
2015-08-21 09:15:06,IC1508,IC1508,7932.4,1.0,1586480.0,0.0,4,7932.4,7941.4,1,8003.0,7913.2,7949.0,7902.6,36.0,57035720.0,3141
2015-08-21 09:15:06,IC1508,IC1508,7932.4,0.0,0.0,0.0,1,7933.4,7938.8,1,8003.0,7913.2,7949.0,7902.6,36.0,57035720.0,3141
2015-08-21 09:15:07,IC1508,IC1508,7932.4,0.0,0.0,0.0,1,7933.4,7941.4,1,8003.0,7913.2,7949.0,7902.6,36.0,57035720.0,3141
2015-08-21 09:15:07,IC1508,IC1508,7932.4,0.0,0.0,0.0,1,7934.4,7949.0,1,8003.0,7913.2,7949.0,7902.6,36.0,57035720.0,3141
2015-08-21 09:15:08,IC1508,IC1508,7932.4,0.0,0.0,0.0,1,7938.4,7949.0,1,8003.0,7913.2,7949.0,7902.6,36.0,57035720.0,3141
2015-08-21 09:15:08,IC1508,IC1508,7932.4,0.0,0.0,0.0,1,7932.6,7949.0,1,8003.0,7913.2,7949.0,7902.6,36.0,57035720.0,3141
2015-08-21 09:15:09,IC1508,IC1508,7932.4,0.0,0.0,0.0,1,7942.4,7949.0,1,8003.0,7913.2,7949.0,7902.6,36.0,57035720.0,3141
2015-08-21 09:15:09,IC1508,IC1508,7949.0,4.0,6355760.0,-1.0,1,7951.0,7954.0,1,8003.0,7913.2,7949.0,7902.6,40.0,63391480.0,3140
2015-08-21 09:15:10,IC1508,IC1508,7954.0,1.0,1590800.0,1.0,1,7955.0,7956.2,1,8003.0,7913.2,7954.0,7902.6,41.0,64982280.0,3141
2015-08-21 09:15:10,IC1508,IC1508,7956.2,1.0,1591240.0,1.0,1,7951.2,7965.0,1,8003.0,7913.2,7956.2,7902.6,42.0,66573520.0,3142
2015-08-21 09:15:11,IC1508,IC1508,7965.0,8.0,12757920.0,0.0,8,7965.0,7993.0,1,8003.0,7913.2,7988.8,7902.6,50.0,79331440.0,3142
2015-08-21 09:15:11,IC1508,IC1508,7993.2,2.0,3197240.0,0.0,1,7965.2,7998.8,1,8003.0,7913.2,7993.2,7902.6,52.0,82528680.0,3142
2015-08-21 09:15:12,IC1508,IC1508,7998.8,1.0,1599760.0,0.0,1,7965.4,8000.0,2,8003.0,7913.2,7998.8,7902.6,53.0,84128440.0,3142
2015-08-21 09:15:12,IC1508,IC1508,7998.8,1.0,1599760.0,0.0,1,7967.4,7997.6,2,8003.0,7913.2,7998.8,7902.6,54.0,85728200.0,3142
2015-08-21 09:15:13,IC1508,IC1508,7967.4,2.0,3189000.0,-2.0,1,7966.2,7988.0,1,8003.0,7913.2,7998.8,7902.6,56.0,88917200.0,3140
2015-08-21 09:15:13,IC1508,IC1508,7967.4,0.0,0.0,0.0,1,7968.2,7987.8,1,8003.0,7913.2,7998.8,7902.6,56.0,88917200.0,3140
2015-08-21 09:15:14,IC1508,IC1508,7967.4,1.0,1593480.0,0.0,2,7974.0,7987.8,1,8003.0,7913.2,7998.8,7902.6,57.0,90510680.0,3140
2015-08-21 09:15:14,IC1508,IC1508,7974.0,1.0,1594800.0,-1.0,2,7974.2,7981.6,1,8003.0,7913.2,7998.8,7902.6,58.0,92105480.0,3139
2015-08-21 09:15:15,IC1508,IC1508,7974.0,1.0,1594800.0,1.0,2,7974.2,7981.0,1,8003.0,7913.2,7998.8,7902.6,59.0,93700280.0,3140
2015-08-21 09:15:15,IC1508,IC1508,7980.4,1.0,1596080.0,-1.0,2,7974.2,7982.6,1,8003.0,7913.2,7998.8,7902.6,60.0,95296360.0,3139
2015-08-21 09:15:16,IC1508,IC1508,7974.6,1.0,1594920.0,0.0,1,7974.4,7981.8,1,8003.0,7913.2,7998.8,7902.6,61.0,96891280.0,3139
2015-08-21 09:15:16,IC1508,IC1508,7974.6,0.0,0.0,0.0,1,7974.4,7980.2,1,8003.0,7913.2,7998.8,7902.6,61.0,96891280.0,3139
2015-08-21 09:15:17,IC1508,IC1508,7974.2,3.0,4784560.0,1.0,1,7968.8,7970.4,3,8003.0,7913.2,7998.8,7902.6,64.0,101675840.0,3140
2015-08-21 09:15:17,IC1508,IC1508,7974.2,2.0,3189680.0,0.0,1,7968.8,7970.4,3,8003.0,7913.2,7998.8,7902.6,66.0,104865520.0,3140
2015-08-21 09:15:18,IC1508,IC1508,7974.2,0.0,0.0,0.0,1,7969.0,7970.4,3,8003.0,7913.2,7998.8,7902.6,66.0,104865520.0,3140
2015-08-21 09:15:18,IC1508,IC1508,7974.2,1.0,1594840.0,-1.0,9,7969.2,7970.4,3,8003.0,7913.2,7998.8,7902.6,67.0,106460360.0,3139
2015-08-21 09:15:19,IC1508,IC1508,7971.0,2.0,3189040.0,0.0,1,7969.4,7970.4,1,8003.0,7913.2,7998.8,7902.6,69.0,109649400.0,3139
2015-08-21 09:15:19,IC1508,IC1508,7970.4,1.0,1594080.0,0.0,8,7965.0,7974.0,2,8003.0,7913.2,7998.8,7902.6,70.0,111243480.0,3139
2015-08-21 09:15:20,IC1508,IC1508,7970.4,1.0,1594080.0,0.0,1,7965.4,7973.6,1,8003.0,7913.2,7998.8,7902.6,71.0,112837560.0,3139
2015-08-21 09:15:20,IC1508,IC1508,7970.4,0.0,0.0,0.0,1,7968.2,7973.2,1,8003.0,7913.2,7998.8,7902.6,71.0,112837560.0,3139
2015-08-21 09:15:21,IC1508,IC1508,7970.4,0.0,0.0,0.0,1,7965.4,7968.2,1,8003.0,7913.2,7998.8,7902.6,71.0,112837560.0,3139
2015-08-21 09:15:21,IC1508,IC1508,7970.4,0.0,0.0,0.0,1,7965.4,7967.8,2,8003.0,7913.2,7998.8,7902.6,71.0,112837560.0,3139
2015-08-21 09:15:22,IC1508,IC1508,7970.4,0.0,0.0,0.0,1,7966.0,7967.6,1,8003.0,7913.2,7998.8,7902.6,71.0,112837560.0,3139
2015-08-21 09:15:22,IC1508,IC1508,7969.6,1.0,1593920.0,0.0,1,7966.0,7967.8,2,8003.0,7913.2,7998.8,7902.6,72.0,114431480.0,3139
2015-08-21 09:15:23,IC1508,IC1508,7968.4,2.0,3187440.0,0.0,2,7966.2,7968.2,1,8003.0,7913.2,7998.8,7902.6,74.0,117618920.0,3139
2015-08-21 09:15:23,IC1508,IC1508,7968.4,1.0,1593680.0,0.0,5,7966.4,7972.4,1,8003.0,7913.2,7998.8,7902.6,75.0,119212600.0,3139
2015-08-21 09:15:24,IC1508,IC1508,7968.4,0.0,0.0,0.0,1,7973.0,7973.2,1,8003.0,7913.2,7998.8,7902.6,75.0,119212600.0,3139
2015-08-21 09:15:24,IC1508,IC1508,7969.0,4.0,6377680.0,-2.0,1,7973.0,7973.6,1,8003.0,7913.2,7998.8,7902.6,79.0,125590280.0,3137
2015-08-21 09:15:25,IC1508,IC1508,7972.8,1.0,1594560.0,0.0,2,7968.2,7968.8,1,8003.0,7913.2,7998.8,7902.6,80.0,127184840.0,3137
2015-08-21 09:15:25,IC1508,IC1508,7972.8,0.0,0.0,0.0,1,7968.4,7968.8,1,8003.0,7913.2,7998.8,7902.6,80.0,127184840.0,3137
2015-08-21 09:15:26,IC1508,IC1508,7968.4,3.0,4781040.0,-2.0,2,7968.2,7968.4,2,8003.0,7913.2,7998.8,7902.6,83.0,131965880.0,3135
2015-08-21 09:15:27,IC1508,IC1508,7968.4,2.0,3187360.0,0.0,2,7968.2,7968.8,1,8003.0,7913.2,7998.8,7902.6,85.0,135153240.0,3135
2015-08-21 09:15:27,IC1508,IC1508,7968.8,1.0,1593760.0,1.0,2,7968.2,7973.0,1,8003.0,7913.2,7998.8,7902.6,86.0,136747000.0,3136
2015-08-21 09:15:28,IC1508,IC1508,7968.8,0.0,0.0,0.0,2,7968.2,7972.8,11,8003.0,7913.2,7998.8,7902.6,86.0,136747000.0,3136
2015-08-21 09:15:28,IC1508,IC1508,7968.8,0.0,0.0,0.0,2,7968.2,7972.6,1,8003.0,7913.2,7998.8,7902.6,86.0,136747000.0,3136
2015-08-21 09:15:29,IC1508,IC1508,7972.6,4.0,6378000.0,0.0,2,7968.2,7972.4,1,8003.0,7913.2,7998.8,7902.6,90.0,143125000.0,3136
2015-08-21 09:15:30,IC1508,IC1508,7968.2,1.0,1593640.0,-1.0,1,7968.2,7968.4,1,8003.0,7913.2,7998.8,7902.6,91.0,144718640.0,3135
2015-08-21 09:15:30,IC1508,IC1508,7968.4,2.0,3187360.0,1.0,1,7968.2,7972.4,1,8003.0,7913.2,7998.8,7902.6,93.0,147906000.0,3136
2015-08-21 09:15:31,IC1508,IC1508,7968.4,0.0,0.0,0.0,1,7968.2,7971.2,1,8003.0,7913.2,7998.8,7902.6,93.0,147906000.0,3136
2015-08-21 09:15:32,IC1508,IC1508,7968.2,1.0,1593640.0,0.0,1,7967.8,7971.0,1,8003.0,7913.2,7998.8,7902.6,94.0,149499640.0,3136
2015-08-21 09:15:33,IC1508,IC1508,7967.8,1.0,1593560.0,1.0,1,7965.4,7970.8,13,8003.0,7913.2,7998.8,7902.6,95.0,151093200.0,3137
2015-08-21 09:15:33,IC1508,IC1508,7968.2,2.0,3187720.0,0.0,1,7966.0,7970.6,1,8003.0,7913.2,7998.8,7902.6,97.0,154280920.0,3137
2015-08-21 09:15:34,IC1508,IC1508,7965.4,2.0,3186280.0,-1.0,8,7965.0,7970.6,1,8003.0,7913.2,7998.8,7902.6,99.0,157467200.0,3136
2015-08-21 09:15:34,IC1508,IC1508,7965.0,3.0,4779000.0,0.0,5,7965.0,7970.2,1,8003.0,7913.2,7998.8,7902.6,102.0,162246200.0,3136
2015-08-21 09:15:35,IC1508,IC1508,7965.0,2.0,3186000.0,2.0,3,7965.0,7970.4,1,8003.0,7913.2,7998.8,7902.6,104.0,165432200.0,3138
2015-08-21 09:15:35,IC1508,IC1508,7965.0,2.0,3186000.0,2.0,10,7968.2,7970.4,1,8003.0,7913.2,7998.8,7902.6,106.0,168618200.0,3140
2015-08-21 09:15:36,IC1508,IC1508,7966.2,1.0,1593240.0,1.0,1,7968.4,7970.0,1,8003.0,7913.2,7998.8,7902.6,107.0,170211440.0,3141
2015-08-21 09:15:36,IC1508,IC1508,7969.8,2.0,3187920.0,1.0,1,7968.8,7969.8,1,8003.0,7913.2,7998.8,7902.6,109.0,173399360.0,3142
2015-08-21 09:15:37,IC1508,IC1508,7968.6,3.0,4781200.0,0.0,9,7968.2,7969.4,2,8003.0,7913.2,7998.8,7902.6,112.0,178180560.0,3142
2015-08-21 09:15:37,IC1508,IC1508,7969.2,1.0,1593840.0,0.0,1,7968.4,7969.4,2,8003.0,7913.2,7998.8,7902.6,113.0,179774400.0,3142
2015-08-21 09:15:38,IC1508,IC1508,7968.4,1.0,1593680.0,0.0,9,7968.2,7969.2,12,8003.0,7913.2,7998.8,7902.6,114.0,181368080.0,3142
2015-08-21 09:15:38,IC1508,IC1508,7968.8,2.0,3187400.0,0.0,8,7968.2,7968.8,8,8003.0,7913.2,7998.8,7902.6,116.0,184555480.0,3142
2015-08-21 09:15:39,IC1508,IC1508,7968.2,2.0,3187280.0,2.0,6,7968.2,7968.6,1,8003.0,7913.2,7998.8,7902.6,118.0,187742760.0,3144
2015-08-21 09:15:39,IC1508,IC1508,7965.0,8.0,12748480.0,0.0,2,7956.4,7968.2,3,8003.0,7913.2,7998.8,7902.6,126.0,200491240.0,3144
2015-08-21 09:15:40,IC1508,IC1508,7965.0,0.0,0.0,0.0,15,7956.6,7968.0,2,8003.0,7913.2,7998.8,7902.6,126.0,200491240.0,3144
2015-08-21 09:15:40,IC1508,IC1508,7967.2,1.0,1593440.0,0.0,1,7956.8,7967.6,2,8003.0,7913.2,7998.8,7902.6,127.0,202084680.0,3144
2015-08-21 09:15:41,IC1508,IC1508,7967.2,0.0,0.0,0.0,1,7961.0,7966.6,1,8003.0,7913.2,7998.8,7902.6,127.0,202084680.0,3144
2015-08-21 09:15:41,IC1508,IC1508,7967.2,1.0,1593440.0,1.0,1,7961.0,7968.0,1,8003.0,7913.2,7998.8,7902.6,128.0,203678120.0,3145
2015-08-21 09:15:42,IC1508,IC1508,7967.2,0.0,0.0,0.0,1,7961.2,7967.6,1,8003.0,7913.2,7998.8,7902.6,128.0,203678120.0,3145
2015-08-21 09:15:42,IC1508,IC1508,7961.2,1.0,1592240.0,0.0,1,7957.4,7966.0,1,8003.0,7913.2,7998.8,7902.6,129.0,205270360.0,3145
2015-08-21 09:15:43,IC1508,IC1508,7961.2,0.0,0.0,0.0,1,7957.2,7965.6,6,8003.0,7913.2,7998.8,7902.6,129.0,205270360.0,3145
2015-08-21 09:15:43,IC1508,IC1508,7965.4,1.0,1593080.0,0.0,1,7957.2,7965.4,1,8003.0,7913.2,7998.8,7902.6,130.0,206863440.0,3145
2015-08-21 09:15:44,IC1508,IC1508,7965.4,1.0,1593080.0,0.0,1,7957.2,7965.2,1,8003.0,7913.2,7998.8,7902.6,131.0,208456520.0,3145
2015-08-21 09:15:44,IC1508,IC1508,7965.4,0.0,0.0,0.0,1,7957.2,7964.8,5,8003.0,7913.2,7998.8,7902.6,131.0,208456520.0,3145
2015-08-21 09:15:45,IC1508,IC1508,7964.8,1.0,1592960.0,0.0,1,7957.2,7964.6,4,8003.0,7913.2,7998.8,7902.6,132.0,210049480.0,3145
2015-08-21 09:15:45,IC1508,IC1508,7964.8,0.0,0.0,0.0,1,7957.2,7957.4,1,8003.0,7913.2,7998.8,7902.6,132.0,210049480.0,3145
2015-08-21 09:15:46,IC1508,IC1508,7957.4,2.0,3182960.0,1.0,1,7957.4,7964.0,2,8003.0,7913.2,7998.8,7902.6,134.0,213232440.0,3146
2015-08-21 09:15:46,IC1508,IC1508,7957.4,0.0,0.0,0.0,1,7957.4,7964.2,2,8003.0,7913.2,7998.8,7902.6,134.0,213232440.0,3146
2015-08-21 09:15:47,IC1508,IC1508,7957.4,0.0,0.0,0.0,1,7957.6,7964.2,4,8003.0,7913.2,7998.8,7902.6,134.0,213232440.0,3146
2015-08-21 09:15:47,IC1508,IC1508,7964.2,1.0,1592840.0,0.0,1,7957.6,7964.2,1,8003.0,7913.2,7998.8,7902.6,135.0,214825280.0,3146
2015-08-21 09:15:48,IC1508,IC1508,7964.2,0.0,0.0,0.0,1,7960.0,7964.2,2,8003.0,7913.2,7998.8,7902.6,135.0,214825280.0,3146
2015-08-21 09:15:48,IC1508,IC1508,7964.2,2.0,3185680.0,0.0,1,7960.0,7963.2,1,8003.0,7913.2,7998.8,7902.6,137.0,218010960.0,3146
2015-08-21 09:15:49,IC1508,IC1508,7964.2,0.0,0.0,0.0,1,7960.0,7962.8,5,8003.0,7913.2,7998.8,7902.6,137.0,218010960.0,3146
2015-08-21 09:15:49,IC1508,IC1508,7964.2,12.0,19112680.0,1.0,1,7964.2,7965.6,1,8003.0,7913.2,7998.8,7902.6,149.0,237123640.0,3147
2015-08-21 09:15:50,IC1508,IC1508,7964.2,1.0,1592840.0,1.0,1,7959.8,7965.2,5,8003.0,7913.2,7998.8,7902.6,150.0,238716480.0,3148
2015-08-21 09:15:50,IC1508,IC1508,7965.2,2.0,3185320.0,0.0,1,7959.8,7965.2,4,8003.0,7913.2,7998.8,7902.6,152.0,241901800.0,3148
2015-08-21 09:15:51,IC1508,IC1508,7965.2,0.0,0.0,0.0,1,7960.0,7965.2,5,8003.0,7913.2,7998.8,7902.6,152.0,241901800.0,3148
2015-08-21 09:15:52,IC1508,IC1508,7965.2,0.0,0.0,0.0,1,7960.8,7963.4,1,8003.0,7913.2,7998.8,7902.6,152.0,241901800.0,3148
2015-08-21 09:15:52,IC1508,IC1508,7963.4,3.0,4777520.0,2.0,1,7960.8,7963.0,1,8003.0,7913.2,7998.8,7902.6,155.0,246679320.0,3150
2015-08-21 09:15:53,IC1508,IC1508,7963.4,0.0,0.0,0.0,1,7960.8,7965.2,1,8003.0,7913.2,7998.8,7902.6,155.0,246679320.0,3150
2015-08-21 09:15:53,IC1508,IC1508,7963.4,0.0,0.0,0.0,1,7960.8,7964.0,1,8003.0,7913.2,7998.8,7902.6,155.0,246679320.0,3150
2015-08-21 09:15:54,IC1508,IC1508,7960.8,1.0,1592160.0,1.0,1,7960.0,7960.6,1,8003.0,7913.2,7998.8,7902.6,156.0,248271480.0,3151
2015-08-21 09:15:55,IC1508,IC1508,7960.0,6.0,9552320.0,1.0,1,7959.8,7964.8,1,8003.0,7913.2,7998.8,7902.6,162.0,257823800.0,3152
2015-08-21 09:15:55,IC1508,IC1508,7960.0,0.0,0.0,0.0,1,7961.4,7965.0,1,8003.0,7913.2,7998.8,7902.6,162.0,257823800.0,3152
2015-08-21 09:15:56,IC1508,IC1508,7960.0,0.0,0.0,0.0,11,7961.6,7965.0,1,8003.0,7913.2,7998.8,7902.6,162.0,257823800.0,3152
2015-08-21 09:15:56,IC1508,IC1508,7965.0,1.0,1593000.0,-1.0,1,7961.8,7965.2,1,8003.0,7913.2,7998.8,7902.6,163.0,259416800.0,3151
2015-08-21 09:15:57,IC1508,IC1508,7962.2,2.0,3185480.0,1.0,1,7962.0,7964.6,1,8003.0,7913.2,7998.8,7902.6,165.0,262602280.0,3152
2015-08-21 09:15:57,IC1508,IC1508,7964.6,1.0,1592920.0,-1.0,1,7962.6,7968.0,1,8003.0,7913.2,7998.8,7902.6,166.0,264195200.0,3151
2015-08-21 09:15:58,IC1508,IC1508,7968.0,1.0,1593600.0,0.0,1,7965.2,7968.2,1,8003.0,7913.2,7998.8,7902.6,167.0,265788800.0,3151
2015-08-21 09:15:58,IC1508,IC1508,7968.2,1.0,1593640.0,-1.0,1,7965.4,7968.8,1,8003.0,7913.2,7998.8,7902.6,168.0,267382440.0,3150
2015-08-21 09:15:59,IC1508,IC1508,7968.8,1.0,1593760.0,0.0,1,7965.6,7973.0,1,8003.0,7913.2,7998.8,7902.6,169.0,268976200.0,3150
2015-08-21 09:15:59,IC1508,IC1508,7965.8,1.0,1593160.0,-1.0,1,7965.6,7973.0,1,8003.0,7913.2,7998.8,7902.6,170.0,270569360.0,3149
2015-08-21 09:16:00,IC1508,IC1508,7965.8,0.0,0.0,0.0,1,7969.6,7973.0,1,8003.0,7913.2,7998.8,7902.6,170.0,270569360.0,3149
2015-08-21 09:16:00,IC1508,IC1508,7972.8,1.0,1594560.0,-1.0,1,7969.8,7973.0,1,8003.0,7913.2,7998.8,7902.6,171.0,272163920.0,3148
2015-08-21 09:16:01,IC1508,IC1508,7972.8,1.0,1594560.0,-1.0,1,7969.8,7973.0,1,8003.0,7913.2,7998.8,7902.6,172.0,273758480.0,3147
2015-08-21 09:16:01,IC1508,IC1508,7972.8,1.0,1594560.0,0.0,1,7969.8,7973.0,1,8003.0,7913.2,7998.8,7902.6,173.0,275353040.0,3147
2015-08-21 09:16:02,IC1508,IC1508,7972.8,0.0,0.0,0.0,1,7969.8,7972.8,6,8003.0,7913.2,7998.8,7902.6,173.0,275353040.0,3147
2015-08-21 09:16:03,IC1508,IC1508,7972.8,2.0,3189120.0,0.0,1,7969.8,7972.8,4,8003.0,7913.2,7998.8,7902.6,175.0,278542160.0,3147
2015-08-21 09:16:03,IC1508,IC1508,7972.8,0.0,0.0,0.0,2,7969.8,7972.8,4,8003.0,7913.2,7998.8,7902.6,175.0,278542160.0,3147
2015-08-21 09:16:04,IC1508,IC1508,7972.8,1.0,1594560.0,0.0,2,7969.8,7972.8,3,8003.0,7913.2,7998.8,7902.6,176.0,280136720.0,3147
2015-08-21 09:16:04,IC1508,IC1508,7972.8,1.0,1594560.0,0.0,1,7969.8,7972.8,2,8003.0,7913.2,7998.8,7902.6,177.0,281731280.0,3147
2015-08-21 09:16:05,IC1508,IC1508,7970.0,2.0,3188560.0,0.0,9,7970.0,7972.8,1,8003.0,7913.2,7998.8,7902.6,179.0,284919840.0,3147
2015-08-21 09:16:05,IC1508,IC1508,7969.8,2.0,3188520.0,2.0,1,7968.8,7973.0,1,8003.0,7913.2,7998.8,7902.6,181.0,288108360.0,3149
2015-08-21 09:16:06,IC1508,IC1508,7973.0,2.0,3189120.0,0.0,1,7969.4,7972.2,1,8003.0,7913.2,7998.8,7902.6,183.0,291297480.0,3149
2015-08-21 09:16:06,IC1508,IC1508,7973.0,0.0,0.0,0.0,1,7968.8,7972.2,1,8003.0,7913.2,7998.8,7902.6,183.0,291297480.0,3149
2015-08-21 09:16:08,IC1508,IC1508,7973.0,0.0,0.0,0.0,1,7969.4,7972.2,1,8003.0,7913.2,7998.8,7902.6,183.0,291297480.0,3149
2015-08-21 09:16:08,IC1508,IC1508,7973.0,0.0,0.0,0.0,1,7970.0,7972.0,1,8003.0,7913.2,7998.8,7902.6,183.0,291297480.0,3149
2015-08-21 09:16:09,IC1508,IC1508,7970.0,1.0,1594000.0,-1.0,1,7968.8,7972.0,1,8003.0,7913.2,7998.8,7902.6,184.0,292891480.0,3148
2015-08-21 09:16:09,IC1508,IC1508,7968.8,1.0,1593760.0,-1.0,1,7960.8,7972.0,1,8003.0,7913.2,7998.8,7902.6,185.0,294485240.0,3147
2015-08-21 09:16:10,IC1508,IC1508,7968.8,0.0,0.0,0.0,1,7962.2,7970.4,1,8003.0,7913.2,7998.8,7902.6,185.0,294485240.0,3147
2015-08-21 09:16:11,IC1508,IC1508,7968.8,1.0,1593760.0,1.0,1,7962.2,7969.0,1,8003.0,7913.2,7998.8,7902.6,186.0,296079000.0,3148
2015-08-21 09:16:12,IC1508,IC1508,7968.8,0.0,0.0,0.0,1,7962.4,7969.0,1,8003.0,7913.2,7998.8,7902.6,186.0,296079000.0,3148
2015-08-21 09:16:12,IC1508,IC1508,7968.8,0.0,0.0,0.0,1,7962.4,7968.8,1,8003.0,7913.2,7998.8,7902.6,186.0,296079000.0,3148
2015-08-21 09:16:13,IC1508,IC1508,7968.8,0.0,0.0,0.0,1,7962.4,7968.4,3,8003.0,7913.2,7998.8,7902.6,186.0,296079000.0,3148
2015-08-21 09:16:13,IC1508,IC1508,7968.8,0.0,0.0,0.0,1,7962.4,7965.4,1,8003.0,7913.2,7998.8,7902.6,186.0,296079000.0,3148
2015-08-21 09:16:14,IC1508,IC1508,7962.2,2.0,3184920.0,1.0,1,7960.0,7965.2,1,8003.0,7913.2,7998.8,7902.6,188.0,299263920.0,3149
2015-08-21 09:16:14,IC1508,IC1508,7959.8,3.0,4775920.0,1.0,2,7956.4,7964.8,4,8003.0,7913.2,7998.8,7902.6,191.0,304039840.0,3150
2015-08-21 09:16:15,IC1508,IC1508,7956.4,2.0,3182560.0,2.0,1,7956.2,7960.6,1,8003.0,7913.2,7998.8,7902.6,193.0,307222400.0,3152
2015-08-21 09:16:15,IC1508,IC1508,7956.4,0.0,0.0,0.0,1,7956.2,7959.8,1,8003.0,7913.2,7998.8,7902.6,193.0,307222400.0,3152
2015-08-21 09:16:16,IC1508,IC1508,7956.4,2.0,3182560.0,0.0,1,7956.2,7959.6,1,8003.0,7913.2,7998.8,7902.6,195.0,310404960.0,3152
2015-08-21 09:16:16,IC1508,IC1508,7956.4,1.0,1591280.0,1.0,1,7956.2,7958.4,1,8003.0,7913.2,7998.8,7902.6,196.0,311996240.0,3153
2015-08-21 09:16:17,IC1508,IC1508,7958.2,1.0,1591640.0,0.0,1,7956.2,7958.4,1,8003.0,7913.2,7998.8,7902.6,197.0,313587880.0,3153
2015-08-21 09:16:17,IC1508,IC1508,7956.2,1.0,1591240.0,0.0,1,7955.6,7958.4,1,8003.0,7913.2,7998.8,7902.6,198.0,315179120.0,3153
2015-08-21 09:16:18,IC1508,IC1508,7956.2,0.0,0.0,0.0,1,7954.4,7958.4,1,8003.0,7913.2,7998.8,7902.6,198.0,315179120.0,3153
2015-08-21 09:16:18,IC1508,IC1508,7962.4,2.0,3184160.0,-1.0,1,7960.4,7965.2,2,8003.0,7913.2,7998.8,7902.6,200.0,318363280.0,3152
2015-08-21 09:16:19,IC1508,IC1508,7964.8,2.0,3185920.0,0.0,1,7960.4,7966.4,1,8003.0,7913.2,7998.8,7902.6,202.0,321549200.0,3152
2015-08-21 09:16:19,IC1508,IC1508,7962.8,1.0,1592560.0,0.0,1,7960.4,7968.4,1,8003.0,7913.2,7998.8,7902.6,203.0,323141760.0,3152
2015-08-21 09:16:20,IC1508,IC1508,7962.8,0.0,0.0,0.0,1,7961.0,7968.2,1,8003.0,7913.2,7998.8,7902.6,203.0,323141760.0,3152
2015-08-21 09:16:20,IC1508,IC1508,7967.2,3.0,4779080.0,-1.0,1,7962.0,7968.2,1,8003.0,7913.2,7998.8,7902.6,206.0,327920840.0,3151
2015-08-21 09:16:21,IC1508,IC1508,7967.2,0.0,0.0,0.0,1,7963.2,7968.2,1,8003.0,7913.2,7998.8,7902.6,206.0,327920840.0,3151
2015-08-21 09:16:21,IC1508,IC1508,7967.2,0.0,0.0,0.0,4,7963.4,7968.2,1,8003.0,7913.2,7998.8,7902.6,206.0,327920840.0,3151
2015-08-21 09:16:22,IC1508,IC1508,7963.6,2.0,3186360.0,0.0,1,7968.6,7970.0,1,8003.0,7913.2,7998.8,7902.6,208.0,331107200.0,3151
2015-08-21 09:16:22,IC1508,IC1508,7968.8,2.0,3187760.0,0.0,1,7968.8,7969.0,1,8003.0,7913.2,7998.8,7902.6,210.0,334294960.0,3151
2015-08-21 09:16:23,IC1508,IC1508,7969.0,2.0,3187600.0,-1.0,1,7969.0,7970.4,1,8003.0,7913.2,7998.8,7902.6,212.0,337482560.0,3150
2015-08-21 09:16:23,IC1508,IC1508,7970.4,1.0,1594080.0,0.0,1,7969.4,7971.8,1,8003.0,7913.2,7998.8,7902.6,213.0,339076640.0,3150
2015-08-21 09:16:24,IC1508,IC1508,7970.4,0.0,0.0,0.0,1,7970.0,7971.8,1,8003.0,7913.2,7998.8,7902.6,213.0,339076640.0,3150
2015-08-21 09:16:24,IC1508,IC1508,7971.8,1.0,1594360.0,0.0,1,7970.0,7972.4,3,8003.0,7913.2,7998.8,7902.6,214.0,340671000.0,3150
2015-08-21 09:16:26,IC1508,IC1508,7970.0,1.0,1594000.0,0.0,1,7969.4,7972.4,3,8003.0,7913.2,7998.8,7902.6,215.0,342265000.0,3150
2015-08-21 09:16:27,IC1508,IC1508,7970.0,0.0,0.0,0.0,2,7969.4,7972.2,6,8003.0,7913.2,7998.8,7902.6,215.0,342265000.0,3150
2015-08-21 09:16:27,IC1508,IC1508,7970.0,0.0,0.0,0.0,1,7969.6,7972.4,3,8003.0,7913.2,7998.8,7902.6,215.0,342265000.0,3150
2015-08-21 09:16:29,IC1508,IC1508,7969.6,1.0,1593920.0,0.0,1,7969.4,7971.4,1,8003.0,7913.2,7998.8,7902.6,216.0,343858920.0,3150
2015-08-21 09:16:30,IC1508,IC1508,7969.4,1.0,1593880.0000010133,-1.0,1,7969.6,7971.4,1,8003.0,7913.2,7998.8,7902.6,217.0,345452800.000001,3149
2015-08-21 09:16:31,IC1508,IC1508,7969.4,1.0,1593880.0,0.0,1,7965.6,7971.2,6,8003.0,7913.2,7998.8,7902.6,218.0,347046680.000001,3149
2015-08-21 09:16:31,IC1508,IC1508,7969.4,0.0,0.0,0.0,2,7969.2,7971.4,1,8003.0,7913.2,7998.8,7902.6,218.0,347046680.000001,3149
2015-08-21 09:16:32,IC1508,IC1508,7969.4,0.0,0.0,0.0,1,7965.6,7971.4,1,8003.0,7913.2,7998.8,7902.6,218.0,347046680.000001,3149
2015-08-21 09:16:32,IC1508,IC1508,7969.4,0.0,0.0,0.0,1,7965.6,7969.4,1,8003.0,7913.2,7998.8,7902.6,218.0,347046680.000001,3149
2015-08-21 09:16:33,IC1508,IC1508,7969.4,0.0,0.0,0.0,2,7969.2,7969.4,1,8003.0,7913.2,7998.8,7902.6,218.0,347046680.000001,3149
2015-08-21 09:16:33,IC1508,IC1508,7969.4,0.0,0.0,0.0,2,7961.6,7965.6,1,8003.0,7913.2,7998.8,7902.6,218.0,347046680.000001,3149
2015-08-21 09:16:34,IC1508,IC1508,7969.2,1.0,1593840.0,-1.0,1,7969.2,7969.4,1,8003.0,7913.2,7998.8,7902.6,219.0,348640520.000001,3148
2015-08-21 09:16:34,IC1508,IC1508,7969.2,1.0,1593840.0,0.0,1,7960.0,7969.4,1,8003.0,7913.2,7998.8,7902.6,220.0,350234360.000001,3148
2015-08-21 09:16:35,IC1508,IC1508,7969.2,0.0,0.0,0.0,1,7960.6,7968.8,2,8003.0,7913.2,7998.8,7902.6,220.0,350234360.000001,3148
2015-08-21 09:16:35,IC1508,IC1508,7961.6,1.0,1592320.0,0.0,1,7961.4,7967.8,1,8003.0,7913.2,7998.8,7902.6,221.0,351826680.000001,3148
2015-08-21 09:16:36,IC1508,IC1508,7967.8,1.0,1593560.0,0.0,1,7962.4,7966.8,1,8003.0,7913.2,7998.8,7902.6,222.0,353420240.000001,3148
2015-08-21 09:16:36,IC1508,IC1508,7969.4,5.0,7968800.0,-3.0,1,7962.4,7972.2,1,8003.0,7913.2,7998.8,7902.6,227.0,361389040.000001,3145
2015-08-21 09:16:37,IC1508,IC1508,7967.6,1.0,1593520.0,0.0,2,7962.6,7972.2,1,8003.0,7913.2,7998.8,7902.6,228.0,362982560.000001,3145
2015-08-21 09:16:37,IC1508,IC1508,7967.6,0.0,0.0,0.0,1,7966.4,7972.2,1,8003.0,7913.2,7998.8,7902.6,228.0,362982560.000001,3145
2015-08-21 09:16:38,IC1508,IC1508,7972.0,2.0,3188800.0,0.0,1,7968.4,7972.2,1,8003.0,7913.2,7998.8,7902.6,230.0,366171360.000001,3145
2015-08-21 09:16:38,IC1508,IC1508,7972.2,1.0,1594440.0,0.0,1,7972.2,7972.4,3,8003.0,7913.2,7998.8,7902.6,231.0,367765800.000001,3145
2015-08-21 09:16:39,IC1508,IC1508,7972.4,1.0,1594480.0,0.0,1,7972.2,7972.4,2,8003.0,7913.2,7998.8,7902.6,232.0,369360280.000001,3145
2015-08-21 09:16:39,IC1508,IC1508,7972.2,2.0,3188920.0,0.0,1,7970.0,7972.4,1,8003.0,7913.2,7998.8,7902.6,234.0,372549200.000001,3145
2015-08-21 09:16:40,IC1508,IC1508,7972.2,0.0,0.0,0.0,1,7970.2,7972.4,1,8003.0,7913.2,7998.8,7902.6,234.0,372549200.000001,3145
2015-08-21 09:16:41,IC1508,IC1508,7970.2,2.0,3188520.0,-1.0,1,7968.4,7975.2,10,8003.0,7913.2,7998.8,7902.6,236.0,375737720.000001,3144
2015-08-21 09:16:41,IC1508,IC1508,7970.2,0.0,0.0,0.0,1,7968.4,7974.8,1,8003.0,7913.2,7998.8,7902.6,236.0,375737720.000001,3144
2015-08-21 09:16:42,IC1508,IC1508,7970.2,0.0,0.0,0.0,1,7969.4,7973.8,2,8003.0,7913.2,7998.8,7902.6,236.0,375737720.000001,3144
2015-08-21 09:16:42,IC1508,IC1508,7970.2,0.0,0.0,0.0,1,7968.4,7973.6,1,8003.0,7913.2,7998.8,7902.6,236.0,375737720.000001,3144
2015-08-21 09:16:43,IC1508,IC1508,7970.2,0.0,0.0,0.0,1,7968.4,7973.2,1,8003.0,7913.2,7998.8,7902.6,236.0,375737720.000001,3144
2015-08-21 09:16:43,IC1508,IC1508,7961.8,3.0,4778040.0,-1.0,2,7961.6,7970.8,2,8003.0,7913.2,7998.8,7902.6,239.0,380515760.000001,3143
2015-08-21 09:16:44,IC1508,IC1508,7961.8,0.0,0.0,0.0,1,7962.8,7970.8,2,8003.0,7913.2,7998.8,7902.6,239.0,380515760.000001,3143
2015-08-21 09:16:44,IC1508,IC1508,7961.8,0.0,0.0,0.0,1,7966.4,7970.8,2,8003.0,7913.2,7998.8,7902.6,239.0,380515760.000001,3143
2015-08-21 09:16:45,IC1508,IC1508,7961.8,0.0,0.0,0.0,1,7966.4,7968.2,3,8003.0,7913.2,7998.8,7902.6,239.0,380515760.000001,3143
2015-08-21 09:16:45,IC1508,IC1508,7961.8,0.0,0.0,0.0,1,7965.2,7968.0,1,8003.0,7913.2,7998.8,7902.6,239.0,380515760.000001,3143
2015-08-21 09:16:46,IC1508,IC1508,7968.0,1.0,1593600.0,-1.0,1,7963.2,7968.0,1,8003.0,7913.2,7998.8,7902.6,240.0,382109360.000001,3142
2015-08-21 09:16:46,IC1508,IC1508,7968.0,1.0,1593600.0,0.0,1,7966.0,7968.2,3,8003.0,7913.2,7998.8,7902.6,241.0,383702960.000001,3142
2015-08-21 09:16:48,IC1508,IC1508,7967.4,1.0,1593480.0,0.0,1,7966.0,7968.2,3,8003.0,7913.2,7998.8,7902.6,242.0,385296440.000001,3142
2015-08-21 09:16:49,IC1508,IC1508,7968.2,1.0,1593640.0,0.0,1,7966.0,7971.8,1,8003.0,7913.2,7998.8,7902.6,243.0,386890080.000001,3142
2015-08-21 09:16:49,IC1508,IC1508,7968.2,0.0,0.0,0.0,1,7964.2,7970.4,1,8003.0,7913.2,7998.8,7902.6,243.0,386890080.000001,3142
2015-08-21 09:16:50,IC1508,IC1508,7968.2,0.0,0.0,0.0,1,7964.2,7965.6,2,8003.0,7913.2,7998.8,7902.6,243.0,386890080.000001,3142
2015-08-21 09:16:50,IC1508,IC1508,7965.8,1.0,1593160.0,0.0,1,7963.2,7965.6,1,8003.0,7913.2,7998.8,7902.6,244.0,388483240.000001,3142
2015-08-21 09:16:51,IC1508,IC1508,7965.8,0.0,0.0,0.0,10,7963.4,7965.6,1,8003.0,7913.2,7998.8,7902.6,244.0,388483240.000001,3142
2015-08-21 09:16:51,IC1508,IC1508,7965.6,1.0,1593120.0,0.0,4,7965.6,7969.2,1,8003.0,7913.2,7998.8,7902.6,245.0,390076360.000001,3142
2015-08-21 09:16:52,IC1508,IC1508,7965.6,3.0,4779360.0,-3.0,1,7966.0,7969.2,1,8003.0,7913.2,7998.8,7902.6,248.0,394855720.000001,3139
2015-08-21 09:16:53,IC1508,IC1508,7965.6,0.0,0.0,0.0,1,7966.0,7968.4,1,8003.0,7913.2,7998.8,7902.6,248.0,394855720.000001,3139
2015-08-21 09:16:54,IC1508,IC1508,7965.6,0.0,0.0,0.0,1,7966.0,7970.2,1,8003.0,7913.2,7998.8,7902.6,248.0,394855720.000001,3139
2015-08-21 09:16:55,IC1508,IC1508,7965.6,1.0,1593120.0,0.0,1,7964.6,7969.6,1,8003.0,7913.2,7998.8,7902.6,249.0,396448840.000001,3139
2015-08-21 09:16:55,IC1508,IC1508,7965.6,0.0,0.0,0.0,4,7969.2,7971.6,1,8003.0,7913.2,7998.8,7902.6,249.0,396448840.000001,3139
2015-08-21 09:16:56,IC1508,IC1508,7965.6,0.0,0.0,0.0,4,7969.2,7972.8,1,8003.0,7913.2,7998.8,7902.6,249.0,396448840.000001,3139
2015-08-21 09:16:56,IC1508,IC1508,7965.6,1.0,1593120.0,0.0,3,7969.2,7971.8,1,8003.0,7913.2,7998.8,7902.6,250.0,398041960.000001,3139
2015-08-21 09:16:57,IC1508,IC1508,7965.6,0.0,0.0,0.0,10,7969.4,7973.0,1,8003.0,7913.2,7998.8,7902.6,250.0,398041960.000001,3139
2015-08-21 09:16:57,IC1508,IC1508,7965.6,0.0,0.0,0.0,1,7969.8,7972.8,1,8003.0,7913.2,7998.8,7902.6,250.0,398041960.000001,3139
2015-08-21 09:16:58,IC1508,IC1508,7972.8,2.0,3187760.0,-1.0,2,7969.8,7973.0,1,8003.0,7913.2,7998.8,7902.6,252.0,401229720.000001,3138
2015-08-21 09:16:59,IC1508,IC1508,7973.6,3.0,4784040.000001013,1.0,1,7970.0,7973.6,8,8003.0,7913.2,7998.8,7902.6,255.0,406013760.000002,3139
2015-08-21 09:16:59,IC1508,IC1508,7973.6,6.0,9568320.0,-1.0,1,7970.0,7973.6,2,8003.0,7913.2,7998.8,7902.6,261.0,415582080.000002,3138
2015-08-21 09:17:00,IC1508,IC1508,7975.0,3.0,4784440.0,-1.0,1,7974.0,7975.2,10,8003.0,7913.2,7998.8,7902.6,264.0,420366520.000002,3137
2015-08-21 09:17:00,IC1508,IC1508,7975.2,13.0,20734320.0,2.0,1,7973.0,7975.2,3,8003.0,7913.2,7998.8,7902.6,277.0,441100840.000002,3139
2015-08-21 09:17:01,IC1508,IC1508,7975.2,0.0,0.0,0.0,1,7974.0,7975.2,3,8003.0,7913.2,7998.8,7902.6,277.0,441100840.000002,3139
2015-08-21 09:17:01,IC1508,IC1508,7975.2,3.0,4785120.0,2.0,1,7974.4,7977.2,1,8003.0,7913.2,7998.8,7902.6,280.0,445885960.000002,3141
2015-08-21 09:17:02,IC1508,IC1508,7974.6,2.0,3190360.0,1.0,1,7978.4,7981.0,1,8003.0,7913.2,7998.8,7902.6,282.0,449076320.000002,3142
2015-08-21 09:17:02,IC1508,IC1508,7978.4,1.0,1595680.0,0.0,1,7978.8,7981.8,1,8003.0,7913.2,7998.8,7902.6,283.0,450672000.000002,3142
2015-08-21 09:17:03,IC1508,IC1508,7987.8,1.0,1597560.0,0.0,1,7979.0,7988.8,1,8003.0,7913.2,7998.8,7902.6,284.0,452269560.000002,3142
2015-08-21 09:17:03,IC1508,IC1508,7983.6,1.0,1596720.0,-1.0,1,7979.8,7988.0,1,8003.0,7913.2,7998.8,7902.6,285.0,453866280.000002,3141
2015-08-21 09:17:04,IC1508,IC1508,7988.0,4.0,6390120.0,0.0,1,7988.0,7988.8,1,8003.0,7913.2,7998.8,7902.6,289.0,460256400.000002,3141
2015-08-21 09:17:04,IC1508,IC1508,7988.8,1.0,1597760.0,-1.0,1,7988.2,7989.8,5,8003.0,7913.2,7998.8,7902.6,290.0,461854160.000002,3140
2015-08-21 09:17:05,IC1508,IC1508,7988.8,0.0,0.0,0.0,1,7988.8,7989.8,5,8003.0,7913.2,7998.8,7902.6,290.0,461854160.000002,3140
2015-08-21 09:17:06,IC1508,IC1508,7989.8,1.0,1597960.0,-1.0,2,7988.8,7989.8,4,8003.0,7913.2,7998.8,7902.6,291.0,463452120.000002,3139
2015-08-21 09:17:06,IC1508,IC1508,7989.6,4.0,6391360.0,-1.0,2,7988.8,7989.8,4,8003.0,7913.2,7998.8,7902.6,295.0,469843480.000002,3138
2015-08-21 09:17:07,IC1508,IC1508,7988.0,5.0,7988520.0,-2.0,1,7983.8,7989.0,1,8003.0,7913.2,7998.8,7902.6,300.0,477832000.000002,3136
2015-08-21 09:17:07,IC1508,IC1508,7988.0,0.0,0.0,0.0,1,7984.2,7988.8,1,8003.0,7913.2,7998.8,7902.6,300.0,477832000.000002,3136
2015-08-21 09:17:08,IC1508,IC1508,7983.8,2.0,3193600.0,-1.0,1,7980.0,7988.6,1,8003.0,7913.2,7998.8,7902.6,302.0,481025600.000002,3135
2015-08-21 09:17:09,IC1508,IC1508,7986.6,1.0,1597320.0,0.0,1,7980.0,7988.4,1,8003.0,7913.2,7998.8,7902.6,303.0,482622920.000002,3135
2015-08-21 09:17:09,IC1508,IC1508,7988.8,3.0,4792880.0,-1.0,1,7981.0,7989.6,1,8003.0,7913.2,7998.8,7902.6,306.0,487415800.000002,3134
2015-08-21 09:17:10,IC1508,IC1508,7988.8,0.0,0.0,0.0,1,7982.4,7989.6,1,8003.0,7913.2,7998.8,7902.6,306.0,487415800.000002,3134
2015-08-21 09:17:10,IC1508,IC1508,7988.8,0.0,0.0,0.0,2,7988.8,7989.6,1,8003.0,7913.2,7998.8,7902.6,306.0,487415800.000002,3134
2015-08-21 09:17:11,IC1508,IC1508,7988.8,2.0,3195520.0,0.0,3,7982.6,7988.6,1,8003.0,7913.2,7998.8,7902.6,308.0,490611320.000002,3134
2015-08-21 09:17:11,IC1508,IC1508,7988.8,0.0,0.0,0.0,1,7983.6,7988.6,1,8003.0,7913.2,7998.8,7902.6,308.0,490611320.000002,3134
2015-08-21 09:17:12,IC1508,IC1508,7983.6,1.0,1596720.0,-1.0,1,7982.4,7988.2,1,8003.0,7913.2,7998.8,7902.6,309.0,492208040.000002,3133
2015-08-21 09:17:12,IC1508,IC1508,7983.6,0.0,0.0,0.0,1,7980.4,7988.6,1,8003.0,7913.2,7998.8,7902.6,309.0,492208040.000002,3133
2015-08-21 09:17:13,IC1508,IC1508,7983.6,0.0,0.0,0.0,1,7981.4,7987.6,1,8003.0,7913.2,7998.8,7902.6,309.0,492208040.000002,3133
2015-08-21 09:17:13,IC1508,IC1508,7983.6,0.0,0.0,0.0,1,7980.4,7988.2,1,8003.0,7913.2,7998.8,7902.6,309.0,492208040.000002,3133
2015-08-21 09:17:14,IC1508,IC1508,7983.6,0.0,0.0,0.0,1,7980.4,7986.4,1,8003.0,7913.2,7998.8,7902.6,309.0,492208040.000002,3133
2015-08-21 09:17:14,IC1508,IC1508,7983.6,0.0,0.0,0.0,1,7980.4,7988.6,1,8003.0,7913.2,7998.8,7902.6,309.0,492208040.000002,3133
2015-08-21 09:17:15,IC1508,IC1508,7983.6,0.0,0.0,0.0,1,7982.8,7988.6,1,8003.0,7913.2,7998.8,7902.6,309.0,492208040.000002,3133
2015-08-21 09:17:15,IC1508,IC1508,7983.6,0.0,0.0,0.0,1,7988.2,7988.6,1,8003.0,7913.2,7998.8,7902.6,309.0,492208040.000002,3133
2015-08-21 09:17:16,IC1508,IC1508,7988.2,1.0,1597640.0,0.0,1,7983.2,7988.0,1,8003.0,7913.2,7998.8,7902.6,310.0,493805680.000002,3133
2015-08-21 09:17:17,IC1508,IC1508,7988.2,0.0,0.0,0.0,2,7983.0,7988.0,2,8003.0,7913.2,7998.8,7902.6,310.0,493805680.000002,3133
2015-08-21 09:17:17,IC1508,IC1508,7988.2,0.0,0.0,0.0,1,7980.8,7988.0,2,8003.0,7913.2,7998.8,7902.6,310.0,493805680.000002,3133
2015-08-21 09:17:18,IC1508,IC1508,7980.8,1.0,1596160.0,-1.0,1,7983.2,7986.2,1,8003.0,7913.2,7998.8,7902.6,311.0,495401840.000002,3132
2015-08-21 09:17:18,IC1508,IC1508,7980.8,1.0,1596160.0,0.0,1,7983.2,7988.0,2,8003.0,7913.2,7998.8,7902.6,312.0,496998000.000002,3132
2015-08-21 09:17:19,IC1508,IC1508,7980.8,1.0,1596160.0,1.0,7,7983.4,7988.0,2,8003.0,7913.2,7998.8,7902.6,313.0,498594160.000002,3133
2015-08-21 09:17:19,IC1508,IC1508,7980.8,0.0,0.0,0.0,1,7983.6,7988.0,2,8003.0,7913.2,7998.8,7902.6,313.0,498594160.000002,3133
2015-08-21 09:17:20,IC1508,IC1508,7980.8,0.0,0.0,0.0,1,7984.0,7988.0,2,8003.0,7913.2,7998.8,7902.6,313.0,498594160.000002,3133
2015-08-21 09:17:21,IC1508,IC1508,7980.8,0.0,0.0,0.0,1,7980.6,7987.8,1,8003.0,7913.2,7998.8,7902.6,313.0,498594160.000002,3133
2015-08-21 09:17:21,IC1508,IC1508,7980.0,3.0,4788200.0,-1.0,1,7979.8,7986.4,1,8003.0,7913.2,7998.8,7902.6,316.0,503382360.000002,3132
2015-08-21 09:17:22,IC1508,IC1508,7980.0,0.0,0.0,0.0,1,7979.8,7986.2,1,8003.0,7913.2,7998.8,7902.6,316.0,503382360.000002,3132
2015-08-21 09:17:23,IC1508,IC1508,7980.0,0.0,0.0,0.0,1,7980.2,7986.2,1,8003.0,7913.2,7998.8,7902.6,316.0,503382360.000002,3132
2015-08-21 09:17:23,IC1508,IC1508,7980.2,1.0,1596040.0,1.0,4,7980.4,7986.2,1,8003.0,7913.2,7998.8,7902.6,317.0,504978400.000002,3133
2015-08-21 09:17:24,IC1508,IC1508,7980.2,0.0,0.0,0.0,2,7979.8,7986.0,1,8003.0,7913.2,7998.8,7902.6,317.0,504978400.000002,3133
2015-08-21 09:17:24,IC1508,IC1508,7980.2,0.0,0.0,0.0,1,7980.2,7985.8,1,8003.0,7913.2,7998.8,7902.6,317.0,504978400.000002,3133
2015-08-21 09:17:25,IC1508,IC1508,7980.2,0.0,0.0,0.0,2,7979.8,7985.0,1,8003.0,7913.2,7998.8,7902.6,317.0,504978400.000002,3133
2015-08-21 09:17:25,IC1508,IC1508,7980.2,0.0,0.0,0.0,2,7979.8,7984.8,1,8003.0,7913.2,7998.8,7902.6,317.0,504978400.000002,3133
2015-08-21 09:17:26,IC1508,IC1508,7980.2,0.0,0.0,0.0,2,7979.8,7980.2,1,8003.0,7913.2,7998.8,7902.6,317.0,504978400.000002,3133
2015-08-21 09:17:26,IC1508,IC1508,7980.2,2.0,3192080.0,1.0,2,7979.8,7984.6,1,8003.0,7913.2,7998.8,7902.6,319.0,508170480.000002,3134
2015-08-21 09:17:27,IC1508,IC1508,7980.2,0.0,0.0,0.0,2,7979.8,7983.6,1,8003.0,7913.2,7998.8,7902.6,319.0,508170480.000002,3134
2015-08-21 09:17:28,IC1508,IC1508,7979.8,1.0,1595960.0,0.0,1,7979.8,7983.4,1,8003.0,7913.2,7998.8,7902.6,320.0,509766440.000002,3134
2015-08-21 09:17:29,IC1508,IC1508,7983.2,1.0,1596640.0,-1.0,1,7979.8,7983.2,9,8003.0,7913.2,7998.8,7902.6,321.0,511363080.000002,3133
2015-08-21 09:17:29,IC1508,IC1508,7977.2,4.0,6384600.0,1.0,1,7975.4,7983.0,2,8003.0,7913.2,7998.8,7902.6,325.0,517747680.000002,3134
2015-08-21 09:17:30,IC1508,IC1508,7977.2,0.0,0.0,0.0,1,7975.4,7982.8,4,8003.0,7913.2,7998.8,7902.6,325.0,517747680.000002,3134
2015-08-21 09:17:30,IC1508,IC1508,7975.4,1.0,1595080.0,1.0,2,7975.2,7979.2,1,8003.0,7913.2,7998.8,7902.6,326.0,519342760.000002,3135
2015-08-21 09:17:31,IC1508,IC1508,7975.4,0.0,0.0,0.0,2,7975.2,7979.0,2,8003.0,7913.2,7998.8,7902.6,326.0,519342760.000002,3135
2015-08-21 09:17:31,IC1508,IC1508,7975.2,1.0,1595040.0,0.0,1,7975.2,7978.8,1,8003.0,7913.2,7998.8,7902.6,327.0,520937800.000002,3135
2015-08-21 09:17:32,IC1508,IC1508,7975.2,0.0,0.0,0.0,1,7975.2,7978.6,8,8003.0,7913.2,7998.8,7902.6,327.0,520937800.000002,3135
2015-08-21 09:17:32,IC1508,IC1508,7978.4,6.0,9573280.0,0.0,2,7970.4,7978.4,1,8003.0,7913.2,7998.8,7902.6,333.0,530511080.000002,3135
2015-08-21 09:17:33,IC1508,IC1508,7970.4,2.0,3188160.0,2.0,1,7970.2,7976.4,2,8003.0,7913.2,7998.8,7902.6,335.0,533699240.000002,3137
2015-08-21 09:17:33,IC1508,IC1508,7967.2,2.0,3187480.0,-1.0,1,7960.2,7969.2,1,8003.0,7913.2,7998.8,7902.6,337.0,536886720.000002,3136
2015-08-21 09:17:34,IC1508,IC1508,7967.2,0.0,0.0,0.0,5,7960.6,7965.2,2,8003.0,7913.2,7998.8,7902.6,337.0,536886720.000002,3136
2015-08-21 09:17:34,IC1508,IC1508,7965.2,4.0,6370800.0,-3.0,4,7965.2,7968.8,1,8003.0,7913.2,7998.8,7902.6,341.0,543257520.000002,3133
2015-08-21 09:17:35,IC1508,IC1508,7968.8,1.0,1593760.0,0.0,6,7969.2,7974.4,2,8003.0,7913.2,7998.8,7902.6,342.0,544851280.000002,3133
2015-08-21 09:17:36,IC1508,IC1508,7972.2,2.0,3188280.0,1.0,5,7969.2,7973.4,1,8003.0,7913.2,7998.8,7902.6,344.0,548039560.000002,3134
2015-08-21 09:17:36,IC1508,IC1508,7972.2,0.0,0.0,0.0,2,7969.4,7971.4,1,8003.0,7913.2,7998.8,7902.6,344.0,548039560.000002,3134
2015-08-21 09:17:37,IC1508,IC1508,7972.2,1.0,1594440.0,1.0,1,7969.6,7971.4,1,8003.0,7913.2,7998.8,7902.6,345.0,549634000.000002,3135
2015-08-21 09:17:38,IC1508,IC1508,7972.2,0.0,0.0,0.0,1,7969.6,7972.8,1,8003.0,7913.2,7998.8,7902.6,345.0,549634000.000002,3135
2015-08-21 09:17:39,IC1508,IC1508,7969.6,1.0,1593920.0,0.0,1,7969.8,7972.0,1,8003.0,7913.2,7998.8,7902.6,346.0,551227920.000002,3135
2015-08-21 09:17:39,IC1508,IC1508,7969.6,0.0,0.0,0.0,1,7969.8,7971.8,1,8003.0,7913.2,7998.8,7902.6,346.0,551227920.000002,3135
2015-08-21 09:17:40,IC1508,IC1508,7969.2,6.0,9563120.0,5.0,1,7969.2,7969.6,1,8003.0,7913.2,7998.8,7902.6,352.0,560791040.000002,3140
2015-08-21 09:17:40,IC1508,IC1508,7969.6,4.0,6376520.0,1.0,1,7969.2,7972.0,1,8003.0,7913.2,7998.8,7902.6,356.0,567167560.000002,3141
2015-08-21 09:17:41,IC1508,IC1508,7971.8,1.0,1594360.0,1.0,1,7969.2,7972.0,1,8003.0,7913.2,7998.8,7902.6,357.0,568761920.000002,3142
2015-08-21 09:17:41,IC1508,IC1508,7971.8,0.0,0.0,0.0,1,7970.2,7972.0,1,8003.0,7913.2,7998.8,7902.6,357.0,568761920.000002,3142
2015-08-21 09:17:42,IC1508,IC1508,7971.8,0.0,0.0,0.0,1,7970.4,7972.0,1,8003.0,7913.2,7998.8,7902.6,357.0,568761920.000002,3142
2015-08-21 09:17:42,IC1508,IC1508,7971.8,0.0,0.0,0.0,1,7972.6,7974.2,1,8003.0,7913.2,7998.8,7902.6,357.0,568761920.000002,3142
2015-08-21 09:17:43,IC1508,IC1508,7971.8,1.0,1594360.0,-1.0,1,7971.6,7977.4,1,8003.0,7913.2,7998.8,7902.6,358.0,570356280.000002,3141
2015-08-21 09:17:43,IC1508,IC1508,7971.8,1.0,1594360.0,-1.0,1,7969.2,7978.2,1,8003.0,7913.2,7998.8,7902.6,359.0,571950640.000002,3140
2015-08-21 09:17:44,IC1508,IC1508,7971.8,0.0,0.0,0.0,1,7969.6,7977.8,1,8003.0,7913.2,7998.8,7902.6,359.0,571950640.000002,3140
2015-08-21 09:17:44,IC1508,IC1508,7971.8,0.0,0.0,0.0,1,7970.4,7975.0,1,8003.0,7913.2,7998.8,7902.6,359.0,571950640.000002,3140
2015-08-21 09:17:45,IC1508,IC1508,7970.4,2.0,3188200.0,-2.0,1,7969.6,7975.0,1,8003.0,7913.2,7998.8,7902.6,361.0,575138840.000002,3138
2015-08-21 09:17:45,IC1508,IC1508,7970.4,0.0,0.0,0.0,1,7970.0,7975.0,1,8003.0,7913.2,7998.8,7902.6,361.0,575138840.000002,3138
2015-08-21 09:17:46,IC1508,IC1508,7970.0,1.0,1594000.0,-1.0,1,7969.6,7975.0,1,8003.0,7913.2,7998.8,7902.6,362.0,576732840.000002,3137
2015-08-21 09:17:46,IC1508,IC1508,7969.6,1.0,1593920.0,0.0,1,7965.4,7974.6,1,8003.0,7913.2,7998.8,7902.6,363.0,578326760.000002,3137
2015-08-21 09:17:47,IC1508,IC1508,7969.6,0.0,0.0,0.0,1,7968.6,7973.4,1,8003.0,7913.2,7998.8,7902.6,363.0,578326760.000002,3137
2015-08-21 09:17:47,IC1508,IC1508,7969.6,0.0,0.0,0.0,1,7965.4,7973.4,1,8003.0,7913.2,7998.8,7902.6,363.0,578326760.000002,3137
2015-08-21 09:17:48,IC1508,IC1508,7969.6,0.0,0.0,0.0,1,7969.0,7973.4,1,8003.0,7913.2,7998.8,7902.6,363.0,578326760.000002,3137
2015-08-21 09:17:49,IC1508,IC1508,7973.4,1.0,1594680.0,1.0,1,7969.0,7977.8,1,8003.0,7913.2,7998.8,7902.6,364.0,579921440.000002,3138
2015-08-21 09:17:49,IC1508,IC1508,7969.4,2.0,3187880.0000009537,0.0,1,7970.0,7971.6,1,8003.0,7913.2,7998.8,7902.6,366.0,583109320.000003,3138
2015-08-21 09:17:50,IC1508,IC1508,7969.0,2.0,3187680.0,-1.0,1,7965.4,7972.2,1,8003.0,7913.2,7998.8,7902.6,368.0,586297000.000003,3137
2015-08-21 09:17:50,IC1508,IC1508,7969.0,1.0,1593800.0,0.0,1,7965.8,7976.6,1,8003.0,7913.2,7998.8,7902.6,369.0,587890800.000003,3137
2015-08-21 09:17:51,IC1508,IC1508,7969.0,0.0,0.0,0.0,6,7966.0,7976.6,1,8003.0,7913.2,7998.8,7902.6,369.0,587890800.000003,3137
2015-08-21 09:17:51,IC1508,IC1508,7970.0,1.0,1594000.0,-1.0,2,7966.4,7976.4,1,8003.0,7913.2,7998.8,7902.6,370.0,589484800.000003,3136
2015-08-21 09:17:52,IC1508,IC1508,7966.4,1.0,1593280.0,0.0,1,7966.6,7974.6,1,8003.0,7913.2,7998.8,7902.6,371.0,591078080.000003,3136
2015-08-21 09:17:52,IC1508,IC1508,7966.4,0.0,0.0,0.0,1,7966.6,7974.2,3,8003.0,7913.2,7998.8,7902.6,371.0,591078080.000003,3136
2015-08-21 09:17:53,IC1508,IC1508,7973.6,1.0,1594720.0,-1.0,1,7966.8,7970.0,1,8003.0,7913.2,7998.8,7902.6,372.0,592672800.000003,3135
2015-08-21 09:17:53,IC1508,IC1508,7967.2,1.0,1593440.0,1.0,1,7966.8,7969.4,1,8003.0,7913.2,7998.8,7902.6,373.0,594266240.000003,3136
2015-08-21 09:17:54,IC1508,IC1508,7967.2,0.0,0.0,0.0,1,7966.8,7969.6,1,8003.0,7913.2,7998.8,7902.6,373.0,594266240.000003,3136
2015-08-21 09:17:56,IC1508,IC1508,7967.2,0.0,0.0,0.0,1,7967.2,7969.6,1,8003.0,7913.2,7998.8,7902.6,373.0,594266240.000003,3136
2015-08-21 09:17:57,IC1508,IC1508,7973.8,4.0,6377680.0,0.0,1,7974.6,7976.6,1,8003.0,7913.2,7998.8,7902.6,377.0,600643920.000003,3136
2015-08-21 09:17:57,IC1508,IC1508,7976.6,1.0,1595320.0,0.0,1,7977.6,7977.8,1,8003.0,7913.2,7998.8,7902.6,378.0,602239240.000003,3136
2015-08-21 09:17:58,IC1508,IC1508,7977.6,2.0,3191080.0,-1.0,1,7974.6,7983.6,1,8003.0,7913.2,7998.8,7902.6,380.0,605430320.000003,3135
2015-08-21 09:17:58,IC1508,IC1508,7975.6,1.0,1595120.0,0.0,1,7975.0,7982.6,1,8003.0,7913.2,7998.8,7902.6,381.0,607025440.000003,3135
2015-08-21 09:17:59,IC1508,IC1508,7982.6,1.0,1596520.0,0.0,1,7976.6,7983.2,1,8003.0,7913.2,7998.8,7902.6,382.0,608621960.000003,3135
2015-08-21 09:17:59,IC1508,IC1508,7977.0,1.0,1595400.0,0.0,1,7976.8,7982.0,1,8003.0,7913.2,7998.8,7902.6,383.0,610217360.000003,3135
2015-08-21 09:18:00,IC1508,IC1508,7977.0,2.0,3190800.0,0.0,1,7977.2,7983.2,1,8003.0,7913.2,7998.8,7902.6,385.0,613408160.000003,3135
2015-08-21 09:18:00,IC1508,IC1508,7983.2,1.0,1596640.0,0.0,1,7977.4,7982.8,1,8003.0,7913.2,7998.8,7902.6,386.0,615004800.000003,3135
2015-08-21 09:18:01,IC1508,IC1508,7982.2,3.0,4788520.0,0.0,1,7977.8,7983.6,1,8003.0,7913.2,7998.8,7902.6,389.0,619793320.000003,3135
2015-08-21 09:18:01,IC1508,IC1508,7982.2,0.0,0.0,0.0,2,7977.8,7983.6,1,8003.0,7913.2,7998.8,7902.6,389.0,619793320.000003,3135
2015-08-21 09:18:02,IC1508,IC1508,7983.6,1.0,1596720.0,0.0,1,7978.0,7985.0,1,8003.0,7913.2,7998.8,7902.6,390.0,621390040.000003,3135
2015-08-21 09:18:02,IC1508,IC1508,7984.6,1.0,1596920.0,1.0,1,7976.6,7985.0,1,8003.0,7913.2,7998.8,7902.6,391.0,622986960.000003,3136
2015-08-21 09:18:03,IC1508,IC1508,7984.6,1.0,1596920.0,0.0,1,7977.6,7984.6,1,8003.0,7913.2,7998.8,7902.6,392.0,624583880.000003,3136
2015-08-21 09:18:03,IC1508,IC1508,7977.6,1.0,1595520.000001073,-1.0,1,7977.0,7984.6,1,8003.0,7913.2,7998.8,7902.6,393.0,626179400.000004,3135
2015-08-21 09:18:04,IC1508,IC1508,7977.6,0.0,0.0,0.0,1,7977.2,7984.2,1,8003.0,7913.2,7998.8,7902.6,393.0,626179400.000004,3135
2015-08-21 09:18:04,IC1508,IC1508,7977.2,1.0,1595440.0,-1.0,1,7977.0,7984.2,1,8003.0,7913.2,7998.8,7902.6,394.0,627774840.000004,3134
2015-08-21 09:18:05,IC1508,IC1508,7977.2,0.0,0.0,0.0,1,7978.0,7983.8,1,8003.0,7913.2,7998.8,7902.6,394.0,627774840.000004,3134
2015-08-21 09:18:06,IC1508,IC1508,7977.2,0.0,0.0,0.0,1,7978.2,7983.6,9,8003.0,7913.2,7998.8,7902.6,394.0,627774840.000004,3134
2015-08-21 09:18:06,IC1508,IC1508,7977.2,0.0,0.0,0.0,1,7978.0,7985.0,2,8003.0,7913.2,7998.8,7902.6,394.0,627774840.000004,3134
2015-08-21 09:18:07,IC1508,IC1508,7977.2,0.0,0.0,0.0,1,7978.2,7984.6,1,8003.0,7913.2,7998.8,7902.6,394.0,627774840.000004,3134
2015-08-21 09:18:07,IC1508,IC1508,7977.2,1.0,1595440.0,1.0,1,7976.6,7977.0,2,8003.0,7913.2,7998.8,7902.6,395.0,629370280.000004,3135
2015-08-21 09:18:08,IC1508,IC1508,7977.0,1.0,1595400.0,0.0,1,7976.6,7977.0,1,8003.0,7913.2,7998.8,7902.6,396.0,630965680.000004,3135
2015-08-21 09:18:10,IC1508,IC1508,7976.6,1.0,1595320.0,0.0,1,7975.0,7977.0,1,8003.0,7913.2,7998.8,7902.6,397.0,632561000.000004,3135
2015-08-21 09:18:10,IC1508,IC1508,7976.6,0.0,0.0,0.0,1,7975.2,7977.0,1,8003.0,7913.2,7998.8,7902.6,397.0,632561000.000004,3135
2015-08-21 09:18:11,IC1508,IC1508,7978.2,2.0,3191040.0,2.0,1,7975.6,7978.2,2,8003.0,7913.2,7998.8,7902.6,399.0,635752040.000004,3137
2015-08-21 09:18:11,IC1508,IC1508,7978.2,2.0,3191280.0,2.0,1,7977.0,7980.2,2,8003.0,7913.2,7998.8,7902.6,401.0,638943320.000004,3139
2015-08-21 09:18:12,IC1508,IC1508,7980.2,2.0,3192080.0,0.0,1,7977.4,7984.4,1,8003.0,7913.2,7998.8,7902.6,403.0,642135400.000004,3139
2015-08-21 09:18:12,IC1508,IC1508,7984.4,1.0,1596880.0,0.0,1,7980.8,7985.0,3,8003.0,7913.2,7998.8,7902.6,404.0,643732280.000004,3139
2015-08-21 09:18:13,IC1508,IC1508,7985.0,1.0,1597000.0,0.0,3,7981.2,7984.0,1,8003.0,7913.2,7998.8,7902.6,405.0,645329280.000004,3139
2015-08-21 09:18:13,IC1508,IC1508,7984.0,1.0,1596800.0,0.0,1,7984.0,7985.0,2,8003.0,7913.2,7998.8,7902.6,406.0,646926080.000004,3139
2015-08-21 09:18:14,IC1508,IC1508,7984.8,1.0,1596960.0,0.0,1,7984.0,7985.0,2,8003.0,7913.2,7998.8,7902.6,407.0,648523040.000004,3139
2015-08-21 09:18:14,IC1508,IC1508,7984.8,0.0,0.0,0.0,1,7984.4,7985.0,2,8003.0,7913.2,7998.8,7902.6,407.0,648523040.000004,3139
2015-08-21 09:18:15,IC1508,IC1508,7984.8,0.0,0.0,0.0,2,7984.0,7985.0,2,8003.0,7913.2,7998.8,7902.6,407.0,648523040.000004,3139
2015-08-21 09:18:15,IC1508,IC1508,7984.0,2.0,3193600.0,0.0,1,7979.2,7980.8,10,8003.0,7913.2,7998.8,7902.6,409.0,651716640.000004,3139
2015-08-21 09:18:16,IC1508,IC1508,7979.4,6.0,9575400.0,-3.0,1,7977.8,7980.8,10,8003.0,7913.2,7998.8,7902.6,415.0,661292040.000004,3136
2015-08-21 09:18:16,IC1508,IC1508,7980.8,1.0,1596160.0,0.0,1,7978.2,7980.8,9,8003.0,7913.2,7998.8,7902.6,416.0,662888200.000004,3136
2015-08-21 09:18:17,IC1508,IC1508,7980.8,0.0,0.0,0.0,2,7978.2,7980.8,9,8003.0,7913.2,7998.8,7902.6,416.0,662888200.000004,3136
2015-08-21 09:18:17,IC1508,IC1508,7980.8,5.0,7980800.0,3.0,1,7979.2,7980.8,4,8003.0,7913.2,7998.8,7902.6,421.0,670869000.000004,3139
2015-08-21 09:18:18,IC1508,IC1508,7980.8,2.0,3192320.0,0.0,2,7979.6,7980.8,2,8003.0,7913.2,7998.8,7902.6,423.0,674061320.000004,3139
2015-08-21 09:18:18,IC1508,IC1508,7980.8,1.0,1596160.0,0.0,2,7979.6,7980.8,1,8003.0,7913.2,7998.8,7902.6,424.0,675657480.000004,3139
2015-08-21 09:18:19,IC1508,IC1508,7980.8,1.0,1596160.0,0.0,1,7981.8,7985.0,2,8003.0,7913.2,7998.8,7902.6,425.0,677253640.000004,3139
2015-08-21 09:18:19,IC1508,IC1508,7980.8,0.0,0.0,0.0,2,7982.2,7985.0,2,8003.0,7913.2,7998.8,7902.6,425.0,677253640.000004,3139
2015-08-21 09:18:20,IC1508,IC1508,7980.8,0.0,0.0,0.0,1,7982.4,7985.0,2,8003.0,7913.2,7998.8,7902.6,425.0,677253640.000004,3139
2015-08-21 09:18:20,IC1508,IC1508,7980.8,2.0,3192320.0,0.0,3,7982.8,7985.0,2,8003.0,7913.2,7998.8,7902.6,427.0,680445960.000004,3139
2015-08-21 09:18:21,IC1508,IC1508,7980.8,0.0,0.0,0.0,4,7982.8,7985.0,2,8003.0,7913.2,7998.8,7902.6,427.0,680445960.000004,3139
2015-08-21 09:18:22,IC1508,IC1508,7980.8,0.0,0.0,0.0,1,7983.0,7985.0,2,8003.0,7913.2,7998.8,7902.6,427.0,680445960.000004,3139
2015-08-21 09:18:22,IC1508,IC1508,7985.0,1.0,1597000.0,-1.0,1,7983.4,7985.0,1,8003.0,7913.2,7998.8,7902.6,428.0,682042960.000004,3138
2015-08-21 09:18:23,IC1508,IC1508,7987.8,2.0,3194560.0,-1.0,1,7983.4,7988.6,1,8003.0,7913.2,7998.8,7902.6,430.0,685237520.000004,3137
2015-08-21 09:18:23,IC1508,IC1508,7987.8,0.0,0.0,0.0,1,7984.4,7988.6,1,8003.0,7913.2,7998.8,7902.6,430.0,685237520.000004,3137
2015-08-21 09:18:24,IC1508,IC1508,7987.8,0.0,0.0,0.0,1,7984.8,7988.6,1,8003.0,7913.2,7998.8,7902.6,430.0,685237520.000004,3137
2015-08-21 09:18:26,IC1508,IC1508,7984.8,2.0,3194000.0,0.0,1,7983.4,7986.4,1,8003.0,7913.2,7998.8,7902.6,432.0,688431520.000004,3137
2015-08-21 09:18:26,IC1508,IC1508,7984.8,0.0,0.0,0.0,1,7984.2,7988.6,1,8003.0,7913.2,7998.8,7902.6,432.0,688431520.000004,3137
2015-08-21 09:18:27,IC1508,IC1508,7984.8,0.0,0.0,0.0,1,7984.6,7988.6,1,8003.0,7913.2,7998.8,7902.6,432.0,688431520.000004,3137
2015-08-21 09:18:27,IC1508,IC1508,7989.0,3.0,4793320.0,-1.0,6,7989.2,7989.8,5,8003.0,7913.2,7998.8,7902.6,435.0,693224840.000004,3136
2015-08-21 09:18:28,IC1508,IC1508,7989.8,2.0,3195920.0,-1.0,6,7989.2,7989.8,3,8003.0,7913.2,7998.8,7902.6,437.0,696420760.000004,3135
2015-08-21 09:18:29,IC1508,IC1508,7989.8,1.0,1597960.0,0.0,2,7984.6,7989.8,3,8003.0,7913.2,7998.8,7902.6,438.0,698018720.000004,3135
2015-08-21 09:18:29,IC1508,IC1508,7989.8,2.0,3195920.0,-1.0,1,7985.6,7989.4,1,8003.0,7913.2,7998.8,7902.6,440.0,701214640.000004,3134
2015-08-21 09:18:30,IC1508,IC1508,7989.8,1.0,1597960.0,0.0,4,7989.6,7989.8,1,8003.0,7913.2,7998.8,7902.6,441.0,702812600.000004,3134
2015-08-21 09:18:30,IC1508,IC1508,7989.8,1.0,1597960.0,-1.0,2,7990.4,7995.2,10,8003.0,7913.2,7998.8,7902.6,442.0,704410560.000004,3133
2015-08-21 09:18:31,IC1508,IC1508,7995.2,2.0,3198080.0,0.0,1,7990.8,7995.2,8,8003.0,7913.2,7998.8,7902.6,444.0,707608640.000004,3133
2015-08-21 09:18:31,IC1508,IC1508,7994.6,2.0,3197160.0,-1.0,1,7990.8,7995.2,9,8003.0,7913.2,7998.8,7902.6,446.0,710805800.000004,3132
2015-08-21 09:18:32,IC1508,IC1508,7995.2,6.0,9594160.0,2.0,1,7991.4,7995.2,3,8003.0,7913.2,7998.8,7902.6,452.0,720399960.000004,3134
2015-08-21 09:18:32,IC1508,IC1508,7995.2,3.0,4797120.0,1.0,2,7995.8,7999.0,1,8003.0,7913.2,7998.8,7902.6,455.0,725197080.000004,3135
2015-08-21 09:18:33,IC1508,IC1508,7995.2,1.0,1599040.0,0.0,1,7996.0,7998.8,10,8003.0,7913.2,7998.8,7902.6,456.0,726796120.000004,3135
2015-08-21 09:18:33,IC1508,IC1508,7995.0,3.0,4796360.0,-1.0,1,7990.6,8002.2,1,8003.0,7913.2,7998.8,7902.6,459.0,731592480.000004,3134
2015-08-21 09:18:34,IC1508,IC1508,7995.0,0.0,0.0,0.0,1,7990.6,8000.2,1,8003.0,7913.2,7998.8,7902.6,459.0,731592480.000004,3134
2015-08-21 09:18:34,IC1508,IC1508,7999.2,1.0,1599840.0,0.0,1,7991.6,8000.0,1,8003.0,7913.2,7999.2,7902.6,460.0,733192320.000004,3134
2015-08-21 09:18:35,IC1508,IC1508,8000.0,1.0,1600000.0,0.0,1,7991.6,7999.6,1,8003.0,7913.2,8000.0,7902.6,461.0,734792320.000004,3134
2015-08-21 09:18:35,IC1508,IC1508,7992.0,1.0,1598400.0,0.0,1,7991.6,7999.0,1,8003.0,7913.2,8000.0,7902.6,462.0,736390720.000004,3134
2015-08-21 09:18:36,IC1508,IC1508,7992.0,0.0,0.0,0.0,1,7991.6,7998.8,1,8003.0,7913.2,8000.0,7902.6,462.0,736390720.000004,3134
2015-08-21 09:18:36,IC1508,IC1508,7998.6,3.0,4797680.0,-1.0,1,7990.6,7996.8,1,8003.0,7913.2,8000.0,7902.6,465.0,741188400.000004,3133
2015-08-21 09:18:37,IC1508,IC1508,7997.8,1.0,1599560.0,-1.0,1,7990.6,7996.8,2,8003.0,7913.2,8000.0,7902.6,466.0,742787960.000004,3132
2015-08-21 09:18:37,IC1508,IC1508,7997.8,4.0,6398240.0,4.0,1,7990.6,7996.8,1,8003.0,7913.2,8000.0,7902.6,470.0,749186200.000004,3136
2015-08-21 09:18:38,IC1508,IC1508,7997.8,0.0,0.0,0.0,1,7990.6,7996.4,1,8003.0,7913.2,8000.0,7902.6,470.0,749186200.000004,3136
2015-08-21 09:18:38,IC1508,IC1508,7997.8,1.0,1599560.0,1.0,1,7990.6,7996.2,1,8003.0,7913.2,8000.0,7902.6,471.0,750785760.000004,3137
2015-08-21 09:18:39,IC1508,IC1508,7989.8,2.0,3196080.0,-1.0,1,7986.2,7995.8,1,8003.0,7913.2,8000.0,7902.6,473.0,753981840.000004,3136
2015-08-21 09:18:39,IC1508,IC1508,7989.8,0.0,0.0,0.0,1,7987.2,7994.8,2,8003.0,7913.2,8000.0,7902.6,473.0,753981840.000004,3136
2015-08-21 09:18:40,IC1508,IC1508,7989.8,0.0,0.0,0.0,1,7990.0,7994.6,1,8003.0,7913.2,8000.0,7902.6,473.0,753981840.000004,3136
2015-08-21 09:18:40,IC1508,IC1508,7994.8,3.0,4795880.0,0.0,1,7991.2,7995.0,1,8003.0,7913.2,8000.0,7902.6,476.0,758777720.000004,3136
2015-08-21 09:18:41,IC1508,IC1508,7994.8,4.0,6395040.0,-3.0,1,7991.4,7994.8,7,8003.0,7913.2,8000.0,7902.6,480.0,765172760.000004,3133
2015-08-21 09:18:42,IC1508,IC1508,7994.6,3.0,4795200.0,-1.0,1,7986.8,7994.8,1,8003.0,7913.2,8000.0,7902.6,483.0,769967960.000004,3132
2015-08-21 09:18:42,IC1508,IC1508,7994.8,3.0,4796800.0,-1.0,1,7987.8,7994.6,1,8003.0,7913.2,8000.0,7902.6,486.0,774764760.000004,3131
2015-08-21 09:18:43,IC1508,IC1508,7994.8,0.0,0.0,0.0,1,7991.8,7994.6,1,8003.0,7913.2,8000.0,7902.6,486.0,774764760.000004,3131
2015-08-21 09:18:43,IC1508,IC1508,7994.8,0.0,0.0,0.0,1,7988.8,7995.0,1,8003.0,7913.2,8000.0,7902.6,486.0,774764760.000004,3131
2015-08-21 09:18:44,IC1508,IC1508,7994.8,0.0,0.0,0.0,1,7988.0,7995.0,1,8003.0,7913.2,8000.0,7902.6,486.0,774764760.000004,3131
2015-08-21 09:18:44,IC1508,IC1508,7994.8,0.0,0.0,0.0,2,7989.0,7991.8,2,8003.0,7913.2,8000.0,7902.6,486.0,774764760.000004,3131
2015-08-21 09:18:45,IC1508,IC1508,7994.8,0.0,0.0,0.0,1,7991.0,7991.8,2,8003.0,7913.2,8000.0,7902.6,486.0,774764760.000004,3131
2015-08-21 09:18:45,IC1508,IC1508,7991.8,3.0,4794920.0,-1.0,2,7989.0,7995.0,1,8003.0,7913.2,8000.0,7902.6,489.0,779559680.000004,3130
2015-08-21 09:18:46,IC1508,IC1508,7991.8,0.0,0.0,0.0,1,7992.4,7995.0,1,8003.0,7913.2,8000.0,7902.6,489.0,779559680.000004,3130
2015-08-21 09:18:46,IC1508,IC1508,7991.8,0.0,0.0,0.0,1,7993.4,7994.8,1,8003.0,7913.2,8000.0,7902.6,489.0,779559680.000004,3130
2015-08-21 09:18:47,IC1508,IC1508,7994.8,1.0,1598960.0,0.0,2,7994.8,7995.0,1,8003.0,7913.2,8000.0,7902.6,490.0,781158640.000004,3130
2015-08-21 09:18:47,IC1508,IC1508,7995.0,1.0,1599000.0,0.0,2,7995.0,7996.2,1,8003.0,7913.2,8000.0,7902.6,491.0,782757640.000004,3130
2015-08-21 09:18:48,IC1508,IC1508,7996.2,1.0,1599240.0,1.0,1,7995.4,7997.8,1,8003.0,7913.2,8000.0,7902.6,492.0,784356880.000004,3131
2015-08-21 09:18:50,IC1508,IC1508,7997.8,2.0,3198640.0000009537,0.0,1,7998.4,7999.6,2,8003.0,7913.2,8000.0,7902.6,494.0,787555520.000005,3131
2015-08-21 09:18:50,IC1508,IC1508,7999.4,4.0,6399200.0,1.0,2,7994.8,7999.6,1,8003.0,7913.2,8000.0,7902.6,498.0,793954720.000005,3132
2015-08-21 09:18:51,IC1508,IC1508,7999.0,1.0,1599800.0,0.0,11,7999.0,7999.6,1,8003.0,7913.2,8000.0,7902.6,499.0,795554520.000005,3132
2015-08-21 09:18:51,IC1508,IC1508,7999.0,5.0,7999000.0,5.0,11,7999.0,8000.0,1,8003.0,7913.2,8000.0,7902.6,504.0,803553520.000005,3137
2015-08-21 09:18:52,IC1508,IC1508,8000.0,6.0,9599000.0,0.0,3,8000.8,8002.2,1,8003.0,7913.2,8000.0,7902.6,510.0,813152520.000005,3137
2015-08-21 09:18:52,IC1508,IC1508,8000.8,3.0,4800400.0,-1.0,1,8003.0,8004.0,1,8003.0,7913.2,8000.8,7902.6,513.0,817952920.000005,3136
2015-08-21 09:18:53,IC1508,IC1508,8000.2,4.0,6400880.0,2.0,1,7995.6,8004.0,1,8003.0,7913.2,8003.0,7902.6,517.0,824353800.000005,3138
2015-08-21 09:18:53,IC1508,IC1508,7996.6,1.0,1599320.0,0.0,1,7995.8,8003.0,2,8003.0,7913.2,8003.0,7902.6,518.0,825953120.000005,3138
2015-08-21 09:18:54,IC1508,IC1508,7996.6,0.0,0.0,0.0,1,7995.8,7999.0,1,8003.0,7913.2,8003.0,7902.6,518.0,825953120.000005,3138
2015-08-21 09:18:54,IC1508,IC1508,7999.0,2.0,3199600.0,-2.0,1,7999.6,8002.0,1,8003.0,7913.2,8003.0,7902.6,520.0,829152720.000005,3136
2015-08-21 09:18:55,IC1508,IC1508,7999.6,1.0,1599920.0,0.0,2,7999.0,8000.8,1,8003.0,7913.2,8003.0,7902.6,521.0,830752640.000005,3136
2015-08-21 09:18:55,IC1508,IC1508,8000.8,3.0,4800400.0,-2.0,2,7999.0,8002.6,1,8003.0,7913.2,8003.0,7902.6,524.0,835553040.000005,3134
2015-08-21 09:18:56,IC1508,IC1508,7999.0,2.0,3199600.0,0.0,1,7996.2,7998.6,2,8003.0,7913.2,8003.0,7902.6,526.0,838752640.000005,3134
2015-08-21 09:18:57,IC1508,IC1508,7995.8,2.0,3198400.0,-2.0,1,7996.6,7998.4,1,8003.0,7913.2,8003.0,7902.6,528.0,841951040.000005,3132
2015-08-21 09:18:57,IC1508,IC1508,7996.6,1.0,1599320.0,0.0,2,7994.8,7998.4,1,8003.0,7913.2,8003.0,7902.6,529.0,843550360.000005,3132
2015-08-21 09:18:58,IC1508,IC1508,7994.8,1.0,1598960.0,0.0,1,7996.4,7998.0,1,8003.0,7913.2,8003.0,7902.6,530.0,845149320.000005,3132
2015-08-21 09:18:59,IC1508,IC1508,7996.4,1.0,1599280.0,-1.0,1,7994.8,7998.0,1,8003.0,7913.2,8003.0,7902.6,531.0,846748600.000005,3131
2015-08-21 09:18:59,IC1508,IC1508,7997.8,1.0,1599560.0,0.0,1,7994.8,7997.8,1,8003.0,7913.2,8003.0,7902.6,532.0,848348160.000005,3131
2015-08-21 09:19:00,IC1508,IC1508,7994.8,1.0,1598960.0,1.0,1,7990.4,7997.8,1,8003.0,7913.2,8003.0,7902.6,533.0,849947120.000005,3132
2015-08-21 09:19:00,IC1508,IC1508,7996.4,1.0,1599280.0,1.0,1,7990.8,7997.8,1,8003.0,7913.2,8003.0,7902.6,534.0,851546400.000005,3133
2015-08-21 09:19:01,IC1508,IC1508,7998.2,4.0,6398440.0,-1.0,1,7990.8,7998.2,1,8003.0,7913.2,8003.0,7902.6,538.0,857944840.000005,3132
2015-08-21 09:19:01,IC1508,IC1508,7988.8,6.0,9587120.0,2.0,1,7985.0,7994.6,1,8003.0,7913.2,8003.0,7902.6,544.0,867531960.000005,3134
2015-08-21 09:19:02,IC1508,IC1508,7985.0,2.0,3194000.0,2.0,1,7982.0,7989.4,1,8003.0,7913.2,8003.0,7902.6,546.0,870725960.000005,3136
2015-08-21 09:19:02,IC1508,IC1508,7982.2,3.0,4789320.0,0.0,2,7982.4,7989.0,4,8003.0,7913.2,8003.0,7902.6,549.0,875515280.000005,3136
2015-08-21 09:19:03,IC1508,IC1508,7989.0,4.0,6389880.0,0.0,1,7986.4,7988.8,1,8003.0,7913.2,8003.0,7902.6,553.0,881905160.000005,3136
2015-08-21 09:19:03,IC1508,IC1508,7989.2,2.0,3195640.0,0.0,3,7989.4,7993.6,1,8003.0,7913.2,8003.0,7902.6,555.0,885100800.000005,3136
2015-08-21 09:19:04,IC1508,IC1508,7993.6,1.0,1598720.0,0.0,2,7994.2,7994.4,1,8003.0,7913.2,8003.0,7902.6,556.0,886699520.000005,3136
2015-08-21 09:19:04,IC1508,IC1508,7994.4,1.0,1598880.0,-1.0,1,7995.0,7998.2,1,8003.0,7913.2,8003.0,7902.6,557.0,888298400.000005,3135
2015-08-21 09:19:05,IC1508,IC1508,7997.6,1.0,1599520.0,0.0,1,7995.4,7998.2,1,8003.0,7913.2,8003.0,7902.6,558.0,889897920.000005,3135
2015-08-21 09:19:05,IC1508,IC1508,7995.4,1.0,1599080.0,0.0,1,7993.6,7997.8,1,8003.0,7913.2,8003.0,7902.6,559.0,891497000.000005,3135
2015-08-21 09:19:06,IC1508,IC1508,7995.4,0.0,0.0,0.0,1,7993.6,7995.8,1,8003.0,7913.2,8003.0,7902.6,559.0,891497000.000005,3135
2015-08-21 09:19:07,IC1508,IC1508,7998.2,4.0,6398160.0,-1.0,3,7994.0,7999.0,2,8003.0,7913.2,8003.0,7902.6,563.0,897895160.000005,3134
2015-08-21 09:19:07,IC1508,IC1508,7999.0,2.0,3199600.0,0.0,1,7994.2,8000.0,1,8003.0,7913.2,8003.0,7902.6,565.0,901094760.000005,3134
2015-08-21 09:19:08,IC1508,IC1508,8000.0,3.0,4800000.0,0.0,1,8000.0,8002.0,1,8003.0,7913.2,8003.0,7902.6,568.0,905894760.000005,3134
2015-08-21 09:19:08,IC1508,IC1508,8002.0,1.0,1600400.0,0.0,4,8000.2,8002.8,5,8003.0,7913.2,8003.0,7902.6,569.0,907495160.000005,3134
2015-08-21 09:19:09,IC1508,IC1508,8002.6,7.0,11203240.0,-4.0,1,8000.6,8002.8,5,8003.0,7913.2,8003.0,7902.6,576.0,918698400.000005,3130
2015-08-21 09:19:09,IC1508,IC1508,8002.6,0.0,0.0,0.0,1,8000.8,8002.8,5,8003.0,7913.2,8003.0,7902.6,576.0,918698400.000005,3130
2015-08-21 09:19:10,IC1508,IC1508,8000.8,1.0,1600160.0,-1.0,1,8000.0,8002.8,5,8003.0,7913.2,8003.0,7902.6,577.0,920298560.000005,3129
2015-08-21 09:19:11,IC1508,IC1508,8000.8,0.0,0.0,0.0,1,8000.0,8002.6,1,8003.0,7913.2,8003.0,7902.6,577.0,920298560.000005,3129
2015-08-21 09:19:12,IC1508,IC1508,8000.2,1.0,1600040.0,1.0,1,8000.0,8002.6,1,8003.0,7913.2,8003.0,7902.6,578.0,921898600.000005,3130
2015-08-21 09:19:12,IC1508,IC1508,8000.2,0.0,0.0,0.0,1,8000.4,8002.6,1,8003.0,7913.2,8003.0,7902.6,578.0,921898600.000005,3130
2015-08-21 09:19:13,IC1508,IC1508,8002.6,1.0,1600520.0,0.0,1,8000.0,8002.8,5,8003.0,7913.2,8003.0,7902.6,579.0,923499120.000005,3130
2015-08-21 09:19:14,IC1508,IC1508,8002.8,5.0,8002800.0,-5.0,2,8004.2,8004.8,1,8003.0,7913.2,8003.0,7902.6,584.0,931501920.000005,3125
2015-08-21 09:19:14,IC1508,IC1508,8002.8,1.0,1600560.0,0.0,1,8002.8,8004.4,2,8003.0,7913.2,8003.0,7902.6,585.0,933102480.000005,3125
2015-08-21 09:19:15,IC1508,IC1508,8004.4,3.0,4802320.0,2.0,1,8000.0,8004.8,1,8003.0,7913.2,8004.4,7902.6,588.0,937904800.000005,3127
2015-08-21 09:19:16,IC1508,IC1508,8004.4,1.0,1600880.0,1.0,1,8004.4,8004.8,1,8003.0,7913.2,8004.4,7902.6,589.0,939505680.000005,3128
2015-08-21 09:19:17,IC1508,IC1508,8000.0,3.0,4800880.0,0.0,1,7993.8,8004.8,1,8003.0,7913.2,8004.4,7902.6,592.0,944306560.000005,3128
2015-08-21 09:19:17,IC1508,IC1508,7995.8,1.0,1599160.0000009537,-1.0,1,7995.2,8002.8,1,8003.0,7913.2,8004.4,7902.6,593.0,945905720.000006,3127
2015-08-21 09:19:18,IC1508,IC1508,7995.8,0.0,0.0,0.0,1,7995.4,8002.8,1,8003.0,7913.2,8004.4,7902.6,593.0,945905720.000006,3127
2015-08-21 09:19:18,IC1508,IC1508,7995.8,0.0,0.0,0.0,1,7995.6,8002.8,1,8003.0,7913.2,8004.4,7902.6,593.0,945905720.000006,3127
2015-08-21 09:19:19,IC1508,IC1508,8003.4,2.0,3201240.0,1.0,2,7996.0,8004.4,3,8003.0,7913.2,8004.4,7902.6,595.0,949106960.000006,3128
2015-08-21 09:19:19,IC1508,IC1508,8003.4,0.0,0.0,0.0,1,7996.2,8004.4,3,8003.0,7913.2,8004.4,7902.6,595.0,949106960.000006,3128
2015-08-21 09:19:20,IC1508,IC1508,8003.4,0.0,0.0,0.0,1,7996.2,8000.0,1,8003.0,7913.2,8004.4,7902.6,595.0,949106960.000006,3128
2015-08-21 09:19:20,IC1508,IC1508,8002.8,1.0,1600560.0,0.0,1,7996.2,8002.4,1,8003.0,7913.2,8004.4,7902.6,596.0,950707520.000006,3128
2015-08-21 09:19:21,IC1508,IC1508,8004.4,2.0,3201440.0,-1.0,1,7997.0,8004.4,2,8003.0,7913.2,8004.4,7902.6,598.0,953908960.000006,3127
2015-08-21 09:19:22,IC1508,IC1508,8004.4,0.0,0.0,0.0,1,7997.2,8003.4,1,8003.0,7913.2,8004.4,7902.6,598.0,953908960.000006,3127
2015-08-21 09:19:22,IC1508,IC1508,8004.4,0.0,0.0,0.0,1,7998.8,8003.4,1,8003.0,7913.2,8004.4,7902.6,598.0,953908960.000006,3127
2015-08-21 09:19:23,IC1508,IC1508,8004.4,0.0,0.0,0.0,7,7999.0,8003.4,1,8003.0,7913.2,8004.4,7902.6,598.0,953908960.000006,3127
2015-08-21 09:19:23,IC1508,IC1508,8003.4,1.0,1600680.0,1.0,1,8001.2,8004.4,2,8003.0,7913.2,8004.4,7902.6,599.0,955509640.000006,3128
2015-08-21 09:19:24,IC1508,IC1508,8004.8,3.0,4802720.0,1.0,1,8004.4,8005.0,1,8003.0,7913.2,8004.8,7902.6,602.0,960312360.000006,3129
2015-08-21 09:19:24,IC1508,IC1508,8005.0,1.0,1601000.0,0.0,1,8005.0,8008.4,1,8003.0,7913.2,8005.0,7902.6,603.0,961913360.000006,3129
2015-08-21 09:19:25,IC1508,IC1508,8005.0,0.0,0.0,0.0,3,8004.8,8009.6,2,8003.0,7913.2,8005.0,7902.6,603.0,961913360.000006,3129
2015-08-21 09:19:25,IC1508,IC1508,8008.4,2.0,3203600.0,0.0,1,8005.8,8011.0,1,8003.0,7913.2,8009.6,7902.6,605.0,965116960.000006,3129
2015-08-21 09:19:26,IC1508,IC1508,8008.4,0.0,0.0,0.0,4,8008.4,8016.6,1,8003.0,7913.2,8009.6,7902.6,605.0,965116960.000006,3129
2015-08-21 09:19:26,IC1508,IC1508,8008.4,1.0,1601680.0,-1.0,1,8009.6,8017.4,1,8003.0,7913.2,8009.6,7902.6,606.0,966718640.000006,3128
2015-08-21 09:19:27,IC1508,IC1508,8009.8,11.0,17632080.0,10.0,1,8016.6,8020.0,2,8003.0,7913.2,8018.2,7902.6,617.0,984350720.000006,3138
2015-08-21 09:19:27,IC1508,IC1508,8016.8,2.0,3207360.0,0.0,2,8016.8,8020.0,1,8003.0,7913.2,8020.0,7902.6,619.0,987558080.000006,3138
2015-08-21 09:19:28,IC1508,IC1508,8016.8,1.0,1603360.0,0.0,1,8016.8,8019.4,1,8003.0,7913.2,8020.0,7902.6,620.0,989161440.000006,3138
2015-08-21 09:19:28,IC1508,IC1508,8008.4,7.0,11216240.0,0.0,1,8008.4,8013.8,1,8003.0,7913.2,8020.0,7902.6,627.0,1000377680.000006,3138
2015-08-21 09:19:29,IC1508,IC1508,8008.6,2.0,3204480.0,-2.0,4,8008.8,8020.0,1,8003.0,7913.2,8020.0,7902.6,629.0,1003582160.000006,3136
2015-08-21 09:19:29,IC1508,IC1508,8018.0,1.0,1603600.0,0.0,1,8015.4,8018.4,1,8003.0,7913.2,8020.0,7902.6,630.0,1005185760.000006,3136
2015-08-21 09:19:30,IC1508,IC1508,8018.0,0.0,0.0,0.0,1,8015.8,8017.0,1,8003.0,7913.2,8020.0,7902.6,630.0,1005185760.000006,3136
2015-08-21 09:19:30,IC1508,IC1508,8018.0,0.0,0.0,0.0,2,8016.2,8017.0,1,8003.0,7913.2,8020.0,7902.6,630.0,1005185760.000006,3136
2015-08-21 09:19:31,IC1508,IC1508,8018.4,3.0,4810360.0,-2.0,2,8017.6,8020.0,1,8003.0,7913.2,8020.0,7902.6,633.0,1009996120.000006,3134
2015-08-21 09:19:32,IC1508,IC1508,8018.0,2.0,3207600.0,0.0,1,8018.8,8029.0,1,8003.0,7913.2,8020.0,7902.6,635.0,1013203720.000006,3134
2015-08-21 09:19:32,IC1508,IC1508,8018.8,1.0,1603760.0,-1.0,2,8019.2,8028.8,1,8003.0,7913.2,8020.0,7902.6,636.0,1014807480.000006,3133
2015-08-21 09:19:33,IC1508,IC1508,8027.8,2.0,3209320.0,1.0,1,8020.6,8029.8,1,8003.0,7913.2,8027.8,7902.6,638.0,1018016800.000006,3134
2015-08-21 09:19:33,IC1508,IC1508,8021.6,1.0,1604320.000001073,-1.0,1,8020.6,8028.8,1,8003.0,7913.2,8027.8,7902.6,639.0,1019621120.000007,3133
2015-08-21 09:19:34,IC1508,IC1508,8021.6,0.0,0.0,0.0,2,8021.0,8028.8,1,8003.0,7913.2,8027.8,7902.6,639.0,1019621120.000007,3133
2015-08-21 09:19:34,IC1508,IC1508,8019.0,4.0,6416320.0,1.0,1,8015.4,8028.6,10,8003.0,7913.2,8027.8,7902.6,643.0,1026037440.000007,3134
2015-08-21 09:19:35,IC1508,IC1508,8025.2,1.0,1605040.0,0.0,1,8017.8,8026.0,1,8003.0,7913.2,8027.8,7902.6,644.0,1027642480.000007,3134
2015-08-21 09:19:35,IC1508,IC1508,8025.2,0.0,0.0,0.0,4,8025.2,8026.0,1,8003.0,7913.2,8027.8,7902.6,644.0,1027642480.000007,3134
2015-08-21 09:19:36,IC1508,IC1508,8025.8,9.0,14440560.0,2.0,1,8018.4,8020.6,1,8003.0,7913.2,8027.8,7902.6,653.0,1042083040.000007,3136
2015-08-21 09:19:36,IC1508,IC1508,8022.6,1.0,1604520.0,-1.0,2,8015.8,8025.8,1,8003.0,7913.2,8027.8,7902.6,654.0,1043687560.000007,3135
2015-08-21 09:19:37,IC1508,IC1508,8022.6,0.0,0.0,0.0,1,8016.0,8023.8,1,8003.0,7913.2,8027.8,7902.6,654.0,1043687560.000007,3135
2015-08-21 09:19:37,IC1508,IC1508,8022.6,0.0,0.0,0.0,1,8016.0,8023.6,1,8003.0,7913.2,8027.8,7902.6,654.0,1043687560.000007,3135
2015-08-21 09:19:38,IC1508,IC1508,8020.6,1.0,1604120.0,1.0,1,8016.4,8023.6,1,8003.0,7913.2,8027.8,7902.6,655.0,1045291680.000007,3136
2015-08-21 09:19:38,IC1508,IC1508,8020.6,0.0,0.0,0.0,1,8016.4,8023.4,1,8003.0,7913.2,8027.8,7902.6,655.0,1045291680.000007,3136
2015-08-21 09:19:39,IC1508,IC1508,8020.6,0.0,0.0,0.0,1,8016.4,8023.2,5,8003.0,7913.2,8027.8,7902.6,655.0,1045291680.000007,3136
2015-08-21 09:19:40,IC1508,IC1508,8016.4,1.0,1603280.0,-1.0,2,8016.0,8023.4,1,8003.0,7913.2,8027.8,7902.6,656.0,1046894960.000007,3135
2015-08-21 09:19:40,IC1508,IC1508,8016.0,2.0,3206400.0,0.0,1,8011.2,8021.2,1,8003.0,7913.2,8027.8,7902.6,658.0,1050101360.000007,3135
2015-08-21 09:19:41,IC1508,IC1508,8016.0,0.0,0.0,0.0,1,8011.0,8018.2,1,8003.0,7913.2,8027.8,7902.6,658.0,1050101360.000007,3135
2015-08-21 09:19:41,IC1508,IC1508,8016.4,1.0,1603280.0,0.0,1,8011.0,8018.2,1,8003.0,7913.2,8027.8,7902.6,659.0,1051704640.000007,3135
2015-08-21 09:19:42,IC1508,IC1508,8013.4,2.0,3206320.0,0.0,1,8011.0,8021.2,1,8003.0,7913.2,8027.8,7902.6,661.0,1054910960.000007,3135
2015-08-21 09:19:42,IC1508,IC1508,8013.4,0.0,0.0,0.0,1,8011.0,8019.2,1,8003.0,7913.2,8027.8,7902.6,661.0,1054910960.000007,3135
2015-08-21 09:19:43,IC1508,IC1508,8013.4,0.0,0.0,0.0,1,8011.0,8018.2,1,8003.0,7913.2,8027.8,7902.6,661.0,1054910960.000007,3135
2015-08-21 09:19:43,IC1508,IC1508,8013.4,0.0,0.0,0.0,1,8011.0,8018.0,1,8003.0,7913.2,8027.8,7902.6,661.0,1054910960.000007,3135
2015-08-21 09:19:45,IC1508,IC1508,8013.4,0.0,0.0,0.0,1,8011.0,8021.2,1,8003.0,7913.2,8027.8,7902.6,661.0,1054910960.000007,3135
2015-08-21 09:19:46,IC1508,IC1508,8013.4,0.0,0.0,0.0,1,8011.0,8021.0,1,8003.0,7913.2,8027.8,7902.6,661.0,1054910960.000007,3135
2015-08-21 09:19:46,IC1508,IC1508,8013.4,0.0,0.0,0.0,1,8011.0,8012.4,1,8003.0,7913.2,8027.8,7902.6,661.0,1054910960.000007,3135
2015-08-21 09:19:47,IC1508,IC1508,8012.4,1.0,1602480.0,0.0,1,8011.0,8012.4,1,8003.0,7913.2,8027.8,7902.6,662.0,1056513440.000007,3135
2015-08-21 09:19:48,IC1508,IC1508,8012.4,1.0,1602480.0,1.0,1,8011.4,8019.0,1,8003.0,7913.2,8027.8,7902.6,663.0,1058115920.000007,3136
2015-08-21 09:19:48,IC1508,IC1508,8011.4,1.0,1602280.0,0.0,1,8011.0,8021.0,1,8003.0,7913.2,8027.8,7902.6,664.0,1059718200.000007,3136
2015-08-21 09:19:49,IC1508,IC1508,8011.4,0.0,0.0,0.0,1,8012.0,8020.0,1,8003.0,7913.2,8027.8,7902.6,664.0,1059718200.000007,3136
2015-08-21 09:19:49,IC1508,IC1508,8011.4,0.0,0.0,0.0,1,8011.0,8011.4,2,8003.0,7913.2,8027.8,7902.6,664.0,1059718200.000007,3136
2015-08-21 09:19:50,IC1508,IC1508,8011.4,2.0,3204560.0,-2.0,1,8011.0,8020.4,1,8003.0,7913.2,8027.8,7902.6,666.0,1062922760.000007,3134
2015-08-21 09:19:50,IC1508,IC1508,8012.0,1.0,1602400.0,0.0,1,8011.0,8019.4,2,8003.0,7913.2,8027.8,7902.6,667.0,1064525160.000007,3134
2015-08-21 09:19:51,IC1508,IC1508,8012.0,0.0,0.0,0.0,1,8013.6,8019.2,1,8003.0,7913.2,8027.8,7902.6,667.0,1064525160.000007,3134
2015-08-21 09:19:52,IC1508,IC1508,8012.0,1.0,1602400.0,0.0,1,8011.2,8012.0,1,8003.0,7913.2,8027.8,7902.6,668.0,1066127560.000007,3134
2015-08-21 09:19:52,IC1508,IC1508,8011.4,2.0,3204680.0,-1.0,1,8011.4,8019.0,1,8003.0,7913.2,8027.8,7902.6,670.0,1069332240.000007,3133
2015-08-21 09:19:53,IC1508,IC1508,8011.4,0.0,0.0,0.0,1,8011.8,8017.4,1,8003.0,7913.2,8027.8,7902.6,670.0,1069332240.000007,3133
2015-08-21 09:19:54,IC1508,IC1508,8011.4,0.0,0.0,0.0,1,8012.8,8017.4,1,8003.0,7913.2,8027.8,7902.6,670.0,1069332240.000007,3133
2015-08-21 09:19:54,IC1508,IC1508,8011.4,2.0,3204560.0,-2.0,1,8011.4,8017.4,1,8003.0,7913.2,8027.8,7902.6,672.0,1072536800.000007,3131
2015-08-21 09:19:55,IC1508,IC1508,8011.4,0.0,0.0,0.0,1,8011.4,8017.2,11,8003.0,7913.2,8027.8,7902.6,672.0,1072536800.000007,3131
2015-08-21 09:19:55,IC1508,IC1508,8011.4,0.0,0.0,0.0,2,8012.2,8016.4,1,8003.0,7913.2,8027.8,7902.6,672.0,1072536800.000007,3131
2015-08-21 09:19:56,IC1508,IC1508,8016.0,1.0,1603199.9999998808,1.0,1,8012.2,8016.2,1,8003.0,7913.2,8027.8,7902.6,673.0,1074140000.000007,3132
2015-08-21 09:19:57,IC1508,IC1508,8016.2,1.0,1603240.0,1.0,1,8013.4,8016.2,1,8003.0,7913.2,8027.8,7902.6,674.0,1075743240.000007,3133
2015-08-21 09:19:58,IC1508,IC1508,8013.6,2.0,3205960.0,0.0,1,8013.4,8016.4,1,8003.0,7913.2,8027.8,7902.6,676.0,1078949200.000007,3133
2015-08-21 09:19:58,IC1508,IC1508,8013.6,0.0,0.0,0.0,1,8014.2,8019.4,1,8003.0,7913.2,8027.8,7902.6,676.0,1078949200.000007,3133
2015-08-21 09:19:59,IC1508,IC1508,8013.6,0.0,0.0,0.0,1,8014.2,8018.0,1,8003.0,7913.2,8027.8,7902.6,676.0,1078949200.000007,3133
2015-08-21 09:20:00,IC1508,IC1508,8013.6,0.0,0.0,0.0,2,8014.2,8018.0,1,8003.0,7913.2,8027.8,7902.6,676.0,1078949200.000007,3133
2015-08-21 09:20:00,IC1508,IC1508,8014.2,2.0,3205680.0,-1.0,1,8012.8,8018.0,1,8003.0,7913.2,8027.8,7902.6,678.0,1082154880.000007,3132
2015-08-21 09:20:01,IC1508,IC1508,8018.0,2.0,3207200.0,0.0,1,8018.0,8019.4,1,8003.0,7913.2,8027.8,7902.6,680.0,1085362080.000007,3132
2015-08-21 09:20:01,IC1508,IC1508,8019.4,1.0,1603880.0,0.0,1,8015.8,8020.0,1,8003.0,7913.2,8027.8,7902.6,681.0,1086965960.000007,3132
2015-08-21 09:20:02,IC1508,IC1508,8019.4,0.0,0.0,0.0,1,8017.4,8020.0,2,8003.0,7913.2,8027.8,7902.6,681.0,1086965960.000007,3132
2015-08-21 09:20:02,IC1508,IC1508,8020.0,1.0,1604000.0,-1.0,1,8018.2,8020.0,2,8003.0,7913.2,8027.8,7902.6,682.0,1088569960.000007,3131
2015-08-21 09:20:03,IC1508,IC1508,8020.0,2.0,3208000.0,1.0,2,8020.4,8022.0,1,8003.0,7913.2,8027.8,7902.6,684.0,1091777960.000007,3132
2015-08-21 09:20:04,IC1508,IC1508,8022.0,1.0,1604400.0,0.0,2,8020.4,8023.6,2,8003.0,7913.2,8027.8,7902.6,685.0,1093382360.000007,3132
2015-08-21 09:20:04,IC1508,IC1508,8020.8,1.0,1604160.0,0.0,1,8013.2,8023.0,1,8003.0,7913.2,8027.8,7902.6,686.0,1094986520.000007,3132
2015-08-21 09:20:05,IC1508,IC1508,8020.8,0.0,0.0,0.0,2,8013.2,8019.6,1,8003.0,7913.2,8027.8,7902.6,686.0,1094986520.000007,3132
2015-08-21 09:20:05,IC1508,IC1508,8020.8,0.0,0.0,0.0,1,8011.4,8016.0,2,8003.0,7913.2,8027.8,7902.6,686.0,1094986520.000007,3132
2015-08-21 09:20:06,IC1508,IC1508,8020.8,0.0,0.0,0.0,1,8011.0,8015.4,1,8003.0,7913.2,8027.8,7902.6,686.0,1094986520.000007,3132
2015-08-21 09:20:06,IC1508,IC1508,8011.0,1.0,1602200.0,0.0,1,8010.0,8015.6,1,8003.0,7913.2,8027.8,7902.6,687.0,1096588720.000007,3132
2015-08-21 09:20:07,IC1508,IC1508,8010.0,1.0,1602000.0,-1.0,1,8008.4,8015.6,1,8003.0,7913.2,8027.8,7902.6,688.0,1098190720.000007,3131
2015-08-21 09:20:07,IC1508,IC1508,8010.0,0.0,0.0,0.0,1,8008.4,8014.2,1,8003.0,7913.2,8027.8,7902.6,688.0,1098190720.000007,3131
2015-08-21 09:20:08,IC1508,IC1508,8010.0,0.0,0.0,0.0,1,8008.8,8014.0,5,8003.0,7913.2,8027.8,7902.6,688.0,1098190720.000007,3131
2015-08-21 09:20:08,IC1508,IC1508,8008.8,1.0,1601760.0,0.0,1,8008.4,8014.8,1,8003.0,7913.2,8027.8,7902.6,689.0,1099792480.000007,3131
2015-08-21 09:20:09,IC1508,IC1508,8008.8,0.0,0.0,0.0,1,8008.6,8011.6,1,8003.0,7913.2,8027.8,7902.6,689.0,1099792480.000007,3131
2015-08-21 09:20:09,IC1508,IC1508,8008.2,3.0,4805040.0,0.0,1,8003.8,8010.6,1,8003.0,7913.2,8027.8,7902.6,692.0,1104597520.000007,3131
2015-08-21 09:20:10,IC1508,IC1508,8008.2,0.0,0.0,0.0,1,8003.8,8009.2,1,8003.0,7913.2,8027.8,7902.6,692.0,1104597520.000007,3131
2015-08-21 09:20:10,IC1508,IC1508,8003.8,1.0,1600760.0,-1.0,1,8003.8,8009.2,1,8003.0,7913.2,8027.8,7902.6,693.0,1106198280.000007,3130
2015-08-21 09:20:11,IC1508,IC1508,8003.8,0.0,0.0,0.0,3,8003.8,8008.6,2,8003.0,7913.2,8027.8,7902.6,693.0,1106198280.000007,3130
2015-08-21 09:20:11,IC1508,IC1508,8003.8,0.0,0.0,0.0,1,8004.2,8008.6,2,8003.0,7913.2,8027.8,7902.6,693.0,1106198280.000007,3130
2015-08-21 09:20:12,IC1508,IC1508,8008.6,2.0,3203440.0,0.0,2,8009.2,8011.2,1,8003.0,7913.2,8027.8,7902.6,695.0,1109401720.000007,3130
2015-08-21 09:20:12,IC1508,IC1508,8011.6,2.0,3204560.0,0.0,2,8009.2,8014.8,1,8003.0,7913.2,8027.8,7902.6,697.0,1112606280.000007,3130
2015-08-21 09:20:13,IC1508,IC1508,8009.6,1.0,1601920.0,0.0,2,8009.2,8014.2,1,8003.0,7913.2,8027.8,7902.6,698.0,1114208200.000007,3130
2015-08-21 09:20:13,IC1508,IC1508,8009.2,1.0,1601840.0,0.0,1,8009.2,8012.8,1,8003.0,7913.2,8027.8,7902.6,699.0,1115810040.000007,3130
2015-08-21 09:20:14,IC1508,IC1508,8012.2,1.0,1602440.0,-1.0,1,8009.4,8012.8,2,8003.0,7913.2,8027.8,7902.6,700.0,1117412480.000007,3129
2015-08-21 09:20:14,IC1508,IC1508,8012.6,1.0,1602520.0,-1.0,1,8009.2,8012.8,2,8003.0,7913.2,8027.8,7902.6,701.0,1119015000.000007,3128
2015-08-21 09:20:16,IC1508,IC1508,8015.6,5.0,8014080.0,-4.0,1,8009.2,8016.0,2,8003.0,7913.2,8027.8,7902.6,706.0,1127029080.000007,3124
2015-08-21 09:20:16,IC1508,IC1508,8015.6,0.0,0.0,0.0,1,8009.2,8015.8,10,8003.0,7913.2,8027.8,7902.6,706.0,1127029080.000007,3124
2015-08-21 09:20:17,IC1508,IC1508,8009.2,2.0,3203800.0,-1.0,1,8007.4,8014.8,1,8003.0,7913.2,8027.8,7902.6,708.0,1130232880.000007,3123
2015-08-21 09:20:17,IC1508,IC1508,8009.2,0.0,0.0,0.0,1,8005.8,8014.0,1,8003.0,7913.2,8027.8,7902.6,708.0,1130232880.000007,3123
2015-08-21 09:20:18,IC1508,IC1508,8009.2,0.0,0.0,0.0,1,8006.0,8012.8,1,8003.0,7913.2,8027.8,7902.6,708.0,1130232880.000007,3123
2015-08-21 09:20:18,IC1508,IC1508,8009.2,0.0,0.0,0.0,1,8006.0,8011.6,1,8003.0,7913.2,8027.8,7902.6,708.0,1130232880.000007,3123
2015-08-21 09:20:19,IC1508,IC1508,8009.2,0.0,0.0,0.0,1,8006.2,8011.0,1,8003.0,7913.2,8027.8,7902.6,708.0,1130232880.000007,3123
2015-08-21 09:20:19,IC1508,IC1508,8006.2,1.0,1601240.0,-1.0,1,8006.0,8010.8,1,8003.0,7913.2,8027.8,7902.6,709.0,1131834120.000007,3122
2015-08-21 09:20:20,IC1508,IC1508,8006.2,0.0,0.0,0.0,1,8006.0,8010.6,1,8003.0,7913.2,8027.8,7902.6,709.0,1131834120.000007,3122
2015-08-21 09:20:20,IC1508,IC1508,8006.2,0.0,0.0,0.0,2,8006.0,8010.6,1,8003.0,7913.2,8027.8,7902.6,709.0,1131834120.000007,3122
2015-08-21 09:20:22,IC1508,IC1508,8006.2,0.0,0.0,0.0,2,8006.0,8013.8,1,8003.0,7913.2,8027.8,7902.6,709.0,1131834120.000007,3122
2015-08-21 09:20:22,IC1508,IC1508,8006.2,0.0,0.0,0.0,1,8007.8,8013.8,1,8003.0,7913.2,8027.8,7902.6,709.0,1131834120.000007,3122
2015-08-21 09:20:23,IC1508,IC1508,8006.2,0.0,0.0,0.0,1,8006.2,8013.6,1,8003.0,7913.2,8027.8,7902.6,709.0,1131834120.000007,3122
2015-08-21 09:20:23,IC1508,IC1508,8006.2,0.0,0.0,0.0,2,8006.2,8013.6,1,8003.0,7913.2,8027.8,7902.6,709.0,1131834120.000007,3122
2015-08-21 09:20:24,IC1508,IC1508,8006.2,0.0,0.0,0.0,1,8006.2,8013.6,1,8003.0,7913.2,8027.8,7902.6,709.0,1131834120.000007,3122
2015-08-21 09:20:24,IC1508,IC1508,8006.2,1.0,1601240.0,0.0,2,8006.0,8006.2,1,8003.0,7913.2,8027.8,7902.6,710.0,1133435360.000007,3122
2015-08-21 09:20:25,IC1508,IC1508,8013.6,4.0,6409360.0,-1.0,1,8009.8,8010.6,1,8003.0,7913.2,8027.8,7902.6,714.0,1139844720.000007,3121
2015-08-21 09:20:25,IC1508,IC1508,8013.8,6.0,9613080.0,1.0,1,8006.0,8016.0,2,8003.0,7913.2,8027.8,7902.6,720.0,1149457800.000007,3122
2015-08-21 09:20:26,IC1508,IC1508,8013.8,0.0,0.0,0.0,1,8006.0,8016.0,3,8003.0,7913.2,8027.8,7902.6,720.0,1149457800.000007,3122
2015-08-21 09:20:26,IC1508,IC1508,8005.4,2.0,3202280.0,-2.0,1,8006.2,8014.0,1,8003.0,7913.2,8027.8,7902.6,722.0,1152660080.000007,3120
2015-08-21 09:20:27,IC1508,IC1508,8000.0,6.0,9603040.0,-2.0,1,7995.0,8003.2,1,8003.0,7913.2,8027.8,7902.6,728.0,1162263120.000007,3118
2015-08-21 09:20:27,IC1508,IC1508,8002.2,1.0,1600440.0,1.0,1,7999.2,8003.0,1,8003.0,7913.2,8027.8,7902.6,729.0,1163863560.000007,3119
2015-08-21 09:20:28,IC1508,IC1508,8002.4,2.0,3200400.0,0.0,3,7999.4,8003.0,1,8003.0,7913.2,8027.8,7902.6,731.0,1167063960.000007,3119
2015-08-21 09:20:28,IC1508,IC1508,8003.0,1.0,1600600.0,1.0,2,8004.8,8010.8,1,8003.0,7913.2,8027.8,7902.6,732.0,1168664560.000007,3120
2015-08-21 09:20:29,IC1508,IC1508,8003.0,0.0,0.0,0.0,2,8007.2,8009.2,1,8003.0,7913.2,8027.8,7902.6,732.0,1168664560.000007,3120
2015-08-21 09:20:29,IC1508,IC1508,8004.8,1.0,1600960.0,-1.0,1,8004.0,8008.0,1,8003.0,7913.2,8027.8,7902.6,733.0,1170265520.000007,3119
2015-08-21 09:20:30,IC1508,IC1508,8004.0,1.0,1600800.0,-1.0,1,8003.0,8007.8,1,8003.0,7913.2,8027.8,7902.6,734.0,1171866320.000007,3118
2015-08-21 09:20:30,IC1508,IC1508,8004.0,0.0,0.0,0.0,1,8003.4,8007.8,1,8003.0,7913.2,8027.8,7902.6,734.0,1171866320.000007,3118
2015-08-21 09:20:31,IC1508,IC1508,8004.0,0.0,0.0,0.0,1,8003.4,8007.6,1,8003.0,7913.2,8027.8,7902.6,734.0,1171866320.000007,3118
2015-08-21 09:20:31,IC1508,IC1508,8004.0,0.0,0.0,0.0,1,8003.6,8007.6,1,8003.0,7913.2,8027.8,7902.6,734.0,1171866320.000007,3118
2015-08-21 09:20:32,IC1508,IC1508,8004.0,0.0,0.0,0.0,1,8003.4,8013.4,1,8003.0,7913.2,8027.8,7902.6,734.0,1171866320.000007,3118
2015-08-21 09:20:32,IC1508,IC1508,8004.0,0.0,0.0,0.0,1,8003.6,8013.2,10,8003.0,7913.2,8027.8,7902.6,734.0,1171866320.000007,3118
2015-08-21 09:20:33,IC1508,IC1508,8004.0,1.0,1600800.0,-1.0,1,8003.6,8013.0,1,8003.0,7913.2,8027.8,7902.6,735.0,1173467120.000007,3117
2015-08-21 09:20:33,IC1508,IC1508,8004.0,1.0,1600800.0,1.0,2,8003.6,8011.4,1,8003.0,7913.2,8027.8,7902.6,736.0,1175067920.000007,3118
2015-08-21 09:20:34,IC1508,IC1508,8004.0,0.0,0.0,0.0,2,8003.6,8012.0,1,8003.0,7913.2,8027.8,7902.6,736.0,1175067920.000007,3118
2015-08-21 09:20:34,IC1508,IC1508,8004.0,0.0,0.0,0.0,2,8009.6,8010.0,1,8003.0,7913.2,8027.8,7902.6,736.0,1175067920.000007,3118
2015-08-21 09:20:35,IC1508,IC1508,8004.0,0.0,0.0,0.0,1,8004.0,8010.0,1,8003.0,7913.2,8027.8,7902.6,736.0,1175067920.000007,3118
2015-08-21 09:20:35,IC1508,IC1508,8004.0,0.0,0.0,0.0,2,8003.6,8010.0,1,8003.0,7913.2,8027.8,7902.6,736.0,1175067920.000007,3118
2015-08-21 09:20:36,IC1508,IC1508,8010.0,2.0,3203880.0,-1.0,1,8010.0,8012.0,1,8003.0,7913.2,8027.8,7902.6,738.0,1178271800.000007,3117
2015-08-21 09:20:37,IC1508,IC1508,8010.0,1.0,1602000.0,-1.0,1,8010.2,8012.0,1,8003.0,7913.2,8027.8,7902.6,739.0,1179873800.000007,3116
2015-08-21 09:20:39,IC1508,IC1508,8012.0,1.0,1602400.0,0.0,1,8010.2,8016.0,2,8003.0,7913.2,8027.8,7902.6,740.0,1181476200.000007,3116
2015-08-21 09:20:39,IC1508,IC1508,8010.2,1.0,1602040.0,0.0,1,8003.6,8010.2,9,8003.0,7913.2,8027.8,7902.6,741.0,1183078240.000007,3116
2015-08-21 09:20:40,IC1508,IC1508,8010.2,0.0,0.0,0.0,1,8004.0,8010.2,9,8003.0,7913.2,8027.8,7902.6,741.0,1183078240.000007,3116
2015-08-21 09:20:41,IC1508,IC1508,8010.2,0.0,0.0,0.0,2,8006.0,8010.2,11,8003.0,7913.2,8027.8,7902.6,741.0,1183078240.000007,3116
2015-08-21 09:20:41,IC1508,IC1508,8010.2,0.0,0.0,0.0,2,8007.2,8010.2,11,8003.0,7913.2,8027.8,7902.6,741.0,1183078240.000007,3116
2015-08-21 09:20:42,IC1508,IC1508,8010.2,2.0,3204080.0,0.0,1,8004.0,8010.2,11,8003.0,7913.2,8027.8,7902.6,743.0,1186282320.000007,3116
2015-08-21 09:20:42,IC1508,IC1508,8010.2,1.0,1602040.0,-1.0,1,8004.0,8010.0,1,8003.0,7913.2,8027.8,7902.6,744.0,1187884360.000007,3115
2015-08-21 09:20:43,IC1508,IC1508,8004.0,1.0,1600800.0,0.0,1,8003.6,8007.2,1,8003.0,7913.2,8027.8,7902.6,745.0,1189485160.000007,3115
2015-08-21 09:20:45,IC1508,IC1508,8004.0,0.0,0.0,0.0,1,8003.6,8006.4,1,8003.0,7913.2,8027.8,7902.6,745.0,1189485160.000007,3115
2015-08-21 09:20:45,IC1508,IC1508,8007.0,2.0,3202680.0,2.0,1,8003.6,8007.2,1,8003.0,7913.2,8027.8,7902.6,747.0,1192687840.000007,3117
2015-08-21 09:20:46,IC1508,IC1508,8004.0,1.0,1600800.0,1.0,1,8005.0,8006.6,1,8003.0,7913.2,8027.8,7902.6,748.0,1194288640.000007,3118
2015-08-21 09:20:46,IC1508,IC1508,8006.0,1.0,1601200.0,0.0,1,8005.0,8007.2,1,8003.0,7913.2,8027.8,7902.6,749.0,1195889840.000007,3118
2015-08-21 09:20:47,IC1508,IC1508,8006.0,0.0,0.0,0.0,1,8005.2,8007.0,1,8003.0,7913.2,8027.8,7902.6,749.0,1195889840.000007,3118
2015-08-21 09:20:47,IC1508,IC1508,8007.0,1.0,1601400.0,1.0,1,8005.2,8007.2,1,8003.0,7913.2,8027.8,7902.6,750.0,1197491240.000007,3119
2015-08-21 09:20:48,IC1508,IC1508,8010.0,2.0,3203440.0,1.0,2,8007.2,8010.2,10,8003.0,7913.2,8027.8,7902.6,752.0,1200694680.000007,3120
2015-08-21 09:20:49,IC1508,IC1508,8007.2,1.0,1601440.0,-1.0,1,8005.2,8010.2,10,8003.0,7913.2,8027.8,7902.6,753.0,1202296120.000007,3119
2015-08-21 09:20:49,IC1508,IC1508,8009.8,1.0,1601960.0,1.0,1,8005.8,8010.2,10,8003.0,7913.2,8027.8,7902.6,754.0,1203898080.000007,3120
2015-08-21 09:20:50,IC1508,IC1508,8009.8,0.0,0.0,0.0,2,8005.2,8010.2,10,8003.0,7913.2,8027.8,7902.6,754.0,1203898080.000007,3120
2015-08-21 09:20:51,IC1508,IC1508,8009.8,0.0,0.0,0.0,1,8005.8,8010.0,1,8003.0,7913.2,8027.8,7902.6,754.0,1203898080.000007,3120
2015-08-21 09:20:51,IC1508,IC1508,8009.8,0.0,0.0,0.0,1,8006.4,8010.0,1,8003.0,7913.2,8027.8,7902.6,754.0,1203898080.000007,3120
2015-08-21 09:20:52,IC1508,IC1508,8009.8,0.0,0.0,0.0,2,8005.2,8010.0,1,8003.0,7913.2,8027.8,7902.6,754.0,1203898080.000007,3120
2015-08-21 09:20:52,IC1508,IC1508,8009.8,0.0,0.0,0.0,2,8005.2,8007.0,3,8003.0,7913.2,8027.8,7902.6,754.0,1203898080.000007,3120
2015-08-21 09:20:54,IC1508,IC1508,8009.8,0.0,0.0,0.0,1,8005.2,8007.0,4,8003.0,7913.2,8027.8,7902.6,754.0,1203898080.000007,3120
2015-08-21 09:20:54,IC1508,IC1508,8009.8,0.0,0.0,0.0,1,8005.8,8007.0,4,8003.0,7913.2,8027.8,7902.6,754.0,1203898080.000007,3120
2015-08-21 09:20:55,IC1508,IC1508,8009.8,0.0,0.0,0.0,1,8005.2,8007.0,4,8003.0,7913.2,8027.8,7902.6,754.0,1203898080.000007,3120
2015-08-21 09:20:55,IC1508,IC1508,8009.8,0.0,0.0,0.0,1,8005.2,8006.8,1,8003.0,7913.2,8027.8,7902.6,754.0,1203898080.000007,3120
2015-08-21 09:20:56,IC1508,IC1508,8005.2,1.0,1601040.0,0.0,1,8003.6,8006.8,1,8003.0,7913.2,8027.8,7902.6,755.0,1205499120.000007,3120
2015-08-21 09:20:57,IC1508,IC1508,8005.2,0.0,0.0,0.0,2,8004.8,8005.2,1,8003.0,7913.2,8027.8,7902.6,755.0,1205499120.000007,3120
2015-08-21 09:20:57,IC1508,IC1508,8005.2,1.0,1601040.0,0.0,2,8004.8,8005.0,1,8003.0,7913.2,8027.8,7902.6,756.0,1207100160.000007,3120
2015-08-21 09:20:58,IC1508,IC1508,8005.2,0.0,0.0,0.0,1,8003.6,8005.0,1,8003.0,7913.2,8027.8,7902.6,756.0,1207100160.000007,3120
2015-08-21 09:20:58,IC1508,IC1508,8006.8,2.0,3202400.0,0.0,1,8003.6,8007.0,4,8003.0,7913.2,8027.8,7902.6,758.0,1210302560.000007,3120
2015-08-21 09:20:59,IC1508,IC1508,8006.8,0.0,0.0,0.0,1,8004.8,8007.0,4,8003.0,7913.2,8027.8,7902.6,758.0,1210302560.000007,3120
2015-08-21 09:21:01,IC1508,IC1508,8007.0,1.0,1601400.0,0.0,1,8004.8,8007.0,3,8003.0,7913.2,8027.8,7902.6,759.0,1211903960.000007,3120
2015-08-21 09:21:02,IC1508,IC1508,8007.0,2.0,3202360.0,-1.0,1,8003.6,8007.0,2,8003.0,7913.2,8027.8,7902.6,761.0,1215106320.000007,3119
2015-08-21 09:21:02,IC1508,IC1508,8007.0,0.0,0.0,0.0,5,8003.8,8007.0,2,8003.0,7913.2,8027.8,7902.6,761.0,1215106320.000007,3119
2015-08-21 09:21:03,IC1508,IC1508,8007.0,2.0,3202800.0,0.0,1,8004.0,8010.2,10,8003.0,7913.2,8027.8,7902.6,763.0,1218309120.000007,3119
2015-08-21 09:21:04,IC1508,IC1508,8007.0,0.0,0.0,0.0,2,8007.2,8010.2,10,8003.0,7913.2,8027.8,7902.6,763.0,1218309120.000007,3119
2015-08-21 09:21:05,IC1508,IC1508,8007.2,2.0,3202880.0,0.0,1,8004.0,8007.2,8,8003.0,7913.2,8027.8,7902.6,765.0,1221512000.000007,3119
2015-08-21 09:21:05,IC1508,IC1508,8004.0,1.0,1600800.0,-1.0,1,8003.6,8007.2,8,8003.0,7913.2,8027.8,7902.6,766.0,1223112800.000007,3118
2015-08-21 09:21:06,IC1508,IC1508,8004.0,0.0,0.0,0.0,1,8003.6,8004.0,1,8003.0,7913.2,8027.8,7902.6,766.0,1223112800.000007,3118
2015-08-21 09:21:07,IC1508,IC1508,8004.0,2.0,3201600.0,-1.0,1,8003.6,8007.2,8,8003.0,7913.2,8027.8,7902.6,768.0,1226314400.000007,3117
2015-08-21 09:21:07,IC1508,IC1508,8004.0,0.0,0.0,0.0,2,8004.0,8007.2,8,8003.0,7913.2,8027.8,7902.6,768.0,1226314400.000007,3117
2015-08-21 09:21:08,IC1508,IC1508,8007.2,2.0,3202840.0,2.0,1,8004.0,8007.0,1,8003.0,7913.2,8027.8,7902.6,770.0,1229517240.000007,3119
2015-08-21 09:21:09,IC1508,IC1508,8007.0,1.0,1601400.0,1.0,1,8004.0,8007.2,7,8003.0,7913.2,8027.8,7902.6,771.0,1231118640.000007,3120
2015-08-21 09:21:10,IC1508,IC1508,8007.0,0.0,0.0,0.0,2,8004.0,8007.0,1,8003.0,7913.2,8027.8,7902.6,771.0,1231118640.000007,3120
2015-08-21 09:21:10,IC1508,IC1508,8007.0,1.0,1601400.0,0.0,1,8007.0,8007.2,7,8003.0,7913.2,8027.8,7902.6,772.0,1232720040.000007,3120
2015-08-21 09:21:11,IC1508,IC1508,8007.0,1.0,1601400.0,-1.0,2,8004.0,8007.2,7,8003.0,7913.2,8027.8,7902.6,773.0,1234321440.000007,3119
2015-08-21 09:21:12,IC1508,IC1508,8007.2,1.0,1601440.0,0.0,2,8006.4,8007.2,6,8003.0,7913.2,8027.8,7902.6,774.0,1235922880.000007,3119
2015-08-21 09:21:12,IC1508,IC1508,8007.2,0.0,0.0,0.0,3,8004.0,8006.4,1,8003.0,7913.2,8027.8,7902.6,774.0,1235922880.000007,3119
2015-08-21 09:21:13,IC1508,IC1508,8007.2,0.0,0.0,0.0,3,8004.0,8006.0,1,8003.0,7913.2,8027.8,7902.6,774.0,1235922880.000007,3119
2015-08-21 09:21:14,IC1508,IC1508,8007.2,0.0,0.0,0.0,2,8004.0,8006.0,1,8003.0,7913.2,8027.8,7902.6,774.0,1235922880.000007,3119
2015-08-21 09:21:14,IC1508,IC1508,8006.6,2.0,3202640.0,1.0,6,8004.2,8010.2,10,8003.0,7913.2,8027.8,7902.6,776.0,1239125520.000007,3120
2015-08-21 09:21:15,IC1508,IC1508,8010.2,2.0,3204080.0,-2.0,1,8004.4,8010.2,8,8003.0,7913.2,8027.8,7902.6,778.0,1242329600.000007,3118
2015-08-21 09:21:15,IC1508,IC1508,8010.2,0.0,0.0,0.0,2,8004.0,8010.2,8,8003.0,7913.2,8027.8,7902.6,778.0,1242329600.000007,3118
2015-08-21 09:21:17,IC1508,IC1508,8010.2,1.0,1602040.0,1.0,3,8004.0,8010.2,8,8003.0,7913.2,8027.8,7902.6,779.0,1243931640.000007,3119
2015-08-21 09:21:17,IC1508,IC1508,8004.6,1.0,1600920.0,1.0,3,8004.0,8008.8,1,8003.0,7913.2,8027.8,7902.6,780.0,1245532560.000007,3120
2015-08-21 09:21:18,IC1508,IC1508,8004.0,1.0,1600800.0,0.0,1,8004.2,8008.4,1,8003.0,7913.2,8027.8,7902.6,781.0,1247133360.000007,3120
2015-08-21 09:21:18,IC1508,IC1508,8004.0,0.0,0.0,0.0,1,8004.2,8007.2,1,8003.0,7913.2,8027.8,7902.6,781.0,1247133360.000007,3120
2015-08-21 09:21:19,IC1508,IC1508,8004.0,0.0,0.0,0.0,1,8004.2,8006.6,1,8003.0,7913.2,8027.8,7902.6,781.0,1247133360.000007,3120
2015-08-21 09:21:19,IC1508,IC1508,8004.0,0.0,0.0,0.0,1,8004.2,8005.4,1,8003.0,7913.2,8027.8,7902.6,781.0,1247133360.000007,3120
2015-08-21 09:21:20,IC1508,IC1508,8004.0,1.0,1600800.0,-1.0,2,8004.0,8008.8,1,8003.0,7913.2,8027.8,7902.6,782.0,1248734160.000007,3119
2015-08-21 09:21:20,IC1508,IC1508,8004.0,0.0,0.0,0.0,2,8004.0,8008.6,1,8003.0,7913.2,8027.8,7902.6,782.0,1248734160.000007,3119
2015-08-21 09:21:21,IC1508,IC1508,8004.0,0.0,0.0,0.0,1,8004.2,8008.6,1,8003.0,7913.2,8027.8,7902.6,782.0,1248734160.000007,3119
2015-08-21 09:21:21,IC1508,IC1508,8004.0,0.0,0.0,0.0,1,8004.2,8007.0,1,8003.0,7913.2,8027.8,7902.6,782.0,1248734160.000007,3119
2015-08-21 09:21:22,IC1508,IC1508,8004.0,0.0,0.0,0.0,2,8004.0,8006.8,1,8003.0,7913.2,8027.8,7902.6,782.0,1248734160.000007,3119
2015-08-21 09:21:22,IC1508,IC1508,8004.0,0.0,0.0,0.0,2,8004.0,8006.6,2,8003.0,7913.2,8027.8,7902.6,782.0,1248734160.000007,3119
2015-08-21 09:21:23,IC1508,IC1508,8003.6,3.0,4802320.0,0.0,1,8003.0,8006.4,11,8003.0,7913.2,8027.8,7902.6,785.0,1253536480.000007,3119
2015-08-21 09:21:23,IC1508,IC1508,8003.0,1.0,1600600.0,0.0,1,8000.0,8006.2,1,8003.0,7913.2,8027.8,7902.6,786.0,1255137080.000007,3119
2015-08-21 09:21:24,IC1508,IC1508,8000.0,1.0,1600000.0,1.0,1,7998.4,8005.8,1,8003.0,7913.2,8027.8,7902.6,787.0,1256737080.000007,3120
2015-08-21 09:21:24,IC1508,IC1508,8000.0,0.0,0.0,0.0,1,7998.4,8000.0,1,8003.0,7913.2,8027.8,7902.6,787.0,1256737080.000007,3120
2015-08-21 09:21:25,IC1508,IC1508,8000.0,0.0,0.0,0.0,1,7996.2,7999.8,1,8003.0,7913.2,8027.8,7902.6,787.0,1256737080.000007,3120
2015-08-21 09:21:25,IC1508,IC1508,8000.0,0.0,0.0,0.0,1,7996.2,8000.0,1,8003.0,7913.2,8027.8,7902.6,787.0,1256737080.000007,3120
2015-08-21 09:21:26,IC1508,IC1508,8000.0,2.0,3200000.0,-1.0,1,7996.2,8005.4,1,8003.0,7913.2,8027.8,7902.6,789.0,1259937080.000007,3119
2015-08-21 09:21:26,IC1508,IC1508,8000.0,0.0,0.0,0.0,1,7996.6,8004.8,1,8003.0,7913.2,8027.8,7902.6,789.0,1259937080.000007,3119
2015-08-21 09:21:27,IC1508,IC1508,8000.0,0.0,0.0,0.0,1,7996.6,8004.6,1,8003.0,7913.2,8027.8,7902.6,789.0,1259937080.000007,3119
2015-08-21 09:21:28,IC1508,IC1508,7997.6,1.0,1599520.0,0.0,1,7996.6,8003.6,1,8003.0,7913.2,8027.8,7902.6,790.0,1261536600.000007,3119
2015-08-21 09:21:28,IC1508,IC1508,7997.6,0.0,0.0,0.0,2,8000.4,8003.6,1,8003.0,7913.2,8027.8,7902.6,790.0,1261536600.000007,3119
2015-08-21 09:21:29,IC1508,IC1508,8000.4,2.0,3200160.0,0.0,1,7996.6,8003.4,10,8003.0,7913.2,8027.8,7902.6,792.0,1264736760.000007,3119
2015-08-21 09:21:29,IC1508,IC1508,8000.4,0.0,0.0,0.0,1,7996.6,8003.6,1,8003.0,7913.2,8027.8,7902.6,792.0,1264736760.000007,3119
2015-08-21 09:21:30,IC1508,IC1508,8000.4,0.0,0.0,0.0,1,7996.8,8003.2,1,8003.0,7913.2,8027.8,7902.6,792.0,1264736760.000007,3119
2015-08-21 09:21:30,IC1508,IC1508,8000.4,0.0,0.0,0.0,2,7998.0,8003.0,1,8003.0,7913.2,8027.8,7902.6,792.0,1264736760.000007,3119
2015-08-21 09:21:31,IC1508,IC1508,8000.4,0.0,0.0,0.0,1,7998.2,8003.0,1,8003.0,7913.2,8027.8,7902.6,792.0,1264736760.000007,3119
2015-08-21 09:21:32,IC1508,IC1508,7998.4,5.0,7998400.0,-5.0,1,7998.2,8003.0,1,8003.0,7913.2,8027.8,7902.6,797.0,1272735160.000007,3114
2015-08-21 09:21:32,IC1508,IC1508,7998.2,1.0,1599640.0,0.0,1,7996.6,8002.6,1,8003.0,7913.2,8027.8,7902.6,798.0,1274334800.000007,3114
2015-08-21 09:21:33,IC1508,IC1508,7998.2,0.0,0.0,0.0,1,7996.6,8002.6,2,8003.0,7913.2,8027.8,7902.6,798.0,1274334800.000007,3114
2015-08-21 09:21:34,IC1508,IC1508,7996.6,1.0,1599320.0,0.0,1,7994.0,8001.8,1,8003.0,7913.2,8027.8,7902.6,799.0,1275934120.000007,3114
2015-08-21 09:21:34,IC1508,IC1508,7996.6,0.0,0.0,0.0,1,7994.0,8001.6,10,8003.0,7913.2,8027.8,7902.6,799.0,1275934120.000007,3114
2015-08-21 09:21:35,IC1508,IC1508,7996.6,0.0,0.0,0.0,2,7995.4,8000.4,1,8003.0,7913.2,8027.8,7902.6,799.0,1275934120.000007,3114
2015-08-21 09:21:36,IC1508,IC1508,7996.6,0.0,0.0,0.0,2,7998.0,8000.4,2,8003.0,7913.2,8027.8,7902.6,799.0,1275934120.000007,3114
2015-08-21 09:21:36,IC1508,IC1508,7997.8,2.0,3199120.0,-1.0,1,7993.6,8000.0,1,8003.0,7913.2,8027.8,7902.6,801.0,1279133240.000007,3113
2015-08-21 09:21:37,IC1508,IC1508,7997.8,0.0,0.0,0.0,1,7993.6,7999.0,1,8003.0,7913.2,8027.8,7902.6,801.0,1279133240.000007,3113
2015-08-21 09:21:37,IC1508,IC1508,8000.0,4.0,6399800.0,-2.0,1,8000.0,8000.4,1,8003.0,7913.2,8027.8,7902.6,805.0,1285533040.000007,3111
2015-08-21 09:21:38,IC1508,IC1508,8000.0,1.0,1600000.0,0.0,1,7997.4,8000.0,5,8003.0,7913.2,8027.8,7902.6,806.0,1287133040.000007,3111
2015-08-21 09:21:38,IC1508,IC1508,7997.4,1.0,1599480.0,0.0,1,7993.6,7999.8,1,8003.0,7913.2,8027.8,7902.6,807.0,1288732520.000007,3111
2015-08-21 09:21:39,IC1508,IC1508,7997.4,1.0,1599480.0,0.0,1,7998.0,7999.8,2,8003.0,7913.2,8027.8,7902.6,808.0,1290332000.000007,3111
2015-08-21 09:21:40,IC1508,IC1508,7997.4,1.0,1599480.0,0.0,1,7993.6,7999.8,1,8003.0,7913.2,8027.8,7902.6,809.0,1291931480.000007,3111
2015-08-21 09:21:40,IC1508,IC1508,7997.4,0.0,0.0,0.0,1,7993.6,8002.6,1,8003.0,7913.2,8027.8,7902.6,809.0,1291931480.000007,3111
2015-08-21 09:21:41,IC1508,IC1508,7997.4,1.0,1599480.0,0.0,1,7993.6,8002.6,1,8003.0,7913.2,8027.8,7902.6,810.0,1293530960.000007,3111
2015-08-21 09:21:41,IC1508,IC1508,7994.6,1.0,1598920.0,0.0,1,7993.6,8000.4,1,8003.0,7913.2,8027.8,7902.6,811.0,1295129880.000007,3111
2015-08-21 09:21:42,IC1508,IC1508,7994.6,1.0,1598920.0,0.0,2,7993.8,8000.4,1,8003.0,7913.2,8027.8,7902.6,812.0,1296728800.000007,3111
2015-08-21 09:21:42,IC1508,IC1508,7994.6,0.0,0.0,0.0,1,7993.6,7998.8,1,8003.0,7913.2,8027.8,7902.6,812.0,1296728800.000007,3111
2015-08-21 09:21:43,IC1508,IC1508,7998.8,2.0,3199520.0,-2.0,1,7993.6,8000.4,1,8003.0,7913.2,8027.8,7902.6,814.0,1299928320.000007,3109
2015-08-21 09:21:43,IC1508,IC1508,7998.8,0.0,0.0,0.0,2,7993.6,8000.4,2,8003.0,7913.2,8027.8,7902.6,814.0,1299928320.000007,3109
2015-08-21 09:21:44,IC1508,IC1508,7998.8,0.0,0.0,0.0,2,7993.6,8000.2,1,8003.0,7913.2,8027.8,7902.6,814.0,1299928320.000007,3109
2015-08-21 09:21:44,IC1508,IC1508,8000.2,1.0,1600040.0,0.0,1,7995.8,8000.4,1,8003.0,7913.2,8027.8,7902.6,815.0,1301528360.000007,3109
2015-08-21 09:21:45,IC1508,IC1508,8000.2,0.0,0.0,0.0,1,7996.0,8000.2,4,8003.0,7913.2,8027.8,7902.6,815.0,1301528360.000007,3109
2015-08-21 09:21:45,IC1508,IC1508,7995.8,2.0,3198360.0,0.0,3,7993.6,8000.4,1,8003.0,7913.2,8027.8,7902.6,817.0,1304726720.000007,3109
2015-08-21 09:21:46,IC1508,IC1508,8000.0,1.0,1600000.0,1.0,1,7994.2,7999.4,1,8003.0,7913.2,8027.8,7902.6,818.0,1306326720.000007,3110
2015-08-21 09:21:46,IC1508,IC1508,8000.0,0.0,0.0,0.0,2,7993.6,7999.4,1,8003.0,7913.2,8027.8,7902.6,818.0,1306326720.000007,3110
2015-08-21 09:21:47,IC1508,IC1508,8000.0,0.0,0.0,0.0,2,7993.8,7999.2,4,8003.0,7913.2,8027.8,7902.6,818.0,1306326720.000007,3110
2015-08-21 09:21:47,IC1508,IC1508,8000.0,0.0,0.0,0.0,2,7993.6,7999.4,1,8003.0,7913.2,8027.8,7902.6,818.0,1306326720.000007,3110
2015-08-21 09:21:49,IC1508,IC1508,8000.0,0.0,0.0,0.0,1,7994.2,7999.2,4,8003.0,7913.2,8027.8,7902.6,818.0,1306326720.000007,3110
2015-08-21 09:21:49,IC1508,IC1508,8000.0,0.0,0.0,0.0,2,7993.6,7999.0,1,8003.0,7913.2,8027.8,7902.6,818.0,1306326720.000007,3110
2015-08-21 09:21:50,IC1508,IC1508,8000.0,3.0,4800000.0,-3.0,1,7995.2,7999.0,1,8003.0,7913.2,8027.8,7902.6,821.0,1311126720.000007,3107
2015-08-21 09:21:50,IC1508,IC1508,8000.0,0.0,0.0,0.0,2,7995.2,7998.6,1,8003.0,7913.2,8027.8,7902.6,821.0,1311126720.000007,3107
2015-08-21 09:21:51,IC1508,IC1508,7998.6,4.0,6399480.0,0.0,2,7995.2,8000.0,1,8003.0,7913.2,8027.8,7902.6,825.0,1317526200.000007,3107
2015-08-21 09:21:51,IC1508,IC1508,8000.0,1.0,1600000.0,-1.0,1,7996.0,8000.4,1,8003.0,7913.2,8027.8,7902.6,826.0,1319126200.000007,3106
2015-08-21 09:21:52,IC1508,IC1508,8000.4,1.0,1600080.0,-1.0,2,7998.0,8004.8,1,8003.0,7913.2,8027.8,7902.6,827.0,1320726280.000007,3105
2015-08-21 09:21:52,IC1508,IC1508,8000.4,0.0,0.0,0.0,1,7999.8,8004.8,1,8003.0,7913.2,8027.8,7902.6,827.0,1320726280.000007,3105
2015-08-21 09:21:53,IC1508,IC1508,8004.8,1.0,1600960.0,-1.0,1,8000.4,8005.6,1,8003.0,7913.2,8027.8,7902.6,828.0,1322327240.000007,3104
2015-08-21 09:21:53,IC1508,IC1508,8004.8,0.0,0.0,0.0,1,8000.0,8005.6,1,8003.0,7913.2,8027.8,7902.6,828.0,1322327240.000007,3104
2015-08-21 09:21:54,IC1508,IC1508,7999.6,3.0,4800040.0,-2.0,2,7995.2,7998.0,6,8003.0,7913.2,8027.8,7902.6,831.0,1327127280.000007,3102
2015-08-21 09:21:54,IC1508,IC1508,7998.0,5.0,7998320.0,-2.0,1,7995.6,7998.0,1,8003.0,7913.2,8027.8,7902.6,836.0,1335125600.000007,3100
2015-08-21 09:21:55,IC1508,IC1508,7998.0,1.0,1599600.0,0.0,1,7998.0,8005.4,1,8003.0,7913.2,8027.8,7902.6,837.0,1336725200.000007,3100
2015-08-21 09:21:55,IC1508,IC1508,7998.0,0.0,0.0,0.0,1,7998.4,8005.6,1,8003.0,7913.2,8027.8,7902.6,837.0,1336725200.000007,3100
2015-08-21 09:21:56,IC1508,IC1508,7998.0,0.0,0.0,0.0,1,7998.4,8000.0,2,8003.0,7913.2,8027.8,7902.6,837.0,1336725200.000007,3100
2015-08-21 09:21:56,IC1508,IC1508,8000.0,2.0,3200000.0,-2.0,5,8000.4,8003.4,1,8003.0,7913.2,8027.8,7902.6,839.0,1339925200.000007,3098
2015-08-21 09:21:57,IC1508,IC1508,8003.4,1.0,1600680.0,0.0,5,8000.4,8003.8,1,8003.0,7913.2,8027.8,7902.6,840.0,1341525880.000007,3098
2015-08-21 09:21:58,IC1508,IC1508,8003.4,0.0,0.0,0.0,1,8000.6,8003.8,1,8003.0,7913.2,8027.8,7902.6,840.0,1341525880.000007,3098
2015-08-21 09:21:58,IC1508,IC1508,8003.4,0.0,0.0,0.0,1,8000.6,8005.2,1,8003.0,7913.2,8027.8,7902.6,840.0,1341525880.000007,3098
2015-08-21 09:21:59,IC1508,IC1508,8000.6,1.0,1600120.0,1.0,5,8000.4,8005.2,1,8003.0,7913.2,8027.8,7902.6,841.0,1343126000.000007,3099
2015-08-21 09:22:00,IC1508,IC1508,8000.6,0.0,0.0,0.0,1,8003.4,8005.0,1,8003.0,7913.2,8027.8,7902.6,841.0,1343126000.000007,3099
2015-08-21 09:22:00,IC1508,IC1508,8002.8,1.0,1600560.0,1.0,5,8000.4,8000.6,1,8003.0,7913.2,8027.8,7902.6,842.0,1344726560.000007,3100
2015-08-21 09:22:01,IC1508,IC1508,8000.6,2.0,3200240.0,-1.0,5,8000.4,8005.0,1,8003.0,7913.2,8027.8,7902.6,844.0,1347926800.000007,3099
2015-08-21 09:22:02,IC1508,IC1508,8000.6,0.0,0.0,0.0,1,8000.8,8005.0,2,8003.0,7913.2,8027.8,7902.6,844.0,1347926800.000007,3099
2015-08-21 09:22:03,IC1508,IC1508,8000.6,0.0,0.0,0.0,1,8000.8,8005.0,1,8003.0,7913.2,8027.8,7902.6,844.0,1347926800.000007,3099
2015-08-21 09:22:04,IC1508,IC1508,8000.6,0.0,0.0,0.0,10,8000.4,8003.0,1,8003.0,7913.2,8027.8,7902.6,844.0,1347926800.000007,3099
2015-08-21 09:22:05,IC1508,IC1508,8000.6,0.0,0.0,0.0,10,8000.4,8006.0,1,8003.0,7913.2,8027.8,7902.6,844.0,1347926800.000007,3099
2015-08-21 09:22:06,IC1508,IC1508,8007.0,5.0,8006120.0,-1.0,10,8000.4,8007.0,1,8003.0,7913.2,8027.8,7902.6,849.0,1355932920.000007,3098
2015-08-21 09:22:06,IC1508,IC1508,8001.0,1.0,1600200.0,1.0,10,8000.4,8005.8,1,8003.0,7913.2,8027.8,7902.6,850.0,1357533120.000007,3099
2015-08-21 09:22:07,IC1508,IC1508,8001.0,1.0,1600200.0,1.0,1,8001.2,8005.2,1,8003.0,7913.2,8027.8,7902.6,851.0,1359133320.000007,3100
2015-08-21 09:22:07,IC1508,IC1508,8001.2,1.0,1600240.0,0.0,1,8001.2,8004.0,1,8003.0,7913.2,8027.8,7902.6,852.0,1360733560.000007,3100
2015-08-21 09:22:08,IC1508,IC1508,8001.2,2.0,3201040.0,0.0,1,8000.6,8007.0,1,8003.0,7913.2,8027.8,7902.6,854.0,1363934600.000007,3100
2015-08-21 09:22:08,IC1508,IC1508,8000.6,1.0,1600120.0,1.0,10,8000.4,8007.0,1,8003.0,7913.2,8027.8,7902.6,855.0,1365534720.000007,3101
2015-08-21 09:22:09,IC1508,IC1508,8000.4,5.0,8000440.0,-4.0,1,8000.6,8003.6,1,8003.0,7913.2,8027.8,7902.6,860.0,1373535160.000007,3097
2015-08-21 09:22:09,IC1508,IC1508,8000.4,0.0,0.0,0.0,1,8000.6,8003.4,1,8003.0,7913.2,8027.8,7902.6,860.0,1373535160.000007,3097
2015-08-21 09:22:10,IC1508,IC1508,8000.4,0.0,0.0,0.0,1,8000.8,8003.4,1,8003.0,7913.2,8027.8,7902.6,860.0,1373535160.000007,3097
2015-08-21 09:22:10,IC1508,IC1508,8000.4,0.0,0.0,0.0,1,8000.8,8002.8,1,8003.0,7913.2,8027.8,7902.6,860.0,1373535160.000007,3097
2015-08-21 09:22:11,IC1508,IC1508,8002.8,1.0,1600560.0,-1.0,1,8000.8,8004.0,1,8003.0,7913.2,8027.8,7902.6,861.0,1375135720.000007,3096
2015-08-21 09:22:12,IC1508,IC1508,8002.8,0.0,0.0,0.0,1,8000.8,8003.6,1,8003.0,7913.2,8027.8,7902.6,861.0,1375135720.000007,3096
2015-08-21 09:22:12,IC1508,IC1508,8002.8,0.0,0.0,0.0,1,8002.8,8003.6,1,8003.0,7913.2,8027.8,7902.6,861.0,1375135720.000007,3096
2015-08-21 09:22:13,IC1508,IC1508,8002.8,0.0,0.0,0.0,1,8000.8,8003.6,1,8003.0,7913.2,8027.8,7902.6,861.0,1375135720.000007,3096
2015-08-21 09:22:13,IC1508,IC1508,8004.0,2.0,3201520.0,0.0,6,8000.4,8007.0,1,8003.0,7913.2,8027.8,7902.6,863.0,1378337240.000007,3096
2015-08-21 09:22:14,IC1508,IC1508,8004.0,0.0,0.0,0.0,1,8002.0,8007.0,1,8003.0,7913.2,8027.8,7902.6,863.0,1378337240.000007,3096
2015-08-21 09:22:15,IC1508,IC1508,8002.8,2.0,3201960.0,1.0,1,8002.4,8009.0,1,8003.0,7913.2,8027.8,7902.6,865.0,1381539200.000007,3097
2015-08-21 09:22:15,IC1508,IC1508,8002.8,0.0,0.0,0.0,1,8002.6,8009.0,1,8003.0,7913.2,8027.8,7902.6,865.0,1381539200.000007,3097
2015-08-21 09:22:16,IC1508,IC1508,8002.8,0.0,0.0,0.0,1,8003.4,8009.0,1,8003.0,7913.2,8027.8,7902.6,865.0,1381539200.000007,3097
2015-08-21 09:22:16,IC1508,IC1508,8002.8,0.0,0.0,0.0,1,8003.8,8007.2,1,8003.0,7913.2,8027.8,7902.6,865.0,1381539200.000007,3097
2015-08-21 09:22:17,IC1508,IC1508,8003.8,2.0,3202200.0,-2.0,1,8003.6,8009.0,1,8003.0,7913.2,8027.8,7902.6,867.0,1384741400.000007,3095
2015-08-21 09:22:17,IC1508,IC1508,8009.0,1.0,1601800.0,0.0,1,8005.2,8010.0,1,8003.0,7913.2,8027.8,7902.6,868.0,1386343200.000007,3095
2015-08-21 09:22:18,IC1508,IC1508,8010.0,1.0,1602000.0,-1.0,2,8006.4,8010.2,8,8003.0,7913.2,8027.8,7902.6,869.0,1387945200.000007,3094
2015-08-21 09:22:19,IC1508,IC1508,8010.0,0.0,0.0,0.0,1,8006.4,8010.2,8,8003.0,7913.2,8027.8,7902.6,869.0,1387945200.000007,3094
2015-08-21 09:22:19,IC1508,IC1508,8010.0,0.0,0.0,0.0,1,8009.0,8010.2,8,8003.0,7913.2,8027.8,7902.6,869.0,1387945200.000007,3094
2015-08-21 09:22:20,IC1508,IC1508,8010.0,0.0,0.0,0.0,1,8009.0,8010.0,1,8003.0,7913.2,8027.8,7902.6,869.0,1387945200.000007,3094
2015-08-21 09:22:21,IC1508,IC1508,8010.2,6.0,9612160.0,-3.0,1,8010.0,8010.2,4,8003.0,7913.2,8027.8,7902.6,875.0,1397557360.000007,3091
2015-08-21 09:22:21,IC1508,IC1508,8010.2,4.0,6408160.0,-2.0,1,8010.4,8012.0,1,8003.0,7913.2,8027.8,7902.6,879.0,1403965520.000007,3089
2015-08-21 09:22:22,IC1508,IC1508,8010.0,1.0,1602000.0,-1.0,1,8009.0,8012.0,1,8003.0,7913.2,8027.8,7902.6,880.0,1405567520.000007,3088
2015-08-21 09:22:22,IC1508,IC1508,8012.0,2.0,3204680.0,-1.0,1,8010.0,8013.0,1,8003.0,7913.2,8027.8,7902.6,882.0,1408772200.000007,3087
2015-08-21 09:22:23,IC1508,IC1508,8010.2,1.0,1602040.0,1.0,2,8010.0,8013.0,1,8003.0,7913.2,8027.8,7902.6,883.0,1410374240.000007,3088
2015-08-21 09:22:24,IC1508,IC1508,8010.2,0.0,0.0,0.0,1,8010.6,8013.0,1,8003.0,7913.2,8027.8,7902.6,883.0,1410374240.000007,3088
2015-08-21 09:22:25,IC1508,IC1508,8013.0,1.0,1602600.0,-1.0,3,8013.6,8014.8,1,8003.0,7913.2,8027.8,7902.6,884.0,1411976840.000007,3087
