time,symbol_id,symbol_name,last,trade_volume,trade_amount,open_interest_change,bv1,bp1,ap1,av1,yesterday_close,today_open,today_high,today_low,volume,amount,open_interest
2015-06-19 09:14:00,IC1506,IC1506,11000.0,64.0,140800000.0,-31.0,1,10807.6,11000.0,7,10672.6,11000.0,11000.0,11000.0,64.0,140800000.0,6777
2015-06-19 09:15:00,IC1506,IC1506,10799.0,11.0,23702360.0,0.0,37,10681.0,10799.0,20,10672.6,11000.0,11000.0,10681.0,75.0,164502360.0,6777
2015-06-19 09:15:00,IC1506,IC1506,10681.0,63.0,135093800.0,-11.0,10,10681.0,10770.0,1,10672.6,11000.0,11000.0,10681.0,138.0,299596160.0,6766
2015-06-19 09:15:01,IC1506,IC1506,10672.6,22.0,47017880.0,-9.0,5,10681.0,10732.2,2,10672.6,11000.0,11000.0,10672.6,160.0,346614040.0,6757
2015-06-19 09:15:01,IC1506,IC1506,10717.8,11.0,23508400.0,-1.0,2,10681.2,10729.8,3,10672.6,11000.0,11000.0,10672.6,171.0,370122440.0,6756
2015-06-19 09:15:02,IC1506,IC1506,10681.2,16.0,34215040.0,-4.0,3,10672.6,10717.2,10,10672.6,11000.0,11000.0,10672.6,187.0,404337480.0,6752
2015-06-19 09:15:02,IC1506,IC1506,10673.4,9.0,19228800.0,-4.0,3,10672.6,10704.6,2,10672.6,11000.0,11000.0,10672.6,196.0,423566280.0,6748
2015-06-19 09:15:03,IC1506,IC1506,10704.6,15.0,32111560.0,-7.0,24,10704.6,10717.2,10,10672.6,11000.0,11000.0,10672.6,211.0,455677840.0,6741
2015-06-19 09:15:03,IC1506,IC1506,10704.6,33.0,70650480.0,-4.0,4,10672.6,10704.0,5,10672.6,11000.0,11000.0,10672.6,244.0,526328320.0,6737
2015-06-19 09:15:04,IC1506,IC1506,10685.4,5.0,10681600.0,-2.0,2,10675.0,10689.6,1,10672.6,11000.0,11000.0,10672.6,249.0,537009920.0,6735
2015-06-19 09:15:04,IC1506,IC1506,10682.4,2.0,4272240.0,-1.0,2,10679.0,10684.8,1,10672.6,11000.0,11000.0,10672.6,251.0,541282160.0,6734
2015-06-19 09:15:05,IC1506,IC1506,10679.0,3.0,6408520.0,0.0,2,10675.2,10680.0,1,10672.6,11000.0,11000.0,10672.6,254.0,547690680.0,6734
2015-06-19 09:15:05,IC1506,IC1506,10679.8,6.0,12811440.0,2.0,6,10672.6,10684.8,4,10672.6,11000.0,11000.0,10672.6,260.0,560502120.0,6736
2015-06-19 09:15:06,IC1506,IC1506,10683.6,1.0,2136720.0,0.0,6,10672.6,10684.6,1,10672.6,11000.0,11000.0,10672.6,261.0,562638840.0,6736
2015-06-19 09:15:06,IC1506,IC1506,10682.0,7.0,14944960.0,6.0,5,10672.6,10683.6,1,10672.6,11000.0,11000.0,10672.6,268.0,577583800.0,6742
2015-06-19 09:15:07,IC1506,IC1506,10684.6,4.0,8547160.0,-2.0,5,10672.6,10675.0,1,10672.6,11000.0,11000.0,10672.6,272.0,586130960.0,6740
2015-06-19 09:15:07,IC1506,IC1506,10675.0,3.0,6404400.0,-2.0,1,10675.0,10684.8,5,10672.6,11000.0,11000.0,10672.6,275.0,592535360.0,6738
2015-06-19 09:15:08,IC1506,IC1506,10684.8,4.0,8543240.0,2.0,1,10684.8,10703.8,2,10672.6,11000.0,11000.0,10672.6,279.0,601078600.0,6740
2015-06-19 09:15:08,IC1506,IC1506,10685.8,5.0,10685200.0,0.0,2,10676.8,10687.0,2,10672.6,11000.0,11000.0,10672.6,284.0,611763800.0,6740
2015-06-19 09:15:09,IC1506,IC1506,10686.6,5.0,10680040.0,3.0,3,10672.6,10690.2,10,10672.6,11000.0,11000.0,10672.6,289.0,622443840.0,6743
2015-06-19 09:15:09,IC1506,IC1506,10684.8,3.0,6410880.0,-2.0,1,10677.0,10690.2,19,10672.6,11000.0,11000.0,10672.6,292.0,628854720.0,6741
2015-06-19 09:15:10,IC1506,IC1506,10690.2,2.0,4276080.0,2.0,2,10679.2,10690.2,17,10672.6,11000.0,11000.0,10672.6,294.0,633130800.0,6743
2015-06-19 09:15:10,IC1506,IC1506,10687.0,1.0,2137400.0,0.0,1,10678.2,10690.2,17,10672.6,11000.0,11000.0,10672.6,295.0,635268200.0,6743
2015-06-19 09:15:11,IC1506,IC1506,10690.2,6.0,12823760.0,0.0,1,10678.2,10690.2,19,10672.6,11000.0,11000.0,10672.6,301.0,648091960.0,6743
2015-06-19 09:15:11,IC1506,IC1506,10678.2,2.0,4271280.0,2.0,1,10679.4,10689.0,1,10672.6,11000.0,11000.0,10672.6,303.0,652363240.0,6745
2015-06-19 09:15:12,IC1506,IC1506,10690.2,4.0,8548960.0,3.0,1,10677.0,10687.8,2,10672.6,11000.0,11000.0,10672.6,307.0,660912200.0,6748
2015-06-19 09:15:12,IC1506,IC1506,10690.2,0.0,0.0,0.0,2,10681.6,10687.8,2,10672.6,11000.0,11000.0,10672.6,307.0,660912200.0,6748
2015-06-19 09:15:13,IC1506,IC1506,10690.0,10.0,21375040.0,-4.0,1,10677.0,10686.6,1,10672.6,11000.0,11000.0,10672.6,317.0,682287240.0,6744
2015-06-19 09:15:13,IC1506,IC1506,10687.8,1.0,2137560.0,0.0,1,10679.4,10681.6,1,10672.6,11000.0,11000.0,10672.6,318.0,684424800.0,6744
2015-06-19 09:15:14,IC1506,IC1506,10679.6,9.0,19225840.0,2.0,2,10683.6,10686.6,1,10672.6,11000.0,11000.0,10672.6,327.0,703650640.0,6746
2015-06-19 09:15:14,IC1506,IC1506,10686.0,4.0,8549160.0,-2.0,2,10687.0,10690.2,18,10672.6,11000.0,11000.0,10672.6,331.0,712199800.0,6744
2015-06-19 09:15:15,IC1506,IC1506,10690.2,2.0,4275240.0,-1.0,1,10686.6,10690.0,2,10672.6,11000.0,11000.0,10672.6,333.0,716475040.0,6743
2015-06-19 09:15:15,IC1506,IC1506,10686.6,8.0,17098560.0,3.0,2,10683.6,10686.6,3,10672.6,11000.0,11000.0,10672.6,341.0,733573600.0,6746
2015-06-19 09:15:16,IC1506,IC1506,10686.6,6.0,12823920.0,-3.0,2,10683.6,10689.8,1,10672.6,11000.0,11000.0,10672.6,347.0,746397520.0,6743
2015-06-19 09:15:16,IC1506,IC1506,10683.6,6.0,12822920.0,1.0,1,10683.6,10689.8,1,10672.6,11000.0,11000.0,10672.6,353.0,759220440.0,6744
2015-06-19 09:15:17,IC1506,IC1506,10683.6,3.0,6410160.0,0.0,1,10680.6,10689.8,1,10672.6,11000.0,11000.0,10672.6,356.0,765630600.0,6744
2015-06-19 09:15:17,IC1506,IC1506,10683.6,0.0,0.0,0.0,1,10680.6,10687.6,1,10672.6,11000.0,11000.0,10672.6,356.0,765630600.0,6744
2015-06-19 09:15:18,IC1506,IC1506,10672.6,3.0,6405160.0,1.0,1,10672.6,10680.2,1,10672.6,11000.0,11000.0,10672.6,359.0,772035760.0,6745
2015-06-19 09:15:18,IC1506,IC1506,10672.6,1.0,2134520.0,0.0,1,10672.6,10686.2,1,10672.6,11000.0,11000.0,10672.6,360.0,774170280.0,6745
2015-06-19 09:15:19,IC1506,IC1506,10672.6,0.0,0.0,0.0,2,10674.0,10683.6,1,10672.6,11000.0,11000.0,10672.6,360.0,774170280.0,6745
2015-06-19 09:15:19,IC1506,IC1506,10682.8,4.0,8542880.0,2.0,2,10674.4,10685.0,3,10672.6,11000.0,11000.0,10672.6,364.0,782713160.0,6747
2015-06-19 09:15:20,IC1506,IC1506,10677.4,2.0,4270960.0,2.0,1,10674.6,10680.6,1,10672.6,11000.0,11000.0,10672.6,366.0,786984120.0,6749
2015-06-19 09:15:20,IC1506,IC1506,10675.2,8.0,17084000.0,-1.0,1,10672.8,10674.6,1,10672.6,11000.0,11000.0,10672.6,374.0,804068120.0,6748
2015-06-19 09:15:21,IC1506,IC1506,10675.2,2.0,4270080.0,0.0,1,10678.6,10690.2,13,10672.6,11000.0,11000.0,10672.6,376.0,808338200.0,6748
2015-06-19 09:15:21,IC1506,IC1506,10687.8,8.0,17097320.0,0.0,1,10679.6,10689.4,2,10672.6,11000.0,11000.0,10672.6,384.0,825435520.0,6748
2015-06-19 09:15:22,IC1506,IC1506,10687.8,0.0,0.0,0.0,1,10680.6,10688.4,8,10672.6,11000.0,11000.0,10672.6,384.0,825435520.0,6748
2015-06-19 09:15:22,IC1506,IC1506,10687.8,0.0,0.0,0.0,1,10681.6,10688.4,8,10672.6,11000.0,11000.0,10672.6,384.0,825435520.0,6748
2015-06-19 09:15:23,IC1506,IC1506,10682.6,4.0,8549560.0,-1.0,1,10675.8,10681.6,1,10672.6,11000.0,11000.0,10672.6,388.0,833985080.0,6747
2015-06-19 09:15:23,IC1506,IC1506,10682.6,2.0,4273040.0,0.0,2,10683.8,10688.4,5,10672.6,11000.0,11000.0,10672.6,390.0,838258120.0,6747
2015-06-19 09:15:24,IC1506,IC1506,10688.4,8.0,17102120.0,-1.0,1,10677.6,10689.8,1,10672.6,11000.0,11000.0,10672.6,398.0,855360240.0,6746
2015-06-19 09:15:24,IC1506,IC1506,10690.2,2.0,4276000.0,-1.0,5,10681.6,10689.4,3,10672.6,11000.0,11000.0,10672.6,400.0,859636240.0,6745
2015-06-19 09:15:25,IC1506,IC1506,10689.4,1.0,2137880.0,0.0,2,10688.6,10689.4,2,10672.6,11000.0,11000.0,10672.6,401.0,861774120.0,6745
2015-06-19 09:15:25,IC1506,IC1506,10689.6,5.0,10689520.0,1.0,2,10689.4,10690.2,8,10672.6,11000.0,11000.0,10672.6,406.0,872463640.0,6746
2015-06-19 09:15:26,IC1506,IC1506,10690.2,4.0,8551840.0,1.0,1,10691.0,10700.0,1,10672.6,11000.0,11000.0,10672.6,410.0,881015480.0,6747
2015-06-19 09:15:26,IC1506,IC1506,10690.2,0.0,0.0,0.0,2,10695.0,10700.0,5,10672.6,11000.0,11000.0,10672.6,410.0,881015480.0,6747
2015-06-19 09:15:27,IC1506,IC1506,10690.2,1.0,2138040.0,0.0,1,10692.2,10700.0,5,10672.6,11000.0,11000.0,10672.6,411.0,883153520.0,6747
2015-06-19 09:15:27,IC1506,IC1506,10692.2,4.0,8553520.0,1.0,4,10690.4,10700.0,6,10672.6,11000.0,11000.0,10672.6,415.0,891707040.0,6748
2015-06-19 09:15:28,IC1506,IC1506,10695.0,1.0,2139000.0,0.0,4,10690.4,10700.0,6,10672.6,11000.0,11000.0,10672.6,416.0,893846040.0,6748
2015-06-19 09:15:28,IC1506,IC1506,10700.0,4.0,8558960.0,-1.0,1,10693.6,10700.0,3,10672.6,11000.0,11000.0,10672.6,420.0,902405000.0,6747
2015-06-19 09:15:29,IC1506,IC1506,10700.0,2.0,4279000.0,1.0,1,10694.8,10700.0,2,10672.6,11000.0,11000.0,10672.6,422.0,906684000.0,6748
2015-06-19 09:15:29,IC1506,IC1506,10698.4,2.0,4278640.0,-1.0,2,10695.6,10698.4,2,10672.6,11000.0,11000.0,10672.6,424.0,910962640.0,6747
2015-06-19 09:15:30,IC1506,IC1506,10698.4,1.0,2139680.0,0.0,4,10695.8,10698.4,1,10672.6,11000.0,11000.0,10672.6,425.0,913102320.0,6747
2015-06-19 09:15:30,IC1506,IC1506,10697.2,3.0,6418280.0,-2.0,4,10698.8,10700.0,2,10672.6,11000.0,11000.0,10672.6,428.0,919520600.0,6745
2015-06-19 09:15:31,IC1506,IC1506,10700.0,5.0,10699520.0,3.0,2,10698.8,10711.0,42,10672.6,11000.0,11000.0,10672.6,433.0,930220120.0,6748
2015-06-19 09:15:31,IC1506,IC1506,10698.8,10.0,21399000.0,-1.0,1,10698.8,10709.8,1,10672.6,11000.0,11000.0,10672.6,443.0,951619120.0,6747
2015-06-19 09:15:32,IC1506,IC1506,10698.8,0.0,0.0,0.0,2,10700.0,10711.0,42,10672.6,11000.0,11000.0,10672.6,443.0,951619120.0,6747
2015-06-19 09:15:32,IC1506,IC1506,10698.8,2.0,4279520.0,2.0,2,10701.0,10710.0,1,10672.6,11000.0,11000.0,10672.6,445.0,955898640.0,6749
2015-06-19 09:15:33,IC1506,IC1506,10708.2,5.0,10708400.0,-2.0,2,10702.0,10709.8,1,10672.6,11000.0,11000.0,10672.6,450.0,966607040.0,6747
2015-06-19 09:15:33,IC1506,IC1506,10709.8,2.0,4283800.0,0.0,2,10703.0,10711.0,42,10672.6,11000.0,11000.0,10672.6,452.0,970890840.0,6747
2015-06-19 09:15:34,IC1506,IC1506,10709.8,1.0,2141960.0,0.0,2,10704.2,10710.8,1,10672.6,11000.0,11000.0,10672.6,453.0,973032800.0,6747
2015-06-19 09:15:34,IC1506,IC1506,10705.2,1.0,2141040.0,-1.0,1,10705.2,10710.8,1,10672.6,11000.0,11000.0,10672.6,454.0,975173840.0,6746
2015-06-19 09:15:35,IC1506,IC1506,10705.2,3.0,6423120.0,-1.0,1,10706.2,10707.8,4,10672.6,11000.0,11000.0,10672.6,457.0,981596960.0,6745
2015-06-19 09:15:35,IC1506,IC1506,10704.2,10.0,21413080.0,2.0,2,10701.2,10702.0,1,10672.6,11000.0,11000.0,10672.6,467.0,1003010040.0,6747
2015-06-19 09:15:36,IC1506,IC1506,10706.2,3.0,6422880.0,-1.0,2,10705.6,10710.8,1,10672.6,11000.0,11000.0,10672.6,470.0,1009432920.0,6746
2015-06-19 09:15:36,IC1506,IC1506,10706.2,0.0,0.0,0.0,1,10695.8,10710.8,1,10672.6,11000.0,11000.0,10672.6,470.0,1009432920.0,6746
2015-06-19 09:15:37,IC1506,IC1506,10706.2,1.0,2141240.0,0.0,1,10707.8,10710.6,1,10672.6,11000.0,11000.0,10672.6,471.0,1011574160.0,6746
2015-06-19 09:15:37,IC1506,IC1506,10706.2,6.0,12847440.0,1.0,1,10706.2,10709.4,2,10672.6,11000.0,11000.0,10672.6,477.0,1024421600.0,6747
2015-06-19 09:15:38,IC1506,IC1506,10702.0,6.0,12844680.0,0.0,2,10707.2,10709.4,2,10672.6,11000.0,11000.0,10672.6,483.0,1037266280.0,6747
2015-06-19 09:15:38,IC1506,IC1506,10696.0,5.0,10700800.0,1.0,1,10696.0,10709.4,2,10672.6,11000.0,11000.0,10672.6,488.0,1047967080.0,6748
2015-06-19 09:15:39,IC1506,IC1506,10696.0,0.0,0.0,0.0,1,10701.0,10709.2,1,10672.6,11000.0,11000.0,10672.6,488.0,1047967080.0,6748
2015-06-19 09:15:39,IC1506,IC1506,10696.0,0.0,0.0,0.0,1,10701.2,10709.2,1,10672.6,11000.0,11000.0,10672.6,488.0,1047967080.0,6748
2015-06-19 09:15:40,IC1506,IC1506,10696.0,0.0,0.0,0.0,4,10696.2,10706.2,1,10672.6,11000.0,11000.0,10672.6,488.0,1047967080.0,6748
2015-06-19 09:15:40,IC1506,IC1506,10708.0,3.0,6424440.0,-2.0,1,10696.8,10709.0,1,10672.6,11000.0,11000.0,10672.6,491.0,1054391520.0,6746
2015-06-19 09:15:41,IC1506,IC1506,10708.0,0.0,0.0,0.0,5,10697.0,10708.4,3,10672.6,11000.0,11000.0,10672.6,491.0,1054391520.0,6746
2015-06-19 09:15:41,IC1506,IC1506,10697.0,7.0,14982400.0,1.0,2,10698.0,10708.4,3,10672.6,11000.0,11000.0,10672.6,498.0,1069373920.0,6747
2015-06-19 09:15:42,IC1506,IC1506,10697.0,0.0,0.0,0.0,2,10699.0,10707.8,1,10672.6,11000.0,11000.0,10672.6,498.0,1069373920.0,6747
2015-06-19 09:15:42,IC1506,IC1506,10699.4,2.0,4279760.0,0.0,1,10697.0,10707.8,2,10672.6,11000.0,11000.0,10672.6,500.0,1073653680.0,6747
2015-06-19 09:15:43,IC1506,IC1506,10697.0,1.0,2139400.0,-1.0,1,10695.8,10707.2,1,10672.6,11000.0,11000.0,10672.6,501.0,1075793080.0,6746
2015-06-19 09:15:43,IC1506,IC1506,10695.8,1.0,2139160.0,-1.0,2,10681.6,10706.6,1,10672.6,11000.0,11000.0,10672.6,502.0,1077932240.0,6745
2015-06-19 09:15:44,IC1506,IC1506,10695.8,0.0,0.0,0.0,1,10682.6,10697.0,1,10672.6,11000.0,11000.0,10672.6,502.0,1077932240.0,6745
2015-06-19 09:15:44,IC1506,IC1506,10697.0,1.0,2139400.0,0.0,1,10683.0,10697.0,1,10672.6,11000.0,11000.0,10672.6,503.0,1080071640.0,6745
2015-06-19 09:15:45,IC1506,IC1506,10697.0,2.0,4278760.0,-1.0,1,10706.6,10707.8,3,10672.6,11000.0,11000.0,10672.6,505.0,1084350400.0,6744
2015-06-19 09:15:45,IC1506,IC1506,10705.0,4.0,8562200.0,-1.0,1,10697.0,10705.0,1,10672.6,11000.0,11000.0,10672.6,509.0,1092912600.0,6743
2015-06-19 09:15:46,IC1506,IC1506,10697.0,3.0,6418200.0,2.0,2,10684.2,10697.0,1,10672.6,11000.0,11000.0,10672.6,512.0,1099330800.0,6745
2015-06-19 09:15:46,IC1506,IC1506,10690.6,1.0,2138120.0,1.0,1,10684.6,10697.0,1,10672.6,11000.0,11000.0,10672.6,513.0,1101468920.0,6746
2015-06-19 09:15:47,IC1506,IC1506,10686.4,1.0,2137280.0,-1.0,2,10685.8,10697.0,3,10672.6,11000.0,11000.0,10672.6,514.0,1103606200.0,6745
2015-06-19 09:15:47,IC1506,IC1506,10686.4,0.0,0.0,0.0,1,10686.0,10697.0,3,10672.6,11000.0,11000.0,10672.6,514.0,1103606200.0,6745
2015-06-19 09:15:48,IC1506,IC1506,10697.0,2.0,4278720.0,0.0,2,10687.2,10697.0,2,10672.6,11000.0,11000.0,10672.6,516.0,1107884920.0,6745
2015-06-19 09:15:48,IC1506,IC1506,10697.0,1.0,2139400.0,0.0,1,10687.4,10696.4,1,10672.6,11000.0,11000.0,10672.6,517.0,1110024320.0,6745
2015-06-19 09:15:49,IC1506,IC1506,10695.4,5.0,10691000.0,-1.0,1,10687.2,10696.8,1,10672.6,11000.0,11000.0,10672.6,522.0,1120715320.0,6744
2015-06-19 09:15:49,IC1506,IC1506,10687.2,1.0,2137440.0,1.0,1,10687.2,10694.2,1,10672.6,11000.0,11000.0,10672.6,523.0,1122852760.0,6745
2015-06-19 09:15:50,IC1506,IC1506,10687.2,0.0,0.0,0.0,2,10681.6,10693.0,2,10672.6,11000.0,11000.0,10672.6,523.0,1122852760.0,6745
2015-06-19 09:15:50,IC1506,IC1506,10687.2,0.0,0.0,0.0,2,10681.6,10687.8,1,10672.6,11000.0,11000.0,10672.6,523.0,1122852760.0,6745
2015-06-19 09:15:51,IC1506,IC1506,10687.2,0.0,0.0,0.0,1,10682.0,10687.8,1,10672.6,11000.0,11000.0,10672.6,523.0,1122852760.0,6745
2015-06-19 09:15:51,IC1506,IC1506,10687.2,0.0,0.0,0.0,1,10682.0,10684.8,1,10672.6,11000.0,11000.0,10672.6,523.0,1122852760.0,6745
2015-06-19 09:15:52,IC1506,IC1506,10684.8,2.0,4273880.0,0.0,1,10682.0,10684.8,1,10672.6,11000.0,11000.0,10672.6,525.0,1127126640.0,6745
2015-06-19 09:15:53,IC1506,IC1506,10682.0,1.0,2136400.0,1.0,2,10681.6,10682.0,1,10672.6,11000.0,11000.0,10672.6,526.0,1129263040.0,6746
2015-06-19 09:15:53,IC1506,IC1506,10682.0,2.0,4272800.0,0.0,2,10681.6,10687.8,1,10672.6,11000.0,11000.0,10672.6,528.0,1133535840.0,6746
2015-06-19 09:15:54,IC1506,IC1506,10683.4,4.0,8546200.0,-3.0,2,10681.6,10686.2,1,10672.6,11000.0,11000.0,10672.6,532.0,1142082040.0,6743
2015-06-19 09:15:54,IC1506,IC1506,10685.6,3.0,6409800.0,0.0,1,10681.6,10686.2,2,10672.6,11000.0,11000.0,10672.6,535.0,1148491840.0,6743
2015-06-19 09:15:55,IC1506,IC1506,10682.0,1.0,2136400.0,1.0,1,10681.6,10685.6,1,10672.6,11000.0,11000.0,10672.6,536.0,1150628240.0,6744
2015-06-19 09:15:55,IC1506,IC1506,10682.2,2.0,4272840.0,2.0,1,10681.6,10685.4,3,10672.6,11000.0,11000.0,10672.6,538.0,1154901080.0,6746
2015-06-19 09:15:56,IC1506,IC1506,10682.2,1.0,2136440.0,0.0,1,10681.6,10685.2,1,10672.6,11000.0,11000.0,10672.6,539.0,1157037520.0,6746
2015-06-19 09:15:57,IC1506,IC1506,10685.4,2.0,4274120.0,-1.0,1,10681.6,10685.2,1,10672.6,11000.0,11000.0,10672.6,541.0,1161311640.0,6745
2015-06-19 09:15:57,IC1506,IC1506,10685.2,2.0,4274080.0,1.0,1,10685.6,10686.2,1,10672.6,11000.0,11000.0,10672.6,543.0,1165585720.0,6746
2015-06-19 09:15:58,IC1506,IC1506,10685.2,2.0,4274080.0,1.0,1,10681.6,10685.6,8,10672.6,11000.0,11000.0,10672.6,545.0,1169859800.0,6747
2015-06-19 09:15:58,IC1506,IC1506,10685.2,8.0,17092880.0,-4.0,1,10685.2,10685.6,6,10672.6,11000.0,11000.0,10672.6,553.0,1186952680.0,6743
2015-06-19 09:15:59,IC1506,IC1506,10686.2,10.0,21371680.0,0.0,1,10685.2,10692.0,1,10672.6,11000.0,11000.0,10672.6,563.0,1208324360.0,6743
2015-06-19 09:15:59,IC1506,IC1506,10692.0,1.0,2138400.0,0.0,2,10686.8,10697.0,1,10672.6,11000.0,11000.0,10672.6,564.0,1210462760.0,6743
2015-06-19 09:16:00,IC1506,IC1506,10687.2,1.0,2137440.0,0.0,1,10685.2,10691.6,1,10672.6,11000.0,11000.0,10672.6,565.0,1212600200.0,6743
2015-06-19 09:16:00,IC1506,IC1506,10691.6,1.0,2138320.0,0.0,1,10685.2,10697.0,1,10672.6,11000.0,11000.0,10672.6,566.0,1214738520.0,6743
2015-06-19 09:16:01,IC1506,IC1506,10690.2,6.0,12825600.0,2.0,2,10685.2,10693.6,1,10672.6,11000.0,11000.0,10672.6,572.0,1227564120.0,6745
2015-06-19 09:16:01,IC1506,IC1506,10685.2,5.0,10687760.0,0.0,1,10685.2,10695.8,2,10672.6,11000.0,11000.0,10672.6,577.0,1238251880.0,6745
2015-06-19 09:16:02,IC1506,IC1506,10685.4,1.0,2137080.0,-1.0,1,10685.2,10692.2,1,10672.6,11000.0,11000.0,10672.6,578.0,1240388960.0,6744
2015-06-19 09:16:02,IC1506,IC1506,10685.2,1.0,2137040.0,0.0,1,10681.6,10695.6,1,10672.6,11000.0,11000.0,10672.6,579.0,1242526000.0,6744
2015-06-19 09:16:03,IC1506,IC1506,10685.2,0.0,0.0,0.0,1,10682.2,10694.4,2,10672.6,11000.0,11000.0,10672.6,579.0,1242526000.0,6744
2015-06-19 09:16:03,IC1506,IC1506,10685.2,0.0,0.0,0.0,1,10684.8,10694.4,2,10672.6,11000.0,11000.0,10672.6,579.0,1242526000.0,6744
2015-06-19 09:16:04,IC1506,IC1506,10685.2,0.0,0.0,0.0,2,10687.2,10694.4,2,10672.6,11000.0,11000.0,10672.6,579.0,1242526000.0,6744
2015-06-19 09:16:05,IC1506,IC1506,10685.2,0.0,0.0,0.0,1,10684.8,10692.6,1,10672.6,11000.0,11000.0,10672.6,579.0,1242526000.0,6744
2015-06-19 09:16:05,IC1506,IC1506,10692.0,1.0,2138400.0,0.0,1,10684.8,10694.4,2,10672.6,11000.0,11000.0,10672.6,580.0,1244664400.0,6744
2015-06-19 09:16:06,IC1506,IC1506,10692.0,1.0,2138400.0,-1.0,1,10685.4,10691.4,1,10672.6,11000.0,11000.0,10672.6,581.0,1246802800.0,6743
2015-06-19 09:16:06,IC1506,IC1506,10685.2,4.0,8550840.0,3.0,1,10684.8,10693.2,2,10672.6,11000.0,11000.0,10672.6,585.0,1255353640.0,6746
2015-06-19 09:16:07,IC1506,IC1506,10684.8,1.0,2136960.0,1.0,1,10680.4,10693.2,2,10672.6,11000.0,11000.0,10672.6,586.0,1257490600.0,6747
2015-06-19 09:16:07,IC1506,IC1506,10684.8,0.0,0.0,0.0,1,10684.8,10693.2,2,10672.6,11000.0,11000.0,10672.6,586.0,1257490600.0,6747
2015-06-19 09:16:08,IC1506,IC1506,10685.4,1.0,2137080.0,0.0,2,10688.8,10692.0,2,10672.6,11000.0,11000.0,10672.6,587.0,1259627680.0,6747
2015-06-19 09:16:08,IC1506,IC1506,10692.0,3.0,6415200.0,-1.0,5,10692.4,10695.8,1,10672.6,11000.0,11000.0,10672.6,590.0,1266042880.0,6746
2015-06-19 09:16:09,IC1506,IC1506,10695.8,5.0,10693520.0,0.0,1,10686.0,10696.6,1,10672.6,11000.0,11000.0,10672.6,595.0,1276736400.0,6746
2015-06-19 09:16:09,IC1506,IC1506,10695.8,0.0,0.0,0.0,1,10686.2,10696.6,1,10672.6,11000.0,11000.0,10672.6,595.0,1276736400.0,6746
2015-06-19 09:16:10,IC1506,IC1506,10693.6,3.0,6416720.0,3.0,1,10689.6,10696.6,1,10672.6,11000.0,11000.0,10672.6,598.0,1283153120.0,6749
2015-06-19 09:16:10,IC1506,IC1506,10689.6,3.0,6415200.0,2.0,1,10686.0,10696.6,2,10672.6,11000.0,11000.0,10672.6,601.0,1289568320.0,6751
2015-06-19 09:16:11,IC1506,IC1506,10696.6,1.0,2139320.0,0.0,1,10690.2,10696.6,1,10672.6,11000.0,11000.0,10672.6,602.0,1291707640.0,6751
2015-06-19 09:16:11,IC1506,IC1506,10678.8,17.0,36336360.0,5.0,2,10675.4,10696.0,1,10672.6,11000.0,11000.0,10672.6,619.0,1328044000.0,6756
2015-06-19 09:16:12,IC1506,IC1506,10678.8,0.0,0.0,0.0,1,10683.0,10691.2,1,10672.6,11000.0,11000.0,10672.6,619.0,1328044000.0,6756
2015-06-19 09:16:12,IC1506,IC1506,10678.8,1.0,2135760.0,-1.0,2,10677.6,10683.0,1,10672.6,11000.0,11000.0,10672.6,620.0,1330179760.0,6755
2015-06-19 09:16:13,IC1506,IC1506,10683.0,1.0,2136600.0,-1.0,1,10675.6,10688.2,1,10672.6,11000.0,11000.0,10672.6,621.0,1332316360.0,6754
2015-06-19 09:16:13,IC1506,IC1506,10683.0,0.0,0.0,0.0,1,10676.0,10684.8,1,10672.6,11000.0,11000.0,10672.6,621.0,1332316360.0,6754
2015-06-19 09:16:14,IC1506,IC1506,10683.0,0.0,0.0,0.0,1,10676.0,10683.2,2,10672.6,11000.0,11000.0,10672.6,621.0,1332316360.0,6754
2015-06-19 09:16:14,IC1506,IC1506,10683.2,1.0,2136640.0,-1.0,1,10676.0,10681.6,1,10672.6,11000.0,11000.0,10672.6,622.0,1334453000.0,6753
2015-06-19 09:16:15,IC1506,IC1506,10683.2,0.0,0.0,0.0,1,10678.8,10680.0,1,10672.6,11000.0,11000.0,10672.6,622.0,1334453000.0,6753
2015-06-19 09:16:15,IC1506,IC1506,10680.0,2.0,4272360.0,-1.0,5,10676.0,10683.6,2,10672.6,11000.0,11000.0,10672.6,624.0,1338725360.0,6752
2015-06-19 09:16:16,IC1506,IC1506,10676.0,1.0,2135200.0,0.0,4,10676.0,10678.8,2,10672.6,11000.0,11000.0,10672.6,625.0,1340860560.0,6752
2015-06-19 09:16:16,IC1506,IC1506,10678.8,1.0,2135760.0,-1.0,4,10676.0,10678.8,1,10672.6,11000.0,11000.0,10672.6,626.0,1342996320.0,6751
2015-06-19 09:16:17,IC1506,IC1506,10678.8,2.0,4271520.0,-1.0,3,10678.8,10684.8,1,10672.6,11000.0,11000.0,10672.6,628.0,1347267840.0,6750
2015-06-19 09:16:18,IC1506,IC1506,10684.8,1.0,2136960.0,0.0,3,10685.2,10689.6,2,10672.6,11000.0,11000.0,10672.6,629.0,1349404800.0,6750
2015-06-19 09:16:18,IC1506,IC1506,10684.8,0.0,0.0,0.0,1,10684.8,10689.6,2,10672.6,11000.0,11000.0,10672.6,629.0,1349404800.0,6750
2015-06-19 09:16:19,IC1506,IC1506,10689.6,1.0,2137920.0,-1.0,1,10684.8,10689.6,1,10672.6,11000.0,11000.0,10672.6,630.0,1351542720.0,6749
2015-06-19 09:16:20,IC1506,IC1506,10684.8,2.0,4274000.0,2.0,1,10683.4,10684.8,2,10672.6,11000.0,11000.0,10672.6,632.0,1355816720.0,6751
2015-06-19 09:16:20,IC1506,IC1506,10684.8,2.0,4273920.0,0.0,1,10681.8,10689.6,1,10672.6,11000.0,11000.0,10672.6,634.0,1360090640.0,6751
2015-06-19 09:16:21,IC1506,IC1506,10684.8,0.0,0.0,0.0,1,10681.8,10684.8,1,10672.6,11000.0,11000.0,10672.6,634.0,1360090640.0,6751
2015-06-19 09:16:21,IC1506,IC1506,10684.8,1.0,2136960.0,0.0,1,10681.8,10684.8,1,10672.6,11000.0,11000.0,10672.6,635.0,1362227600.0,6751
2015-06-19 09:16:22,IC1506,IC1506,10684.8,5.0,10684800.0,-3.0,1,10681.8,10684.8,1,10672.6,11000.0,11000.0,10672.6,640.0,1372912400.0,6748
2015-06-19 09:16:23,IC1506,IC1506,10684.8,2.0,4273920.0,0.0,1,10681.8,10688.2,1,10672.6,11000.0,11000.0,10672.6,642.0,1377186320.0,6748
2015-06-19 09:16:24,IC1506,IC1506,10684.8,0.0,0.0,0.0,1,10681.8,10688.2,3,10672.6,11000.0,11000.0,10672.6,642.0,1377186320.0,6748
2015-06-19 09:16:24,IC1506,IC1506,10684.8,0.0,0.0,0.0,1,10681.8,10687.2,1,10672.6,11000.0,11000.0,10672.6,642.0,1377186320.0,6748
2015-06-19 09:16:25,IC1506,IC1506,10681.8,2.0,4273320.0,1.0,1,10679.0,10687.2,1,10672.6,11000.0,11000.0,10672.6,644.0,1381459640.0,6749
2015-06-19 09:16:25,IC1506,IC1506,10681.8,0.0,0.0,0.0,4,10679.0,10687.2,1,10672.6,11000.0,11000.0,10672.6,644.0,1381459640.0,6749
2015-06-19 09:16:26,IC1506,IC1506,10681.8,0.0,0.0,0.0,1,10680.6,10687.2,1,10672.6,11000.0,11000.0,10672.6,644.0,1381459640.0,6749
2015-06-19 09:16:26,IC1506,IC1506,10684.0,2.0,4273600.0,-2.0,1,10680.6,10685.4,1,10672.6,11000.0,11000.0,10672.6,646.0,1385733240.0,6747
2015-06-19 09:16:27,IC1506,IC1506,10680.6,1.0,2136120.0,0.0,1,10680.8,10681.8,2,10672.6,11000.0,11000.0,10672.6,647.0,1387869360.0,6747
2015-06-19 09:16:27,IC1506,IC1506,10680.8,1.0,2136160.0,0.0,1,10679.0,10683.6,1,10672.6,11000.0,11000.0,10672.6,648.0,1390005520.0,6747
2015-06-19 09:16:28,IC1506,IC1506,10679.0,1.0,2135800.0,-1.0,2,10678.8,10681.6,1,10672.6,11000.0,11000.0,10672.6,649.0,1392141320.0,6746
2015-06-19 09:16:28,IC1506,IC1506,10679.8,4.0,8543240.0,-1.0,1,10676.0,10681.6,1,10672.6,11000.0,11000.0,10672.6,653.0,1400684560.0,6745
2015-06-19 09:16:29,IC1506,IC1506,10679.8,0.0,0.0,0.0,2,10675.8,10681.6,1,10672.6,11000.0,11000.0,10672.6,653.0,1400684560.0,6745
2015-06-19 09:16:29,IC1506,IC1506,10679.8,0.0,0.0,0.0,4,10675.8,10681.6,1,10672.6,11000.0,11000.0,10672.6,653.0,1400684560.0,6745
2015-06-19 09:16:30,IC1506,IC1506,10680.6,2.0,4272200.0,1.0,4,10675.8,10681.4,1,10672.6,11000.0,11000.0,10672.6,655.0,1404956760.0,6746
2015-06-19 09:16:30,IC1506,IC1506,10681.4,1.0,2136280.0,-1.0,1,10678.2,10688.2,2,10672.6,11000.0,11000.0,10672.6,656.0,1407093040.0,6745
2015-06-19 09:16:31,IC1506,IC1506,10681.4,2.0,4272560.0,-2.0,4,10675.8,10688.2,2,10672.6,11000.0,11000.0,10672.6,658.0,1411365600.0,6743
2015-06-19 09:16:31,IC1506,IC1506,10672.6,14.0,29890200.0,-8.0,5,10672.6,10673.8,3,10672.6,11000.0,11000.0,10672.6,672.0,1441255800.0,6735
2015-06-19 09:16:32,IC1506,IC1506,10673.8,3.0,6404280.0,-3.0,11,10674.2,10684.0,1,10672.6,11000.0,11000.0,10672.6,675.0,1447660080.0,6732
2015-06-19 09:16:32,IC1506,IC1506,10679.6,1.0,2135920.0,0.0,3,10673.8,10683.8,1,10672.6,11000.0,11000.0,10672.6,676.0,1449796000.0,6732
2015-06-19 09:16:33,IC1506,IC1506,10679.6,0.0,0.0,0.0,2,10673.8,10680.0,1,10672.6,11000.0,11000.0,10672.6,676.0,1449796000.0,6732
2015-06-19 09:16:34,IC1506,IC1506,10679.6,2.0,4271840.0,-2.0,2,10674.4,10679.2,1,10672.6,11000.0,11000.0,10672.6,678.0,1454067840.0,6730
2015-06-19 09:16:34,IC1506,IC1506,10679.6,1.0,2135920.0,-1.0,2,10674.4,10679.2,3,10672.6,11000.0,11000.0,10672.6,679.0,1456203760.0,6729
2015-06-19 09:16:35,IC1506,IC1506,10675.0,3.0,6405920.0,0.0,2,10674.4,10681.4,1,10672.6,11000.0,11000.0,10672.6,682.0,1462609680.0,6729
2015-06-19 09:16:37,IC1506,IC1506,10675.0,0.0,0.0,0.0,2,10674.4,10676.8,2,10672.6,11000.0,11000.0,10672.6,682.0,1462609680.0,6729
2015-06-19 09:16:37,IC1506,IC1506,10674.4,1.0,2134880.0,-1.0,1,10674.4,10676.0,2,10672.6,11000.0,11000.0,10672.6,683.0,1464744560.0,6728
2015-06-19 09:16:38,IC1506,IC1506,10674.4,1.0,2134880.0,-1.0,2,10672.8,10681.4,1,10672.6,11000.0,11000.0,10672.6,684.0,1466879440.0,6727
2015-06-19 09:16:38,IC1506,IC1506,10674.4,0.0,0.0,0.0,2,10672.8,10673.4,2,10672.6,11000.0,11000.0,10672.6,684.0,1466879440.0,6727
2015-06-19 09:16:39,IC1506,IC1506,10673.4,4.0,8538480.0,0.0,4,10672.6,10674.4,1,10672.6,11000.0,11000.0,10672.6,688.0,1475417920.0,6727
2015-06-19 09:16:39,IC1506,IC1506,10672.6,5.0,10672760.0,-3.0,1,10671.2,10672.2,1,10672.6,11000.0,11000.0,10672.6,693.0,1486090680.0,6724
2015-06-19 09:16:40,IC1506,IC1506,10671.4,1.0,2134280.0,0.0,2,10671.2,10672.0,1,10672.6,11000.0,11000.0,10671.4,694.0,1488224960.0,6724
2015-06-19 09:16:40,IC1506,IC1506,10671.2,1.0,2134240.0,1.0,1,10671.2,10672.2,1,10672.6,11000.0,11000.0,10671.2,695.0,1490359200.0,6725
2015-06-19 09:16:41,IC1506,IC1506,10671.2,1.0,2134240.0,-1.0,2,10671.2,10672.2,1,10672.6,11000.0,11000.0,10671.2,696.0,1492493440.0,6724
2015-06-19 09:16:41,IC1506,IC1506,10671.2,0.0,0.0,0.0,4,10666.0,10669.6,2,10672.6,11000.0,11000.0,10671.2,696.0,1492493440.0,6724
2015-06-19 09:16:42,IC1506,IC1506,10671.2,0.0,0.0,0.0,4,10666.0,10669.0,2,10672.6,11000.0,11000.0,10671.2,696.0,1492493440.0,6724
2015-06-19 09:16:42,IC1506,IC1506,10666.0,1.0,2133200.0,0.0,3,10666.0,10669.4,1,10672.6,11000.0,11000.0,10666.0,697.0,1494626640.0,6724
2015-06-19 09:16:43,IC1506,IC1506,10669.4,4.0,8533560.0,2.0,1,10666.0,10672.8,2,10672.6,11000.0,11000.0,10666.0,701.0,1503160200.0,6726
2015-06-19 09:16:43,IC1506,IC1506,10666.4,1.0,2133280.0,0.0,1,10666.0,10672.2,1,10672.6,11000.0,11000.0,10666.0,702.0,1505293480.0,6726
2015-06-19 09:16:44,IC1506,IC1506,10666.0,1.0,2133200.0,1.0,1,10662.0,10667.6,2,10672.6,11000.0,11000.0,10666.0,703.0,1507426680.0,6727
2015-06-19 09:16:44,IC1506,IC1506,10667.4,2.0,4266880.0,0.0,1,10662.0,10667.6,2,10672.6,11000.0,11000.0,10666.0,705.0,1511693560.0,6727
2015-06-19 09:16:45,IC1506,IC1506,10666.4,1.0,2133280.0,1.0,1,10662.0,10667.6,2,10672.6,11000.0,11000.0,10666.0,706.0,1513826840.0,6728
2015-06-19 09:16:45,IC1506,IC1506,10666.4,0.0,0.0,0.0,1,10662.0,10667.0,2,10672.6,11000.0,11000.0,10666.0,706.0,1513826840.0,6728
2015-06-19 09:16:46,IC1506,IC1506,10662.0,1.0,2132400.0,1.0,1,10662.2,10667.0,2,10672.6,11000.0,11000.0,10662.0,707.0,1515959240.0,6729
2015-06-19 09:16:46,IC1506,IC1506,10662.0,0.0,0.0,0.0,2,10662.4,10667.0,2,10672.6,11000.0,11000.0,10662.0,707.0,1515959240.0,6729
2015-06-19 09:16:47,IC1506,IC1506,10662.4,1.0,2132480.0,1.0,2,10662.4,10667.0,2,10672.6,11000.0,11000.0,10662.0,708.0,1518091720.0,6730
2015-06-19 09:16:47,IC1506,IC1506,10662.4,0.0,0.0,0.0,1,10662.6,10667.0,2,10672.6,11000.0,11000.0,10662.0,708.0,1518091720.0,6730
2015-06-19 09:16:48,IC1506,IC1506,10669.8,9.0,19197120.0,4.0,1,10662.4,10672.0,1,10672.6,11000.0,11000.0,10662.0,717.0,1537288840.0,6734
2015-06-19 09:16:49,IC1506,IC1506,10672.0,2.0,4268800.0,0.0,5,10672.4,10672.8,2,10672.6,11000.0,11000.0,10662.0,719.0,1541557640.0,6734
2015-06-19 09:16:49,IC1506,IC1506,10667.0,8.0,17073560.0,1.0,12,10667.0,10672.4,4,10672.6,11000.0,11000.0,10662.0,727.0,1558631200.0,6735
2015-06-19 09:16:50,IC1506,IC1506,10667.0,0.0,0.0,0.0,1,10667.2,10672.6,1,10672.6,11000.0,11000.0,10662.0,727.0,1558631200.0,6735
2015-06-19 09:16:50,IC1506,IC1506,10667.0,2.0,4266800.0,-1.0,11,10667.0,10672.8,3,10672.6,11000.0,11000.0,10662.0,729.0,1562898000.0,6734
2015-06-19 09:16:51,IC1506,IC1506,10667.0,0.0,0.0,0.0,1,10668.6,10671.4,1,10672.6,11000.0,11000.0,10662.0,729.0,1562898000.0,6734
2015-06-19 09:16:51,IC1506,IC1506,10669.6,2.0,4267840.0,0.0,11,10667.0,10671.4,1,10672.6,11000.0,11000.0,10662.0,731.0,1567165840.0,6734
2015-06-19 09:16:52,IC1506,IC1506,10672.6,2.0,4268800.0,0.0,1,10670.0,10672.8,3,10672.6,11000.0,11000.0,10662.0,733.0,1571434640.0,6734
2015-06-19 09:16:53,IC1506,IC1506,10670.0,1.0,2134000.0,-1.0,11,10667.0,10670.0,1,10672.6,11000.0,11000.0,10662.0,734.0,1573568640.0,6733
2015-06-19 09:16:54,IC1506,IC1506,10670.0,1.0,2134000.0,1.0,11,10667.0,10672.8,3,10672.6,11000.0,11000.0,10662.0,735.0,1575702640.0,6734
2015-06-19 09:16:54,IC1506,IC1506,10670.0,0.0,0.0,0.0,1,10668.2,10672.8,3,10672.6,11000.0,11000.0,10662.0,735.0,1575702640.0,6734
2015-06-19 09:16:55,IC1506,IC1506,10669.2,1.0,2133840.0,1.0,1,10668.4,10672.8,3,10672.6,11000.0,11000.0,10662.0,736.0,1577836480.0,6735
2015-06-19 09:16:56,IC1506,IC1506,10668.6,1.0,2133720.0,-1.0,1,10668.4,10672.8,3,10672.6,11000.0,11000.0,10662.0,737.0,1579970200.0,6734
2015-06-19 09:16:56,IC1506,IC1506,10668.4,1.0,2133680.0,-1.0,12,10667.0,10667.8,2,10672.6,11000.0,11000.0,10662.0,738.0,1582103880.0,6733
2015-06-19 09:16:57,IC1506,IC1506,10667.0,2.0,4266800.0,0.0,10,10667.0,10672.8,3,10672.6,11000.0,11000.0,10662.0,740.0,1586370680.0,6733
2015-06-19 09:16:57,IC1506,IC1506,10668.0,1.0,2133600.0,0.0,10,10667.0,10672.6,1,10672.6,11000.0,11000.0,10662.0,741.0,1588504280.0,6733
2015-06-19 09:16:59,IC1506,IC1506,10669.2,3.0,6401120.0,-3.0,10,10667.0,10672.6,2,10672.6,11000.0,11000.0,10662.0,744.0,1594905400.0,6730
2015-06-19 09:17:00,IC1506,IC1506,10669.2,0.0,0.0,0.0,3,10667.2,10672.6,2,10672.6,11000.0,11000.0,10662.0,744.0,1594905400.0,6730
2015-06-19 09:17:01,IC1506,IC1506,10672.6,1.0,2134520.0,0.0,3,10667.2,10672.4,2,10672.6,11000.0,11000.0,10662.0,745.0,1597039920.0,6730
2015-06-19 09:17:02,IC1506,IC1506,10672.6,0.0,0.0,0.0,3,10667.2,10672.4,1,10672.6,11000.0,11000.0,10662.0,745.0,1597039920.0,6730
2015-06-19 09:17:03,IC1506,IC1506,10667.4,1.0,2133480.0,0.0,1,10667.4,10672.4,1,10672.6,11000.0,11000.0,10662.0,746.0,1599173400.0,6730
2015-06-19 09:17:03,IC1506,IC1506,10672.4,2.0,4268880.0,1.0,1,10672.6,10672.8,4,10672.6,11000.0,11000.0,10662.0,748.0,1603442280.0,6731
2015-06-19 09:17:04,IC1506,IC1506,10672.6,4.0,8538200.0,-3.0,2,10672.4,10672.8,1,10672.6,11000.0,11000.0,10662.0,752.0,1611980480.0,6728
2015-06-19 09:17:04,IC1506,IC1506,10673.2,2.0,4269200.0,-1.0,3,10672.4,10680.0,1,10672.6,11000.0,11000.0,10662.0,754.0,1616249680.0,6727
2015-06-19 09:17:05,IC1506,IC1506,10673.2,0.0,0.0,0.0,1,10672.6,10679.8,1,10672.6,11000.0,11000.0,10662.0,754.0,1616249680.0,6727
2015-06-19 09:17:05,IC1506,IC1506,10673.2,0.0,0.0,0.0,2,10673.2,10675.6,2,10672.6,11000.0,11000.0,10662.0,754.0,1616249680.0,6727
2015-06-19 09:17:06,IC1506,IC1506,10674.4,1.0,2134880.0,-1.0,1,10673.4,10679.8,1,10672.6,11000.0,11000.0,10662.0,755.0,1618384560.0,6726
2015-06-19 09:17:06,IC1506,IC1506,10679.8,4.0,8540200.0,2.0,1,10672.8,10679.8,1,10672.6,11000.0,11000.0,10662.0,759.0,1626924760.0,6728
2015-06-19 09:17:07,IC1506,IC1506,10673.4,1.0,2134680.0,0.0,1,10673.0,10679.8,1,10672.6,11000.0,11000.0,10662.0,760.0,1629059440.0,6728
2015-06-19 09:17:08,IC1506,IC1506,10679.8,5.0,10675440.0,0.0,2,10672.4,10679.8,2,10672.6,11000.0,11000.0,10662.0,765.0,1639734880.0,6728
2015-06-19 09:17:09,IC1506,IC1506,10672.4,2.0,4268960.0,0.0,1,10668.0,10679.8,2,10672.6,11000.0,11000.0,10662.0,767.0,1644003840.0,6728
2015-06-19 09:17:09,IC1506,IC1506,10672.4,0.0,0.0,0.0,1,10672.6,10678.4,1,10672.6,11000.0,11000.0,10662.0,767.0,1644003840.0,6728
2015-06-19 09:17:10,IC1506,IC1506,10672.6,1.0,2134520.0,1.0,1,10668.0,10679.8,1,10672.6,11000.0,11000.0,10662.0,768.0,1646138360.0,6729
2015-06-19 09:17:11,IC1506,IC1506,10672.6,1.0,2134520.0,1.0,1,10668.0,10679.2,1,10672.6,11000.0,11000.0,10662.0,769.0,1648272880.0,6730
2015-06-19 09:17:11,IC1506,IC1506,10672.6,0.0,0.0,0.0,1,10668.2,10680.0,3,10672.6,11000.0,11000.0,10662.0,769.0,1648272880.0,6730
2015-06-19 09:17:12,IC1506,IC1506,10672.6,0.0,0.0,0.0,3,10669.6,10680.0,3,10672.6,11000.0,11000.0,10662.0,769.0,1648272880.0,6730
2015-06-19 09:17:12,IC1506,IC1506,10678.4,5.0,10676000.0,0.0,1,10671.6,10680.0,3,10672.6,11000.0,11000.0,10662.0,774.0,1658948880.0,6730
2015-06-19 09:17:13,IC1506,IC1506,10680.0,2.0,4272000.0,-1.0,1,10671.6,10680.0,1,10672.6,11000.0,11000.0,10662.0,776.0,1663220880.0,6729
2015-06-19 09:17:13,IC1506,IC1506,10680.0,0.0,0.0,0.0,1,10671.6,10677.6,2,10672.6,11000.0,11000.0,10662.0,776.0,1663220880.0,6729
2015-06-19 09:17:14,IC1506,IC1506,10680.0,0.0,0.0,0.0,1,10671.6,10680.0,1,10672.6,11000.0,11000.0,10662.0,776.0,1663220880.0,6729
2015-06-19 09:17:14,IC1506,IC1506,10680.0,3.0,6408000.0,-2.0,1,10671.6,10680.0,1,10672.6,11000.0,11000.0,10662.0,779.0,1669628880.0,6727
2015-06-19 09:17:15,IC1506,IC1506,10680.0,1.0,2136000.0,-1.0,1,10671.6,10681.4,1,10672.6,11000.0,11000.0,10662.0,780.0,1671764880.0,6726
2015-06-19 09:17:15,IC1506,IC1506,10680.0,0.0,0.0,0.0,1,10671.6,10681.4,2,10672.6,11000.0,11000.0,10662.0,780.0,1671764880.0,6726
2015-06-19 09:17:16,IC1506,IC1506,10681.4,1.0,2136280.0,1.0,1,10671.6,10681.4,1,10672.6,11000.0,11000.0,10662.0,781.0,1673901160.0,6727
2015-06-19 09:17:16,IC1506,IC1506,10680.0,1.0,2136000.0,0.0,1,10671.6,10681.4,1,10672.6,11000.0,11000.0,10662.0,782.0,1676037160.0,6727
2015-06-19 09:17:17,IC1506,IC1506,10681.4,1.0,2136280.0,-1.0,1,10671.6,10685.6,1,10672.6,11000.0,11000.0,10662.0,783.0,1678173440.0,6726
2015-06-19 09:17:17,IC1506,IC1506,10681.4,0.0,0.0,0.0,1,10681.4,10684.6,1,10672.6,11000.0,11000.0,10662.0,783.0,1678173440.0,6726
2015-06-19 09:17:18,IC1506,IC1506,10686.4,1.0,2137280.0,1.0,1,10681.4,10688.0,1,10672.6,11000.0,11000.0,10662.0,784.0,1680310720.0,6727
2015-06-19 09:17:18,IC1506,IC1506,10689.2,1.0,2137840.0,-1.0,1,10685.6,10689.6,1,10672.6,11000.0,11000.0,10662.0,785.0,1682448560.0,6726
2015-06-19 09:17:19,IC1506,IC1506,10685.8,4.0,8549840.0,1.0,1,10685.6,10689.0,1,10672.6,11000.0,11000.0,10662.0,789.0,1690998400.0,6727
2015-06-19 09:17:19,IC1506,IC1506,10688.8,2.0,4274880.0,0.0,1,10681.8,10690.8,4,10672.6,11000.0,11000.0,10662.0,791.0,1695273280.0,6727
2015-06-19 09:17:20,IC1506,IC1506,10681.4,3.0,6410480.0,-1.0,1,10673.6,10689.6,1,10672.6,11000.0,11000.0,10662.0,794.0,1701683760.0,6726
2015-06-19 09:17:20,IC1506,IC1506,10671.6,2.0,4269040.0,2.0,1,10670.0,10685.4,1,10672.6,11000.0,11000.0,10662.0,796.0,1705952800.0,6728
2015-06-19 09:17:21,IC1506,IC1506,10673.6,3.0,6402720.0,-1.0,1,10671.2,10680.8,1,10672.6,11000.0,11000.0,10662.0,799.0,1712355520.0,6727
2015-06-19 09:17:21,IC1506,IC1506,10673.6,0.0,0.0,0.0,1,10671.4,10680.8,1,10672.6,11000.0,11000.0,10662.0,799.0,1712355520.0,6727
2015-06-19 09:17:22,IC1506,IC1506,10680.8,1.0,2136160.0,1.0,1,10672.6,10685.4,1,10672.6,11000.0,11000.0,10662.0,800.0,1714491680.0,6728
2015-06-19 09:17:22,IC1506,IC1506,10682.6,3.0,6408840.0,3.0,1,10672.6,10684.8,1,10672.6,11000.0,11000.0,10662.0,803.0,1720900520.0,6731
2015-06-19 09:17:23,IC1506,IC1506,10680.8,1.0,2136160.0,0.0,1,10672.6,10680.2,1,10672.6,11000.0,11000.0,10662.0,804.0,1723036680.0,6731
2015-06-19 09:17:23,IC1506,IC1506,10672.6,3.0,6403560.0,1.0,1,10676.8,10678.4,1,10672.6,11000.0,11000.0,10662.0,807.0,1729440240.0,6732
2015-06-19 09:17:24,IC1506,IC1506,10676.8,1.0,2135360.0,0.0,1,10670.0,10676.4,5,10672.6,11000.0,11000.0,10662.0,808.0,1731575600.0,6732
2015-06-19 09:17:24,IC1506,IC1506,10676.8,0.0,0.0,0.0,1,10670.0,10678.4,1,10672.6,11000.0,11000.0,10662.0,808.0,1731575600.0,6732
2015-06-19 09:17:25,IC1506,IC1506,10678.4,1.0,2135680.0,1.0,2,10670.0,10685.4,4,10672.6,11000.0,11000.0,10662.0,809.0,1733711280.0,6733
2015-06-19 09:17:25,IC1506,IC1506,10678.4,1.0,2135680.0,0.0,2,10670.0,10679.2,1,10672.6,11000.0,11000.0,10662.0,810.0,1735846960.0,6733
2015-06-19 09:17:26,IC1506,IC1506,10678.4,0.0,0.0,0.0,1,10670.2,10678.0,1,10672.6,11000.0,11000.0,10662.0,810.0,1735846960.0,6733
2015-06-19 09:17:26,IC1506,IC1506,10678.4,0.0,0.0,0.0,1,10670.2,10679.2,1,10672.6,11000.0,11000.0,10662.0,810.0,1735846960.0,6733
2015-06-19 09:17:27,IC1506,IC1506,10670.4,1.0,2134080.0,-1.0,2,10670.4,10673.2,1,10672.6,11000.0,11000.0,10662.0,811.0,1737981040.0,6732
2015-06-19 09:17:27,IC1506,IC1506,10670.0,3.0,6402120.0,3.0,2,10670.0,10675.6,1,10672.6,11000.0,11000.0,10662.0,814.0,1744383160.0,6735
2015-06-19 09:17:28,IC1506,IC1506,10675.4,5.0,10674720.0,5.0,1,10670.6,10675.6,2,10672.6,11000.0,11000.0,10662.0,819.0,1755057880.0,6740
2015-06-19 09:17:28,IC1506,IC1506,10675.4,0.0,0.0,0.0,2,10670.0,10670.2,5,10672.6,11000.0,11000.0,10662.0,819.0,1755057880.0,6740
2015-06-19 09:17:29,IC1506,IC1506,10670.0,4.0,8536120.0,-4.0,1,10670.0,10673.4,1,10672.6,11000.0,11000.0,10662.0,823.0,1763594000.0,6736
2015-06-19 09:17:29,IC1506,IC1506,10670.0,1.0,2134000.0,0.0,1,10669.2,10672.8,1,10672.6,11000.0,11000.0,10662.0,824.0,1765728000.0,6736
2015-06-19 09:17:30,IC1506,IC1506,10670.0,0.0,0.0,0.0,1,10670.0,10672.8,1,10672.6,11000.0,11000.0,10662.0,824.0,1765728000.0,6736
2015-06-19 09:17:30,IC1506,IC1506,10670.0,1.0,2134000.0,0.0,1,10669.2,10672.6,6,10672.6,11000.0,11000.0,10662.0,825.0,1767862000.0,6736
2015-06-19 09:17:31,IC1506,IC1506,10671.6,1.0,2134320.0,1.0,1,10669.2,10673.2,1,10672.6,11000.0,11000.0,10662.0,826.0,1769996320.0,6737
2015-06-19 09:17:31,IC1506,IC1506,10671.6,0.0,0.0,0.0,1,10669.2,10673.2,2,10672.6,11000.0,11000.0,10662.0,826.0,1769996320.0,6737
2015-06-19 09:17:32,IC1506,IC1506,10671.6,0.0,0.0,0.0,1,10669.2,10673.2,1,10672.6,11000.0,11000.0,10662.0,826.0,1769996320.0,6737
2015-06-19 09:17:32,IC1506,IC1506,10671.4,2.0,4268560.0,1.0,1,10669.2,10670.0,8,10672.6,11000.0,11000.0,10662.0,828.0,1774264880.0,6738
2015-06-19 09:17:33,IC1506,IC1506,10671.4,1.0,2134280.0,1.0,1,10669.2,10670.0,7,10672.6,11000.0,11000.0,10662.0,829.0,1776399160.0,6739
2015-06-19 09:17:33,IC1506,IC1506,10671.4,0.0,0.0,0.0,1,10669.2,10670.0,8,10672.6,11000.0,11000.0,10662.0,829.0,1776399160.0,6739
2015-06-19 09:17:34,IC1506,IC1506,10669.2,1.0,2133840.0,0.0,10,10667.0,10670.0,8,10672.6,11000.0,11000.0,10662.0,830.0,1778533000.0,6739
2015-06-19 09:17:35,IC1506,IC1506,10670.0,3.0,6401680.0,0.0,10,10667.0,10670.0,7,10672.6,11000.0,11000.0,10662.0,833.0,1784934680.0,6739
2015-06-19 09:17:35,IC1506,IC1506,10670.0,0.0,0.0,0.0,10,10667.0,10669.8,1,10672.6,11000.0,11000.0,10662.0,833.0,1784934680.0,6739
2015-06-19 09:17:36,IC1506,IC1506,10670.0,2.0,4268000.0,1.0,10,10667.0,10670.0,6,10672.6,11000.0,11000.0,10662.0,835.0,1789202680.0,6740
2015-06-19 09:17:36,IC1506,IC1506,10669.8,6.0,12802920.0,-2.0,1,10668.2,10668.4,1,10672.6,11000.0,11000.0,10662.0,841.0,1802005600.0,6738
2015-06-19 09:17:37,IC1506,IC1506,10667.0,3.0,6400440.0,0.0,7,10667.0,10668.2,3,10672.6,11000.0,11000.0,10662.0,844.0,1808406040.0,6738
2015-06-19 09:17:37,IC1506,IC1506,10667.0,8.0,17067200.0,0.0,2,10665.4,10668.0,1,10672.6,11000.0,11000.0,10662.0,852.0,1825473240.0,6738
2015-06-19 09:17:38,IC1506,IC1506,10665.4,2.0,4266160.0,0.0,1,10662.4,10664.8,1,10672.6,11000.0,11000.0,10662.0,854.0,1829739400.0,6738
2015-06-19 09:17:38,IC1506,IC1506,10662.0,2.0,4264880.0,0.0,1,10661.8,10662.2,1,10672.6,11000.0,11000.0,10662.0,856.0,1834004280.0,6738
2015-06-19 09:17:39,IC1506,IC1506,10661.8,2.0,4264720.0,0.0,1,10661.4,10662.0,1,10672.6,11000.0,11000.0,10661.8,858.0,1838269000.0,6738
2015-06-19 09:17:39,IC1506,IC1506,10661.0,3.0,6396520.0,1.0,1,10660.0,10663.6,1,10672.6,11000.0,11000.0,10660.2,861.0,1844665520.0,6739
2015-06-19 09:17:40,IC1506,IC1506,10660.0,2.0,4264000.0,1.0,1,10658.0,10660.0,1,10672.6,11000.0,11000.0,10660.0,863.0,1848929520.0,6740
2015-06-19 09:17:40,IC1506,IC1506,10657.4,3.0,6395080.0,-1.0,1,10655.8,10656.0,1,10672.6,11000.0,11000.0,10657.4,866.0,1855324600.0,6739
2015-06-19 09:17:41,IC1506,IC1506,10660.0,7.0,14920320.0,-4.0,1,10653.0,10660.2,1,10672.6,11000.0,11000.0,10656.0,873.0,1870244920.0,6735
2015-06-19 09:17:41,IC1506,IC1506,10660.0,1.0,2132000.0,1.0,1,10651.0,10660.0,1,10672.6,11000.0,11000.0,10656.0,874.0,1872376920.0,6736
2015-06-19 09:17:42,IC1506,IC1506,10660.0,0.0,0.0,0.0,1,10651.0,10655.8,1,10672.6,11000.0,11000.0,10656.0,874.0,1872376920.0,6736
2015-06-19 09:17:42,IC1506,IC1506,10654.6,2.0,4261120.0,0.0,1,10650.2,10653.0,1,10672.6,11000.0,11000.0,10651.0,876.0,1876638040.0,6736
2015-06-19 09:17:43,IC1506,IC1506,10650.2,2.0,4260080.0,0.0,3,10650.0,10650.2,1,10672.6,11000.0,11000.0,10650.2,878.0,1880898120.0,6736
2015-06-19 09:17:43,IC1506,IC1506,10650.0,3.0,6390000.0,0.0,1,10641.4,10650.2,1,10672.6,11000.0,11000.0,10650.0,881.0,1887288120.0,6736
2015-06-19 09:17:44,IC1506,IC1506,10644.8,1.0,2128960.0,-1.0,6,10641.6,10650.2,1,10672.6,11000.0,11000.0,10644.8,882.0,1889417080.0,6735
2015-06-19 09:17:44,IC1506,IC1506,10641.8,10.0,21287640.0,6.0,1,10641.4,10641.6,1,10672.6,11000.0,11000.0,10641.8,892.0,1910704720.0,6741
2015-06-19 09:17:45,IC1506,IC1506,10650.2,4.0,8518280.0,-1.0,1,10641.8,10652.0,1,10672.6,11000.0,11000.0,10641.6,896.0,1919223000.0,6740
2015-06-19 09:17:45,IC1506,IC1506,10650.2,2.0,4260080.0,0.0,1,10641.8,10651.4,1,10672.6,11000.0,11000.0,10641.6,898.0,1923483080.0,6740
2015-06-19 09:17:46,IC1506,IC1506,10650.2,0.0,0.0,0.0,1,10644.4,10650.2,1,10672.6,11000.0,11000.0,10641.6,898.0,1923483080.0,6740
2015-06-19 09:17:46,IC1506,IC1506,10646.4,2.0,4258160.0,0.0,1,10641.8,10643.6,1,10672.6,11000.0,11000.0,10641.6,900.0,1927741240.0,6740
2015-06-19 09:17:47,IC1506,IC1506,10646.4,1.0,2129280.0,0.0,1,10641.8,10643.6,1,10672.6,11000.0,11000.0,10641.6,901.0,1929870520.0,6740
2015-06-19 09:17:47,IC1506,IC1506,10646.4,0.0,0.0,0.0,1,10641.8,10643.6,2,10672.6,11000.0,11000.0,10641.6,901.0,1929870520.0,6740
2015-06-19 09:17:48,IC1506,IC1506,10641.8,1.0,2128360.0,0.0,1,10641.4,10641.8,1,10672.6,11000.0,11000.0,10641.6,902.0,1931998880.0,6740
2015-06-19 09:17:48,IC1506,IC1506,10641.4,2.0,4256560.0,0.0,1,10633.0,10641.8,2,10672.6,11000.0,11000.0,10641.4,904.0,1936255440.0,6740
2015-06-19 09:17:49,IC1506,IC1506,10641.8,3.0,6385000.0,-1.0,1,10633.8,10641.8,1,10672.6,11000.0,11000.0,10641.4,907.0,1942640440.0,6739
2015-06-19 09:17:49,IC1506,IC1506,10641.8,0.0,0.0,0.0,1,10633.0,10641.6,5,10672.6,11000.0,11000.0,10641.4,907.0,1942640440.0,6739
2015-06-19 09:17:50,IC1506,IC1506,10634.8,2.0,4254080.0,0.0,1,10634.0,10641.0,1,10672.6,11000.0,11000.0,10634.8,909.0,1946894520.0,6739
2015-06-19 09:17:50,IC1506,IC1506,10634.8,1.0,2126960.0,-1.0,1,10634.0,10641.0,3,10672.6,11000.0,11000.0,10634.8,910.0,1949021480.0,6738
2015-06-19 09:17:51,IC1506,IC1506,10640.8,3.0,6381880.0,-1.0,1,10633.0,10641.0,3,10672.6,11000.0,11000.0,10634.0,913.0,1955403360.0,6737
2015-06-19 09:17:51,IC1506,IC1506,10641.0,2.0,4256360.0,0.0,1,10633.0,10634.0,1,10672.6,11000.0,11000.0,10634.0,915.0,1959659720.0,6737
2015-06-19 09:17:52,IC1506,IC1506,10634.0,5.0,10634000.0,1.0,1,10633.0,10640.8,1,10672.6,11000.0,11000.0,10634.0,920.0,1970293720.0,6738
2015-06-19 09:17:52,IC1506,IC1506,10634.0,1.0,2126800.0,0.0,1,10633.0,10639.6,1,10672.6,11000.0,11000.0,10634.0,921.0,1972420520.0,6738
2015-06-19 09:17:53,IC1506,IC1506,10633.0,1.0,2126600.0,1.0,1,10615.0,10639.6,1,10672.6,11000.0,11000.0,10633.0,922.0,1974547120.0,6739
2015-06-19 09:17:53,IC1506,IC1506,10639.2,2.0,4255760.0,0.0,2,10619.4,10640.6,1,10672.6,11000.0,11000.0,10633.0,924.0,1978802880.0,6739
2015-06-19 09:17:54,IC1506,IC1506,10633.2,4.0,8510160.0,0.0,8,10620.4,10638.8,1,10672.6,11000.0,11000.0,10633.0,928.0,1987313040.0,6739
2015-06-19 09:17:54,IC1506,IC1506,10639.6,4.0,8511680.0,0.0,2,10639.6,10641.0,1,10672.6,11000.0,11000.0,10633.0,932.0,1995824720.0,6739
2015-06-19 09:17:55,IC1506,IC1506,10639.6,2.0,4255840.0,-2.0,1,10640.8,10641.0,1,10672.6,11000.0,11000.0,10633.0,934.0,2000080560.0,6737
2015-06-19 09:17:55,IC1506,IC1506,10639.6,0.0,0.0,0.0,1,10639.6,10641.0,5,10672.6,11000.0,11000.0,10633.0,934.0,2000080560.0,6737
2015-06-19 09:17:56,IC1506,IC1506,10641.0,5.0,10640720.0,0.0,1,10635.4,10641.0,1,10672.6,11000.0,11000.0,10633.0,939.0,2010721280.0,6737
2015-06-19 09:17:57,IC1506,IC1506,10641.0,3.0,6384600.0,0.0,1,10638.8,10641.0,1,10672.6,11000.0,11000.0,10633.0,942.0,2017105880.0,6737
2015-06-19 09:17:57,IC1506,IC1506,10641.0,1.0,2128200.0,0.0,1,10638.8,10639.6,4,10672.6,11000.0,11000.0,10633.0,943.0,2019234080.0,6737
2015-06-19 09:17:58,IC1506,IC1506,10638.8,2.0,4255520.0,1.0,1,10637.0,10639.6,5,10672.6,11000.0,11000.0,10633.0,945.0,2023489600.0,6738
2015-06-19 09:17:58,IC1506,IC1506,10639.6,2.0,4255680.0,-1.0,1,10637.0,10638.8,1,10672.6,11000.0,11000.0,10633.0,947.0,2027745280.0,6737
2015-06-19 09:17:59,IC1506,IC1506,10637.0,4.0,8511000.0,-2.0,1,10635.2,10639.6,1,10672.6,11000.0,11000.0,10633.0,951.0,2036256280.0,6735
2015-06-19 09:18:00,IC1506,IC1506,10637.0,0.0,0.0,0.0,1,10635.2,10638.8,1,10672.6,11000.0,11000.0,10633.0,951.0,2036256280.0,6735
2015-06-19 09:18:00,IC1506,IC1506,10638.8,2.0,4255520.0,0.0,1,10635.2,10638.8,1,10672.6,11000.0,11000.0,10633.0,953.0,2040511800.0,6735
2015-06-19 09:18:01,IC1506,IC1506,10635.2,1.0,2127040.0,1.0,1,10630.0,10638.8,1,10672.6,11000.0,11000.0,10633.0,954.0,2042638840.0,6736
2015-06-19 09:18:01,IC1506,IC1506,10638.4,1.0,2127680.0,0.0,1,10633.6,10638.4,1,10672.6,11000.0,11000.0,10633.0,955.0,2044766520.0,6736
2015-06-19 09:18:02,IC1506,IC1506,10638.4,0.0,0.0,0.0,1,10630.0,10632.8,1,10672.6,11000.0,11000.0,10633.0,955.0,2044766520.0,6736
2015-06-19 09:18:02,IC1506,IC1506,10635.2,2.0,4254000.0,0.0,1,10632.8,10635.2,8,10672.6,11000.0,11000.0,10633.0,957.0,2049020520.0,6736
2015-06-19 09:18:03,IC1506,IC1506,10635.2,0.0,0.0,0.0,1,10632.4,10635.2,8,10672.6,11000.0,11000.0,10633.0,957.0,2049020520.0,6736
2015-06-19 09:18:03,IC1506,IC1506,10633.0,1.0,2126600.0,0.0,1,10632.4,10635.2,8,10672.6,11000.0,11000.0,10633.0,958.0,2051147120.0,6736
2015-06-19 09:18:04,IC1506,IC1506,10635.2,6.0,12762240.0,0.0,1,10633.4,10635.0,1,10672.6,11000.0,11000.0,10633.0,964.0,2063909360.0,6736
2015-06-19 09:18:04,IC1506,IC1506,10635.2,3.0,6381120.0,2.0,1,10635.0,10639.6,3,10672.6,11000.0,11000.0,10633.0,967.0,2070290480.0,6738
2015-06-19 09:18:05,IC1506,IC1506,10635.4,1.0,2127080.0,1.0,1,10635.0,10635.4,1,10672.6,11000.0,11000.0,10633.0,968.0,2072417560.0,6739
2015-06-19 09:18:05,IC1506,IC1506,10632.4,3.0,6380480.0,-1.0,1,10630.0,10639.6,3,10672.6,11000.0,11000.0,10632.4,971.0,2078798040.0,6738
2015-06-19 09:18:06,IC1506,IC1506,10631.4,1.0,2126280.0,0.0,1,10630.8,10639.6,3,10672.6,11000.0,11000.0,10631.4,972.0,2080924320.0,6738
2015-06-19 09:18:06,IC1506,IC1506,10631.4,0.0,0.0,0.0,1,10630.0,10638.6,1,10672.6,11000.0,11000.0,10631.4,972.0,2080924320.0,6738
2015-06-19 09:18:07,IC1506,IC1506,10633.8,2.0,4253840.0,0.0,1,10630.2,10638.6,1,10672.6,11000.0,11000.0,10631.4,974.0,2085178160.0,6738
2015-06-19 09:18:07,IC1506,IC1506,10633.8,0.0,0.0,0.0,1,10632.6,10635.0,2,10672.6,11000.0,11000.0,10631.4,974.0,2085178160.0,6738
2015-06-19 09:18:08,IC1506,IC1506,10632.8,5.0,10633680.0,3.0,1,10629.0,10638.8,3,10672.6,11000.0,11000.0,10631.4,979.0,2095811840.0,6741
2015-06-19 09:18:08,IC1506,IC1506,10634.4,3.0,6380000.0,1.0,1,10629.2,10638.8,3,10672.6,11000.0,11000.0,10631.4,982.0,2102191840.0,6742
2015-06-19 09:18:09,IC1506,IC1506,10634.4,0.0,0.0,0.0,1,10629.8,10635.6,1,10672.6,11000.0,11000.0,10631.4,982.0,2102191840.0,6742
2015-06-19 09:18:09,IC1506,IC1506,10634.4,0.0,0.0,0.0,1,10627.0,10635.0,1,10672.6,11000.0,11000.0,10631.4,982.0,2102191840.0,6742
2015-06-19 09:18:10,IC1506,IC1506,10634.4,0.0,0.0,0.0,1,10627.2,10630.8,1,10672.6,11000.0,11000.0,10631.4,982.0,2102191840.0,6742
2015-06-19 09:18:10,IC1506,IC1506,10631.2,1.0,2126240.0,0.0,1,10631.2,10634.6,1,10672.6,11000.0,11000.0,10631.2,983.0,2104318080.0,6742
2015-06-19 09:18:11,IC1506,IC1506,10627.0,1.0,2125400.0,-1.0,1,10624.4,10627.2,4,10672.6,11000.0,11000.0,10627.0,984.0,2106443480.0,6741
2015-06-19 09:18:11,IC1506,IC1506,10634.6,5.0,10628680.0,-4.0,1,10628.2,10635.0,1,10672.6,11000.0,11000.0,10627.0,989.0,2117072160.0,6737
2015-06-19 09:18:12,IC1506,IC1506,10631.0,6.0,12754840.0,0.0,1,10624.4,10631.2,1,10672.6,11000.0,11000.0,10627.0,995.0,2129827000.0,6737
2015-06-19 09:18:12,IC1506,IC1506,10629.4,2.0,4251760.0,-1.0,1,10625.2,10630.0,1,10672.6,11000.0,11000.0,10627.0,997.0,2134078760.0,6736
2015-06-19 09:18:13,IC1506,IC1506,10629.4,0.0,0.0,0.0,23,10627.2,10630.8,1,10672.6,11000.0,11000.0,10627.0,997.0,2134078760.0,6736
2015-06-19 09:18:13,IC1506,IC1506,10630.8,4.0,8503880.0,2.0,1,10627.4,10630.8,2,10672.6,11000.0,11000.0,10627.0,1001.0,2142582640.0,6738
2015-06-19 09:18:14,IC1506,IC1506,10630.8,0.0,0.0,0.0,2,10629.0,10630.8,2,10672.6,11000.0,11000.0,10627.0,1001.0,2142582640.0,6738
2015-06-19 09:18:14,IC1506,IC1506,10630.2,23.0,48886680.0,-21.0,8,10630.0,10630.8,2,10672.6,11000.0,11000.0,10627.0,1024.0,2191469320.0,6717
2015-06-19 09:18:15,IC1506,IC1506,10630.8,2.0,4252320.0,1.0,1,10630.2,10635.0,2,10672.6,11000.0,11000.0,10627.0,1026.0,2195721640.0,6718
2015-06-19 09:18:15,IC1506,IC1506,10630.8,0.0,0.0,0.0,1,10631.6,10635.0,2,10672.6,11000.0,11000.0,10627.0,1026.0,2195721640.0,6718
2015-06-19 09:18:16,IC1506,IC1506,10630.8,0.0,0.0,0.0,1,10631.6,10633.8,1,10672.6,11000.0,11000.0,10627.0,1026.0,2195721640.0,6718
2015-06-19 09:18:16,IC1506,IC1506,10630.0,3.0,6378480.0,-1.0,2,10630.4,10631.4,2,10672.6,11000.0,11000.0,10627.0,1029.0,2202100120.0,6717
2015-06-19 09:18:17,IC1506,IC1506,10631.2,5.0,10630480.0,-2.0,6,10630.0,10632.4,1,10672.6,11000.0,11000.0,10627.0,1034.0,2212730600.0,6715
2015-06-19 09:18:17,IC1506,IC1506,10630.0,4.0,8504000.0,0.0,1,10630.8,10632.4,1,10672.6,11000.0,11000.0,10627.0,1038.0,2221234600.0,6715
2015-06-19 09:18:18,IC1506,IC1506,10630.0,3.0,6378000.0,-1.0,1,10629.2,10630.0,1,10672.6,11000.0,11000.0,10627.0,1041.0,2227612600.0,6714
2015-06-19 09:18:18,IC1506,IC1506,10630.0,4.0,8503880.0,0.0,5,10627.2,10628.4,1,10672.6,11000.0,11000.0,10627.0,1045.0,2236116480.0,6714
2015-06-19 09:18:19,IC1506,IC1506,10627.2,11.0,23379840.0,1.0,1,10624.4,10628.4,1,10672.6,11000.0,11000.0,10627.0,1056.0,2259496320.0,6715
2015-06-19 09:18:19,IC1506,IC1506,10624.4,1.0,2124880.0,1.0,1,10620.0,10620.4,2,10672.6,11000.0,11000.0,10624.4,1057.0,2261621200.0,6716
2015-06-19 09:18:20,IC1506,IC1506,10620.0,7.0,14868000.0,-1.0,1,10615.0,10619.2,1,10672.6,11000.0,11000.0,10620.0,1064.0,2276489200.0,6715
2015-06-19 09:18:20,IC1506,IC1506,10615.0,3.0,6370680.0,0.0,5,10612.2,10615.0,1,10672.6,11000.0,11000.0,10615.0,1067.0,2282859880.0,6715
2015-06-19 09:18:21,IC1506,IC1506,10615.0,0.0,0.0,0.0,1,10611.2,10612.2,2,10672.6,11000.0,11000.0,10615.0,1067.0,2282859880.0,6715
2015-06-19 09:18:21,IC1506,IC1506,10612.2,5.0,10612000.0,-2.0,1,10604.4,10611.2,1,10672.6,11000.0,11000.0,10611.2,1072.0,2293471880.0,6713
2015-06-19 09:18:22,IC1506,IC1506,10605.0,4.0,8486880.0,2.0,1,10603.0,10613.0,1,10672.6,11000.0,11000.0,10605.0,1076.0,2301958760.0,6715
2015-06-19 09:18:22,IC1506,IC1506,10612.6,1.0,2122520.0,1.0,1,10611.2,10613.0,1,10672.6,11000.0,11000.0,10605.0,1077.0,2304081280.0,6716
2015-06-19 09:18:23,IC1506,IC1506,10611.2,8.0,16978440.0,3.0,1,10606.4,10615.0,1,10672.6,11000.0,11000.0,10605.0,1085.0,2321059720.0,6719
2015-06-19 09:18:23,IC1506,IC1506,10611.2,0.0,0.0,0.0,1,10610.6,10611.4,1,10672.6,11000.0,11000.0,10605.0,1085.0,2321059720.0,6719
2015-06-19 09:18:24,IC1506,IC1506,10611.2,4.0,8488120.0,-1.0,1,10605.0,10615.0,1,10672.6,11000.0,11000.0,10605.0,1089.0,2329547840.0,6718
2015-06-19 09:18:24,IC1506,IC1506,10611.2,2.0,4244480.0,-2.0,1,10605.2,10611.2,1,10672.6,11000.0,11000.0,10605.0,1091.0,2333792320.0,6716
2015-06-19 09:18:25,IC1506,IC1506,10611.2,0.0,0.0,0.0,1,10605.2,10610.6,1,10672.6,11000.0,11000.0,10605.0,1091.0,2333792320.0,6716
2015-06-19 09:18:25,IC1506,IC1506,10610.0,3.0,6365160.0,0.0,1,10605.2,10610.4,1,10672.6,11000.0,11000.0,10605.0,1094.0,2340157480.0,6716
2015-06-19 09:18:26,IC1506,IC1506,10606.2,4.0,8485920.0,4.0,1,10605.2,10609.4,1,10672.6,11000.0,11000.0,10605.0,1098.0,2348643400.0,6720
2015-06-19 09:18:26,IC1506,IC1506,10602.0,1.0,2120400.0,1.0,3,10600.8,10604.8,2,10672.6,11000.0,11000.0,10602.0,1099.0,2350763800.0,6721
2015-06-19 09:18:27,IC1506,IC1506,10600.8,2.0,4240320.0,1.0,1,10600.8,10605.2,1,10672.6,11000.0,11000.0,10600.8,1101.0,2355004120.0,6722
2015-06-19 09:18:27,IC1506,IC1506,10601.0,3.0,6361440.0,-2.0,1,10600.8,10605.2,1,10672.6,11000.0,11000.0,10600.8,1104.0,2361365560.0,6720
2015-06-19 09:18:28,IC1506,IC1506,10600.8,2.0,4240360.0,2.0,6,10600.0,10604.6,1,10672.6,11000.0,11000.0,10600.8,1106.0,2365605920.0,6722
2015-06-19 09:18:28,IC1506,IC1506,10600.8,0.0,0.0,0.0,6,10600.0,10600.8,1,10672.6,11000.0,11000.0,10600.8,1106.0,2365605920.0,6722
2015-06-19 09:18:29,IC1506,IC1506,10600.8,2.0,4240160.0,1.0,5,10600.0,10605.2,1,10672.6,11000.0,11000.0,10600.0,1108.0,2369846080.0,6723
2015-06-19 09:18:29,IC1506,IC1506,10600.0,4.0,8480000.0,0.0,1,10600.0,10600.8,2,10672.6,11000.0,11000.0,10600.0,1112.0,2378326080.0,6723
2015-06-19 09:18:30,IC1506,IC1506,10600.6,2.0,4240240.0,-2.0,1,10600.0,10600.8,2,10672.6,11000.0,11000.0,10600.0,1114.0,2382566320.0,6721
2015-06-19 09:18:30,IC1506,IC1506,10600.0,1.0,2120000.0,0.0,1,10593.2,10600.8,2,10672.6,11000.0,11000.0,10600.0,1115.0,2384686320.0,6721
2015-06-19 09:18:31,IC1506,IC1506,10600.6,3.0,6360320.0,1.0,1,10593.8,10600.8,3,10672.6,11000.0,11000.0,10600.0,1118.0,2391046640.0,6722
2015-06-19 09:18:31,IC1506,IC1506,10600.8,3.0,6360480.0,-1.0,1,10594.0,10605.2,3,10672.6,11000.0,11000.0,10600.0,1121.0,2397407120.0,6721
2015-06-19 09:18:32,IC1506,IC1506,10600.8,0.0,0.0,0.0,1,10594.0,10604.6,1,10672.6,11000.0,11000.0,10600.0,1121.0,2397407120.0,6721
2015-06-19 09:18:32,IC1506,IC1506,10600.8,1.0,2120160.0,1.0,1,10594.0,10597.2,3,10672.6,11000.0,11000.0,10600.0,1122.0,2399527280.0,6722
2015-06-19 09:18:33,IC1506,IC1506,10600.2,1.0,2120040.0,0.0,1,10594.0,10604.2,1,10672.6,11000.0,11000.0,10600.0,1123.0,2401647320.0,6722
2015-06-19 09:18:33,IC1506,IC1506,10595.0,1.0,2119000.0,0.0,2,10594.0,10604.2,1,10672.6,11000.0,11000.0,10595.0,1124.0,2403766320.0,6722
2015-06-19 09:18:34,IC1506,IC1506,10594.0,2.0,4237800.0,0.0,1,10592.6,10594.0,1,10672.6,11000.0,11000.0,10594.0,1126.0,2408004120.0,6722
2015-06-19 09:18:34,IC1506,IC1506,10592.8,4.0,8474840.0,0.0,1,10586.6,10596.6,1,10672.6,11000.0,11000.0,10592.8,1130.0,2416478960.0,6722
2015-06-19 09:18:35,IC1506,IC1506,10594.0,4.0,8477440.0,0.0,1,10587.6,10604.2,1,10672.6,11000.0,11000.0,10592.8,1134.0,2424956400.0,6722
2015-06-19 09:18:35,IC1506,IC1506,10594.0,1.0,2118800.0,0.0,1,10595.0,10600.0,1,10672.6,11000.0,11000.0,10592.8,1135.0,2427075200.0,6722
2015-06-19 09:18:36,IC1506,IC1506,10600.0,1.0,2120000.0,0.0,1,10600.0,10601.8,1,10672.6,11000.0,11000.0,10592.8,1136.0,2429195200.0,6722
2015-06-19 09:18:36,IC1506,IC1506,10600.0,4.0,8480000.0,-2.0,2,10600.2,10605.2,2,10672.6,11000.0,11000.0,10592.8,1140.0,2437675200.0,6720
2015-06-19 09:18:37,IC1506,IC1506,10605.2,2.0,4242080.0,0.0,1,10600.6,10607.8,1,10672.6,11000.0,11000.0,10592.8,1142.0,2441917280.0,6720
2015-06-19 09:18:37,IC1506,IC1506,10600.6,8.0,16965600.0,2.0,1,10599.0,10611.2,1,10672.6,11000.0,11000.0,10592.8,1150.0,2458882880.0,6722
2015-06-19 09:18:38,IC1506,IC1506,10608.8,1.0,2121760.0,-1.0,3,10604.2,10609.6,1,10672.6,11000.0,11000.0,10592.8,1151.0,2461004640.0,6721
2015-06-19 09:18:38,IC1506,IC1506,10609.6,1.0,2121920.0,1.0,3,10604.2,10611.2,1,10672.6,11000.0,11000.0,10592.8,1152.0,2463126560.0,6722
2015-06-19 09:18:39,IC1506,IC1506,10609.6,3.0,6365760.0,-2.0,4,10609.6,10611.2,1,10672.6,11000.0,11000.0,10592.8,1155.0,2469492320.0,6720
2015-06-19 09:18:39,IC1506,IC1506,10611.0,3.0,6366320.0,-1.0,4,10609.6,10611.2,1,10672.6,11000.0,11000.0,10592.8,1158.0,2475858640.0,6719
2015-06-19 09:18:40,IC1506,IC1506,10611.0,6.0,12733200.0,-5.0,4,10609.6,10611.2,1,10672.6,11000.0,11000.0,10592.8,1164.0,2488591840.0,6714
2015-06-19 09:18:40,IC1506,IC1506,10609.6,4.0,8487680.0,0.0,1,10605.2,10609.8,2,10672.6,11000.0,11000.0,10592.8,1168.0,2497079520.0,6714
2015-06-19 09:18:41,IC1506,IC1506,10611.2,1.0,2122240.0,0.0,1,10605.2,10615.0,1,10672.6,11000.0,11000.0,10592.8,1169.0,2499201760.0,6714
2015-06-19 09:18:42,IC1506,IC1506,10611.2,0.0,0.0,0.0,2,10611.2,10615.0,1,10672.6,11000.0,11000.0,10592.8,1169.0,2499201760.0,6714
2015-06-19 09:18:42,IC1506,IC1506,10611.2,4.0,8488960.0,-2.0,3,10611.2,10615.0,1,10672.6,11000.0,11000.0,10592.8,1173.0,2507690720.0,6712
2015-06-19 09:18:43,IC1506,IC1506,10615.0,1.0,2123000.0,0.0,3,10611.2,10620.0,2,10672.6,11000.0,11000.0,10592.8,1174.0,2509813720.0,6712
2015-06-19 09:18:43,IC1506,IC1506,10620.0,2.0,4247840.0,-2.0,3,10611.2,10620.0,1,10672.6,11000.0,11000.0,10592.8,1176.0,2514061560.0,6710
2015-06-19 09:18:44,IC1506,IC1506,10620.0,1.0,2124000.0,0.0,1,10612.0,10620.0,1,10672.6,11000.0,11000.0,10592.8,1177.0,2516185560.0,6710
2015-06-19 09:18:44,IC1506,IC1506,10620.0,1.0,2124000.0,-1.0,1,10612.0,10620.0,1,10672.6,11000.0,11000.0,10592.8,1178.0,2518309560.0,6709
2015-06-19 09:18:45,IC1506,IC1506,10620.0,2.0,4248000.0,0.0,1,10612.2,10635.6,1,10672.6,11000.0,11000.0,10592.8,1180.0,2522557560.0,6709
2015-06-19 09:18:45,IC1506,IC1506,10620.0,1.0,2124000.0,0.0,1,10613.2,10629.0,1,10672.6,11000.0,11000.0,10592.8,1181.0,2524681560.0,6709
2015-06-19 09:18:46,IC1506,IC1506,10620.0,0.0,0.0,0.0,1,10613.2,10632.0,1,10672.6,11000.0,11000.0,10592.8,1181.0,2524681560.0,6709
2015-06-19 09:18:46,IC1506,IC1506,10620.0,0.0,0.0,0.0,2,10615.2,10631.0,1,10672.6,11000.0,11000.0,10592.8,1181.0,2524681560.0,6709
2015-06-19 09:18:47,IC1506,IC1506,10620.0,0.0,0.0,0.0,2,10620.0,10632.0,1,10672.6,11000.0,11000.0,10592.8,1181.0,2524681560.0,6709
2015-06-19 09:18:47,IC1506,IC1506,10611.2,7.0,14861800.0,2.0,1,10611.2,10620.0,1,10672.6,11000.0,11000.0,10592.8,1188.0,2539543360.0,6711
2015-06-19 09:18:48,IC1506,IC1506,10619.6,1.0,2123920.0,0.0,1,10612.0,10613.2,2,10672.6,11000.0,11000.0,10592.8,1189.0,2541667280.0,6711
2015-06-19 09:18:48,IC1506,IC1506,10614.6,2.0,4245840.0,0.0,1,10611.4,10613.2,2,10672.6,11000.0,11000.0,10592.8,1191.0,2545913120.0,6711
2015-06-19 09:18:49,IC1506,IC1506,10614.6,1.0,2122920.0,1.0,1,10612.0,10613.2,1,10672.6,11000.0,11000.0,10592.8,1192.0,2548036040.0,6712
2015-06-19 09:18:49,IC1506,IC1506,10614.4,1.0,2122880.0,0.0,2,10613.2,10618.0,1,10672.6,11000.0,11000.0,10592.8,1193.0,2550158920.0,6712
2015-06-19 09:18:50,IC1506,IC1506,10614.4,0.0,0.0,0.0,1,10613.4,10618.0,1,10672.6,11000.0,11000.0,10592.8,1193.0,2550158920.0,6712
2015-06-19 09:18:50,IC1506,IC1506,10614.4,0.0,0.0,0.0,1,10613.4,10617.2,1,10672.6,11000.0,11000.0,10592.8,1193.0,2550158920.0,6712
2015-06-19 09:18:51,IC1506,IC1506,10614.0,1.0,2122800.0,0.0,2,10613.4,10617.2,1,10672.6,11000.0,11000.0,10592.8,1194.0,2552281720.0,6712
2015-06-19 09:18:51,IC1506,IC1506,10614.0,0.0,0.0,0.0,1,10615.6,10617.2,1,10672.6,11000.0,11000.0,10592.8,1194.0,2552281720.0,6712
2015-06-19 09:18:52,IC1506,IC1506,10615.6,2.0,4245920.0,1.0,1,10613.4,10617.2,1,10672.6,11000.0,11000.0,10592.8,1196.0,2556527640.0,6713
2015-06-19 09:18:52,IC1506,IC1506,10613.4,5.0,10613400.0,-4.0,2,10613.2,10613.4,16,10672.6,11000.0,11000.0,10592.8,1201.0,2567141040.0,6709
2015-06-19 09:18:53,IC1506,IC1506,10613.2,3.0,6367920.0,1.0,1,10611.2,10613.4,16,10672.6,11000.0,11000.0,10592.8,1204.0,2573508960.0,6710
2015-06-19 09:18:53,IC1506,IC1506,10613.4,10.0,21226600.0,-1.0,1,10611.2,10613.4,11,10672.6,11000.0,11000.0,10592.8,1214.0,2594735560.0,6709
2015-06-19 09:18:54,IC1506,IC1506,10613.4,4.0,8490720.0,0.0,1,10611.2,10613.4,11,10672.6,11000.0,11000.0,10592.8,1218.0,2603226280.0,6709
2015-06-19 09:18:54,IC1506,IC1506,10609.8,3.0,6366560.0,2.0,1,10605.2,10613.4,11,10672.6,11000.0,11000.0,10592.8,1221.0,2609592840.0,6711
2015-06-19 09:18:55,IC1506,IC1506,10612.2,1.0,2122440.0,0.0,2,10607.8,10613.2,1,10672.6,11000.0,11000.0,10592.8,1222.0,2611715280.0,6711
2015-06-19 09:18:55,IC1506,IC1506,10612.2,0.0,0.0,0.0,1,10605.2,10613.2,1,10672.6,11000.0,11000.0,10592.8,1222.0,2611715280.0,6711
2015-06-19 09:18:56,IC1506,IC1506,10612.2,1.0,2122440.0,1.0,1,10605.2,10613.2,1,10672.6,11000.0,11000.0,10592.8,1223.0,2613837720.0,6712
2015-06-19 09:18:56,IC1506,IC1506,10610.8,3.0,6366480.0,0.0,1,10605.2,10613.0,3,10672.6,11000.0,11000.0,10592.8,1226.0,2620204200.0,6712
2015-06-19 09:18:57,IC1506,IC1506,10610.8,0.0,0.0,0.0,1,10605.2,10613.2,1,10672.6,11000.0,11000.0,10592.8,1226.0,2620204200.0,6712
2015-06-19 09:18:57,IC1506,IC1506,10605.2,1.0,2121040.0,0.0,3,10604.2,10613.2,1,10672.6,11000.0,11000.0,10592.8,1227.0,2622325240.0,6712
2015-06-19 09:18:58,IC1506,IC1506,10610.4,2.0,4242920.0,-1.0,2,10604.2,10613.2,1,10672.6,11000.0,11000.0,10592.8,1229.0,2626568160.0,6711
2015-06-19 09:18:58,IC1506,IC1506,10604.2,2.0,4243480.0,0.0,1,10604.2,10613.4,11,10672.6,11000.0,11000.0,10592.8,1231.0,2630811640.0,6711
2015-06-19 09:18:59,IC1506,IC1506,10604.2,0.0,0.0,0.0,1,10604.2,10613.4,12,10672.6,11000.0,11000.0,10592.8,1231.0,2630811640.0,6711
2015-06-19 09:18:59,IC1506,IC1506,10604.2,0.0,0.0,0.0,1,10605.4,10612.2,1,10672.6,11000.0,11000.0,10592.8,1231.0,2630811640.0,6711
2015-06-19 09:19:00,IC1506,IC1506,10604.2,0.0,0.0,0.0,1,10605.4,10613.4,13,10672.6,11000.0,11000.0,10592.8,1231.0,2630811640.0,6711
2015-06-19 09:19:00,IC1506,IC1506,10604.2,0.0,0.0,0.0,1,10605.4,10610.4,2,10672.6,11000.0,11000.0,10592.8,1231.0,2630811640.0,6711
2015-06-19 09:19:01,IC1506,IC1506,10613.4,1.0,2122680.0,0.0,1,10605.4,10613.4,10,10672.6,11000.0,11000.0,10592.8,1232.0,2632934320.0,6711
2015-06-19 09:19:01,IC1506,IC1506,10613.4,0.0,0.0,0.0,2,10608.6,10613.4,10,10672.6,11000.0,11000.0,10592.8,1232.0,2632934320.0,6711
2015-06-19 09:19:02,IC1506,IC1506,10612.2,3.0,6366360.0,0.0,1,10605.4,10613.4,10,10672.6,11000.0,11000.0,10592.8,1235.0,2639300680.0,6711
2015-06-19 09:19:02,IC1506,IC1506,10613.4,3.0,6367960.0,-1.0,1,10606.2,10613.4,8,10672.6,11000.0,11000.0,10592.8,1238.0,2645668640.0,6710
2015-06-19 09:19:03,IC1506,IC1506,10612.4,3.0,6367840.0,-3.0,2,10607.0,10613.4,6,10672.6,11000.0,11000.0,10592.8,1241.0,2652036480.0,6707
2015-06-19 09:19:03,IC1506,IC1506,10612.4,0.0,0.0,0.0,1,10607.0,10613.4,6,10672.6,11000.0,11000.0,10592.8,1241.0,2652036480.0,6707
2015-06-19 09:19:04,IC1506,IC1506,10612.4,3.0,6367840.0,0.0,1,10607.0,10613.4,4,10672.6,11000.0,11000.0,10592.8,1244.0,2658404320.0,6707
2015-06-19 09:19:04,IC1506,IC1506,10612.4,0.0,0.0,0.0,1,10608.4,10613.4,4,10672.6,11000.0,11000.0,10592.8,1244.0,2658404320.0,6707
2015-06-19 09:19:05,IC1506,IC1506,10613.4,2.0,4245360.0,-2.0,1,10607.0,10613.4,2,10672.6,11000.0,11000.0,10592.8,1246.0,2662649680.0,6705
2015-06-19 09:19:05,IC1506,IC1506,10613.4,2.0,4245360.0,-2.0,1,10613.4,10619.8,1,10672.6,11000.0,11000.0,10592.8,1248.0,2666895040.0,6703
2015-06-19 09:19:06,IC1506,IC1506,10619.8,3.0,6370760.0,-1.0,1,10613.4,10620.0,1,10672.6,11000.0,11000.0,10592.8,1251.0,2673265800.0,6702
2015-06-19 09:19:06,IC1506,IC1506,10620.0,1.0,2124000.0,0.0,5,10613.6,10631.8,3,10672.6,11000.0,11000.0,10592.8,1252.0,2675389800.0,6702
2015-06-19 09:19:07,IC1506,IC1506,10619.4,6.0,12744680.0,1.0,1,10613.6,10630.8,1,10672.6,11000.0,11000.0,10592.8,1258.0,2688134480.0,6703
2015-06-19 09:19:07,IC1506,IC1506,10619.4,0.0,0.0,0.0,1,10616.2,10623.8,2,10672.6,11000.0,11000.0,10592.8,1258.0,2688134480.0,6703
2015-06-19 09:19:08,IC1506,IC1506,10616.6,7.0,14868320.0,3.0,1,10616.2,10622.6,2,10672.6,11000.0,11000.0,10592.8,1265.0,2703002800.0,6706
2015-06-19 09:19:08,IC1506,IC1506,10616.4,3.0,6370560.0,0.0,1,10616.2,10620.2,2,10672.6,11000.0,11000.0,10592.8,1268.0,2709373360.0,6706
2015-06-19 09:19:09,IC1506,IC1506,10620.2,3.0,6372040.0,1.0,1,10616.8,10630.6,1,10672.6,11000.0,11000.0,10592.8,1271.0,2715745400.0,6707
2015-06-19 09:19:09,IC1506,IC1506,10620.2,0.0,0.0,0.0,1,10619.8,10631.0,1,10672.6,11000.0,11000.0,10592.8,1271.0,2715745400.0,6707
2015-06-19 09:19:10,IC1506,IC1506,10620.2,0.0,0.0,0.0,1,10619.8,10627.2,2,10672.6,11000.0,11000.0,10592.8,1271.0,2715745400.0,6707
2015-06-19 09:19:10,IC1506,IC1506,10620.2,1.0,2124040.0,-1.0,1,10619.8,10630.8,4,10672.6,11000.0,11000.0,10592.8,1272.0,2717869440.0,6706
2015-06-19 09:19:11,IC1506,IC1506,10620.2,0.0,0.0,0.0,1,10619.8,10628.6,2,10672.6,11000.0,11000.0,10592.8,1272.0,2717869440.0,6706
2015-06-19 09:19:11,IC1506,IC1506,10638.6,18.0,38273280.0,-1.0,1,10622.6,10639.0,1,10672.6,11000.0,11000.0,10592.8,1290.0,2756142720.0,6705
2015-06-19 09:19:12,IC1506,IC1506,10638.6,0.0,0.0,0.0,1,10622.6,10626.2,2,10672.6,11000.0,11000.0,10592.8,1290.0,2756142720.0,6705
2015-06-19 09:19:12,IC1506,IC1506,10639.0,6.0,12755640.0,-2.0,6,10622.8,10639.0,2,10672.6,11000.0,11000.0,10592.8,1296.0,2768898360.0,6703
2015-06-19 09:19:13,IC1506,IC1506,10628.6,3.0,6376400.0,2.0,1,10622.6,10636.0,1,10672.6,11000.0,11000.0,10592.8,1299.0,2775274760.0,6705
2015-06-19 09:19:13,IC1506,IC1506,10634.2,5.0,10632520.0,3.0,1,10628.6,10636.8,1,10672.6,11000.0,11000.0,10592.8,1304.0,2785907280.0,6708
2015-06-19 09:19:14,IC1506,IC1506,10628.6,3.0,6377160.0,2.0,1,10624.8,10629.8,2,10672.6,11000.0,11000.0,10592.8,1307.0,2792284440.0,6710
2015-06-19 09:19:14,IC1506,IC1506,10628.6,0.0,0.0,0.0,1,10624.8,10638.6,1,10672.6,11000.0,11000.0,10592.8,1307.0,2792284440.0,6710
2015-06-19 09:19:15,IC1506,IC1506,10628.6,0.0,0.0,0.0,1,10624.8,10633.2,2,10672.6,11000.0,11000.0,10592.8,1307.0,2792284440.0,6710
2015-06-19 09:19:15,IC1506,IC1506,10622.6,7.0,14874480.0,0.0,1,10616.0,10636.6,1,10672.6,11000.0,11000.0,10592.8,1314.0,2807158920.0,6710
2015-06-19 09:19:16,IC1506,IC1506,10622.6,1.0,2124520.0,-1.0,1,10617.0,10628.4,2,10672.6,11000.0,11000.0,10592.8,1315.0,2809283440.0,6709
2015-06-19 09:19:16,IC1506,IC1506,10627.0,2.0,4250800.0,0.0,1,10616.0,10636.6,1,10672.6,11000.0,11000.0,10592.8,1317.0,2813534240.0,6709
2015-06-19 09:19:17,IC1506,IC1506,10627.0,0.0,0.0,0.0,3,10616.2,10634.6,1,10672.6,11000.0,11000.0,10592.8,1317.0,2813534240.0,6709
2015-06-19 09:19:17,IC1506,IC1506,10627.0,0.0,0.0,0.0,1,10628.4,10632.2,2,10672.6,11000.0,11000.0,10592.8,1317.0,2813534240.0,6709
2015-06-19 09:19:18,IC1506,IC1506,10627.0,1.0,2125400.0,0.0,1,10616.0,10616.2,1,10672.6,11000.0,11000.0,10592.8,1318.0,2815659640.0,6709
2015-06-19 09:19:18,IC1506,IC1506,10616.2,2.0,4246880.0,-2.0,1,10616.2,10628.4,1,10672.6,11000.0,11000.0,10592.8,1320.0,2819906520.0,6707
2015-06-19 09:19:19,IC1506,IC1506,10628.0,3.0,6375040.0,-1.0,1,10617.4,10628.4,1,10672.6,11000.0,11000.0,10592.8,1323.0,2826281560.0,6706
2015-06-19 09:19:19,IC1506,IC1506,10620.4,6.0,12740920.0,-2.0,1,10616.2,10627.8,2,10672.6,11000.0,11000.0,10592.8,1329.0,2839022480.0,6704
2015-06-19 09:19:20,IC1506,IC1506,10616.2,1.0,2123240.0,-1.0,1,10617.4,10624.8,2,10672.6,11000.0,11000.0,10592.8,1330.0,2841145720.0,6703
2015-06-19 09:19:20,IC1506,IC1506,10617.4,1.0,2123480.0,0.0,1,10613.6,10627.8,1,10672.6,11000.0,11000.0,10592.8,1331.0,2843269200.0,6703
2015-06-19 09:19:21,IC1506,IC1506,10617.4,0.0,0.0,0.0,1,10613.6,10626.6,1,10672.6,11000.0,11000.0,10592.8,1331.0,2843269200.0,6703
2015-06-19 09:19:21,IC1506,IC1506,10622.0,2.0,4248800.0,-2.0,1,10613.6,10626.0,1,10672.6,11000.0,11000.0,10592.8,1333.0,2847518000.0,6701
2015-06-19 09:19:22,IC1506,IC1506,10623.2,2.0,4249560.0,0.0,1,10613.6,10626.6,1,10672.6,11000.0,11000.0,10592.8,1335.0,2851767560.0,6701
2015-06-19 09:19:22,IC1506,IC1506,10623.2,0.0,0.0,0.0,1,10613.6,10625.4,1,10672.6,11000.0,11000.0,10592.8,1335.0,2851767560.0,6701
2015-06-19 09:19:23,IC1506,IC1506,10623.8,1.0,2124760.0,1.0,2,10613.6,10624.8,1,10672.6,11000.0,11000.0,10592.8,1336.0,2853892320.0,6702
2015-06-19 09:19:23,IC1506,IC1506,10623.8,0.0,0.0,0.0,1,10620.0,10624.2,1,10672.6,11000.0,11000.0,10592.8,1336.0,2853892320.0,6702
2015-06-19 09:19:24,IC1506,IC1506,10620.0,1.0,2124000.0,0.0,1,10613.8,10623.0,1,10672.6,11000.0,11000.0,10592.8,1337.0,2856016320.0,6702
2015-06-19 09:19:24,IC1506,IC1506,10619.4,1.0,2123880.0,-1.0,1,10613.8,10622.6,2,10672.6,11000.0,11000.0,10592.8,1338.0,2858140200.0,6701
2015-06-19 09:19:25,IC1506,IC1506,10622.2,1.0,2124440.0,0.0,1,10614.0,10622.2,1,10672.6,11000.0,11000.0,10592.8,1339.0,2860264640.0,6701
2015-06-19 09:19:25,IC1506,IC1506,10622.2,0.0,0.0,0.0,2,10613.6,10621.8,1,10672.6,11000.0,11000.0,10592.8,1339.0,2860264640.0,6701
2015-06-19 09:19:26,IC1506,IC1506,10622.2,0.0,0.0,0.0,2,10621.4,10621.8,1,10672.6,11000.0,11000.0,10592.8,1339.0,2860264640.0,6701
2015-06-19 09:19:26,IC1506,IC1506,10623.0,3.0,6373520.0,-2.0,1,10621.6,10624.8,1,10672.6,11000.0,11000.0,10592.8,1342.0,2866638160.0,6699
2015-06-19 09:19:27,IC1506,IC1506,10623.0,0.0,0.0,0.0,1,10622.2,10624.8,1,10672.6,11000.0,11000.0,10592.8,1342.0,2866638160.0,6699
2015-06-19 09:19:27,IC1506,IC1506,10620.0,5.0,10621160.0,-5.0,2,10613.6,10624.8,1,10672.6,11000.0,11000.0,10592.8,1347.0,2877259320.0,6694
2015-06-19 09:19:28,IC1506,IC1506,10621.6,1.0,2124320.0,0.0,2,10613.6,10624.8,1,10672.6,11000.0,11000.0,10592.8,1348.0,2879383640.0,6694
2015-06-19 09:19:28,IC1506,IC1506,10618.4,2.0,4247360.0,-2.0,1,10614.8,10623.8,1,10672.6,11000.0,11000.0,10592.8,1350.0,2883631000.0,6692
2015-06-19 09:19:29,IC1506,IC1506,10623.6,5.0,10623080.0,5.0,2,10620.6,10623.8,1,10672.6,11000.0,11000.0,10592.8,1355.0,2894254080.0,6697
2015-06-19 09:19:29,IC1506,IC1506,10623.6,1.0,2124720.0,0.0,1,10616.2,10620.6,1,10672.6,11000.0,11000.0,10592.8,1356.0,2896378800.0,6697
2015-06-19 09:19:30,IC1506,IC1506,10623.6,0.0,0.0,0.0,1,10616.8,10620.4,1,10672.6,11000.0,11000.0,10592.8,1356.0,2896378800.0,6697
2015-06-19 09:19:30,IC1506,IC1506,10623.6,1.0,2124720.0,0.0,1,10616.2,10622.2,1,10672.6,11000.0,11000.0,10592.8,1357.0,2898503520.0,6697
2015-06-19 09:19:31,IC1506,IC1506,10623.6,0.0,0.0,0.0,1,10616.4,10622.2,3,10672.6,11000.0,11000.0,10592.8,1357.0,2898503520.0,6697
2015-06-19 09:19:32,IC1506,IC1506,10616.4,1.0,2123280.0,0.0,1,10616.2,10622.2,3,10672.6,11000.0,11000.0,10592.8,1358.0,2900626800.0,6697
2015-06-19 09:19:32,IC1506,IC1506,10616.4,0.0,0.0,0.0,1,10616.2,10621.2,1,10672.6,11000.0,11000.0,10592.8,1358.0,2900626800.0,6697
2015-06-19 09:19:33,IC1506,IC1506,10616.2,2.0,4246480.0,0.0,1,10615.0,10619.8,1,10672.6,11000.0,11000.0,10592.8,1360.0,2904873280.0,6697
2015-06-19 09:19:34,IC1506,IC1506,10615.0,1.0,2123000.0,1.0,2,10613.6,10616.2,1,10672.6,11000.0,11000.0,10592.8,1361.0,2906996280.0,6698
2015-06-19 09:19:35,IC1506,IC1506,10616.2,1.0,2123240.0,0.0,2,10613.6,10618.4,1,10672.6,11000.0,11000.0,10592.8,1362.0,2909119520.0,6698
2015-06-19 09:19:35,IC1506,IC1506,10617.2,2.0,4246240.0,0.0,2,10613.6,10617.6,1,10672.6,11000.0,11000.0,10592.8,1364.0,2913365760.0,6698
2015-06-19 09:19:36,IC1506,IC1506,10615.8,2.0,4245880.0,0.0,1,10613.6,10617.6,1,10672.6,11000.0,11000.0,10592.8,1366.0,2917611640.0,6698
2015-06-19 09:19:37,IC1506,IC1506,10613.6,1.0,2122720.0,0.0,1,10611.8,10613.6,1,10672.6,11000.0,11000.0,10592.8,1367.0,2919734360.0,6698
2015-06-19 09:19:37,IC1506,IC1506,10611.8,2.0,4244720.0,1.0,1,10611.4,10611.6,1,10672.6,11000.0,11000.0,10592.8,1369.0,2923979080.0,6699
2015-06-19 09:19:38,IC1506,IC1506,10611.8,4.0,8489200.0,-1.0,1,10605.4,10611.4,1,10672.6,11000.0,11000.0,10592.8,1373.0,2932468280.0,6698
2015-06-19 09:19:38,IC1506,IC1506,10611.6,1.0,2122320.0,0.0,1,10605.4,10610.2,1,10672.6,11000.0,11000.0,10592.8,1374.0,2934590600.0,6698
2015-06-19 09:19:39,IC1506,IC1506,10611.6,4.0,8488760.0,0.0,2,10610.2,10613.6,1,10672.6,11000.0,11000.0,10592.8,1378.0,2943079360.0,6698
2015-06-19 09:19:39,IC1506,IC1506,10613.6,3.0,6367120.0,-1.0,2,10610.2,10614.4,1,10672.6,11000.0,11000.0,10592.8,1381.0,2949446480.0,6697
2015-06-19 09:19:40,IC1506,IC1506,10612.6,6.0,12733640.0,1.0,2,10601.0,10614.0,1,10672.6,11000.0,11000.0,10592.8,1387.0,2962180120.0,6698
2015-06-19 09:19:40,IC1506,IC1506,10612.6,0.0,0.0,0.0,1,10607.2,10616.8,1,10672.6,11000.0,11000.0,10592.8,1387.0,2962180120.0,6698
2015-06-19 09:19:41,IC1506,IC1506,10611.6,1.0,2122320.0,-1.0,1,10608.8,10616.8,3,10672.6,11000.0,11000.0,10592.8,1388.0,2964302440.0,6697
2015-06-19 09:19:42,IC1506,IC1506,10611.6,0.0,0.0,0.0,2,10612.6,10614.8,2,10672.6,11000.0,11000.0,10592.8,1388.0,2964302440.0,6697
2015-06-19 09:19:42,IC1506,IC1506,10614.8,2.0,4245920.0,1.0,1,10608.8,10616.8,2,10672.6,11000.0,11000.0,10592.8,1390.0,2968548360.0,6698
2015-06-19 09:19:43,IC1506,IC1506,10614.8,0.0,0.0,0.0,1,10614.0,10616.8,1,10672.6,11000.0,11000.0,10592.8,1390.0,2968548360.0,6698
2015-06-19 09:19:43,IC1506,IC1506,10614.0,2.0,4245600.0,1.0,1,10609.6,10616.0,1,10672.6,11000.0,11000.0,10592.8,1392.0,2972793960.0,6699
2015-06-19 09:19:44,IC1506,IC1506,10614.0,0.0,0.0,0.0,1,10609.6,10616.8,1,10672.6,11000.0,11000.0,10592.8,1392.0,2972793960.0,6699
2015-06-19 09:19:44,IC1506,IC1506,10612.8,3.0,6367680.0,1.0,1,10609.6,10615.8,1,10672.6,11000.0,11000.0,10592.8,1395.0,2979161640.0,6700
2015-06-19 09:19:45,IC1506,IC1506,10612.8,0.0,0.0,0.0,2,10614.4,10616.8,1,10672.6,11000.0,11000.0,10592.8,1395.0,2979161640.0,6700
2015-06-19 09:19:45,IC1506,IC1506,10615.6,1.0,2123120.0,0.0,1,10610.2,10616.8,1,10672.6,11000.0,11000.0,10592.8,1396.0,2981284760.0,6700
2015-06-19 09:19:46,IC1506,IC1506,10615.6,2.0,4246240.0,0.0,1,10615.0,10616.8,1,10672.6,11000.0,11000.0,10592.8,1398.0,2985531000.0,6700
2015-06-19 09:19:47,IC1506,IC1506,10615.0,1.0,2123000.0,1.0,1,10610.2,10616.8,1,10672.6,11000.0,11000.0,10592.8,1399.0,2987654000.0,6701
2015-06-19 09:19:47,IC1506,IC1506,10616.8,2.0,4246640.0,2.0,2,10612.6,10619.2,1,10672.6,11000.0,11000.0,10592.8,1401.0,2991900640.0,6703
2015-06-19 09:19:48,IC1506,IC1506,10616.8,0.0,0.0,0.0,1,10611.4,10619.2,1,10672.6,11000.0,11000.0,10592.8,1401.0,2991900640.0,6703
2015-06-19 09:19:48,IC1506,IC1506,10616.8,0.0,0.0,0.0,1,10611.6,10619.2,1,10672.6,11000.0,11000.0,10592.8,1401.0,2991900640.0,6703
2015-06-19 09:19:49,IC1506,IC1506,10616.8,0.0,0.0,0.0,1,10611.6,10619.0,2,10672.6,11000.0,11000.0,10592.8,1401.0,2991900640.0,6703
2015-06-19 09:19:49,IC1506,IC1506,10616.8,0.0,0.0,0.0,1,10614.0,10619.0,2,10672.6,11000.0,11000.0,10592.8,1401.0,2991900640.0,6703
2015-06-19 09:19:50,IC1506,IC1506,10618.0,2.0,4246520.0,0.0,1,10612.2,10618.8,1,10672.6,11000.0,11000.0,10592.8,1403.0,2996147160.0,6703
2015-06-19 09:19:50,IC1506,IC1506,10618.0,0.0,0.0,0.0,1,10612.2,10619.8,1,10672.6,11000.0,11000.0,10592.8,1403.0,2996147160.0,6703
2015-06-19 09:19:51,IC1506,IC1506,10613.0,2.0,4245200.0,0.0,1,10612.2,10614.4,2,10672.6,11000.0,11000.0,10592.8,1405.0,3000392360.0,6703
2015-06-19 09:19:51,IC1506,IC1506,10613.0,0.0,0.0,0.0,1,10612.2,10614.2,2,10672.6,11000.0,11000.0,10592.8,1405.0,3000392360.0,6703
2015-06-19 09:19:52,IC1506,IC1506,10613.0,0.0,0.0,0.0,1,10612.2,10616.2,1,10672.6,11000.0,11000.0,10592.8,1405.0,3000392360.0,6703
2015-06-19 09:19:52,IC1506,IC1506,10613.0,0.0,0.0,0.0,1,10612.2,10613.0,3,10672.6,11000.0,11000.0,10592.8,1405.0,3000392360.0,6703
2015-06-19 09:19:53,IC1506,IC1506,10612.2,1.0,2122440.0,0.0,1,10610.2,10612.0,1,10672.6,11000.0,11000.0,10592.8,1406.0,3002514800.0,6703
2015-06-19 09:19:54,IC1506,IC1506,10612.2,0.0,0.0,0.0,4,10610.0,10610.6,2,10672.6,11000.0,11000.0,10592.8,1406.0,3002514800.0,6703
2015-06-19 09:19:54,IC1506,IC1506,10610.2,4.0,8488320.0,0.0,4,10610.2,10610.8,2,10672.6,11000.0,11000.0,10592.8,1410.0,3011003120.0,6703
2015-06-19 09:19:55,IC1506,IC1506,10610.8,2.0,4244320.0,2.0,4,10610.0,10612.2,1,10672.6,11000.0,11000.0,10592.8,1412.0,3015247440.0,6705
2015-06-19 09:19:55,IC1506,IC1506,10610.2,13.0,27588360.0,-11.0,4,10610.0,10610.2,1,10672.6,11000.0,11000.0,10592.8,1425.0,3042835800.0,6694
2015-06-19 09:19:56,IC1506,IC1506,10610.2,1.0,2122040.0,-1.0,1,10612.0,10613.0,3,10672.6,11000.0,11000.0,10592.8,1426.0,3044957840.0,6693
2015-06-19 09:19:56,IC1506,IC1506,10613.0,4.0,8490400.0,1.0,1,10613.2,10618.0,1,10672.6,11000.0,11000.0,10592.8,1430.0,3053448240.0,6694
2015-06-19 09:19:57,IC1506,IC1506,10613.0,1.0,2122600.0,0.0,2,10613.8,10618.0,1,10672.6,11000.0,11000.0,10592.8,1431.0,3055570840.0,6694
2015-06-19 09:19:57,IC1506,IC1506,10615.4,2.0,4246160.0,-2.0,1,10612.0,10616.8,2,10672.6,11000.0,11000.0,10592.8,1433.0,3059817000.0,6692
2015-06-19 09:19:58,IC1506,IC1506,10615.4,0.0,0.0,0.0,2,10612.0,10618.0,1,10672.6,11000.0,11000.0,10592.8,1433.0,3059817000.0,6692
2015-06-19 09:19:58,IC1506,IC1506,10615.4,0.0,0.0,0.0,2,10612.0,10616.6,2,10672.6,11000.0,11000.0,10592.8,1433.0,3059817000.0,6692
2015-06-19 09:19:59,IC1506,IC1506,10615.4,0.0,0.0,0.0,1,10613.0,10616.6,2,10672.6,11000.0,11000.0,10592.8,1433.0,3059817000.0,6692
2015-06-19 09:19:59,IC1506,IC1506,10615.4,0.0,0.0,0.0,1,10613.0,10618.0,1,10672.6,11000.0,11000.0,10592.8,1433.0,3059817000.0,6692
2015-06-19 09:20:00,IC1506,IC1506,10615.4,0.0,0.0,0.0,1,10613.0,10615.6,2,10672.6,11000.0,11000.0,10592.8,1433.0,3059817000.0,6692
2015-06-19 09:20:00,IC1506,IC1506,10615.4,1.0,2123080.0,0.0,1,10613.0,10614.2,1,10672.6,11000.0,11000.0,10592.8,1434.0,3061940080.0,6692
2015-06-19 09:20:01,IC1506,IC1506,10614.0,1.0,2122800.0,-1.0,1,10613.0,10614.2,1,10672.6,11000.0,11000.0,10592.8,1435.0,3064062880.0,6691
2015-06-19 09:20:01,IC1506,IC1506,10614.0,0.0,0.0,0.0,1,10614.4,10618.0,1,10672.6,11000.0,11000.0,10592.8,1435.0,3064062880.0,6691
2015-06-19 09:20:02,IC1506,IC1506,10614.4,2.0,4245760.0,2.0,1,10613.0,10617.8,8,10672.6,11000.0,11000.0,10592.8,1437.0,3068308640.0,6693
2015-06-19 09:20:02,IC1506,IC1506,10613.8,1.0,2122760.0,-1.0,1,10613.0,10618.0,1,10672.6,11000.0,11000.0,10592.8,1438.0,3070431400.0,6692
2015-06-19 09:20:03,IC1506,IC1506,10613.8,0.0,0.0,0.0,1,10613.2,10618.0,1,10672.6,11000.0,11000.0,10592.8,1438.0,3070431400.0,6692
2015-06-19 09:20:04,IC1506,IC1506,10628.4,7.0,14869400.0,-4.0,1,10613.2,10629.0,1,10672.6,11000.0,11000.0,10592.8,1445.0,3085300800.0,6688
2015-06-19 09:20:04,IC1506,IC1506,10628.4,0.0,0.0,0.0,1,10616.6,10621.2,1,10672.6,11000.0,11000.0,10592.8,1445.0,3085300800.0,6688
2015-06-19 09:20:05,IC1506,IC1506,10628.4,0.0,0.0,0.0,1,10621.2,10625.0,1,10672.6,11000.0,11000.0,10592.8,1445.0,3085300800.0,6688
2015-06-19 09:20:05,IC1506,IC1506,10628.4,0.0,0.0,0.0,1,10621.2,10624.8,4,10672.6,11000.0,11000.0,10592.8,1445.0,3085300800.0,6688
2015-06-19 09:20:06,IC1506,IC1506,10621.2,1.0,2124240.0,0.0,1,10618.6,10625.0,1,10672.6,11000.0,11000.0,10592.8,1446.0,3087425040.0,6688
2015-06-19 09:20:07,IC1506,IC1506,10621.2,0.0,0.0,0.0,3,10618.0,10625.0,1,10672.6,11000.0,11000.0,10592.8,1446.0,3087425040.0,6688
2015-06-19 09:20:08,IC1506,IC1506,10618.8,4.0,8496600.0,0.0,3,10618.0,10627.2,1,10672.6,11000.0,11000.0,10592.8,1450.0,3095921640.0,6688
2015-06-19 09:20:08,IC1506,IC1506,10618.0,2.0,4247200.0,-2.0,1,10618.2,10627.2,1,10672.6,11000.0,11000.0,10592.8,1452.0,3100168840.0,6686
2015-06-19 09:20:09,IC1506,IC1506,10625.6,1.0,2125120.0,0.0,1,10618.2,10627.2,2,10672.6,11000.0,11000.0,10592.8,1453.0,3102293960.0,6686
2015-06-19 09:20:09,IC1506,IC1506,10627.2,1.0,2125440.0,0.0,1,10625.0,10629.0,3,10672.6,11000.0,11000.0,10592.8,1454.0,3104419400.0,6686
2015-06-19 09:20:10,IC1506,IC1506,10625.4,1.0,2125080.0,1.0,1,10625.0,10628.4,1,10672.6,11000.0,11000.0,10592.8,1455.0,3106544480.0,6687
2015-06-19 09:20:10,IC1506,IC1506,10626.0,1.0,2125200.0,0.0,1,10625.0,10628.6,1,10672.6,11000.0,11000.0,10592.8,1456.0,3108669680.0,6687
2015-06-19 09:20:11,IC1506,IC1506,10627.6,1.0,2125520.0,0.0,1,10625.0,10629.0,3,10672.6,11000.0,11000.0,10592.8,1457.0,3110795200.0,6687
2015-06-19 09:20:11,IC1506,IC1506,10628.4,1.0,2125680.0,-1.0,1,10625.0,10629.0,1,10672.6,11000.0,11000.0,10592.8,1458.0,3112920880.0,6686
2015-06-19 09:20:12,IC1506,IC1506,10627.4,1.0,2125480.0,0.0,1,10627.2,10629.0,1,10672.6,11000.0,11000.0,10592.8,1459.0,3115046360.0,6686
2015-06-19 09:20:12,IC1506,IC1506,10629.0,1.0,2125800.0,0.0,1,10627.2,10633.8,1,10672.6,11000.0,11000.0,10592.8,1460.0,3117172160.0,6686
2015-06-19 09:20:13,IC1506,IC1506,10629.0,0.0,0.0,0.0,1,10627.2,10633.8,3,10672.6,11000.0,11000.0,10592.8,1460.0,3117172160.0,6686
2015-06-19 09:20:13,IC1506,IC1506,10620.0,4.0,8499680.0,3.0,1,10618.0,10625.2,1,10672.6,11000.0,11000.0,10592.8,1464.0,3125671840.0,6689
2015-06-19 09:20:14,IC1506,IC1506,10620.0,0.0,0.0,0.0,2,10618.0,10625.2,1,10672.6,11000.0,11000.0,10592.8,1464.0,3125671840.0,6689
2015-06-19 09:20:14,IC1506,IC1506,10625.2,1.0,2125040.0,0.0,1,10629.0,10633.8,1,10672.6,11000.0,11000.0,10592.8,1465.0,3127796880.0,6689
2015-06-19 09:20:15,IC1506,IC1506,10629.0,1.0,2125800.0,0.0,1,10629.0,10633.6,8,10672.6,11000.0,11000.0,10592.8,1466.0,3129922680.0,6689
2015-06-19 09:20:15,IC1506,IC1506,10629.0,2.0,4251600.0,2.0,1,10619.4,10630.4,1,10672.6,11000.0,11000.0,10592.8,1468.0,3134174280.0,6691
2015-06-19 09:20:16,IC1506,IC1506,10629.0,0.0,0.0,0.0,1,10619.4,10630.0,2,10672.6,11000.0,11000.0,10592.8,1468.0,3134174280.0,6691
2015-06-19 09:20:16,IC1506,IC1506,10629.0,2.0,4251600.0,0.0,1,10621.8,10627.2,1,10672.6,11000.0,11000.0,10592.8,1470.0,3138425880.0,6691
2015-06-19 09:20:17,IC1506,IC1506,10627.2,2.0,4250880.0,0.0,1,10620.6,10629.0,1,10672.6,11000.0,11000.0,10592.8,1472.0,3142676760.0,6691
2015-06-19 09:20:17,IC1506,IC1506,10629.0,3.0,6377320.0,0.0,2,10629.4,10630.0,2,10672.6,11000.0,11000.0,10592.8,1475.0,3149054080.0,6691
2015-06-19 09:20:18,IC1506,IC1506,10629.0,0.0,0.0,0.0,1,10624.8,10627.6,2,10672.6,11000.0,11000.0,10592.8,1475.0,3149054080.0,6691
2015-06-19 09:20:18,IC1506,IC1506,10625.4,3.0,6376680.0,0.0,1,10625.0,10629.0,2,10672.6,11000.0,11000.0,10592.8,1478.0,3155430760.0,6691
2015-06-19 09:20:19,IC1506,IC1506,10629.0,1.0,2125800.0,0.0,1,10626.2,10629.0,1,10672.6,11000.0,11000.0,10592.8,1479.0,3157556560.0,6691
2015-06-19 09:20:19,IC1506,IC1506,10629.0,0.0,0.0,0.0,1,10623.6,10625.0,1,10672.6,11000.0,11000.0,10592.8,1479.0,3157556560.0,6691
2015-06-19 09:20:20,IC1506,IC1506,10626.0,1.0,2125200.0,0.0,6,10625.0,10626.4,2,10672.6,11000.0,11000.0,10592.8,1480.0,3159681760.0,6691
2015-06-19 09:20:20,IC1506,IC1506,10625.0,1.0,2125000.0,-1.0,5,10625.0,10629.0,1,10672.6,11000.0,11000.0,10592.8,1481.0,3161806760.0,6690
2015-06-19 09:20:21,IC1506,IC1506,10628.0,1.0,2125600.0,0.0,1,10626.4,10627.6,2,10672.6,11000.0,11000.0,10592.8,1482.0,3163932360.0,6690
2015-06-19 09:20:21,IC1506,IC1506,10625.0,2.0,4250280.0,-1.0,4,10625.0,10629.0,1,10672.6,11000.0,11000.0,10592.8,1484.0,3168182640.0,6689
2015-06-19 09:20:22,IC1506,IC1506,10625.0,0.0,0.0,0.0,2,10626.2,10629.0,1,10672.6,11000.0,11000.0,10592.8,1484.0,3168182640.0,6689
2015-06-19 09:20:22,IC1506,IC1506,10625.0,0.0,0.0,0.0,4,10625.0,10626.4,2,10672.6,11000.0,11000.0,10592.8,1484.0,3168182640.0,6689
2015-06-19 09:20:23,IC1506,IC1506,10626.4,2.0,4250560.0,0.0,4,10625.0,10629.0,1,10672.6,11000.0,11000.0,10592.8,1486.0,3172433200.0,6689
2015-06-19 09:20:23,IC1506,IC1506,10626.4,0.0,0.0,0.0,4,10625.0,10629.0,2,10672.6,11000.0,11000.0,10592.8,1486.0,3172433200.0,6689
2015-06-19 09:20:25,IC1506,IC1506,10626.4,0.0,0.0,0.0,4,10625.0,10629.0,1,10672.6,11000.0,11000.0,10592.8,1486.0,3172433200.0,6689
2015-06-19 09:20:26,IC1506,IC1506,10629.0,1.0,2125800.0,0.0,1,10625.2,10630.0,5,10672.6,11000.0,11000.0,10592.8,1487.0,3174559000.0,6689
2015-06-19 09:20:27,IC1506,IC1506,10629.0,0.0,0.0,0.0,1,10627.2,10630.0,5,10672.6,11000.0,11000.0,10592.8,1487.0,3174559000.0,6689
2015-06-19 09:20:27,IC1506,IC1506,10627.4,2.0,4251480.0,-2.0,1,10627.2,10630.0,4,10672.6,11000.0,11000.0,10592.8,1489.0,3178810480.0,6687
2015-06-19 09:20:28,IC1506,IC1506,10630.0,1.0,2126000.0,-1.0,1,10627.6,10630.0,3,10672.6,11000.0,11000.0,10592.8,1490.0,3180936480.0,6686
2015-06-19 09:20:29,IC1506,IC1506,10630.0,1.0,2126000.0,-1.0,1,10627.2,10630.0,2,10672.6,11000.0,11000.0,10592.8,1491.0,3183062480.0,6685
2015-06-19 09:20:29,IC1506,IC1506,10627.4,1.0,2125480.0,0.0,1,10627.2,10630.0,2,10672.6,11000.0,11000.0,10592.8,1492.0,3185187960.0,6685
2015-06-19 09:20:30,IC1506,IC1506,10630.0,2.0,4252000.0,-2.0,1,10630.0,10633.0,1,10672.6,11000.0,11000.0,10592.8,1494.0,3189439960.0,6683
2015-06-19 09:20:31,IC1506,IC1506,10633.0,1.0,2126600.0,-1.0,2,10630.0,10633.8,1,10672.6,11000.0,11000.0,10592.8,1495.0,3191566560.0,6682
2015-06-19 09:20:31,IC1506,IC1506,10638.6,4.0,8507320.0,-3.0,2,10630.0,10638.8,2,10672.6,11000.0,11000.0,10592.8,1499.0,3200073880.0,6679
2015-06-19 09:20:32,IC1506,IC1506,10638.8,3.0,6383280.0,-1.0,1,10633.6,10639.6,2,10672.6,11000.0,11000.0,10592.8,1502.0,3206457160.0,6678
2015-06-19 09:20:32,IC1506,IC1506,10639.6,1.0,2127920.0,-1.0,3,10633.6,10639.6,1,10672.6,11000.0,11000.0,10592.8,1503.0,3208585080.0,6677
2015-06-19 09:20:33,IC1506,IC1506,10635.6,2.0,4254560.0,-1.0,4,10633.6,10639.6,1,10672.6,11000.0,11000.0,10592.8,1505.0,3212839640.0,6676
2015-06-19 09:20:33,IC1506,IC1506,10639.6,1.0,2127920.0,-1.0,1,10635.8,10640.0,1,10672.6,11000.0,11000.0,10592.8,1506.0,3214967560.0,6675
2015-06-19 09:20:34,IC1506,IC1506,10640.0,1.0,2128000.0,0.0,7,10633.6,10641.8,1,10672.6,11000.0,11000.0,10592.8,1507.0,3217095560.0,6675
2015-06-19 09:20:34,IC1506,IC1506,10635.0,6.0,12763800.0,1.0,7,10633.6,10641.8,1,10672.6,11000.0,11000.0,10592.8,1513.0,3229859360.0,6676
2015-06-19 09:20:35,IC1506,IC1506,10640.4,2.0,4256160.0,-2.0,1,10637.4,10641.8,1,10672.6,11000.0,11000.0,10592.8,1515.0,3234115520.0,6674
2015-06-19 09:20:35,IC1506,IC1506,10641.2,6.0,12763120.0,-4.0,4,10633.6,10641.8,1,10672.6,11000.0,11000.0,10592.8,1521.0,3246878640.0,6670
2015-06-19 09:20:36,IC1506,IC1506,10641.4,1.0,2128280.0,1.0,1,10641.2,10641.8,1,10672.6,11000.0,11000.0,10592.8,1522.0,3249006920.0,6671
2015-06-19 09:20:36,IC1506,IC1506,10641.2,1.0,2128240.0,0.0,1,10634.6,10638.4,2,10672.6,11000.0,11000.0,10592.8,1523.0,3251135160.0,6671
2015-06-19 09:20:37,IC1506,IC1506,10641.8,2.0,4256720.0,-2.0,1,10635.0,10643.0,1,10672.6,11000.0,11000.0,10592.8,1525.0,3255391880.0,6669
2015-06-19 09:20:37,IC1506,IC1506,10643.0,3.0,6385320.0,-3.0,1,10637.6,10648.0,4,10672.6,11000.0,11000.0,10592.8,1528.0,3261777200.0,6666
2015-06-19 09:20:38,IC1506,IC1506,10643.0,3.0,6385800.0,3.0,1,10634.6,10648.0,4,10672.6,11000.0,11000.0,10592.8,1531.0,3268163000.0,6669
2015-06-19 09:20:38,IC1506,IC1506,10648.0,18.0,38328040.0,-12.0,23,10648.0,10648.4,8,10672.6,11000.0,11000.0,10592.8,1549.0,3306491040.0,6657
2015-06-19 09:20:39,IC1506,IC1506,10648.4,11.0,23425760.0,-2.0,14,10648.0,10648.4,6,10672.6,11000.0,11000.0,10592.8,1560.0,3329916800.0,6655
2015-06-19 09:20:39,IC1506,IC1506,10648.0,2.0,4259280.0,0.0,13,10648.0,10648.4,5,10672.6,11000.0,11000.0,10592.8,1562.0,3334176080.0,6655
2015-06-19 09:20:40,IC1506,IC1506,10648.0,3.0,6388960.0,1.0,12,10648.0,10648.4,3,10672.6,11000.0,11000.0,10592.8,1565.0,3340565040.0,6656
2015-06-19 09:20:41,IC1506,IC1506,10648.4,4.0,8518720.0,0.0,1,10648.4,10648.8,1,10672.6,11000.0,11000.0,10592.8,1569.0,3349083760.0,6656
2015-06-19 09:20:41,IC1506,IC1506,10648.4,3.0,6389440.0,-1.0,1,10648.4,10655.0,1,10672.6,11000.0,11000.0,10592.8,1572.0,3355473200.0,6655
2015-06-19 09:20:42,IC1506,IC1506,10648.0,2.0,4259280.0,0.0,11,10648.0,10653.2,1,10672.6,11000.0,11000.0,10592.8,1574.0,3359732480.0,6655
2015-06-19 09:20:42,IC1506,IC1506,10648.0,0.0,0.0,0.0,11,10648.0,10654.0,1,10672.6,11000.0,11000.0,10592.8,1574.0,3359732480.0,6655
2015-06-19 09:20:43,IC1506,IC1506,10653.8,1.0,2130760.0,-1.0,11,10648.0,10654.0,1,10672.6,11000.0,11000.0,10592.8,1575.0,3361863240.0,6654
2015-06-19 09:20:43,IC1506,IC1506,10653.8,0.0,0.0,0.0,11,10648.0,10653.8,1,10672.6,11000.0,11000.0,10592.8,1575.0,3361863240.0,6654
2015-06-19 09:20:44,IC1506,IC1506,10653.8,0.0,0.0,0.0,11,10648.0,10651.4,1,10672.6,11000.0,11000.0,10592.8,1575.0,3361863240.0,6654
2015-06-19 09:20:44,IC1506,IC1506,10651.2,9.0,19167680.0,-5.0,4,10648.0,10651.4,1,10672.6,11000.0,11000.0,10592.8,1584.0,3381030920.0,6649
2015-06-19 09:20:45,IC1506,IC1506,10648.2,4.0,8518440.0,-2.0,1,10648.0,10653.6,1,10672.6,11000.0,11000.0,10592.8,1588.0,3389549360.0,6647
2015-06-19 09:20:45,IC1506,IC1506,10648.0,3.0,6388800.0,0.0,2,10651.4,10653.6,3,10672.6,11000.0,11000.0,10592.8,1591.0,3395938160.0,6647
2015-06-19 09:20:46,IC1506,IC1506,10651.2,1.0,2130240.0,0.0,1,10651.4,10653.6,3,10672.6,11000.0,11000.0,10592.8,1592.0,3398068400.0,6647
2015-06-19 09:20:46,IC1506,IC1506,10651.4,1.0,2130280.0,0.0,1,10641.8,10651.2,3,10672.6,11000.0,11000.0,10592.8,1593.0,3400198680.0,6647
2015-06-19 09:20:47,IC1506,IC1506,10653.4,5.0,10649760.0,2.0,2,10630.0,10653.6,3,10672.6,11000.0,11000.0,10592.8,1598.0,3410848440.0,6649
2015-06-19 09:20:47,IC1506,IC1506,10653.4,0.0,0.0,0.0,1,10631.0,10652.6,1,10672.6,11000.0,11000.0,10592.8,1598.0,3410848440.0,6649
2015-06-19 09:20:48,IC1506,IC1506,10650.0,2.0,4260000.0,0.0,4,10650.0,10652.0,1,10672.6,11000.0,11000.0,10592.8,1600.0,3415108440.0,6649
2015-06-19 09:20:48,IC1506,IC1506,10650.0,1.0,2130000.0,0.0,1,10650.2,10650.4,2,10672.6,11000.0,11000.0,10592.8,1601.0,3417238440.0,6649
2015-06-19 09:20:49,IC1506,IC1506,10650.0,1.0,2130000.0,-1.0,3,10650.0,10650.2,3,10672.6,11000.0,11000.0,10592.8,1602.0,3419368440.0,6648
2015-06-19 09:20:49,IC1506,IC1506,10641.8,4.0,8518360.0,0.0,3,10631.4,10650.0,6,10672.6,11000.0,11000.0,10592.8,1606.0,3427886800.0,6648
2015-06-19 09:20:50,IC1506,IC1506,10641.4,1.0,2128280.0,0.0,1,10633.4,10644.6,1,10672.6,11000.0,11000.0,10592.8,1607.0,3430015080.0,6648
2015-06-19 09:20:50,IC1506,IC1506,10638.6,2.0,4255800.0,0.0,1,10633.4,10644.4,2,10672.6,11000.0,11000.0,10592.8,1609.0,3434270880.0,6648
2015-06-19 09:20:51,IC1506,IC1506,10634.6,5.0,10637800.0,-4.0,1,10632.0,10643.8,1,10672.6,11000.0,11000.0,10592.8,1614.0,3444908680.0,6644
2015-06-19 09:20:51,IC1506,IC1506,10634.6,0.0,0.0,0.0,1,10632.0,10643.2,1,10672.6,11000.0,11000.0,10592.8,1614.0,3444908680.0,6644
2015-06-19 09:20:52,IC1506,IC1506,10642.0,2.0,4256600.0,0.0,2,10641.8,10642.0,1,10672.6,11000.0,11000.0,10592.8,1616.0,3449165280.0,6644
2015-06-19 09:20:52,IC1506,IC1506,10642.0,2.0,4256800.0,-2.0,1,10633.0,10642.0,1,10672.6,11000.0,11000.0,10592.8,1618.0,3453422080.0,6642
2015-06-19 09:20:53,IC1506,IC1506,10641.2,1.0,2128240.0,-1.0,2,10630.0,10642.0,1,10672.6,11000.0,11000.0,10592.8,1619.0,3455550320.0,6641
2015-06-19 09:20:53,IC1506,IC1506,10641.6,2.0,4256600.0,0.0,2,10631.2,10642.0,1,10672.6,11000.0,11000.0,10592.8,1621.0,3459806920.0,6641
2015-06-19 09:20:54,IC1506,IC1506,10641.6,0.0,0.0,0.0,1,10631.2,10636.8,2,10672.6,11000.0,11000.0,10592.8,1621.0,3459806920.0,6641
2015-06-19 09:20:54,IC1506,IC1506,10633.0,5.0,10633520.0,2.0,1,10632.4,10635.2,2,10672.6,11000.0,11000.0,10592.8,1626.0,3470440440.0,6643
2015-06-19 09:20:55,IC1506,IC1506,10633.0,0.0,0.0,0.0,2,10630.0,10635.2,1,10672.6,11000.0,11000.0,10592.8,1626.0,3470440440.0,6643
2015-06-19 09:20:55,IC1506,IC1506,10633.0,0.0,0.0,0.0,2,10630.0,10635.2,2,10672.6,11000.0,11000.0,10592.8,1626.0,3470440440.0,6643
2015-06-19 09:20:56,IC1506,IC1506,10630.0,2.0,4252120.0,0.0,1,10630.0,10631.2,1,10672.6,11000.0,11000.0,10592.8,1628.0,3474692560.0,6643
2015-06-19 09:20:56,IC1506,IC1506,10631.2,6.0,12756640.0,-1.0,4,10631.2,10635.2,1,10672.6,11000.0,11000.0,10592.8,1634.0,3487449200.0,6642
2015-06-19 09:20:57,IC1506,IC1506,10631.2,5.0,10631200.0,1.0,8,10622.4,10631.8,2,10672.6,11000.0,11000.0,10592.8,1639.0,3498080400.0,6643
2015-06-19 09:20:57,IC1506,IC1506,10631.2,1.0,2126240.0,0.0,2,10625.6,10635.2,2,10672.6,11000.0,11000.0,10592.8,1640.0,3500206640.0,6643
2015-06-19 09:20:58,IC1506,IC1506,10631.2,0.0,0.0,0.0,8,10622.4,10630.4,1,10672.6,11000.0,11000.0,10592.8,1640.0,3500206640.0,6643
2015-06-19 09:20:58,IC1506,IC1506,10631.2,0.0,0.0,0.0,2,10628.0,10630.2,1,10672.6,11000.0,11000.0,10592.8,1640.0,3500206640.0,6643
2015-06-19 09:20:59,IC1506,IC1506,10629.8,2.0,4251920.0,-1.0,8,10622.4,10630.2,2,10672.6,11000.0,11000.0,10592.8,1642.0,3504458560.0,6642
2015-06-19 09:20:59,IC1506,IC1506,10630.2,1.0,2126040.0,0.0,1,10623.6,10630.2,1,10672.6,11000.0,11000.0,10592.8,1643.0,3506584600.0,6642
2015-06-19 09:21:00,IC1506,IC1506,10630.2,0.0,0.0,0.0,1,10623.6,10629.6,2,10672.6,11000.0,11000.0,10592.8,1643.0,3506584600.0,6642
2015-06-19 09:21:00,IC1506,IC1506,10630.2,0.0,0.0,0.0,1,10623.6,10629.4,1,10672.6,11000.0,11000.0,10592.8,1643.0,3506584600.0,6642
2015-06-19 09:21:01,IC1506,IC1506,10630.2,0.0,0.0,0.0,8,10622.4,10628.0,1,10672.6,11000.0,11000.0,10592.8,1643.0,3506584600.0,6642
2015-06-19 09:21:01,IC1506,IC1506,10631.8,12.0,25514720.0,-2.0,8,10633.0,10635.2,3,10672.6,11000.0,11000.0,10592.8,1655.0,3532099320.0,6640
2015-06-19 09:21:02,IC1506,IC1506,10631.8,0.0,0.0,0.0,8,10633.0,10635.0,1,10672.6,11000.0,11000.0,10592.8,1655.0,3532099320.0,6640
2015-06-19 09:21:02,IC1506,IC1506,10633.0,9.0,19139800.0,0.0,8,10622.4,10634.0,1,10672.6,11000.0,11000.0,10592.8,1664.0,3551239120.0,6640
2015-06-19 09:21:03,IC1506,IC1506,10622.8,1.0,2124560.0,1.0,8,10622.4,10622.8,1,10672.6,11000.0,11000.0,10592.8,1665.0,3553363680.0,6641
2015-06-19 09:21:03,IC1506,IC1506,10624.2,3.0,6373960.0,0.0,1,10630.0,10631.8,5,10672.6,11000.0,11000.0,10592.8,1668.0,3559737640.0,6641
2015-06-19 09:21:04,IC1506,IC1506,10622.4,5.0,10622840.0,1.0,5,10622.4,10631.8,5,10672.6,11000.0,11000.0,10592.8,1673.0,3570360480.0,6642
2015-06-19 09:21:04,IC1506,IC1506,10622.4,0.0,0.0,0.0,1,10622.8,10631.8,5,10672.6,11000.0,11000.0,10592.8,1673.0,3570360480.0,6642
2015-06-19 09:21:05,IC1506,IC1506,10628.2,3.0,6376920.0,0.0,1,10628.4,10629.6,1,10672.6,11000.0,11000.0,10592.8,1676.0,3576737400.0,6642
2015-06-19 09:21:05,IC1506,IC1506,10629.0,3.0,6377480.0,-1.0,5,10622.4,10628.0,1,10672.6,11000.0,11000.0,10592.8,1679.0,3583114880.0,6641
2015-06-19 09:21:06,IC1506,IC1506,10629.0,2.0,4251600.0,0.0,1,10629.8,10630.6,1,10672.6,11000.0,11000.0,10592.8,1681.0,3587366480.0,6641
2015-06-19 09:21:06,IC1506,IC1506,10629.0,0.0,0.0,0.0,1,10628.0,10628.8,2,10672.6,11000.0,11000.0,10592.8,1681.0,3587366480.0,6641
2015-06-19 09:21:07,IC1506,IC1506,10628.8,4.0,8502840.0,1.0,1,10629.6,10629.8,1,10672.6,11000.0,11000.0,10592.8,1685.0,3595869320.0,6642
2015-06-19 09:21:07,IC1506,IC1506,10628.2,2.0,4251400.0,1.0,5,10622.4,10629.8,1,10672.6,11000.0,11000.0,10592.8,1687.0,3600120720.0,6643
2015-06-19 09:21:08,IC1506,IC1506,10629.0,5.0,10629000.0,-2.0,1,10624.6,10628.8,1,10672.6,11000.0,11000.0,10592.8,1692.0,3610749720.0,6641
2015-06-19 09:21:08,IC1506,IC1506,10622.4,2.0,4249080.0,-2.0,4,10622.4,10624.6,1,10672.6,11000.0,11000.0,10592.8,1694.0,3614998800.0,6639
2015-06-19 09:21:09,IC1506,IC1506,10629.8,10.0,21257160.0,-1.0,8,10630.4,10630.6,1,10672.6,11000.0,11000.0,10592.8,1704.0,3636255960.0,6638
2015-06-19 09:21:09,IC1506,IC1506,10630.4,8.0,17008280.0,0.0,1,10623.2,10628.4,1,10672.6,11000.0,11000.0,10592.8,1712.0,3653264240.0,6638
2015-06-19 09:21:10,IC1506,IC1506,10623.6,1.0,2124720.0,1.0,1,10623.2,10627.8,1,10672.6,11000.0,11000.0,10592.8,1713.0,3655388960.0,6639
2015-06-19 09:21:10,IC1506,IC1506,10622.4,1.0,2124480.0,0.0,4,10622.4,10623.2,2,10672.6,11000.0,11000.0,10592.8,1714.0,3657513440.0,6639
2015-06-19 09:21:11,IC1506,IC1506,10623.2,3.0,6373920.0,-1.0,4,10622.4,10628.4,1,10672.6,11000.0,11000.0,10592.8,1717.0,3663887360.0,6638
2015-06-19 09:21:11,IC1506,IC1506,10628.4,1.0,2125680.0,0.0,2,10624.8,10629.2,20,10672.6,11000.0,11000.0,10592.8,1718.0,3666013040.0,6638
2015-06-19 09:21:12,IC1506,IC1506,10625.0,7.0,14875280.0,-3.0,2,10623.6,10628.6,1,10672.6,11000.0,11000.0,10592.8,1725.0,3680888320.0,6635
2015-06-19 09:21:12,IC1506,IC1506,10624.4,2.0,4249760.0,0.0,1,10623.6,10624.8,6,10672.6,11000.0,11000.0,10592.8,1727.0,3685138080.0,6635
2015-06-19 09:21:13,IC1506,IC1506,10623.8,14.0,29748400.0,3.0,1,10623.6,10624.8,2,10672.6,11000.0,11000.0,10592.8,1741.0,3714886480.0,6638
2015-06-19 09:21:13,IC1506,IC1506,10624.8,3.0,6374880.0,0.0,1,10623.6,10629.2,20,10672.6,11000.0,11000.0,10592.8,1744.0,3721261360.0,6638
2015-06-19 09:21:14,IC1506,IC1506,10624.8,0.0,0.0,0.0,1,10624.0,10628.0,1,10672.6,11000.0,11000.0,10592.8,1744.0,3721261360.0,6638
2015-06-19 09:21:14,IC1506,IC1506,10628.0,3.0,6376800.0,1.0,1,10623.6,10629.2,20,10672.6,11000.0,11000.0,10592.8,1747.0,3727638160.0,6639
2015-06-19 09:21:15,IC1506,IC1506,10629.2,1.0,2125840.0,1.0,1,10623.6,10629.2,19,10672.6,11000.0,11000.0,10592.8,1748.0,3729764000.0,6640
2015-06-19 09:21:16,IC1506,IC1506,10629.2,6.0,12755040.0,3.0,1,10623.6,10629.2,13,10672.6,11000.0,11000.0,10592.8,1754.0,3742519040.0,6643
2015-06-19 09:21:17,IC1506,IC1506,10629.2,4.0,8502080.0,0.0,1,10624.4,10629.2,11,10672.6,11000.0,11000.0,10592.8,1758.0,3751021120.0,6643
2015-06-19 09:21:17,IC1506,IC1506,10629.2,1.0,2125840.0,-1.0,2,10623.6,10629.2,11,10672.6,11000.0,11000.0,10592.8,1759.0,3753146960.0,6642
2015-06-19 09:21:18,IC1506,IC1506,10629.2,1.0,2125840.0,0.0,1,10624.0,10629.2,13,10672.6,11000.0,11000.0,10592.8,1760.0,3755272800.0,6642
2015-06-19 09:21:18,IC1506,IC1506,10626.2,4.0,8499480.0,-2.0,3,10622.4,10629.2,13,10672.6,11000.0,11000.0,10592.8,1764.0,3763772280.0,6640
2015-06-19 09:21:19,IC1506,IC1506,10626.2,0.0,0.0,0.0,3,10622.4,10629.0,8,10672.6,11000.0,11000.0,10592.8,1764.0,3763772280.0,6640
2015-06-19 09:21:19,IC1506,IC1506,10622.4,3.0,6373440.0,-3.0,2,10622.0,10629.0,1,10672.6,11000.0,11000.0,10592.8,1767.0,3770145720.0,6637
2015-06-19 09:21:20,IC1506,IC1506,10622.0,2.0,4248800.0,2.0,1,10620.8,10622.4,1,10672.6,11000.0,11000.0,10592.8,1769.0,3774394520.0,6639
2015-06-19 09:21:21,IC1506,IC1506,10622.2,2.0,4248880.0,0.0,1,10620.8,10622.4,1,10672.6,11000.0,11000.0,10592.8,1771.0,3778643400.0,6639
2015-06-19 09:21:21,IC1506,IC1506,10620.8,1.0,2124160.0,-1.0,1,10618.0,10622.4,1,10672.6,11000.0,11000.0,10592.8,1772.0,3780767560.0,6638
2015-06-19 09:21:22,IC1506,IC1506,10622.4,1.0,2124480.0,0.0,1,10618.0,10629.2,13,10672.6,11000.0,11000.0,10592.8,1773.0,3782892040.0,6638
2015-06-19 09:21:23,IC1506,IC1506,10622.4,0.0,0.0,0.0,2,10621.6,10627.4,1,10672.6,11000.0,11000.0,10592.8,1773.0,3782892040.0,6638
2015-06-19 09:21:23,IC1506,IC1506,10618.0,3.0,6373720.0,0.0,1,10617.0,10618.0,1,10672.6,11000.0,11000.0,10592.8,1776.0,3789265760.0,6638
2015-06-19 09:21:24,IC1506,IC1506,10617.2,5.0,10617680.0,-2.0,1,10620.2,10623.8,1,10672.6,11000.0,11000.0,10592.8,1781.0,3799883440.0,6636
2015-06-19 09:21:24,IC1506,IC1506,10617.2,0.0,0.0,0.0,1,10620.2,10620.4,1,10672.6,11000.0,11000.0,10592.8,1781.0,3799883440.0,6636
2015-06-19 09:21:25,IC1506,IC1506,10620.4,1.0,2124080.0,0.0,1,10620.4,10623.8,1,10672.6,11000.0,11000.0,10592.8,1782.0,3802007520.0,6636
2015-06-19 09:21:25,IC1506,IC1506,10620.2,4.0,8497000.0,-2.0,1,10620.0,10628.6,1,10672.6,11000.0,11000.0,10592.8,1786.0,3810504520.0,6634
2015-06-19 09:21:26,IC1506,IC1506,10622.2,4.0,8499040.0,0.0,1,10620.0,10629.2,3,10672.6,11000.0,11000.0,10592.8,1790.0,3819003560.0,6634
2015-06-19 09:21:26,IC1506,IC1506,10622.2,0.0,0.0,0.0,2,10627.0,10629.2,3,10672.6,11000.0,11000.0,10592.8,1790.0,3819003560.0,6634
2015-06-19 09:21:27,IC1506,IC1506,10628.6,3.0,6377400.0,0.0,1,10620.6,10629.2,1,10672.6,11000.0,11000.0,10592.8,1793.0,3825380960.0,6634
2015-06-19 09:21:27,IC1506,IC1506,10629.2,1.0,2125840.0,-1.0,1,10620.6,10631.2,1,10672.6,11000.0,11000.0,10592.8,1794.0,3827506800.0,6633
2015-06-19 09:21:28,IC1506,IC1506,10629.2,0.0,0.0,0.0,1,10629.2,10632.0,1,10672.6,11000.0,11000.0,10592.8,1794.0,3827506800.0,6633
2015-06-19 09:21:28,IC1506,IC1506,10629.2,0.0,0.0,0.0,1,10629.2,10632.0,2,10672.6,11000.0,11000.0,10592.8,1794.0,3827506800.0,6633
2015-06-19 09:21:29,IC1506,IC1506,10629.2,3.0,6378080.0,-1.0,1,10620.6,10632.0,2,10672.6,11000.0,11000.0,10592.8,1797.0,3833884880.0,6632
2015-06-19 09:21:29,IC1506,IC1506,10629.2,0.0,0.0,0.0,1,10622.4,10632.0,2,10672.6,11000.0,11000.0,10592.8,1797.0,3833884880.0,6632
2015-06-19 09:21:30,IC1506,IC1506,10629.2,0.0,0.0,0.0,1,10620.6,10628.4,1,10672.6,11000.0,11000.0,10592.8,1797.0,3833884880.0,6632
2015-06-19 09:21:30,IC1506,IC1506,10629.2,0.0,0.0,0.0,1,10622.0,10628.4,1,10672.6,11000.0,11000.0,10592.8,1797.0,3833884880.0,6632
2015-06-19 09:21:31,IC1506,IC1506,10629.2,0.0,0.0,0.0,1,10622.0,10629.2,5,10672.6,11000.0,11000.0,10592.8,1797.0,3833884880.0,6632
2015-06-19 09:21:31,IC1506,IC1506,10629.2,0.0,0.0,0.0,1,10623.2,10629.2,5,10672.6,11000.0,11000.0,10592.8,1797.0,3833884880.0,6632
2015-06-19 09:21:32,IC1506,IC1506,10629.2,1.0,2125840.0,1.0,1,10623.2,10629.2,5,10672.6,11000.0,11000.0,10592.8,1798.0,3836010720.0,6633
