time,symbol_id,symbol_name,last,trade_volume,trade_amount,open_interest_change,bv1,bp1,ap1,av1,yesterday_close,today_open,today_high,today_low,volume,amount,open_interest
2015-07-17 09:14:00,IC1507,IC1507,7542.0,9.0,13575600.0,-4.0,1,7501.0,7542.0,3,7531.8,7542.0,7542.0,7542.0,9.0,13575600.0,1824
2015-07-17 09:15:00,IC1507,IC1507,7502.2,3.0,4517240.0,0.0,10,7501.2,7542.0,1,7531.8,7542.0,7542.0,7502.2,12.0,18092840.0,1824
2015-07-17 09:15:00,IC1507,IC1507,7599.0,7.0,10577120.0,2.0,1,7542.0,7599.0,1,7531.8,7542.0,7599.0,7502.2,19.0,28669960.0,1826
2015-07-17 09:15:01,IC1507,IC1507,7542.0,9.0,13591880.0,-3.0,1,7505.8,7542.0,6,7531.8,7542.0,7599.0,7502.2,28.0,42261840.0,1823
2015-07-17 09:15:01,IC1507,IC1507,7542.0,4.0,6027080.0,-3.0,1,7505.8,7541.6,1,7531.8,7542.0,7599.0,7502.2,32.0,48288920.0,1820
2015-07-17 09:15:02,IC1507,IC1507,7505.8,8.0,12012720.0,0.0,2,7519.0,7541.6,1,7531.8,7542.0,7599.0,7502.2,40.0,60301640.0,1820
2015-07-17 09:15:02,IC1507,IC1507,7505.8,0.0,0.0,0.0,2,7519.0,7542.0,1,7531.8,7542.0,7599.0,7502.2,40.0,60301640.0,1820
2015-07-17 09:15:03,IC1507,IC1507,7542.0,1.0,1508400.0,1.0,1,7542.0,7599.0,2,7531.8,7542.0,7599.0,7502.2,41.0,61810040.0,1821
2015-07-17 09:15:03,IC1507,IC1507,7542.0,0.0,0.0,0.0,2,7551.4,7599.0,2,7531.8,7542.0,7599.0,7502.2,41.0,61810040.0,1821
2015-07-17 09:15:04,IC1507,IC1507,7551.6,3.0,4544320.0,-1.0,2,7551.4,7599.0,2,7531.8,7542.0,7599.0,7502.2,44.0,66354360.0,1820
2015-07-17 09:15:04,IC1507,IC1507,7599.0,3.0,4559320.0,-3.0,1,7552.0,7598.6,1,7531.8,7542.0,7599.0,7502.2,47.0,70913680.0,1817
2015-07-17 09:15:05,IC1507,IC1507,7501.2,15.0,22690480.0,-5.0,1,7556.0,7601.8,1,7531.8,7542.0,7601.8,7501.2,62.0,93604160.0,1812
2015-07-17 09:15:05,IC1507,IC1507,7556.0,3.0,4541560.0,1.0,1,7552.2,7601.4,1,7531.8,7542.0,7601.8,7501.2,65.0,98145720.0,1813
2015-07-17 09:15:06,IC1507,IC1507,7601.4,2.0,3040560.0,1.0,1,7599.0,7601.8,1,7531.8,7542.0,7601.8,7501.2,67.0,101186280.0,1814
2015-07-17 09:15:06,IC1507,IC1507,7599.0,1.0,1519800.0,0.0,1,7556.2,7599.0,2,7531.8,7542.0,7601.8,7501.2,68.0,102706080.0,1814
2015-07-17 09:15:07,IC1507,IC1507,7599.0,4.0,6079200.0,-1.0,1,7560.4,7600.8,1,7531.8,7542.0,7601.8,7501.2,72.0,108785280.0,1813
2015-07-17 09:15:07,IC1507,IC1507,7599.0,0.0,0.0,0.0,1,7561.2,7600.8,1,7531.8,7542.0,7601.8,7501.2,72.0,108785280.0,1813
2015-07-17 09:15:08,IC1507,IC1507,7599.0,0.0,0.0,0.0,1,7561.2,7599.8,1,7531.8,7542.0,7601.8,7501.2,72.0,108785280.0,1813
2015-07-17 09:15:08,IC1507,IC1507,7565.0,1.0,1513000.0,-1.0,1,7561.2,7599.8,2,7531.8,7542.0,7601.8,7501.2,73.0,110298280.0,1812
2015-07-17 09:15:09,IC1507,IC1507,7599.8,3.0,4559800.0,0.0,3,7599.0,7599.8,1,7531.8,7542.0,7601.8,7501.2,76.0,114858080.0,1812
2015-07-17 09:15:09,IC1507,IC1507,7599.6,4.0,6079760.0,4.0,3,7599.0,7599.8,1,7531.8,7542.0,7601.8,7501.2,80.0,120937840.0,1816
2015-07-17 09:15:10,IC1507,IC1507,7603.8,7.0,10643720.0,2.0,3,7599.0,7604.8,2,7531.8,7542.0,7603.8,7501.2,87.0,131581560.0,1818
2015-07-17 09:15:10,IC1507,IC1507,7599.2,3.0,4561200.0,-1.0,3,7599.0,7604.8,1,7531.8,7542.0,7604.8,7501.2,90.0,136142760.0,1817
2015-07-17 09:15:11,IC1507,IC1507,7604.8,2.0,3041880.0,-2.0,2,7604.8,7605.8,2,7531.8,7542.0,7604.8,7501.2,92.0,139184640.0,1815
2015-07-17 09:15:12,IC1507,IC1507,7604.8,5.0,7606000.0,-2.0,1,7605.8,7607.8,2,7531.8,7542.0,7606.8,7501.2,97.0,146790640.0,1813
2015-07-17 09:15:12,IC1507,IC1507,7604.8,0.0,0.0,0.0,1,7606.8,7607.4,1,7531.8,7542.0,7606.8,7501.2,97.0,146790640.0,1813
2015-07-17 09:15:13,IC1507,IC1507,7607.8,2.0,3043040.0,0.0,1,7606.8,7607.8,1,7531.8,7542.0,7607.8,7501.2,99.0,149833680.0,1813
2015-07-17 09:15:13,IC1507,IC1507,7607.8,1.0,1521560.0,0.0,1,7605.8,7608.8,2,7531.8,7542.0,7607.8,7501.2,100.0,151355240.0,1813
2015-07-17 09:15:14,IC1507,IC1507,7607.8,1.0,1521560.0,0.0,1,7605.8,7608.8,2,7531.8,7542.0,7607.8,7501.2,101.0,152876800.0,1813
2015-07-17 09:15:14,IC1507,IC1507,7608.0,2.0,3043360.0,0.0,1,7605.8,7608.8,1,7531.8,7542.0,7608.8,7501.2,103.0,155920160.0,1813
2015-07-17 09:15:15,IC1507,IC1507,7608.8,1.0,1521760.0,-1.0,1,7607.8,7609.8,2,7531.8,7542.0,7608.8,7501.2,104.0,157441920.0,1812
2015-07-17 09:15:15,IC1507,IC1507,7609.4,1.0,1521880.0,1.0,1,7607.8,7609.8,2,7531.8,7542.0,7609.4,7501.2,105.0,158963800.0,1813
2015-07-17 09:15:16,IC1507,IC1507,7609.4,0.0,0.0,0.0,1,7608.8,7609.8,2,7531.8,7542.0,7609.4,7501.2,105.0,158963800.0,1813
2015-07-17 09:15:16,IC1507,IC1507,7609.8,2.0,3043720.0,0.0,3,7607.8,7609.8,1,7531.8,7542.0,7609.8,7501.2,107.0,162007520.0,1813
2015-07-17 09:15:17,IC1507,IC1507,7609.8,0.0,0.0,0.0,3,7607.8,7609.0,1,7531.8,7542.0,7609.8,7501.2,107.0,162007520.0,1813
2015-07-17 09:15:17,IC1507,IC1507,7607.8,2.0,3043520.0,0.0,2,7607.8,7609.8,1,7531.8,7542.0,7609.8,7501.2,109.0,165051040.0,1813
2015-07-17 09:15:18,IC1507,IC1507,7609.8,1.0,1521960.0,0.0,2,7607.8,7609.4,1,7531.8,7542.0,7609.8,7501.2,110.0,166573000.0,1813
2015-07-17 09:15:18,IC1507,IC1507,7607.8,1.0,1521560.0,0.0,1,7607.8,7609.4,1,7531.8,7542.0,7609.8,7501.2,111.0,168094560.0,1813
2015-07-17 09:15:19,IC1507,IC1507,7607.8,1.0,1521560.0,0.0,1,7605.8,7609.4,1,7531.8,7542.0,7609.8,7501.2,112.0,169616120.0,1813
2015-07-17 09:15:19,IC1507,IC1507,7605.8,1.0,1521160.0,0.0,2,7604.8,7607.8,2,7531.8,7542.0,7609.8,7501.2,113.0,171137280.0,1813
2015-07-17 09:15:20,IC1507,IC1507,7604.8,5.0,7604920.0,-1.0,1,7600.8,7607.8,2,7531.8,7542.0,7609.8,7501.2,118.0,178742200.0,1812
2015-07-17 09:15:20,IC1507,IC1507,7599.8,4.0,6079720.0,-1.0,1,7599.0,7599.8,3,7531.8,7542.0,7609.8,7501.2,122.0,184821920.0,1811
2015-07-17 09:15:21,IC1507,IC1507,7599.0,2.0,3039640.0,-1.0,1,7556.2,7598.8,1,7531.8,7542.0,7609.8,7501.2,124.0,187861560.0,1810
2015-07-17 09:15:22,IC1507,IC1507,7599.0,1.0,1519800.0,0.0,1,7560.4,7598.6,1,7531.8,7542.0,7609.8,7501.2,125.0,189381360.0,1810
2015-07-17 09:15:22,IC1507,IC1507,7599.0,0.0,0.0,0.0,1,7556.4,7597.6,1,7531.8,7542.0,7609.8,7501.2,125.0,189381360.0,1810
2015-07-17 09:15:23,IC1507,IC1507,7599.0,0.0,0.0,0.0,1,7560.4,7594.0,3,7531.8,7542.0,7609.8,7501.2,125.0,189381360.0,1810
2015-07-17 09:15:23,IC1507,IC1507,7599.0,0.0,0.0,0.0,1,7560.8,7594.0,3,7531.8,7542.0,7609.8,7501.2,125.0,189381360.0,1810
2015-07-17 09:15:24,IC1507,IC1507,7599.0,0.0,0.0,0.0,1,7564.0,7593.8,5,7531.8,7542.0,7609.8,7501.2,125.0,189381360.0,1810
2015-07-17 09:15:24,IC1507,IC1507,7564.4,1.0,1512880.0,-1.0,1,7561.2,7563.8,3,7531.8,7542.0,7609.8,7501.2,126.0,190894240.0,1809
2015-07-17 09:15:25,IC1507,IC1507,7563.8,5.0,7562320.0,-2.0,1,7560.8,7563.8,1,7531.8,7542.0,7609.8,7501.2,131.0,198456560.0,1807
2015-07-17 09:15:25,IC1507,IC1507,7561.2,1.0,1512240.0,-1.0,1,7560.4,7560.8,1,7531.8,7542.0,7609.8,7501.2,132.0,199968800.0,1806
2015-07-17 09:15:26,IC1507,IC1507,7560.8,4.0,6048480.0,-3.0,1,7552.2,7560.4,2,7531.8,7542.0,7609.8,7501.2,136.0,206017280.0,1803
2015-07-17 09:15:26,IC1507,IC1507,7560.8,0.0,0.0,0.0,1,7552.0,7552.2,2,7531.8,7542.0,7609.8,7501.2,136.0,206017280.0,1803
2015-07-17 09:15:27,IC1507,IC1507,7552.0,1.0,1510400.0,0.0,1,7542.0,7552.0,1,7531.8,7542.0,7609.8,7501.2,137.0,207527680.0,1803
2015-07-17 09:15:27,IC1507,IC1507,7543.0,3.0,4527320.0,-1.0,1,7531.2,7558.8,1,7531.8,7542.0,7609.8,7501.2,140.0,212055000.0,1802
2015-07-17 09:15:28,IC1507,IC1507,7558.4,1.0,1511680.0,0.0,1,7533.8,7558.6,1,7531.8,7542.0,7609.8,7501.2,141.0,213566680.0,1802
2015-07-17 09:15:28,IC1507,IC1507,7558.4,0.0,0.0,0.0,1,7531.2,7557.6,1,7531.8,7542.0,7609.8,7501.2,141.0,213566680.0,1802
2015-07-17 09:15:29,IC1507,IC1507,7558.4,1.0,1511680.0,0.0,2,7536.8,7557.6,1,7531.8,7542.0,7609.8,7501.2,142.0,215078360.0,1802
2015-07-17 09:15:29,IC1507,IC1507,7558.4,0.0,0.0,0.0,1,7538.8,7542.0,1,7531.8,7542.0,7609.8,7501.2,142.0,215078360.0,1802
2015-07-17 09:15:30,IC1507,IC1507,7543.4,1.0,1508680.0,0.0,1,7543.4,7557.6,1,7531.8,7542.0,7609.8,7501.2,143.0,216587040.0,1802
2015-07-17 09:15:30,IC1507,IC1507,7543.4,1.0,1508680.0,-1.0,2,7543.6,7558.8,1,7531.8,7542.0,7609.8,7501.2,144.0,218095720.0,1801
2015-07-17 09:15:31,IC1507,IC1507,7543.4,0.0,0.0,0.0,1,7543.8,7557.8,1,7531.8,7542.0,7609.8,7501.2,144.0,218095720.0,1801
2015-07-17 09:15:31,IC1507,IC1507,7543.4,0.0,0.0,0.0,2,7547.4,7557.6,1,7531.8,7542.0,7609.8,7501.2,144.0,218095720.0,1801
2015-07-17 09:15:33,IC1507,IC1507,7558.8,3.0,4534960.0,2.0,2,7593.8,7598.8,2,7531.8,7542.0,7609.8,7501.2,147.0,222630680.0,1803
2015-07-17 09:15:33,IC1507,IC1507,7580.0,1.0,1516000.0,0.0,1,7593.8,7598.8,2,7531.8,7542.0,7609.8,7501.2,148.0,224146680.0,1803
2015-07-17 09:15:34,IC1507,IC1507,7598.6,1.0,1519720.0,1.0,1,7593.8,7598.8,2,7531.8,7542.0,7609.8,7501.2,149.0,225666400.0,1804
2015-07-17 09:15:36,IC1507,IC1507,7598.6,1.0,1519720.0,0.0,2,7593.8,7598.8,2,7531.8,7542.0,7609.8,7501.2,150.0,227186120.0,1804
2015-07-17 09:15:37,IC1507,IC1507,7598.6,0.0,0.0,0.0,2,7593.8,7598.6,2,7531.8,7542.0,7609.8,7501.2,150.0,227186120.0,1804
2015-07-17 09:15:38,IC1507,IC1507,7598.6,0.0,0.0,0.0,3,7593.8,7598.8,2,7531.8,7542.0,7609.8,7501.2,150.0,227186120.0,1804
2015-07-17 09:15:38,IC1507,IC1507,7593.8,3.0,4556280.0,0.0,2,7547.4,7598.8,2,7531.8,7542.0,7609.8,7501.2,153.0,231742400.0,1804
2015-07-17 09:15:39,IC1507,IC1507,7598.4,1.0,1519680.0,1.0,1,7552.4,7598.8,2,7531.8,7542.0,7609.8,7501.2,154.0,233262080.0,1805
2015-07-17 09:15:39,IC1507,IC1507,7553.4,1.0,1510680.0,1.0,1,7547.6,7592.0,1,7531.8,7542.0,7609.8,7501.2,155.0,234772760.0,1806
2015-07-17 09:15:40,IC1507,IC1507,7553.4,0.0,0.0,0.0,1,7547.6,7591.0,1,7531.8,7542.0,7609.8,7501.2,155.0,234772760.0,1806
2015-07-17 09:15:41,IC1507,IC1507,7553.4,0.0,0.0,0.0,1,7547.6,7590.0,1,7531.8,7542.0,7609.8,7501.2,155.0,234772760.0,1806
2015-07-17 09:15:42,IC1507,IC1507,7551.8,1.0,1510360.0,-1.0,1,7547.8,7590.0,1,7531.8,7542.0,7609.8,7501.2,156.0,236283120.0,1805
2015-07-17 09:15:42,IC1507,IC1507,7547.8,1.0,1509560.0,0.0,2,7552.8,7590.0,1,7531.8,7542.0,7609.8,7501.2,157.0,237792680.0,1805
2015-07-17 09:15:43,IC1507,IC1507,7547.8,0.0,0.0,0.0,2,7552.8,7565.0,1,7531.8,7542.0,7609.8,7501.2,157.0,237792680.0,1805
2015-07-17 09:15:44,IC1507,IC1507,7547.8,0.0,0.0,0.0,1,7553.0,7565.0,1,7531.8,7542.0,7609.8,7501.2,157.0,237792680.0,1805
2015-07-17 09:15:44,IC1507,IC1507,7547.8,0.0,0.0,0.0,2,7555.2,7565.0,1,7531.8,7542.0,7609.8,7501.2,157.0,237792680.0,1805
2015-07-17 09:15:45,IC1507,IC1507,7565.0,1.0,1513000.0,1.0,1,7548.8,7589.8,1,7531.8,7542.0,7609.8,7501.2,158.0,239305680.0,1806
2015-07-17 09:15:45,IC1507,IC1507,7565.0,0.0,0.0,0.0,1,7549.0,7588.8,1,7531.8,7542.0,7609.8,7501.2,158.0,239305680.0,1806
2015-07-17 09:15:46,IC1507,IC1507,7565.0,0.0,0.0,0.0,1,7565.0,7588.6,2,7531.8,7542.0,7609.8,7501.2,158.0,239305680.0,1806
2015-07-17 09:15:46,IC1507,IC1507,7565.0,0.0,0.0,0.0,1,7565.2,7588.8,1,7531.8,7542.0,7609.8,7501.2,158.0,239305680.0,1806
2015-07-17 09:15:47,IC1507,IC1507,7565.0,0.0,0.0,0.0,1,7565.2,7589.8,1,7531.8,7542.0,7609.8,7501.2,158.0,239305680.0,1806
2015-07-17 09:15:47,IC1507,IC1507,7565.0,0.0,0.0,0.0,1,7565.2,7590.8,1,7531.8,7542.0,7609.8,7501.2,158.0,239305680.0,1806
2015-07-17 09:15:49,IC1507,IC1507,7565.0,0.0,0.0,0.0,1,7565.2,7590.6,3,7531.8,7542.0,7609.8,7501.2,158.0,239305680.0,1806
2015-07-17 09:15:49,IC1507,IC1507,7565.0,0.0,0.0,0.0,1,7565.2,7590.6,1,7531.8,7542.0,7609.8,7501.2,158.0,239305680.0,1806
2015-07-17 09:15:50,IC1507,IC1507,7565.0,0.0,0.0,0.0,1,7589.8,7590.0,1,7531.8,7542.0,7609.8,7501.2,158.0,239305680.0,1806
2015-07-17 09:15:50,IC1507,IC1507,7589.8,1.0,1517960.0,0.0,1,7566.6,7590.0,1,7531.8,7542.0,7609.8,7501.2,159.0,240823640.0,1806
2015-07-17 09:15:51,IC1507,IC1507,7589.8,0.0,0.0,0.0,1,7566.8,7590.0,1,7531.8,7542.0,7609.8,7501.2,159.0,240823640.0,1806
2015-07-17 09:15:51,IC1507,IC1507,7589.8,0.0,0.0,0.0,1,7566.8,7588.4,1,7531.8,7542.0,7609.8,7501.2,159.0,240823640.0,1806
2015-07-17 09:15:52,IC1507,IC1507,7567.0,1.0,1513400.0,0.0,1,7566.8,7588.4,1,7531.8,7542.0,7609.8,7501.2,160.0,242337040.0,1806
2015-07-17 09:15:52,IC1507,IC1507,7567.0,0.0,0.0,0.0,1,7566.8,7587.4,1,7531.8,7542.0,7609.8,7501.2,160.0,242337040.0,1806
2015-07-17 09:15:54,IC1507,IC1507,7587.4,1.0,1517480.0,0.0,1,7566.8,7586.2,1,7531.8,7542.0,7609.8,7501.2,161.0,243854520.0,1806
2015-07-17 09:15:55,IC1507,IC1507,7587.4,0.0,0.0,0.0,1,7567.8,7586.2,1,7531.8,7542.0,7609.8,7501.2,161.0,243854520.0,1806
2015-07-17 09:15:55,IC1507,IC1507,7587.4,2.0,3034960.0,-2.0,1,7568.0,7588.4,1,7531.8,7542.0,7609.8,7501.2,163.0,246889480.0,1804
2015-07-17 09:15:56,IC1507,IC1507,7587.4,0.0,0.0,0.0,2,7568.2,7590.8,1,7531.8,7542.0,7609.8,7501.2,163.0,246889480.0,1804
2015-07-17 09:15:56,IC1507,IC1507,7587.4,0.0,0.0,0.0,1,7568.0,7590.8,1,7531.8,7542.0,7609.8,7501.2,163.0,246889480.0,1804
2015-07-17 09:15:57,IC1507,IC1507,7587.4,0.0,0.0,0.0,2,7571.0,7590.8,1,7531.8,7542.0,7609.8,7501.2,163.0,246889480.0,1804
2015-07-17 09:15:57,IC1507,IC1507,7587.4,0.0,0.0,0.0,1,7571.2,7590.4,1,7531.8,7542.0,7609.8,7501.2,163.0,246889480.0,1804
2015-07-17 09:15:58,IC1507,IC1507,7571.2,1.0,1514240.0,0.0,1,7572.2,7590.2,1,7531.8,7542.0,7609.8,7501.2,164.0,248403720.0,1804
2015-07-17 09:15:59,IC1507,IC1507,7571.2,0.0,0.0,0.0,1,7587.4,7589.8,1,7531.8,7542.0,7609.8,7501.2,164.0,248403720.0,1804
2015-07-17 09:16:00,IC1507,IC1507,7589.6,1.0,1517920.0,1.0,1,7587.4,7588.2,1,7531.8,7542.0,7609.8,7501.2,165.0,249921640.0,1805
2015-07-17 09:16:01,IC1507,IC1507,7589.6,0.0,0.0,0.0,3,7587.8,7588.0,1,7531.8,7542.0,7609.8,7501.2,165.0,249921640.0,1805
2015-07-17 09:16:01,IC1507,IC1507,7587.4,6.0,9105200.0,-3.0,2,7571.0,7587.4,2,7531.8,7542.0,7609.8,7501.2,171.0,259026840.0,1802
2015-07-17 09:16:02,IC1507,IC1507,7587.4,0.0,0.0,0.0,1,7572.0,7587.2,1,7531.8,7542.0,7609.8,7501.2,171.0,259026840.0,1802
2015-07-17 09:16:02,IC1507,IC1507,7587.4,0.0,0.0,0.0,1,7572.2,7587.2,1,7531.8,7542.0,7609.8,7501.2,171.0,259026840.0,1802
2015-07-17 09:16:03,IC1507,IC1507,7587.4,0.0,0.0,0.0,2,7572.6,7587.2,1,7531.8,7542.0,7609.8,7501.2,171.0,259026840.0,1802
2015-07-17 09:16:04,IC1507,IC1507,7587.4,0.0,0.0,0.0,1,7572.8,7587.2,1,7531.8,7542.0,7609.8,7501.2,171.0,259026840.0,1802
2015-07-17 09:16:05,IC1507,IC1507,7572.8,1.0,1514560.0,0.0,2,7572.6,7587.0,1,7531.8,7542.0,7609.8,7501.2,172.0,260541400.0,1802
2015-07-17 09:16:05,IC1507,IC1507,7572.8,0.0,0.0,0.0,2,7565.0,7587.0,1,7531.8,7542.0,7609.8,7501.2,172.0,260541400.0,1802
2015-07-17 09:16:06,IC1507,IC1507,7572.2,2.0,3027480.0,0.0,3,7573.0,7587.0,1,7531.8,7542.0,7609.8,7501.2,174.0,263568880.0,1802
2015-07-17 09:16:06,IC1507,IC1507,7585.0,1.0,1517000.0,0.0,1,7574.0,7587.0,1,7531.8,7542.0,7609.8,7501.2,175.0,265085880.0,1802
2015-07-17 09:16:07,IC1507,IC1507,7575.0,2.0,3030000.0,0.0,1,7574.0,7587.0,1,7531.8,7542.0,7609.8,7501.2,177.0,268115880.0,1802
2015-07-17 09:16:08,IC1507,IC1507,7575.0,0.0,0.0,0.0,2,7574.4,7587.0,1,7531.8,7542.0,7609.8,7501.2,177.0,268115880.0,1802
2015-07-17 09:16:08,IC1507,IC1507,7575.0,0.0,0.0,0.0,1,7565.4,7587.0,1,7531.8,7542.0,7609.8,7501.2,177.0,268115880.0,1802
2015-07-17 09:16:09,IC1507,IC1507,7575.0,0.0,0.0,0.0,2,7574.8,7587.0,1,7531.8,7542.0,7609.8,7501.2,177.0,268115880.0,1802
2015-07-17 09:16:09,IC1507,IC1507,7575.0,0.0,0.0,0.0,1,7575.8,7587.0,1,7531.8,7542.0,7609.8,7501.2,177.0,268115880.0,1802
2015-07-17 09:16:11,IC1507,IC1507,7575.0,0.0,0.0,0.0,2,7576.2,7587.0,1,7531.8,7542.0,7609.8,7501.2,177.0,268115880.0,1802
2015-07-17 09:16:11,IC1507,IC1507,7575.0,0.0,0.0,0.0,3,7576.4,7587.0,1,7531.8,7542.0,7609.8,7501.2,177.0,268115880.0,1802
2015-07-17 09:16:12,IC1507,IC1507,7575.0,0.0,0.0,0.0,3,7576.2,7587.0,1,7531.8,7542.0,7609.8,7501.2,177.0,268115880.0,1802
2015-07-17 09:16:12,IC1507,IC1507,7587.0,1.0,1517400.0,0.0,1,7576.6,7586.8,1,7531.8,7542.0,7609.8,7501.2,178.0,269633280.0,1802
2015-07-17 09:16:13,IC1507,IC1507,7587.0,0.0,0.0,0.0,3,7576.6,7586.8,1,7531.8,7542.0,7609.8,7501.2,178.0,269633280.0,1802
2015-07-17 09:16:13,IC1507,IC1507,7587.0,0.0,0.0,0.0,4,7576.6,7586.8,1,7531.8,7542.0,7609.8,7501.2,178.0,269633280.0,1802
2015-07-17 09:16:14,IC1507,IC1507,7587.0,0.0,0.0,0.0,5,7576.6,7586.8,1,7531.8,7542.0,7609.8,7501.2,178.0,269633280.0,1802
2015-07-17 09:16:15,IC1507,IC1507,7586.8,1.0,1517360.0,-1.0,5,7576.6,7586.8,1,7531.8,7542.0,7609.8,7501.2,179.0,271150640.0,1801
2015-07-17 09:16:15,IC1507,IC1507,7586.8,0.0,0.0,0.0,5,7576.6,7585.2,1,7531.8,7542.0,7609.8,7501.2,179.0,271150640.0,1801
2015-07-17 09:16:16,IC1507,IC1507,7586.8,0.0,0.0,0.0,3,7576.6,7585.2,1,7531.8,7542.0,7609.8,7501.2,179.0,271150640.0,1801
2015-07-17 09:16:17,IC1507,IC1507,7576.6,1.0,1515320.0,-1.0,2,7565.0,7585.2,1,7531.8,7542.0,7609.8,7501.2,180.0,272665960.0,1800
2015-07-17 09:16:17,IC1507,IC1507,7576.6,0.0,0.0,0.0,2,7565.0,7576.6,1,7531.8,7542.0,7609.8,7501.2,180.0,272665960.0,1800
2015-07-17 09:16:18,IC1507,IC1507,7576.6,1.0,1515320.0,-1.0,1,7565.4,7584.4,1,7531.8,7542.0,7609.8,7501.2,181.0,274181280.0,1799
2015-07-17 09:16:18,IC1507,IC1507,7576.6,0.0,0.0,0.0,1,7565.6,7584.4,1,7531.8,7542.0,7609.8,7501.2,181.0,274181280.0,1799
2015-07-17 09:16:19,IC1507,IC1507,7584.2,1.0,1516840.0,1.0,1,7566.6,7584.4,1,7531.8,7542.0,7609.8,7501.2,182.0,275698120.0,1800
2015-07-17 09:16:20,IC1507,IC1507,7584.2,0.0,0.0,0.0,1,7566.8,7582.2,1,7531.8,7542.0,7609.8,7501.2,182.0,275698120.0,1800
2015-07-17 09:16:20,IC1507,IC1507,7584.2,0.0,0.0,0.0,1,7567.0,7582.2,1,7531.8,7542.0,7609.8,7501.2,182.0,275698120.0,1800
2015-07-17 09:16:21,IC1507,IC1507,7584.2,1.0,1516840.0,1.0,1,7567.2,7582.2,1,7531.8,7542.0,7609.8,7501.2,183.0,277214960.0,1801
2015-07-17 09:16:22,IC1507,IC1507,7582.2,5.0,7582200.0,0.0,45,7582.2,7585.2,1,7531.8,7542.0,7609.8,7501.2,188.0,284797160.0,1801
2015-07-17 09:16:22,IC1507,IC1507,7588.2,5.0,7587280.0,0.0,45,7582.2,7590.8,1,7531.8,7542.0,7609.8,7501.2,193.0,292384440.0,1801
2015-07-17 09:16:23,IC1507,IC1507,7586.2,1.0,1517240.0,0.0,46,7582.2,7586.0,1,7531.8,7542.0,7609.8,7501.2,194.0,293901680.0,1801
2015-07-17 09:16:23,IC1507,IC1507,7586.2,1.0,1517240.0,0.0,1,7582.6,7585.6,1,7531.8,7542.0,7609.8,7501.2,195.0,295418920.0,1801
2015-07-17 09:16:24,IC1507,IC1507,7586.2,0.0,0.0,0.0,1,7583.2,7585.6,1,7531.8,7542.0,7609.8,7501.2,195.0,295418920.0,1801
2015-07-17 09:16:24,IC1507,IC1507,7582.2,10.0,15164680.0,0.0,38,7582.2,7585.6,1,7531.8,7542.0,7609.8,7501.2,205.0,310583600.0,1801
2015-07-17 09:16:25,IC1507,IC1507,7582.2,1.0,1516440.0,0.0,1,7582.4,7585.6,1,7531.8,7542.0,7609.8,7501.2,206.0,312100040.0,1801
2015-07-17 09:16:26,IC1507,IC1507,7582.2,2.0,3032880.0,2.0,37,7582.2,7585.6,1,7531.8,7542.0,7609.8,7501.2,208.0,315132920.0,1803
2015-07-17 09:16:27,IC1507,IC1507,7585.6,1.0,1517120.0,1.0,3,7582.4,7590.8,1,7531.8,7542.0,7609.8,7501.2,209.0,316650040.0,1804
2015-07-17 09:16:27,IC1507,IC1507,7585.6,0.0,0.0,0.0,37,7582.2,7590.8,1,7531.8,7542.0,7609.8,7501.2,209.0,316650040.0,1804
2015-07-17 09:16:28,IC1507,IC1507,7585.6,0.0,0.0,0.0,1,7582.6,7590.4,1,7531.8,7542.0,7609.8,7501.2,209.0,316650040.0,1804
2015-07-17 09:16:28,IC1507,IC1507,7590.4,1.0,1518080.0,1.0,1,7582.6,7590.8,1,7531.8,7542.0,7609.8,7501.2,210.0,318168120.0,1805
2015-07-17 09:16:29,IC1507,IC1507,7590.4,0.0,0.0,0.0,1,7583.2,7589.4,1,7531.8,7542.0,7609.8,7501.2,210.0,318168120.0,1805
2015-07-17 09:16:29,IC1507,IC1507,7589.4,2.0,3034520.0,1.0,1,7583.4,7590.8,1,7531.8,7542.0,7609.8,7501.2,212.0,321202640.0,1806
2015-07-17 09:16:30,IC1507,IC1507,7590.4,1.0,1518080.0,1.0,1,7584.0,7590.8,1,7531.8,7542.0,7609.8,7501.2,213.0,322720720.0,1807
2015-07-17 09:16:30,IC1507,IC1507,7590.4,1.0,1518080.0,0.0,1,7583.4,7590.8,1,7531.8,7542.0,7609.8,7501.2,214.0,324238800.0,1807
2015-07-17 09:16:31,IC1507,IC1507,7590.4,0.0,0.0,0.0,1,7584.0,7589.6,1,7531.8,7542.0,7609.8,7501.2,214.0,324238800.0,1807
2015-07-17 09:16:32,IC1507,IC1507,7590.4,0.0,0.0,0.0,1,7584.4,7589.6,1,7531.8,7542.0,7609.8,7501.2,214.0,324238800.0,1807
2015-07-17 09:16:33,IC1507,IC1507,7590.4,0.0,0.0,0.0,1,7584.6,7589.0,1,7531.8,7542.0,7609.8,7501.2,214.0,324238800.0,1807
2015-07-17 09:16:34,IC1507,IC1507,7590.4,1.0,1518080.0,-1.0,1,7585.2,7589.6,1,7531.8,7542.0,7609.8,7501.2,215.0,325756880.0,1806
2015-07-17 09:16:34,IC1507,IC1507,7590.4,0.0,0.0,0.0,1,7584.0,7589.6,1,7531.8,7542.0,7609.8,7501.2,215.0,325756880.0,1806
2015-07-17 09:16:35,IC1507,IC1507,7590.4,0.0,0.0,0.0,1,7585.6,7589.6,1,7531.8,7542.0,7609.8,7501.2,215.0,325756880.0,1806
2015-07-17 09:16:36,IC1507,IC1507,7590.4,0.0,0.0,0.0,1,7586.2,7589.6,1,7531.8,7542.0,7609.8,7501.2,215.0,325756880.0,1806
2015-07-17 09:16:37,IC1507,IC1507,7590.4,1.0,1518080.0,0.0,1,7586.2,7589.6,1,7531.8,7542.0,7609.8,7501.2,216.0,327274960.0,1806
2015-07-17 09:16:37,IC1507,IC1507,7586.8,1.0,1517360.0,0.0,1,7586.2,7590.0,1,7531.8,7542.0,7609.8,7501.2,217.0,328792320.0,1806
2015-07-17 09:16:38,IC1507,IC1507,7586.2,1.0,1517240.0,1.0,1,7584.0,7590.0,1,7531.8,7542.0,7609.8,7501.2,218.0,330309560.0,1807
2015-07-17 09:16:39,IC1507,IC1507,7590.0,5.0,7590000.0,4.0,31,7590.0,7590.8,1,7531.8,7542.0,7609.8,7501.2,223.0,337899560.0,1811
2015-07-17 09:16:40,IC1507,IC1507,7591.0,3.0,4554560.0,0.0,2,7596.4,7597.8,1,7531.8,7542.0,7609.8,7501.2,226.0,342454120.0,1811
2015-07-17 09:16:40,IC1507,IC1507,7596.2,1.0,1519240.0,0.0,32,7590.0,7597.8,1,7531.8,7542.0,7609.8,7501.2,227.0,343973360.0,1811
2015-07-17 09:16:41,IC1507,IC1507,7597.4,1.0,1519480.0,1.0,1,7590.2,7597.8,1,7531.8,7542.0,7609.8,7501.2,228.0,345492840.0,1812
2015-07-17 09:16:41,IC1507,IC1507,7597.4,0.0,0.0,0.0,1,7590.4,7597.2,1,7531.8,7542.0,7609.8,7501.2,228.0,345492840.0,1812
2015-07-17 09:16:42,IC1507,IC1507,7597.4,0.0,0.0,0.0,1,7591.0,7596.0,1,7531.8,7542.0,7609.8,7501.2,228.0,345492840.0,1812
2015-07-17 09:16:42,IC1507,IC1507,7597.4,1.0,1519480.0,0.0,1,7591.2,7597.2,1,7531.8,7542.0,7609.8,7501.2,229.0,347012320.0,1812
2015-07-17 09:16:43,IC1507,IC1507,7597.8,2.0,3039040.0,0.0,1,7591.4,7598.8,3,7531.8,7542.0,7609.8,7501.2,231.0,350051360.0,1812
2015-07-17 09:16:43,IC1507,IC1507,7592.0,2.0,3036840.0,-1.0,1,7591.4,7598.8,3,7531.8,7542.0,7609.8,7501.2,233.0,353088200.0,1811
2015-07-17 09:16:44,IC1507,IC1507,7591.6,3.0,4557840.0,0.0,1,7592.0,7598.8,1,7531.8,7542.0,7609.8,7501.2,236.0,357646040.0,1811
2015-07-17 09:16:45,IC1507,IC1507,7591.6,0.0,0.0,0.0,1,7592.2,7598.8,1,7531.8,7542.0,7609.8,7501.2,236.0,357646040.0,1811
2015-07-17 09:16:45,IC1507,IC1507,7598.8,2.0,3038080.0,-1.0,1,7592.2,7599.0,1,7531.8,7542.0,7609.8,7501.2,238.0,360684120.0,1810
2015-07-17 09:16:46,IC1507,IC1507,7599.0,1.0,1519800.0,-1.0,1,7592.8,7600.0,4,7531.8,7542.0,7609.8,7501.2,239.0,362203920.0,1809
2015-07-17 09:16:46,IC1507,IC1507,7599.4,2.0,3038520.0,-1.0,1,7593.0,7600.0,4,7531.8,7542.0,7609.8,7501.2,241.0,365242440.0,1808
2015-07-17 09:16:47,IC1507,IC1507,7600.0,1.0,1520000.0,0.0,1,7593.0,7600.0,3,7531.8,7542.0,7609.8,7501.2,242.0,366762440.0,1808
2015-07-17 09:16:47,IC1507,IC1507,7600.0,0.0,0.0,0.0,1,7593.0,7599.8,2,7531.8,7542.0,7609.8,7501.2,242.0,366762440.0,1808
2015-07-17 09:16:48,IC1507,IC1507,7599.8,2.0,3039920.0,2.0,2,7593.4,7600.0,3,7531.8,7542.0,7609.8,7501.2,244.0,369802360.0,1810
2015-07-17 09:16:48,IC1507,IC1507,7593.8,1.0,1518760.0,-1.0,1,7592.8,7600.0,3,7531.8,7542.0,7609.8,7501.2,245.0,371321120.0,1809
2015-07-17 09:16:49,IC1507,IC1507,7593.8,0.0,0.0,0.0,1,7593.8,7600.0,3,7531.8,7542.0,7609.8,7501.2,245.0,371321120.0,1809
2015-07-17 09:16:49,IC1507,IC1507,7600.0,3.0,4560000.0,-3.0,7,7600.0,7605.0,1,7531.8,7542.0,7609.8,7501.2,248.0,375881120.0,1806
2015-07-17 09:16:50,IC1507,IC1507,7600.0,0.0,0.0,0.0,1,7600.4,7605.0,1,7531.8,7542.0,7609.8,7501.2,248.0,375881120.0,1806
2015-07-17 09:16:50,IC1507,IC1507,7605.0,1.0,1521000.0,0.0,1,7605.0,7605.2,1,7531.8,7542.0,7609.8,7501.2,249.0,377402120.0,1806
2015-07-17 09:16:51,IC1507,IC1507,7605.2,1.0,1521040.0,0.0,30,7605.2,7605.8,1,7531.8,7542.0,7609.8,7501.2,250.0,378923160.0,1806
2015-07-17 09:16:52,IC1507,IC1507,7605.8,2.0,3042200.0,1.0,29,7605.2,7608.8,2,7531.8,7542.0,7609.8,7501.2,252.0,381965360.0,1807
2015-07-17 09:16:52,IC1507,IC1507,7605.2,1.0,1521040.0,0.0,3,7605.8,7608.8,2,7531.8,7542.0,7609.8,7501.2,253.0,383486400.0,1807
2015-07-17 09:16:53,IC1507,IC1507,7608.4,6.0,9126880.0,1.0,26,7605.2,7608.8,2,7531.8,7542.0,7609.8,7501.2,259.0,392613280.0,1808
2015-07-17 09:16:54,IC1507,IC1507,7605.2,5.0,7605200.0,5.0,1,7606.2,7608.8,2,7531.8,7542.0,7609.8,7501.2,264.0,400218480.0,1813
2015-07-17 09:16:55,IC1507,IC1507,7608.8,2.0,3043520.0,0.0,1,7606.2,7609.4,1,7531.8,7542.0,7609.8,7501.2,266.0,403262000.0,1813
2015-07-17 09:16:56,IC1507,IC1507,7609.4,1.0,1521880.0,0.0,21,7606.2,7610.8,2,7531.8,7542.0,7609.8,7501.2,267.0,404783880.0,1813
2015-07-17 09:16:57,IC1507,IC1507,7606.6,1.0,1521320.0,0.0,21,7606.2,7610.2,1,7531.8,7542.0,7609.8,7501.2,268.0,406305200.0,1813
2015-07-17 09:16:57,IC1507,IC1507,7606.4,2.0,3042560.0,-2.0,1,7607.2,7610.8,2,7531.8,7542.0,7609.8,7501.2,270.0,409347760.0,1811
2015-07-17 09:16:58,IC1507,IC1507,7610.8,3.0,4566480.0,-1.0,8,7610.8,7611.8,2,7531.8,7542.0,7610.8,7501.2,273.0,413914240.0,1810
2015-07-17 09:16:58,IC1507,IC1507,7611.8,2.0,3044720.0,0.0,1,7611.8,7612.8,2,7531.8,7542.0,7611.8,7501.2,275.0,416958960.0,1810
2015-07-17 09:16:59,IC1507,IC1507,7612.8,3.0,4567680.0,0.0,18,7612.8,7613.8,2,7531.8,7542.0,7612.8,7501.2,278.0,421526640.0,1810
2015-07-17 09:17:01,IC1507,IC1507,7612.8,0.0,0.0,0.0,20,7612.8,7613.8,2,7531.8,7542.0,7612.8,7501.2,278.0,421526640.0,1810
2015-07-17 09:17:01,IC1507,IC1507,7612.8,1.0,1522560.0,0.0,20,7612.8,7613.8,2,7531.8,7542.0,7612.8,7501.2,279.0,423049200.0,1810
2015-07-17 09:17:02,IC1507,IC1507,7612.8,0.0,0.0,0.0,20,7612.8,7613.6,3,7531.8,7542.0,7612.8,7501.2,279.0,423049200.0,1810
2015-07-17 09:17:03,IC1507,IC1507,7613.4,2.0,3045240.0,1.0,19,7612.8,7613.8,2,7531.8,7542.0,7613.4,7501.2,281.0,426094440.0,1811
2015-07-17 09:17:04,IC1507,IC1507,7613.8,4.0,6090640.0,1.0,13,7613.8,7614.6,1,7531.8,7542.0,7613.8,7501.2,285.0,432185080.0,1812
2015-07-17 09:17:04,IC1507,IC1507,7613.8,3.0,4568280.0,0.0,10,7613.8,7614.4,2,7531.8,7542.0,7613.8,7501.2,288.0,436753360.0,1812
2015-07-17 09:17:05,IC1507,IC1507,7613.8,2.0,3045520.0,0.0,8,7613.8,7614.6,1,7531.8,7542.0,7613.8,7501.2,290.0,439798880.0,1812
2015-07-17 09:17:05,IC1507,IC1507,7613.8,0.0,0.0,0.0,8,7613.8,7614.0,1,7531.8,7542.0,7613.8,7501.2,290.0,439798880.0,1812
2015-07-17 09:17:06,IC1507,IC1507,7613.8,2.0,3045520.0,2.0,6,7613.8,7614.0,1,7531.8,7542.0,7613.8,7501.2,292.0,442844400.0,1814
2015-07-17 09:17:06,IC1507,IC1507,7613.8,2.0,3045520.0,2.0,4,7613.8,7614.0,1,7531.8,7542.0,7613.8,7501.2,294.0,445889920.0,1816
2015-07-17 09:17:07,IC1507,IC1507,7614.6,4.0,6091400.0,-3.0,5,7614.6,7614.8,2,7531.8,7542.0,7614.6,7501.2,298.0,451981320.0,1813
2015-07-17 09:17:07,IC1507,IC1507,7614.6,2.0,3045840.0,-1.0,3,7614.6,7614.8,2,7531.8,7542.0,7614.6,7501.2,300.0,455027160.0,1812
2015-07-17 09:17:08,IC1507,IC1507,7614.8,3.0,4568800.0,0.0,1,7614.6,7614.8,5,7531.8,7542.0,7614.8,7501.2,303.0,459595960.0,1812
2015-07-17 09:17:08,IC1507,IC1507,7614.8,2.0,3045880.0,-1.0,2,7614.0,7614.8,4,7531.8,7542.0,7614.8,7501.2,305.0,462641840.0,1811
2015-07-17 09:17:09,IC1507,IC1507,7614.8,0.0,0.0,0.0,2,7614.0,7614.6,1,7531.8,7542.0,7614.8,7501.2,305.0,462641840.0,1811
2015-07-17 09:17:10,IC1507,IC1507,7614.8,0.0,0.0,0.0,2,7614.0,7614.4,1,7531.8,7542.0,7614.8,7501.2,305.0,462641840.0,1811
2015-07-17 09:17:10,IC1507,IC1507,7614.4,1.0,1522880.0,1.0,3,7614.4,7614.6,1,7531.8,7542.0,7614.8,7501.2,306.0,464164720.0,1812
2015-07-17 09:17:11,IC1507,IC1507,7614.6,3.0,4568760.0,3.0,3,7614.4,7615.8,2,7531.8,7542.0,7614.8,7501.2,309.0,468733480.0,1815
2015-07-17 09:17:11,IC1507,IC1507,7614.6,0.0,0.0,0.0,3,7614.4,7615.2,2,7531.8,7542.0,7614.8,7501.2,309.0,468733480.0,1815
2015-07-17 09:17:12,IC1507,IC1507,7614.4,3.0,4568640.0,0.0,2,7614.0,7615.2,2,7531.8,7542.0,7614.8,7501.2,312.0,473302120.0,1815
2015-07-17 09:17:13,IC1507,IC1507,7614.4,0.0,0.0,0.0,1,7614.6,7615.2,2,7531.8,7542.0,7614.8,7501.2,312.0,473302120.0,1815
2015-07-17 09:17:15,IC1507,IC1507,7614.6,1.0,1522920.0,0.0,2,7614.0,7615.2,2,7531.8,7542.0,7614.8,7501.2,313.0,474825040.0,1815
2015-07-17 09:17:15,IC1507,IC1507,7614.0,1.0,1522800.0,0.0,1,7614.0,7614.6,1,7531.8,7542.0,7614.8,7501.2,314.0,476347840.0,1815
2015-07-17 09:17:17,IC1507,IC1507,7614.0,0.0,0.0,0.0,1,7614.0,7614.6,2,7531.8,7542.0,7614.8,7501.2,314.0,476347840.0,1815
2015-07-17 09:17:17,IC1507,IC1507,7614.0,1.0,1522800.0,0.0,21,7612.8,7614.0,1,7531.8,7542.0,7614.8,7501.2,315.0,477870640.0,1815
2015-07-17 09:17:19,IC1507,IC1507,7614.0,1.0,1522800.0,1.0,21,7612.8,7614.6,7,7531.8,7542.0,7614.8,7501.2,316.0,479393440.0,1816
2015-07-17 09:17:19,IC1507,IC1507,7614.0,0.0,0.0,0.0,1,7613.4,7614.6,7,7531.8,7542.0,7614.8,7501.2,316.0,479393440.0,1816
2015-07-17 09:17:20,IC1507,IC1507,7614.6,2.0,3045840.0,1.0,1,7613.6,7614.6,5,7531.8,7542.0,7614.8,7501.2,318.0,482439280.0,1817
2015-07-17 09:17:20,IC1507,IC1507,7614.6,1.0,1522920.0,-1.0,1,7613.6,7614.6,4,7531.8,7542.0,7614.8,7501.2,319.0,483962200.0,1816
2015-07-17 09:17:21,IC1507,IC1507,7614.6,2.0,3045840.0,0.0,1,7613.6,7614.6,2,7531.8,7542.0,7614.8,7501.2,321.0,487008040.0,1816
2015-07-17 09:17:21,IC1507,IC1507,7614.6,0.0,0.0,0.0,1,7613.6,7614.6,3,7531.8,7542.0,7614.8,7501.2,321.0,487008040.0,1816
2015-07-17 09:17:22,IC1507,IC1507,7614.6,0.0,0.0,0.0,1,7613.8,7614.6,3,7531.8,7542.0,7614.8,7501.2,321.0,487008040.0,1816
2015-07-17 09:17:23,IC1507,IC1507,7614.6,0.0,0.0,0.0,2,7613.8,7614.6,3,7531.8,7542.0,7614.8,7501.2,321.0,487008040.0,1816
2015-07-17 09:17:25,IC1507,IC1507,7614.6,3.0,4568760.0,-2.0,2,7613.8,7615.2,2,7531.8,7542.0,7614.8,7501.2,324.0,491576800.0,1814
2015-07-17 09:17:26,IC1507,IC1507,7613.8,1.0,1522760.0,0.0,1,7613.8,7615.2,2,7531.8,7542.0,7614.8,7501.2,325.0,493099560.0,1814
2015-07-17 09:17:27,IC1507,IC1507,7613.8,2.0,3045520.0,-1.0,1,7613.4,7615.2,2,7531.8,7542.0,7614.8,7501.2,327.0,496145080.0,1813
2015-07-17 09:17:28,IC1507,IC1507,7615.2,2.0,3046080.0,2.0,1,7613.4,7615.8,2,7531.8,7542.0,7615.2,7501.2,329.0,499191160.0,1815
2015-07-17 09:17:29,IC1507,IC1507,7615.2,0.0,0.0,0.0,1,7613.6,7615.8,2,7531.8,7542.0,7615.2,7501.2,329.0,499191160.0,1815
2015-07-17 09:17:30,IC1507,IC1507,7613.6,2.0,3045840.0,0.0,1,7613.4,7615.0,1,7531.8,7542.0,7615.6,7501.2,331.0,502237000.0,1815
2015-07-17 09:17:30,IC1507,IC1507,7613.6,0.0,0.0,0.0,1,7613.4,7614.8,3,7531.8,7542.0,7615.6,7501.2,331.0,502237000.0,1815
2015-07-17 09:17:31,IC1507,IC1507,7613.4,1.0,1522680.0,0.0,21,7612.8,7615.0,1,7531.8,7542.0,7615.6,7501.2,332.0,503759680.0,1815
2015-07-17 09:17:31,IC1507,IC1507,7615.0,2.0,3045560.0,0.0,20,7612.8,7613.4,1,7531.8,7542.0,7615.6,7501.2,334.0,506805240.0,1815
2015-07-17 09:17:33,IC1507,IC1507,7615.0,1.0,1523000.0,0.0,20,7612.8,7615.8,2,7531.8,7542.0,7615.6,7501.2,335.0,508328240.0,1815
2015-07-17 09:17:34,IC1507,IC1507,7612.8,2.0,3045160.0,-1.0,20,7612.8,7615.2,1,7531.8,7542.0,7615.6,7501.2,337.0,511373400.0,1814
2015-07-17 09:17:35,IC1507,IC1507,7612.8,0.0,0.0,0.0,1,7613.0,7615.2,1,7531.8,7542.0,7615.6,7501.2,337.0,511373400.0,1814
2015-07-17 09:17:35,IC1507,IC1507,7612.8,0.0,0.0,0.0,1,7613.2,7615.2,1,7531.8,7542.0,7615.6,7501.2,337.0,511373400.0,1814
2015-07-17 09:17:36,IC1507,IC1507,7612.8,0.0,0.0,0.0,1,7613.4,7615.2,1,7531.8,7542.0,7615.6,7501.2,337.0,511373400.0,1814
2015-07-17 09:17:36,IC1507,IC1507,7615.2,1.0,1523040.0,0.0,1,7613.4,7615.8,2,7531.8,7542.0,7615.6,7501.2,338.0,512896440.0,1814
2015-07-17 09:17:38,IC1507,IC1507,7613.4,1.0,1522680.0,-1.0,1,7613.2,7615.8,2,7531.8,7542.0,7615.6,7501.2,339.0,514419120.0,1813
2015-07-17 09:17:39,IC1507,IC1507,7613.4,0.0,0.0,0.0,1,7613.2,7613.4,4,7531.8,7542.0,7615.6,7501.2,339.0,514419120.0,1813
2015-07-17 09:17:40,IC1507,IC1507,7613.4,1.0,1522680.0,0.0,1,7613.2,7613.4,3,7531.8,7542.0,7615.6,7501.2,340.0,515941800.0,1813
2015-07-17 09:17:40,IC1507,IC1507,7613.2,1.0,1522640.0,0.0,1,7613.0,7613.4,3,7531.8,7542.0,7615.6,7501.2,341.0,517464440.0,1813
2015-07-17 09:17:41,IC1507,IC1507,7613.2,0.0,0.0,0.0,20,7612.8,7613.4,3,7531.8,7542.0,7615.6,7501.2,341.0,517464440.0,1813
2015-07-17 09:17:42,IC1507,IC1507,7613.0,1.0,1522600.0,-1.0,20,7612.8,7613.2,1,7531.8,7542.0,7615.6,7501.2,342.0,518987040.0,1812
2015-07-17 09:17:42,IC1507,IC1507,7613.2,1.0,1522640.0,0.0,20,7612.8,7613.4,3,7531.8,7542.0,7615.6,7501.2,343.0,520509680.0,1812
2015-07-17 09:17:44,IC1507,IC1507,7613.2,1.0,1522640.0,1.0,20,7612.8,7613.0,1,7531.8,7542.0,7615.6,7501.2,344.0,522032320.0,1813
2015-07-17 09:17:45,IC1507,IC1507,7613.2,1.0,1522640.0,1.0,20,7612.8,7613.4,3,7531.8,7542.0,7615.6,7501.2,345.0,523554960.0,1814
2015-07-17 09:17:47,IC1507,IC1507,7613.4,4.0,6090600.0,3.0,19,7612.8,7615.0,1,7531.8,7542.0,7615.6,7501.2,349.0,529645560.0,1817
2015-07-17 09:17:48,IC1507,IC1507,7613.4,0.0,0.0,0.0,1,7613.4,7615.0,1,7531.8,7542.0,7615.6,7501.2,349.0,529645560.0,1817
2015-07-17 09:17:49,IC1507,IC1507,7615.0,3.0,4568880.0,-2.0,4,7615.0,7615.8,2,7531.8,7542.0,7615.6,7501.2,352.0,534214440.0,1815
2015-07-17 09:17:49,IC1507,IC1507,7615.0,0.0,0.0,0.0,5,7615.0,7615.8,2,7531.8,7542.0,7615.6,7501.2,352.0,534214440.0,1815
2015-07-17 09:17:50,IC1507,IC1507,7615.0,2.0,3046000.0,-2.0,3,7615.0,7615.8,2,7531.8,7542.0,7615.6,7501.2,354.0,537260440.0,1813
2015-07-17 09:17:51,IC1507,IC1507,7615.6,3.0,4569120.0,-2.0,1,7615.0,7615.8,2,7531.8,7542.0,7615.6,7501.2,357.0,541829560.0,1811
2015-07-17 09:17:52,IC1507,IC1507,7615.8,1.0,1523160.0,0.0,1,7615.0,7615.8,1,7531.8,7542.0,7615.8,7501.2,358.0,543352720.0,1811
2015-07-17 09:17:52,IC1507,IC1507,7615.0,1.0,1523000.0,0.0,2,7613.4,7615.6,3,7531.8,7542.0,7615.8,7501.2,359.0,544875720.0,1811
2015-07-17 09:17:53,IC1507,IC1507,7615.0,0.0,0.0,0.0,2,7613.4,7615.8,1,7531.8,7542.0,7615.8,7501.2,359.0,544875720.0,1811
2015-07-17 09:17:54,IC1507,IC1507,7615.0,0.0,0.0,0.0,2,7613.4,7615.0,1,7531.8,7542.0,7615.8,7501.2,359.0,544875720.0,1811
2015-07-17 09:17:55,IC1507,IC1507,7615.0,4.0,6092000.0,1.0,6,7615.0,7615.8,1,7531.8,7542.0,7615.8,7501.2,363.0,550967720.0,1812
2015-07-17 09:17:55,IC1507,IC1507,7615.8,1.0,1523160.0,0.0,6,7615.0,7616.8,9,7531.8,7542.0,7615.8,7501.2,364.0,552490880.0,1812
2015-07-17 09:17:56,IC1507,IC1507,7615.8,0.0,0.0,0.0,6,7615.0,7615.2,1,7531.8,7542.0,7615.8,7501.2,364.0,552490880.0,1812
2015-07-17 09:17:56,IC1507,IC1507,7615.6,3.0,4569520.0,1.0,6,7615.0,7616.8,8,7531.8,7542.0,7616.8,7501.2,367.0,557060400.0,1813
2015-07-17 09:17:57,IC1507,IC1507,7615.6,0.0,0.0,0.0,1,7616.0,7616.8,8,7531.8,7542.0,7616.8,7501.2,367.0,557060400.0,1813
2015-07-17 09:17:58,IC1507,IC1507,7615.6,1.0,1523120.0,0.0,1,7616.0,7616.8,8,7531.8,7542.0,7616.8,7501.2,368.0,558583520.0,1813
2015-07-17 09:17:58,IC1507,IC1507,7616.8,1.0,1523360.0,0.0,1,7616.0,7616.8,8,7531.8,7542.0,7616.8,7501.2,369.0,560106880.0,1813
2015-07-17 09:17:59,IC1507,IC1507,7616.6,3.0,4569520.0,1.0,5,7615.0,7616.8,8,7531.8,7542.0,7616.8,7501.2,372.0,564676400.0,1814
2015-07-17 09:18:00,IC1507,IC1507,7616.8,1.0,1523360.0,-1.0,3,7615.2,7616.8,7,7531.8,7542.0,7616.8,7501.2,373.0,566199760.0,1813
2015-07-17 09:18:00,IC1507,IC1507,7616.8,0.0,0.0,0.0,5,7615.0,7616.8,7,7531.8,7542.0,7616.8,7501.2,373.0,566199760.0,1813
2015-07-17 09:18:02,IC1507,IC1507,7616.8,1.0,1523360.0,0.0,5,7615.0,7616.8,6,7531.8,7542.0,7616.8,7501.2,374.0,567723120.0,1813
2015-07-17 09:18:03,IC1507,IC1507,7615.0,5.0,7615000.0,0.0,1,7613.4,7616.8,6,7531.8,7542.0,7616.8,7501.2,379.0,575338120.0,1813
2015-07-17 09:18:04,IC1507,IC1507,7615.0,0.0,0.0,0.0,1,7613.4,7615.8,1,7531.8,7542.0,7616.8,7501.2,379.0,575338120.0,1813
2015-07-17 09:18:05,IC1507,IC1507,7615.8,1.0,1523160.0,0.0,1,7615.8,7616.2,1,7531.8,7542.0,7616.8,7501.2,380.0,576861280.0,1813
2015-07-17 09:18:05,IC1507,IC1507,7615.8,0.0,0.0,0.0,1,7613.8,7616.2,1,7531.8,7542.0,7616.8,7501.2,380.0,576861280.0,1813
2015-07-17 09:18:06,IC1507,IC1507,7614.0,1.0,1522800.0,0.0,1,7613.8,7616.2,1,7531.8,7542.0,7616.8,7501.2,381.0,578384080.0,1813
2015-07-17 09:18:07,IC1507,IC1507,7613.8,1.0,1522760.0,-1.0,1,7613.4,7613.8,1,7531.8,7542.0,7616.8,7501.2,382.0,579906840.0,1812
2015-07-17 09:18:07,IC1507,IC1507,7616.2,2.0,3046000.0,-1.0,1,7616.4,7616.8,6,7531.8,7542.0,7616.8,7501.2,384.0,582952840.0,1811
2015-07-17 09:18:08,IC1507,IC1507,7616.4,4.0,6093360.0,-1.0,2,7615.0,7615.8,4,7531.8,7542.0,7616.8,7501.2,388.0,589046200.0,1810
2015-07-17 09:18:09,IC1507,IC1507,7616.4,0.0,0.0,0.0,2,7615.0,7615.4,1,7531.8,7542.0,7616.8,7501.2,388.0,589046200.0,1810
2015-07-17 09:18:10,IC1507,IC1507,7615.4,1.0,1523080.0,0.0,2,7615.0,7615.8,4,7531.8,7542.0,7616.8,7501.2,389.0,590569280.0,1810
2015-07-17 09:18:10,IC1507,IC1507,7615.4,1.0,1523080.0,-1.0,3,7615.0,7615.8,4,7531.8,7542.0,7616.8,7501.2,390.0,592092360.0,1809
2015-07-17 09:18:12,IC1507,IC1507,7615.8,4.0,6092480.0,-1.0,2,7615.0,7615.8,1,7531.8,7542.0,7616.8,7501.2,394.0,598184840.0,1808
2015-07-17 09:18:12,IC1507,IC1507,7615.0,1.0,1523000.0,1.0,1,7615.0,7615.8,1,7531.8,7542.0,7616.8,7501.2,395.0,599707840.0,1809
2015-07-17 09:18:16,IC1507,IC1507,7615.0,1.0,1523000.0,0.0,1,7613.4,7615.8,1,7531.8,7542.0,7616.8,7501.2,396.0,601230840.0,1809
2015-07-17 09:18:17,IC1507,IC1507,7615.8,1.0,1523160.0,0.0,1,7613.4,7616.2,1,7531.8,7542.0,7616.8,7501.2,397.0,602754000.0,1809
2015-07-17 09:18:17,IC1507,IC1507,7615.8,0.0,0.0,0.0,1,7613.4,7614.8,1,7531.8,7542.0,7616.8,7501.2,397.0,602754000.0,1809
2015-07-17 09:18:18,IC1507,IC1507,7613.4,1.0,1522680.0,1.0,19,7612.8,7614.8,1,7531.8,7542.0,7616.8,7501.2,398.0,604276680.0,1810
2015-07-17 09:18:19,IC1507,IC1507,7613.4,2.0,3045360.0,0.0,19,7612.8,7615.0,1,7531.8,7542.0,7616.8,7501.2,400.0,607322040.0,1810
2015-07-17 09:18:19,IC1507,IC1507,7612.8,2.0,3045120.0,0.0,17,7612.8,7613.2,1,7531.8,7542.0,7616.8,7501.2,402.0,610367160.0,1810
2015-07-17 09:18:20,IC1507,IC1507,7613.2,8.0,12180560.0,6.0,10,7612.8,7613.0,1,7531.8,7542.0,7616.8,7501.2,410.0,622547720.0,1816
2015-07-17 09:18:20,IC1507,IC1507,7612.8,4.0,6090240.0,0.0,6,7612.8,7613.0,1,7531.8,7542.0,7616.8,7501.2,414.0,628637960.0,1816
2015-07-17 09:18:21,IC1507,IC1507,7612.8,6.0,9135360.0,3.0,2,7610.2,7615.0,1,7531.8,7542.0,7616.8,7501.2,420.0,637773320.0,1819
2015-07-17 09:18:21,IC1507,IC1507,7612.8,10.0,15216080.0,0.0,15,7606.2,7614.4,1,7531.8,7542.0,7616.8,7501.2,430.0,652989400.0,1819
2015-07-17 09:18:22,IC1507,IC1507,7612.8,0.0,0.0,0.0,15,7606.2,7613.4,1,7531.8,7542.0,7616.8,7501.2,430.0,652989400.0,1819
2015-07-17 09:18:22,IC1507,IC1507,7606.2,2.0,3042480.0,0.0,13,7606.2,7615.0,1,7531.8,7542.0,7616.8,7501.2,432.0,656031880.0,1819
2015-07-17 09:18:23,IC1507,IC1507,7606.2,0.0,0.0,0.0,1,7608.0,7615.0,1,7531.8,7542.0,7616.8,7501.2,432.0,656031880.0,1819
2015-07-17 09:18:23,IC1507,IC1507,7606.2,1.0,1521240.0,-1.0,1,7608.0,7613.4,5,7531.8,7542.0,7616.8,7501.2,433.0,657553120.0,1818
2015-07-17 09:18:24,IC1507,IC1507,7606.2,0.0,0.0,0.0,1,7608.6,7613.4,5,7531.8,7542.0,7616.8,7501.2,433.0,657553120.0,1818
2015-07-17 09:18:25,IC1507,IC1507,7606.2,0.0,0.0,0.0,1,7608.6,7612.8,1,7531.8,7542.0,7616.8,7501.2,433.0,657553120.0,1818
2015-07-17 09:18:25,IC1507,IC1507,7606.2,0.0,0.0,0.0,1,7609.2,7612.6,1,7531.8,7542.0,7616.8,7501.2,433.0,657553120.0,1818
2015-07-17 09:18:26,IC1507,IC1507,7606.2,0.0,0.0,0.0,1,7609.6,7612.6,1,7531.8,7542.0,7616.8,7501.2,433.0,657553120.0,1818
2015-07-17 09:18:26,IC1507,IC1507,7609.2,1.0,1521840.0,-1.0,1,7609.2,7612.6,1,7531.8,7542.0,7616.8,7501.2,434.0,659074960.0,1817
2015-07-17 09:18:27,IC1507,IC1507,7609.2,0.0,0.0,0.0,1,7609.2,7612.4,2,7531.8,7542.0,7616.8,7501.2,434.0,659074960.0,1817
2015-07-17 09:18:28,IC1507,IC1507,7612.4,1.0,1522480.0,0.0,1,7609.2,7612.4,1,7531.8,7542.0,7616.8,7501.2,435.0,660597440.0,1817
2015-07-17 09:18:28,IC1507,IC1507,7612.4,0.0,0.0,0.0,1,7609.2,7612.2,1,7531.8,7542.0,7616.8,7501.2,435.0,660597440.0,1817
2015-07-17 09:18:29,IC1507,IC1507,7612.4,0.0,0.0,0.0,1,7609.2,7612.0,1,7531.8,7542.0,7616.8,7501.2,435.0,660597440.0,1817
2015-07-17 09:18:30,IC1507,IC1507,7609.2,1.0,1521840.0,-1.0,13,7606.2,7612.0,1,7531.8,7542.0,7616.8,7501.2,436.0,662119280.0,1816
2015-07-17 09:18:30,IC1507,IC1507,7611.6,1.0,1522320.0,1.0,1,7606.8,7612.0,1,7531.8,7542.0,7616.8,7501.2,437.0,663641600.0,1817
2015-07-17 09:18:31,IC1507,IC1507,7611.6,0.0,0.0,0.0,13,7606.2,7612.0,1,7531.8,7542.0,7616.8,7501.2,437.0,663641600.0,1817
2015-07-17 09:18:32,IC1507,IC1507,7611.6,0.0,0.0,0.0,1,7606.8,7611.8,1,7531.8,7542.0,7616.8,7501.2,437.0,663641600.0,1817
2015-07-17 09:18:32,IC1507,IC1507,7611.6,0.0,0.0,0.0,1,7607.4,7611.4,1,7531.8,7542.0,7616.8,7501.2,437.0,663641600.0,1817
2015-07-17 09:18:33,IC1507,IC1507,7611.6,0.0,0.0,0.0,1,7607.4,7610.6,1,7531.8,7542.0,7616.8,7501.2,437.0,663641600.0,1817
2015-07-17 09:18:34,IC1507,IC1507,7611.4,2.0,3044560.0,-1.0,1,7607.4,7611.4,1,7531.8,7542.0,7616.8,7501.2,439.0,666686160.0,1816
2015-07-17 09:18:34,IC1507,IC1507,7611.4,0.0,0.0,0.0,1,7607.4,7609.2,5,7531.8,7542.0,7616.8,7501.2,439.0,666686160.0,1816
2015-07-17 09:18:35,IC1507,IC1507,7611.4,0.0,0.0,0.0,1,7607.4,7608.6,1,7531.8,7542.0,7616.8,7501.2,439.0,666686160.0,1816
2015-07-17 09:18:36,IC1507,IC1507,7611.4,0.0,0.0,0.0,1,7608.0,7608.6,1,7531.8,7542.0,7616.8,7501.2,439.0,666686160.0,1816
2015-07-17 09:18:36,IC1507,IC1507,7611.4,0.0,0.0,0.0,1,7607.4,7608.6,1,7531.8,7542.0,7616.8,7501.2,439.0,666686160.0,1816
2015-07-17 09:18:37,IC1507,IC1507,7611.4,0.0,0.0,0.0,1,7607.4,7608.2,2,7531.8,7542.0,7616.8,7501.2,439.0,666686160.0,1816
2015-07-17 09:18:37,IC1507,IC1507,7607.6,2.0,3043160.0,-1.0,1,7607.4,7608.2,1,7531.8,7542.0,7616.8,7501.2,441.0,669729320.0,1815
2015-07-17 09:18:38,IC1507,IC1507,7607.6,0.0,0.0,0.0,1,7607.4,7609.2,5,7531.8,7542.0,7616.8,7501.2,441.0,669729320.0,1815
2015-07-17 09:18:38,IC1507,IC1507,7607.6,1.0,1521520.0,-1.0,1,7607.4,7609.2,5,7531.8,7542.0,7616.8,7501.2,442.0,671250840.0,1814
2015-07-17 09:18:39,IC1507,IC1507,7607.6,1.0,1521520.0,0.0,1,7607.4,7608.6,1,7531.8,7542.0,7616.8,7501.2,443.0,672772360.0,1814
2015-07-17 09:18:39,IC1507,IC1507,7607.6,0.0,0.0,0.0,1,7607.6,7608.6,1,7531.8,7542.0,7616.8,7501.2,443.0,672772360.0,1814
2015-07-17 09:18:40,IC1507,IC1507,7607.6,0.0,0.0,0.0,1,7607.4,7608.6,1,7531.8,7542.0,7616.8,7501.2,443.0,672772360.0,1814
2015-07-17 09:18:40,IC1507,IC1507,7608.6,1.0,1521720.0,0.0,1,7607.4,7615.0,1,7531.8,7542.0,7616.8,7501.2,444.0,674294080.0,1814
2015-07-17 09:18:41,IC1507,IC1507,7608.6,0.0,0.0,0.0,1,7607.4,7608.2,1,7531.8,7542.0,7616.8,7501.2,444.0,674294080.0,1814
2015-07-17 09:18:41,IC1507,IC1507,7608.6,1.0,1521720.0,0.0,1,7607.4,7608.0,2,7531.8,7542.0,7616.8,7501.2,445.0,675815800.0,1814
2015-07-17 09:18:42,IC1507,IC1507,7608.0,1.0,1521600.0,-1.0,1,7607.4,7608.2,1,7531.8,7542.0,7616.8,7501.2,446.0,677337400.0,1813
2015-07-17 09:18:42,IC1507,IC1507,7607.4,1.0,1521480.0,-1.0,13,7606.2,7607.6,1,7531.8,7542.0,7616.8,7501.2,447.0,678858880.0,1812
2015-07-17 09:18:43,IC1507,IC1507,7607.4,0.0,0.0,0.0,13,7606.2,7607.4,1,7531.8,7542.0,7616.8,7501.2,447.0,678858880.0,1812
2015-07-17 09:18:44,IC1507,IC1507,7607.4,0.0,0.0,0.0,13,7606.2,7607.0,3,7531.8,7542.0,7616.8,7501.2,447.0,678858880.0,1812
2015-07-17 09:18:44,IC1507,IC1507,7607.4,0.0,0.0,0.0,13,7606.2,7607.0,8,7531.8,7542.0,7616.8,7501.2,447.0,678858880.0,1812
2015-07-17 09:18:45,IC1507,IC1507,7607.4,1.0,1521480.0,0.0,13,7606.2,7607.0,10,7531.8,7542.0,7616.8,7501.2,448.0,680380360.0,1812
2015-07-17 09:18:45,IC1507,IC1507,7606.2,1.0,1521240.0,1.0,12,7606.2,7607.0,11,7531.8,7542.0,7616.8,7501.2,449.0,681901600.0,1813
2015-07-17 09:18:46,IC1507,IC1507,7606.2,0.0,0.0,0.0,12,7606.2,7607.0,12,7531.8,7542.0,7616.8,7501.2,449.0,681901600.0,1813
2015-07-17 09:18:48,IC1507,IC1507,7606.2,1.0,1521240.0,0.0,11,7606.2,7607.0,12,7531.8,7542.0,7616.8,7501.2,450.0,683422840.0,1813
2015-07-17 09:18:48,IC1507,IC1507,7606.2,0.0,0.0,0.0,11,7606.2,7607.0,10,7531.8,7542.0,7616.8,7501.2,450.0,683422840.0,1813
2015-07-17 09:18:49,IC1507,IC1507,7606.2,1.0,1521240.0,1.0,10,7606.2,7607.0,11,7531.8,7542.0,7616.8,7501.2,451.0,684944080.0,1814
2015-07-17 09:18:50,IC1507,IC1507,7607.0,1.0,1521400.0,1.0,10,7606.2,7607.0,10,7531.8,7542.0,7616.8,7501.2,452.0,686465480.0,1815
2015-07-17 09:18:50,IC1507,IC1507,7607.0,3.0,4564200.0,1.0,10,7606.2,7607.0,6,7531.8,7542.0,7616.8,7501.2,455.0,691029680.0,1816
2015-07-17 09:18:51,IC1507,IC1507,7607.0,0.0,0.0,0.0,10,7606.2,7607.0,4,7531.8,7542.0,7616.8,7501.2,455.0,691029680.0,1816
2015-07-17 09:18:51,IC1507,IC1507,7607.0,0.0,0.0,0.0,4,7606.4,7607.0,4,7531.8,7542.0,7616.8,7501.2,455.0,691029680.0,1816
2015-07-17 09:18:52,IC1507,IC1507,7606.2,7.0,10649160.0,0.0,8,7606.2,7607.0,2,7531.8,7542.0,7616.8,7501.2,462.0,701678840.0,1816
2015-07-17 09:18:53,IC1507,IC1507,7607.4,3.0,4564280.0,2.0,8,7606.2,7615.0,1,7531.8,7542.0,7616.8,7501.2,465.0,706243120.0,1818
2015-07-17 09:18:54,IC1507,IC1507,7607.4,0.0,0.0,0.0,2,7607.4,7615.0,1,7531.8,7542.0,7616.8,7501.2,465.0,706243120.0,1818
2015-07-17 09:18:54,IC1507,IC1507,7607.4,0.0,0.0,0.0,2,7607.4,7614.6,2,7531.8,7542.0,7616.8,7501.2,465.0,706243120.0,1818
2015-07-17 09:18:55,IC1507,IC1507,7607.4,0.0,0.0,0.0,2,7607.4,7614.4,1,7531.8,7542.0,7616.8,7501.2,465.0,706243120.0,1818
2015-07-17 09:18:57,IC1507,IC1507,7607.4,1.0,1521480.0,0.0,1,7607.4,7614.6,2,7531.8,7542.0,7616.8,7501.2,466.0,707764600.0,1818
2015-07-17 09:18:58,IC1507,IC1507,7607.4,0.0,0.0,0.0,1,7607.4,7615.0,1,7531.8,7542.0,7616.8,7501.2,466.0,707764600.0,1818
2015-07-17 09:18:59,IC1507,IC1507,7607.4,0.0,0.0,0.0,1,7608.0,7615.0,1,7531.8,7542.0,7616.8,7501.2,466.0,707764600.0,1818
2015-07-17 09:19:00,IC1507,IC1507,7607.4,0.0,0.0,0.0,1,7608.8,7615.0,1,7531.8,7542.0,7616.8,7501.2,466.0,707764600.0,1818
2015-07-17 09:19:01,IC1507,IC1507,7615.0,1.0,1523000.0,1.0,1,7608.8,7610.0,1,7531.8,7542.0,7616.8,7501.2,467.0,709287600.0,1819
2015-07-17 09:19:01,IC1507,IC1507,7615.0,1.0,1523000.0,0.0,1,7608.8,7616.0,1,7531.8,7542.0,7616.8,7501.2,468.0,710810600.0,1819
2015-07-17 09:19:02,IC1507,IC1507,7615.0,1.0,1523000.0,0.0,1,7608.8,7616.0,1,7531.8,7542.0,7616.8,7501.2,469.0,712333600.0,1819
2015-07-17 09:19:02,IC1507,IC1507,7615.0,0.0,0.0,0.0,1,7608.8,7615.4,1,7531.8,7542.0,7616.8,7501.2,469.0,712333600.0,1819
2015-07-17 09:19:04,IC1507,IC1507,7608.8,1.0,1521760.0,0.0,1,7608.0,7615.4,1,7531.8,7542.0,7616.8,7501.2,470.0,713855360.0,1819
2015-07-17 09:19:05,IC1507,IC1507,7616.0,2.0,3046280.0,0.0,4,7609.2,7616.0,1,7531.8,7542.0,7616.8,7501.2,472.0,716901640.0,1819
2015-07-17 09:19:05,IC1507,IC1507,7616.0,0.0,0.0,0.0,1,7609.6,7613.2,1,7531.8,7542.0,7616.8,7501.2,472.0,716901640.0,1819
2015-07-17 09:19:06,IC1507,IC1507,7616.0,1.0,1523200.0,0.0,1,7609.6,7616.0,1,7531.8,7542.0,7616.8,7501.2,473.0,718424840.0,1819
2015-07-17 09:19:06,IC1507,IC1507,7616.0,0.0,0.0,0.0,1,7610.2,7616.0,1,7531.8,7542.0,7616.8,7501.2,473.0,718424840.0,1819
2015-07-17 09:19:07,IC1507,IC1507,7616.0,0.0,0.0,0.0,2,7610.8,7616.0,1,7531.8,7542.0,7616.8,7501.2,473.0,718424840.0,1819
2015-07-17 09:19:08,IC1507,IC1507,7616.0,1.0,1523200.0,-1.0,2,7610.8,7616.2,1,7531.8,7542.0,7616.8,7501.2,474.0,719948040.0,1818
2015-07-17 09:19:10,IC1507,IC1507,7616.0,0.0,0.0,0.0,1,7611.2,7616.2,1,7531.8,7542.0,7616.8,7501.2,474.0,719948040.0,1818
2015-07-17 09:19:10,IC1507,IC1507,7616.0,0.0,0.0,0.0,1,7611.2,7616.0,4,7531.8,7542.0,7616.8,7501.2,474.0,719948040.0,1818
2015-07-17 09:19:11,IC1507,IC1507,7616.0,0.0,0.0,0.0,1,7611.8,7616.2,1,7531.8,7542.0,7616.8,7501.2,474.0,719948040.0,1818
2015-07-17 09:19:12,IC1507,IC1507,7616.0,0.0,0.0,0.0,2,7612.2,7616.2,1,7531.8,7542.0,7616.8,7501.2,474.0,719948040.0,1818
2015-07-17 09:19:13,IC1507,IC1507,7616.2,1.0,1523240.0,-1.0,4,7612.2,7617.8,2,7531.8,7542.0,7616.8,7501.2,475.0,721471280.0,1817
2015-07-17 09:19:13,IC1507,IC1507,7617.8,2.0,3047120.0,0.0,7,7612.2,7618.8,2,7531.8,7542.0,7617.8,7501.2,477.0,724518400.0,1817
2015-07-17 09:19:14,IC1507,IC1507,7617.8,0.0,0.0,0.0,8,7612.2,7618.8,2,7531.8,7542.0,7617.8,7501.2,477.0,724518400.0,1817
2015-07-17 09:19:14,IC1507,IC1507,7618.8,1.0,1523760.0,-1.0,1,7616.8,7618.8,1,7531.8,7542.0,7618.8,7501.2,478.0,726042160.0,1816
2015-07-17 09:19:15,IC1507,IC1507,7618.8,2.0,3047520.0,0.0,1,7616.8,7618.8,1,7531.8,7542.0,7618.8,7501.2,480.0,729089680.0,1816
2015-07-17 09:19:15,IC1507,IC1507,7618.8,1.0,1523760.0,-1.0,1,7617.8,7625.0,1,7531.8,7542.0,7618.8,7501.2,481.0,730613440.0,1815
2015-07-17 09:19:16,IC1507,IC1507,7624.8,2.0,3049920.0,0.0,1,7617.2,7625.0,1,7531.8,7542.0,7624.8,7501.2,483.0,733663360.0,1815
2015-07-17 09:19:16,IC1507,IC1507,7625.0,1.0,1525000.0,0.0,2,7618.2,7628.8,2,7531.8,7542.0,7625.0,7501.2,484.0,735188360.0,1815
2015-07-17 09:19:17,IC1507,IC1507,7625.0,0.0,0.0,0.0,1,7618.4,7628.8,2,7531.8,7542.0,7625.0,7501.2,484.0,735188360.0,1815
2015-07-17 09:19:17,IC1507,IC1507,7625.0,0.0,0.0,0.0,1,7622.4,7628.8,3,7531.8,7542.0,7625.0,7501.2,484.0,735188360.0,1815
2015-07-17 09:19:18,IC1507,IC1507,7625.0,0.0,0.0,0.0,1,7626.4,7628.8,3,7531.8,7542.0,7625.0,7501.2,484.0,735188360.0,1815
2015-07-17 09:19:18,IC1507,IC1507,7625.0,0.0,0.0,0.0,2,7619.6,7628.8,3,7531.8,7542.0,7625.0,7501.2,484.0,735188360.0,1815
2015-07-17 09:19:19,IC1507,IC1507,7625.0,0.0,0.0,0.0,1,7626.8,7628.8,3,7531.8,7542.0,7625.0,7501.2,484.0,735188360.0,1815
2015-07-17 09:19:19,IC1507,IC1507,7628.8,1.0,1525760.0,0.0,1,7626.8,7628.8,2,7531.8,7542.0,7628.8,7501.2,485.0,736714120.0,1815
2015-07-17 09:19:20,IC1507,IC1507,7628.8,0.0,0.0,0.0,4,7627.0,7628.8,2,7531.8,7542.0,7628.8,7501.2,485.0,736714120.0,1815
2015-07-17 09:19:20,IC1507,IC1507,7628.8,2.0,3051520.0,0.0,1,7627.2,7638.8,2,7531.8,7542.0,7628.8,7501.2,487.0,739765640.0,1815
2015-07-17 09:19:21,IC1507,IC1507,7638.8,3.0,4581280.0,0.0,1,7632.6,7648.8,2,7531.8,7542.0,7638.8,7501.2,490.0,744346920.0,1815
2015-07-17 09:19:21,IC1507,IC1507,7648.8,2.0,3057520.0,0.0,1,7647.2,7648.6,1,7531.8,7542.0,7648.8,7501.2,492.0,747404440.0,1815
2015-07-17 09:19:22,IC1507,IC1507,7647.2,1.0,1529440.0,0.0,1,7638.8,7648.2,1,7531.8,7542.0,7648.8,7501.2,493.0,748933880.0,1815
2015-07-17 09:19:22,IC1507,IC1507,7647.8,1.0,1529560.0,1.0,1,7639.6,7647.2,1,7531.8,7542.0,7648.8,7501.2,494.0,750463440.0,1816
2015-07-17 09:19:23,IC1507,IC1507,7647.8,0.0,0.0,0.0,2,7638.8,7647.2,1,7531.8,7542.0,7648.8,7501.2,494.0,750463440.0,1816
2015-07-17 09:19:23,IC1507,IC1507,7647.8,0.0,0.0,0.0,1,7640.6,7646.6,1,7531.8,7542.0,7648.8,7501.2,494.0,750463440.0,1816
2015-07-17 09:19:24,IC1507,IC1507,7647.8,1.0,1529560.0,1.0,1,7640.6,7647.2,1,7531.8,7542.0,7648.8,7501.2,495.0,751993000.0,1817
2015-07-17 09:19:24,IC1507,IC1507,7647.8,0.0,0.0,0.0,1,7641.2,7647.2,1,7531.8,7542.0,7648.8,7501.2,495.0,751993000.0,1817
2015-07-17 09:19:25,IC1507,IC1507,7647.8,0.0,0.0,0.0,6,7641.0,7647.2,1,7531.8,7542.0,7648.8,7501.2,495.0,751993000.0,1817
2015-07-17 09:19:25,IC1507,IC1507,7647.8,0.0,0.0,0.0,1,7641.6,7646.6,1,7531.8,7542.0,7648.8,7501.2,495.0,751993000.0,1817
2015-07-17 09:19:26,IC1507,IC1507,7647.8,0.0,0.0,0.0,1,7642.2,7646.6,1,7531.8,7542.0,7648.8,7501.2,495.0,751993000.0,1817
2015-07-17 09:19:26,IC1507,IC1507,7642.8,1.0,1528560.0,-1.0,1,7642.2,7646.6,1,7531.8,7542.0,7648.8,7501.2,496.0,753521560.0,1816
2015-07-17 09:19:27,IC1507,IC1507,7642.8,0.0,0.0,0.0,4,7642.6,7646.6,1,7531.8,7542.0,7648.8,7501.2,496.0,753521560.0,1816
2015-07-17 09:19:27,IC1507,IC1507,7642.8,0.0,0.0,0.0,1,7642.2,7648.2,1,7531.8,7542.0,7648.8,7501.2,496.0,753521560.0,1816
2015-07-17 09:19:28,IC1507,IC1507,7648.8,3.0,4589160.0,0.0,7,7648.8,7650.0,7,7531.8,7542.0,7648.8,7501.2,499.0,758110720.0,1816
2015-07-17 09:19:28,IC1507,IC1507,7650.0,2.0,3060000.0,0.0,7,7648.8,7650.0,5,7531.8,7542.0,7650.0,7501.2,501.0,761170720.0,1816
2015-07-17 09:19:29,IC1507,IC1507,7650.0,2.0,3059760.0,0.0,1,7649.4,7650.0,4,7531.8,7542.0,7650.0,7501.2,503.0,764230480.0,1816
2015-07-17 09:19:29,IC1507,IC1507,7650.0,3.0,4589640.0,-1.0,5,7648.8,7650.0,3,7531.8,7542.0,7650.0,7501.2,506.0,768820120.0,1815
2015-07-17 09:19:30,IC1507,IC1507,7650.0,3.0,4590000.0,-3.0,7,7650.0,7655.4,1,7531.8,7542.0,7650.0,7501.2,509.0,773410120.0,1812
2015-07-17 09:19:30,IC1507,IC1507,7650.0,1.0,1530000.0,0.0,6,7650.0,7655.4,1,7531.8,7542.0,7650.0,7501.2,510.0,774940120.0,1812
2015-07-17 09:19:31,IC1507,IC1507,7650.0,0.0,0.0,0.0,7,7650.0,7655.4,1,7531.8,7542.0,7650.0,7501.2,510.0,774940120.0,1812
2015-07-17 09:19:31,IC1507,IC1507,7658.8,3.0,4594600.0,0.0,7,7650.0,7668.8,2,7531.8,7542.0,7658.8,7501.2,513.0,779534720.0,1812
2015-07-17 09:19:32,IC1507,IC1507,7650.0,2.0,3060000.0,-1.0,1,7650.2,7653.4,1,7531.8,7542.0,7658.8,7501.2,515.0,782594720.0,1811
2015-07-17 09:19:32,IC1507,IC1507,7653.4,2.0,3060720.0,1.0,1,7650.2,7668.4,2,7531.8,7542.0,7658.8,7501.2,517.0,785655440.0,1812
2015-07-17 09:19:33,IC1507,IC1507,7653.4,0.0,0.0,0.0,1,7650.2,7666.6,1,7531.8,7542.0,7658.8,7501.2,517.0,785655440.0,1812
2015-07-17 09:19:33,IC1507,IC1507,7653.4,0.0,0.0,0.0,1,7650.2,7667.4,1,7531.8,7542.0,7658.8,7501.2,517.0,785655440.0,1812
2015-07-17 09:19:34,IC1507,IC1507,7665.8,1.0,1533160.0,0.0,1,7650.2,7666.4,1,7531.8,7542.0,7665.8,7501.2,518.0,787188600.0,1812
2015-07-17 09:19:34,IC1507,IC1507,7650.2,2.0,3060720.0,1.0,6,7650.0,7666.4,1,7531.8,7542.0,7665.8,7501.2,520.0,790249320.0,1813
2015-07-17 09:19:35,IC1507,IC1507,7650.2,0.0,0.0,0.0,6,7650.0,7664.2,1,7531.8,7542.0,7665.8,7501.2,520.0,790249320.0,1813
2015-07-17 09:19:35,IC1507,IC1507,7650.0,2.0,3060000.0,-1.0,1,7653.4,7664.0,2,7531.8,7542.0,7665.8,7501.2,522.0,793309320.0,1812
2015-07-17 09:19:36,IC1507,IC1507,7650.0,0.0,0.0,0.0,1,7653.4,7655.4,1,7531.8,7542.0,7665.8,7501.2,522.0,793309320.0,1812
2015-07-17 09:19:36,IC1507,IC1507,7653.4,1.0,1530680.0,1.0,4,7650.0,7655.4,1,7531.8,7542.0,7665.8,7501.2,523.0,794840000.0,1813
2015-07-17 09:19:37,IC1507,IC1507,7653.4,0.0,0.0,0.0,4,7650.0,7654.8,1,7531.8,7542.0,7665.8,7501.2,523.0,794840000.0,1813
2015-07-17 09:19:37,IC1507,IC1507,7653.0,2.0,3060640.0,1.0,4,7650.0,7653.0,2,7531.8,7542.0,7665.8,7501.2,525.0,797900640.0,1814
2015-07-17 09:19:38,IC1507,IC1507,7650.0,5.0,7651200.0,-1.0,5,7648.8,7652.4,1,7531.8,7542.0,7665.8,7501.2,530.0,805551840.0,1813
2015-07-17 09:19:39,IC1507,IC1507,7650.0,0.0,0.0,0.0,5,7648.8,7650.0,1,7531.8,7542.0,7665.8,7501.2,530.0,805551840.0,1813
2015-07-17 09:19:39,IC1507,IC1507,7650.0,0.0,0.0,0.0,2,7649.0,7650.0,1,7531.8,7542.0,7665.8,7501.2,530.0,805551840.0,1813
2015-07-17 09:19:40,IC1507,IC1507,7650.0,1.0,1530000.0,1.0,5,7648.8,7652.4,1,7531.8,7542.0,7665.8,7501.2,531.0,807081840.0,1814
2015-07-17 09:19:40,IC1507,IC1507,7648.8,1.0,1529760.0,1.0,4,7648.8,7651.4,1,7531.8,7542.0,7665.8,7501.2,532.0,808611600.0,1815
2015-07-17 09:19:41,IC1507,IC1507,7648.8,2.0,3059520.0,0.0,2,7648.8,7651.4,1,7531.8,7542.0,7665.8,7501.2,534.0,811671120.0,1815
2015-07-17 09:19:41,IC1507,IC1507,7651.2,3.0,4590240.0,-2.0,1,7648.8,7651.4,1,7531.8,7542.0,7665.8,7501.2,537.0,816261360.0,1813
2015-07-17 09:19:42,IC1507,IC1507,7651.2,0.0,0.0,0.0,1,7648.8,7651.0,1,7531.8,7542.0,7665.8,7501.2,537.0,816261360.0,1813
2015-07-17 09:19:42,IC1507,IC1507,7648.2,2.0,3059400.0,1.0,1,7646.6,7651.0,1,7531.8,7542.0,7665.8,7501.2,539.0,819320760.0,1814
2015-07-17 09:19:43,IC1507,IC1507,7646.6,1.0,1529320.0,1.0,1,7638.8,7646.4,1,7531.8,7542.0,7665.8,7501.2,540.0,820850080.0,1815
2015-07-17 09:19:44,IC1507,IC1507,7650.4,1.0,1530080.0,1.0,1,7638.8,7645.4,1,7531.8,7542.0,7665.8,7501.2,541.0,822380160.0,1816
2015-07-17 09:19:44,IC1507,IC1507,7650.4,0.0,0.0,0.0,1,7639.4,7645.4,1,7531.8,7542.0,7665.8,7501.2,541.0,822380160.0,1816
2015-07-17 09:19:45,IC1507,IC1507,7639.4,2.0,3057160.0,-1.0,1,7638.8,7645.2,1,7531.8,7542.0,7665.8,7501.2,543.0,825437320.0,1815
2015-07-17 09:19:45,IC1507,IC1507,7644.8,1.0,1528960.0,1.0,1,7639.4,7645.2,1,7531.8,7542.0,7665.8,7501.2,544.0,826966280.0,1816
2015-07-17 09:19:46,IC1507,IC1507,7645.2,1.0,1529040.0,0.0,1,7638.8,7644.6,1,7531.8,7542.0,7665.8,7501.2,545.0,828495320.0,1816
2015-07-17 09:19:46,IC1507,IC1507,7645.2,0.0,0.0,0.0,1,7640.4,7644.0,1,7531.8,7542.0,7665.8,7501.2,545.0,828495320.0,1816
2015-07-17 09:19:47,IC1507,IC1507,7645.2,0.0,0.0,0.0,1,7641.0,7644.0,1,7531.8,7542.0,7665.8,7501.2,545.0,828495320.0,1816
2015-07-17 09:19:47,IC1507,IC1507,7645.2,1.0,1529040.0,1.0,1,7640.4,7644.6,1,7531.8,7542.0,7665.8,7501.2,546.0,830024360.0,1817
2015-07-17 09:19:48,IC1507,IC1507,7645.2,0.0,0.0,0.0,1,7640.4,7645.4,1,7531.8,7542.0,7665.8,7501.2,546.0,830024360.0,1817
2015-07-17 09:19:48,IC1507,IC1507,7645.4,1.0,1529080.0,-1.0,1,7645.4,7646.4,1,7531.8,7542.0,7665.8,7501.2,547.0,831553440.0,1816
2015-07-17 09:19:50,IC1507,IC1507,7646.4,1.0,1529280.0,1.0,1,7646.4,7653.0,1,7531.8,7542.0,7665.8,7501.2,548.0,833082720.0,1817
2015-07-17 09:19:50,IC1507,IC1507,7646.4,1.0,1529280.0,-1.0,1,7646.4,7650.0,1,7531.8,7542.0,7665.8,7501.2,549.0,834612000.0,1816
2015-07-17 09:19:51,IC1507,IC1507,7646.4,0.0,0.0,0.0,1,7647.0,7650.0,1,7531.8,7542.0,7665.8,7501.2,549.0,834612000.0,1816
2015-07-17 09:19:51,IC1507,IC1507,7646.4,0.0,0.0,0.0,1,7648.8,7650.0,1,7531.8,7542.0,7665.8,7501.2,549.0,834612000.0,1816
2015-07-17 09:19:52,IC1507,IC1507,7650.0,1.0,1530000.0,0.0,1,7648.8,7653.0,1,7531.8,7542.0,7665.8,7501.2,550.0,836142000.0,1816
2015-07-17 09:19:53,IC1507,IC1507,7652.6,1.0,1530520.0,0.0,1,7649.4,7656.0,1,7531.8,7542.0,7665.8,7501.2,551.0,837672520.0,1816
2015-07-17 09:19:54,IC1507,IC1507,7649.4,3.0,4590640.0,-3.0,1,7646.4,7649.4,7,7531.8,7542.0,7665.8,7501.2,554.0,842263160.0,1813
2015-07-17 09:19:54,IC1507,IC1507,7649.4,1.0,1529880.0,0.0,1,7646.4,7649.4,6,7531.8,7542.0,7665.8,7501.2,555.0,843793040.0,1813
2015-07-17 09:19:55,IC1507,IC1507,7649.4,0.0,0.0,0.0,1,7645.4,7648.8,1,7531.8,7542.0,7665.8,7501.2,555.0,843793040.0,1813
2015-07-17 09:19:55,IC1507,IC1507,7645.6,1.0,1529120.0,1.0,1,7644.0,7648.8,1,7531.8,7542.0,7665.8,7501.2,556.0,845322160.0,1814
2015-07-17 09:19:56,IC1507,IC1507,7648.8,2.0,3059480.0,1.0,3,7648.8,7649.4,6,7531.8,7542.0,7665.8,7501.2,558.0,848381640.0,1815
2015-07-17 09:19:57,IC1507,IC1507,7648.8,2.0,3059520.0,0.0,2,7648.8,7649.4,6,7531.8,7542.0,7665.8,7501.2,560.0,851441160.0,1815
2015-07-17 09:19:58,IC1507,IC1507,7649.4,1.0,1529880.0,0.0,2,7648.8,7649.4,5,7531.8,7542.0,7665.8,7501.2,561.0,852971040.0,1815
2015-07-17 09:19:59,IC1507,IC1507,7649.4,1.0,1529880.0,0.0,2,7648.8,7649.4,4,7531.8,7542.0,7665.8,7501.2,562.0,854500920.0,1815
2015-07-17 09:20:03,IC1507,IC1507,7648.8,4.0,6119400.0,0.0,1,7648.8,7649.4,1,7531.8,7542.0,7665.8,7501.2,566.0,860620320.0,1815
2015-07-17 09:20:03,IC1507,IC1507,7649.4,1.0,1529880.0,0.0,1,7650.4,7656.0,1,7531.8,7542.0,7665.8,7501.2,567.0,862150200.0,1815
2015-07-17 09:20:04,IC1507,IC1507,7649.4,0.0,0.0,0.0,1,7651.2,7656.0,1,7531.8,7542.0,7665.8,7501.2,567.0,862150200.0,1815
2015-07-17 09:20:05,IC1507,IC1507,7656.0,1.0,1531200.0,0.0,1,7651.8,7660.0,2,7531.8,7542.0,7665.8,7501.2,568.0,863681400.0,1815
2015-07-17 09:20:05,IC1507,IC1507,7656.0,0.0,0.0,0.0,1,7656.0,7660.0,2,7531.8,7542.0,7665.8,7501.2,568.0,863681400.0,1815
2015-07-17 09:20:06,IC1507,IC1507,7656.0,0.0,0.0,0.0,1,7659.6,7660.0,2,7531.8,7542.0,7665.8,7501.2,568.0,863681400.0,1815
2015-07-17 09:20:06,IC1507,IC1507,7660.0,2.0,3064000.0,1.0,1,7659.6,7664.8,1,7531.8,7542.0,7665.8,7501.2,570.0,866745400.0,1816
2015-07-17 09:20:07,IC1507,IC1507,7660.0,1.0,1532000.0,0.0,1,7660.0,7664.2,1,7531.8,7542.0,7665.8,7501.2,571.0,868277400.0,1816
2015-07-17 09:20:07,IC1507,IC1507,7660.0,0.0,0.0,0.0,1,7660.6,7664.8,1,7531.8,7542.0,7665.8,7501.2,571.0,868277400.0,1816
2015-07-17 09:20:08,IC1507,IC1507,7664.2,1.0,1532840.0,0.0,1,7660.6,7664.8,1,7531.8,7542.0,7665.8,7501.2,572.0,869810240.0,1816
2015-07-17 09:20:09,IC1507,IC1507,7664.8,1.0,1532960.0,1.0,1,7660.6,7668.8,2,7531.8,7542.0,7665.8,7501.2,573.0,871343200.0,1817
2015-07-17 09:20:10,IC1507,IC1507,7668.8,1.0,1533760.0,0.0,1,7660.6,7668.8,1,7531.8,7542.0,7668.8,7501.2,574.0,872876960.0,1817
2015-07-17 09:20:11,IC1507,IC1507,7668.8,1.0,1533760.0,-1.0,1,7660.6,7678.8,2,7531.8,7542.0,7668.8,7501.2,575.0,874410720.0,1816
2015-07-17 09:20:11,IC1507,IC1507,7668.8,0.0,0.0,0.0,1,7668.8,7678.6,1,7531.8,7542.0,7668.8,7501.2,575.0,874410720.0,1816
2015-07-17 09:20:12,IC1507,IC1507,7668.8,2.0,3067520.0,0.0,1,7660.6,7678.4,2,7531.8,7542.0,7668.8,7501.2,577.0,877478240.0,1816
2015-07-17 09:20:12,IC1507,IC1507,7668.8,0.0,0.0,0.0,2,7662.4,7678.6,1,7531.8,7542.0,7668.8,7501.2,577.0,877478240.0,1816
2015-07-17 09:20:13,IC1507,IC1507,7678.4,1.0,1535680.0,1.0,1,7662.6,7678.6,1,7531.8,7542.0,7678.4,7501.2,578.0,879013920.0,1817
2015-07-17 09:20:13,IC1507,IC1507,7678.4,0.0,0.0,0.0,1,7662.8,7678.6,1,7531.8,7542.0,7678.4,7501.2,578.0,879013920.0,1817
2015-07-17 09:20:14,IC1507,IC1507,7678.4,0.0,0.0,0.0,1,7663.8,7678.2,1,7531.8,7542.0,7678.4,7501.2,578.0,879013920.0,1817
2015-07-17 09:20:14,IC1507,IC1507,7678.4,0.0,0.0,0.0,1,7664.4,7678.0,1,7531.8,7542.0,7678.4,7501.2,578.0,879013920.0,1817
2015-07-17 09:20:15,IC1507,IC1507,7678.4,0.0,0.0,0.0,1,7665.0,7678.0,1,7531.8,7542.0,7678.4,7501.2,578.0,879013920.0,1817
2015-07-17 09:20:15,IC1507,IC1507,7678.4,1.0,1535680.0,1.0,1,7665.2,7678.8,2,7531.8,7542.0,7678.4,7501.2,579.0,880549600.0,1818
2015-07-17 09:20:16,IC1507,IC1507,7665.4,1.0,1533080.0,-1.0,1,7665.2,7678.8,2,7531.8,7542.0,7678.4,7501.2,580.0,882082680.0,1817
2015-07-17 09:20:16,IC1507,IC1507,7665.4,0.0,0.0,0.0,10,7678.0,7678.8,2,7531.8,7542.0,7678.4,7501.2,580.0,882082680.0,1817
2015-07-17 09:20:17,IC1507,IC1507,7665.4,5.0,7665400.0,0.0,6,7678.0,7678.8,2,7531.8,7542.0,7678.4,7501.2,585.0,889748080.0,1817
2015-07-17 09:20:17,IC1507,IC1507,7678.8,2.0,3071520.0,0.0,1,7678.6,7680.0,1,7531.8,7542.0,7678.8,7501.2,587.0,892819600.0,1817
2015-07-17 09:20:18,IC1507,IC1507,7678.0,3.0,4607080.0,0.0,5,7678.0,7680.0,1,7531.8,7542.0,7678.8,7501.2,590.0,897426680.0,1817
2015-07-17 09:20:18,IC1507,IC1507,7680.0,1.0,1536000.0,1.0,5,7678.0,7688.8,1,7531.8,7542.0,7680.0,7501.2,591.0,898962680.0,1818
2015-07-17 09:20:19,IC1507,IC1507,7680.0,0.0,0.0,0.0,2,7678.8,7688.8,1,7531.8,7542.0,7680.0,7501.2,591.0,898962680.0,1818
2015-07-17 09:20:19,IC1507,IC1507,7680.0,1.0,1536000.0,0.0,2,7678.8,7688.8,1,7531.8,7542.0,7680.0,7501.2,592.0,900498680.0,1818
2015-07-17 09:20:20,IC1507,IC1507,7688.8,1.0,1537760.0,0.0,1,7679.0,7710.0,1,7531.8,7542.0,7688.8,7501.2,593.0,902036440.0,1818
2015-07-17 09:20:21,IC1507,IC1507,7688.8,0.0,0.0,0.0,1,7679.0,7709.6,1,7531.8,7542.0,7688.8,7501.2,593.0,902036440.0,1818
2015-07-17 09:20:21,IC1507,IC1507,7710.0,2.0,3083920.0,1.0,1,7679.4,7729.8,1,7531.8,7542.0,7710.0,7501.2,595.0,905120360.0,1819
2015-07-17 09:20:22,IC1507,IC1507,7710.0,0.0,0.0,0.0,1,7710.0,7729.8,1,7531.8,7542.0,7710.0,7501.2,595.0,905120360.0,1819
2015-07-17 09:20:22,IC1507,IC1507,7710.0,1.0,1542000.0,1.0,1,7709.6,7729.2,1,7531.8,7542.0,7710.0,7501.2,596.0,906662360.0,1820
2015-07-17 09:20:23,IC1507,IC1507,7710.0,0.0,0.0,0.0,1,7710.2,7729.0,1,7531.8,7542.0,7710.0,7501.2,596.0,906662360.0,1820
2015-07-17 09:20:23,IC1507,IC1507,7710.0,0.0,0.0,0.0,1,7710.2,7728.4,1,7531.8,7542.0,7710.0,7501.2,596.0,906662360.0,1820
2015-07-17 09:20:24,IC1507,IC1507,7728.2,2.0,3091280.0,2.0,1,7710.2,7728.4,1,7531.8,7542.0,7728.2,7501.2,598.0,909753640.0,1822
2015-07-17 09:20:24,IC1507,IC1507,7728.2,3.0,4633080.0,0.0,3,7710.2,7728.4,1,7531.8,7542.0,7728.2,7501.2,601.0,914386720.0,1822
2015-07-17 09:20:25,IC1507,IC1507,7728.0,3.0,4633240.0,1.0,1,7710.4,7728.0,4,7531.8,7542.0,7728.2,7501.2,604.0,919019960.0,1823
2015-07-17 09:20:25,IC1507,IC1507,7710.4,1.0,1542080.0,1.0,2,7710.2,7727.8,1,7531.8,7542.0,7728.2,7501.2,605.0,920562040.0,1824
2015-07-17 09:20:26,IC1507,IC1507,7727.2,1.0,1545440.0,1.0,1,7710.8,7727.6,1,7531.8,7542.0,7728.2,7501.2,606.0,922107480.0,1825
2015-07-17 09:20:26,IC1507,IC1507,7711.2,1.0,1542240.0,0.0,1,7710.8,7726.0,1,7531.8,7542.0,7728.2,7501.2,607.0,923649720.0,1825
2015-07-17 09:20:27,IC1507,IC1507,7711.2,0.0,0.0,0.0,2,7710.8,7727.2,1,7531.8,7542.0,7728.2,7501.2,607.0,923649720.0,1825
2015-07-17 09:20:27,IC1507,IC1507,7711.2,0.0,0.0,0.0,3,7711.0,7725.6,2,7531.8,7542.0,7728.2,7501.2,607.0,923649720.0,1825
2015-07-17 09:20:28,IC1507,IC1507,7711.2,3.0,4629800.0,1.0,2,7710.8,7725.4,1,7531.8,7542.0,7728.2,7501.2,610.0,928279520.0,1826
2015-07-17 09:20:28,IC1507,IC1507,7710.8,1.0,1542160.0,-1.0,2,7712.0,7725.4,1,7531.8,7542.0,7728.2,7501.2,611.0,929821680.0,1825
2015-07-17 09:20:29,IC1507,IC1507,7724.2,4.0,6172040.0,-1.0,2,7710.2,7712.0,3,7531.8,7542.0,7728.2,7501.2,615.0,935993720.0,1824
2015-07-17 09:20:30,IC1507,IC1507,7710.2,3.0,4626840.0,0.0,1,7710.2,7712.0,3,7531.8,7542.0,7728.2,7501.2,618.0,940620560.0,1824
2015-07-17 09:20:31,IC1507,IC1507,7711.8,1.0,1542360.0,0.0,1,7710.2,7711.0,1,7531.8,7542.0,7728.2,7501.2,619.0,942162920.0,1824
2015-07-17 09:20:31,IC1507,IC1507,7710.2,1.0,1542040.0,1.0,1,7709.6,7711.0,1,7531.8,7542.0,7728.2,7501.2,620.0,943704960.0,1825
2015-07-17 09:20:32,IC1507,IC1507,7710.2,1.0,1542040.0,0.0,1,7709.6,7710.2,1,7531.8,7542.0,7728.2,7501.2,621.0,945247000.0,1825
2015-07-17 09:20:32,IC1507,IC1507,7709.6,1.0,1541920.0,-1.0,1,7680.0,7706.2,2,7531.8,7542.0,7728.2,7501.2,622.0,946788920.0,1824
2015-07-17 09:20:33,IC1507,IC1507,7709.6,0.0,0.0,0.0,1,7680.0,7706.0,1,7531.8,7542.0,7728.2,7501.2,622.0,946788920.0,1824
2015-07-17 09:20:33,IC1507,IC1507,7709.0,2.0,3083600.0,-2.0,1,7680.6,7705.8,1,7531.8,7542.0,7728.2,7501.2,624.0,949872520.0,1822
2015-07-17 09:20:34,IC1507,IC1507,7680.8,4.0,6145000.0,3.0,1,7680.8,7705.8,1,7531.8,7542.0,7728.2,7501.2,628.0,956017520.0,1825
2015-07-17 09:20:34,IC1507,IC1507,7680.8,1.0,1536160.0,0.0,2,7683.8,7705.8,1,7531.8,7542.0,7728.2,7501.2,629.0,957553680.0,1825
2015-07-17 09:20:35,IC1507,IC1507,7706.2,2.0,3082400.0,1.0,2,7684.0,7706.6,1,7531.8,7542.0,7728.2,7501.2,631.0,960636080.0,1826
2015-07-17 09:20:35,IC1507,IC1507,7706.2,0.0,0.0,0.0,1,7685.0,7706.6,1,7531.8,7542.0,7728.2,7501.2,631.0,960636080.0,1826
2015-07-17 09:20:36,IC1507,IC1507,7706.6,1.0,1541320.0,0.0,1,7705.8,7709.6,1,7531.8,7542.0,7728.2,7501.2,632.0,962177400.0,1826
2015-07-17 09:20:36,IC1507,IC1507,7706.8,4.0,6165640.0,1.0,2,7688.0,7704.4,1,7531.8,7542.0,7728.2,7501.2,636.0,968343040.0,1827
2015-07-17 09:20:37,IC1507,IC1507,7706.2,3.0,4623720.0,-1.0,9,7706.2,7710.2,1,7531.8,7542.0,7728.2,7501.2,639.0,972966760.0,1826
2015-07-17 09:20:37,IC1507,IC1507,7710.2,2.0,3084000.0,2.0,1,7711.2,7724.8,1,7531.8,7542.0,7728.2,7501.2,641.0,976050760.0,1828
2015-07-17 09:20:38,IC1507,IC1507,7711.2,2.0,3084280.0,1.0,2,7713.0,7724.6,4,7531.8,7542.0,7728.2,7501.2,643.0,979135040.0,1829
2015-07-17 09:20:38,IC1507,IC1507,7711.2,0.0,0.0,0.0,2,7713.0,7724.4,1,7531.8,7542.0,7728.2,7501.2,643.0,979135040.0,1829
2015-07-17 09:20:39,IC1507,IC1507,7711.2,0.0,0.0,0.0,3,7713.4,7724.4,2,7531.8,7542.0,7728.2,7501.2,643.0,979135040.0,1829
2015-07-17 09:20:39,IC1507,IC1507,7724.2,3.0,4634440.0,2.0,1,7714.4,7724.4,2,7531.8,7542.0,7728.2,7501.2,646.0,983769480.0,1831
2015-07-17 09:20:40,IC1507,IC1507,7724.2,1.0,1544840.0,-1.0,1,7714.6,7724.2,1,7531.8,7542.0,7728.2,7501.2,647.0,985314320.0,1830
2015-07-17 09:20:41,IC1507,IC1507,7724.2,0.0,0.0,0.0,1,7715.2,7723.8,1,7531.8,7542.0,7728.2,7501.2,647.0,985314320.0,1830
2015-07-17 09:20:41,IC1507,IC1507,7715.0,2.0,3086040.0,-2.0,1,7714.4,7723.6,2,7531.8,7542.0,7728.2,7501.2,649.0,988400360.0,1828
2015-07-17 09:20:42,IC1507,IC1507,7722.4,3.0,4630240.0,0.0,2,7688.0,7722.4,1,7531.8,7542.0,7728.2,7501.2,652.0,993030600.0,1828
2015-07-17 09:20:42,IC1507,IC1507,7722.4,0.0,0.0,0.0,2,7688.0,7722.2,2,7531.8,7542.0,7728.2,7501.2,652.0,993030600.0,1828
2015-07-17 09:20:43,IC1507,IC1507,7719.8,2.0,3086880.0,0.0,1,7689.0,7722.0,1,7531.8,7542.0,7728.2,7501.2,654.0,996117480.0,1828
2015-07-17 09:20:43,IC1507,IC1507,7719.8,0.0,0.0,0.0,1,7692.8,7721.6,1,7531.8,7542.0,7728.2,7501.2,654.0,996117480.0,1828
2015-07-17 09:20:44,IC1507,IC1507,7719.8,0.0,0.0,0.0,1,7695.6,7718.8,1,7531.8,7542.0,7728.2,7501.2,654.0,996117480.0,1828
2015-07-17 09:20:44,IC1507,IC1507,7695.6,1.0,1539120.0,1.0,2,7697.4,7714.6,1,7531.8,7542.0,7728.2,7501.2,655.0,997656600.0,1829
2015-07-17 09:20:45,IC1507,IC1507,7714.4,3.0,4628600.0,-2.0,1,7699.0,7714.4,1,7531.8,7542.0,7728.2,7501.2,658.0,1002285200.0,1827
2015-07-17 09:20:45,IC1507,IC1507,7714.4,1.0,1542880.0,1.0,2,7699.2,7714.6,1,7531.8,7542.0,7728.2,7501.2,659.0,1003828080.0,1828
2015-07-17 09:20:46,IC1507,IC1507,7714.4,0.0,0.0,0.0,1,7700.6,7709.0,1,7531.8,7542.0,7728.2,7501.2,659.0,1003828080.0,1828
2015-07-17 09:20:46,IC1507,IC1507,7714.4,0.0,0.0,0.0,2,7699.2,7709.0,1,7531.8,7542.0,7728.2,7501.2,659.0,1003828080.0,1828
2015-07-17 09:20:47,IC1507,IC1507,7701.2,1.0,1540240.0,0.0,1,7700.8,7714.2,1,7531.8,7542.0,7728.2,7501.2,660.0,1005368320.0,1828
2015-07-17 09:20:47,IC1507,IC1507,7701.2,0.0,0.0,0.0,1,7701.0,7708.6,1,7531.8,7542.0,7728.2,7501.2,660.0,1005368320.0,1828
2015-07-17 09:20:48,IC1507,IC1507,7701.2,1.0,1540240.0,-1.0,1,7701.0,7708.6,1,7531.8,7542.0,7728.2,7501.2,661.0,1006908560.0,1827
2015-07-17 09:20:48,IC1507,IC1507,7708.6,1.0,1541720.0,0.0,1,7701.0,7708.0,1,7531.8,7542.0,7728.2,7501.2,662.0,1008450280.0,1827
2015-07-17 09:20:49,IC1507,IC1507,7708.6,0.0,0.0,0.0,1,7699.2,7708.0,1,7531.8,7542.0,7728.2,7501.2,662.0,1008450280.0,1827
2015-07-17 09:20:49,IC1507,IC1507,7713.6,3.0,4626160.0,2.0,1,7699.2,7714.2,1,7531.8,7542.0,7728.2,7501.2,665.0,1013076440.0,1829
2015-07-17 09:20:50,IC1507,IC1507,7713.6,0.0,0.0,0.0,1,7701.6,7712.2,1,7531.8,7542.0,7728.2,7501.2,665.0,1013076440.0,1829
2015-07-17 09:20:50,IC1507,IC1507,7712.2,2.0,3084880.0,2.0,1,7701.6,7712.2,1,7531.8,7542.0,7728.2,7501.2,667.0,1016161320.0,1831
2015-07-17 09:20:51,IC1507,IC1507,7712.2,1.0,1542440.0,1.0,1,7702.6,7712.2,1,7531.8,7542.0,7728.2,7501.2,668.0,1017703760.0,1832
2015-07-17 09:20:51,IC1507,IC1507,7712.2,0.0,0.0,0.0,1,7709.0,7711.6,1,7531.8,7542.0,7728.2,7501.2,668.0,1017703760.0,1832
2015-07-17 09:20:52,IC1507,IC1507,7709.0,4.0,6168480.0,0.0,5,7708.6,7714.6,1,7531.8,7542.0,7728.2,7501.2,672.0,1023872240.0,1832
2015-07-17 09:20:52,IC1507,IC1507,7709.0,1.0,1541800.0,0.0,5,7708.6,7714.6,1,7531.8,7542.0,7728.2,7501.2,673.0,1025414040.0,1832
2015-07-17 09:20:53,IC1507,IC1507,7709.0,0.0,0.0,0.0,1,7709.2,7714.6,1,7531.8,7542.0,7728.2,7501.2,673.0,1025414040.0,1832
2015-07-17 09:20:53,IC1507,IC1507,7709.0,0.0,0.0,0.0,1,7709.4,7714.6,1,7531.8,7542.0,7728.2,7501.2,673.0,1025414040.0,1832
2015-07-17 09:20:54,IC1507,IC1507,7709.0,0.0,0.0,0.0,1,7709.8,7714.6,1,7531.8,7542.0,7728.2,7501.2,673.0,1025414040.0,1832
2015-07-17 09:20:54,IC1507,IC1507,7709.0,0.0,0.0,0.0,1,7710.4,7714.6,1,7531.8,7542.0,7728.2,7501.2,673.0,1025414040.0,1832
2015-07-17 09:20:55,IC1507,IC1507,7710.4,1.0,1542080.0,0.0,2,7709.2,7714.6,1,7531.8,7542.0,7728.2,7501.2,674.0,1026956120.0,1832
2015-07-17 09:20:55,IC1507,IC1507,7710.4,0.0,0.0,0.0,1,7709.4,7714.6,1,7531.8,7542.0,7728.2,7501.2,674.0,1026956120.0,1832
2015-07-17 09:20:56,IC1507,IC1507,7710.4,0.0,0.0,0.0,1,7709.4,7714.4,1,7531.8,7542.0,7728.2,7501.2,674.0,1026956120.0,1832
2015-07-17 09:20:56,IC1507,IC1507,7710.4,0.0,0.0,0.0,1,7709.4,7710.4,1,7531.8,7542.0,7728.2,7501.2,674.0,1026956120.0,1832
2015-07-17 09:20:57,IC1507,IC1507,7710.4,0.0,0.0,0.0,1,7709.2,7710.4,1,7531.8,7542.0,7728.2,7501.2,674.0,1026956120.0,1832
2015-07-17 09:20:57,IC1507,IC1507,7716.0,7.0,10798880.0,2.0,4,7720.0,7721.4,2,7531.8,7542.0,7728.2,7501.2,681.0,1037755000.0,1834
2015-07-17 09:20:58,IC1507,IC1507,7717.8,4.0,6174240.0,0.0,10,7715.6,7720.8,1,7531.8,7542.0,7728.2,7501.2,685.0,1043929240.0,1834
2015-07-17 09:20:58,IC1507,IC1507,7715.6,3.0,4629440.0,0.0,1,7716.6,7720.2,1,7531.8,7542.0,7728.2,7501.2,688.0,1048558680.0,1834
2015-07-17 09:20:59,IC1507,IC1507,7715.6,0.0,0.0,0.0,1,7720.6,7720.8,1,7531.8,7542.0,7728.2,7501.2,688.0,1048558680.0,1834
2015-07-17 09:20:59,IC1507,IC1507,7720.6,4.0,6176480.0,0.0,3,7717.0,7720.2,1,7531.8,7542.0,7728.2,7501.2,692.0,1054735160.0,1834
2015-07-17 09:21:00,IC1507,IC1507,7720.2,1.0,1544040.0,0.0,1,7716.8,7717.0,1,7531.8,7542.0,7728.2,7501.2,693.0,1056279200.0,1834
2015-07-17 09:21:00,IC1507,IC1507,7717.4,3.0,4630920.0,-1.0,2,7717.4,7720.8,1,7531.8,7542.0,7728.2,7501.2,696.0,1060910120.0,1833
2015-07-17 09:21:01,IC1507,IC1507,7717.4,1.0,1543480.0,-1.0,4,7717.6,7720.6,1,7531.8,7542.0,7728.2,7501.2,697.0,1062453600.0,1832
2015-07-17 09:21:01,IC1507,IC1507,7717.4,2.0,3086960.0,0.0,1,7718.2,7720.6,1,7531.8,7542.0,7728.2,7501.2,699.0,1065540560.0,1832
2015-07-17 09:21:02,IC1507,IC1507,7717.4,1.0,1543480.0,-1.0,1,7718.2,7720.6,1,7531.8,7542.0,7728.2,7501.2,700.0,1067084040.0,1831
2015-07-17 09:21:02,IC1507,IC1507,7718.6,4.0,6175640.0,-1.0,2,7718.6,7722.2,2,7531.8,7542.0,7728.2,7501.2,704.0,1073259680.0,1830
2015-07-17 09:21:03,IC1507,IC1507,7722.2,4.0,6176320.0,0.0,2,7718.6,7728.8,1,7531.8,7542.0,7728.2,7501.2,708.0,1079436000.0,1830
2015-07-17 09:21:03,IC1507,IC1507,7722.2,1.0,1544440.0,0.0,1,7718.8,7728.8,2,7531.8,7542.0,7728.2,7501.2,709.0,1080980440.0,1830
2015-07-17 09:21:04,IC1507,IC1507,7722.2,0.0,0.0,0.0,1,7722.2,7728.8,2,7531.8,7542.0,7728.2,7501.2,709.0,1080980440.0,1830
2015-07-17 09:21:04,IC1507,IC1507,7722.2,1.0,1544440.0,0.0,1,7722.2,7728.8,2,7531.8,7542.0,7728.2,7501.2,710.0,1082524880.0,1830
2015-07-17 09:21:05,IC1507,IC1507,7728.8,1.0,1545760.0,-1.0,1,7723.6,7726.6,1,7531.8,7542.0,7728.8,7501.2,711.0,1084070640.0,1829
2015-07-17 09:21:05,IC1507,IC1507,7728.8,2.0,3091520.0,1.0,4,7729.0,7729.8,1,7531.8,7542.0,7728.8,7501.2,713.0,1087162160.0,1830
2015-07-17 09:21:06,IC1507,IC1507,7729.8,5.0,7729000.0,2.0,1,7723.6,7748.6,1,7531.8,7542.0,7729.8,7501.2,718.0,1094891160.0,1832
2015-07-17 09:21:06,IC1507,IC1507,7729.4,1.0,1545880.0,-1.0,10,7728.8,7748.4,4,7531.8,7542.0,7729.8,7501.2,719.0,1096437040.0,1831
2015-07-17 09:21:07,IC1507,IC1507,7729.4,0.0,0.0,0.0,1,7729.4,7748.2,4,7531.8,7542.0,7729.8,7501.2,719.0,1096437040.0,1831
2015-07-17 09:21:07,IC1507,IC1507,7729.4,0.0,0.0,0.0,1,7730.4,7743.2,1,7531.8,7542.0,7729.8,7501.2,719.0,1096437040.0,1831
2015-07-17 09:21:08,IC1507,IC1507,7729.4,1.0,1545880.0,0.0,1,7731.4,7743.0,1,7531.8,7542.0,7729.8,7501.2,720.0,1097982920.0,1831
2015-07-17 09:21:08,IC1507,IC1507,7729.4,0.0,0.0,0.0,1,7731.6,7742.0,1,7531.8,7542.0,7729.8,7501.2,720.0,1097982920.0,1831
2015-07-17 09:21:09,IC1507,IC1507,7729.4,0.0,0.0,0.0,1,7731.8,7741.8,1,7531.8,7542.0,7729.8,7501.2,720.0,1097982920.0,1831
2015-07-17 09:21:09,IC1507,IC1507,7729.8,2.0,3091920.0,-1.0,1,7731.6,7741.6,1,7531.8,7542.0,7729.8,7501.2,722.0,1101074840.0,1830
2015-07-17 09:21:10,IC1507,IC1507,7731.8,1.0,1546360.0,0.0,1,7732.0,7740.6,1,7531.8,7542.0,7731.8,7501.2,723.0,1102621200.0,1830
2015-07-17 09:21:10,IC1507,IC1507,7731.8,0.0,0.0,0.0,1,7732.2,7740.8,1,7531.8,7542.0,7731.8,7501.2,723.0,1102621200.0,1830
2015-07-17 09:21:11,IC1507,IC1507,7731.8,1.0,1546360.0,0.0,1,7733.2,7739.4,1,7531.8,7542.0,7731.8,7501.2,724.0,1104167560.0,1830
2015-07-17 09:21:11,IC1507,IC1507,7738.8,2.0,3094880.0,0.0,1,7733.2,7739.4,1,7531.8,7542.0,7738.8,7501.2,726.0,1107262440.0,1830
2015-07-17 09:21:12,IC1507,IC1507,7741.8,6.0,9289040.0,-2.0,4,7742.0,7743.0,1,7531.8,7542.0,7741.8,7501.2,732.0,1116551480.0,1828
2015-07-17 09:21:12,IC1507,IC1507,7733.2,5.0,7740080.0,-3.0,1,7731.6,7733.2,2,7531.8,7542.0,7741.8,7501.2,737.0,1124291560.0,1825
2015-07-17 09:21:13,IC1507,IC1507,7733.2,2.0,3093280.0,0.0,1,7731.6,7745.8,10,7531.8,7542.0,7741.8,7501.2,739.0,1127384840.0,1825
2015-07-17 09:21:13,IC1507,IC1507,7733.2,1.0,1546640.0,1.0,1,7731.8,7741.8,2,7531.8,7542.0,7741.8,7501.2,740.0,1128931480.0,1826
2015-07-17 09:21:14,IC1507,IC1507,7733.2,0.0,0.0,0.0,4,7732.0,7741.8,2,7531.8,7542.0,7741.8,7501.2,740.0,1128931480.0,1826
2015-07-17 09:21:14,IC1507,IC1507,7741.8,1.0,1548360.0,-1.0,1,7734.4,7741.8,1,7531.8,7542.0,7741.8,7501.2,741.0,1130479840.0,1825
2015-07-17 09:21:15,IC1507,IC1507,7741.8,0.0,0.0,0.0,1,7734.4,7740.8,1,7531.8,7542.0,7741.8,7501.2,741.0,1130479840.0,1825
2015-07-17 09:21:15,IC1507,IC1507,7741.8,1.0,1548360.0,0.0,1,7736.2,7740.2,1,7531.8,7542.0,7741.8,7501.2,742.0,1132028200.0,1825
2015-07-17 09:21:16,IC1507,IC1507,7741.8,0.0,0.0,0.0,1,7734.6,7740.2,1,7531.8,7542.0,7741.8,7501.2,742.0,1132028200.0,1825
2015-07-17 09:21:16,IC1507,IC1507,7741.8,0.0,0.0,0.0,1,7734.6,7740.0,2,7531.8,7542.0,7741.8,7501.2,742.0,1132028200.0,1825
2015-07-17 09:21:17,IC1507,IC1507,7731.8,4.0,6186800.0,2.0,1,7729.0,7738.8,1,7531.8,7542.0,7741.8,7501.2,746.0,1138215000.0,1827
2015-07-17 09:21:17,IC1507,IC1507,7729.0,2.0,3091800.0,0.0,10,7728.8,7738.8,1,7531.8,7542.0,7741.8,7501.2,748.0,1141306800.0,1827
2015-07-17 09:21:18,IC1507,IC1507,7738.6,3.0,4643120.0,3.0,1,7729.6,7737.8,1,7531.8,7542.0,7741.8,7501.2,751.0,1145949920.0,1830
2015-07-17 09:21:18,IC1507,IC1507,7738.6,1.0,1547720.0,0.0,10,7728.8,7734.8,1,7531.8,7542.0,7741.8,7501.2,752.0,1147497640.0,1830
2015-07-17 09:21:19,IC1507,IC1507,7734.8,1.0,1546960.0,0.0,10,7728.8,7729.6,1,7531.8,7542.0,7741.8,7501.2,753.0,1149044600.0,1830
2015-07-17 09:21:19,IC1507,IC1507,7729.4,4.0,6184560.0,-1.0,10,7728.8,7736.8,1,7531.8,7542.0,7741.8,7501.2,757.0,1155229160.0,1829
2015-07-17 09:21:20,IC1507,IC1507,7736.4,3.0,4641720.0,-2.0,1,7729.4,7737.8,1,7531.8,7542.0,7741.8,7501.2,760.0,1159870880.0,1827
2015-07-17 09:21:20,IC1507,IC1507,7728.8,2.0,3091520.0,0.0,1,7729.0,7737.8,1,7531.8,7542.0,7741.8,7501.2,762.0,1162962400.0,1827
2015-07-17 09:21:21,IC1507,IC1507,7728.8,0.0,0.0,0.0,1,7729.0,7734.4,1,7531.8,7542.0,7741.8,7501.2,762.0,1162962400.0,1827
2015-07-17 09:21:21,IC1507,IC1507,7729.0,1.0,1545800.0,-1.0,1,7729.0,7734.4,1,7531.8,7542.0,7741.8,7501.2,763.0,1164508200.0,1826
2015-07-17 09:21:22,IC1507,IC1507,7734.4,1.0,1546880.0,-1.0,1,7729.0,7736.0,1,7531.8,7542.0,7741.8,7501.2,764.0,1166055080.0,1825
2015-07-17 09:21:22,IC1507,IC1507,7734.4,0.0,0.0,0.0,1,7730.0,7735.6,1,7531.8,7542.0,7741.8,7501.2,764.0,1166055080.0,1825
2015-07-17 09:21:23,IC1507,IC1507,7734.4,0.0,0.0,0.0,1,7731.0,7735.6,1,7531.8,7542.0,7741.8,7501.2,764.0,1166055080.0,1825
2015-07-17 09:21:24,IC1507,IC1507,7730.0,1.0,1546000.0,0.0,1,7729.2,7730.0,2,7531.8,7542.0,7741.8,7501.2,765.0,1167601080.0,1825
2015-07-17 09:21:25,IC1507,IC1507,7729.2,2.0,3091720.0,-1.0,1,7729.0,7729.2,1,7531.8,7542.0,7741.8,7501.2,767.0,1170692800.0,1824
2015-07-17 09:21:25,IC1507,IC1507,7729.0,1.0,1545800.0,0.0,8,7728.8,7729.2,1,7531.8,7542.0,7741.8,7501.2,768.0,1172238600.0,1824
2015-07-17 09:21:26,IC1507,IC1507,7728.8,1.0,1545760.0,0.0,7,7728.8,7729.2,1,7531.8,7542.0,7741.8,7501.2,769.0,1173784360.0,1824
2015-07-17 09:21:26,IC1507,IC1507,7728.8,5.0,7729600.0,0.0,6,7728.8,7729.0,1,7531.8,7542.0,7741.8,7501.2,774.0,1181513960.0,1824
2015-07-17 09:21:27,IC1507,IC1507,7728.8,2.0,3091520.0,0.0,4,7728.8,7729.0,3,7531.8,7542.0,7741.8,7501.2,776.0,1184605480.0,1824
2015-07-17 09:21:27,IC1507,IC1507,7728.8,1.0,1545760.0,0.0,3,7728.8,7729.0,3,7531.8,7542.0,7741.8,7501.2,777.0,1186151240.0,1824
2015-07-17 09:21:28,IC1507,IC1507,7728.8,3.0,4637280.0,1.0,1,7718.8,7726.8,1,7531.8,7542.0,7741.8,7501.2,780.0,1190788520.0,1825
2015-07-17 09:21:28,IC1507,IC1507,7728.8,0.0,0.0,0.0,1,7718.8,7726.6,1,7531.8,7542.0,7741.8,7501.2,780.0,1190788520.0,1825
2015-07-17 09:21:29,IC1507,IC1507,7728.8,1.0,1545760.0,0.0,1,7719.8,7726.8,1,7531.8,7542.0,7741.8,7501.2,781.0,1192334280.0,1825
2015-07-17 09:21:29,IC1507,IC1507,7727.2,1.0,1545440.0,0.0,1,7719.8,7728.8,2,7531.8,7542.0,7741.8,7501.2,782.0,1193879720.0,1825
2015-07-17 09:21:30,IC1507,IC1507,7727.2,0.0,0.0,0.0,2,7721.0,7726.6,1,7531.8,7542.0,7741.8,7501.2,782.0,1193879720.0,1825
2015-07-17 09:21:31,IC1507,IC1507,7721.0,1.0,1544200.0,1.0,4,7721.4,7726.2,1,7531.8,7542.0,7741.8,7501.2,783.0,1195423920.0,1826
2015-07-17 09:21:31,IC1507,IC1507,7721.4,2.0,3088560.0,-2.0,2,7721.4,7726.2,1,7531.8,7542.0,7741.8,7501.2,785.0,1198512480.0,1824
2015-07-17 09:21:32,IC1507,IC1507,7721.4,0.0,0.0,0.0,3,7721.4,7726.2,1,7531.8,7542.0,7741.8,7501.2,785.0,1198512480.0,1824
2015-07-17 09:21:32,IC1507,IC1507,7721.4,0.0,0.0,0.0,2,7721.4,7726.0,4,7531.8,7542.0,7741.8,7501.2,785.0,1198512480.0,1824
2015-07-17 09:21:33,IC1507,IC1507,7721.4,0.0,0.0,0.0,3,7721.4,7726.2,1,7531.8,7542.0,7741.8,7501.2,785.0,1198512480.0,1824
2015-07-17 09:21:33,IC1507,IC1507,7721.4,1.0,1544280.0,0.0,2,7721.4,7725.2,1,7531.8,7542.0,7741.8,7501.2,786.0,1200056760.0,1824
2015-07-17 09:21:34,IC1507,IC1507,7721.4,1.0,1544280.0,0.0,1,7718.8,7725.2,1,7531.8,7542.0,7741.8,7501.2,787.0,1201601040.0,1824
2015-07-17 09:21:34,IC1507,IC1507,7717.6,2.0,3087280.0,0.0,1,7717.6,7725.2,1,7531.8,7542.0,7741.8,7501.2,789.0,1204688320.0,1824
2015-07-17 09:21:35,IC1507,IC1507,7717.6,0.0,0.0,0.0,8,7715.6,7724.6,1,7531.8,7542.0,7741.8,7501.2,789.0,1204688320.0,1824
2015-07-17 09:21:35,IC1507,IC1507,7717.6,0.0,0.0,0.0,1,7717.4,7717.6,1,7531.8,7542.0,7741.8,7501.2,789.0,1204688320.0,1824
2015-07-17 09:21:36,IC1507,IC1507,7717.4,1.0,1543480.0,0.0,8,7715.6,7717.6,1,7531.8,7542.0,7741.8,7501.2,790.0,1206231800.0,1824
2015-07-17 09:21:36,IC1507,IC1507,7715.6,2.0,3086240.0,0.0,1,7716.0,7717.6,1,7531.8,7542.0,7741.8,7501.2,792.0,1209318040.0,1824
2015-07-17 09:21:37,IC1507,IC1507,7715.6,1.0,1543120.0,-1.0,6,7715.6,7717.4,1,7531.8,7542.0,7741.8,7501.2,793.0,1210861160.0,1823
2015-07-17 09:21:37,IC1507,IC1507,7715.6,0.0,0.0,0.0,1,7716.0,7717.2,1,7531.8,7542.0,7741.8,7501.2,793.0,1210861160.0,1823
2015-07-17 09:21:38,IC1507,IC1507,7716.0,3.0,4629520.0,-1.0,5,7715.6,7716.0,1,7531.8,7542.0,7741.8,7501.2,796.0,1215490680.0,1822
2015-07-17 09:21:38,IC1507,IC1507,7715.6,5.0,7715600.0,4.0,1,7711.6,7711.8,2,7531.8,7542.0,7741.8,7501.2,801.0,1223206280.0,1826
2015-07-17 09:21:39,IC1507,IC1507,7711.8,1.0,1542360.0,0.0,1,7711.6,7711.8,1,7531.8,7542.0,7741.8,7501.2,802.0,1224748640.0,1826
2015-07-17 09:21:39,IC1507,IC1507,7711.8,3.0,4626840.0,-1.0,1,7705.8,7711.6,1,7531.8,7542.0,7741.8,7501.2,805.0,1229375480.0,1825
2015-07-17 09:21:40,IC1507,IC1507,7711.8,0.0,0.0,0.0,1,7705.8,7710.0,2,7531.8,7542.0,7741.8,7501.2,805.0,1229375480.0,1825
2015-07-17 09:21:40,IC1507,IC1507,7711.8,0.0,0.0,0.0,1,7706.6,7710.0,2,7531.8,7542.0,7741.8,7501.2,805.0,1229375480.0,1825
2015-07-17 09:21:41,IC1507,IC1507,7706.6,1.0,1541320.0,0.0,2,7706.2,7706.6,1,7531.8,7542.0,7741.8,7501.2,806.0,1230916800.0,1825
2015-07-17 09:21:41,IC1507,IC1507,7705.8,1.0,1541160.0,1.0,1,7702.4,7702.6,1,7531.8,7542.0,7741.8,7501.2,807.0,1232457960.0,1826
2015-07-17 09:21:42,IC1507,IC1507,7702.4,4.0,6163640.0,0.0,1,7701.6,7710.0,3,7531.8,7542.0,7741.8,7501.2,811.0,1238621600.0,1826
2015-07-17 09:21:42,IC1507,IC1507,7702.4,0.0,0.0,0.0,1,7702.4,7708.0,1,7531.8,7542.0,7741.8,7501.2,811.0,1238621600.0,1826
2015-07-17 09:21:43,IC1507,IC1507,7701.6,2.0,3080800.0,0.0,3,7700.0,7708.0,1,7531.8,7542.0,7741.8,7501.2,813.0,1241702400.0,1826
2015-07-17 09:21:43,IC1507,IC1507,7701.6,0.0,0.0,0.0,3,7700.0,7707.8,1,7531.8,7542.0,7741.8,7501.2,813.0,1241702400.0,1826
2015-07-17 09:21:44,IC1507,IC1507,7700.0,1.0,1540000.0,0.0,2,7700.0,7705.8,1,7531.8,7542.0,7741.8,7501.2,814.0,1243242400.0,1826
2015-07-17 09:21:45,IC1507,IC1507,7700.0,0.0,0.0,0.0,2,7700.0,7704.8,1,7531.8,7542.0,7741.8,7501.2,814.0,1243242400.0,1826
2015-07-17 09:21:45,IC1507,IC1507,7700.0,0.0,0.0,0.0,2,7700.0,7704.6,4,7531.8,7542.0,7741.8,7501.2,814.0,1243242400.0,1826
2015-07-17 09:21:46,IC1507,IC1507,7700.0,0.0,0.0,0.0,2,7700.0,7704.8,1,7531.8,7542.0,7741.8,7501.2,814.0,1243242400.0,1826
2015-07-17 09:21:47,IC1507,IC1507,7704.8,2.0,3080960.0,1.0,1,7700.0,7705.4,1,7531.8,7542.0,7741.8,7501.2,816.0,1246323360.0,1827
2015-07-17 09:21:47,IC1507,IC1507,7704.8,0.0,0.0,0.0,1,7700.4,7703.4,1,7531.8,7542.0,7741.8,7501.2,816.0,1246323360.0,1827
2015-07-17 09:21:48,IC1507,IC1507,7703.4,1.0,1540680.0,1.0,1,7700.8,7705.4,1,7531.8,7542.0,7741.8,7501.2,817.0,1247864040.0,1828
2015-07-17 09:21:49,IC1507,IC1507,7705.4,1.0,1541080.0,-1.0,1,7700.8,7707.8,1,7531.8,7542.0,7741.8,7501.2,818.0,1249405120.0,1827
2015-07-17 09:21:49,IC1507,IC1507,7701.2,1.0,1540240.0,1.0,1,7700.8,7707.2,1,7531.8,7542.0,7741.8,7501.2,819.0,1250945360.0,1828
2015-07-17 09:21:50,IC1507,IC1507,7701.2,0.0,0.0,0.0,1,7701.8,7707.8,1,7531.8,7542.0,7741.8,7501.2,819.0,1250945360.0,1828
2015-07-17 09:21:50,IC1507,IC1507,7707.8,1.0,1541560.0,0.0,1,7701.8,7710.0,3,7531.8,7542.0,7741.8,7501.2,820.0,1252486920.0,1828
2015-07-17 09:21:51,IC1507,IC1507,7707.8,0.0,0.0,0.0,1,7702.4,7710.0,3,7531.8,7542.0,7741.8,7501.2,820.0,1252486920.0,1828
2015-07-17 09:21:51,IC1507,IC1507,7707.8,0.0,0.0,0.0,2,7702.4,7709.4,1,7531.8,7542.0,7741.8,7501.2,820.0,1252486920.0,1828
2015-07-17 09:21:52,IC1507,IC1507,7707.8,0.0,0.0,0.0,1,7703.6,7710.0,3,7531.8,7542.0,7741.8,7501.2,820.0,1252486920.0,1828
2015-07-17 09:21:52,IC1507,IC1507,7707.8,0.0,0.0,0.0,1,7703.8,7710.0,3,7531.8,7542.0,7741.8,7501.2,820.0,1252486920.0,1828
2015-07-17 09:21:53,IC1507,IC1507,7707.8,0.0,0.0,0.0,4,7704.0,7709.4,1,7531.8,7542.0,7741.8,7501.2,820.0,1252486920.0,1828
2015-07-17 09:21:53,IC1507,IC1507,7707.8,0.0,0.0,0.0,1,7704.6,7709.4,1,7531.8,7542.0,7741.8,7501.2,820.0,1252486920.0,1828
2015-07-17 09:21:54,IC1507,IC1507,7707.8,0.0,0.0,0.0,1,7705.0,7708.8,1,7531.8,7542.0,7741.8,7501.2,820.0,1252486920.0,1828
2015-07-17 09:21:54,IC1507,IC1507,7707.8,0.0,0.0,0.0,1,7705.0,7709.4,1,7531.8,7542.0,7741.8,7501.2,820.0,1252486920.0,1828
2015-07-17 09:21:55,IC1507,IC1507,7707.8,0.0,0.0,0.0,2,7705.4,7709.4,1,7531.8,7542.0,7741.8,7501.2,820.0,1252486920.0,1828
2015-07-17 09:21:55,IC1507,IC1507,7709.4,2.0,3083760.0,1.0,1,7706.0,7710.0,1,7531.8,7542.0,7741.8,7501.2,822.0,1255570680.0,1829
2015-07-17 09:21:56,IC1507,IC1507,7706.0,2.0,3083200.0,0.0,5,7705.4,7712.0,1,7531.8,7542.0,7741.8,7501.2,824.0,1258653880.0,1829
2015-07-17 09:21:56,IC1507,IC1507,7705.4,1.0,1541080.0,0.0,1,7702.6,7712.0,1,7531.8,7542.0,7741.8,7501.2,825.0,1260194960.0,1829
2015-07-17 09:21:57,IC1507,IC1507,7705.4,1.0,1541080.0,0.0,2,7705.8,7712.0,1,7531.8,7542.0,7741.8,7501.2,826.0,1261736040.0,1829
2015-07-17 09:21:57,IC1507,IC1507,7705.4,0.0,0.0,0.0,1,7706.2,7712.0,1,7531.8,7542.0,7741.8,7501.2,826.0,1261736040.0,1829
2015-07-17 09:21:58,IC1507,IC1507,7705.4,0.0,0.0,0.0,2,7705.8,7711.8,4,7531.8,7542.0,7741.8,7501.2,826.0,1261736040.0,1829
2015-07-17 09:21:58,IC1507,IC1507,7705.4,0.0,0.0,0.0,1,7702.6,7712.0,1,7531.8,7542.0,7741.8,7501.2,826.0,1261736040.0,1829
2015-07-17 09:21:59,IC1507,IC1507,7705.4,0.0,0.0,0.0,1,7702.6,7705.8,1,7531.8,7542.0,7741.8,7501.2,826.0,1261736040.0,1829
2015-07-17 09:21:59,IC1507,IC1507,7705.4,0.0,0.0,0.0,3,7703.0,7705.8,1,7531.8,7542.0,7741.8,7501.2,826.0,1261736040.0,1829
2015-07-17 09:22:00,IC1507,IC1507,7705.4,0.0,0.0,0.0,3,7703.0,7705.4,2,7531.8,7542.0,7741.8,7501.2,826.0,1261736040.0,1829
2015-07-17 09:22:00,IC1507,IC1507,7705.4,2.0,3082160.0,-1.0,1,7703.4,7705.8,1,7531.8,7542.0,7741.8,7501.2,828.0,1264818200.0,1828
2015-07-17 09:22:01,IC1507,IC1507,7705.8,1.0,1541160.0,1.0,1,7703.4,7712.0,1,7531.8,7542.0,7741.8,7501.2,829.0,1266359360.0,1829
2015-07-17 09:22:01,IC1507,IC1507,7711.2,2.0,3083000.0,-1.0,1,7703.4,7711.8,5,7531.8,7542.0,7741.8,7501.2,831.0,1269442360.0,1828
2015-07-17 09:22:02,IC1507,IC1507,7711.2,0.0,0.0,0.0,1,7705.4,7711.8,1,7531.8,7542.0,7741.8,7501.2,831.0,1269442360.0,1828
2015-07-17 09:22:02,IC1507,IC1507,7709.4,1.0,1541880.0,0.0,1,7705.4,7711.8,1,7531.8,7542.0,7741.8,7501.2,832.0,1270984240.0,1828
2015-07-17 09:22:04,IC1507,IC1507,7705.4,1.0,1541080.0,-1.0,2,7703.4,7705.2,1,7531.8,7542.0,7741.8,7501.2,833.0,1272525320.0,1827
2015-07-17 09:22:04,IC1507,IC1507,7705.4,0.0,0.0,0.0,2,7703.4,7705.0,2,7531.8,7542.0,7741.8,7501.2,833.0,1272525320.0,1827
2015-07-17 09:22:05,IC1507,IC1507,7705.4,0.0,0.0,0.0,2,7703.4,7704.4,2,7531.8,7542.0,7741.8,7501.2,833.0,1272525320.0,1827
2015-07-17 09:22:05,IC1507,IC1507,7703.0,3.0,4621960.0,-1.0,1,7702.0,7705.0,2,7531.8,7542.0,7741.8,7501.2,836.0,1277147280.0,1826
2015-07-17 09:22:06,IC1507,IC1507,7703.0,0.0,0.0,0.0,1,7701.8,7703.0,1,7531.8,7542.0,7741.8,7501.2,836.0,1277147280.0,1826
2015-07-17 09:22:06,IC1507,IC1507,7700.0,2.0,3080360.0,1.0,1,7698.4,7701.0,1,7531.8,7542.0,7741.8,7501.2,838.0,1280227640.0,1827
2015-07-17 09:22:08,IC1507,IC1507,7700.0,0.0,0.0,0.0,1,7698.4,7699.0,1,7531.8,7542.0,7741.8,7501.2,838.0,1280227640.0,1827
2015-07-17 09:22:09,IC1507,IC1507,7700.0,0.0,0.0,0.0,1,7698.4,7699.0,4,7531.8,7542.0,7741.8,7501.2,838.0,1280227640.0,1827
2015-07-17 09:22:09,IC1507,IC1507,7698.4,1.0,1539680.0,0.0,2,7677.8,7698.4,1,7531.8,7542.0,7741.8,7501.2,839.0,1281767320.0,1827
2015-07-17 09:22:10,IC1507,IC1507,7677.8,7.0,10751560.0,0.0,1,7662.6,7677.8,35,7531.8,7542.0,7741.8,7501.2,846.0,1292518880.0,1827
2015-07-17 09:22:10,IC1507,IC1507,7677.8,9.0,13820040.0,1.0,1,7662.6,7677.8,35,7531.8,7542.0,7741.8,7501.2,855.0,1306338920.0,1828
2015-07-17 09:22:11,IC1507,IC1507,7677.8,4.0,6133360.0,-3.0,1,7662.8,7677.8,34,7531.8,7542.0,7741.8,7501.2,859.0,1312472280.0,1825
2015-07-17 09:22:11,IC1507,IC1507,7677.8,1.0,1535560.0,-1.0,1,7668.0,7677.2,1,7531.8,7542.0,7741.8,7501.2,860.0,1314007840.0,1824
2015-07-17 09:22:12,IC1507,IC1507,7677.2,3.0,4606560.0,2.0,1,7668.0,7677.8,32,7531.8,7542.0,7741.8,7501.2,863.0,1318614400.0,1826
2015-07-17 09:22:12,IC1507,IC1507,7677.4,1.0,1535480.0,0.0,1,7668.8,7677.8,32,7531.8,7542.0,7741.8,7501.2,864.0,1320149880.0,1826
2015-07-17 09:22:13,IC1507,IC1507,7677.4,0.0,0.0,0.0,2,7669.2,7677.8,32,7531.8,7542.0,7741.8,7501.2,864.0,1320149880.0,1826
2015-07-17 09:22:13,IC1507,IC1507,7677.4,0.0,0.0,0.0,1,7673.0,7677.8,32,7531.8,7542.0,7741.8,7501.2,864.0,1320149880.0,1826
2015-07-17 09:22:14,IC1507,IC1507,7677.8,2.0,3071120.0,-1.0,1,7673.6,7677.8,30,7531.8,7542.0,7741.8,7501.2,866.0,1323221000.0,1825
2015-07-17 09:22:15,IC1507,IC1507,7673.6,2.0,3069560.0,-2.0,1,7673.0,7673.6,29,7531.8,7542.0,7741.8,7501.2,868.0,1326290560.0,1823
2015-07-17 09:22:15,IC1507,IC1507,7669.2,4.0,6136120.0,3.0,1,7662.8,7673.0,1,7531.8,7542.0,7741.8,7501.2,872.0,1332426680.0,1826
2015-07-17 09:22:16,IC1507,IC1507,7663.0,1.0,1532600.0,0.0,1,7662.8,7672.8,2,7531.8,7542.0,7741.8,7501.2,873.0,1333959280.0,1826
2015-07-17 09:22:16,IC1507,IC1507,7663.0,0.0,0.0,0.0,1,7663.8,7671.8,1,7531.8,7542.0,7741.8,7501.2,873.0,1333959280.0,1826
2015-07-17 09:22:18,IC1507,IC1507,7663.0,0.0,0.0,0.0,1,7666.0,7671.8,1,7531.8,7542.0,7741.8,7501.2,873.0,1333959280.0,1826
2015-07-17 09:22:18,IC1507,IC1507,7671.8,1.0,1534360.0,1.0,1,7666.0,7673.0,1,7531.8,7542.0,7741.8,7501.2,874.0,1335493640.0,1827
2015-07-17 09:22:19,IC1507,IC1507,7671.8,0.0,0.0,0.0,1,7666.0,7672.8,1,7531.8,7542.0,7741.8,7501.2,874.0,1335493640.0,1827
2015-07-17 09:22:19,IC1507,IC1507,7673.0,2.0,3069160.0,-2.0,1,7673.0,7673.6,31,7531.8,7542.0,7741.8,7501.2,876.0,1338562800.0,1825
2015-07-17 09:22:20,IC1507,IC1507,7673.4,1.0,1534680.0,1.0,1,7673.0,7673.6,31,7531.8,7542.0,7741.8,7501.2,877.0,1340097480.0,1826
2015-07-17 09:22:20,IC1507,IC1507,7673.0,1.0,1534600.0,-1.0,1,7672.8,7673.6,31,7531.8,7542.0,7741.8,7501.2,878.0,1341632080.0,1825
2015-07-17 09:22:21,IC1507,IC1507,7672.8,2.0,3069120.0,0.0,1,7667.8,7672.8,27,7531.8,7542.0,7741.8,7501.2,880.0,1344701200.0,1825
2015-07-17 09:22:21,IC1507,IC1507,7667.8,1.0,1533560.0,0.0,1,7666.0,7672.8,27,7531.8,7542.0,7741.8,7501.2,881.0,1346234760.0,1825
2015-07-17 09:22:22,IC1507,IC1507,7672.8,10.0,15345360.0,-8.0,1,7666.6,7672.8,20,7531.8,7542.0,7741.8,7501.2,891.0,1361580120.0,1817
2015-07-17 09:22:22,IC1507,IC1507,7672.8,1.0,1534560.0,1.0,1,7666.0,7672.8,20,7531.8,7542.0,7741.8,7501.2,892.0,1363114680.0,1818
2015-07-17 09:22:23,IC1507,IC1507,7672.8,0.0,0.0,0.0,1,7666.0,7671.8,1,7531.8,7542.0,7741.8,7501.2,892.0,1363114680.0,1818
2015-07-17 09:22:24,IC1507,IC1507,7666.0,3.0,4599800.0,-2.0,1,7663.8,7666.0,2,7531.8,7542.0,7741.8,7501.2,895.0,1367714480.0,1816
2015-07-17 09:22:25,IC1507,IC1507,7666.0,0.0,0.0,0.0,1,7664.0,7666.0,2,7531.8,7542.0,7741.8,7501.2,895.0,1367714480.0,1816
2015-07-17 09:22:25,IC1507,IC1507,7666.0,1.0,1533200.0,-1.0,1,7664.0,7666.0,1,7531.8,7542.0,7741.8,7501.2,896.0,1369247680.0,1815
2015-07-17 09:22:26,IC1507,IC1507,7666.0,0.0,0.0,0.0,1,7662.8,7666.0,1,7531.8,7542.0,7741.8,7501.2,896.0,1369247680.0,1815
2015-07-17 09:22:26,IC1507,IC1507,7666.0,2.0,3066400.0,-1.0,1,7662.6,7666.0,1,7531.8,7542.0,7741.8,7501.2,898.0,1372314080.0,1814
2015-07-17 09:22:27,IC1507,IC1507,7662.6,1.0,1532520.0,0.0,1,7655.0,7662.6,19,7531.8,7542.0,7741.8,7501.2,899.0,1373846600.0,1814
2015-07-17 09:22:27,IC1507,IC1507,7662.6,0.0,0.0,0.0,1,7655.0,7662.6,20,7531.8,7542.0,7741.8,7501.2,899.0,1373846600.0,1814
2015-07-17 09:22:28,IC1507,IC1507,7662.6,4.0,6130080.0,3.0,1,7655.2,7662.6,20,7531.8,7542.0,7741.8,7501.2,903.0,1379976680.0,1817
2015-07-17 09:22:28,IC1507,IC1507,7662.6,0.0,0.0,0.0,1,7655.0,7660.6,1,7531.8,7542.0,7741.8,7501.2,903.0,1379976680.0,1817
2015-07-17 09:22:29,IC1507,IC1507,7655.0,1.0,1531000.0,0.0,1,7644.8,7654.6,1,7531.8,7542.0,7741.8,7501.2,904.0,1381507680.0,1817
2015-07-17 09:22:29,IC1507,IC1507,7655.0,0.0,0.0,0.0,1,7645.0,7654.4,1,7531.8,7542.0,7741.8,7501.2,904.0,1381507680.0,1817
2015-07-17 09:22:30,IC1507,IC1507,7654.6,2.0,3061840.0,-1.0,2,7645.2,7661.6,2,7531.8,7542.0,7741.8,7501.2,906.0,1384569520.0,1816
2015-07-17 09:22:30,IC1507,IC1507,7654.6,0.0,0.0,0.0,1,7647.4,7661.4,1,7531.8,7542.0,7741.8,7501.2,906.0,1384569520.0,1816
2015-07-17 09:22:31,IC1507,IC1507,7654.6,1.0,1530920.0,-1.0,1,7647.6,7661.4,1,7531.8,7542.0,7741.8,7501.2,907.0,1386100440.0,1815
2015-07-17 09:22:31,IC1507,IC1507,7661.0,1.0,1532200.0,0.0,1,7652.2,7661.4,1,7531.8,7542.0,7741.8,7501.2,908.0,1387632640.0,1815
2015-07-17 09:22:32,IC1507,IC1507,7661.0,0.0,0.0,0.0,1,7652.2,7661.6,2,7531.8,7542.0,7741.8,7501.2,908.0,1387632640.0,1815
2015-07-17 09:22:32,IC1507,IC1507,7661.0,0.0,0.0,0.0,1,7653.2,7662.6,20,7531.8,7542.0,7741.8,7501.2,908.0,1387632640.0,1815
2015-07-17 09:22:33,IC1507,IC1507,7653.2,2.0,3061680.0,-2.0,1,7647.8,7653.2,17,7531.8,7542.0,7741.8,7501.2,910.0,1390694320.0,1813
2015-07-17 09:22:33,IC1507,IC1507,7653.2,3.0,4591920.0,1.0,1,7648.4,7653.2,15,7531.8,7542.0,7741.8,7501.2,913.0,1395286240.0,1814
2015-07-17 09:22:34,IC1507,IC1507,7648.6,1.0,1529720.0,-1.0,1,7648.0,7653.2,15,7531.8,7542.0,7741.8,7501.2,914.0,1396815960.0,1813
2015-07-17 09:22:34,IC1507,IC1507,7648.6,0.0,0.0,0.0,2,7648.6,7653.2,15,7531.8,7542.0,7741.8,7501.2,914.0,1396815960.0,1813
2015-07-17 09:22:35,IC1507,IC1507,7648.6,0.0,0.0,0.0,1,7648.6,7652.8,1,7531.8,7542.0,7741.8,7501.2,914.0,1396815960.0,1813
2015-07-17 09:22:36,IC1507,IC1507,7652.8,3.0,4590800.0,0.0,1,7648.6,7653.2,15,7531.8,7542.0,7741.8,7501.2,917.0,1401406760.0,1813
2015-07-17 09:22:36,IC1507,IC1507,7652.8,0.0,0.0,0.0,1,7649.8,7653.2,15,7531.8,7542.0,7741.8,7501.2,917.0,1401406760.0,1813
2015-07-17 09:22:37,IC1507,IC1507,7653.2,1.0,1530640.0,0.0,1,7649.8,7653.2,14,7531.8,7542.0,7741.8,7501.2,918.0,1402937400.0,1813
2015-07-17 09:22:37,IC1507,IC1507,7653.2,1.0,1530640.0,-1.0,1,7650.0,7653.2,13,7531.8,7542.0,7741.8,7501.2,919.0,1404468040.0,1812
2015-07-17 09:22:38,IC1507,IC1507,7653.2,3.0,4591920.0,0.0,1,7650.0,7653.2,10,7531.8,7542.0,7741.8,7501.2,922.0,1409059960.0,1812
2015-07-17 09:22:38,IC1507,IC1507,7653.2,10.0,15306400.0,-9.0,4,7650.2,7662.6,1,7531.8,7542.0,7741.8,7501.2,932.0,1424366360.0,1803
2015-07-17 09:22:39,IC1507,IC1507,7666.0,4.0,6132120.0,-4.0,10,7667.6,7678.4,10,7531.8,7542.0,7741.8,7501.2,936.0,1430498480.0,1799
2015-07-17 09:22:39,IC1507,IC1507,7662.6,12.0,18422920.0,-11.0,1,7668.6,7675.4,2,7531.8,7542.0,7741.8,7501.2,948.0,1448921400.0,1788
2015-07-17 09:22:40,IC1507,IC1507,7666.6,2.0,3066640.0,0.0,1,7669.6,7675.4,2,7531.8,7542.0,7741.8,7501.2,950.0,1451988040.0,1788
2015-07-17 09:22:40,IC1507,IC1507,7666.6,0.0,0.0,0.0,1,7670.6,7675.4,2,7531.8,7542.0,7741.8,7501.2,950.0,1451988040.0,1788
2015-07-17 09:22:41,IC1507,IC1507,7675.4,2.0,3070160.0,0.0,1,7670.6,7673.4,1,7531.8,7542.0,7741.8,7501.2,952.0,1455058200.0,1788
2015-07-17 09:22:41,IC1507,IC1507,7675.4,0.0,0.0,0.0,1,7670.8,7675.0,2,7531.8,7542.0,7741.8,7501.2,952.0,1455058200.0,1788
2015-07-17 09:22:42,IC1507,IC1507,7675.4,0.0,0.0,0.0,1,7670.2,7671.2,1,7531.8,7542.0,7741.8,7501.2,952.0,1455058200.0,1788
2015-07-17 09:22:42,IC1507,IC1507,7670.4,1.0,1534080.0,0.0,1,7670.4,7670.8,1,7531.8,7542.0,7741.8,7501.2,953.0,1456592280.0,1788
2015-07-17 09:22:43,IC1507,IC1507,7670.8,3.0,4602400.0,0.0,1,7670.2,7679.0,1,7531.8,7542.0,7741.8,7501.2,956.0,1461194680.0,1788
2015-07-17 09:22:43,IC1507,IC1507,7670.6,1.0,1534120.0,1.0,1,7663.8,7670.4,1,7531.8,7542.0,7741.8,7501.2,957.0,1462728800.0,1789
2015-07-17 09:22:44,IC1507,IC1507,7670.6,1.0,1534120.0,0.0,1,7667.8,7679.0,1,7531.8,7542.0,7741.8,7501.2,958.0,1464262920.0,1789
2015-07-17 09:22:44,IC1507,IC1507,7670.6,0.0,0.0,0.0,1,7667.8,7670.0,1,7531.8,7542.0,7741.8,7501.2,958.0,1464262920.0,1789
2015-07-17 09:22:45,IC1507,IC1507,7670.6,0.0,0.0,0.0,1,7663.8,7670.0,1,7531.8,7542.0,7741.8,7501.2,958.0,1464262920.0,1789
2015-07-17 09:22:45,IC1507,IC1507,7670.6,0.0,0.0,0.0,1,7668.2,7676.4,1,7531.8,7542.0,7741.8,7501.2,958.0,1464262920.0,1789
2015-07-17 09:22:46,IC1507,IC1507,7670.6,0.0,0.0,0.0,1,7668.4,7676.4,1,7531.8,7542.0,7741.8,7501.2,958.0,1464262920.0,1789
2015-07-17 09:22:46,IC1507,IC1507,7670.6,0.0,0.0,0.0,1,7668.4,7674.6,1,7531.8,7542.0,7741.8,7501.2,958.0,1464262920.0,1789
2015-07-17 09:22:47,IC1507,IC1507,7670.6,0.0,0.0,0.0,1,7669.4,7674.6,1,7531.8,7542.0,7741.8,7501.2,958.0,1464262920.0,1789
2015-07-17 09:22:47,IC1507,IC1507,7674.6,2.0,3069840.0,0.0,1,7676.4,7677.4,1,7531.8,7542.0,7741.8,7501.2,960.0,1467332760.0,1789
2015-07-17 09:22:48,IC1507,IC1507,7679.2,10.0,15365720.0,4.0,1,7676.4,7688.0,1,7531.8,7542.0,7741.8,7501.2,970.0,1482698480.0,1793
2015-07-17 09:22:48,IC1507,IC1507,7679.2,0.0,0.0,0.0,1,7677.4,7687.6,3,7531.8,7542.0,7741.8,7501.2,970.0,1482698480.0,1793
2015-07-17 09:22:49,IC1507,IC1507,7679.2,0.0,0.0,0.0,2,7679.2,7687.4,1,7531.8,7542.0,7741.8,7501.2,970.0,1482698480.0,1793
2015-07-17 09:22:49,IC1507,IC1507,7687.2,1.0,1537440.0,-1.0,2,7682.2,7686.8,1,7531.8,7542.0,7741.8,7501.2,971.0,1484235920.0,1792
2015-07-17 09:22:50,IC1507,IC1507,7687.2,2.0,3074880.0,0.0,2,7682.2,7687.2,2,7531.8,7542.0,7741.8,7501.2,973.0,1487310800.0,1792
2015-07-17 09:22:50,IC1507,IC1507,7687.2,1.0,1537440.0,0.0,1,7686.8,7687.2,1,7531.8,7542.0,7741.8,7501.2,974.0,1488848240.0,1792
2015-07-17 09:22:51,IC1507,IC1507,7682.2,3.0,4611240.0,0.0,1,7682.2,7688.0,1,7531.8,7542.0,7741.8,7501.2,977.0,1493459480.0,1792
2015-07-17 09:22:51,IC1507,IC1507,7688.0,1.0,1537600.0,0.0,1,7682.2,7692.8,2,7531.8,7542.0,7741.8,7501.2,978.0,1494997080.0,1792
2015-07-17 09:22:52,IC1507,IC1507,7682.2,2.0,3072880.0,-1.0,3,7679.4,7691.8,1,7531.8,7542.0,7741.8,7501.2,980.0,1498069960.0,1791
2015-07-17 09:22:52,IC1507,IC1507,7682.2,0.0,0.0,0.0,1,7679.6,7682.2,2,7531.8,7542.0,7741.8,7501.2,980.0,1498069960.0,1791
2015-07-17 09:22:53,IC1507,IC1507,7682.2,3.0,4609320.0,0.0,3,7679.4,7692.8,2,7531.8,7542.0,7741.8,7501.2,983.0,1502679280.0,1791
2015-07-17 09:22:53,IC1507,IC1507,7682.2,0.0,0.0,0.0,1,7679.6,7692.8,2,7531.8,7542.0,7741.8,7501.2,983.0,1502679280.0,1791
2015-07-17 09:22:54,IC1507,IC1507,7682.2,0.0,0.0,0.0,1,7679.6,7686.8,1,7531.8,7542.0,7741.8,7501.2,983.0,1502679280.0,1791
2015-07-17 09:22:54,IC1507,IC1507,7682.2,0.0,0.0,0.0,1,7680.2,7686.8,1,7531.8,7542.0,7741.8,7501.2,983.0,1502679280.0,1791
2015-07-17 09:22:56,IC1507,IC1507,7682.2,0.0,0.0,0.0,1,7679.4,7680.2,3,7531.8,7542.0,7741.8,7501.2,983.0,1502679280.0,1791
2015-07-17 09:22:56,IC1507,IC1507,7679.6,4.0,6143920.0,0.0,1,7679.4,7680.2,2,7531.8,7542.0,7741.8,7501.2,987.0,1508823200.0,1791
2015-07-17 09:22:57,IC1507,IC1507,7679.6,0.0,0.0,0.0,1,7679.6,7680.2,2,7531.8,7542.0,7741.8,7501.2,987.0,1508823200.0,1791
2015-07-17 09:22:58,IC1507,IC1507,7679.6,0.0,0.0,0.0,1,7679.4,7680.2,2,7531.8,7542.0,7741.8,7501.2,987.0,1508823200.0,1791
2015-07-17 09:22:58,IC1507,IC1507,7679.6,1.0,1535920.0,0.0,1,7679.4,7680.2,2,7531.8,7542.0,7741.8,7501.2,988.0,1510359120.0,1791
2015-07-17 09:23:00,IC1507,IC1507,7679.4,1.0,1535880.0,0.0,1,7677.6,7679.4,1,7531.8,7542.0,7741.8,7501.2,989.0,1511895000.0,1791
2015-07-17 09:23:01,IC1507,IC1507,7677.6,1.0,1535520.0,0.0,1,7676.4,7679.4,1,7531.8,7542.0,7741.8,7501.2,990.0,1513430520.0,1791
2015-07-17 09:23:02,IC1507,IC1507,7677.6,0.0,0.0,0.0,1,7676.4,7678.8,1,7531.8,7542.0,7741.8,7501.2,990.0,1513430520.0,1791
2015-07-17 09:23:02,IC1507,IC1507,7677.6,0.0,0.0,0.0,1,7676.4,7678.6,4,7531.8,7542.0,7741.8,7501.2,990.0,1513430520.0,1791
2015-07-17 09:23:03,IC1507,IC1507,7677.6,0.0,0.0,0.0,1,7676.4,7678.8,1,7531.8,7542.0,7741.8,7501.2,990.0,1513430520.0,1791
2015-07-17 09:23:03,IC1507,IC1507,7676.4,1.0,1535280.0,0.0,1,7663.8,7674.8,1,7531.8,7542.0,7741.8,7501.2,991.0,1514965800.0,1791
2015-07-17 09:23:04,IC1507,IC1507,7676.4,0.0,0.0,0.0,1,7664.0,7674.8,1,7531.8,7542.0,7741.8,7501.2,991.0,1514965800.0,1791
2015-07-17 09:23:05,IC1507,IC1507,7676.4,0.0,0.0,0.0,1,7664.0,7673.2,1,7531.8,7542.0,7741.8,7501.2,991.0,1514965800.0,1791
2015-07-17 09:23:05,IC1507,IC1507,7676.4,0.0,0.0,0.0,1,7664.2,7673.2,1,7531.8,7542.0,7741.8,7501.2,991.0,1514965800.0,1791
2015-07-17 09:23:06,IC1507,IC1507,7664.2,1.0,1532840.0,0.0,1,7663.8,7673.2,1,7531.8,7542.0,7741.8,7501.2,992.0,1516498640.0,1791
2015-07-17 09:23:06,IC1507,IC1507,7664.2,0.0,0.0,0.0,1,7665.4,7673.2,1,7531.8,7542.0,7741.8,7501.2,992.0,1516498640.0,1791
2015-07-17 09:23:07,IC1507,IC1507,7664.2,0.0,0.0,0.0,1,7665.4,7673.0,1,7531.8,7542.0,7741.8,7501.2,992.0,1516498640.0,1791
2015-07-17 09:23:07,IC1507,IC1507,7672.8,1.0,1534560.0,0.0,1,7665.4,7673.0,1,7531.8,7542.0,7741.8,7501.2,993.0,1518033200.0,1791
