time,symbol_id,symbol_name,last,trade_volume,trade_amount,open_interest_change,bv1,bp1,ap1,av1,yesterday_close,today_open,today_high,today_low,volume,amount,open_interest
2016-01-15 09:29:00,IC1601,IC1601,6052.4,44.0,53261120.0,-41.0,3,6052.4,6060.0,4,6078.0,6052.4,6052.4,6052.4,44.0,53261120.0,6114
2016-01-15 09:30:00,IC1601,IC1601,6052.4,4.0,4843440.0,-3.0,1,6051.0,6052.2,1,6078.0,6052.4,6060.0,6052.4,48.0,58104560.0,6111
2016-01-15 09:30:00,IC1601,IC1601,6052.4,5.0,6052120.0,-5.0,1,6053.0,6056.8,1,6078.0,6052.4,6060.0,6051.0,53.0,64156680.0,6106
2016-01-15 09:30:01,IC1601,IC1601,6056.8,2.0,2421840.0,-2.0,1,6052.4,6059.8,1,6078.0,6052.4,6060.0,6051.0,55.0,66578520.0,6104
2016-01-15 09:30:01,IC1601,IC1601,6059.8,1.0,1211960.0,0.0,1,6052.4,6060.0,3,6078.0,6052.4,6060.0,6051.0,56.0,67790480.0,6104
2016-01-15 09:30:02,IC1601,IC1601,6052.4,5.0,6053040.0,-4.0,1,6043.0,6060.0,2,6078.0,6052.4,6060.0,6050.2,61.0,73843520.0,6100
2016-01-15 09:30:02,IC1601,IC1601,6059.8,6.0,7264720.0,-6.0,2,6059.8,6060.0,2,6078.0,6052.4,6060.0,6043.0,67.0,81108240.0,6094
2016-01-15 09:30:03,IC1601,IC1601,6070.0,4.0,4849960.0,-4.0,1,6072.4,6075.6,1,6078.0,6052.4,6070.0,6043.0,71.0,85958200.0,6090
2016-01-15 09:30:03,IC1601,IC1601,6072.4,2.0,2428960.0,-2.0,2,6060.0,6071.2,1,6078.0,6052.4,6072.4,6043.0,73.0,88387160.0,6088
2016-01-15 09:30:04,IC1601,IC1601,6060.0,2.0,2424160.0,-1.0,2,6060.4,6070.4,1,6078.0,6052.4,6072.4,6043.0,75.0,90811320.0,6087
2016-01-15 09:30:04,IC1601,IC1601,6060.4,1.0,1212080.0,-1.0,2,6061.2,6070.4,1,6078.0,6052.4,6072.4,6043.0,76.0,92023400.0,6086
2016-01-15 09:30:05,IC1601,IC1601,6061.2,3.0,3636720.0,-3.0,1,6060.0,6070.4,1,6078.0,6052.4,6072.4,6043.0,79.0,95660120.0,6083
2016-01-15 09:30:06,IC1601,IC1601,6061.2,0.0,0.0,0.0,1,6060.2,6069.6,1,6078.0,6052.4,6072.4,6043.0,79.0,95660120.0,6083
2016-01-15 09:30:06,IC1601,IC1601,6061.2,0.0,0.0,0.0,2,6061.0,6069.0,1,6078.0,6052.4,6072.4,6043.0,79.0,95660120.0,6083
2016-01-15 09:30:07,IC1601,IC1601,6069.0,1.0,1213800.0,-1.0,2,6061.0,6069.6,1,6078.0,6052.4,6072.4,6043.0,80.0,96873920.0,6082
2016-01-15 09:30:08,IC1601,IC1601,6069.0,0.0,0.0,0.0,2,6061.0,6068.0,3,6078.0,6052.4,6072.4,6043.0,80.0,96873920.0,6082
2016-01-15 09:30:08,IC1601,IC1601,6061.0,1.0,1212200.0,-1.0,1,6061.0,6067.6,1,6078.0,6052.4,6072.4,6043.0,81.0,98086120.0,6081
2016-01-15 09:30:09,IC1601,IC1601,6061.0,0.0,0.0,0.0,1,6061.0,6068.0,3,6078.0,6052.4,6072.4,6043.0,81.0,98086120.0,6081
2016-01-15 09:30:09,IC1601,IC1601,6061.0,0.0,0.0,0.0,1,6061.0,6067.2,1,6078.0,6052.4,6072.4,6043.0,81.0,98086120.0,6081
2016-01-15 09:30:10,IC1601,IC1601,6066.6,1.0,1213320.0,-1.0,1,6061.0,6067.2,1,6078.0,6052.4,6072.4,6043.0,82.0,99299440.0,6080
2016-01-15 09:30:10,IC1601,IC1601,6066.6,0.0,0.0,0.0,1,6061.0,6066.0,1,6078.0,6052.4,6072.4,6043.0,82.0,99299440.0,6080
2016-01-15 09:30:11,IC1601,IC1601,6066.0,1.0,1213200.0,-1.0,1,6061.0,6065.6,1,6078.0,6052.4,6072.4,6043.0,83.0,100512640.0,6079
2016-01-15 09:30:12,IC1601,IC1601,6066.0,0.0,0.0,0.0,1,6061.4,6065.6,1,6078.0,6052.4,6072.4,6043.0,83.0,100512640.0,6079
2016-01-15 09:30:13,IC1601,IC1601,6066.0,0.0,0.0,0.0,1,6062.0,6065.6,1,6078.0,6052.4,6072.4,6043.0,83.0,100512640.0,6079
2016-01-15 09:30:13,IC1601,IC1601,6062.0,1.0,1212400.0,-1.0,1,6061.4,6065.6,1,6078.0,6052.4,6072.4,6043.0,84.0,101725040.0,6078
2016-01-15 09:30:14,IC1601,IC1601,6062.0,0.0,0.0,0.0,1,6061.4,6068.0,3,6078.0,6052.4,6072.4,6043.0,84.0,101725040.0,6078
2016-01-15 09:30:15,IC1601,IC1601,6062.0,0.0,0.0,0.0,1,6061.4,6067.4,1,6078.0,6052.4,6072.4,6043.0,84.0,101725040.0,6078
2016-01-15 09:30:16,IC1601,IC1601,6062.0,0.0,0.0,0.0,2,6066.0,6067.4,1,6078.0,6052.4,6072.4,6043.0,84.0,101725040.0,6078
2016-01-15 09:30:16,IC1601,IC1601,6062.0,0.0,0.0,0.0,1,6066.4,6067.4,1,6078.0,6052.4,6072.4,6043.0,84.0,101725040.0,6078
2016-01-15 09:30:17,IC1601,IC1601,6066.0,2.0,2426640.0,-2.0,1,6066.0,6068.0,3,6078.0,6052.4,6072.4,6043.0,86.0,104151680.0,6076
2016-01-15 09:30:17,IC1601,IC1601,6067.4,2.0,2426680.0,-2.0,1,6061.4,6067.8,1,6078.0,6052.4,6072.4,6043.0,88.0,106578360.0,6074
2016-01-15 09:30:18,IC1601,IC1601,6061.4,1.0,1212280.0,0.0,1,6061.0,6068.0,3,6078.0,6052.4,6072.4,6043.0,89.0,107790640.0,6074
2016-01-15 09:30:18,IC1601,IC1601,6061.4,0.0,0.0,0.0,2,6065.6,6066.0,1,6078.0,6052.4,6072.4,6043.0,89.0,107790640.0,6074
2016-01-15 09:30:20,IC1601,IC1601,6068.0,5.0,6067120.0,-3.0,1,6065.6,6070.0,1,6078.0,6052.4,6072.4,6043.0,94.0,113857760.0,6071
2016-01-15 09:30:20,IC1601,IC1601,6068.0,0.0,0.0,0.0,1,6065.6,6069.6,1,6078.0,6052.4,6072.4,6043.0,94.0,113857760.0,6071
2016-01-15 09:30:21,IC1601,IC1601,6068.0,0.0,0.0,0.0,1,6065.6,6069.4,1,6078.0,6052.4,6072.4,6043.0,94.0,113857760.0,6071
2016-01-15 09:30:21,IC1601,IC1601,6068.0,0.0,0.0,0.0,1,6065.6,6070.0,1,6078.0,6052.4,6072.4,6043.0,94.0,113857760.0,6071
2016-01-15 09:30:22,IC1601,IC1601,6068.0,0.0,0.0,0.0,1,6065.6,6069.6,1,6078.0,6052.4,6072.4,6043.0,94.0,113857760.0,6071
2016-01-15 09:30:23,IC1601,IC1601,6068.0,0.0,0.0,0.0,3,6065.6,6069.6,1,6078.0,6052.4,6072.4,6043.0,94.0,113857760.0,6071
2016-01-15 09:30:24,IC1601,IC1601,6069.6,1.0,1213920.0,-1.0,1,6067.6,6070.0,1,6078.0,6052.4,6072.4,6043.0,95.0,115071680.0,6070
2016-01-15 09:30:25,IC1601,IC1601,6067.6,1.0,1213520.0,0.0,3,6065.6,6070.0,1,6078.0,6052.4,6072.4,6043.0,96.0,116285200.0,6070
2016-01-15 09:30:26,IC1601,IC1601,6070.0,1.0,1214000.0,-1.0,3,6065.6,6072.4,2,6078.0,6052.4,6072.4,6043.0,97.0,117499200.0,6069
2016-01-15 09:30:26,IC1601,IC1601,6072.4,1.0,1214480.0,-1.0,3,6065.6,6072.4,1,6078.0,6052.4,6072.4,6043.0,98.0,118713680.0,6068
2016-01-15 09:30:27,IC1601,IC1601,6072.4,0.0,0.0,0.0,1,6066.0,6072.4,1,6078.0,6052.4,6072.4,6043.0,98.0,118713680.0,6068
2016-01-15 09:30:28,IC1601,IC1601,6072.4,1.0,1214480.0,-1.0,1,6066.0,6075.6,1,6078.0,6052.4,6072.4,6043.0,99.0,119928160.0,6067
2016-01-15 09:30:29,IC1601,IC1601,6072.4,0.0,0.0,0.0,1,6072.4,6075.6,1,6078.0,6052.4,6072.4,6043.0,99.0,119928160.0,6067
2016-01-15 09:30:29,IC1601,IC1601,6072.4,0.0,0.0,0.0,1,6072.4,6075.0,1,6078.0,6052.4,6072.4,6043.0,99.0,119928160.0,6067
2016-01-15 09:30:30,IC1601,IC1601,6075.0,2.0,2429480.0,-2.0,1,6066.0,6075.6,1,6078.0,6052.4,6075.0,6043.0,101.0,122357640.0,6065
2016-01-15 09:30:30,IC1601,IC1601,6075.0,0.0,0.0,0.0,1,6066.2,6075.6,1,6078.0,6052.4,6075.0,6043.0,101.0,122357640.0,6065
2016-01-15 09:30:31,IC1601,IC1601,6075.0,0.0,0.0,0.0,1,6066.0,6075.6,1,6078.0,6052.4,6075.0,6043.0,101.0,122357640.0,6065
2016-01-15 09:30:31,IC1601,IC1601,6066.4,1.0,1213280.0,-1.0,1,6066.4,6075.6,1,6078.0,6052.4,6075.0,6043.0,102.0,123570920.0,6064
2016-01-15 09:30:32,IC1601,IC1601,6066.4,0.0,0.0,0.0,1,6066.4,6072.4,5,6078.0,6052.4,6075.0,6043.0,102.0,123570920.0,6064
2016-01-15 09:30:32,IC1601,IC1601,6066.4,0.0,0.0,0.0,2,6066.6,6072.4,5,6078.0,6052.4,6075.0,6043.0,102.0,123570920.0,6064
2016-01-15 09:30:33,IC1601,IC1601,6066.4,0.0,0.0,0.0,1,6066.6,6072.4,5,6078.0,6052.4,6075.0,6043.0,102.0,123570920.0,6064
2016-01-15 09:30:33,IC1601,IC1601,6072.4,1.0,1214480.0,-1.0,1,6066.6,6072.4,4,6078.0,6052.4,6075.0,6043.0,103.0,124785400.0,6063
2016-01-15 09:30:34,IC1601,IC1601,6072.4,0.0,0.0,0.0,2,6066.6,6072.0,1,6078.0,6052.4,6075.0,6043.0,103.0,124785400.0,6063
2016-01-15 09:30:34,IC1601,IC1601,6072.4,0.0,0.0,0.0,2,6066.6,6072.4,4,6078.0,6052.4,6075.0,6043.0,103.0,124785400.0,6063
2016-01-15 09:30:35,IC1601,IC1601,6072.4,0.0,0.0,0.0,2,6066.6,6072.2,1,6078.0,6052.4,6075.0,6043.0,103.0,124785400.0,6063
2016-01-15 09:30:35,IC1601,IC1601,6072.4,0.0,0.0,0.0,1,6067.2,6072.2,1,6078.0,6052.4,6075.0,6043.0,103.0,124785400.0,6063
2016-01-15 09:30:36,IC1601,IC1601,6072.4,1.0,1214480.0,0.0,1,6067.8,6072.4,4,6078.0,6052.4,6075.0,6043.0,104.0,125999880.0,6063
2016-01-15 09:30:36,IC1601,IC1601,6072.4,2.0,2428960.0,-2.0,1,6068.0,6072.4,2,6078.0,6052.4,6075.0,6043.0,106.0,128428840.0,6061
2016-01-15 09:30:37,IC1601,IC1601,6072.4,4.0,4858560.0,-4.0,1,6068.0,6077.6,5,6078.0,6052.4,6075.6,6043.0,110.0,133287400.0,6057
2016-01-15 09:30:38,IC1601,IC1601,6072.4,0.0,0.0,0.0,1,6068.4,6077.6,5,6078.0,6052.4,6075.6,6043.0,110.0,133287400.0,6057
2016-01-15 09:30:38,IC1601,IC1601,6077.6,1.0,1215520.0,-1.0,1,6068.6,6077.6,4,6078.0,6052.4,6077.6,6043.0,111.0,134502920.0,6056
2016-01-15 09:30:39,IC1601,IC1601,6077.6,0.0,0.0,0.0,1,6069.2,6077.6,4,6078.0,6052.4,6077.6,6043.0,111.0,134502920.0,6056
2016-01-15 09:30:39,IC1601,IC1601,6077.6,0.0,0.0,0.0,1,6069.4,6077.6,4,6078.0,6052.4,6077.6,6043.0,111.0,134502920.0,6056
2016-01-15 09:30:40,IC1601,IC1601,6077.6,1.0,1215520.0,-1.0,1,6069.4,6077.6,3,6078.0,6052.4,6077.6,6043.0,112.0,135718440.0,6055
2016-01-15 09:30:40,IC1601,IC1601,6069.4,1.0,1213880.0,-1.0,1,6069.2,6077.6,3,6078.0,6052.4,6077.6,6043.0,113.0,136932320.0,6054
2016-01-15 09:30:41,IC1601,IC1601,6068.8,2.0,2427600.0,-2.0,1,6068.4,6068.6,1,6078.0,6052.4,6077.6,6043.0,115.0,139359920.0,6052
2016-01-15 09:30:41,IC1601,IC1601,6077.0,2.0,2429120.0,-2.0,1,6068.4,6077.6,3,6078.0,6052.4,6077.6,6043.0,117.0,141789040.0,6050
2016-01-15 09:30:42,IC1601,IC1601,6077.2,1.0,1215440.0,-1.0,1,6068.8,6077.4,1,6078.0,6052.4,6077.6,6043.0,118.0,143004480.0,6049
2016-01-15 09:30:42,IC1601,IC1601,6077.2,0.0,0.0,0.0,1,6068.8,6077.2,1,6078.0,6052.4,6077.6,6043.0,118.0,143004480.0,6049
2016-01-15 09:30:43,IC1601,IC1601,6077.2,0.0,0.0,0.0,1,6068.8,6074.0,1,6078.0,6052.4,6077.6,6043.0,118.0,143004480.0,6049
2016-01-15 09:30:44,IC1601,IC1601,6068.8,1.0,1213760.0,-1.0,1,6068.4,6074.0,1,6078.0,6052.4,6077.6,6043.0,119.0,144218240.0,6048
2016-01-15 09:30:45,IC1601,IC1601,6068.8,0.0,0.0,0.0,1,6072.4,6074.0,1,6078.0,6052.4,6077.6,6043.0,119.0,144218240.0,6048
2016-01-15 09:30:45,IC1601,IC1601,6068.8,1.0,1213760.0,-1.0,1,6068.4,6073.8,1,6078.0,6052.4,6077.6,6043.0,120.0,145432000.0,6047
2016-01-15 09:30:46,IC1601,IC1601,6073.8,1.0,1214760.0,0.0,1,6068.4,6074.0,1,6078.0,6052.4,6077.6,6043.0,121.0,146646760.0,6047
2016-01-15 09:30:46,IC1601,IC1601,6074.0,1.0,1214800.0,0.0,2,6067.6,6068.4,1,6078.0,6052.4,6077.6,6043.0,122.0,147861560.0,6047
2016-01-15 09:30:47,IC1601,IC1601,6068.4,1.0,1213680.0,-1.0,1,6068.2,6077.0,1,6078.0,6052.4,6077.6,6043.0,123.0,149075240.0,6046
2016-01-15 09:30:47,IC1601,IC1601,6068.4,0.0,0.0,0.0,2,6067.6,6075.4,1,6078.0,6052.4,6077.6,6043.0,123.0,149075240.0,6046
2016-01-15 09:30:48,IC1601,IC1601,6067.6,1.0,1213520.0,-1.0,1,6068.2,6075.4,1,6078.0,6052.4,6077.6,6043.0,124.0,150288760.0,6045
2016-01-15 09:30:49,IC1601,IC1601,6075.0,1.0,1215000.0,-1.0,1,6068.4,6075.2,2,6078.0,6052.4,6077.6,6043.0,125.0,151503760.0,6044
2016-01-15 09:30:49,IC1601,IC1601,6075.0,0.0,0.0,0.0,1,6068.4,6075.4,1,6078.0,6052.4,6077.6,6043.0,125.0,151503760.0,6044
2016-01-15 09:30:50,IC1601,IC1601,6068.4,1.0,1213680.0,-1.0,1,6068.6,6075.4,1,6078.0,6052.4,6077.6,6043.0,126.0,152717440.0,6043
2016-01-15 09:30:50,IC1601,IC1601,6068.4,0.0,0.0,0.0,1,6068.6,6075.0,1,6078.0,6052.4,6077.6,6043.0,126.0,152717440.0,6043
2016-01-15 09:30:51,IC1601,IC1601,6068.6,1.0,1213720.0,-1.0,1,6068.2,6074.0,1,6078.0,6052.4,6077.6,6043.0,127.0,153931160.0,6042
2016-01-15 09:30:51,IC1601,IC1601,6066.6,3.0,3640480.0,-3.0,6,6065.6,6068.6,1,6078.0,6052.4,6077.6,6043.0,130.0,157571640.0,6039
2016-01-15 09:30:52,IC1601,IC1601,6066.6,0.0,0.0,0.0,1,6068.0,6068.6,1,6078.0,6052.4,6077.6,6043.0,130.0,157571640.0,6039
2016-01-15 09:30:52,IC1601,IC1601,6068.6,1.0,1213720.0,0.0,11,6068.6,6074.0,1,6078.0,6052.4,6077.6,6043.0,131.0,158785360.0,6039
2016-01-15 09:30:53,IC1601,IC1601,6068.6,0.0,0.0,0.0,1,6069.2,6073.8,1,6078.0,6052.4,6077.6,6043.0,131.0,158785360.0,6039
2016-01-15 09:30:54,IC1601,IC1601,6069.2,1.0,1213840.0,-1.0,1,6069.6,6074.0,1,6078.0,6052.4,6077.6,6043.0,132.0,159999200.0,6038
2016-01-15 09:30:55,IC1601,IC1601,6074.0,1.0,1214800.0,-1.0,1,6069.6,6075.4,1,6078.0,6052.4,6077.6,6043.0,133.0,161214000.0,6037
2016-01-15 09:30:55,IC1601,IC1601,6069.6,1.0,1213920.0,-1.0,1,6073.8,6074.0,1,6078.0,6052.4,6077.6,6043.0,134.0,162427920.0,6036
2016-01-15 09:30:56,IC1601,IC1601,6073.8,2.0,2429520.0,-2.0,1,6069.4,6073.8,1,6078.0,6052.4,6077.6,6043.0,136.0,164857440.0,6034
2016-01-15 09:30:57,IC1601,IC1601,6069.4,1.0,1213880.0,-1.0,1,6070.2,6073.8,1,6078.0,6052.4,6077.6,6043.0,137.0,166071320.0,6033
2016-01-15 09:30:57,IC1601,IC1601,6070.2,1.0,1214040.0,-1.0,11,6068.6,6074.0,1,6078.0,6052.4,6077.6,6043.0,138.0,167285360.0,6032
2016-01-15 09:30:58,IC1601,IC1601,6068.6,1.0,1213720.0,0.0,10,6068.6,6074.0,1,6078.0,6052.4,6077.6,6043.0,139.0,168499080.0,6032
2016-01-15 09:30:59,IC1601,IC1601,6074.0,1.0,1214800.0,-1.0,1,6070.0,6075.4,1,6078.0,6052.4,6077.6,6043.0,140.0,169713880.0,6031
2016-01-15 09:30:59,IC1601,IC1601,6070.0,1.0,1214000.0,-1.0,1,6068.8,6070.0,5,6078.0,6052.4,6077.6,6043.0,141.0,170927880.0,6030
2016-01-15 09:31:00,IC1601,IC1601,6069.6,1.0,1213920.0,0.0,10,6068.6,6070.0,5,6078.0,6052.4,6077.6,6043.0,142.0,172141800.0,6030
2016-01-15 09:31:01,IC1601,IC1601,6069.6,0.0,0.0,0.0,10,6068.6,6068.8,1,6078.0,6052.4,6077.6,6043.0,142.0,172141800.0,6030
2016-01-15 09:31:01,IC1601,IC1601,6068.6,1.0,1213720.0,0.0,9,6068.6,6068.8,1,6078.0,6052.4,6077.6,6043.0,143.0,173355520.0,6030
2016-01-15 09:31:02,IC1601,IC1601,6068.8,1.0,1213760.0,-1.0,1,6069.2,6070.0,5,6078.0,6052.4,6077.6,6043.0,144.0,174569280.0,6029
2016-01-15 09:31:02,IC1601,IC1601,6068.8,0.0,0.0,0.0,1,6069.2,6069.4,1,6078.0,6052.4,6077.6,6043.0,144.0,174569280.0,6029
2016-01-15 09:31:03,IC1601,IC1601,6069.0,1.0,1213800.0,-1.0,9,6068.6,6070.0,5,6078.0,6052.4,6077.6,6043.0,145.0,175783080.0,6028
2016-01-15 09:31:03,IC1601,IC1601,6068.6,2.0,2427440.0,0.0,7,6068.6,6070.0,5,6078.0,6052.4,6077.6,6043.0,147.0,178210520.0,6028
2016-01-15 09:31:04,IC1601,IC1601,6068.6,1.0,1213720.0,0.0,6,6068.6,6069.4,1,6078.0,6052.4,6077.6,6043.0,148.0,179424240.0,6028
2016-01-15 09:31:04,IC1601,IC1601,6068.6,1.0,1213720.0,0.0,5,6068.6,6069.4,1,6078.0,6052.4,6077.6,6043.0,149.0,180637960.0,6028
2016-01-15 09:31:05,IC1601,IC1601,6068.6,0.0,0.0,0.0,5,6068.6,6069.2,1,6078.0,6052.4,6077.6,6043.0,149.0,180637960.0,6028
2016-01-15 09:31:07,IC1601,IC1601,6068.6,5.0,6068600.0,0.0,1,6068.0,6069.2,1,6078.0,6052.4,6077.6,6043.0,154.0,186706560.0,6028
2016-01-15 09:31:07,IC1601,IC1601,6068.6,0.0,0.0,0.0,1,6068.0,6068.6,1,6078.0,6052.4,6077.6,6043.0,154.0,186706560.0,6028
2016-01-15 09:31:08,IC1601,IC1601,6068.0,4.0,4854960.0,-3.0,6,6065.6,6069.4,2,6078.0,6052.4,6077.6,6043.0,158.0,191561520.0,6025
2016-01-15 09:31:09,IC1601,IC1601,6065.6,4.0,4854640.0,-3.0,5,6065.6,6070.0,5,6078.0,6052.4,6077.6,6043.0,162.0,196416160.0,6022
2016-01-15 09:31:10,IC1601,IC1601,6065.6,0.0,0.0,0.0,1,6065.8,6069.6,1,6078.0,6052.4,6077.6,6043.0,162.0,196416160.0,6022
2016-01-15 09:31:11,IC1601,IC1601,6065.6,0.0,0.0,0.0,1,6066.0,6069.6,1,6078.0,6052.4,6077.6,6043.0,162.0,196416160.0,6022
2016-01-15 09:31:11,IC1601,IC1601,6065.6,0.0,0.0,0.0,1,6066.0,6069.4,1,6078.0,6052.4,6077.6,6043.0,162.0,196416160.0,6022
2016-01-15 09:31:12,IC1601,IC1601,6065.6,0.0,0.0,0.0,1,6068.0,6069.4,1,6078.0,6052.4,6077.6,6043.0,162.0,196416160.0,6022
2016-01-15 09:31:13,IC1601,IC1601,6065.6,0.0,0.0,0.0,1,6068.0,6069.0,1,6078.0,6052.4,6077.6,6043.0,162.0,196416160.0,6022
2016-01-15 09:31:13,IC1601,IC1601,6069.0,1.0,1213800.0,-1.0,1,6068.0,6069.4,1,6078.0,6052.4,6077.6,6043.0,163.0,197629960.0,6021
2016-01-15 09:31:15,IC1601,IC1601,6068.0,1.0,1213600.0,0.0,1,6066.6,6069.4,1,6078.0,6052.4,6077.6,6043.0,164.0,198843560.0,6021
2016-01-15 09:31:15,IC1601,IC1601,6069.4,1.0,1213880.0,-1.0,1,6066.6,6070.0,5,6078.0,6052.4,6077.6,6043.0,165.0,200057440.0,6020
2016-01-15 09:31:16,IC1601,IC1601,6069.4,0.0,0.0,0.0,1,6066.6,6068.6,1,6078.0,6052.4,6077.6,6043.0,165.0,200057440.0,6020
2016-01-15 09:31:16,IC1601,IC1601,6069.4,0.0,0.0,0.0,1,6066.8,6068.6,1,6078.0,6052.4,6077.6,6043.0,165.0,200057440.0,6020
2016-01-15 09:31:17,IC1601,IC1601,6069.4,0.0,0.0,0.0,2,6067.0,6068.6,1,6078.0,6052.4,6077.6,6043.0,165.0,200057440.0,6020
2016-01-15 09:31:17,IC1601,IC1601,6070.0,4.0,4855880.0,-4.0,1,6067.6,6070.0,2,6078.0,6052.4,6077.6,6043.0,169.0,204913320.0,6016
2016-01-15 09:31:18,IC1601,IC1601,6067.8,1.0,1213560.0,-1.0,1,6067.6,6070.0,2,6078.0,6052.4,6077.6,6043.0,170.0,206126880.0,6015
2016-01-15 09:31:18,IC1601,IC1601,6067.8,1.0,1213560.0,0.0,2,6067.8,6070.0,2,6078.0,6052.4,6077.6,6043.0,171.0,207340440.0,6015
2016-01-15 09:31:19,IC1601,IC1601,6067.8,0.0,0.0,0.0,1,6068.0,6070.0,2,6078.0,6052.4,6077.6,6043.0,171.0,207340440.0,6015
2016-01-15 09:31:20,IC1601,IC1601,6067.8,0.0,0.0,0.0,2,6068.0,6070.0,2,6078.0,6052.4,6077.6,6043.0,171.0,207340440.0,6015
2016-01-15 09:31:20,IC1601,IC1601,6067.8,1.0,1213560.0,0.0,1,6068.2,6070.0,2,6078.0,6052.4,6077.6,6043.0,172.0,208554000.0,6015
2016-01-15 09:31:21,IC1601,IC1601,6067.8,0.0,0.0,0.0,1,6068.6,6070.0,2,6078.0,6052.4,6077.6,6043.0,172.0,208554000.0,6015
2016-01-15 09:31:22,IC1601,IC1601,6068.0,3.0,3640800.0,-3.0,1,6066.6,6067.6,1,6078.0,6052.4,6077.6,6043.0,175.0,212194800.0,6012
2016-01-15 09:31:23,IC1601,IC1601,6069.8,2.0,2427560.0,-1.0,1,6066.6,6070.0,2,6078.0,6052.4,6077.6,6043.0,177.0,214622360.0,6011
2016-01-15 09:31:25,IC1601,IC1601,6069.8,0.0,0.0,0.0,1,6066.6,6070.0,3,6078.0,6052.4,6077.6,6043.0,177.0,214622360.0,6011
2016-01-15 09:31:25,IC1601,IC1601,6070.0,1.0,1214000.0,-1.0,1,6066.6,6070.0,2,6078.0,6052.4,6077.6,6043.0,178.0,215836360.0,6010
2016-01-15 09:31:26,IC1601,IC1601,6070.0,0.0,0.0,0.0,1,6066.8,6070.0,2,6078.0,6052.4,6077.6,6043.0,178.0,215836360.0,6010
2016-01-15 09:31:27,IC1601,IC1601,6070.0,1.0,1214000.0,-1.0,1,6066.8,6070.0,1,6078.0,6052.4,6077.6,6043.0,179.0,217050360.0,6009
2016-01-15 09:31:28,IC1601,IC1601,6070.0,2.0,2428000.0,-2.0,1,6066.8,6073.0,2,6078.0,6052.4,6077.6,6043.0,181.0,219478360.0,6007
2016-01-15 09:31:28,IC1601,IC1601,6070.0,0.0,0.0,0.0,1,6067.0,6073.0,2,6078.0,6052.4,6077.6,6043.0,181.0,219478360.0,6007
2016-01-15 09:31:29,IC1601,IC1601,6070.0,0.0,0.0,0.0,1,6067.2,6070.0,1,6078.0,6052.4,6077.6,6043.0,181.0,219478360.0,6007
2016-01-15 09:31:29,IC1601,IC1601,6066.8,4.0,4853760.0,-4.0,1,6066.6,6070.0,1,6078.0,6052.4,6077.6,6043.0,185.0,224332120.0,6003
2016-01-15 09:31:30,IC1601,IC1601,6070.0,1.0,1214000.0,-1.0,1,6066.6,6073.0,2,6078.0,6052.4,6077.6,6043.0,186.0,225546120.0,6002
2016-01-15 09:31:31,IC1601,IC1601,6070.0,0.0,0.0,0.0,1,6066.6,6069.0,1,6078.0,6052.4,6077.6,6043.0,186.0,225546120.0,6002
2016-01-15 09:31:32,IC1601,IC1601,6070.0,0.0,0.0,0.0,1,6067.2,6069.0,1,6078.0,6052.4,6077.6,6043.0,186.0,225546120.0,6002
2016-01-15 09:31:32,IC1601,IC1601,6069.0,3.0,3640560.0,-3.0,2,6070.0,6072.8,2,6078.0,6052.4,6077.6,6043.0,189.0,229186680.0,5999
2016-01-15 09:31:33,IC1601,IC1601,6072.2,1.0,1214440.0,0.0,2,6070.0,6072.2,1,6078.0,6052.4,6077.6,6043.0,190.0,230401120.0,5999
2016-01-15 09:31:33,IC1601,IC1601,6072.2,0.0,0.0,0.0,2,6070.0,6072.8,2,6078.0,6052.4,6077.6,6043.0,190.0,230401120.0,5999
2016-01-15 09:31:34,IC1601,IC1601,6070.0,1.0,1214000.0,-1.0,1,6070.0,6072.8,2,6078.0,6052.4,6077.6,6043.0,191.0,231615120.0,5998
2016-01-15 09:31:34,IC1601,IC1601,6070.0,4.0,4856000.0,-4.0,1,6065.8,6072.8,2,6078.0,6052.4,6077.6,6043.0,195.0,236471120.0,5994
2016-01-15 09:31:35,IC1601,IC1601,6072.8,1.0,1214560.0,-1.0,1,6065.8,6072.8,1,6078.0,6052.4,6077.6,6043.0,196.0,237685680.0,5993
2016-01-15 09:31:36,IC1601,IC1601,6072.8,1.0,1214560.0,-1.0,1,6066.2,6072.8,1,6078.0,6052.4,6077.6,6043.0,197.0,238900240.0,5992
2016-01-15 09:31:36,IC1601,IC1601,6072.8,0.0,0.0,0.0,1,6066.8,6072.8,1,6078.0,6052.4,6077.6,6043.0,197.0,238900240.0,5992
2016-01-15 09:31:37,IC1601,IC1601,6072.8,0.0,0.0,0.0,1,6066.8,6072.2,1,6078.0,6052.4,6077.6,6043.0,197.0,238900240.0,5992
2016-01-15 09:31:37,IC1601,IC1601,6066.0,3.0,3639800.0,-3.0,1,6066.0,6072.0,1,6078.0,6052.4,6077.6,6043.0,200.0,242540040.0,5989
2016-01-15 09:31:38,IC1601,IC1601,6066.0,0.0,0.0,0.0,1,6066.2,6072.0,1,6078.0,6052.4,6077.6,6043.0,200.0,242540040.0,5989
2016-01-15 09:31:42,IC1601,IC1601,6066.0,0.0,0.0,0.0,1,6066.4,6071.2,1,6078.0,6052.4,6077.6,6043.0,200.0,242540040.0,5989
2016-01-15 09:31:43,IC1601,IC1601,6066.0,0.0,0.0,0.0,1,6066.4,6071.0,1,6078.0,6052.4,6077.6,6043.0,200.0,242540040.0,5989
2016-01-15 09:31:44,IC1601,IC1601,6066.0,0.0,0.0,0.0,1,6068.6,6071.0,1,6078.0,6052.4,6077.6,6043.0,200.0,242540040.0,5989
2016-01-15 09:31:46,IC1601,IC1601,6071.0,1.0,1214200.0,-1.0,1,6068.6,6071.2,1,6078.0,6052.4,6077.6,6043.0,201.0,243754240.0,5988
2016-01-15 09:31:47,IC1601,IC1601,6071.0,0.0,0.0,0.0,1,6069.0,6071.2,1,6078.0,6052.4,6077.6,6043.0,201.0,243754240.0,5988
2016-01-15 09:31:50,IC1601,IC1601,6069.0,1.0,1213800.0,-1.0,1,6068.8,6071.2,1,6078.0,6052.4,6077.6,6043.0,202.0,244968040.0,5987
2016-01-15 09:31:52,IC1601,IC1601,6070.8,1.0,1214160.0,-1.0,1,6068.6,6071.2,1,6078.0,6052.4,6077.6,6043.0,203.0,246182200.0,5986
2016-01-15 09:31:53,IC1601,IC1601,6068.6,1.0,1213720.0,-1.0,1,6066.6,6071.2,1,6078.0,6052.4,6077.6,6043.0,204.0,247395920.0,5985
2016-01-15 09:31:54,IC1601,IC1601,6068.6,0.0,0.0,0.0,1,6066.8,6071.2,1,6078.0,6052.4,6077.6,6043.0,204.0,247395920.0,5985
2016-01-15 09:31:54,IC1601,IC1601,6071.2,1.0,1214240.0,-1.0,2,6071.2,6072.8,1,6078.0,6052.4,6077.6,6043.0,205.0,248610160.0,5984
2016-01-15 09:31:55,IC1601,IC1601,6071.2,1.0,1214240.0,-1.0,1,6071.2,6072.8,1,6078.0,6052.4,6077.6,6043.0,206.0,249824400.0,5983
2016-01-15 09:31:55,IC1601,IC1601,6071.2,0.0,0.0,0.0,1,6071.2,6072.2,1,6078.0,6052.4,6077.6,6043.0,206.0,249824400.0,5983
2016-01-15 09:31:56,IC1601,IC1601,6072.8,1.0,1214560.0,-1.0,1,6071.2,6073.0,2,6078.0,6052.4,6077.6,6043.0,207.0,251038960.0,5982
2016-01-15 09:31:57,IC1601,IC1601,6072.8,0.0,0.0,0.0,1,6071.2,6072.8,1,6078.0,6052.4,6077.6,6043.0,207.0,251038960.0,5982
2016-01-15 09:32:00,IC1601,IC1601,6072.8,0.0,0.0,0.0,1,6071.2,6072.0,4,6078.0,6052.4,6077.6,6043.0,207.0,251038960.0,5982
2016-01-15 09:32:01,IC1601,IC1601,6072.0,1.0,1214400.0,-1.0,1,6071.2,6072.0,4,6078.0,6052.4,6077.6,6043.0,208.0,252253360.0,5981
2016-01-15 09:32:02,IC1601,IC1601,6071.2,1.0,1214240.0,-1.0,1,6071.2,6072.0,4,6078.0,6052.4,6077.6,6043.0,209.0,253467600.0,5980
2016-01-15 09:32:02,IC1601,IC1601,6071.2,0.0,0.0,0.0,1,6071.2,6071.4,1,6078.0,6052.4,6077.6,6043.0,209.0,253467600.0,5980
2016-01-15 09:32:03,IC1601,IC1601,6072.0,1.0,1214400.0,-1.0,1,6071.2,6072.0,3,6078.0,6052.4,6077.6,6043.0,210.0,254682000.0,5979
2016-01-15 09:32:04,IC1601,IC1601,6071.2,1.0,1214240.0,-1.0,1,6069.0,6072.0,3,6078.0,6052.4,6077.6,6043.0,211.0,255896240.0,5978
2016-01-15 09:32:07,IC1601,IC1601,6071.2,0.0,0.0,0.0,1,6069.2,6072.0,3,6078.0,6052.4,6077.6,6043.0,211.0,255896240.0,5978
2016-01-15 09:32:08,IC1601,IC1601,6072.0,1.0,1214400.0,-1.0,1,6069.2,6072.0,2,6078.0,6052.4,6077.6,6043.0,212.0,257110640.0,5977
2016-01-15 09:32:08,IC1601,IC1601,6069.2,1.0,1213840.0,1.0,1,6069.0,6072.0,3,6078.0,6052.4,6077.6,6043.0,213.0,258324480.0,5978
2016-01-15 09:32:09,IC1601,IC1601,6069.2,0.0,0.0,0.0,1,6069.0,6072.0,2,6078.0,6052.4,6077.6,6043.0,213.0,258324480.0,5978
2016-01-15 09:32:10,IC1601,IC1601,6069.2,0.0,0.0,0.0,1,6069.2,6071.8,1,6078.0,6052.4,6077.6,6043.0,213.0,258324480.0,5978
2016-01-15 09:32:11,IC1601,IC1601,6069.2,1.0,1213840.0,-1.0,1,6069.0,6069.2,3,6078.0,6052.4,6077.6,6043.0,214.0,259538320.0,5977
2016-01-15 09:32:11,IC1601,IC1601,6069.0,1.0,1213800.0,-1.0,1,6067.2,6069.2,3,6078.0,6052.4,6077.6,6043.0,215.0,260752120.0,5976
2016-01-15 09:32:12,IC1601,IC1601,6067.2,1.0,1213440.0,-1.0,1,6067.0,6069.2,3,6078.0,6052.4,6077.6,6043.0,216.0,261965560.0,5975
2016-01-15 09:32:12,IC1601,IC1601,6067.2,0.0,0.0,0.0,1,6067.0,6069.0,1,6078.0,6052.4,6077.6,6043.0,216.0,261965560.0,5975
2016-01-15 09:32:13,IC1601,IC1601,6067.2,0.0,0.0,0.0,1,6067.0,6068.8,1,6078.0,6052.4,6077.6,6043.0,216.0,261965560.0,5975
2016-01-15 09:32:13,IC1601,IC1601,6068.8,1.0,1213760.0,0.0,1,6067.0,6069.0,1,6078.0,6052.4,6077.6,6043.0,217.0,263179320.0,5975
2016-01-15 09:32:14,IC1601,IC1601,6067.0,1.0,1213400.0,-1.0,1,6066.8,6067.0,2,6078.0,6052.4,6077.6,6043.0,218.0,264392720.0,5974
2016-01-15 09:32:14,IC1601,IC1601,6066.8,3.0,3640160.0,-3.0,1,6066.6,6071.2,1,6078.0,6052.4,6077.6,6043.0,221.0,268032880.0,5971
2016-01-15 09:32:15,IC1601,IC1601,6066.8,0.0,0.0,0.0,1,6066.6,6067.0,1,6078.0,6052.4,6077.6,6043.0,221.0,268032880.0,5971
2016-01-15 09:32:16,IC1601,IC1601,6072.0,5.0,6069920.0,-4.0,1,6066.6,6072.0,1,6078.0,6052.4,6077.6,6043.0,226.0,274102800.0,5967
2016-01-15 09:32:17,IC1601,IC1601,6072.0,3.0,3643200.0,-3.0,1,6069.0,6071.8,1,6078.0,6052.4,6077.6,6043.0,229.0,277746000.0,5964
2016-01-15 09:32:18,IC1601,IC1601,6071.8,1.0,1214360.0,-1.0,3,6071.8,6073.0,2,6078.0,6052.4,6077.6,6043.0,230.0,278960360.0,5963
2016-01-15 09:32:19,IC1601,IC1601,6071.8,1.0,1214360.0,-1.0,2,6071.8,6073.0,2,6078.0,6052.4,6077.6,6043.0,231.0,280174720.0,5962
2016-01-15 09:32:19,IC1601,IC1601,6071.8,1.0,1214360.0,-1.0,1,6071.8,6073.0,2,6078.0,6052.4,6077.6,6043.0,232.0,281389080.0,5961
2016-01-15 09:32:20,IC1601,IC1601,6071.8,1.0,1214360.0,-1.0,1,6069.0,6073.0,2,6078.0,6052.4,6077.6,6043.0,233.0,282603440.0,5960
2016-01-15 09:32:23,IC1601,IC1601,6071.8,0.0,0.0,0.0,1,6069.0,6071.8,1,6078.0,6052.4,6077.6,6043.0,233.0,282603440.0,5960
2016-01-15 09:32:24,IC1601,IC1601,6071.8,1.0,1214360.0,-1.0,1,6069.0,6073.0,2,6078.0,6052.4,6077.6,6043.0,234.0,283817800.0,5959
2016-01-15 09:32:26,IC1601,IC1601,6069.0,2.0,2428400.0,-2.0,1,6066.6,6069.0,2,6078.0,6052.4,6077.6,6043.0,236.0,286246200.0,5957
2016-01-15 09:32:26,IC1601,IC1601,6069.0,1.0,1213800.0,-1.0,2,6067.2,6069.0,1,6078.0,6052.4,6077.6,6043.0,237.0,287460000.0,5956
2016-01-15 09:32:27,IC1601,IC1601,6067.4,1.0,1213480.0,-1.0,2,6067.2,6069.0,1,6078.0,6052.4,6077.6,6043.0,238.0,288673480.0,5955
2016-01-15 09:32:28,IC1601,IC1601,6067.4,0.0,0.0,0.0,1,6066.6,6069.0,1,6078.0,6052.4,6077.6,6043.0,238.0,288673480.0,5955
2016-01-15 09:32:29,IC1601,IC1601,6066.8,1.0,1213360.0,-1.0,1,6066.6,6073.0,1,6078.0,6052.4,6077.6,6043.0,239.0,289886840.0,5954
2016-01-15 09:32:29,IC1601,IC1601,6066.8,0.0,0.0,0.0,1,6066.6,6072.6,1,6078.0,6052.4,6077.6,6043.0,239.0,289886840.0,5954
2016-01-15 09:32:30,IC1601,IC1601,6066.8,0.0,0.0,0.0,1,6066.6,6072.4,1,6078.0,6052.4,6077.6,6043.0,239.0,289886840.0,5954
2016-01-15 09:32:32,IC1601,IC1601,6072.4,1.0,1214480.0,-1.0,1,6072.4,6073.0,1,6078.0,6052.4,6077.6,6043.0,240.0,291101320.0,5953
2016-01-15 09:32:33,IC1601,IC1601,6072.4,2.0,2428960.0,-2.0,2,6066.6,6073.0,1,6078.0,6052.4,6077.6,6043.0,242.0,293530280.0,5951
2016-01-15 09:32:35,IC1601,IC1601,6072.4,0.0,0.0,0.0,5,6069.0,6073.0,1,6078.0,6052.4,6077.6,6043.0,242.0,293530280.0,5951
2016-01-15 09:32:35,IC1601,IC1601,6072.4,0.0,0.0,0.0,1,6069.6,6073.0,1,6078.0,6052.4,6077.6,6043.0,242.0,293530280.0,5951
2016-01-15 09:32:36,IC1601,IC1601,6072.4,0.0,0.0,0.0,1,6070.2,6070.6,1,6078.0,6052.4,6077.6,6043.0,242.0,293530280.0,5951
2016-01-15 09:32:39,IC1601,IC1601,6070.6,1.0,1214120.0,-1.0,4,6070.6,6072.8,1,6078.0,6052.4,6077.6,6043.0,243.0,294744400.0,5950
2016-01-15 09:32:40,IC1601,IC1601,6072.8,1.0,1214560.0,-1.0,1,6072.8,6073.0,1,6078.0,6052.4,6077.6,6043.0,244.0,295958960.0,5949
2016-01-15 09:32:41,IC1601,IC1601,6073.0,1.0,1214600.0,-1.0,1,6072.8,6073.8,1,6078.0,6052.4,6077.6,6043.0,245.0,297173560.0,5948
2016-01-15 09:32:44,IC1601,IC1601,6072.8,2.0,2429320.0,-2.0,4,6070.6,6072.8,4,6078.0,6052.4,6077.6,6043.0,247.0,299602880.0,5946
2016-01-15 09:32:45,IC1601,IC1601,6072.8,0.0,0.0,0.0,4,6070.6,6072.8,5,6078.0,6052.4,6077.6,6043.0,247.0,299602880.0,5946
2016-01-15 09:32:45,IC1601,IC1601,6072.8,0.0,0.0,0.0,1,6070.8,6072.8,5,6078.0,6052.4,6077.6,6043.0,247.0,299602880.0,5946
2016-01-15 09:32:46,IC1601,IC1601,6072.8,0.0,0.0,0.0,1,6071.0,6072.8,5,6078.0,6052.4,6077.6,6043.0,247.0,299602880.0,5946
2016-01-15 09:32:47,IC1601,IC1601,6072.8,0.0,0.0,0.0,6,6071.0,6072.8,5,6078.0,6052.4,6077.6,6043.0,247.0,299602880.0,5946
2016-01-15 09:32:48,IC1601,IC1601,6072.8,2.0,2428880.0,-2.0,1,6071.6,6072.8,4,6078.0,6052.4,6077.6,6043.0,249.0,302031760.0,5944
2016-01-15 09:32:48,IC1601,IC1601,6072.8,1.0,1214560.0,0.0,1,6071.6,6072.8,3,6078.0,6052.4,6077.6,6043.0,250.0,303246320.0,5944
2016-01-15 09:32:49,IC1601,IC1601,6072.8,1.0,1214560.0,-1.0,1,6071.6,6072.8,2,6078.0,6052.4,6077.6,6043.0,251.0,304460880.0,5943
2016-01-15 09:32:50,IC1601,IC1601,6071.6,1.0,1214320.0,-1.0,6,6071.0,6072.8,2,6078.0,6052.4,6077.6,6043.0,252.0,305675200.0,5942
2016-01-15 09:32:51,IC1601,IC1601,6071.6,0.0,0.0,0.0,1,6071.2,6072.8,2,6078.0,6052.4,6077.6,6043.0,252.0,305675200.0,5942
2016-01-15 09:32:52,IC1601,IC1601,6071.2,1.0,1214240.0,-1.0,6,6071.0,6072.0,1,6078.0,6052.4,6077.6,6043.0,253.0,306889440.0,5941
2016-01-15 09:32:54,IC1601,IC1601,6072.0,1.0,1214400.0,-1.0,6,6071.0,6072.8,2,6078.0,6052.4,6077.6,6043.0,254.0,308103840.0,5940
2016-01-15 09:32:55,IC1601,IC1601,6072.0,0.0,0.0,0.0,1,6072.0,6072.8,2,6078.0,6052.4,6077.6,6043.0,254.0,308103840.0,5940
2016-01-15 09:32:57,IC1601,IC1601,6072.8,1.0,1214560.0,-1.0,1,6072.0,6072.8,1,6078.0,6052.4,6077.6,6043.0,255.0,309318400.0,5939
2016-01-15 09:32:58,IC1601,IC1601,6072.8,2.0,2428960.0,-2.0,1,6073.0,6075.4,1,6078.0,6052.4,6077.6,6043.0,257.0,311747360.0,5937
2016-01-15 09:32:59,IC1601,IC1601,6075.2,1.0,1215040.0,-1.0,1,6073.0,6075.4,1,6078.0,6052.4,6077.6,6043.0,258.0,312962400.0,5936
2016-01-15 09:33:01,IC1601,IC1601,6075.0,2.0,2430000.0,-2.0,2,6075.0,6075.4,1,6078.0,6052.4,6077.6,6043.0,260.0,315392400.0,5934
2016-01-15 09:33:01,IC1601,IC1601,6075.4,1.0,1215080.0,-1.0,2,6075.0,6077.0,1,6078.0,6052.4,6077.6,6043.0,261.0,316607480.0,5933
2016-01-15 09:33:02,IC1601,IC1601,6075.0,1.0,1215000.0,-1.0,1,6075.0,6077.0,1,6078.0,6052.4,6077.6,6043.0,262.0,317822480.0,5932
2016-01-15 09:33:02,IC1601,IC1601,6073.0,2.0,2429600.0,-2.0,1,6075.4,6077.0,1,6078.0,6052.4,6077.6,6043.0,264.0,320252080.0,5930
2016-01-15 09:33:04,IC1601,IC1601,6077.0,2.0,2430280.0,-2.0,2,6072.8,6077.4,1,6078.0,6052.4,6077.6,6043.0,266.0,322682360.0,5928
2016-01-15 09:33:04,IC1601,IC1601,6072.8,1.0,1214560.0,-1.0,1,6072.8,6077.4,1,6078.0,6052.4,6077.6,6043.0,267.0,323896920.0,5927
2016-01-15 09:33:05,IC1601,IC1601,6072.8,0.0,0.0,0.0,1,6073.2,6077.4,1,6078.0,6052.4,6077.6,6043.0,267.0,323896920.0,5927
2016-01-15 09:33:05,IC1601,IC1601,6072.8,0.0,0.0,0.0,1,6072.8,6077.4,1,6078.0,6052.4,6077.6,6043.0,267.0,323896920.0,5927
2016-01-15 09:33:07,IC1601,IC1601,6072.8,1.0,1214560.0,-1.0,5,6071.2,6077.4,1,6078.0,6052.4,6077.6,6043.0,268.0,325111480.0,5926
2016-01-15 09:33:07,IC1601,IC1601,6077.4,1.0,1215480.0,-1.0,5,6071.2,6077.6,3,6078.0,6052.4,6077.6,6043.0,269.0,326326960.0,5925
2016-01-15 09:33:08,IC1601,IC1601,6077.4,0.0,0.0,0.0,5,6071.2,6077.0,1,6078.0,6052.4,6077.6,6043.0,269.0,326326960.0,5925
2016-01-15 09:33:08,IC1601,IC1601,6071.4,1.0,1214280.0,-1.0,5,6071.2,6077.0,1,6078.0,6052.4,6077.6,6043.0,270.0,327541240.0,5924
2016-01-15 09:33:09,IC1601,IC1601,6077.0,1.0,1215400.0,-1.0,5,6071.2,6076.8,2,6078.0,6052.4,6077.6,6043.0,271.0,328756640.0,5923
2016-01-15 09:33:10,IC1601,IC1601,6077.0,0.0,0.0,0.0,5,6071.2,6076.6,2,6078.0,6052.4,6077.6,6043.0,271.0,328756640.0,5923
2016-01-15 09:33:11,IC1601,IC1601,6073.0,2.0,2429200.0,-2.0,3,6073.0,6076.4,1,6078.0,6052.4,6077.6,6043.0,273.0,331185840.0,5921
2016-01-15 09:33:11,IC1601,IC1601,6073.0,0.0,0.0,0.0,3,6073.0,6076.2,1,6078.0,6052.4,6077.6,6043.0,273.0,331185840.0,5921
2016-01-15 09:33:12,IC1601,IC1601,6076.2,1.0,1215240.0,-1.0,3,6073.0,6076.0,1,6078.0,6052.4,6077.6,6043.0,274.0,332401080.0,5920
2016-01-15 09:33:13,IC1601,IC1601,6076.2,0.0,0.0,0.0,3,6073.0,6075.8,1,6078.0,6052.4,6077.6,6043.0,274.0,332401080.0,5920
2016-01-15 09:33:17,IC1601,IC1601,6075.8,1.0,1215160.0,-1.0,3,6073.0,6077.6,3,6078.0,6052.4,6077.6,6043.0,275.0,333616240.0,5919
2016-01-15 09:33:17,IC1601,IC1601,6075.8,0.0,0.0,0.0,1,6075.8,6077.6,3,6078.0,6052.4,6077.6,6043.0,275.0,333616240.0,5919
2016-01-15 09:33:18,IC1601,IC1601,6075.8,1.0,1215160.0,0.0,3,6073.0,6075.4,1,6078.0,6052.4,6077.6,6043.0,276.0,334831400.0,5919
2016-01-15 09:33:21,IC1601,IC1601,6075.8,1.0,1215160.0,-1.0,3,6073.0,6075.8,1,6078.0,6052.4,6077.6,6043.0,277.0,336046560.0,5918
2016-01-15 09:33:22,IC1601,IC1601,6075.8,1.0,1215160.0,-1.0,3,6073.0,6077.6,3,6078.0,6052.4,6077.6,6043.0,278.0,337261720.0,5917
2016-01-15 09:33:23,IC1601,IC1601,6077.6,2.0,2431040.0,-2.0,3,6073.0,6077.6,2,6078.0,6052.4,6077.6,6043.0,280.0,339692760.0,5915
2016-01-15 09:33:23,IC1601,IC1601,6073.0,1.0,1214600.0,-1.0,2,6073.0,6077.6,2,6078.0,6052.4,6077.6,6043.0,281.0,340907360.0,5914
2016-01-15 09:33:24,IC1601,IC1601,6073.0,0.0,0.0,0.0,1,6074.0,6077.6,2,6078.0,6052.4,6077.6,6043.0,281.0,340907360.0,5914
2016-01-15 09:33:25,IC1601,IC1601,6073.0,1.0,1214600.0,-1.0,1,6073.4,6077.6,2,6078.0,6052.4,6077.6,6043.0,282.0,342121960.0,5913
2016-01-15 09:33:25,IC1601,IC1601,6073.0,2.0,2429200.0,-2.0,1,6073.0,6077.6,2,6078.0,6052.4,6077.6,6043.0,284.0,344551160.0,5911
2016-01-15 09:33:26,IC1601,IC1601,6073.0,0.0,0.0,0.0,1,6073.0,6077.0,1,6078.0,6052.4,6077.6,6043.0,284.0,344551160.0,5911
2016-01-15 09:33:26,IC1601,IC1601,6073.0,0.0,0.0,0.0,1,6073.0,6077.6,2,6078.0,6052.4,6077.6,6043.0,284.0,344551160.0,5911
2016-01-15 09:33:27,IC1601,IC1601,6073.0,0.0,0.0,0.0,1,6073.0,6077.2,1,6078.0,6052.4,6077.6,6043.0,284.0,344551160.0,5911
2016-01-15 09:33:27,IC1601,IC1601,6077.6,3.0,3646360.0,-3.0,1,6073.0,6077.6,1,6078.0,6052.4,6077.6,6043.0,287.0,348197520.0,5908
2016-01-15 09:33:28,IC1601,IC1601,6077.6,0.0,0.0,0.0,1,6073.0,6076.0,1,6078.0,6052.4,6077.6,6043.0,287.0,348197520.0,5908
2016-01-15 09:33:28,IC1601,IC1601,6077.0,1.0,1215400.0,0.0,2,6077.0,6077.6,1,6078.0,6052.4,6077.6,6043.0,288.0,349412920.0,5908
2016-01-15 09:33:29,IC1601,IC1601,6078.8,3.0,3646760.0,-3.0,1,6077.4,6079.0,1,6078.0,6052.4,6078.8,6043.0,291.0,353059680.0,5905
2016-01-15 09:33:30,IC1601,IC1601,6078.8,0.0,0.0,0.0,2,6077.4,6079.0,1,6078.0,6052.4,6078.8,6043.0,291.0,353059680.0,5905
2016-01-15 09:33:30,IC1601,IC1601,6077.4,1.0,1215480.0,-1.0,1,6077.4,6079.0,1,6078.0,6052.4,6078.8,6043.0,292.0,354275160.0,5904
2016-01-15 09:33:32,IC1601,IC1601,6077.4,0.0,0.0,0.0,1,6077.4,6078.6,1,6078.0,6052.4,6078.8,6043.0,292.0,354275160.0,5904
2016-01-15 09:33:33,IC1601,IC1601,6077.4,1.0,1215480.0,-1.0,2,6077.0,6078.6,1,6078.0,6052.4,6078.8,6043.0,293.0,355490640.0,5903
2016-01-15 09:33:34,IC1601,IC1601,6078.6,1.0,1215720.0,-1.0,2,6077.0,6077.4,1,6078.0,6052.4,6078.8,6043.0,294.0,356706360.0,5902
2016-01-15 09:33:36,IC1601,IC1601,6077.4,1.0,1215480.0,-1.0,2,6077.0,6079.0,3,6078.0,6052.4,6078.8,6043.0,295.0,357921840.0,5901
2016-01-15 09:33:36,IC1601,IC1601,6077.0,2.0,2430800.0,0.0,1,6075.0,6077.0,3,6078.0,6052.4,6078.8,6043.0,297.0,360352640.0,5901
2016-01-15 09:33:37,IC1601,IC1601,6077.0,0.0,0.0,0.0,1,6075.0,6077.0,4,6078.0,6052.4,6078.8,6043.0,297.0,360352640.0,5901
2016-01-15 09:33:38,IC1601,IC1601,6077.0,0.0,0.0,0.0,1,6075.0,6076.4,1,6078.0,6052.4,6078.8,6043.0,297.0,360352640.0,5901
2016-01-15 09:33:38,IC1601,IC1601,6077.0,0.0,0.0,0.0,1,6075.0,6076.0,1,6078.0,6052.4,6078.8,6043.0,297.0,360352640.0,5901
2016-01-15 09:33:39,IC1601,IC1601,6075.0,1.0,1215000.0,-1.0,3,6073.0,6076.0,1,6078.0,6052.4,6078.8,6043.0,298.0,361567640.0,5900
2016-01-15 09:33:40,IC1601,IC1601,6075.0,0.0,0.0,0.0,3,6073.0,6075.0,1,6078.0,6052.4,6078.8,6043.0,298.0,361567640.0,5900
2016-01-15 09:33:41,IC1601,IC1601,6075.0,0.0,0.0,0.0,3,6073.0,6074.4,1,6078.0,6052.4,6078.8,6043.0,298.0,361567640.0,5900
2016-01-15 09:33:42,IC1601,IC1601,6075.0,0.0,0.0,0.0,1,6074.0,6074.4,1,6078.0,6052.4,6078.8,6043.0,298.0,361567640.0,5900
2016-01-15 09:33:44,IC1601,IC1601,6075.0,1.0,1215000.0,-1.0,1,6074.0,6076.0,1,6078.0,6052.4,6078.8,6043.0,299.0,362782640.0,5899
2016-01-15 09:33:44,IC1601,IC1601,6074.0,1.0,1214800.0,0.0,3,6073.0,6076.0,1,6078.0,6052.4,6078.8,6043.0,300.0,363997440.0,5899
2016-01-15 09:33:45,IC1601,IC1601,6074.0,0.0,0.0,0.0,2,6075.0,6076.0,1,6078.0,6052.4,6078.8,6043.0,300.0,363997440.0,5899
2016-01-15 09:33:48,IC1601,IC1601,6074.0,1.0,1214800.0,0.0,1,6075.0,6076.0,1,6078.0,6052.4,6078.8,6043.0,301.0,365212240.0,5899
2016-01-15 09:33:49,IC1601,IC1601,6075.0,1.0,1215000.0,-1.0,2,6074.4,6076.0,1,6078.0,6052.4,6078.8,6043.0,302.0,366427240.0,5898
2016-01-15 09:33:50,IC1601,IC1601,6074.4,2.0,2429760.0,-1.0,1,6073.2,6076.0,1,6078.0,6052.4,6078.8,6043.0,304.0,368857000.0,5897
2016-01-15 09:33:50,IC1601,IC1601,6073.2,1.0,1214640.0,-1.0,3,6073.0,6075.0,1,6078.0,6052.4,6078.8,6043.0,305.0,370071640.0,5896
2016-01-15 09:33:51,IC1601,IC1601,6075.0,1.0,1215000.0,-1.0,3,6073.0,6076.0,1,6078.0,6052.4,6078.8,6043.0,306.0,371286640.0,5895
2016-01-15 09:33:52,IC1601,IC1601,6075.0,0.0,0.0,0.0,1,6073.2,6076.0,1,6078.0,6052.4,6078.8,6043.0,306.0,371286640.0,5895
2016-01-15 09:33:53,IC1601,IC1601,6076.0,1.0,1215200.0,0.0,1,6073.2,6077.0,3,6078.0,6052.4,6078.8,6043.0,307.0,372501840.0,5895
2016-01-15 09:33:54,IC1601,IC1601,6077.0,1.0,1215400.0,-1.0,1,6073.2,6077.0,2,6078.0,6052.4,6078.8,6043.0,308.0,373717240.0,5894
2016-01-15 09:33:55,IC1601,IC1601,6073.2,1.0,1214640.0,-1.0,3,6073.0,6077.0,2,6078.0,6052.4,6078.8,6043.0,309.0,374931880.0,5893
2016-01-15 09:33:56,IC1601,IC1601,6073.2,0.0,0.0,0.0,3,6073.0,6076.8,1,6078.0,6052.4,6078.8,6043.0,309.0,374931880.0,5893
2016-01-15 09:33:57,IC1601,IC1601,6073.2,0.0,0.0,0.0,1,6073.4,6076.8,1,6078.0,6052.4,6078.8,6043.0,309.0,374931880.0,5893
2016-01-15 09:33:59,IC1601,IC1601,6076.8,1.0,1215360.0,-1.0,1,6073.4,6079.0,3,6078.0,6052.4,6078.8,6043.0,310.0,376147240.0,5892
2016-01-15 09:33:59,IC1601,IC1601,6076.8,0.0,0.0,0.0,1,6073.4,6076.4,1,6078.0,6052.4,6078.8,6043.0,310.0,376147240.0,5892
2016-01-15 09:34:00,IC1601,IC1601,6076.8,0.0,0.0,0.0,1,6073.4,6079.0,3,6078.0,6052.4,6078.8,6043.0,310.0,376147240.0,5892
2016-01-15 09:34:02,IC1601,IC1601,6076.8,0.0,0.0,0.0,1,6073.6,6079.0,3,6078.0,6052.4,6078.8,6043.0,310.0,376147240.0,5892
2016-01-15 09:34:02,IC1601,IC1601,6076.8,0.0,0.0,0.0,1,6073.8,6079.0,3,6078.0,6052.4,6078.8,6043.0,310.0,376147240.0,5892
2016-01-15 09:34:07,IC1601,IC1601,6076.8,0.0,0.0,0.0,1,6074.2,6079.0,3,6078.0,6052.4,6078.8,6043.0,310.0,376147240.0,5892
2016-01-15 09:34:07,IC1601,IC1601,6074.2,1.0,1214840.0,-1.0,1,6073.6,6079.0,3,6078.0,6052.4,6078.8,6043.0,311.0,377362080.0,5891
2016-01-15 09:34:08,IC1601,IC1601,6074.2,0.0,0.0,0.0,4,6074.0,6079.0,3,6078.0,6052.4,6078.8,6043.0,311.0,377362080.0,5891
2016-01-15 09:34:09,IC1601,IC1601,6074.2,0.0,0.0,0.0,4,6074.0,6078.6,1,6078.0,6052.4,6078.8,6043.0,311.0,377362080.0,5891
2016-01-15 09:34:09,IC1601,IC1601,6074.2,0.0,0.0,0.0,8,6074.2,6078.6,1,6078.0,6052.4,6078.8,6043.0,311.0,377362080.0,5891
2016-01-15 09:34:10,IC1601,IC1601,6074.2,0.0,0.0,0.0,1,6074.8,6078.6,1,6078.0,6052.4,6078.8,6043.0,311.0,377362080.0,5891
2016-01-15 09:34:11,IC1601,IC1601,6074.2,0.0,0.0,0.0,1,6074.8,6078.4,1,6078.0,6052.4,6078.8,6043.0,311.0,377362080.0,5891
2016-01-15 09:34:11,IC1601,IC1601,6078.4,1.0,1215680.0,-1.0,1,6074.8,6078.6,1,6078.0,6052.4,6078.8,6043.0,312.0,378577760.0,5890
2016-01-15 09:34:12,IC1601,IC1601,6078.4,0.0,0.0,0.0,1,6075.2,6078.6,1,6078.0,6052.4,6078.8,6043.0,312.0,378577760.0,5890
2016-01-15 09:34:15,IC1601,IC1601,6078.6,1.0,1215720.0,-1.0,1,6075.8,6079.0,3,6078.0,6052.4,6078.8,6043.0,313.0,379793480.0,5889
2016-01-15 09:34:16,IC1601,IC1601,6078.6,0.0,0.0,0.0,1,6078.6,6078.8,1,6078.0,6052.4,6078.8,6043.0,313.0,379793480.0,5889
2016-01-15 09:34:17,IC1601,IC1601,6080.0,8.0,9724360.0,-8.0,1,6074.8,6080.0,3,6078.0,6052.4,6080.0,6043.0,321.0,389517840.0,5881
2016-01-15 09:34:18,IC1601,IC1601,6080.0,0.0,0.0,0.0,1,6075.0,6078.0,1,6078.0,6052.4,6080.0,6043.0,321.0,389517840.0,5881
2016-01-15 09:34:18,IC1601,IC1601,6075.2,1.0,1215040.0,-1.0,1,6075.6,6078.0,1,6078.0,6052.4,6080.0,6043.0,322.0,390732880.0,5880
2016-01-15 09:34:19,IC1601,IC1601,6075.2,0.0,0.0,0.0,1,6076.2,6078.0,1,6078.0,6052.4,6080.0,6043.0,322.0,390732880.0,5880
2016-01-15 09:34:19,IC1601,IC1601,6075.2,0.0,0.0,0.0,1,6076.8,6078.0,1,6078.0,6052.4,6080.0,6043.0,322.0,390732880.0,5880
2016-01-15 09:34:21,IC1601,IC1601,6076.2,3.0,3645720.0,-3.0,8,6074.2,6078.0,1,6078.0,6052.4,6080.0,6043.0,325.0,394378600.0,5877
2016-01-15 09:34:22,IC1601,IC1601,6076.2,0.0,0.0,0.0,8,6074.2,6077.8,2,6078.0,6052.4,6080.0,6043.0,325.0,394378600.0,5877
2016-01-15 09:34:25,IC1601,IC1601,6076.2,0.0,0.0,0.0,1,6074.4,6077.8,2,6078.0,6052.4,6080.0,6043.0,325.0,394378600.0,5877
2016-01-15 09:34:26,IC1601,IC1601,6074.6,1.0,1214920.0,-1.0,1,6074.4,6077.8,2,6078.0,6052.4,6080.0,6043.0,326.0,395593520.0,5876
2016-01-15 09:34:28,IC1601,IC1601,6074.6,0.0,0.0,0.0,1,6075.0,6077.8,2,6078.0,6052.4,6080.0,6043.0,326.0,395593520.0,5876
2016-01-15 09:34:28,IC1601,IC1601,6077.8,1.0,1215560.0,-1.0,1,6075.0,6077.8,1,6078.0,6052.4,6080.0,6043.0,327.0,396809080.0,5875
2016-01-15 09:34:29,IC1601,IC1601,6077.8,0.0,0.0,0.0,1,6075.0,6076.0,1,6078.0,6052.4,6080.0,6043.0,327.0,396809080.0,5875
2016-01-15 09:34:29,IC1601,IC1601,6077.8,1.0,1215560.0,-1.0,1,6075.0,6077.8,1,6078.0,6052.4,6080.0,6043.0,328.0,398024640.0,5874
2016-01-15 09:34:31,IC1601,IC1601,6075.0,1.0,1215000.0,-1.0,1,6074.4,6077.8,1,6078.0,6052.4,6080.0,6043.0,329.0,399239640.0,5873
2016-01-15 09:34:33,IC1601,IC1601,6075.0,1.0,1215000.0,-1.0,1,6074.4,6077.8,1,6078.0,6052.4,6080.0,6043.0,330.0,400454640.0,5872
2016-01-15 09:34:33,IC1601,IC1601,6075.0,0.0,0.0,0.0,1,6074.6,6077.8,1,6078.0,6052.4,6080.0,6043.0,330.0,400454640.0,5872
2016-01-15 09:34:34,IC1601,IC1601,6075.0,0.0,0.0,0.0,1,6074.6,6077.6,1,6078.0,6052.4,6080.0,6043.0,330.0,400454640.0,5872
2016-01-15 09:34:36,IC1601,IC1601,6075.0,0.0,0.0,0.0,4,6075.0,6077.6,1,6078.0,6052.4,6080.0,6043.0,330.0,400454640.0,5872
2016-01-15 09:34:37,IC1601,IC1601,6075.0,0.0,0.0,0.0,5,6075.0,6077.6,1,6078.0,6052.4,6080.0,6043.0,330.0,400454640.0,5872
2016-01-15 09:34:38,IC1601,IC1601,6075.0,2.0,2430000.0,-1.0,3,6075.0,6077.6,1,6078.0,6052.4,6080.0,6043.0,332.0,402884640.0,5871
2016-01-15 09:34:38,IC1601,IC1601,6075.0,0.0,0.0,0.0,1,6075.2,6077.6,1,6078.0,6052.4,6080.0,6043.0,332.0,402884640.0,5871
2016-01-15 09:34:39,IC1601,IC1601,6077.6,1.0,1215520.0,-1.0,1,6075.2,6077.8,1,6078.0,6052.4,6080.0,6043.0,333.0,404100160.0,5870
2016-01-15 09:34:39,IC1601,IC1601,6077.8,1.0,1215560.0,-1.0,1,6075.2,6079.0,1,6078.0,6052.4,6080.0,6043.0,334.0,405315720.0,5869
2016-01-15 09:34:40,IC1601,IC1601,6077.8,0.0,0.0,0.0,2,6075.2,6079.0,1,6078.0,6052.4,6080.0,6043.0,334.0,405315720.0,5869
2016-01-15 09:34:41,IC1601,IC1601,6075.2,1.0,1215040.0,-1.0,1,6075.2,6079.0,1,6078.0,6052.4,6080.0,6043.0,335.0,406530760.0,5868
2016-01-15 09:34:41,IC1601,IC1601,6075.2,0.0,0.0,0.0,1,6077.0,6079.0,1,6078.0,6052.4,6080.0,6043.0,335.0,406530760.0,5868
2016-01-15 09:34:42,IC1601,IC1601,6075.2,0.0,0.0,0.0,1,6077.0,6078.4,1,6078.0,6052.4,6080.0,6043.0,335.0,406530760.0,5868
2016-01-15 09:34:42,IC1601,IC1601,6075.2,0.0,0.0,0.0,1,6077.0,6077.8,1,6078.0,6052.4,6080.0,6043.0,335.0,406530760.0,5868
2016-01-15 09:34:43,IC1601,IC1601,6076.0,1.0,1215200.0,-1.0,1,6075.2,6077.8,1,6078.0,6052.4,6080.0,6043.0,336.0,407745960.0,5867
2016-01-15 09:34:43,IC1601,IC1601,6075.2,1.0,1215040.0,-1.0,2,6075.2,6077.8,1,6078.0,6052.4,6080.0,6043.0,337.0,408961000.0,5866
2016-01-15 09:34:44,IC1601,IC1601,6075.2,0.0,0.0,0.0,1,6075.4,6077.8,1,6078.0,6052.4,6080.0,6043.0,337.0,408961000.0,5866
2016-01-15 09:34:44,IC1601,IC1601,6075.2,0.0,0.0,0.0,1,6075.4,6078.4,1,6078.0,6052.4,6080.0,6043.0,337.0,408961000.0,5866
2016-01-15 09:34:45,IC1601,IC1601,6075.2,0.0,0.0,0.0,1,6075.4,6079.0,1,6078.0,6052.4,6080.0,6043.0,337.0,408961000.0,5866
2016-01-15 09:34:45,IC1601,IC1601,6075.2,1.0,1215040.0,-1.0,2,6075.2,6079.0,1,6078.0,6052.4,6080.0,6043.0,338.0,410176040.0,5865
2016-01-15 09:34:46,IC1601,IC1601,6075.2,0.0,0.0,0.0,2,6077.8,6079.0,1,6078.0,6052.4,6080.0,6043.0,338.0,410176040.0,5865
2016-01-15 09:34:47,IC1601,IC1601,6075.2,1.0,1215040.0,-1.0,1,6077.8,6079.0,1,6078.0,6052.4,6080.0,6043.0,339.0,411391080.0,5864
2016-01-15 09:34:48,IC1601,IC1601,6075.2,0.0,0.0,0.0,1,6077.8,6078.4,1,6078.0,6052.4,6080.0,6043.0,339.0,411391080.0,5864
2016-01-15 09:34:48,IC1601,IC1601,6077.8,1.0,1215560.0,-1.0,2,6075.4,6078.4,1,6078.0,6052.4,6080.0,6043.0,340.0,412606640.0,5863
2016-01-15 09:34:49,IC1601,IC1601,6077.8,0.0,0.0,0.0,3,6078.0,6079.0,1,6078.0,6052.4,6080.0,6043.0,340.0,412606640.0,5863
2016-01-15 09:34:50,IC1601,IC1601,6075.4,4.0,4861760.0,-4.0,1,6075.4,6079.0,1,6078.0,6052.4,6080.0,6043.0,344.0,417468400.0,5859
2016-01-15 09:34:50,IC1601,IC1601,6075.4,0.0,0.0,0.0,1,6075.4,6078.4,1,6078.0,6052.4,6080.0,6043.0,344.0,417468400.0,5859
2016-01-15 09:34:51,IC1601,IC1601,6075.4,1.0,1215080.0,-1.0,2,6075.2,6078.4,1,6078.0,6052.4,6080.0,6043.0,345.0,418683480.0,5858
2016-01-15 09:34:52,IC1601,IC1601,6075.4,1.0,1215080.0,-1.0,2,6075.2,6078.4,1,6078.0,6052.4,6080.0,6043.0,346.0,419898560.0,5857
2016-01-15 09:34:55,IC1601,IC1601,6075.2,1.0,1215040.0,-1.0,1,6075.2,6078.0,1,6078.0,6052.4,6080.0,6043.0,347.0,421113600.0,5856
2016-01-15 09:34:58,IC1601,IC1601,6075.2,0.0,0.0,0.0,4,6075.2,6078.0,1,6078.0,6052.4,6080.0,6043.0,347.0,421113600.0,5856
2016-01-15 09:34:59,IC1601,IC1601,6075.2,0.0,0.0,0.0,4,6075.2,6078.0,2,6078.0,6052.4,6080.0,6043.0,347.0,421113600.0,5856
2016-01-15 09:34:59,IC1601,IC1601,6075.2,1.0,1215040.0,-1.0,3,6075.2,6078.0,2,6078.0,6052.4,6080.0,6043.0,348.0,422328640.0,5855
2016-01-15 09:35:00,IC1601,IC1601,6075.2,3.0,3645120.0,-3.0,2,6075.0,6077.8,1,6078.0,6052.4,6080.0,6043.0,351.0,425973760.0,5852
2016-01-15 09:35:01,IC1601,IC1601,6077.2,1.0,1215440.0,-1.0,2,6075.0,6077.8,1,6078.0,6052.4,6080.0,6043.0,352.0,427189200.0,5851
2016-01-15 09:35:04,IC1601,IC1601,6077.8,1.0,1215560.0,-1.0,2,6075.0,6078.0,3,6078.0,6052.4,6080.0,6043.0,353.0,428404760.0,5850
2016-01-15 09:35:05,IC1601,IC1601,6077.8,0.0,0.0,0.0,2,6075.0,6076.8,1,6078.0,6052.4,6080.0,6043.0,353.0,428404760.0,5850
2016-01-15 09:35:06,IC1601,IC1601,6077.8,0.0,0.0,0.0,2,6075.4,6076.8,1,6078.0,6052.4,6080.0,6043.0,353.0,428404760.0,5850
2016-01-15 09:35:07,IC1601,IC1601,6075.4,2.0,2430160.0,-2.0,2,6075.0,6076.8,1,6078.0,6052.4,6080.0,6043.0,355.0,430834920.0,5848
2016-01-15 09:35:08,IC1601,IC1601,6075.0,1.0,1215000.0,-1.0,1,6075.0,6076.8,1,6078.0,6052.4,6080.0,6043.0,356.0,432049920.0,5847
2016-01-15 09:35:10,IC1601,IC1601,6076.8,1.0,1215360.0,-1.0,2,6075.4,6077.0,1,6078.0,6052.4,6080.0,6043.0,357.0,433265280.0,5846
2016-01-15 09:35:12,IC1601,IC1601,6077.0,1.0,1215400.0,-1.0,2,6077.0,6078.0,2,6078.0,6052.4,6080.0,6043.0,358.0,434480680.0,5845
2016-01-15 09:35:12,IC1601,IC1601,6078.0,3.0,3646560.0,-3.0,1,6077.0,6078.0,1,6078.0,6052.4,6080.0,6043.0,361.0,438127240.0,5842
2016-01-15 09:35:13,IC1601,IC1601,6077.6,1.0,1215520.0,-1.0,1,6077.0,6078.0,1,6078.0,6052.4,6080.0,6043.0,362.0,439342760.0,5841
2016-01-15 09:35:13,IC1601,IC1601,6077.0,1.0,1215400.0,-1.0,2,6075.4,6077.4,1,6078.0,6052.4,6080.0,6043.0,363.0,440558160.0,5840
2016-01-15 09:35:14,IC1601,IC1601,6077.0,0.0,0.0,0.0,2,6075.4,6077.0,2,6078.0,6052.4,6080.0,6043.0,363.0,440558160.0,5840
2016-01-15 09:35:14,IC1601,IC1601,6075.4,1.0,1215080.0,-1.0,1,6075.4,6077.0,2,6078.0,6052.4,6080.0,6043.0,364.0,441773240.0,5839
2016-01-15 09:35:15,IC1601,IC1601,6075.4,1.0,1215080.0,-1.0,1,6075.0,6077.0,2,6078.0,6052.4,6080.0,6043.0,365.0,442988320.0,5838
2016-01-15 09:35:16,IC1601,IC1601,6077.0,1.0,1215400.0,-1.0,1,6075.0,6077.0,1,6078.0,6052.4,6080.0,6043.0,366.0,444203720.0,5837
2016-01-15 09:35:18,IC1601,IC1601,6075.0,1.0,1215000.0,0.0,1,6074.6,6077.0,1,6078.0,6052.4,6080.0,6043.0,367.0,445418720.0,5837
2016-01-15 09:35:18,IC1601,IC1601,6075.0,0.0,0.0,0.0,1,6074.6,6076.8,1,6078.0,6052.4,6080.0,6043.0,367.0,445418720.0,5837
2016-01-15 09:35:19,IC1601,IC1601,6074.6,1.0,1214920.0,-1.0,1,6074.2,6074.6,1,6078.0,6052.4,6080.0,6043.0,368.0,446633640.0,5836
2016-01-15 09:35:19,IC1601,IC1601,6077.0,3.0,3645680.0,0.0,3,6075.4,6077.4,1,6078.0,6052.4,6080.0,6043.0,371.0,450279320.0,5836
2016-01-15 09:35:20,IC1601,IC1601,6075.4,2.0,2430160.0,-2.0,1,6075.4,6077.4,1,6078.0,6052.4,6080.0,6043.0,373.0,452709480.0,5834
2016-01-15 09:35:21,IC1601,IC1601,6075.4,0.0,0.0,0.0,1,6075.4,6077.2,1,6078.0,6052.4,6080.0,6043.0,373.0,452709480.0,5834
2016-01-15 09:35:22,IC1601,IC1601,6075.4,1.0,1215080.0,-1.0,1,6074.2,6077.4,1,6078.0,6052.4,6080.0,6043.0,374.0,453924560.0,5833
2016-01-15 09:35:23,IC1601,IC1601,6075.4,0.0,0.0,0.0,1,6074.2,6078.0,1,6078.0,6052.4,6080.0,6043.0,374.0,453924560.0,5833
2016-01-15 09:35:24,IC1601,IC1601,6075.4,0.0,0.0,0.0,1,6077.2,6077.8,1,6078.0,6052.4,6080.0,6043.0,374.0,453924560.0,5833
2016-01-15 09:35:25,IC1601,IC1601,6075.4,1.0,1215080.0,-1.0,1,6074.2,6077.8,1,6078.0,6052.4,6080.0,6043.0,375.0,455139640.0,5832
2016-01-15 09:35:25,IC1601,IC1601,6074.2,1.0,1214840.0,-1.0,2,6074.0,6077.8,1,6078.0,6052.4,6080.0,6043.0,376.0,456354480.0,5831
2016-01-15 09:35:26,IC1601,IC1601,6074.0,1.0,1214800.0,-1.0,1,6074.0,6077.8,1,6078.0,6052.4,6080.0,6043.0,377.0,457569280.0,5830
2016-01-15 09:35:29,IC1601,IC1601,6074.0,1.0,1214800.0,-1.0,2,6073.6,6077.8,1,6078.0,6052.4,6080.0,6043.0,378.0,458784080.0,5829
2016-01-15 09:35:29,IC1601,IC1601,6078.0,2.0,2431160.0,-2.0,2,6073.6,6074.0,1,6078.0,6052.4,6080.0,6043.0,380.0,461215240.0,5827
2016-01-15 09:35:33,IC1601,IC1601,6078.0,0.0,0.0,0.0,2,6073.6,6074.0,2,6078.0,6052.4,6080.0,6043.0,380.0,461215240.0,5827
2016-01-15 09:35:34,IC1601,IC1601,6073.6,1.0,1214720.0,-1.0,1,6073.6,6074.0,2,6078.0,6052.4,6080.0,6043.0,381.0,462429960.0,5826
2016-01-15 09:35:35,IC1601,IC1601,6073.6,1.0,1214720.0,-1.0,4,6073.2,6073.8,1,6078.0,6052.4,6080.0,6043.0,382.0,463644680.0,5825
2016-01-15 09:35:38,IC1601,IC1601,6073.6,0.0,0.0,0.0,4,6073.2,6073.4,1,6078.0,6052.4,6080.0,6043.0,382.0,463644680.0,5825
2016-01-15 09:35:40,IC1601,IC1601,6073.6,0.0,0.0,0.0,1,6073.2,6073.4,1,6078.0,6052.4,6080.0,6043.0,382.0,463644680.0,5825
2016-01-15 09:35:41,IC1601,IC1601,6073.8,2.0,2429480.0,-2.0,2,6074.4,6077.6,1,6078.0,6052.4,6080.0,6043.0,384.0,466074160.0,5823
2016-01-15 09:35:41,IC1601,IC1601,6074.4,2.0,2429640.0,-2.0,1,6073.2,6077.6,1,6078.0,6052.4,6080.0,6043.0,386.0,468503800.0,5821
2016-01-15 09:35:42,IC1601,IC1601,6074.4,0.0,0.0,0.0,1,6073.6,6077.6,1,6078.0,6052.4,6080.0,6043.0,386.0,468503800.0,5821
2016-01-15 09:35:42,IC1601,IC1601,6073.6,1.0,1214720.0,-1.0,1,6073.2,6077.6,1,6078.0,6052.4,6080.0,6043.0,387.0,469718520.0,5820
2016-01-15 09:35:43,IC1601,IC1601,6073.6,0.0,0.0,0.0,1,6073.4,6077.6,1,6078.0,6052.4,6080.0,6043.0,387.0,469718520.0,5820
2016-01-15 09:35:43,IC1601,IC1601,6073.6,0.0,0.0,0.0,1,6073.4,6077.4,1,6078.0,6052.4,6080.0,6043.0,387.0,469718520.0,5820
2016-01-15 09:35:44,IC1601,IC1601,6073.6,0.0,0.0,0.0,1,6073.4,6077.6,1,6078.0,6052.4,6080.0,6043.0,387.0,469718520.0,5820
2016-01-15 09:35:44,IC1601,IC1601,6073.4,2.0,2430200.0,-2.0,1,6073.2,6078.0,1,6078.0,6052.4,6080.0,6043.0,389.0,472148720.0,5818
2016-01-15 09:35:45,IC1601,IC1601,6073.2,1.0,1214640.0,-1.0,2,6073.0,6078.0,1,6078.0,6052.4,6080.0,6043.0,390.0,473363360.0,5817
2016-01-15 09:35:46,IC1601,IC1601,6073.2,0.0,0.0,0.0,1,6073.4,6078.0,1,6078.0,6052.4,6080.0,6043.0,390.0,473363360.0,5817
2016-01-15 09:35:47,IC1601,IC1601,6073.2,0.0,0.0,0.0,2,6074.4,6077.6,1,6078.0,6052.4,6080.0,6043.0,390.0,473363360.0,5817
2016-01-15 09:35:52,IC1601,IC1601,6073.2,0.0,0.0,0.0,1,6075.0,6077.6,1,6078.0,6052.4,6080.0,6043.0,390.0,473363360.0,5817
2016-01-15 09:35:53,IC1601,IC1601,6075.0,1.0,1215000.0,-1.0,2,6074.4,6077.6,1,6078.0,6052.4,6080.0,6043.0,391.0,474578360.0,5816
2016-01-15 09:35:54,IC1601,IC1601,6078.0,2.0,2431120.0,-2.0,2,6074.4,6079.0,1,6078.0,6052.4,6080.0,6043.0,393.0,477009480.0,5814
2016-01-15 09:35:55,IC1601,IC1601,6078.0,0.0,0.0,0.0,2,6077.6,6079.0,1,6078.0,6052.4,6080.0,6043.0,393.0,477009480.0,5814
2016-01-15 09:35:56,IC1601,IC1601,6078.0,1.0,1215600.0,-1.0,2,6077.6,6079.0,1,6078.0,6052.4,6080.0,6043.0,394.0,478225080.0,5813
2016-01-15 09:35:57,IC1601,IC1601,6077.6,1.0,1215520.0,0.0,1,6077.6,6079.0,1,6078.0,6052.4,6080.0,6043.0,395.0,479440600.0,5813
2016-01-15 09:35:59,IC1601,IC1601,6077.6,1.0,1215520.0,0.0,2,6074.8,6078.4,1,6078.0,6052.4,6080.0,6043.0,396.0,480656120.0,5813
2016-01-15 09:36:00,IC1601,IC1601,6077.6,0.0,0.0,0.0,2,6077.6,6078.4,1,6078.0,6052.4,6080.0,6043.0,396.0,480656120.0,5813
2016-01-15 09:36:00,IC1601,IC1601,6077.6,1.0,1215520.0,0.0,1,6077.6,6078.4,1,6078.0,6052.4,6080.0,6043.0,397.0,481871640.0,5813
2016-01-15 09:36:01,IC1601,IC1601,6078.4,1.0,1215680.0,-1.0,1,6077.6,6079.0,1,6078.0,6052.4,6080.0,6043.0,398.0,483087320.0,5812
2016-01-15 09:36:01,IC1601,IC1601,6075.4,2.0,2430600.0,-1.0,1,6077.8,6079.0,1,6078.0,6052.4,6080.0,6043.0,400.0,485517920.0,5811
2016-01-15 09:36:02,IC1601,IC1601,6075.4,1.0,1215080.0,-1.0,2,6074.8,6079.0,1,6078.0,6052.4,6080.0,6043.0,401.0,486733000.0,5810
2016-01-15 09:36:02,IC1601,IC1601,6074.8,2.0,2430040.0,-2.0,1,6078.4,6079.0,1,6078.0,6052.4,6080.0,6043.0,403.0,489163040.0,5808
2016-01-15 09:36:03,IC1601,IC1601,6074.4,3.0,3644800.0,-3.0,1,6074.4,6079.0,1,6078.0,6052.4,6080.0,6043.0,406.0,492807840.0,5805
2016-01-15 09:36:03,IC1601,IC1601,6074.4,0.0,0.0,0.0,2,6077.6,6079.0,1,6078.0,6052.4,6080.0,6043.0,406.0,492807840.0,5805
2016-01-15 09:36:04,IC1601,IC1601,6077.0,1.0,1215400.0,0.0,1,6077.6,6078.0,1,6078.0,6052.4,6080.0,6043.0,407.0,494023240.0,5805
2016-01-15 09:36:05,IC1601,IC1601,6078.0,1.0,1215600.0,-1.0,1,6077.6,6080.0,3,6078.0,6052.4,6080.0,6043.0,408.0,495238840.0,5804
2016-01-15 09:36:06,IC1601,IC1601,6077.6,2.0,2431520.0,0.0,1,6074.4,6080.0,2,6078.0,6052.4,6080.0,6043.0,410.0,497670360.0,5804
2016-01-15 09:36:07,IC1601,IC1601,6080.0,2.0,2432000.0,-2.0,1,6074.4,6085.0,2,6078.0,6052.4,6080.0,6043.0,412.0,500102360.0,5802
2016-01-15 09:36:07,IC1601,IC1601,6080.0,0.0,0.0,0.0,1,6075.0,6084.6,1,6078.0,6052.4,6080.0,6043.0,412.0,500102360.0,5802
2016-01-15 09:36:08,IC1601,IC1601,6080.0,0.0,0.0,0.0,1,6075.0,6080.0,1,6078.0,6052.4,6080.0,6043.0,412.0,500102360.0,5802
2016-01-15 09:36:09,IC1601,IC1601,6080.0,1.0,1216000.0,-1.0,1,6077.0,6085.0,2,6078.0,6052.4,6080.0,6043.0,413.0,501318360.0,5801
2016-01-15 09:36:09,IC1601,IC1601,6080.0,0.0,0.0,0.0,1,6077.0,6084.6,1,6078.0,6052.4,6080.0,6043.0,413.0,501318360.0,5801
2016-01-15 09:36:10,IC1601,IC1601,6080.0,0.0,0.0,0.0,2,6080.0,6084.6,1,6078.0,6052.4,6080.0,6043.0,413.0,501318360.0,5801
2016-01-15 09:36:10,IC1601,IC1601,6080.0,1.0,1216000.0,-1.0,1,6080.0,6084.6,1,6078.0,6052.4,6080.0,6043.0,414.0,502534360.0,5800
2016-01-15 09:36:11,IC1601,IC1601,6077.0,2.0,2431400.0,-2.0,1,6076.6,6084.6,1,6078.0,6052.4,6080.0,6043.0,416.0,504965760.0,5798
2016-01-15 09:36:11,IC1601,IC1601,6076.6,1.0,1215320.0,-1.0,1,6074.4,6084.2,1,6078.0,6052.4,6080.0,6043.0,417.0,506181080.0,5797
2016-01-15 09:36:12,IC1601,IC1601,6076.6,0.0,0.0,0.0,1,6075.2,6083.8,1,6078.0,6052.4,6080.0,6043.0,417.0,506181080.0,5797
2016-01-15 09:36:12,IC1601,IC1601,6076.6,0.0,0.0,0.0,1,6080.2,6083.4,1,6078.0,6052.4,6080.0,6043.0,417.0,506181080.0,5797
2016-01-15 09:36:13,IC1601,IC1601,6076.6,0.0,0.0,0.0,1,6080.2,6082.6,1,6078.0,6052.4,6080.0,6043.0,417.0,506181080.0,5797
2016-01-15 09:36:15,IC1601,IC1601,6080.2,1.0,1216040.0,-1.0,1,6075.2,6082.6,1,6078.0,6052.4,6080.2,6043.0,418.0,507397120.0,5796
2016-01-15 09:36:16,IC1601,IC1601,6082.6,1.0,1216520.0,-1.0,1,6075.2,6084.8,1,6078.0,6052.4,6082.6,6043.0,419.0,508613640.0,5795
2016-01-15 09:36:16,IC1601,IC1601,6082.6,0.0,0.0,0.0,1,6075.6,6084.8,1,6078.0,6052.4,6082.6,6043.0,419.0,508613640.0,5795
2016-01-15 09:36:17,IC1601,IC1601,6082.6,0.0,0.0,0.0,1,6076.0,6080.2,1,6078.0,6052.4,6082.6,6043.0,419.0,508613640.0,5795
2016-01-15 09:36:17,IC1601,IC1601,6082.6,0.0,0.0,0.0,1,6076.2,6080.2,4,6078.0,6052.4,6082.6,6043.0,419.0,508613640.0,5795
2016-01-15 09:36:18,IC1601,IC1601,6082.6,0.0,0.0,0.0,1,6075.2,6080.2,4,6078.0,6052.4,6082.6,6043.0,419.0,508613640.0,5795
2016-01-15 09:36:19,IC1601,IC1601,6075.2,1.0,1215040.0,-1.0,1,6074.4,6080.2,4,6078.0,6052.4,6082.6,6043.0,420.0,509828680.0,5794
2016-01-15 09:36:22,IC1601,IC1601,6075.2,0.0,0.0,0.0,1,6076.0,6080.2,4,6078.0,6052.4,6082.6,6043.0,420.0,509828680.0,5794
2016-01-15 09:36:24,IC1601,IC1601,6075.2,0.0,0.0,0.0,1,6076.0,6080.0,1,6078.0,6052.4,6082.6,6043.0,420.0,509828680.0,5794
2016-01-15 09:36:25,IC1601,IC1601,6075.2,0.0,0.0,0.0,1,6076.2,6080.0,1,6078.0,6052.4,6082.6,6043.0,420.0,509828680.0,5794
2016-01-15 09:36:26,IC1601,IC1601,6075.2,0.0,0.0,0.0,1,6076.2,6080.0,2,6078.0,6052.4,6082.6,6043.0,420.0,509828680.0,5794
2016-01-15 09:36:29,IC1601,IC1601,6080.0,2.0,2432000.0,-1.0,1,6076.2,6080.2,4,6078.0,6052.4,6082.6,6043.0,422.0,512260680.0,5793
2016-01-15 09:36:31,IC1601,IC1601,6080.0,0.0,0.0,0.0,1,6076.2,6080.2,6,6078.0,6052.4,6082.6,6043.0,422.0,512260680.0,5793
2016-01-15 09:36:31,IC1601,IC1601,6080.0,1.0,1216000.0,-1.0,1,6076.2,6080.2,6,6078.0,6052.4,6082.6,6043.0,423.0,513476680.0,5792
2016-01-15 09:36:32,IC1601,IC1601,6080.2,5.0,6080200.0,-5.0,1,6076.2,6080.2,1,6078.0,6052.4,6082.6,6043.0,428.0,519556880.0,5787
2016-01-15 09:36:33,IC1601,IC1601,6080.2,0.0,0.0,0.0,1,6076.2,6079.8,1,6078.0,6052.4,6082.6,6043.0,428.0,519556880.0,5787
2016-01-15 09:36:34,IC1601,IC1601,6080.2,0.0,0.0,0.0,1,6076.6,6079.8,1,6078.0,6052.4,6082.6,6043.0,428.0,519556880.0,5787
2016-01-15 09:36:35,IC1601,IC1601,6080.2,0.0,0.0,0.0,1,6076.8,6079.8,1,6078.0,6052.4,6082.6,6043.0,428.0,519556880.0,5787
2016-01-15 09:36:36,IC1601,IC1601,6076.8,1.0,1215360.0,-1.0,1,6076.6,6080.2,1,6078.0,6052.4,6082.6,6043.0,429.0,520772240.0,5786
2016-01-15 09:36:36,IC1601,IC1601,6076.8,0.0,0.0,0.0,2,6076.6,6080.2,1,6078.0,6052.4,6082.6,6043.0,429.0,520772240.0,5786
2016-01-15 09:36:37,IC1601,IC1601,6076.8,0.0,0.0,0.0,1,6076.8,6080.2,1,6078.0,6052.4,6082.6,6043.0,429.0,520772240.0,5786
2016-01-15 09:36:38,IC1601,IC1601,6080.2,1.0,1216040.0,-1.0,3,6080.6,6084.6,1,6078.0,6052.4,6082.6,6043.0,430.0,521988280.0,5785
2016-01-15 09:36:38,IC1601,IC1601,6080.2,1.0,1216040.0,-1.0,2,6080.6,6084.6,1,6078.0,6052.4,6082.6,6043.0,431.0,523204320.0,5784
2016-01-15 09:36:39,IC1601,IC1601,6080.2,2.0,2432080.0,-2.0,2,6076.6,6077.0,7,6078.0,6052.4,6082.6,6043.0,433.0,525636400.0,5782
2016-01-15 09:36:39,IC1601,IC1601,6076.6,3.0,3646040.0,-3.0,1,6074.0,6077.0,6,6078.0,6052.4,6082.6,6043.0,436.0,529282440.0,5779
2016-01-15 09:36:40,IC1601,IC1601,6076.6,0.0,0.0,0.0,1,6074.2,6077.0,6,6078.0,6052.4,6082.6,6043.0,436.0,529282440.0,5779
2016-01-15 09:36:40,IC1601,IC1601,6077.0,2.0,2430800.0,-2.0,1,6074.2,6077.0,4,6078.0,6052.4,6082.6,6043.0,438.0,531713240.0,5777
2016-01-15 09:36:42,IC1601,IC1601,6077.0,1.0,1215400.0,-1.0,1,6074.2,6077.0,3,6078.0,6052.4,6082.6,6043.0,439.0,532928640.0,5776
2016-01-15 09:36:42,IC1601,IC1601,6077.0,1.0,1215400.0,-1.0,1,6074.2,6077.0,2,6078.0,6052.4,6082.6,6043.0,440.0,534144040.0,5775
2016-01-15 09:36:44,IC1601,IC1601,6077.0,1.0,1215400.0,-1.0,1,6074.2,6077.0,1,6078.0,6052.4,6082.6,6043.0,441.0,535359440.0,5774
2016-01-15 09:36:44,IC1601,IC1601,6077.0,1.0,1215400.0,-1.0,1,6080.0,6084.6,1,6078.0,6052.4,6082.6,6043.0,442.0,536574840.0,5773
2016-01-15 09:36:45,IC1601,IC1601,6077.0,0.0,0.0,0.0,1,6080.2,6084.4,2,6078.0,6052.4,6082.6,6043.0,442.0,536574840.0,5773
2016-01-15 09:36:45,IC1601,IC1601,6077.0,0.0,0.0,0.0,1,6080.2,6084.2,2,6078.0,6052.4,6082.6,6043.0,442.0,536574840.0,5773
2016-01-15 09:36:46,IC1601,IC1601,6077.0,0.0,0.0,0.0,1,6080.2,6084.6,1,6078.0,6052.4,6082.6,6043.0,442.0,536574840.0,5773
2016-01-15 09:36:47,IC1601,IC1601,6077.0,1.0,1215400.0,-1.0,1,6080.0,6084.6,1,6078.0,6052.4,6082.6,6043.0,443.0,537790240.0,5772
2016-01-15 09:36:49,IC1601,IC1601,6080.0,1.0,1216000.0,-1.0,3,6077.0,6084.6,1,6078.0,6052.4,6082.6,6043.0,444.0,539006240.0,5771
2016-01-15 09:36:50,IC1601,IC1601,6080.0,1.0,1216000.0,0.0,3,6077.0,6084.6,1,6078.0,6052.4,6082.6,6043.0,445.0,540222240.0,5771
2016-01-15 09:36:52,IC1601,IC1601,6077.0,2.0,2430800.0,-2.0,1,6080.4,6084.6,1,6078.0,6052.4,6082.6,6043.0,447.0,542653040.0,5769
2016-01-15 09:36:54,IC1601,IC1601,6077.0,0.0,0.0,0.0,1,6080.4,6084.0,5,6078.0,6052.4,6082.6,6043.0,447.0,542653040.0,5769
2016-01-15 09:36:56,IC1601,IC1601,6080.4,1.0,1216080.0,-1.0,2,6079.0,6080.0,6,6078.0,6052.4,6082.6,6043.0,448.0,543869120.0,5768
2016-01-15 09:36:57,IC1601,IC1601,6080.0,1.0,1216000.0,-1.0,2,6079.0,6080.0,5,6078.0,6052.4,6082.6,6043.0,449.0,545085120.0,5767
2016-01-15 09:36:58,IC1601,IC1601,6080.0,2.0,2432000.0,-2.0,2,6079.0,6080.0,3,6078.0,6052.4,6082.6,6043.0,451.0,547517120.0,5765
2016-01-15 09:36:59,IC1601,IC1601,6080.0,2.0,2432000.0,-2.0,1,6078.8,6080.0,1,6078.0,6052.4,6082.6,6043.0,453.0,549949120.0,5763
2016-01-15 09:37:00,IC1601,IC1601,6080.0,0.0,0.0,0.0,1,6079.0,6080.0,1,6078.0,6052.4,6082.6,6043.0,453.0,549949120.0,5763
2016-01-15 09:37:00,IC1601,IC1601,6080.0,1.0,1216000.0,-1.0,1,6079.0,6084.0,5,6078.0,6052.4,6082.6,6043.0,454.0,551165120.0,5762
2016-01-15 09:37:01,IC1601,IC1601,6084.0,1.0,1216800.0,0.0,2,6080.0,6084.0,4,6078.0,6052.4,6084.0,6043.0,455.0,552381920.0,5762
2016-01-15 09:37:01,IC1601,IC1601,6080.0,2.0,2432000.0,-2.0,1,6079.0,6084.0,4,6078.0,6052.4,6084.0,6043.0,457.0,554813920.0,5760
2016-01-15 09:37:02,IC1601,IC1601,6080.0,1.0,1216000.0,-1.0,1,6079.0,6084.0,4,6078.0,6052.4,6084.0,6043.0,458.0,556029920.0,5759
2016-01-15 09:37:04,IC1601,IC1601,6080.0,0.0,0.0,0.0,1,6079.0,6083.8,1,6078.0,6052.4,6084.0,6043.0,458.0,556029920.0,5759
2016-01-15 09:37:06,IC1601,IC1601,6083.8,1.0,1216760.0,-1.0,1,6083.8,6084.0,5,6078.0,6052.4,6084.0,6043.0,459.0,557246680.0,5758
2016-01-15 09:37:07,IC1601,IC1601,6083.8,1.0,1216760.0,-1.0,1,6079.6,6084.0,5,6078.0,6052.4,6084.0,6043.0,460.0,558463440.0,5757
2016-01-15 09:37:08,IC1601,IC1601,6084.0,1.0,1216800.0,-1.0,2,6083.8,6084.0,4,6078.0,6052.4,6084.0,6043.0,461.0,559680240.0,5756
2016-01-15 09:37:09,IC1601,IC1601,6083.8,1.0,1216760.0,-1.0,1,6083.8,6084.0,4,6078.0,6052.4,6084.0,6043.0,462.0,560897000.0,5755
2016-01-15 09:37:09,IC1601,IC1601,6083.8,1.0,1216760.0,-1.0,2,6079.6,6083.8,1,6078.0,6052.4,6084.0,6043.0,463.0,562113760.0,5754
2016-01-15 09:37:10,IC1601,IC1601,6083.8,0.0,0.0,0.0,2,6079.6,6083.0,1,6078.0,6052.4,6084.0,6043.0,463.0,562113760.0,5754
2016-01-15 09:37:11,IC1601,IC1601,6083.8,2.0,2433520.0,-2.0,1,6080.2,6084.0,6,6078.0,6052.4,6084.0,6043.0,465.0,564547280.0,5752
2016-01-15 09:37:12,IC1601,IC1601,6084.0,1.0,1216800.0,-1.0,4,6083.8,6084.0,5,6078.0,6052.4,6084.0,6043.0,466.0,565764080.0,5751
2016-01-15 09:37:13,IC1601,IC1601,6083.8,1.0,1216760.0,-1.0,3,6083.8,6084.0,5,6078.0,6052.4,6084.0,6043.0,467.0,566980840.0,5750
2016-01-15 09:37:14,IC1601,IC1601,6083.8,1.0,1216760.0,-1.0,2,6083.8,6084.0,5,6078.0,6052.4,6084.0,6043.0,468.0,568197600.0,5749
2016-01-15 09:37:14,IC1601,IC1601,6083.8,2.0,2433520.0,-2.0,1,6080.4,6083.8,3,6078.0,6052.4,6084.0,6043.0,470.0,570631120.0,5747
2016-01-15 09:37:15,IC1601,IC1601,6080.4,3.0,3649600.0,-3.0,1,6080.2,6083.8,1,6078.0,6052.4,6084.0,6043.0,473.0,574280720.0,5744
2016-01-15 09:37:15,IC1601,IC1601,6080.4,0.0,0.0,0.0,1,6080.2,6083.8,2,6078.0,6052.4,6084.0,6043.0,473.0,574280720.0,5744
2016-01-15 09:37:16,IC1601,IC1601,6080.2,1.0,1216040.0,-1.0,1,6079.6,6083.8,2,6078.0,6052.4,6084.0,6043.0,474.0,575496760.0,5743
2016-01-15 09:37:18,IC1601,IC1601,6080.2,0.0,0.0,0.0,1,6079.6,6083.2,1,6078.0,6052.4,6084.0,6043.0,474.0,575496760.0,5743
2016-01-15 09:37:19,IC1601,IC1601,6079.6,1.0,1215920.0,-1.0,2,6079.0,6079.6,3,6078.0,6052.4,6084.0,6043.0,475.0,576712680.0,5742
2016-01-15 09:37:20,IC1601,IC1601,6079.6,0.0,0.0,0.0,1,6079.0,6079.6,3,6078.0,6052.4,6084.0,6043.0,475.0,576712680.0,5742
2016-01-15 09:37:22,IC1601,IC1601,6079.6,1.0,1215920.0,-1.0,1,6079.0,6079.6,2,6078.0,6052.4,6084.0,6043.0,476.0,577928600.0,5741
2016-01-15 09:37:22,IC1601,IC1601,6079.6,0.0,0.0,0.0,2,6079.0,6079.6,2,6078.0,6052.4,6084.0,6043.0,476.0,577928600.0,5741
2016-01-15 09:37:23,IC1601,IC1601,6079.6,1.0,1215920.0,-1.0,3,6079.0,6079.6,1,6078.0,6052.4,6084.0,6043.0,477.0,579144520.0,5740
2016-01-15 09:37:23,IC1601,IC1601,6079.6,0.0,0.0,0.0,1,6079.2,6079.6,1,6078.0,6052.4,6084.0,6043.0,477.0,579144520.0,5740
2016-01-15 09:37:24,IC1601,IC1601,6079.2,1.0,1215840.0,0.0,3,6079.0,6079.6,1,6078.0,6052.4,6084.0,6043.0,478.0,580360360.0,5740
2016-01-15 09:37:25,IC1601,IC1601,6079.6,1.0,1215920.0,-1.0,3,6079.0,6083.2,1,6078.0,6052.4,6084.0,6043.0,479.0,581576280.0,5739
2016-01-15 09:37:29,IC1601,IC1601,6079.6,0.0,0.0,0.0,2,6080.0,6083.2,1,6078.0,6052.4,6084.0,6043.0,479.0,581576280.0,5739
2016-01-15 09:37:31,IC1601,IC1601,6079.6,0.0,0.0,0.0,1,6080.4,6083.2,1,6078.0,6052.4,6084.0,6043.0,479.0,581576280.0,5739
2016-01-15 09:37:32,IC1601,IC1601,6079.6,0.0,0.0,0.0,1,6080.4,6083.0,1,6078.0,6052.4,6084.0,6043.0,479.0,581576280.0,5739
2016-01-15 09:37:33,IC1601,IC1601,6083.0,1.0,1216600.0,-1.0,1,6083.0,6083.2,1,6078.0,6052.4,6084.0,6043.0,480.0,582792880.0,5738
2016-01-15 09:37:35,IC1601,IC1601,6083.2,1.0,1216640.0,-1.0,1,6083.0,6083.8,1,6078.0,6052.4,6084.0,6043.0,481.0,584009520.0,5737
2016-01-15 09:37:35,IC1601,IC1601,6083.8,1.0,1216760.0,-1.0,1,6080.8,6084.0,3,6078.0,6052.4,6084.0,6043.0,482.0,585226280.0,5736
2016-01-15 09:37:37,IC1601,IC1601,6083.8,0.0,0.0,0.0,1,6081.2,6083.8,5,6078.0,6052.4,6084.0,6043.0,482.0,585226280.0,5736
2016-01-15 09:37:37,IC1601,IC1601,6083.8,0.0,0.0,0.0,1,6083.2,6083.8,5,6078.0,6052.4,6084.0,6043.0,482.0,585226280.0,5736
2016-01-15 09:37:41,IC1601,IC1601,6083.2,1.0,1216640.0,1.0,1,6081.2,6083.8,5,6078.0,6052.4,6084.0,6043.0,483.0,586442920.0,5737
2016-01-15 09:37:43,IC1601,IC1601,6081.2,1.0,1216240.0,-1.0,2,6079.6,6083.8,5,6078.0,6052.4,6084.0,6043.0,484.0,587659160.0,5736
2016-01-15 09:37:43,IC1601,IC1601,6083.8,3.0,3650280.0,-3.0,2,6079.6,6081.2,1,6078.0,6052.4,6084.0,6043.0,487.0,591309440.0,5733
2016-01-15 09:37:44,IC1601,IC1601,6083.8,0.0,0.0,0.0,2,6079.8,6081.2,1,6078.0,6052.4,6084.0,6043.0,487.0,591309440.0,5733
2016-01-15 09:37:44,IC1601,IC1601,6083.8,0.0,0.0,0.0,2,6079.6,6081.2,1,6078.0,6052.4,6084.0,6043.0,487.0,591309440.0,5733
2016-01-15 09:37:48,IC1601,IC1601,6081.2,1.0,1216240.0,0.0,4,6081.2,6083.8,3,6078.0,6052.4,6084.0,6043.0,488.0,592525680.0,5733
2016-01-15 09:37:48,IC1601,IC1601,6081.2,1.0,1216240.0,-1.0,3,6081.2,6083.8,3,6078.0,6052.4,6084.0,6043.0,489.0,593741920.0,5732
2016-01-15 09:37:49,IC1601,IC1601,6083.8,1.0,1216760.0,-1.0,3,6081.2,6083.8,2,6078.0,6052.4,6084.0,6043.0,490.0,594958680.0,5731
2016-01-15 09:37:50,IC1601,IC1601,6083.8,0.0,0.0,0.0,2,6081.4,6083.8,2,6078.0,6052.4,6084.0,6043.0,490.0,594958680.0,5731
2016-01-15 09:37:50,IC1601,IC1601,6083.8,2.0,2433520.0,-1.0,3,6081.2,6084.0,3,6078.0,6052.4,6084.0,6043.0,492.0,597392200.0,5730
2016-01-15 09:37:52,IC1601,IC1601,6083.8,0.0,0.0,0.0,1,6081.6,6083.8,5,6078.0,6052.4,6084.0,6043.0,492.0,597392200.0,5730
2016-01-15 09:37:53,IC1601,IC1601,6083.8,1.0,1216760.0,-1.0,1,6081.6,6083.8,4,6078.0,6052.4,6084.0,6043.0,493.0,598608960.0,5729
2016-01-15 09:37:54,IC1601,IC1601,6083.8,1.0,1216760.0,-1.0,1,6081.8,6083.8,3,6078.0,6052.4,6084.0,6043.0,494.0,599825720.0,5728
2016-01-15 09:37:56,IC1601,IC1601,6081.8,1.0,1216360.0,-1.0,3,6081.2,6081.6,1,6078.0,6052.4,6084.0,6043.0,495.0,601042080.0,5727
2016-01-15 09:37:56,IC1601,IC1601,6083.8,2.0,2433120.0,-1.0,1,6082.4,6083.8,2,6078.0,6052.4,6084.0,6043.0,497.0,603475200.0,5726
2016-01-15 09:37:57,IC1601,IC1601,6083.8,1.0,1216760.0,-1.0,1,6082.4,6083.8,1,6078.0,6052.4,6084.0,6043.0,498.0,604691960.0,5725
2016-01-15 09:37:58,IC1601,IC1601,6082.4,2.0,2433240.0,-2.0,1,6081.8,6084.0,3,6078.0,6052.4,6084.0,6043.0,500.0,607125200.0,5723
2016-01-15 09:37:59,IC1601,IC1601,6084.0,2.0,2433600.0,-2.0,1,6081.8,6084.0,1,6078.0,6052.4,6084.0,6043.0,502.0,609558800.0,5721
2016-01-15 09:38:00,IC1601,IC1601,6084.0,1.0,1216800.0,0.0,1,6082.2,6084.0,1,6078.0,6052.4,6084.0,6043.0,503.0,610775600.0,5721
2016-01-15 09:38:01,IC1601,IC1601,6084.0,0.0,0.0,0.0,1,6082.2,6083.8,5,6078.0,6052.4,6084.0,6043.0,503.0,610775600.0,5721
2016-01-15 09:38:03,IC1601,IC1601,6083.8,2.0,2433520.0,-2.0,1,6082.2,6083.8,3,6078.0,6052.4,6084.0,6043.0,505.0,613209120.0,5719
2016-01-15 09:38:04,IC1601,IC1601,6083.8,2.0,2433520.0,-2.0,1,6082.0,6083.8,1,6078.0,6052.4,6084.0,6043.0,507.0,615642640.0,5717
2016-01-15 09:38:04,IC1601,IC1601,6082.0,1.0,1216400.0,-1.0,1,6082.2,6083.8,1,6078.0,6052.4,6084.0,6043.0,508.0,616859040.0,5716
2016-01-15 09:38:05,IC1601,IC1601,6083.8,1.0,1216760.0,-1.0,3,6083.8,6084.0,1,6078.0,6052.4,6084.0,6043.0,509.0,618075800.0,5715
2016-01-15 09:38:06,IC1601,IC1601,6084.0,1.0,1216800.0,0.0,3,6083.8,6084.6,1,6078.0,6052.4,6084.0,6043.0,510.0,619292600.0,5715
2016-01-15 09:38:06,IC1601,IC1601,6084.0,0.0,0.0,0.0,1,6084.4,6084.6,1,6078.0,6052.4,6084.0,6043.0,510.0,619292600.0,5715
2016-01-15 09:38:07,IC1601,IC1601,6084.4,2.0,2433800.0,-2.0,3,6083.8,6084.8,1,6078.0,6052.4,6084.6,6043.0,512.0,621726400.0,5713
2016-01-15 09:38:08,IC1601,IC1601,6084.8,1.0,1216960.0,-1.0,3,6083.8,6085.0,2,6078.0,6052.4,6084.8,6043.0,513.0,622943360.0,5712
2016-01-15 09:38:08,IC1601,IC1601,6085.0,2.0,2434000.0,-2.0,1,6084.6,6086.0,1,6078.0,6052.4,6085.0,6043.0,515.0,625377360.0,5710
2016-01-15 09:38:10,IC1601,IC1601,6086.0,1.0,1217200.0,-1.0,1,6085.4,6087.4,5,6078.0,6052.4,6086.0,6043.0,516.0,626594560.0,5709
2016-01-15 09:38:13,IC1601,IC1601,6087.4,2.0,2434960.0,-2.0,1,6085.4,6087.4,3,6078.0,6052.4,6087.4,6043.0,518.0,629029520.0,5707
2016-01-15 09:38:14,IC1601,IC1601,6087.4,1.0,1217480.0,-1.0,1,6085.4,6087.4,2,6078.0,6052.4,6087.4,6043.0,519.0,630247000.0,5706
2016-01-15 09:38:15,IC1601,IC1601,6087.4,0.0,0.0,0.0,1,6086.2,6087.4,2,6078.0,6052.4,6087.4,6043.0,519.0,630247000.0,5706
2016-01-15 09:38:18,IC1601,IC1601,6087.4,0.0,0.0,0.0,1,6086.2,6087.4,4,6078.0,6052.4,6087.4,6043.0,519.0,630247000.0,5706
2016-01-15 09:38:19,IC1601,IC1601,6087.4,1.0,1217480.0,-1.0,1,6086.2,6087.4,3,6078.0,6052.4,6087.4,6043.0,520.0,631464480.0,5705
2016-01-15 09:38:19,IC1601,IC1601,6087.4,0.0,0.0,0.0,2,6085.4,6087.4,3,6078.0,6052.4,6087.4,6043.0,520.0,631464480.0,5705
2016-01-15 09:38:20,IC1601,IC1601,6087.4,1.0,1217480.0,-1.0,2,6085.4,6087.4,2,6078.0,6052.4,6087.4,6043.0,521.0,632681960.0,5704
2016-01-15 09:38:20,IC1601,IC1601,6087.4,1.0,1217480.0,-1.0,2,6085.4,6087.4,1,6078.0,6052.4,6087.4,6043.0,522.0,633899440.0,5703
2016-01-15 09:38:21,IC1601,IC1601,6087.4,0.0,0.0,0.0,2,6085.4,6086.4,1,6078.0,6052.4,6087.4,6043.0,522.0,633899440.0,5703
2016-01-15 09:38:22,IC1601,IC1601,6087.4,0.0,0.0,0.0,4,6086.0,6086.4,1,6078.0,6052.4,6087.4,6043.0,522.0,633899440.0,5703
2016-01-15 09:38:24,IC1601,IC1601,6086.4,1.0,1217280.0,-1.0,4,6086.0,6087.4,1,6078.0,6052.4,6087.4,6043.0,523.0,635116720.0,5702
2016-01-15 09:38:29,IC1601,IC1601,6087.4,1.0,1217480.0,-1.0,1,6086.4,6087.6,2,6078.0,6052.4,6087.4,6043.0,524.0,636334200.0,5701
2016-01-15 09:38:29,IC1601,IC1601,6087.4,0.0,0.0,0.0,2,6086.6,6087.6,2,6078.0,6052.4,6087.4,6043.0,524.0,636334200.0,5701
2016-01-15 09:38:30,IC1601,IC1601,6087.6,1.0,1217520.0,-1.0,3,6086.4,6087.6,1,6078.0,6052.4,6087.6,6043.0,525.0,637551720.0,5700
2016-01-15 09:38:31,IC1601,IC1601,6087.6,0.0,0.0,0.0,1,6087.4,6087.6,1,6078.0,6052.4,6087.6,6043.0,525.0,637551720.0,5700
2016-01-15 09:38:32,IC1601,IC1601,6087.6,1.0,1217520.0,-1.0,1,6087.4,6092.4,3,6078.0,6052.4,6087.6,6043.0,526.0,638769240.0,5699
2016-01-15 09:38:32,IC1601,IC1601,6087.6,0.0,0.0,0.0,5,6087.6,6092.2,1,6078.0,6052.4,6087.6,6043.0,526.0,638769240.0,5699
2016-01-15 09:38:33,IC1601,IC1601,6087.6,0.0,0.0,0.0,5,6087.6,6092.4,3,6078.0,6052.4,6087.6,6043.0,526.0,638769240.0,5699
2016-01-15 09:38:33,IC1601,IC1601,6092.2,1.0,1218440.0,-1.0,1,6088.0,6092.4,3,6078.0,6052.4,6092.2,6043.0,527.0,639987680.0,5698
2016-01-15 09:38:34,IC1601,IC1601,6092.2,0.0,0.0,0.0,2,6088.2,6092.4,3,6078.0,6052.4,6092.2,6043.0,527.0,639987680.0,5698
2016-01-15 09:38:36,IC1601,IC1601,6092.2,0.0,0.0,0.0,1,6088.4,6092.4,3,6078.0,6052.4,6092.2,6043.0,527.0,639987680.0,5698
2016-01-15 09:38:37,IC1601,IC1601,6092.4,2.0,2436960.0,-2.0,1,6092.2,6092.4,1,6078.0,6052.4,6092.4,6043.0,529.0,642424640.0,5696
2016-01-15 09:38:37,IC1601,IC1601,6092.4,1.0,1218480.0,-1.0,1,6092.2,6093.0,1,6078.0,6052.4,6092.4,6043.0,530.0,643643120.0,5695
2016-01-15 09:38:39,IC1601,IC1601,6092.2,1.0,1218440.0,-1.0,2,6088.2,6093.0,1,6078.0,6052.4,6092.4,6043.0,531.0,644861560.0,5694
2016-01-15 09:38:40,IC1601,IC1601,6088.2,1.0,1217640.0,0.0,1,6088.2,6093.0,1,6078.0,6052.4,6092.4,6043.0,532.0,646079200.0,5694
2016-01-15 09:38:42,IC1601,IC1601,6088.2,0.0,0.0,0.0,1,6088.6,6093.0,1,6078.0,6052.4,6092.4,6043.0,532.0,646079200.0,5694
2016-01-15 09:38:43,IC1601,IC1601,6088.2,0.0,0.0,0.0,1,6088.8,6093.0,1,6078.0,6052.4,6092.4,6043.0,532.0,646079200.0,5694
2016-01-15 09:38:43,IC1601,IC1601,6088.2,0.0,0.0,0.0,1,6089.4,6093.0,1,6078.0,6052.4,6092.4,6043.0,532.0,646079200.0,5694
2016-01-15 09:38:45,IC1601,IC1601,6093.0,1.0,1218600.0,-1.0,1,6089.4,6094.4,5,6078.0,6052.4,6093.0,6043.0,533.0,647297800.0,5693
2016-01-15 09:38:46,IC1601,IC1601,6093.0,0.0,0.0,0.0,1,6089.6,6094.4,5,6078.0,6052.4,6093.0,6043.0,533.0,647297800.0,5693
2016-01-15 09:38:46,IC1601,IC1601,6093.0,0.0,0.0,0.0,3,6093.0,6094.4,5,6078.0,6052.4,6093.0,6043.0,533.0,647297800.0,5693
2016-01-15 09:38:49,IC1601,IC1601,6093.0,0.0,0.0,0.0,3,6094.0,6094.4,5,6078.0,6052.4,6093.0,6043.0,533.0,647297800.0,5693
2016-01-15 09:38:52,IC1601,IC1601,6094.4,1.0,1218880.0,-1.0,3,6094.0,6094.4,4,6078.0,6052.4,6094.4,6043.0,534.0,648516680.0,5692
2016-01-15 09:38:52,IC1601,IC1601,6094.4,1.0,1218880.0,-1.0,3,6094.0,6094.4,4,6078.0,6052.4,6094.4,6043.0,535.0,649735560.0,5691
2016-01-15 09:38:54,IC1601,IC1601,6094.4,1.0,1218880.0,-1.0,3,6094.0,6094.4,3,6078.0,6052.4,6094.4,6043.0,536.0,650954440.0,5690
2016-01-15 09:38:54,IC1601,IC1601,6094.4,1.0,1218880.0,-1.0,3,6094.0,6094.4,2,6078.0,6052.4,6094.4,6043.0,537.0,652173320.0,5689
2016-01-15 09:38:55,IC1601,IC1601,6094.4,0.0,0.0,0.0,8,6093.0,6094.4,2,6078.0,6052.4,6094.4,6043.0,537.0,652173320.0,5689
2016-01-15 09:38:57,IC1601,IC1601,6094.4,0.0,0.0,0.0,1,6093.4,6094.4,2,6078.0,6052.4,6094.4,6043.0,537.0,652173320.0,5689
2016-01-15 09:38:57,IC1601,IC1601,6094.4,2.0,2437760.0,-2.0,1,6093.4,6095.0,1,6078.0,6052.4,6094.4,6043.0,539.0,654611080.0,5687
2016-01-15 09:38:58,IC1601,IC1601,6094.4,0.0,0.0,0.0,2,6094.4,6095.0,1,6078.0,6052.4,6094.4,6043.0,539.0,654611080.0,5687
2016-01-15 09:38:59,IC1601,IC1601,6094.4,0.0,0.0,0.0,3,6094.8,6095.0,1,6078.0,6052.4,6094.4,6043.0,539.0,654611080.0,5687
2016-01-15 09:39:00,IC1601,IC1601,6095.0,1.0,1219000.0,-1.0,3,6094.8,6095.4,5,6078.0,6052.4,6095.0,6043.0,540.0,655830080.0,5686
2016-01-15 09:39:00,IC1601,IC1601,6094.8,2.0,2438040.0,0.0,2,6094.8,6095.4,4,6078.0,6052.4,6095.4,6043.0,542.0,658268120.0,5686
2016-01-15 09:39:02,IC1601,IC1601,6094.8,1.0,1218960.0,-1.0,1,6094.8,6095.0,1,6078.0,6052.4,6095.4,6043.0,543.0,659487080.0,5685
2016-01-15 09:39:02,IC1601,IC1601,6095.0,1.0,1219000.0,0.0,1,6094.8,6095.4,4,6078.0,6052.4,6095.4,6043.0,544.0,660706080.0,5685
2016-01-15 09:39:03,IC1601,IC1601,6095.0,0.0,0.0,0.0,3,6094.8,6095.4,4,6078.0,6052.4,6095.4,6043.0,544.0,660706080.0,5685
2016-01-15 09:39:04,IC1601,IC1601,6095.0,0.0,0.0,0.0,1,6095.2,6095.4,4,6078.0,6052.4,6095.4,6043.0,544.0,660706080.0,5685
2016-01-15 09:39:06,IC1601,IC1601,6095.4,1.0,1219080.0,0.0,1,6095.2,6095.4,3,6078.0,6052.4,6095.4,6043.0,545.0,661925160.0,5685
2016-01-15 09:39:07,IC1601,IC1601,6095.4,0.0,0.0,0.0,1,6095.2,6095.4,4,6078.0,6052.4,6095.4,6043.0,545.0,661925160.0,5685
2016-01-15 09:39:08,IC1601,IC1601,6095.2,2.0,2438120.0,-2.0,3,6095.0,6095.4,3,6078.0,6052.4,6095.4,6043.0,547.0,664363280.0,5683
2016-01-15 09:39:08,IC1601,IC1601,6095.4,3.0,3657160.0,-3.0,2,6095.0,6095.4,1,6078.0,6052.4,6095.4,6043.0,550.0,668020440.0,5680
2016-01-15 09:39:09,IC1601,IC1601,6095.4,1.0,1219080.0,-1.0,3,6095.0,6097.4,1,6078.0,6052.4,6095.4,6043.0,551.0,669239520.0,5679
2016-01-15 09:39:09,IC1601,IC1601,6095.4,0.0,0.0,0.0,1,6095.6,6097.4,1,6078.0,6052.4,6095.4,6043.0,551.0,669239520.0,5679
2016-01-15 09:39:10,IC1601,IC1601,6097.4,1.0,1219480.0,0.0,1,6097.4,6098.0,1,6078.0,6052.4,6097.4,6043.0,552.0,670459000.0,5679
2016-01-15 09:39:11,IC1601,IC1601,6097.4,1.0,1219480.0,0.0,1,6095.6,6098.0,1,6078.0,6052.4,6097.4,6043.0,553.0,671678480.0,5679
2016-01-15 09:39:11,IC1601,IC1601,6097.4,0.0,0.0,0.0,1,6095.6,6098.0,2,6078.0,6052.4,6097.4,6043.0,553.0,671678480.0,5679
2016-01-15 09:39:12,IC1601,IC1601,6097.4,0.0,0.0,0.0,1,6095.6,6097.4,1,6078.0,6052.4,6097.4,6043.0,553.0,671678480.0,5679
2016-01-15 09:39:14,IC1601,IC1601,6097.4,1.0,1219480.0,-1.0,1,6095.6,6097.6,1,6078.0,6052.4,6097.4,6043.0,554.0,672897960.0,5678
2016-01-15 09:39:15,IC1601,IC1601,6098.0,2.0,2439120.0,-2.0,1,6095.6,6098.0,1,6078.0,6052.4,6098.0,6043.0,556.0,675337080.0,5676
2016-01-15 09:39:18,IC1601,IC1601,6095.6,2.0,2438720.0,-1.0,9,6095.0,6097.8,1,6078.0,6052.4,6098.0,6043.0,558.0,677775800.0,5675
2016-01-15 09:39:19,IC1601,IC1601,6097.8,1.0,1219560.0,-1.0,9,6095.0,6099.8,1,6078.0,6052.4,6098.0,6043.0,559.0,678995360.0,5674
2016-01-15 09:39:19,IC1601,IC1601,6097.8,0.0,0.0,0.0,2,6098.0,6099.8,1,6078.0,6052.4,6098.0,6043.0,559.0,678995360.0,5674
2016-01-15 09:39:20,IC1601,IC1601,6098.0,2.0,2439200.0,-2.0,1,6095.2,6099.8,1,6078.0,6052.4,6098.0,6043.0,561.0,681434560.0,5672
2016-01-15 09:39:20,IC1601,IC1601,6098.0,0.0,0.0,0.0,1,6095.2,6098.0,1,6078.0,6052.4,6098.0,6043.0,561.0,681434560.0,5672
2016-01-15 09:39:21,IC1601,IC1601,6098.0,1.0,1219600.0,-1.0,6,6098.0,6099.8,1,6078.0,6052.4,6098.0,6043.0,562.0,682654160.0,5671
2016-01-15 09:39:21,IC1601,IC1601,6098.0,0.0,0.0,0.0,1,6098.6,6099.8,1,6078.0,6052.4,6098.0,6043.0,562.0,682654160.0,5671
2016-01-15 09:39:22,IC1601,IC1601,6099.6,2.0,2439640.0,-2.0,6,6098.0,6099.8,1,6078.0,6052.4,6099.6,6043.0,564.0,685093800.0,5669
2016-01-15 09:39:23,IC1601,IC1601,6098.0,1.0,1219600.0,-1.0,6,6098.0,6099.8,1,6078.0,6052.4,6099.6,6043.0,565.0,686313400.0,5668
2016-01-15 09:39:23,IC1601,IC1601,6098.0,1.0,1219600.0,-1.0,1,6098.4,6099.8,1,6078.0,6052.4,6099.6,6043.0,566.0,687533000.0,5667
2016-01-15 09:39:24,IC1601,IC1601,6099.8,1.0,1219960.0,-1.0,1,6099.8,6100.0,6,6078.0,6052.4,6099.8,6043.0,567.0,688752960.0,5666
2016-01-15 09:39:24,IC1601,IC1601,6099.8,1.0,1219960.0,-1.0,1,6098.4,6100.0,6,6078.0,6052.4,6099.8,6043.0,568.0,689972920.0,5665
2016-01-15 09:39:25,IC1601,IC1601,6100.0,1.0,1220000.0,-1.0,1,6098.4,6100.0,5,6078.0,6052.4,6100.0,6043.0,569.0,691192920.0,5664
2016-01-15 09:39:26,IC1601,IC1601,6098.4,1.0,1219680.0,-1.0,5,6098.0,6100.0,5,6078.0,6052.4,6100.0,6043.0,570.0,692412600.0,5663
2016-01-15 09:39:27,IC1601,IC1601,6100.0,1.0,1220000.0,0.0,5,6098.0,6100.0,4,6078.0,6052.4,6100.0,6043.0,571.0,693632600.0,5663
2016-01-15 09:39:27,IC1601,IC1601,6100.0,1.0,1220000.0,-1.0,5,6098.0,6100.0,4,6078.0,6052.4,6100.0,6043.0,572.0,694852600.0,5662
2016-01-15 09:39:28,IC1601,IC1601,6100.0,0.0,0.0,0.0,5,6098.0,6099.4,1,6078.0,6052.4,6100.0,6043.0,572.0,694852600.0,5662
2016-01-15 09:39:29,IC1601,IC1601,6100.0,2.0,2440000.0,-2.0,5,6098.0,6100.0,5,6078.0,6052.4,6100.0,6043.0,574.0,697292600.0,5660
2016-01-15 09:39:29,IC1601,IC1601,6098.0,1.0,1219600.0,-1.0,4,6098.0,6099.8,1,6078.0,6052.4,6100.0,6043.0,575.0,698512200.0,5659
2016-01-15 09:39:30,IC1601,IC1601,6098.0,0.0,0.0,0.0,4,6098.0,6099.4,1,6078.0,6052.4,6100.0,6043.0,575.0,698512200.0,5659
2016-01-15 09:39:30,IC1601,IC1601,6099.2,1.0,1219840.0,-1.0,4,6098.0,6099.4,1,6078.0,6052.4,6100.0,6043.0,576.0,699732040.0,5658
2016-01-15 09:39:31,IC1601,IC1601,6099.2,1.0,1219840.0,0.0,4,6098.0,6099.4,1,6078.0,6052.4,6100.0,6043.0,577.0,700951880.0,5658
2016-01-15 09:39:33,IC1601,IC1601,6098.0,2.0,2439480.0,-2.0,2,6099.4,6100.0,5,6078.0,6052.4,6100.0,6043.0,579.0,703391360.0,5656
2016-01-15 09:39:34,IC1601,IC1601,6098.0,1.0,1219600.0,-1.0,1,6099.4,6100.0,5,6078.0,6052.4,6100.0,6043.0,580.0,704610960.0,5655
2016-01-15 09:39:34,IC1601,IC1601,6098.2,1.0,1219640.0,-1.0,2,6099.2,6100.0,5,6078.0,6052.4,6100.0,6043.0,581.0,705830600.0,5654
2016-01-15 09:39:36,IC1601,IC1601,6098.0,3.0,3658880.0,-3.0,2,6098.0,6100.0,5,6078.0,6052.4,6100.0,6043.0,584.0,709489480.0,5651
2016-01-15 09:39:37,IC1601,IC1601,6098.0,0.0,0.0,0.0,1,6098.4,6100.0,5,6078.0,6052.4,6100.0,6043.0,584.0,709489480.0,5651
2016-01-15 09:39:37,IC1601,IC1601,6100.0,2.0,2440000.0,-2.0,1,6098.4,6100.0,3,6078.0,6052.4,6100.0,6043.0,586.0,711929480.0,5649
2016-01-15 09:39:39,IC1601,IC1601,6100.0,1.0,1220000.0,-1.0,1,6098.4,6100.0,2,6078.0,6052.4,6100.0,6043.0,587.0,713149480.0,5648
2016-01-15 09:39:41,IC1601,IC1601,6100.0,1.0,1220000.0,-1.0,1,6098.4,6100.0,1,6078.0,6052.4,6100.0,6043.0,588.0,714369480.0,5647
2016-01-15 09:39:42,IC1601,IC1601,6100.0,1.0,1220000.0,-1.0,1,6098.4,6105.0,5,6078.0,6052.4,6100.0,6043.0,589.0,715589480.0,5646
2016-01-15 09:39:43,IC1601,IC1601,6100.0,0.0,0.0,0.0,1,6098.6,6104.6,1,6078.0,6052.4,6100.0,6043.0,589.0,715589480.0,5646
2016-01-15 09:39:43,IC1601,IC1601,6100.0,0.0,0.0,0.0,1,6098.6,6104.4,1,6078.0,6052.4,6100.0,6043.0,589.0,715589480.0,5646
2016-01-15 09:39:44,IC1601,IC1601,6100.0,0.0,0.0,0.0,1,6100.0,6103.8,1,6078.0,6052.4,6100.0,6043.0,589.0,715589480.0,5646
2016-01-15 09:39:44,IC1601,IC1601,6100.0,1.0,1220000.0,-1.0,1,6099.2,6103.8,1,6078.0,6052.4,6100.0,6043.0,590.0,716809480.0,5645
2016-01-15 09:39:45,IC1601,IC1601,6100.0,0.0,0.0,0.0,1,6099.4,6103.8,1,6078.0,6052.4,6100.0,6043.0,590.0,716809480.0,5645
2016-01-15 09:39:46,IC1601,IC1601,6103.8,1.0,1220760.0,-1.0,1,6099.4,6104.4,1,6078.0,6052.4,6103.8,6043.0,591.0,718030240.0,5644
2016-01-15 09:39:46,IC1601,IC1601,6104.4,1.0,1220880.0,0.0,1,6104.6,6105.0,5,6078.0,6052.4,6104.4,6043.0,592.0,719251120.0,5644
2016-01-15 09:39:47,IC1601,IC1601,6099.2,4.0,4880560.0,-3.0,2,6100.0,6104.8,1,6078.0,6052.4,6104.4,6043.0,596.0,724131680.0,5641
2016-01-15 09:39:47,IC1601,IC1601,6099.2,0.0,0.0,0.0,1,6100.4,6104.6,1,6078.0,6052.4,6104.4,6043.0,596.0,724131680.0,5641
2016-01-15 09:39:48,IC1601,IC1601,6099.2,3.0,3659520.0,-3.0,4,6100.0,6104.6,1,6078.0,6052.4,6104.4,6043.0,599.0,727791200.0,5638
2016-01-15 09:39:49,IC1601,IC1601,6099.2,0.0,0.0,0.0,1,6100.4,6103.6,1,6078.0,6052.4,6104.4,6043.0,599.0,727791200.0,5638
2016-01-15 09:39:49,IC1601,IC1601,6099.2,0.0,0.0,0.0,1,6100.4,6103.0,1,6078.0,6052.4,6104.4,6043.0,599.0,727791200.0,5638
2016-01-15 09:39:50,IC1601,IC1601,6099.2,0.0,0.0,0.0,1,6100.4,6102.8,1,6078.0,6052.4,6104.4,6043.0,599.0,727791200.0,5638
2016-01-15 09:39:50,IC1601,IC1601,6099.2,0.0,0.0,0.0,1,6100.4,6102.6,1,6078.0,6052.4,6104.4,6043.0,599.0,727791200.0,5638
2016-01-15 09:39:51,IC1601,IC1601,6100.4,1.0,1220080.0,-1.0,3,6100.0,6102.4,1,6078.0,6052.4,6104.4,6043.0,600.0,729011280.0,5637
2016-01-15 09:39:52,IC1601,IC1601,6100.4,0.0,0.0,0.0,3,6100.0,6102.0,2,6078.0,6052.4,6104.4,6043.0,600.0,729011280.0,5637
2016-01-15 09:39:52,IC1601,IC1601,6100.4,0.0,0.0,0.0,3,6100.0,6101.8,1,6078.0,6052.4,6104.4,6043.0,600.0,729011280.0,5637
2016-01-15 09:39:53,IC1601,IC1601,6102.0,3.0,3661160.0,-3.0,3,6100.0,6102.6,1,6078.0,6052.4,6104.4,6043.0,603.0,732672440.0,5634
2016-01-15 09:39:53,IC1601,IC1601,6102.0,0.0,0.0,0.0,3,6100.0,6103.0,1,6078.0,6052.4,6104.4,6043.0,603.0,732672440.0,5634
2016-01-15 09:39:54,IC1601,IC1601,6102.0,0.0,0.0,0.0,1,6102.6,6103.0,1,6078.0,6052.4,6104.4,6043.0,603.0,732672440.0,5634
2016-01-15 09:39:54,IC1601,IC1601,6102.0,0.0,0.0,0.0,1,6102.6,6102.8,1,6078.0,6052.4,6104.4,6043.0,603.0,732672440.0,5634
2016-01-15 09:39:55,IC1601,IC1601,6102.8,3.0,3661600.0,-3.0,2,6101.8,6103.0,1,6078.0,6052.4,6104.4,6043.0,606.0,736334040.0,5631
2016-01-15 09:39:57,IC1601,IC1601,6101.8,1.0,1220360.0,-1.0,1,6101.8,6103.0,1,6078.0,6052.4,6104.4,6043.0,607.0,737554400.0,5630
2016-01-15 09:39:57,IC1601,IC1601,6101.8,1.0,1220360.0,-1.0,3,6100.0,6103.0,1,6078.0,6052.4,6104.4,6043.0,608.0,738774760.0,5629
2016-01-15 09:39:58,IC1601,IC1601,6101.8,0.0,0.0,0.0,3,6100.0,6101.8,5,6078.0,6052.4,6104.4,6043.0,608.0,738774760.0,5629
2016-01-15 09:39:59,IC1601,IC1601,6100.0,1.0,1220000.0,-1.0,2,6100.0,6101.8,5,6078.0,6052.4,6104.4,6043.0,609.0,739994760.0,5628
2016-01-15 09:40:00,IC1601,IC1601,6100.0,0.0,0.0,0.0,1,6100.4,6103.6,1,6078.0,6052.4,6104.4,6043.0,609.0,739994760.0,5628
2016-01-15 09:40:00,IC1601,IC1601,6100.0,0.0,0.0,0.0,1,6100.4,6103.2,1,6078.0,6052.4,6104.4,6043.0,609.0,739994760.0,5628
2016-01-15 09:40:01,IC1601,IC1601,6100.0,0.0,0.0,0.0,1,6100.4,6102.6,1,6078.0,6052.4,6104.4,6043.0,609.0,739994760.0,5628
2016-01-15 09:40:02,IC1601,IC1601,6100.4,1.0,1220080.0,-1.0,2,6100.0,6102.6,2,6078.0,6052.4,6104.4,6043.0,610.0,741214840.0,5627
2016-01-15 09:40:03,IC1601,IC1601,6100.0,2.0,2440000.0,-2.0,1,6099.2,6100.0,3,6078.0,6052.4,6104.4,6043.0,612.0,743654840.0,5625
2016-01-15 09:40:05,IC1601,IC1601,6100.0,0.0,0.0,0.0,1,6099.2,6100.0,4,6078.0,6052.4,6104.4,6043.0,612.0,743654840.0,5625
2016-01-15 09:40:06,IC1601,IC1601,6100.0,0.0,0.0,0.0,1,6099.2,6099.6,1,6078.0,6052.4,6104.4,6043.0,612.0,743654840.0,5625
2016-01-15 09:40:06,IC1601,IC1601,6099.2,3.0,3659840.0,-3.0,1,6099.0,6100.0,2,6078.0,6052.4,6104.4,6043.0,615.0,747314680.0,5622
2016-01-15 09:40:07,IC1601,IC1601,6099.0,1.0,1219800.0,-1.0,1,6098.2,6099.0,3,6078.0,6052.4,6104.4,6043.0,616.0,748534480.0,5621
2016-01-15 09:40:07,IC1601,IC1601,6099.0,3.0,3659400.0,-3.0,1,6098.2,6099.2,1,6078.0,6052.4,6104.4,6043.0,619.0,752193880.0,5618
2016-01-15 09:40:08,IC1601,IC1601,6099.0,0.0,0.0,0.0,1,6098.2,6099.2,2,6078.0,6052.4,6104.4,6043.0,619.0,752193880.0,5618
2016-01-15 09:40:10,IC1601,IC1601,6098.0,3.0,3658840.0,-3.0,1,6095.4,6098.2,3,6078.0,6052.4,6104.4,6043.0,622.0,755852720.0,5615
2016-01-15 09:40:11,IC1601,IC1601,6098.0,0.0,0.0,0.0,1,6095.4,6098.2,5,6078.0,6052.4,6104.4,6043.0,622.0,755852720.0,5615
2016-01-15 09:40:11,IC1601,IC1601,6098.0,0.0,0.0,0.0,1,6095.4,6098.2,6,6078.0,6052.4,6104.4,6043.0,622.0,755852720.0,5615
2016-01-15 09:40:12,IC1601,IC1601,6098.0,0.0,0.0,0.0,1,6095.4,6098.0,1,6078.0,6052.4,6104.4,6043.0,622.0,755852720.0,5615
2016-01-15 09:40:13,IC1601,IC1601,6098.0,0.0,0.0,0.0,1,6095.4,6097.4,1,6078.0,6052.4,6104.4,6043.0,622.0,755852720.0,5615
2016-01-15 09:40:14,IC1601,IC1601,6095.4,1.0,1219080.0,-1.0,10,6095.0,6097.4,1,6078.0,6052.4,6104.4,6043.0,623.0,757071800.0,5614
2016-01-15 09:40:15,IC1601,IC1601,6095.4,0.0,0.0,0.0,10,6095.0,6097.4,2,6078.0,6052.4,6104.4,6043.0,623.0,757071800.0,5614
2016-01-15 09:40:15,IC1601,IC1601,6098.2,5.0,6097880.0,-5.0,1,6095.2,6096.8,1,6078.0,6052.4,6104.4,6043.0,628.0,763169680.0,5609
2016-01-15 09:40:17,IC1601,IC1601,6095.4,2.0,2438160.0,-2.0,1,6095.4,6098.2,3,6078.0,6052.4,6104.4,6043.0,630.0,765607840.0,5607
2016-01-15 09:40:18,IC1601,IC1601,6095.0,9.0,10971120.0,-9.0,3,6095.0,6098.2,3,6078.0,6052.4,6104.4,6043.0,639.0,776578960.0,5598
2016-01-15 09:40:18,IC1601,IC1601,6095.0,0.0,0.0,0.0,3,6095.0,6095.4,1,6078.0,6052.4,6104.4,6043.0,639.0,776578960.0,5598
2016-01-15 09:40:19,IC1601,IC1601,6095.4,1.0,1219080.0,-1.0,3,6095.0,6098.2,3,6078.0,6052.4,6104.4,6043.0,640.0,777798040.0,5597
2016-01-15 09:40:19,IC1601,IC1601,6095.0,2.0,2438000.0,-2.0,1,6095.0,6098.2,3,6078.0,6052.4,6104.4,6043.0,642.0,780236040.0,5595
2016-01-15 09:40:21,IC1601,IC1601,6095.0,1.0,1219000.0,-1.0,3,6093.0,6098.2,3,6078.0,6052.4,6104.4,6043.0,643.0,781455040.0,5594
2016-01-15 09:40:22,IC1601,IC1601,6095.0,0.0,0.0,0.0,3,6093.0,6097.8,1,6078.0,6052.4,6104.4,6043.0,643.0,781455040.0,5594
2016-01-15 09:40:23,IC1601,IC1601,6098.2,3.0,3658840.0,-3.0,3,6093.0,6098.2,1,6078.0,6052.4,6104.4,6043.0,646.0,785113880.0,5591
2016-01-15 09:40:24,IC1601,IC1601,6098.2,0.0,0.0,0.0,2,6096.0,6098.2,1,6078.0,6052.4,6104.4,6043.0,646.0,785113880.0,5591
2016-01-15 09:40:27,IC1601,IC1601,6096.0,1.0,1219200.0,0.0,1,6096.0,6098.2,4,6078.0,6052.4,6104.4,6043.0,647.0,786333080.0,5591
2016-01-15 09:40:28,IC1601,IC1601,6098.2,1.0,1219640.0,0.0,1,6096.0,6098.2,3,6078.0,6052.4,6104.4,6043.0,648.0,787552720.0,5591
2016-01-15 09:40:29,IC1601,IC1601,6098.2,2.0,2439280.0,-2.0,1,6097.0,6098.2,2,6078.0,6052.4,6104.4,6043.0,650.0,789992000.0,5589
2016-01-15 09:40:29,IC1601,IC1601,6097.0,1.0,1219400.0,0.0,1,6096.0,6098.2,2,6078.0,6052.4,6104.4,6043.0,651.0,791211400.0,5589
2016-01-15 09:40:30,IC1601,IC1601,6097.0,0.0,0.0,0.0,1,6096.0,6096.6,1,6078.0,6052.4,6104.4,6043.0,651.0,791211400.0,5589
2016-01-15 09:40:30,IC1601,IC1601,6097.0,0.0,0.0,0.0,1,6096.0,6098.2,2,6078.0,6052.4,6104.4,6043.0,651.0,791211400.0,5589
2016-01-15 09:40:31,IC1601,IC1601,6098.2,2.0,2439280.0,-2.0,1,6096.0,6098.2,1,6078.0,6052.4,6104.4,6043.0,653.0,793650680.0,5587
2016-01-15 09:40:32,IC1601,IC1601,6096.0,1.0,1219200.0,-1.0,1,6093.2,6096.0,2,6078.0,6052.4,6104.4,6043.0,654.0,794869880.0,5586
2016-01-15 09:40:33,IC1601,IC1601,6096.0,0.0,0.0,0.0,1,6093.2,6095.6,1,6078.0,6052.4,6104.4,6043.0,654.0,794869880.0,5586
2016-01-15 09:40:33,IC1601,IC1601,6096.0,0.0,0.0,0.0,1,6093.4,6096.0,3,6078.0,6052.4,6104.4,6043.0,654.0,794869880.0,5586
2016-01-15 09:40:35,IC1601,IC1601,6098.0,4.0,4877200.0,-4.0,1,6098.0,6098.2,1,6078.0,6052.4,6104.4,6043.0,658.0,799747080.0,5582
2016-01-15 09:40:36,IC1601,IC1601,6098.0,0.0,0.0,0.0,1,6093.4,6097.6,1,6078.0,6052.4,6104.4,6043.0,658.0,799747080.0,5582
2016-01-15 09:40:36,IC1601,IC1601,6098.0,0.0,0.0,0.0,1,6093.4,6098.2,1,6078.0,6052.4,6104.4,6043.0,658.0,799747080.0,5582
2016-01-15 09:40:37,IC1601,IC1601,6098.0,0.0,0.0,0.0,1,6094.0,6098.2,1,6078.0,6052.4,6104.4,6043.0,658.0,799747080.0,5582
2016-01-15 09:40:38,IC1601,IC1601,6098.2,3.0,3658920.0,-3.0,1,6094.0,6100.0,2,6078.0,6052.4,6104.4,6043.0,661.0,803406000.0,5579
2016-01-15 09:40:38,IC1601,IC1601,6094.0,1.0,1218800.0,-1.0,4,6093.4,6099.6,1,6078.0,6052.4,6104.4,6043.0,662.0,804624800.0,5578
2016-01-15 09:40:39,IC1601,IC1601,6094.0,0.0,0.0,0.0,4,6093.4,6099.4,1,6078.0,6052.4,6104.4,6043.0,662.0,804624800.0,5578
2016-01-15 09:40:40,IC1601,IC1601,6094.0,0.0,0.0,0.0,4,6093.4,6098.8,1,6078.0,6052.4,6104.4,6043.0,662.0,804624800.0,5578
2016-01-15 09:40:40,IC1601,IC1601,6094.0,0.0,0.0,0.0,4,6093.4,6098.6,1,6078.0,6052.4,6104.4,6043.0,662.0,804624800.0,5578
2016-01-15 09:40:41,IC1601,IC1601,6093.4,1.0,1218680.0,-1.0,3,6093.4,6098.2,1,6078.0,6052.4,6104.4,6043.0,663.0,805843480.0,5577
2016-01-15 09:40:45,IC1601,IC1601,6093.4,0.0,0.0,0.0,1,6094.2,6098.2,1,6078.0,6052.4,6104.4,6043.0,663.0,805843480.0,5577
2016-01-15 09:40:45,IC1601,IC1601,6093.4,0.0,0.0,0.0,1,6094.2,6097.6,1,6078.0,6052.4,6104.4,6043.0,663.0,805843480.0,5577
2016-01-15 09:40:46,IC1601,IC1601,6093.4,0.0,0.0,0.0,1,6094.2,6097.2,1,6078.0,6052.4,6104.4,6043.0,663.0,805843480.0,5577
2016-01-15 09:40:49,IC1601,IC1601,6093.4,0.0,0.0,0.0,1,6097.0,6097.2,1,6078.0,6052.4,6104.4,6043.0,663.0,805843480.0,5577
2016-01-15 09:40:49,IC1601,IC1601,6093.4,0.0,0.0,0.0,1,6097.0,6097.6,1,6078.0,6052.4,6104.4,6043.0,663.0,805843480.0,5577
2016-01-15 09:40:50,IC1601,IC1601,6096.8,1.0,1219360.0,-1.0,1,6094.2,6097.0,1,6078.0,6052.4,6104.4,6043.0,664.0,807062840.0,5576
2016-01-15 09:40:51,IC1601,IC1601,6097.6,2.0,2438920.0,-2.0,1,6094.2,6097.8,2,6078.0,6052.4,6104.4,6043.0,666.0,809501760.0,5574
2016-01-15 09:40:52,IC1601,IC1601,6097.6,0.0,0.0,0.0,1,6094.2,6097.6,1,6078.0,6052.4,6104.4,6043.0,666.0,809501760.0,5574
2016-01-15 09:40:52,IC1601,IC1601,6097.6,0.0,0.0,0.0,1,6094.2,6095.0,1,6078.0,6052.4,6104.4,6043.0,666.0,809501760.0,5574
2016-01-15 09:40:53,IC1601,IC1601,6097.0,3.0,3658200.0,-3.0,3,6097.0,6097.6,1,6078.0,6052.4,6104.4,6043.0,669.0,813159960.0,5571
2016-01-15 09:40:53,IC1601,IC1601,6097.0,1.0,1219400.0,-1.0,1,6094.2,6097.6,1,6078.0,6052.4,6104.4,6043.0,670.0,814379360.0,5570
2016-01-15 09:40:54,IC1601,IC1601,6097.0,0.0,0.0,0.0,1,6095.0,6097.6,1,6078.0,6052.4,6104.4,6043.0,670.0,814379360.0,5570
2016-01-15 09:40:55,IC1601,IC1601,6094.2,3.0,3656680.0,-3.0,1,6095.0,6097.6,1,6078.0,6052.4,6104.4,6043.0,673.0,818036040.0,5567
2016-01-15 09:40:56,IC1601,IC1601,6097.6,1.0,1219520.0,-1.0,1,6095.0,6097.8,2,6078.0,6052.4,6104.4,6043.0,674.0,819255560.0,5566
2016-01-15 09:40:57,IC1601,IC1601,6095.4,1.0,1219080.0,-1.0,3,6095.0,6097.8,2,6078.0,6052.4,6104.4,6043.0,675.0,820474640.0,5565
2016-01-15 09:40:58,IC1601,IC1601,6097.8,2.0,2439120.0,0.0,3,6095.0,6098.0,2,6078.0,6052.4,6104.4,6043.0,677.0,822913760.0,5565
2016-01-15 09:41:00,IC1601,IC1601,6095.0,1.0,1219000.0,0.0,2,6095.0,6098.0,2,6078.0,6052.4,6104.4,6043.0,678.0,824132760.0,5565
2016-01-15 09:41:01,IC1601,IC1601,6095.0,1.0,1219000.0,-1.0,1,6095.0,6097.6,1,6078.0,6052.4,6104.4,6043.0,679.0,825351760.0,5564
2016-01-15 09:41:01,IC1601,IC1601,6097.6,1.0,1219520.0,-1.0,1,6097.8,6098.0,2,6078.0,6052.4,6104.4,6043.0,680.0,826571280.0,5563
2016-01-15 09:41:02,IC1601,IC1601,6097.6,1.0,1219520.0,-1.0,1,6095.0,6098.0,2,6078.0,6052.4,6104.4,6043.0,681.0,827790800.0,5562
2016-01-15 09:41:03,IC1601,IC1601,6097.6,0.0,0.0,0.0,1,6095.0,6097.8,1,6078.0,6052.4,6104.4,6043.0,681.0,827790800.0,5562
2016-01-15 09:41:05,IC1601,IC1601,6097.6,0.0,0.0,0.0,1,6095.2,6097.8,1,6078.0,6052.4,6104.4,6043.0,681.0,827790800.0,5562
2016-01-15 09:41:06,IC1601,IC1601,6097.6,0.0,0.0,0.0,1,6095.6,6097.8,1,6078.0,6052.4,6104.4,6043.0,681.0,827790800.0,5562
2016-01-15 09:41:06,IC1601,IC1601,6097.6,0.0,0.0,0.0,1,6096.2,6097.8,1,6078.0,6052.4,6104.4,6043.0,681.0,827790800.0,5562
2016-01-15 09:41:07,IC1601,IC1601,6096.2,1.0,1219240.0,-1.0,1,6095.6,6097.8,1,6078.0,6052.4,6104.4,6043.0,682.0,829010040.0,5561
2016-01-15 09:41:08,IC1601,IC1601,6096.2,0.0,0.0,0.0,1,6095.6,6097.4,1,6078.0,6052.4,6104.4,6043.0,682.0,829010040.0,5561
2016-01-15 09:41:12,IC1601,IC1601,6096.2,0.0,0.0,0.0,2,6096.2,6097.4,1,6078.0,6052.4,6104.4,6043.0,682.0,829010040.0,5561
2016-01-15 09:41:15,IC1601,IC1601,6096.2,0.0,0.0,0.0,1,6095.8,6097.4,1,6078.0,6052.4,6104.4,6043.0,682.0,829010040.0,5561
2016-01-15 09:41:16,IC1601,IC1601,6097.4,1.0,1219480.0,-1.0,1,6097.4,6097.8,1,6078.0,6052.4,6104.4,6043.0,683.0,830229520.0,5560
2016-01-15 09:41:16,IC1601,IC1601,6097.8,1.0,1219560.0,-1.0,2,6097.4,6098.0,3,6078.0,6052.4,6104.4,6043.0,684.0,831449080.0,5559
2016-01-15 09:41:17,IC1601,IC1601,6098.0,1.0,1219600.0,-1.0,2,6097.4,6098.0,2,6078.0,6052.4,6104.4,6043.0,685.0,832668680.0,5558
2016-01-15 09:41:19,IC1601,IC1601,6098.0,1.0,1219600.0,-1.0,2,6097.4,6098.0,1,6078.0,6052.4,6104.4,6043.0,686.0,833888280.0,5557
2016-01-15 09:41:20,IC1601,IC1601,6098.0,0.0,0.0,0.0,1,6097.4,6098.0,1,6078.0,6052.4,6104.4,6043.0,686.0,833888280.0,5557
2016-01-15 09:41:20,IC1601,IC1601,6098.0,2.0,2439200.0,-2.0,1,6097.4,6100.0,2,6078.0,6052.4,6104.4,6043.0,688.0,836327480.0,5555
2016-01-15 09:41:22,IC1601,IC1601,6097.4,1.0,1219480.0,-1.0,1,6095.8,6100.0,2,6078.0,6052.4,6104.4,6043.0,689.0,837546960.0,5554
2016-01-15 09:41:24,IC1601,IC1601,6097.4,0.0,0.0,0.0,1,6096.4,6100.0,2,6078.0,6052.4,6104.4,6043.0,689.0,837546960.0,5554
2016-01-15 09:41:24,IC1601,IC1601,6097.4,0.0,0.0,0.0,1,6096.8,6100.0,2,6078.0,6052.4,6104.4,6043.0,689.0,837546960.0,5554
2016-01-15 09:41:25,IC1601,IC1601,6096.8,2.0,2439360.0,-2.0,1,6096.4,6100.0,1,6078.0,6052.4,6104.4,6043.0,691.0,839986320.0,5552
2016-01-15 09:41:25,IC1601,IC1601,6100.0,2.0,2439280.0,-2.0,1,6095.8,6103.8,1,6078.0,6052.4,6104.4,6043.0,693.0,842425600.0,5550
2016-01-15 09:41:26,IC1601,IC1601,6095.4,2.0,2438240.0,-2.0,1,6095.2,6103.4,1,6078.0,6052.4,6104.4,6043.0,695.0,844863840.0,5548
2016-01-15 09:41:26,IC1601,IC1601,6095.4,0.0,0.0,0.0,1,6095.2,6103.0,1,6078.0,6052.4,6104.4,6043.0,695.0,844863840.0,5548
2016-01-15 09:41:27,IC1601,IC1601,6102.6,1.0,1220520.0,-1.0,1,6095.4,6103.8,1,6078.0,6052.4,6104.4,6043.0,696.0,846084360.0,5547
2016-01-15 09:41:27,IC1601,IC1601,6103.8,1.0,1220760.0,0.0,1,6095.4,6105.0,5,6078.0,6052.4,6104.4,6043.0,697.0,847305120.0,5547
2016-01-15 09:41:28,IC1601,IC1601,6105.0,1.0,1221000.0,-1.0,1,6095.4,6105.0,4,6078.0,6052.4,6105.0,6043.0,698.0,848526120.0,5546
2016-01-15 09:41:29,IC1601,IC1601,6105.0,1.0,1221000.0,0.0,1,6095.4,6104.8,1,6078.0,6052.4,6105.0,6043.0,699.0,849747120.0,5546
2016-01-15 09:41:29,IC1601,IC1601,6095.4,2.0,2440040.0,-2.0,1,6095.8,6105.0,3,6078.0,6052.4,6105.0,6043.0,701.0,852187160.0,5544
2016-01-15 09:41:30,IC1601,IC1601,6104.6,2.0,2441800.0,-2.0,1,6096.0,6100.0,2,6078.0,6052.4,6105.0,6043.0,703.0,854628960.0,5542
2016-01-15 09:41:30,IC1601,IC1601,6104.6,0.0,0.0,0.0,1,6096.0,6097.4,2,6078.0,6052.4,6105.0,6043.0,703.0,854628960.0,5542
2016-01-15 09:41:31,IC1601,IC1601,6095.2,2.0,2438240.0,-2.0,1,6094.6,6097.4,2,6078.0,6052.4,6105.0,6043.0,705.0,857067200.0,5540
2016-01-15 09:41:32,IC1601,IC1601,6095.2,0.0,0.0,0.0,2,6094.8,6097.4,2,6078.0,6052.4,6105.0,6043.0,705.0,857067200.0,5540
2016-01-15 09:41:32,IC1601,IC1601,6095.2,0.0,0.0,0.0,1,6095.2,6097.4,2,6078.0,6052.4,6105.0,6043.0,705.0,857067200.0,5540
2016-01-15 09:41:33,IC1601,IC1601,6094.6,2.0,2437960.0,-2.0,3,6094.4,6097.4,2,6078.0,6052.4,6105.0,6043.0,707.0,859505160.0,5538
2016-01-15 09:41:34,IC1601,IC1601,6094.4,1.0,1218880.0,-1.0,2,6094.4,6097.4,2,6078.0,6052.4,6105.0,6043.0,708.0,860724040.0,5537
2016-01-15 09:41:34,IC1601,IC1601,6094.4,0.0,0.0,0.0,2,6094.4,6096.4,1,6078.0,6052.4,6105.0,6043.0,708.0,860724040.0,5537
2016-01-15 09:41:35,IC1601,IC1601,6094.4,0.0,0.0,0.0,1,6095.8,6096.4,1,6078.0,6052.4,6105.0,6043.0,708.0,860724040.0,5537
2016-01-15 09:41:35,IC1601,IC1601,6095.8,2.0,2438440.0,-1.0,2,6094.4,6097.4,2,6078.0,6052.4,6105.0,6043.0,710.0,863162480.0,5536
2016-01-15 09:41:36,IC1601,IC1601,6094.4,1.0,1218880.0,-1.0,1,6094.4,6097.4,2,6078.0,6052.4,6105.0,6043.0,711.0,864381360.0,5535
2016-01-15 09:41:37,IC1601,IC1601,6095.8,1.0,1219160.0,-1.0,1,6096.4,6097.4,2,6078.0,6052.4,6105.0,6043.0,712.0,865600520.0,5534
2016-01-15 09:41:37,IC1601,IC1601,6095.8,1.0,1219160.0,-1.0,1,6094.4,6097.4,2,6078.0,6052.4,6105.0,6043.0,713.0,866819680.0,5533
2016-01-15 09:41:38,IC1601,IC1601,6095.8,0.0,0.0,0.0,1,6094.8,6097.4,2,6078.0,6052.4,6105.0,6043.0,713.0,866819680.0,5533
2016-01-15 09:41:42,IC1601,IC1601,6094.8,1.0,1218960.0,-1.0,1,6094.4,6094.8,1,6078.0,6052.4,6105.0,6043.0,714.0,868038640.0,5532
2016-01-15 09:41:43,IC1601,IC1601,6093.6,2.0,2437600.0,-2.0,3,6093.4,6094.8,1,6078.0,6052.4,6105.0,6043.0,716.0,870476240.0,5530
2016-01-15 09:41:45,IC1601,IC1601,6093.6,0.0,0.0,0.0,2,6093.6,6094.8,1,6078.0,6052.4,6105.0,6043.0,716.0,870476240.0,5530
2016-01-15 09:41:45,IC1601,IC1601,6093.6,0.0,0.0,0.0,2,6093.6,6094.4,1,6078.0,6052.4,6105.0,6043.0,716.0,870476240.0,5530
2016-01-15 09:41:49,IC1601,IC1601,6093.6,0.0,0.0,0.0,3,6093.4,6094.4,1,6078.0,6052.4,6105.0,6043.0,716.0,870476240.0,5530
2016-01-15 09:41:49,IC1601,IC1601,6093.4,1.0,1218680.0,-1.0,2,6093.4,6094.4,1,6078.0,6052.4,6105.0,6043.0,717.0,871694920.0,5529
2016-01-15 09:41:50,IC1601,IC1601,6094.4,1.0,1218880.0,-1.0,1,6094.4,6094.8,1,6078.0,6052.4,6105.0,6043.0,718.0,872913800.0,5528
2016-01-15 09:41:53,IC1601,IC1601,6094.4,1.0,1218880.0,-1.0,1,6093.6,6094.4,2,6078.0,6052.4,6105.0,6043.0,719.0,874132680.0,5527
2016-01-15 09:41:54,IC1601,IC1601,6094.4,0.0,0.0,0.0,1,6093.6,6094.0,1,6078.0,6052.4,6105.0,6043.0,719.0,874132680.0,5527
2016-01-15 09:41:55,IC1601,IC1601,6093.6,1.0,1218720.0,-1.0,2,6093.4,6094.0,1,6078.0,6052.4,6105.0,6043.0,720.0,875351400.0,5526
2016-01-15 09:41:56,IC1601,IC1601,6093.4,1.0,1218680.0,-1.0,1,6093.4,6094.0,1,6078.0,6052.4,6105.0,6043.0,721.0,876570080.0,5525
2016-01-15 09:41:57,IC1601,IC1601,6093.4,1.0,1218680.0,-1.0,2,6093.8,6094.0,1,6078.0,6052.4,6105.0,6043.0,722.0,877788760.0,5524
2016-01-15 09:42:00,IC1601,IC1601,6093.8,1.0,1218760.0,-1.0,1,6093.8,6094.0,1,6078.0,6052.4,6105.0,6043.0,723.0,879007520.0,5523
2016-01-15 09:42:02,IC1601,IC1601,6093.8,1.0,1218760.0,-1.0,1,6093.2,6094.0,1,6078.0,6052.4,6105.0,6043.0,724.0,880226280.0,5522
2016-01-15 09:42:04,IC1601,IC1601,6094.0,1.0,1218800.0,-1.0,2,6094.0,6094.4,1,6078.0,6052.4,6105.0,6043.0,725.0,881445080.0,5521
2016-01-15 09:42:05,IC1601,IC1601,6094.0,2.0,2437600.0,-2.0,1,6093.2,6094.8,1,6078.0,6052.4,6105.0,6043.0,727.0,883882680.0,5519
2016-01-15 09:42:06,IC1601,IC1601,6094.0,0.0,0.0,0.0,1,6093.4,6094.8,1,6078.0,6052.4,6105.0,6043.0,727.0,883882680.0,5519
2016-01-15 09:42:07,IC1601,IC1601,6094.0,0.0,0.0,0.0,1,6093.4,6093.8,1,6078.0,6052.4,6105.0,6043.0,727.0,883882680.0,5519
2016-01-15 09:42:07,IC1601,IC1601,6094.0,0.0,0.0,0.0,1,6093.2,6093.8,1,6078.0,6052.4,6105.0,6043.0,727.0,883882680.0,5519
2016-01-15 09:42:08,IC1601,IC1601,6093.2,1.0,1218640.0,-1.0,3,6093.0,6093.8,1,6078.0,6052.4,6105.0,6043.0,728.0,885101320.0,5518
2016-01-15 09:42:09,IC1601,IC1601,6093.2,1.0,1218640.0,-1.0,3,6093.0,6093.8,1,6078.0,6052.4,6105.0,6043.0,729.0,886319960.0,5517
2016-01-15 09:42:10,IC1601,IC1601,6093.0,1.0,1218600.0,-1.0,2,6093.0,6093.8,1,6078.0,6052.4,6105.0,6043.0,730.0,887538560.0,5516
2016-01-15 09:42:11,IC1601,IC1601,6093.0,0.0,0.0,0.0,3,6093.0,6093.8,1,6078.0,6052.4,6105.0,6043.0,730.0,887538560.0,5516
2016-01-15 09:42:11,IC1601,IC1601,6093.0,0.0,0.0,0.0,1,6093.2,6093.8,1,6078.0,6052.4,6105.0,6043.0,730.0,887538560.0,5516
2016-01-15 09:42:12,IC1601,IC1601,6093.0,0.0,0.0,0.0,1,6093.4,6093.8,1,6078.0,6052.4,6105.0,6043.0,730.0,887538560.0,5516
2016-01-15 09:42:14,IC1601,IC1601,6093.8,4.0,4874560.0,-4.0,3,6093.8,6094.8,1,6078.0,6052.4,6105.0,6043.0,734.0,892413120.0,5512
2016-01-15 09:42:16,IC1601,IC1601,6093.8,0.0,0.0,0.0,4,6093.8,6094.8,1,6078.0,6052.4,6105.0,6043.0,734.0,892413120.0,5512
2016-01-15 09:42:19,IC1601,IC1601,6094.8,1.0,1218960.0,-1.0,1,6094.8,6095.0,3,6078.0,6052.4,6105.0,6043.0,735.0,893632080.0,5511
