time,symbol_id,symbol_name,last,trade_volume,trade_amount,open_interest_change,bv1,bp1,ap1,av1,yesterday_close,today_open,today_high,today_low,volume,amount,open_interest
2023-05-10 21:00:19,pg2403-C-4400,pg2403-C-4400,330.8,0.0,0.0,0.0,1,69.0,0.0,0,330.8,0.0,0.0,0.0,0.0,0.0,0
2023-05-10 21:02:03,pg2403-C-4400,pg2403-C-4400,330.8,0.0,0.0,0.0,1,71.6,0.0,0,330.8,0.0,0.0,0.0,0.0,0.0,0
2023-05-10 21:02:18,pg2403-C-4400,pg2403-C-4400,330.8,0.0,0.0,0.0,1,71.8,0.0,0,330.8,0.0,0.0,0.0,0.0,0.0,0
2023-05-10 21:03:58,pg2403-C-4400,pg2403-C-4400,330.8,0.0,0.0,0.0,1,74.4,0.0,0,330.8,0.0,0.0,0.0,0.0,0.0,0
2023-05-10 21:32:18,pg2403-C-4400,pg2403-C-4400,330.8,0.0,0.0,0.0,1,74.6,0.0,0,330.8,0.0,0.0,0.0,0.0,0.0,0
2023-05-10 21:32:19,pg2403-C-4400,pg2403-C-4400,330.8,0.0,0.0,0.0,1,77.2,0.0,0,330.8,0.0,0.0,0.0,0.0,0.0,0
2023-05-10 22:02:18,pg2403-C-4400,pg2403-C-4400,330.8,0.0,0.0,0.0,1,77.4,0.0,0,330.8,0.0,0.0,0.0,0.0,0.0,0
2023-05-10 22:02:19,pg2403-C-4400,pg2403-C-4400,330.8,0.0,0.0,0.0,1,80.0,0.0,0,330.8,0.0,0.0,0.0,0.0,0.0,0
2023-05-10 22:14:51,pg2403-C-4400,pg2403-C-4400,330.8,0.0,0.0,0.0,2,318.8,349.2,2,330.8,0.0,0.0,0.0,0.0,0.0,0
2023-05-10 22:14:53,pg2403-C-4400,pg2403-C-4400,330.8,0.0,0.0,0.0,2,318.8,338.4,1,330.8,0.0,0.0,0.0,0.0,0.0,0
2023-05-10 22:14:53,pg2403-C-4400,pg2403-C-4400,330.8,0.0,0.0,0.0,2,318.8,338.4,2,330.8,0.0,0.0,0.0,0.0,0.0,0
2023-05-10 22:14:56,pg2403-C-4400,pg2403-C-4400,330.8,0.0,0.0,0.0,3,318.8,338.4,3,330.8,0.0,0.0,0.0,0.0,0.0,0
2023-05-10 22:15:02,pg2403-C-4400,pg2403-C-4400,330.8,0.0,0.0,0.0,2,318.8,338.4,3,330.8,0.0,0.0,0.0,0.0,0.0,0
2023-05-10 22:15:04,pg2403-C-4400,pg2403-C-4400,330.8,0.0,0.0,0.0,2,318.8,338.4,2,330.8,0.0,0.0,0.0,0.0,0.0,0
2023-05-10 22:15:06,pg2403-C-4400,pg2403-C-4400,330.8,0.0,0.0,0.0,1,318.8,338.4,1,330.8,0.0,0.0,0.0,0.0,0.0,0
2023-05-10 22:15:09,pg2403-C-4400,pg2403-C-4400,330.8,0.0,0.0,0.0,1,77.4,0.0,0,330.8,0.0,0.0,0.0,0.0,0.0,0
2023-05-10 22:15:09,pg2403-C-4400,pg2403-C-4400,330.8,0.0,0.0,0.0,1,80.0,0.0,0,330.8,0.0,0.0,0.0,0.0,0.0,0
2023-05-10 22:15:12,pg2403-C-4400,pg2403-C-4400,330.8,0.0,0.0,0.0,1,82.6,0.0,0,330.8,0.0,0.0,0.0,0.0,0.0,0
2023-05-10 22:57:32,pg2403-C-4400,pg2403-C-4400,330.8,0.0,0.0,0.0,1,77.4,0.0,0,330.8,0.0,0.0,0.0,0.0,0.0,0
2023-05-11 09:01:24,pg2403-C-4400,pg2403-C-4400,330.8,0.0,0.0,0.0,1,80.0,0.0,0,330.8,0.0,0.0,0.0,0.0,0.0,0
2023-05-11 09:01:38,pg2403-C-4400,pg2403-C-4400,330.8,0.0,0.0,0.0,1,80.2,0.0,0,330.8,0.0,0.0,0.0,0.0,0.0,0
2023-05-11 09:03:17,pg2403-C-4400,pg2403-C-4400,330.8,0.0,0.0,0.0,1,82.8,0.0,0,330.8,0.0,0.0,0.0,0.0,0.0,0
2023-05-11 10:02:04,pg2403-C-4400,pg2403-C-4400,330.8,0.0,0.0,0.0,1,83.0,0.0,0,330.8,0.0,0.0,0.0,0.0,0.0,0
2023-05-11 10:02:05,pg2403-C-4400,pg2403-C-4400,330.8,0.0,0.0,0.0,1,85.6,0.0,0,330.8,0.0,0.0,0.0,0.0,0.0,0
2023-05-11 10:12:32,pg2403-C-4400,pg2403-C-4400,330.8,0.0,0.0,0.0,1,83.0,0.0,0,330.8,0.0,0.0,0.0,0.0,0.0,0
2023-05-11 10:30:11,pg2403-C-4400,pg2403-C-4400,330.8,0.0,0.0,0.0,1,85.6,0.0,0,330.8,0.0,0.0,0.0,0.0,0.0,0
2023-05-11 10:56:56,pg2403-C-4400,pg2403-C-4400,330.8,0.0,0.0,0.0,1,85.8,0.0,0,330.8,0.0,0.0,0.0,0.0,0.0,0
2023-05-11 10:57:04,pg2403-C-4400,pg2403-C-4400,330.8,0.0,0.0,0.0,1,88.4,0.0,0,330.8,0.0,0.0,0.0,0.0,0.0,0
2023-05-11 11:27:28,pg2403-C-4400,pg2403-C-4400,330.8,0.0,0.0,0.0,1,85.8,0.0,0,330.8,0.0,0.0,0.0,0.0,0.0,0
2023-05-11 11:29:43,pg2403-C-4400,pg2403-C-4400,330.8,0.0,0.0,0.0,0,0.0,0.0,0,330.8,0.0,0.0,0.0,0.0,0.0,0
2023-05-11 13:31:30,pg2403-C-4400,pg2403-C-4400,330.8,0.0,0.0,0.0,1,39.4,0.0,0,330.8,0.0,0.0,0.0,0.0,0.0,0
2023-05-11 13:51:03,pg2403-C-4400,pg2403-C-4400,330.8,0.0,0.0,0.0,1,39.6,0.0,0,330.8,0.0,0.0,0.0,0.0,0.0,0
2023-05-11 13:51:04,pg2403-C-4400,pg2403-C-4400,330.8,0.0,0.0,0.0,1,42.2,0.0,0,330.8,0.0,0.0,0.0,0.0,0.0,0
2023-05-11 15:01:10,pg2403-C-4400,pg2403-C-4400,330.8,0.0,0.0,0.0,1,42.2,0.0,0,330.8,0.0,0.0,0.0,0.0,0.0,0
