time,symbol_id,symbol_name,last,trade_volume,trade_amount,open_interest_change,bv1,bp1,ap1,av1,yesterday_close,today_open,today_high,today_low,volume,amount,open_interest
2023-05-11 08:35:21,OP10005338,50ETF沽12月2400,0.0,0.0,0.0,0.0,0,0.0,0.0,0,0.029,0.0281,0.0,0.0,0.0,0.0,3939
2023-05-11 09:24:57,OP10005338,50ETF沽12月2400,0.0,0.0,0.0,0.0,1,0.0271,0.0294,1,0.029,0.0281,0.0,0.0,0.0,0.0,3939
2023-05-11 09:29:57,OP10005338,50ETF沽12月2400,0.0,0.0,0.0,0.0,2,0.0269,0.029,1,0.029,0.0281,0.0,0.0,0.0,0.0,3939
2023-05-11 09:29:57,OP10005338,50ETF沽12月2400,0.0,0.0,0.0,0.0,10,0.0272,0.029,1,0.029,0.0281,0.0,0.0,0.0,0.0,3939
2023-05-11 09:29:57,OP10005338,50ETF沽12月2400,0.0,0.0,0.0,0.0,1,0.0275,0.0289,10,0.029,0.0281,0.0,0.0,0.0,0.0,3939
2023-05-11 09:29:57,OP10005338,50ETF沽12月2400,0.0,0.0,0.0,0.0,10,0.0276,0.0289,10,0.029,0.0281,0.0,0.0,0.0,0.0,3939
2023-05-11 09:29:57,OP10005338,50ETF沽12月2400,0.0,0.0,0.0,0.0,30,0.0276,0.0289,10,0.029,0.0281,0.0,0.0,0.0,0.0,3939
2023-05-11 09:29:57,OP10005338,50ETF沽12月2400,0.0,0.0,0.0,0.0,10,0.0277,0.0289,10,0.029,0.0281,0.0,0.0,0.0,0.0,3939
2023-05-11 09:30:02,OP10005338,50ETF沽12月2400,0.0,0.0,0.0,0.0,10,0.0277,0.0289,10,0.029,0.0281,0.0,0.0,0.0,0.0,3939
2023-05-11 09:30:05,OP10005338,50ETF沽12月2400,0.0,0.0,0.0,0.0,10,0.0277,0.0289,10,0.029,0.0281,0.0,0.0,0.0,0.0,3939
2023-05-11 09:30:08,OP10005338,50ETF沽12月2400,0.0,0.0,0.0,0.0,10,0.0277,0.029,1,0.029,0.0281,0.0,0.0,0.0,0.0,3939
2023-05-11 09:30:08,OP10005338,50ETF沽12月2400,0.0,0.0,0.0,0.0,10,0.0278,0.029,11,0.029,0.0281,0.0,0.0,0.0,0.0,3939
2023-05-11 09:30:08,OP10005338,50ETF沽12月2400,0.0,0.0,0.0,0.0,10,0.0279,0.0289,10,0.029,0.0281,0.0,0.0,0.0,0.0,3939
2023-05-11 09:30:08,OP10005338,50ETF沽12月2400,0.0,0.0,0.0,0.0,10,0.028,0.0289,20,0.029,0.0281,0.0,0.0,0.0,0.0,3939
2023-05-11 09:30:08,OP10005338,50ETF沽12月2400,0.0,0.0,0.0,0.0,10,0.0281,0.0288,20,0.029,0.0281,0.0,0.0,0.0,0.0,3939
2023-05-11 09:30:08,OP10005338,50ETF沽12月2400,0.0,0.0,0.0,0.0,10,0.0281,0.0288,10,0.029,0.0281,0.0,0.0,0.0,0.0,3939
2023-05-11 09:30:11,OP10005338,50ETF沽12月2400,0.0,0.0,0.0,0.0,10,0.0281,0.0288,20,0.029,0.0281,0.0,0.0,0.0,0.0,3939
2023-05-11 09:30:11,OP10005338,50ETF沽12月2400,0.0,0.0,0.0,0.0,10,0.0281,0.0287,10,0.029,0.0281,0.0,0.0,0.0,0.0,3939
2023-05-11 09:30:11,OP10005338,50ETF沽12月2400,0.0,0.0,0.0,0.0,10,0.0281,0.0288,10,0.029,0.0281,0.0,0.0,0.0,0.0,3939
2023-05-11 09:30:14,OP10005338,50ETF沽12月2400,0.0,0.0,0.0,0.0,10,0.0281,0.0289,20,0.029,0.0281,0.0,0.0,0.0,0.0,3939
2023-05-11 09:30:15,OP10005338,50ETF沽12月2400,0.0281,10.0,2810.0,-10.0,30,0.028,0.0281,10,0.029,0.0281,0.0281,0.0281,10.0,2810.0,3929
2023-05-11 09:30:16,OP10005338,50ETF沽12月2400,0.0281,10.0,2810.0,-10.0,10,0.0281,0.0288,10,0.029,0.0281,0.0281,0.0281,20.0,5620.0,3919
2023-05-11 09:30:16,OP10005338,50ETF沽12月2400,0.0281,0.0,0.0,0.0,10,0.0281,0.0288,10,0.029,0.0281,0.0281,0.0281,20.0,5620.0,3919
2023-05-11 09:30:17,OP10005338,50ETF沽12月2400,0.0281,0.0,0.0,0.0,10,0.0281,0.0289,20,0.029,0.0281,0.0281,0.0281,20.0,5620.0,3919
2023-05-11 09:30:17,OP10005338,50ETF沽12月2400,0.0281,0.0,0.0,0.0,10,0.0281,0.0288,10,0.029,0.0281,0.0281,0.0281,20.0,5620.0,3919
2023-05-11 09:30:19,OP10005338,50ETF沽12月2400,0.0281,0.0,0.0,0.0,10,0.0281,0.0288,20,0.029,0.0281,0.0281,0.0281,20.0,5620.0,3919
2023-05-11 09:30:20,OP10005338,50ETF沽12月2400,0.0281,0.0,0.0,0.0,10,0.0281,0.0289,20,0.029,0.0281,0.0281,0.0281,20.0,5620.0,3919
2023-05-11 09:30:20,OP10005338,50ETF沽12月2400,0.0281,0.0,0.0,0.0,20,0.0281,0.0288,10,0.029,0.0281,0.0281,0.0281,20.0,5620.0,3919
2023-05-11 09:30:21,OP10005338,50ETF沽12月2400,0.0281,0.0,0.0,0.0,10,0.0282,0.0289,20,0.029,0.0281,0.0281,0.0281,20.0,5620.0,3919
2023-05-11 09:30:21,OP10005338,50ETF沽12月2400,0.0281,0.0,0.0,0.0,20,0.0282,0.0288,10,0.029,0.0281,0.0281,0.0281,20.0,5620.0,3919
2023-05-11 09:30:22,OP10005338,50ETF沽12月2400,0.0281,0.0,0.0,0.0,30,0.0282,0.0289,10,0.029,0.0281,0.0281,0.0281,20.0,5620.0,3919
2023-05-11 09:30:22,OP10005338,50ETF沽12月2400,0.0281,0.0,0.0,0.0,30,0.0282,0.0289,10,0.029,0.0281,0.0281,0.0281,20.0,5620.0,3919
2023-05-11 09:30:24,OP10005338,50ETF沽12月2400,0.0281,0.0,0.0,0.0,10,0.0283,0.0289,10,0.029,0.0281,0.0281,0.0281,20.0,5620.0,3919
2023-05-11 09:30:25,OP10005338,50ETF沽12月2400,0.0281,0.0,0.0,0.0,30,0.0282,0.0289,10,0.029,0.0281,0.0281,0.0281,20.0,5620.0,3919
2023-05-11 09:30:26,OP10005338,50ETF沽12月2400,0.0281,0.0,0.0,0.0,20,0.0282,0.0289,20,0.029,0.0281,0.0281,0.0281,20.0,5620.0,3919
2023-05-11 09:30:27,OP10005338,50ETF沽12月2400,0.0281,0.0,0.0,0.0,20,0.0282,0.0288,10,0.029,0.0281,0.0281,0.0281,20.0,5620.0,3919
2023-05-11 09:30:27,OP10005338,50ETF沽12月2400,0.0281,0.0,0.0,0.0,30,0.0282,0.0289,10,0.029,0.0281,0.0281,0.0281,20.0,5620.0,3919
2023-05-11 09:30:29,OP10005338,50ETF沽12月2400,0.0281,0.0,0.0,0.0,30,0.0282,0.0289,20,0.029,0.0281,0.0281,0.0281,20.0,5620.0,3919
2023-05-11 09:30:29,OP10005338,50ETF沽12月2400,0.0281,0.0,0.0,0.0,30,0.0282,0.0288,10,0.029,0.0281,0.0281,0.0281,20.0,5620.0,3919
2023-05-11 09:30:30,OP10005338,50ETF沽12月2400,0.0281,0.0,0.0,0.0,30,0.0282,0.0289,10,0.029,0.0281,0.0281,0.0281,20.0,5620.0,3919
2023-05-11 09:30:30,OP10005338,50ETF沽12月2400,0.0281,0.0,0.0,0.0,10,0.0283,0.0289,10,0.029,0.0281,0.0281,0.0281,20.0,5620.0,3919
2023-05-11 09:30:32,OP10005338,50ETF沽12月2400,0.0281,0.0,0.0,0.0,10,0.0283,0.0289,10,0.029,0.0281,0.0281,0.0281,20.0,5620.0,3919
2023-05-11 09:30:34,OP10005338,50ETF沽12月2400,0.0289,10.0,2890.0,10.0,10,0.0283,0.029,1,0.029,0.0281,0.0289,0.0281,30.0,8510.0,3929
2023-05-11 09:30:34,OP10005338,50ETF沽12月2400,0.0289,0.0,0.0,0.0,10,0.0283,0.0289,10,0.029,0.0281,0.0289,0.0281,30.0,8510.0,3929
2023-05-11 09:30:34,OP10005338,50ETF沽12月2400,0.0289,0.0,0.0,0.0,10,0.0283,0.0289,10,0.029,0.0281,0.0289,0.0281,30.0,8510.0,3929
2023-05-11 09:30:35,OP10005338,50ETF沽12月2400,0.0289,0.0,0.0,0.0,10,0.0283,0.0289,10,0.029,0.0281,0.0289,0.0281,30.0,8510.0,3929
2023-05-11 09:30:37,OP10005338,50ETF沽12月2400,0.0289,10.0,2890.0,10.0,10,0.0283,0.029,11,0.029,0.0281,0.0289,0.0281,40.0,11400.0,3939
2023-05-11 09:30:38,OP10005338,50ETF沽12月2400,0.0289,0.0,0.0,0.0,20,0.0283,0.029,21,0.029,0.0281,0.0289,0.0281,40.0,11400.0,3939
2023-05-11 09:30:39,OP10005338,50ETF沽12月2400,0.0289,0.0,0.0,0.0,10,0.0284,0.029,21,0.029,0.0281,0.0289,0.0281,40.0,11400.0,3939
2023-05-11 09:30:39,OP10005338,50ETF沽12月2400,0.0289,0.0,0.0,0.0,30,0.0284,0.029,11,0.029,0.0281,0.0289,0.0281,40.0,11400.0,3939
2023-05-11 09:30:40,OP10005338,50ETF沽12月2400,0.0289,0.0,0.0,0.0,10,0.0285,0.029,1,0.029,0.0281,0.0289,0.0281,40.0,11400.0,3939
2023-05-11 09:30:40,OP10005338,50ETF沽12月2400,0.0289,0.0,0.0,0.0,10,0.0285,0.029,1,0.029,0.0281,0.0289,0.0281,40.0,11400.0,3939
2023-05-11 09:30:41,OP10005338,50ETF沽12月2400,0.0289,0.0,0.0,0.0,10,0.0285,0.029,1,0.029,0.0281,0.0289,0.0281,40.0,11400.0,3939
2023-05-11 09:30:42,OP10005338,50ETF沽12月2400,0.0289,0.0,0.0,0.0,10,0.0285,0.029,1,0.029,0.0281,0.0289,0.0281,40.0,11400.0,3939
2023-05-11 09:30:42,OP10005338,50ETF沽12月2400,0.0289,0.0,0.0,0.0,20,0.0285,0.029,1,0.029,0.0281,0.0289,0.0281,40.0,11400.0,3939
2023-05-11 09:30:43,OP10005338,50ETF沽12月2400,0.0289,0.0,0.0,0.0,10,0.0286,0.029,1,0.029,0.0281,0.0289,0.0281,40.0,11400.0,3939
2023-05-11 09:30:43,OP10005338,50ETF沽12月2400,0.0289,0.0,0.0,0.0,20,0.0286,0.029,1,0.029,0.0281,0.0289,0.0281,40.0,11400.0,3939
2023-05-11 09:30:44,OP10005338,50ETF沽12月2400,0.0289,0.0,0.0,0.0,10,0.0287,0.029,1,0.029,0.0281,0.0289,0.0281,40.0,11400.0,3939
2023-05-11 09:30:44,OP10005338,50ETF沽12月2400,0.0289,0.0,0.0,0.0,20,0.0287,0.029,1,0.029,0.0281,0.0289,0.0281,40.0,11400.0,3939
2023-05-11 09:30:45,OP10005338,50ETF沽12月2400,0.029,1.0,290.0,1.0,20,0.0287,0.0293,80,0.029,0.0281,0.029,0.0281,41.0,11690.0,3940
2023-05-11 09:30:45,OP10005338,50ETF沽12月2400,0.029,0.0,0.0,0.0,20,0.0287,0.0293,90,0.029,0.0281,0.029,0.0281,41.0,11690.0,3940
2023-05-11 09:30:46,OP10005338,50ETF沽12月2400,0.029,0.0,0.0,0.0,20,0.0287,0.0292,10,0.029,0.0281,0.029,0.0281,41.0,11690.0,3940
2023-05-11 09:30:46,OP10005338,50ETF沽12月2400,0.029,0.0,0.0,0.0,30,0.0286,0.0292,20,0.029,0.0281,0.029,0.0281,41.0,11690.0,3940
2023-05-11 09:30:47,OP10005338,50ETF沽12月2400,0.029,0.0,0.0,0.0,40,0.0286,0.0291,10,0.029,0.0281,0.029,0.0281,41.0,11690.0,3940
2023-05-11 09:30:47,OP10005338,50ETF沽12月2400,0.029,0.0,0.0,0.0,20,0.0286,0.0291,10,0.029,0.0281,0.029,0.0281,41.0,11690.0,3940
2023-05-11 09:30:48,OP10005338,50ETF沽12月2400,0.029,0.0,0.0,0.0,20,0.0286,0.0291,10,0.029,0.0281,0.029,0.0281,41.0,11690.0,3940
2023-05-11 09:30:48,OP10005338,50ETF沽12月2400,0.029,0.0,0.0,0.0,20,0.0286,0.0291,30,0.029,0.0281,0.029,0.0281,41.0,11690.0,3940
2023-05-11 09:30:49,OP10005338,50ETF沽12月2400,0.029,0.0,0.0,0.0,30,0.0286,0.0291,30,0.029,0.0281,0.029,0.0281,41.0,11690.0,3940
2023-05-11 09:30:49,OP10005338,50ETF沽12月2400,0.029,0.0,0.0,0.0,30,0.0286,0.029,10,0.029,0.0281,0.029,0.0281,41.0,11690.0,3940
2023-05-11 09:30:50,OP10005338,50ETF沽12月2400,0.029,0.0,0.0,0.0,10,0.0287,0.029,10,0.029,0.0281,0.029,0.0281,41.0,11690.0,3940
2023-05-11 09:30:50,OP10005338,50ETF沽12月2400,0.029,0.0,0.0,0.0,10,0.0287,0.029,10,0.029,0.0281,0.029,0.0281,41.0,11690.0,3940
2023-05-11 09:30:51,OP10005338,50ETF沽12月2400,0.029,0.0,0.0,0.0,40,0.0286,0.029,20,0.029,0.0281,0.029,0.0281,41.0,11690.0,3940
2023-05-11 09:30:51,OP10005338,50ETF沽12月2400,0.029,0.0,0.0,0.0,40,0.0286,0.029,20,0.029,0.0281,0.029,0.0281,41.0,11690.0,3940
2023-05-11 09:30:52,OP10005338,50ETF沽12月2400,0.029,0.0,0.0,0.0,30,0.0286,0.029,20,0.029,0.0281,0.029,0.0281,41.0,11690.0,3940
2023-05-11 09:30:52,OP10005338,50ETF沽12月2400,0.029,0.0,0.0,0.0,40,0.0286,0.029,20,0.029,0.0281,0.029,0.0281,41.0,11690.0,3940
2023-05-11 09:30:53,OP10005338,50ETF沽12月2400,0.029,0.0,0.0,0.0,20,0.0286,0.029,20,0.029,0.0281,0.029,0.0281,41.0,11690.0,3940
2023-05-11 09:30:53,OP10005338,50ETF沽12月2400,0.029,0.0,0.0,0.0,30,0.0286,0.029,20,0.029,0.0281,0.029,0.0281,41.0,11690.0,3940
2023-05-11 09:30:55,OP10005338,50ETF沽12月2400,0.029,0.0,0.0,0.0,30,0.0286,0.029,30,0.029,0.0281,0.029,0.0281,41.0,11690.0,3940
2023-05-11 09:30:55,OP10005338,50ETF沽12月2400,0.029,0.0,0.0,0.0,20,0.0286,0.029,20,0.029,0.0281,0.029,0.0281,41.0,11690.0,3940
2023-05-11 09:30:56,OP10005338,50ETF沽12月2400,0.029,0.0,0.0,0.0,30,0.0284,0.0289,10,0.029,0.0281,0.029,0.0281,41.0,11690.0,3940
2023-05-11 09:30:56,OP10005338,50ETF沽12月2400,0.029,0.0,0.0,0.0,30,0.0284,0.0289,30,0.029,0.0281,0.029,0.0281,41.0,11690.0,3940
2023-05-11 09:30:57,OP10005338,50ETF沽12月2400,0.029,0.0,0.0,0.0,30,0.0284,0.0288,10,0.029,0.0281,0.029,0.0281,41.0,11690.0,3940
2023-05-11 09:30:57,OP10005338,50ETF沽12月2400,0.029,0.0,0.0,0.0,40,0.0284,0.0288,20,0.029,0.0281,0.029,0.0281,41.0,11690.0,3940
2023-05-11 09:30:58,OP10005338,50ETF沽12月2400,0.029,0.0,0.0,0.0,40,0.0284,0.0288,20,0.029,0.0281,0.029,0.0281,41.0,11690.0,3940
2023-05-11 09:30:58,OP10005338,50ETF沽12月2400,0.029,0.0,0.0,0.0,40,0.0284,0.0288,10,0.029,0.0281,0.029,0.0281,41.0,11690.0,3940
2023-05-11 09:30:59,OP10005338,50ETF沽12月2400,0.029,0.0,0.0,0.0,40,0.0284,0.0289,30,0.029,0.0281,0.029,0.0281,41.0,11690.0,3940
2023-05-11 09:30:59,OP10005338,50ETF沽12月2400,0.029,0.0,0.0,0.0,40,0.0284,0.0289,30,0.029,0.0281,0.029,0.0281,41.0,11690.0,3940
2023-05-11 09:31:00,OP10005338,50ETF沽12月2400,0.029,0.0,0.0,0.0,10,0.0285,0.0289,10,0.029,0.0281,0.029,0.0281,41.0,11690.0,3940
2023-05-11 09:31:00,OP10005338,50ETF沽12月2400,0.029,0.0,0.0,0.0,20,0.0285,0.029,20,0.029,0.0281,0.029,0.0281,41.0,11690.0,3940
2023-05-11 09:31:01,OP10005338,50ETF沽12月2400,0.029,0.0,0.0,0.0,10,0.0286,0.029,20,0.029,0.0281,0.029,0.0281,41.0,11690.0,3940
2023-05-11 09:31:01,OP10005338,50ETF沽12月2400,0.029,0.0,0.0,0.0,30,0.0286,0.0291,10,0.029,0.0281,0.029,0.0281,41.0,11690.0,3940
2023-05-11 09:31:01,OP10005338,50ETF沽12月2400,0.029,0.0,0.0,0.0,30,0.0286,0.0291,20,0.029,0.0281,0.029,0.0281,41.0,11690.0,3940
2023-05-11 09:31:02,OP10005338,50ETF沽12月2400,0.029,0.0,0.0,0.0,20,0.0286,0.029,10,0.029,0.0281,0.029,0.0281,41.0,11690.0,3940
2023-05-11 09:31:03,OP10005338,50ETF沽12月2400,0.029,0.0,0.0,0.0,20,0.0286,0.029,10,0.029,0.0281,0.029,0.0281,41.0,11690.0,3940
2023-05-11 09:31:03,OP10005338,50ETF沽12月2400,0.029,0.0,0.0,0.0,30,0.0286,0.029,10,0.029,0.0281,0.029,0.0281,41.0,11690.0,3940
2023-05-11 09:31:04,OP10005338,50ETF沽12月2400,0.029,0.0,0.0,0.0,40,0.0286,0.029,20,0.029,0.0281,0.029,0.0281,41.0,11690.0,3940
2023-05-11 09:31:04,OP10005338,50ETF沽12月2400,0.029,0.0,0.0,0.0,40,0.0286,0.029,20,0.029,0.0281,0.029,0.0281,41.0,11690.0,3940
2023-05-11 09:31:05,OP10005338,50ETF沽12月2400,0.029,0.0,0.0,0.0,20,0.0286,0.029,20,0.029,0.0281,0.029,0.0281,41.0,11690.0,3940
2023-05-11 09:31:05,OP10005338,50ETF沽12月2400,0.029,0.0,0.0,0.0,20,0.0286,0.029,20,0.029,0.0281,0.029,0.0281,41.0,11690.0,3940
2023-05-11 09:31:06,OP10005338,50ETF沽12月2400,0.029,0.0,0.0,0.0,20,0.0286,0.029,21,0.029,0.0281,0.029,0.0281,41.0,11690.0,3940
2023-05-11 09:31:11,OP10005338,50ETF沽12月2400,0.029,0.0,0.0,0.0,20,0.0286,0.029,21,0.029,0.0281,0.029,0.0281,41.0,11690.0,3940
2023-05-11 09:31:11,OP10005338,50ETF沽12月2400,0.029,0.0,0.0,0.0,20,0.0286,0.029,21,0.029,0.0281,0.029,0.0281,41.0,11690.0,3940
2023-05-11 09:31:12,OP10005338,50ETF沽12月2400,0.029,0.0,0.0,0.0,20,0.0286,0.029,21,0.029,0.0281,0.029,0.0281,41.0,11690.0,3940
2023-05-11 09:31:13,OP10005338,50ETF沽12月2400,0.029,0.0,0.0,0.0,10,0.0286,0.029,21,0.029,0.0281,0.029,0.0281,41.0,11690.0,3940
2023-05-11 09:31:13,OP10005338,50ETF沽12月2400,0.029,0.0,0.0,0.0,20,0.0286,0.029,21,0.029,0.0281,0.029,0.0281,41.0,11690.0,3940
2023-05-11 09:31:14,OP10005338,50ETF沽12月2400,0.029,0.0,0.0,0.0,20,0.0286,0.029,21,0.029,0.0281,0.029,0.0281,41.0,11690.0,3940
2023-05-11 09:31:14,OP10005338,50ETF沽12月2400,0.029,0.0,0.0,0.0,20,0.0286,0.029,11,0.029,0.0281,0.029,0.0281,41.0,11690.0,3940
2023-05-11 09:31:15,OP10005338,50ETF沽12月2400,0.029,0.0,0.0,0.0,20,0.0286,0.029,1,0.029,0.0281,0.029,0.0281,41.0,11690.0,3940
2023-05-11 09:31:15,OP10005338,50ETF沽12月2400,0.029,0.0,0.0,0.0,10,0.0287,0.029,11,0.029,0.0281,0.029,0.0281,41.0,11690.0,3940
2023-05-11 09:31:16,OP10005338,50ETF沽12月2400,0.029,0.0,0.0,0.0,10,0.0286,0.029,21,0.029,0.0281,0.029,0.0281,41.0,11690.0,3940
2023-05-11 09:31:16,OP10005338,50ETF沽12月2400,0.029,0.0,0.0,0.0,10,0.0286,0.029,21,0.029,0.0281,0.029,0.0281,41.0,11690.0,3940
2023-05-11 09:31:17,OP10005338,50ETF沽12月2400,0.029,0.0,0.0,0.0,20,0.0285,0.029,21,0.029,0.0281,0.029,0.0281,41.0,11690.0,3940
2023-05-11 09:31:17,OP10005338,50ETF沽12月2400,0.029,0.0,0.0,0.0,20,0.0285,0.0289,10,0.029,0.0281,0.029,0.0281,41.0,11690.0,3940
2023-05-11 09:31:18,OP10005338,50ETF沽12月2400,0.029,0.0,0.0,0.0,20,0.0285,0.0289,20,0.029,0.0281,0.029,0.0281,41.0,11690.0,3940
2023-05-11 09:31:18,OP10005338,50ETF沽12月2400,0.029,0.0,0.0,0.0,10,0.0286,0.0288,10,0.029,0.0281,0.029,0.0281,41.0,11690.0,3940
2023-05-11 09:31:19,OP10005338,50ETF沽12月2400,0.029,0.0,0.0,0.0,10,0.0286,0.0288,20,0.029,0.0281,0.029,0.0281,41.0,11690.0,3940
2023-05-11 09:31:19,OP10005338,50ETF沽12月2400,0.029,0.0,0.0,0.0,10,0.0286,0.0288,10,0.029,0.0281,0.029,0.0281,41.0,11690.0,3940
2023-05-11 09:31:20,OP10005338,50ETF沽12月2400,0.029,0.0,0.0,0.0,20,0.0286,0.0289,20,0.029,0.0281,0.029,0.0281,41.0,11690.0,3940
2023-05-11 09:31:20,OP10005338,50ETF沽12月2400,0.029,0.0,0.0,0.0,20,0.0286,0.0289,20,0.029,0.0281,0.029,0.0281,41.0,11690.0,3940
2023-05-11 09:31:21,OP10005338,50ETF沽12月2400,0.029,0.0,0.0,0.0,20,0.0286,0.0289,10,0.029,0.0281,0.029,0.0281,41.0,11690.0,3940
2023-05-11 09:31:21,OP10005338,50ETF沽12月2400,0.029,0.0,0.0,0.0,40,0.0286,0.029,21,0.029,0.0281,0.029,0.0281,41.0,11690.0,3940
2023-05-11 09:31:22,OP10005338,50ETF沽12月2400,0.029,0.0,0.0,0.0,30,0.0286,0.029,1,0.029,0.0281,0.029,0.0281,41.0,11690.0,3940
2023-05-11 09:31:22,OP10005338,50ETF沽12月2400,0.029,0.0,0.0,0.0,40,0.0286,0.029,1,0.029,0.0281,0.029,0.0281,41.0,11690.0,3940
2023-05-11 09:31:23,OP10005338,50ETF沽12月2400,0.029,0.0,0.0,0.0,40,0.0286,0.029,11,0.029,0.0281,0.029,0.0281,41.0,11690.0,3940
2023-05-11 09:31:24,OP10005338,50ETF沽12月2400,0.029,0.0,0.0,0.0,40,0.0286,0.029,21,0.029,0.0281,0.029,0.0281,41.0,11690.0,3940
2023-05-11 09:31:24,OP10005338,50ETF沽12月2400,0.029,0.0,0.0,0.0,30,0.0286,0.029,21,0.029,0.0281,0.029,0.0281,41.0,11690.0,3940
2023-05-11 09:31:25,OP10005338,50ETF沽12月2400,0.029,0.0,0.0,0.0,10,0.0286,0.029,21,0.029,0.0281,0.029,0.0281,41.0,11690.0,3940
2023-05-11 09:31:25,OP10005338,50ETF沽12月2400,0.029,0.0,0.0,0.0,20,0.0285,0.029,21,0.029,0.0281,0.029,0.0281,41.0,11690.0,3940
2023-05-11 09:31:26,OP10005338,50ETF沽12月2400,0.029,0.0,0.0,0.0,30,0.0284,0.029,21,0.029,0.0281,0.029,0.0281,41.0,11690.0,3940
2023-05-11 09:31:26,OP10005338,50ETF沽12月2400,0.029,0.0,0.0,0.0,40,0.0284,0.029,31,0.029,0.0281,0.029,0.0281,41.0,11690.0,3940
2023-05-11 09:31:27,OP10005338,50ETF沽12月2400,0.029,0.0,0.0,0.0,40,0.0284,0.029,21,0.029,0.0281,0.029,0.0281,41.0,11690.0,3940
2023-05-11 09:31:27,OP10005338,50ETF沽12月2400,0.029,0.0,0.0,0.0,40,0.0284,0.029,31,0.029,0.0281,0.029,0.0281,41.0,11690.0,3940
2023-05-11 09:31:28,OP10005338,50ETF沽12月2400,0.029,0.0,0.0,0.0,40,0.0284,0.029,21,0.029,0.0281,0.029,0.0281,41.0,11690.0,3940
2023-05-11 09:31:28,OP10005338,50ETF沽12月2400,0.029,0.0,0.0,0.0,40,0.0284,0.029,31,0.029,0.0281,0.029,0.0281,41.0,11690.0,3940
2023-05-11 09:31:31,OP10005338,50ETF沽12月2400,0.029,0.0,0.0,0.0,40,0.0284,0.029,31,0.029,0.0281,0.029,0.0281,41.0,11690.0,3940
2023-05-11 09:31:35,OP10005338,50ETF沽12月2400,0.029,0.0,0.0,0.0,40,0.0284,0.029,21,0.029,0.0281,0.029,0.0281,41.0,11690.0,3940
2023-05-11 09:31:36,OP10005338,50ETF沽12月2400,0.029,0.0,0.0,0.0,40,0.0284,0.029,11,0.029,0.0281,0.029,0.0281,41.0,11690.0,3940
2023-05-11 09:31:36,OP10005338,50ETF沽12月2400,0.029,0.0,0.0,0.0,30,0.0284,0.029,1,0.029,0.0281,0.029,0.0281,41.0,11690.0,3940
2023-05-11 09:31:37,OP10005338,50ETF沽12月2400,0.029,0.0,0.0,0.0,30,0.0284,0.029,1,0.029,0.0281,0.029,0.0281,41.0,11690.0,3940
2023-05-11 09:31:38,OP10005338,50ETF沽12月2400,0.029,0.0,0.0,0.0,30,0.0284,0.029,11,0.029,0.0281,0.029,0.0281,41.0,11690.0,3940
2023-05-11 09:31:38,OP10005338,50ETF沽12月2400,0.029,0.0,0.0,0.0,40,0.0284,0.029,21,0.029,0.0281,0.029,0.0281,41.0,11690.0,3940
2023-05-11 09:31:39,OP10005338,50ETF沽12月2400,0.029,0.0,0.0,0.0,40,0.0284,0.0289,10,0.029,0.0281,0.029,0.0281,41.0,11690.0,3940
2023-05-11 09:31:39,OP10005338,50ETF沽12月2400,0.029,0.0,0.0,0.0,40,0.0284,0.0289,10,0.029,0.0281,0.029,0.0281,41.0,11690.0,3940
2023-05-11 09:31:40,OP10005338,50ETF沽12月2400,0.029,0.0,0.0,0.0,40,0.0284,0.0289,10,0.029,0.0281,0.029,0.0281,41.0,11690.0,3940
2023-05-11 09:31:40,OP10005338,50ETF沽12月2400,0.029,0.0,0.0,0.0,40,0.0284,0.0289,10,0.029,0.0281,0.029,0.0281,41.0,11690.0,3940
2023-05-11 09:31:41,OP10005338,50ETF沽12月2400,0.029,0.0,0.0,0.0,40,0.0284,0.029,1,0.029,0.0281,0.029,0.0281,41.0,11690.0,3940
2023-05-11 09:31:42,OP10005338,50ETF沽12月2400,0.029,0.0,0.0,0.0,40,0.0284,0.029,11,0.029,0.0281,0.029,0.0281,41.0,11690.0,3940
2023-05-11 09:31:42,OP10005338,50ETF沽12月2400,0.029,0.0,0.0,0.0,40,0.0284,0.029,31,0.029,0.0281,0.029,0.0281,41.0,11690.0,3940
2023-05-11 09:31:44,OP10005338,50ETF沽12月2400,0.029,0.0,0.0,0.0,40,0.0284,0.0289,10,0.029,0.0281,0.029,0.0281,41.0,11690.0,3940
2023-05-11 09:31:45,OP10005338,50ETF沽12月2400,0.029,0.0,0.0,0.0,40,0.0284,0.0289,20,0.029,0.0281,0.029,0.0281,41.0,11690.0,3940
2023-05-11 09:31:45,OP10005338,50ETF沽12月2400,0.029,0.0,0.0,0.0,30,0.0284,0.0288,10,0.029,0.0281,0.029,0.0281,41.0,11690.0,3940
2023-05-11 09:31:46,OP10005338,50ETF沽12月2400,0.029,0.0,0.0,0.0,30,0.0284,0.0288,10,0.029,0.0281,0.029,0.0281,41.0,11690.0,3940
2023-05-11 09:31:46,OP10005338,50ETF沽12月2400,0.029,0.0,0.0,0.0,20,0.0284,0.0288,10,0.029,0.0281,0.029,0.0281,41.0,11690.0,3940
2023-05-11 09:31:47,OP10005338,50ETF沽12月2400,0.029,0.0,0.0,0.0,10,0.0284,0.0287,10,0.029,0.0281,0.029,0.0281,41.0,11690.0,3940
2023-05-11 09:31:47,OP10005338,50ETF沽12月2400,0.029,0.0,0.0,0.0,20,0.0278,0.0288,10,0.029,0.0281,0.029,0.0281,41.0,11690.0,3940
2023-05-11 09:31:48,OP10005338,50ETF沽12月2400,0.029,0.0,0.0,0.0,30,0.0279,0.0288,10,0.029,0.0281,0.029,0.0281,41.0,11690.0,3940
2023-05-11 09:31:48,OP10005338,50ETF沽12月2400,0.029,0.0,0.0,0.0,50,0.0279,0.0288,10,0.029,0.0281,0.029,0.0281,41.0,11690.0,3940
2023-05-11 09:31:49,OP10005338,50ETF沽12月2400,0.029,0.0,0.0,0.0,50,0.0279,0.0289,10,0.029,0.0281,0.029,0.0281,41.0,11690.0,3940
2023-05-11 09:31:49,OP10005338,50ETF沽12月2400,0.029,0.0,0.0,0.0,60,0.0279,0.0289,20,0.029,0.0281,0.029,0.0281,41.0,11690.0,3940
2023-05-11 09:31:50,OP10005338,50ETF沽12月2400,0.029,0.0,0.0,0.0,10,0.028,0.0289,20,0.029,0.0281,0.029,0.0281,41.0,11690.0,3940
2023-05-11 09:31:50,OP10005338,50ETF沽12月2400,0.029,0.0,0.0,0.0,30,0.0281,0.0289,10,0.029,0.0281,0.029,0.0281,41.0,11690.0,3940
2023-05-11 09:31:51,OP10005338,50ETF沽12月2400,0.029,0.0,0.0,0.0,60,0.0281,0.029,31,0.029,0.0281,0.029,0.0281,41.0,11690.0,3940
2023-05-11 09:31:52,OP10005338,50ETF沽12月2400,0.029,0.0,0.0,0.0,60,0.0281,0.029,31,0.029,0.0281,0.029,0.0281,41.0,11690.0,3940
2023-05-11 09:31:52,OP10005338,50ETF沽12月2400,0.029,0.0,0.0,0.0,60,0.0281,0.029,31,0.029,0.0281,0.029,0.0281,41.0,11690.0,3940
2023-05-11 09:31:53,OP10005338,50ETF沽12月2400,0.029,0.0,0.0,0.0,60,0.0281,0.029,31,0.029,0.0281,0.029,0.0281,41.0,11690.0,3940
2023-05-11 09:31:53,OP10005338,50ETF沽12月2400,0.029,0.0,0.0,0.0,10,0.0282,0.029,21,0.029,0.0281,0.029,0.0281,41.0,11690.0,3940
2023-05-11 09:31:54,OP10005338,50ETF沽12月2400,0.029,0.0,0.0,0.0,30,0.0283,0.029,21,0.029,0.0281,0.029,0.0281,41.0,11690.0,3940
2023-05-11 09:31:54,OP10005338,50ETF沽12月2400,0.029,0.0,0.0,0.0,50,0.0283,0.029,21,0.029,0.0281,0.029,0.0281,41.0,11690.0,3940
2023-05-11 09:31:55,OP10005338,50ETF沽12月2400,0.029,0.0,0.0,0.0,20,0.0283,0.029,31,0.029,0.0281,0.029,0.0281,41.0,11690.0,3940
2023-05-11 09:31:56,OP10005338,50ETF沽12月2400,0.029,0.0,0.0,0.0,10,0.0283,0.029,51,0.029,0.0281,0.029,0.0281,41.0,11690.0,3940
2023-05-11 09:31:56,OP10005338,50ETF沽12月2400,0.029,0.0,0.0,0.0,30,0.0281,0.029,61,0.029,0.0281,0.029,0.0281,41.0,11690.0,3940
2023-05-11 09:31:57,OP10005338,50ETF沽12月2400,0.029,0.0,0.0,0.0,30,0.0282,0.029,31,0.029,0.0281,0.029,0.0281,41.0,11690.0,3940
2023-05-11 09:31:57,OP10005338,50ETF沽12月2400,0.029,0.0,0.0,0.0,70,0.0282,0.029,61,0.029,0.0281,0.029,0.0281,41.0,11690.0,3940
2023-05-11 09:31:59,OP10005338,50ETF沽12月2400,0.029,0.0,0.0,0.0,40,0.0282,0.0289,10,0.029,0.0281,0.029,0.0281,41.0,11690.0,3940
2023-05-11 09:31:59,OP10005338,50ETF沽12月2400,0.029,0.0,0.0,0.0,40,0.0282,0.0289,60,0.029,0.0281,0.029,0.0281,41.0,11690.0,3940
2023-05-11 09:32:00,OP10005338,50ETF沽12月2400,0.029,0.0,0.0,0.0,30,0.0282,0.0288,10,0.029,0.0281,0.029,0.0281,41.0,11690.0,3940
2023-05-11 09:32:00,OP10005338,50ETF沽12月2400,0.029,0.0,0.0,0.0,30,0.0282,0.0288,20,0.029,0.0281,0.029,0.0281,41.0,11690.0,3940
2023-05-11 09:32:01,OP10005338,50ETF沽12月2400,0.029,0.0,0.0,0.0,60,0.0282,0.0288,10,0.029,0.0281,0.029,0.0281,41.0,11690.0,3940
2023-05-11 09:32:01,OP10005338,50ETF沽12月2400,0.029,0.0,0.0,0.0,60,0.0282,0.0289,20,0.029,0.0281,0.029,0.0281,41.0,11690.0,3940
2023-05-11 09:32:02,OP10005338,50ETF沽12月2400,0.029,0.0,0.0,0.0,60,0.0282,0.0289,40,0.029,0.0281,0.029,0.0281,41.0,11690.0,3940
2023-05-11 09:32:02,OP10005338,50ETF沽12月2400,0.029,0.0,0.0,0.0,60,0.0282,0.0289,10,0.029,0.0281,0.029,0.0281,41.0,11690.0,3940
2023-05-11 09:32:03,OP10005338,50ETF沽12月2400,0.029,0.0,0.0,0.0,60,0.0282,0.029,21,0.029,0.0281,0.029,0.0281,41.0,11690.0,3940
2023-05-11 09:32:04,OP10005338,50ETF沽12月2400,0.029,0.0,0.0,0.0,70,0.0282,0.029,61,0.029,0.0281,0.029,0.0281,41.0,11690.0,3940
2023-05-11 09:32:04,OP10005338,50ETF沽12月2400,0.029,0.0,0.0,0.0,70,0.0282,0.0289,10,0.029,0.0281,0.029,0.0281,41.0,11690.0,3940
2023-05-11 09:32:05,OP10005338,50ETF沽12月2400,0.029,0.0,0.0,0.0,70,0.0282,0.0289,20,0.029,0.0281,0.029,0.0281,41.0,11690.0,3940
2023-05-11 09:32:06,OP10005338,50ETF沽12月2400,0.029,0.0,0.0,0.0,70,0.0282,0.0289,60,0.029,0.0281,0.029,0.0281,41.0,11690.0,3940
2023-05-11 09:32:07,OP10005338,50ETF沽12月2400,0.029,0.0,0.0,0.0,70,0.0282,0.0289,30,0.029,0.0281,0.029,0.0281,41.0,11690.0,3940
2023-05-11 09:32:08,OP10005338,50ETF沽12月2400,0.029,0.0,0.0,0.0,70,0.0282,0.0289,60,0.029,0.0281,0.029,0.0281,41.0,11690.0,3940
2023-05-11 09:32:09,OP10005338,50ETF沽12月2400,0.029,0.0,0.0,0.0,70,0.0282,0.0289,30,0.029,0.0281,0.029,0.0281,41.0,11690.0,3940
2023-05-11 09:32:10,OP10005338,50ETF沽12月2400,0.029,0.0,0.0,0.0,70,0.0282,0.0289,20,0.029,0.0281,0.029,0.0281,41.0,11690.0,3940
2023-05-11 09:32:12,OP10005338,50ETF沽12月2400,0.029,0.0,0.0,0.0,70,0.0282,0.0289,30,0.029,0.0281,0.029,0.0281,41.0,11690.0,3940
2023-05-11 09:32:13,OP10005338,50ETF沽12月2400,0.029,0.0,0.0,0.0,70,0.0282,0.0289,10,0.029,0.0281,0.029,0.0281,41.0,11690.0,3940
2023-05-11 09:32:13,OP10005338,50ETF沽12月2400,0.029,0.0,0.0,0.0,70,0.0282,0.0289,20,0.029,0.0281,0.029,0.0281,41.0,11690.0,3940
2023-05-11 09:32:14,OP10005338,50ETF沽12月2400,0.029,0.0,0.0,0.0,40,0.0282,0.0288,10,0.029,0.0281,0.029,0.0281,41.0,11690.0,3940
2023-05-11 09:32:14,OP10005338,50ETF沽12月2400,0.029,0.0,0.0,0.0,10,0.0282,0.0288,30,0.029,0.0281,0.029,0.0281,41.0,11690.0,3940
2023-05-11 09:32:15,OP10005338,50ETF沽12月2400,0.029,0.0,0.0,0.0,10,0.0282,0.0287,10,0.029,0.0281,0.029,0.0281,41.0,11690.0,3940
2023-05-11 09:32:15,OP10005338,50ETF沽12月2400,0.029,0.0,0.0,0.0,10,0.0281,0.0287,10,0.029,0.0281,0.029,0.0281,41.0,11690.0,3940
2023-05-11 09:32:16,OP10005338,50ETF沽12月2400,0.029,0.0,0.0,0.0,30,0.028,0.0287,10,0.029,0.0281,0.029,0.0281,41.0,11690.0,3940
2023-05-11 09:32:16,OP10005338,50ETF沽12月2400,0.029,0.0,0.0,0.0,70,0.028,0.0287,10,0.029,0.0281,0.029,0.0281,41.0,11690.0,3940
2023-05-11 09:32:17,OP10005338,50ETF沽12月2400,0.029,0.0,0.0,0.0,70,0.028,0.0287,20,0.029,0.0281,0.029,0.0281,41.0,11690.0,3940
2023-05-11 09:32:17,OP10005338,50ETF沽12月2400,0.029,0.0,0.0,0.0,80,0.028,0.0287,30,0.029,0.0281,0.029,0.0281,41.0,11690.0,3940
2023-05-11 09:32:18,OP10005338,50ETF沽12月2400,0.029,0.0,0.0,0.0,80,0.028,0.0286,10,0.029,0.0281,0.029,0.0281,41.0,11690.0,3940
2023-05-11 09:32:18,OP10005338,50ETF沽12月2400,0.029,0.0,0.0,0.0,50,0.028,0.0286,20,0.029,0.0281,0.029,0.0281,41.0,11690.0,3940
2023-05-11 09:32:19,OP10005338,50ETF沽12月2400,0.029,0.0,0.0,0.0,50,0.028,0.0285,10,0.029,0.0281,0.029,0.0281,41.0,11690.0,3940
2023-05-11 09:32:19,OP10005338,50ETF沽12月2400,0.029,0.0,0.0,0.0,40,0.028,0.0286,20,0.029,0.0281,0.029,0.0281,41.0,11690.0,3940
2023-05-11 09:32:20,OP10005338,50ETF沽12月2400,0.029,0.0,0.0,0.0,50,0.028,0.0286,20,0.029,0.0281,0.029,0.0281,41.0,11690.0,3940
2023-05-11 09:32:20,OP10005338,50ETF沽12月2400,0.029,0.0,0.0,0.0,80,0.028,0.0286,20,0.029,0.0281,0.029,0.0281,41.0,11690.0,3940
2023-05-11 09:32:21,OP10005338,50ETF沽12月2400,0.029,0.0,0.0,0.0,80,0.028,0.0286,10,0.029,0.0281,0.029,0.0281,41.0,11690.0,3940
2023-05-11 09:32:22,OP10005338,50ETF沽12月2400,0.028,1.0,280.0,1.0,80,0.028,0.0287,30,0.029,0.0281,0.029,0.028,42.0,11970.0,3941
2023-05-11 09:32:22,OP10005338,50ETF沽12月2400,0.028,0.0,0.0,0.0,80,0.028,0.0286,10,0.029,0.0281,0.029,0.028,42.0,11970.0,3941
2023-05-11 09:32:23,OP10005338,50ETF沽12月2400,0.028,0.0,0.0,0.0,20,0.028,0.0286,20,0.029,0.0281,0.029,0.028,42.0,11970.0,3941
2023-05-11 09:32:23,OP10005338,50ETF沽12月2400,0.028,0.0,0.0,0.0,10,0.0282,0.0285,10,0.029,0.0281,0.029,0.028,42.0,11970.0,3941
2023-05-11 09:32:24,OP10005338,50ETF沽12月2400,0.028,0.0,0.0,0.0,20,0.0281,0.0285,20,0.029,0.0281,0.029,0.028,42.0,11970.0,3941
2023-05-11 09:32:24,OP10005338,50ETF沽12月2400,0.028,0.0,0.0,0.0,20,0.0281,0.0285,20,0.029,0.0281,0.029,0.028,42.0,11970.0,3941
2023-05-11 09:32:25,OP10005338,50ETF沽12月2400,0.028,0.0,0.0,0.0,20,0.0281,0.0285,20,0.029,0.0281,0.029,0.028,42.0,11970.0,3941
2023-05-11 09:32:27,OP10005338,50ETF沽12月2400,0.028,0.0,0.0,0.0,20,0.0281,0.0284,10,0.029,0.0281,0.029,0.028,42.0,11970.0,3941
2023-05-11 09:32:28,OP10005338,50ETF沽12月2400,0.028,0.0,0.0,0.0,10,0.0281,0.0284,20,0.029,0.0281,0.029,0.028,42.0,11970.0,3941
2023-05-11 09:32:28,OP10005338,50ETF沽12月2400,0.028,0.0,0.0,0.0,20,0.0281,0.0284,20,0.029,0.0281,0.029,0.028,42.0,11970.0,3941
2023-05-11 09:32:29,OP10005338,50ETF沽12月2400,0.028,0.0,0.0,0.0,20,0.0281,0.0284,20,0.029,0.0281,0.029,0.028,42.0,11970.0,3941
2023-05-11 09:32:29,OP10005338,50ETF沽12月2400,0.028,0.0,0.0,0.0,20,0.0281,0.0284,10,0.029,0.0281,0.029,0.028,42.0,11970.0,3941
2023-05-11 09:32:30,OP10005338,50ETF沽12月2400,0.028,0.0,0.0,0.0,20,0.0281,0.0285,20,0.029,0.0281,0.029,0.028,42.0,11970.0,3941
2023-05-11 09:32:30,OP10005338,50ETF沽12月2400,0.028,0.0,0.0,0.0,20,0.0281,0.0285,20,0.029,0.0281,0.029,0.028,42.0,11970.0,3941
2023-05-11 09:32:33,OP10005338,50ETF沽12月2400,0.028,0.0,0.0,0.0,20,0.0281,0.0285,20,0.029,0.0281,0.029,0.028,42.0,11970.0,3941
2023-05-11 09:32:33,OP10005338,50ETF沽12月2400,0.028,0.0,0.0,0.0,20,0.0281,0.0285,10,0.029,0.0281,0.029,0.028,42.0,11970.0,3941
2023-05-11 09:32:33,OP10005338,50ETF沽12月2400,0.028,0.0,0.0,0.0,30,0.0281,0.0286,20,0.029,0.0281,0.029,0.028,42.0,11970.0,3941
2023-05-11 09:32:34,OP10005338,50ETF沽12月2400,0.028,0.0,0.0,0.0,30,0.0281,0.0286,20,0.029,0.0281,0.029,0.028,42.0,11970.0,3941
2023-05-11 09:32:35,OP10005338,50ETF沽12月2400,0.028,0.0,0.0,0.0,20,0.0281,0.0286,20,0.029,0.0281,0.029,0.028,42.0,11970.0,3941
2023-05-11 09:32:35,OP10005338,50ETF沽12月2400,0.028,0.0,0.0,0.0,20,0.0281,0.0285,10,0.029,0.0281,0.029,0.028,42.0,11970.0,3941
2023-05-11 09:32:36,OP10005338,50ETF沽12月2400,0.028,0.0,0.0,0.0,20,0.0281,0.0285,20,0.029,0.0281,0.029,0.028,42.0,11970.0,3941
2023-05-11 09:32:38,OP10005338,50ETF沽12月2400,0.028,0.0,0.0,0.0,20,0.0281,0.0285,20,0.029,0.0281,0.029,0.028,42.0,11970.0,3941
2023-05-11 09:32:39,OP10005338,50ETF沽12月2400,0.028,0.0,0.0,0.0,30,0.0281,0.0285,20,0.029,0.0281,0.029,0.028,42.0,11970.0,3941
2023-05-11 09:32:40,OP10005338,50ETF沽12月2400,0.028,0.0,0.0,0.0,10,0.0281,0.0284,10,0.029,0.0281,0.029,0.028,42.0,11970.0,3941
2023-05-11 09:32:40,OP10005338,50ETF沽12月2400,0.028,0.0,0.0,0.0,20,0.0281,0.0284,10,0.029,0.0281,0.029,0.028,42.0,11970.0,3941
2023-05-11 09:32:41,OP10005338,50ETF沽12月2400,0.028,0.0,0.0,0.0,20,0.0281,0.0285,20,0.029,0.0281,0.029,0.028,42.0,11970.0,3941
2023-05-11 09:32:41,OP10005338,50ETF沽12月2400,0.028,0.0,0.0,0.0,30,0.0281,0.0285,10,0.029,0.0281,0.029,0.028,42.0,11970.0,3941
2023-05-11 09:32:42,OP10005338,50ETF沽12月2400,0.028,0.0,0.0,0.0,30,0.0281,0.0286,20,0.029,0.0281,0.029,0.028,42.0,11970.0,3941
2023-05-11 09:32:42,OP10005338,50ETF沽12月2400,0.028,0.0,0.0,0.0,30,0.0281,0.0286,50,0.029,0.0281,0.029,0.028,42.0,11970.0,3941
2023-05-11 09:32:43,OP10005338,50ETF沽12月2400,0.028,0.0,0.0,0.0,30,0.0281,0.0285,10,0.029,0.0281,0.029,0.028,42.0,11970.0,3941
2023-05-11 09:32:43,OP10005338,50ETF沽12月2400,0.028,0.0,0.0,0.0,20,0.0281,0.0285,20,0.029,0.0281,0.029,0.028,42.0,11970.0,3941
2023-05-11 09:32:44,OP10005338,50ETF沽12月2400,0.028,0.0,0.0,0.0,20,0.0281,0.0285,20,0.029,0.0281,0.029,0.028,42.0,11970.0,3941
2023-05-11 09:32:44,OP10005338,50ETF沽12月2400,0.028,0.0,0.0,0.0,10,0.0281,0.0284,10,0.029,0.0281,0.029,0.028,42.0,11970.0,3941
2023-05-11 09:32:45,OP10005338,50ETF沽12月2400,0.028,0.0,0.0,0.0,10,0.028,0.0284,10,0.029,0.0281,0.029,0.028,42.0,11970.0,3941
2023-05-11 09:32:45,OP10005338,50ETF沽12月2400,0.028,0.0,0.0,0.0,10,0.0279,0.0286,41,0.029,0.0281,0.029,0.028,42.0,11970.0,3941
2023-05-11 09:32:46,OP10005338,50ETF沽12月2400,0.028,0.0,0.0,0.0,10,0.0279,0.0285,10,0.029,0.0281,0.029,0.028,42.0,11970.0,3941
2023-05-11 09:32:46,OP10005338,50ETF沽12月2400,0.028,0.0,0.0,0.0,10,0.0279,0.0285,30,0.029,0.0281,0.029,0.028,42.0,11970.0,3941
2023-05-11 09:32:47,OP10005338,50ETF沽12月2400,0.028,0.0,0.0,0.0,20,0.0279,0.0284,10,0.029,0.0281,0.029,0.028,42.0,11970.0,3941
2023-05-11 09:32:47,OP10005338,50ETF沽12月2400,0.028,0.0,0.0,0.0,40,0.0279,0.0284,10,0.029,0.0281,0.029,0.028,42.0,11970.0,3941
2023-05-11 09:32:48,OP10005338,50ETF沽12月2400,0.028,0.0,0.0,0.0,10,0.028,0.0284,10,0.029,0.0281,0.029,0.028,42.0,11970.0,3941
2023-05-11 09:32:48,OP10005338,50ETF沽12月2400,0.028,0.0,0.0,0.0,20,0.028,0.0284,10,0.029,0.0281,0.029,0.028,42.0,11970.0,3941
2023-05-11 09:32:49,OP10005338,50ETF沽12月2400,0.028,0.0,0.0,0.0,50,0.028,0.0285,11,0.029,0.0281,0.029,0.028,42.0,11970.0,3941
2023-05-11 09:32:49,OP10005338,50ETF沽12月2400,0.028,0.0,0.0,0.0,30,0.028,0.0285,20,0.029,0.0281,0.029,0.028,42.0,11970.0,3941
2023-05-11 09:32:50,OP10005338,50ETF沽12月2400,0.028,0.0,0.0,0.0,30,0.028,0.0285,20,0.029,0.0281,0.029,0.028,42.0,11970.0,3941
2023-05-11 09:32:50,OP10005338,50ETF沽12月2400,0.028,0.0,0.0,0.0,30,0.028,0.0285,20,0.029,0.0281,0.029,0.028,42.0,11970.0,3941
2023-05-11 09:32:51,OP10005338,50ETF沽12月2400,0.028,0.0,0.0,0.0,60,0.028,0.0285,20,0.029,0.0281,0.029,0.028,42.0,11970.0,3941
2023-05-11 09:32:51,OP10005338,50ETF沽12月2400,0.028,0.0,0.0,0.0,30,0.028,0.0285,20,0.029,0.0281,0.029,0.028,42.0,11970.0,3941
2023-05-11 09:32:52,OP10005338,50ETF沽12月2400,0.028,0.0,0.0,0.0,20,0.028,0.0285,10,0.029,0.0281,0.029,0.028,42.0,11970.0,3941
2023-05-11 09:32:52,OP10005338,50ETF沽12月2400,0.028,0.0,0.0,0.0,30,0.028,0.0285,10,0.029,0.0281,0.029,0.028,42.0,11970.0,3941
2023-05-11 09:32:53,OP10005338,50ETF沽12月2400,0.028,0.0,0.0,0.0,30,0.028,0.0285,20,0.029,0.0281,0.029,0.028,42.0,11970.0,3941
2023-05-11 09:32:53,OP10005338,50ETF沽12月2400,0.028,0.0,0.0,0.0,30,0.028,0.0285,20,0.029,0.0281,0.029,0.028,42.0,11970.0,3941
2023-05-11 09:32:54,OP10005338,50ETF沽12月2400,0.028,0.0,0.0,0.0,10,0.028,0.0285,10,0.029,0.0281,0.029,0.028,42.0,11970.0,3941
2023-05-11 09:32:54,OP10005338,50ETF沽12月2400,0.028,0.0,0.0,0.0,30,0.0279,0.0285,20,0.029,0.0281,0.029,0.028,42.0,11970.0,3941
2023-05-11 09:32:55,OP10005338,50ETF沽12月2400,0.028,0.0,0.0,0.0,20,0.0279,0.0284,10,0.029,0.0281,0.029,0.028,42.0,11970.0,3941
2023-05-11 09:32:55,OP10005338,50ETF沽12月2400,0.028,0.0,0.0,0.0,30,0.0279,0.0284,20,0.029,0.0281,0.029,0.028,42.0,11970.0,3941
2023-05-11 09:32:56,OP10005338,50ETF沽12月2400,0.028,0.0,0.0,0.0,20,0.0279,0.0284,20,0.029,0.0281,0.029,0.028,42.0,11970.0,3941
2023-05-11 09:32:56,OP10005338,50ETF沽12月2400,0.028,0.0,0.0,0.0,10,0.028,0.0284,10,0.029,0.0281,0.029,0.028,42.0,11970.0,3941
2023-05-11 09:32:57,OP10005338,50ETF沽12月2400,0.028,0.0,0.0,0.0,30,0.028,0.0285,20,0.029,0.0281,0.029,0.028,42.0,11970.0,3941
2023-05-11 09:32:57,OP10005338,50ETF沽12月2400,0.028,0.0,0.0,0.0,10,0.028,0.0285,10,0.029,0.0281,0.029,0.028,42.0,11970.0,3941
2023-05-11 09:32:58,OP10005338,50ETF沽12月2400,0.028,0.0,0.0,0.0,10,0.028,0.0285,11,0.029,0.0281,0.029,0.028,42.0,11970.0,3941
2023-05-11 09:32:58,OP10005338,50ETF沽12月2400,0.028,0.0,0.0,0.0,60,0.028,0.0285,1,0.029,0.0281,0.029,0.028,42.0,11970.0,3941
2023-05-11 09:32:59,OP10005338,50ETF沽12月2400,0.028,0.0,0.0,0.0,20,0.028,0.0285,11,0.029,0.0281,0.029,0.028,42.0,11970.0,3941
2023-05-11 09:32:59,OP10005338,50ETF沽12月2400,0.028,0.0,0.0,0.0,30,0.028,0.0285,21,0.029,0.0281,0.029,0.028,42.0,11970.0,3941
2023-05-11 09:33:00,OP10005338,50ETF沽12月2400,0.028,0.0,0.0,0.0,20,0.028,0.0284,10,0.029,0.0281,0.029,0.028,42.0,11970.0,3941
2023-05-11 09:33:00,OP10005338,50ETF沽12月2400,0.028,0.0,0.0,0.0,20,0.028,0.0284,20,0.029,0.0281,0.029,0.028,42.0,11970.0,3941
2023-05-11 09:33:01,OP10005338,50ETF沽12月2400,0.028,0.0,0.0,0.0,30,0.028,0.0284,20,0.029,0.0281,0.029,0.028,42.0,11970.0,3941
2023-05-11 09:33:01,OP10005338,50ETF沽12月2400,0.028,0.0,0.0,0.0,30,0.028,0.0284,10,0.029,0.0281,0.029,0.028,42.0,11970.0,3941
2023-05-11 09:33:02,OP10005338,50ETF沽12月2400,0.028,0.0,0.0,0.0,30,0.028,0.0285,21,0.029,0.0281,0.029,0.028,42.0,11970.0,3941
2023-05-11 09:33:03,OP10005338,50ETF沽12月2400,0.028,0.0,0.0,0.0,20,0.028,0.0285,20,0.029,0.0281,0.029,0.028,42.0,11970.0,3941
2023-05-11 09:33:03,OP10005338,50ETF沽12月2400,0.028,0.0,0.0,0.0,10,0.0281,0.0285,20,0.029,0.0281,0.029,0.028,42.0,11970.0,3941
2023-05-11 09:33:04,OP10005338,50ETF沽12月2400,0.028,0.0,0.0,0.0,30,0.0281,0.0285,20,0.029,0.0281,0.029,0.028,42.0,11970.0,3941
2023-05-11 09:33:04,OP10005338,50ETF沽12月2400,0.028,0.0,0.0,0.0,30,0.0281,0.0285,10,0.029,0.0281,0.029,0.028,42.0,11970.0,3941
2023-05-11 09:33:05,OP10005338,50ETF沽12月2400,0.028,0.0,0.0,0.0,20,0.0281,0.0285,10,0.029,0.0281,0.029,0.028,42.0,11970.0,3941
2023-05-11 09:33:05,OP10005338,50ETF沽12月2400,0.028,0.0,0.0,0.0,30,0.0281,0.0286,20,0.029,0.0281,0.029,0.028,42.0,11970.0,3941
2023-05-11 09:33:06,OP10005338,50ETF沽12月2400,0.028,0.0,0.0,0.0,30,0.0281,0.0286,20,0.029,0.0281,0.029,0.028,42.0,11970.0,3941
2023-05-11 09:33:07,OP10005338,50ETF沽12月2400,0.028,0.0,0.0,0.0,30,0.0281,0.0286,20,0.029,0.0281,0.029,0.028,42.0,11970.0,3941
2023-05-11 09:33:07,OP10005338,50ETF沽12月2400,0.028,0.0,0.0,0.0,30,0.0281,0.0285,10,0.029,0.0281,0.029,0.028,42.0,11970.0,3941
2023-05-11 09:33:08,OP10005338,50ETF沽12月2400,0.028,0.0,0.0,0.0,30,0.0281,0.0285,20,0.029,0.0281,0.029,0.028,42.0,11970.0,3941
2023-05-11 09:33:08,OP10005338,50ETF沽12月2400,0.028,0.0,0.0,0.0,20,0.0281,0.0285,20,0.029,0.0281,0.029,0.028,42.0,11970.0,3941
2023-05-11 09:33:09,OP10005338,50ETF沽12月2400,0.028,0.0,0.0,0.0,30,0.0281,0.0285,20,0.029,0.0281,0.029,0.028,42.0,11970.0,3941
2023-05-11 09:33:09,OP10005338,50ETF沽12月2400,0.028,0.0,0.0,0.0,30,0.0281,0.0285,10,0.029,0.0281,0.029,0.028,42.0,11970.0,3941
2023-05-11 09:33:10,OP10005338,50ETF沽12月2400,0.028,0.0,0.0,0.0,30,0.0281,0.0286,20,0.029,0.0281,0.029,0.028,42.0,11970.0,3941
2023-05-11 09:33:11,OP10005338,50ETF沽12月2400,0.028,0.0,0.0,0.0,60,0.0281,0.0286,10,0.029,0.0281,0.029,0.028,42.0,11970.0,3941
2023-05-11 09:33:12,OP10005338,50ETF沽12月2400,0.028,0.0,0.0,0.0,60,0.0281,0.0287,21,0.029,0.0281,0.029,0.028,42.0,11970.0,3941
2023-05-11 09:33:12,OP10005338,50ETF沽12月2400,0.028,0.0,0.0,0.0,30,0.0281,0.0287,21,0.029,0.0281,0.029,0.028,42.0,11970.0,3941
2023-05-11 09:33:13,OP10005338,50ETF沽12月2400,0.028,0.0,0.0,0.0,30,0.0281,0.0287,20,0.029,0.0281,0.029,0.028,42.0,11970.0,3941
2023-05-11 09:33:15,OP10005338,50ETF沽12月2400,0.028,0.0,0.0,0.0,30,0.0281,0.0286,10,0.029,0.0281,0.029,0.028,42.0,11970.0,3941
2023-05-11 09:33:15,OP10005338,50ETF沽12月2400,0.028,0.0,0.0,0.0,30,0.0281,0.0286,20,0.029,0.0281,0.029,0.028,42.0,11970.0,3941
2023-05-11 09:33:16,OP10005338,50ETF沽12月2400,0.028,0.0,0.0,0.0,20,0.0281,0.0285,10,0.029,0.0281,0.029,0.028,42.0,11970.0,3941
2023-05-11 09:33:16,OP10005338,50ETF沽12月2400,0.028,0.0,0.0,0.0,10,0.0281,0.0285,10,0.029,0.0281,0.029,0.028,42.0,11970.0,3941
2023-05-11 09:33:17,OP10005338,50ETF沽12月2400,0.028,0.0,0.0,0.0,20,0.028,0.0285,10,0.029,0.0281,0.029,0.028,42.0,11970.0,3941
2023-05-11 09:33:17,OP10005338,50ETF沽12月2400,0.028,0.0,0.0,0.0,30,0.028,0.0286,20,0.029,0.0281,0.029,0.028,42.0,11970.0,3941
2023-05-11 09:33:18,OP10005338,50ETF沽12月2400,0.028,0.0,0.0,0.0,30,0.028,0.0285,10,0.029,0.0281,0.029,0.028,42.0,11970.0,3941
2023-05-11 09:33:18,OP10005338,50ETF沽12月2400,0.028,0.0,0.0,0.0,30,0.028,0.0285,20,0.029,0.0281,0.029,0.028,42.0,11970.0,3941
2023-05-11 09:33:19,OP10005338,50ETF沽12月2400,0.028,0.0,0.0,0.0,30,0.028,0.0285,20,0.029,0.0281,0.029,0.028,42.0,11970.0,3941
2023-05-11 09:33:19,OP10005338,50ETF沽12月2400,0.028,0.0,0.0,0.0,20,0.028,0.0285,20,0.029,0.0281,0.029,0.028,42.0,11970.0,3941
2023-05-11 09:33:20,OP10005338,50ETF沽12月2400,0.028,0.0,0.0,0.0,10,0.0281,0.0285,20,0.029,0.0281,0.029,0.028,42.0,11970.0,3941
2023-05-11 09:33:20,OP10005338,50ETF沽12月2400,0.028,0.0,0.0,0.0,20,0.0281,0.0285,50,0.029,0.0281,0.029,0.028,42.0,11970.0,3941
2023-05-11 09:33:21,OP10005338,50ETF沽12月2400,0.028,0.0,0.0,0.0,20,0.0281,0.0285,30,0.029,0.0281,0.029,0.028,42.0,11970.0,3941
2023-05-11 09:33:21,OP10005338,50ETF沽12月2400,0.028,0.0,0.0,0.0,50,0.0281,0.0285,20,0.029,0.0281,0.029,0.028,42.0,11970.0,3941
2023-05-11 09:33:22,OP10005338,50ETF沽12月2400,0.028,0.0,0.0,0.0,60,0.0281,0.0285,20,0.029,0.0281,0.029,0.028,42.0,11970.0,3941
2023-05-11 09:33:23,OP10005338,50ETF沽12月2400,0.028,0.0,0.0,0.0,50,0.0281,0.0285,20,0.029,0.0281,0.029,0.028,42.0,11970.0,3941
2023-05-11 09:33:23,OP10005338,50ETF沽12月2400,0.028,0.0,0.0,0.0,60,0.0281,0.0285,20,0.029,0.0281,0.029,0.028,42.0,11970.0,3941
2023-05-11 09:33:24,OP10005338,50ETF沽12月2400,0.028,0.0,0.0,0.0,50,0.0281,0.0285,20,0.029,0.0281,0.029,0.028,42.0,11970.0,3941
2023-05-11 09:33:24,OP10005338,50ETF沽12月2400,0.028,0.0,0.0,0.0,50,0.0281,0.0285,20,0.029,0.0281,0.029,0.028,42.0,11970.0,3941
2023-05-11 09:33:25,OP10005338,50ETF沽12月2400,0.028,0.0,0.0,0.0,50,0.0281,0.0285,10,0.029,0.0281,0.029,0.028,42.0,11970.0,3941
2023-05-11 09:33:26,OP10005338,50ETF沽12月2400,0.028,0.0,0.0,0.0,60,0.0281,0.0286,20,0.029,0.0281,0.029,0.028,42.0,11970.0,3941
2023-05-11 09:33:27,OP10005338,50ETF沽12月2400,0.028,0.0,0.0,0.0,60,0.0281,0.0286,20,0.029,0.0281,0.029,0.028,42.0,11970.0,3941
2023-05-11 09:33:29,OP10005338,50ETF沽12月2400,0.028,0.0,0.0,0.0,60,0.0281,0.0286,20,0.029,0.0281,0.029,0.028,42.0,11970.0,3941
2023-05-11 09:33:30,OP10005338,50ETF沽12月2400,0.028,0.0,0.0,0.0,50,0.0281,0.0286,10,0.029,0.0281,0.029,0.028,42.0,11970.0,3941
2023-05-11 09:33:30,OP10005338,50ETF沽12月2400,0.028,0.0,0.0,0.0,10,0.0282,0.0287,20,0.029,0.0281,0.029,0.028,42.0,11970.0,3941
2023-05-11 09:33:31,OP10005338,50ETF沽12月2400,0.028,0.0,0.0,0.0,20,0.0282,0.0287,10,0.029,0.0281,0.029,0.028,42.0,11970.0,3941
2023-05-11 09:33:31,OP10005338,50ETF沽12月2400,0.028,0.0,0.0,0.0,30,0.0283,0.0288,10,0.029,0.0281,0.029,0.028,42.0,11970.0,3941
2023-05-11 09:33:31,OP10005338,50ETF沽12月2400,0.028,0.0,0.0,0.0,10,0.0283,0.0288,50,0.029,0.0281,0.029,0.028,42.0,11970.0,3941
2023-05-11 09:33:32,OP10005338,50ETF沽12月2400,0.028,0.0,0.0,0.0,30,0.0283,0.0287,10,0.029,0.0281,0.029,0.028,42.0,11970.0,3941
2023-05-11 09:33:32,OP10005338,50ETF沽12月2400,0.028,0.0,0.0,0.0,40,0.0283,0.0287,20,0.029,0.0281,0.029,0.028,42.0,11970.0,3941
2023-05-11 09:33:33,OP10005338,50ETF沽12月2400,0.028,0.0,0.0,0.0,40,0.0283,0.0287,20,0.029,0.0281,0.029,0.028,42.0,11970.0,3941
2023-05-11 09:33:35,OP10005338,50ETF沽12月2400,0.028,0.0,0.0,0.0,10,0.0283,0.0286,10,0.029,0.0281,0.029,0.028,42.0,11970.0,3941
2023-05-11 09:33:36,OP10005338,50ETF沽12月2400,0.028,0.0,0.0,0.0,20,0.0282,0.0286,10,0.029,0.0281,0.029,0.028,42.0,11970.0,3941
2023-05-11 09:33:36,OP10005338,50ETF沽12月2400,0.028,0.0,0.0,0.0,50,0.0282,0.0286,10,0.029,0.0281,0.029,0.028,42.0,11970.0,3941
2023-05-11 09:33:37,OP10005338,50ETF沽12月2400,0.028,0.0,0.0,0.0,50,0.0282,0.0286,20,0.029,0.0281,0.029,0.028,42.0,11970.0,3941
2023-05-11 09:33:38,OP10005338,50ETF沽12月2400,0.028,0.0,0.0,0.0,50,0.0282,0.0286,10,0.029,0.0281,0.029,0.028,42.0,11970.0,3941
2023-05-11 09:33:39,OP10005338,50ETF沽12月2400,0.028,0.0,0.0,0.0,50,0.0282,0.0287,20,0.029,0.0281,0.029,0.028,42.0,11970.0,3941
2023-05-11 09:33:39,OP10005338,50ETF沽12月2400,0.028,0.0,0.0,0.0,50,0.0282,0.0286,10,0.029,0.0281,0.029,0.028,42.0,11970.0,3941
2023-05-11 09:33:40,OP10005338,50ETF沽12月2400,0.028,0.0,0.0,0.0,50,0.0282,0.0286,10,0.029,0.0281,0.029,0.028,42.0,11970.0,3941
2023-05-11 09:33:40,OP10005338,50ETF沽12月2400,0.028,0.0,0.0,0.0,50,0.0282,0.0286,10,0.029,0.0281,0.029,0.028,42.0,11970.0,3941
2023-05-11 09:33:41,OP10005338,50ETF沽12月2400,0.028,0.0,0.0,0.0,50,0.0282,0.0286,10,0.029,0.0281,0.029,0.028,42.0,11970.0,3941
2023-05-11 09:33:41,OP10005338,50ETF沽12月2400,0.028,0.0,0.0,0.0,50,0.0282,0.0286,10,0.029,0.0281,0.029,0.028,42.0,11970.0,3941
2023-05-11 09:33:42,OP10005338,50ETF沽12月2400,0.028,0.0,0.0,0.0,50,0.0282,0.0286,20,0.029,0.0281,0.029,0.028,42.0,11970.0,3941
2023-05-11 09:33:43,OP10005338,50ETF沽12月2400,0.028,0.0,0.0,0.0,50,0.0282,0.0286,10,0.029,0.0281,0.029,0.028,42.0,11970.0,3941
2023-05-11 09:33:43,OP10005338,50ETF沽12月2400,0.028,0.0,0.0,0.0,40,0.0282,0.0286,10,0.029,0.0281,0.029,0.028,42.0,11970.0,3941
2023-05-11 09:33:44,OP10005338,50ETF沽12月2400,0.028,0.0,0.0,0.0,30,0.0281,0.0286,20,0.029,0.0281,0.029,0.028,42.0,11970.0,3941
2023-05-11 09:33:44,OP10005338,50ETF沽12月2400,0.028,0.0,0.0,0.0,60,0.0281,0.0285,10,0.029,0.0281,0.029,0.028,42.0,11970.0,3941
2023-05-11 09:33:45,OP10005338,50ETF沽12月2400,0.028,0.0,0.0,0.0,40,0.0281,0.0285,30,0.029,0.0281,0.029,0.028,42.0,11970.0,3941
2023-05-11 09:33:45,OP10005338,50ETF沽12月2400,0.028,0.0,0.0,0.0,10,0.0281,0.0284,10,0.029,0.0281,0.029,0.028,42.0,11970.0,3941
2023-05-11 09:33:46,OP10005338,50ETF沽12月2400,0.028,0.0,0.0,0.0,10,0.0281,0.0284,20,0.029,0.0281,0.029,0.028,42.0,11970.0,3941
2023-05-11 09:33:46,OP10005338,50ETF沽12月2400,0.028,0.0,0.0,0.0,10,0.0281,0.0284,20,0.029,0.0281,0.029,0.028,42.0,11970.0,3941
2023-05-11 09:33:47,OP10005338,50ETF沽12月2400,0.028,0.0,0.0,0.0,10,0.0281,0.0283,10,0.029,0.0281,0.029,0.028,42.0,11970.0,3941
2023-05-11 09:33:47,OP10005338,50ETF沽12月2400,0.028,0.0,0.0,0.0,20,0.028,0.0284,20,0.029,0.0281,0.029,0.028,42.0,11970.0,3941
2023-05-11 09:33:48,OP10005338,50ETF沽12月2400,0.028,0.0,0.0,0.0,50,0.028,0.0283,10,0.029,0.0281,0.029,0.028,42.0,11970.0,3941
2023-05-11 09:33:48,OP10005338,50ETF沽12月2400,0.028,0.0,0.0,0.0,50,0.028,0.0284,20,0.029,0.0281,0.029,0.028,42.0,11970.0,3941
2023-05-11 09:33:49,OP10005338,50ETF沽12月2400,0.028,0.0,0.0,0.0,50,0.028,0.0284,20,0.029,0.0281,0.029,0.028,42.0,11970.0,3941
2023-05-11 09:33:49,OP10005338,50ETF沽12月2400,0.028,0.0,0.0,0.0,60,0.028,0.0284,20,0.029,0.0281,0.029,0.028,42.0,11970.0,3941
2023-05-11 09:33:50,OP10005338,50ETF沽12月2400,0.028,0.0,0.0,0.0,50,0.028,0.0284,20,0.029,0.0281,0.029,0.028,42.0,11970.0,3941
2023-05-11 09:33:50,OP10005338,50ETF沽12月2400,0.028,0.0,0.0,0.0,50,0.028,0.0284,20,0.029,0.0281,0.029,0.028,42.0,11970.0,3941
2023-05-11 09:33:51,OP10005338,50ETF沽12月2400,0.028,0.0,0.0,0.0,50,0.028,0.0284,20,0.029,0.0281,0.029,0.028,42.0,11970.0,3941
2023-05-11 09:33:51,OP10005338,50ETF沽12月2400,0.028,0.0,0.0,0.0,40,0.028,0.0284,20,0.029,0.0281,0.029,0.028,42.0,11970.0,3941
2023-05-11 09:33:52,OP10005338,50ETF沽12月2400,0.028,0.0,0.0,0.0,50,0.028,0.0284,20,0.029,0.0281,0.029,0.028,42.0,11970.0,3941
2023-05-11 09:33:53,OP10005338,50ETF沽12月2400,0.028,0.0,0.0,0.0,50,0.028,0.0284,20,0.029,0.0281,0.029,0.028,42.0,11970.0,3941
2023-05-11 09:33:54,OP10005338,50ETF沽12月2400,0.028,0.0,0.0,0.0,40,0.028,0.0284,20,0.029,0.0281,0.029,0.028,42.0,11970.0,3941
2023-05-11 09:33:55,OP10005338,50ETF沽12月2400,0.028,0.0,0.0,0.0,40,0.028,0.0283,10,0.029,0.0281,0.029,0.028,42.0,11970.0,3941
2023-05-11 09:33:56,OP10005338,50ETF沽12月2400,0.028,0.0,0.0,0.0,40,0.028,0.0283,10,0.029,0.0281,0.029,0.028,42.0,11970.0,3941
2023-05-11 09:33:56,OP10005338,50ETF沽12月2400,0.028,0.0,0.0,0.0,40,0.028,0.0284,20,0.029,0.0281,0.029,0.028,42.0,11970.0,3941
2023-05-11 09:33:57,OP10005338,50ETF沽12月2400,0.028,0.0,0.0,0.0,50,0.028,0.0284,10,0.029,0.0281,0.029,0.028,42.0,11970.0,3941
2023-05-11 09:33:57,OP10005338,50ETF沽12月2400,0.028,0.0,0.0,0.0,50,0.028,0.0285,20,0.029,0.0281,0.029,0.028,42.0,11970.0,3941
2023-05-11 09:33:58,OP10005338,50ETF沽12月2400,0.028,0.0,0.0,0.0,50,0.028,0.0285,20,0.029,0.0281,0.029,0.028,42.0,11970.0,3941
2023-05-11 09:33:59,OP10005338,50ETF沽12月2400,0.028,0.0,0.0,0.0,50,0.028,0.0285,20,0.029,0.0281,0.029,0.028,42.0,11970.0,3941
2023-05-11 09:34:00,OP10005338,50ETF沽12月2400,0.028,0.0,0.0,0.0,50,0.028,0.0284,10,0.029,0.0281,0.029,0.028,42.0,11970.0,3941
2023-05-11 09:34:00,OP10005338,50ETF沽12月2400,0.028,0.0,0.0,0.0,40,0.028,0.0284,20,0.029,0.0281,0.029,0.028,42.0,11970.0,3941
2023-05-11 09:34:01,OP10005338,50ETF沽12月2400,0.028,0.0,0.0,0.0,50,0.028,0.0284,10,0.029,0.0281,0.029,0.028,42.0,11970.0,3941
2023-05-11 09:34:01,OP10005338,50ETF沽12月2400,0.028,0.0,0.0,0.0,50,0.028,0.0285,20,0.029,0.0281,0.029,0.028,42.0,11970.0,3941
2023-05-11 09:34:03,OP10005338,50ETF沽12月2400,0.028,0.0,0.0,0.0,50,0.028,0.0284,10,0.029,0.0281,0.029,0.028,42.0,11970.0,3941
2023-05-11 09:34:03,OP10005338,50ETF沽12月2400,0.028,0.0,0.0,0.0,50,0.028,0.0284,20,0.029,0.0281,0.029,0.028,42.0,11970.0,3941
2023-05-11 09:34:04,OP10005338,50ETF沽12月2400,0.028,0.0,0.0,0.0,50,0.028,0.0284,10,0.029,0.0281,0.029,0.028,42.0,11970.0,3941
2023-05-11 09:34:04,OP10005338,50ETF沽12月2400,0.028,0.0,0.0,0.0,50,0.028,0.0285,30,0.029,0.0281,0.029,0.028,42.0,11970.0,3941
2023-05-11 09:34:06,OP10005338,50ETF沽12月2400,0.028,0.0,0.0,0.0,50,0.028,0.0285,20,0.029,0.0281,0.029,0.028,42.0,11970.0,3941
2023-05-11 09:34:07,OP10005338,50ETF沽12月2400,0.028,0.0,0.0,0.0,50,0.028,0.0285,10,0.029,0.0281,0.029,0.028,42.0,11970.0,3941
2023-05-11 09:34:07,OP10005338,50ETF沽12月2400,0.028,0.0,0.0,0.0,50,0.028,0.0285,20,0.029,0.0281,0.029,0.028,42.0,11970.0,3941
2023-05-11 09:34:08,OP10005338,50ETF沽12月2400,0.028,0.0,0.0,0.0,40,0.028,0.0285,20,0.029,0.0281,0.029,0.028,42.0,11970.0,3941
2023-05-11 09:34:08,OP10005338,50ETF沽12月2400,0.028,0.0,0.0,0.0,40,0.028,0.0285,20,0.029,0.0281,0.029,0.028,42.0,11970.0,3941
2023-05-11 09:34:09,OP10005338,50ETF沽12月2400,0.028,0.0,0.0,0.0,40,0.028,0.0285,30,0.029,0.0281,0.029,0.028,42.0,11970.0,3941
2023-05-11 09:34:10,OP10005338,50ETF沽12月2400,0.028,0.0,0.0,0.0,50,0.028,0.0285,30,0.029,0.0281,0.029,0.028,42.0,11970.0,3941
2023-05-11 09:34:11,OP10005338,50ETF沽12月2400,0.028,0.0,0.0,0.0,50,0.028,0.0284,10,0.029,0.0281,0.029,0.028,42.0,11970.0,3941
2023-05-11 09:34:11,OP10005338,50ETF沽12月2400,0.028,0.0,0.0,0.0,40,0.028,0.0284,20,0.029,0.0281,0.029,0.028,42.0,11970.0,3941
2023-05-11 09:34:12,OP10005338,50ETF沽12月2400,0.028,0.0,0.0,0.0,40,0.028,0.0284,10,0.029,0.0281,0.029,0.028,42.0,11970.0,3941
2023-05-11 09:34:12,OP10005338,50ETF沽12月2400,0.028,0.0,0.0,0.0,40,0.028,0.0285,30,0.029,0.0281,0.029,0.028,42.0,11970.0,3941
2023-05-11 09:34:13,OP10005338,50ETF沽12月2400,0.028,0.0,0.0,0.0,40,0.028,0.0284,10,0.029,0.0281,0.029,0.028,42.0,11970.0,3941
2023-05-11 09:34:13,OP10005338,50ETF沽12月2400,0.028,0.0,0.0,0.0,40,0.028,0.0284,10,0.029,0.0281,0.029,0.028,42.0,11970.0,3941
2023-05-11 09:34:14,OP10005338,50ETF沽12月2400,0.028,0.0,0.0,0.0,40,0.028,0.0285,60,0.029,0.0281,0.029,0.028,42.0,11970.0,3941
2023-05-11 09:34:14,OP10005338,50ETF沽12月2400,0.028,0.0,0.0,0.0,50,0.028,0.0285,60,0.029,0.0281,0.029,0.028,42.0,11970.0,3941
2023-05-11 09:34:15,OP10005338,50ETF沽12月2400,0.028,0.0,0.0,0.0,20,0.028,0.0285,60,0.029,0.0281,0.029,0.028,42.0,11970.0,3941
2023-05-11 09:34:19,OP10005338,50ETF沽12月2400,0.028,0.0,0.0,0.0,10,0.028,0.0284,10,0.029,0.0281,0.029,0.028,42.0,11970.0,3941
2023-05-11 09:34:20,OP10005338,50ETF沽12月2400,0.028,0.0,0.0,0.0,50,0.0279,0.0283,30,0.029,0.0281,0.029,0.028,42.0,11970.0,3941
2023-05-11 09:34:20,OP10005338,50ETF沽12月2400,0.028,0.0,0.0,0.0,30,0.0279,0.0283,50,0.029,0.0281,0.029,0.028,42.0,11970.0,3941
2023-05-11 09:34:21,OP10005338,50ETF沽12月2400,0.028,0.0,0.0,0.0,31,0.0278,0.0283,70,0.029,0.0281,0.029,0.028,42.0,11970.0,3941
2023-05-11 09:34:21,OP10005338,50ETF沽12月2400,0.028,0.0,0.0,0.0,51,0.0278,0.0283,70,0.029,0.0281,0.029,0.028,42.0,11970.0,3941
2023-05-11 09:34:22,OP10005338,50ETF沽12月2400,0.028,0.0,0.0,0.0,81,0.0278,0.0283,70,0.029,0.0281,0.029,0.028,42.0,11970.0,3941
2023-05-11 09:34:23,OP10005338,50ETF沽12月2400,0.028,0.0,0.0,0.0,71,0.0278,0.0283,70,0.029,0.0281,0.029,0.028,42.0,11970.0,3941
2023-05-11 09:34:23,OP10005338,50ETF沽12月2400,0.028,0.0,0.0,0.0,71,0.0278,0.0283,71,0.029,0.0281,0.029,0.028,42.0,11970.0,3941
2023-05-11 09:34:24,OP10005338,50ETF沽12月2400,0.028,0.0,0.0,0.0,51,0.0278,0.0283,71,0.029,0.0281,0.029,0.028,42.0,11970.0,3941
2023-05-11 09:34:24,OP10005338,50ETF沽12月2400,0.028,0.0,0.0,0.0,81,0.0278,0.0283,71,0.029,0.0281,0.029,0.028,42.0,11970.0,3941
2023-05-11 09:34:25,OP10005338,50ETF沽12月2400,0.028,0.0,0.0,0.0,41,0.0278,0.0283,71,0.029,0.0281,0.029,0.028,42.0,11970.0,3941
2023-05-11 09:34:26,OP10005338,50ETF沽12月2400,0.028,0.0,0.0,0.0,71,0.0278,0.0283,71,0.029,0.0281,0.029,0.028,42.0,11970.0,3941
2023-05-11 09:34:26,OP10005338,50ETF沽12月2400,0.028,0.0,0.0,0.0,51,0.0278,0.0283,61,0.029,0.0281,0.029,0.028,42.0,11970.0,3941
2023-05-11 09:34:27,OP10005338,50ETF沽12月2400,0.028,0.0,0.0,0.0,81,0.0278,0.0283,51,0.029,0.0281,0.029,0.028,42.0,11970.0,3941
2023-05-11 09:34:27,OP10005338,50ETF沽12月2400,0.028,0.0,0.0,0.0,81,0.0278,0.0283,50,0.029,0.0281,0.029,0.028,42.0,11970.0,3941
2023-05-11 09:34:28,OP10005338,50ETF沽12月2400,0.028,0.0,0.0,0.0,91,0.0278,0.0283,40,0.029,0.0281,0.029,0.028,42.0,11970.0,3941
2023-05-11 09:34:30,OP10005338,50ETF沽12月2400,0.028,0.0,0.0,0.0,91,0.0278,0.0283,50,0.029,0.0281,0.029,0.028,42.0,11970.0,3941
2023-05-11 09:34:31,OP10005338,50ETF沽12月2400,0.028,0.0,0.0,0.0,91,0.0278,0.0283,40,0.029,0.0281,0.029,0.028,42.0,11970.0,3941
2023-05-11 09:34:32,OP10005338,50ETF沽12月2400,0.028,0.0,0.0,0.0,101,0.0278,0.0283,40,0.029,0.0281,0.029,0.028,42.0,11970.0,3941
2023-05-11 09:34:32,OP10005338,50ETF沽12月2400,0.028,0.0,0.0,0.0,81,0.0278,0.0283,40,0.029,0.0281,0.029,0.028,42.0,11970.0,3941
2023-05-11 09:34:33,OP10005338,50ETF沽12月2400,0.028,0.0,0.0,0.0,10,0.0279,0.0283,30,0.029,0.0281,0.029,0.028,42.0,11970.0,3941
2023-05-11 09:34:33,OP10005338,50ETF沽12月2400,0.028,0.0,0.0,0.0,50,0.0279,0.0284,20,0.029,0.0281,0.029,0.028,42.0,11970.0,3941
2023-05-11 09:34:34,OP10005338,50ETF沽12月2400,0.028,0.0,0.0,0.0,30,0.0279,0.0285,20,0.029,0.0281,0.029,0.028,42.0,11970.0,3941
2023-05-11 09:34:34,OP10005338,50ETF沽12月2400,0.028,0.0,0.0,0.0,20,0.0279,0.0284,30,0.029,0.0281,0.029,0.028,42.0,11970.0,3941
2023-05-11 09:34:35,OP10005338,50ETF沽12月2400,0.028,0.0,0.0,0.0,60,0.0279,0.0284,40,0.029,0.0281,0.029,0.028,42.0,11970.0,3941
2023-05-11 09:34:35,OP10005338,50ETF沽12月2400,0.028,0.0,0.0,0.0,40,0.0279,0.0284,50,0.029,0.0281,0.029,0.028,42.0,11970.0,3941
2023-05-11 09:34:36,OP10005338,50ETF沽12月2400,0.028,0.0,0.0,0.0,30,0.0279,0.0284,50,0.029,0.0281,0.029,0.028,42.0,11970.0,3941
2023-05-11 09:34:36,OP10005338,50ETF沽12月2400,0.028,0.0,0.0,0.0,20,0.0279,0.0284,40,0.029,0.0281,0.029,0.028,42.0,11970.0,3941
2023-05-11 09:34:37,OP10005338,50ETF沽12月2400,0.028,0.0,0.0,0.0,60,0.0279,0.0284,40,0.029,0.0281,0.029,0.028,42.0,11970.0,3941
2023-05-11 09:34:37,OP10005338,50ETF沽12月2400,0.028,0.0,0.0,0.0,40,0.0279,0.0284,30,0.029,0.0281,0.029,0.028,42.0,11970.0,3941
2023-05-11 09:34:38,OP10005338,50ETF沽12月2400,0.028,0.0,0.0,0.0,20,0.028,0.0285,20,0.029,0.0281,0.029,0.028,42.0,11970.0,3941
2023-05-11 09:34:38,OP10005338,50ETF沽12月2400,0.028,0.0,0.0,0.0,70,0.028,0.0285,40,0.029,0.0281,0.029,0.028,42.0,11970.0,3941
2023-05-11 09:34:39,OP10005338,50ETF沽12月2400,0.028,0.0,0.0,0.0,100,0.028,0.0285,40,0.029,0.0281,0.029,0.028,42.0,11970.0,3941
2023-05-11 09:34:40,OP10005338,50ETF沽12月2400,0.028,0.0,0.0,0.0,70,0.028,0.0285,40,0.029,0.0281,0.029,0.028,42.0,11970.0,3941
2023-05-11 09:34:40,OP10005338,50ETF沽12月2400,0.028,0.0,0.0,0.0,70,0.028,0.0285,50,0.029,0.0281,0.029,0.028,42.0,11970.0,3941
2023-05-11 09:34:41,OP10005338,50ETF沽12月2400,0.028,0.0,0.0,0.0,100,0.028,0.0285,40,0.029,0.0281,0.029,0.028,42.0,11970.0,3941
2023-05-11 09:34:42,OP10005338,50ETF沽12月2400,0.028,0.0,0.0,0.0,10,0.0281,0.0285,40,0.029,0.0281,0.029,0.028,42.0,11970.0,3941
2023-05-11 09:34:43,OP10005338,50ETF沽12月2400,0.028,0.0,0.0,0.0,30,0.0281,0.0285,40,0.029,0.0281,0.029,0.028,42.0,11970.0,3941
2023-05-11 09:34:44,OP10005338,50ETF沽12月2400,0.028,0.0,0.0,0.0,20,0.0281,0.0285,40,0.029,0.0281,0.029,0.028,42.0,11970.0,3941
2023-05-11 09:34:44,OP10005338,50ETF沽12月2400,0.028,0.0,0.0,0.0,30,0.0281,0.0285,40,0.029,0.0281,0.029,0.028,42.0,11970.0,3941
2023-05-11 09:34:45,OP10005338,50ETF沽12月2400,0.028,0.0,0.0,0.0,20,0.0281,0.0285,40,0.029,0.0281,0.029,0.028,42.0,11970.0,3941
2023-05-11 09:34:45,OP10005338,50ETF沽12月2400,0.028,0.0,0.0,0.0,20,0.0281,0.0285,40,0.029,0.0281,0.029,0.028,42.0,11970.0,3941
2023-05-11 09:34:46,OP10005338,50ETF沽12月2400,0.028,0.0,0.0,0.0,10,0.0281,0.0285,40,0.029,0.0281,0.029,0.028,42.0,11970.0,3941
2023-05-11 09:34:46,OP10005338,50ETF沽12月2400,0.028,0.0,0.0,0.0,10,0.0281,0.0285,40,0.029,0.0281,0.029,0.028,42.0,11970.0,3941
2023-05-11 09:34:47,OP10005338,50ETF沽12月2400,0.028,0.0,0.0,0.0,10,0.0281,0.0285,40,0.029,0.0281,0.029,0.028,42.0,11970.0,3941
2023-05-11 09:34:47,OP10005338,50ETF沽12月2400,0.028,0.0,0.0,0.0,60,0.028,0.0285,50,0.029,0.0281,0.029,0.028,42.0,11970.0,3941
2023-05-11 09:34:48,OP10005338,50ETF沽12月2400,0.028,0.0,0.0,0.0,60,0.028,0.0285,50,0.029,0.0281,0.029,0.028,42.0,11970.0,3941
2023-05-11 09:34:48,OP10005338,50ETF沽12月2400,0.028,0.0,0.0,0.0,50,0.028,0.0285,50,0.029,0.0281,0.029,0.028,42.0,11970.0,3941
2023-05-11 09:34:49,OP10005338,50ETF沽12月2400,0.028,0.0,0.0,0.0,50,0.028,0.0285,50,0.029,0.0281,0.029,0.028,42.0,11970.0,3941
2023-05-11 09:34:49,OP10005338,50ETF沽12月2400,0.028,0.0,0.0,0.0,60,0.028,0.0285,60,0.029,0.0281,0.029,0.028,42.0,11970.0,3941
2023-05-11 09:34:50,OP10005338,50ETF沽12月2400,0.028,0.0,0.0,0.0,20,0.028,0.0285,60,0.029,0.0281,0.029,0.028,42.0,11970.0,3941
2023-05-11 09:34:51,OP10005338,50ETF沽12月2400,0.028,0.0,0.0,0.0,10,0.028,0.0285,40,0.029,0.0281,0.029,0.028,42.0,11970.0,3941
2023-05-11 09:34:51,OP10005338,50ETF沽12月2400,0.028,0.0,0.0,0.0,20,0.0279,0.0285,40,0.029,0.0281,0.029,0.028,42.0,11970.0,3941
2023-05-11 09:34:52,OP10005338,50ETF沽12月2400,0.028,0.0,0.0,0.0,30,0.0279,0.0285,50,0.029,0.0281,0.029,0.028,42.0,11970.0,3941
2023-05-11 09:34:52,OP10005338,50ETF沽12月2400,0.028,0.0,0.0,0.0,30,0.0279,0.0285,50,0.029,0.0281,0.029,0.028,42.0,11970.0,3941
2023-05-11 09:34:53,OP10005338,50ETF沽12月2400,0.028,0.0,0.0,0.0,50,0.0279,0.0285,41,0.029,0.0281,0.029,0.028,42.0,11970.0,3941
2023-05-11 09:34:53,OP10005338,50ETF沽12月2400,0.028,0.0,0.0,0.0,10,0.028,0.0285,61,0.029,0.0281,0.029,0.028,42.0,11970.0,3941
2023-05-11 09:34:54,OP10005338,50ETF沽12月2400,0.028,0.0,0.0,0.0,20,0.028,0.0285,61,0.029,0.0281,0.029,0.028,42.0,11970.0,3941
2023-05-11 09:34:54,OP10005338,50ETF沽12月2400,0.028,0.0,0.0,0.0,20,0.028,0.0285,51,0.029,0.0281,0.029,0.028,42.0,11970.0,3941
2023-05-11 09:34:55,OP10005338,50ETF沽12月2400,0.028,0.0,0.0,0.0,20,0.028,0.0285,51,0.029,0.0281,0.029,0.028,42.0,11970.0,3941
2023-05-11 09:34:55,OP10005338,50ETF沽12月2400,0.028,0.0,0.0,0.0,10,0.028,0.0285,51,0.029,0.0281,0.029,0.028,42.0,11970.0,3941
2023-05-11 09:34:56,OP10005338,50ETF沽12月2400,0.028,0.0,0.0,0.0,10,0.028,0.0285,51,0.029,0.0281,0.029,0.028,42.0,11970.0,3941
2023-05-11 09:34:56,OP10005338,50ETF沽12月2400,0.028,0.0,0.0,0.0,20,0.028,0.0285,61,0.029,0.0281,0.029,0.028,42.0,11970.0,3941
2023-05-11 09:34:57,OP10005338,50ETF沽12月2400,0.028,0.0,0.0,0.0,30,0.028,0.0285,51,0.029,0.0281,0.029,0.028,42.0,11970.0,3941
2023-05-11 09:34:57,OP10005338,50ETF沽12月2400,0.028,0.0,0.0,0.0,30,0.028,0.0285,61,0.029,0.0281,0.029,0.028,42.0,11970.0,3941
2023-05-11 09:34:58,OP10005338,50ETF沽12月2400,0.028,0.0,0.0,0.0,60,0.028,0.0285,61,0.029,0.0281,0.029,0.028,42.0,11970.0,3941
2023-05-11 09:34:58,OP10005338,50ETF沽12月2400,0.028,0.0,0.0,0.0,70,0.028,0.0285,60,0.029,0.0281,0.029,0.028,42.0,11970.0,3941
2023-05-11 09:34:59,OP10005338,50ETF沽12月2400,0.028,0.0,0.0,0.0,40,0.028,0.0285,70,0.029,0.0281,0.029,0.028,42.0,11970.0,3941
2023-05-11 09:34:59,OP10005338,50ETF沽12月2400,0.028,0.0,0.0,0.0,90,0.028,0.0285,60,0.029,0.0281,0.029,0.028,42.0,11970.0,3941
2023-05-11 09:35:00,OP10005338,50ETF沽12月2400,0.028,0.0,0.0,0.0,90,0.028,0.0285,60,0.029,0.0281,0.029,0.028,42.0,11970.0,3941
2023-05-11 09:35:00,OP10005338,50ETF沽12月2400,0.028,0.0,0.0,0.0,10,0.0281,0.0285,30,0.029,0.0281,0.029,0.028,42.0,11970.0,3941
2023-05-11 09:35:01,OP10005338,50ETF沽12月2400,0.0281,20.0,5620.0,-20.0,50,0.0281,0.0285,10,0.029,0.0281,0.029,0.028,62.0,17590.0,3921
2023-05-11 09:35:01,OP10005338,50ETF沽12月2400,0.0281,0.0,0.0,0.0,60,0.0281,0.0287,20,0.029,0.0281,0.029,0.028,62.0,17590.0,3921
2023-05-11 09:35:02,OP10005338,50ETF沽12月2400,0.0281,0.0,0.0,0.0,40,0.0281,0.0286,30,0.029,0.0281,0.029,0.028,62.0,17590.0,3921
2023-05-11 09:35:02,OP10005338,50ETF沽12月2400,0.0281,0.0,0.0,0.0,40,0.0281,0.0286,40,0.029,0.0281,0.029,0.028,62.0,17590.0,3921
2023-05-11 09:35:03,OP10005338,50ETF沽12月2400,0.0281,20.0,5620.0,-20.0,40,0.0281,0.0286,40,0.029,0.0281,0.029,0.028,82.0,23210.0,3901
2023-05-11 09:35:03,OP10005338,50ETF沽12月2400,0.0281,0.0,0.0,0.0,60,0.0281,0.0286,10,0.029,0.0281,0.029,0.028,82.0,23210.0,3901
2023-05-11 09:35:04,OP10005338,50ETF沽12月2400,0.0281,10.0,2810.0,0.0,60,0.0281,0.0288,21,0.029,0.0281,0.029,0.028,92.0,26020.0,3901
2023-05-11 09:35:04,OP10005338,50ETF沽12月2400,0.0281,0.0,0.0,0.0,80,0.0281,0.0287,30,0.029,0.0281,0.029,0.028,92.0,26020.0,3901
2023-05-11 09:35:05,OP10005338,50ETF沽12月2400,0.0281,10.0,2810.0,-10.0,60,0.0281,0.0287,50,0.029,0.0281,0.029,0.028,102.0,28830.0,3891
2023-05-11 09:35:05,OP10005338,50ETF沽12月2400,0.0281,0.0,0.0,0.0,70,0.0281,0.0287,50,0.029,0.0281,0.029,0.028,102.0,28830.0,3891
2023-05-11 09:35:06,OP10005338,50ETF沽12月2400,0.0281,20.0,5620.0,0.0,10,0.0282,0.0287,40,0.029,0.0281,0.029,0.028,122.0,34450.0,3891
2023-05-11 09:35:06,OP10005338,50ETF沽12月2400,0.0281,0.0,0.0,0.0,20,0.0282,0.0287,30,0.029,0.0281,0.029,0.028,122.0,34450.0,3891
2023-05-11 09:35:07,OP10005338,50ETF沽12月2400,0.0281,0.0,0.0,0.0,80,0.0282,0.0287,40,0.029,0.0281,0.029,0.028,122.0,34450.0,3891
2023-05-11 09:35:07,OP10005338,50ETF沽12月2400,0.0281,0.0,0.0,0.0,70,0.0282,0.0287,40,0.029,0.0281,0.029,0.028,122.0,34450.0,3891
2023-05-11 09:35:08,OP10005338,50ETF沽12月2400,0.0282,30.0,8460.0,0.0,40,0.0282,0.0287,40,0.029,0.0281,0.029,0.028,152.0,42910.0,3891
2023-05-11 09:35:08,OP10005338,50ETF沽12月2400,0.0282,0.0,0.0,0.0,50,0.0282,0.0287,40,0.029,0.0281,0.029,0.028,152.0,42910.0,3891
2023-05-11 09:35:09,OP10005338,50ETF沽12月2400,0.0282,20.0,5640.0,-10.0,20,0.0282,0.0287,40,0.029,0.0281,0.029,0.028,172.0,48550.0,3881
2023-05-11 09:35:09,OP10005338,50ETF沽12月2400,0.0282,0.0,0.0,0.0,40,0.0282,0.0287,40,0.029,0.0281,0.029,0.028,172.0,48550.0,3881
2023-05-11 09:35:10,OP10005338,50ETF沽12月2400,0.0282,20.0,5640.0,0.0,20,0.0282,0.0287,40,0.029,0.0281,0.029,0.028,192.0,54190.0,3881
2023-05-11 09:35:10,OP10005338,50ETF沽12月2400,0.0282,0.0,0.0,0.0,40,0.0282,0.0287,40,0.029,0.0281,0.029,0.028,192.0,54190.0,3881
2023-05-11 09:35:11,OP10005338,50ETF沽12月2400,0.0282,10.0,2820.0,-10.0,30,0.0282,0.0287,50,0.029,0.0281,0.029,0.028,202.0,57010.0,3871
2023-05-11 09:35:11,OP10005338,50ETF沽12月2400,0.0282,0.0,0.0,0.0,10,0.0282,0.0287,51,0.029,0.0281,0.029,0.028,202.0,57010.0,3871
2023-05-11 09:35:12,OP10005338,50ETF沽12月2400,0.0281,10.0,2810.0,0.0,10,0.0281,0.0287,51,0.029,0.0281,0.029,0.028,212.0,59820.0,3871
2023-05-11 09:35:12,OP10005338,50ETF沽12月2400,0.0281,0.0,0.0,0.0,30,0.028,0.0287,61,0.029,0.0281,0.029,0.028,212.0,59820.0,3871
2023-05-11 09:35:13,OP10005338,50ETF沽12月2400,0.0281,0.0,0.0,0.0,30,0.028,0.0281,10,0.029,0.0281,0.029,0.028,212.0,59820.0,3871
2023-05-11 09:35:14,OP10005338,50ETF沽12月2400,0.0281,10.0,2810.0,-10.0,30,0.028,0.0282,10,0.029,0.0281,0.029,0.028,222.0,62630.0,3861
2023-05-11 09:35:14,OP10005338,50ETF沽12月2400,0.028,20.0,5600.0,0.0,10,0.028,0.0285,20,0.029,0.0281,0.029,0.028,242.0,68230.0,3861
2023-05-11 09:35:14,OP10005338,50ETF沽12月2400,0.028,0.0,0.0,0.0,20,0.0279,0.0284,30,0.029,0.0281,0.029,0.028,242.0,68230.0,3861
2023-05-11 09:35:15,OP10005338,50ETF沽12月2400,0.028,0.0,0.0,0.0,40,0.0279,0.0282,10,0.029,0.0281,0.029,0.028,242.0,68230.0,3861
2023-05-11 09:35:15,OP10005338,50ETF沽12月2400,0.028,0.0,0.0,0.0,10,0.028,0.0284,50,0.029,0.0281,0.029,0.028,242.0,68230.0,3861
2023-05-11 09:35:16,OP10005338,50ETF沽12月2400,0.028,20.0,5600.0,-10.0,40,0.0279,0.0282,10,0.029,0.0281,0.029,0.028,262.0,73830.0,3851
2023-05-11 09:35:16,OP10005338,50ETF沽12月2400,0.028,0.0,0.0,0.0,30,0.0279,0.0282,10,0.029,0.0281,0.029,0.028,262.0,73830.0,3851
2023-05-11 09:35:17,OP10005338,50ETF沽12月2400,0.028,0.0,0.0,0.0,20,0.0279,0.0282,10,0.029,0.0281,0.029,0.028,262.0,73830.0,3851
2023-05-11 09:35:17,OP10005338,50ETF沽12月2400,0.028,0.0,0.0,0.0,30,0.0279,0.0282,30,0.029,0.0281,0.029,0.028,262.0,73830.0,3851
2023-05-11 09:35:18,OP10005338,50ETF沽12月2400,0.028,0.0,0.0,0.0,10,0.0279,0.0282,50,0.029,0.0281,0.029,0.028,262.0,73830.0,3851
2023-05-11 09:35:18,OP10005338,50ETF沽12月2400,0.028,0.0,0.0,0.0,10,0.0279,0.0282,50,0.029,0.0281,0.029,0.028,262.0,73830.0,3851
2023-05-11 09:35:19,OP10005338,50ETF沽12月2400,0.028,0.0,0.0,0.0,61,0.0278,0.0282,40,0.029,0.0281,0.029,0.028,262.0,73830.0,3851
2023-05-11 09:35:20,OP10005338,50ETF沽12月2400,0.028,0.0,0.0,0.0,61,0.0278,0.0282,10,0.029,0.0281,0.029,0.028,262.0,73830.0,3851
2023-05-11 09:35:20,OP10005338,50ETF沽12月2400,0.028,0.0,0.0,0.0,41,0.0278,0.0283,10,0.029,0.0281,0.029,0.028,262.0,73830.0,3851
2023-05-11 09:35:21,OP10005338,50ETF沽12月2400,0.028,0.0,0.0,0.0,51,0.0278,0.0283,40,0.029,0.0281,0.029,0.028,262.0,73830.0,3851
2023-05-11 09:35:21,OP10005338,50ETF沽12月2400,0.028,0.0,0.0,0.0,41,0.0278,0.0283,40,0.029,0.0281,0.029,0.028,262.0,73830.0,3851
2023-05-11 09:35:22,OP10005338,50ETF沽12月2400,0.028,0.0,0.0,0.0,41,0.0278,0.0283,40,0.029,0.0281,0.029,0.028,262.0,73830.0,3851
2023-05-11 09:35:22,OP10005338,50ETF沽12月2400,0.028,0.0,0.0,0.0,41,0.0278,0.0283,50,0.029,0.0281,0.029,0.028,262.0,73830.0,3851
2023-05-11 09:35:23,OP10005338,50ETF沽12月2400,0.028,0.0,0.0,0.0,51,0.0278,0.0283,50,0.029,0.0281,0.029,0.028,262.0,73830.0,3851
2023-05-11 09:35:23,OP10005338,50ETF沽12月2400,0.028,0.0,0.0,0.0,31,0.0278,0.0283,40,0.029,0.0281,0.029,0.028,262.0,73830.0,3851
2023-05-11 09:35:24,OP10005338,50ETF沽12月2400,0.028,0.0,0.0,0.0,10,0.0279,0.0283,50,0.029,0.0281,0.029,0.028,262.0,73830.0,3851
2023-05-11 09:35:24,OP10005338,50ETF沽12月2400,0.028,0.0,0.0,0.0,40,0.0279,0.0283,50,0.029,0.0281,0.029,0.028,262.0,73830.0,3851
2023-05-11 09:35:27,OP10005338,50ETF沽12月2400,0.028,0.0,0.0,0.0,40,0.0279,0.0283,50,0.029,0.0281,0.029,0.028,262.0,73830.0,3851
2023-05-11 09:35:27,OP10005338,50ETF沽12月2400,0.028,0.0,0.0,0.0,30,0.0279,0.0283,50,0.029,0.0281,0.029,0.028,262.0,73830.0,3851
2023-05-11 09:35:28,OP10005338,50ETF沽12月2400,0.028,0.0,0.0,0.0,40,0.0279,0.0283,50,0.029,0.0281,0.029,0.028,262.0,73830.0,3851
2023-05-11 09:35:29,OP10005338,50ETF沽12月2400,0.028,0.0,0.0,0.0,20,0.0279,0.0283,50,0.029,0.0281,0.029,0.028,262.0,73830.0,3851
2023-05-11 09:35:29,OP10005338,50ETF沽12月2400,0.028,0.0,0.0,0.0,10,0.0279,0.0283,50,0.029,0.0281,0.029,0.028,262.0,73830.0,3851
2023-05-11 09:35:30,OP10005338,50ETF沽12月2400,0.028,0.0,0.0,0.0,21,0.0278,0.0283,50,0.029,0.0281,0.029,0.028,262.0,73830.0,3851
2023-05-11 09:35:31,OP10005338,50ETF沽12月2400,0.028,0.0,0.0,0.0,21,0.0278,0.0283,50,0.029,0.0281,0.029,0.028,262.0,73830.0,3851
2023-05-11 09:35:32,OP10005338,50ETF沽12月2400,0.028,0.0,0.0,0.0,21,0.0278,0.0283,50,0.029,0.0281,0.029,0.028,262.0,73830.0,3851
2023-05-11 09:35:32,OP10005338,50ETF沽12月2400,0.028,0.0,0.0,0.0,21,0.0278,0.0283,50,0.029,0.0281,0.029,0.028,262.0,73830.0,3851
2023-05-11 09:35:34,OP10005338,50ETF沽12月2400,0.028,0.0,0.0,0.0,21,0.0278,0.0283,50,0.029,0.0281,0.029,0.028,262.0,73830.0,3851
2023-05-11 09:35:34,OP10005338,50ETF沽12月2400,0.028,0.0,0.0,0.0,11,0.0278,0.0283,60,0.029,0.0281,0.029,0.028,262.0,73830.0,3851
2023-05-11 09:35:35,OP10005338,50ETF沽12月2400,0.028,0.0,0.0,0.0,1,0.0278,0.0283,50,0.029,0.0281,0.029,0.028,262.0,73830.0,3851
2023-05-11 09:35:35,OP10005338,50ETF沽12月2400,0.028,0.0,0.0,0.0,1,0.0278,0.0283,61,0.029,0.0281,0.029,0.028,262.0,73830.0,3851
2023-05-11 09:35:36,OP10005338,50ETF沽12月2400,0.028,0.0,0.0,0.0,11,0.0278,0.0283,71,0.029,0.0281,0.029,0.028,262.0,73830.0,3851
2023-05-11 09:35:36,OP10005338,50ETF沽12月2400,0.028,0.0,0.0,0.0,11,0.0278,0.0283,71,0.029,0.0281,0.029,0.028,262.0,73830.0,3851
2023-05-11 09:35:37,OP10005338,50ETF沽12月2400,0.028,0.0,0.0,0.0,11,0.0278,0.0283,71,0.029,0.0281,0.029,0.028,262.0,73830.0,3851
2023-05-11 09:35:37,OP10005338,50ETF沽12月2400,0.028,0.0,0.0,0.0,11,0.0278,0.0283,61,0.029,0.0281,0.029,0.028,262.0,73830.0,3851
2023-05-11 09:35:38,OP10005338,50ETF沽12月2400,0.028,0.0,0.0,0.0,11,0.0278,0.0283,71,0.029,0.0281,0.029,0.028,262.0,73830.0,3851
2023-05-11 09:35:39,OP10005338,50ETF沽12月2400,0.028,0.0,0.0,0.0,11,0.0278,0.0283,61,0.029,0.0281,0.029,0.028,262.0,73830.0,3851
2023-05-11 09:35:39,OP10005338,50ETF沽12月2400,0.028,0.0,0.0,0.0,11,0.0278,0.0283,81,0.029,0.0281,0.029,0.028,262.0,73830.0,3851
2023-05-11 09:35:41,OP10005338,50ETF沽12月2400,0.028,0.0,0.0,0.0,11,0.0278,0.0283,71,0.029,0.0281,0.029,0.028,262.0,73830.0,3851
2023-05-11 09:35:42,OP10005338,50ETF沽12月2400,0.028,0.0,0.0,0.0,11,0.0278,0.0283,81,0.029,0.0281,0.029,0.028,262.0,73830.0,3851
2023-05-11 09:35:43,OP10005338,50ETF沽12月2400,0.028,0.0,0.0,0.0,11,0.0278,0.0283,81,0.029,0.0281,0.029,0.028,262.0,73830.0,3851
2023-05-11 09:35:44,OP10005338,50ETF沽12月2400,0.028,0.0,0.0,0.0,11,0.0278,0.0283,91,0.029,0.0281,0.029,0.028,262.0,73830.0,3851
2023-05-11 09:35:45,OP10005338,50ETF沽12月2400,0.028,0.0,0.0,0.0,11,0.0278,0.0283,81,0.029,0.0281,0.029,0.028,262.0,73830.0,3851
2023-05-11 09:35:45,OP10005338,50ETF沽12月2400,0.028,0.0,0.0,0.0,11,0.0278,0.0282,1,0.029,0.0281,0.029,0.028,262.0,73830.0,3851
2023-05-11 09:35:46,OP10005338,50ETF沽12月2400,0.028,0.0,0.0,0.0,11,0.0278,0.0281,30,0.029,0.0281,0.029,0.028,262.0,73830.0,3851
2023-05-11 09:35:47,OP10005338,50ETF沽12月2400,0.0278,10.0,2780.0,-10.0,20,0.0277,0.0281,50,0.029,0.0281,0.029,0.0278,272.0,76610.0,3841
2023-05-11 09:35:47,OP10005338,50ETF沽12月2400,0.0278,0.0,0.0,0.0,10,0.0277,0.0281,60,0.029,0.0281,0.029,0.0278,272.0,76610.0,3841
2023-05-11 09:35:48,OP10005338,50ETF沽12月2400,0.0277,10.0,2770.0,0.0,10,0.0276,0.0281,70,0.029,0.0281,0.029,0.0277,282.0,79380.0,3841
2023-05-11 09:35:48,OP10005338,50ETF沽12月2400,0.0277,0.0,0.0,0.0,40,0.0276,0.0281,60,0.029,0.0281,0.029,0.0277,282.0,79380.0,3841
2023-05-11 09:35:49,OP10005338,50ETF沽12月2400,0.0276,20.0,5520.0,0.0,40,0.0276,0.0281,30,0.029,0.0281,0.029,0.0276,302.0,84900.0,3841
2023-05-11 09:35:49,OP10005338,50ETF沽12月2400,0.0276,0.0,0.0,0.0,40,0.0276,0.0281,50,0.029,0.0281,0.029,0.0276,302.0,84900.0,3841
2023-05-11 09:35:49,OP10005338,50ETF沽12月2400,0.0276,0.0,0.0,0.0,50,0.0276,0.0281,60,0.029,0.0281,0.029,0.0276,302.0,84900.0,3841
2023-05-11 09:35:50,OP10005338,50ETF沽12月2400,0.0276,0.0,0.0,0.0,50,0.0276,0.0281,50,0.029,0.0281,0.029,0.0276,302.0,84900.0,3841
2023-05-11 09:35:51,OP10005338,50ETF沽12月2400,0.0276,20.0,5520.0,0.0,60,0.0276,0.0281,50,0.029,0.0281,0.029,0.0276,322.0,90420.0,3841
2023-05-11 09:35:51,OP10005338,50ETF沽12月2400,0.0276,0.0,0.0,0.0,80,0.0276,0.0281,60,0.029,0.0281,0.029,0.0276,322.0,90420.0,3841
2023-05-11 09:35:52,OP10005338,50ETF沽12月2400,0.0276,20.0,5520.0,0.0,80,0.0276,0.0281,40,0.029,0.0281,0.029,0.0276,342.0,95940.0,3841
2023-05-11 09:35:52,OP10005338,50ETF沽12月2400,0.0276,0.0,0.0,0.0,60,0.0276,0.0281,20,0.029,0.0281,0.029,0.0276,342.0,95940.0,3841
2023-05-11 09:35:52,OP10005338,50ETF沽12月2400,0.0276,0.0,0.0,0.0,70,0.0276,0.0281,50,0.029,0.0281,0.029,0.0276,342.0,95940.0,3841
2023-05-11 09:35:54,OP10005338,50ETF沽12月2400,0.0276,30.0,8280.0,10.0,50,0.0276,0.0281,40,0.029,0.0281,0.029,0.0276,372.0,104220.0,3851
2023-05-11 09:35:54,OP10005338,50ETF沽12月2400,0.0276,0.0,0.0,0.0,30,0.0276,0.0281,40,0.029,0.0281,0.029,0.0276,372.0,104220.0,3851
2023-05-11 09:35:54,OP10005338,50ETF沽12月2400,0.0276,0.0,0.0,0.0,20,0.0276,0.0281,40,0.029,0.0281,0.029,0.0276,372.0,104220.0,3851
2023-05-11 09:35:55,OP10005338,50ETF沽12月2400,0.0276,0.0,0.0,0.0,20,0.0276,0.0281,40,0.029,0.0281,0.029,0.0276,372.0,104220.0,3851
2023-05-11 09:35:55,OP10005338,50ETF沽12月2400,0.0276,0.0,0.0,0.0,30,0.0276,0.0281,40,0.029,0.0281,0.029,0.0276,372.0,104220.0,3851
2023-05-11 09:35:56,OP10005338,50ETF沽12月2400,0.0276,0.0,0.0,0.0,20,0.0276,0.0281,40,0.029,0.0281,0.029,0.0276,372.0,104220.0,3851
2023-05-11 09:35:57,OP10005338,50ETF沽12月2400,0.0276,0.0,0.0,0.0,10,0.0277,0.0281,40,0.029,0.0281,0.029,0.0276,372.0,104220.0,3851
2023-05-11 09:35:57,OP10005338,50ETF沽12月2400,0.0276,0.0,0.0,0.0,20,0.0277,0.0281,40,0.029,0.0281,0.029,0.0276,372.0,104220.0,3851
2023-05-11 09:35:58,OP10005338,50ETF沽12月2400,0.0276,0.0,0.0,0.0,30,0.0277,0.0281,40,0.029,0.0281,0.029,0.0276,372.0,104220.0,3851
2023-05-11 09:35:58,OP10005338,50ETF沽12月2400,0.0276,0.0,0.0,0.0,40,0.0277,0.0281,50,0.029,0.0281,0.029,0.0276,372.0,104220.0,3851
2023-05-11 09:36:01,OP10005338,50ETF沽12月2400,0.0276,0.0,0.0,0.0,30,0.0277,0.0281,60,0.029,0.0281,0.029,0.0276,372.0,104220.0,3851
2023-05-11 09:36:01,OP10005338,50ETF沽12月2400,0.0276,0.0,0.0,0.0,30,0.0277,0.0281,50,0.029,0.0281,0.029,0.0276,372.0,104220.0,3851
2023-05-11 09:36:02,OP10005338,50ETF沽12月2400,0.0276,0.0,0.0,0.0,20,0.0277,0.0281,40,0.029,0.0281,0.029,0.0276,372.0,104220.0,3851
2023-05-11 09:36:02,OP10005338,50ETF沽12月2400,0.0276,0.0,0.0,0.0,10,0.0276,0.0281,40,0.029,0.0281,0.029,0.0276,372.0,104220.0,3851
2023-05-11 09:36:03,OP10005338,50ETF沽12月2400,0.0276,0.0,0.0,0.0,71,0.0275,0.0281,40,0.029,0.0281,0.029,0.0276,372.0,104220.0,3851
2023-05-11 09:36:03,OP10005338,50ETF沽12月2400,0.0276,0.0,0.0,0.0,61,0.0275,0.0281,40,0.029,0.0281,0.029,0.0276,372.0,104220.0,3851
2023-05-11 09:36:04,OP10005338,50ETF沽12月2400,0.0276,0.0,0.0,0.0,81,0.0275,0.0281,60,0.029,0.0281,0.029,0.0276,372.0,104220.0,3851
2023-05-11 09:36:04,OP10005338,50ETF沽12月2400,0.0276,0.0,0.0,0.0,71,0.0275,0.0281,60,0.029,0.0281,0.029,0.0276,372.0,104220.0,3851
2023-05-11 09:36:09,OP10005338,50ETF沽12月2400,0.0276,0.0,0.0,0.0,71,0.0275,0.0281,50,0.029,0.0281,0.029,0.0276,372.0,104220.0,3851
2023-05-11 09:36:09,OP10005338,50ETF沽12月2400,0.0276,0.0,0.0,0.0,71,0.0275,0.0281,50,0.029,0.0281,0.029,0.0276,372.0,104220.0,3851
2023-05-11 09:36:10,OP10005338,50ETF沽12月2400,0.0276,0.0,0.0,0.0,71,0.0275,0.0281,50,0.029,0.0281,0.029,0.0276,372.0,104220.0,3851
2023-05-11 09:36:11,OP10005338,50ETF沽12月2400,0.0276,0.0,0.0,0.0,111,0.0275,0.0281,50,0.029,0.0281,0.029,0.0276,372.0,104220.0,3851
2023-05-11 09:36:11,OP10005338,50ETF沽12月2400,0.0276,0.0,0.0,0.0,111,0.0275,0.0281,50,0.029,0.0281,0.029,0.0276,372.0,104220.0,3851
2023-05-11 09:36:12,OP10005338,50ETF沽12月2400,0.0276,0.0,0.0,0.0,121,0.0275,0.0281,40,0.029,0.0281,0.029,0.0276,372.0,104220.0,3851
2023-05-11 09:36:12,OP10005338,50ETF沽12月2400,0.0276,0.0,0.0,0.0,10,0.0276,0.0281,40,0.029,0.0281,0.029,0.0276,372.0,104220.0,3851
2023-05-11 09:36:13,OP10005338,50ETF沽12月2400,0.0276,0.0,0.0,0.0,10,0.0276,0.0281,50,0.029,0.0281,0.029,0.0276,372.0,104220.0,3851
2023-05-11 09:36:14,OP10005338,50ETF沽12月2400,0.0275,20.0,5500.0,-1.0,100,0.0275,0.0281,50,0.029,0.0281,0.029,0.0275,392.0,109720.0,3850
2023-05-11 09:36:14,OP10005338,50ETF沽12月2400,0.0275,0.0,0.0,0.0,10,0.0276,0.0281,50,0.029,0.0281,0.029,0.0275,392.0,109720.0,3850
2023-05-11 09:36:15,OP10005338,50ETF沽12月2400,0.0276,20.0,5520.0,-10.0,80,0.0275,0.0281,40,0.029,0.0281,0.029,0.0275,412.0,115240.0,3840
2023-05-11 09:36:15,OP10005338,50ETF沽12月2400,0.0276,0.0,0.0,0.0,70,0.0275,0.0281,40,0.029,0.0281,0.029,0.0275,412.0,115240.0,3840
2023-05-11 09:36:16,OP10005338,50ETF沽12月2400,0.0275,10.0,2750.0,0.0,10,0.0276,0.0277,10,0.029,0.0281,0.029,0.0275,422.0,117990.0,3840
2023-05-11 09:36:16,OP10005338,50ETF沽12月2400,0.0277,10.0,2770.0,10.0,30,0.0276,0.0279,10,0.029,0.0281,0.029,0.0275,432.0,120760.0,3850
2023-05-11 09:36:17,OP10005338,50ETF沽12月2400,0.0276,10.0,2760.0,-10.0,20,0.0276,0.0281,50,0.029,0.0281,0.029,0.0275,442.0,123520.0,3840
2023-05-11 09:36:17,OP10005338,50ETF沽12月2400,0.0276,0.0,0.0,0.0,50,0.0276,0.0281,40,0.029,0.0281,0.029,0.0275,442.0,123520.0,3840
2023-05-11 09:36:18,OP10005338,50ETF沽12月2400,0.0276,30.0,8280.0,-10.0,20,0.0276,0.0281,40,0.029,0.0281,0.029,0.0275,472.0,131800.0,3830
2023-05-11 09:36:18,OP10005338,50ETF沽12月2400,0.0276,0.0,0.0,0.0,50,0.0276,0.0281,40,0.029,0.0281,0.029,0.0275,472.0,131800.0,3830
2023-05-11 09:36:19,OP10005338,50ETF沽12月2400,0.0276,10.0,2760.0,-10.0,30,0.0276,0.0281,40,0.029,0.0281,0.029,0.0275,482.0,134560.0,3820
2023-05-11 09:36:19,OP10005338,50ETF沽12月2400,0.0276,0.0,0.0,0.0,20,0.0276,0.0281,40,0.029,0.0281,0.029,0.0275,482.0,134560.0,3820
2023-05-11 09:36:20,OP10005338,50ETF沽12月2400,0.0276,10.0,2760.0,0.0,10,0.0276,0.0281,40,0.029,0.0281,0.029,0.0275,492.0,137320.0,3820
2023-05-11 09:36:20,OP10005338,50ETF沽12月2400,0.0276,0.0,0.0,0.0,40,0.0275,0.0281,40,0.029,0.0281,0.029,0.0275,492.0,137320.0,3820
2023-05-11 09:36:20,OP10005338,50ETF沽12月2400,0.0276,0.0,0.0,0.0,10,0.0276,0.0281,40,0.029,0.0281,0.029,0.0275,492.0,137320.0,3820
2023-05-11 09:36:21,OP10005338,50ETF沽12月2400,0.0276,0.0,0.0,0.0,60,0.0275,0.0281,40,0.029,0.0281,0.029,0.0275,492.0,137320.0,3820
2023-05-11 09:36:21,OP10005338,50ETF沽12月2400,0.0276,0.0,0.0,0.0,70,0.0275,0.0281,40,0.029,0.0281,0.029,0.0275,492.0,137320.0,3820
2023-05-11 09:36:22,OP10005338,50ETF沽12月2400,0.0276,0.0,0.0,0.0,90,0.0275,0.0281,40,0.029,0.0281,0.029,0.0275,492.0,137320.0,3820
2023-05-11 09:36:22,OP10005338,50ETF沽12月2400,0.0276,0.0,0.0,0.0,90,0.0275,0.0281,50,0.029,0.0281,0.029,0.0275,492.0,137320.0,3820
2023-05-11 09:36:23,OP10005338,50ETF沽12月2400,0.0276,0.0,0.0,0.0,100,0.0275,0.0281,60,0.029,0.0281,0.029,0.0275,492.0,137320.0,3820
2023-05-11 09:36:23,OP10005338,50ETF沽12月2400,0.0276,0.0,0.0,0.0,10,0.0276,0.0281,60,0.029,0.0281,0.029,0.0275,492.0,137320.0,3820
2023-05-11 09:36:24,OP10005338,50ETF沽12月2400,0.0276,0.0,0.0,0.0,50,0.0276,0.0281,60,0.029,0.0281,0.029,0.0275,492.0,137320.0,3820
2023-05-11 09:36:24,OP10005338,50ETF沽12月2400,0.0276,0.0,0.0,0.0,70,0.0276,0.0281,60,0.029,0.0281,0.029,0.0275,492.0,137320.0,3820
2023-05-11 09:36:25,OP10005338,50ETF沽12月2400,0.0276,0.0,0.0,0.0,50,0.0276,0.0281,50,0.029,0.0281,0.029,0.0275,492.0,137320.0,3820
2023-05-11 09:36:25,OP10005338,50ETF沽12月2400,0.0276,0.0,0.0,0.0,30,0.0276,0.0281,50,0.029,0.0281,0.029,0.0275,492.0,137320.0,3820
2023-05-11 09:36:26,OP10005338,50ETF沽12月2400,0.0276,0.0,0.0,0.0,30,0.0276,0.0281,60,0.029,0.0281,0.029,0.0275,492.0,137320.0,3820
2023-05-11 09:36:28,OP10005338,50ETF沽12月2400,0.0276,0.0,0.0,0.0,30,0.0276,0.0281,60,0.029,0.0281,0.029,0.0275,492.0,137320.0,3820
2023-05-11 09:36:29,OP10005338,50ETF沽12月2400,0.0276,0.0,0.0,0.0,70,0.0276,0.0281,60,0.029,0.0281,0.029,0.0275,492.0,137320.0,3820
2023-05-11 09:36:30,OP10005338,50ETF沽12月2400,0.0276,0.0,0.0,0.0,20,0.0276,0.0281,60,0.029,0.0281,0.029,0.0275,492.0,137320.0,3820
2023-05-11 09:36:31,OP10005338,50ETF沽12月2400,0.0276,0.0,0.0,0.0,10,0.0276,0.0281,60,0.029,0.0281,0.029,0.0275,492.0,137320.0,3820
2023-05-11 09:36:31,OP10005338,50ETF沽12月2400,0.0276,0.0,0.0,0.0,60,0.0275,0.0281,60,0.029,0.0281,0.029,0.0275,492.0,137320.0,3820
2023-05-11 09:36:32,OP10005338,50ETF沽12月2400,0.0276,0.0,0.0,0.0,90,0.0275,0.0281,60,0.029,0.0281,0.029,0.0275,492.0,137320.0,3820
2023-05-11 09:36:32,OP10005338,50ETF沽12月2400,0.0276,0.0,0.0,0.0,100,0.0275,0.0281,60,0.029,0.0281,0.029,0.0275,492.0,137320.0,3820
2023-05-11 09:36:33,OP10005338,50ETF沽12月2400,0.0276,0.0,0.0,0.0,90,0.0275,0.0281,60,0.029,0.0281,0.029,0.0275,492.0,137320.0,3820
2023-05-11 09:36:34,OP10005338,50ETF沽12月2400,0.0276,0.0,0.0,0.0,60,0.0275,0.0281,60,0.029,0.0281,0.029,0.0275,492.0,137320.0,3820
2023-05-11 09:36:35,OP10005338,50ETF沽12月2400,0.0276,0.0,0.0,0.0,90,0.0275,0.0281,60,0.029,0.0281,0.029,0.0275,492.0,137320.0,3820
2023-05-11 09:36:35,OP10005338,50ETF沽12月2400,0.0276,0.0,0.0,0.0,60,0.0275,0.0281,60,0.029,0.0281,0.029,0.0275,492.0,137320.0,3820
2023-05-11 09:36:36,OP10005338,50ETF沽12月2400,0.0276,0.0,0.0,0.0,50,0.0275,0.0281,60,0.029,0.0281,0.029,0.0275,492.0,137320.0,3820
2023-05-11 09:36:36,OP10005338,50ETF沽12月2400,0.0276,0.0,0.0,0.0,80,0.0275,0.0281,50,0.029,0.0281,0.029,0.0275,492.0,137320.0,3820
2023-05-11 09:36:37,OP10005338,50ETF沽12月2400,0.0276,0.0,0.0,0.0,90,0.0275,0.0281,60,0.029,0.0281,0.029,0.0275,492.0,137320.0,3820
2023-05-11 09:36:37,OP10005338,50ETF沽12月2400,0.0276,0.0,0.0,0.0,10,0.0276,0.0281,60,0.029,0.0281,0.029,0.0275,492.0,137320.0,3820
2023-05-11 09:36:38,OP10005338,50ETF沽12月2400,0.0276,0.0,0.0,0.0,30,0.0276,0.0281,60,0.029,0.0281,0.029,0.0275,492.0,137320.0,3820
2023-05-11 09:36:38,OP10005338,50ETF沽12月2400,0.0276,0.0,0.0,0.0,20,0.0276,0.0281,60,0.029,0.0281,0.029,0.0275,492.0,137320.0,3820
2023-05-11 09:36:39,OP10005338,50ETF沽12月2400,0.0276,0.0,0.0,0.0,30,0.0276,0.0281,60,0.029,0.0281,0.029,0.0275,492.0,137320.0,3820
2023-05-11 09:36:40,OP10005338,50ETF沽12月2400,0.0276,0.0,0.0,0.0,10,0.0276,0.0281,60,0.029,0.0281,0.029,0.0275,492.0,137320.0,3820
2023-05-11 09:36:41,OP10005338,50ETF沽12月2400,0.0276,0.0,0.0,0.0,10,0.0276,0.0281,60,0.029,0.0281,0.029,0.0275,492.0,137320.0,3820
2023-05-11 09:36:41,OP10005338,50ETF沽12月2400,0.0276,0.0,0.0,0.0,90,0.0275,0.0281,60,0.029,0.0281,0.029,0.0275,492.0,137320.0,3820
2023-05-11 09:36:43,OP10005338,50ETF沽12月2400,0.0276,0.0,0.0,0.0,60,0.0275,0.0281,60,0.029,0.0281,0.029,0.0275,492.0,137320.0,3820
2023-05-11 09:36:43,OP10005338,50ETF沽12月2400,0.0276,0.0,0.0,0.0,60,0.0275,0.0281,70,0.029,0.0281,0.029,0.0275,492.0,137320.0,3820
2023-05-11 09:36:44,OP10005338,50ETF沽12月2400,0.0276,0.0,0.0,0.0,60,0.0275,0.0281,60,0.029,0.0281,0.029,0.0275,492.0,137320.0,3820
2023-05-11 09:36:44,OP10005338,50ETF沽12月2400,0.0276,0.0,0.0,0.0,90,0.0275,0.0281,60,0.029,0.0281,0.029,0.0275,492.0,137320.0,3820
2023-05-11 09:36:45,OP10005338,50ETF沽12月2400,0.0276,0.0,0.0,0.0,100,0.0275,0.0281,60,0.029,0.0281,0.029,0.0275,492.0,137320.0,3820
2023-05-11 09:36:45,OP10005338,50ETF沽12月2400,0.0276,0.0,0.0,0.0,90,0.0275,0.0281,60,0.029,0.0281,0.029,0.0275,492.0,137320.0,3820
2023-05-11 09:36:49,OP10005338,50ETF沽12月2400,0.0276,0.0,0.0,0.0,100,0.0275,0.0281,60,0.029,0.0281,0.029,0.0275,492.0,137320.0,3820
2023-05-11 09:36:50,OP10005338,50ETF沽12月2400,0.0276,0.0,0.0,0.0,90,0.0275,0.0281,60,0.029,0.0281,0.029,0.0275,492.0,137320.0,3820
2023-05-11 09:36:52,OP10005338,50ETF沽12月2400,0.0276,0.0,0.0,0.0,60,0.0275,0.0281,70,0.029,0.0281,0.029,0.0275,492.0,137320.0,3820
2023-05-11 09:36:52,OP10005338,50ETF沽12月2400,0.0276,0.0,0.0,0.0,60,0.0275,0.0281,60,0.029,0.0281,0.029,0.0275,492.0,137320.0,3820
2023-05-11 09:36:53,OP10005338,50ETF沽12月2400,0.0276,0.0,0.0,0.0,90,0.0275,0.0281,60,0.029,0.0281,0.029,0.0275,492.0,137320.0,3820
2023-05-11 09:36:55,OP10005338,50ETF沽12月2400,0.0276,0.0,0.0,0.0,80,0.0275,0.0281,60,0.029,0.0281,0.029,0.0275,492.0,137320.0,3820
2023-05-11 09:36:56,OP10005338,50ETF沽12月2400,0.0276,0.0,0.0,0.0,90,0.0275,0.0281,60,0.029,0.0281,0.029,0.0275,492.0,137320.0,3820
2023-05-11 09:36:56,OP10005338,50ETF沽12月2400,0.0276,0.0,0.0,0.0,80,0.0275,0.0281,60,0.029,0.0281,0.029,0.0275,492.0,137320.0,3820
2023-05-11 09:36:57,OP10005338,50ETF沽12月2400,0.0276,0.0,0.0,0.0,10,0.0276,0.0281,60,0.029,0.0281,0.029,0.0275,492.0,137320.0,3820
2023-05-11 09:36:57,OP10005338,50ETF沽12月2400,0.0276,0.0,0.0,0.0,30,0.0276,0.0281,60,0.029,0.0281,0.029,0.0275,492.0,137320.0,3820
2023-05-11 09:36:58,OP10005338,50ETF沽12月2400,0.0276,0.0,0.0,0.0,50,0.0276,0.0281,50,0.029,0.0281,0.029,0.0275,492.0,137320.0,3820
2023-05-11 09:36:58,OP10005338,50ETF沽12月2400,0.0276,0.0,0.0,0.0,50,0.0276,0.0281,40,0.029,0.0281,0.029,0.0275,492.0,137320.0,3820
2023-05-11 09:36:59,OP10005338,50ETF沽12月2400,0.0276,0.0,0.0,0.0,70,0.0276,0.0281,40,0.029,0.0281,0.029,0.0275,492.0,137320.0,3820
2023-05-11 09:36:59,OP10005338,50ETF沽12月2400,0.0276,0.0,0.0,0.0,70,0.0276,0.0281,50,0.029,0.0281,0.029,0.0275,492.0,137320.0,3820
2023-05-11 09:37:00,OP10005338,50ETF沽12月2400,0.0276,0.0,0.0,0.0,80,0.0276,0.0281,60,0.029,0.0281,0.029,0.0275,492.0,137320.0,3820
2023-05-11 09:37:00,OP10005338,50ETF沽12月2400,0.0276,0.0,0.0,0.0,70,0.0276,0.0281,60,0.029,0.0281,0.029,0.0275,492.0,137320.0,3820
2023-05-11 09:37:01,OP10005338,50ETF沽12月2400,0.0276,0.0,0.0,0.0,80,0.0276,0.0281,60,0.029,0.0281,0.029,0.0275,492.0,137320.0,3820
2023-05-11 09:37:01,OP10005338,50ETF沽12月2400,0.0276,0.0,0.0,0.0,70,0.0276,0.0281,30,0.029,0.0281,0.029,0.0275,492.0,137320.0,3820
2023-05-11 09:37:02,OP10005338,50ETF沽12月2400,0.0276,0.0,0.0,0.0,10,0.0277,0.0281,50,0.029,0.0281,0.029,0.0275,492.0,137320.0,3820
2023-05-11 09:37:02,OP10005338,50ETF沽12月2400,0.0276,0.0,0.0,0.0,40,0.0277,0.0281,60,0.029,0.0281,0.029,0.0275,492.0,137320.0,3820
2023-05-11 09:37:03,OP10005338,50ETF沽12月2400,0.0276,0.0,0.0,0.0,50,0.0277,0.0281,60,0.029,0.0281,0.029,0.0275,492.0,137320.0,3820
2023-05-11 09:37:04,OP10005338,50ETF沽12月2400,0.0276,0.0,0.0,0.0,60,0.0277,0.0281,70,0.029,0.0281,0.029,0.0275,492.0,137320.0,3820
2023-05-11 09:37:05,OP10005338,50ETF沽12月2400,0.0276,0.0,0.0,0.0,60,0.0277,0.0281,30,0.029,0.0281,0.029,0.0275,492.0,137320.0,3820
2023-05-11 09:37:05,OP10005338,50ETF沽12月2400,0.0276,0.0,0.0,0.0,40,0.0277,0.0281,50,0.029,0.0281,0.029,0.0275,492.0,137320.0,3820
2023-05-11 09:37:06,OP10005338,50ETF沽12月2400,0.0276,0.0,0.0,0.0,30,0.0277,0.0281,70,0.029,0.0281,0.029,0.0275,492.0,137320.0,3820
2023-05-11 09:37:06,OP10005338,50ETF沽12月2400,0.0276,0.0,0.0,0.0,40,0.0277,0.0281,40,0.029,0.0281,0.029,0.0275,492.0,137320.0,3820
2023-05-11 09:37:07,OP10005338,50ETF沽12月2400,0.0276,0.0,0.0,0.0,80,0.0277,0.0281,20,0.029,0.0281,0.029,0.0275,492.0,137320.0,3820
2023-05-11 09:37:07,OP10005338,50ETF沽12月2400,0.0276,0.0,0.0,0.0,100,0.0277,0.0281,20,0.029,0.0281,0.029,0.0275,492.0,137320.0,3820
2023-05-11 09:37:08,OP10005338,50ETF沽12月2400,0.0276,0.0,0.0,0.0,90,0.0277,0.0281,20,0.029,0.0281,0.029,0.0275,492.0,137320.0,3820
2023-05-11 09:37:08,OP10005338,50ETF沽12月2400,0.0276,0.0,0.0,0.0,100,0.0277,0.0281,20,0.029,0.0281,0.029,0.0275,492.0,137320.0,3820
2023-05-11 09:37:09,OP10005338,50ETF沽12月2400,0.0276,0.0,0.0,0.0,100,0.0277,0.0281,20,0.029,0.0281,0.029,0.0275,492.0,137320.0,3820
2023-05-11 09:37:09,OP10005338,50ETF沽12月2400,0.0276,0.0,0.0,0.0,110,0.0277,0.0281,20,0.029,0.0281,0.029,0.0275,492.0,137320.0,3820
2023-05-11 09:37:10,OP10005338,50ETF沽12月2400,0.0276,0.0,0.0,0.0,100,0.0277,0.0281,20,0.029,0.0281,0.029,0.0275,492.0,137320.0,3820
2023-05-11 09:37:10,OP10005338,50ETF沽12月2400,0.0276,0.0,0.0,0.0,10,0.0278,0.0281,20,0.029,0.0281,0.029,0.0275,492.0,137320.0,3820
2023-05-11 09:37:11,OP10005338,50ETF沽12月2400,0.0276,0.0,0.0,0.0,50,0.0278,0.0282,10,0.029,0.0281,0.029,0.0275,492.0,137320.0,3820
2023-05-11 09:37:11,OP10005338,50ETF沽12月2400,0.0276,0.0,0.0,0.0,70,0.0278,0.0284,21,0.029,0.0281,0.029,0.0275,492.0,137320.0,3820
2023-05-11 09:37:12,OP10005338,50ETF沽12月2400,0.0276,0.0,0.0,0.0,90,0.0278,0.0284,21,0.029,0.0281,0.029,0.0275,492.0,137320.0,3820
2023-05-11 09:37:12,OP10005338,50ETF沽12月2400,0.0276,0.0,0.0,0.0,90,0.0278,0.0283,30,0.029,0.0281,0.029,0.0275,492.0,137320.0,3820
2023-05-11 09:37:13,OP10005338,50ETF沽12月2400,0.0276,0.0,0.0,0.0,90,0.0278,0.0283,20,0.029,0.0281,0.029,0.0275,492.0,137320.0,3820
2023-05-11 09:37:13,OP10005338,50ETF沽12月2400,0.0276,0.0,0.0,0.0,80,0.0278,0.0283,10,0.029,0.0281,0.029,0.0275,492.0,137320.0,3820
2023-05-11 09:37:14,OP10005338,50ETF沽12月2400,0.0276,0.0,0.0,0.0,80,0.0278,0.0284,11,0.029,0.0281,0.029,0.0275,492.0,137320.0,3820
2023-05-11 09:37:14,OP10005338,50ETF沽12月2400,0.0276,0.0,0.0,0.0,90,0.0278,0.0284,41,0.029,0.0281,0.029,0.0275,492.0,137320.0,3820
2023-05-11 09:37:15,OP10005338,50ETF沽12月2400,0.0276,0.0,0.0,0.0,10,0.0279,0.0284,51,0.029,0.0281,0.029,0.0275,492.0,137320.0,3820
2023-05-11 09:37:15,OP10005338,50ETF沽12月2400,0.0276,0.0,0.0,0.0,70,0.0279,0.0284,51,0.029,0.0281,0.029,0.0275,492.0,137320.0,3820
2023-05-11 09:37:16,OP10005338,50ETF沽12月2400,0.0276,0.0,0.0,0.0,90,0.0279,0.0284,31,0.029,0.0281,0.029,0.0275,492.0,137320.0,3820
2023-05-11 09:37:16,OP10005338,50ETF沽12月2400,0.0276,0.0,0.0,0.0,90,0.0279,0.0284,21,0.029,0.0281,0.029,0.0275,492.0,137320.0,3820
2023-05-11 09:37:17,OP10005338,50ETF沽12月2400,0.0276,0.0,0.0,0.0,100,0.0279,0.0284,21,0.029,0.0281,0.029,0.0275,492.0,137320.0,3820
2023-05-11 09:37:17,OP10005338,50ETF沽12月2400,0.0276,0.0,0.0,0.0,90,0.0279,0.0284,21,0.029,0.0281,0.029,0.0275,492.0,137320.0,3820
2023-05-11 09:37:18,OP10005338,50ETF沽12月2400,0.0276,0.0,0.0,0.0,100,0.0279,0.0284,51,0.029,0.0281,0.029,0.0275,492.0,137320.0,3820
2023-05-11 09:37:19,OP10005338,50ETF沽12月2400,0.0276,0.0,0.0,0.0,90,0.0279,0.0284,51,0.029,0.0281,0.029,0.0275,492.0,137320.0,3820
2023-05-11 09:37:19,OP10005338,50ETF沽12月2400,0.0276,0.0,0.0,0.0,40,0.0279,0.0284,51,0.029,0.0281,0.029,0.0275,492.0,137320.0,3820
2023-05-11 09:37:20,OP10005338,50ETF沽12月2400,0.0276,0.0,0.0,0.0,30,0.0279,0.0284,51,0.029,0.0281,0.029,0.0275,492.0,137320.0,3820
2023-05-11 09:37:20,OP10005338,50ETF沽12月2400,0.0276,0.0,0.0,0.0,30,0.0279,0.0284,61,0.029,0.0281,0.029,0.0275,492.0,137320.0,3820
2023-05-11 09:37:21,OP10005338,50ETF沽12月2400,0.0276,0.0,0.0,0.0,20,0.0279,0.0284,61,0.029,0.0281,0.029,0.0275,492.0,137320.0,3820
2023-05-11 09:37:21,OP10005338,50ETF沽12月2400,0.0276,0.0,0.0,0.0,20,0.0279,0.0284,61,0.029,0.0281,0.029,0.0275,492.0,137320.0,3820
2023-05-11 09:37:22,OP10005338,50ETF沽12月2400,0.0276,0.0,0.0,0.0,20,0.0279,0.0284,51,0.029,0.0281,0.029,0.0275,492.0,137320.0,3820
2023-05-11 09:37:22,OP10005338,50ETF沽12月2400,0.0276,0.0,0.0,0.0,40,0.0277,0.0284,81,0.029,0.0281,0.029,0.0275,492.0,137320.0,3820
2023-05-11 09:37:23,OP10005338,50ETF沽12月2400,0.0276,0.0,0.0,0.0,50,0.0277,0.0284,82,0.029,0.0281,0.029,0.0275,492.0,137320.0,3820
2023-05-11 09:37:23,OP10005338,50ETF沽12月2400,0.0276,0.0,0.0,0.0,60,0.0277,0.0284,82,0.029,0.0281,0.029,0.0275,492.0,137320.0,3820
2023-05-11 09:37:24,OP10005338,50ETF沽12月2400,0.0276,0.0,0.0,0.0,70,0.0277,0.0284,92,0.029,0.0281,0.029,0.0275,492.0,137320.0,3820
2023-05-11 09:37:27,OP10005338,50ETF沽12月2400,0.0276,0.0,0.0,0.0,80,0.0277,0.0284,82,0.029,0.0281,0.029,0.0275,492.0,137320.0,3820
2023-05-11 09:37:28,OP10005338,50ETF沽12月2400,0.0276,0.0,0.0,0.0,10,0.0278,0.0284,72,0.029,0.0281,0.029,0.0275,492.0,137320.0,3820
2023-05-11 09:37:28,OP10005338,50ETF沽12月2400,0.0276,0.0,0.0,0.0,60,0.0278,0.0284,72,0.029,0.0281,0.029,0.0275,492.0,137320.0,3820
2023-05-11 09:37:29,OP10005338,50ETF沽12月2400,0.0276,0.0,0.0,0.0,70,0.0278,0.0284,72,0.029,0.0281,0.029,0.0275,492.0,137320.0,3820
2023-05-11 09:37:29,OP10005338,50ETF沽12月2400,0.0276,0.0,0.0,0.0,80,0.0278,0.0284,72,0.029,0.0281,0.029,0.0275,492.0,137320.0,3820
2023-05-11 09:37:30,OP10005338,50ETF沽12月2400,0.0276,0.0,0.0,0.0,70,0.0278,0.0284,71,0.029,0.0281,0.029,0.0275,492.0,137320.0,3820
2023-05-11 09:37:30,OP10005338,50ETF沽12月2400,0.0276,0.0,0.0,0.0,60,0.0278,0.0284,61,0.029,0.0281,0.029,0.0275,492.0,137320.0,3820
2023-05-11 09:37:31,OP10005338,50ETF沽12月2400,0.0276,0.0,0.0,0.0,80,0.0278,0.0284,71,0.029,0.0281,0.029,0.0275,492.0,137320.0,3820
2023-05-11 09:37:32,OP10005338,50ETF沽12月2400,0.0276,0.0,0.0,0.0,70,0.0278,0.0284,61,0.029,0.0281,0.029,0.0275,492.0,137320.0,3820
2023-05-11 09:37:32,OP10005338,50ETF沽12月2400,0.0276,0.0,0.0,0.0,10,0.0279,0.0284,71,0.029,0.0281,0.029,0.0275,492.0,137320.0,3820
2023-05-11 09:37:33,OP10005338,50ETF沽12月2400,0.0276,0.0,0.0,0.0,50,0.0279,0.0284,71,0.029,0.0281,0.029,0.0275,492.0,137320.0,3820
2023-05-11 09:37:33,OP10005338,50ETF沽12月2400,0.0276,0.0,0.0,0.0,70,0.0279,0.0284,71,0.029,0.0281,0.029,0.0275,492.0,137320.0,3820
2023-05-11 09:37:34,OP10005338,50ETF沽12月2400,0.0276,0.0,0.0,0.0,30,0.0279,0.0284,71,0.029,0.0281,0.029,0.0275,492.0,137320.0,3820
2023-05-11 09:37:34,OP10005338,50ETF沽12月2400,0.0276,0.0,0.0,0.0,30,0.0279,0.0284,71,0.029,0.0281,0.029,0.0275,492.0,137320.0,3820
2023-05-11 09:37:35,OP10005338,50ETF沽12月2400,0.0276,0.0,0.0,0.0,30,0.0279,0.0284,71,0.029,0.0281,0.029,0.0275,492.0,137320.0,3820
2023-05-11 09:37:35,OP10005338,50ETF沽12月2400,0.0276,0.0,0.0,0.0,30,0.0279,0.0284,71,0.029,0.0281,0.029,0.0275,492.0,137320.0,3820
2023-05-11 09:37:36,OP10005338,50ETF沽12月2400,0.0276,0.0,0.0,0.0,70,0.0279,0.0284,71,0.029,0.0281,0.029,0.0275,492.0,137320.0,3820
2023-05-11 09:37:36,OP10005338,50ETF沽12月2400,0.0276,0.0,0.0,0.0,60,0.0279,0.0284,71,0.029,0.0281,0.029,0.0275,492.0,137320.0,3820
2023-05-11 09:37:37,OP10005338,50ETF沽12月2400,0.0276,0.0,0.0,0.0,60,0.0279,0.0284,71,0.029,0.0281,0.029,0.0275,492.0,137320.0,3820
2023-05-11 09:37:44,OP10005338,50ETF沽12月2400,0.0276,0.0,0.0,0.0,70,0.0279,0.0284,71,0.029,0.0281,0.029,0.0275,492.0,137320.0,3820
2023-05-11 09:37:45,OP10005338,50ETF沽12月2400,0.0276,0.0,0.0,0.0,90,0.0279,0.0284,41,0.029,0.0281,0.029,0.0275,492.0,137320.0,3820
2023-05-11 09:37:45,OP10005338,50ETF沽12月2400,0.0276,0.0,0.0,0.0,90,0.0279,0.0284,51,0.029,0.0281,0.029,0.0275,492.0,137320.0,3820
2023-05-11 09:37:46,OP10005338,50ETF沽12月2400,0.0276,0.0,0.0,0.0,70,0.0279,0.0284,61,0.029,0.0281,0.029,0.0275,492.0,137320.0,3820
2023-05-11 09:37:46,OP10005338,50ETF沽12月2400,0.0276,0.0,0.0,0.0,70,0.0279,0.0284,61,0.029,0.0281,0.029,0.0275,492.0,137320.0,3820
2023-05-11 09:37:47,OP10005338,50ETF沽12月2400,0.0276,0.0,0.0,0.0,60,0.0279,0.0284,61,0.029,0.0281,0.029,0.0275,492.0,137320.0,3820
2023-05-11 09:37:48,OP10005338,50ETF沽12月2400,0.0276,0.0,0.0,0.0,90,0.0279,0.0284,61,0.029,0.0281,0.029,0.0275,492.0,137320.0,3820
2023-05-11 09:37:48,OP10005338,50ETF沽12月2400,0.0276,0.0,0.0,0.0,70,0.0279,0.0284,61,0.029,0.0281,0.029,0.0275,492.0,137320.0,3820
2023-05-11 09:37:49,OP10005338,50ETF沽12月2400,0.0276,0.0,0.0,0.0,40,0.0279,0.0284,61,0.029,0.0281,0.029,0.0275,492.0,137320.0,3820
2023-05-11 09:37:49,OP10005338,50ETF沽12月2400,0.0276,0.0,0.0,0.0,30,0.0279,0.0284,61,0.029,0.0281,0.029,0.0275,492.0,137320.0,3820
2023-05-11 09:37:50,OP10005338,50ETF沽12月2400,0.0276,0.0,0.0,0.0,10,0.0279,0.0284,71,0.029,0.0281,0.029,0.0275,492.0,137320.0,3820
2023-05-11 09:37:50,OP10005338,50ETF沽12月2400,0.0276,0.0,0.0,0.0,40,0.0277,0.0284,51,0.029,0.0281,0.029,0.0275,492.0,137320.0,3820
2023-05-11 09:37:51,OP10005338,50ETF沽12月2400,0.0276,0.0,0.0,0.0,30,0.0278,0.0284,51,0.029,0.0281,0.029,0.0275,492.0,137320.0,3820
2023-05-11 09:37:51,OP10005338,50ETF沽12月2400,0.0276,0.0,0.0,0.0,40,0.0278,0.0284,51,0.029,0.0281,0.029,0.0275,492.0,137320.0,3820
2023-05-11 09:37:52,OP10005338,50ETF沽12月2400,0.0276,0.0,0.0,0.0,50,0.0278,0.0284,71,0.029,0.0281,0.029,0.0275,492.0,137320.0,3820
2023-05-11 09:37:52,OP10005338,50ETF沽12月2400,0.0276,0.0,0.0,0.0,50,0.0278,0.0284,71,0.029,0.0281,0.029,0.0275,492.0,137320.0,3820
2023-05-11 09:37:53,OP10005338,50ETF沽12月2400,0.0276,0.0,0.0,0.0,50,0.0278,0.0284,72,0.029,0.0281,0.029,0.0275,492.0,137320.0,3820
2023-05-11 09:37:53,OP10005338,50ETF沽12月2400,0.0276,0.0,0.0,0.0,40,0.0278,0.0284,72,0.029,0.0281,0.029,0.0275,492.0,137320.0,3820
2023-05-11 09:37:57,OP10005338,50ETF沽12月2400,0.0276,0.0,0.0,0.0,40,0.0278,0.0284,82,0.029,0.0281,0.029,0.0275,492.0,137320.0,3820
2023-05-11 09:37:57,OP10005338,50ETF沽12月2400,0.0276,0.0,0.0,0.0,30,0.0278,0.0284,82,0.029,0.0281,0.029,0.0275,492.0,137320.0,3820
2023-05-11 09:37:58,OP10005338,50ETF沽12月2400,0.0276,0.0,0.0,0.0,30,0.0278,0.0284,92,0.029,0.0281,0.029,0.0275,492.0,137320.0,3820
2023-05-11 09:37:58,OP10005338,50ETF沽12月2400,0.0276,0.0,0.0,0.0,50,0.0277,0.0284,92,0.029,0.0281,0.029,0.0275,492.0,137320.0,3820
2023-05-11 09:37:59,OP10005338,50ETF沽12月2400,0.0276,0.0,0.0,0.0,30,0.0278,0.0284,92,0.029,0.0281,0.029,0.0275,492.0,137320.0,3820
2023-05-11 09:37:59,OP10005338,50ETF沽12月2400,0.0276,0.0,0.0,0.0,40,0.0277,0.0284,92,0.029,0.0281,0.029,0.0275,492.0,137320.0,3820
2023-05-11 09:38:00,OP10005338,50ETF沽12月2400,0.0276,0.0,0.0,0.0,30,0.0278,0.0284,92,0.029,0.0281,0.029,0.0275,492.0,137320.0,3820
2023-05-11 09:38:00,OP10005338,50ETF沽12月2400,0.0276,0.0,0.0,0.0,40,0.0278,0.0284,92,0.029,0.0281,0.029,0.0275,492.0,137320.0,3820
2023-05-11 09:38:01,OP10005338,50ETF沽12月2400,0.0276,0.0,0.0,0.0,30,0.0278,0.0284,92,0.029,0.0281,0.029,0.0275,492.0,137320.0,3820
2023-05-11 09:38:02,OP10005338,50ETF沽12月2400,0.0276,0.0,0.0,0.0,40,0.0278,0.0284,82,0.029,0.0281,0.029,0.0275,492.0,137320.0,3820
2023-05-11 09:38:02,OP10005338,50ETF沽12月2400,0.0276,0.0,0.0,0.0,40,0.0278,0.0284,72,0.029,0.0281,0.029,0.0275,492.0,137320.0,3820
2023-05-11 09:38:03,OP10005338,50ETF沽12月2400,0.0276,0.0,0.0,0.0,40,0.0278,0.0284,82,0.029,0.0281,0.029,0.0275,492.0,137320.0,3820
2023-05-11 09:38:03,OP10005338,50ETF沽12月2400,0.0276,0.0,0.0,0.0,30,0.0278,0.0284,92,0.029,0.0281,0.029,0.0275,492.0,137320.0,3820
2023-05-11 09:38:04,OP10005338,50ETF沽12月2400,0.0276,0.0,0.0,0.0,40,0.0278,0.0284,82,0.029,0.0281,0.029,0.0275,492.0,137320.0,3820
2023-05-11 09:38:04,OP10005338,50ETF沽12月2400,0.0276,0.0,0.0,0.0,10,0.0278,0.0284,92,0.029,0.0281,0.029,0.0275,492.0,137320.0,3820
2023-05-11 09:38:05,OP10005338,50ETF沽12月2400,0.0276,0.0,0.0,0.0,30,0.0277,0.0283,1,0.029,0.0281,0.029,0.0275,492.0,137320.0,3820
2023-05-11 09:38:05,OP10005338,50ETF沽12月2400,0.0276,0.0,0.0,0.0,30,0.0278,0.0282,30,0.029,0.0281,0.029,0.0275,492.0,137320.0,3820
2023-05-11 09:38:06,OP10005338,50ETF沽12月2400,0.0276,0.0,0.0,0.0,30,0.0278,0.0282,40,0.029,0.0281,0.029,0.0275,492.0,137320.0,3820
2023-05-11 09:38:06,OP10005338,50ETF沽12月2400,0.0276,0.0,0.0,0.0,40,0.0277,0.0282,40,0.029,0.0281,0.029,0.0275,492.0,137320.0,3820
2023-05-11 09:38:07,OP10005338,50ETF沽12月2400,0.0276,0.0,0.0,0.0,30,0.0277,0.0282,40,0.029,0.0281,0.029,0.0275,492.0,137320.0,3820
2023-05-11 09:38:07,OP10005338,50ETF沽12月2400,0.0276,0.0,0.0,0.0,30,0.0277,0.0282,40,0.029,0.0281,0.029,0.0275,492.0,137320.0,3820
2023-05-11 09:38:08,OP10005338,50ETF沽12月2400,0.0276,0.0,0.0,0.0,40,0.0277,0.0282,50,0.029,0.0281,0.029,0.0275,492.0,137320.0,3820
2023-05-11 09:38:08,OP10005338,50ETF沽12月2400,0.0276,0.0,0.0,0.0,70,0.0277,0.0282,50,0.029,0.0281,0.029,0.0275,492.0,137320.0,3820
2023-05-11 09:38:09,OP10005338,50ETF沽12月2400,0.0276,0.0,0.0,0.0,70,0.0277,0.0282,50,0.029,0.0281,0.029,0.0275,492.0,137320.0,3820
2023-05-11 09:38:10,OP10005338,50ETF沽12月2400,0.0276,0.0,0.0,0.0,60,0.0277,0.0282,50,0.029,0.0281,0.029,0.0275,492.0,137320.0,3820
2023-05-11 09:38:10,OP10005338,50ETF沽12月2400,0.0276,0.0,0.0,0.0,60,0.0277,0.0282,50,0.029,0.0281,0.029,0.0275,492.0,137320.0,3820
2023-05-11 09:38:11,OP10005338,50ETF沽12月2400,0.0276,0.0,0.0,0.0,60,0.0277,0.0282,50,0.029,0.0281,0.029,0.0275,492.0,137320.0,3820
2023-05-11 09:38:11,OP10005338,50ETF沽12月2400,0.0276,0.0,0.0,0.0,50,0.0277,0.0282,51,0.029,0.0281,0.029,0.0275,492.0,137320.0,3820
2023-05-11 09:38:12,OP10005338,50ETF沽12月2400,0.0276,0.0,0.0,0.0,50,0.0277,0.0282,51,0.029,0.0281,0.029,0.0275,492.0,137320.0,3820
2023-05-11 09:38:12,OP10005338,50ETF沽12月2400,0.0276,0.0,0.0,0.0,70,0.0277,0.0282,50,0.029,0.0281,0.029,0.0275,492.0,137320.0,3820
2023-05-11 09:38:13,OP10005338,50ETF沽12月2400,0.0276,0.0,0.0,0.0,70,0.0277,0.0282,20,0.029,0.0281,0.029,0.0275,492.0,137320.0,3820
2023-05-11 09:38:13,OP10005338,50ETF沽12月2400,0.0276,0.0,0.0,0.0,10,0.0278,0.0282,10,0.029,0.0281,0.029,0.0275,492.0,137320.0,3820
2023-05-11 09:38:14,OP10005338,50ETF沽12月2400,0.0276,0.0,0.0,0.0,40,0.0278,0.0284,12,0.029,0.0281,0.029,0.0275,492.0,137320.0,3820
2023-05-11 09:38:14,OP10005338,50ETF沽12月2400,0.0276,0.0,0.0,0.0,40,0.0278,0.0283,30,0.029,0.0281,0.029,0.0275,492.0,137320.0,3820
2023-05-11 09:38:15,OP10005338,50ETF沽12月2400,0.0276,0.0,0.0,0.0,50,0.0278,0.0283,50,0.029,0.0281,0.029,0.0275,492.0,137320.0,3820
2023-05-11 09:38:15,OP10005338,50ETF沽12月2400,0.0276,0.0,0.0,0.0,60,0.0278,0.0283,60,0.029,0.0281,0.029,0.0275,492.0,137320.0,3820
2023-05-11 09:38:16,OP10005338,50ETF沽12月2400,0.0276,0.0,0.0,0.0,60,0.0278,0.0283,60,0.029,0.0281,0.029,0.0275,492.0,137320.0,3820
2023-05-11 09:38:16,OP10005338,50ETF沽12月2400,0.0276,0.0,0.0,0.0,60,0.0278,0.0283,30,0.029,0.0281,0.029,0.0275,492.0,137320.0,3820
2023-05-11 09:38:17,OP10005338,50ETF沽12月2400,0.0276,0.0,0.0,0.0,60,0.0278,0.0283,20,0.029,0.0281,0.029,0.0275,492.0,137320.0,3820
2023-05-11 09:38:17,OP10005338,50ETF沽12月2400,0.0276,0.0,0.0,0.0,70,0.0278,0.0283,50,0.029,0.0281,0.029,0.0275,492.0,137320.0,3820
2023-05-11 09:38:18,OP10005338,50ETF沽12月2400,0.0276,0.0,0.0,0.0,70,0.0278,0.0283,20,0.029,0.0281,0.029,0.0275,492.0,137320.0,3820
2023-05-11 09:38:18,OP10005338,50ETF沽12月2400,0.0276,0.0,0.0,0.0,60,0.0278,0.0283,50,0.029,0.0281,0.029,0.0275,492.0,137320.0,3820
2023-05-11 09:38:19,OP10005338,50ETF沽12月2400,0.0276,0.0,0.0,0.0,70,0.0278,0.0283,50,0.029,0.0281,0.029,0.0275,492.0,137320.0,3820
2023-05-11 09:38:20,OP10005338,50ETF沽12月2400,0.0276,0.0,0.0,0.0,70,0.0278,0.0283,20,0.029,0.0281,0.029,0.0275,492.0,137320.0,3820
2023-05-11 09:38:20,OP10005338,50ETF沽12月2400,0.0276,0.0,0.0,0.0,60,0.0278,0.0283,20,0.029,0.0281,0.029,0.0275,492.0,137320.0,3820
2023-05-11 09:38:21,OP10005338,50ETF沽12月2400,0.0276,0.0,0.0,0.0,70,0.0278,0.0283,20,0.029,0.0281,0.029,0.0275,492.0,137320.0,3820
2023-05-11 09:38:21,OP10005338,50ETF沽12月2400,0.0276,0.0,0.0,0.0,60,0.0278,0.0283,50,0.029,0.0281,0.029,0.0275,492.0,137320.0,3820
2023-05-11 09:38:24,OP10005338,50ETF沽12月2400,0.0278,1.0,278.0,-1.0,59,0.0278,0.0283,50,0.029,0.0281,0.029,0.0275,493.0,137598.0,3819
2023-05-11 09:38:25,OP10005338,50ETF沽12月2400,0.0278,0.0,0.0,0.0,59,0.0278,0.0283,50,0.029,0.0281,0.029,0.0275,493.0,137598.0,3819
2023-05-11 09:38:25,OP10005338,50ETF沽12月2400,0.0278,0.0,0.0,0.0,69,0.0278,0.0283,20,0.029,0.0281,0.029,0.0275,493.0,137598.0,3819
2023-05-11 09:38:26,OP10005338,50ETF沽12月2400,0.0278,0.0,0.0,0.0,69,0.0278,0.0283,20,0.029,0.0281,0.029,0.0275,493.0,137598.0,3819
2023-05-11 09:38:26,OP10005338,50ETF沽12月2400,0.0278,0.0,0.0,0.0,59,0.0278,0.0283,20,0.029,0.0281,0.029,0.0275,493.0,137598.0,3819
2023-05-11 09:38:27,OP10005338,50ETF沽12月2400,0.0278,0.0,0.0,0.0,59,0.0278,0.0283,20,0.029,0.0281,0.029,0.0275,493.0,137598.0,3819
2023-05-11 09:38:27,OP10005338,50ETF沽12月2400,0.0278,0.0,0.0,0.0,79,0.0278,0.0283,20,0.029,0.0281,0.029,0.0275,493.0,137598.0,3819
2023-05-11 09:38:28,OP10005338,50ETF沽12月2400,0.0278,0.0,0.0,0.0,89,0.0278,0.0283,20,0.029,0.0281,0.029,0.0275,493.0,137598.0,3819
2023-05-11 09:38:29,OP10005338,50ETF沽12月2400,0.0278,0.0,0.0,0.0,89,0.0278,0.0283,20,0.029,0.0281,0.029,0.0275,493.0,137598.0,3819
2023-05-11 09:38:32,OP10005338,50ETF沽12月2400,0.0278,0.0,0.0,0.0,69,0.0278,0.0283,50,0.029,0.0281,0.029,0.0275,493.0,137598.0,3819
2023-05-11 09:38:33,OP10005338,50ETF沽12月2400,0.0278,0.0,0.0,0.0,69,0.0278,0.0283,60,0.029,0.0281,0.029,0.0275,493.0,137598.0,3819
2023-05-11 09:38:33,OP10005338,50ETF沽12月2400,0.0278,0.0,0.0,0.0,79,0.0278,0.0283,60,0.029,0.0281,0.029,0.0275,493.0,137598.0,3819
2023-05-11 09:38:34,OP10005338,50ETF沽12月2400,0.0278,0.0,0.0,0.0,59,0.0278,0.0283,60,0.029,0.0281,0.029,0.0275,493.0,137598.0,3819
2023-05-11 09:38:35,OP10005338,50ETF沽12月2400,0.0278,0.0,0.0,0.0,59,0.0278,0.0283,60,0.029,0.0281,0.029,0.0275,493.0,137598.0,3819
