time,symbol_id,symbol_name,last,trade_volume,trade_amount,open_interest_change,bv1,bp1,ap1,av1,yesterday_close,today_open,today_high,today_low,volume,amount,open_interest
2023-05-10 20:59:00,sn2312,sn2312,207470.0,0.0,0.0,0.0,0,0.0,218800.0,1,207470.0,205010.0,0.0,0.0,0.0,0.0,212
2023-05-10 21:00:01,sn2312,sn2312,207470.0,0.0,0.0,0.0,1,202440.0,209500.0,1,207470.0,205010.0,0.0,0.0,0.0,0.0,212
2023-05-10 21:00:01,sn2312,sn2312,207470.0,0.0,0.0,0.0,1,201150.0,209390.0,1,207470.0,205010.0,0.0,0.0,0.0,0.0,212
2023-05-10 21:00:02,sn2312,sn2312,207470.0,0.0,0.0,0.0,1,200850.0,209380.0,1,207470.0,205010.0,0.0,0.0,0.0,0.0,212
2023-05-10 21:00:02,sn2312,sn2312,207470.0,0.0,0.0,0.0,1,201900.0,209300.0,1,207470.0,205010.0,0.0,0.0,0.0,0.0,212
2023-05-10 21:00:03,sn2312,sn2312,207470.0,0.0,0.0,0.0,1,202010.0,209210.0,1,207470.0,205010.0,0.0,0.0,0.0,0.0,212
2023-05-10 21:00:03,sn2312,sn2312,207470.0,0.0,0.0,0.0,5,201910.0,209070.0,1,207470.0,205010.0,0.0,0.0,0.0,0.0,212
2023-05-10 21:00:04,sn2312,sn2312,207470.0,0.0,0.0,0.0,5,201910.0,208990.0,1,207470.0,205010.0,0.0,0.0,0.0,0.0,212
2023-05-10 21:00:04,sn2312,sn2312,207470.0,0.0,0.0,0.0,1,201920.0,209000.0,1,207470.0,205010.0,0.0,0.0,0.0,0.0,212
2023-05-10 21:00:05,sn2312,sn2312,207470.0,0.0,0.0,0.0,5,201910.0,208920.0,1,207470.0,205010.0,0.0,0.0,0.0,0.0,212
2023-05-10 21:00:05,sn2312,sn2312,207470.0,0.0,0.0,0.0,18,201930.0,208860.0,1,207470.0,205010.0,0.0,0.0,0.0,0.0,212
2023-05-10 21:00:06,sn2312,sn2312,207470.0,0.0,0.0,0.0,18,201930.0,208840.0,9,207470.0,205010.0,0.0,0.0,0.0,0.0,212
2023-05-10 21:00:06,sn2312,sn2312,207470.0,0.0,0.0,0.0,18,201950.0,208820.0,6,207470.0,205010.0,0.0,0.0,0.0,0.0,212
2023-05-10 21:00:07,sn2312,sn2312,207470.0,0.0,0.0,0.0,15,201970.0,208800.0,6,207470.0,205010.0,0.0,0.0,0.0,0.0,212
2023-05-10 21:00:07,sn2312,sn2312,207470.0,0.0,0.0,0.0,15,201990.0,208780.0,6,207470.0,205010.0,0.0,0.0,0.0,0.0,212
2023-05-10 21:00:08,sn2312,sn2312,207470.0,0.0,0.0,0.0,12,202010.0,208760.0,6,207470.0,205010.0,0.0,0.0,0.0,0.0,212
2023-05-10 21:00:08,sn2312,sn2312,207470.0,0.0,0.0,0.0,15,202030.0,208740.0,6,207470.0,205010.0,0.0,0.0,0.0,0.0,212
2023-05-10 21:00:09,sn2312,sn2312,207470.0,0.0,0.0,0.0,4,202050.0,208720.0,3,207470.0,205010.0,0.0,0.0,0.0,0.0,212
2023-05-10 21:00:09,sn2312,sn2312,207470.0,0.0,0.0,0.0,1,202180.0,208700.0,6,207470.0,205010.0,0.0,0.0,0.0,0.0,212
2023-05-10 21:00:10,sn2312,sn2312,207470.0,0.0,0.0,0.0,1,202250.0,208680.0,3,207470.0,205010.0,0.0,0.0,0.0,0.0,212
2023-05-10 21:00:10,sn2312,sn2312,207470.0,0.0,0.0,0.0,18,202270.0,208660.0,6,207470.0,205010.0,0.0,0.0,0.0,0.0,212
2023-05-10 21:00:11,sn2312,sn2312,207470.0,0.0,0.0,0.0,1,202390.0,208640.0,3,207470.0,205010.0,0.0,0.0,0.0,0.0,212
2023-05-10 21:00:11,sn2312,sn2312,207470.0,0.0,0.0,0.0,1,202500.0,208620.0,6,207470.0,205010.0,0.0,0.0,0.0,0.0,212
2023-05-10 21:00:12,sn2312,sn2312,207470.0,0.0,0.0,0.0,1,202590.0,208600.0,3,207470.0,205010.0,0.0,0.0,0.0,0.0,212
2023-05-10 21:00:12,sn2312,sn2312,207470.0,0.0,0.0,0.0,1,202680.0,208580.0,6,207470.0,205010.0,0.0,0.0,0.0,0.0,212
2023-05-10 21:00:13,sn2312,sn2312,207470.0,0.0,0.0,0.0,1,202720.0,208560.0,3,207470.0,205010.0,0.0,0.0,0.0,0.0,212
2023-05-10 21:00:13,sn2312,sn2312,207470.0,0.0,0.0,0.0,1,202820.0,208540.0,9,207470.0,205010.0,0.0,0.0,0.0,0.0,212
2023-05-10 21:00:14,sn2312,sn2312,207470.0,0.0,0.0,0.0,1,202860.0,208530.0,1,207470.0,205010.0,0.0,0.0,0.0,0.0,212
2023-05-10 21:00:14,sn2312,sn2312,207470.0,0.0,0.0,0.0,18,202880.0,208510.0,9,207470.0,205010.0,0.0,0.0,0.0,0.0,212
2023-05-10 21:00:15,sn2312,sn2312,207470.0,0.0,0.0,0.0,18,202880.0,208510.0,9,207470.0,205010.0,0.0,0.0,0.0,0.0,212
2023-05-10 21:00:15,sn2312,sn2312,207470.0,0.0,0.0,0.0,1,204000.0,208510.0,9,207470.0,205010.0,0.0,0.0,0.0,0.0,212
2023-05-10 21:00:16,sn2312,sn2312,207470.0,0.0,0.0,0.0,18,204020.0,208510.0,9,207470.0,205010.0,0.0,0.0,0.0,0.0,212
2023-05-10 21:00:16,sn2312,sn2312,207470.0,0.0,0.0,0.0,1,204910.0,207620.0,1,207470.0,205010.0,0.0,0.0,0.0,0.0,212
2023-05-10 21:00:17,sn2312,sn2312,207470.0,0.0,0.0,0.0,1,205100.0,207600.0,9,207470.0,205010.0,0.0,0.0,0.0,0.0,212
2023-05-10 21:00:17,sn2312,sn2312,207470.0,0.0,0.0,0.0,18,205120.0,207600.0,9,207470.0,205010.0,0.0,0.0,0.0,0.0,212
2023-05-10 21:00:18,sn2312,sn2312,207470.0,0.0,0.0,0.0,18,205120.0,207600.0,9,207470.0,205010.0,0.0,0.0,0.0,0.0,212
2023-05-10 21:00:18,sn2312,sn2312,207470.0,0.0,0.0,0.0,1,205610.0,207600.0,9,207470.0,205010.0,0.0,0.0,0.0,0.0,212
2023-05-10 21:00:19,sn2312,sn2312,207470.0,0.0,0.0,0.0,15,205630.0,207600.0,9,207470.0,205010.0,0.0,0.0,0.0,0.0,212
2023-05-10 21:00:19,sn2312,sn2312,207470.0,0.0,0.0,0.0,1,206020.0,207590.0,3,207470.0,205010.0,0.0,0.0,0.0,0.0,212
2023-05-10 21:00:20,sn2312,sn2312,207470.0,0.0,0.0,0.0,9,206040.0,207590.0,3,207470.0,205010.0,0.0,0.0,0.0,0.0,212
2023-05-10 21:00:20,sn2312,sn2312,207470.0,0.0,0.0,0.0,3,206060.0,207590.0,3,207470.0,205010.0,0.0,0.0,0.0,0.0,212
2023-05-10 21:00:21,sn2312,sn2312,207470.0,0.0,0.0,0.0,9,206080.0,211330.0,1,207470.0,205010.0,0.0,0.0,0.0,0.0,212
2023-05-10 21:00:21,sn2312,sn2312,207470.0,0.0,0.0,0.0,1,206360.0,207980.0,1,207470.0,205010.0,0.0,0.0,0.0,0.0,212
2023-05-10 21:00:22,sn2312,sn2312,207470.0,0.0,0.0,0.0,12,206380.0,207980.0,1,207470.0,205010.0,0.0,0.0,0.0,0.0,212
2023-05-10 21:00:22,sn2312,sn2312,207470.0,0.0,0.0,0.0,12,206380.0,211310.0,3,207470.0,205010.0,0.0,0.0,0.0,0.0,212
2023-05-10 21:00:23,sn2312,sn2312,207470.0,0.0,0.0,0.0,12,206380.0,211290.0,9,207470.0,205010.0,0.0,0.0,0.0,0.0,212
2023-05-10 21:00:23,sn2312,sn2312,207470.0,0.0,0.0,0.0,12,206380.0,208380.0,1,207470.0,205010.0,0.0,0.0,0.0,0.0,212
2023-05-10 21:00:24,sn2312,sn2312,207470.0,0.0,0.0,0.0,9,206400.0,208360.0,9,207470.0,205010.0,0.0,0.0,0.0,0.0,212
2023-05-10 21:00:24,sn2312,sn2312,207470.0,0.0,0.0,0.0,12,206400.0,208350.0,4,207470.0,205010.0,0.0,0.0,0.0,0.0,212
2023-05-10 21:00:25,sn2312,sn2312,207470.0,0.0,0.0,0.0,12,206400.0,208330.0,9,207470.0,205010.0,0.0,0.0,0.0,0.0,212
2023-05-10 21:00:25,sn2312,sn2312,207470.0,0.0,0.0,0.0,12,206400.0,208330.0,9,207470.0,205010.0,0.0,0.0,0.0,0.0,212
2023-05-10 21:00:26,sn2312,sn2312,207470.0,0.0,0.0,0.0,12,206400.0,208330.0,9,207470.0,205010.0,0.0,0.0,0.0,0.0,212
2023-05-10 21:00:27,sn2312,sn2312,207470.0,0.0,0.0,0.0,12,206400.0,208330.0,9,207470.0,205010.0,0.0,0.0,0.0,0.0,212
2023-05-10 21:00:27,sn2312,sn2312,207470.0,0.0,0.0,0.0,3,206420.0,208330.0,9,207470.0,205010.0,0.0,0.0,0.0,0.0,212
2023-05-10 21:00:28,sn2312,sn2312,207470.0,0.0,0.0,0.0,12,206440.0,208330.0,9,207470.0,205010.0,0.0,0.0,0.0,0.0,212
2023-05-10 21:00:28,sn2312,sn2312,207470.0,0.0,0.0,0.0,15,206460.0,208710.0,1,207470.0,205010.0,0.0,0.0,0.0,0.0,212
2023-05-10 21:00:29,sn2312,sn2312,207470.0,0.0,0.0,0.0,15,206460.0,208310.0,3,207470.0,205010.0,0.0,0.0,0.0,0.0,212
2023-05-10 21:00:29,sn2312,sn2312,207470.0,0.0,0.0,0.0,15,206460.0,208310.0,3,207470.0,205010.0,0.0,0.0,0.0,0.0,212
2023-05-10 21:00:30,sn2312,sn2312,207470.0,0.0,0.0,0.0,15,206460.0,208310.0,3,207470.0,205010.0,0.0,0.0,0.0,0.0,212
2023-05-10 21:00:30,sn2312,sn2312,207470.0,0.0,0.0,0.0,15,206480.0,212220.0,1,207470.0,205010.0,0.0,0.0,0.0,0.0,212
2023-05-10 21:00:31,sn2312,sn2312,207470.0,0.0,0.0,0.0,1,206820.0,211030.0,1,207470.0,205010.0,0.0,0.0,0.0,0.0,212
2023-05-10 21:00:31,sn2312,sn2312,207470.0,0.0,0.0,0.0,15,206840.0,211000.0,1,207470.0,205010.0,0.0,0.0,0.0,0.0,212
2023-05-10 21:00:32,sn2312,sn2312,207470.0,0.0,0.0,0.0,15,206840.0,210980.0,6,207470.0,205010.0,0.0,0.0,0.0,0.0,212
2023-05-10 21:00:32,sn2312,sn2312,207470.0,0.0,0.0,0.0,15,206840.0,210980.0,9,207470.0,205010.0,0.0,0.0,0.0,0.0,212
2023-05-10 21:00:33,sn2312,sn2312,207470.0,0.0,0.0,0.0,15,206840.0,210970.0,3,207470.0,205010.0,0.0,0.0,0.0,0.0,212
2023-05-10 21:00:33,sn2312,sn2312,207470.0,0.0,0.0,0.0,15,206840.0,210950.0,9,207470.0,205010.0,0.0,0.0,0.0,0.0,212
2023-05-10 21:00:34,sn2312,sn2312,207470.0,0.0,0.0,0.0,15,206840.0,210940.0,1,207470.0,205010.0,0.0,0.0,0.0,0.0,212
2023-05-10 21:00:34,sn2312,sn2312,207470.0,0.0,0.0,0.0,15,206840.0,210920.0,9,207470.0,205010.0,0.0,0.0,0.0,0.0,212
2023-05-10 21:00:35,sn2312,sn2312,207470.0,0.0,0.0,0.0,15,206840.0,210920.0,9,207470.0,205010.0,0.0,0.0,0.0,0.0,212
2023-05-10 21:00:35,sn2312,sn2312,207470.0,0.0,0.0,0.0,15,206840.0,210900.0,1,207470.0,205010.0,0.0,0.0,0.0,0.0,212
2023-05-10 21:00:36,sn2312,sn2312,207470.0,0.0,0.0,0.0,12,206840.0,210830.0,1,207470.0,205010.0,0.0,0.0,0.0,0.0,212
2023-05-10 21:00:36,sn2312,sn2312,207470.0,0.0,0.0,0.0,12,206840.0,210090.0,1,207470.0,205010.0,0.0,0.0,0.0,0.0,212
2023-05-10 21:00:37,sn2312,sn2312,207470.0,0.0,0.0,0.0,12,206840.0,210070.0,9,207470.0,205010.0,0.0,0.0,0.0,0.0,212
2023-05-10 21:00:37,sn2312,sn2312,207470.0,0.0,0.0,0.0,12,206840.0,209430.0,1,207470.0,205010.0,0.0,0.0,0.0,0.0,212
2023-05-10 21:00:38,sn2312,sn2312,207470.0,0.0,0.0,0.0,9,206840.0,209410.0,9,207470.0,205010.0,0.0,0.0,0.0,0.0,212
2023-05-10 21:00:38,sn2312,sn2312,207470.0,0.0,0.0,0.0,9,206840.0,208900.0,1,207470.0,205010.0,0.0,0.0,0.0,0.0,212
2023-05-10 21:00:39,sn2312,sn2312,207470.0,0.0,0.0,0.0,9,206840.0,208880.0,9,207470.0,205010.0,0.0,0.0,0.0,0.0,212
2023-05-10 21:00:39,sn2312,sn2312,207470.0,0.0,0.0,0.0,3,206860.0,208480.0,1,207470.0,205010.0,0.0,0.0,0.0,0.0,212
2023-05-10 21:00:40,sn2312,sn2312,207470.0,0.0,0.0,0.0,9,206880.0,208460.0,3,207470.0,205010.0,0.0,0.0,0.0,0.0,212
2023-05-10 21:00:40,sn2312,sn2312,207470.0,0.0,0.0,0.0,3,206900.0,208460.0,3,207470.0,205010.0,0.0,0.0,0.0,0.0,212
2023-05-10 21:00:41,sn2312,sn2312,207470.0,0.0,0.0,0.0,9,206920.0,208460.0,3,207470.0,205010.0,0.0,0.0,0.0,0.0,212
2023-05-10 21:00:41,sn2312,sn2312,207470.0,0.0,0.0,0.0,9,206920.0,208440.0,3,207470.0,205010.0,0.0,0.0,0.0,0.0,212
2023-05-10 21:00:42,sn2312,sn2312,207470.0,0.0,0.0,0.0,9,206920.0,208420.0,3,207470.0,205010.0,0.0,0.0,0.0,0.0,212
2023-05-10 21:00:42,sn2312,sn2312,207470.0,0.0,0.0,0.0,9,206920.0,208400.0,3,207470.0,205010.0,0.0,0.0,0.0,0.0,212
2023-05-10 21:00:43,sn2312,sn2312,207470.0,0.0,0.0,0.0,9,206920.0,208380.0,3,207470.0,205010.0,0.0,0.0,0.0,0.0,212
2023-05-10 21:00:43,sn2312,sn2312,207470.0,0.0,0.0,0.0,6,206920.0,208360.0,6,207470.0,205010.0,0.0,0.0,0.0,0.0,212
2023-05-10 21:00:44,sn2312,sn2312,207470.0,0.0,0.0,0.0,6,206920.0,208340.0,3,207470.0,205010.0,0.0,0.0,0.0,0.0,212
2023-05-10 21:00:44,sn2312,sn2312,207470.0,0.0,0.0,0.0,6,206920.0,208320.0,3,207470.0,205010.0,0.0,0.0,0.0,0.0,212
2023-05-10 21:00:45,sn2312,sn2312,207470.0,0.0,0.0,0.0,3,206930.0,208300.0,3,207470.0,205010.0,0.0,0.0,0.0,0.0,212
2023-05-10 21:00:45,sn2312,sn2312,207470.0,0.0,0.0,0.0,6,206950.0,208300.0,3,207470.0,205010.0,0.0,0.0,0.0,0.0,212
2023-05-10 21:00:46,sn2312,sn2312,207470.0,0.0,0.0,0.0,3,206970.0,208300.0,3,207470.0,205010.0,0.0,0.0,0.0,0.0,212
2023-05-10 21:00:46,sn2312,sn2312,207470.0,0.0,0.0,0.0,6,206990.0,208300.0,3,207470.0,205010.0,0.0,0.0,0.0,0.0,212
2023-05-10 21:00:48,sn2312,sn2312,207470.0,0.0,0.0,0.0,6,206990.0,208290.0,3,207470.0,205010.0,0.0,0.0,0.0,0.0,212
2023-05-10 21:00:48,sn2312,sn2312,207470.0,0.0,0.0,0.0,6,206990.0,208270.0,3,207470.0,205010.0,0.0,0.0,0.0,0.0,212
2023-05-10 21:00:49,sn2312,sn2312,207470.0,0.0,0.0,0.0,3,206990.0,208250.0,3,207470.0,205010.0,0.0,0.0,0.0,0.0,212
2023-05-10 21:00:49,sn2312,sn2312,207470.0,0.0,0.0,0.0,3,206990.0,208230.0,6,207470.0,205010.0,0.0,0.0,0.0,0.0,212
2023-05-10 21:00:50,sn2312,sn2312,207470.0,0.0,0.0,0.0,3,206990.0,208210.0,3,207470.0,205010.0,0.0,0.0,0.0,0.0,212
2023-05-10 21:00:50,sn2312,sn2312,207470.0,0.0,0.0,0.0,1,206680.0,208190.0,6,207470.0,205010.0,0.0,0.0,0.0,0.0,212
2023-05-10 21:00:51,sn2312,sn2312,207470.0,0.0,0.0,0.0,6,206700.0,208170.0,3,207470.0,205010.0,0.0,0.0,0.0,0.0,212
2023-05-10 21:00:51,sn2312,sn2312,207470.0,0.0,0.0,0.0,6,206700.0,208150.0,3,207470.0,205010.0,0.0,0.0,0.0,0.0,212
2023-05-10 21:00:52,sn2312,sn2312,207470.0,0.0,0.0,0.0,9,206720.0,208130.0,3,207470.0,205010.0,0.0,0.0,0.0,0.0,212
2023-05-10 21:00:52,sn2312,sn2312,207470.0,0.0,0.0,0.0,9,206720.0,208130.0,3,207470.0,205010.0,0.0,0.0,0.0,0.0,212
2023-05-10 21:00:53,sn2312,sn2312,207470.0,0.0,0.0,0.0,9,206720.0,208130.0,3,207470.0,205010.0,0.0,0.0,0.0,0.0,212
2023-05-10 21:00:53,sn2312,sn2312,207470.0,0.0,0.0,0.0,9,206720.0,208120.0,3,207470.0,205010.0,0.0,0.0,0.0,0.0,212
2023-05-10 21:00:54,sn2312,sn2312,207470.0,0.0,0.0,0.0,9,206720.0,208100.0,3,207470.0,205010.0,0.0,0.0,0.0,0.0,212
2023-05-10 21:00:55,sn2312,sn2312,207470.0,0.0,0.0,0.0,9,206720.0,208100.0,3,207470.0,205010.0,0.0,0.0,0.0,0.0,212
2023-05-10 21:00:56,sn2312,sn2312,207470.0,0.0,0.0,0.0,3,206740.0,208100.0,3,207470.0,205010.0,0.0,0.0,0.0,0.0,212
2023-05-10 21:00:56,sn2312,sn2312,207470.0,0.0,0.0,0.0,9,206760.0,208100.0,3,207470.0,205010.0,0.0,0.0,0.0,0.0,212
2023-05-10 21:00:57,sn2312,sn2312,207470.0,0.0,0.0,0.0,3,206780.0,208480.0,1,207470.0,205010.0,0.0,0.0,0.0,0.0,212
2023-05-10 21:00:57,sn2312,sn2312,207470.0,0.0,0.0,0.0,9,206800.0,208460.0,6,207470.0,205010.0,0.0,0.0,0.0,0.0,212
2023-05-10 21:00:58,sn2312,sn2312,207470.0,0.0,0.0,0.0,9,206800.0,208460.0,9,207470.0,205010.0,0.0,0.0,0.0,0.0,212
2023-05-10 21:00:58,sn2312,sn2312,207470.0,0.0,0.0,0.0,9,206800.0,208450.0,3,207470.0,205010.0,0.0,0.0,0.0,0.0,212
2023-05-10 21:00:59,sn2312,sn2312,207470.0,0.0,0.0,0.0,9,206800.0,208430.0,9,207470.0,205010.0,0.0,0.0,0.0,0.0,212
2023-05-10 21:01:00,sn2312,sn2312,207470.0,0.0,0.0,0.0,9,206800.0,208430.0,9,207470.0,205010.0,0.0,0.0,0.0,0.0,212
2023-05-10 21:01:00,sn2312,sn2312,207470.0,0.0,0.0,0.0,9,206800.0,208430.0,9,207470.0,205010.0,0.0,0.0,0.0,0.0,212
2023-05-10 21:01:01,sn2312,sn2312,207470.0,0.0,0.0,0.0,3,206820.0,208430.0,9,207470.0,205010.0,0.0,0.0,0.0,0.0,212
2023-05-10 21:01:01,sn2312,sn2312,207470.0,0.0,0.0,0.0,9,206840.0,208430.0,9,207470.0,205010.0,0.0,0.0,0.0,0.0,212
2023-05-10 21:01:02,sn2312,sn2312,207470.0,0.0,0.0,0.0,3,206860.0,208430.0,9,207470.0,205010.0,0.0,0.0,0.0,0.0,212
2023-05-10 21:01:02,sn2312,sn2312,207470.0,0.0,0.0,0.0,9,206880.0,208430.0,9,207470.0,205010.0,0.0,0.0,0.0,0.0,212
2023-05-10 21:01:03,sn2312,sn2312,207470.0,0.0,0.0,0.0,9,206880.0,208410.0,3,207470.0,205010.0,0.0,0.0,0.0,0.0,212
2023-05-10 21:01:03,sn2312,sn2312,207470.0,0.0,0.0,0.0,9,206880.0,208390.0,6,207470.0,205010.0,0.0,0.0,0.0,0.0,212
2023-05-10 21:01:04,sn2312,sn2312,207470.0,0.0,0.0,0.0,6,206880.0,208370.0,3,207470.0,205010.0,0.0,0.0,0.0,0.0,212
2023-05-10 21:01:04,sn2312,sn2312,207470.0,0.0,0.0,0.0,6,206880.0,208350.0,6,207470.0,205010.0,0.0,0.0,0.0,0.0,212
2023-05-10 21:01:05,sn2312,sn2312,207470.0,0.0,0.0,0.0,3,206900.0,208350.0,6,207470.0,205010.0,0.0,0.0,0.0,0.0,212
2023-05-10 21:01:06,sn2312,sn2312,207470.0,0.0,0.0,0.0,6,206920.0,208350.0,6,207470.0,205010.0,0.0,0.0,0.0,0.0,212
2023-05-10 21:01:06,sn2312,sn2312,207470.0,0.0,0.0,0.0,3,206940.0,208350.0,6,207470.0,205010.0,0.0,0.0,0.0,0.0,212
2023-05-10 21:01:07,sn2312,sn2312,207470.0,0.0,0.0,0.0,6,206960.0,208350.0,6,207470.0,205010.0,0.0,0.0,0.0,0.0,212
2023-05-10 21:01:07,sn2312,sn2312,207470.0,0.0,0.0,0.0,6,206960.0,208350.0,6,207470.0,205010.0,0.0,0.0,0.0,0.0,212
2023-05-10 21:01:08,sn2312,sn2312,207470.0,0.0,0.0,0.0,3,206980.0,208350.0,6,207470.0,205010.0,0.0,0.0,0.0,0.0,212
2023-05-10 21:01:08,sn2312,sn2312,207470.0,0.0,0.0,0.0,6,207000.0,208350.0,3,207470.0,205010.0,0.0,0.0,0.0,0.0,212
2023-05-10 21:01:09,sn2312,sn2312,207470.0,0.0,0.0,0.0,3,207020.0,208350.0,3,207470.0,205010.0,0.0,0.0,0.0,0.0,212
2023-05-10 21:01:09,sn2312,sn2312,207470.0,0.0,0.0,0.0,6,207040.0,208350.0,3,207470.0,205010.0,0.0,0.0,0.0,0.0,212
2023-05-10 21:01:10,sn2312,sn2312,207470.0,0.0,0.0,0.0,3,207060.0,208350.0,3,207470.0,205010.0,0.0,0.0,0.0,0.0,212
2023-05-10 21:01:11,sn2312,sn2312,207470.0,0.0,0.0,0.0,6,207080.0,208350.0,3,207470.0,205010.0,0.0,0.0,0.0,0.0,212
2023-05-10 21:01:11,sn2312,sn2312,207470.0,0.0,0.0,0.0,6,207080.0,208350.0,3,207470.0,205010.0,0.0,0.0,0.0,0.0,212
2023-05-10 21:01:13,sn2312,sn2312,207470.0,0.0,0.0,0.0,6,207080.0,208350.0,3,207470.0,205010.0,0.0,0.0,0.0,0.0,212
2023-05-10 21:01:14,sn2312,sn2312,207470.0,0.0,0.0,0.0,6,207080.0,208350.0,3,207470.0,205010.0,0.0,0.0,0.0,0.0,212
2023-05-10 21:01:15,sn2312,sn2312,207470.0,0.0,0.0,0.0,6,207080.0,208350.0,3,207470.0,205010.0,0.0,0.0,0.0,0.0,212
2023-05-10 21:01:17,sn2312,sn2312,207470.0,0.0,0.0,0.0,6,207080.0,208350.0,3,207470.0,205010.0,0.0,0.0,0.0,0.0,212
2023-05-10 21:01:17,sn2312,sn2312,207470.0,0.0,0.0,0.0,3,207100.0,208350.0,3,207470.0,205010.0,0.0,0.0,0.0,0.0,212
2023-05-10 21:01:18,sn2312,sn2312,207470.0,0.0,0.0,0.0,6,207120.0,208350.0,3,207470.0,205010.0,0.0,0.0,0.0,0.0,212
2023-05-10 21:01:20,sn2312,sn2312,207470.0,0.0,0.0,0.0,6,207120.0,208350.0,3,207470.0,205010.0,0.0,0.0,0.0,0.0,212
2023-05-10 21:01:20,sn2312,sn2312,207470.0,0.0,0.0,0.0,6,207120.0,208330.0,3,207470.0,205010.0,0.0,0.0,0.0,0.0,212
2023-05-10 21:01:21,sn2312,sn2312,207470.0,0.0,0.0,0.0,6,207120.0,208310.0,3,207470.0,205010.0,0.0,0.0,0.0,0.0,212
2023-05-10 21:01:21,sn2312,sn2312,207470.0,0.0,0.0,0.0,6,207120.0,208310.0,3,207470.0,205010.0,0.0,0.0,0.0,0.0,212
2023-05-10 21:01:24,sn2312,sn2312,207470.0,0.0,0.0,0.0,6,207120.0,208310.0,3,207470.0,205010.0,0.0,0.0,0.0,0.0,212
2023-05-10 21:01:28,sn2312,sn2312,207470.0,0.0,0.0,0.0,6,207120.0,208310.0,3,207470.0,205010.0,0.0,0.0,0.0,0.0,212
2023-05-10 21:01:29,sn2312,sn2312,207470.0,0.0,0.0,0.0,6,207120.0,208310.0,3,207470.0,205010.0,0.0,0.0,0.0,0.0,212
2023-05-10 21:01:32,sn2312,sn2312,207470.0,0.0,0.0,0.0,6,207120.0,208310.0,3,207470.0,205010.0,0.0,0.0,0.0,0.0,212
2023-05-10 21:01:32,sn2312,sn2312,207470.0,0.0,0.0,0.0,6,207120.0,208310.0,3,207470.0,205010.0,0.0,0.0,0.0,0.0,212
2023-05-10 21:01:35,sn2312,sn2312,207470.0,0.0,0.0,0.0,3,207120.0,208290.0,3,207470.0,205010.0,0.0,0.0,0.0,0.0,212
2023-05-10 21:01:36,sn2312,sn2312,207470.0,0.0,0.0,0.0,3,207120.0,208270.0,3,207470.0,205010.0,0.0,0.0,0.0,0.0,212
2023-05-10 21:01:37,sn2312,sn2312,207470.0,0.0,0.0,0.0,3,207120.0,208270.0,3,207470.0,205010.0,0.0,0.0,0.0,0.0,212
2023-05-10 21:01:38,sn2312,sn2312,207470.0,0.0,0.0,0.0,3,207120.0,208270.0,3,207470.0,205010.0,0.0,0.0,0.0,0.0,212
2023-05-10 21:01:38,sn2312,sn2312,207470.0,0.0,0.0,0.0,3,207120.0,208270.0,3,207470.0,205010.0,0.0,0.0,0.0,0.0,212
2023-05-10 21:01:39,sn2312,sn2312,207470.0,0.0,0.0,0.0,3,207130.0,208270.0,3,207470.0,205010.0,0.0,0.0,0.0,0.0,212
2023-05-10 21:01:39,sn2312,sn2312,207470.0,0.0,0.0,0.0,3,207150.0,208270.0,3,207470.0,205010.0,0.0,0.0,0.0,0.0,212
2023-05-10 21:01:40,sn2312,sn2312,207470.0,0.0,0.0,0.0,3,207150.0,208260.0,2,207470.0,205010.0,0.0,0.0,0.0,0.0,212
2023-05-10 21:01:41,sn2312,sn2312,207470.0,0.0,0.0,0.0,3,207150.0,208240.0,6,207470.0,205010.0,0.0,0.0,0.0,0.0,212
2023-05-10 21:01:41,sn2312,sn2312,207470.0,0.0,0.0,0.0,3,207150.0,208240.0,6,207470.0,205010.0,0.0,0.0,0.0,0.0,212
2023-05-10 21:01:43,sn2312,sn2312,207470.0,0.0,0.0,0.0,3,207150.0,208240.0,3,207470.0,205010.0,0.0,0.0,0.0,0.0,212
2023-05-10 21:01:45,sn2312,sn2312,207470.0,0.0,0.0,0.0,3,207150.0,208240.0,3,207470.0,205010.0,0.0,0.0,0.0,0.0,212
2023-05-10 21:01:46,sn2312,sn2312,207470.0,0.0,0.0,0.0,3,207150.0,208240.0,3,207470.0,205010.0,0.0,0.0,0.0,0.0,212
2023-05-10 21:01:50,sn2312,sn2312,207470.0,0.0,0.0,0.0,3,207150.0,208240.0,3,207470.0,205010.0,0.0,0.0,0.0,0.0,212
2023-05-10 21:01:50,sn2312,sn2312,207470.0,0.0,0.0,0.0,3,207150.0,208240.0,3,207470.0,205010.0,0.0,0.0,0.0,0.0,212
2023-05-10 21:01:53,sn2312,sn2312,207470.0,0.0,0.0,0.0,3,207150.0,208230.0,3,207470.0,205010.0,0.0,0.0,0.0,0.0,212
2023-05-10 21:01:54,sn2312,sn2312,207470.0,0.0,0.0,0.0,3,207150.0,208210.0,3,207470.0,205010.0,0.0,0.0,0.0,0.0,212
2023-05-10 21:01:57,sn2312,sn2312,207470.0,0.0,0.0,0.0,1,206680.0,208190.0,3,207470.0,205010.0,0.0,0.0,0.0,0.0,212
2023-05-10 21:01:57,sn2312,sn2312,207470.0,0.0,0.0,0.0,9,206700.0,208170.0,3,207470.0,205010.0,0.0,0.0,0.0,0.0,212
2023-05-10 21:01:58,sn2312,sn2312,207470.0,0.0,0.0,0.0,9,206700.0,208160.0,3,207470.0,205010.0,0.0,0.0,0.0,0.0,212
2023-05-10 21:01:58,sn2312,sn2312,207470.0,0.0,0.0,0.0,9,206700.0,208140.0,3,207470.0,205010.0,0.0,0.0,0.0,0.0,212
2023-05-10 21:02:00,sn2312,sn2312,207470.0,0.0,0.0,0.0,9,206700.0,208120.0,3,207470.0,205010.0,0.0,0.0,0.0,0.0,212
2023-05-10 21:02:00,sn2312,sn2312,207470.0,0.0,0.0,0.0,9,206700.0,208100.0,3,207470.0,205010.0,0.0,0.0,0.0,0.0,212
2023-05-10 21:02:01,sn2312,sn2312,207470.0,0.0,0.0,0.0,9,206700.0,208080.0,3,207470.0,205010.0,0.0,0.0,0.0,0.0,212
2023-05-10 21:02:01,sn2312,sn2312,207470.0,0.0,0.0,0.0,9,206700.0,208060.0,3,207470.0,205010.0,0.0,0.0,0.0,0.0,212
2023-05-10 21:02:02,sn2312,sn2312,207470.0,0.0,0.0,0.0,9,206700.0,208050.0,3,207470.0,205010.0,0.0,0.0,0.0,0.0,212
2023-05-10 21:02:02,sn2312,sn2312,207470.0,0.0,0.0,0.0,9,206700.0,208030.0,3,207470.0,205010.0,0.0,0.0,0.0,0.0,212
2023-05-10 21:02:04,sn2312,sn2312,207470.0,0.0,0.0,0.0,9,206700.0,208010.0,3,207470.0,205010.0,0.0,0.0,0.0,0.0,212
2023-05-10 21:02:05,sn2312,sn2312,207470.0,0.0,0.0,0.0,6,206700.0,207990.0,3,207470.0,205010.0,0.0,0.0,0.0,0.0,212
2023-05-10 21:02:05,sn2312,sn2312,207470.0,0.0,0.0,0.0,3,206700.0,207970.0,3,207470.0,205010.0,0.0,0.0,0.0,0.0,212
2023-05-10 21:02:06,sn2312,sn2312,207470.0,0.0,0.0,0.0,3,206700.0,207950.0,3,207470.0,205010.0,0.0,0.0,0.0,0.0,212
2023-05-10 21:02:07,sn2312,sn2312,207470.0,0.0,0.0,0.0,3,206700.0,207940.0,3,207470.0,205010.0,0.0,0.0,0.0,0.0,212
2023-05-10 21:02:07,sn2312,sn2312,207470.0,0.0,0.0,0.0,3,206700.0,207920.0,3,207470.0,205010.0,0.0,0.0,0.0,0.0,212
2023-05-10 21:02:08,sn2312,sn2312,207470.0,0.0,0.0,0.0,3,206700.0,207900.0,3,207470.0,205010.0,0.0,0.0,0.0,0.0,212
2023-05-10 21:02:09,sn2312,sn2312,207470.0,0.0,0.0,0.0,3,206700.0,207880.0,3,207470.0,205010.0,0.0,0.0,0.0,0.0,212
2023-05-10 21:02:09,sn2312,sn2312,207470.0,0.0,0.0,0.0,3,206700.0,207860.0,3,207470.0,205010.0,0.0,0.0,0.0,0.0,212
2023-05-10 21:02:10,sn2312,sn2312,207470.0,0.0,0.0,0.0,3,206700.0,207840.0,3,207470.0,205010.0,0.0,0.0,0.0,0.0,212
2023-05-10 21:02:10,sn2312,sn2312,207470.0,0.0,0.0,0.0,3,206700.0,207840.0,3,207470.0,205010.0,0.0,0.0,0.0,0.0,212
2023-05-10 21:02:11,sn2312,sn2312,207470.0,0.0,0.0,0.0,3,206700.0,207820.0,3,207470.0,205010.0,0.0,0.0,0.0,0.0,212
2023-05-10 21:02:12,sn2312,sn2312,207470.0,0.0,0.0,0.0,5,202830.0,207800.0,3,207470.0,205010.0,0.0,0.0,0.0,0.0,212
2023-05-10 21:02:12,sn2312,sn2312,207470.0,0.0,0.0,0.0,1,203390.0,207800.0,3,207470.0,205010.0,0.0,0.0,0.0,0.0,212
2023-05-10 21:02:13,sn2312,sn2312,207470.0,0.0,0.0,0.0,1,205370.0,207800.0,3,207470.0,205010.0,0.0,0.0,0.0,0.0,212
2023-05-10 21:02:13,sn2312,sn2312,207470.0,0.0,0.0,0.0,18,205390.0,207780.0,6,207470.0,205010.0,0.0,0.0,0.0,0.0,212
2023-05-10 21:02:14,sn2312,sn2312,207470.0,0.0,0.0,0.0,1,205400.0,207760.0,3,207470.0,205010.0,0.0,0.0,0.0,0.0,212
2023-05-10 21:02:14,sn2312,sn2312,207470.0,0.0,0.0,0.0,18,205420.0,207740.0,3,207470.0,205010.0,0.0,0.0,0.0,0.0,212
2023-05-10 21:02:15,sn2312,sn2312,207470.0,0.0,0.0,0.0,1,205430.0,207720.0,3,207470.0,205010.0,0.0,0.0,0.0,0.0,212
2023-05-10 21:02:15,sn2312,sn2312,207470.0,0.0,0.0,0.0,18,205450.0,207720.0,3,207470.0,205010.0,0.0,0.0,0.0,0.0,212
2023-05-10 21:02:16,sn2312,sn2312,207470.0,0.0,0.0,0.0,2,205460.0,207700.0,3,207470.0,205010.0,0.0,0.0,0.0,0.0,212
2023-05-10 21:02:16,sn2312,sn2312,207470.0,0.0,0.0,0.0,18,205480.0,207680.0,3,207470.0,205010.0,0.0,0.0,0.0,0.0,212
2023-05-10 21:02:17,sn2312,sn2312,207470.0,0.0,0.0,0.0,19,205480.0,207660.0,3,207470.0,205010.0,0.0,0.0,0.0,0.0,212
2023-05-10 21:02:17,sn2312,sn2312,207470.0,0.0,0.0,0.0,1,205490.0,207640.0,3,207470.0,205010.0,0.0,0.0,0.0,0.0,212
2023-05-10 21:02:18,sn2312,sn2312,207470.0,0.0,0.0,0.0,15,205510.0,207620.0,3,207470.0,205010.0,0.0,0.0,0.0,0.0,212
2023-05-10 21:02:18,sn2312,sn2312,207470.0,0.0,0.0,0.0,18,205510.0,207600.0,3,207470.0,205010.0,0.0,0.0,0.0,0.0,212
2023-05-10 21:02:19,sn2312,sn2312,207470.0,0.0,0.0,0.0,1,205520.0,207580.0,3,207470.0,205010.0,0.0,0.0,0.0,0.0,212
2023-05-10 21:02:19,sn2312,sn2312,207470.0,0.0,0.0,0.0,18,205540.0,207560.0,3,207470.0,205010.0,0.0,0.0,0.0,0.0,212
2023-05-10 21:02:20,sn2312,sn2312,207470.0,0.0,0.0,0.0,18,205540.0,207560.0,3,207470.0,205010.0,0.0,0.0,0.0,0.0,212
2023-05-10 21:02:20,sn2312,sn2312,207470.0,0.0,0.0,0.0,2,205550.0,207560.0,3,207470.0,205010.0,0.0,0.0,0.0,0.0,212
2023-05-10 21:02:21,sn2312,sn2312,207470.0,0.0,0.0,0.0,18,205570.0,207560.0,3,207470.0,205010.0,0.0,0.0,0.0,0.0,212
2023-05-10 21:02:21,sn2312,sn2312,207470.0,0.0,0.0,0.0,18,205570.0,207560.0,3,207470.0,205010.0,0.0,0.0,0.0,0.0,212
2023-05-10 21:02:22,sn2312,sn2312,207470.0,0.0,0.0,0.0,2,205580.0,207560.0,3,207470.0,205010.0,0.0,0.0,0.0,0.0,212
2023-05-10 21:02:23,sn2312,sn2312,207470.0,0.0,0.0,0.0,15,205600.0,207560.0,3,207470.0,205010.0,0.0,0.0,0.0,0.0,212
2023-05-10 21:02:23,sn2312,sn2312,207470.0,0.0,0.0,0.0,1,205610.0,207560.0,3,207470.0,205010.0,0.0,0.0,0.0,0.0,212
2023-05-10 21:02:24,sn2312,sn2312,207470.0,0.0,0.0,0.0,15,205630.0,207560.0,3,207470.0,205010.0,0.0,0.0,0.0,0.0,212
2023-05-10 21:02:24,sn2312,sn2312,207470.0,0.0,0.0,0.0,15,205630.0,207540.0,3,207470.0,205010.0,0.0,0.0,0.0,0.0,212
2023-05-10 21:02:25,sn2312,sn2312,207470.0,0.0,0.0,0.0,15,205630.0,207520.0,3,207470.0,205010.0,0.0,0.0,0.0,0.0,212
2023-05-10 21:02:26,sn2312,sn2312,207470.0,0.0,0.0,0.0,1,205640.0,207520.0,3,207470.0,205010.0,0.0,0.0,0.0,0.0,212
2023-05-10 21:02:26,sn2312,sn2312,207470.0,0.0,0.0,0.0,15,205660.0,207520.0,3,207470.0,205010.0,0.0,0.0,0.0,0.0,212
2023-05-10 21:02:27,sn2312,sn2312,207470.0,0.0,0.0,0.0,15,205660.0,207520.0,3,207470.0,205010.0,0.0,0.0,0.0,0.0,212
2023-05-10 21:02:28,sn2312,sn2312,207470.0,0.0,0.0,0.0,1,205670.0,207520.0,3,207470.0,205010.0,0.0,0.0,0.0,0.0,212
2023-05-10 21:02:28,sn2312,sn2312,207470.0,0.0,0.0,0.0,15,205690.0,207520.0,3,207470.0,205010.0,0.0,0.0,0.0,0.0,212
2023-05-10 21:02:29,sn2312,sn2312,207470.0,0.0,0.0,0.0,1,205700.0,207520.0,3,207470.0,205010.0,0.0,0.0,0.0,0.0,212
2023-05-10 21:02:29,sn2312,sn2312,207470.0,0.0,0.0,0.0,15,205720.0,207520.0,3,207470.0,205010.0,0.0,0.0,0.0,0.0,212
2023-05-10 21:02:30,sn2312,sn2312,207470.0,0.0,0.0,0.0,15,205720.0,207520.0,3,207470.0,205010.0,0.0,0.0,0.0,0.0,212
2023-05-10 21:02:31,sn2312,sn2312,207470.0,0.0,0.0,0.0,1,205730.0,207520.0,3,207470.0,205010.0,0.0,0.0,0.0,0.0,212
2023-05-10 21:02:31,sn2312,sn2312,207470.0,0.0,0.0,0.0,15,205750.0,207520.0,3,207470.0,205010.0,0.0,0.0,0.0,0.0,212
2023-05-10 21:02:32,sn2312,sn2312,207470.0,0.0,0.0,0.0,15,205750.0,207520.0,3,207470.0,205010.0,0.0,0.0,0.0,0.0,212
2023-05-10 21:02:33,sn2312,sn2312,207470.0,0.0,0.0,0.0,15,205750.0,207520.0,3,207470.0,205010.0,0.0,0.0,0.0,0.0,212
2023-05-10 21:02:34,sn2312,sn2312,207470.0,0.0,0.0,0.0,15,205750.0,207520.0,3,207470.0,205010.0,0.0,0.0,0.0,0.0,212
2023-05-10 21:02:35,sn2312,sn2312,207470.0,0.0,0.0,0.0,1,205760.0,207520.0,3,207470.0,205010.0,0.0,0.0,0.0,0.0,212
2023-05-10 21:02:35,sn2312,sn2312,207470.0,0.0,0.0,0.0,15,205780.0,207520.0,3,207470.0,205010.0,0.0,0.0,0.0,0.0,212
2023-05-10 21:02:37,sn2312,sn2312,207470.0,0.0,0.0,0.0,15,205780.0,207520.0,3,207470.0,205010.0,0.0,0.0,0.0,0.0,212
2023-05-10 21:02:39,sn2312,sn2312,207470.0,0.0,0.0,0.0,1,205790.0,207520.0,3,207470.0,205010.0,0.0,0.0,0.0,0.0,212
2023-05-10 21:02:40,sn2312,sn2312,207470.0,0.0,0.0,0.0,15,205810.0,207520.0,3,207470.0,205010.0,0.0,0.0,0.0,0.0,212
2023-05-10 21:02:40,sn2312,sn2312,207470.0,0.0,0.0,0.0,1,205820.0,207520.0,3,207470.0,205010.0,0.0,0.0,0.0,0.0,212
2023-05-10 21:02:41,sn2312,sn2312,207470.0,0.0,0.0,0.0,15,205840.0,207520.0,3,207470.0,205010.0,0.0,0.0,0.0,0.0,212
2023-05-10 21:02:41,sn2312,sn2312,207470.0,0.0,0.0,0.0,15,205840.0,207520.0,3,207470.0,205010.0,0.0,0.0,0.0,0.0,212
2023-05-10 21:02:43,sn2312,sn2312,207470.0,0.0,0.0,0.0,15,205840.0,207520.0,3,207470.0,205010.0,0.0,0.0,0.0,0.0,212
2023-05-10 21:02:43,sn2312,sn2312,207470.0,0.0,0.0,0.0,15,205840.0,207520.0,3,207470.0,205010.0,0.0,0.0,0.0,0.0,212
2023-05-10 21:02:46,sn2312,sn2312,207470.0,0.0,0.0,0.0,15,205840.0,207520.0,3,207470.0,205010.0,0.0,0.0,0.0,0.0,212
2023-05-10 21:02:46,sn2312,sn2312,207470.0,0.0,0.0,0.0,15,205840.0,207520.0,3,207470.0,205010.0,0.0,0.0,0.0,0.0,212
2023-05-10 21:02:48,sn2312,sn2312,207470.0,0.0,0.0,0.0,15,205840.0,207520.0,3,207470.0,205010.0,0.0,0.0,0.0,0.0,212
2023-05-10 21:02:49,sn2312,sn2312,207470.0,0.0,0.0,0.0,15,205840.0,207520.0,3,207470.0,205010.0,0.0,0.0,0.0,0.0,212
2023-05-10 21:02:49,sn2312,sn2312,207470.0,0.0,0.0,0.0,15,205840.0,207520.0,3,207470.0,205010.0,0.0,0.0,0.0,0.0,212
2023-05-10 21:02:50,sn2312,sn2312,207470.0,0.0,0.0,0.0,15,205840.0,207520.0,3,207470.0,205010.0,0.0,0.0,0.0,0.0,212
2023-05-10 21:02:51,sn2312,sn2312,207470.0,0.0,0.0,0.0,1,205850.0,207520.0,3,207470.0,205010.0,0.0,0.0,0.0,0.0,212
2023-05-10 21:02:52,sn2312,sn2312,207470.0,0.0,0.0,0.0,15,205870.0,207520.0,3,207470.0,205010.0,0.0,0.0,0.0,0.0,212
2023-05-10 21:02:53,sn2312,sn2312,207470.0,0.0,0.0,0.0,1,205880.0,207520.0,3,207470.0,205010.0,0.0,0.0,0.0,0.0,212
2023-05-10 21:02:53,sn2312,sn2312,207470.0,0.0,0.0,0.0,15,205900.0,207520.0,3,207470.0,205010.0,0.0,0.0,0.0,0.0,212
2023-05-10 21:02:55,sn2312,sn2312,207470.0,0.0,0.0,0.0,15,205900.0,207520.0,3,207470.0,205010.0,0.0,0.0,0.0,0.0,212
2023-05-10 21:02:56,sn2312,sn2312,207470.0,0.0,0.0,0.0,1,205910.0,207520.0,3,207470.0,205010.0,0.0,0.0,0.0,0.0,212
2023-05-10 21:02:56,sn2312,sn2312,207470.0,0.0,0.0,0.0,15,205930.0,207520.0,3,207470.0,205010.0,0.0,0.0,0.0,0.0,212
2023-05-10 21:02:58,sn2312,sn2312,207470.0,0.0,0.0,0.0,15,205930.0,207520.0,3,207470.0,205010.0,0.0,0.0,0.0,0.0,212
2023-05-10 21:02:59,sn2312,sn2312,207470.0,0.0,0.0,0.0,1,205940.0,207860.0,1,207470.0,205010.0,0.0,0.0,0.0,0.0,212
2023-05-10 21:02:59,sn2312,sn2312,207470.0,0.0,0.0,0.0,15,205960.0,207840.0,6,207470.0,205010.0,0.0,0.0,0.0,0.0,212
2023-05-10 21:03:00,sn2312,sn2312,207470.0,0.0,0.0,0.0,15,205960.0,207840.0,6,207470.0,205010.0,0.0,0.0,0.0,0.0,212
2023-05-10 21:03:00,sn2312,sn2312,207470.0,0.0,0.0,0.0,15,205960.0,207840.0,6,207470.0,205010.0,0.0,0.0,0.0,0.0,212
2023-05-10 21:03:01,sn2312,sn2312,207470.0,0.0,0.0,0.0,15,205960.0,207840.0,6,207470.0,205010.0,0.0,0.0,0.0,0.0,212
2023-05-10 21:03:01,sn2312,sn2312,207470.0,0.0,0.0,0.0,15,205960.0,207840.0,6,207470.0,205010.0,0.0,0.0,0.0,0.0,212
2023-05-10 21:03:02,sn2312,sn2312,207470.0,0.0,0.0,0.0,15,205960.0,207820.0,3,207470.0,205010.0,0.0,0.0,0.0,0.0,212
2023-05-10 21:03:02,sn2312,sn2312,207470.0,0.0,0.0,0.0,15,205960.0,207800.0,6,207470.0,205010.0,0.0,0.0,0.0,0.0,212
2023-05-10 21:03:03,sn2312,sn2312,207470.0,0.0,0.0,0.0,15,205960.0,207780.0,3,207470.0,205010.0,0.0,0.0,0.0,0.0,212
2023-05-10 21:03:03,sn2312,sn2312,207470.0,0.0,0.0,0.0,15,205960.0,207760.0,6,207470.0,205010.0,0.0,0.0,0.0,0.0,212
2023-05-10 21:03:04,sn2312,sn2312,207470.0,0.0,0.0,0.0,15,205960.0,207740.0,3,207470.0,205010.0,0.0,0.0,0.0,0.0,212
2023-05-10 21:03:04,sn2312,sn2312,207470.0,0.0,0.0,0.0,15,205960.0,207720.0,6,207470.0,205010.0,0.0,0.0,0.0,0.0,212
2023-05-10 21:03:05,sn2312,sn2312,207470.0,0.0,0.0,0.0,15,205960.0,207700.0,3,207470.0,205010.0,0.0,0.0,0.0,0.0,212
2023-05-10 21:03:05,sn2312,sn2312,207470.0,0.0,0.0,0.0,12,205960.0,207680.0,6,207470.0,205010.0,0.0,0.0,0.0,0.0,212
2023-05-10 21:03:06,sn2312,sn2312,207470.0,0.0,0.0,0.0,12,205960.0,207660.0,3,207470.0,205010.0,0.0,0.0,0.0,0.0,212
2023-05-10 21:03:06,sn2312,sn2312,207470.0,0.0,0.0,0.0,9,205960.0,207340.0,1,207470.0,205010.0,0.0,0.0,0.0,0.0,212
2023-05-10 21:03:07,sn2312,sn2312,207470.0,0.0,0.0,0.0,9,205960.0,207320.0,6,207470.0,205010.0,0.0,0.0,0.0,0.0,212
2023-05-10 21:03:07,sn2312,sn2312,207470.0,0.0,0.0,0.0,6,205960.0,207050.0,1,207470.0,205010.0,0.0,0.0,0.0,0.0,212
2023-05-10 21:03:08,sn2312,sn2312,207470.0,0.0,0.0,0.0,6,205960.0,207040.0,3,207470.0,205010.0,0.0,0.0,0.0,0.0,212
2023-05-10 21:03:08,sn2312,sn2312,207470.0,0.0,0.0,0.0,6,205960.0,207040.0,3,207470.0,205010.0,0.0,0.0,0.0,0.0,212
2023-05-10 21:03:09,sn2312,sn2312,207470.0,0.0,0.0,0.0,6,205960.0,207050.0,2,207470.0,205010.0,0.0,0.0,0.0,0.0,212
2023-05-10 21:03:09,sn2312,sn2312,207470.0,0.0,0.0,0.0,3,205980.0,210960.0,1,207470.0,205010.0,0.0,0.0,0.0,0.0,212
2023-05-10 21:03:10,sn2312,sn2312,207470.0,0.0,0.0,0.0,6,206000.0,209930.0,1,207470.0,205010.0,0.0,0.0,0.0,0.0,212
2023-05-10 21:03:10,sn2312,sn2312,207470.0,0.0,0.0,0.0,6,206000.0,209150.0,1,207470.0,205010.0,0.0,0.0,0.0,0.0,212
2023-05-10 21:03:11,sn2312,sn2312,207470.0,0.0,0.0,0.0,6,206000.0,209130.0,9,207470.0,205010.0,0.0,0.0,0.0,0.0,212
2023-05-10 21:03:11,sn2312,sn2312,207470.0,0.0,0.0,0.0,6,206000.0,208510.0,1,207470.0,205010.0,0.0,0.0,0.0,0.0,212
2023-05-10 21:03:12,sn2312,sn2312,207470.0,0.0,0.0,0.0,6,206000.0,208490.0,9,207470.0,205010.0,0.0,0.0,0.0,0.0,212
2023-05-10 21:03:12,sn2312,sn2312,207470.0,0.0,0.0,0.0,6,206000.0,208000.0,1,207470.0,205010.0,0.0,0.0,0.0,0.0,212
2023-05-10 21:03:13,sn2312,sn2312,207470.0,0.0,0.0,0.0,6,206000.0,207980.0,9,207470.0,205010.0,0.0,0.0,0.0,0.0,212
2023-05-10 21:03:13,sn2312,sn2312,207470.0,0.0,0.0,0.0,6,206000.0,207590.0,1,207470.0,205010.0,0.0,0.0,0.0,0.0,212
2023-05-10 21:03:14,sn2312,sn2312,207470.0,0.0,0.0,0.0,6,206000.0,207570.0,9,207470.0,205010.0,0.0,0.0,0.0,0.0,212
2023-05-10 21:03:14,sn2312,sn2312,207470.0,0.0,0.0,0.0,6,206000.0,207260.0,1,207470.0,205010.0,0.0,0.0,0.0,0.0,212
2023-05-10 21:03:15,sn2312,sn2312,207470.0,0.0,0.0,0.0,6,206000.0,207240.0,3,207470.0,205010.0,0.0,0.0,0.0,0.0,212
2023-05-10 21:03:15,sn2312,sn2312,207470.0,0.0,0.0,0.0,3,206020.0,207240.0,3,207470.0,205010.0,0.0,0.0,0.0,0.0,212
2023-05-10 21:03:16,sn2312,sn2312,207470.0,0.0,0.0,0.0,6,206040.0,207240.0,3,207470.0,205010.0,0.0,0.0,0.0,0.0,212
2023-05-10 21:03:16,sn2312,sn2312,207470.0,0.0,0.0,0.0,6,206040.0,207240.0,3,207470.0,205010.0,0.0,0.0,0.0,0.0,212
2023-05-10 21:03:21,sn2312,sn2312,207470.0,0.0,0.0,0.0,6,206040.0,207010.0,1,207470.0,205010.0,0.0,0.0,0.0,0.0,212
2023-05-10 21:03:22,sn2312,sn2312,207470.0,0.0,0.0,0.0,6,206040.0,207010.0,1,207470.0,205010.0,0.0,0.0,0.0,0.0,212
2023-05-10 21:03:23,sn2312,sn2312,207470.0,0.0,0.0,0.0,6,206040.0,207010.0,1,207470.0,205010.0,0.0,0.0,0.0,0.0,212
2023-05-10 21:03:24,sn2312,sn2312,207470.0,0.0,0.0,0.0,3,206040.0,206990.0,3,207470.0,205010.0,0.0,0.0,0.0,0.0,212
2023-05-10 21:03:24,sn2312,sn2312,207470.0,0.0,0.0,0.0,3,206040.0,206990.0,3,207470.0,205010.0,0.0,0.0,0.0,0.0,212
2023-05-10 21:03:25,sn2312,sn2312,207470.0,0.0,0.0,0.0,3,206040.0,206990.0,3,207470.0,205010.0,0.0,0.0,0.0,0.0,212
2023-05-10 21:03:26,sn2312,sn2312,207470.0,0.0,0.0,0.0,3,206040.0,206990.0,3,207470.0,205010.0,0.0,0.0,0.0,0.0,212
2023-05-10 21:03:26,sn2312,sn2312,207470.0,0.0,0.0,0.0,3,206040.0,206810.0,1,207470.0,205010.0,0.0,0.0,0.0,0.0,212
2023-05-10 21:03:27,sn2312,sn2312,207470.0,0.0,0.0,0.0,3,206040.0,206810.0,1,207470.0,205010.0,0.0,0.0,0.0,0.0,212
2023-05-10 21:03:27,sn2312,sn2312,207470.0,0.0,0.0,0.0,3,206040.0,206970.0,1,207470.0,205010.0,0.0,0.0,0.0,0.0,212
2023-05-10 21:03:28,sn2312,sn2312,207470.0,0.0,0.0,0.0,3,206040.0,206970.0,1,207470.0,205010.0,0.0,0.0,0.0,0.0,212
2023-05-10 21:03:29,sn2312,sn2312,207470.0,0.0,0.0,0.0,3,206040.0,206970.0,1,207470.0,205010.0,0.0,0.0,0.0,0.0,212
2023-05-10 21:03:29,sn2312,sn2312,207470.0,0.0,0.0,0.0,3,206040.0,206950.0,3,207470.0,205010.0,0.0,0.0,0.0,0.0,212
2023-05-10 21:03:30,sn2312,sn2312,207470.0,0.0,0.0,0.0,3,206040.0,206950.0,3,207470.0,205010.0,0.0,0.0,0.0,0.0,212
2023-05-10 21:03:32,sn2312,sn2312,207470.0,0.0,0.0,0.0,3,206040.0,206950.0,3,207470.0,205010.0,0.0,0.0,0.0,0.0,212
2023-05-10 21:03:32,sn2312,sn2312,207470.0,0.0,0.0,0.0,3,206040.0,206950.0,3,207470.0,205010.0,0.0,0.0,0.0,0.0,212
2023-05-10 21:03:36,sn2312,sn2312,207470.0,0.0,0.0,0.0,3,206040.0,206950.0,3,207470.0,205010.0,0.0,0.0,0.0,0.0,212
2023-05-10 21:03:36,sn2312,sn2312,207470.0,0.0,0.0,0.0,3,206040.0,206950.0,3,207470.0,205010.0,0.0,0.0,0.0,0.0,212
2023-05-10 21:03:38,sn2312,sn2312,207470.0,0.0,0.0,0.0,3,206040.0,206970.0,1,207470.0,205010.0,0.0,0.0,0.0,0.0,212
2023-05-10 21:03:42,sn2312,sn2312,207470.0,0.0,0.0,0.0,3,206040.0,206970.0,1,207470.0,205010.0,0.0,0.0,0.0,0.0,212
2023-05-10 21:03:42,sn2312,sn2312,207470.0,0.0,0.0,0.0,3,206040.0,206970.0,1,207470.0,205010.0,0.0,0.0,0.0,0.0,212
2023-05-10 21:03:43,sn2312,sn2312,207470.0,0.0,0.0,0.0,3,206040.0,206950.0,3,207470.0,205010.0,0.0,0.0,0.0,0.0,212
2023-05-10 21:03:45,sn2312,sn2312,207470.0,0.0,0.0,0.0,3,206040.0,206950.0,3,207470.0,205010.0,0.0,0.0,0.0,0.0,212
2023-05-10 21:03:46,sn2312,sn2312,207470.0,0.0,0.0,0.0,3,206040.0,206950.0,3,207470.0,205010.0,0.0,0.0,0.0,0.0,212
2023-05-10 21:03:47,sn2312,sn2312,207470.0,0.0,0.0,0.0,3,206040.0,206950.0,3,207470.0,205010.0,0.0,0.0,0.0,0.0,212
2023-05-10 21:03:48,sn2312,sn2312,207470.0,0.0,0.0,0.0,3,206040.0,206950.0,3,207470.0,205010.0,0.0,0.0,0.0,0.0,212
2023-05-10 21:03:49,sn2312,sn2312,207470.0,0.0,0.0,0.0,1,205780.0,206950.0,3,207470.0,205010.0,0.0,0.0,0.0,0.0,212
2023-05-10 21:03:49,sn2312,sn2312,207470.0,0.0,0.0,0.0,6,205800.0,206940.0,2,207470.0,205010.0,0.0,0.0,0.0,0.0,212
2023-05-10 21:03:50,sn2312,sn2312,207470.0,0.0,0.0,0.0,9,205800.0,206940.0,2,207470.0,205010.0,0.0,0.0,0.0,0.0,212
2023-05-10 21:03:50,sn2312,sn2312,207470.0,0.0,0.0,0.0,9,205800.0,206940.0,2,207470.0,205010.0,0.0,0.0,0.0,0.0,212
2023-05-10 21:03:52,sn2312,sn2312,207470.0,0.0,0.0,0.0,9,205800.0,206970.0,1,207470.0,205010.0,0.0,0.0,0.0,0.0,212
2023-05-10 21:03:52,sn2312,sn2312,207470.0,0.0,0.0,0.0,9,205800.0,206950.0,3,207470.0,205010.0,0.0,0.0,0.0,0.0,212
2023-05-10 21:03:58,sn2312,sn2312,207470.0,0.0,0.0,0.0,9,205800.0,206950.0,3,207470.0,205010.0,0.0,0.0,0.0,0.0,212
2023-05-10 21:03:59,sn2312,sn2312,207470.0,0.0,0.0,0.0,9,205800.0,206950.0,3,207470.0,205010.0,0.0,0.0,0.0,0.0,212
2023-05-10 21:04:00,sn2312,sn2312,207470.0,0.0,0.0,0.0,9,205800.0,206950.0,3,207470.0,205010.0,0.0,0.0,0.0,0.0,212
2023-05-10 21:04:00,sn2312,sn2312,207470.0,0.0,0.0,0.0,9,205800.0,206950.0,3,207470.0,205010.0,0.0,0.0,0.0,0.0,212
2023-05-10 21:04:03,sn2312,sn2312,207470.0,0.0,0.0,0.0,6,205800.0,206950.0,3,207470.0,205010.0,0.0,0.0,0.0,0.0,212
2023-05-10 21:04:03,sn2312,sn2312,207470.0,0.0,0.0,0.0,6,205800.0,206950.0,3,207470.0,205010.0,0.0,0.0,0.0,0.0,212
2023-05-10 21:04:05,sn2312,sn2312,207470.0,0.0,0.0,0.0,3,205800.0,206940.0,3,207470.0,205010.0,0.0,0.0,0.0,0.0,212
2023-05-10 21:04:06,sn2312,sn2312,207470.0,0.0,0.0,0.0,3,205800.0,206920.0,3,207470.0,205010.0,0.0,0.0,0.0,0.0,212
2023-05-10 21:04:06,sn2312,sn2312,207470.0,0.0,0.0,0.0,3,205800.0,206920.0,3,207470.0,205010.0,0.0,0.0,0.0,0.0,212
2023-05-10 21:04:07,sn2312,sn2312,207470.0,0.0,0.0,0.0,3,205800.0,206920.0,3,207470.0,205010.0,0.0,0.0,0.0,0.0,212
2023-05-10 21:04:10,sn2312,sn2312,207470.0,0.0,0.0,0.0,3,205800.0,206910.0,1,207470.0,205010.0,0.0,0.0,0.0,0.0,212
2023-05-10 21:04:10,sn2312,sn2312,207470.0,0.0,0.0,0.0,3,205800.0,206890.0,3,207470.0,205010.0,0.0,0.0,0.0,0.0,212
2023-05-10 21:04:11,sn2312,sn2312,207470.0,0.0,0.0,0.0,3,205800.0,206880.0,1,207470.0,205010.0,0.0,0.0,0.0,0.0,212
2023-05-10 21:04:11,sn2312,sn2312,207470.0,0.0,0.0,0.0,3,205800.0,206860.0,3,207470.0,205010.0,0.0,0.0,0.0,0.0,212
2023-05-10 21:04:12,sn2312,sn2312,207470.0,0.0,0.0,0.0,3,205800.0,206860.0,3,207470.0,205010.0,0.0,0.0,0.0,0.0,212
2023-05-10 21:04:12,sn2312,sn2312,207470.0,0.0,0.0,0.0,3,205800.0,206850.0,1,207470.0,205010.0,0.0,0.0,0.0,0.0,212
2023-05-10 21:04:13,sn2312,sn2312,207470.0,0.0,0.0,0.0,3,205800.0,206830.0,3,207470.0,205010.0,0.0,0.0,0.0,0.0,212
2023-05-10 21:04:13,sn2312,sn2312,207470.0,0.0,0.0,0.0,3,205800.0,206830.0,4,207470.0,205010.0,0.0,0.0,0.0,0.0,212
2023-05-10 21:04:14,sn2312,sn2312,207470.0,0.0,0.0,0.0,3,205800.0,206820.0,1,207470.0,205010.0,0.0,0.0,0.0,0.0,212
2023-05-10 21:04:15,sn2312,sn2312,207470.0,0.0,0.0,0.0,3,205800.0,206800.0,3,207470.0,205010.0,0.0,0.0,0.0,0.0,212
2023-05-10 21:04:15,sn2312,sn2312,207470.0,0.0,0.0,0.0,3,205800.0,206620.0,1,207470.0,205010.0,0.0,0.0,0.0,0.0,212
2023-05-10 21:04:16,sn2312,sn2312,207470.0,0.0,0.0,0.0,3,205800.0,206620.0,1,207470.0,205010.0,0.0,0.0,0.0,0.0,212
2023-05-10 21:04:18,sn2312,sn2312,207470.0,0.0,0.0,0.0,1,205510.0,206620.0,1,207470.0,205010.0,0.0,0.0,0.0,0.0,212
2023-05-10 21:04:19,sn2312,sn2312,207470.0,0.0,0.0,0.0,3,205530.0,206620.0,1,207470.0,205010.0,0.0,0.0,0.0,0.0,212
2023-05-10 21:04:19,sn2312,sn2312,207470.0,0.0,0.0,0.0,3,205530.0,206610.0,3,207470.0,205010.0,0.0,0.0,0.0,0.0,212
2023-05-10 21:04:20,sn2312,sn2312,207470.0,0.0,0.0,0.0,3,205530.0,206610.0,3,207470.0,205010.0,0.0,0.0,0.0,0.0,212
2023-05-10 21:04:21,sn2312,sn2312,207470.0,0.0,0.0,0.0,3,205530.0,206610.0,4,207470.0,205010.0,0.0,0.0,0.0,0.0,212
2023-05-10 21:04:21,sn2312,sn2312,207470.0,0.0,0.0,0.0,3,205530.0,206600.0,1,207470.0,205010.0,0.0,0.0,0.0,0.0,212
2023-05-10 21:04:22,sn2312,sn2312,207470.0,0.0,0.0,0.0,3,205530.0,206580.0,3,207470.0,205010.0,0.0,0.0,0.0,0.0,212
2023-05-10 21:04:22,sn2312,sn2312,207470.0,0.0,0.0,0.0,3,205530.0,206390.0,1,207470.0,205010.0,0.0,0.0,0.0,0.0,212
2023-05-10 21:04:23,sn2312,sn2312,207470.0,0.0,0.0,0.0,3,205530.0,206580.0,3,207470.0,205010.0,0.0,0.0,0.0,0.0,212
2023-05-10 21:04:27,sn2312,sn2312,207470.0,0.0,0.0,0.0,3,205530.0,206580.0,3,207470.0,205010.0,0.0,0.0,0.0,0.0,212
2023-05-10 21:04:27,sn2312,sn2312,207470.0,0.0,0.0,0.0,3,205530.0,206580.0,3,207470.0,205010.0,0.0,0.0,0.0,0.0,212
2023-05-10 21:04:29,sn2312,sn2312,207470.0,0.0,0.0,0.0,3,205530.0,206380.0,1,207470.0,205010.0,0.0,0.0,0.0,0.0,212
2023-05-10 21:04:30,sn2312,sn2312,207470.0,0.0,0.0,0.0,3,205530.0,206380.0,1,207470.0,205010.0,0.0,0.0,0.0,0.0,212
2023-05-10 21:04:31,sn2312,sn2312,207470.0,0.0,0.0,0.0,3,205530.0,206370.0,2,207470.0,205010.0,0.0,0.0,0.0,0.0,212
2023-05-10 21:04:32,sn2312,sn2312,207470.0,0.0,0.0,0.0,5,202830.0,206370.0,2,207470.0,205010.0,0.0,0.0,0.0,0.0,212
2023-05-10 21:04:33,sn2312,sn2312,207470.0,0.0,0.0,0.0,1,204470.0,206210.0,1,207470.0,205010.0,0.0,0.0,0.0,0.0,212
2023-05-10 21:04:33,sn2312,sn2312,207470.0,0.0,0.0,0.0,15,204490.0,206210.0,2,207470.0,205010.0,0.0,0.0,0.0,0.0,212
2023-05-10 21:04:34,sn2312,sn2312,207470.0,0.0,0.0,0.0,16,204490.0,206210.0,2,207470.0,205010.0,0.0,0.0,0.0,0.0,212
2023-05-10 21:04:34,sn2312,sn2312,207470.0,0.0,0.0,0.0,1,204500.0,206190.0,3,207470.0,205010.0,0.0,0.0,0.0,0.0,212
2023-05-10 21:04:35,sn2312,sn2312,207470.0,0.0,0.0,0.0,12,204520.0,206190.0,3,207470.0,205010.0,0.0,0.0,0.0,0.0,212
2023-05-10 21:04:35,sn2312,sn2312,207470.0,0.0,0.0,0.0,12,204520.0,206170.0,3,207470.0,205010.0,0.0,0.0,0.0,0.0,212
2023-05-10 21:04:36,sn2312,sn2312,207470.0,0.0,0.0,0.0,12,204520.0,206150.0,3,207470.0,205010.0,0.0,0.0,0.0,0.0,212
2023-05-10 21:04:36,sn2312,sn2312,207470.0,0.0,0.0,0.0,12,204520.0,206130.0,3,207470.0,205010.0,0.0,0.0,0.0,0.0,212
2023-05-10 21:04:37,sn2312,sn2312,207470.0,0.0,0.0,0.0,12,204520.0,205830.0,1,207470.0,205010.0,0.0,0.0,0.0,0.0,212
2023-05-10 21:04:37,sn2312,sn2312,207470.0,0.0,0.0,0.0,12,204520.0,205830.0,1,207470.0,205010.0,0.0,0.0,0.0,0.0,212
2023-05-10 21:04:38,sn2312,sn2312,207470.0,0.0,0.0,0.0,12,204520.0,205830.0,1,207470.0,205010.0,0.0,0.0,0.0,0.0,212
2023-05-10 21:04:38,sn2312,sn2312,207470.0,0.0,0.0,0.0,12,204520.0,205820.0,3,207470.0,205010.0,0.0,0.0,0.0,0.0,212
2023-05-10 21:04:39,sn2312,sn2312,207470.0,0.0,0.0,0.0,9,204520.0,205820.0,3,207470.0,205010.0,0.0,0.0,0.0,0.0,212
2023-05-10 21:04:40,sn2312,sn2312,207470.0,0.0,0.0,0.0,9,204520.0,205800.0,3,207470.0,205010.0,0.0,0.0,0.0,0.0,212
2023-05-10 21:04:41,sn2312,sn2312,207470.0,0.0,0.0,0.0,9,204520.0,205780.0,3,207470.0,205010.0,0.0,0.0,0.0,0.0,212
2023-05-10 21:04:41,sn2312,sn2312,207470.0,0.0,0.0,0.0,9,204520.0,205780.0,3,207470.0,205010.0,0.0,0.0,0.0,0.0,212
2023-05-10 21:04:43,sn2312,sn2312,207470.0,0.0,0.0,0.0,9,204520.0,205780.0,3,207470.0,205010.0,0.0,0.0,0.0,0.0,212
2023-05-10 21:04:43,sn2312,sn2312,207470.0,0.0,0.0,0.0,9,204520.0,205780.0,3,207470.0,205010.0,0.0,0.0,0.0,0.0,212
2023-05-10 21:04:46,sn2312,sn2312,207470.0,0.0,0.0,0.0,9,204520.0,205830.0,1,207470.0,205010.0,0.0,0.0,0.0,0.0,212
2023-05-10 21:04:47,sn2312,sn2312,207470.0,0.0,0.0,0.0,3,204540.0,205830.0,1,207470.0,205010.0,0.0,0.0,0.0,0.0,212
2023-05-10 21:04:47,sn2312,sn2312,207470.0,0.0,0.0,0.0,9,204560.0,205830.0,1,207470.0,205010.0,0.0,0.0,0.0,0.0,212
2023-05-10 21:04:49,sn2312,sn2312,207470.0,0.0,0.0,0.0,1,204580.0,205830.0,1,207470.0,205010.0,0.0,0.0,0.0,0.0,212
2023-05-10 21:04:49,sn2312,sn2312,207470.0,0.0,0.0,0.0,9,204600.0,205830.0,1,207470.0,205010.0,0.0,0.0,0.0,0.0,212
2023-05-10 21:04:50,sn2312,sn2312,207470.0,0.0,0.0,0.0,10,204600.0,205830.0,1,207470.0,205010.0,0.0,0.0,0.0,0.0,212
2023-05-10 21:04:50,sn2312,sn2312,207470.0,0.0,0.0,0.0,9,204600.0,205830.0,1,207470.0,205010.0,0.0,0.0,0.0,0.0,212
2023-05-10 21:04:51,sn2312,sn2312,207470.0,0.0,0.0,0.0,1,204620.0,205830.0,1,207470.0,205010.0,0.0,0.0,0.0,0.0,212
2023-05-10 21:04:51,sn2312,sn2312,207470.0,0.0,0.0,0.0,10,204640.0,205830.0,1,207470.0,205010.0,0.0,0.0,0.0,0.0,212
2023-05-10 21:04:52,sn2312,sn2312,207470.0,0.0,0.0,0.0,3,204660.0,206210.0,1,207470.0,205010.0,0.0,0.0,0.0,0.0,212
2023-05-10 21:04:53,sn2312,sn2312,207470.0,0.0,0.0,0.0,6,204680.0,206190.0,6,207470.0,205010.0,0.0,0.0,0.0,0.0,212
2023-05-10 21:04:53,sn2312,sn2312,207470.0,0.0,0.0,0.0,3,204700.0,206180.0,1,207470.0,205010.0,0.0,0.0,0.0,0.0,212
2023-05-10 21:04:54,sn2312,sn2312,207470.0,0.0,0.0,0.0,6,204720.0,206160.0,6,207470.0,205010.0,0.0,0.0,0.0,0.0,212
2023-05-10 21:04:54,sn2312,sn2312,207470.0,0.0,0.0,0.0,6,204720.0,205890.0,1,207470.0,205010.0,0.0,0.0,0.0,0.0,212
2023-05-10 21:04:55,sn2312,sn2312,207470.0,0.0,0.0,0.0,6,204720.0,205890.0,1,207470.0,205010.0,0.0,0.0,0.0,0.0,212
2023-05-10 21:04:55,sn2312,sn2312,207470.0,0.0,0.0,0.0,1,204750.0,205890.0,1,207470.0,205010.0,0.0,0.0,0.0,0.0,212
2023-05-10 21:04:56,sn2312,sn2312,207470.0,0.0,0.0,0.0,6,204770.0,205890.0,1,207470.0,205010.0,0.0,0.0,0.0,0.0,212
2023-05-10 21:04:56,sn2312,sn2312,207470.0,0.0,0.0,0.0,6,204770.0,205890.0,1,207470.0,205010.0,0.0,0.0,0.0,0.0,212
2023-05-10 21:04:57,sn2312,sn2312,207470.0,0.0,0.0,0.0,6,204770.0,206210.0,1,207470.0,205010.0,0.0,0.0,0.0,0.0,212
2023-05-10 21:04:57,sn2312,sn2312,207470.0,0.0,0.0,0.0,6,204770.0,206190.0,6,207470.0,205010.0,0.0,0.0,0.0,0.0,212
2023-05-10 21:04:58,sn2312,sn2312,207470.0,0.0,0.0,0.0,6,204770.0,206180.0,1,207470.0,205010.0,0.0,0.0,0.0,0.0,212
2023-05-10 21:04:58,sn2312,sn2312,207470.0,0.0,0.0,0.0,6,204770.0,206160.0,6,207470.0,205010.0,0.0,0.0,0.0,0.0,212
2023-05-10 21:04:59,sn2312,sn2312,207470.0,0.0,0.0,0.0,6,204770.0,206150.0,1,207470.0,205010.0,0.0,0.0,0.0,0.0,212
2023-05-10 21:04:59,sn2312,sn2312,207470.0,0.0,0.0,0.0,6,204770.0,206130.0,3,207470.0,205010.0,0.0,0.0,0.0,0.0,212
2023-05-10 21:05:00,sn2312,sn2312,207470.0,0.0,0.0,0.0,3,204790.0,206120.0,1,207470.0,205010.0,0.0,0.0,0.0,0.0,212
2023-05-10 21:05:00,sn2312,sn2312,207470.0,0.0,0.0,0.0,6,204810.0,206100.0,3,207470.0,205010.0,0.0,0.0,0.0,0.0,212
2023-05-10 21:05:01,sn2312,sn2312,207470.0,0.0,0.0,0.0,6,204810.0,206090.0,1,207470.0,205010.0,0.0,0.0,0.0,0.0,212
2023-05-10 21:05:02,sn2312,sn2312,207470.0,0.0,0.0,0.0,6,204810.0,206070.0,3,207470.0,205010.0,0.0,0.0,0.0,0.0,212
2023-05-10 21:05:03,sn2312,sn2312,207470.0,0.0,0.0,0.0,6,204810.0,206050.0,3,207470.0,205010.0,0.0,0.0,0.0,0.0,212
2023-05-10 21:05:03,sn2312,sn2312,207470.0,0.0,0.0,0.0,6,204810.0,206030.0,3,207470.0,205010.0,0.0,0.0,0.0,0.0,212
2023-05-10 21:05:04,sn2312,sn2312,207470.0,0.0,0.0,0.0,6,204810.0,206020.0,1,207470.0,205010.0,0.0,0.0,0.0,0.0,212
2023-05-10 21:05:04,sn2312,sn2312,207470.0,0.0,0.0,0.0,6,204810.0,206000.0,3,207470.0,205010.0,0.0,0.0,0.0,0.0,212
2023-05-10 21:05:05,sn2312,sn2312,207470.0,0.0,0.0,0.0,3,204810.0,205990.0,1,207470.0,205010.0,0.0,0.0,0.0,0.0,212
2023-05-10 21:05:05,sn2312,sn2312,207470.0,0.0,0.0,0.0,3,204810.0,205970.0,3,207470.0,205010.0,0.0,0.0,0.0,0.0,212
2023-05-10 21:05:06,sn2312,sn2312,207470.0,0.0,0.0,0.0,3,204810.0,205950.0,3,207470.0,205010.0,0.0,0.0,0.0,0.0,212
2023-05-10 21:05:06,sn2312,sn2312,207470.0,0.0,0.0,0.0,3,204810.0,205930.0,3,207470.0,205010.0,0.0,0.0,0.0,0.0,212
2023-05-10 21:05:07,sn2312,sn2312,207470.0,0.0,0.0,0.0,1,204470.0,205730.0,1,207470.0,205010.0,0.0,0.0,0.0,0.0,212
2023-05-10 21:05:07,sn2312,sn2312,207470.0,0.0,0.0,0.0,6,204490.0,205710.0,3,207470.0,205010.0,0.0,0.0,0.0,0.0,212
2023-05-10 21:05:08,sn2312,sn2312,207470.0,0.0,0.0,0.0,6,204490.0,205700.0,4,207470.0,205010.0,0.0,0.0,0.0,0.0,212
2023-05-10 21:05:08,sn2312,sn2312,207470.0,0.0,0.0,0.0,6,204490.0,205680.0,3,207470.0,205010.0,0.0,0.0,0.0,0.0,212
2023-05-10 21:05:09,sn2312,sn2312,207470.0,0.0,0.0,0.0,6,204490.0,205670.0,1,207470.0,205010.0,0.0,0.0,0.0,0.0,212
2023-05-10 21:05:09,sn2312,sn2312,207470.0,0.0,0.0,0.0,6,204490.0,205450.0,1,207470.0,205010.0,0.0,0.0,0.0,0.0,212
2023-05-10 21:05:10,sn2312,sn2312,207470.0,0.0,0.0,0.0,6,204490.0,205450.0,2,207470.0,205010.0,0.0,0.0,0.0,0.0,212
2023-05-10 21:05:10,sn2312,sn2312,207470.0,0.0,0.0,0.0,6,204490.0,205450.0,2,207470.0,205010.0,0.0,0.0,0.0,0.0,212
2023-05-10 21:05:11,sn2312,sn2312,207470.0,0.0,0.0,0.0,6,204490.0,205450.0,1,207470.0,205010.0,0.0,0.0,0.0,0.0,212
2023-05-10 21:05:12,sn2312,sn2312,207470.0,0.0,0.0,0.0,6,204490.0,205450.0,1,207470.0,205010.0,0.0,0.0,0.0,0.0,212
2023-05-10 21:05:12,sn2312,sn2312,207470.0,0.0,0.0,0.0,6,204490.0,205450.0,1,207470.0,205010.0,0.0,0.0,0.0,0.0,212
2023-05-10 21:05:14,sn2312,sn2312,207470.0,0.0,0.0,0.0,2,204500.0,205450.0,1,207470.0,205010.0,0.0,0.0,0.0,0.0,212
2023-05-10 21:05:14,sn2312,sn2312,207470.0,0.0,0.0,0.0,2,204500.0,205430.0,3,207470.0,205010.0,0.0,0.0,0.0,0.0,212
2023-05-10 21:05:15,sn2312,sn2312,207470.0,0.0,0.0,0.0,2,204500.0,205430.0,3,207470.0,205010.0,0.0,0.0,0.0,0.0,212
2023-05-10 21:05:15,sn2312,sn2312,207470.0,0.0,0.0,0.0,2,204500.0,205430.0,4,207470.0,205010.0,0.0,0.0,0.0,0.0,212
2023-05-10 21:05:16,sn2312,sn2312,207470.0,0.0,0.0,0.0,2,204500.0,205430.0,4,207470.0,205010.0,0.0,0.0,0.0,0.0,212
2023-05-10 21:05:16,sn2312,sn2312,207470.0,0.0,0.0,0.0,1,204200.0,205410.0,1,207470.0,205010.0,0.0,0.0,0.0,0.0,212
2023-05-10 21:05:17,sn2312,sn2312,207470.0,0.0,0.0,0.0,6,204220.0,205410.0,1,207470.0,205010.0,0.0,0.0,0.0,0.0,212
2023-05-10 21:05:17,sn2312,sn2312,207470.0,0.0,0.0,0.0,9,204220.0,205410.0,1,207470.0,205010.0,0.0,0.0,0.0,0.0,212
2023-05-10 21:05:18,sn2312,sn2312,207470.0,0.0,0.0,0.0,3,204240.0,205410.0,1,207470.0,205010.0,0.0,0.0,0.0,0.0,212
2023-05-10 21:05:18,sn2312,sn2312,207470.0,0.0,0.0,0.0,9,204260.0,205410.0,1,207470.0,205010.0,0.0,0.0,0.0,0.0,212
2023-05-10 21:05:19,sn2312,sn2312,207470.0,0.0,0.0,0.0,9,204260.0,205410.0,1,207470.0,205010.0,0.0,0.0,0.0,0.0,212
2023-05-10 21:05:20,sn2312,sn2312,207470.0,0.0,0.0,0.0,3,204280.0,205410.0,1,207470.0,205010.0,0.0,0.0,0.0,0.0,212
2023-05-10 21:05:20,sn2312,sn2312,207470.0,0.0,0.0,0.0,9,204300.0,205410.0,1,207470.0,205010.0,0.0,0.0,0.0,0.0,212
2023-05-10 21:05:21,sn2312,sn2312,207470.0,0.0,0.0,0.0,3,204320.0,205410.0,1,207470.0,205010.0,0.0,0.0,0.0,0.0,212
2023-05-10 21:05:21,sn2312,sn2312,207470.0,0.0,0.0,0.0,9,204340.0,205410.0,1,207470.0,205010.0,0.0,0.0,0.0,0.0,212
2023-05-10 21:05:22,sn2312,sn2312,207470.0,0.0,0.0,0.0,1,204910.0,205410.0,1,207470.0,205010.0,0.0,0.0,0.0,0.0,212
2023-05-10 21:05:22,sn2312,sn2312,207470.0,0.0,0.0,0.0,1,204530.0,205560.0,1,207470.0,205010.0,0.0,0.0,0.0,0.0,212
2023-05-10 21:05:23,sn2312,sn2312,207470.0,0.0,0.0,0.0,3,204550.0,205560.0,1,207470.0,205010.0,0.0,0.0,0.0,0.0,212
2023-05-10 21:05:23,sn2312,sn2312,207470.0,0.0,0.0,0.0,3,204550.0,205560.0,1,207470.0,205010.0,0.0,0.0,0.0,0.0,212
2023-05-10 21:05:24,sn2312,sn2312,207470.0,0.0,0.0,0.0,3,204550.0,205560.0,1,207470.0,205010.0,0.0,0.0,0.0,0.0,212
2023-05-10 21:05:25,sn2312,sn2312,207470.0,0.0,0.0,0.0,3,204550.0,205560.0,1,207470.0,205010.0,0.0,0.0,0.0,0.0,212
2023-05-10 21:05:26,sn2312,sn2312,207470.0,0.0,0.0,0.0,3,204550.0,205560.0,1,207470.0,205010.0,0.0,0.0,0.0,0.0,212
2023-05-10 21:05:28,sn2312,sn2312,207470.0,0.0,0.0,0.0,4,204550.0,205560.0,1,207470.0,205010.0,0.0,0.0,0.0,0.0,212
2023-05-10 21:05:29,sn2312,sn2312,207470.0,0.0,0.0,0.0,3,204570.0,205560.0,1,207470.0,205010.0,0.0,0.0,0.0,0.0,212
2023-05-10 21:05:29,sn2312,sn2312,207470.0,0.0,0.0,0.0,3,204590.0,205560.0,1,207470.0,205010.0,0.0,0.0,0.0,0.0,212
2023-05-10 21:05:30,sn2312,sn2312,207470.0,0.0,0.0,0.0,3,204610.0,205560.0,1,207470.0,205010.0,0.0,0.0,0.0,0.0,212
2023-05-10 21:05:30,sn2312,sn2312,207470.0,0.0,0.0,0.0,3,204630.0,209560.0,1,207470.0,205010.0,0.0,0.0,0.0,0.0,212
2023-05-10 21:05:31,sn2312,sn2312,207470.0,0.0,0.0,0.0,3,204650.0,208580.0,1,207470.0,205010.0,0.0,0.0,0.0,0.0,212
2023-05-10 21:05:31,sn2312,sn2312,207470.0,0.0,0.0,0.0,3,204670.0,208430.0,1,207470.0,205010.0,0.0,0.0,0.0,0.0,212
2023-05-10 21:05:32,sn2312,sn2312,207470.0,0.0,0.0,0.0,4,204680.0,207680.0,1,207470.0,205010.0,0.0,0.0,0.0,0.0,212
2023-05-10 21:05:32,sn2312,sn2312,207470.0,0.0,0.0,0.0,3,204700.0,207660.0,9,207470.0,205010.0,0.0,0.0,0.0,0.0,212
2023-05-10 21:05:33,sn2312,sn2312,207470.0,0.0,0.0,0.0,3,204700.0,207070.0,1,207470.0,205010.0,0.0,0.0,0.0,0.0,212
2023-05-10 21:05:33,sn2312,sn2312,207470.0,0.0,0.0,0.0,3,204700.0,207050.0,9,207470.0,205010.0,0.0,0.0,0.0,0.0,212
2023-05-10 21:05:34,sn2312,sn2312,207470.0,0.0,0.0,0.0,3,204700.0,207040.0,1,207470.0,205010.0,0.0,0.0,0.0,0.0,212
2023-05-10 21:05:34,sn2312,sn2312,207470.0,0.0,0.0,0.0,3,204700.0,207020.0,9,207470.0,205010.0,0.0,0.0,0.0,0.0,212
2023-05-10 21:05:35,sn2312,sn2312,207470.0,0.0,0.0,0.0,1,204790.0,207010.0,2,207470.0,205010.0,0.0,0.0,0.0,0.0,212
2023-05-10 21:05:35,sn2312,sn2312,207470.0,0.0,0.0,0.0,3,204810.0,206560.0,1,207470.0,205010.0,0.0,0.0,0.0,0.0,212
2023-05-10 21:05:36,sn2312,sn2312,207470.0,0.0,0.0,0.0,3,204830.0,206540.0,9,207470.0,205010.0,0.0,0.0,0.0,0.0,212
2023-05-10 21:05:36,sn2312,sn2312,207470.0,0.0,0.0,0.0,3,204850.0,206530.0,1,207470.0,205010.0,0.0,0.0,0.0,0.0,212
2023-05-10 21:05:37,sn2312,sn2312,207470.0,0.0,0.0,0.0,3,204870.0,206510.0,9,207470.0,205010.0,0.0,0.0,0.0,0.0,212
2023-05-10 21:05:37,sn2312,sn2312,207470.0,0.0,0.0,0.0,3,204850.0,206200.0,1,207470.0,205010.0,0.0,0.0,0.0,0.0,212
2023-05-10 21:05:38,sn2312,sn2312,207470.0,0.0,0.0,0.0,3,204870.0,206180.0,6,207470.0,205010.0,0.0,0.0,0.0,0.0,212
2023-05-10 21:05:38,sn2312,sn2312,207470.0,0.0,0.0,0.0,3,204870.0,206170.0,1,207470.0,205010.0,0.0,0.0,0.0,0.0,212
2023-05-10 21:05:39,sn2312,sn2312,207470.0,0.0,0.0,0.0,1,204930.0,206150.0,6,207470.0,205010.0,0.0,0.0,0.0,0.0,212
2023-05-10 21:05:39,sn2312,sn2312,207470.0,0.0,0.0,0.0,1,204930.0,206140.0,1,207470.0,205010.0,0.0,0.0,0.0,0.0,212
2023-05-10 21:05:40,sn2312,sn2312,207470.0,0.0,0.0,0.0,1,204930.0,206120.0,6,207470.0,205010.0,0.0,0.0,0.0,0.0,212
2023-05-10 21:05:40,sn2312,sn2312,207470.0,0.0,0.0,0.0,1,204930.0,206110.0,1,207470.0,205010.0,0.0,0.0,0.0,0.0,212
2023-05-10 21:05:41,sn2312,sn2312,207470.0,0.0,0.0,0.0,1,204930.0,206090.0,3,207470.0,205010.0,0.0,0.0,0.0,0.0,212
2023-05-10 21:05:41,sn2312,sn2312,207470.0,0.0,0.0,0.0,3,204940.0,206080.0,1,207470.0,205010.0,0.0,0.0,0.0,0.0,212
2023-05-10 21:05:42,sn2312,sn2312,207470.0,0.0,0.0,0.0,3,204940.0,206060.0,3,207470.0,205010.0,0.0,0.0,0.0,0.0,212
2023-05-10 21:05:42,sn2312,sn2312,207470.0,0.0,0.0,0.0,3,204940.0,206050.0,1,207470.0,205010.0,0.0,0.0,0.0,0.0,212
2023-05-10 21:05:43,sn2312,sn2312,207470.0,0.0,0.0,0.0,3,204940.0,206030.0,3,207470.0,205010.0,0.0,0.0,0.0,0.0,212
2023-05-10 21:05:43,sn2312,sn2312,207470.0,0.0,0.0,0.0,3,204940.0,206030.0,3,207470.0,205010.0,0.0,0.0,0.0,0.0,212
2023-05-10 21:05:44,sn2312,sn2312,207470.0,0.0,0.0,0.0,3,204940.0,206030.0,4,207470.0,205010.0,0.0,0.0,0.0,0.0,212
2023-05-10 21:05:44,sn2312,sn2312,207470.0,0.0,0.0,0.0,3,204940.0,206030.0,3,207470.0,205010.0,0.0,0.0,0.0,0.0,212
2023-05-10 21:05:45,sn2312,sn2312,207470.0,0.0,0.0,0.0,1,204980.0,206030.0,3,207470.0,205010.0,0.0,0.0,0.0,0.0,212
2023-05-10 21:05:45,sn2312,sn2312,207470.0,0.0,0.0,0.0,1,204980.0,206020.0,1,207470.0,205010.0,0.0,0.0,0.0,0.0,212
2023-05-10 21:05:46,sn2312,sn2312,207470.0,0.0,0.0,0.0,1,204980.0,206000.0,3,207470.0,205010.0,0.0,0.0,0.0,0.0,212
2023-05-10 21:05:46,sn2312,sn2312,207470.0,0.0,0.0,0.0,1,204980.0,206000.0,4,207470.0,205010.0,0.0,0.0,0.0,0.0,212
2023-05-10 21:05:47,sn2312,sn2312,207470.0,0.0,0.0,0.0,1,204980.0,205990.0,1,207470.0,205010.0,0.0,0.0,0.0,0.0,212
2023-05-10 21:05:47,sn2312,sn2312,207470.0,0.0,0.0,0.0,1,204980.0,205970.0,3,207470.0,205010.0,0.0,0.0,0.0,0.0,212
2023-05-10 21:05:48,sn2312,sn2312,207470.0,0.0,0.0,0.0,1,204980.0,205970.0,3,207470.0,205010.0,0.0,0.0,0.0,0.0,212
2023-05-10 21:05:49,sn2312,sn2312,207470.0,0.0,0.0,0.0,1,204980.0,205970.0,3,207470.0,205010.0,0.0,0.0,0.0,0.0,212
2023-05-10 21:05:51,sn2312,sn2312,207470.0,0.0,0.0,0.0,1,204980.0,205960.0,1,207470.0,205010.0,0.0,0.0,0.0,0.0,212
2023-05-10 21:05:52,sn2312,sn2312,207470.0,0.0,0.0,0.0,1,204980.0,205940.0,3,207470.0,205010.0,0.0,0.0,0.0,0.0,212
2023-05-10 21:05:52,sn2312,sn2312,207470.0,0.0,0.0,0.0,1,204980.0,205770.0,1,207470.0,205010.0,0.0,0.0,0.0,0.0,212
2023-05-10 21:05:53,sn2312,sn2312,207470.0,0.0,0.0,0.0,1,204980.0,205770.0,1,207470.0,205010.0,0.0,0.0,0.0,0.0,212
2023-05-10 21:05:53,sn2312,sn2312,207470.0,0.0,0.0,0.0,1,204980.0,205770.0,1,207470.0,205010.0,0.0,0.0,0.0,0.0,212
2023-05-10 21:05:56,sn2312,sn2312,207470.0,0.0,0.0,0.0,1,204980.0,206200.0,1,207470.0,205010.0,0.0,0.0,0.0,0.0,212
2023-05-10 21:05:56,sn2312,sn2312,207470.0,0.0,0.0,0.0,1,204980.0,205960.0,1,207470.0,205010.0,0.0,0.0,0.0,0.0,212
2023-05-10 21:05:57,sn2312,sn2312,207470.0,0.0,0.0,0.0,1,204980.0,205760.0,2,207470.0,205010.0,0.0,0.0,0.0,0.0,212
2023-05-10 21:05:57,sn2312,sn2312,207470.0,0.0,0.0,0.0,1,204980.0,205760.0,2,207470.0,205010.0,0.0,0.0,0.0,0.0,212
2023-05-10 21:05:59,sn2312,sn2312,207470.0,0.0,0.0,0.0,1,204980.0,205760.0,2,207470.0,205010.0,0.0,0.0,0.0,0.0,212
2023-05-10 21:05:59,sn2312,sn2312,207470.0,0.0,0.0,0.0,4,204990.0,205940.0,3,207470.0,205010.0,0.0,0.0,0.0,0.0,212
2023-05-10 21:06:00,sn2312,sn2312,207470.0,0.0,0.0,0.0,4,204990.0,205930.0,3,207470.0,205010.0,0.0,0.0,0.0,0.0,212
2023-05-10 21:06:00,sn2312,sn2312,207470.0,0.0,0.0,0.0,3,204990.0,205930.0,3,207470.0,205010.0,0.0,0.0,0.0,0.0,212
2023-05-10 21:06:01,sn2312,sn2312,207470.0,0.0,0.0,0.0,3,204990.0,205930.0,3,207470.0,205010.0,0.0,0.0,0.0,0.0,212
2023-05-10 21:06:01,sn2312,sn2312,207470.0,0.0,0.0,0.0,3,204990.0,205930.0,3,207470.0,205010.0,0.0,0.0,0.0,0.0,212
2023-05-10 21:06:03,sn2312,sn2312,207470.0,0.0,0.0,0.0,1,205040.0,205930.0,3,207470.0,205010.0,0.0,0.0,0.0,0.0,212
2023-05-10 21:06:03,sn2312,sn2312,207470.0,0.0,0.0,0.0,1,205040.0,205930.0,3,207470.0,205010.0,0.0,0.0,0.0,0.0,212
2023-05-10 21:06:04,sn2312,sn2312,207470.0,0.0,0.0,0.0,1,205040.0,205930.0,3,207470.0,205010.0,0.0,0.0,0.0,0.0,212
2023-05-10 21:06:05,sn2312,sn2312,207470.0,0.0,0.0,0.0,3,205060.0,206200.0,1,207470.0,205010.0,0.0,0.0,0.0,0.0,212
2023-05-10 21:06:05,sn2312,sn2312,207470.0,0.0,0.0,0.0,3,205060.0,206180.0,3,207470.0,205010.0,0.0,0.0,0.0,0.0,212
2023-05-10 21:06:06,sn2312,sn2312,207470.0,0.0,0.0,0.0,3,205080.0,206180.0,3,207470.0,205010.0,0.0,0.0,0.0,0.0,212
2023-05-10 21:06:06,sn2312,sn2312,207470.0,0.0,0.0,0.0,3,205100.0,206180.0,3,207470.0,205010.0,0.0,0.0,0.0,0.0,212
2023-05-10 21:06:07,sn2312,sn2312,207470.0,0.0,0.0,0.0,1,205110.0,206180.0,3,207470.0,205010.0,0.0,0.0,0.0,0.0,212
2023-05-10 21:06:08,sn2312,sn2312,207470.0,0.0,0.0,0.0,1,205150.0,206180.0,3,207470.0,205010.0,0.0,0.0,0.0,0.0,212
2023-05-10 21:06:08,sn2312,sn2312,207470.0,0.0,0.0,0.0,3,205160.0,206180.0,3,207470.0,205010.0,0.0,0.0,0.0,0.0,212
2023-05-10 21:06:09,sn2312,sn2312,207470.0,0.0,0.0,0.0,3,205160.0,206180.0,3,207470.0,205010.0,0.0,0.0,0.0,0.0,212
2023-05-10 21:06:09,sn2312,sn2312,207470.0,0.0,0.0,0.0,3,205160.0,206180.0,3,207470.0,205010.0,0.0,0.0,0.0,0.0,212
2023-05-10 21:06:10,sn2312,sn2312,207470.0,0.0,0.0,0.0,1,205170.0,206180.0,3,207470.0,205010.0,0.0,0.0,0.0,0.0,212
2023-05-10 21:06:10,sn2312,sn2312,207470.0,0.0,0.0,0.0,3,205190.0,206180.0,3,207470.0,205010.0,0.0,0.0,0.0,0.0,212
2023-05-10 21:06:11,sn2312,sn2312,207470.0,0.0,0.0,0.0,3,205210.0,206200.0,1,207470.0,205010.0,0.0,0.0,0.0,0.0,212
2023-05-10 21:06:11,sn2312,sn2312,207470.0,0.0,0.0,0.0,3,205230.0,206200.0,1,207470.0,205010.0,0.0,0.0,0.0,0.0,212
2023-05-10 21:06:12,sn2312,sn2312,207470.0,0.0,0.0,0.0,1,205280.0,206200.0,1,207470.0,205010.0,0.0,0.0,0.0,0.0,212
2023-05-10 21:06:12,sn2312,sn2312,207470.0,0.0,0.0,0.0,1,205290.0,206200.0,1,207470.0,205010.0,0.0,0.0,0.0,0.0,212
2023-05-10 21:06:13,sn2312,sn2312,207470.0,0.0,0.0,0.0,3,205300.0,206200.0,1,207470.0,205010.0,0.0,0.0,0.0,0.0,212
2023-05-10 21:06:13,sn2312,sn2312,207470.0,0.0,0.0,0.0,1,205310.0,206200.0,1,207470.0,205010.0,0.0,0.0,0.0,0.0,212
2023-05-10 21:06:14,sn2312,sn2312,207470.0,0.0,0.0,0.0,3,205330.0,206200.0,1,207470.0,205010.0,0.0,0.0,0.0,0.0,212
2023-05-10 21:06:14,sn2312,sn2312,207470.0,0.0,0.0,0.0,1,205340.0,206200.0,1,207470.0,205010.0,0.0,0.0,0.0,0.0,212
2023-05-10 21:06:15,sn2312,sn2312,207470.0,0.0,0.0,0.0,3,205360.0,206200.0,1,207470.0,205010.0,0.0,0.0,0.0,0.0,212
2023-05-10 21:06:15,sn2312,sn2312,207470.0,0.0,0.0,0.0,1,205370.0,206200.0,1,207470.0,205010.0,0.0,0.0,0.0,0.0,212
2023-05-10 21:06:16,sn2312,sn2312,207470.0,0.0,0.0,0.0,1,205410.0,206200.0,1,207470.0,205010.0,0.0,0.0,0.0,0.0,212
2023-05-10 21:06:16,sn2312,sn2312,207470.0,0.0,0.0,0.0,1,205410.0,206200.0,1,207470.0,205010.0,0.0,0.0,0.0,0.0,212
2023-05-10 21:06:17,sn2312,sn2312,207470.0,0.0,0.0,0.0,3,205420.0,206200.0,1,207470.0,205010.0,0.0,0.0,0.0,0.0,212
2023-05-10 21:06:17,sn2312,sn2312,207470.0,0.0,0.0,0.0,3,205420.0,210060.0,1,207470.0,205010.0,0.0,0.0,0.0,0.0,212
2023-05-10 21:06:18,sn2312,sn2312,207470.0,0.0,0.0,0.0,1,205430.0,209070.0,1,207470.0,205010.0,0.0,0.0,0.0,0.0,212
2023-05-10 21:06:18,sn2312,sn2312,207470.0,0.0,0.0,0.0,3,205450.0,208350.0,1,207470.0,205010.0,0.0,0.0,0.0,0.0,212
2023-05-10 21:06:19,sn2312,sn2312,207470.0,0.0,0.0,0.0,1,205460.0,208330.0,9,207470.0,205010.0,0.0,0.0,0.0,0.0,212
2023-05-10 21:06:19,sn2312,sn2312,207470.0,0.0,0.0,0.0,1,205460.0,208320.0,2,207470.0,205010.0,0.0,0.0,0.0,0.0,212
2023-05-10 21:06:20,sn2312,sn2312,207470.0,0.0,0.0,0.0,1,205500.0,207760.0,1,207470.0,205010.0,0.0,0.0,0.0,0.0,212
2023-05-10 21:06:20,sn2312,sn2312,207470.0,0.0,0.0,0.0,3,205520.0,207740.0,9,207470.0,205010.0,0.0,0.0,0.0,0.0,212
2023-05-10 21:06:21,sn2312,sn2312,207470.0,0.0,0.0,0.0,3,205520.0,207300.0,1,207470.0,205010.0,0.0,0.0,0.0,0.0,212
2023-05-10 21:06:21,sn2312,sn2312,207470.0,0.0,0.0,0.0,3,205520.0,207280.0,9,207470.0,205010.0,0.0,0.0,0.0,0.0,212
2023-05-10 21:06:22,sn2312,sn2312,207470.0,0.0,0.0,0.0,1,205530.0,207270.0,1,207470.0,205010.0,0.0,0.0,0.0,0.0,212
2023-05-10 21:06:22,sn2312,sn2312,207470.0,0.0,0.0,0.0,3,205550.0,207250.0,9,207470.0,205010.0,0.0,0.0,0.0,0.0,212
2023-05-10 21:06:23,sn2312,sn2312,207470.0,0.0,0.0,0.0,1,205560.0,207240.0,4,207470.0,205010.0,0.0,0.0,0.0,0.0,212
2023-05-10 21:06:23,sn2312,sn2312,207470.0,0.0,0.0,0.0,3,205580.0,206920.0,1,207470.0,205010.0,0.0,0.0,0.0,0.0,212
2023-05-10 21:06:24,sn2312,sn2312,207470.0,0.0,0.0,0.0,1,205600.0,206900.0,6,207470.0,205010.0,0.0,0.0,0.0,0.0,212
2023-05-10 21:06:24,sn2312,sn2312,207470.0,0.0,0.0,0.0,1,205610.0,206890.0,1,207470.0,205010.0,0.0,0.0,0.0,0.0,212
2023-05-10 21:06:25,sn2312,sn2312,207470.0,0.0,0.0,0.0,1,205610.0,206870.0,6,207470.0,205010.0,0.0,0.0,0.0,0.0,212
2023-05-10 21:06:25,sn2312,sn2312,207470.0,0.0,0.0,0.0,1,205610.0,206640.0,1,207470.0,205010.0,0.0,0.0,0.0,0.0,212
2023-05-10 21:06:26,sn2312,sn2312,207470.0,0.0,0.0,0.0,1,205610.0,206620.0,3,207470.0,205010.0,0.0,0.0,0.0,0.0,212
2023-05-10 21:06:26,sn2312,sn2312,207470.0,0.0,0.0,0.0,3,205630.0,206620.0,3,207470.0,205010.0,0.0,0.0,0.0,0.0,212
2023-05-10 21:06:27,sn2312,sn2312,207470.0,0.0,0.0,0.0,1,205640.0,206620.0,3,207470.0,205010.0,0.0,0.0,0.0,0.0,212
2023-05-10 21:06:27,sn2312,sn2312,207470.0,0.0,0.0,0.0,3,205650.0,206620.0,3,207470.0,205010.0,0.0,0.0,0.0,0.0,212
2023-05-10 21:06:28,sn2312,sn2312,207470.0,0.0,0.0,0.0,1,205700.0,206620.0,3,207470.0,205010.0,0.0,0.0,0.0,0.0,212
2023-05-10 21:06:28,sn2312,sn2312,207470.0,0.0,0.0,0.0,1,205700.0,206620.0,3,207470.0,205010.0,0.0,0.0,0.0,0.0,212
2023-05-10 21:06:29,sn2312,sn2312,207470.0,0.0,0.0,0.0,1,205700.0,206620.0,3,207470.0,205010.0,0.0,0.0,0.0,0.0,212
2023-05-10 21:06:30,sn2312,sn2312,207470.0,0.0,0.0,0.0,1,205700.0,206620.0,3,207470.0,205010.0,0.0,0.0,0.0,0.0,212
2023-05-10 21:06:30,sn2312,sn2312,207470.0,0.0,0.0,0.0,1,205700.0,206620.0,3,207470.0,205010.0,0.0,0.0,0.0,0.0,212
2023-05-10 21:06:31,sn2312,sn2312,207470.0,0.0,0.0,0.0,1,205720.0,206620.0,3,207470.0,205010.0,0.0,0.0,0.0,0.0,212
2023-05-10 21:06:31,sn2312,sn2312,207470.0,0.0,0.0,0.0,1,205720.0,206620.0,3,207470.0,205010.0,0.0,0.0,0.0,0.0,212
2023-05-10 21:06:32,sn2312,sn2312,207470.0,0.0,0.0,0.0,1,205740.0,206610.0,1,207470.0,205010.0,0.0,0.0,0.0,0.0,212
2023-05-10 21:06:32,sn2312,sn2312,207470.0,0.0,0.0,0.0,1,205740.0,206590.0,3,207470.0,205010.0,0.0,0.0,0.0,0.0,212
2023-05-10 21:06:33,sn2312,sn2312,207470.0,0.0,0.0,0.0,1,205740.0,206580.0,1,207470.0,205010.0,0.0,0.0,0.0,0.0,212
2023-05-10 21:06:33,sn2312,sn2312,207470.0,0.0,0.0,0.0,1,205310.0,206430.0,1,207470.0,205010.0,0.0,0.0,0.0,0.0,212
2023-05-10 21:06:34,sn2312,sn2312,207470.0,0.0,0.0,0.0,1,205750.0,206430.0,1,207470.0,205010.0,0.0,0.0,0.0,0.0,212
2023-05-10 21:06:34,sn2312,sn2312,207470.0,0.0,0.0,0.0,6,205330.0,206430.0,1,207470.0,205010.0,0.0,0.0,0.0,0.0,212
2023-05-10 21:06:35,sn2312,sn2312,207470.0,0.0,0.0,0.0,6,205350.0,206920.0,1,207470.0,205010.0,0.0,0.0,0.0,0.0,212
2023-05-10 21:06:35,sn2312,sn2312,207470.0,0.0,0.0,0.0,1,205360.0,206610.0,1,207470.0,205010.0,0.0,0.0,0.0,0.0,212
2023-05-10 21:06:36,sn2312,sn2312,207470.0,0.0,0.0,0.0,3,205380.0,206590.0,6,207470.0,205010.0,0.0,0.0,0.0,0.0,212
2023-05-10 21:06:36,sn2312,sn2312,207470.0,0.0,0.0,0.0,1,205390.0,206350.0,1,207470.0,205010.0,0.0,0.0,0.0,0.0,212
2023-05-10 21:06:37,sn2312,sn2312,207470.0,0.0,0.0,0.0,1,205440.0,206350.0,1,207470.0,205010.0,0.0,0.0,0.0,0.0,212
2023-05-10 21:06:37,sn2312,sn2312,207470.0,0.0,0.0,0.0,4,205450.0,206350.0,1,207470.0,205010.0,0.0,0.0,0.0,0.0,212
2023-05-10 21:06:38,sn2312,sn2312,207470.0,0.0,0.0,0.0,4,205450.0,206350.0,1,207470.0,205010.0,0.0,0.0,0.0,0.0,212
2023-05-10 21:06:39,sn2312,sn2312,207470.0,0.0,0.0,0.0,2,205460.0,206350.0,1,207470.0,205010.0,0.0,0.0,0.0,0.0,212
2023-05-10 21:06:39,sn2312,sn2312,207470.0,0.0,0.0,0.0,1,205470.0,206350.0,1,207470.0,205010.0,0.0,0.0,0.0,0.0,212
2023-05-10 21:06:41,sn2312,sn2312,207470.0,0.0,0.0,0.0,1,205510.0,206350.0,1,207470.0,205010.0,0.0,0.0,0.0,0.0,212
2023-05-10 21:06:41,sn2312,sn2312,207470.0,0.0,0.0,0.0,1,205510.0,206350.0,1,207470.0,205010.0,0.0,0.0,0.0,0.0,212
2023-05-10 21:06:42,sn2312,sn2312,207470.0,0.0,0.0,0.0,1,205510.0,206350.0,1,207470.0,205010.0,0.0,0.0,0.0,0.0,212
2023-05-10 21:06:42,sn2312,sn2312,207470.0,0.0,0.0,0.0,1,205510.0,206350.0,1,207470.0,205010.0,0.0,0.0,0.0,0.0,212
2023-05-10 21:06:43,sn2312,sn2312,207470.0,0.0,0.0,0.0,1,205510.0,206350.0,1,207470.0,205010.0,0.0,0.0,0.0,0.0,212
2023-05-10 21:06:44,sn2312,sn2312,207470.0,0.0,0.0,0.0,1,205510.0,206350.0,1,207470.0,205010.0,0.0,0.0,0.0,0.0,212
2023-05-10 21:06:45,sn2312,sn2312,207470.0,0.0,0.0,0.0,3,205520.0,206350.0,1,207470.0,205010.0,0.0,0.0,0.0,0.0,212
2023-05-10 21:06:46,sn2312,sn2312,207470.0,0.0,0.0,0.0,3,205520.0,206350.0,1,207470.0,205010.0,0.0,0.0,0.0,0.0,212
2023-05-10 21:06:46,sn2312,sn2312,207470.0,0.0,0.0,0.0,1,205530.0,206350.0,1,207470.0,205010.0,0.0,0.0,0.0,0.0,212
2023-05-10 21:06:47,sn2312,sn2312,207470.0,0.0,0.0,0.0,3,205520.0,206350.0,1,207470.0,205010.0,0.0,0.0,0.0,0.0,212
2023-05-10 21:06:48,sn2312,sn2312,207470.0,0.0,0.0,0.0,1,205530.0,206350.0,1,207470.0,205010.0,0.0,0.0,0.0,0.0,212
2023-05-10 21:06:48,sn2312,sn2312,207470.0,0.0,0.0,0.0,3,205540.0,206920.0,1,207470.0,205010.0,0.0,0.0,0.0,0.0,212
2023-05-10 21:06:49,sn2312,sn2312,207470.0,0.0,0.0,0.0,1,205580.0,206650.0,1,207470.0,205010.0,0.0,0.0,0.0,0.0,212
2023-05-10 21:06:49,sn2312,sn2312,207470.0,0.0,0.0,0.0,1,205580.0,206630.0,3,207470.0,205010.0,0.0,0.0,0.0,0.0,212
2023-05-10 21:06:50,sn2312,sn2312,207470.0,0.0,0.0,0.0,3,205600.0,206630.0,3,207470.0,205010.0,0.0,0.0,0.0,0.0,212
2023-05-10 21:06:50,sn2312,sn2312,207470.0,0.0,0.0,0.0,3,205600.0,206630.0,3,207470.0,205010.0,0.0,0.0,0.0,0.0,212
2023-05-10 21:06:51,sn2312,sn2312,207470.0,0.0,0.0,0.0,1,205610.0,206630.0,3,207470.0,205010.0,0.0,0.0,0.0,0.0,212
2023-05-10 21:06:51,sn2312,sn2312,207470.0,0.0,0.0,0.0,1,205610.0,206630.0,3,207470.0,205010.0,0.0,0.0,0.0,0.0,212
2023-05-10 21:06:52,sn2312,sn2312,207470.0,0.0,0.0,0.0,1,205610.0,206630.0,3,207470.0,205010.0,0.0,0.0,0.0,0.0,212
2023-05-10 21:06:52,sn2312,sn2312,207470.0,0.0,0.0,0.0,1,205610.0,206630.0,3,207470.0,205010.0,0.0,0.0,0.0,0.0,212
2023-05-10 21:06:53,sn2312,sn2312,207470.0,0.0,0.0,0.0,1,205650.0,206630.0,3,207470.0,205010.0,0.0,0.0,0.0,0.0,212
2023-05-10 21:06:53,sn2312,sn2312,207470.0,0.0,0.0,0.0,1,205650.0,206630.0,3,207470.0,205010.0,0.0,0.0,0.0,0.0,212
2023-05-10 21:06:54,sn2312,sn2312,207470.0,0.0,0.0,0.0,1,205650.0,206630.0,3,207470.0,205010.0,0.0,0.0,0.0,0.0,212
2023-05-10 21:06:56,sn2312,sn2312,207470.0,0.0,0.0,0.0,1,205650.0,206630.0,3,207470.0,205010.0,0.0,0.0,0.0,0.0,212
2023-05-10 21:06:57,sn2312,sn2312,207470.0,0.0,0.0,0.0,1,205650.0,206630.0,3,207470.0,205010.0,0.0,0.0,0.0,0.0,212
2023-05-10 21:06:57,sn2312,sn2312,207470.0,0.0,0.0,0.0,1,205650.0,206610.0,1,207470.0,205010.0,0.0,0.0,0.0,0.0,212
2023-05-10 21:06:58,sn2312,sn2312,207470.0,0.0,0.0,0.0,1,205650.0,206610.0,1,207470.0,205010.0,0.0,0.0,0.0,0.0,212
2023-05-10 21:06:59,sn2312,sn2312,207470.0,0.0,0.0,0.0,1,205650.0,206590.0,4,207470.0,205010.0,0.0,0.0,0.0,0.0,212
2023-05-10 21:06:59,sn2312,sn2312,207470.0,0.0,0.0,0.0,1,205650.0,206590.0,4,207470.0,205010.0,0.0,0.0,0.0,0.0,212
2023-05-10 21:07:00,sn2312,sn2312,207470.0,0.0,0.0,0.0,1,205650.0,206410.0,1,207470.0,205010.0,0.0,0.0,0.0,0.0,212
2023-05-10 21:07:01,sn2312,sn2312,207470.0,0.0,0.0,0.0,1,205650.0,206590.0,4,207470.0,205010.0,0.0,0.0,0.0,0.0,212
2023-05-10 21:07:01,sn2312,sn2312,207470.0,0.0,0.0,0.0,1,205650.0,206570.0,3,207470.0,205010.0,0.0,0.0,0.0,0.0,212
2023-05-10 21:07:03,sn2312,sn2312,207470.0,0.0,0.0,0.0,1,205650.0,206560.0,1,207470.0,205010.0,0.0,0.0,0.0,0.0,212
2023-05-10 21:07:04,sn2312,sn2312,207470.0,0.0,0.0,0.0,1,205650.0,206540.0,3,207470.0,205010.0,0.0,0.0,0.0,0.0,212
2023-05-10 21:07:04,sn2312,sn2312,207470.0,0.0,0.0,0.0,1,205650.0,206540.0,3,207470.0,205010.0,0.0,0.0,0.0,0.0,212
2023-05-10 21:07:05,sn2312,sn2312,207470.0,0.0,0.0,0.0,1,205650.0,206370.0,1,207470.0,205010.0,0.0,0.0,0.0,0.0,212
2023-05-10 21:07:05,sn2312,sn2312,207470.0,0.0,0.0,0.0,1,205650.0,206370.0,1,207470.0,205010.0,0.0,0.0,0.0,0.0,212
2023-05-10 21:07:06,sn2312,sn2312,207470.0,0.0,0.0,0.0,1,205650.0,206370.0,1,207470.0,205010.0,0.0,0.0,0.0,0.0,212
2023-05-10 21:07:06,sn2312,sn2312,207470.0,0.0,0.0,0.0,1,205650.0,206370.0,1,207470.0,205010.0,0.0,0.0,0.0,0.0,212
2023-05-10 21:07:08,sn2312,sn2312,207470.0,0.0,0.0,0.0,1,205650.0,206370.0,1,207470.0,205010.0,0.0,0.0,0.0,0.0,212
2023-05-10 21:07:09,sn2312,sn2312,207470.0,0.0,0.0,0.0,1,205650.0,206370.0,1,207470.0,205010.0,0.0,0.0,0.0,0.0,212
2023-05-10 21:07:13,sn2312,sn2312,207470.0,0.0,0.0,0.0,1,205650.0,206370.0,1,207470.0,205010.0,0.0,0.0,0.0,0.0,212
2023-05-10 21:07:16,sn2312,sn2312,207470.0,0.0,0.0,0.0,1,205650.0,206370.0,1,207470.0,205010.0,0.0,0.0,0.0,0.0,212
2023-05-10 21:07:16,sn2312,sn2312,207470.0,0.0,0.0,0.0,1,205650.0,206370.0,1,207470.0,205010.0,0.0,0.0,0.0,0.0,212
2023-05-10 21:07:21,sn2312,sn2312,207470.0,0.0,0.0,0.0,1,205650.0,206360.0,2,207470.0,205010.0,0.0,0.0,0.0,0.0,212
2023-05-10 21:07:22,sn2312,sn2312,207470.0,0.0,0.0,0.0,1,205650.0,206360.0,2,207470.0,205010.0,0.0,0.0,0.0,0.0,212
2023-05-10 21:07:23,sn2312,sn2312,207470.0,0.0,0.0,0.0,1,205650.0,206340.0,3,207470.0,205010.0,0.0,0.0,0.0,0.0,212
2023-05-10 21:07:23,sn2312,sn2312,207470.0,0.0,0.0,0.0,1,205650.0,206340.0,3,207470.0,205010.0,0.0,0.0,0.0,0.0,212
2023-05-10 21:07:26,sn2312,sn2312,207470.0,0.0,0.0,0.0,1,205200.0,206340.0,3,207470.0,205010.0,0.0,0.0,0.0,0.0,212
2023-05-10 21:07:27,sn2312,sn2312,207470.0,0.0,0.0,0.0,3,205220.0,206340.0,3,207470.0,205010.0,0.0,0.0,0.0,0.0,212
2023-05-10 21:07:27,sn2312,sn2312,207470.0,0.0,0.0,0.0,1,205230.0,206340.0,3,207470.0,205010.0,0.0,0.0,0.0,0.0,212
2023-05-10 21:07:28,sn2312,sn2312,207470.0,0.0,0.0,0.0,3,205250.0,206340.0,3,207470.0,205010.0,0.0,0.0,0.0,0.0,212
2023-05-10 21:07:28,sn2312,sn2312,207470.0,0.0,0.0,0.0,1,205260.0,206340.0,3,207470.0,205010.0,0.0,0.0,0.0,0.0,212
2023-05-10 21:07:29,sn2312,sn2312,207470.0,0.0,0.0,0.0,1,205310.0,206340.0,3,207470.0,205010.0,0.0,0.0,0.0,0.0,212
2023-05-10 21:07:29,sn2312,sn2312,207470.0,0.0,0.0,0.0,3,205330.0,206340.0,3,207470.0,205010.0,0.0,0.0,0.0,0.0,212
2023-05-10 21:07:30,sn2312,sn2312,207470.0,0.0,0.0,0.0,1,205340.0,206340.0,3,207470.0,205010.0,0.0,0.0,0.0,0.0,212
2023-05-10 21:07:31,sn2312,sn2312,207470.0,0.0,0.0,0.0,3,205350.0,206340.0,3,207470.0,205010.0,0.0,0.0,0.0,0.0,212
2023-05-10 21:07:31,sn2312,sn2312,207470.0,0.0,0.0,0.0,1,205360.0,206340.0,3,207470.0,205010.0,0.0,0.0,0.0,0.0,212
2023-05-10 21:07:32,sn2312,sn2312,207470.0,0.0,0.0,0.0,1,205360.0,206340.0,3,207470.0,205010.0,0.0,0.0,0.0,0.0,212
2023-05-10 21:07:32,sn2312,sn2312,207470.0,0.0,0.0,0.0,3,205380.0,206340.0,3,207470.0,205010.0,0.0,0.0,0.0,0.0,212
2023-05-10 21:07:33,sn2312,sn2312,207470.0,0.0,0.0,0.0,1,205420.0,206340.0,3,207470.0,205010.0,0.0,0.0,0.0,0.0,212
2023-05-10 21:07:33,sn2312,sn2312,207470.0,0.0,0.0,0.0,1,205420.0,206340.0,3,207470.0,205010.0,0.0,0.0,0.0,0.0,212
2023-05-10 21:07:34,sn2312,sn2312,207470.0,0.0,0.0,0.0,1,205420.0,206320.0,1,207470.0,205010.0,0.0,0.0,0.0,0.0,212
2023-05-10 21:07:34,sn2312,sn2312,207470.0,0.0,0.0,0.0,1,205420.0,206310.0,3,207470.0,205010.0,0.0,0.0,0.0,0.0,212
2023-05-10 21:07:35,sn2312,sn2312,207470.0,0.0,0.0,0.0,1,205420.0,206310.0,4,207470.0,205010.0,0.0,0.0,0.0,0.0,212
2023-05-10 21:07:36,sn2312,sn2312,207470.0,0.0,0.0,0.0,1,205420.0,206290.0,1,207470.0,205010.0,0.0,0.0,0.0,0.0,212
2023-05-10 21:07:36,sn2312,sn2312,207470.0,0.0,0.0,0.0,1,205420.0,206270.0,3,207470.0,205010.0,0.0,0.0,0.0,0.0,212
2023-05-10 21:07:37,sn2312,sn2312,207470.0,0.0,0.0,0.0,1,205420.0,206260.0,1,207470.0,205010.0,0.0,0.0,0.0,0.0,212
2023-05-10 21:07:38,sn2312,sn2312,207470.0,0.0,0.0,0.0,1,205420.0,206250.0,3,207470.0,205010.0,0.0,0.0,0.0,0.0,212
2023-05-10 21:07:38,sn2312,sn2312,207470.0,0.0,0.0,0.0,1,205420.0,206250.0,3,207470.0,205010.0,0.0,0.0,0.0,0.0,212
2023-05-10 21:07:39,sn2312,sn2312,207470.0,0.0,0.0,0.0,1,205420.0,206250.0,3,207470.0,205010.0,0.0,0.0,0.0,0.0,212
2023-05-10 21:07:40,sn2312,sn2312,207470.0,0.0,0.0,0.0,1,205420.0,206250.0,3,207470.0,205010.0,0.0,0.0,0.0,0.0,212
2023-05-10 21:07:40,sn2312,sn2312,207470.0,0.0,0.0,0.0,1,205420.0,206240.0,1,207470.0,205010.0,0.0,0.0,0.0,0.0,212
2023-05-10 21:07:41,sn2312,sn2312,207470.0,0.0,0.0,0.0,1,205420.0,206240.0,1,207470.0,205010.0,0.0,0.0,0.0,0.0,212
2023-05-10 21:07:41,sn2312,sn2312,207470.0,0.0,0.0,0.0,1,205420.0,206240.0,1,207470.0,205010.0,0.0,0.0,0.0,0.0,212
2023-05-10 21:07:47,sn2312,sn2312,207470.0,0.0,0.0,0.0,1,205420.0,206240.0,1,207470.0,205010.0,0.0,0.0,0.0,0.0,212
2023-05-10 21:07:49,sn2312,sn2312,207470.0,0.0,0.0,0.0,1,205420.0,206240.0,1,207470.0,205010.0,0.0,0.0,0.0,0.0,212
2023-05-10 21:07:50,sn2312,sn2312,207470.0,0.0,0.0,0.0,1,205420.0,206310.0,1,207470.0,205010.0,0.0,0.0,0.0,0.0,212
2023-05-10 21:07:50,sn2312,sn2312,207470.0,0.0,0.0,0.0,3,205430.0,206310.0,1,207470.0,205010.0,0.0,0.0,0.0,0.0,212
2023-05-10 21:07:51,sn2312,sn2312,207470.0,0.0,0.0,0.0,3,205430.0,206310.0,1,207470.0,205010.0,0.0,0.0,0.0,0.0,212
2023-05-10 21:07:53,sn2312,sn2312,207470.0,0.0,0.0,0.0,1,205440.0,206310.0,1,207470.0,205010.0,0.0,0.0,0.0,0.0,212
2023-05-10 21:07:53,sn2312,sn2312,207470.0,0.0,0.0,0.0,3,205460.0,206310.0,1,207470.0,205010.0,0.0,0.0,0.0,0.0,212
2023-05-10 21:07:54,sn2312,sn2312,207470.0,0.0,0.0,0.0,1,205510.0,206310.0,1,207470.0,205010.0,0.0,0.0,0.0,0.0,212
2023-05-10 21:07:57,sn2312,sn2312,207470.0,0.0,0.0,0.0,1,205510.0,206310.0,1,207470.0,205010.0,0.0,0.0,0.0,0.0,212
2023-05-10 21:07:58,sn2312,sn2312,207470.0,0.0,0.0,0.0,1,205510.0,206310.0,1,207470.0,205010.0,0.0,0.0,0.0,0.0,212
2023-05-10 21:07:58,sn2312,sn2312,207470.0,0.0,0.0,0.0,1,205510.0,206310.0,1,207470.0,205010.0,0.0,0.0,0.0,0.0,212
2023-05-10 21:07:59,sn2312,sn2312,207470.0,0.0,0.0,0.0,1,205510.0,206310.0,1,207470.0,205010.0,0.0,0.0,0.0,0.0,212
2023-05-10 21:07:59,sn2312,sn2312,207470.0,0.0,0.0,0.0,1,205510.0,206310.0,1,207470.0,205010.0,0.0,0.0,0.0,0.0,212
2023-05-10 21:08:01,sn2312,sn2312,207470.0,0.0,0.0,0.0,1,205510.0,206310.0,1,207470.0,205010.0,0.0,0.0,0.0,0.0,212
2023-05-10 21:08:01,sn2312,sn2312,207470.0,0.0,0.0,0.0,1,205510.0,206310.0,1,207470.0,205010.0,0.0,0.0,0.0,0.0,212
2023-05-10 21:08:02,sn2312,sn2312,207470.0,0.0,0.0,0.0,1,205510.0,206310.0,1,207470.0,205010.0,0.0,0.0,0.0,0.0,212
2023-05-10 21:08:02,sn2312,sn2312,207470.0,0.0,0.0,0.0,1,205510.0,206310.0,1,207470.0,205010.0,0.0,0.0,0.0,0.0,212
2023-05-10 21:08:04,sn2312,sn2312,207470.0,0.0,0.0,0.0,1,205510.0,206300.0,2,207470.0,205010.0,0.0,0.0,0.0,0.0,212
2023-05-10 21:08:04,sn2312,sn2312,207470.0,0.0,0.0,0.0,1,205510.0,206300.0,2,207470.0,205010.0,0.0,0.0,0.0,0.0,212
2023-05-10 21:08:12,sn2312,sn2312,207470.0,0.0,0.0,0.0,1,205510.0,206300.0,2,207470.0,205010.0,0.0,0.0,0.0,0.0,212
2023-05-10 21:08:13,sn2312,sn2312,207470.0,0.0,0.0,0.0,1,205510.0,206300.0,2,207470.0,205010.0,0.0,0.0,0.0,0.0,212
2023-05-10 21:08:14,sn2312,sn2312,207470.0,0.0,0.0,0.0,1,205510.0,206290.0,3,207470.0,205010.0,0.0,0.0,0.0,0.0,212
2023-05-10 21:08:14,sn2312,sn2312,207470.0,0.0,0.0,0.0,1,205510.0,206150.0,1,207470.0,205010.0,0.0,0.0,0.0,0.0,212
2023-05-10 21:08:15,sn2312,sn2312,207470.0,0.0,0.0,0.0,1,205510.0,206150.0,1,207470.0,205010.0,0.0,0.0,0.0,0.0,212
2023-05-10 21:08:19,sn2312,sn2312,207470.0,0.0,0.0,0.0,1,205510.0,206130.0,3,207470.0,205010.0,0.0,0.0,0.0,0.0,212
2023-05-10 21:08:20,sn2312,sn2312,207470.0,0.0,0.0,0.0,1,205510.0,206130.0,3,207470.0,205010.0,0.0,0.0,0.0,0.0,212
2023-05-10 21:08:21,sn2312,sn2312,207470.0,0.0,0.0,0.0,1,205510.0,206130.0,3,207470.0,205010.0,0.0,0.0,0.0,0.0,212
2023-05-10 21:08:22,sn2312,sn2312,207470.0,0.0,0.0,0.0,1,205510.0,206130.0,3,207470.0,205010.0,0.0,0.0,0.0,0.0,212
2023-05-10 21:08:23,sn2312,sn2312,207470.0,0.0,0.0,0.0,1,205510.0,206130.0,3,207470.0,205010.0,0.0,0.0,0.0,0.0,212
2023-05-10 21:08:25,sn2312,sn2312,207470.0,0.0,0.0,0.0,1,205510.0,206130.0,3,207470.0,205010.0,0.0,0.0,0.0,0.0,212
2023-05-10 21:08:25,sn2312,sn2312,207470.0,0.0,0.0,0.0,1,205510.0,206130.0,3,207470.0,205010.0,0.0,0.0,0.0,0.0,212
2023-05-10 21:08:28,sn2312,sn2312,207470.0,0.0,0.0,0.0,1,205510.0,206010.0,1,207470.0,205010.0,0.0,0.0,0.0,0.0,212
2023-05-10 21:08:29,sn2312,sn2312,207470.0,0.0,0.0,0.0,1,205510.0,206130.0,3,207470.0,205010.0,0.0,0.0,0.0,0.0,212
2023-05-10 21:08:32,sn2312,sn2312,207470.0,0.0,0.0,0.0,1,205510.0,206130.0,3,207470.0,205010.0,0.0,0.0,0.0,0.0,212
2023-05-10 21:08:33,sn2312,sn2312,207470.0,0.0,0.0,0.0,1,205510.0,206130.0,3,207470.0,205010.0,0.0,0.0,0.0,0.0,212
2023-05-10 21:08:34,sn2312,sn2312,207470.0,0.0,0.0,0.0,1,205050.0,206130.0,3,207470.0,205010.0,0.0,0.0,0.0,0.0,212
2023-05-10 21:08:34,sn2312,sn2312,207470.0,0.0,0.0,0.0,3,205070.0,206010.0,1,207470.0,205010.0,0.0,0.0,0.0,0.0,212
2023-05-10 21:08:35,sn2312,sn2312,207470.0,0.0,0.0,0.0,1,205080.0,206130.0,3,207470.0,205010.0,0.0,0.0,0.0,0.0,212
2023-05-10 21:08:35,sn2312,sn2312,207470.0,0.0,0.0,0.0,3,205100.0,206130.0,3,207470.0,205010.0,0.0,0.0,0.0,0.0,212
2023-05-10 21:08:36,sn2312,sn2312,207470.0,0.0,0.0,0.0,1,205110.0,206130.0,3,207470.0,205010.0,0.0,0.0,0.0,0.0,212
2023-05-10 21:08:36,sn2312,sn2312,207470.0,0.0,0.0,0.0,3,205130.0,206130.0,3,207470.0,205010.0,0.0,0.0,0.0,0.0,212
2023-05-10 21:08:37,sn2312,sn2312,207470.0,0.0,0.0,0.0,1,205170.0,206130.0,3,207470.0,205010.0,0.0,0.0,0.0,0.0,212
2023-05-10 21:08:37,sn2312,sn2312,207470.0,0.0,0.0,0.0,3,205190.0,206130.0,3,207470.0,205010.0,0.0,0.0,0.0,0.0,212
2023-05-10 21:08:38,sn2312,sn2312,207470.0,0.0,0.0,0.0,3,205190.0,206130.0,3,207470.0,205010.0,0.0,0.0,0.0,0.0,212
2023-05-10 21:08:41,sn2312,sn2312,207470.0,0.0,0.0,0.0,1,205230.0,206130.0,3,207470.0,205010.0,0.0,0.0,0.0,0.0,212
2023-05-10 21:08:41,sn2312,sn2312,207470.0,0.0,0.0,0.0,3,205250.0,206130.0,3,207470.0,205010.0,0.0,0.0,0.0,0.0,212
2023-05-10 21:08:42,sn2312,sn2312,207470.0,0.0,0.0,0.0,3,205250.0,206310.0,1,207470.0,205010.0,0.0,0.0,0.0,0.0,212
2023-05-10 21:08:42,sn2312,sn2312,207470.0,0.0,0.0,0.0,3,205250.0,206310.0,1,207470.0,205010.0,0.0,0.0,0.0,0.0,212
2023-05-10 21:08:43,sn2312,sn2312,207470.0,0.0,0.0,0.0,3,205250.0,206290.0,3,207470.0,205010.0,0.0,0.0,0.0,0.0,212
2023-05-10 21:08:43,sn2312,sn2312,207470.0,0.0,0.0,0.0,1,205260.0,206290.0,3,207470.0,205010.0,0.0,0.0,0.0,0.0,212
2023-05-10 21:08:44,sn2312,sn2312,207470.0,0.0,0.0,0.0,3,205280.0,206290.0,3,207470.0,205010.0,0.0,0.0,0.0,0.0,212
2023-05-10 21:08:45,sn2312,sn2312,207470.0,0.0,0.0,0.0,1,205320.0,206290.0,3,207470.0,205010.0,0.0,0.0,0.0,0.0,212
2023-05-10 21:08:45,sn2312,sn2312,207470.0,0.0,0.0,0.0,3,205340.0,206290.0,3,207470.0,205010.0,0.0,0.0,0.0,0.0,212
2023-05-10 21:08:46,sn2312,sn2312,207470.0,0.0,0.0,0.0,3,205340.0,206280.0,2,207470.0,205010.0,0.0,0.0,0.0,0.0,212
2023-05-10 21:08:49,sn2312,sn2312,207470.0,0.0,0.0,0.0,1,205380.0,206260.0,3,207470.0,205010.0,0.0,0.0,0.0,0.0,212
2023-05-10 21:08:57,sn2312,sn2312,207470.0,0.0,0.0,0.0,1,205410.0,206260.0,3,207470.0,205010.0,0.0,0.0,0.0,0.0,212
2023-05-10 21:08:58,sn2312,sn2312,207470.0,0.0,0.0,0.0,1,205430.0,206260.0,3,207470.0,205010.0,0.0,0.0,0.0,0.0,212
2023-05-10 21:08:59,sn2312,sn2312,207470.0,0.0,0.0,0.0,1,205460.0,206260.0,3,207470.0,205010.0,0.0,0.0,0.0,0.0,212
2023-05-10 21:08:59,sn2312,sn2312,207470.0,0.0,0.0,0.0,1,205460.0,206260.0,3,207470.0,205010.0,0.0,0.0,0.0,0.0,212
2023-05-10 21:09:00,sn2312,sn2312,207470.0,0.0,0.0,0.0,1,205480.0,206260.0,3,207470.0,205010.0,0.0,0.0,0.0,0.0,212
2023-05-10 21:09:01,sn2312,sn2312,207470.0,0.0,0.0,0.0,1,205500.0,206260.0,3,207470.0,205010.0,0.0,0.0,0.0,0.0,212
2023-05-10 21:09:03,sn2312,sn2312,207470.0,0.0,0.0,0.0,3,205340.0,206260.0,3,207470.0,205010.0,0.0,0.0,0.0,0.0,212
2023-05-10 21:09:03,sn2312,sn2312,207470.0,0.0,0.0,0.0,1,205520.0,206260.0,3,207470.0,205010.0,0.0,0.0,0.0,0.0,212
2023-05-10 21:09:04,sn2312,sn2312,207470.0,0.0,0.0,0.0,1,205520.0,206260.0,3,207470.0,205010.0,0.0,0.0,0.0,0.0,212
2023-05-10 21:09:05,sn2312,sn2312,207470.0,0.0,0.0,0.0,3,205340.0,206260.0,3,207470.0,205010.0,0.0,0.0,0.0,0.0,212
2023-05-10 21:09:05,sn2312,sn2312,207470.0,0.0,0.0,0.0,1,205470.0,206260.0,3,207470.0,205010.0,0.0,0.0,0.0,0.0,212
2023-05-10 21:09:06,sn2312,sn2312,207470.0,0.0,0.0,0.0,1,205440.0,206260.0,3,207470.0,205010.0,0.0,0.0,0.0,0.0,212
2023-05-10 21:09:07,sn2312,sn2312,207470.0,0.0,0.0,0.0,1,205440.0,206260.0,3,207470.0,205010.0,0.0,0.0,0.0,0.0,212
2023-05-10 21:09:08,sn2312,sn2312,207470.0,0.0,0.0,0.0,1,205050.0,206260.0,3,207470.0,205010.0,0.0,0.0,0.0,0.0,212
2023-05-10 21:09:08,sn2312,sn2312,207470.0,0.0,0.0,0.0,1,205110.0,206260.0,3,207470.0,205010.0,0.0,0.0,0.0,0.0,212
2023-05-10 21:09:09,sn2312,sn2312,207470.0,0.0,0.0,0.0,3,205130.0,206250.0,1,207470.0,205010.0,0.0,0.0,0.0,0.0,212
2023-05-10 21:09:09,sn2312,sn2312,207470.0,0.0,0.0,0.0,3,205130.0,206230.0,3,207470.0,205010.0,0.0,0.0,0.0,0.0,212
2023-05-10 21:09:10,sn2312,sn2312,207470.0,0.0,0.0,0.0,1,205140.0,206230.0,3,207470.0,205010.0,0.0,0.0,0.0,0.0,212
2023-05-10 21:09:10,sn2312,sn2312,207470.0,0.0,0.0,0.0,3,205160.0,206230.0,3,207470.0,205010.0,0.0,0.0,0.0,0.0,212
2023-05-10 21:09:11,sn2312,sn2312,207470.0,0.0,0.0,0.0,3,205160.0,206230.0,3,207470.0,205010.0,0.0,0.0,0.0,0.0,212
2023-05-10 21:09:11,sn2312,sn2312,207470.0,0.0,0.0,0.0,3,205160.0,206200.0,1,207470.0,205010.0,0.0,0.0,0.0,0.0,212
2023-05-10 21:09:12,sn2312,sn2312,207470.0,0.0,0.0,0.0,1,205200.0,206180.0,3,207470.0,205010.0,0.0,0.0,0.0,0.0,212
2023-05-10 21:09:12,sn2312,sn2312,207470.0,0.0,0.0,0.0,1,205200.0,206180.0,3,207470.0,205010.0,0.0,0.0,0.0,0.0,212
2023-05-10 21:09:13,sn2312,sn2312,207470.0,0.0,0.0,0.0,1,205200.0,206180.0,3,207470.0,205010.0,0.0,0.0,0.0,0.0,212
2023-05-10 21:09:13,sn2312,sn2312,207470.0,0.0,0.0,0.0,1,205200.0,206170.0,1,207470.0,205010.0,0.0,0.0,0.0,0.0,212
2023-05-10 21:09:14,sn2312,sn2312,207470.0,0.0,0.0,0.0,1,205200.0,206150.0,3,207470.0,205010.0,0.0,0.0,0.0,0.0,212
2023-05-10 21:09:14,sn2312,sn2312,207470.0,0.0,0.0,0.0,1,205200.0,206150.0,3,207470.0,205010.0,0.0,0.0,0.0,0.0,212
2023-05-10 21:09:15,sn2312,sn2312,207470.0,0.0,0.0,0.0,1,205200.0,206140.0,1,207470.0,205010.0,0.0,0.0,0.0,0.0,212
2023-05-10 21:09:15,sn2312,sn2312,207470.0,0.0,0.0,0.0,1,205200.0,206120.0,3,207470.0,205010.0,0.0,0.0,0.0,0.0,212
2023-05-10 21:09:17,sn2312,sn2312,207470.0,0.0,0.0,0.0,1,205200.0,206090.0,1,207470.0,205010.0,0.0,0.0,0.0,0.0,212
2023-05-10 21:09:21,sn2312,sn2312,207470.0,0.0,0.0,0.0,1,205200.0,206090.0,1,207470.0,205010.0,0.0,0.0,0.0,0.0,212
2023-05-10 21:09:21,sn2312,sn2312,207470.0,0.0,0.0,0.0,1,205200.0,206090.0,1,207470.0,205010.0,0.0,0.0,0.0,0.0,212
2023-05-10 21:09:23,sn2312,sn2312,207470.0,0.0,0.0,0.0,1,205200.0,206090.0,1,207470.0,205010.0,0.0,0.0,0.0,0.0,212
2023-05-10 21:09:24,sn2312,sn2312,207470.0,0.0,0.0,0.0,1,205200.0,206090.0,1,207470.0,205010.0,0.0,0.0,0.0,0.0,212
2023-05-10 21:09:26,sn2312,sn2312,207470.0,0.0,0.0,0.0,1,205200.0,206090.0,1,207470.0,205010.0,0.0,0.0,0.0,0.0,212
2023-05-10 21:09:28,sn2312,sn2312,207470.0,0.0,0.0,0.0,3,205220.0,206090.0,1,207470.0,205010.0,0.0,0.0,0.0,0.0,212
2023-05-10 21:09:28,sn2312,sn2312,207470.0,0.0,0.0,0.0,3,205220.0,206080.0,2,207470.0,205010.0,0.0,0.0,0.0,0.0,212
2023-05-10 21:09:30,sn2312,sn2312,207470.0,0.0,0.0,0.0,3,205220.0,206090.0,1,207470.0,205010.0,0.0,0.0,0.0,0.0,212
2023-05-10 21:09:31,sn2312,sn2312,207470.0,0.0,0.0,0.0,1,205260.0,206120.0,3,207470.0,205010.0,0.0,0.0,0.0,0.0,212
2023-05-10 21:09:31,sn2312,sn2312,207470.0,0.0,0.0,0.0,1,205260.0,206120.0,3,207470.0,205010.0,0.0,0.0,0.0,0.0,212
2023-05-10 21:09:33,sn2312,sn2312,207470.0,0.0,0.0,0.0,1,205260.0,206120.0,3,207470.0,205010.0,0.0,0.0,0.0,0.0,212
2023-05-10 21:09:34,sn2312,sn2312,207470.0,0.0,0.0,0.0,1,205260.0,206120.0,3,207470.0,205010.0,0.0,0.0,0.0,0.0,212
2023-05-10 21:09:35,sn2312,sn2312,207470.0,0.0,0.0,0.0,1,205260.0,206120.0,3,207470.0,205010.0,0.0,0.0,0.0,0.0,212
2023-05-10 21:09:36,sn2312,sn2312,207470.0,0.0,0.0,0.0,3,205270.0,206120.0,3,207470.0,205010.0,0.0,0.0,0.0,0.0,212
2023-05-10 21:09:36,sn2312,sn2312,207470.0,0.0,0.0,0.0,3,205270.0,206120.0,3,207470.0,205010.0,0.0,0.0,0.0,0.0,212
2023-05-10 21:09:38,sn2312,sn2312,207470.0,0.0,0.0,0.0,1,205290.0,206120.0,3,207470.0,205010.0,0.0,0.0,0.0,0.0,212
2023-05-10 21:09:38,sn2312,sn2312,207470.0,0.0,0.0,0.0,1,205290.0,206120.0,3,207470.0,205010.0,0.0,0.0,0.0,0.0,212
2023-05-10 21:09:39,sn2312,sn2312,207470.0,0.0,0.0,0.0,1,205320.0,206120.0,3,207470.0,205010.0,0.0,0.0,0.0,0.0,212
2023-05-10 21:09:39,sn2312,sn2312,207470.0,0.0,0.0,0.0,2,205320.0,206120.0,3,207470.0,205010.0,0.0,0.0,0.0,0.0,212
2023-05-10 21:09:43,sn2312,sn2312,207470.0,0.0,0.0,0.0,2,205320.0,206120.0,3,207470.0,205010.0,0.0,0.0,0.0,0.0,212
2023-05-10 21:09:44,sn2312,sn2312,207470.0,0.0,0.0,0.0,2,205320.0,206120.0,3,207470.0,205010.0,0.0,0.0,0.0,0.0,212
2023-05-10 21:09:45,sn2312,sn2312,207470.0,0.0,0.0,0.0,1,205330.0,206120.0,3,207470.0,205010.0,0.0,0.0,0.0,0.0,212
2023-05-10 21:09:45,sn2312,sn2312,207470.0,0.0,0.0,0.0,1,205330.0,206120.0,3,207470.0,205010.0,0.0,0.0,0.0,0.0,212
2023-05-10 21:09:46,sn2312,sn2312,207470.0,0.0,0.0,0.0,1,205330.0,206120.0,3,207470.0,205010.0,0.0,0.0,0.0,0.0,212
2023-05-10 21:09:47,sn2312,sn2312,207470.0,0.0,0.0,0.0,1,205330.0,206120.0,3,207470.0,205010.0,0.0,0.0,0.0,0.0,212
2023-05-10 21:09:48,sn2312,sn2312,207470.0,0.0,0.0,0.0,1,205340.0,206120.0,3,207470.0,205010.0,0.0,0.0,0.0,0.0,212
2023-05-10 21:09:49,sn2312,sn2312,207470.0,0.0,0.0,0.0,1,205340.0,206120.0,3,207470.0,205010.0,0.0,0.0,0.0,0.0,212
2023-05-10 21:09:50,sn2312,sn2312,207470.0,0.0,0.0,0.0,1,205340.0,206120.0,3,207470.0,205010.0,0.0,0.0,0.0,0.0,212
2023-05-10 21:09:50,sn2312,sn2312,207470.0,0.0,0.0,0.0,1,205350.0,206120.0,3,207470.0,205010.0,0.0,0.0,0.0,0.0,212
2023-05-10 21:09:51,sn2312,sn2312,207470.0,0.0,0.0,0.0,1,205350.0,206120.0,3,207470.0,205010.0,0.0,0.0,0.0,0.0,212
2023-05-10 21:09:52,sn2312,sn2312,207470.0,0.0,0.0,0.0,1,205050.0,206120.0,3,207470.0,205010.0,0.0,0.0,0.0,0.0,212
2023-05-10 21:09:52,sn2312,sn2312,207470.0,0.0,0.0,0.0,6,205070.0,206120.0,3,207470.0,205010.0,0.0,0.0,0.0,0.0,212
2023-05-10 21:09:53,sn2312,sn2312,207470.0,0.0,0.0,0.0,1,205080.0,206120.0,3,207470.0,205010.0,0.0,0.0,0.0,0.0,212
2023-05-10 21:09:53,sn2312,sn2312,207470.0,0.0,0.0,0.0,3,205100.0,206120.0,3,207470.0,205010.0,0.0,0.0,0.0,0.0,212
2023-05-10 21:09:54,sn2312,sn2312,207470.0,0.0,0.0,0.0,1,205160.0,206120.0,3,207470.0,205010.0,0.0,0.0,0.0,0.0,212
2023-05-10 21:09:54,sn2312,sn2312,207470.0,0.0,0.0,0.0,3,205180.0,206120.0,3,207470.0,205010.0,0.0,0.0,0.0,0.0,212
2023-05-10 21:09:55,sn2312,sn2312,207470.0,0.0,0.0,0.0,3,205180.0,206120.0,3,207470.0,205010.0,0.0,0.0,0.0,0.0,212
2023-05-10 21:09:58,sn2312,sn2312,207470.0,0.0,0.0,0.0,1,205190.0,206120.0,3,207470.0,205010.0,0.0,0.0,0.0,0.0,212
2023-05-10 21:09:58,sn2312,sn2312,207470.0,0.0,0.0,0.0,1,205190.0,206120.0,3,207470.0,205010.0,0.0,0.0,0.0,0.0,212
2023-05-10 21:10:00,sn2312,sn2312,207470.0,0.0,0.0,0.0,1,205190.0,206120.0,3,207470.0,205010.0,0.0,0.0,0.0,0.0,212
2023-05-10 21:10:00,sn2312,sn2312,207470.0,0.0,0.0,0.0,1,205190.0,206120.0,3,207470.0,205010.0,0.0,0.0,0.0,0.0,212
2023-05-10 21:10:01,sn2312,sn2312,207470.0,0.0,0.0,0.0,1,205190.0,206120.0,4,207470.0,205010.0,0.0,0.0,0.0,0.0,212
2023-05-10 21:10:02,sn2312,sn2312,207470.0,0.0,0.0,0.0,1,205190.0,206110.0,1,207470.0,205010.0,0.0,0.0,0.0,0.0,212
2023-05-10 21:10:02,sn2312,sn2312,207470.0,0.0,0.0,0.0,1,205190.0,206090.0,3,207470.0,205010.0,0.0,0.0,0.0,0.0,212
2023-05-10 21:10:03,sn2312,sn2312,207470.0,0.0,0.0,0.0,1,205190.0,206090.0,3,207470.0,205010.0,0.0,0.0,0.0,0.0,212
2023-05-10 21:10:10,sn2312,sn2312,207470.0,0.0,0.0,0.0,1,205190.0,206080.0,2,207470.0,205010.0,0.0,0.0,0.0,0.0,212
2023-05-10 21:10:10,sn2312,sn2312,207470.0,0.0,0.0,0.0,1,205190.0,206070.0,3,207470.0,205010.0,0.0,0.0,0.0,0.0,212
2023-05-10 21:10:11,sn2312,sn2312,207470.0,0.0,0.0,0.0,1,205190.0,206070.0,3,207470.0,205010.0,0.0,0.0,0.0,0.0,212
2023-05-10 21:10:12,sn2312,sn2312,207470.0,0.0,0.0,0.0,1,205190.0,206070.0,3,207470.0,205010.0,0.0,0.0,0.0,0.0,212
2023-05-10 21:10:17,sn2312,sn2312,207470.0,0.0,0.0,0.0,1,205190.0,206070.0,3,207470.0,205010.0,0.0,0.0,0.0,0.0,212
2023-05-10 21:10:17,sn2312,sn2312,207470.0,0.0,0.0,0.0,1,205190.0,206070.0,3,207470.0,205010.0,0.0,0.0,0.0,0.0,212
2023-05-10 21:10:19,sn2312,sn2312,207470.0,0.0,0.0,0.0,1,205190.0,206070.0,3,207470.0,205010.0,0.0,0.0,0.0,0.0,212
2023-05-10 21:10:19,sn2312,sn2312,207470.0,0.0,0.0,0.0,1,205190.0,206070.0,3,207470.0,205010.0,0.0,0.0,0.0,0.0,212
2023-05-10 21:10:28,sn2312,sn2312,207470.0,0.0,0.0,0.0,1,205190.0,206070.0,3,207470.0,205010.0,0.0,0.0,0.0,0.0,212
2023-05-10 21:10:29,sn2312,sn2312,207470.0,0.0,0.0,0.0,1,205190.0,206070.0,3,207470.0,205010.0,0.0,0.0,0.0,0.0,212
2023-05-10 21:10:31,sn2312,sn2312,207470.0,0.0,0.0,0.0,3,205210.0,206070.0,3,207470.0,205010.0,0.0,0.0,0.0,0.0,212
2023-05-10 21:10:31,sn2312,sn2312,207470.0,0.0,0.0,0.0,3,205210.0,206070.0,3,207470.0,205010.0,0.0,0.0,0.0,0.0,212
2023-05-10 21:10:33,sn2312,sn2312,207470.0,0.0,0.0,0.0,3,205210.0,206080.0,2,207470.0,205010.0,0.0,0.0,0.0,0.0,212
2023-05-10 21:10:33,sn2312,sn2312,207470.0,0.0,0.0,0.0,1,205220.0,206080.0,2,207470.0,205010.0,0.0,0.0,0.0,0.0,212
2023-05-10 21:10:34,sn2312,sn2312,207470.0,0.0,0.0,0.0,1,205270.0,206310.0,1,207470.0,205010.0,0.0,0.0,0.0,0.0,212
2023-05-10 21:10:34,sn2312,sn2312,207470.0,0.0,0.0,0.0,3,205290.0,206290.0,3,207470.0,205010.0,0.0,0.0,0.0,0.0,212
2023-05-10 21:10:35,sn2312,sn2312,207470.0,0.0,0.0,0.0,3,205290.0,206290.0,3,207470.0,205010.0,0.0,0.0,0.0,0.0,212
2023-05-10 21:10:36,sn2312,sn2312,207470.0,0.0,0.0,0.0,3,205290.0,206290.0,3,207470.0,205010.0,0.0,0.0,0.0,0.0,212
2023-05-10 21:10:37,sn2312,sn2312,207470.0,0.0,0.0,0.0,3,205290.0,206290.0,3,207470.0,205010.0,0.0,0.0,0.0,0.0,212
2023-05-10 21:10:37,sn2312,sn2312,207470.0,0.0,0.0,0.0,3,205290.0,206290.0,3,207470.0,205010.0,0.0,0.0,0.0,0.0,212
2023-05-10 21:10:38,sn2312,sn2312,207470.0,0.0,0.0,0.0,1,205330.0,206290.0,3,207470.0,205010.0,0.0,0.0,0.0,0.0,212
2023-05-10 21:10:38,sn2312,sn2312,207470.0,0.0,0.0,0.0,3,205350.0,206290.0,3,207470.0,205010.0,0.0,0.0,0.0,0.0,212
2023-05-10 21:10:39,sn2312,sn2312,207470.0,0.0,0.0,0.0,3,205350.0,206290.0,3,207470.0,205010.0,0.0,0.0,0.0,0.0,212
2023-05-10 21:10:40,sn2312,sn2312,207470.0,0.0,0.0,0.0,3,205350.0,206290.0,3,207470.0,205010.0,0.0,0.0,0.0,0.0,212
2023-05-10 21:10:40,sn2312,sn2312,207470.0,0.0,0.0,0.0,1,205400.0,206290.0,3,207470.0,205010.0,0.0,0.0,0.0,0.0,212
2023-05-10 21:10:41,sn2312,sn2312,207470.0,0.0,0.0,0.0,1,205400.0,206290.0,3,207470.0,205010.0,0.0,0.0,0.0,0.0,212
2023-05-10 21:10:41,sn2312,sn2312,207470.0,0.0,0.0,0.0,1,204860.0,206290.0,3,207470.0,205010.0,0.0,0.0,0.0,0.0,212
2023-05-10 21:10:42,sn2312,sn2312,207470.0,0.0,0.0,0.0,1,205450.0,206290.0,3,207470.0,205010.0,0.0,0.0,0.0,0.0,212
2023-05-10 21:10:43,sn2312,sn2312,207470.0,0.0,0.0,0.0,1,205450.0,206310.0,1,207470.0,205010.0,0.0,0.0,0.0,0.0,212
2023-05-10 21:10:43,sn2312,sn2312,207470.0,0.0,0.0,0.0,3,205470.0,206310.0,1,207470.0,205010.0,0.0,0.0,0.0,0.0,212
2023-05-10 21:10:44,sn2312,sn2312,207470.0,0.0,0.0,0.0,3,205470.0,206310.0,1,207470.0,205010.0,0.0,0.0,0.0,0.0,212
2023-05-10 21:10:45,sn2312,sn2312,207470.0,0.0,0.0,0.0,1,205480.0,206310.0,1,207470.0,205010.0,0.0,0.0,0.0,0.0,212
2023-05-10 21:10:46,sn2312,sn2312,207470.0,0.0,0.0,0.0,1,204860.0,206310.0,1,207470.0,205010.0,0.0,0.0,0.0,0.0,212
2023-05-10 21:10:47,sn2312,sn2312,207470.0,0.0,0.0,0.0,1,205510.0,206310.0,1,207470.0,205010.0,0.0,0.0,0.0,0.0,212
2023-05-10 21:10:47,sn2312,sn2312,207470.0,0.0,0.0,0.0,1,205510.0,206310.0,1,207470.0,205010.0,0.0,0.0,0.0,0.0,212
2023-05-10 21:10:48,sn2312,sn2312,207470.0,0.0,0.0,0.0,1,205510.0,206310.0,1,207470.0,205010.0,0.0,0.0,0.0,0.0,212
2023-05-10 21:10:49,sn2312,sn2312,207470.0,0.0,0.0,0.0,1,205510.0,206310.0,1,207470.0,205010.0,0.0,0.0,0.0,0.0,212
2023-05-10 21:10:51,sn2312,sn2312,207470.0,0.0,0.0,0.0,1,205510.0,206300.0,2,207470.0,205010.0,0.0,0.0,0.0,0.0,212
2023-05-10 21:10:55,sn2312,sn2312,207470.0,0.0,0.0,0.0,1,205510.0,206300.0,2,207470.0,205010.0,0.0,0.0,0.0,0.0,212
2023-05-10 21:10:55,sn2312,sn2312,207470.0,0.0,0.0,0.0,1,205510.0,206300.0,2,207470.0,205010.0,0.0,0.0,0.0,0.0,212
2023-05-10 21:10:56,sn2312,sn2312,207470.0,0.0,0.0,0.0,1,205510.0,206280.0,3,207470.0,205010.0,0.0,0.0,0.0,0.0,212
2023-05-10 21:10:57,sn2312,sn2312,207470.0,0.0,0.0,0.0,1,205510.0,206280.0,3,207470.0,205010.0,0.0,0.0,0.0,0.0,212
2023-05-10 21:10:57,sn2312,sn2312,207470.0,0.0,0.0,0.0,1,204860.0,206280.0,3,207470.0,205010.0,0.0,0.0,0.0,0.0,212
2023-05-10 21:10:58,sn2312,sn2312,207470.0,0.0,0.0,0.0,9,204880.0,206280.0,3,207470.0,205010.0,0.0,0.0,0.0,0.0,212
2023-05-10 21:10:58,sn2312,sn2312,207470.0,0.0,0.0,0.0,2,204890.0,206280.0,3,207470.0,205010.0,0.0,0.0,0.0,0.0,212
2023-05-10 21:10:59,sn2312,sn2312,207470.0,0.0,0.0,0.0,9,204910.0,206280.0,3,207470.0,205010.0,0.0,0.0,0.0,0.0,212
2023-05-10 21:10:59,sn2312,sn2312,207470.0,0.0,0.0,0.0,2,204920.0,206280.0,3,207470.0,205010.0,0.0,0.0,0.0,0.0,212
2023-05-10 21:11:00,sn2312,sn2312,207470.0,0.0,0.0,0.0,1,205020.0,206280.0,3,207470.0,205010.0,0.0,0.0,0.0,0.0,212
2023-05-10 21:11:00,sn2312,sn2312,207470.0,0.0,0.0,0.0,6,205040.0,206280.0,3,207470.0,205010.0,0.0,0.0,0.0,0.0,212
2023-05-10 21:11:01,sn2312,sn2312,207470.0,0.0,0.0,0.0,1,205050.0,206280.0,3,207470.0,205010.0,0.0,0.0,0.0,0.0,212
2023-05-10 21:11:01,sn2312,sn2312,207470.0,0.0,0.0,0.0,3,205070.0,206270.0,1,207470.0,205010.0,0.0,0.0,0.0,0.0,212
2023-05-10 21:11:02,sn2312,sn2312,207470.0,0.0,0.0,0.0,1,205080.0,206250.0,3,207470.0,205010.0,0.0,0.0,0.0,0.0,212
2023-05-10 21:11:02,sn2312,sn2312,207470.0,0.0,0.0,0.0,3,205100.0,206250.0,3,207470.0,205010.0,0.0,0.0,0.0,0.0,212
2023-05-10 21:11:03,sn2312,sn2312,207470.0,0.0,0.0,0.0,1,205110.0,206240.0,1,207470.0,205010.0,0.0,0.0,0.0,0.0,212
2023-05-10 21:11:03,sn2312,sn2312,207470.0,0.0,0.0,0.0,1,205110.0,206220.0,3,207470.0,205010.0,0.0,0.0,0.0,0.0,212
2023-05-10 21:11:04,sn2312,sn2312,207470.0,0.0,0.0,0.0,1,205150.0,206210.0,1,207470.0,205010.0,0.0,0.0,0.0,0.0,212
2023-05-10 21:11:04,sn2312,sn2312,207470.0,0.0,0.0,0.0,1,205150.0,206190.0,3,207470.0,205010.0,0.0,0.0,0.0,0.0,212
2023-05-10 21:11:05,sn2312,sn2312,207470.0,0.0,0.0,0.0,1,205150.0,206190.0,4,207470.0,205010.0,0.0,0.0,0.0,0.0,212
2023-05-10 21:11:05,sn2312,sn2312,207470.0,0.0,0.0,0.0,1,205150.0,206180.0,1,207470.0,205010.0,0.0,0.0,0.0,0.0,212
2023-05-10 21:11:06,sn2312,sn2312,207470.0,0.0,0.0,0.0,1,205150.0,206160.0,3,207470.0,205010.0,0.0,0.0,0.0,0.0,212
2023-05-10 21:11:06,sn2312,sn2312,207470.0,0.0,0.0,0.0,1,205150.0,206160.0,3,207470.0,205010.0,0.0,0.0,0.0,0.0,212
2023-05-10 21:11:08,sn2312,sn2312,207470.0,0.0,0.0,0.0,1,205150.0,206160.0,3,207470.0,205010.0,0.0,0.0,0.0,0.0,212
2023-05-10 21:11:09,sn2312,sn2312,207470.0,0.0,0.0,0.0,1,205150.0,206160.0,3,207470.0,205010.0,0.0,0.0,0.0,0.0,212
2023-05-10 21:11:09,sn2312,sn2312,207470.0,0.0,0.0,0.0,1,205150.0,206160.0,3,207470.0,205010.0,0.0,0.0,0.0,0.0,212
2023-05-10 21:11:10,sn2312,sn2312,207470.0,0.0,0.0,0.0,1,205150.0,206160.0,3,207470.0,205010.0,0.0,0.0,0.0,0.0,212
2023-05-10 21:11:11,sn2312,sn2312,207470.0,0.0,0.0,0.0,1,205150.0,206160.0,3,207470.0,205010.0,0.0,0.0,0.0,0.0,212
2023-05-10 21:11:13,sn2312,sn2312,207470.0,0.0,0.0,0.0,1,205150.0,205960.0,1,207470.0,205010.0,0.0,0.0,0.0,0.0,212
2023-05-10 21:11:14,sn2312,sn2312,207470.0,0.0,0.0,0.0,1,205150.0,205960.0,1,207470.0,205010.0,0.0,0.0,0.0,0.0,212
2023-05-10 21:11:14,sn2312,sn2312,207470.0,0.0,0.0,0.0,1,205150.0,205960.0,1,207470.0,205010.0,0.0,0.0,0.0,0.0,212
2023-05-10 21:11:16,sn2312,sn2312,207470.0,0.0,0.0,0.0,1,205150.0,205960.0,1,207470.0,205010.0,0.0,0.0,0.0,0.0,212
2023-05-10 21:11:16,sn2312,sn2312,207470.0,0.0,0.0,0.0,1,205150.0,205960.0,1,207470.0,205010.0,0.0,0.0,0.0,0.0,212
2023-05-10 21:11:18,sn2312,sn2312,207470.0,0.0,0.0,0.0,1,205150.0,205940.0,3,207470.0,205010.0,0.0,0.0,0.0,0.0,212
2023-05-10 21:11:18,sn2312,sn2312,207470.0,0.0,0.0,0.0,1,205150.0,205940.0,3,207470.0,205010.0,0.0,0.0,0.0,0.0,212
2023-05-10 21:11:19,sn2312,sn2312,207470.0,0.0,0.0,0.0,1,205150.0,205940.0,3,207470.0,205010.0,0.0,0.0,0.0,0.0,212
2023-05-10 21:11:24,sn2312,sn2312,207470.0,0.0,0.0,0.0,1,205150.0,205940.0,3,207470.0,205010.0,0.0,0.0,0.0,0.0,212
2023-05-10 21:11:24,sn2312,sn2312,207470.0,0.0,0.0,0.0,1,205150.0,205940.0,3,207470.0,205010.0,0.0,0.0,0.0,0.0,212
2023-05-10 21:11:25,sn2312,sn2312,207470.0,0.0,0.0,0.0,1,205150.0,205940.0,3,207470.0,205010.0,0.0,0.0,0.0,0.0,212
2023-05-10 21:11:26,sn2312,sn2312,207470.0,0.0,0.0,0.0,1,205150.0,205940.0,3,207470.0,205010.0,0.0,0.0,0.0,0.0,212
2023-05-10 21:11:26,sn2312,sn2312,207470.0,0.0,0.0,0.0,1,205150.0,205940.0,3,207470.0,205010.0,0.0,0.0,0.0,0.0,212
2023-05-10 21:11:27,sn2312,sn2312,207470.0,0.0,0.0,0.0,1,205150.0,205940.0,3,207470.0,205010.0,0.0,0.0,0.0,0.0,212
2023-05-10 21:11:30,sn2312,sn2312,207470.0,0.0,0.0,0.0,1,205150.0,205940.0,3,207470.0,205010.0,0.0,0.0,0.0,0.0,212
2023-05-10 21:11:31,sn2312,sn2312,207470.0,0.0,0.0,0.0,1,205150.0,205940.0,3,207470.0,205010.0,0.0,0.0,0.0,0.0,212
2023-05-10 21:11:33,sn2312,sn2312,207470.0,0.0,0.0,0.0,1,205150.0,205940.0,3,207470.0,205010.0,0.0,0.0,0.0,0.0,212
2023-05-10 21:11:33,sn2312,sn2312,207470.0,0.0,0.0,0.0,1,205150.0,205930.0,2,207470.0,205010.0,0.0,0.0,0.0,0.0,212
2023-05-10 21:11:37,sn2312,sn2312,207470.0,0.0,0.0,0.0,1,205150.0,205930.0,2,207470.0,205010.0,0.0,0.0,0.0,0.0,212
2023-05-10 21:11:38,sn2312,sn2312,207470.0,0.0,0.0,0.0,1,205150.0,205930.0,2,207470.0,205010.0,0.0,0.0,0.0,0.0,212
2023-05-10 21:11:40,sn2312,sn2312,207470.0,0.0,0.0,0.0,1,205150.0,205930.0,2,207470.0,205010.0,0.0,0.0,0.0,0.0,212
2023-05-10 21:11:41,sn2312,sn2312,207470.0,0.0,0.0,0.0,1,205150.0,205930.0,2,207470.0,205010.0,0.0,0.0,0.0,0.0,212
2023-05-10 21:11:44,sn2312,sn2312,207470.0,0.0,0.0,0.0,1,205150.0,205930.0,2,207470.0,205010.0,0.0,0.0,0.0,0.0,212
2023-05-10 21:11:44,sn2312,sn2312,207470.0,0.0,0.0,0.0,1,205150.0,205930.0,2,207470.0,205010.0,0.0,0.0,0.0,0.0,212
2023-05-10 21:11:48,sn2312,sn2312,207470.0,0.0,0.0,0.0,1,205150.0,205930.0,2,207470.0,205010.0,0.0,0.0,0.0,0.0,212
2023-05-10 21:11:49,sn2312,sn2312,207470.0,0.0,0.0,0.0,1,205150.0,205930.0,2,207470.0,205010.0,0.0,0.0,0.0,0.0,212
