time,symbol_id,symbol_name,last,trade_volume,trade_amount,open_interest_change,bv1,bp1,ap1,av1,yesterday_close,today_open,today_high,today_low,volume,amount,open_interest
2023-05-10 20:59:00,sn2310,sn2310,207740.0,0.0,0.0,0.0,1,203600.0,211880.0,1,207740.0,207130.0,0.0,0.0,0.0,0.0,377
2023-05-10 21:00:00,sn2310,sn2310,207740.0,0.0,0.0,0.0,1,203650.0,207190.0,1,207740.0,207130.0,0.0,0.0,0.0,0.0,377
2023-05-10 21:00:01,sn2310,sn2310,207740.0,0.0,0.0,0.0,1,204440.0,207190.0,1,207740.0,207130.0,0.0,0.0,0.0,0.0,377
2023-05-10 21:00:01,sn2310,sn2310,207740.0,0.0,0.0,0.0,1,204980.0,211880.0,1,207740.0,207130.0,0.0,0.0,0.0,0.0,377
2023-05-10 21:00:02,sn2310,sn2310,207740.0,0.0,0.0,0.0,1,205030.0,207090.0,1,207740.0,207130.0,0.0,0.0,0.0,0.0,377
2023-05-10 21:00:02,sn2310,sn2310,207740.0,0.0,0.0,0.0,1,205440.0,208380.0,1,207740.0,207130.0,0.0,0.0,0.0,0.0,377
2023-05-10 21:00:03,sn2310,sn2310,207740.0,0.0,0.0,0.0,1,206250.0,206790.0,1,207740.0,207130.0,0.0,0.0,0.0,0.0,377
2023-05-10 21:00:03,sn2310,sn2310,207740.0,0.0,0.0,0.0,1,205950.0,206690.0,1,207740.0,207130.0,0.0,0.0,0.0,0.0,377
2023-05-10 21:00:04,sn2310,sn2310,207740.0,0.0,0.0,0.0,14,205450.0,206690.0,1,207740.0,207130.0,0.0,0.0,0.0,0.0,377
2023-05-10 21:00:04,sn2310,sn2310,207740.0,0.0,0.0,0.0,1,205870.0,208210.0,1,207740.0,207130.0,0.0,0.0,0.0,0.0,377
2023-05-10 21:00:05,sn2310,sn2310,207740.0,0.0,0.0,0.0,1,205870.0,206690.0,1,207740.0,207130.0,0.0,0.0,0.0,0.0,377
2023-05-10 21:00:05,sn2310,sn2310,207740.0,0.0,0.0,0.0,2,205890.0,206670.0,7,207740.0,207130.0,0.0,0.0,0.0,0.0,377
2023-05-10 21:00:06,sn2310,sn2310,207740.0,0.0,0.0,0.0,1,205930.0,206580.0,1,207740.0,207130.0,0.0,0.0,0.0,0.0,377
2023-05-10 21:00:06,sn2310,sn2310,207740.0,0.0,0.0,0.0,14,205450.0,206460.0,1,207740.0,207130.0,0.0,0.0,0.0,0.0,377
2023-05-10 21:00:07,sn2310,sn2310,207740.0,0.0,0.0,0.0,1,205810.0,211690.0,1,207740.0,207130.0,0.0,0.0,0.0,0.0,377
2023-05-10 21:00:07,sn2310,sn2310,207740.0,0.0,0.0,0.0,3,205830.0,206990.0,1,207740.0,207130.0,0.0,0.0,0.0,0.0,377
2023-05-10 21:00:08,sn2310,sn2310,207740.0,0.0,0.0,0.0,1,205910.0,206970.0,7,207740.0,207130.0,0.0,0.0,0.0,0.0,377
2023-05-10 21:00:08,sn2310,sn2310,207740.0,0.0,0.0,0.0,5,205930.0,208210.0,1,207740.0,207130.0,0.0,0.0,0.0,0.0,377
2023-05-10 21:00:09,sn2310,sn2310,207740.0,0.0,0.0,0.0,2,206010.0,206950.0,2,207740.0,207130.0,0.0,0.0,0.0,0.0,377
2023-05-10 21:00:09,sn2310,sn2310,207740.0,0.0,0.0,0.0,12,206030.0,206950.0,2,207740.0,207130.0,0.0,0.0,0.0,0.0,377
2023-05-10 21:00:10,sn2310,sn2310,207740.0,0.0,0.0,0.0,1,206300.0,207760.0,1,207740.0,207130.0,0.0,0.0,0.0,0.0,377
2023-05-10 21:00:10,sn2310,sn2310,207740.0,0.0,0.0,0.0,5,206320.0,207270.0,1,207740.0,207130.0,0.0,0.0,0.0,0.0,377
2023-05-10 21:00:11,sn2310,sn2310,207740.0,0.0,0.0,0.0,1,206350.0,207740.0,7,207740.0,207130.0,0.0,0.0,0.0,0.0,377
2023-05-10 21:00:11,sn2310,sn2310,207740.0,0.0,0.0,0.0,12,206370.0,207490.0,1,207740.0,207130.0,0.0,0.0,0.0,0.0,377
2023-05-10 21:00:12,sn2310,sn2310,207740.0,0.0,0.0,0.0,1,206560.0,207470.0,8,207740.0,207130.0,0.0,0.0,0.0,0.0,377
2023-05-10 21:00:12,sn2310,sn2310,207740.0,0.0,0.0,0.0,5,206580.0,207470.0,8,207740.0,207130.0,0.0,0.0,0.0,0.0,377
2023-05-10 21:00:13,sn2310,sn2310,207740.0,0.0,0.0,0.0,1,206670.0,207290.0,1,207740.0,207130.0,0.0,0.0,0.0,0.0,377
2023-05-10 21:00:13,sn2310,sn2310,207740.0,0.0,0.0,0.0,7,206690.0,208210.0,1,207740.0,207130.0,0.0,0.0,0.0,0.0,377
2023-05-10 21:00:14,sn2310,sn2310,207740.0,0.0,0.0,0.0,1,206820.0,207450.0,1,207740.0,207130.0,0.0,0.0,0.0,0.0,377
2023-05-10 21:00:14,sn2310,sn2310,207740.0,0.0,0.0,0.0,3,206840.0,208190.0,7,207740.0,207130.0,0.0,0.0,0.0,0.0,377
2023-05-10 21:00:15,sn2310,sn2310,207740.0,0.0,0.0,0.0,1,206880.0,207440.0,2,207740.0,207130.0,0.0,0.0,0.0,0.0,377
2023-05-10 21:00:15,sn2310,sn2310,207740.0,0.0,0.0,0.0,2,206900.0,207430.0,1,207740.0,207130.0,0.0,0.0,0.0,0.0,377
2023-05-10 21:00:16,sn2310,sn2310,207740.0,0.0,0.0,0.0,1,206910.0,207330.0,1,207740.0,207130.0,0.0,0.0,0.0,0.0,377
2023-05-10 21:00:16,sn2310,sn2310,207740.0,0.0,0.0,0.0,2,206900.0,207330.0,1,207740.0,207130.0,0.0,0.0,0.0,0.0,377
2023-05-10 21:00:17,sn2310,sn2310,207740.0,0.0,0.0,0.0,2,206900.0,207180.0,1,207740.0,207130.0,0.0,0.0,0.0,0.0,377
2023-05-10 21:00:17,sn2310,sn2310,207740.0,0.0,0.0,0.0,2,206900.0,207440.0,2,207740.0,207130.0,0.0,0.0,0.0,0.0,377
2023-05-10 21:00:18,sn2310,sn2310,207740.0,0.0,0.0,0.0,2,206900.0,207130.0,1,207740.0,207130.0,0.0,0.0,0.0,0.0,377
2023-05-10 21:00:18,sn2310,sn2310,207130.0,1.0,207130.0,0.0,1,206910.0,207440.0,2,207740.0,207130.0,207130.0,207130.0,1.0,207130.0,377
2023-05-10 21:00:19,sn2310,sn2310,207130.0,0.0,0.0,0.0,2,206930.0,207410.0,1,207740.0,207130.0,207130.0,207130.0,1.0,207130.0,377
2023-05-10 21:00:19,sn2310,sn2310,207130.0,0.0,0.0,0.0,2,206950.0,207440.0,2,207740.0,207130.0,207130.0,207130.0,1.0,207130.0,377
2023-05-10 21:00:20,sn2310,sn2310,207130.0,0.0,0.0,0.0,1,207000.0,207320.0,1,207740.0,207130.0,207130.0,207130.0,1.0,207130.0,377
2023-05-10 21:00:20,sn2310,sn2310,207320.0,1.0,207320.0,0.0,12,207020.0,207430.0,2,207740.0,207130.0,207320.0,207130.0,2.0,414450.0,377
2023-05-10 21:00:21,sn2310,sn2310,207320.0,0.0,0.0,0.0,3,207040.0,211270.0,1,207740.0,207130.0,207320.0,207130.0,2.0,414450.0,377
2023-05-10 21:00:21,sn2310,sn2310,207320.0,0.0,0.0,0.0,1,207350.0,207820.0,1,207740.0,207130.0,207320.0,207130.0,2.0,414450.0,377
2023-05-10 21:00:22,sn2310,sn2310,207320.0,0.0,0.0,0.0,1,207390.0,207820.0,1,207740.0,207130.0,207320.0,207130.0,2.0,414450.0,377
2023-05-10 21:00:22,sn2310,sn2310,207320.0,0.0,0.0,0.0,5,207410.0,210430.0,1,207740.0,207130.0,207320.0,207130.0,2.0,414450.0,377
2023-05-10 21:00:23,sn2310,sn2310,207320.0,0.0,0.0,0.0,3,207430.0,207980.0,1,207740.0,207130.0,207320.0,207130.0,2.0,414450.0,377
2023-05-10 21:00:23,sn2310,sn2310,207320.0,0.0,0.0,0.0,2,207450.0,207980.0,1,207740.0,207130.0,207320.0,207130.0,2.0,414450.0,377
2023-05-10 21:00:24,sn2310,sn2310,207320.0,0.0,0.0,0.0,11,207030.0,207960.0,2,207740.0,207130.0,207320.0,207130.0,2.0,414450.0,377
2023-05-10 21:00:24,sn2310,sn2310,207320.0,0.0,0.0,0.0,1,207070.0,207810.0,1,207740.0,207130.0,207320.0,207130.0,2.0,414450.0,377
2023-05-10 21:00:25,sn2310,sn2310,207320.0,0.0,0.0,0.0,12,207090.0,207810.0,1,207740.0,207130.0,207320.0,207130.0,2.0,414450.0,377
2023-05-10 21:00:25,sn2310,sn2310,207320.0,0.0,0.0,0.0,1,207130.0,207810.0,1,207740.0,207130.0,207320.0,207130.0,2.0,414450.0,377
2023-05-10 21:00:26,sn2310,sn2310,207320.0,0.0,0.0,0.0,12,207150.0,207950.0,1,207740.0,207130.0,207320.0,207130.0,2.0,414450.0,377
2023-05-10 21:00:26,sn2310,sn2310,207320.0,0.0,0.0,0.0,1,207200.0,207910.0,1,207740.0,207130.0,207320.0,207130.0,2.0,414450.0,377
2023-05-10 21:00:27,sn2310,sn2310,207320.0,0.0,0.0,0.0,1,207350.0,209060.0,1,207740.0,207130.0,207320.0,207130.0,2.0,414450.0,377
2023-05-10 21:00:27,sn2310,sn2310,207320.0,0.0,0.0,0.0,12,207370.0,207980.0,1,207740.0,207130.0,207320.0,207130.0,2.0,414450.0,377
2023-05-10 21:00:28,sn2310,sn2310,207320.0,0.0,0.0,0.0,1,207530.0,208720.0,1,207740.0,207130.0,207320.0,207130.0,2.0,414450.0,377
2023-05-10 21:00:28,sn2310,sn2310,207320.0,0.0,0.0,0.0,7,207550.0,208360.0,1,207740.0,207130.0,207320.0,207130.0,2.0,414450.0,377
2023-05-10 21:00:29,sn2310,sn2310,207320.0,0.0,0.0,0.0,12,207550.0,208340.0,1,207740.0,207130.0,207320.0,207130.0,2.0,414450.0,377
2023-05-10 21:00:29,sn2310,sn2310,207320.0,0.0,0.0,0.0,1,207650.0,208720.0,1,207740.0,207130.0,207320.0,207130.0,2.0,414450.0,377
2023-05-10 21:00:30,sn2310,sn2310,207320.0,0.0,0.0,0.0,12,207670.0,208380.0,1,207740.0,207130.0,207320.0,207130.0,2.0,414450.0,377
2023-05-10 21:00:30,sn2310,sn2310,207320.0,0.0,0.0,0.0,1,207850.0,208720.0,1,207740.0,207130.0,207320.0,207130.0,2.0,414450.0,377
2023-05-10 21:00:31,sn2310,sn2310,207320.0,0.0,0.0,0.0,7,207870.0,208430.0,1,207740.0,207130.0,207320.0,207130.0,2.0,414450.0,377
2023-05-10 21:00:31,sn2310,sn2310,207320.0,0.0,0.0,0.0,1,207920.0,208430.0,1,207740.0,207130.0,207320.0,207130.0,2.0,414450.0,377
2023-05-10 21:00:32,sn2310,sn2310,207320.0,0.0,0.0,0.0,14,207940.0,208720.0,1,207740.0,207130.0,207320.0,207130.0,2.0,414450.0,377
2023-05-10 21:00:32,sn2310,sn2310,207320.0,0.0,0.0,0.0,3,207990.0,208590.0,1,207740.0,207130.0,207320.0,207130.0,2.0,414450.0,377
2023-05-10 21:00:33,sn2310,sn2310,207320.0,0.0,0.0,0.0,1,208100.0,208590.0,1,207740.0,207130.0,207320.0,207130.0,2.0,414450.0,377
2023-05-10 21:00:33,sn2310,sn2310,207320.0,0.0,0.0,0.0,5,208120.0,208560.0,1,207740.0,207130.0,207320.0,207130.0,2.0,414450.0,377
2023-05-10 21:00:34,sn2310,sn2310,207320.0,0.0,0.0,0.0,2,208130.0,209350.0,1,207740.0,207130.0,207320.0,207130.0,2.0,414450.0,377
2023-05-10 21:00:34,sn2310,sn2310,207320.0,0.0,0.0,0.0,1,208130.0,208680.0,1,207740.0,207130.0,207320.0,207130.0,2.0,414450.0,377
2023-05-10 21:00:35,sn2310,sn2310,207320.0,0.0,0.0,0.0,2,208120.0,208680.0,1,207740.0,207130.0,207320.0,207130.0,2.0,414450.0,377
2023-05-10 21:00:35,sn2310,sn2310,207320.0,0.0,0.0,0.0,1,207480.0,208630.0,1,207740.0,207130.0,207320.0,207130.0,2.0,414450.0,377
2023-05-10 21:00:36,sn2310,sn2310,207320.0,0.0,0.0,0.0,1,207720.0,208370.0,1,207740.0,207130.0,207320.0,207130.0,2.0,414450.0,377
2023-05-10 21:00:36,sn2310,sn2310,207320.0,0.0,0.0,0.0,3,207740.0,208370.0,1,207740.0,207130.0,207320.0,207130.0,2.0,414450.0,377
2023-05-10 21:00:37,sn2310,sn2310,207320.0,0.0,0.0,0.0,1,207780.0,208270.0,1,207740.0,207130.0,207320.0,207130.0,2.0,414450.0,377
2023-05-10 21:00:37,sn2310,sn2310,207320.0,0.0,0.0,0.0,3,207740.0,208210.0,1,207740.0,207130.0,207320.0,207130.0,2.0,414450.0,377
2023-05-10 21:00:38,sn2310,sn2310,207320.0,0.0,0.0,0.0,1,207750.0,208210.0,1,207740.0,207130.0,207320.0,207130.0,2.0,414450.0,377
2023-05-10 21:00:38,sn2310,sn2310,207320.0,0.0,0.0,0.0,2,207770.0,208210.0,1,207740.0,207130.0,207320.0,207130.0,2.0,414450.0,377
2023-05-10 21:00:39,sn2310,sn2310,207320.0,0.0,0.0,0.0,1,207790.0,208210.0,1,207740.0,207130.0,207320.0,207130.0,2.0,414450.0,377
2023-05-10 21:00:39,sn2310,sn2310,207320.0,0.0,0.0,0.0,2,207810.0,208210.0,1,207740.0,207130.0,207320.0,207130.0,2.0,414450.0,377
2023-05-10 21:00:40,sn2310,sn2310,207320.0,0.0,0.0,0.0,1,207850.0,208210.0,1,207740.0,207130.0,207320.0,207130.0,2.0,414450.0,377
2023-05-10 21:00:40,sn2310,sn2310,207320.0,0.0,0.0,0.0,5,207870.0,208910.0,1,207740.0,207130.0,207320.0,207130.0,2.0,414450.0,377
2023-05-10 21:00:41,sn2310,sn2310,207320.0,0.0,0.0,0.0,1,207890.0,208560.0,1,207740.0,207130.0,207320.0,207130.0,2.0,414450.0,377
2023-05-10 21:00:41,sn2310,sn2310,207320.0,0.0,0.0,0.0,1,207890.0,208560.0,2,207740.0,207130.0,207320.0,207130.0,2.0,414450.0,377
2023-05-10 21:00:42,sn2310,sn2310,207320.0,0.0,0.0,0.0,5,207500.0,208540.0,7,207740.0,207130.0,207320.0,207130.0,2.0,414450.0,377
2023-05-10 21:00:42,sn2310,sn2310,207320.0,0.0,0.0,0.0,1,207540.0,208260.0,1,207740.0,207130.0,207320.0,207130.0,2.0,414450.0,377
2023-05-10 21:00:43,sn2310,sn2310,207320.0,0.0,0.0,0.0,5,207560.0,208260.0,1,207740.0,207130.0,207320.0,207130.0,2.0,414450.0,377
2023-05-10 21:00:43,sn2310,sn2310,207320.0,0.0,0.0,0.0,1,207680.0,208260.0,1,207740.0,207130.0,207320.0,207130.0,2.0,414450.0,377
2023-05-10 21:00:44,sn2310,sn2310,207320.0,0.0,0.0,0.0,5,207560.0,208140.0,1,207740.0,207130.0,207320.0,207130.0,2.0,414450.0,377
2023-05-10 21:00:44,sn2310,sn2310,207320.0,0.0,0.0,0.0,1,207600.0,207890.0,1,207740.0,207130.0,207320.0,207130.0,2.0,414450.0,377
2023-05-10 21:00:45,sn2310,sn2310,207890.0,1.0,207890.0,0.0,7,207620.0,208030.0,1,207740.0,207130.0,207890.0,207130.0,3.0,622340.0,377
2023-05-10 21:00:45,sn2310,sn2310,207890.0,0.0,0.0,0.0,1,207710.0,208910.0,1,207740.0,207130.0,207890.0,207130.0,3.0,622340.0,377
2023-05-10 21:00:46,sn2310,sn2310,207890.0,0.0,0.0,0.0,7,207730.0,208440.0,1,207740.0,207130.0,207890.0,207130.0,3.0,622340.0,377
2023-05-10 21:00:46,sn2310,sn2310,207890.0,0.0,0.0,0.0,1,207830.0,208440.0,1,207740.0,207130.0,207890.0,207130.0,3.0,622340.0,377
2023-05-10 21:00:47,sn2310,sn2310,207890.0,0.0,0.0,0.0,1,207830.0,208440.0,1,207740.0,207130.0,207890.0,207130.0,3.0,622340.0,377
2023-05-10 21:00:47,sn2310,sn2310,207890.0,0.0,0.0,0.0,4,207730.0,208440.0,1,207740.0,207130.0,207890.0,207130.0,3.0,622340.0,377
2023-05-10 21:00:48,sn2310,sn2310,207890.0,0.0,0.0,0.0,1,207850.0,208310.0,1,207740.0,207130.0,207890.0,207130.0,3.0,622340.0,377
2023-05-10 21:00:48,sn2310,sn2310,207890.0,0.0,0.0,0.0,1,207850.0,208290.0,1,207740.0,207130.0,207890.0,207130.0,3.0,622340.0,377
2023-05-10 21:00:49,sn2310,sn2310,207890.0,0.0,0.0,0.0,1,207850.0,208270.0,2,207740.0,207130.0,207890.0,207130.0,3.0,622340.0,377
2023-05-10 21:00:49,sn2310,sn2310,207890.0,0.0,0.0,0.0,1,207850.0,208180.0,1,207740.0,207130.0,207890.0,207130.0,3.0,622340.0,377
2023-05-10 21:00:50,sn2310,sn2310,207890.0,0.0,0.0,0.0,1,207850.0,208180.0,2,207740.0,207130.0,207890.0,207130.0,3.0,622340.0,377
2023-05-10 21:00:50,sn2310,sn2310,207850.0,1.0,207850.0,1.0,1,207550.0,208110.0,1,207740.0,207130.0,207890.0,207130.0,4.0,830190.0,378
2023-05-10 21:00:51,sn2310,sn2310,207850.0,0.0,0.0,0.0,1,207340.0,207970.0,1,207740.0,207130.0,207890.0,207130.0,4.0,830190.0,378
2023-05-10 21:00:51,sn2310,sn2310,207850.0,0.0,0.0,0.0,2,207570.0,207900.0,1,207740.0,207130.0,207890.0,207130.0,4.0,830190.0,378
2023-05-10 21:00:52,sn2310,sn2310,207850.0,0.0,0.0,0.0,2,207590.0,207900.0,1,207740.0,207130.0,207890.0,207130.0,4.0,830190.0,378
2023-05-10 21:00:52,sn2310,sn2310,207850.0,0.0,0.0,0.0,1,207630.0,207900.0,1,207740.0,207130.0,207890.0,207130.0,4.0,830190.0,378
2023-05-10 21:00:53,sn2310,sn2310,207850.0,0.0,0.0,0.0,1,207630.0,207900.0,1,207740.0,207130.0,207890.0,207130.0,4.0,830190.0,378
2023-05-10 21:00:53,sn2310,sn2310,207850.0,0.0,0.0,0.0,1,207350.0,207900.0,1,207740.0,207130.0,207890.0,207130.0,4.0,830190.0,378
2023-05-10 21:00:54,sn2310,sn2310,207850.0,0.0,0.0,0.0,1,207390.0,207830.0,1,207740.0,207130.0,207890.0,207130.0,4.0,830190.0,378
2023-05-10 21:00:54,sn2310,sn2310,207850.0,0.0,0.0,0.0,7,207410.0,207830.0,1,207740.0,207130.0,207890.0,207130.0,4.0,830190.0,378
2023-05-10 21:00:55,sn2310,sn2310,207850.0,0.0,0.0,0.0,1,207450.0,207830.0,1,207740.0,207130.0,207890.0,207130.0,4.0,830190.0,378
2023-05-10 21:00:55,sn2310,sn2310,207850.0,0.0,0.0,0.0,7,207470.0,207830.0,1,207740.0,207130.0,207890.0,207130.0,4.0,830190.0,378
2023-05-10 21:00:56,sn2310,sn2310,207850.0,0.0,0.0,0.0,1,207510.0,207830.0,1,207740.0,207130.0,207890.0,207130.0,4.0,830190.0,378
2023-05-10 21:00:56,sn2310,sn2310,207830.0,1.0,207830.0,-1.0,1,207830.0,211260.0,2,207740.0,207130.0,207890.0,207130.0,5.0,1038020.0,377
2023-05-10 21:00:57,sn2310,sn2310,207830.0,0.0,0.0,0.0,2,207840.0,208380.0,1,207740.0,207130.0,207890.0,207130.0,5.0,1038020.0,377
2023-05-10 21:00:57,sn2310,sn2310,207830.0,0.0,0.0,0.0,1,207850.0,208380.0,1,207740.0,207130.0,207890.0,207130.0,5.0,1038020.0,377
2023-05-10 21:00:58,sn2310,sn2310,207830.0,0.0,0.0,0.0,1,207550.0,208280.0,1,207740.0,207130.0,207890.0,207130.0,5.0,1038020.0,377
2023-05-10 21:00:58,sn2310,sn2310,207830.0,0.0,0.0,0.0,1,207590.0,208220.0,1,207740.0,207130.0,207890.0,207130.0,5.0,1038020.0,377
2023-05-10 21:00:59,sn2310,sn2310,207830.0,0.0,0.0,0.0,2,207610.0,208220.0,1,207740.0,207130.0,207890.0,207130.0,5.0,1038020.0,377
2023-05-10 21:00:59,sn2310,sn2310,207830.0,0.0,0.0,0.0,1,207650.0,208220.0,1,207740.0,207130.0,207890.0,207130.0,5.0,1038020.0,377
2023-05-10 21:01:00,sn2310,sn2310,207830.0,0.0,0.0,0.0,1,207670.0,208220.0,1,207740.0,207130.0,207890.0,207130.0,5.0,1038020.0,377
2023-05-10 21:01:00,sn2310,sn2310,207830.0,0.0,0.0,0.0,1,207710.0,208210.0,1,207740.0,207130.0,207890.0,207130.0,5.0,1038020.0,377
2023-05-10 21:01:01,sn2310,sn2310,207830.0,0.0,0.0,0.0,2,207730.0,208160.0,1,207740.0,207130.0,207890.0,207130.0,5.0,1038020.0,377
2023-05-10 21:01:01,sn2310,sn2310,207830.0,0.0,0.0,0.0,2,207740.0,208160.0,1,207740.0,207130.0,207890.0,207130.0,5.0,1038020.0,377
2023-05-10 21:01:02,sn2310,sn2310,207830.0,0.0,0.0,0.0,4,207760.0,208760.0,1,207740.0,207130.0,207890.0,207130.0,5.0,1038020.0,377
2023-05-10 21:01:02,sn2310,sn2310,207830.0,0.0,0.0,0.0,1,207800.0,208330.0,1,207740.0,207130.0,207890.0,207130.0,5.0,1038020.0,377
2023-05-10 21:01:03,sn2310,sn2310,207830.0,0.0,0.0,0.0,2,207760.0,208330.0,1,207740.0,207130.0,207890.0,207130.0,5.0,1038020.0,377
2023-05-10 21:01:03,sn2310,sn2310,207830.0,0.0,0.0,0.0,1,207760.0,208270.0,1,207740.0,207130.0,207890.0,207130.0,5.0,1038020.0,377
2023-05-10 21:01:04,sn2310,sn2310,207830.0,0.0,0.0,0.0,1,207070.0,208070.0,1,207740.0,207130.0,207890.0,207130.0,5.0,1038020.0,377
2023-05-10 21:01:04,sn2310,sn2310,207830.0,0.0,0.0,0.0,1,207510.0,208070.0,1,207740.0,207130.0,207890.0,207130.0,5.0,1038020.0,377
2023-05-10 21:01:05,sn2310,sn2310,207830.0,0.0,0.0,0.0,6,207530.0,208230.0,1,207740.0,207130.0,207890.0,207130.0,5.0,1038020.0,377
2023-05-10 21:01:05,sn2310,sn2310,207830.0,0.0,0.0,0.0,5,207550.0,208200.0,1,207740.0,207130.0,207890.0,207130.0,5.0,1038020.0,377
2023-05-10 21:01:06,sn2310,sn2310,207830.0,0.0,0.0,0.0,1,207650.0,208120.0,1,207740.0,207130.0,207890.0,207130.0,5.0,1038020.0,377
2023-05-10 21:01:06,sn2310,sn2310,207830.0,0.0,0.0,0.0,6,207670.0,208120.0,1,207740.0,207130.0,207890.0,207130.0,5.0,1038020.0,377
2023-05-10 21:01:07,sn2310,sn2310,207830.0,0.0,0.0,0.0,1,207710.0,208120.0,1,207740.0,207130.0,207890.0,207130.0,5.0,1038020.0,377
2023-05-10 21:01:07,sn2310,sn2310,207830.0,0.0,0.0,0.0,2,207730.0,208120.0,1,207740.0,207130.0,207890.0,207130.0,5.0,1038020.0,377
2023-05-10 21:01:08,sn2310,sn2310,207830.0,0.0,0.0,0.0,1,207770.0,208120.0,1,207740.0,207130.0,207890.0,207130.0,5.0,1038020.0,377
2023-05-10 21:01:08,sn2310,sn2310,207830.0,0.0,0.0,0.0,4,207790.0,208100.0,1,207740.0,207130.0,207890.0,207130.0,5.0,1038020.0,377
2023-05-10 21:01:09,sn2310,sn2310,207830.0,0.0,0.0,0.0,4,207790.0,208380.0,1,207740.0,207130.0,207890.0,207130.0,5.0,1038020.0,377
2023-05-10 21:01:09,sn2310,sn2310,207830.0,0.0,0.0,0.0,1,207830.0,208350.0,1,207740.0,207130.0,207890.0,207130.0,5.0,1038020.0,377
2023-05-10 21:01:10,sn2310,sn2310,207830.0,0.0,0.0,0.0,1,207850.0,208350.0,1,207740.0,207130.0,207890.0,207130.0,5.0,1038020.0,377
2023-05-10 21:01:10,sn2310,sn2310,207830.0,0.0,0.0,0.0,1,207870.0,208330.0,1,207740.0,207130.0,207890.0,207130.0,5.0,1038020.0,377
2023-05-10 21:01:11,sn2310,sn2310,207830.0,0.0,0.0,0.0,1,207880.0,208330.0,2,207740.0,207130.0,207890.0,207130.0,5.0,1038020.0,377
2023-05-10 21:01:11,sn2310,sn2310,207830.0,0.0,0.0,0.0,1,207880.0,208330.0,2,207740.0,207130.0,207890.0,207130.0,5.0,1038020.0,377
2023-05-10 21:01:12,sn2310,sn2310,207830.0,0.0,0.0,0.0,1,207890.0,208310.0,1,207740.0,207130.0,207890.0,207130.0,5.0,1038020.0,377
2023-05-10 21:01:13,sn2310,sn2310,207830.0,0.0,0.0,0.0,1,207910.0,208250.0,1,207740.0,207130.0,207890.0,207130.0,5.0,1038020.0,377
2023-05-10 21:01:13,sn2310,sn2310,207830.0,0.0,0.0,0.0,1,207920.0,208250.0,1,207740.0,207130.0,207890.0,207130.0,5.0,1038020.0,377
2023-05-10 21:01:14,sn2310,sn2310,207830.0,0.0,0.0,0.0,1,207920.0,209120.0,1,207740.0,207130.0,207890.0,207130.0,5.0,1038020.0,377
2023-05-10 21:01:14,sn2310,sn2310,207830.0,0.0,0.0,0.0,1,207940.0,208350.0,1,207740.0,207130.0,207890.0,207130.0,5.0,1038020.0,377
2023-05-10 21:01:15,sn2310,sn2310,207830.0,0.0,0.0,0.0,1,207940.0,208350.0,1,207740.0,207130.0,207890.0,207130.0,5.0,1038020.0,377
2023-05-10 21:01:15,sn2310,sn2310,207830.0,0.0,0.0,0.0,1,207940.0,208340.0,1,207740.0,207130.0,207890.0,207130.0,5.0,1038020.0,377
2023-05-10 21:01:16,sn2310,sn2310,207830.0,0.0,0.0,0.0,1,207940.0,208330.0,1,207740.0,207130.0,207890.0,207130.0,5.0,1038020.0,377
2023-05-10 21:01:16,sn2310,sn2310,207830.0,0.0,0.0,0.0,1,207940.0,208330.0,1,207740.0,207130.0,207890.0,207130.0,5.0,1038020.0,377
2023-05-10 21:01:17,sn2310,sn2310,207830.0,0.0,0.0,0.0,1,207940.0,208310.0,1,207740.0,207130.0,207890.0,207130.0,5.0,1038020.0,377
2023-05-10 21:01:17,sn2310,sn2310,207830.0,0.0,0.0,0.0,1,207950.0,208890.0,1,207740.0,207130.0,207890.0,207130.0,5.0,1038020.0,377
2023-05-10 21:01:18,sn2310,sn2310,207830.0,0.0,0.0,0.0,1,207970.0,208350.0,1,207740.0,207130.0,207890.0,207130.0,5.0,1038020.0,377
2023-05-10 21:01:18,sn2310,sn2310,207830.0,0.0,0.0,0.0,1,207970.0,208350.0,1,207740.0,207130.0,207890.0,207130.0,5.0,1038020.0,377
2023-05-10 21:01:19,sn2310,sn2310,207830.0,0.0,0.0,0.0,1,207970.0,208350.0,1,207740.0,207130.0,207890.0,207130.0,5.0,1038020.0,377
2023-05-10 21:01:19,sn2310,sn2310,207830.0,0.0,0.0,0.0,1,207970.0,208330.0,1,207740.0,207130.0,207890.0,207130.0,5.0,1038020.0,377
2023-05-10 21:01:20,sn2310,sn2310,207830.0,0.0,0.0,0.0,11,207030.0,208310.0,1,207740.0,207130.0,207890.0,207130.0,5.0,1038020.0,377
2023-05-10 21:01:20,sn2310,sn2310,207830.0,0.0,0.0,0.0,1,207600.0,208290.0,1,207740.0,207130.0,207890.0,207130.0,5.0,1038020.0,377
2023-05-10 21:01:21,sn2310,sn2310,207830.0,0.0,0.0,0.0,4,207620.0,208200.0,1,207740.0,207130.0,207890.0,207130.0,5.0,1038020.0,377
2023-05-10 21:01:21,sn2310,sn2310,207830.0,0.0,0.0,0.0,3,207640.0,208200.0,1,207740.0,207130.0,207890.0,207130.0,5.0,1038020.0,377
2023-05-10 21:01:22,sn2310,sn2310,207830.0,0.0,0.0,0.0,4,207660.0,208200.0,1,207740.0,207130.0,207890.0,207130.0,5.0,1038020.0,377
2023-05-10 21:01:22,sn2310,sn2310,207830.0,0.0,0.0,0.0,1,207730.0,208200.0,1,207740.0,207130.0,207890.0,207130.0,5.0,1038020.0,377
2023-05-10 21:01:23,sn2310,sn2310,207830.0,0.0,0.0,0.0,1,207760.0,208200.0,1,207740.0,207130.0,207890.0,207130.0,5.0,1038020.0,377
2023-05-10 21:01:23,sn2310,sn2310,207830.0,0.0,0.0,0.0,1,207800.0,208200.0,1,207740.0,207130.0,207890.0,207130.0,5.0,1038020.0,377
2023-05-10 21:01:24,sn2310,sn2310,207830.0,0.0,0.0,0.0,4,207820.0,208200.0,1,207740.0,207130.0,207890.0,207130.0,5.0,1038020.0,377
2023-05-10 21:01:24,sn2310,sn2310,207830.0,0.0,0.0,0.0,1,207860.0,208200.0,1,207740.0,207130.0,207890.0,207130.0,5.0,1038020.0,377
2023-05-10 21:01:25,sn2310,sn2310,207830.0,0.0,0.0,0.0,1,207860.0,208200.0,1,207740.0,207130.0,207890.0,207130.0,5.0,1038020.0,377
2023-05-10 21:01:25,sn2310,sn2310,207830.0,0.0,0.0,0.0,1,207820.0,208200.0,1,207740.0,207130.0,207890.0,207130.0,5.0,1038020.0,377
2023-05-10 21:01:26,sn2310,sn2310,207830.0,0.0,0.0,0.0,1,207880.0,208200.0,1,207740.0,207130.0,207890.0,207130.0,5.0,1038020.0,377
2023-05-10 21:01:26,sn2310,sn2310,207830.0,0.0,0.0,0.0,1,207890.0,208200.0,1,207740.0,207130.0,207890.0,207130.0,5.0,1038020.0,377
2023-05-10 21:01:27,sn2310,sn2310,207830.0,0.0,0.0,0.0,1,207910.0,208200.0,1,207740.0,207130.0,207890.0,207130.0,5.0,1038020.0,377
2023-05-10 21:01:27,sn2310,sn2310,207830.0,0.0,0.0,0.0,1,207920.0,208200.0,1,207740.0,207130.0,207890.0,207130.0,5.0,1038020.0,377
2023-05-10 21:01:28,sn2310,sn2310,207830.0,0.0,0.0,0.0,1,207940.0,208200.0,1,207740.0,207130.0,207890.0,207130.0,5.0,1038020.0,377
2023-05-10 21:01:28,sn2310,sn2310,207830.0,0.0,0.0,0.0,5,207680.0,208200.0,1,207740.0,207130.0,207890.0,207130.0,5.0,1038020.0,377
2023-05-10 21:01:29,sn2310,sn2310,207830.0,0.0,0.0,0.0,1,207720.0,208200.0,1,207740.0,207130.0,207890.0,207130.0,5.0,1038020.0,377
2023-05-10 21:01:29,sn2310,sn2310,207830.0,0.0,0.0,0.0,2,207740.0,208190.0,1,207740.0,207130.0,207890.0,207130.0,5.0,1038020.0,377
2023-05-10 21:01:30,sn2310,sn2310,207830.0,0.0,0.0,0.0,1,207780.0,209120.0,1,207740.0,207130.0,207890.0,207130.0,5.0,1038020.0,377
2023-05-10 21:01:30,sn2310,sn2310,207830.0,0.0,0.0,0.0,2,207800.0,208280.0,1,207740.0,207130.0,207890.0,207130.0,5.0,1038020.0,377
2023-05-10 21:01:31,sn2310,sn2310,207830.0,0.0,0.0,0.0,1,207820.0,208280.0,1,207740.0,207130.0,207890.0,207130.0,5.0,1038020.0,377
2023-05-10 21:01:31,sn2310,sn2310,207830.0,0.0,0.0,0.0,1,207840.0,208250.0,1,207740.0,207130.0,207890.0,207130.0,5.0,1038020.0,377
2023-05-10 21:01:32,sn2310,sn2310,207830.0,0.0,0.0,0.0,1,207840.0,208250.0,1,207740.0,207130.0,207890.0,207130.0,5.0,1038020.0,377
2023-05-10 21:01:32,sn2310,sn2310,207830.0,0.0,0.0,0.0,1,207840.0,208250.0,1,207740.0,207130.0,207890.0,207130.0,5.0,1038020.0,377
2023-05-10 21:01:33,sn2310,sn2310,207830.0,0.0,0.0,0.0,1,207840.0,208240.0,1,207740.0,207130.0,207890.0,207130.0,5.0,1038020.0,377
2023-05-10 21:01:33,sn2310,sn2310,207830.0,0.0,0.0,0.0,1,207840.0,208240.0,1,207740.0,207130.0,207890.0,207130.0,5.0,1038020.0,377
2023-05-10 21:01:34,sn2310,sn2310,207830.0,0.0,0.0,0.0,1,207860.0,208220.0,1,207740.0,207130.0,207890.0,207130.0,5.0,1038020.0,377
2023-05-10 21:01:34,sn2310,sn2310,207830.0,0.0,0.0,0.0,1,207840.0,208320.0,1,207740.0,207130.0,207890.0,207130.0,5.0,1038020.0,377
2023-05-10 21:01:35,sn2310,sn2310,207830.0,0.0,0.0,0.0,1,207880.0,208210.0,2,207740.0,207130.0,207890.0,207130.0,5.0,1038020.0,377
2023-05-10 21:01:35,sn2310,sn2310,207830.0,0.0,0.0,0.0,1,207880.0,208210.0,1,207740.0,207130.0,207890.0,207130.0,5.0,1038020.0,377
2023-05-10 21:01:36,sn2310,sn2310,207830.0,0.0,0.0,0.0,1,207880.0,208280.0,1,207740.0,207130.0,207890.0,207130.0,5.0,1038020.0,377
2023-05-10 21:01:36,sn2310,sn2310,207830.0,0.0,0.0,0.0,1,207880.0,208200.0,1,207740.0,207130.0,207890.0,207130.0,5.0,1038020.0,377
2023-05-10 21:01:37,sn2310,sn2310,207830.0,0.0,0.0,0.0,1,207880.0,208200.0,2,207740.0,207130.0,207890.0,207130.0,5.0,1038020.0,377
2023-05-10 21:01:37,sn2310,sn2310,207830.0,0.0,0.0,0.0,1,207890.0,208200.0,1,207740.0,207130.0,207890.0,207130.0,5.0,1038020.0,377
2023-05-10 21:01:38,sn2310,sn2310,207830.0,0.0,0.0,0.0,1,207910.0,208860.0,1,207740.0,207130.0,207890.0,207130.0,5.0,1038020.0,377
2023-05-10 21:01:38,sn2310,sn2310,207830.0,0.0,0.0,0.0,1,207910.0,208350.0,2,207740.0,207130.0,207890.0,207130.0,5.0,1038020.0,377
2023-05-10 21:01:39,sn2310,sn2310,207830.0,0.0,0.0,0.0,1,207910.0,208350.0,2,207740.0,207130.0,207890.0,207130.0,5.0,1038020.0,377
2023-05-10 21:01:39,sn2310,sn2310,207830.0,0.0,0.0,0.0,1,207910.0,208350.0,1,207740.0,207130.0,207890.0,207130.0,5.0,1038020.0,377
2023-05-10 21:01:40,sn2310,sn2310,207830.0,0.0,0.0,0.0,2,207920.0,208330.0,1,207740.0,207130.0,207890.0,207130.0,5.0,1038020.0,377
2023-05-10 21:01:40,sn2310,sn2310,207830.0,0.0,0.0,0.0,2,207920.0,208220.0,1,207740.0,207130.0,207890.0,207130.0,5.0,1038020.0,377
2023-05-10 21:01:41,sn2310,sn2310,207830.0,0.0,0.0,0.0,2,207920.0,208170.0,1,207740.0,207130.0,207890.0,207130.0,5.0,1038020.0,377
2023-05-10 21:01:41,sn2310,sn2310,207830.0,0.0,0.0,0.0,2,207920.0,208150.0,1,207740.0,207130.0,207890.0,207130.0,5.0,1038020.0,377
2023-05-10 21:01:42,sn2310,sn2310,207830.0,0.0,0.0,0.0,2,207920.0,208150.0,1,207740.0,207130.0,207890.0,207130.0,5.0,1038020.0,377
2023-05-10 21:01:42,sn2310,sn2310,207830.0,0.0,0.0,0.0,12,207030.0,208320.0,1,207740.0,207130.0,207890.0,207130.0,5.0,1038020.0,377
2023-05-10 21:01:43,sn2310,sn2310,207830.0,0.0,0.0,0.0,1,207720.0,208230.0,1,207740.0,207130.0,207890.0,207130.0,5.0,1038020.0,377
2023-05-10 21:01:43,sn2310,sn2310,207830.0,0.0,0.0,0.0,2,207740.0,208230.0,1,207740.0,207130.0,207890.0,207130.0,5.0,1038020.0,377
2023-05-10 21:01:44,sn2310,sn2310,207830.0,0.0,0.0,0.0,1,207780.0,208230.0,1,207740.0,207130.0,207890.0,207130.0,5.0,1038020.0,377
2023-05-10 21:01:44,sn2310,sn2310,207830.0,0.0,0.0,0.0,1,207800.0,208190.0,1,207740.0,207130.0,207890.0,207130.0,5.0,1038020.0,377
2023-05-10 21:01:45,sn2310,sn2310,207830.0,0.0,0.0,0.0,1,207800.0,208220.0,1,207740.0,207130.0,207890.0,207130.0,5.0,1038020.0,377
2023-05-10 21:01:45,sn2310,sn2310,207830.0,0.0,0.0,0.0,1,207830.0,208170.0,1,207740.0,207130.0,207890.0,207130.0,5.0,1038020.0,377
2023-05-10 21:01:46,sn2310,sn2310,207830.0,0.0,0.0,0.0,1,207830.0,208170.0,1,207740.0,207130.0,207890.0,207130.0,5.0,1038020.0,377
2023-05-10 21:01:46,sn2310,sn2310,207830.0,0.0,0.0,0.0,1,207800.0,208170.0,2,207740.0,207130.0,207890.0,207130.0,5.0,1038020.0,377
2023-05-10 21:01:47,sn2310,sn2310,207830.0,0.0,0.0,0.0,1,207800.0,208140.0,1,207740.0,207130.0,207890.0,207130.0,5.0,1038020.0,377
2023-05-10 21:01:48,sn2310,sn2310,207830.0,0.0,0.0,0.0,1,207820.0,208170.0,1,207740.0,207130.0,207890.0,207130.0,5.0,1038020.0,377
2023-05-10 21:01:48,sn2310,sn2310,207830.0,0.0,0.0,0.0,1,207840.0,208150.0,1,207740.0,207130.0,207890.0,207130.0,5.0,1038020.0,377
2023-05-10 21:01:49,sn2310,sn2310,207830.0,0.0,0.0,0.0,1,207860.0,209120.0,1,207740.0,207130.0,207890.0,207130.0,5.0,1038020.0,377
2023-05-10 21:01:49,sn2310,sn2310,207830.0,0.0,0.0,0.0,1,207840.0,208390.0,1,207740.0,207130.0,207890.0,207130.0,5.0,1038020.0,377
2023-05-10 21:01:50,sn2310,sn2310,207830.0,0.0,0.0,0.0,1,207850.0,208320.0,1,207740.0,207130.0,207890.0,207130.0,5.0,1038020.0,377
2023-05-10 21:01:50,sn2310,sn2310,207830.0,0.0,0.0,0.0,1,207860.0,208290.0,1,207740.0,207130.0,207890.0,207130.0,5.0,1038020.0,377
2023-05-10 21:01:51,sn2310,sn2310,207830.0,0.0,0.0,0.0,1,207850.0,208290.0,3,207740.0,207130.0,207890.0,207130.0,5.0,1038020.0,377
2023-05-10 21:01:51,sn2310,sn2310,207830.0,0.0,0.0,0.0,1,207850.0,208290.0,3,207740.0,207130.0,207890.0,207130.0,5.0,1038020.0,377
2023-05-10 21:01:52,sn2310,sn2310,207830.0,0.0,0.0,0.0,1,207850.0,208270.0,1,207740.0,207130.0,207890.0,207130.0,5.0,1038020.0,377
2023-05-10 21:01:52,sn2310,sn2310,207830.0,0.0,0.0,0.0,1,207850.0,208250.0,1,207740.0,207130.0,207890.0,207130.0,5.0,1038020.0,377
2023-05-10 21:01:53,sn2310,sn2310,207830.0,0.0,0.0,0.0,1,207850.0,208190.0,2,207740.0,207130.0,207890.0,207130.0,5.0,1038020.0,377
2023-05-10 21:01:53,sn2310,sn2310,207830.0,0.0,0.0,0.0,1,207850.0,207960.0,1,207740.0,207130.0,207890.0,207130.0,5.0,1038020.0,377
2023-05-10 21:01:54,sn2310,sn2310,207830.0,0.0,0.0,0.0,1,207850.0,207960.0,1,207740.0,207130.0,207890.0,207130.0,5.0,1038020.0,377
2023-05-10 21:01:54,sn2310,sn2310,207830.0,0.0,0.0,0.0,1,207850.0,208190.0,1,207740.0,207130.0,207890.0,207130.0,5.0,1038020.0,377
2023-05-10 21:01:55,sn2310,sn2310,207830.0,0.0,0.0,0.0,1,207850.0,208150.0,1,207740.0,207130.0,207890.0,207130.0,5.0,1038020.0,377
2023-05-10 21:01:55,sn2310,sn2310,207830.0,0.0,0.0,0.0,1,207850.0,209120.0,1,207740.0,207130.0,207890.0,207130.0,5.0,1038020.0,377
2023-05-10 21:01:56,sn2310,sn2310,207830.0,0.0,0.0,0.0,1,207850.0,208080.0,1,207740.0,207130.0,207890.0,207130.0,5.0,1038020.0,377
2023-05-10 21:01:56,sn2310,sn2310,207830.0,0.0,0.0,0.0,5,207050.0,208080.0,1,207740.0,207130.0,207890.0,207130.0,5.0,1038020.0,377
2023-05-10 21:01:57,sn2310,sn2310,207830.0,0.0,0.0,0.0,1,207450.0,208080.0,1,207740.0,207130.0,207890.0,207130.0,5.0,1038020.0,377
2023-05-10 21:01:57,sn2310,sn2310,207830.0,0.0,0.0,0.0,4,207470.0,208080.0,1,207740.0,207130.0,207890.0,207130.0,5.0,1038020.0,377
2023-05-10 21:01:58,sn2310,sn2310,207830.0,0.0,0.0,0.0,1,207510.0,208080.0,1,207740.0,207130.0,207890.0,207130.0,5.0,1038020.0,377
2023-05-10 21:01:58,sn2310,sn2310,207830.0,0.0,0.0,0.0,2,207530.0,207850.0,1,207740.0,207130.0,207890.0,207130.0,5.0,1038020.0,377
2023-05-10 21:01:59,sn2310,sn2310,207830.0,0.0,0.0,0.0,1,207550.0,207850.0,1,207740.0,207130.0,207890.0,207130.0,5.0,1038020.0,377
2023-05-10 21:01:59,sn2310,sn2310,207830.0,0.0,0.0,0.0,2,207570.0,208030.0,1,207740.0,207130.0,207890.0,207130.0,5.0,1038020.0,377
2023-05-10 21:02:00,sn2310,sn2310,207830.0,0.0,0.0,0.0,1,207590.0,208100.0,1,207740.0,207130.0,207890.0,207130.0,5.0,1038020.0,377
2023-05-10 21:02:00,sn2310,sn2310,207830.0,0.0,0.0,0.0,1,207570.0,207980.0,1,207740.0,207130.0,207890.0,207130.0,5.0,1038020.0,377
2023-05-10 21:02:01,sn2310,sn2310,207830.0,0.0,0.0,0.0,1,207570.0,207970.0,1,207740.0,207130.0,207890.0,207130.0,5.0,1038020.0,377
2023-05-10 21:02:01,sn2310,sn2310,207830.0,0.0,0.0,0.0,1,207570.0,207890.0,1,207740.0,207130.0,207890.0,207130.0,5.0,1038020.0,377
2023-05-10 21:02:02,sn2310,sn2310,207830.0,0.0,0.0,0.0,1,207570.0,207960.0,1,207740.0,207130.0,207890.0,207130.0,5.0,1038020.0,377
2023-05-10 21:02:02,sn2310,sn2310,207830.0,0.0,0.0,0.0,1,207570.0,207960.0,1,207740.0,207130.0,207890.0,207130.0,5.0,1038020.0,377
2023-05-10 21:02:03,sn2310,sn2310,207830.0,0.0,0.0,0.0,1,207580.0,207960.0,1,207740.0,207130.0,207890.0,207130.0,5.0,1038020.0,377
2023-05-10 21:02:03,sn2310,sn2310,207830.0,0.0,0.0,0.0,1,207600.0,209120.0,1,207740.0,207130.0,207890.0,207130.0,5.0,1038020.0,377
2023-05-10 21:02:04,sn2310,sn2310,207830.0,0.0,0.0,0.0,1,207600.0,208020.0,1,207740.0,207130.0,207890.0,207130.0,5.0,1038020.0,377
2023-05-10 21:02:04,sn2310,sn2310,207830.0,0.0,0.0,0.0,1,207640.0,207940.0,1,207740.0,207130.0,207890.0,207130.0,5.0,1038020.0,377
2023-05-10 21:02:05,sn2310,sn2310,207830.0,0.0,0.0,0.0,5,207050.0,207880.0,1,207740.0,207130.0,207890.0,207130.0,5.0,1038020.0,377
2023-05-10 21:02:05,sn2310,sn2310,207830.0,0.0,0.0,0.0,1,207250.0,207880.0,1,207740.0,207130.0,207890.0,207130.0,5.0,1038020.0,377
2023-05-10 21:02:06,sn2310,sn2310,207830.0,0.0,0.0,0.0,1,207290.0,207850.0,1,207740.0,207130.0,207890.0,207130.0,5.0,1038020.0,377
2023-05-10 21:02:06,sn2310,sn2310,207830.0,0.0,0.0,0.0,1,207310.0,207760.0,1,207740.0,207130.0,207890.0,207130.0,5.0,1038020.0,377
2023-05-10 21:02:07,sn2310,sn2310,207830.0,0.0,0.0,0.0,1,207330.0,207820.0,1,207740.0,207130.0,207890.0,207130.0,5.0,1038020.0,377
2023-05-10 21:02:07,sn2310,sn2310,207830.0,0.0,0.0,0.0,1,207350.0,207820.0,1,207740.0,207130.0,207890.0,207130.0,5.0,1038020.0,377
2023-05-10 21:02:08,sn2310,sn2310,207830.0,0.0,0.0,0.0,1,207360.0,207780.0,2,207740.0,207130.0,207890.0,207130.0,5.0,1038020.0,377
2023-05-10 21:02:08,sn2310,sn2310,207830.0,0.0,0.0,0.0,1,207360.0,207780.0,2,207740.0,207130.0,207890.0,207130.0,5.0,1038020.0,377
2023-05-10 21:02:09,sn2310,sn2310,207830.0,0.0,0.0,0.0,1,207360.0,207780.0,1,207740.0,207130.0,207890.0,207130.0,5.0,1038020.0,377
2023-05-10 21:02:09,sn2310,sn2310,207830.0,0.0,0.0,0.0,1,207360.0,207770.0,1,207740.0,207130.0,207890.0,207130.0,5.0,1038020.0,377
2023-05-10 21:02:10,sn2310,sn2310,207830.0,0.0,0.0,0.0,1,207380.0,207750.0,1,207740.0,207130.0,207890.0,207130.0,5.0,1038020.0,377
2023-05-10 21:02:10,sn2310,sn2310,207830.0,0.0,0.0,0.0,1,207390.0,207760.0,1,207740.0,207130.0,207890.0,207130.0,5.0,1038020.0,377
2023-05-10 21:02:11,sn2310,sn2310,207830.0,0.0,0.0,0.0,1,207390.0,207760.0,1,207740.0,207130.0,207890.0,207130.0,5.0,1038020.0,377
2023-05-10 21:02:11,sn2310,sn2310,207830.0,0.0,0.0,0.0,1,207390.0,207760.0,1,207740.0,207130.0,207890.0,207130.0,5.0,1038020.0,377
2023-05-10 21:02:12,sn2310,sn2310,207830.0,0.0,0.0,0.0,1,207130.0,207740.0,1,207740.0,207130.0,207890.0,207130.0,5.0,1038020.0,377
2023-05-10 21:02:12,sn2310,sn2310,207830.0,0.0,0.0,0.0,2,207150.0,207540.0,1,207740.0,207130.0,207890.0,207130.0,5.0,1038020.0,377
2023-05-10 21:02:13,sn2310,sn2310,207830.0,0.0,0.0,0.0,1,207160.0,207620.0,1,207740.0,207130.0,207890.0,207130.0,5.0,1038020.0,377
2023-05-10 21:02:13,sn2310,sn2310,207830.0,0.0,0.0,0.0,1,207180.0,207740.0,1,207740.0,207130.0,207890.0,207130.0,5.0,1038020.0,377
2023-05-10 21:02:14,sn2310,sn2310,207830.0,0.0,0.0,0.0,1,207200.0,207530.0,2,207740.0,207130.0,207890.0,207130.0,5.0,1038020.0,377
2023-05-10 21:02:14,sn2310,sn2310,207830.0,0.0,0.0,0.0,1,207210.0,207530.0,1,207740.0,207130.0,207890.0,207130.0,5.0,1038020.0,377
2023-05-10 21:02:15,sn2310,sn2310,207830.0,0.0,0.0,0.0,1,207230.0,207680.0,1,207740.0,207130.0,207890.0,207130.0,5.0,1038020.0,377
2023-05-10 21:02:15,sn2310,sn2310,207830.0,0.0,0.0,0.0,1,207240.0,207680.0,1,207740.0,207130.0,207890.0,207130.0,5.0,1038020.0,377
2023-05-10 21:02:16,sn2310,sn2310,207830.0,0.0,0.0,0.0,1,207010.0,207680.0,1,207740.0,207130.0,207890.0,207130.0,5.0,1038020.0,377
2023-05-10 21:02:17,sn2310,sn2310,207830.0,0.0,0.0,0.0,3,207020.0,207540.0,1,207740.0,207130.0,207890.0,207130.0,5.0,1038020.0,377
2023-05-10 21:02:17,sn2310,sn2310,207830.0,0.0,0.0,0.0,2,207020.0,207520.0,1,207740.0,207130.0,207890.0,207130.0,5.0,1038020.0,377
2023-05-10 21:02:18,sn2310,sn2310,207830.0,0.0,0.0,0.0,1,207030.0,207520.0,1,207740.0,207130.0,207890.0,207130.0,5.0,1038020.0,377
2023-05-10 21:02:18,sn2310,sn2310,207830.0,0.0,0.0,0.0,1,207050.0,207510.0,1,207740.0,207130.0,207890.0,207130.0,5.0,1038020.0,377
2023-05-10 21:02:19,sn2310,sn2310,207830.0,0.0,0.0,0.0,1,207070.0,207510.0,1,207740.0,207130.0,207890.0,207130.0,5.0,1038020.0,377
2023-05-10 21:02:19,sn2310,sn2310,207830.0,0.0,0.0,0.0,2,207090.0,207510.0,1,207740.0,207130.0,207890.0,207130.0,5.0,1038020.0,377
2023-05-10 21:02:20,sn2310,sn2310,207830.0,0.0,0.0,0.0,1,207110.0,207510.0,1,207740.0,207130.0,207890.0,207130.0,5.0,1038020.0,377
2023-05-10 21:02:20,sn2310,sn2310,207830.0,0.0,0.0,0.0,1,207210.0,207510.0,1,207740.0,207130.0,207890.0,207130.0,5.0,1038020.0,377
2023-05-10 21:02:21,sn2310,sn2310,207830.0,0.0,0.0,0.0,1,207220.0,207510.0,1,207740.0,207130.0,207890.0,207130.0,5.0,1038020.0,377
2023-05-10 21:02:21,sn2310,sn2310,207830.0,0.0,0.0,0.0,1,207130.0,207910.0,1,207740.0,207130.0,207890.0,207130.0,5.0,1038020.0,377
2023-05-10 21:02:22,sn2310,sn2310,207830.0,0.0,0.0,0.0,1,207130.0,207510.0,1,207740.0,207130.0,207890.0,207130.0,5.0,1038020.0,377
2023-05-10 21:02:22,sn2310,sn2310,207830.0,0.0,0.0,0.0,1,207130.0,207440.0,1,207740.0,207130.0,207890.0,207130.0,5.0,1038020.0,377
2023-05-10 21:02:23,sn2310,sn2310,207830.0,0.0,0.0,0.0,1,207130.0,207910.0,1,207740.0,207130.0,207890.0,207130.0,5.0,1038020.0,377
2023-05-10 21:02:23,sn2310,sn2310,207830.0,0.0,0.0,0.0,1,207150.0,207810.0,1,207740.0,207130.0,207890.0,207130.0,5.0,1038020.0,377
2023-05-10 21:02:24,sn2310,sn2310,207830.0,0.0,0.0,0.0,1,207160.0,207680.0,1,207740.0,207130.0,207890.0,207130.0,5.0,1038020.0,377
2023-05-10 21:02:24,sn2310,sn2310,207830.0,0.0,0.0,0.0,1,206900.0,207630.0,1,207740.0,207130.0,207890.0,207130.0,5.0,1038020.0,377
2023-05-10 21:02:25,sn2310,sn2310,207830.0,0.0,0.0,0.0,3,206920.0,207550.0,1,207740.0,207130.0,207890.0,207130.0,5.0,1038020.0,377
2023-05-10 21:02:25,sn2310,sn2310,207830.0,0.0,0.0,0.0,1,206930.0,207510.0,1,207740.0,207130.0,207890.0,207130.0,5.0,1038020.0,377
2023-05-10 21:02:26,sn2310,sn2310,207830.0,0.0,0.0,0.0,1,206970.0,207860.0,1,207740.0,207130.0,207890.0,207130.0,5.0,1038020.0,377
2023-05-10 21:02:26,sn2310,sn2310,207830.0,0.0,0.0,0.0,1,207000.0,207480.0,1,207740.0,207130.0,207890.0,207130.0,5.0,1038020.0,377
2023-05-10 21:02:27,sn2310,sn2310,207830.0,0.0,0.0,0.0,1,207040.0,207840.0,7,207740.0,207130.0,207890.0,207130.0,5.0,1038020.0,377
2023-05-10 21:02:27,sn2310,sn2310,207830.0,0.0,0.0,0.0,1,207060.0,207550.0,1,207740.0,207130.0,207890.0,207130.0,5.0,1038020.0,377
2023-05-10 21:02:28,sn2310,sn2310,207830.0,0.0,0.0,0.0,1,207070.0,207550.0,2,207740.0,207130.0,207890.0,207130.0,5.0,1038020.0,377
2023-05-10 21:02:28,sn2310,sn2310,207830.0,0.0,0.0,0.0,1,207110.0,207550.0,2,207740.0,207130.0,207890.0,207130.0,5.0,1038020.0,377
2023-05-10 21:02:29,sn2310,sn2310,207830.0,0.0,0.0,0.0,1,207060.0,207470.0,1,207740.0,207130.0,207890.0,207130.0,5.0,1038020.0,377
2023-05-10 21:02:29,sn2310,sn2310,207830.0,0.0,0.0,0.0,1,207060.0,207510.0,1,207740.0,207130.0,207890.0,207130.0,5.0,1038020.0,377
2023-05-10 21:02:30,sn2310,sn2310,207830.0,0.0,0.0,0.0,1,207060.0,207470.0,1,207740.0,207130.0,207890.0,207130.0,5.0,1038020.0,377
2023-05-10 21:02:30,sn2310,sn2310,207830.0,0.0,0.0,0.0,1,207060.0,207540.0,1,207740.0,207130.0,207890.0,207130.0,5.0,1038020.0,377
2023-05-10 21:02:31,sn2310,sn2310,207830.0,0.0,0.0,0.0,1,207060.0,207510.0,1,207740.0,207130.0,207890.0,207130.0,5.0,1038020.0,377
2023-05-10 21:02:31,sn2310,sn2310,207830.0,0.0,0.0,0.0,1,207070.0,207540.0,1,207740.0,207130.0,207890.0,207130.0,5.0,1038020.0,377
2023-05-10 21:02:32,sn2310,sn2310,207830.0,0.0,0.0,0.0,1,207060.0,207500.0,1,207740.0,207130.0,207890.0,207130.0,5.0,1038020.0,377
2023-05-10 21:02:32,sn2310,sn2310,207830.0,0.0,0.0,0.0,1,207060.0,207500.0,1,207740.0,207130.0,207890.0,207130.0,5.0,1038020.0,377
2023-05-10 21:02:33,sn2310,sn2310,207830.0,0.0,0.0,0.0,1,207060.0,207500.0,1,207740.0,207130.0,207890.0,207130.0,5.0,1038020.0,377
2023-05-10 21:02:33,sn2310,sn2310,207830.0,0.0,0.0,0.0,1,207070.0,207490.0,1,207740.0,207130.0,207890.0,207130.0,5.0,1038020.0,377
2023-05-10 21:02:34,sn2310,sn2310,207830.0,0.0,0.0,0.0,1,207090.0,207490.0,1,207740.0,207130.0,207890.0,207130.0,5.0,1038020.0,377
2023-05-10 21:02:34,sn2310,sn2310,207830.0,0.0,0.0,0.0,1,207090.0,207490.0,1,207740.0,207130.0,207890.0,207130.0,5.0,1038020.0,377
2023-05-10 21:02:35,sn2310,sn2310,207830.0,0.0,0.0,0.0,1,207090.0,207480.0,1,207740.0,207130.0,207890.0,207130.0,5.0,1038020.0,377
2023-05-10 21:02:35,sn2310,sn2310,207830.0,0.0,0.0,0.0,1,207090.0,207480.0,1,207740.0,207130.0,207890.0,207130.0,5.0,1038020.0,377
2023-05-10 21:02:36,sn2310,sn2310,207830.0,0.0,0.0,0.0,1,207090.0,207480.0,2,207740.0,207130.0,207890.0,207130.0,5.0,1038020.0,377
2023-05-10 21:02:36,sn2310,sn2310,207830.0,0.0,0.0,0.0,1,207090.0,207480.0,2,207740.0,207130.0,207890.0,207130.0,5.0,1038020.0,377
2023-05-10 21:02:37,sn2310,sn2310,207830.0,0.0,0.0,0.0,1,207090.0,207480.0,1,207740.0,207130.0,207890.0,207130.0,5.0,1038020.0,377
2023-05-10 21:02:38,sn2310,sn2310,207830.0,0.0,0.0,0.0,1,207090.0,207470.0,1,207740.0,207130.0,207890.0,207130.0,5.0,1038020.0,377
2023-05-10 21:02:38,sn2310,sn2310,207830.0,0.0,0.0,0.0,1,207090.0,207470.0,1,207740.0,207130.0,207890.0,207130.0,5.0,1038020.0,377
2023-05-10 21:02:39,sn2310,sn2310,207830.0,0.0,0.0,0.0,1,207090.0,207450.0,1,207740.0,207130.0,207890.0,207130.0,5.0,1038020.0,377
2023-05-10 21:02:39,sn2310,sn2310,207830.0,0.0,0.0,0.0,1,207090.0,207470.0,1,207740.0,207130.0,207890.0,207130.0,5.0,1038020.0,377
2023-05-10 21:02:40,sn2310,sn2310,207830.0,0.0,0.0,0.0,1,207110.0,207470.0,1,207740.0,207130.0,207890.0,207130.0,5.0,1038020.0,377
2023-05-10 21:02:41,sn2310,sn2310,207830.0,0.0,0.0,0.0,2,207130.0,207470.0,1,207740.0,207130.0,207890.0,207130.0,5.0,1038020.0,377
2023-05-10 21:02:41,sn2310,sn2310,207830.0,0.0,0.0,0.0,2,207130.0,207830.0,1,207740.0,207130.0,207890.0,207130.0,5.0,1038020.0,377
2023-05-10 21:02:42,sn2310,sn2310,207830.0,0.0,0.0,0.0,1,207130.0,207590.0,1,207740.0,207130.0,207890.0,207130.0,5.0,1038020.0,377
2023-05-10 21:02:42,sn2310,sn2310,207830.0,0.0,0.0,0.0,1,207130.0,207590.0,2,207740.0,207130.0,207890.0,207130.0,5.0,1038020.0,377
2023-05-10 21:02:43,sn2310,sn2310,207830.0,0.0,0.0,0.0,1,207130.0,207580.0,1,207740.0,207130.0,207890.0,207130.0,5.0,1038020.0,377
2023-05-10 21:02:43,sn2310,sn2310,207830.0,0.0,0.0,0.0,1,207130.0,207520.0,1,207740.0,207130.0,207890.0,207130.0,5.0,1038020.0,377
2023-05-10 21:02:44,sn2310,sn2310,207830.0,0.0,0.0,0.0,1,207130.0,207520.0,1,207740.0,207130.0,207890.0,207130.0,5.0,1038020.0,377
2023-05-10 21:02:44,sn2310,sn2310,207830.0,0.0,0.0,0.0,1,207130.0,207520.0,1,207740.0,207130.0,207890.0,207130.0,5.0,1038020.0,377
2023-05-10 21:02:45,sn2310,sn2310,207830.0,0.0,0.0,0.0,1,207130.0,207500.0,1,207740.0,207130.0,207890.0,207130.0,5.0,1038020.0,377
2023-05-10 21:02:45,sn2310,sn2310,207830.0,0.0,0.0,0.0,1,207130.0,207500.0,1,207740.0,207130.0,207890.0,207130.0,5.0,1038020.0,377
2023-05-10 21:02:47,sn2310,sn2310,207830.0,0.0,0.0,0.0,1,207130.0,207500.0,2,207740.0,207130.0,207890.0,207130.0,5.0,1038020.0,377
2023-05-10 21:02:48,sn2310,sn2310,207830.0,0.0,0.0,0.0,1,207130.0,207500.0,2,207740.0,207130.0,207890.0,207130.0,5.0,1038020.0,377
2023-05-10 21:02:48,sn2310,sn2310,207830.0,0.0,0.0,0.0,1,207130.0,207500.0,2,207740.0,207130.0,207890.0,207130.0,5.0,1038020.0,377
2023-05-10 21:02:49,sn2310,sn2310,207830.0,0.0,0.0,0.0,1,207130.0,207490.0,1,207740.0,207130.0,207890.0,207130.0,5.0,1038020.0,377
2023-05-10 21:02:50,sn2310,sn2310,207830.0,0.0,0.0,0.0,1,207130.0,207470.0,1,207740.0,207130.0,207890.0,207130.0,5.0,1038020.0,377
2023-05-10 21:02:50,sn2310,sn2310,207830.0,0.0,0.0,0.0,1,207130.0,207470.0,1,207740.0,207130.0,207890.0,207130.0,5.0,1038020.0,377
2023-05-10 21:02:51,sn2310,sn2310,207830.0,0.0,0.0,0.0,1,207130.0,207460.0,1,207740.0,207130.0,207890.0,207130.0,5.0,1038020.0,377
2023-05-10 21:02:52,sn2310,sn2310,207830.0,0.0,0.0,0.0,1,207140.0,207700.0,1,207740.0,207130.0,207890.0,207130.0,5.0,1038020.0,377
2023-05-10 21:02:52,sn2310,sn2310,207830.0,0.0,0.0,0.0,1,207160.0,207540.0,1,207740.0,207130.0,207890.0,207130.0,5.0,1038020.0,377
2023-05-10 21:02:53,sn2310,sn2310,207830.0,0.0,0.0,0.0,1,207160.0,207540.0,2,207740.0,207130.0,207890.0,207130.0,5.0,1038020.0,377
2023-05-10 21:02:54,sn2310,sn2310,207830.0,0.0,0.0,0.0,1,207160.0,207520.0,1,207740.0,207130.0,207890.0,207130.0,5.0,1038020.0,377
2023-05-10 21:02:54,sn2310,sn2310,207830.0,0.0,0.0,0.0,1,207170.0,207520.0,1,207740.0,207130.0,207890.0,207130.0,5.0,1038020.0,377
2023-05-10 21:02:55,sn2310,sn2310,207830.0,0.0,0.0,0.0,1,207180.0,207520.0,1,207740.0,207130.0,207890.0,207130.0,5.0,1038020.0,377
2023-05-10 21:02:55,sn2310,sn2310,207830.0,0.0,0.0,0.0,1,207180.0,207520.0,1,207740.0,207130.0,207890.0,207130.0,5.0,1038020.0,377
2023-05-10 21:02:56,sn2310,sn2310,207830.0,0.0,0.0,0.0,1,207180.0,207520.0,1,207740.0,207130.0,207890.0,207130.0,5.0,1038020.0,377
2023-05-10 21:02:56,sn2310,sn2310,207830.0,0.0,0.0,0.0,1,207190.0,207520.0,1,207740.0,207130.0,207890.0,207130.0,5.0,1038020.0,377
2023-05-10 21:02:57,sn2310,sn2310,207830.0,0.0,0.0,0.0,1,207200.0,207520.0,1,207740.0,207130.0,207890.0,207130.0,5.0,1038020.0,377
2023-05-10 21:02:57,sn2310,sn2310,207830.0,0.0,0.0,0.0,2,207200.0,207520.0,1,207740.0,207130.0,207890.0,207130.0,5.0,1038020.0,377
2023-05-10 21:02:58,sn2310,sn2310,207830.0,0.0,0.0,0.0,1,207220.0,207980.0,2,207740.0,207130.0,207890.0,207130.0,5.0,1038020.0,377
2023-05-10 21:02:58,sn2310,sn2310,207830.0,0.0,0.0,0.0,1,207240.0,207710.0,1,207740.0,207130.0,207890.0,207130.0,5.0,1038020.0,377
2023-05-10 21:02:59,sn2310,sn2310,207830.0,0.0,0.0,0.0,1,207240.0,207710.0,2,207740.0,207130.0,207890.0,207130.0,5.0,1038020.0,377
2023-05-10 21:02:59,sn2310,sn2310,207830.0,0.0,0.0,0.0,1,207250.0,207690.0,1,207740.0,207130.0,207890.0,207130.0,5.0,1038020.0,377
2023-05-10 21:03:00,sn2310,sn2310,207830.0,0.0,0.0,0.0,1,207270.0,207690.0,1,207740.0,207130.0,207890.0,207130.0,5.0,1038020.0,377
2023-05-10 21:03:00,sn2310,sn2310,207830.0,0.0,0.0,0.0,1,207270.0,207690.0,1,207740.0,207130.0,207890.0,207130.0,5.0,1038020.0,377
2023-05-10 21:03:01,sn2310,sn2310,207830.0,0.0,0.0,0.0,2,207290.0,207680.0,2,207740.0,207130.0,207890.0,207130.0,5.0,1038020.0,377
2023-05-10 21:03:01,sn2310,sn2310,207830.0,0.0,0.0,0.0,1,207270.0,207610.0,1,207740.0,207130.0,207890.0,207130.0,5.0,1038020.0,377
2023-05-10 21:03:02,sn2310,sn2310,207830.0,0.0,0.0,0.0,1,207270.0,207610.0,2,207740.0,207130.0,207890.0,207130.0,5.0,1038020.0,377
2023-05-10 21:03:02,sn2310,sn2310,207830.0,0.0,0.0,0.0,1,207080.0,207510.0,1,207740.0,207130.0,207890.0,207130.0,5.0,1038020.0,377
2023-05-10 21:03:03,sn2310,sn2310,207830.0,0.0,0.0,0.0,1,207100.0,207510.0,1,207740.0,207130.0,207890.0,207130.0,5.0,1038020.0,377
2023-05-10 21:03:03,sn2310,sn2310,207830.0,0.0,0.0,0.0,1,207100.0,207480.0,1,207740.0,207130.0,207890.0,207130.0,5.0,1038020.0,377
2023-05-10 21:03:04,sn2310,sn2310,207830.0,0.0,0.0,0.0,1,206960.0,207480.0,1,207740.0,207130.0,207890.0,207130.0,5.0,1038020.0,377
2023-05-10 21:03:04,sn2310,sn2310,207830.0,0.0,0.0,0.0,1,207000.0,207600.0,1,207740.0,207130.0,207890.0,207130.0,5.0,1038020.0,377
2023-05-10 21:03:05,sn2310,sn2310,207830.0,0.0,0.0,0.0,1,207020.0,207390.0,1,207740.0,207130.0,207890.0,207130.0,5.0,1038020.0,377
2023-05-10 21:03:05,sn2310,sn2310,207830.0,0.0,0.0,0.0,1,207020.0,207390.0,1,207740.0,207130.0,207890.0,207130.0,5.0,1038020.0,377
2023-05-10 21:03:06,sn2310,sn2310,207830.0,0.0,0.0,0.0,1,207020.0,207240.0,1,207740.0,207130.0,207890.0,207130.0,5.0,1038020.0,377
2023-05-10 21:03:06,sn2310,sn2310,207830.0,0.0,0.0,0.0,2,207010.0,207200.0,1,207740.0,207130.0,207890.0,207130.0,5.0,1038020.0,377
2023-05-10 21:03:07,sn2310,sn2310,207010.0,1.0,207010.0,0.0,1,207010.0,207170.0,1,207740.0,207130.0,207890.0,207010.0,6.0,1245030.0,377
2023-05-10 21:03:07,sn2310,sn2310,207010.0,0.0,0.0,0.0,1,207010.0,207090.0,1,207740.0,207130.0,207890.0,207010.0,6.0,1245030.0,377
2023-05-10 21:03:08,sn2310,sn2310,207010.0,0.0,0.0,0.0,1,207010.0,207700.0,2,207740.0,207130.0,207890.0,207010.0,6.0,1245030.0,377
2023-05-10 21:03:08,sn2310,sn2310,207010.0,0.0,0.0,0.0,2,206710.0,207080.0,2,207740.0,207130.0,207890.0,207010.0,6.0,1245030.0,377
2023-05-10 21:03:09,sn2310,sn2310,207010.0,0.0,0.0,0.0,1,206840.0,207080.0,2,207740.0,207130.0,207890.0,207010.0,6.0,1245030.0,377
2023-05-10 21:03:09,sn2310,sn2310,207010.0,0.0,0.0,0.0,1,206860.0,207550.0,2,207740.0,207130.0,207890.0,207010.0,6.0,1245030.0,377
2023-05-10 21:03:10,sn2310,sn2310,207010.0,0.0,0.0,0.0,1,206880.0,207390.0,1,207740.0,207130.0,207890.0,207010.0,6.0,1245030.0,377
2023-05-10 21:03:10,sn2310,sn2310,207010.0,0.0,0.0,0.0,1,206860.0,207380.0,1,207740.0,207130.0,207890.0,207010.0,6.0,1245030.0,377
2023-05-10 21:03:11,sn2310,sn2310,207010.0,0.0,0.0,0.0,1,206860.0,207320.0,1,207740.0,207130.0,207890.0,207010.0,6.0,1245030.0,377
2023-05-10 21:03:11,sn2310,sn2310,207010.0,0.0,0.0,0.0,1,206860.0,207320.0,1,207740.0,207130.0,207890.0,207010.0,6.0,1245030.0,377
2023-05-10 21:03:12,sn2310,sn2310,207010.0,0.0,0.0,0.0,1,206860.0,207230.0,1,207740.0,207130.0,207890.0,207010.0,6.0,1245030.0,377
2023-05-10 21:03:12,sn2310,sn2310,207010.0,0.0,0.0,0.0,1,206860.0,207210.0,1,207740.0,207130.0,207890.0,207010.0,6.0,1245030.0,377
2023-05-10 21:03:13,sn2310,sn2310,207010.0,0.0,0.0,0.0,1,206870.0,207700.0,2,207740.0,207130.0,207890.0,207010.0,6.0,1245030.0,377
2023-05-10 21:03:13,sn2310,sn2310,207010.0,0.0,0.0,0.0,1,206860.0,207200.0,2,207740.0,207130.0,207890.0,207010.0,6.0,1245030.0,377
2023-05-10 21:03:14,sn2310,sn2310,207010.0,0.0,0.0,0.0,1,206870.0,207200.0,2,207740.0,207130.0,207890.0,207010.0,6.0,1245030.0,377
2023-05-10 21:03:14,sn2310,sn2310,207010.0,0.0,0.0,0.0,1,206880.0,207200.0,2,207740.0,207130.0,207890.0,207010.0,6.0,1245030.0,377
2023-05-10 21:03:15,sn2310,sn2310,207010.0,0.0,0.0,0.0,1,206870.0,207200.0,2,207740.0,207130.0,207890.0,207010.0,6.0,1245030.0,377
2023-05-10 21:03:15,sn2310,sn2310,207010.0,0.0,0.0,0.0,1,206890.0,207200.0,2,207740.0,207130.0,207890.0,207010.0,6.0,1245030.0,377
2023-05-10 21:03:16,sn2310,sn2310,207010.0,0.0,0.0,0.0,1,206900.0,207200.0,2,207740.0,207130.0,207890.0,207010.0,6.0,1245030.0,377
2023-05-10 21:03:16,sn2310,sn2310,207010.0,0.0,0.0,0.0,1,206890.0,207200.0,2,207740.0,207130.0,207890.0,207010.0,6.0,1245030.0,377
2023-05-10 21:03:18,sn2310,sn2310,207010.0,0.0,0.0,0.0,1,206890.0,207200.0,2,207740.0,207130.0,207890.0,207010.0,6.0,1245030.0,377
2023-05-10 21:03:20,sn2310,sn2310,207010.0,0.0,0.0,0.0,1,206890.0,207190.0,1,207740.0,207130.0,207890.0,207010.0,6.0,1245030.0,377
2023-05-10 21:03:20,sn2310,sn2310,207010.0,0.0,0.0,0.0,1,206890.0,207200.0,2,207740.0,207130.0,207890.0,207010.0,6.0,1245030.0,377
2023-05-10 21:03:21,sn2310,sn2310,207010.0,0.0,0.0,0.0,1,206690.0,207110.0,1,207740.0,207130.0,207890.0,207010.0,6.0,1245030.0,377
2023-05-10 21:03:21,sn2310,sn2310,207010.0,0.0,0.0,0.0,1,206730.0,207190.0,2,207740.0,207130.0,207890.0,207010.0,6.0,1245030.0,377
2023-05-10 21:03:22,sn2310,sn2310,207010.0,0.0,0.0,0.0,1,206750.0,207180.0,1,207740.0,207130.0,207890.0,207010.0,6.0,1245030.0,377
2023-05-10 21:03:22,sn2310,sn2310,207010.0,0.0,0.0,0.0,1,206760.0,207180.0,3,207740.0,207130.0,207890.0,207010.0,6.0,1245030.0,377
2023-05-10 21:03:23,sn2310,sn2310,207010.0,0.0,0.0,0.0,1,206760.0,207180.0,3,207740.0,207130.0,207890.0,207010.0,6.0,1245030.0,377
2023-05-10 21:03:23,sn2310,sn2310,207010.0,0.0,0.0,0.0,1,206750.0,207180.0,3,207740.0,207130.0,207890.0,207010.0,6.0,1245030.0,377
2023-05-10 21:03:24,sn2310,sn2310,207010.0,0.0,0.0,0.0,1,206750.0,207170.0,2,207740.0,207130.0,207890.0,207010.0,6.0,1245030.0,377
2023-05-10 21:03:24,sn2310,sn2310,207010.0,0.0,0.0,0.0,1,206580.0,207050.0,1,207740.0,207130.0,207890.0,207010.0,6.0,1245030.0,377
2023-05-10 21:03:25,sn2310,sn2310,207010.0,0.0,0.0,0.0,2,206600.0,207050.0,1,207740.0,207130.0,207890.0,207010.0,6.0,1245030.0,377
2023-05-10 21:03:25,sn2310,sn2310,207010.0,0.0,0.0,0.0,2,206600.0,207030.0,1,207740.0,207130.0,207890.0,207010.0,6.0,1245030.0,377
2023-05-10 21:03:26,sn2310,sn2310,207010.0,0.0,0.0,0.0,2,206600.0,207010.0,1,207740.0,207130.0,207890.0,207010.0,6.0,1245030.0,377
2023-05-10 21:03:26,sn2310,sn2310,207010.0,0.0,0.0,0.0,1,206600.0,207010.0,2,207740.0,207130.0,207890.0,207010.0,6.0,1245030.0,377
2023-05-10 21:03:27,sn2310,sn2310,207010.0,0.0,0.0,0.0,1,206620.0,206990.0,1,207740.0,207130.0,207890.0,207010.0,6.0,1245030.0,377
2023-05-10 21:03:27,sn2310,sn2310,207010.0,0.0,0.0,0.0,1,206710.0,207000.0,2,207740.0,207130.0,207890.0,207010.0,6.0,1245030.0,377
2023-05-10 21:03:28,sn2310,sn2310,207010.0,0.0,0.0,0.0,1,206720.0,207470.0,2,207740.0,207130.0,207890.0,207010.0,6.0,1245030.0,377
2023-05-10 21:03:28,sn2310,sn2310,207010.0,0.0,0.0,0.0,1,206640.0,207110.0,1,207740.0,207130.0,207890.0,207010.0,6.0,1245030.0,377
2023-05-10 21:03:29,sn2310,sn2310,207010.0,0.0,0.0,0.0,1,206640.0,207110.0,1,207740.0,207130.0,207890.0,207010.0,6.0,1245030.0,377
2023-05-10 21:03:29,sn2310,sn2310,207010.0,0.0,0.0,0.0,1,206650.0,207110.0,1,207740.0,207130.0,207890.0,207010.0,6.0,1245030.0,377
2023-05-10 21:03:30,sn2310,sn2310,207010.0,0.0,0.0,0.0,1,206650.0,207100.0,2,207740.0,207130.0,207890.0,207010.0,6.0,1245030.0,377
2023-05-10 21:03:30,sn2310,sn2310,207010.0,0.0,0.0,0.0,2,206670.0,207090.0,1,207740.0,207130.0,207890.0,207010.0,6.0,1245030.0,377
2023-05-10 21:03:31,sn2310,sn2310,207010.0,0.0,0.0,0.0,1,206680.0,207100.0,2,207740.0,207130.0,207890.0,207010.0,6.0,1245030.0,377
2023-05-10 21:03:31,sn2310,sn2310,207010.0,0.0,0.0,0.0,1,206680.0,207330.0,1,207740.0,207130.0,207890.0,207010.0,6.0,1245030.0,377
2023-05-10 21:03:32,sn2310,sn2310,207010.0,0.0,0.0,0.0,1,206700.0,207090.0,3,207740.0,207130.0,207890.0,207010.0,6.0,1245030.0,377
2023-05-10 21:03:32,sn2310,sn2310,207010.0,0.0,0.0,0.0,1,206700.0,207090.0,2,207740.0,207130.0,207890.0,207010.0,6.0,1245030.0,377
2023-05-10 21:03:33,sn2310,sn2310,207010.0,0.0,0.0,0.0,1,206720.0,207090.0,2,207740.0,207130.0,207890.0,207010.0,6.0,1245030.0,377
2023-05-10 21:03:34,sn2310,sn2310,207010.0,0.0,0.0,0.0,1,206720.0,207080.0,1,207740.0,207130.0,207890.0,207010.0,6.0,1245030.0,377
2023-05-10 21:03:35,sn2310,sn2310,207010.0,0.0,0.0,0.0,1,206720.0,207090.0,2,207740.0,207130.0,207890.0,207010.0,6.0,1245030.0,377
2023-05-10 21:03:35,sn2310,sn2310,207010.0,0.0,0.0,0.0,1,206720.0,207330.0,1,207740.0,207130.0,207890.0,207010.0,6.0,1245030.0,377
2023-05-10 21:03:36,sn2310,sn2310,207010.0,0.0,0.0,0.0,1,206740.0,207080.0,2,207740.0,207130.0,207890.0,207010.0,6.0,1245030.0,377
2023-05-10 21:03:36,sn2310,sn2310,207010.0,0.0,0.0,0.0,1,206740.0,207080.0,2,207740.0,207130.0,207890.0,207010.0,6.0,1245030.0,377
2023-05-10 21:03:37,sn2310,sn2310,207010.0,0.0,0.0,0.0,1,206750.0,207080.0,2,207740.0,207130.0,207890.0,207010.0,6.0,1245030.0,377
2023-05-10 21:03:37,sn2310,sn2310,207010.0,0.0,0.0,0.0,1,206760.0,207080.0,2,207740.0,207130.0,207890.0,207010.0,6.0,1245030.0,377
2023-05-10 21:03:38,sn2310,sn2310,207010.0,0.0,0.0,0.0,1,206750.0,207080.0,2,207740.0,207130.0,207890.0,207010.0,6.0,1245030.0,377
2023-05-10 21:03:38,sn2310,sn2310,207010.0,0.0,0.0,0.0,1,206760.0,207080.0,2,207740.0,207130.0,207890.0,207010.0,6.0,1245030.0,377
2023-05-10 21:03:39,sn2310,sn2310,207010.0,0.0,0.0,0.0,1,206760.0,207080.0,2,207740.0,207130.0,207890.0,207010.0,6.0,1245030.0,377
2023-05-10 21:03:39,sn2310,sn2310,207010.0,0.0,0.0,0.0,2,206770.0,207080.0,2,207740.0,207130.0,207890.0,207010.0,6.0,1245030.0,377
2023-05-10 21:03:40,sn2310,sn2310,207010.0,0.0,0.0,0.0,1,206770.0,207080.0,2,207740.0,207130.0,207890.0,207010.0,6.0,1245030.0,377
2023-05-10 21:03:40,sn2310,sn2310,207010.0,0.0,0.0,0.0,1,206780.0,207080.0,2,207740.0,207130.0,207890.0,207010.0,6.0,1245030.0,377
2023-05-10 21:03:41,sn2310,sn2310,207010.0,0.0,0.0,0.0,1,206780.0,207070.0,1,207740.0,207130.0,207890.0,207010.0,6.0,1245030.0,377
2023-05-10 21:03:41,sn2310,sn2310,207010.0,0.0,0.0,0.0,1,206660.0,207030.0,1,207740.0,207130.0,207890.0,207010.0,6.0,1245030.0,377
2023-05-10 21:03:42,sn2310,sn2310,207010.0,0.0,0.0,0.0,1,206680.0,207030.0,1,207740.0,207130.0,207890.0,207010.0,6.0,1245030.0,377
2023-05-10 21:03:42,sn2310,sn2310,207010.0,0.0,0.0,0.0,1,206690.0,207020.0,2,207740.0,207130.0,207890.0,207010.0,6.0,1245030.0,377
2023-05-10 21:03:43,sn2310,sn2310,207010.0,0.0,0.0,0.0,1,206680.0,207020.0,2,207740.0,207130.0,207890.0,207010.0,6.0,1245030.0,377
2023-05-10 21:03:44,sn2310,sn2310,207010.0,0.0,0.0,0.0,1,206680.0,207020.0,2,207740.0,207130.0,207890.0,207010.0,6.0,1245030.0,377
2023-05-10 21:03:45,sn2310,sn2310,207010.0,0.0,0.0,0.0,1,206680.0,206990.0,1,207740.0,207130.0,207890.0,207010.0,6.0,1245030.0,377
2023-05-10 21:03:46,sn2310,sn2310,207010.0,0.0,0.0,0.0,1,206680.0,207530.0,2,207740.0,207130.0,207890.0,207010.0,6.0,1245030.0,377
2023-05-10 21:03:46,sn2310,sn2310,207010.0,0.0,0.0,0.0,1,206700.0,207160.0,1,207740.0,207130.0,207890.0,207010.0,6.0,1245030.0,377
2023-05-10 21:03:47,sn2310,sn2310,207010.0,0.0,0.0,0.0,2,206680.0,207070.0,1,207740.0,207130.0,207890.0,207010.0,6.0,1245030.0,377
2023-05-10 21:03:47,sn2310,sn2310,207010.0,0.0,0.0,0.0,2,206680.0,207000.0,1,207740.0,207130.0,207890.0,207010.0,6.0,1245030.0,377
2023-05-10 21:03:48,sn2310,sn2310,207010.0,0.0,0.0,0.0,2,206680.0,207000.0,1,207740.0,207130.0,207890.0,207010.0,6.0,1245030.0,377
2023-05-10 21:03:48,sn2310,sn2310,207010.0,0.0,0.0,0.0,1,206680.0,207000.0,1,207740.0,207130.0,207890.0,207010.0,6.0,1245030.0,377
2023-05-10 21:03:49,sn2310,sn2310,207010.0,0.0,0.0,0.0,1,206550.0,206990.0,3,207740.0,207130.0,207890.0,207010.0,6.0,1245030.0,377
2023-05-10 21:03:49,sn2310,sn2310,207010.0,0.0,0.0,0.0,1,206570.0,206980.0,1,207740.0,207130.0,207890.0,207010.0,6.0,1245030.0,377
2023-05-10 21:03:50,sn2310,sn2310,207010.0,0.0,0.0,0.0,1,206590.0,206990.0,4,207740.0,207130.0,207890.0,207010.0,6.0,1245030.0,377
2023-05-10 21:03:50,sn2310,sn2310,207010.0,0.0,0.0,0.0,1,206690.0,206990.0,2,207740.0,207130.0,207890.0,207010.0,6.0,1245030.0,377
2023-05-10 21:03:51,sn2310,sn2310,207010.0,0.0,0.0,0.0,1,206730.0,206990.0,1,207740.0,207130.0,207890.0,207010.0,6.0,1245030.0,377
2023-05-10 21:03:51,sn2310,sn2310,207010.0,0.0,0.0,0.0,1,206710.0,206990.0,1,207740.0,207130.0,207890.0,207010.0,6.0,1245030.0,377
2023-05-10 21:03:52,sn2310,sn2310,207010.0,0.0,0.0,0.0,1,206710.0,206980.0,2,207740.0,207130.0,207890.0,207010.0,6.0,1245030.0,377
2023-05-10 21:03:53,sn2310,sn2310,207010.0,0.0,0.0,0.0,1,206710.0,206980.0,2,207740.0,207130.0,207890.0,207010.0,6.0,1245030.0,377
2023-05-10 21:03:54,sn2310,sn2310,207010.0,0.0,0.0,0.0,1,206710.0,206980.0,2,207740.0,207130.0,207890.0,207010.0,6.0,1245030.0,377
2023-05-10 21:03:54,sn2310,sn2310,207010.0,0.0,0.0,0.0,1,206710.0,206980.0,2,207740.0,207130.0,207890.0,207010.0,6.0,1245030.0,377
2023-05-10 21:03:55,sn2310,sn2310,207010.0,0.0,0.0,0.0,1,206710.0,206980.0,2,207740.0,207130.0,207890.0,207010.0,6.0,1245030.0,377
2023-05-10 21:03:55,sn2310,sn2310,207010.0,0.0,0.0,0.0,1,206710.0,206980.0,2,207740.0,207130.0,207890.0,207010.0,6.0,1245030.0,377
2023-05-10 21:03:57,sn2310,sn2310,207010.0,0.0,0.0,0.0,1,206710.0,207420.0,2,207740.0,207130.0,207890.0,207010.0,6.0,1245030.0,377
2023-05-10 21:03:57,sn2310,sn2310,207010.0,0.0,0.0,0.0,1,206710.0,206970.0,2,207740.0,207130.0,207890.0,207010.0,6.0,1245030.0,377
2023-05-10 21:03:58,sn2310,sn2310,207010.0,0.0,0.0,0.0,1,206710.0,206970.0,2,207740.0,207130.0,207890.0,207010.0,6.0,1245030.0,377
2023-05-10 21:03:58,sn2310,sn2310,207010.0,0.0,0.0,0.0,1,206710.0,206970.0,2,207740.0,207130.0,207890.0,207010.0,6.0,1245030.0,377
2023-05-10 21:03:59,sn2310,sn2310,207010.0,0.0,0.0,0.0,1,206720.0,206880.0,1,207740.0,207130.0,207890.0,207010.0,6.0,1245030.0,377
2023-05-10 21:03:59,sn2310,sn2310,207010.0,0.0,0.0,0.0,1,206720.0,206970.0,2,207740.0,207130.0,207890.0,207010.0,6.0,1245030.0,377
2023-05-10 21:04:00,sn2310,sn2310,207010.0,0.0,0.0,0.0,1,206710.0,206970.0,1,207740.0,207130.0,207890.0,207010.0,6.0,1245030.0,377
2023-05-10 21:04:00,sn2310,sn2310,207010.0,0.0,0.0,0.0,1,206730.0,206960.0,2,207740.0,207130.0,207890.0,207010.0,6.0,1245030.0,377
2023-05-10 21:04:01,sn2310,sn2310,207010.0,0.0,0.0,0.0,1,206730.0,207490.0,2,207740.0,207130.0,207890.0,207010.0,6.0,1245030.0,377
2023-05-10 21:04:01,sn2310,sn2310,207010.0,0.0,0.0,0.0,1,206730.0,207130.0,1,207740.0,207130.0,207890.0,207010.0,6.0,1245030.0,377
2023-05-10 21:04:02,sn2310,sn2310,207010.0,0.0,0.0,0.0,1,206730.0,207130.0,2,207740.0,207130.0,207890.0,207010.0,6.0,1245030.0,377
2023-05-10 21:04:02,sn2310,sn2310,207010.0,0.0,0.0,0.0,1,206730.0,207130.0,2,207740.0,207130.0,207890.0,207010.0,6.0,1245030.0,377
2023-05-10 21:04:03,sn2310,sn2310,207010.0,0.0,0.0,0.0,1,206590.0,207110.0,1,207740.0,207130.0,207890.0,207010.0,6.0,1245030.0,377
2023-05-10 21:04:03,sn2310,sn2310,207010.0,0.0,0.0,0.0,1,206420.0,206930.0,1,207740.0,207130.0,207890.0,207010.0,6.0,1245030.0,377
2023-05-10 21:04:04,sn2310,sn2310,207010.0,0.0,0.0,0.0,1,206460.0,206930.0,1,207740.0,207130.0,207890.0,207010.0,6.0,1245030.0,377
2023-05-10 21:04:04,sn2310,sn2310,207010.0,0.0,0.0,0.0,1,206480.0,206920.0,2,207740.0,207130.0,207890.0,207010.0,6.0,1245030.0,377
2023-05-10 21:04:05,sn2310,sn2310,207010.0,0.0,0.0,0.0,1,206480.0,206910.0,1,207740.0,207130.0,207890.0,207010.0,6.0,1245030.0,377
2023-05-10 21:04:06,sn2310,sn2310,207010.0,0.0,0.0,0.0,1,206480.0,206910.0,1,207740.0,207130.0,207890.0,207010.0,6.0,1245030.0,377
2023-05-10 21:04:06,sn2310,sn2310,207010.0,0.0,0.0,0.0,1,206480.0,206890.0,2,207740.0,207130.0,207890.0,207010.0,6.0,1245030.0,377
2023-05-10 21:04:07,sn2310,sn2310,207010.0,0.0,0.0,0.0,1,206480.0,206810.0,1,207740.0,207130.0,207890.0,207010.0,6.0,1245030.0,377
2023-05-10 21:04:08,sn2310,sn2310,207010.0,0.0,0.0,0.0,1,206480.0,206830.0,1,207740.0,207130.0,207890.0,207010.0,6.0,1245030.0,377
2023-05-10 21:04:08,sn2310,sn2310,207010.0,0.0,0.0,0.0,1,206480.0,206800.0,2,207740.0,207130.0,207890.0,207010.0,6.0,1245030.0,377
2023-05-10 21:04:09,sn2310,sn2310,207010.0,0.0,0.0,0.0,1,206480.0,207330.0,2,207740.0,207130.0,207890.0,207010.0,6.0,1245030.0,377
2023-05-10 21:04:09,sn2310,sn2310,207010.0,0.0,0.0,0.0,1,206480.0,206790.0,2,207740.0,207130.0,207890.0,207010.0,6.0,1245030.0,377
2023-05-10 21:04:10,sn2310,sn2310,207010.0,0.0,0.0,0.0,1,206480.0,206760.0,1,207740.0,207130.0,207890.0,207010.0,6.0,1245030.0,377
2023-05-10 21:04:10,sn2310,sn2310,207010.0,0.0,0.0,0.0,1,206480.0,206760.0,1,207740.0,207130.0,207890.0,207010.0,6.0,1245030.0,377
2023-05-10 21:04:11,sn2310,sn2310,207010.0,0.0,0.0,0.0,1,206480.0,207010.0,1,207740.0,207130.0,207890.0,207010.0,6.0,1245030.0,377
2023-05-10 21:04:11,sn2310,sn2310,207010.0,0.0,0.0,0.0,1,206480.0,206750.0,2,207740.0,207130.0,207890.0,207010.0,6.0,1245030.0,377
2023-05-10 21:04:12,sn2310,sn2310,207010.0,0.0,0.0,0.0,1,206480.0,206750.0,2,207740.0,207130.0,207890.0,207010.0,6.0,1245030.0,377
2023-05-10 21:04:13,sn2310,sn2310,207010.0,0.0,0.0,0.0,1,206240.0,206750.0,2,207740.0,207130.0,207890.0,207010.0,6.0,1245030.0,377
2023-05-10 21:04:13,sn2310,sn2310,207010.0,0.0,0.0,0.0,2,206260.0,206660.0,1,207740.0,207130.0,207890.0,207010.0,6.0,1245030.0,377
2023-05-10 21:04:14,sn2310,sn2310,207010.0,0.0,0.0,0.0,1,206270.0,206660.0,1,207740.0,207130.0,207890.0,207010.0,6.0,1245030.0,377
2023-05-10 21:04:14,sn2310,sn2310,207010.0,0.0,0.0,0.0,1,206360.0,206660.0,1,207740.0,207130.0,207890.0,207010.0,6.0,1245030.0,377
2023-05-10 21:04:15,sn2310,sn2310,207010.0,0.0,0.0,0.0,1,206290.0,206650.0,2,207740.0,207130.0,207890.0,207010.0,6.0,1245030.0,377
2023-05-10 21:04:15,sn2310,sn2310,207010.0,0.0,0.0,0.0,2,206310.0,206650.0,2,207740.0,207130.0,207890.0,207010.0,6.0,1245030.0,377
2023-05-10 21:04:16,sn2310,sn2310,207010.0,0.0,0.0,0.0,1,206320.0,206650.0,2,207740.0,207130.0,207890.0,207010.0,6.0,1245030.0,377
2023-05-10 21:04:16,sn2310,sn2310,207010.0,0.0,0.0,0.0,2,206340.0,206650.0,2,207740.0,207130.0,207890.0,207010.0,6.0,1245030.0,377
2023-05-10 21:04:17,sn2310,sn2310,207010.0,0.0,0.0,0.0,2,206340.0,206650.0,2,207740.0,207130.0,207890.0,207010.0,6.0,1245030.0,377
2023-05-10 21:04:17,sn2310,sn2310,207010.0,0.0,0.0,0.0,1,206340.0,206650.0,2,207740.0,207130.0,207890.0,207010.0,6.0,1245030.0,377
2023-05-10 21:04:18,sn2310,sn2310,207010.0,0.0,0.0,0.0,1,206340.0,206650.0,2,207740.0,207130.0,207890.0,207010.0,6.0,1245030.0,377
2023-05-10 21:04:18,sn2310,sn2310,207010.0,0.0,0.0,0.0,1,206340.0,206650.0,2,207740.0,207130.0,207890.0,207010.0,6.0,1245030.0,377
2023-05-10 21:04:19,sn2310,sn2310,207010.0,0.0,0.0,0.0,1,206340.0,206650.0,2,207740.0,207130.0,207890.0,207010.0,6.0,1245030.0,377
2023-05-10 21:04:20,sn2310,sn2310,207010.0,0.0,0.0,0.0,1,206100.0,206650.0,2,207740.0,207130.0,207890.0,207010.0,6.0,1245030.0,377
2023-05-10 21:04:21,sn2310,sn2310,207010.0,0.0,0.0,0.0,2,206120.0,206540.0,1,207740.0,207130.0,207890.0,207010.0,6.0,1245030.0,377
2023-05-10 21:04:21,sn2310,sn2310,207010.0,0.0,0.0,0.0,2,206120.0,206540.0,1,207740.0,207130.0,207890.0,207010.0,6.0,1245030.0,377
2023-05-10 21:04:22,sn2310,sn2310,207010.0,0.0,0.0,0.0,2,206120.0,206540.0,1,207740.0,207130.0,207890.0,207010.0,6.0,1245030.0,377
2023-05-10 21:04:22,sn2310,sn2310,207010.0,0.0,0.0,0.0,2,206120.0,206530.0,2,207740.0,207130.0,207890.0,207010.0,6.0,1245030.0,377
2023-05-10 21:04:23,sn2310,sn2310,207010.0,0.0,0.0,0.0,2,206120.0,206530.0,2,207740.0,207130.0,207890.0,207010.0,6.0,1245030.0,377
2023-05-10 21:04:23,sn2310,sn2310,207010.0,0.0,0.0,0.0,1,206190.0,206530.0,2,207740.0,207130.0,207890.0,207010.0,6.0,1245030.0,377
2023-05-10 21:04:24,sn2310,sn2310,207010.0,0.0,0.0,0.0,1,206230.0,207110.0,2,207740.0,207130.0,207890.0,207010.0,6.0,1245030.0,377
2023-05-10 21:04:24,sn2310,sn2310,207010.0,0.0,0.0,0.0,1,206240.0,206720.0,1,207740.0,207130.0,207890.0,207010.0,6.0,1245030.0,377
2023-05-10 21:04:25,sn2310,sn2310,207010.0,0.0,0.0,0.0,1,206260.0,206720.0,1,207740.0,207130.0,207890.0,207010.0,6.0,1245030.0,377
2023-05-10 21:04:25,sn2310,sn2310,207010.0,0.0,0.0,0.0,1,206270.0,206720.0,1,207740.0,207130.0,207890.0,207010.0,6.0,1245030.0,377
2023-05-10 21:04:26,sn2310,sn2310,207010.0,0.0,0.0,0.0,1,206270.0,206710.0,2,207740.0,207130.0,207890.0,207010.0,6.0,1245030.0,377
2023-05-10 21:04:26,sn2310,sn2310,207010.0,0.0,0.0,0.0,1,206270.0,206710.0,2,207740.0,207130.0,207890.0,207010.0,6.0,1245030.0,377
2023-05-10 21:04:27,sn2310,sn2310,207010.0,0.0,0.0,0.0,1,206270.0,206660.0,1,207740.0,207130.0,207890.0,207010.0,6.0,1245030.0,377
2023-05-10 21:04:27,sn2310,sn2310,207010.0,0.0,0.0,0.0,1,206290.0,206710.0,2,207740.0,207130.0,207890.0,207010.0,6.0,1245030.0,377
2023-05-10 21:04:28,sn2310,sn2310,207010.0,0.0,0.0,0.0,1,206280.0,206700.0,1,207740.0,207130.0,207890.0,207010.0,6.0,1245030.0,377
2023-05-10 21:04:28,sn2310,sn2310,207010.0,0.0,0.0,0.0,1,206280.0,206660.0,1,207740.0,207130.0,207890.0,207010.0,6.0,1245030.0,377
2023-05-10 21:04:29,sn2310,sn2310,207010.0,0.0,0.0,0.0,1,206270.0,206700.0,3,207740.0,207130.0,207890.0,207010.0,6.0,1245030.0,377
2023-05-10 21:04:29,sn2310,sn2310,207010.0,0.0,0.0,0.0,1,206270.0,206550.0,1,207740.0,207130.0,207890.0,207010.0,6.0,1245030.0,377
2023-05-10 21:04:30,sn2310,sn2310,207010.0,0.0,0.0,0.0,1,206270.0,206690.0,3,207740.0,207130.0,207890.0,207010.0,6.0,1245030.0,377
2023-05-10 21:04:30,sn2310,sn2310,207010.0,0.0,0.0,0.0,1,206270.0,206500.0,1,207740.0,207130.0,207890.0,207010.0,6.0,1245030.0,377
2023-05-10 21:04:31,sn2310,sn2310,207010.0,0.0,0.0,0.0,1,206150.0,206500.0,1,207740.0,207130.0,207890.0,207010.0,6.0,1245030.0,377
2023-05-10 21:04:31,sn2310,sn2310,207010.0,0.0,0.0,0.0,1,206160.0,206680.0,1,207740.0,207130.0,207890.0,207010.0,6.0,1245030.0,377
2023-05-10 21:04:32,sn2310,sn2310,207010.0,0.0,0.0,0.0,17,206160.0,206510.0,1,207740.0,207130.0,207890.0,207010.0,6.0,1245030.0,377
2023-05-10 21:04:32,sn2310,sn2310,207010.0,0.0,0.0,0.0,1,206020.0,206580.0,1,207740.0,207130.0,207890.0,207010.0,6.0,1245030.0,377
2023-05-10 21:04:33,sn2310,sn2310,207010.0,0.0,0.0,0.0,1,206030.0,206410.0,1,207740.0,207130.0,207890.0,207010.0,6.0,1245030.0,377
2023-05-10 21:04:33,sn2310,sn2310,207010.0,0.0,0.0,0.0,1,205900.0,206410.0,1,207740.0,207130.0,207890.0,207010.0,6.0,1245030.0,377
2023-05-10 21:04:34,sn2310,sn2310,207010.0,0.0,0.0,0.0,1,205920.0,206370.0,1,207740.0,207130.0,207890.0,207010.0,6.0,1245030.0,377
2023-05-10 21:04:34,sn2310,sn2310,207010.0,0.0,0.0,0.0,1,205900.0,206320.0,1,207740.0,207130.0,207890.0,207010.0,6.0,1245030.0,377
2023-05-10 21:04:35,sn2310,sn2310,207010.0,0.0,0.0,0.0,1,205670.0,206150.0,1,207740.0,207130.0,207890.0,207010.0,6.0,1245030.0,377
2023-05-10 21:04:35,sn2310,sn2310,207010.0,0.0,0.0,0.0,1,205670.0,206150.0,1,207740.0,207130.0,207890.0,207010.0,6.0,1245030.0,377
2023-05-10 21:04:36,sn2310,sn2310,207010.0,0.0,0.0,0.0,1,205320.0,206060.0,1,207740.0,207130.0,207890.0,207010.0,6.0,1245030.0,377
2023-05-10 21:04:36,sn2310,sn2310,207010.0,0.0,0.0,0.0,1,205430.0,206030.0,1,207740.0,207130.0,207890.0,207010.0,6.0,1245030.0,377
2023-05-10 21:04:37,sn2310,sn2310,207010.0,0.0,0.0,0.0,1,205550.0,206000.0,1,207740.0,207130.0,207890.0,207010.0,6.0,1245030.0,377
2023-05-10 21:04:37,sn2310,sn2310,207010.0,0.0,0.0,0.0,1,205650.0,206020.0,2,207740.0,207130.0,207890.0,207010.0,6.0,1245030.0,377
2023-05-10 21:04:38,sn2310,sn2310,207010.0,0.0,0.0,0.0,1,205570.0,206340.0,2,207740.0,207130.0,207890.0,207010.0,6.0,1245030.0,377
2023-05-10 21:04:38,sn2310,sn2310,207010.0,0.0,0.0,0.0,1,205570.0,206010.0,2,207740.0,207130.0,207890.0,207010.0,6.0,1245030.0,377
2023-05-10 21:04:39,sn2310,sn2310,207010.0,0.0,0.0,0.0,1,205360.0,205850.0,1,207740.0,207130.0,207890.0,207010.0,6.0,1245030.0,377
2023-05-10 21:04:39,sn2310,sn2310,207010.0,0.0,0.0,0.0,1,205370.0,205850.0,1,207740.0,207130.0,207890.0,207010.0,6.0,1245030.0,377
2023-05-10 21:04:40,sn2310,sn2310,207010.0,0.0,0.0,0.0,1,205370.0,205850.0,1,207740.0,207130.0,207890.0,207010.0,6.0,1245030.0,377
2023-05-10 21:04:40,sn2310,sn2310,207010.0,0.0,0.0,0.0,1,205360.0,205810.0,1,207740.0,207130.0,207890.0,207010.0,6.0,1245030.0,377
2023-05-10 21:04:41,sn2310,sn2310,207010.0,0.0,0.0,0.0,1,205240.0,205840.0,2,207740.0,207130.0,207890.0,207010.0,6.0,1245030.0,377
2023-05-10 21:04:41,sn2310,sn2310,207010.0,0.0,0.0,0.0,1,205380.0,205770.0,1,207740.0,207130.0,207890.0,207010.0,6.0,1245030.0,377
2023-05-10 21:04:42,sn2310,sn2310,207010.0,0.0,0.0,0.0,1,205400.0,205830.0,2,207740.0,207130.0,207890.0,207010.0,6.0,1245030.0,377
2023-05-10 21:04:42,sn2310,sn2310,207010.0,0.0,0.0,0.0,1,205450.0,205830.0,2,207740.0,207130.0,207890.0,207010.0,6.0,1245030.0,377
2023-05-10 21:04:43,sn2310,sn2310,207010.0,0.0,0.0,0.0,1,205450.0,205830.0,2,207740.0,207130.0,207890.0,207010.0,6.0,1245030.0,377
2023-05-10 21:04:43,sn2310,sn2310,207010.0,0.0,0.0,0.0,1,205470.0,205830.0,2,207740.0,207130.0,207890.0,207010.0,6.0,1245030.0,377
2023-05-10 21:04:44,sn2310,sn2310,207010.0,0.0,0.0,0.0,1,205480.0,205830.0,2,207740.0,207130.0,207890.0,207010.0,6.0,1245030.0,377
2023-05-10 21:04:44,sn2310,sn2310,207010.0,0.0,0.0,0.0,2,205470.0,205830.0,2,207740.0,207130.0,207890.0,207010.0,6.0,1245030.0,377
2023-05-10 21:04:45,sn2310,sn2310,207010.0,0.0,0.0,0.0,1,205490.0,206260.0,2,207740.0,207130.0,207890.0,207010.0,6.0,1245030.0,377
2023-05-10 21:04:45,sn2310,sn2310,207010.0,0.0,0.0,0.0,1,205500.0,205820.0,2,207740.0,207130.0,207890.0,207010.0,6.0,1245030.0,377
2023-05-10 21:04:46,sn2310,sn2310,207010.0,0.0,0.0,0.0,1,205520.0,205820.0,2,207740.0,207130.0,207890.0,207010.0,6.0,1245030.0,377
2023-05-10 21:04:46,sn2310,sn2310,207010.0,0.0,0.0,0.0,1,205520.0,206110.0,1,207740.0,207130.0,207890.0,207010.0,6.0,1245030.0,377
2023-05-10 21:04:47,sn2310,sn2310,207010.0,0.0,0.0,0.0,1,205540.0,206110.0,1,207740.0,207130.0,207890.0,207010.0,6.0,1245030.0,377
2023-05-10 21:04:47,sn2310,sn2310,207010.0,0.0,0.0,0.0,1,205560.0,206080.0,1,207740.0,207130.0,207890.0,207010.0,6.0,1245030.0,377
2023-05-10 21:04:48,sn2310,sn2310,207010.0,0.0,0.0,0.0,1,205570.0,206080.0,1,207740.0,207130.0,207890.0,207010.0,6.0,1245030.0,377
2023-05-10 21:04:48,sn2310,sn2310,207010.0,0.0,0.0,0.0,1,205560.0,206080.0,2,207740.0,207130.0,207890.0,207010.0,6.0,1245030.0,377
2023-05-10 21:04:49,sn2310,sn2310,207010.0,0.0,0.0,0.0,2,205580.0,206070.0,2,207740.0,207130.0,207890.0,207010.0,6.0,1245030.0,377
2023-05-10 21:04:49,sn2310,sn2310,207010.0,0.0,0.0,0.0,1,205560.0,206000.0,1,207740.0,207130.0,207890.0,207010.0,6.0,1245030.0,377
2023-05-10 21:04:50,sn2310,sn2310,207010.0,0.0,0.0,0.0,1,205570.0,206000.0,2,207740.0,207130.0,207890.0,207010.0,6.0,1245030.0,377
2023-05-10 21:04:50,sn2310,sn2310,207010.0,0.0,0.0,0.0,1,205580.0,206110.0,1,207740.0,207130.0,207890.0,207010.0,6.0,1245030.0,377
2023-05-10 21:04:51,sn2310,sn2310,207010.0,0.0,0.0,0.0,1,205580.0,205990.0,2,207740.0,207130.0,207890.0,207010.0,6.0,1245030.0,377
2023-05-10 21:04:51,sn2310,sn2310,207010.0,0.0,0.0,0.0,1,205600.0,205980.0,1,207740.0,207130.0,207890.0,207010.0,6.0,1245030.0,377
2023-05-10 21:04:52,sn2310,sn2310,207010.0,0.0,0.0,0.0,1,205640.0,205990.0,2,207740.0,207130.0,207890.0,207010.0,6.0,1245030.0,377
2023-05-10 21:04:52,sn2310,sn2310,207010.0,0.0,0.0,0.0,1,205660.0,205980.0,1,207740.0,207130.0,207890.0,207010.0,6.0,1245030.0,377
2023-05-10 21:04:53,sn2310,sn2310,207010.0,0.0,0.0,0.0,1,205660.0,205970.0,2,207740.0,207130.0,207890.0,207010.0,6.0,1245030.0,377
2023-05-10 21:04:54,sn2310,sn2310,207010.0,0.0,0.0,0.0,1,205660.0,205980.0,1,207740.0,207130.0,207890.0,207010.0,6.0,1245030.0,377
2023-05-10 21:04:55,sn2310,sn2310,207010.0,0.0,0.0,0.0,1,205660.0,205960.0,2,207740.0,207130.0,207890.0,207010.0,6.0,1245030.0,377
2023-05-10 21:04:56,sn2310,sn2310,207010.0,0.0,0.0,0.0,1,205670.0,205960.0,2,207740.0,207130.0,207890.0,207010.0,6.0,1245030.0,377
2023-05-10 21:04:57,sn2310,sn2310,207010.0,0.0,0.0,0.0,1,205670.0,205960.0,2,207740.0,207130.0,207890.0,207010.0,6.0,1245030.0,377
2023-05-10 21:04:57,sn2310,sn2310,207010.0,0.0,0.0,0.0,1,205660.0,205980.0,1,207740.0,207130.0,207890.0,207010.0,6.0,1245030.0,377
2023-05-10 21:04:58,sn2310,sn2310,207010.0,0.0,0.0,0.0,1,205660.0,205970.0,2,207740.0,207130.0,207890.0,207010.0,6.0,1245030.0,377
2023-05-10 21:04:59,sn2310,sn2310,207010.0,0.0,0.0,0.0,1,205670.0,205970.0,2,207740.0,207130.0,207890.0,207010.0,6.0,1245030.0,377
2023-05-10 21:04:59,sn2310,sn2310,207010.0,0.0,0.0,0.0,1,205660.0,205970.0,2,207740.0,207130.0,207890.0,207010.0,6.0,1245030.0,377
2023-05-10 21:05:00,sn2310,sn2310,207010.0,0.0,0.0,0.0,1,205680.0,205970.0,2,207740.0,207130.0,207890.0,207010.0,6.0,1245030.0,377
2023-05-10 21:05:00,sn2310,sn2310,207010.0,0.0,0.0,0.0,1,205680.0,205970.0,2,207740.0,207130.0,207890.0,207010.0,6.0,1245030.0,377
2023-05-10 21:05:01,sn2310,sn2310,207010.0,0.0,0.0,0.0,1,205680.0,205960.0,1,207740.0,207130.0,207890.0,207010.0,6.0,1245030.0,377
2023-05-10 21:05:01,sn2310,sn2310,207010.0,0.0,0.0,0.0,1,205680.0,205960.0,1,207740.0,207130.0,207890.0,207010.0,6.0,1245030.0,377
2023-05-10 21:05:02,sn2310,sn2310,207010.0,0.0,0.0,0.0,1,205680.0,205950.0,2,207740.0,207130.0,207890.0,207010.0,6.0,1245030.0,377
2023-05-10 21:05:03,sn2310,sn2310,207010.0,0.0,0.0,0.0,1,205550.0,205950.0,2,207740.0,207130.0,207890.0,207010.0,6.0,1245030.0,377
2023-05-10 21:05:03,sn2310,sn2310,207010.0,0.0,0.0,0.0,1,205560.0,205950.0,2,207740.0,207130.0,207890.0,207010.0,6.0,1245030.0,377
2023-05-10 21:05:04,sn2310,sn2310,207010.0,0.0,0.0,0.0,1,205560.0,206470.0,2,207740.0,207130.0,207890.0,207010.0,6.0,1245030.0,377
2023-05-10 21:05:04,sn2310,sn2310,207010.0,0.0,0.0,0.0,1,205560.0,205940.0,2,207740.0,207130.0,207890.0,207010.0,6.0,1245030.0,377
2023-05-10 21:05:05,sn2310,sn2310,207010.0,0.0,0.0,0.0,1,205560.0,205940.0,2,207740.0,207130.0,207890.0,207010.0,6.0,1245030.0,377
2023-05-10 21:05:05,sn2310,sn2310,207010.0,0.0,0.0,0.0,1,205560.0,205930.0,1,207740.0,207130.0,207890.0,207010.0,6.0,1245030.0,377
2023-05-10 21:05:06,sn2310,sn2310,207010.0,0.0,0.0,0.0,1,205460.0,205940.0,2,207740.0,207130.0,207890.0,207010.0,6.0,1245030.0,377
2023-05-10 21:05:06,sn2310,sn2310,207010.0,0.0,0.0,0.0,1,205300.0,205890.0,1,207740.0,207130.0,207890.0,207010.0,6.0,1245030.0,377
2023-05-10 21:05:07,sn2310,sn2310,207010.0,0.0,0.0,0.0,2,205310.0,205820.0,1,207740.0,207130.0,207890.0,207010.0,6.0,1245030.0,377
2023-05-10 21:05:07,sn2310,sn2310,207010.0,0.0,0.0,0.0,2,205310.0,205810.0,1,207740.0,207130.0,207890.0,207010.0,6.0,1245030.0,377
2023-05-10 21:05:08,sn2310,sn2310,207010.0,0.0,0.0,0.0,1,205310.0,205710.0,1,207740.0,207130.0,207890.0,207010.0,6.0,1245030.0,377
2023-05-10 21:05:08,sn2310,sn2310,207010.0,0.0,0.0,0.0,1,205310.0,205710.0,1,207740.0,207130.0,207890.0,207010.0,6.0,1245030.0,377
2023-05-10 21:05:09,sn2310,sn2310,207010.0,0.0,0.0,0.0,1,205180.0,205590.0,1,207740.0,207130.0,207890.0,207010.0,6.0,1245030.0,377
2023-05-10 21:05:09,sn2310,sn2310,207010.0,0.0,0.0,0.0,1,205200.0,205590.0,1,207740.0,207130.0,207890.0,207010.0,6.0,1245030.0,377
2023-05-10 21:05:10,sn2310,sn2310,207010.0,0.0,0.0,0.0,2,205200.0,206040.0,2,207740.0,207130.0,207890.0,207010.0,6.0,1245030.0,377
2023-05-10 21:05:10,sn2310,sn2310,207010.0,0.0,0.0,0.0,2,205200.0,205580.0,1,207740.0,207130.0,207890.0,207010.0,6.0,1245030.0,377
2023-05-10 21:05:11,sn2310,sn2310,207010.0,0.0,0.0,0.0,2,205200.0,205880.0,1,207740.0,207130.0,207890.0,207010.0,6.0,1245030.0,377
2023-05-10 21:05:11,sn2310,sn2310,207010.0,0.0,0.0,0.0,1,205270.0,205830.0,1,207740.0,207130.0,207890.0,207010.0,6.0,1245030.0,377
2023-05-10 21:05:12,sn2310,sn2310,207010.0,0.0,0.0,0.0,2,205290.0,205720.0,1,207740.0,207130.0,207890.0,207010.0,6.0,1245030.0,377
2023-05-10 21:05:12,sn2310,sn2310,207010.0,0.0,0.0,0.0,2,205290.0,205720.0,1,207740.0,207130.0,207890.0,207010.0,6.0,1245030.0,377
2023-05-10 21:05:13,sn2310,sn2310,207010.0,0.0,0.0,0.0,2,205290.0,205720.0,1,207740.0,207130.0,207890.0,207010.0,6.0,1245030.0,377
2023-05-10 21:05:13,sn2310,sn2310,207010.0,0.0,0.0,0.0,2,205290.0,205710.0,3,207740.0,207130.0,207890.0,207010.0,6.0,1245030.0,377
2023-05-10 21:05:14,sn2310,sn2310,207010.0,0.0,0.0,0.0,16,205210.0,205700.0,1,207740.0,207130.0,207890.0,207010.0,6.0,1245030.0,377
2023-05-10 21:05:14,sn2310,sn2310,207010.0,0.0,0.0,0.0,1,205140.0,205700.0,1,207740.0,207130.0,207890.0,207010.0,6.0,1245030.0,377
2023-05-10 21:05:15,sn2310,sn2310,207010.0,0.0,0.0,0.0,1,205150.0,205610.0,2,207740.0,207130.0,207890.0,207010.0,6.0,1245030.0,377
2023-05-10 21:05:15,sn2310,sn2310,207010.0,0.0,0.0,0.0,1,205140.0,205560.0,1,207740.0,207130.0,207890.0,207010.0,6.0,1245030.0,377
2023-05-10 21:05:16,sn2310,sn2310,207010.0,0.0,0.0,0.0,2,204730.0,205500.0,1,207740.0,207130.0,207890.0,207010.0,6.0,1245030.0,377
2023-05-10 21:05:16,sn2310,sn2310,207010.0,0.0,0.0,0.0,1,205050.0,205500.0,1,207740.0,207130.0,207890.0,207010.0,6.0,1245030.0,377
2023-05-10 21:05:17,sn2310,sn2310,207010.0,0.0,0.0,0.0,1,205130.0,205400.0,1,207740.0,207130.0,207890.0,207010.0,6.0,1245030.0,377
2023-05-10 21:05:17,sn2310,sn2310,207010.0,0.0,0.0,0.0,1,205170.0,205400.0,1,207740.0,207130.0,207890.0,207010.0,6.0,1245030.0,377
2023-05-10 21:05:18,sn2310,sn2310,205400.0,1.0,205400.0,-1.0,1,205280.0,205550.0,2,207740.0,207130.0,207890.0,205400.0,7.0,1450430.0,376
2023-05-10 21:05:18,sn2310,sn2310,205400.0,0.0,0.0,0.0,1,205280.0,205710.0,1,207740.0,207130.0,207890.0,205400.0,7.0,1450430.0,376
2023-05-10 21:05:19,sn2310,sn2310,205400.0,0.0,0.0,0.0,1,205300.0,205710.0,1,207740.0,207130.0,207890.0,205400.0,7.0,1450430.0,376
2023-05-10 21:05:19,sn2310,sn2310,205400.0,0.0,0.0,0.0,16,205290.0,205710.0,2,207740.0,207130.0,207890.0,205400.0,7.0,1450430.0,376
2023-05-10 21:05:20,sn2310,sn2310,205400.0,0.0,0.0,0.0,1,205310.0,205710.0,1,207740.0,207130.0,207890.0,205400.0,7.0,1450430.0,376
2023-05-10 21:05:20,sn2310,sn2310,205400.0,0.0,0.0,0.0,1,205310.0,205700.0,2,207740.0,207130.0,207890.0,205400.0,7.0,1450430.0,376
2023-05-10 21:05:21,sn2310,sn2310,205400.0,0.0,0.0,0.0,1,205330.0,205700.0,2,207740.0,207130.0,207890.0,205400.0,7.0,1450430.0,376
2023-05-10 21:05:21,sn2310,sn2310,205400.0,0.0,0.0,0.0,1,205370.0,206150.0,2,207740.0,207130.0,207890.0,205400.0,7.0,1450430.0,376
2023-05-10 21:05:22,sn2310,sn2310,205400.0,0.0,0.0,0.0,1,205390.0,205900.0,1,207740.0,207130.0,207890.0,205400.0,7.0,1450430.0,376
2023-05-10 21:05:22,sn2310,sn2310,205400.0,0.0,0.0,0.0,1,205410.0,205850.0,1,207740.0,207130.0,207890.0,205400.0,7.0,1450430.0,376
2023-05-10 21:05:23,sn2310,sn2310,205400.0,0.0,0.0,0.0,1,205390.0,205790.0,1,207740.0,207130.0,207890.0,205400.0,7.0,1450430.0,376
2023-05-10 21:05:23,sn2310,sn2310,205400.0,0.0,0.0,0.0,1,205420.0,205790.0,1,207740.0,207130.0,207890.0,205400.0,7.0,1450430.0,376
2023-05-10 21:05:24,sn2310,sn2310,205400.0,0.0,0.0,0.0,1,205420.0,205790.0,1,207740.0,207130.0,207890.0,205400.0,7.0,1450430.0,376
2023-05-10 21:05:24,sn2310,sn2310,205400.0,0.0,0.0,0.0,1,205390.0,205780.0,2,207740.0,207130.0,207890.0,205400.0,7.0,1450430.0,376
2023-05-10 21:05:25,sn2310,sn2310,205400.0,0.0,0.0,0.0,1,205400.0,205770.0,1,207740.0,207130.0,207890.0,205400.0,7.0,1450430.0,376
2023-05-10 21:05:25,sn2310,sn2310,205400.0,0.0,0.0,0.0,1,205400.0,205780.0,2,207740.0,207130.0,207890.0,205400.0,7.0,1450430.0,376
2023-05-10 21:05:26,sn2310,sn2310,205400.0,0.0,0.0,0.0,1,205280.0,205790.0,1,207740.0,207130.0,207890.0,205400.0,7.0,1450430.0,376
2023-05-10 21:05:26,sn2310,sn2310,205400.0,0.0,0.0,0.0,1,205300.0,205770.0,2,207740.0,207130.0,207890.0,205400.0,7.0,1450430.0,376
2023-05-10 21:05:27,sn2310,sn2310,205400.0,0.0,0.0,0.0,2,205300.0,205670.0,1,207740.0,207130.0,207890.0,205400.0,7.0,1450430.0,376
2023-05-10 21:05:27,sn2310,sn2310,205400.0,0.0,0.0,0.0,2,205300.0,205770.0,2,207740.0,207130.0,207890.0,205400.0,7.0,1450430.0,376
2023-05-10 21:05:28,sn2310,sn2310,205400.0,0.0,0.0,0.0,1,205310.0,205760.0,1,207740.0,207130.0,207890.0,205400.0,7.0,1450430.0,376
2023-05-10 21:05:28,sn2310,sn2310,205400.0,0.0,0.0,0.0,1,205350.0,205760.0,2,207740.0,207130.0,207890.0,205400.0,7.0,1450430.0,376
2023-05-10 21:05:29,sn2310,sn2310,205400.0,0.0,0.0,0.0,1,205380.0,205760.0,2,207740.0,207130.0,207890.0,205400.0,7.0,1450430.0,376
2023-05-10 21:05:29,sn2310,sn2310,205400.0,0.0,0.0,0.0,1,205420.0,206240.0,2,207740.0,207130.0,207890.0,205400.0,7.0,1450430.0,376
2023-05-10 21:05:30,sn2310,sn2310,205400.0,0.0,0.0,0.0,1,205440.0,206000.0,1,207740.0,207130.0,207890.0,205400.0,7.0,1450430.0,376
2023-05-10 21:05:30,sn2310,sn2310,205400.0,0.0,0.0,0.0,1,205480.0,206000.0,2,207740.0,207130.0,207890.0,205400.0,7.0,1450430.0,376
2023-05-10 21:05:31,sn2310,sn2310,205400.0,0.0,0.0,0.0,1,205490.0,206000.0,3,207740.0,207130.0,207890.0,205400.0,7.0,1450430.0,376
2023-05-10 21:05:31,sn2310,sn2310,205400.0,0.0,0.0,0.0,1,205480.0,205990.0,3,207740.0,207130.0,207890.0,205400.0,7.0,1450430.0,376
2023-05-10 21:05:32,sn2310,sn2310,205400.0,0.0,0.0,0.0,1,205490.0,205880.0,1,207740.0,207130.0,207890.0,205400.0,7.0,1450430.0,376
2023-05-10 21:05:32,sn2310,sn2310,205400.0,0.0,0.0,0.0,1,205490.0,205880.0,1,207740.0,207130.0,207890.0,205400.0,7.0,1450430.0,376
2023-05-10 21:05:33,sn2310,sn2310,205400.0,0.0,0.0,0.0,16,205500.0,205880.0,1,207740.0,207130.0,207890.0,205400.0,7.0,1450430.0,376
2023-05-10 21:05:33,sn2310,sn2310,205400.0,0.0,0.0,0.0,1,205520.0,205880.0,1,207740.0,207130.0,207890.0,205400.0,7.0,1450430.0,376
2023-05-10 21:05:34,sn2310,sn2310,205400.0,0.0,0.0,0.0,1,205480.0,205880.0,1,207740.0,207130.0,207890.0,205400.0,7.0,1450430.0,376
2023-05-10 21:05:34,sn2310,sn2310,205400.0,0.0,0.0,0.0,1,205490.0,205870.0,2,207740.0,207130.0,207890.0,205400.0,7.0,1450430.0,376
2023-05-10 21:05:35,sn2310,sn2310,205400.0,0.0,0.0,0.0,1,205500.0,205870.0,2,207740.0,207130.0,207890.0,205400.0,7.0,1450430.0,376
2023-05-10 21:05:35,sn2310,sn2310,205400.0,0.0,0.0,0.0,3,205500.0,206480.0,2,207740.0,207130.0,207890.0,205400.0,7.0,1450430.0,376
2023-05-10 21:05:36,sn2310,sn2310,205400.0,0.0,0.0,0.0,1,205600.0,206150.0,1,207740.0,207130.0,207890.0,205400.0,7.0,1450430.0,376
2023-05-10 21:05:36,sn2310,sn2310,205400.0,0.0,0.0,0.0,1,205620.0,206140.0,2,207740.0,207130.0,207890.0,205400.0,7.0,1450430.0,376
2023-05-10 21:05:37,sn2310,sn2310,205400.0,0.0,0.0,0.0,1,205640.0,206090.0,1,207740.0,207130.0,207890.0,205400.0,7.0,1450430.0,376
2023-05-10 21:05:37,sn2310,sn2310,205400.0,0.0,0.0,0.0,1,205640.0,206090.0,2,207740.0,207130.0,207890.0,205400.0,7.0,1450430.0,376
2023-05-10 21:05:38,sn2310,sn2310,205400.0,0.0,0.0,0.0,17,205510.0,206090.0,2,207740.0,207130.0,207890.0,205400.0,7.0,1450430.0,376
2023-05-10 21:05:38,sn2310,sn2310,205400.0,0.0,0.0,0.0,1,205660.0,206080.0,2,207740.0,207130.0,207890.0,205400.0,7.0,1450430.0,376
2023-05-10 21:05:39,sn2310,sn2310,205400.0,0.0,0.0,0.0,1,205530.0,206080.0,2,207740.0,207130.0,207890.0,205400.0,7.0,1450430.0,376
2023-05-10 21:05:39,sn2310,sn2310,205400.0,0.0,0.0,0.0,1,205570.0,206080.0,2,207740.0,207130.0,207890.0,205400.0,7.0,1450430.0,376
2023-05-10 21:05:40,sn2310,sn2310,205400.0,0.0,0.0,0.0,1,205570.0,206080.0,2,207740.0,207130.0,207890.0,205400.0,7.0,1450430.0,376
2023-05-10 21:05:40,sn2310,sn2310,205400.0,0.0,0.0,0.0,1,205570.0,206080.0,2,207740.0,207130.0,207890.0,205400.0,7.0,1450430.0,376
2023-05-10 21:05:41,sn2310,sn2310,205400.0,0.0,0.0,0.0,1,205570.0,206080.0,2,207740.0,207130.0,207890.0,205400.0,7.0,1450430.0,376
2023-05-10 21:05:41,sn2310,sn2310,205400.0,0.0,0.0,0.0,1,205590.0,206080.0,2,207740.0,207130.0,207890.0,205400.0,7.0,1450430.0,376
2023-05-10 21:05:42,sn2310,sn2310,205400.0,0.0,0.0,0.0,1,205670.0,206080.0,2,207740.0,207130.0,207890.0,205400.0,7.0,1450430.0,376
2023-05-10 21:05:42,sn2310,sn2310,205400.0,0.0,0.0,0.0,1,205630.0,206080.0,2,207740.0,207130.0,207890.0,205400.0,7.0,1450430.0,376
2023-05-10 21:05:43,sn2310,sn2310,205400.0,0.0,0.0,0.0,1,205630.0,206080.0,3,207740.0,207130.0,207890.0,205400.0,7.0,1450430.0,376
2023-05-10 21:05:43,sn2310,sn2310,205400.0,0.0,0.0,0.0,1,205600.0,206080.0,3,207740.0,207130.0,207890.0,205400.0,7.0,1450430.0,376
2023-05-10 21:05:44,sn2310,sn2310,205400.0,0.0,0.0,0.0,1,205640.0,206080.0,3,207740.0,207130.0,207890.0,205400.0,7.0,1450430.0,376
2023-05-10 21:05:44,sn2310,sn2310,205400.0,0.0,0.0,0.0,1,205640.0,206080.0,3,207740.0,207130.0,207890.0,205400.0,7.0,1450430.0,376
2023-05-10 21:05:45,sn2310,sn2310,205400.0,0.0,0.0,0.0,1,205520.0,206080.0,3,207740.0,207130.0,207890.0,205400.0,7.0,1450430.0,376
2023-05-10 21:05:45,sn2310,sn2310,205400.0,0.0,0.0,0.0,3,205540.0,206080.0,5,207740.0,207130.0,207890.0,205400.0,7.0,1450430.0,376
2023-05-10 21:05:46,sn2310,sn2310,205400.0,0.0,0.0,0.0,3,205540.0,206080.0,3,207740.0,207130.0,207890.0,205400.0,7.0,1450430.0,376
2023-05-10 21:05:46,sn2310,sn2310,205400.0,0.0,0.0,0.0,2,205540.0,206080.0,5,207740.0,207130.0,207890.0,205400.0,7.0,1450430.0,376
2023-05-10 21:05:47,sn2310,sn2310,205400.0,0.0,0.0,0.0,2,205540.0,206070.0,1,207740.0,207130.0,207890.0,205400.0,7.0,1450430.0,376
2023-05-10 21:05:47,sn2310,sn2310,205400.0,0.0,0.0,0.0,2,205540.0,206020.0,1,207740.0,207130.0,207890.0,205400.0,7.0,1450430.0,376
2023-05-10 21:05:48,sn2310,sn2310,205400.0,0.0,0.0,0.0,2,205540.0,206020.0,1,207740.0,207130.0,207890.0,205400.0,7.0,1450430.0,376
2023-05-10 21:05:48,sn2310,sn2310,205400.0,0.0,0.0,0.0,2,205540.0,206010.0,2,207740.0,207130.0,207890.0,205400.0,7.0,1450430.0,376
2023-05-10 21:05:49,sn2310,sn2310,205400.0,0.0,0.0,0.0,1,205560.0,206010.0,2,207740.0,207130.0,207890.0,205400.0,7.0,1450430.0,376
2023-05-10 21:05:50,sn2310,sn2310,205400.0,0.0,0.0,0.0,1,205580.0,206010.0,2,207740.0,207130.0,207890.0,205400.0,7.0,1450430.0,376
2023-05-10 21:05:50,sn2310,sn2310,205400.0,0.0,0.0,0.0,1,205580.0,206010.0,2,207740.0,207130.0,207890.0,205400.0,7.0,1450430.0,376
2023-05-10 21:05:51,sn2310,sn2310,205400.0,0.0,0.0,0.0,1,205600.0,206010.0,2,207740.0,207130.0,207890.0,205400.0,7.0,1450430.0,376
2023-05-10 21:05:51,sn2310,sn2310,205400.0,0.0,0.0,0.0,1,205520.0,206010.0,2,207740.0,207130.0,207890.0,205400.0,7.0,1450430.0,376
2023-05-10 21:05:52,sn2310,sn2310,205400.0,0.0,0.0,0.0,1,205530.0,206010.0,4,207740.0,207130.0,207890.0,205400.0,7.0,1450430.0,376
2023-05-10 21:05:52,sn2310,sn2310,205400.0,0.0,0.0,0.0,1,205540.0,205970.0,1,207740.0,207130.0,207890.0,205400.0,7.0,1450430.0,376
2023-05-10 21:05:53,sn2310,sn2310,205400.0,0.0,0.0,0.0,1,205410.0,205920.0,1,207740.0,207130.0,207890.0,205400.0,7.0,1450430.0,376
2023-05-10 21:05:53,sn2310,sn2310,205400.0,0.0,0.0,0.0,1,205500.0,206450.0,2,207740.0,207130.0,207890.0,205400.0,7.0,1450430.0,376
2023-05-10 21:05:54,sn2310,sn2310,205400.0,0.0,0.0,0.0,1,205540.0,206030.0,1,207740.0,207130.0,207890.0,205400.0,7.0,1450430.0,376
2023-05-10 21:05:54,sn2310,sn2310,205400.0,0.0,0.0,0.0,1,205540.0,206010.0,1,207740.0,207130.0,207890.0,205400.0,7.0,1450430.0,376
2023-05-10 21:05:55,sn2310,sn2310,205400.0,0.0,0.0,0.0,1,205550.0,206000.0,1,207740.0,207130.0,207890.0,205400.0,7.0,1450430.0,376
2023-05-10 21:05:55,sn2310,sn2310,205400.0,0.0,0.0,0.0,1,205570.0,206000.0,2,207740.0,207130.0,207890.0,205400.0,7.0,1450430.0,376
2023-05-10 21:05:56,sn2310,sn2310,205400.0,0.0,0.0,0.0,1,205570.0,206000.0,2,207740.0,207130.0,207890.0,205400.0,7.0,1450430.0,376
2023-05-10 21:05:56,sn2310,sn2310,205400.0,0.0,0.0,0.0,1,205580.0,205990.0,1,207740.0,207130.0,207890.0,205400.0,7.0,1450430.0,376
2023-05-10 21:05:57,sn2310,sn2310,205400.0,0.0,0.0,0.0,1,205620.0,205990.0,3,207740.0,207130.0,207890.0,205400.0,7.0,1450430.0,376
2023-05-10 21:05:57,sn2310,sn2310,205400.0,0.0,0.0,0.0,1,205620.0,205990.0,3,207740.0,207130.0,207890.0,205400.0,7.0,1450430.0,376
2023-05-10 21:05:58,sn2310,sn2310,205400.0,0.0,0.0,0.0,1,205630.0,205990.0,3,207740.0,207130.0,207890.0,205400.0,7.0,1450430.0,376
2023-05-10 21:05:58,sn2310,sn2310,205400.0,0.0,0.0,0.0,2,205630.0,205990.0,3,207740.0,207130.0,207890.0,205400.0,7.0,1450430.0,376
2023-05-10 21:05:59,sn2310,sn2310,205400.0,0.0,0.0,0.0,1,205700.0,205990.0,2,207740.0,207130.0,207890.0,205400.0,7.0,1450430.0,376
2023-05-10 21:05:59,sn2310,sn2310,205400.0,0.0,0.0,0.0,1,205710.0,206440.0,2,207740.0,207130.0,207890.0,205400.0,7.0,1450430.0,376
2023-05-10 21:06:00,sn2310,sn2310,205400.0,0.0,0.0,0.0,1,205630.0,206180.0,1,207740.0,207130.0,207890.0,205400.0,7.0,1450430.0,376
2023-05-10 21:06:00,sn2310,sn2310,205400.0,0.0,0.0,0.0,1,205640.0,206130.0,1,207740.0,207130.0,207890.0,205400.0,7.0,1450430.0,376
2023-05-10 21:06:01,sn2310,sn2310,205400.0,0.0,0.0,0.0,1,205630.0,206120.0,1,207740.0,207130.0,207890.0,205400.0,7.0,1450430.0,376
2023-05-10 21:06:01,sn2310,sn2310,205400.0,0.0,0.0,0.0,1,205630.0,206060.0,1,207740.0,207130.0,207890.0,205400.0,7.0,1450430.0,376
2023-05-10 21:06:02,sn2310,sn2310,205400.0,0.0,0.0,0.0,1,205630.0,206120.0,2,207740.0,207130.0,207890.0,205400.0,7.0,1450430.0,376
2023-05-10 21:06:02,sn2310,sn2310,205400.0,0.0,0.0,0.0,1,205650.0,206110.0,1,207740.0,207130.0,207890.0,205400.0,7.0,1450430.0,376
2023-05-10 21:06:03,sn2310,sn2310,205400.0,0.0,0.0,0.0,1,205650.0,206110.0,3,207740.0,207130.0,207890.0,205400.0,7.0,1450430.0,376
2023-05-10 21:06:03,sn2310,sn2310,205400.0,0.0,0.0,0.0,1,205650.0,206110.0,3,207740.0,207130.0,207890.0,205400.0,7.0,1450430.0,376
2023-05-10 21:06:04,sn2310,sn2310,205400.0,0.0,0.0,0.0,1,205660.0,206110.0,3,207740.0,207130.0,207890.0,205400.0,7.0,1450430.0,376
2023-05-10 21:06:04,sn2310,sn2310,205400.0,0.0,0.0,0.0,1,205670.0,206110.0,3,207740.0,207130.0,207890.0,205400.0,7.0,1450430.0,376
2023-05-10 21:06:05,sn2310,sn2310,205400.0,0.0,0.0,0.0,1,205690.0,206110.0,3,207740.0,207130.0,207890.0,205400.0,7.0,1450430.0,376
2023-05-10 21:06:05,sn2310,sn2310,205400.0,0.0,0.0,0.0,1,205730.0,206110.0,2,207740.0,207130.0,207890.0,205400.0,7.0,1450430.0,376
2023-05-10 21:06:06,sn2310,sn2310,205400.0,0.0,0.0,0.0,2,205750.0,206110.0,2,207740.0,207130.0,207890.0,205400.0,7.0,1450430.0,376
2023-05-10 21:06:06,sn2310,sn2310,205400.0,0.0,0.0,0.0,1,205870.0,206560.0,2,207740.0,207130.0,207890.0,205400.0,7.0,1450430.0,376
2023-05-10 21:06:07,sn2310,sn2310,205400.0,0.0,0.0,0.0,1,205880.0,206350.0,1,207740.0,207130.0,207890.0,205400.0,7.0,1450430.0,376
2023-05-10 21:06:07,sn2310,sn2310,205400.0,0.0,0.0,0.0,1,205770.0,206350.0,2,207740.0,207130.0,207890.0,205400.0,7.0,1450430.0,376
2023-05-10 21:06:08,sn2310,sn2310,205400.0,0.0,0.0,0.0,2,205790.0,206350.0,2,207740.0,207130.0,207890.0,205400.0,7.0,1450430.0,376
2023-05-10 21:06:08,sn2310,sn2310,205400.0,0.0,0.0,0.0,2,205790.0,206340.0,2,207740.0,207130.0,207890.0,205400.0,7.0,1450430.0,376
2023-05-10 21:06:09,sn2310,sn2310,205400.0,0.0,0.0,0.0,1,205800.0,206320.0,1,207740.0,207130.0,207890.0,205400.0,7.0,1450430.0,376
2023-05-10 21:06:09,sn2310,sn2310,205400.0,0.0,0.0,0.0,1,205840.0,206340.0,2,207740.0,207130.0,207890.0,205400.0,7.0,1450430.0,376
2023-05-10 21:06:10,sn2310,sn2310,205400.0,0.0,0.0,0.0,1,205890.0,206350.0,1,207740.0,207130.0,207890.0,205400.0,7.0,1450430.0,376
2023-05-10 21:06:10,sn2310,sn2310,205400.0,0.0,0.0,0.0,1,205930.0,206340.0,2,207740.0,207130.0,207890.0,205400.0,7.0,1450430.0,376
2023-05-10 21:06:11,sn2310,sn2310,205400.0,0.0,0.0,0.0,1,205950.0,206340.0,2,207740.0,207130.0,207890.0,205400.0,7.0,1450430.0,376
2023-05-10 21:06:11,sn2310,sn2310,205400.0,0.0,0.0,0.0,1,205990.0,206340.0,2,207740.0,207130.0,207890.0,205400.0,7.0,1450430.0,376
2023-05-10 21:06:12,sn2310,sn2310,205400.0,0.0,0.0,0.0,1,206000.0,206340.0,2,207740.0,207130.0,207890.0,205400.0,7.0,1450430.0,376
2023-05-10 21:06:12,sn2310,sn2310,205400.0,0.0,0.0,0.0,1,206000.0,206340.0,2,207740.0,207130.0,207890.0,205400.0,7.0,1450430.0,376
2023-05-10 21:06:13,sn2310,sn2310,205400.0,0.0,0.0,0.0,1,206010.0,206340.0,2,207740.0,207130.0,207890.0,205400.0,7.0,1450430.0,376
2023-05-10 21:06:14,sn2310,sn2310,205400.0,0.0,0.0,0.0,1,206020.0,206340.0,2,207740.0,207130.0,207890.0,205400.0,7.0,1450430.0,376
2023-05-10 21:06:14,sn2310,sn2310,205400.0,0.0,0.0,0.0,1,206040.0,206340.0,2,207740.0,207130.0,207890.0,205400.0,7.0,1450430.0,376
2023-05-10 21:06:15,sn2310,sn2310,205400.0,0.0,0.0,0.0,1,206060.0,206340.0,2,207740.0,207130.0,207890.0,205400.0,7.0,1450430.0,376
2023-05-10 21:06:15,sn2310,sn2310,205400.0,0.0,0.0,0.0,1,206070.0,206340.0,2,207740.0,207130.0,207890.0,205400.0,7.0,1450430.0,376
2023-05-10 21:06:16,sn2310,sn2310,205400.0,0.0,0.0,0.0,1,206070.0,206320.0,1,207740.0,207130.0,207890.0,205400.0,7.0,1450430.0,376
2023-05-10 21:06:17,sn2310,sn2310,205400.0,0.0,0.0,0.0,1,206080.0,206350.0,1,207740.0,207130.0,207890.0,205400.0,7.0,1450430.0,376
2023-05-10 21:06:17,sn2310,sn2310,205400.0,0.0,0.0,0.0,2,206100.0,206310.0,2,207740.0,207130.0,207890.0,205400.0,7.0,1450430.0,376
2023-05-10 21:06:18,sn2310,sn2310,205400.0,0.0,0.0,0.0,1,206120.0,206310.0,2,207740.0,207130.0,207890.0,205400.0,7.0,1450430.0,376
2023-05-10 21:06:18,sn2310,sn2310,206310.0,1.0,206310.0,0.0,2,206120.0,206870.0,2,207740.0,207130.0,207890.0,205400.0,8.0,1656740.0,376
2023-05-10 21:06:19,sn2310,sn2310,206310.0,0.0,0.0,0.0,1,206140.0,206620.0,1,207740.0,207130.0,207890.0,205400.0,8.0,1656740.0,376
2023-05-10 21:06:19,sn2310,sn2310,206310.0,0.0,0.0,0.0,1,206140.0,206620.0,2,207740.0,207130.0,207890.0,205400.0,8.0,1656740.0,376
2023-05-10 21:06:20,sn2310,sn2310,206310.0,0.0,0.0,0.0,1,206160.0,206530.0,1,207740.0,207130.0,207890.0,205400.0,8.0,1656740.0,376
2023-05-10 21:06:20,sn2310,sn2310,206310.0,0.0,0.0,0.0,1,206180.0,206520.0,1,207740.0,207130.0,207890.0,205400.0,8.0,1656740.0,376
2023-05-10 21:06:21,sn2310,sn2310,206310.0,0.0,0.0,0.0,2,206180.0,206530.0,1,207740.0,207130.0,207890.0,205400.0,8.0,1656740.0,376
2023-05-10 21:06:21,sn2310,sn2310,206310.0,0.0,0.0,0.0,1,206190.0,206530.0,1,207740.0,207130.0,207890.0,205400.0,8.0,1656740.0,376
2023-05-10 21:06:22,sn2310,sn2310,206310.0,0.0,0.0,0.0,1,206210.0,206530.0,1,207740.0,207130.0,207890.0,205400.0,8.0,1656740.0,376
2023-05-10 21:06:22,sn2310,sn2310,206310.0,0.0,0.0,0.0,1,206230.0,206520.0,1,207740.0,207130.0,207890.0,205400.0,8.0,1656740.0,376
2023-05-10 21:06:23,sn2310,sn2310,206310.0,0.0,0.0,0.0,1,206290.0,206520.0,1,207740.0,207130.0,207890.0,205400.0,8.0,1656740.0,376
2023-05-10 21:06:23,sn2310,sn2310,206310.0,0.0,0.0,0.0,1,206330.0,207000.0,2,207740.0,207130.0,207890.0,205400.0,8.0,1656740.0,376
2023-05-10 21:06:24,sn2310,sn2310,206310.0,0.0,0.0,0.0,1,206340.0,206820.0,1,207740.0,207130.0,207890.0,205400.0,8.0,1656740.0,376
2023-05-10 21:06:24,sn2310,sn2310,206310.0,0.0,0.0,0.0,1,206350.0,206820.0,1,207740.0,207130.0,207890.0,205400.0,8.0,1656740.0,376
2023-05-10 21:06:25,sn2310,sn2310,206310.0,0.0,0.0,0.0,1,206340.0,206630.0,1,207740.0,207130.0,207890.0,205400.0,8.0,1656740.0,376
2023-05-10 21:06:25,sn2310,sn2310,206310.0,0.0,0.0,0.0,1,206340.0,206630.0,2,207740.0,207130.0,207890.0,205400.0,8.0,1656740.0,376
2023-05-10 21:06:26,sn2310,sn2310,206310.0,0.0,0.0,0.0,1,206340.0,206620.0,1,207740.0,207130.0,207890.0,205400.0,8.0,1656740.0,376
2023-05-10 21:06:26,sn2310,sn2310,206310.0,0.0,0.0,0.0,1,206340.0,206620.0,2,207740.0,207130.0,207890.0,205400.0,8.0,1656740.0,376
2023-05-10 21:06:27,sn2310,sn2310,206310.0,0.0,0.0,0.0,1,206340.0,206620.0,1,207740.0,207130.0,207890.0,205400.0,8.0,1656740.0,376
2023-05-10 21:06:28,sn2310,sn2310,206310.0,0.0,0.0,0.0,1,206350.0,206610.0,1,207740.0,207130.0,207890.0,205400.0,8.0,1656740.0,376
2023-05-10 21:06:28,sn2310,sn2310,206310.0,0.0,0.0,0.0,1,206340.0,206610.0,1,207740.0,207130.0,207890.0,205400.0,8.0,1656740.0,376
2023-05-10 21:06:29,sn2310,sn2310,206310.0,0.0,0.0,0.0,1,206340.0,206610.0,1,207740.0,207130.0,207890.0,205400.0,8.0,1656740.0,376
2023-05-10 21:06:29,sn2310,sn2310,206310.0,0.0,0.0,0.0,1,206340.0,206610.0,1,207740.0,207130.0,207890.0,205400.0,8.0,1656740.0,376
2023-05-10 21:06:30,sn2310,sn2310,206310.0,0.0,0.0,0.0,1,206340.0,206610.0,1,207740.0,207130.0,207890.0,205400.0,8.0,1656740.0,376
2023-05-10 21:06:31,sn2310,sn2310,206310.0,0.0,0.0,0.0,1,206170.0,206610.0,1,207740.0,207130.0,207890.0,205400.0,8.0,1656740.0,376
2023-05-10 21:06:32,sn2310,sn2310,206310.0,0.0,0.0,0.0,1,206180.0,206610.0,1,207740.0,207130.0,207890.0,205400.0,8.0,1656740.0,376
2023-05-10 21:06:32,sn2310,sn2310,206310.0,0.0,0.0,0.0,1,206040.0,206610.0,1,207740.0,207130.0,207890.0,205400.0,8.0,1656740.0,376
2023-05-10 21:06:33,sn2310,sn2310,206310.0,0.0,0.0,0.0,1,206080.0,206610.0,1,207740.0,207130.0,207890.0,205400.0,8.0,1656740.0,376
2023-05-10 21:06:33,sn2310,sn2310,206310.0,0.0,0.0,0.0,1,206100.0,206520.0,1,207740.0,207130.0,207890.0,205400.0,8.0,1656740.0,376
2023-05-10 21:06:34,sn2310,sn2310,206310.0,0.0,0.0,0.0,1,206140.0,206520.0,1,207740.0,207130.0,207890.0,205400.0,8.0,1656740.0,376
2023-05-10 21:06:34,sn2310,sn2310,206310.0,0.0,0.0,0.0,1,206160.0,206980.0,2,207740.0,207130.0,207890.0,205400.0,8.0,1656740.0,376
2023-05-10 21:06:35,sn2310,sn2310,206310.0,0.0,0.0,0.0,1,206200.0,206630.0,1,207740.0,207130.0,207890.0,205400.0,8.0,1656740.0,376
2023-05-10 21:06:35,sn2310,sn2310,206310.0,0.0,0.0,0.0,1,206160.0,206630.0,1,207740.0,207130.0,207890.0,205400.0,8.0,1656740.0,376
2023-05-10 21:06:36,sn2310,sn2310,206310.0,0.0,0.0,0.0,1,206160.0,206630.0,3,207740.0,207130.0,207890.0,205400.0,8.0,1656740.0,376
2023-05-10 21:06:36,sn2310,sn2310,206310.0,0.0,0.0,0.0,1,206160.0,206500.0,1,207740.0,207130.0,207890.0,205400.0,8.0,1656740.0,376
2023-05-10 21:06:37,sn2310,sn2310,206310.0,0.0,0.0,0.0,1,206160.0,206500.0,1,207740.0,207130.0,207890.0,205400.0,8.0,1656740.0,376
2023-05-10 21:06:37,sn2310,sn2310,206310.0,0.0,0.0,0.0,1,206160.0,206500.0,1,207740.0,207130.0,207890.0,205400.0,8.0,1656740.0,376
2023-05-10 21:06:38,sn2310,sn2310,206310.0,0.0,0.0,0.0,1,206170.0,206490.0,1,207740.0,207130.0,207890.0,205400.0,8.0,1656740.0,376
2023-05-10 21:06:38,sn2310,sn2310,206310.0,0.0,0.0,0.0,1,206160.0,206490.0,1,207740.0,207130.0,207890.0,205400.0,8.0,1656740.0,376
2023-05-10 21:06:39,sn2310,sn2310,206310.0,0.0,0.0,0.0,1,206160.0,206490.0,1,207740.0,207130.0,207890.0,205400.0,8.0,1656740.0,376
2023-05-10 21:06:40,sn2310,sn2310,206310.0,0.0,0.0,0.0,1,206160.0,206490.0,1,207740.0,207130.0,207890.0,205400.0,8.0,1656740.0,376
2023-05-10 21:06:42,sn2310,sn2310,206310.0,0.0,0.0,0.0,1,206160.0,206470.0,1,207740.0,207130.0,207890.0,205400.0,8.0,1656740.0,376
2023-05-10 21:06:43,sn2310,sn2310,206310.0,0.0,0.0,0.0,1,206160.0,207070.0,2,207740.0,207130.0,207890.0,205400.0,8.0,1656740.0,376
2023-05-10 21:06:43,sn2310,sn2310,206310.0,0.0,0.0,0.0,1,206170.0,206460.0,1,207740.0,207130.0,207890.0,205400.0,8.0,1656740.0,376
2023-05-10 21:06:44,sn2310,sn2310,206310.0,0.0,0.0,0.0,1,206170.0,206460.0,1,207740.0,207130.0,207890.0,205400.0,8.0,1656740.0,376
2023-05-10 21:06:44,sn2310,sn2310,206310.0,0.0,0.0,0.0,1,206170.0,206460.0,1,207740.0,207130.0,207890.0,205400.0,8.0,1656740.0,376
2023-05-10 21:06:45,sn2310,sn2310,206310.0,0.0,0.0,0.0,1,206180.0,206890.0,1,207740.0,207130.0,207890.0,205400.0,8.0,1656740.0,376
2023-05-10 21:06:46,sn2310,sn2310,206310.0,0.0,0.0,0.0,1,206190.0,206630.0,1,207740.0,207130.0,207890.0,205400.0,8.0,1656740.0,376
2023-05-10 21:06:46,sn2310,sn2310,206310.0,0.0,0.0,0.0,1,206180.0,206630.0,4,207740.0,207130.0,207890.0,205400.0,8.0,1656740.0,376
