time,symbol_id,symbol_name,last,trade_volume,trade_amount,open_interest_change,bv1,bp1,ap1,av1,yesterday_close,today_open,today_high,today_low,volume,amount,open_interest
2023-05-10 20:59:00,sn2401,sn2401,207050.0,0.0,0.0,0.0,2,204000.0,211180.0,2,207050.0,206290.0,0.0,0.0,0.0,0.0,604
2023-05-10 21:00:00,sn2401,sn2401,207050.0,0.0,0.0,0.0,1,204100.0,211080.0,1,207050.0,206290.0,0.0,0.0,0.0,0.0,604
2023-05-10 21:00:01,sn2401,sn2401,207050.0,0.0,0.0,0.0,1,205300.0,206490.0,2,207050.0,206290.0,0.0,0.0,0.0,0.0,604
2023-05-10 21:00:01,sn2401,sn2401,207050.0,0.0,0.0,0.0,1,205300.0,206450.0,1,207050.0,206290.0,0.0,0.0,0.0,0.0,604
2023-05-10 21:00:02,sn2401,sn2401,207050.0,0.0,0.0,0.0,2,204000.0,206400.0,2,207050.0,206290.0,0.0,0.0,0.0,0.0,604
2023-05-10 21:00:02,sn2401,sn2401,207050.0,0.0,0.0,0.0,1,205020.0,206300.0,1,207050.0,206290.0,0.0,0.0,0.0,0.0,604
2023-05-10 21:00:03,sn2401,sn2401,207050.0,0.0,0.0,0.0,1,205020.0,206100.0,2,207050.0,206290.0,0.0,0.0,0.0,0.0,604
2023-05-10 21:00:03,sn2401,sn2401,207050.0,0.0,0.0,0.0,1,205550.0,206090.0,1,207050.0,206290.0,0.0,0.0,0.0,0.0,604
2023-05-10 21:00:04,sn2401,sn2401,207050.0,0.0,0.0,0.0,1,205020.0,206050.0,2,207050.0,206290.0,0.0,0.0,0.0,0.0,604
2023-05-10 21:00:04,sn2401,sn2401,207050.0,0.0,0.0,0.0,1,205470.0,206000.0,1,207050.0,206290.0,0.0,0.0,0.0,0.0,604
2023-05-10 21:00:05,sn2401,sn2401,207050.0,0.0,0.0,0.0,1,205470.0,206000.0,1,207050.0,206290.0,0.0,0.0,0.0,0.0,604
2023-05-10 21:00:05,sn2401,sn2401,207050.0,0.0,0.0,0.0,1,205470.0,205940.0,2,207050.0,206290.0,0.0,0.0,0.0,0.0,604
2023-05-10 21:00:06,sn2401,sn2401,207050.0,0.0,0.0,0.0,1,205470.0,205890.0,1,207050.0,206290.0,0.0,0.0,0.0,0.0,604
2023-05-10 21:00:06,sn2401,sn2401,207050.0,0.0,0.0,0.0,1,205470.0,206290.0,4,207050.0,206290.0,0.0,0.0,0.0,0.0,604
2023-05-10 21:00:07,sn2401,sn2401,207050.0,0.0,0.0,0.0,1,205470.0,205930.0,2,207050.0,206290.0,0.0,0.0,0.0,0.0,604
2023-05-10 21:00:07,sn2401,sn2401,207050.0,0.0,0.0,0.0,1,205470.0,206290.0,4,207050.0,206290.0,0.0,0.0,0.0,0.0,604
2023-05-10 21:00:08,sn2401,sn2401,207050.0,0.0,0.0,0.0,1,205470.0,206080.0,2,207050.0,206290.0,0.0,0.0,0.0,0.0,604
2023-05-10 21:00:08,sn2401,sn2401,207050.0,0.0,0.0,0.0,1,205470.0,206270.0,2,207050.0,206290.0,0.0,0.0,0.0,0.0,604
2023-05-10 21:00:09,sn2401,sn2401,207050.0,0.0,0.0,0.0,6,205490.0,206250.0,3,207050.0,206290.0,0.0,0.0,0.0,0.0,604
2023-05-10 21:00:09,sn2401,sn2401,207050.0,0.0,0.0,0.0,1,205760.0,206250.0,3,207050.0,206290.0,0.0,0.0,0.0,0.0,604
2023-05-10 21:00:10,sn2401,sn2401,207050.0,0.0,0.0,0.0,1,205900.0,206250.0,3,207050.0,206290.0,0.0,0.0,0.0,0.0,604
2023-05-10 21:00:10,sn2401,sn2401,207050.0,0.0,0.0,0.0,2,205900.0,206290.0,4,207050.0,206290.0,0.0,0.0,0.0,0.0,604
2023-05-10 21:00:11,sn2401,sn2401,207050.0,0.0,0.0,0.0,3,205920.0,206290.0,4,207050.0,206290.0,0.0,0.0,0.0,0.0,604
2023-05-10 21:00:11,sn2401,sn2401,207050.0,0.0,0.0,0.0,1,206110.0,206290.0,4,207050.0,206290.0,0.0,0.0,0.0,0.0,604
2023-05-10 21:00:12,sn2401,sn2401,207050.0,0.0,0.0,0.0,1,206160.0,206290.0,4,207050.0,206290.0,0.0,0.0,0.0,0.0,604
2023-05-10 21:00:12,sn2401,sn2401,207050.0,0.0,0.0,0.0,1,206160.0,206290.0,4,207050.0,206290.0,0.0,0.0,0.0,0.0,604
2023-05-10 21:00:13,sn2401,sn2401,207050.0,0.0,0.0,0.0,1,206200.0,206290.0,4,207050.0,206290.0,0.0,0.0,0.0,0.0,604
2023-05-10 21:00:13,sn2401,sn2401,206290.0,2.0,412580.0,-2.0,4,206210.0,206290.0,2,207050.0,206290.0,206290.0,206290.0,2.0,412580.0,602
2023-05-10 21:00:14,sn2401,sn2401,206290.0,2.0,412580.0,1.0,3,206220.0,211210.0,1,207050.0,206290.0,206290.0,206290.0,4.0,825160.0,603
2023-05-10 21:00:14,sn2401,sn2401,206290.0,0.0,0.0,0.0,1,206230.0,207000.0,2,207050.0,206290.0,206290.0,206290.0,4.0,825160.0,603
2023-05-10 21:00:15,sn2401,sn2401,206290.0,0.0,0.0,0.0,1,206230.0,206980.0,5,207050.0,206290.0,206290.0,206290.0,4.0,825160.0,603
2023-05-10 21:00:15,sn2401,sn2401,206290.0,0.0,0.0,0.0,1,206230.0,206980.0,6,207050.0,206290.0,206290.0,206290.0,4.0,825160.0,603
2023-05-10 21:00:16,sn2401,sn2401,206290.0,0.0,0.0,0.0,2,206240.0,206730.0,1,207050.0,206290.0,206290.0,206290.0,4.0,825160.0,603
2023-05-10 21:00:16,sn2401,sn2401,206290.0,0.0,0.0,0.0,2,206240.0,206730.0,1,207050.0,206290.0,206290.0,206290.0,4.0,825160.0,603
2023-05-10 21:00:17,sn2401,sn2401,206290.0,0.0,0.0,0.0,2,206240.0,206710.0,5,207050.0,206290.0,206290.0,206290.0,4.0,825160.0,603
2023-05-10 21:00:17,sn2401,sn2401,206290.0,0.0,0.0,0.0,2,206240.0,206700.0,1,207050.0,206290.0,206290.0,206290.0,4.0,825160.0,603
2023-05-10 21:00:18,sn2401,sn2401,206290.0,0.0,0.0,0.0,2,206240.0,206700.0,1,207050.0,206290.0,206290.0,206290.0,4.0,825160.0,603
2023-05-10 21:00:19,sn2401,sn2401,206290.0,0.0,0.0,0.0,1,206260.0,206930.0,2,207050.0,206290.0,206290.0,206290.0,4.0,825160.0,603
2023-05-10 21:00:19,sn2401,sn2401,206290.0,0.0,0.0,0.0,3,206280.0,209390.0,1,207050.0,206290.0,206290.0,206290.0,4.0,825160.0,603
2023-05-10 21:00:20,sn2401,sn2401,206290.0,0.0,0.0,0.0,9,206280.0,207270.0,2,207050.0,206290.0,206290.0,206290.0,4.0,825160.0,603
2023-05-10 21:00:20,sn2401,sn2401,206290.0,0.0,0.0,0.0,4,206300.0,207250.0,3,207050.0,206290.0,206290.0,206290.0,4.0,825160.0,603
2023-05-10 21:00:21,sn2401,sn2401,206290.0,0.0,0.0,0.0,1,206350.0,207250.0,3,207050.0,206290.0,206290.0,206290.0,4.0,825160.0,603
2023-05-10 21:00:21,sn2401,sn2401,206290.0,0.0,0.0,0.0,13,206370.0,209180.0,1,207050.0,206290.0,206290.0,206290.0,4.0,825160.0,603
2023-05-10 21:00:22,sn2401,sn2401,206290.0,0.0,0.0,0.0,1,206700.0,207750.0,2,207050.0,206290.0,206290.0,206290.0,4.0,825160.0,603
2023-05-10 21:00:22,sn2401,sn2401,206290.0,0.0,0.0,0.0,1,206720.0,207730.0,5,207050.0,206290.0,206290.0,206290.0,4.0,825160.0,603
2023-05-10 21:00:23,sn2401,sn2401,206290.0,0.0,0.0,0.0,1,206750.0,207700.0,3,207050.0,206290.0,206290.0,206290.0,4.0,825160.0,603
2023-05-10 21:00:23,sn2401,sn2401,206290.0,0.0,0.0,0.0,1,206770.0,207630.0,1,207050.0,206290.0,206290.0,206290.0,4.0,825160.0,603
2023-05-10 21:00:24,sn2401,sn2401,206290.0,0.0,0.0,0.0,6,206250.0,207140.0,1,207050.0,206290.0,206290.0,206290.0,4.0,825160.0,603
2023-05-10 21:00:24,sn2401,sn2401,206290.0,0.0,0.0,0.0,1,206400.0,207500.0,2,207050.0,206290.0,206290.0,206290.0,4.0,825160.0,603
2023-05-10 21:00:25,sn2401,sn2401,206290.0,0.0,0.0,0.0,10,206420.0,207470.0,1,207050.0,206290.0,206290.0,206290.0,4.0,825160.0,603
2023-05-10 21:00:25,sn2401,sn2401,206290.0,0.0,0.0,0.0,3,206440.0,207450.0,5,207050.0,206290.0,206290.0,206290.0,4.0,825160.0,603
2023-05-10 21:00:26,sn2401,sn2401,206290.0,0.0,0.0,0.0,11,206460.0,207450.0,5,207050.0,206290.0,206290.0,206290.0,4.0,825160.0,603
2023-05-10 21:00:26,sn2401,sn2401,206290.0,0.0,0.0,0.0,3,206480.0,207450.0,3,207050.0,206290.0,206290.0,206290.0,4.0,825160.0,603
2023-05-10 21:00:27,sn2401,sn2401,206290.0,0.0,0.0,0.0,1,206590.0,207450.0,3,207050.0,206290.0,206290.0,206290.0,4.0,825160.0,603
2023-05-10 21:00:27,sn2401,sn2401,206290.0,0.0,0.0,0.0,13,206610.0,207500.0,1,207050.0,206290.0,206290.0,206290.0,4.0,825160.0,603
2023-05-10 21:00:28,sn2401,sn2401,206290.0,0.0,0.0,0.0,2,206690.0,208580.0,1,207050.0,206290.0,206290.0,206290.0,4.0,825160.0,603
2023-05-10 21:00:28,sn2401,sn2401,206290.0,0.0,0.0,0.0,1,206760.0,208030.0,2,207050.0,206290.0,206290.0,206290.0,4.0,825160.0,603
2023-05-10 21:00:29,sn2401,sn2401,206290.0,0.0,0.0,0.0,1,206810.0,207970.0,1,207050.0,206290.0,206290.0,206290.0,4.0,825160.0,603
2023-05-10 21:00:29,sn2401,sn2401,206290.0,0.0,0.0,0.0,1,206880.0,207890.0,2,207050.0,206290.0,206290.0,206290.0,4.0,825160.0,603
2023-05-10 21:00:30,sn2401,sn2401,206290.0,0.0,0.0,0.0,1,206940.0,207950.0,5,207050.0,206290.0,206290.0,206290.0,4.0,825160.0,603
2023-05-10 21:00:30,sn2401,sn2401,206290.0,0.0,0.0,0.0,1,207050.0,209110.0,1,207050.0,206290.0,206290.0,206290.0,4.0,825160.0,603
2023-05-10 21:00:31,sn2401,sn2401,206290.0,0.0,0.0,0.0,7,207070.0,208250.0,2,207050.0,206290.0,206290.0,206290.0,4.0,825160.0,603
2023-05-10 21:00:31,sn2401,sn2401,206290.0,0.0,0.0,0.0,1,207270.0,208230.0,5,207050.0,206290.0,206290.0,206290.0,4.0,825160.0,603
2023-05-10 21:00:32,sn2401,sn2401,206290.0,0.0,0.0,0.0,13,207290.0,209020.0,1,207050.0,206290.0,206290.0,206290.0,4.0,825160.0,603
2023-05-10 21:00:32,sn2401,sn2401,206290.0,0.0,0.0,0.0,1,207300.0,207840.0,1,207050.0,206290.0,206290.0,206290.0,4.0,825160.0,603
2023-05-10 21:00:33,sn2401,sn2401,206290.0,0.0,0.0,0.0,13,207320.0,207840.0,1,207050.0,206290.0,206290.0,206290.0,4.0,825160.0,603
2023-05-10 21:00:33,sn2401,sn2401,206290.0,0.0,0.0,0.0,14,207320.0,207840.0,1,207050.0,206290.0,206290.0,206290.0,4.0,825160.0,603
2023-05-10 21:00:34,sn2401,sn2401,206290.0,0.0,0.0,0.0,13,207320.0,207840.0,1,207050.0,206290.0,206290.0,206290.0,4.0,825160.0,603
2023-05-10 21:00:34,sn2401,sn2401,206290.0,0.0,0.0,0.0,10,207320.0,207840.0,1,207050.0,206290.0,206290.0,206290.0,4.0,825160.0,603
2023-05-10 21:00:35,sn2401,sn2401,206290.0,0.0,0.0,0.0,7,207320.0,207840.0,1,207050.0,206290.0,206290.0,206290.0,4.0,825160.0,603
2023-05-10 21:00:35,sn2401,sn2401,206290.0,0.0,0.0,0.0,1,207330.0,207840.0,1,207050.0,206290.0,206290.0,206290.0,4.0,825160.0,603
2023-05-10 21:00:36,sn2401,sn2401,206290.0,0.0,0.0,0.0,1,207330.0,207770.0,1,207050.0,206290.0,206290.0,206290.0,4.0,825160.0,603
2023-05-10 21:00:36,sn2401,sn2401,206290.0,0.0,0.0,0.0,6,206250.0,207770.0,1,207050.0,206290.0,206290.0,206290.0,4.0,825160.0,603
2023-05-10 21:00:37,sn2401,sn2401,206290.0,0.0,0.0,0.0,1,206790.0,207750.0,5,207050.0,206290.0,206290.0,206290.0,4.0,825160.0,603
2023-05-10 21:00:37,sn2401,sn2401,206290.0,0.0,0.0,0.0,13,206810.0,207750.0,5,207050.0,206290.0,206290.0,206290.0,4.0,825160.0,603
2023-05-10 21:00:38,sn2401,sn2401,206290.0,0.0,0.0,0.0,13,206810.0,207750.0,5,207050.0,206290.0,206290.0,206290.0,4.0,825160.0,603
2023-05-10 21:00:38,sn2401,sn2401,206290.0,0.0,0.0,0.0,13,206810.0,207750.0,5,207050.0,206290.0,206290.0,206290.0,4.0,825160.0,603
2023-05-10 21:00:39,sn2401,sn2401,206290.0,0.0,0.0,0.0,1,206840.0,207610.0,1,207050.0,206290.0,206290.0,206290.0,4.0,825160.0,603
2023-05-10 21:00:39,sn2401,sn2401,206290.0,0.0,0.0,0.0,13,206860.0,207610.0,1,207050.0,206290.0,206290.0,206290.0,4.0,825160.0,603
2023-05-10 21:00:40,sn2401,sn2401,206290.0,0.0,0.0,0.0,1,207010.0,207610.0,1,207050.0,206290.0,206290.0,206290.0,4.0,825160.0,603
2023-05-10 21:00:40,sn2401,sn2401,206290.0,0.0,0.0,0.0,13,207030.0,207610.0,1,207050.0,206290.0,206290.0,206290.0,4.0,825160.0,603
2023-05-10 21:00:41,sn2401,sn2401,206290.0,0.0,0.0,0.0,13,207030.0,207610.0,1,207050.0,206290.0,206290.0,206290.0,4.0,825160.0,603
2023-05-10 21:00:41,sn2401,sn2401,206290.0,0.0,0.0,0.0,1,207060.0,207610.0,1,207050.0,206290.0,206290.0,206290.0,4.0,825160.0,603
2023-05-10 21:00:42,sn2401,sn2401,206290.0,0.0,0.0,0.0,7,207030.0,207610.0,1,207050.0,206290.0,206290.0,206290.0,4.0,825160.0,603
2023-05-10 21:00:43,sn2401,sn2401,206290.0,0.0,0.0,0.0,4,207030.0,207510.0,1,207050.0,206290.0,206290.0,206290.0,4.0,825160.0,603
2023-05-10 21:00:44,sn2401,sn2401,206290.0,0.0,0.0,0.0,1,207030.0,207510.0,1,207050.0,206290.0,206290.0,206290.0,4.0,825160.0,603
2023-05-10 21:00:44,sn2401,sn2401,206290.0,0.0,0.0,0.0,3,207040.0,207600.0,3,207050.0,206290.0,206290.0,206290.0,4.0,825160.0,603
2023-05-10 21:00:45,sn2401,sn2401,206290.0,0.0,0.0,0.0,1,207060.0,208360.0,1,207050.0,206290.0,206290.0,206290.0,4.0,825160.0,603
2023-05-10 21:00:45,sn2401,sn2401,206290.0,0.0,0.0,0.0,1,207090.0,207960.0,2,207050.0,206290.0,206290.0,206290.0,4.0,825160.0,603
2023-05-10 21:00:46,sn2401,sn2401,206290.0,0.0,0.0,0.0,7,207110.0,207940.0,3,207050.0,206290.0,206290.0,206290.0,4.0,825160.0,603
2023-05-10 21:00:46,sn2401,sn2401,206290.0,0.0,0.0,0.0,8,207110.0,207940.0,3,207050.0,206290.0,206290.0,206290.0,4.0,825160.0,603
2023-05-10 21:00:47,sn2401,sn2401,206290.0,0.0,0.0,0.0,7,207110.0,207810.0,1,207050.0,206290.0,206290.0,206290.0,4.0,825160.0,603
2023-05-10 21:00:47,sn2401,sn2401,206290.0,0.0,0.0,0.0,7,207110.0,207790.0,3,207050.0,206290.0,206290.0,206290.0,4.0,825160.0,603
2023-05-10 21:00:48,sn2401,sn2401,206290.0,0.0,0.0,0.0,6,206250.0,207770.0,2,207050.0,206290.0,206290.0,206290.0,4.0,825160.0,603
2023-05-10 21:00:48,sn2401,sn2401,206290.0,0.0,0.0,0.0,1,206660.0,207740.0,3,207050.0,206290.0,206290.0,206290.0,4.0,825160.0,603
2023-05-10 21:00:49,sn2401,sn2401,206290.0,0.0,0.0,0.0,10,206680.0,207710.0,1,207050.0,206290.0,206290.0,206290.0,4.0,825160.0,603
2023-05-10 21:00:49,sn2401,sn2401,206290.0,0.0,0.0,0.0,1,206710.0,207610.0,3,207050.0,206290.0,206290.0,206290.0,4.0,825160.0,603
2023-05-10 21:00:50,sn2401,sn2401,206290.0,0.0,0.0,0.0,4,206730.0,207590.0,5,207050.0,206290.0,206290.0,206290.0,4.0,825160.0,603
2023-05-10 21:00:50,sn2401,sn2401,206290.0,0.0,0.0,0.0,1,206750.0,207510.0,3,207050.0,206290.0,206290.0,206290.0,4.0,825160.0,603
2023-05-10 21:00:51,sn2401,sn2401,206290.0,0.0,0.0,0.0,1,206770.0,207430.0,1,207050.0,206290.0,206290.0,206290.0,4.0,825160.0,603
2023-05-10 21:00:51,sn2401,sn2401,206290.0,0.0,0.0,0.0,3,206790.0,207430.0,1,207050.0,206290.0,206290.0,206290.0,4.0,825160.0,603
2023-05-10 21:00:52,sn2401,sn2401,206290.0,0.0,0.0,0.0,7,206810.0,207430.0,1,207050.0,206290.0,206290.0,206290.0,4.0,825160.0,603
2023-05-10 21:00:52,sn2401,sn2401,206290.0,0.0,0.0,0.0,8,206810.0,207430.0,1,207050.0,206290.0,206290.0,206290.0,4.0,825160.0,603
2023-05-10 21:00:53,sn2401,sn2401,206290.0,0.0,0.0,0.0,7,206810.0,207430.0,1,207050.0,206290.0,206290.0,206290.0,4.0,825160.0,603
2023-05-10 21:00:55,sn2401,sn2401,206290.0,0.0,0.0,0.0,7,206810.0,207430.0,1,207050.0,206290.0,206290.0,206290.0,4.0,825160.0,603
2023-05-10 21:00:55,sn2401,sn2401,206290.0,0.0,0.0,0.0,8,206810.0,207430.0,1,207050.0,206290.0,206290.0,206290.0,4.0,825160.0,603
2023-05-10 21:00:56,sn2401,sn2401,206290.0,0.0,0.0,0.0,1,206850.0,207430.0,1,207050.0,206290.0,206290.0,206290.0,4.0,825160.0,603
2023-05-10 21:00:56,sn2401,sn2401,206290.0,0.0,0.0,0.0,13,206870.0,207430.0,1,207050.0,206290.0,206290.0,206290.0,4.0,825160.0,603
2023-05-10 21:00:57,sn2401,sn2401,206290.0,0.0,0.0,0.0,1,206940.0,207430.0,1,207050.0,206290.0,206290.0,206290.0,4.0,825160.0,603
2023-05-10 21:00:57,sn2401,sn2401,206290.0,0.0,0.0,0.0,10,206960.0,207430.0,1,207050.0,206290.0,206290.0,206290.0,4.0,825160.0,603
2023-05-10 21:00:58,sn2401,sn2401,206290.0,0.0,0.0,0.0,7,206960.0,207430.0,1,207050.0,206290.0,206290.0,206290.0,4.0,825160.0,603
2023-05-10 21:00:58,sn2401,sn2401,206290.0,0.0,0.0,0.0,7,206960.0,207430.0,1,207050.0,206290.0,206290.0,206290.0,4.0,825160.0,603
2023-05-10 21:01:00,sn2401,sn2401,206290.0,0.0,0.0,0.0,1,206970.0,207430.0,1,207050.0,206290.0,206290.0,206290.0,4.0,825160.0,603
2023-05-10 21:01:01,sn2401,sn2401,206290.0,0.0,0.0,0.0,4,206990.0,207430.0,1,207050.0,206290.0,206290.0,206290.0,4.0,825160.0,603
2023-05-10 21:01:01,sn2401,sn2401,206290.0,0.0,0.0,0.0,4,207010.0,207430.0,1,207050.0,206290.0,206290.0,206290.0,4.0,825160.0,603
2023-05-10 21:01:02,sn2401,sn2401,206290.0,0.0,0.0,0.0,4,207030.0,207430.0,1,207050.0,206290.0,206290.0,206290.0,4.0,825160.0,603
2023-05-10 21:01:03,sn2401,sn2401,206290.0,0.0,0.0,0.0,4,207030.0,207430.0,1,207050.0,206290.0,206290.0,206290.0,4.0,825160.0,603
2023-05-10 21:01:03,sn2401,sn2401,206290.0,0.0,0.0,0.0,4,207030.0,207430.0,1,207050.0,206290.0,206290.0,206290.0,4.0,825160.0,603
2023-05-10 21:01:04,sn2401,sn2401,206290.0,0.0,0.0,0.0,1,207030.0,207430.0,1,207050.0,206290.0,206290.0,206290.0,4.0,825160.0,603
2023-05-10 21:01:05,sn2401,sn2401,206290.0,0.0,0.0,0.0,3,207050.0,207430.0,1,207050.0,206290.0,206290.0,206290.0,4.0,825160.0,603
2023-05-10 21:01:06,sn2401,sn2401,206290.0,0.0,0.0,0.0,1,207070.0,207430.0,1,207050.0,206290.0,206290.0,206290.0,4.0,825160.0,603
2023-05-10 21:01:06,sn2401,sn2401,206290.0,0.0,0.0,0.0,3,207090.0,207430.0,1,207050.0,206290.0,206290.0,206290.0,4.0,825160.0,603
2023-05-10 21:01:07,sn2401,sn2401,206290.0,0.0,0.0,0.0,2,207110.0,207430.0,1,207050.0,206290.0,206290.0,206290.0,4.0,825160.0,603
2023-05-10 21:01:07,sn2401,sn2401,206290.0,0.0,0.0,0.0,1,207110.0,207430.0,1,207050.0,206290.0,206290.0,206290.0,4.0,825160.0,603
2023-05-10 21:01:08,sn2401,sn2401,206290.0,0.0,0.0,0.0,3,207120.0,207430.0,1,207050.0,206290.0,206290.0,206290.0,4.0,825160.0,603
2023-05-10 21:01:08,sn2401,sn2401,206290.0,0.0,0.0,0.0,1,207140.0,207430.0,1,207050.0,206290.0,206290.0,206290.0,4.0,825160.0,603
2023-05-10 21:01:09,sn2401,sn2401,206290.0,0.0,0.0,0.0,3,207160.0,207430.0,1,207050.0,206290.0,206290.0,206290.0,4.0,825160.0,603
2023-05-10 21:01:09,sn2401,sn2401,206290.0,0.0,0.0,0.0,1,207180.0,207430.0,1,207050.0,206290.0,206290.0,206290.0,4.0,825160.0,603
2023-05-10 21:01:10,sn2401,sn2401,206290.0,0.0,0.0,0.0,3,207200.0,207430.0,1,207050.0,206290.0,206290.0,206290.0,4.0,825160.0,603
2023-05-10 21:01:11,sn2401,sn2401,206290.0,0.0,0.0,0.0,3,207200.0,207430.0,1,207050.0,206290.0,206290.0,206290.0,4.0,825160.0,603
2023-05-10 21:01:11,sn2401,sn2401,206290.0,0.0,0.0,0.0,3,207200.0,207430.0,1,207050.0,206290.0,206290.0,206290.0,4.0,825160.0,603
2023-05-10 21:01:12,sn2401,sn2401,206290.0,0.0,0.0,0.0,3,207200.0,207430.0,1,207050.0,206290.0,206290.0,206290.0,4.0,825160.0,603
2023-05-10 21:01:12,sn2401,sn2401,206290.0,0.0,0.0,0.0,1,207220.0,207430.0,1,207050.0,206290.0,206290.0,206290.0,4.0,825160.0,603
2023-05-10 21:01:13,sn2401,sn2401,206290.0,0.0,0.0,0.0,1,207220.0,207430.0,1,207050.0,206290.0,206290.0,206290.0,4.0,825160.0,603
2023-05-10 21:01:15,sn2401,sn2401,206290.0,0.0,0.0,0.0,1,207220.0,207430.0,1,207050.0,206290.0,206290.0,206290.0,4.0,825160.0,603
2023-05-10 21:01:15,sn2401,sn2401,206290.0,0.0,0.0,0.0,1,207220.0,207430.0,1,207050.0,206290.0,206290.0,206290.0,4.0,825160.0,603
2023-05-10 21:01:16,sn2401,sn2401,206290.0,0.0,0.0,0.0,1,207220.0,207430.0,1,207050.0,206290.0,206290.0,206290.0,4.0,825160.0,603
2023-05-10 21:01:17,sn2401,sn2401,206290.0,0.0,0.0,0.0,3,207240.0,207430.0,1,207050.0,206290.0,206290.0,206290.0,4.0,825160.0,603
2023-05-10 21:01:18,sn2401,sn2401,206290.0,0.0,0.0,0.0,1,207260.0,207430.0,1,207050.0,206290.0,206290.0,206290.0,4.0,825160.0,603
2023-05-10 21:01:19,sn2401,sn2401,206290.0,0.0,0.0,0.0,1,207260.0,207430.0,1,207050.0,206290.0,206290.0,206290.0,4.0,825160.0,603
2023-05-10 21:01:20,sn2401,sn2401,207260.0,1.0,207260.0,0.0,1,206650.0,207430.0,1,207050.0,206290.0,207260.0,206290.0,5.0,1032420.0,603
2023-05-10 21:01:20,sn2401,sn2401,207260.0,0.0,0.0,0.0,1,206810.0,207430.0,1,207050.0,206290.0,207260.0,206290.0,5.0,1032420.0,603
2023-05-10 21:01:21,sn2401,sn2401,207260.0,0.0,0.0,0.0,12,206830.0,207430.0,1,207050.0,206290.0,207260.0,206290.0,5.0,1032420.0,603
2023-05-10 21:01:21,sn2401,sn2401,207260.0,0.0,0.0,0.0,1,206860.0,207430.0,1,207050.0,206290.0,207260.0,206290.0,5.0,1032420.0,603
2023-05-10 21:01:22,sn2401,sn2401,207260.0,0.0,0.0,0.0,12,206880.0,207430.0,1,207050.0,206290.0,207260.0,206290.0,5.0,1032420.0,603
2023-05-10 21:01:22,sn2401,sn2401,207260.0,0.0,0.0,0.0,1,206930.0,207430.0,1,207050.0,206290.0,207260.0,206290.0,5.0,1032420.0,603
2023-05-10 21:01:23,sn2401,sn2401,207260.0,0.0,0.0,0.0,1,207000.0,207430.0,1,207050.0,206290.0,207260.0,206290.0,5.0,1032420.0,603
2023-05-10 21:01:23,sn2401,sn2401,207260.0,0.0,0.0,0.0,9,207020.0,207430.0,1,207050.0,206290.0,207260.0,206290.0,5.0,1032420.0,603
2023-05-10 21:01:24,sn2401,sn2401,207260.0,0.0,0.0,0.0,12,207020.0,207430.0,1,207050.0,206290.0,207260.0,206290.0,5.0,1032420.0,603
2023-05-10 21:01:24,sn2401,sn2401,207260.0,0.0,0.0,0.0,12,207020.0,207430.0,1,207050.0,206290.0,207260.0,206290.0,5.0,1032420.0,603
2023-05-10 21:01:25,sn2401,sn2401,207260.0,0.0,0.0,0.0,12,207020.0,207430.0,1,207050.0,206290.0,207260.0,206290.0,5.0,1032420.0,603
2023-05-10 21:01:25,sn2401,sn2401,207260.0,0.0,0.0,0.0,9,207020.0,207430.0,1,207050.0,206290.0,207260.0,206290.0,5.0,1032420.0,603
2023-05-10 21:01:26,sn2401,sn2401,207260.0,0.0,0.0,0.0,9,207020.0,207430.0,1,207050.0,206290.0,207260.0,206290.0,5.0,1032420.0,603
2023-05-10 21:01:27,sn2401,sn2401,207260.0,0.0,0.0,0.0,1,207040.0,207430.0,1,207050.0,206290.0,207260.0,206290.0,5.0,1032420.0,603
2023-05-10 21:01:28,sn2401,sn2401,207260.0,0.0,0.0,0.0,9,207060.0,207430.0,1,207050.0,206290.0,207260.0,206290.0,5.0,1032420.0,603
2023-05-10 21:01:28,sn2401,sn2401,207260.0,0.0,0.0,0.0,1,207080.0,207430.0,1,207050.0,206290.0,207260.0,206290.0,5.0,1032420.0,603
2023-05-10 21:01:29,sn2401,sn2401,207260.0,0.0,0.0,0.0,6,207060.0,207430.0,1,207050.0,206290.0,207260.0,206290.0,5.0,1032420.0,603
2023-05-10 21:01:29,sn2401,sn2401,207260.0,0.0,0.0,0.0,3,207100.0,207430.0,1,207050.0,206290.0,207260.0,206290.0,5.0,1032420.0,603
2023-05-10 21:01:30,sn2401,sn2401,207260.0,0.0,0.0,0.0,3,207100.0,207430.0,1,207050.0,206290.0,207260.0,206290.0,5.0,1032420.0,603
2023-05-10 21:01:31,sn2401,sn2401,207260.0,0.0,0.0,0.0,3,207100.0,207430.0,1,207050.0,206290.0,207260.0,206290.0,5.0,1032420.0,603
2023-05-10 21:01:32,sn2401,sn2401,207260.0,0.0,0.0,0.0,3,207100.0,207430.0,1,207050.0,206290.0,207260.0,206290.0,5.0,1032420.0,603
2023-05-10 21:01:33,sn2401,sn2401,207260.0,0.0,0.0,0.0,3,207100.0,207430.0,1,207050.0,206290.0,207260.0,206290.0,5.0,1032420.0,603
2023-05-10 21:01:34,sn2401,sn2401,207260.0,0.0,0.0,0.0,1,207120.0,207430.0,1,207050.0,206290.0,207260.0,206290.0,5.0,1032420.0,603
2023-05-10 21:01:34,sn2401,sn2401,207260.0,0.0,0.0,0.0,3,207100.0,207430.0,1,207050.0,206290.0,207260.0,206290.0,5.0,1032420.0,603
2023-05-10 21:01:35,sn2401,sn2401,207260.0,0.0,0.0,0.0,3,207120.0,207430.0,1,207050.0,206290.0,207260.0,206290.0,5.0,1032420.0,603
2023-05-10 21:01:35,sn2401,sn2401,207260.0,0.0,0.0,0.0,3,207120.0,207430.0,1,207050.0,206290.0,207260.0,206290.0,5.0,1032420.0,603
2023-05-10 21:01:39,sn2401,sn2401,207260.0,0.0,0.0,0.0,1,207140.0,207430.0,1,207050.0,206290.0,207260.0,206290.0,5.0,1032420.0,603
2023-05-10 21:01:40,sn2401,sn2401,207260.0,0.0,0.0,0.0,3,207120.0,207430.0,1,207050.0,206290.0,207260.0,206290.0,5.0,1032420.0,603
2023-05-10 21:01:41,sn2401,sn2401,207260.0,0.0,0.0,0.0,1,206650.0,207430.0,1,207050.0,206290.0,207260.0,206290.0,5.0,1032420.0,603
2023-05-10 21:01:42,sn2401,sn2401,207260.0,0.0,0.0,0.0,1,206770.0,207430.0,1,207050.0,206290.0,207260.0,206290.0,5.0,1032420.0,603
2023-05-10 21:01:42,sn2401,sn2401,207260.0,0.0,0.0,0.0,12,206790.0,207430.0,1,207050.0,206290.0,207260.0,206290.0,5.0,1032420.0,603
2023-05-10 21:01:43,sn2401,sn2401,207260.0,0.0,0.0,0.0,1,206860.0,207430.0,1,207050.0,206290.0,207260.0,206290.0,5.0,1032420.0,603
2023-05-10 21:01:43,sn2401,sn2401,207260.0,0.0,0.0,0.0,12,206880.0,207430.0,1,207050.0,206290.0,207260.0,206290.0,5.0,1032420.0,603
2023-05-10 21:01:44,sn2401,sn2401,207260.0,0.0,0.0,0.0,1,206920.0,207430.0,1,207050.0,206290.0,207260.0,206290.0,5.0,1032420.0,603
2023-05-10 21:01:44,sn2401,sn2401,207260.0,0.0,0.0,0.0,9,206940.0,207430.0,1,207050.0,206290.0,207260.0,206290.0,5.0,1032420.0,603
2023-05-10 21:01:45,sn2401,sn2401,207260.0,0.0,0.0,0.0,1,206980.0,207430.0,1,207050.0,206290.0,207260.0,206290.0,5.0,1032420.0,603
2023-05-10 21:01:45,sn2401,sn2401,207260.0,0.0,0.0,0.0,6,207000.0,207430.0,1,207050.0,206290.0,207260.0,206290.0,5.0,1032420.0,603
2023-05-10 21:01:46,sn2401,sn2401,207260.0,0.0,0.0,0.0,6,207000.0,207430.0,1,207050.0,206290.0,207260.0,206290.0,5.0,1032420.0,603
2023-05-10 21:01:47,sn2401,sn2401,207260.0,0.0,0.0,0.0,6,207000.0,207430.0,1,207050.0,206290.0,207260.0,206290.0,5.0,1032420.0,603
2023-05-10 21:01:48,sn2401,sn2401,207260.0,0.0,0.0,0.0,3,207010.0,207430.0,1,207050.0,206290.0,207260.0,206290.0,5.0,1032420.0,603
2023-05-10 21:01:48,sn2401,sn2401,207260.0,0.0,0.0,0.0,6,207030.0,207430.0,1,207050.0,206290.0,207260.0,206290.0,5.0,1032420.0,603
2023-05-10 21:01:49,sn2401,sn2401,207260.0,0.0,0.0,0.0,6,207030.0,207430.0,1,207050.0,206290.0,207260.0,206290.0,5.0,1032420.0,603
2023-05-10 21:01:50,sn2401,sn2401,207260.0,0.0,0.0,0.0,1,207060.0,207430.0,1,207050.0,206290.0,207260.0,206290.0,5.0,1032420.0,603
2023-05-10 21:01:51,sn2401,sn2401,207260.0,0.0,0.0,0.0,3,207070.0,207430.0,1,207050.0,206290.0,207260.0,206290.0,5.0,1032420.0,603
2023-05-10 21:01:53,sn2401,sn2401,207260.0,0.0,0.0,0.0,3,207070.0,207430.0,1,207050.0,206290.0,207260.0,206290.0,5.0,1032420.0,603
2023-05-10 21:01:53,sn2401,sn2401,207260.0,0.0,0.0,0.0,3,207070.0,207430.0,1,207050.0,206290.0,207260.0,206290.0,5.0,1032420.0,603
2023-05-10 21:01:54,sn2401,sn2401,207260.0,0.0,0.0,0.0,3,207070.0,207430.0,1,207050.0,206290.0,207260.0,206290.0,5.0,1032420.0,603
2023-05-10 21:01:56,sn2401,sn2401,207260.0,0.0,0.0,0.0,1,207080.0,207430.0,1,207050.0,206290.0,207260.0,206290.0,5.0,1032420.0,603
2023-05-10 21:01:56,sn2401,sn2401,207260.0,0.0,0.0,0.0,3,207070.0,207430.0,1,207050.0,206290.0,207260.0,206290.0,5.0,1032420.0,603
2023-05-10 21:01:57,sn2401,sn2401,207260.0,0.0,0.0,0.0,1,206650.0,207430.0,1,207050.0,206290.0,207260.0,206290.0,5.0,1032420.0,603
2023-05-10 21:01:57,sn2401,sn2401,207260.0,0.0,0.0,0.0,12,206670.0,207430.0,1,207050.0,206290.0,207260.0,206290.0,5.0,1032420.0,603
2023-05-10 21:01:58,sn2401,sn2401,207260.0,0.0,0.0,0.0,13,206670.0,207430.0,1,207050.0,206290.0,207260.0,206290.0,5.0,1032420.0,603
2023-05-10 21:01:59,sn2401,sn2401,207260.0,0.0,0.0,0.0,1,206680.0,207430.0,1,207050.0,206290.0,207260.0,206290.0,5.0,1032420.0,603
2023-05-10 21:01:59,sn2401,sn2401,207260.0,0.0,0.0,0.0,12,206700.0,207430.0,1,207050.0,206290.0,207260.0,206290.0,5.0,1032420.0,603
2023-05-10 21:02:00,sn2401,sn2401,207260.0,0.0,0.0,0.0,12,206700.0,207430.0,1,207050.0,206290.0,207260.0,206290.0,5.0,1032420.0,603
2023-05-10 21:02:00,sn2401,sn2401,207260.0,0.0,0.0,0.0,12,206700.0,207410.0,3,207050.0,206290.0,207260.0,206290.0,5.0,1032420.0,603
2023-05-10 21:02:01,sn2401,sn2401,207260.0,0.0,0.0,0.0,9,206700.0,207410.0,3,207050.0,206290.0,207260.0,206290.0,5.0,1032420.0,603
2023-05-10 21:02:01,sn2401,sn2401,207260.0,0.0,0.0,0.0,1,206720.0,207410.0,3,207050.0,206290.0,207260.0,206290.0,5.0,1032420.0,603
2023-05-10 21:02:02,sn2401,sn2401,207260.0,0.0,0.0,0.0,3,206740.0,207410.0,3,207050.0,206290.0,207260.0,206290.0,5.0,1032420.0,603
2023-05-10 21:02:03,sn2401,sn2401,207260.0,0.0,0.0,0.0,3,206760.0,207390.0,1,207050.0,206290.0,207260.0,206290.0,5.0,1032420.0,603
2023-05-10 21:02:03,sn2401,sn2401,207260.0,0.0,0.0,0.0,3,206780.0,207390.0,1,207050.0,206290.0,207260.0,206290.0,5.0,1032420.0,603
2023-05-10 21:02:04,sn2401,sn2401,207260.0,0.0,0.0,0.0,3,206780.0,208360.0,1,207050.0,206290.0,207260.0,206290.0,5.0,1032420.0,603
2023-05-10 21:02:04,sn2401,sn2401,207260.0,0.0,0.0,0.0,3,206780.0,207370.0,3,207050.0,206290.0,207260.0,206290.0,5.0,1032420.0,603
2023-05-10 21:02:05,sn2401,sn2401,207260.0,0.0,0.0,0.0,3,206780.0,207370.0,3,207050.0,206290.0,207260.0,206290.0,5.0,1032420.0,603
2023-05-10 21:02:05,sn2401,sn2401,207260.0,0.0,0.0,0.0,1,206290.0,207200.0,1,207050.0,206290.0,207260.0,206290.0,5.0,1032420.0,603
2023-05-10 21:02:06,sn2401,sn2401,207260.0,0.0,0.0,0.0,1,206390.0,207350.0,5,207050.0,206290.0,207260.0,206290.0,5.0,1032420.0,603
2023-05-10 21:02:06,sn2401,sn2401,207260.0,0.0,0.0,0.0,12,206410.0,207330.0,3,207050.0,206290.0,207260.0,206290.0,5.0,1032420.0,603
2023-05-10 21:02:07,sn2401,sn2401,207260.0,0.0,0.0,0.0,1,206450.0,207330.0,3,207050.0,206290.0,207260.0,206290.0,5.0,1032420.0,603
2023-05-10 21:02:07,sn2401,sn2401,207260.0,0.0,0.0,0.0,9,206470.0,207330.0,3,207050.0,206290.0,207260.0,206290.0,5.0,1032420.0,603
2023-05-10 21:02:08,sn2401,sn2401,207260.0,0.0,0.0,0.0,9,206470.0,207190.0,1,207050.0,206290.0,207260.0,206290.0,5.0,1032420.0,603
2023-05-10 21:02:08,sn2401,sn2401,207260.0,0.0,0.0,0.0,9,206470.0,207190.0,1,207050.0,206290.0,207260.0,206290.0,5.0,1032420.0,603
2023-05-10 21:02:09,sn2401,sn2401,207260.0,0.0,0.0,0.0,9,206470.0,207190.0,1,207050.0,206290.0,207260.0,206290.0,5.0,1032420.0,603
2023-05-10 21:02:10,sn2401,sn2401,207260.0,0.0,0.0,0.0,10,206470.0,207190.0,1,207050.0,206290.0,207260.0,206290.0,5.0,1032420.0,603
2023-05-10 21:02:10,sn2401,sn2401,207260.0,0.0,0.0,0.0,9,206470.0,207190.0,1,207050.0,206290.0,207260.0,206290.0,5.0,1032420.0,603
2023-05-10 21:02:12,sn2401,sn2401,207260.0,0.0,0.0,0.0,6,206470.0,207170.0,3,207050.0,206290.0,207260.0,206290.0,5.0,1032420.0,603
2023-05-10 21:02:12,sn2401,sn2401,207260.0,0.0,0.0,0.0,1,206490.0,207170.0,3,207050.0,206290.0,207260.0,206290.0,5.0,1032420.0,603
2023-05-10 21:02:13,sn2401,sn2401,207260.0,0.0,0.0,0.0,3,206510.0,207170.0,3,207050.0,206290.0,207260.0,206290.0,5.0,1032420.0,603
2023-05-10 21:02:13,sn2401,sn2401,207260.0,0.0,0.0,0.0,1,206270.0,206980.0,1,207050.0,206290.0,207260.0,206290.0,5.0,1032420.0,603
2023-05-10 21:02:14,sn2401,sn2401,207260.0,0.0,0.0,0.0,9,206290.0,207150.0,5,207050.0,206290.0,207260.0,206290.0,5.0,1032420.0,603
2023-05-10 21:02:14,sn2401,sn2401,207260.0,0.0,0.0,0.0,1,206300.0,207130.0,3,207050.0,206290.0,207260.0,206290.0,5.0,1032420.0,603
2023-05-10 21:02:15,sn2401,sn2401,207260.0,0.0,0.0,0.0,9,206320.0,207020.0,1,207050.0,206290.0,207260.0,206290.0,5.0,1032420.0,603
2023-05-10 21:02:15,sn2401,sn2401,207260.0,0.0,0.0,0.0,9,206320.0,207020.0,1,207050.0,206290.0,207260.0,206290.0,5.0,1032420.0,603
2023-05-10 21:02:16,sn2401,sn2401,207260.0,0.0,0.0,0.0,9,206320.0,207020.0,1,207050.0,206290.0,207260.0,206290.0,5.0,1032420.0,603
2023-05-10 21:02:16,sn2401,sn2401,207260.0,0.0,0.0,0.0,9,206320.0,207020.0,1,207050.0,206290.0,207260.0,206290.0,5.0,1032420.0,603
2023-05-10 21:02:17,sn2401,sn2401,207260.0,0.0,0.0,0.0,3,206320.0,207000.0,6,207050.0,206290.0,207260.0,206290.0,5.0,1032420.0,603
2023-05-10 21:02:17,sn2401,sn2401,207260.0,0.0,0.0,0.0,3,206320.0,207000.0,6,207050.0,206290.0,207260.0,206290.0,5.0,1032420.0,603
2023-05-10 21:02:18,sn2401,sn2401,207260.0,0.0,0.0,0.0,1,206340.0,207000.0,6,207050.0,206290.0,207260.0,206290.0,5.0,1032420.0,603
2023-05-10 21:02:18,sn2401,sn2401,207260.0,0.0,0.0,0.0,3,206360.0,207000.0,6,207050.0,206290.0,207260.0,206290.0,5.0,1032420.0,603
2023-05-10 21:02:19,sn2401,sn2401,207260.0,0.0,0.0,0.0,3,206360.0,207000.0,6,207050.0,206290.0,207260.0,206290.0,5.0,1032420.0,603
2023-05-10 21:02:20,sn2401,sn2401,207260.0,0.0,0.0,0.0,3,206380.0,207730.0,1,207050.0,206290.0,207260.0,206290.0,5.0,1032420.0,603
2023-05-10 21:02:20,sn2401,sn2401,207260.0,0.0,0.0,0.0,1,206410.0,207330.0,2,207050.0,206290.0,207260.0,206290.0,5.0,1032420.0,603
2023-05-10 21:02:21,sn2401,sn2401,207260.0,0.0,0.0,0.0,3,206430.0,207230.0,1,207050.0,206290.0,207260.0,206290.0,5.0,1032420.0,603
2023-05-10 21:02:21,sn2401,sn2401,207260.0,0.0,0.0,0.0,1,206440.0,207160.0,2,207050.0,206290.0,207260.0,206290.0,5.0,1032420.0,603
2023-05-10 21:02:22,sn2401,sn2401,207260.0,0.0,0.0,0.0,1,206440.0,206900.0,1,207050.0,206290.0,207260.0,206290.0,5.0,1032420.0,603
2023-05-10 21:02:22,sn2401,sn2401,207260.0,0.0,0.0,0.0,1,206300.0,207140.0,8,207050.0,206290.0,207260.0,206290.0,5.0,1032420.0,603
2023-05-10 21:02:23,sn2401,sn2401,207260.0,0.0,0.0,0.0,2,206440.0,207120.0,8,207050.0,206290.0,207260.0,206290.0,5.0,1032420.0,603
2023-05-10 21:02:23,sn2401,sn2401,207260.0,0.0,0.0,0.0,2,206440.0,207120.0,8,207050.0,206290.0,207260.0,206290.0,5.0,1032420.0,603
2023-05-10 21:02:24,sn2401,sn2401,207260.0,0.0,0.0,0.0,2,206440.0,207120.0,8,207050.0,206290.0,207260.0,206290.0,5.0,1032420.0,603
2023-05-10 21:02:24,sn2401,sn2401,207260.0,0.0,0.0,0.0,2,206440.0,206880.0,1,207050.0,206290.0,207260.0,206290.0,5.0,1032420.0,603
2023-05-10 21:02:25,sn2401,sn2401,207260.0,0.0,0.0,0.0,2,206440.0,206880.0,1,207050.0,206290.0,207260.0,206290.0,5.0,1032420.0,603
2023-05-10 21:02:25,sn2401,sn2401,207260.0,0.0,0.0,0.0,2,206440.0,207080.0,2,207050.0,206290.0,207260.0,206290.0,5.0,1032420.0,603
2023-05-10 21:02:26,sn2401,sn2401,207260.0,0.0,0.0,0.0,2,206440.0,207060.0,8,207050.0,206290.0,207260.0,206290.0,5.0,1032420.0,603
2023-05-10 21:02:27,sn2401,sn2401,207260.0,0.0,0.0,0.0,1,206450.0,206900.0,1,207050.0,206290.0,207260.0,206290.0,5.0,1032420.0,603
2023-05-10 21:02:28,sn2401,sn2401,207260.0,0.0,0.0,0.0,1,206450.0,206900.0,1,207050.0,206290.0,207260.0,206290.0,5.0,1032420.0,603
2023-05-10 21:02:29,sn2401,sn2401,207260.0,0.0,0.0,0.0,1,206450.0,207080.0,2,207050.0,206290.0,207260.0,206290.0,5.0,1032420.0,603
2023-05-10 21:02:29,sn2401,sn2401,207260.0,0.0,0.0,0.0,2,206440.0,206930.0,1,207050.0,206290.0,207260.0,206290.0,5.0,1032420.0,603
2023-05-10 21:02:30,sn2401,sn2401,207260.0,0.0,0.0,0.0,2,206440.0,206930.0,1,207050.0,206290.0,207260.0,206290.0,5.0,1032420.0,603
2023-05-10 21:02:30,sn2401,sn2401,207260.0,0.0,0.0,0.0,2,206440.0,206910.0,3,207050.0,206290.0,207260.0,206290.0,5.0,1032420.0,603
2023-05-10 21:02:31,sn2401,sn2401,207260.0,0.0,0.0,0.0,2,206440.0,206910.0,3,207050.0,206290.0,207260.0,206290.0,5.0,1032420.0,603
2023-05-10 21:02:31,sn2401,sn2401,207260.0,0.0,0.0,0.0,2,206440.0,206910.0,3,207050.0,206290.0,207260.0,206290.0,5.0,1032420.0,603
2023-05-10 21:02:32,sn2401,sn2401,207260.0,0.0,0.0,0.0,2,206440.0,206910.0,3,207050.0,206290.0,207260.0,206290.0,5.0,1032420.0,603
2023-05-10 21:02:33,sn2401,sn2401,207260.0,0.0,0.0,0.0,2,206440.0,206900.0,1,207050.0,206290.0,207260.0,206290.0,5.0,1032420.0,603
2023-05-10 21:02:33,sn2401,sn2401,207260.0,0.0,0.0,0.0,2,206440.0,206910.0,3,207050.0,206290.0,207260.0,206290.0,5.0,1032420.0,603
2023-05-10 21:02:34,sn2401,sn2401,207260.0,0.0,0.0,0.0,2,206440.0,207080.0,2,207050.0,206290.0,207260.0,206290.0,5.0,1032420.0,603
2023-05-10 21:02:34,sn2401,sn2401,207260.0,0.0,0.0,0.0,1,206450.0,206930.0,1,207050.0,206290.0,207260.0,206290.0,5.0,1032420.0,603
2023-05-10 21:02:35,sn2401,sn2401,207260.0,0.0,0.0,0.0,2,206440.0,206920.0,2,207050.0,206290.0,207260.0,206290.0,5.0,1032420.0,603
2023-05-10 21:02:35,sn2401,sn2401,207260.0,0.0,0.0,0.0,2,206440.0,206920.0,2,207050.0,206290.0,207260.0,206290.0,5.0,1032420.0,603
2023-05-10 21:02:36,sn2401,sn2401,207260.0,0.0,0.0,0.0,2,206440.0,206890.0,1,207050.0,206290.0,207260.0,206290.0,5.0,1032420.0,603
2023-05-10 21:02:36,sn2401,sn2401,207260.0,0.0,0.0,0.0,2,206440.0,206890.0,1,207050.0,206290.0,207260.0,206290.0,5.0,1032420.0,603
2023-05-10 21:02:37,sn2401,sn2401,207260.0,0.0,0.0,0.0,2,206440.0,207080.0,2,207050.0,206290.0,207260.0,206290.0,5.0,1032420.0,603
2023-05-10 21:02:37,sn2401,sn2401,207260.0,0.0,0.0,0.0,2,206440.0,206930.0,1,207050.0,206290.0,207260.0,206290.0,5.0,1032420.0,603
2023-05-10 21:02:38,sn2401,sn2401,207260.0,0.0,0.0,0.0,2,206440.0,206910.0,2,207050.0,206290.0,207260.0,206290.0,5.0,1032420.0,603
2023-05-10 21:02:38,sn2401,sn2401,207260.0,0.0,0.0,0.0,2,206440.0,206890.0,1,207050.0,206290.0,207260.0,206290.0,5.0,1032420.0,603
2023-05-10 21:02:39,sn2401,sn2401,207260.0,0.0,0.0,0.0,2,206440.0,206910.0,2,207050.0,206290.0,207260.0,206290.0,5.0,1032420.0,603
2023-05-10 21:02:39,sn2401,sn2401,207260.0,0.0,0.0,0.0,2,206440.0,207080.0,2,207050.0,206290.0,207260.0,206290.0,5.0,1032420.0,603
2023-05-10 21:02:40,sn2401,sn2401,207260.0,0.0,0.0,0.0,1,206450.0,207060.0,8,207050.0,206290.0,207260.0,206290.0,5.0,1032420.0,603
2023-05-10 21:02:40,sn2401,sn2401,207260.0,0.0,0.0,0.0,2,206440.0,207060.0,8,207050.0,206290.0,207260.0,206290.0,5.0,1032420.0,603
2023-05-10 21:02:41,sn2401,sn2401,207260.0,0.0,0.0,0.0,2,206440.0,207060.0,8,207050.0,206290.0,207260.0,206290.0,5.0,1032420.0,603
2023-05-10 21:02:42,sn2401,sn2401,207260.0,0.0,0.0,0.0,2,206440.0,206940.0,1,207050.0,206290.0,207260.0,206290.0,5.0,1032420.0,603
2023-05-10 21:02:43,sn2401,sn2401,207260.0,0.0,0.0,0.0,2,206440.0,207050.0,2,207050.0,206290.0,207260.0,206290.0,5.0,1032420.0,603
2023-05-10 21:02:43,sn2401,sn2401,207260.0,0.0,0.0,0.0,2,206440.0,207030.0,5,207050.0,206290.0,207260.0,206290.0,5.0,1032420.0,603
2023-05-10 21:02:44,sn2401,sn2401,207260.0,0.0,0.0,0.0,2,206440.0,207030.0,5,207050.0,206290.0,207260.0,206290.0,5.0,1032420.0,603
2023-05-10 21:02:45,sn2401,sn2401,207260.0,0.0,0.0,0.0,2,206440.0,206910.0,1,207050.0,206290.0,207260.0,206290.0,5.0,1032420.0,603
2023-05-10 21:02:45,sn2401,sn2401,207260.0,0.0,0.0,0.0,1,206450.0,206900.0,2,207050.0,206290.0,207260.0,206290.0,5.0,1032420.0,603
2023-05-10 21:02:46,sn2401,sn2401,207260.0,0.0,0.0,0.0,2,206440.0,206900.0,2,207050.0,206290.0,207260.0,206290.0,5.0,1032420.0,603
2023-05-10 21:02:46,sn2401,sn2401,207260.0,0.0,0.0,0.0,2,206440.0,206900.0,3,207050.0,206290.0,207260.0,206290.0,5.0,1032420.0,603
2023-05-10 21:02:47,sn2401,sn2401,207260.0,0.0,0.0,0.0,2,206440.0,206900.0,3,207050.0,206290.0,207260.0,206290.0,5.0,1032420.0,603
2023-05-10 21:02:48,sn2401,sn2401,207260.0,0.0,0.0,0.0,2,206440.0,206900.0,3,207050.0,206290.0,207260.0,206290.0,5.0,1032420.0,603
2023-05-10 21:02:48,sn2401,sn2401,207260.0,0.0,0.0,0.0,2,206440.0,206900.0,2,207050.0,206290.0,207260.0,206290.0,5.0,1032420.0,603
2023-05-10 21:02:51,sn2401,sn2401,207260.0,0.0,0.0,0.0,1,206460.0,206900.0,2,207050.0,206290.0,207260.0,206290.0,5.0,1032420.0,603
2023-05-10 21:02:51,sn2401,sn2401,207260.0,0.0,0.0,0.0,2,206440.0,206900.0,2,207050.0,206290.0,207260.0,206290.0,5.0,1032420.0,603
2023-05-10 21:02:55,sn2401,sn2401,207260.0,0.0,0.0,0.0,2,206440.0,206900.0,2,207050.0,206290.0,207260.0,206290.0,5.0,1032420.0,603
2023-05-10 21:02:55,sn2401,sn2401,207260.0,0.0,0.0,0.0,2,206440.0,206900.0,2,207050.0,206290.0,207260.0,206290.0,5.0,1032420.0,603
2023-05-10 21:02:56,sn2401,sn2401,207260.0,0.0,0.0,0.0,1,206460.0,206900.0,2,207050.0,206290.0,207260.0,206290.0,5.0,1032420.0,603
2023-05-10 21:02:57,sn2401,sn2401,207260.0,0.0,0.0,0.0,2,206440.0,207110.0,1,207050.0,206290.0,207260.0,206290.0,5.0,1032420.0,603
2023-05-10 21:02:57,sn2401,sn2401,207260.0,0.0,0.0,0.0,3,206480.0,207090.0,2,207050.0,206290.0,207260.0,206290.0,5.0,1032420.0,603
2023-05-10 21:02:58,sn2401,sn2401,207260.0,0.0,0.0,0.0,3,206480.0,207090.0,2,207050.0,206290.0,207260.0,206290.0,5.0,1032420.0,603
2023-05-10 21:02:59,sn2401,sn2401,207260.0,0.0,0.0,0.0,2,206440.0,209270.0,10,207050.0,206290.0,207260.0,206290.0,5.0,1032420.0,603
2023-05-10 21:02:59,sn2401,sn2401,207260.0,0.0,0.0,0.0,3,206460.0,207300.0,2,207050.0,206290.0,207260.0,206290.0,5.0,1032420.0,603
2023-05-10 21:03:00,sn2401,sn2401,207260.0,0.0,0.0,0.0,3,206460.0,207280.0,10,207050.0,206290.0,207260.0,206290.0,5.0,1032420.0,603
2023-05-10 21:03:00,sn2401,sn2401,207260.0,0.0,0.0,0.0,3,206480.0,207280.0,10,207050.0,206290.0,207260.0,206290.0,5.0,1032420.0,603
2023-05-10 21:03:01,sn2401,sn2401,207260.0,0.0,0.0,0.0,3,206480.0,207280.0,10,207050.0,206290.0,207260.0,206290.0,5.0,1032420.0,603
2023-05-10 21:03:01,sn2401,sn2401,207260.0,0.0,0.0,0.0,3,206480.0,207280.0,10,207050.0,206290.0,207260.0,206290.0,5.0,1032420.0,603
2023-05-10 21:03:02,sn2401,sn2401,207260.0,0.0,0.0,0.0,6,206520.0,207210.0,3,207050.0,206290.0,207260.0,206290.0,5.0,1032420.0,603
2023-05-10 21:03:02,sn2401,sn2401,207260.0,0.0,0.0,0.0,6,206520.0,206960.0,1,207050.0,206290.0,207260.0,206290.0,5.0,1032420.0,603
2023-05-10 21:03:03,sn2401,sn2401,207260.0,0.0,0.0,0.0,6,206520.0,206940.0,2,207050.0,206290.0,207260.0,206290.0,5.0,1032420.0,603
2023-05-10 21:03:03,sn2401,sn2401,207260.0,0.0,0.0,0.0,6,206520.0,206910.0,1,207050.0,206290.0,207260.0,206290.0,5.0,1032420.0,603
2023-05-10 21:03:04,sn2401,sn2401,207260.0,0.0,0.0,0.0,6,206520.0,206900.0,2,207050.0,206290.0,207260.0,206290.0,5.0,1032420.0,603
2023-05-10 21:03:04,sn2401,sn2401,207260.0,0.0,0.0,0.0,6,206520.0,206870.0,1,207050.0,206290.0,207260.0,206290.0,5.0,1032420.0,603
2023-05-10 21:03:05,sn2401,sn2401,207260.0,0.0,0.0,0.0,6,206520.0,206860.0,2,207050.0,206290.0,207260.0,206290.0,5.0,1032420.0,603
2023-05-10 21:03:05,sn2401,sn2401,207260.0,0.0,0.0,0.0,6,206520.0,206840.0,1,207050.0,206290.0,207260.0,206290.0,5.0,1032420.0,603
2023-05-10 21:03:06,sn2401,sn2401,207260.0,0.0,0.0,0.0,6,206520.0,206820.0,2,207050.0,206290.0,207260.0,206290.0,5.0,1032420.0,603
2023-05-10 21:03:06,sn2401,sn2401,206520.0,2.0,413040.0,-1.0,5,206520.0,206660.0,1,207050.0,206290.0,207260.0,206290.0,7.0,1445460.0,602
2023-05-10 21:03:07,sn2401,sn2401,206520.0,0.0,0.0,0.0,5,206520.0,206640.0,2,207050.0,206290.0,207260.0,206290.0,7.0,1445460.0,602
2023-05-10 21:03:07,sn2401,sn2401,206520.0,0.0,0.0,0.0,1,206490.0,206600.0,1,207050.0,206290.0,207260.0,206290.0,7.0,1445460.0,602
2023-05-10 21:03:08,sn2401,sn2401,206520.0,0.0,0.0,0.0,10,204210.0,206580.0,5,207050.0,206290.0,207260.0,206290.0,7.0,1445460.0,602
2023-05-10 21:03:08,sn2401,sn2401,206520.0,0.0,0.0,0.0,1,205760.0,206500.0,1,207050.0,206290.0,207260.0,206290.0,7.0,1445460.0,602
2023-05-10 21:03:09,sn2401,sn2401,206520.0,0.0,0.0,0.0,1,205820.0,206500.0,1,207050.0,206290.0,207260.0,206290.0,7.0,1445460.0,602
2023-05-10 21:03:09,sn2401,sn2401,206520.0,0.0,0.0,0.0,1,205950.0,206500.0,1,207050.0,206290.0,207260.0,206290.0,7.0,1445460.0,602
2023-05-10 21:03:10,sn2401,sn2401,206520.0,0.0,0.0,0.0,9,205970.0,206500.0,1,207050.0,206290.0,207260.0,206290.0,7.0,1445460.0,602
2023-05-10 21:03:10,sn2401,sn2401,206520.0,0.0,0.0,0.0,9,205970.0,206500.0,1,207050.0,206290.0,207260.0,206290.0,7.0,1445460.0,602
2023-05-10 21:03:11,sn2401,sn2401,206520.0,0.0,0.0,0.0,4,205980.0,206500.0,1,207050.0,206290.0,207260.0,206290.0,7.0,1445460.0,602
2023-05-10 21:03:11,sn2401,sn2401,206520.0,0.0,0.0,0.0,3,206000.0,206500.0,1,207050.0,206290.0,207260.0,206290.0,7.0,1445460.0,602
2023-05-10 21:03:12,sn2401,sn2401,206520.0,0.0,0.0,0.0,3,206000.0,206500.0,1,207050.0,206290.0,207260.0,206290.0,7.0,1445460.0,602
2023-05-10 21:03:13,sn2401,sn2401,206520.0,0.0,0.0,0.0,3,206020.0,206500.0,1,207050.0,206290.0,207260.0,206290.0,7.0,1445460.0,602
2023-05-10 21:03:13,sn2401,sn2401,206520.0,0.0,0.0,0.0,3,206040.0,206500.0,1,207050.0,206290.0,207260.0,206290.0,7.0,1445460.0,602
2023-05-10 21:03:14,sn2401,sn2401,206520.0,0.0,0.0,0.0,1,206050.0,206500.0,1,207050.0,206290.0,207260.0,206290.0,7.0,1445460.0,602
2023-05-10 21:03:14,sn2401,sn2401,206520.0,0.0,0.0,0.0,3,206070.0,206500.0,1,207050.0,206290.0,207260.0,206290.0,7.0,1445460.0,602
2023-05-10 21:03:15,sn2401,sn2401,206520.0,0.0,0.0,0.0,3,206080.0,206500.0,1,207050.0,206290.0,207260.0,206290.0,7.0,1445460.0,602
2023-05-10 21:03:16,sn2401,sn2401,206520.0,0.0,0.0,0.0,3,206100.0,206500.0,1,207050.0,206290.0,207260.0,206290.0,7.0,1445460.0,602
2023-05-10 21:03:16,sn2401,sn2401,206520.0,0.0,0.0,0.0,3,206100.0,206500.0,1,207050.0,206290.0,207260.0,206290.0,7.0,1445460.0,602
2023-05-10 21:03:17,sn2401,sn2401,206520.0,0.0,0.0,0.0,3,206100.0,206500.0,1,207050.0,206290.0,207260.0,206290.0,7.0,1445460.0,602
2023-05-10 21:03:17,sn2401,sn2401,206520.0,0.0,0.0,0.0,4,206110.0,206500.0,1,207050.0,206290.0,207260.0,206290.0,7.0,1445460.0,602
2023-05-10 21:03:19,sn2401,sn2401,206520.0,0.0,0.0,0.0,1,206120.0,206500.0,1,207050.0,206290.0,207260.0,206290.0,7.0,1445460.0,602
2023-05-10 21:03:20,sn2401,sn2401,206520.0,0.0,0.0,0.0,4,206110.0,206500.0,1,207050.0,206290.0,207260.0,206290.0,7.0,1445460.0,602
2023-05-10 21:03:20,sn2401,sn2401,206520.0,0.0,0.0,0.0,3,206100.0,206500.0,1,207050.0,206290.0,207260.0,206290.0,7.0,1445460.0,602
2023-05-10 21:03:21,sn2401,sn2401,206520.0,0.0,0.0,0.0,4,206120.0,206500.0,1,207050.0,206290.0,207260.0,206290.0,7.0,1445460.0,602
2023-05-10 21:03:23,sn2401,sn2401,206520.0,0.0,0.0,0.0,4,206120.0,206500.0,1,207050.0,206290.0,207260.0,206290.0,7.0,1445460.0,602
2023-05-10 21:03:24,sn2401,sn2401,206520.0,0.0,0.0,0.0,4,206120.0,206470.0,1,207050.0,206290.0,207260.0,206290.0,7.0,1445460.0,602
2023-05-10 21:03:24,sn2401,sn2401,206520.0,0.0,0.0,0.0,4,206120.0,206450.0,2,207050.0,206290.0,207260.0,206290.0,7.0,1445460.0,602
2023-05-10 21:03:25,sn2401,sn2401,206520.0,0.0,0.0,0.0,4,206120.0,206450.0,2,207050.0,206290.0,207260.0,206290.0,7.0,1445460.0,602
2023-05-10 21:03:25,sn2401,sn2401,206520.0,0.0,0.0,0.0,4,206120.0,206450.0,3,207050.0,206290.0,207260.0,206290.0,7.0,1445460.0,602
2023-05-10 21:03:26,sn2401,sn2401,206520.0,0.0,0.0,0.0,4,206120.0,206430.0,3,207050.0,206290.0,207260.0,206290.0,7.0,1445460.0,602
2023-05-10 21:03:26,sn2401,sn2401,206520.0,0.0,0.0,0.0,4,206120.0,206420.0,2,207050.0,206290.0,207260.0,206290.0,7.0,1445460.0,602
2023-05-10 21:03:27,sn2401,sn2401,206520.0,0.0,0.0,0.0,4,206120.0,209140.0,1,207050.0,206290.0,207260.0,206290.0,7.0,1445460.0,602
2023-05-10 21:03:27,sn2401,sn2401,206520.0,0.0,0.0,0.0,1,206130.0,206570.0,1,207050.0,206290.0,207260.0,206290.0,7.0,1445460.0,602
2023-05-10 21:03:28,sn2401,sn2401,206520.0,0.0,0.0,0.0,4,206120.0,206550.0,2,207050.0,206290.0,207260.0,206290.0,7.0,1445460.0,602
2023-05-10 21:03:28,sn2401,sn2401,206520.0,0.0,0.0,0.0,1,205820.0,206470.0,1,207050.0,206290.0,207260.0,206290.0,7.0,1445460.0,602
2023-05-10 21:03:29,sn2401,sn2401,206520.0,0.0,0.0,0.0,4,206130.0,206460.0,2,207050.0,206290.0,207260.0,206290.0,7.0,1445460.0,602
2023-05-10 21:03:29,sn2401,sn2401,206520.0,0.0,0.0,0.0,4,206130.0,206420.0,1,207050.0,206290.0,207260.0,206290.0,7.0,1445460.0,602
2023-05-10 21:03:30,sn2401,sn2401,206520.0,0.0,0.0,0.0,4,206130.0,206450.0,3,207050.0,206290.0,207260.0,206290.0,7.0,1445460.0,602
2023-05-10 21:03:30,sn2401,sn2401,206520.0,0.0,0.0,0.0,4,206130.0,207120.0,1,207050.0,206290.0,207260.0,206290.0,7.0,1445460.0,602
2023-05-10 21:03:31,sn2401,sn2401,206520.0,0.0,0.0,0.0,4,206130.0,206530.0,1,207050.0,206290.0,207260.0,206290.0,7.0,1445460.0,602
2023-05-10 21:03:31,sn2401,sn2401,206520.0,0.0,0.0,0.0,4,206130.0,206510.0,5,207050.0,206290.0,207260.0,206290.0,7.0,1445460.0,602
2023-05-10 21:03:32,sn2401,sn2401,206520.0,0.0,0.0,0.0,4,206130.0,206510.0,5,207050.0,206290.0,207260.0,206290.0,7.0,1445460.0,602
2023-05-10 21:03:32,sn2401,sn2401,206520.0,0.0,0.0,0.0,4,206130.0,206510.0,6,207050.0,206290.0,207260.0,206290.0,7.0,1445460.0,602
2023-05-10 21:03:34,sn2401,sn2401,206520.0,0.0,0.0,0.0,4,206130.0,206510.0,6,207050.0,206290.0,207260.0,206290.0,7.0,1445460.0,602
2023-05-10 21:03:34,sn2401,sn2401,206520.0,0.0,0.0,0.0,4,206130.0,206510.0,5,207050.0,206290.0,207260.0,206290.0,7.0,1445460.0,602
2023-05-10 21:03:35,sn2401,sn2401,206520.0,0.0,0.0,0.0,4,206130.0,206450.0,1,207050.0,206290.0,207260.0,206290.0,7.0,1445460.0,602
2023-05-10 21:03:35,sn2401,sn2401,206520.0,0.0,0.0,0.0,4,206130.0,206510.0,5,207050.0,206290.0,207260.0,206290.0,7.0,1445460.0,602
2023-05-10 21:03:36,sn2401,sn2401,206520.0,0.0,0.0,0.0,4,206130.0,206730.0,2,207050.0,206290.0,207260.0,206290.0,7.0,1445460.0,602
2023-05-10 21:03:36,sn2401,sn2401,206520.0,0.0,0.0,0.0,4,206130.0,206500.0,2,207050.0,206290.0,207260.0,206290.0,7.0,1445460.0,602
2023-05-10 21:03:37,sn2401,sn2401,206520.0,0.0,0.0,0.0,4,206130.0,206480.0,1,207050.0,206290.0,207260.0,206290.0,7.0,1445460.0,602
2023-05-10 21:03:37,sn2401,sn2401,206520.0,0.0,0.0,0.0,4,206130.0,206500.0,2,207050.0,206290.0,207260.0,206290.0,7.0,1445460.0,602
2023-05-10 21:03:38,sn2401,sn2401,206520.0,0.0,0.0,0.0,5,206130.0,206720.0,1,207050.0,206290.0,207260.0,206290.0,7.0,1445460.0,602
2023-05-10 21:03:38,sn2401,sn2401,206520.0,0.0,0.0,0.0,5,206130.0,206600.0,1,207050.0,206290.0,207260.0,206290.0,7.0,1445460.0,602
2023-05-10 21:03:39,sn2401,sn2401,206520.0,0.0,0.0,0.0,5,206130.0,206590.0,2,207050.0,206290.0,207260.0,206290.0,7.0,1445460.0,602
2023-05-10 21:03:39,sn2401,sn2401,206520.0,0.0,0.0,0.0,4,206130.0,206580.0,1,207050.0,206290.0,207260.0,206290.0,7.0,1445460.0,602
2023-05-10 21:03:40,sn2401,sn2401,206520.0,0.0,0.0,0.0,4,206130.0,206570.0,2,207050.0,206290.0,207260.0,206290.0,7.0,1445460.0,602
2023-05-10 21:03:40,sn2401,sn2401,206520.0,0.0,0.0,0.0,4,206130.0,206550.0,1,207050.0,206290.0,207260.0,206290.0,7.0,1445460.0,602
2023-05-10 21:03:41,sn2401,sn2401,206520.0,0.0,0.0,0.0,4,206130.0,206530.0,2,207050.0,206290.0,207260.0,206290.0,7.0,1445460.0,602
2023-05-10 21:03:41,sn2401,sn2401,206520.0,0.0,0.0,0.0,4,206130.0,206470.0,1,207050.0,206290.0,207260.0,206290.0,7.0,1445460.0,602
2023-05-10 21:03:42,sn2401,sn2401,206520.0,0.0,0.0,0.0,4,206130.0,206510.0,3,207050.0,206290.0,207260.0,206290.0,7.0,1445460.0,602
2023-05-10 21:03:42,sn2401,sn2401,206520.0,0.0,0.0,0.0,4,206130.0,206500.0,2,207050.0,206290.0,207260.0,206290.0,7.0,1445460.0,602
2023-05-10 21:03:43,sn2401,sn2401,206520.0,0.0,0.0,0.0,4,206130.0,206470.0,1,207050.0,206290.0,207260.0,206290.0,7.0,1445460.0,602
2023-05-10 21:03:43,sn2401,sn2401,206520.0,0.0,0.0,0.0,4,206130.0,206450.0,2,207050.0,206290.0,207260.0,206290.0,7.0,1445460.0,602
2023-05-10 21:03:44,sn2401,sn2401,206520.0,0.0,0.0,0.0,4,206130.0,206450.0,2,207050.0,206290.0,207260.0,206290.0,7.0,1445460.0,602
2023-05-10 21:03:44,sn2401,sn2401,206520.0,0.0,0.0,0.0,4,206130.0,206450.0,2,207050.0,206290.0,207260.0,206290.0,7.0,1445460.0,602
2023-05-10 21:03:46,sn2401,sn2401,206520.0,0.0,0.0,0.0,4,206130.0,206450.0,3,207050.0,206290.0,207260.0,206290.0,7.0,1445460.0,602
2023-05-10 21:03:48,sn2401,sn2401,206520.0,0.0,0.0,0.0,4,206130.0,206430.0,3,207050.0,206290.0,207260.0,206290.0,7.0,1445460.0,602
2023-05-10 21:03:48,sn2401,sn2401,206520.0,0.0,0.0,0.0,4,206130.0,206400.0,1,207050.0,206290.0,207260.0,206290.0,7.0,1445460.0,602
2023-05-10 21:03:49,sn2401,sn2401,206520.0,0.0,0.0,0.0,4,206130.0,206380.0,2,207050.0,206290.0,207260.0,206290.0,7.0,1445460.0,602
2023-05-10 21:03:49,sn2401,sn2401,206520.0,0.0,0.0,0.0,4,206130.0,206380.0,2,207050.0,206290.0,207260.0,206290.0,7.0,1445460.0,602
2023-05-10 21:03:50,sn2401,sn2401,206520.0,0.0,0.0,0.0,4,206130.0,207120.0,1,207050.0,206290.0,207260.0,206290.0,7.0,1445460.0,602
2023-05-10 21:03:50,sn2401,sn2401,206520.0,0.0,0.0,0.0,1,206140.0,206870.0,2,207050.0,206290.0,207260.0,206290.0,7.0,1445460.0,602
2023-05-10 21:03:51,sn2401,sn2401,206520.0,0.0,0.0,0.0,4,206130.0,206620.0,1,207050.0,206290.0,207260.0,206290.0,7.0,1445460.0,602
2023-05-10 21:03:51,sn2401,sn2401,206520.0,0.0,0.0,0.0,1,205610.0,206600.0,5,207050.0,206290.0,207260.0,206290.0,7.0,1445460.0,602
2023-05-10 21:03:52,sn2401,sn2401,206520.0,0.0,0.0,0.0,4,206140.0,206600.0,8,207050.0,206290.0,207260.0,206290.0,7.0,1445460.0,602
2023-05-10 21:03:52,sn2401,sn2401,206520.0,0.0,0.0,0.0,4,206140.0,206450.0,1,207050.0,206290.0,207260.0,206290.0,7.0,1445460.0,602
2023-05-10 21:03:53,sn2401,sn2401,206520.0,0.0,0.0,0.0,4,206140.0,206580.0,2,207050.0,206290.0,207260.0,206290.0,7.0,1445460.0,602
2023-05-10 21:03:53,sn2401,sn2401,206520.0,0.0,0.0,0.0,4,206140.0,206540.0,1,207050.0,206290.0,207260.0,206290.0,7.0,1445460.0,602
2023-05-10 21:03:54,sn2401,sn2401,206520.0,0.0,0.0,0.0,4,206140.0,206520.0,5,207050.0,206290.0,207260.0,206290.0,7.0,1445460.0,602
2023-05-10 21:03:54,sn2401,sn2401,206520.0,0.0,0.0,0.0,4,206140.0,206450.0,1,207050.0,206290.0,207260.0,206290.0,7.0,1445460.0,602
2023-05-10 21:03:55,sn2401,sn2401,206520.0,0.0,0.0,0.0,4,206140.0,206520.0,5,207050.0,206290.0,207260.0,206290.0,7.0,1445460.0,602
2023-05-10 21:03:55,sn2401,sn2401,206520.0,0.0,0.0,0.0,4,206140.0,206470.0,1,207050.0,206290.0,207260.0,206290.0,7.0,1445460.0,602
2023-05-10 21:03:56,sn2401,sn2401,206520.0,0.0,0.0,0.0,4,206140.0,206500.0,5,207050.0,206290.0,207260.0,206290.0,7.0,1445460.0,602
2023-05-10 21:03:56,sn2401,sn2401,206520.0,0.0,0.0,0.0,4,206140.0,207140.0,1,207050.0,206290.0,207260.0,206290.0,7.0,1445460.0,602
2023-05-10 21:03:57,sn2401,sn2401,206520.0,0.0,0.0,0.0,4,206140.0,206530.0,1,207050.0,206290.0,207260.0,206290.0,7.0,1445460.0,602
2023-05-10 21:03:57,sn2401,sn2401,206520.0,0.0,0.0,0.0,4,206140.0,206510.0,2,207050.0,206290.0,207260.0,206290.0,7.0,1445460.0,602
2023-05-10 21:03:58,sn2401,sn2401,206520.0,0.0,0.0,0.0,4,206140.0,206490.0,1,207050.0,206290.0,207260.0,206290.0,7.0,1445460.0,602
2023-05-10 21:03:58,sn2401,sn2401,206520.0,0.0,0.0,0.0,4,206140.0,206510.0,2,207050.0,206290.0,207260.0,206290.0,7.0,1445460.0,602
2023-05-10 21:03:59,sn2401,sn2401,206520.0,0.0,0.0,0.0,4,206140.0,206730.0,2,207050.0,206290.0,207260.0,206290.0,7.0,1445460.0,602
2023-05-10 21:03:59,sn2401,sn2401,206520.0,0.0,0.0,0.0,4,206140.0,206490.0,3,207050.0,206290.0,207260.0,206290.0,7.0,1445460.0,602
2023-05-10 21:04:00,sn2401,sn2401,206520.0,0.0,0.0,0.0,4,206140.0,206490.0,2,207050.0,206290.0,207260.0,206290.0,7.0,1445460.0,602
2023-05-10 21:04:00,sn2401,sn2401,206520.0,0.0,0.0,0.0,4,206140.0,206490.0,2,207050.0,206290.0,207260.0,206290.0,7.0,1445460.0,602
2023-05-10 21:04:01,sn2401,sn2401,206520.0,0.0,0.0,0.0,4,206140.0,206490.0,2,207050.0,206290.0,207260.0,206290.0,7.0,1445460.0,602
2023-05-10 21:04:01,sn2401,sn2401,206520.0,0.0,0.0,0.0,4,206140.0,206490.0,2,207050.0,206290.0,207260.0,206290.0,7.0,1445460.0,602
2023-05-10 21:04:02,sn2401,sn2401,206520.0,0.0,0.0,0.0,4,206140.0,206450.0,1,207050.0,206290.0,207260.0,206290.0,7.0,1445460.0,602
2023-05-10 21:04:03,sn2401,sn2401,206520.0,0.0,0.0,0.0,4,206140.0,206430.0,2,207050.0,206290.0,207260.0,206290.0,7.0,1445460.0,602
2023-05-10 21:04:03,sn2401,sn2401,206520.0,0.0,0.0,0.0,4,206140.0,206380.0,1,207050.0,206290.0,207260.0,206290.0,7.0,1445460.0,602
2023-05-10 21:04:04,sn2401,sn2401,206520.0,0.0,0.0,0.0,4,206140.0,206370.0,2,207050.0,206290.0,207260.0,206290.0,7.0,1445460.0,602
2023-05-10 21:04:04,sn2401,sn2401,206520.0,0.0,0.0,0.0,4,206140.0,206330.0,1,207050.0,206290.0,207260.0,206290.0,7.0,1445460.0,602
2023-05-10 21:04:05,sn2401,sn2401,206520.0,0.0,0.0,0.0,4,206140.0,206320.0,2,207050.0,206290.0,207260.0,206290.0,7.0,1445460.0,602
2023-05-10 21:04:05,sn2401,sn2401,206520.0,0.0,0.0,0.0,4,206140.0,206280.0,1,207050.0,206290.0,207260.0,206290.0,7.0,1445460.0,602
2023-05-10 21:04:06,sn2401,sn2401,206520.0,0.0,0.0,0.0,4,206140.0,206270.0,2,207050.0,206290.0,207260.0,206290.0,7.0,1445460.0,602
2023-05-10 21:04:06,sn2401,sn2401,206520.0,0.0,0.0,0.0,4,206140.0,206270.0,3,207050.0,206290.0,207260.0,206290.0,7.0,1445460.0,602
2023-05-10 21:04:07,sn2401,sn2401,206520.0,0.0,0.0,0.0,4,206140.0,206270.0,3,207050.0,206290.0,207260.0,206290.0,7.0,1445460.0,602
2023-05-10 21:04:08,sn2401,sn2401,206520.0,0.0,0.0,0.0,4,206140.0,206270.0,2,207050.0,206290.0,207260.0,206290.0,7.0,1445460.0,602
2023-05-10 21:04:09,sn2401,sn2401,206520.0,0.0,0.0,0.0,4,206140.0,206270.0,3,207050.0,206290.0,207260.0,206290.0,7.0,1445460.0,602
2023-05-10 21:04:10,sn2401,sn2401,206520.0,0.0,0.0,0.0,4,206140.0,206270.0,3,207050.0,206290.0,207260.0,206290.0,7.0,1445460.0,602
2023-05-10 21:04:10,sn2401,sn2401,206520.0,0.0,0.0,0.0,4,206140.0,206270.0,3,207050.0,206290.0,207260.0,206290.0,7.0,1445460.0,602
2023-05-10 21:04:12,sn2401,sn2401,206520.0,0.0,0.0,0.0,4,206140.0,206250.0,2,207050.0,206290.0,207260.0,206290.0,7.0,1445460.0,602
2023-05-10 21:04:13,sn2401,sn2401,206520.0,0.0,0.0,0.0,4,206140.0,206210.0,1,207050.0,206290.0,207260.0,206290.0,7.0,1445460.0,602
2023-05-10 21:04:13,sn2401,sn2401,206520.0,0.0,0.0,0.0,3,206140.0,206200.0,2,207050.0,206290.0,207260.0,206290.0,7.0,1445460.0,602
2023-05-10 21:04:14,sn2401,sn2401,206520.0,0.0,0.0,0.0,1,205660.0,206200.0,2,207050.0,206290.0,207260.0,206290.0,7.0,1445460.0,602
2023-05-10 21:04:14,sn2401,sn2401,206520.0,0.0,0.0,0.0,1,205520.0,206200.0,2,207050.0,206290.0,207260.0,206290.0,7.0,1445460.0,602
2023-05-10 21:04:15,sn2401,sn2401,206520.0,0.0,0.0,0.0,4,205670.0,206200.0,2,207050.0,206290.0,207260.0,206290.0,7.0,1445460.0,602
2023-05-10 21:04:16,sn2401,sn2401,206520.0,0.0,0.0,0.0,4,205670.0,206200.0,2,207050.0,206290.0,207260.0,206290.0,7.0,1445460.0,602
2023-05-10 21:04:17,sn2401,sn2401,206520.0,0.0,0.0,0.0,4,205670.0,206150.0,1,207050.0,206290.0,207260.0,206290.0,7.0,1445460.0,602
2023-05-10 21:04:17,sn2401,sn2401,206520.0,0.0,0.0,0.0,4,205670.0,206180.0,2,207050.0,206290.0,207260.0,206290.0,7.0,1445460.0,602
2023-05-10 21:04:18,sn2401,sn2401,206520.0,0.0,0.0,0.0,4,205670.0,206160.0,3,207050.0,206290.0,207260.0,206290.0,7.0,1445460.0,602
2023-05-10 21:04:18,sn2401,sn2401,206520.0,0.0,0.0,0.0,4,205670.0,206150.0,2,207050.0,206290.0,207260.0,206290.0,7.0,1445460.0,602
2023-05-10 21:04:19,sn2401,sn2401,206520.0,0.0,0.0,0.0,4,205670.0,206130.0,3,207050.0,206290.0,207260.0,206290.0,7.0,1445460.0,602
2023-05-10 21:04:20,sn2401,sn2401,206520.0,0.0,0.0,0.0,4,205670.0,206130.0,3,207050.0,206290.0,207260.0,206290.0,7.0,1445460.0,602
2023-05-10 21:04:20,sn2401,sn2401,206520.0,0.0,0.0,0.0,4,205670.0,206110.0,5,207050.0,206290.0,207260.0,206290.0,7.0,1445460.0,602
2023-05-10 21:04:21,sn2401,sn2401,206520.0,0.0,0.0,0.0,4,205670.0,205990.0,1,207050.0,206290.0,207260.0,206290.0,7.0,1445460.0,602
2023-05-10 21:04:21,sn2401,sn2401,206520.0,0.0,0.0,0.0,4,205670.0,205970.0,2,207050.0,206290.0,207260.0,206290.0,7.0,1445460.0,602
2023-05-10 21:04:22,sn2401,sn2401,206520.0,0.0,0.0,0.0,4,205670.0,205960.0,1,207050.0,206290.0,207260.0,206290.0,7.0,1445460.0,602
2023-05-10 21:04:22,sn2401,sn2401,206520.0,0.0,0.0,0.0,4,205670.0,205970.0,2,207050.0,206290.0,207260.0,206290.0,7.0,1445460.0,602
2023-05-10 21:04:23,sn2401,sn2401,206520.0,0.0,0.0,0.0,4,205670.0,205980.0,2,207050.0,206290.0,207260.0,206290.0,7.0,1445460.0,602
2023-05-10 21:04:25,sn2401,sn2401,206520.0,0.0,0.0,0.0,4,205670.0,207140.0,1,207050.0,206290.0,207260.0,206290.0,7.0,1445460.0,602
2023-05-10 21:04:26,sn2401,sn2401,206520.0,0.0,0.0,0.0,4,205670.0,206110.0,1,207050.0,206290.0,207260.0,206290.0,7.0,1445460.0,602
2023-05-10 21:04:26,sn2401,sn2401,206520.0,0.0,0.0,0.0,4,205670.0,206090.0,2,207050.0,206290.0,207260.0,206290.0,7.0,1445460.0,602
2023-05-10 21:04:27,sn2401,sn2401,206520.0,0.0,0.0,0.0,4,205670.0,206070.0,1,207050.0,206290.0,207260.0,206290.0,7.0,1445460.0,602
2023-05-10 21:04:27,sn2401,sn2401,206520.0,0.0,0.0,0.0,4,205670.0,206090.0,2,207050.0,206290.0,207260.0,206290.0,7.0,1445460.0,602
2023-05-10 21:04:28,sn2401,sn2401,206520.0,0.0,0.0,0.0,4,205670.0,206050.0,3,207050.0,206290.0,207260.0,206290.0,7.0,1445460.0,602
2023-05-10 21:04:28,sn2401,sn2401,206520.0,0.0,0.0,0.0,4,205670.0,206050.0,2,207050.0,206290.0,207260.0,206290.0,7.0,1445460.0,602
2023-05-10 21:04:29,sn2401,sn2401,206520.0,0.0,0.0,0.0,4,205670.0,206040.0,1,207050.0,206290.0,207260.0,206290.0,7.0,1445460.0,602
2023-05-10 21:04:29,sn2401,sn2401,206520.0,0.0,0.0,0.0,4,205670.0,206020.0,2,207050.0,206290.0,207260.0,206290.0,7.0,1445460.0,602
2023-05-10 21:04:30,sn2401,sn2401,206520.0,0.0,0.0,0.0,4,205670.0,206010.0,1,207050.0,206290.0,207260.0,206290.0,7.0,1445460.0,602
2023-05-10 21:04:30,sn2401,sn2401,206520.0,0.0,0.0,0.0,4,205670.0,206000.0,2,207050.0,206290.0,207260.0,206290.0,7.0,1445460.0,602
2023-05-10 21:04:31,sn2401,sn2401,206520.0,0.0,0.0,0.0,4,205670.0,205960.0,1,207050.0,206290.0,207260.0,206290.0,7.0,1445460.0,602
2023-05-10 21:04:31,sn2401,sn2401,206520.0,0.0,0.0,0.0,4,205670.0,205950.0,2,207050.0,206290.0,207260.0,206290.0,7.0,1445460.0,602
2023-05-10 21:04:32,sn2401,sn2401,206520.0,0.0,0.0,0.0,4,205670.0,205930.0,1,207050.0,206290.0,207260.0,206290.0,7.0,1445460.0,602
2023-05-10 21:04:32,sn2401,sn2401,206520.0,0.0,0.0,0.0,4,205670.0,205910.0,2,207050.0,206290.0,207260.0,206290.0,7.0,1445460.0,602
2023-05-10 21:04:33,sn2401,sn2401,206520.0,0.0,0.0,0.0,4,205670.0,205840.0,1,207050.0,206290.0,207260.0,206290.0,7.0,1445460.0,602
2023-05-10 21:04:33,sn2401,sn2401,206520.0,0.0,0.0,0.0,1,204980.0,205820.0,4,207050.0,206290.0,207260.0,206290.0,7.0,1445460.0,602
2023-05-10 21:04:34,sn2401,sn2401,206520.0,0.0,0.0,0.0,6,205000.0,205720.0,1,207050.0,206290.0,207260.0,206290.0,7.0,1445460.0,602
2023-05-10 21:04:34,sn2401,sn2401,206520.0,0.0,0.0,0.0,1,205020.0,205700.0,7,207050.0,206290.0,207260.0,206290.0,7.0,1445460.0,602
2023-05-10 21:04:35,sn2401,sn2401,206520.0,0.0,0.0,0.0,2,204000.0,205700.0,7,207050.0,206290.0,207260.0,206290.0,7.0,1445460.0,602
2023-05-10 21:04:35,sn2401,sn2401,206520.0,0.0,0.0,0.0,4,205030.0,205690.0,4,207050.0,206290.0,207260.0,206290.0,7.0,1445460.0,602
2023-05-10 21:04:36,sn2401,sn2401,206520.0,0.0,0.0,0.0,4,205030.0,205350.0,1,207050.0,206290.0,207260.0,206290.0,7.0,1445460.0,602
2023-05-10 21:04:36,sn2401,sn2401,206520.0,0.0,0.0,0.0,4,205030.0,205600.0,1,207050.0,206290.0,207260.0,206290.0,7.0,1445460.0,602
2023-05-10 21:04:37,sn2401,sn2401,206520.0,0.0,0.0,0.0,4,205030.0,205490.0,1,207050.0,206290.0,207260.0,206290.0,7.0,1445460.0,602
2023-05-10 21:04:37,sn2401,sn2401,206520.0,0.0,0.0,0.0,4,205030.0,205480.0,2,207050.0,206290.0,207260.0,206290.0,7.0,1445460.0,602
2023-05-10 21:04:38,sn2401,sn2401,206520.0,0.0,0.0,0.0,1,204770.0,205340.0,1,207050.0,206290.0,207260.0,206290.0,7.0,1445460.0,602
2023-05-10 21:04:38,sn2401,sn2401,206520.0,0.0,0.0,0.0,1,204770.0,205320.0,2,207050.0,206290.0,207260.0,206290.0,7.0,1445460.0,602
2023-05-10 21:04:39,sn2401,sn2401,206520.0,0.0,0.0,0.0,4,204780.0,205270.0,1,207050.0,206290.0,207260.0,206290.0,7.0,1445460.0,602
2023-05-10 21:04:39,sn2401,sn2401,206520.0,0.0,0.0,0.0,4,204780.0,205250.0,2,207050.0,206290.0,207260.0,206290.0,7.0,1445460.0,602
2023-05-10 21:04:40,sn2401,sn2401,206520.0,0.0,0.0,0.0,4,204780.0,205240.0,1,207050.0,206290.0,207260.0,206290.0,7.0,1445460.0,602
2023-05-10 21:04:40,sn2401,sn2401,206520.0,0.0,0.0,0.0,4,204780.0,205220.0,2,207050.0,206290.0,207260.0,206290.0,7.0,1445460.0,602
2023-05-10 21:04:41,sn2401,sn2401,206520.0,0.0,0.0,0.0,4,204780.0,205120.0,1,207050.0,206290.0,207260.0,206290.0,7.0,1445460.0,602
2023-05-10 21:04:41,sn2401,sn2401,206520.0,0.0,0.0,0.0,1,204790.0,205200.0,2,207050.0,206290.0,207260.0,206290.0,7.0,1445460.0,602
2023-05-10 21:04:42,sn2401,sn2401,206520.0,0.0,0.0,0.0,4,204780.0,205200.0,2,207050.0,206290.0,207260.0,206290.0,7.0,1445460.0,602
2023-05-10 21:04:42,sn2401,sn2401,206520.0,0.0,0.0,0.0,1,204540.0,205200.0,2,207050.0,206290.0,207260.0,206290.0,7.0,1445460.0,602
2023-05-10 21:04:43,sn2401,sn2401,206520.0,0.0,0.0,0.0,4,204790.0,205200.0,2,207050.0,206290.0,207260.0,206290.0,7.0,1445460.0,602
2023-05-10 21:04:43,sn2401,sn2401,206520.0,0.0,0.0,0.0,4,204790.0,205690.0,1,207050.0,206290.0,207260.0,206290.0,7.0,1445460.0,602
2023-05-10 21:04:44,sn2401,sn2401,206520.0,0.0,0.0,0.0,4,204790.0,205500.0,2,207050.0,206290.0,207260.0,206290.0,7.0,1445460.0,602
2023-05-10 21:04:44,sn2401,sn2401,206520.0,0.0,0.0,0.0,1,204800.0,205290.0,1,207050.0,206290.0,207260.0,206290.0,7.0,1445460.0,602
2023-05-10 21:04:45,sn2401,sn2401,206520.0,0.0,0.0,0.0,4,204790.0,205480.0,7,207050.0,206290.0,207260.0,206290.0,7.0,1445460.0,602
2023-05-10 21:04:45,sn2401,sn2401,206520.0,0.0,0.0,0.0,3,204560.0,205460.0,7,207050.0,206290.0,207260.0,206290.0,7.0,1445460.0,602
2023-05-10 21:04:46,sn2401,sn2401,206520.0,0.0,0.0,0.0,4,204800.0,205460.0,7,207050.0,206290.0,207260.0,206290.0,7.0,1445460.0,602
2023-05-10 21:04:46,sn2401,sn2401,206520.0,0.0,0.0,0.0,4,204800.0,205460.0,7,207050.0,206290.0,207260.0,206290.0,7.0,1445460.0,602
2023-05-10 21:04:47,sn2401,sn2401,206520.0,0.0,0.0,0.0,4,204800.0,205460.0,7,207050.0,206290.0,207260.0,206290.0,7.0,1445460.0,602
2023-05-10 21:04:47,sn2401,sn2401,206520.0,0.0,0.0,0.0,3,204810.0,205460.0,7,207050.0,206290.0,207260.0,206290.0,7.0,1445460.0,602
2023-05-10 21:04:48,sn2401,sn2401,206520.0,0.0,0.0,0.0,3,204810.0,205460.0,7,207050.0,206290.0,207260.0,206290.0,7.0,1445460.0,602
2023-05-10 21:04:49,sn2401,sn2401,206520.0,0.0,0.0,0.0,4,204850.0,205460.0,7,207050.0,206290.0,207260.0,206290.0,7.0,1445460.0,602
2023-05-10 21:04:49,sn2401,sn2401,206520.0,0.0,0.0,0.0,4,204850.0,205330.0,1,207050.0,206290.0,207260.0,206290.0,7.0,1445460.0,602
2023-05-10 21:04:50,sn2401,sn2401,206520.0,0.0,0.0,0.0,1,204870.0,205460.0,7,207050.0,206290.0,207260.0,206290.0,7.0,1445460.0,602
2023-05-10 21:04:50,sn2401,sn2401,206520.0,0.0,0.0,0.0,4,204850.0,205460.0,5,207050.0,206290.0,207260.0,206290.0,7.0,1445460.0,602
2023-05-10 21:04:51,sn2401,sn2401,206520.0,0.0,0.0,0.0,1,204540.0,205460.0,5,207050.0,206290.0,207260.0,206290.0,7.0,1445460.0,602
2023-05-10 21:04:51,sn2401,sn2401,206520.0,0.0,0.0,0.0,3,204870.0,205350.0,1,207050.0,206290.0,207260.0,206290.0,7.0,1445460.0,602
2023-05-10 21:04:52,sn2401,sn2401,206520.0,0.0,0.0,0.0,3,204870.0,205350.0,1,207050.0,206290.0,207260.0,206290.0,7.0,1445460.0,602
2023-05-10 21:04:52,sn2401,sn2401,206520.0,0.0,0.0,0.0,3,204870.0,205350.0,1,207050.0,206290.0,207260.0,206290.0,7.0,1445460.0,602
2023-05-10 21:04:53,sn2401,sn2401,206520.0,0.0,0.0,0.0,4,204910.0,205350.0,1,207050.0,206290.0,207260.0,206290.0,7.0,1445460.0,602
2023-05-10 21:04:54,sn2401,sn2401,206520.0,0.0,0.0,0.0,4,204910.0,205350.0,1,207050.0,206290.0,207260.0,206290.0,7.0,1445460.0,602
2023-05-10 21:04:55,sn2401,sn2401,206520.0,0.0,0.0,0.0,4,204910.0,205350.0,1,207050.0,206290.0,207260.0,206290.0,7.0,1445460.0,602
2023-05-10 21:04:55,sn2401,sn2401,206520.0,0.0,0.0,0.0,1,204920.0,205350.0,1,207050.0,206290.0,207260.0,206290.0,7.0,1445460.0,602
2023-05-10 21:04:56,sn2401,sn2401,206520.0,0.0,0.0,0.0,4,204910.0,205350.0,1,207050.0,206290.0,207260.0,206290.0,7.0,1445460.0,602
2023-05-10 21:04:56,sn2401,sn2401,206520.0,0.0,0.0,0.0,1,204680.0,205350.0,1,207050.0,206290.0,207260.0,206290.0,7.0,1445460.0,602
2023-05-10 21:04:57,sn2401,sn2401,206520.0,0.0,0.0,0.0,4,204920.0,205350.0,1,207050.0,206290.0,207260.0,206290.0,7.0,1445460.0,602
2023-05-10 21:04:57,sn2401,sn2401,206520.0,0.0,0.0,0.0,4,204920.0,205350.0,1,207050.0,206290.0,207260.0,206290.0,7.0,1445460.0,602
2023-05-10 21:04:58,sn2401,sn2401,206520.0,0.0,0.0,0.0,4,204920.0,205350.0,1,207050.0,206290.0,207260.0,206290.0,7.0,1445460.0,602
2023-05-10 21:04:58,sn2401,sn2401,206520.0,0.0,0.0,0.0,4,204920.0,205350.0,1,207050.0,206290.0,207260.0,206290.0,7.0,1445460.0,602
2023-05-10 21:05:00,sn2401,sn2401,206520.0,0.0,0.0,0.0,3,204930.0,205350.0,1,207050.0,206290.0,207260.0,206290.0,7.0,1445460.0,602
2023-05-10 21:05:01,sn2401,sn2401,206520.0,0.0,0.0,0.0,1,204940.0,205350.0,1,207050.0,206290.0,207260.0,206290.0,7.0,1445460.0,602
2023-05-10 21:05:01,sn2401,sn2401,206520.0,0.0,0.0,0.0,4,204970.0,205350.0,1,207050.0,206290.0,207260.0,206290.0,7.0,1445460.0,602
2023-05-10 21:05:04,sn2401,sn2401,206520.0,0.0,0.0,0.0,4,204970.0,205350.0,1,207050.0,206290.0,207260.0,206290.0,7.0,1445460.0,602
2023-05-10 21:05:04,sn2401,sn2401,206520.0,0.0,0.0,0.0,4,204970.0,205350.0,1,207050.0,206290.0,207260.0,206290.0,7.0,1445460.0,602
2023-05-10 21:05:05,sn2401,sn2401,206520.0,0.0,0.0,0.0,4,204970.0,205350.0,1,207050.0,206290.0,207260.0,206290.0,7.0,1445460.0,602
2023-05-10 21:05:05,sn2401,sn2401,206520.0,0.0,0.0,0.0,4,204970.0,205320.0,1,207050.0,206290.0,207260.0,206290.0,7.0,1445460.0,602
2023-05-10 21:05:06,sn2401,sn2401,206520.0,0.0,0.0,0.0,4,204970.0,205300.0,4,207050.0,206290.0,207260.0,206290.0,7.0,1445460.0,602
2023-05-10 21:05:06,sn2401,sn2401,206520.0,0.0,0.0,0.0,4,204970.0,205190.0,1,207050.0,206290.0,207260.0,206290.0,7.0,1445460.0,602
2023-05-10 21:05:07,sn2401,sn2401,206520.0,0.0,0.0,0.0,4,204970.0,205170.0,4,207050.0,206290.0,207260.0,206290.0,7.0,1445460.0,602
2023-05-10 21:05:07,sn2401,sn2401,206520.0,0.0,0.0,0.0,4,204970.0,205110.0,1,207050.0,206290.0,207260.0,206290.0,7.0,1445460.0,602
2023-05-10 21:05:08,sn2401,sn2401,206520.0,0.0,0.0,0.0,1,204370.0,205090.0,4,207050.0,206290.0,207260.0,206290.0,7.0,1445460.0,602
2023-05-10 21:05:08,sn2401,sn2401,206520.0,0.0,0.0,0.0,1,204400.0,205090.0,4,207050.0,206290.0,207260.0,206290.0,7.0,1445460.0,602
2023-05-10 21:05:09,sn2401,sn2401,206520.0,0.0,0.0,0.0,4,204390.0,205000.0,1,207050.0,206290.0,207260.0,206290.0,7.0,1445460.0,602
2023-05-10 21:05:09,sn2401,sn2401,206520.0,0.0,0.0,0.0,3,204400.0,204990.0,2,207050.0,206290.0,207260.0,206290.0,7.0,1445460.0,602
2023-05-10 21:05:10,sn2401,sn2401,206520.0,0.0,0.0,0.0,4,204430.0,204990.0,2,207050.0,206290.0,207260.0,206290.0,7.0,1445460.0,602
2023-05-10 21:05:11,sn2401,sn2401,206520.0,0.0,0.0,0.0,3,204450.0,204990.0,2,207050.0,206290.0,207260.0,206290.0,7.0,1445460.0,602
2023-05-10 21:05:12,sn2401,sn2401,206520.0,0.0,0.0,0.0,3,204470.0,205880.0,1,207050.0,206290.0,207260.0,206290.0,7.0,1445460.0,602
2023-05-10 21:05:12,sn2401,sn2401,206520.0,0.0,0.0,0.0,3,204480.0,205330.0,2,207050.0,206290.0,207260.0,206290.0,7.0,1445460.0,602
2023-05-10 21:05:13,sn2401,sn2401,206520.0,0.0,0.0,0.0,1,204500.0,205290.0,1,207050.0,206290.0,207260.0,206290.0,7.0,1445460.0,602
2023-05-10 21:05:13,sn2401,sn2401,206520.0,0.0,0.0,0.0,4,204490.0,205240.0,2,207050.0,206290.0,207260.0,206290.0,7.0,1445460.0,602
2023-05-10 21:05:14,sn2401,sn2401,206520.0,0.0,0.0,0.0,1,204500.0,205200.0,1,207050.0,206290.0,207260.0,206290.0,7.0,1445460.0,602
2023-05-10 21:05:14,sn2401,sn2401,206520.0,0.0,0.0,0.0,4,204500.0,204930.0,1,207050.0,206290.0,207260.0,206290.0,7.0,1445460.0,602
2023-05-10 21:05:15,sn2401,sn2401,206520.0,0.0,0.0,0.0,4,204500.0,204910.0,4,207050.0,206290.0,207260.0,206290.0,7.0,1445460.0,602
2023-05-10 21:05:15,sn2401,sn2401,206520.0,0.0,0.0,0.0,4,204500.0,204830.0,1,207050.0,206290.0,207260.0,206290.0,7.0,1445460.0,602
2023-05-10 21:05:16,sn2401,sn2401,206520.0,0.0,0.0,0.0,4,204500.0,204810.0,2,207050.0,206290.0,207260.0,206290.0,7.0,1445460.0,602
2023-05-10 21:05:16,sn2401,sn2401,206520.0,0.0,0.0,0.0,4,204500.0,204810.0,2,207050.0,206290.0,207260.0,206290.0,7.0,1445460.0,602
2023-05-10 21:05:17,sn2401,sn2401,206520.0,0.0,0.0,0.0,4,204500.0,204810.0,2,207050.0,206290.0,207260.0,206290.0,7.0,1445460.0,602
2023-05-10 21:05:17,sn2401,sn2401,206520.0,0.0,0.0,0.0,4,204500.0,205190.0,1,207050.0,206290.0,207260.0,206290.0,7.0,1445460.0,602
2023-05-10 21:05:18,sn2401,sn2401,206520.0,0.0,0.0,0.0,4,204520.0,205180.0,2,207050.0,206290.0,207260.0,206290.0,7.0,1445460.0,602
2023-05-10 21:05:18,sn2401,sn2401,206520.0,0.0,0.0,0.0,3,204520.0,205180.0,2,207050.0,206290.0,207260.0,206290.0,7.0,1445460.0,602
2023-05-10 21:05:19,sn2401,sn2401,206520.0,0.0,0.0,0.0,3,204520.0,205160.0,2,207050.0,206290.0,207260.0,206290.0,7.0,1445460.0,602
2023-05-10 21:05:19,sn2401,sn2401,206520.0,0.0,0.0,0.0,4,204530.0,205160.0,2,207050.0,206290.0,207260.0,206290.0,7.0,1445460.0,602
2023-05-10 21:05:20,sn2401,sn2401,206520.0,0.0,0.0,0.0,3,204540.0,205140.0,2,207050.0,206290.0,207260.0,206290.0,7.0,1445460.0,602
2023-05-10 21:05:20,sn2401,sn2401,206520.0,0.0,0.0,0.0,3,204540.0,205140.0,2,207050.0,206290.0,207260.0,206290.0,7.0,1445460.0,602
2023-05-10 21:05:21,sn2401,sn2401,206520.0,0.0,0.0,0.0,3,204540.0,205140.0,2,207050.0,206290.0,207260.0,206290.0,7.0,1445460.0,602
2023-05-10 21:05:21,sn2401,sn2401,206520.0,0.0,0.0,0.0,4,204580.0,205140.0,2,207050.0,206290.0,207260.0,206290.0,7.0,1445460.0,602
2023-05-10 21:05:22,sn2401,sn2401,206520.0,0.0,0.0,0.0,3,204600.0,205140.0,2,207050.0,206290.0,207260.0,206290.0,7.0,1445460.0,602
2023-05-10 21:05:22,sn2401,sn2401,206520.0,0.0,0.0,0.0,3,204600.0,205140.0,2,207050.0,206290.0,207260.0,206290.0,7.0,1445460.0,602
2023-05-10 21:05:23,sn2401,sn2401,206520.0,0.0,0.0,0.0,3,204600.0,205140.0,2,207050.0,206290.0,207260.0,206290.0,7.0,1445460.0,602
2023-05-10 21:05:23,sn2401,sn2401,206520.0,0.0,0.0,0.0,1,204620.0,205140.0,2,207050.0,206290.0,207260.0,206290.0,7.0,1445460.0,602
2023-05-10 21:05:24,sn2401,sn2401,206520.0,0.0,0.0,0.0,4,204610.0,205140.0,2,207050.0,206290.0,207260.0,206290.0,7.0,1445460.0,602
2023-05-10 21:05:24,sn2401,sn2401,206520.0,0.0,0.0,0.0,3,204600.0,205140.0,2,207050.0,206290.0,207260.0,206290.0,7.0,1445460.0,602
2023-05-10 21:05:25,sn2401,sn2401,206520.0,0.0,0.0,0.0,4,204620.0,205130.0,2,207050.0,206290.0,207260.0,206290.0,7.0,1445460.0,602
2023-05-10 21:05:25,sn2401,sn2401,206520.0,0.0,0.0,0.0,4,204620.0,205100.0,1,207050.0,206290.0,207260.0,206290.0,7.0,1445460.0,602
2023-05-10 21:05:26,sn2401,sn2401,206520.0,0.0,0.0,0.0,4,204620.0,205080.0,2,207050.0,206290.0,207260.0,206290.0,7.0,1445460.0,602
2023-05-10 21:05:26,sn2401,sn2401,206520.0,0.0,0.0,0.0,4,204620.0,205080.0,2,207050.0,206290.0,207260.0,206290.0,7.0,1445460.0,602
2023-05-10 21:05:27,sn2401,sn2401,206520.0,0.0,0.0,0.0,4,204620.0,205080.0,2,207050.0,206290.0,207260.0,206290.0,7.0,1445460.0,602
2023-05-10 21:05:29,sn2401,sn2401,206520.0,0.0,0.0,0.0,1,204640.0,205080.0,2,207050.0,206290.0,207260.0,206290.0,7.0,1445460.0,602
2023-05-10 21:05:29,sn2401,sn2401,206520.0,0.0,0.0,0.0,1,204650.0,205080.0,2,207050.0,206290.0,207260.0,206290.0,7.0,1445460.0,602
2023-05-10 21:05:30,sn2401,sn2401,206520.0,0.0,0.0,0.0,3,204670.0,207550.0,10,207050.0,206290.0,207260.0,206290.0,7.0,1445460.0,602
2023-05-10 21:05:30,sn2401,sn2401,206520.0,0.0,0.0,0.0,1,204680.0,205530.0,2,207050.0,206290.0,207260.0,206290.0,7.0,1445460.0,602
2023-05-10 21:05:31,sn2401,sn2401,206520.0,0.0,0.0,0.0,4,204700.0,205500.0,1,207050.0,206290.0,207260.0,206290.0,7.0,1445460.0,602
2023-05-10 21:05:31,sn2401,sn2401,206520.0,0.0,0.0,0.0,4,204700.0,205470.0,2,207050.0,206290.0,207260.0,206290.0,7.0,1445460.0,602
2023-05-10 21:05:32,sn2401,sn2401,206520.0,0.0,0.0,0.0,1,204710.0,205450.0,7,207050.0,206290.0,207260.0,206290.0,7.0,1445460.0,602
2023-05-10 21:05:32,sn2401,sn2401,206520.0,0.0,0.0,0.0,4,204740.0,205450.0,7,207050.0,206290.0,207260.0,206290.0,7.0,1445460.0,602
2023-05-10 21:05:33,sn2401,sn2401,206520.0,0.0,0.0,0.0,4,204740.0,205450.0,7,207050.0,206290.0,207260.0,206290.0,7.0,1445460.0,602
2023-05-10 21:05:34,sn2401,sn2401,206520.0,0.0,0.0,0.0,5,204740.0,205330.0,1,207050.0,206290.0,207260.0,206290.0,7.0,1445460.0,602
2023-05-10 21:05:34,sn2401,sn2401,206520.0,0.0,0.0,0.0,5,204740.0,205330.0,1,207050.0,206290.0,207260.0,206290.0,7.0,1445460.0,602
2023-05-10 21:05:35,sn2401,sn2401,206520.0,0.0,0.0,0.0,3,204760.0,205330.0,1,207050.0,206290.0,207260.0,206290.0,7.0,1445460.0,602
2023-05-10 21:05:35,sn2401,sn2401,206520.0,0.0,0.0,0.0,1,204790.0,205330.0,1,207050.0,206290.0,207260.0,206290.0,7.0,1445460.0,602
2023-05-10 21:05:36,sn2401,sn2401,206520.0,0.0,0.0,0.0,3,204810.0,205450.0,3,207050.0,206290.0,207260.0,206290.0,7.0,1445460.0,602
2023-05-10 21:05:36,sn2401,sn2401,206520.0,0.0,0.0,0.0,1,204820.0,205430.0,2,207050.0,206290.0,207260.0,206290.0,7.0,1445460.0,602
2023-05-10 21:05:37,sn2401,sn2401,206520.0,0.0,0.0,0.0,3,204840.0,205430.0,2,207050.0,206290.0,207260.0,206290.0,7.0,1445460.0,602
2023-05-10 21:05:37,sn2401,sn2401,206520.0,0.0,0.0,0.0,3,204840.0,205430.0,2,207050.0,206290.0,207260.0,206290.0,7.0,1445460.0,602
2023-05-10 21:05:38,sn2401,sn2401,206520.0,0.0,0.0,0.0,1,204850.0,205430.0,2,207050.0,206290.0,207260.0,206290.0,7.0,1445460.0,602
2023-05-10 21:05:38,sn2401,sn2401,206520.0,0.0,0.0,0.0,1,204890.0,205430.0,2,207050.0,206290.0,207260.0,206290.0,7.0,1445460.0,602
2023-05-10 21:05:39,sn2401,sn2401,206520.0,0.0,0.0,0.0,1,204890.0,205430.0,2,207050.0,206290.0,207260.0,206290.0,7.0,1445460.0,602
2023-05-10 21:05:40,sn2401,sn2401,206520.0,0.0,0.0,0.0,4,204890.0,205420.0,2,207050.0,206290.0,207260.0,206290.0,7.0,1445460.0,602
2023-05-10 21:05:40,sn2401,sn2401,206520.0,0.0,0.0,0.0,4,204890.0,205400.0,2,207050.0,206290.0,207260.0,206290.0,7.0,1445460.0,602
2023-05-10 21:05:42,sn2401,sn2401,206520.0,0.0,0.0,0.0,1,204920.0,205400.0,2,207050.0,206290.0,207260.0,206290.0,7.0,1445460.0,602
2023-05-10 21:05:42,sn2401,sn2401,206520.0,0.0,0.0,0.0,1,204920.0,205400.0,2,207050.0,206290.0,207260.0,206290.0,7.0,1445460.0,602
2023-05-10 21:05:43,sn2401,sn2401,206520.0,0.0,0.0,0.0,1,204920.0,205400.0,2,207050.0,206290.0,207260.0,206290.0,7.0,1445460.0,602
2023-05-10 21:05:43,sn2401,sn2401,206520.0,0.0,0.0,0.0,5,204930.0,205400.0,2,207050.0,206290.0,207260.0,206290.0,7.0,1445460.0,602
2023-05-10 21:05:44,sn2401,sn2401,206520.0,0.0,0.0,0.0,4,204930.0,205400.0,2,207050.0,206290.0,207260.0,206290.0,7.0,1445460.0,602
2023-05-10 21:05:45,sn2401,sn2401,206520.0,0.0,0.0,0.0,4,204930.0,205400.0,2,207050.0,206290.0,207260.0,206290.0,7.0,1445460.0,602
2023-05-10 21:05:45,sn2401,sn2401,206520.0,0.0,0.0,0.0,4,204930.0,205380.0,1,207050.0,206290.0,207260.0,206290.0,7.0,1445460.0,602
2023-05-10 21:05:46,sn2401,sn2401,206520.0,0.0,0.0,0.0,4,204930.0,205400.0,2,207050.0,206290.0,207260.0,206290.0,7.0,1445460.0,602
2023-05-10 21:05:46,sn2401,sn2401,206520.0,0.0,0.0,0.0,4,204930.0,205370.0,2,207050.0,206290.0,207260.0,206290.0,7.0,1445460.0,602
2023-05-10 21:05:47,sn2401,sn2401,206520.0,0.0,0.0,0.0,1,204950.0,205370.0,3,207050.0,206290.0,207260.0,206290.0,7.0,1445460.0,602
2023-05-10 21:05:47,sn2401,sn2401,206520.0,0.0,0.0,0.0,1,204950.0,205350.0,2,207050.0,206290.0,207260.0,206290.0,7.0,1445460.0,602
2023-05-10 21:05:48,sn2401,sn2401,206520.0,0.0,0.0,0.0,1,204950.0,205350.0,2,207050.0,206290.0,207260.0,206290.0,7.0,1445460.0,602
2023-05-10 21:05:48,sn2401,sn2401,206520.0,0.0,0.0,0.0,4,204960.0,205350.0,2,207050.0,206290.0,207260.0,206290.0,7.0,1445460.0,602
2023-05-10 21:05:49,sn2401,sn2401,206520.0,0.0,0.0,0.0,4,204960.0,205350.0,2,207050.0,206290.0,207260.0,206290.0,7.0,1445460.0,602
2023-05-10 21:05:51,sn2401,sn2401,206520.0,0.0,0.0,0.0,4,204960.0,205350.0,2,207050.0,206290.0,207260.0,206290.0,7.0,1445460.0,602
2023-05-10 21:05:51,sn2401,sn2401,206520.0,0.0,0.0,0.0,4,204960.0,205330.0,2,207050.0,206290.0,207260.0,206290.0,7.0,1445460.0,602
2023-05-10 21:05:52,sn2401,sn2401,206520.0,0.0,0.0,0.0,4,204960.0,205310.0,1,207050.0,206290.0,207260.0,206290.0,7.0,1445460.0,602
2023-05-10 21:05:52,sn2401,sn2401,206520.0,0.0,0.0,0.0,4,204960.0,205300.0,2,207050.0,206290.0,207260.0,206290.0,7.0,1445460.0,602
2023-05-10 21:05:53,sn2401,sn2401,206520.0,0.0,0.0,0.0,4,204960.0,205300.0,3,207050.0,206290.0,207260.0,206290.0,7.0,1445460.0,602
2023-05-10 21:05:53,sn2401,sn2401,206520.0,0.0,0.0,0.0,4,204960.0,205300.0,2,207050.0,206290.0,207260.0,206290.0,7.0,1445460.0,602
2023-05-10 21:05:54,sn2401,sn2401,206520.0,0.0,0.0,0.0,4,204960.0,205300.0,2,207050.0,206290.0,207260.0,206290.0,7.0,1445460.0,602
2023-05-10 21:05:55,sn2401,sn2401,206520.0,0.0,0.0,0.0,4,204960.0,205300.0,2,207050.0,206290.0,207260.0,206290.0,7.0,1445460.0,602
2023-05-10 21:05:56,sn2401,sn2401,206520.0,0.0,0.0,0.0,1,204970.0,205300.0,2,207050.0,206290.0,207260.0,206290.0,7.0,1445460.0,602
2023-05-10 21:05:57,sn2401,sn2401,206520.0,0.0,0.0,0.0,1,204980.0,205300.0,2,207050.0,206290.0,207260.0,206290.0,7.0,1445460.0,602
2023-05-10 21:05:58,sn2401,sn2401,206520.0,0.0,0.0,0.0,4,205010.0,206180.0,1,207050.0,206290.0,207260.0,206290.0,7.0,1445460.0,602
2023-05-10 21:05:58,sn2401,sn2401,206520.0,0.0,0.0,0.0,4,205010.0,205500.0,1,207050.0,206290.0,207260.0,206290.0,7.0,1445460.0,602
2023-05-10 21:05:59,sn2401,sn2401,206520.0,0.0,0.0,0.0,4,205010.0,205480.0,2,207050.0,206290.0,207260.0,206290.0,7.0,1445460.0,602
2023-05-10 21:05:59,sn2401,sn2401,206520.0,0.0,0.0,0.0,4,205010.0,205480.0,3,207050.0,206290.0,207260.0,206290.0,7.0,1445460.0,602
2023-05-10 21:06:00,sn2401,sn2401,206520.0,0.0,0.0,0.0,4,205010.0,205460.0,2,207050.0,206290.0,207260.0,206290.0,7.0,1445460.0,602
2023-05-10 21:06:00,sn2401,sn2401,206520.0,0.0,0.0,0.0,4,205010.0,205400.0,1,207050.0,206290.0,207260.0,206290.0,7.0,1445460.0,602
2023-05-10 21:06:01,sn2401,sn2401,206520.0,0.0,0.0,0.0,4,205010.0,205380.0,2,207050.0,206290.0,207260.0,206290.0,7.0,1445460.0,602
2023-05-10 21:06:01,sn2401,sn2401,206520.0,0.0,0.0,0.0,4,205010.0,205370.0,1,207050.0,206290.0,207260.0,206290.0,7.0,1445460.0,602
2023-05-10 21:06:02,sn2401,sn2401,206520.0,0.0,0.0,0.0,4,205010.0,205380.0,2,207050.0,206290.0,207260.0,206290.0,7.0,1445460.0,602
2023-05-10 21:06:02,sn2401,sn2401,206520.0,0.0,0.0,0.0,4,205010.0,205390.0,2,207050.0,206290.0,207260.0,206290.0,7.0,1445460.0,602
2023-05-10 21:06:03,sn2401,sn2401,206520.0,0.0,0.0,0.0,1,205020.0,205390.0,2,207050.0,206290.0,207260.0,206290.0,7.0,1445460.0,602
2023-05-10 21:06:03,sn2401,sn2401,206520.0,0.0,0.0,0.0,4,205010.0,205390.0,2,207050.0,206290.0,207260.0,206290.0,7.0,1445460.0,602
2023-05-10 21:06:04,sn2401,sn2401,206520.0,0.0,0.0,0.0,1,205030.0,205390.0,2,207050.0,206290.0,207260.0,206290.0,7.0,1445460.0,602
2023-05-10 21:06:04,sn2401,sn2401,206520.0,0.0,0.0,0.0,1,205030.0,205390.0,2,207050.0,206290.0,207260.0,206290.0,7.0,1445460.0,602
2023-05-10 21:06:05,sn2401,sn2401,206520.0,0.0,0.0,0.0,1,205030.0,205700.0,2,207050.0,206290.0,207260.0,206290.0,7.0,1445460.0,602
2023-05-10 21:06:05,sn2401,sn2401,206520.0,0.0,0.0,0.0,4,205070.0,205680.0,4,207050.0,206290.0,207260.0,206290.0,7.0,1445460.0,602
2023-05-10 21:06:06,sn2401,sn2401,206520.0,0.0,0.0,0.0,5,205080.0,205680.0,4,207050.0,206290.0,207260.0,206290.0,7.0,1445460.0,602
2023-05-10 21:06:06,sn2401,sn2401,206520.0,0.0,0.0,0.0,5,205080.0,205680.0,4,207050.0,206290.0,207260.0,206290.0,7.0,1445460.0,602
2023-05-10 21:06:07,sn2401,sn2401,206520.0,0.0,0.0,0.0,5,205080.0,205680.0,4,207050.0,206290.0,207260.0,206290.0,7.0,1445460.0,602
2023-05-10 21:06:07,sn2401,sn2401,206520.0,0.0,0.0,0.0,4,205240.0,205680.0,4,207050.0,206290.0,207260.0,206290.0,7.0,1445460.0,602
2023-05-10 21:06:08,sn2401,sn2401,206520.0,0.0,0.0,0.0,4,205240.0,205660.0,1,207050.0,206290.0,207260.0,206290.0,7.0,1445460.0,602
2023-05-10 21:06:08,sn2401,sn2401,206520.0,0.0,0.0,0.0,4,205240.0,205680.0,4,207050.0,206290.0,207260.0,206290.0,7.0,1445460.0,602
2023-05-10 21:06:09,sn2401,sn2401,206520.0,0.0,0.0,0.0,5,205240.0,205680.0,2,207050.0,206290.0,207260.0,206290.0,7.0,1445460.0,602
2023-05-10 21:06:09,sn2401,sn2401,206520.0,0.0,0.0,0.0,1,205260.0,205680.0,2,207050.0,206290.0,207260.0,206290.0,7.0,1445460.0,602
2023-05-10 21:06:10,sn2401,sn2401,206520.0,0.0,0.0,0.0,1,205260.0,205680.0,2,207050.0,206290.0,207260.0,206290.0,7.0,1445460.0,602
2023-05-10 21:06:10,sn2401,sn2401,206520.0,0.0,0.0,0.0,1,205260.0,205680.0,2,207050.0,206290.0,207260.0,206290.0,7.0,1445460.0,602
2023-05-10 21:06:11,sn2401,sn2401,206520.0,0.0,0.0,0.0,3,205280.0,206130.0,1,207050.0,206290.0,207260.0,206290.0,7.0,1445460.0,602
2023-05-10 21:06:11,sn2401,sn2401,206520.0,0.0,0.0,0.0,3,205280.0,206030.0,3,207050.0,206290.0,207260.0,206290.0,7.0,1445460.0,602
2023-05-10 21:06:12,sn2401,sn2401,206520.0,0.0,0.0,0.0,2,205290.0,206010.0,7,207050.0,206290.0,207260.0,206290.0,7.0,1445460.0,602
2023-05-10 21:06:12,sn2401,sn2401,206520.0,0.0,0.0,0.0,4,205320.0,206010.0,7,207050.0,206290.0,207260.0,206290.0,7.0,1445460.0,602
2023-05-10 21:06:13,sn2401,sn2401,206520.0,0.0,0.0,0.0,4,205320.0,205820.0,1,207050.0,206290.0,207260.0,206290.0,7.0,1445460.0,602
2023-05-10 21:06:13,sn2401,sn2401,206520.0,0.0,0.0,0.0,4,205320.0,206010.0,8,207050.0,206290.0,207260.0,206290.0,7.0,1445460.0,602
2023-05-10 21:06:14,sn2401,sn2401,206520.0,0.0,0.0,0.0,2,205330.0,205990.0,8,207050.0,206290.0,207260.0,206290.0,7.0,1445460.0,602
2023-05-10 21:06:14,sn2401,sn2401,206520.0,0.0,0.0,0.0,1,205330.0,205990.0,8,207050.0,206290.0,207260.0,206290.0,7.0,1445460.0,602
2023-05-10 21:06:15,sn2401,sn2401,206520.0,0.0,0.0,0.0,1,205330.0,205990.0,8,207050.0,206290.0,207260.0,206290.0,7.0,1445460.0,602
2023-05-10 21:06:15,sn2401,sn2401,206520.0,0.0,0.0,0.0,4,205490.0,205990.0,8,207050.0,206290.0,207260.0,206290.0,7.0,1445460.0,602
2023-05-10 21:06:16,sn2401,sn2401,206520.0,0.0,0.0,0.0,4,205490.0,205870.0,1,207050.0,206290.0,207260.0,206290.0,7.0,1445460.0,602
2023-05-10 21:06:16,sn2401,sn2401,206520.0,0.0,0.0,0.0,4,205490.0,205850.0,2,207050.0,206290.0,207260.0,206290.0,7.0,1445460.0,602
2023-05-10 21:06:17,sn2401,sn2401,206520.0,0.0,0.0,0.0,4,205490.0,205850.0,2,207050.0,206290.0,207260.0,206290.0,7.0,1445460.0,602
2023-05-10 21:06:17,sn2401,sn2401,206520.0,0.0,0.0,0.0,4,205490.0,205850.0,2,207050.0,206290.0,207260.0,206290.0,7.0,1445460.0,602
2023-05-10 21:06:18,sn2401,sn2401,206520.0,0.0,0.0,0.0,4,205490.0,205850.0,2,207050.0,206290.0,207260.0,206290.0,7.0,1445460.0,602
2023-05-10 21:06:18,sn2401,sn2401,206520.0,0.0,0.0,0.0,4,205490.0,205850.0,2,207050.0,206290.0,207260.0,206290.0,7.0,1445460.0,602
2023-05-10 21:06:19,sn2401,sn2401,206520.0,0.0,0.0,0.0,1,205500.0,205850.0,2,207050.0,206290.0,207260.0,206290.0,7.0,1445460.0,602
2023-05-10 21:06:19,sn2401,sn2401,206520.0,0.0,0.0,0.0,1,205500.0,205850.0,2,207050.0,206290.0,207260.0,206290.0,7.0,1445460.0,602
2023-05-10 21:06:20,sn2401,sn2401,206520.0,0.0,0.0,0.0,1,205510.0,205990.0,3,207050.0,206290.0,207260.0,206290.0,7.0,1445460.0,602
2023-05-10 21:06:20,sn2401,sn2401,206140.0,3.0,618420.0,0.0,1,206140.0,206740.0,1,207050.0,206290.0,207260.0,206140.0,10.0,2063880.0,602
2023-05-10 21:06:21,sn2401,sn2401,206140.0,1.0,206140.0,1.0,1,205200.0,206140.0,5,207050.0,206290.0,207260.0,206140.0,11.0,2270020.0,603
2023-05-10 21:06:21,sn2401,sn2401,206140.0,0.0,0.0,0.0,1,205280.0,206140.0,4,207050.0,206290.0,207260.0,206140.0,11.0,2270020.0,603
2023-05-10 21:06:22,sn2401,sn2401,206140.0,0.0,0.0,0.0,12,205300.0,206140.0,4,207050.0,206290.0,207260.0,206140.0,11.0,2270020.0,603
2023-05-10 21:06:22,sn2401,sn2401,206140.0,0.0,0.0,0.0,2,205310.0,206140.0,4,207050.0,206290.0,207260.0,206140.0,11.0,2270020.0,603
2023-05-10 21:06:23,sn2401,sn2401,206140.0,0.0,0.0,0.0,1,205360.0,206110.0,1,207050.0,206290.0,207260.0,206140.0,11.0,2270020.0,603
2023-05-10 21:06:23,sn2401,sn2401,206140.0,0.0,0.0,0.0,15,205380.0,206140.0,4,207050.0,206290.0,207260.0,206140.0,11.0,2270020.0,603
2023-05-10 21:06:24,sn2401,sn2401,206140.0,0.0,0.0,0.0,1,205400.0,206120.0,1,207050.0,206290.0,207260.0,206140.0,11.0,2270020.0,603
2023-05-10 21:06:24,sn2401,sn2401,206140.0,0.0,0.0,0.0,6,205420.0,206120.0,1,207050.0,206290.0,207260.0,206140.0,11.0,2270020.0,603
2023-05-10 21:06:25,sn2401,sn2401,206140.0,0.0,0.0,0.0,2,205430.0,206100.0,4,207050.0,206290.0,207260.0,206140.0,11.0,2270020.0,603
2023-05-10 21:06:25,sn2401,sn2401,206140.0,0.0,0.0,0.0,7,205450.0,206100.0,4,207050.0,206290.0,207260.0,206140.0,11.0,2270020.0,603
2023-05-10 21:06:26,sn2401,sn2401,206140.0,0.0,0.0,0.0,2,205460.0,206100.0,5,207050.0,206290.0,207260.0,206140.0,11.0,2270020.0,603
2023-05-10 21:06:26,sn2401,sn2401,206140.0,0.0,0.0,0.0,6,205480.0,206080.0,1,207050.0,206290.0,207260.0,206140.0,11.0,2270020.0,603
2023-05-10 21:06:27,sn2401,sn2401,206140.0,0.0,0.0,0.0,1,205510.0,206080.0,1,207050.0,206290.0,207260.0,206140.0,11.0,2270020.0,603
2023-05-10 21:06:27,sn2401,sn2401,206140.0,0.0,0.0,0.0,6,205530.0,206080.0,1,207050.0,206290.0,207260.0,206140.0,11.0,2270020.0,603
2023-05-10 21:06:28,sn2401,sn2401,206140.0,0.0,0.0,0.0,1,205540.0,206080.0,1,207050.0,206290.0,207260.0,206140.0,11.0,2270020.0,603
2023-05-10 21:06:28,sn2401,sn2401,206140.0,0.0,0.0,0.0,6,205560.0,206100.0,2,207050.0,206290.0,207260.0,206140.0,11.0,2270020.0,603
2023-05-10 21:06:29,sn2401,sn2401,206140.0,0.0,0.0,0.0,1,205570.0,206090.0,1,207050.0,206290.0,207260.0,206140.0,11.0,2270020.0,603
2023-05-10 21:06:29,sn2401,sn2401,206140.0,0.0,0.0,0.0,3,205590.0,206090.0,1,207050.0,206290.0,207260.0,206140.0,11.0,2270020.0,603
2023-05-10 21:06:30,sn2401,sn2401,206140.0,0.0,0.0,0.0,3,205590.0,206070.0,3,207050.0,206290.0,207260.0,206140.0,11.0,2270020.0,603
2023-05-10 21:06:30,sn2401,sn2401,206140.0,0.0,0.0,0.0,3,205590.0,206070.0,5,207050.0,206290.0,207260.0,206140.0,11.0,2270020.0,603
2023-05-10 21:06:31,sn2401,sn2401,206140.0,0.0,0.0,0.0,1,205600.0,206050.0,1,207050.0,206290.0,207260.0,206140.0,11.0,2270020.0,603
2023-05-10 21:06:31,sn2401,sn2401,206140.0,0.0,0.0,0.0,3,205590.0,206030.0,2,207050.0,206290.0,207260.0,206140.0,11.0,2270020.0,603
2023-05-10 21:06:32,sn2401,sn2401,206140.0,0.0,0.0,0.0,1,205500.0,205990.0,1,207050.0,206290.0,207260.0,206140.0,11.0,2270020.0,603
2023-05-10 21:06:32,sn2401,sn2401,206140.0,0.0,0.0,0.0,1,205510.0,205970.0,2,207050.0,206290.0,207260.0,206140.0,11.0,2270020.0,603
2023-05-10 21:06:33,sn2401,sn2401,206140.0,0.0,0.0,0.0,1,205510.0,205950.0,1,207050.0,206290.0,207260.0,206140.0,11.0,2270020.0,603
2023-05-10 21:06:33,sn2401,sn2401,206140.0,0.0,0.0,0.0,1,205510.0,205930.0,2,207050.0,206290.0,207260.0,206140.0,11.0,2270020.0,603
2023-05-10 21:06:34,sn2401,sn2401,206140.0,0.0,0.0,0.0,1,205520.0,205930.0,2,207050.0,206290.0,207260.0,206140.0,11.0,2270020.0,603
2023-05-10 21:06:34,sn2401,sn2401,206140.0,0.0,0.0,0.0,1,205520.0,205930.0,2,207050.0,206290.0,207260.0,206140.0,11.0,2270020.0,603
2023-05-10 21:06:35,sn2401,sn2401,206140.0,0.0,0.0,0.0,1,205520.0,205930.0,2,207050.0,206290.0,207260.0,206140.0,11.0,2270020.0,603
2023-05-10 21:06:35,sn2401,sn2401,206140.0,0.0,0.0,0.0,1,205530.0,205930.0,2,207050.0,206290.0,207260.0,206140.0,11.0,2270020.0,603
2023-05-10 21:06:36,sn2401,sn2401,206140.0,0.0,0.0,0.0,1,205500.0,205930.0,3,207050.0,206290.0,207260.0,206140.0,11.0,2270020.0,603
2023-05-10 21:06:37,sn2401,sn2401,206140.0,0.0,0.0,0.0,1,205500.0,205930.0,2,207050.0,206290.0,207260.0,206140.0,11.0,2270020.0,603
2023-05-10 21:06:38,sn2401,sn2401,206140.0,0.0,0.0,0.0,1,205500.0,205930.0,2,207050.0,206290.0,207260.0,206140.0,11.0,2270020.0,603
2023-05-10 21:06:39,sn2401,sn2401,206140.0,0.0,0.0,0.0,1,205500.0,205920.0,1,207050.0,206290.0,207260.0,206140.0,11.0,2270020.0,603
2023-05-10 21:06:39,sn2401,sn2401,206140.0,0.0,0.0,0.0,2,205510.0,205930.0,2,207050.0,206290.0,207260.0,206140.0,11.0,2270020.0,603
2023-05-10 21:06:40,sn2401,sn2401,206140.0,0.0,0.0,0.0,2,205510.0,205920.0,2,207050.0,206290.0,207260.0,206140.0,11.0,2270020.0,603
2023-05-10 21:06:40,sn2401,sn2401,206140.0,0.0,0.0,0.0,2,205510.0,205900.0,1,207050.0,206290.0,207260.0,206140.0,11.0,2270020.0,603
2023-05-10 21:06:41,sn2401,sn2401,206140.0,0.0,0.0,0.0,2,205510.0,205880.0,2,207050.0,206290.0,207260.0,206140.0,11.0,2270020.0,603
2023-05-10 21:06:41,sn2401,sn2401,206140.0,0.0,0.0,0.0,1,205500.0,205880.0,2,207050.0,206290.0,207260.0,206140.0,11.0,2270020.0,603
2023-05-10 21:06:43,sn2401,sn2401,206140.0,0.0,0.0,0.0,1,205510.0,205880.0,2,207050.0,206290.0,207260.0,206140.0,11.0,2270020.0,603
2023-05-10 21:06:45,sn2401,sn2401,206140.0,0.0,0.0,0.0,1,205510.0,205880.0,2,207050.0,206290.0,207260.0,206140.0,11.0,2270020.0,603
2023-05-10 21:06:46,sn2401,sn2401,206140.0,0.0,0.0,0.0,1,205510.0,205880.0,2,207050.0,206290.0,207260.0,206140.0,11.0,2270020.0,603
2023-05-10 21:06:48,sn2401,sn2401,206140.0,0.0,0.0,0.0,3,205530.0,205880.0,2,207050.0,206290.0,207260.0,206140.0,11.0,2270020.0,603
2023-05-10 21:06:49,sn2401,sn2401,206140.0,0.0,0.0,0.0,3,205530.0,205880.0,2,207050.0,206290.0,207260.0,206140.0,11.0,2270020.0,603
2023-05-10 21:06:49,sn2401,sn2401,206140.0,0.0,0.0,0.0,1,205540.0,206680.0,1,207050.0,206290.0,207260.0,206140.0,11.0,2270020.0,603
2023-05-10 21:06:50,sn2401,sn2401,206140.0,0.0,0.0,0.0,3,205560.0,206330.0,2,207050.0,206290.0,207260.0,206140.0,11.0,2270020.0,603
2023-05-10 21:06:50,sn2401,sn2401,206140.0,0.0,0.0,0.0,2,205570.0,206300.0,1,207050.0,206290.0,207260.0,206140.0,11.0,2270020.0,603
2023-05-10 21:06:51,sn2401,sn2401,206140.0,0.0,0.0,0.0,1,205570.0,206050.0,1,207050.0,206290.0,207260.0,206140.0,11.0,2270020.0,603
2023-05-10 21:06:51,sn2401,sn2401,206140.0,0.0,0.0,0.0,1,205500.0,206250.0,2,207050.0,206290.0,207260.0,206140.0,11.0,2270020.0,603
2023-05-10 21:06:52,sn2401,sn2401,206140.0,0.0,0.0,0.0,4,205520.0,206040.0,2,207050.0,206290.0,207260.0,206140.0,11.0,2270020.0,603
2023-05-10 21:06:52,sn2401,sn2401,206140.0,0.0,0.0,0.0,2,205530.0,206040.0,2,207050.0,206290.0,207260.0,206140.0,11.0,2270020.0,603
2023-05-10 21:06:53,sn2401,sn2401,206140.0,0.0,0.0,0.0,3,205550.0,206040.0,2,207050.0,206290.0,207260.0,206140.0,11.0,2270020.0,603
2023-05-10 21:06:53,sn2401,sn2401,206140.0,0.0,0.0,0.0,1,205560.0,206040.0,2,207050.0,206290.0,207260.0,206140.0,11.0,2270020.0,603
2023-05-10 21:06:54,sn2401,sn2401,206140.0,0.0,0.0,0.0,3,205580.0,206040.0,2,207050.0,206290.0,207260.0,206140.0,11.0,2270020.0,603
2023-05-10 21:06:54,sn2401,sn2401,206140.0,0.0,0.0,0.0,1,205590.0,206040.0,2,207050.0,206290.0,207260.0,206140.0,11.0,2270020.0,603
2023-05-10 21:06:55,sn2401,sn2401,206140.0,0.0,0.0,0.0,3,205600.0,206040.0,2,207050.0,206290.0,207260.0,206140.0,11.0,2270020.0,603
2023-05-10 21:06:55,sn2401,sn2401,206140.0,0.0,0.0,0.0,1,205610.0,206040.0,2,207050.0,206290.0,207260.0,206140.0,11.0,2270020.0,603
2023-05-10 21:06:56,sn2401,sn2401,206140.0,0.0,0.0,0.0,3,205630.0,206040.0,2,207050.0,206290.0,207260.0,206140.0,11.0,2270020.0,603
2023-05-10 21:06:56,sn2401,sn2401,206140.0,0.0,0.0,0.0,3,205630.0,206040.0,2,207050.0,206290.0,207260.0,206140.0,11.0,2270020.0,603
2023-05-10 21:06:57,sn2401,sn2401,206140.0,0.0,0.0,0.0,1,205640.0,206040.0,2,207050.0,206290.0,207260.0,206140.0,11.0,2270020.0,603
2023-05-10 21:06:58,sn2401,sn2401,206140.0,0.0,0.0,0.0,3,205630.0,206040.0,2,207050.0,206290.0,207260.0,206140.0,11.0,2270020.0,603
2023-05-10 21:06:58,sn2401,sn2401,206140.0,0.0,0.0,0.0,1,205500.0,206040.0,2,207050.0,206290.0,207260.0,206140.0,11.0,2270020.0,603
2023-05-10 21:06:59,sn2401,sn2401,206140.0,0.0,0.0,0.0,3,205520.0,206040.0,2,207050.0,206290.0,207260.0,206140.0,11.0,2270020.0,603
2023-05-10 21:06:59,sn2401,sn2401,206140.0,0.0,0.0,0.0,3,205520.0,206010.0,1,207050.0,206290.0,207260.0,206140.0,11.0,2270020.0,603
2023-05-10 21:07:00,sn2401,sn2401,206140.0,0.0,0.0,0.0,3,205520.0,206000.0,2,207050.0,206290.0,207260.0,206140.0,11.0,2270020.0,603
2023-05-10 21:07:00,sn2401,sn2401,206140.0,0.0,0.0,0.0,3,205520.0,206000.0,2,207050.0,206290.0,207260.0,206140.0,11.0,2270020.0,603
2023-05-10 21:07:02,sn2401,sn2401,206140.0,0.0,0.0,0.0,1,205530.0,206000.0,2,207050.0,206290.0,207260.0,206140.0,11.0,2270020.0,603
2023-05-10 21:07:02,sn2401,sn2401,206140.0,0.0,0.0,0.0,3,205540.0,206000.0,2,207050.0,206290.0,207260.0,206140.0,11.0,2270020.0,603
2023-05-10 21:07:03,sn2401,sn2401,206140.0,0.0,0.0,0.0,4,205540.0,205990.0,1,207050.0,206290.0,207260.0,206140.0,11.0,2270020.0,603
2023-05-10 21:07:03,sn2401,sn2401,206140.0,0.0,0.0,0.0,4,205540.0,205970.0,2,207050.0,206290.0,207260.0,206140.0,11.0,2270020.0,603
2023-05-10 21:07:04,sn2401,sn2401,206140.0,0.0,0.0,0.0,3,205540.0,205970.0,2,207050.0,206290.0,207260.0,206140.0,11.0,2270020.0,603
2023-05-10 21:07:04,sn2401,sn2401,206140.0,0.0,0.0,0.0,3,205540.0,205940.0,1,207050.0,206290.0,207260.0,206140.0,11.0,2270020.0,603
2023-05-10 21:07:05,sn2401,sn2401,206140.0,0.0,0.0,0.0,3,205540.0,205960.0,2,207050.0,206290.0,207260.0,206140.0,11.0,2270020.0,603
2023-05-10 21:07:05,sn2401,sn2401,206140.0,0.0,0.0,0.0,3,205540.0,205960.0,2,207050.0,206290.0,207260.0,206140.0,11.0,2270020.0,603
2023-05-10 21:07:06,sn2401,sn2401,206140.0,0.0,0.0,0.0,3,205540.0,205910.0,1,207050.0,206290.0,207260.0,206140.0,11.0,2270020.0,603
2023-05-10 21:07:07,sn2401,sn2401,206140.0,0.0,0.0,0.0,1,205500.0,205900.0,2,207050.0,206290.0,207260.0,206140.0,11.0,2270020.0,603
2023-05-10 21:07:07,sn2401,sn2401,206140.0,0.0,0.0,0.0,1,205500.0,205890.0,1,207050.0,206290.0,207260.0,206140.0,11.0,2270020.0,603
2023-05-10 21:07:08,sn2401,sn2401,206140.0,0.0,0.0,0.0,1,205500.0,205900.0,2,207050.0,206290.0,207260.0,206140.0,11.0,2270020.0,603
2023-05-10 21:07:08,sn2401,sn2401,206140.0,0.0,0.0,0.0,1,205500.0,206670.0,1,207050.0,206290.0,207260.0,206140.0,11.0,2270020.0,603
2023-05-10 21:07:09,sn2401,sn2401,206140.0,0.0,0.0,0.0,1,205500.0,205910.0,1,207050.0,206290.0,207260.0,206140.0,11.0,2270020.0,603
2023-05-10 21:07:09,sn2401,sn2401,206140.0,0.0,0.0,0.0,1,205500.0,206110.0,2,207050.0,206290.0,207260.0,206140.0,11.0,2270020.0,603
2023-05-10 21:07:10,sn2401,sn2401,206140.0,0.0,0.0,0.0,1,205500.0,205890.0,1,207050.0,206290.0,207260.0,206140.0,11.0,2270020.0,603
2023-05-10 21:07:10,sn2401,sn2401,206140.0,0.0,0.0,0.0,1,205500.0,206090.0,4,207050.0,206290.0,207260.0,206140.0,11.0,2270020.0,603
2023-05-10 21:07:11,sn2401,sn2401,206140.0,0.0,0.0,0.0,1,205500.0,205890.0,1,207050.0,206290.0,207260.0,206140.0,11.0,2270020.0,603
2023-05-10 21:07:11,sn2401,sn2401,206140.0,0.0,0.0,0.0,1,205500.0,206060.0,1,207050.0,206290.0,207260.0,206140.0,11.0,2270020.0,603
2023-05-10 21:07:12,sn2401,sn2401,206140.0,0.0,0.0,0.0,1,205500.0,205910.0,1,207050.0,206290.0,207260.0,206140.0,11.0,2270020.0,603
2023-05-10 21:07:12,sn2401,sn2401,206140.0,0.0,0.0,0.0,1,205500.0,205890.0,2,207050.0,206290.0,207260.0,206140.0,11.0,2270020.0,603
2023-05-10 21:07:13,sn2401,sn2401,206140.0,0.0,0.0,0.0,1,205500.0,205890.0,2,207050.0,206290.0,207260.0,206140.0,11.0,2270020.0,603
2023-05-10 21:07:14,sn2401,sn2401,206140.0,0.0,0.0,0.0,1,205500.0,205880.0,1,207050.0,206290.0,207260.0,206140.0,11.0,2270020.0,603
2023-05-10 21:07:15,sn2401,sn2401,206140.0,0.0,0.0,0.0,1,205500.0,205890.0,2,207050.0,206290.0,207260.0,206140.0,11.0,2270020.0,603
2023-05-10 21:07:15,sn2401,sn2401,206140.0,0.0,0.0,0.0,1,205500.0,206110.0,2,207050.0,206290.0,207260.0,206140.0,11.0,2270020.0,603
2023-05-10 21:07:16,sn2401,sn2401,206140.0,0.0,0.0,0.0,1,205500.0,205880.0,2,207050.0,206290.0,207260.0,206140.0,11.0,2270020.0,603
2023-05-10 21:07:16,sn2401,sn2401,206140.0,0.0,0.0,0.0,1,205500.0,205880.0,2,207050.0,206290.0,207260.0,206140.0,11.0,2270020.0,603
2023-05-10 21:07:17,sn2401,sn2401,206140.0,0.0,0.0,0.0,1,205500.0,205880.0,2,207050.0,206290.0,207260.0,206140.0,11.0,2270020.0,603
2023-05-10 21:07:17,sn2401,sn2401,206140.0,0.0,0.0,0.0,1,205500.0,205880.0,2,207050.0,206290.0,207260.0,206140.0,11.0,2270020.0,603
2023-05-10 21:07:19,sn2401,sn2401,206140.0,0.0,0.0,0.0,1,205500.0,205880.0,3,207050.0,206290.0,207260.0,206140.0,11.0,2270020.0,603
2023-05-10 21:07:19,sn2401,sn2401,206140.0,0.0,0.0,0.0,1,205500.0,205880.0,2,207050.0,206290.0,207260.0,206140.0,11.0,2270020.0,603
2023-05-10 21:07:20,sn2401,sn2401,206140.0,0.0,0.0,0.0,1,205510.0,205880.0,3,207050.0,206290.0,207260.0,206140.0,11.0,2270020.0,603
2023-05-10 21:07:20,sn2401,sn2401,206140.0,0.0,0.0,0.0,1,205510.0,205880.0,2,207050.0,206290.0,207260.0,206140.0,11.0,2270020.0,603
2023-05-10 21:07:21,sn2401,sn2401,206140.0,0.0,0.0,0.0,1,205500.0,205880.0,2,207050.0,206290.0,207260.0,206140.0,11.0,2270020.0,603
2023-05-10 21:07:22,sn2401,sn2401,206140.0,0.0,0.0,0.0,1,205500.0,205870.0,1,207050.0,206290.0,207260.0,206140.0,11.0,2270020.0,603
2023-05-10 21:07:23,sn2401,sn2401,206140.0,0.0,0.0,0.0,1,205500.0,205850.0,2,207050.0,206290.0,207260.0,206140.0,11.0,2270020.0,603
2023-05-10 21:07:23,sn2401,sn2401,206140.0,0.0,0.0,0.0,1,205500.0,205850.0,2,207050.0,206290.0,207260.0,206140.0,11.0,2270020.0,603
2023-05-10 21:07:26,sn2401,sn2401,206140.0,0.0,0.0,0.0,1,205500.0,205840.0,1,207050.0,206290.0,207260.0,206140.0,11.0,2270020.0,603
2023-05-10 21:07:26,sn2401,sn2401,206140.0,0.0,0.0,0.0,1,205500.0,205820.0,2,207050.0,206290.0,207260.0,206140.0,11.0,2270020.0,603
2023-05-10 21:07:27,sn2401,sn2401,206140.0,0.0,0.0,0.0,1,205500.0,205780.0,1,207050.0,206290.0,207260.0,206140.0,11.0,2270020.0,603
2023-05-10 21:07:27,sn2401,sn2401,206140.0,0.0,0.0,0.0,1,205500.0,205760.0,2,207050.0,206290.0,207260.0,206140.0,11.0,2270020.0,603
2023-05-10 21:07:28,sn2401,sn2401,206140.0,0.0,0.0,0.0,1,205500.0,205760.0,2,207050.0,206290.0,207260.0,206140.0,11.0,2270020.0,603
2023-05-10 21:07:31,sn2401,sn2401,206140.0,0.0,0.0,0.0,1,205500.0,205760.0,2,207050.0,206290.0,207260.0,206140.0,11.0,2270020.0,603
2023-05-10 21:07:31,sn2401,sn2401,206140.0,0.0,0.0,0.0,1,205500.0,205760.0,2,207050.0,206290.0,207260.0,206140.0,11.0,2270020.0,603
2023-05-10 21:07:35,sn2401,sn2401,206140.0,0.0,0.0,0.0,1,205500.0,205760.0,2,207050.0,206290.0,207260.0,206140.0,11.0,2270020.0,603
2023-05-10 21:07:35,sn2401,sn2401,206140.0,0.0,0.0,0.0,1,205500.0,205760.0,2,207050.0,206290.0,207260.0,206140.0,11.0,2270020.0,603
2023-05-10 21:07:36,sn2401,sn2401,206140.0,0.0,0.0,0.0,1,205500.0,205760.0,2,207050.0,206290.0,207260.0,206140.0,11.0,2270020.0,603
2023-05-10 21:07:37,sn2401,sn2401,206140.0,0.0,0.0,0.0,1,205500.0,205760.0,3,207050.0,206290.0,207260.0,206140.0,11.0,2270020.0,603
2023-05-10 21:07:37,sn2401,sn2401,206140.0,0.0,0.0,0.0,1,205500.0,205760.0,3,207050.0,206290.0,207260.0,206140.0,11.0,2270020.0,603
2023-05-10 21:07:38,sn2401,sn2401,206140.0,0.0,0.0,0.0,1,205500.0,205760.0,3,207050.0,206290.0,207260.0,206140.0,11.0,2270020.0,603
2023-05-10 21:07:38,sn2401,sn2401,206140.0,0.0,0.0,0.0,1,205500.0,205750.0,2,207050.0,206290.0,207260.0,206140.0,11.0,2270020.0,603
2023-05-10 21:07:39,sn2401,sn2401,206140.0,0.0,0.0,0.0,1,205500.0,205730.0,2,207050.0,206290.0,207260.0,206140.0,11.0,2270020.0,603
2023-05-10 21:07:39,sn2401,sn2401,206140.0,0.0,0.0,0.0,1,205500.0,205730.0,2,207050.0,206290.0,207260.0,206140.0,11.0,2270020.0,603
2023-05-10 21:07:44,sn2401,sn2401,206140.0,0.0,0.0,0.0,1,205500.0,205730.0,2,207050.0,206290.0,207260.0,206140.0,11.0,2270020.0,603
2023-05-10 21:07:44,sn2401,sn2401,206140.0,0.0,0.0,0.0,1,205500.0,205730.0,2,207050.0,206290.0,207260.0,206140.0,11.0,2270020.0,603
2023-05-10 21:07:46,sn2401,sn2401,206140.0,0.0,0.0,0.0,1,205500.0,206100.0,1,207050.0,206290.0,207260.0,206140.0,11.0,2270020.0,603
2023-05-10 21:07:46,sn2401,sn2401,206140.0,0.0,0.0,0.0,1,205500.0,205810.0,1,207050.0,206290.0,207260.0,206140.0,11.0,2270020.0,603
2023-05-10 21:07:47,sn2401,sn2401,206140.0,0.0,0.0,0.0,1,205500.0,206010.0,2,207050.0,206290.0,207260.0,206140.0,11.0,2270020.0,603
2023-05-10 21:07:47,sn2401,sn2401,206140.0,0.0,0.0,0.0,1,205500.0,205900.0,1,207050.0,206290.0,207260.0,206140.0,11.0,2270020.0,603
2023-05-10 21:07:48,sn2401,sn2401,206140.0,0.0,0.0,0.0,1,205500.0,205880.0,4,207050.0,206290.0,207260.0,206140.0,11.0,2270020.0,603
2023-05-10 21:07:48,sn2401,sn2401,206140.0,0.0,0.0,0.0,1,205500.0,205840.0,1,207050.0,206290.0,207260.0,206140.0,11.0,2270020.0,603
2023-05-10 21:07:49,sn2401,sn2401,206140.0,0.0,0.0,0.0,1,205500.0,205880.0,4,207050.0,206290.0,207260.0,206140.0,11.0,2270020.0,603
2023-05-10 21:07:49,sn2401,sn2401,206140.0,0.0,0.0,0.0,1,205500.0,205880.0,2,207050.0,206290.0,207260.0,206140.0,11.0,2270020.0,603
2023-05-10 21:07:50,sn2401,sn2401,206140.0,0.0,0.0,0.0,1,205500.0,205880.0,2,207050.0,206290.0,207260.0,206140.0,11.0,2270020.0,603
