time,symbol_id,symbol_name,last,trade_volume,trade_amount,open_interest_change,bv1,bp1,ap1,av1,yesterday_close,today_open,today_high,today_low,volume,amount,open_interest
2023-05-09 20:59:00,sn2310,sn2310,207760.0,0.0,0.0,0.0,5,202270.0,214560.0,5,207760.0,207120.0,0.0,0.0,0.0,0.0,377
2023-05-09 21:00:00,sn2310,sn2310,207760.0,0.0,0.0,0.0,1,202370.0,214560.0,5,207760.0,207120.0,0.0,0.0,0.0,0.0,377
2023-05-09 21:00:01,sn2310,sn2310,207760.0,0.0,0.0,0.0,1,204950.0,209120.0,1,207760.0,207120.0,0.0,0.0,0.0,0.0,377
2023-05-09 21:00:01,sn2310,sn2310,207760.0,0.0,0.0,0.0,1,205780.0,208290.0,1,207760.0,207120.0,0.0,0.0,0.0,0.0,377
2023-05-09 21:00:02,sn2310,sn2310,207760.0,0.0,0.0,0.0,1,205880.0,207430.0,1,207760.0,207120.0,0.0,0.0,0.0,0.0,377
2023-05-09 21:00:02,sn2310,sn2310,207760.0,0.0,0.0,0.0,1,206180.0,207130.0,1,207760.0,207120.0,0.0,0.0,0.0,0.0,377
2023-05-09 21:00:03,sn2310,sn2310,207760.0,0.0,0.0,0.0,1,203190.0,206950.0,1,207760.0,207120.0,0.0,0.0,0.0,0.0,377
2023-05-09 21:00:03,sn2310,sn2310,207760.0,0.0,0.0,0.0,1,204090.0,207130.0,1,207760.0,207120.0,0.0,0.0,0.0,0.0,377
2023-05-09 21:00:04,sn2310,sn2310,207760.0,0.0,0.0,0.0,1,204190.0,206700.0,1,207760.0,207120.0,0.0,0.0,0.0,0.0,377
2023-05-09 21:00:04,sn2310,sn2310,207760.0,0.0,0.0,0.0,1,204690.0,207120.0,4,207760.0,207120.0,0.0,0.0,0.0,0.0,377
2023-05-09 21:00:05,sn2310,sn2310,207760.0,0.0,0.0,0.0,1,204790.0,206740.0,1,207760.0,207120.0,0.0,0.0,0.0,0.0,377
2023-05-09 21:00:05,sn2310,sn2310,207760.0,0.0,0.0,0.0,18,204810.0,206720.0,2,207760.0,207120.0,0.0,0.0,0.0,0.0,377
2023-05-09 21:00:06,sn2310,sn2310,207760.0,0.0,0.0,0.0,1,205170.0,206720.0,2,207760.0,207120.0,0.0,0.0,0.0,0.0,377
2023-05-09 21:00:06,sn2310,sn2310,207760.0,0.0,0.0,0.0,1,205270.0,206720.0,2,207760.0,207120.0,0.0,0.0,0.0,0.0,377
2023-05-09 21:00:07,sn2310,sn2310,207760.0,0.0,0.0,0.0,1,205550.0,206720.0,2,207760.0,207120.0,0.0,0.0,0.0,0.0,377
2023-05-09 21:00:07,sn2310,sn2310,207760.0,0.0,0.0,0.0,1,205650.0,206720.0,2,207760.0,207120.0,0.0,0.0,0.0,0.0,377
2023-05-09 21:00:08,sn2310,sn2310,207760.0,0.0,0.0,0.0,9,205670.0,206720.0,2,207760.0,207120.0,0.0,0.0,0.0,0.0,377
2023-05-09 21:00:08,sn2310,sn2310,207760.0,0.0,0.0,0.0,1,205770.0,206720.0,2,207760.0,207120.0,0.0,0.0,0.0,0.0,377
2023-05-09 21:00:09,sn2310,sn2310,207760.0,0.0,0.0,0.0,7,205790.0,206720.0,2,207760.0,207120.0,0.0,0.0,0.0,0.0,377
2023-05-09 21:00:09,sn2310,sn2310,207760.0,0.0,0.0,0.0,1,205880.0,206720.0,2,207760.0,207120.0,0.0,0.0,0.0,0.0,377
2023-05-09 21:00:10,sn2310,sn2310,207760.0,0.0,0.0,0.0,5,205900.0,206720.0,2,207760.0,207120.0,0.0,0.0,0.0,0.0,377
2023-05-09 21:00:10,sn2310,sn2310,207760.0,0.0,0.0,0.0,1,205940.0,206720.0,2,207760.0,207120.0,0.0,0.0,0.0,0.0,377
2023-05-09 21:00:11,sn2310,sn2310,207760.0,0.0,0.0,0.0,5,205960.0,206720.0,2,207760.0,207120.0,0.0,0.0,0.0,0.0,377
2023-05-09 21:00:11,sn2310,sn2310,207760.0,0.0,0.0,0.0,1,206000.0,206720.0,2,207760.0,207120.0,0.0,0.0,0.0,0.0,377
2023-05-09 21:00:12,sn2310,sn2310,207760.0,0.0,0.0,0.0,5,206020.0,206720.0,2,207760.0,207120.0,0.0,0.0,0.0,0.0,377
2023-05-09 21:00:12,sn2310,sn2310,207760.0,0.0,0.0,0.0,5,206020.0,206720.0,2,207760.0,207120.0,0.0,0.0,0.0,0.0,377
2023-05-09 21:00:13,sn2310,sn2310,207760.0,0.0,0.0,0.0,2,206080.0,206720.0,2,207760.0,207120.0,0.0,0.0,0.0,0.0,377
2023-05-09 21:00:14,sn2310,sn2310,207760.0,0.0,0.0,0.0,5,206100.0,206720.0,2,207760.0,207120.0,0.0,0.0,0.0,0.0,377
2023-05-09 21:00:14,sn2310,sn2310,207760.0,0.0,0.0,0.0,1,206160.0,206720.0,2,207760.0,207120.0,0.0,0.0,0.0,0.0,377
2023-05-09 21:00:15,sn2310,sn2310,207760.0,0.0,0.0,0.0,5,206180.0,206720.0,2,207760.0,207120.0,0.0,0.0,0.0,0.0,377
2023-05-09 21:00:15,sn2310,sn2310,207760.0,0.0,0.0,0.0,5,206180.0,206720.0,2,207760.0,207120.0,0.0,0.0,0.0,0.0,377
2023-05-09 21:00:16,sn2310,sn2310,207760.0,0.0,0.0,0.0,1,206210.0,206720.0,2,207760.0,207120.0,0.0,0.0,0.0,0.0,377
2023-05-09 21:00:16,sn2310,sn2310,207760.0,0.0,0.0,0.0,4,206230.0,206720.0,2,207760.0,207120.0,0.0,0.0,0.0,0.0,377
2023-05-09 21:00:17,sn2310,sn2310,207760.0,0.0,0.0,0.0,4,206230.0,206720.0,2,207760.0,207120.0,0.0,0.0,0.0,0.0,377
2023-05-09 21:00:17,sn2310,sn2310,207760.0,0.0,0.0,0.0,4,206230.0,206720.0,2,207760.0,207120.0,0.0,0.0,0.0,0.0,377
2023-05-09 21:00:18,sn2310,sn2310,207760.0,0.0,0.0,0.0,4,206230.0,206720.0,2,207760.0,207120.0,0.0,0.0,0.0,0.0,377
2023-05-09 21:00:20,sn2310,sn2310,207760.0,0.0,0.0,0.0,1,206240.0,206720.0,2,207760.0,207120.0,0.0,0.0,0.0,0.0,377
2023-05-09 21:00:20,sn2310,sn2310,207760.0,0.0,0.0,0.0,1,206490.0,207120.0,4,207760.0,207120.0,0.0,0.0,0.0,0.0,377
2023-05-09 21:00:21,sn2310,sn2310,207760.0,0.0,0.0,0.0,4,206260.0,207100.0,2,207760.0,207120.0,0.0,0.0,0.0,0.0,377
2023-05-09 21:00:21,sn2310,sn2310,207760.0,0.0,0.0,0.0,2,206510.0,207100.0,2,207760.0,207120.0,0.0,0.0,0.0,0.0,377
2023-05-09 21:00:22,sn2310,sn2310,207760.0,0.0,0.0,0.0,3,206530.0,207100.0,2,207760.0,207120.0,0.0,0.0,0.0,0.0,377
2023-05-09 21:00:22,sn2310,sn2310,207760.0,0.0,0.0,0.0,2,206550.0,207110.0,1,207760.0,207120.0,0.0,0.0,0.0,0.0,377
2023-05-09 21:00:23,sn2310,sn2310,207760.0,0.0,0.0,0.0,1,206880.0,207120.0,4,207760.0,207120.0,0.0,0.0,0.0,0.0,377
2023-05-09 21:00:23,sn2310,sn2310,207760.0,0.0,0.0,0.0,1,206880.0,207110.0,1,207760.0,207120.0,0.0,0.0,0.0,0.0,377
2023-05-09 21:00:24,sn2310,sn2310,207120.0,1.0,207120.0,-1.0,1,206880.0,208320.0,1,207760.0,207120.0,207120.0,207120.0,1.0,207120.0,376
2023-05-09 21:00:24,sn2310,sn2310,207120.0,0.0,0.0,0.0,2,206890.0,208300.0,2,207760.0,207120.0,207120.0,207120.0,1.0,207120.0,376
2023-05-09 21:00:25,sn2310,sn2310,207120.0,0.0,0.0,0.0,4,206890.0,207730.0,1,207760.0,207120.0,207120.0,207120.0,1.0,207120.0,376
2023-05-09 21:00:25,sn2310,sn2310,207120.0,0.0,0.0,0.0,4,206890.0,207710.0,2,207760.0,207120.0,207120.0,207120.0,1.0,207120.0,376
2023-05-09 21:00:26,sn2310,sn2310,207120.0,0.0,0.0,0.0,1,207090.0,207550.0,1,207760.0,207120.0,207120.0,207120.0,1.0,207120.0,376
2023-05-09 21:00:27,sn2310,sn2310,207120.0,0.0,0.0,0.0,4,206890.0,207530.0,2,207760.0,207120.0,207120.0,207120.0,1.0,207120.0,376
2023-05-09 21:00:27,sn2310,sn2310,207120.0,0.0,0.0,0.0,1,206930.0,207460.0,1,207760.0,207120.0,207120.0,207120.0,1.0,207120.0,376
2023-05-09 21:00:28,sn2310,sn2310,207120.0,0.0,0.0,0.0,1,206930.0,207440.0,2,207760.0,207120.0,207120.0,207120.0,1.0,207120.0,376
2023-05-09 21:00:28,sn2310,sn2310,207120.0,0.0,0.0,0.0,11,203200.0,207360.0,1,207760.0,207120.0,207120.0,207120.0,1.0,207120.0,376
2023-05-09 21:00:29,sn2310,sn2310,207120.0,0.0,0.0,0.0,1,206630.0,207340.0,2,207760.0,207120.0,207120.0,207120.0,1.0,207120.0,376
2023-05-09 21:00:29,sn2310,sn2310,207120.0,0.0,0.0,0.0,1,206630.0,207200.0,1,207760.0,207120.0,207120.0,207120.0,1.0,207120.0,376
2023-05-09 21:00:30,sn2310,sn2310,207120.0,0.0,0.0,0.0,1,206630.0,207180.0,2,207760.0,207120.0,207120.0,207120.0,1.0,207120.0,376
2023-05-09 21:00:30,sn2310,sn2310,207120.0,0.0,0.0,0.0,1,206630.0,207090.0,1,207760.0,207120.0,207120.0,207120.0,1.0,207120.0,376
2023-05-09 21:00:31,sn2310,sn2310,207120.0,0.0,0.0,0.0,1,205860.0,207070.0,2,207760.0,207120.0,207120.0,207120.0,1.0,207120.0,376
2023-05-09 21:00:31,sn2310,sn2310,207120.0,0.0,0.0,0.0,1,206410.0,207070.0,2,207760.0,207120.0,207120.0,207120.0,1.0,207120.0,376
2023-05-09 21:00:32,sn2310,sn2310,207120.0,0.0,0.0,0.0,1,206450.0,207070.0,2,207760.0,207120.0,207120.0,207120.0,1.0,207120.0,376
2023-05-09 21:00:32,sn2310,sn2310,207120.0,0.0,0.0,0.0,5,206470.0,207070.0,2,207760.0,207120.0,207120.0,207120.0,1.0,207120.0,376
2023-05-09 21:00:33,sn2310,sn2310,207120.0,0.0,0.0,0.0,5,206470.0,207060.0,1,207760.0,207120.0,207120.0,207120.0,1.0,207120.0,376
2023-05-09 21:00:33,sn2310,sn2310,207120.0,0.0,0.0,0.0,5,206470.0,207040.0,2,207760.0,207120.0,207120.0,207120.0,1.0,207120.0,376
2023-05-09 21:00:34,sn2310,sn2310,207120.0,0.0,0.0,0.0,1,206580.0,207010.0,1,207760.0,207120.0,207120.0,207120.0,1.0,207120.0,376
2023-05-09 21:00:34,sn2310,sn2310,207120.0,0.0,0.0,0.0,1,206100.0,206990.0,2,207760.0,207120.0,207120.0,207120.0,1.0,207120.0,376
2023-05-09 21:00:35,sn2310,sn2310,207120.0,0.0,0.0,0.0,1,206160.0,206990.0,2,207760.0,207120.0,207120.0,207120.0,1.0,207120.0,376
2023-05-09 21:00:35,sn2310,sn2310,207120.0,0.0,0.0,0.0,5,206180.0,206990.0,2,207760.0,207120.0,207120.0,207120.0,1.0,207120.0,376
2023-05-09 21:00:36,sn2310,sn2310,207120.0,0.0,0.0,0.0,1,206260.0,206990.0,2,207760.0,207120.0,207120.0,207120.0,1.0,207120.0,376
2023-05-09 21:00:37,sn2310,sn2310,207120.0,0.0,0.0,0.0,2,206260.0,206990.0,2,207760.0,207120.0,207120.0,207120.0,1.0,207120.0,376
2023-05-09 21:00:37,sn2310,sn2310,207120.0,0.0,0.0,0.0,2,206260.0,206990.0,2,207760.0,207120.0,207120.0,207120.0,1.0,207120.0,376
2023-05-09 21:00:38,sn2310,sn2310,207120.0,0.0,0.0,0.0,1,206300.0,206910.0,1,207760.0,207120.0,207120.0,207120.0,1.0,207120.0,376
2023-05-09 21:00:38,sn2310,sn2310,207120.0,0.0,0.0,0.0,1,206300.0,206890.0,2,207760.0,207120.0,207120.0,207120.0,1.0,207120.0,376
2023-05-09 21:00:39,sn2310,sn2310,207120.0,0.0,0.0,0.0,2,205880.0,206890.0,2,207760.0,207120.0,207120.0,207120.0,1.0,207120.0,376
2023-05-09 21:00:39,sn2310,sn2310,207120.0,0.0,0.0,0.0,1,206050.0,206890.0,2,207760.0,207120.0,207120.0,207120.0,1.0,207120.0,376
2023-05-09 21:00:40,sn2310,sn2310,207120.0,0.0,0.0,0.0,2,206050.0,206890.0,2,207760.0,207120.0,207120.0,207120.0,1.0,207120.0,376
2023-05-09 21:00:40,sn2310,sn2310,207120.0,0.0,0.0,0.0,2,206050.0,206890.0,2,207760.0,207120.0,207120.0,207120.0,1.0,207120.0,376
2023-05-09 21:00:41,sn2310,sn2310,207120.0,0.0,0.0,0.0,1,206120.0,206850.0,1,207760.0,207120.0,207120.0,207120.0,1.0,207120.0,376
2023-05-09 21:00:41,sn2310,sn2310,207120.0,0.0,0.0,0.0,2,206120.0,206830.0,2,207760.0,207120.0,207120.0,207120.0,1.0,207120.0,376
2023-05-09 21:00:42,sn2310,sn2310,207120.0,0.0,0.0,0.0,2,206120.0,206780.0,1,207760.0,207120.0,207120.0,207120.0,1.0,207120.0,376
2023-05-09 21:00:42,sn2310,sn2310,207120.0,0.0,0.0,0.0,1,206120.0,206760.0,2,207760.0,207120.0,207120.0,207120.0,1.0,207120.0,376
2023-05-09 21:00:43,sn2310,sn2310,207120.0,0.0,0.0,0.0,1,206150.0,206760.0,2,207760.0,207120.0,207120.0,207120.0,1.0,207120.0,376
2023-05-09 21:00:43,sn2310,sn2310,207120.0,0.0,0.0,0.0,1,206160.0,206750.0,1,207760.0,207120.0,207120.0,207120.0,1.0,207120.0,376
2023-05-09 21:00:44,sn2310,sn2310,207120.0,0.0,0.0,0.0,1,206160.0,206730.0,2,207760.0,207120.0,207120.0,207120.0,1.0,207120.0,376
2023-05-09 21:00:44,sn2310,sn2310,207120.0,0.0,0.0,0.0,2,206180.0,206730.0,2,207760.0,207120.0,207120.0,207120.0,1.0,207120.0,376
2023-05-09 21:00:45,sn2310,sn2310,207120.0,0.0,0.0,0.0,2,206190.0,206730.0,2,207760.0,207120.0,207120.0,207120.0,1.0,207120.0,376
2023-05-09 21:00:45,sn2310,sn2310,207120.0,0.0,0.0,0.0,4,206210.0,206730.0,2,207760.0,207120.0,207120.0,207120.0,1.0,207120.0,376
2023-05-09 21:00:46,sn2310,sn2310,207120.0,0.0,0.0,0.0,1,206230.0,206720.0,1,207760.0,207120.0,207120.0,207120.0,1.0,207120.0,376
2023-05-09 21:00:46,sn2310,sn2310,207120.0,0.0,0.0,0.0,1,206440.0,206720.0,1,207760.0,207120.0,207120.0,207120.0,1.0,207120.0,376
2023-05-09 21:00:47,sn2310,sn2310,207120.0,0.0,0.0,0.0,1,206440.0,206720.0,1,207760.0,207120.0,207120.0,207120.0,1.0,207120.0,376
2023-05-09 21:00:47,sn2310,sn2310,207120.0,0.0,0.0,0.0,1,206270.0,206720.0,1,207760.0,207120.0,207120.0,207120.0,1.0,207120.0,376
2023-05-09 21:00:48,sn2310,sn2310,207120.0,0.0,0.0,0.0,2,206270.0,206720.0,1,207760.0,207120.0,207120.0,207120.0,1.0,207120.0,376
2023-05-09 21:00:48,sn2310,sn2310,207120.0,0.0,0.0,0.0,1,206280.0,206720.0,1,207760.0,207120.0,207120.0,207120.0,1.0,207120.0,376
2023-05-09 21:00:49,sn2310,sn2310,207120.0,0.0,0.0,0.0,4,206250.0,206720.0,1,207760.0,207120.0,207120.0,207120.0,1.0,207120.0,376
2023-05-09 21:00:49,sn2310,sn2310,207120.0,0.0,0.0,0.0,1,206440.0,206720.0,1,207760.0,207120.0,207120.0,207120.0,1.0,207120.0,376
2023-05-09 21:00:50,sn2310,sn2310,207120.0,0.0,0.0,0.0,1,206450.0,206720.0,1,207760.0,207120.0,207120.0,207120.0,1.0,207120.0,376
2023-05-09 21:00:50,sn2310,sn2310,207120.0,0.0,0.0,0.0,1,206450.0,206720.0,1,207760.0,207120.0,207120.0,207120.0,1.0,207120.0,376
2023-05-09 21:00:51,sn2310,sn2310,207120.0,0.0,0.0,0.0,1,206450.0,206720.0,1,207760.0,207120.0,207120.0,207120.0,1.0,207120.0,376
2023-05-09 21:00:52,sn2310,sn2310,207120.0,0.0,0.0,0.0,5,206270.0,206720.0,1,207760.0,207120.0,207120.0,207120.0,1.0,207120.0,376
2023-05-09 21:00:52,sn2310,sn2310,207120.0,0.0,0.0,0.0,2,205880.0,206700.0,2,207760.0,207120.0,207120.0,207120.0,1.0,207120.0,376
2023-05-09 21:00:53,sn2310,sn2310,207120.0,0.0,0.0,0.0,1,206040.0,206700.0,2,207760.0,207120.0,207120.0,207120.0,1.0,207120.0,376
2023-05-09 21:00:53,sn2310,sn2310,207120.0,0.0,0.0,0.0,2,206040.0,206700.0,3,207760.0,207120.0,207120.0,207120.0,1.0,207120.0,376
2023-05-09 21:00:54,sn2310,sn2310,207120.0,0.0,0.0,0.0,4,206060.0,206700.0,2,207760.0,207120.0,207120.0,207120.0,1.0,207120.0,376
2023-05-09 21:00:54,sn2310,sn2310,207120.0,0.0,0.0,0.0,1,206070.0,206700.0,2,207760.0,207120.0,207120.0,207120.0,1.0,207120.0,376
2023-05-09 21:00:55,sn2310,sn2310,207120.0,0.0,0.0,0.0,5,206090.0,206700.0,2,207760.0,207120.0,207120.0,207120.0,1.0,207120.0,376
2023-05-09 21:00:55,sn2310,sn2310,207120.0,0.0,0.0,0.0,1,206100.0,206700.0,2,207760.0,207120.0,207120.0,207120.0,1.0,207120.0,376
2023-05-09 21:00:56,sn2310,sn2310,207120.0,0.0,0.0,0.0,1,206130.0,206660.0,1,207760.0,207120.0,207120.0,207120.0,1.0,207120.0,376
2023-05-09 21:00:56,sn2310,sn2310,207120.0,0.0,0.0,0.0,1,206130.0,206640.0,2,207760.0,207120.0,207120.0,207120.0,1.0,207120.0,376
2023-05-09 21:00:57,sn2310,sn2310,207120.0,0.0,0.0,0.0,1,206140.0,206620.0,1,207760.0,207120.0,207120.0,207120.0,1.0,207120.0,376
2023-05-09 21:00:57,sn2310,sn2310,207120.0,0.0,0.0,0.0,1,206130.0,206600.0,2,207760.0,207120.0,207120.0,207120.0,1.0,207120.0,376
2023-05-09 21:00:58,sn2310,sn2310,207120.0,0.0,0.0,0.0,2,206130.0,206600.0,2,207760.0,207120.0,207120.0,207120.0,1.0,207120.0,376
2023-05-09 21:00:58,sn2310,sn2310,207120.0,0.0,0.0,0.0,2,206140.0,206600.0,2,207760.0,207120.0,207120.0,207120.0,1.0,207120.0,376
2023-05-09 21:00:59,sn2310,sn2310,207120.0,0.0,0.0,0.0,1,206160.0,206600.0,2,207760.0,207120.0,207120.0,207120.0,1.0,207120.0,376
2023-05-09 21:00:59,sn2310,sn2310,207120.0,0.0,0.0,0.0,1,206330.0,206600.0,2,207760.0,207120.0,207120.0,207120.0,1.0,207120.0,376
2023-05-09 21:01:00,sn2310,sn2310,207120.0,0.0,0.0,0.0,2,206180.0,206600.0,2,207760.0,207120.0,207120.0,207120.0,1.0,207120.0,376
2023-05-09 21:01:00,sn2310,sn2310,207120.0,0.0,0.0,0.0,1,206190.0,206600.0,2,207760.0,207120.0,207120.0,207120.0,1.0,207120.0,376
2023-05-09 21:01:01,sn2310,sn2310,207120.0,0.0,0.0,0.0,1,206190.0,206600.0,2,207760.0,207120.0,207120.0,207120.0,1.0,207120.0,376
2023-05-09 21:01:02,sn2310,sn2310,207120.0,0.0,0.0,0.0,1,206190.0,206600.0,2,207760.0,207120.0,207120.0,207120.0,1.0,207120.0,376
2023-05-09 21:01:03,sn2310,sn2310,207120.0,0.0,0.0,0.0,2,206160.0,206600.0,2,207760.0,207120.0,207120.0,207120.0,1.0,207120.0,376
2023-05-09 21:01:03,sn2310,sn2310,207120.0,0.0,0.0,0.0,1,205860.0,206600.0,2,207760.0,207120.0,207120.0,207120.0,1.0,207120.0,376
2023-05-09 21:01:04,sn2310,sn2310,207120.0,0.0,0.0,0.0,1,206000.0,206570.0,1,207760.0,207120.0,207120.0,207120.0,1.0,207120.0,376
2023-05-09 21:01:04,sn2310,sn2310,207120.0,0.0,0.0,0.0,2,206020.0,206550.0,2,207760.0,207120.0,207120.0,207120.0,1.0,207120.0,376
2023-05-09 21:01:05,sn2310,sn2310,207120.0,0.0,0.0,0.0,1,206030.0,206550.0,2,207760.0,207120.0,207120.0,207120.0,1.0,207120.0,376
2023-05-09 21:01:05,sn2310,sn2310,207120.0,0.0,0.0,0.0,2,206050.0,206550.0,2,207760.0,207120.0,207120.0,207120.0,1.0,207120.0,376
2023-05-09 21:01:06,sn2310,sn2310,207120.0,0.0,0.0,0.0,2,206050.0,206550.0,2,207760.0,207120.0,207120.0,207120.0,1.0,207120.0,376
2023-05-09 21:01:06,sn2310,sn2310,207120.0,0.0,0.0,0.0,2,206050.0,206550.0,2,207760.0,207120.0,207120.0,207120.0,1.0,207120.0,376
2023-05-09 21:01:07,sn2310,sn2310,207120.0,0.0,0.0,0.0,1,206140.0,206550.0,2,207760.0,207120.0,207120.0,207120.0,1.0,207120.0,376
2023-05-09 21:01:07,sn2310,sn2310,207120.0,0.0,0.0,0.0,1,203500.0,206550.0,2,207760.0,207120.0,207120.0,207120.0,1.0,207120.0,376
2023-05-09 21:01:08,sn2310,sn2310,207120.0,0.0,0.0,0.0,1,206000.0,206510.0,1,207760.0,207120.0,207120.0,207120.0,1.0,207120.0,376
2023-05-09 21:01:08,sn2310,sn2310,207120.0,0.0,0.0,0.0,1,206000.0,206490.0,2,207760.0,207120.0,207120.0,207120.0,1.0,207120.0,376
2023-05-09 21:01:09,sn2310,sn2310,207120.0,0.0,0.0,0.0,1,204230.0,206480.0,1,207760.0,207120.0,207120.0,207120.0,1.0,207120.0,376
2023-05-09 21:01:09,sn2310,sn2310,207120.0,0.0,0.0,0.0,1,205730.0,206460.0,2,207760.0,207120.0,207120.0,207120.0,1.0,207120.0,376
2023-05-09 21:01:10,sn2310,sn2310,207120.0,0.0,0.0,0.0,5,205750.0,206410.0,1,207760.0,207120.0,207120.0,207120.0,1.0,207120.0,376
2023-05-09 21:01:10,sn2310,sn2310,207120.0,0.0,0.0,0.0,1,205880.0,206410.0,1,207760.0,207120.0,207120.0,207120.0,1.0,207120.0,376
2023-05-09 21:01:11,sn2310,sn2310,207120.0,0.0,0.0,0.0,1,205890.0,206700.0,1,207760.0,207120.0,207120.0,207120.0,1.0,207120.0,376
2023-05-09 21:01:11,sn2310,sn2310,207120.0,0.0,0.0,0.0,1,205900.0,206540.0,1,207760.0,207120.0,207120.0,207120.0,1.0,207120.0,376
2023-05-09 21:01:12,sn2310,sn2310,207120.0,0.0,0.0,0.0,1,206020.0,206490.0,1,207760.0,207120.0,207120.0,207120.0,1.0,207120.0,376
2023-05-09 21:01:12,sn2310,sn2310,207120.0,0.0,0.0,0.0,1,205950.0,206470.0,2,207760.0,207120.0,207120.0,207120.0,1.0,207120.0,376
2023-05-09 21:01:13,sn2310,sn2310,207120.0,0.0,0.0,0.0,1,206030.0,206470.0,2,207760.0,207120.0,207120.0,207120.0,1.0,207120.0,376
2023-05-09 21:01:13,sn2310,sn2310,207120.0,0.0,0.0,0.0,1,206030.0,206470.0,2,207760.0,207120.0,207120.0,207120.0,1.0,207120.0,376
2023-05-09 21:01:14,sn2310,sn2310,207120.0,0.0,0.0,0.0,1,206030.0,206470.0,2,207760.0,207120.0,207120.0,207120.0,1.0,207120.0,376
2023-05-09 21:01:15,sn2310,sn2310,207120.0,0.0,0.0,0.0,1,205640.0,206470.0,2,207760.0,207120.0,207120.0,207120.0,1.0,207120.0,376
2023-05-09 21:01:15,sn2310,sn2310,207120.0,0.0,0.0,0.0,1,205970.0,206470.0,2,207760.0,207120.0,207120.0,207120.0,1.0,207120.0,376
2023-05-09 21:01:16,sn2310,sn2310,207120.0,0.0,0.0,0.0,1,205970.0,206430.0,1,207760.0,207120.0,207120.0,207120.0,1.0,207120.0,376
2023-05-09 21:01:16,sn2310,sn2310,207120.0,0.0,0.0,0.0,1,205970.0,206410.0,2,207760.0,207120.0,207120.0,207120.0,1.0,207120.0,376
2023-05-09 21:01:17,sn2310,sn2310,207120.0,0.0,0.0,0.0,1,205970.0,206410.0,2,207760.0,207120.0,207120.0,207120.0,1.0,207120.0,376
2023-05-09 21:01:18,sn2310,sn2310,207120.0,0.0,0.0,0.0,1,205800.0,206410.0,2,207760.0,207120.0,207120.0,207120.0,1.0,207120.0,376
2023-05-09 21:01:18,sn2310,sn2310,207120.0,0.0,0.0,0.0,1,205800.0,206410.0,2,207760.0,207120.0,207120.0,207120.0,1.0,207120.0,376
2023-05-09 21:01:19,sn2310,sn2310,207120.0,0.0,0.0,0.0,1,205800.0,206410.0,2,207760.0,207120.0,207120.0,207120.0,1.0,207120.0,376
2023-05-09 21:01:19,sn2310,sn2310,207120.0,0.0,0.0,0.0,1,205810.0,206410.0,2,207760.0,207120.0,207120.0,207120.0,1.0,207120.0,376
2023-05-09 21:01:20,sn2310,sn2310,207120.0,0.0,0.0,0.0,1,205810.0,206350.0,1,207760.0,207120.0,207120.0,207120.0,1.0,207120.0,376
2023-05-09 21:01:20,sn2310,sn2310,207120.0,0.0,0.0,0.0,1,205810.0,206330.0,2,207760.0,207120.0,207120.0,207120.0,1.0,207120.0,376
2023-05-09 21:01:21,sn2310,sn2310,207120.0,0.0,0.0,0.0,1,205820.0,206330.0,2,207760.0,207120.0,207120.0,207120.0,1.0,207120.0,376
2023-05-09 21:01:22,sn2310,sn2310,207120.0,0.0,0.0,0.0,1,205820.0,206330.0,2,207760.0,207120.0,207120.0,207120.0,1.0,207120.0,376
2023-05-09 21:01:22,sn2310,sn2310,207120.0,0.0,0.0,0.0,1,205830.0,206330.0,2,207760.0,207120.0,207120.0,207120.0,1.0,207120.0,376
2023-05-09 21:01:23,sn2310,sn2310,207120.0,0.0,0.0,0.0,1,205830.0,206330.0,2,207760.0,207120.0,207120.0,207120.0,1.0,207120.0,376
2023-05-09 21:01:23,sn2310,sn2310,207120.0,0.0,0.0,0.0,1,205830.0,206330.0,2,207760.0,207120.0,207120.0,207120.0,1.0,207120.0,376
2023-05-09 21:01:24,sn2310,sn2310,207120.0,0.0,0.0,0.0,1,205530.0,206330.0,2,207760.0,207120.0,207120.0,207120.0,1.0,207120.0,376
2023-05-09 21:01:24,sn2310,sn2310,207120.0,0.0,0.0,0.0,1,205730.0,206330.0,2,207760.0,207120.0,207120.0,207120.0,1.0,207120.0,376
2023-05-09 21:01:25,sn2310,sn2310,207120.0,0.0,0.0,0.0,1,205840.0,206330.0,2,207760.0,207120.0,207120.0,207120.0,1.0,207120.0,376
2023-05-09 21:01:25,sn2310,sn2310,207120.0,0.0,0.0,0.0,2,205840.0,206330.0,2,207760.0,207120.0,207120.0,207120.0,1.0,207120.0,376
2023-05-09 21:01:26,sn2310,sn2310,207120.0,0.0,0.0,0.0,3,205850.0,206330.0,2,207760.0,207120.0,207120.0,207120.0,1.0,207120.0,376
2023-05-09 21:01:26,sn2310,sn2310,207120.0,0.0,0.0,0.0,1,205900.0,206330.0,2,207760.0,207120.0,207120.0,207120.0,1.0,207120.0,376
2023-05-09 21:01:27,sn2310,sn2310,207120.0,0.0,0.0,0.0,2,205900.0,206330.0,2,207760.0,207120.0,207120.0,207120.0,1.0,207120.0,376
2023-05-09 21:01:27,sn2310,sn2310,207120.0,0.0,0.0,0.0,1,205900.0,206330.0,2,207760.0,207120.0,207120.0,207120.0,1.0,207120.0,376
2023-05-09 21:01:28,sn2310,sn2310,207120.0,0.0,0.0,0.0,1,205910.0,206330.0,2,207760.0,207120.0,207120.0,207120.0,1.0,207120.0,376
2023-05-09 21:01:29,sn2310,sn2310,207120.0,0.0,0.0,0.0,1,205910.0,206330.0,2,207760.0,207120.0,207120.0,207120.0,1.0,207120.0,376
2023-05-09 21:01:33,sn2310,sn2310,207120.0,0.0,0.0,0.0,1,206070.0,206330.0,2,207760.0,207120.0,207120.0,207120.0,1.0,207120.0,376
2023-05-09 21:01:34,sn2310,sn2310,207120.0,0.0,0.0,0.0,1,206140.0,208310.0,4,207760.0,207120.0,207120.0,207120.0,1.0,207120.0,376
2023-05-09 21:01:34,sn2310,sn2310,207120.0,0.0,0.0,0.0,1,206140.0,206730.0,1,207760.0,207120.0,207120.0,207120.0,1.0,207120.0,376
2023-05-09 21:01:35,sn2310,sn2310,207120.0,0.0,0.0,0.0,1,205920.0,206710.0,2,207760.0,207120.0,207120.0,207120.0,1.0,207120.0,376
2023-05-09 21:01:35,sn2310,sn2310,207120.0,0.0,0.0,0.0,1,206200.0,206700.0,1,207760.0,207120.0,207120.0,207120.0,1.0,207120.0,376
2023-05-09 21:01:36,sn2310,sn2310,207120.0,0.0,0.0,0.0,2,205940.0,206680.0,2,207760.0,207120.0,207120.0,207120.0,1.0,207120.0,376
2023-05-09 21:01:36,sn2310,sn2310,207120.0,0.0,0.0,0.0,1,206080.0,206680.0,2,207760.0,207120.0,207120.0,207120.0,1.0,207120.0,376
2023-05-09 21:01:37,sn2310,sn2310,207120.0,0.0,0.0,0.0,1,206080.0,206680.0,2,207760.0,207120.0,207120.0,207120.0,1.0,207120.0,376
2023-05-09 21:01:37,sn2310,sn2310,207120.0,0.0,0.0,0.0,1,206080.0,206680.0,2,207760.0,207120.0,207120.0,207120.0,1.0,207120.0,376
2023-05-09 21:01:38,sn2310,sn2310,207120.0,0.0,0.0,0.0,1,206110.0,206640.0,1,207760.0,207120.0,207120.0,207120.0,1.0,207120.0,376
2023-05-09 21:01:38,sn2310,sn2310,207120.0,0.0,0.0,0.0,1,206140.0,206620.0,2,207760.0,207120.0,207120.0,207120.0,1.0,207120.0,376
2023-05-09 21:01:39,sn2310,sn2310,207120.0,0.0,0.0,0.0,1,206140.0,206620.0,2,207760.0,207120.0,207120.0,207120.0,1.0,207120.0,376
2023-05-09 21:01:40,sn2310,sn2310,207120.0,0.0,0.0,0.0,1,206140.0,206620.0,2,207760.0,207120.0,207120.0,207120.0,1.0,207120.0,376
2023-05-09 21:01:41,sn2310,sn2310,207120.0,0.0,0.0,0.0,1,206170.0,206620.0,2,207760.0,207120.0,207120.0,207120.0,1.0,207120.0,376
2023-05-09 21:01:41,sn2310,sn2310,207120.0,0.0,0.0,0.0,1,206170.0,206610.0,1,207760.0,207120.0,207120.0,207120.0,1.0,207120.0,376
2023-05-09 21:01:42,sn2310,sn2310,207120.0,0.0,0.0,0.0,2,206180.0,206590.0,2,207760.0,207120.0,207120.0,207120.0,1.0,207120.0,376
2023-05-09 21:01:42,sn2310,sn2310,207120.0,0.0,0.0,0.0,2,206180.0,206590.0,2,207760.0,207120.0,207120.0,207120.0,1.0,207120.0,376
2023-05-09 21:01:43,sn2310,sn2310,207120.0,0.0,0.0,0.0,2,206180.0,206550.0,1,207760.0,207120.0,207120.0,207120.0,1.0,207120.0,376
2023-05-09 21:01:43,sn2310,sn2310,207120.0,0.0,0.0,0.0,2,206180.0,206590.0,2,207760.0,207120.0,207120.0,207120.0,1.0,207120.0,376
2023-05-09 21:01:44,sn2310,sn2310,207120.0,0.0,0.0,0.0,1,206200.0,206590.0,2,207760.0,207120.0,207120.0,207120.0,1.0,207120.0,376
2023-05-09 21:01:44,sn2310,sn2310,207120.0,0.0,0.0,0.0,1,206200.0,206590.0,2,207760.0,207120.0,207120.0,207120.0,1.0,207120.0,376
2023-05-09 21:01:45,sn2310,sn2310,207120.0,0.0,0.0,0.0,1,206200.0,206590.0,2,207760.0,207120.0,207120.0,207120.0,1.0,207120.0,376
2023-05-09 21:01:45,sn2310,sn2310,207120.0,0.0,0.0,0.0,1,206200.0,206590.0,2,207760.0,207120.0,207120.0,207120.0,1.0,207120.0,376
2023-05-09 21:01:46,sn2310,sn2310,207120.0,0.0,0.0,0.0,1,206200.0,206590.0,2,207760.0,207120.0,207120.0,207120.0,1.0,207120.0,376
2023-05-09 21:01:46,sn2310,sn2310,207120.0,0.0,0.0,0.0,1,205910.0,206590.0,2,207760.0,207120.0,207120.0,207120.0,1.0,207120.0,376
2023-05-09 21:01:47,sn2310,sn2310,207120.0,0.0,0.0,0.0,1,206170.0,206580.0,1,207760.0,207120.0,207120.0,207120.0,1.0,207120.0,376
2023-05-09 21:01:47,sn2310,sn2310,207120.0,0.0,0.0,0.0,2,206170.0,206580.0,1,207760.0,207120.0,207120.0,207120.0,1.0,207120.0,376
2023-05-09 21:01:48,sn2310,sn2310,207120.0,0.0,0.0,0.0,1,206210.0,206580.0,1,207760.0,207120.0,207120.0,207120.0,1.0,207120.0,376
2023-05-09 21:01:48,sn2310,sn2310,207120.0,0.0,0.0,0.0,1,206310.0,206580.0,1,207760.0,207120.0,207120.0,207120.0,1.0,207120.0,376
2023-05-09 21:01:49,sn2310,sn2310,207120.0,0.0,0.0,0.0,1,206210.0,206580.0,1,207760.0,207120.0,207120.0,207120.0,1.0,207120.0,376
2023-05-09 21:01:49,sn2310,sn2310,207120.0,0.0,0.0,0.0,1,205910.0,206580.0,1,207760.0,207120.0,207120.0,207120.0,1.0,207120.0,376
2023-05-09 21:01:50,sn2310,sn2310,207120.0,0.0,0.0,0.0,1,206110.0,206580.0,1,207760.0,207120.0,207120.0,207120.0,1.0,207120.0,376
2023-05-09 21:01:50,sn2310,sn2310,207120.0,0.0,0.0,0.0,5,205930.0,206580.0,1,207760.0,207120.0,207120.0,207120.0,1.0,207120.0,376
2023-05-09 21:01:51,sn2310,sn2310,207120.0,0.0,0.0,0.0,5,205950.0,206580.0,1,207760.0,207120.0,207120.0,207120.0,1.0,207120.0,376
2023-05-09 21:01:51,sn2310,sn2310,207120.0,0.0,0.0,0.0,4,205970.0,206580.0,1,207760.0,207120.0,207120.0,207120.0,1.0,207120.0,376
2023-05-09 21:01:52,sn2310,sn2310,207120.0,0.0,0.0,0.0,5,205990.0,206580.0,1,207760.0,207120.0,207120.0,207120.0,1.0,207120.0,376
2023-05-09 21:01:52,sn2310,sn2310,207120.0,0.0,0.0,0.0,1,206010.0,206580.0,1,207760.0,207120.0,207120.0,207120.0,1.0,207120.0,376
2023-05-09 21:01:53,sn2310,sn2310,207120.0,0.0,0.0,0.0,5,206030.0,206580.0,1,207760.0,207120.0,207120.0,207120.0,1.0,207120.0,376
2023-05-09 21:01:53,sn2310,sn2310,207120.0,0.0,0.0,0.0,1,206040.0,206580.0,1,207760.0,207120.0,207120.0,207120.0,1.0,207120.0,376
2023-05-09 21:01:54,sn2310,sn2310,207120.0,0.0,0.0,0.0,5,206060.0,206580.0,1,207760.0,207120.0,207120.0,207120.0,1.0,207120.0,376
2023-05-09 21:01:54,sn2310,sn2310,207120.0,0.0,0.0,0.0,1,206070.0,206580.0,1,207760.0,207120.0,207120.0,207120.0,1.0,207120.0,376
2023-05-09 21:01:55,sn2310,sn2310,207120.0,0.0,0.0,0.0,4,206090.0,206580.0,1,207760.0,207120.0,207120.0,207120.0,1.0,207120.0,376
2023-05-09 21:01:55,sn2310,sn2310,207120.0,0.0,0.0,0.0,1,206180.0,206580.0,1,207760.0,207120.0,207120.0,207120.0,1.0,207120.0,376
2023-05-09 21:01:56,sn2310,sn2310,207120.0,0.0,0.0,0.0,1,206100.0,206580.0,1,207760.0,207120.0,207120.0,207120.0,1.0,207120.0,376
2023-05-09 21:01:56,sn2310,sn2310,207120.0,0.0,0.0,0.0,1,206110.0,206580.0,2,207760.0,207120.0,207120.0,207120.0,1.0,207120.0,376
2023-05-09 21:01:57,sn2310,sn2310,207120.0,0.0,0.0,0.0,1,206100.0,206580.0,2,207760.0,207120.0,207120.0,207120.0,1.0,207120.0,376
2023-05-09 21:01:57,sn2310,sn2310,207120.0,0.0,0.0,0.0,2,206100.0,206580.0,2,207760.0,207120.0,207120.0,207120.0,1.0,207120.0,376
2023-05-09 21:01:58,sn2310,sn2310,207120.0,0.0,0.0,0.0,1,206110.0,206580.0,2,207760.0,207120.0,207120.0,207120.0,1.0,207120.0,376
2023-05-09 21:01:58,sn2310,sn2310,207120.0,0.0,0.0,0.0,1,206100.0,206580.0,2,207760.0,207120.0,207120.0,207120.0,1.0,207120.0,376
2023-05-09 21:01:59,sn2310,sn2310,207120.0,0.0,0.0,0.0,1,206120.0,206580.0,2,207760.0,207120.0,207120.0,207120.0,1.0,207120.0,376
2023-05-09 21:02:00,sn2310,sn2310,207120.0,0.0,0.0,0.0,1,206120.0,206580.0,2,207760.0,207120.0,207120.0,207120.0,1.0,207120.0,376
2023-05-09 21:02:00,sn2310,sn2310,207120.0,0.0,0.0,0.0,1,206120.0,206570.0,2,207760.0,207120.0,207120.0,207120.0,1.0,207120.0,376
2023-05-09 21:02:01,sn2310,sn2310,207120.0,0.0,0.0,0.0,1,206350.0,206570.0,2,207760.0,207120.0,207120.0,207120.0,1.0,207120.0,376
2023-05-09 21:02:01,sn2310,sn2310,207120.0,0.0,0.0,0.0,2,206090.0,206570.0,2,207760.0,207120.0,207120.0,207120.0,1.0,207120.0,376
2023-05-09 21:02:02,sn2310,sn2310,207120.0,0.0,0.0,0.0,1,206220.0,206560.0,1,207760.0,207120.0,207120.0,207120.0,1.0,207120.0,376
2023-05-09 21:02:02,sn2310,sn2310,207120.0,0.0,0.0,0.0,1,206100.0,206540.0,2,207760.0,207120.0,207120.0,207120.0,1.0,207120.0,376
2023-05-09 21:02:03,sn2310,sn2310,207120.0,0.0,0.0,0.0,1,206110.0,206540.0,2,207760.0,207120.0,207120.0,207120.0,1.0,207120.0,376
2023-05-09 21:02:04,sn2310,sn2310,207120.0,0.0,0.0,0.0,1,205910.0,206540.0,3,207760.0,207120.0,207120.0,207120.0,1.0,207120.0,376
2023-05-09 21:02:05,sn2310,sn2310,207120.0,0.0,0.0,0.0,1,205980.0,206480.0,1,207760.0,207120.0,207120.0,207120.0,1.0,207120.0,376
2023-05-09 21:02:05,sn2310,sn2310,207120.0,0.0,0.0,0.0,1,206030.0,206460.0,2,207760.0,207120.0,207120.0,207120.0,1.0,207120.0,376
2023-05-09 21:02:06,sn2310,sn2310,207120.0,0.0,0.0,0.0,1,205980.0,206460.0,2,207760.0,207120.0,207120.0,207120.0,1.0,207120.0,376
2023-05-09 21:02:06,sn2310,sn2310,207120.0,0.0,0.0,0.0,2,205980.0,206460.0,2,207760.0,207120.0,207120.0,207120.0,1.0,207120.0,376
2023-05-09 21:02:07,sn2310,sn2310,207120.0,0.0,0.0,0.0,1,205990.0,206450.0,1,207760.0,207120.0,207120.0,207120.0,1.0,207120.0,376
2023-05-09 21:02:07,sn2310,sn2310,207120.0,0.0,0.0,0.0,1,206010.0,206430.0,3,207760.0,207120.0,207120.0,207120.0,1.0,207120.0,376
2023-05-09 21:02:08,sn2310,sn2310,207120.0,0.0,0.0,0.0,1,205990.0,206430.0,3,207760.0,207120.0,207120.0,207120.0,1.0,207120.0,376
2023-05-09 21:02:08,sn2310,sn2310,207120.0,0.0,0.0,0.0,1,205990.0,206400.0,1,207760.0,207120.0,207120.0,207120.0,1.0,207120.0,376
2023-05-09 21:02:09,sn2310,sn2310,207120.0,0.0,0.0,0.0,1,205990.0,206380.0,2,207760.0,207120.0,207120.0,207120.0,1.0,207120.0,376
2023-05-09 21:02:10,sn2310,sn2310,207120.0,0.0,0.0,0.0,1,205990.0,206380.0,2,207760.0,207120.0,207120.0,207120.0,1.0,207120.0,376
2023-05-09 21:02:12,sn2310,sn2310,207120.0,0.0,0.0,0.0,1,205990.0,206380.0,3,207760.0,207120.0,207120.0,207120.0,1.0,207120.0,376
2023-05-09 21:02:13,sn2310,sn2310,207120.0,0.0,0.0,0.0,1,205910.0,206370.0,1,207760.0,207120.0,207120.0,207120.0,1.0,207120.0,376
2023-05-09 21:02:13,sn2310,sn2310,207120.0,0.0,0.0,0.0,2,205910.0,206350.0,2,207760.0,207120.0,207120.0,207120.0,1.0,207120.0,376
2023-05-09 21:02:14,sn2310,sn2310,207120.0,0.0,0.0,0.0,1,205920.0,206340.0,1,207760.0,207120.0,207120.0,207120.0,1.0,207120.0,376
2023-05-09 21:02:14,sn2310,sn2310,207120.0,0.0,0.0,0.0,1,205920.0,206270.0,1,207760.0,207120.0,207120.0,207120.0,1.0,207120.0,376
2023-05-09 21:02:15,sn2310,sn2310,207120.0,0.0,0.0,0.0,1,205920.0,206250.0,2,207760.0,207120.0,207120.0,207120.0,1.0,207120.0,376
2023-05-09 21:02:15,sn2310,sn2310,207120.0,0.0,0.0,0.0,1,205920.0,206250.0,2,207760.0,207120.0,207120.0,207120.0,1.0,207120.0,376
2023-05-09 21:02:17,sn2310,sn2310,207120.0,0.0,0.0,0.0,1,205930.0,206250.0,2,207760.0,207120.0,207120.0,207120.0,1.0,207120.0,376
2023-05-09 21:02:18,sn2310,sn2310,207120.0,0.0,0.0,0.0,1,205920.0,206250.0,2,207760.0,207120.0,207120.0,207120.0,1.0,207120.0,376
2023-05-09 21:02:19,sn2310,sn2310,207120.0,0.0,0.0,0.0,1,205920.0,206250.0,3,207760.0,207120.0,207120.0,207120.0,1.0,207120.0,376
2023-05-09 21:02:19,sn2310,sn2310,207120.0,0.0,0.0,0.0,1,205920.0,206240.0,1,207760.0,207120.0,207120.0,207120.0,1.0,207120.0,376
2023-05-09 21:02:20,sn2310,sn2310,205920.0,1.0,205920.0,1.0,1,205910.0,206180.0,1,207760.0,207120.0,207120.0,205920.0,2.0,413040.0,377
2023-05-09 21:02:20,sn2310,sn2310,205920.0,0.0,0.0,0.0,1,205910.0,206160.0,2,207760.0,207120.0,207120.0,205920.0,2.0,413040.0,377
2023-05-09 21:02:21,sn2310,sn2310,205920.0,0.0,0.0,0.0,1,205910.0,206160.0,2,207760.0,207120.0,207120.0,205920.0,2.0,413040.0,377
2023-05-09 21:02:21,sn2310,sn2310,205920.0,0.0,0.0,0.0,1,205910.0,206160.0,2,207760.0,207120.0,207120.0,205920.0,2.0,413040.0,377
2023-05-09 21:02:22,sn2310,sn2310,205920.0,0.0,0.0,0.0,1,205910.0,206160.0,2,207760.0,207120.0,207120.0,205920.0,2.0,413040.0,377
2023-05-09 21:02:22,sn2310,sn2310,205920.0,0.0,0.0,0.0,1,205910.0,206160.0,2,207760.0,207120.0,207120.0,205920.0,2.0,413040.0,377
2023-05-09 21:02:23,sn2310,sn2310,205920.0,0.0,0.0,0.0,1,205240.0,206120.0,1,207760.0,207120.0,207120.0,205920.0,2.0,413040.0,377
2023-05-09 21:02:23,sn2310,sn2310,205920.0,0.0,0.0,0.0,1,205690.0,206070.0,1,207760.0,207120.0,207120.0,205920.0,2.0,413040.0,377
2023-05-09 21:02:24,sn2310,sn2310,205920.0,0.0,0.0,0.0,1,205660.0,206050.0,2,207760.0,207120.0,207120.0,205920.0,2.0,413040.0,377
2023-05-09 21:02:24,sn2310,sn2310,205920.0,0.0,0.0,0.0,1,205660.0,206050.0,2,207760.0,207120.0,207120.0,205920.0,2.0,413040.0,377
2023-05-09 21:02:25,sn2310,sn2310,205920.0,0.0,0.0,0.0,1,205660.0,206050.0,2,207760.0,207120.0,207120.0,205920.0,2.0,413040.0,377
2023-05-09 21:02:25,sn2310,sn2310,205920.0,0.0,0.0,0.0,1,205660.0,206050.0,2,207760.0,207120.0,207120.0,205920.0,2.0,413040.0,377
2023-05-09 21:02:26,sn2310,sn2310,205920.0,0.0,0.0,0.0,1,205410.0,206050.0,2,207760.0,207120.0,207120.0,205920.0,2.0,413040.0,377
2023-05-09 21:02:26,sn2310,sn2310,205920.0,0.0,0.0,0.0,1,205660.0,206050.0,2,207760.0,207120.0,207120.0,205920.0,2.0,413040.0,377
2023-05-09 21:02:27,sn2310,sn2310,205920.0,0.0,0.0,0.0,1,205730.0,206050.0,2,207760.0,207120.0,207120.0,205920.0,2.0,413040.0,377
2023-05-09 21:02:27,sn2310,sn2310,205920.0,0.0,0.0,0.0,1,205790.0,206050.0,2,207760.0,207120.0,207120.0,205920.0,2.0,413040.0,377
2023-05-09 21:02:28,sn2310,sn2310,205920.0,0.0,0.0,0.0,1,205870.0,206640.0,1,207760.0,207120.0,207120.0,205920.0,2.0,413040.0,377
2023-05-09 21:02:28,sn2310,sn2310,205920.0,0.0,0.0,0.0,1,205870.0,206490.0,1,207760.0,207120.0,207120.0,205920.0,2.0,413040.0,377
2023-05-09 21:02:29,sn2310,sn2310,205920.0,0.0,0.0,0.0,1,205870.0,206470.0,2,207760.0,207120.0,207120.0,205920.0,2.0,413040.0,377
2023-05-09 21:02:29,sn2310,sn2310,205920.0,0.0,0.0,0.0,1,205870.0,206470.0,2,207760.0,207120.0,207120.0,205920.0,2.0,413040.0,377
2023-05-09 21:02:30,sn2310,sn2310,205920.0,0.0,0.0,0.0,1,205880.0,206470.0,2,207760.0,207120.0,207120.0,205920.0,2.0,413040.0,377
2023-05-09 21:02:30,sn2310,sn2310,205920.0,0.0,0.0,0.0,1,205940.0,206470.0,2,207760.0,207120.0,207120.0,205920.0,2.0,413040.0,377
2023-05-09 21:02:31,sn2310,sn2310,205920.0,0.0,0.0,0.0,1,205940.0,206410.0,1,207760.0,207120.0,207120.0,205920.0,2.0,413040.0,377
2023-05-09 21:02:31,sn2310,sn2310,205920.0,0.0,0.0,0.0,1,205940.0,206410.0,2,207760.0,207120.0,207120.0,205920.0,2.0,413040.0,377
2023-05-09 21:02:32,sn2310,sn2310,205920.0,0.0,0.0,0.0,1,205950.0,206390.0,2,207760.0,207120.0,207120.0,205920.0,2.0,413040.0,377
2023-05-09 21:02:32,sn2310,sn2310,205920.0,0.0,0.0,0.0,1,205970.0,206390.0,2,207760.0,207120.0,207120.0,205920.0,2.0,413040.0,377
2023-05-09 21:02:33,sn2310,sn2310,205920.0,0.0,0.0,0.0,1,205950.0,206390.0,2,207760.0,207120.0,207120.0,205920.0,2.0,413040.0,377
2023-05-09 21:02:33,sn2310,sn2310,205920.0,0.0,0.0,0.0,2,205520.0,206390.0,2,207760.0,207120.0,207120.0,205920.0,2.0,413040.0,377
2023-05-09 21:02:34,sn2310,sn2310,205920.0,0.0,0.0,0.0,1,205830.0,206390.0,2,207760.0,207120.0,207120.0,205920.0,2.0,413040.0,377
2023-05-09 21:02:34,sn2310,sn2310,205920.0,0.0,0.0,0.0,2,205830.0,206390.0,2,207760.0,207120.0,207120.0,205920.0,2.0,413040.0,377
2023-05-09 21:02:35,sn2310,sn2310,205920.0,0.0,0.0,0.0,1,205840.0,206350.0,1,207760.0,207120.0,207120.0,205920.0,2.0,413040.0,377
2023-05-09 21:02:35,sn2310,sn2310,205920.0,0.0,0.0,0.0,1,205920.0,206330.0,2,207760.0,207120.0,207120.0,205920.0,2.0,413040.0,377
2023-05-09 21:02:36,sn2310,sn2310,205920.0,0.0,0.0,0.0,1,205920.0,206330.0,2,207760.0,207120.0,207120.0,205920.0,2.0,413040.0,377
2023-05-09 21:02:36,sn2310,sn2310,205920.0,0.0,0.0,0.0,1,205690.0,206330.0,2,207760.0,207120.0,207120.0,205920.0,2.0,413040.0,377
2023-05-09 21:02:37,sn2310,sn2310,205920.0,0.0,0.0,0.0,1,205870.0,206330.0,2,207760.0,207120.0,207120.0,205920.0,2.0,413040.0,377
2023-05-09 21:02:37,sn2310,sn2310,205920.0,0.0,0.0,0.0,1,205870.0,206330.0,2,207760.0,207120.0,207120.0,205920.0,2.0,413040.0,377
2023-05-09 21:02:38,sn2310,sn2310,205920.0,0.0,0.0,0.0,1,205870.0,206330.0,2,207760.0,207120.0,207120.0,205920.0,2.0,413040.0,377
2023-05-09 21:02:38,sn2310,sn2310,205920.0,0.0,0.0,0.0,1,205870.0,206290.0,1,207760.0,207120.0,207120.0,205920.0,2.0,413040.0,377
2023-05-09 21:02:39,sn2310,sn2310,205920.0,0.0,0.0,0.0,1,205900.0,206290.0,1,207760.0,207120.0,207120.0,205920.0,2.0,413040.0,377
2023-05-09 21:02:39,sn2310,sn2310,205920.0,0.0,0.0,0.0,2,205920.0,206760.0,1,207760.0,207120.0,207120.0,205920.0,2.0,413040.0,377
2023-05-09 21:02:40,sn2310,sn2310,205920.0,0.0,0.0,0.0,1,205930.0,206270.0,2,207760.0,207120.0,207120.0,205920.0,2.0,413040.0,377
2023-05-09 21:02:40,sn2310,sn2310,205920.0,0.0,0.0,0.0,1,205940.0,206270.0,2,207760.0,207120.0,207120.0,205920.0,2.0,413040.0,377
2023-05-09 21:02:41,sn2310,sn2310,205920.0,0.0,0.0,0.0,1,206050.0,206250.0,1,207760.0,207120.0,207120.0,205920.0,2.0,413040.0,377
2023-05-09 21:02:41,sn2310,sn2310,205920.0,0.0,0.0,0.0,1,206050.0,206230.0,2,207760.0,207120.0,207120.0,205920.0,2.0,413040.0,377
2023-05-09 21:02:42,sn2310,sn2310,205920.0,0.0,0.0,0.0,1,206050.0,206230.0,2,207760.0,207120.0,207120.0,205920.0,2.0,413040.0,377
2023-05-09 21:02:47,sn2310,sn2310,205920.0,0.0,0.0,0.0,1,206050.0,206230.0,2,207760.0,207120.0,207120.0,205920.0,2.0,413040.0,377
2023-05-09 21:02:48,sn2310,sn2310,205920.0,0.0,0.0,0.0,1,206050.0,206230.0,2,207760.0,207120.0,207120.0,205920.0,2.0,413040.0,377
2023-05-09 21:02:48,sn2310,sn2310,205920.0,0.0,0.0,0.0,1,206050.0,206230.0,2,207760.0,207120.0,207120.0,205920.0,2.0,413040.0,377
2023-05-09 21:02:51,sn2310,sn2310,205920.0,0.0,0.0,0.0,1,206050.0,206230.0,2,207760.0,207120.0,207120.0,205920.0,2.0,413040.0,377
2023-05-09 21:02:52,sn2310,sn2310,205920.0,0.0,0.0,0.0,1,206050.0,206230.0,2,207760.0,207120.0,207120.0,205920.0,2.0,413040.0,377
2023-05-09 21:02:52,sn2310,sn2310,205920.0,0.0,0.0,0.0,1,206050.0,206230.0,2,207760.0,207120.0,207120.0,205920.0,2.0,413040.0,377
2023-05-09 21:02:57,sn2310,sn2310,205920.0,0.0,0.0,0.0,1,206050.0,206230.0,2,207760.0,207120.0,207120.0,205920.0,2.0,413040.0,377
2023-05-09 21:02:57,sn2310,sn2310,205920.0,0.0,0.0,0.0,1,206050.0,206230.0,2,207760.0,207120.0,207120.0,205920.0,2.0,413040.0,377
2023-05-09 21:02:59,sn2310,sn2310,205920.0,0.0,0.0,0.0,1,206050.0,206230.0,2,207760.0,207120.0,207120.0,205920.0,2.0,413040.0,377
2023-05-09 21:03:00,sn2310,sn2310,205920.0,0.0,0.0,0.0,1,206050.0,206230.0,2,207760.0,207120.0,207120.0,205920.0,2.0,413040.0,377
2023-05-09 21:03:04,sn2310,sn2310,205920.0,0.0,0.0,0.0,1,206050.0,206230.0,2,207760.0,207120.0,207120.0,205920.0,2.0,413040.0,377
2023-05-09 21:03:05,sn2310,sn2310,205920.0,0.0,0.0,0.0,1,206050.0,206230.0,2,207760.0,207120.0,207120.0,205920.0,2.0,413040.0,377
2023-05-09 21:03:06,sn2310,sn2310,205920.0,0.0,0.0,0.0,1,206050.0,206230.0,2,207760.0,207120.0,207120.0,205920.0,2.0,413040.0,377
2023-05-09 21:03:11,sn2310,sn2310,205920.0,0.0,0.0,0.0,1,206050.0,206230.0,2,207760.0,207120.0,207120.0,205920.0,2.0,413040.0,377
2023-05-09 21:03:11,sn2310,sn2310,205920.0,0.0,0.0,0.0,1,206050.0,206230.0,2,207760.0,207120.0,207120.0,205920.0,2.0,413040.0,377
2023-05-09 21:03:24,sn2310,sn2310,205920.0,0.0,0.0,0.0,1,206050.0,206230.0,2,207760.0,207120.0,207120.0,205920.0,2.0,413040.0,377
2023-05-09 21:03:24,sn2310,sn2310,205920.0,0.0,0.0,0.0,1,206050.0,206230.0,2,207760.0,207120.0,207120.0,205920.0,2.0,413040.0,377
2023-05-09 21:03:25,sn2310,sn2310,205920.0,0.0,0.0,0.0,1,206050.0,206230.0,2,207760.0,207120.0,207120.0,205920.0,2.0,413040.0,377
2023-05-09 21:03:26,sn2310,sn2310,205920.0,0.0,0.0,0.0,1,206050.0,206230.0,2,207760.0,207120.0,207120.0,205920.0,2.0,413040.0,377
2023-05-09 21:03:32,sn2310,sn2310,205920.0,0.0,0.0,0.0,1,206050.0,206230.0,2,207760.0,207120.0,207120.0,205920.0,2.0,413040.0,377
2023-05-09 21:03:32,sn2310,sn2310,205920.0,0.0,0.0,0.0,1,206050.0,206230.0,2,207760.0,207120.0,207120.0,205920.0,2.0,413040.0,377
2023-05-09 21:03:34,sn2310,sn2310,205920.0,0.0,0.0,0.0,1,206050.0,206230.0,2,207760.0,207120.0,207120.0,205920.0,2.0,413040.0,377
2023-05-09 21:03:35,sn2310,sn2310,205920.0,0.0,0.0,0.0,1,206050.0,206230.0,2,207760.0,207120.0,207120.0,205920.0,2.0,413040.0,377
2023-05-09 21:03:36,sn2310,sn2310,205920.0,0.0,0.0,0.0,1,206050.0,206230.0,2,207760.0,207120.0,207120.0,205920.0,2.0,413040.0,377
2023-05-09 21:03:36,sn2310,sn2310,205920.0,0.0,0.0,0.0,1,206050.0,206230.0,2,207760.0,207120.0,207120.0,205920.0,2.0,413040.0,377
2023-05-09 21:03:37,sn2310,sn2310,205920.0,0.0,0.0,0.0,1,206050.0,206230.0,2,207760.0,207120.0,207120.0,205920.0,2.0,413040.0,377
2023-05-09 21:03:38,sn2310,sn2310,205920.0,0.0,0.0,0.0,1,206050.0,206230.0,2,207760.0,207120.0,207120.0,205920.0,2.0,413040.0,377
2023-05-09 21:03:39,sn2310,sn2310,205920.0,0.0,0.0,0.0,1,206050.0,206230.0,2,207760.0,207120.0,207120.0,205920.0,2.0,413040.0,377
2023-05-09 21:03:39,sn2310,sn2310,205920.0,0.0,0.0,0.0,1,206050.0,206230.0,2,207760.0,207120.0,207120.0,205920.0,2.0,413040.0,377
2023-05-09 21:03:40,sn2310,sn2310,205920.0,0.0,0.0,0.0,1,206050.0,206220.0,1,207760.0,207120.0,207120.0,205920.0,2.0,413040.0,377
2023-05-09 21:03:40,sn2310,sn2310,205920.0,0.0,0.0,0.0,1,206050.0,206200.0,2,207760.0,207120.0,207120.0,205920.0,2.0,413040.0,377
2023-05-09 21:03:41,sn2310,sn2310,205920.0,0.0,0.0,0.0,1,206050.0,206200.0,2,207760.0,207120.0,207120.0,205920.0,2.0,413040.0,377
2023-05-09 21:03:41,sn2310,sn2310,205920.0,0.0,0.0,0.0,1,206050.0,206200.0,2,207760.0,207120.0,207120.0,205920.0,2.0,413040.0,377
2023-05-09 21:03:43,sn2310,sn2310,205920.0,0.0,0.0,0.0,1,206050.0,206200.0,2,207760.0,207120.0,207120.0,205920.0,2.0,413040.0,377
2023-05-09 21:03:43,sn2310,sn2310,206200.0,1.0,206200.0,1.0,1,206050.0,206200.0,1,207760.0,207120.0,207120.0,205920.0,3.0,619240.0,378
2023-05-09 21:03:44,sn2310,sn2310,206200.0,1.0,206200.0,1.0,1,206050.0,206750.0,2,207760.0,207120.0,207120.0,205920.0,4.0,825440.0,379
2023-05-09 21:03:44,sn2310,sn2310,206200.0,0.0,0.0,0.0,1,206050.0,206580.0,1,207760.0,207120.0,207120.0,205920.0,4.0,825440.0,379
2023-05-09 21:03:45,sn2310,sn2310,206200.0,0.0,0.0,0.0,1,206050.0,206480.0,1,207760.0,207120.0,207120.0,205920.0,4.0,825440.0,379
2023-05-09 21:03:45,sn2310,sn2310,206200.0,0.0,0.0,0.0,1,206050.0,206470.0,1,207760.0,207120.0,207120.0,205920.0,4.0,825440.0,379
2023-05-09 21:03:46,sn2310,sn2310,206200.0,0.0,0.0,0.0,1,206050.0,206470.0,1,207760.0,207120.0,207120.0,205920.0,4.0,825440.0,379
2023-05-09 21:03:46,sn2310,sn2310,206200.0,0.0,0.0,0.0,1,206050.0,206390.0,1,207760.0,207120.0,207120.0,205920.0,4.0,825440.0,379
2023-05-09 21:03:47,sn2310,sn2310,206200.0,0.0,0.0,0.0,1,206050.0,206380.0,1,207760.0,207120.0,207120.0,205920.0,4.0,825440.0,379
2023-05-09 21:03:47,sn2310,sn2310,206200.0,0.0,0.0,0.0,1,206050.0,206390.0,2,207760.0,207120.0,207120.0,205920.0,4.0,825440.0,379
2023-05-09 21:03:48,sn2310,sn2310,206200.0,0.0,0.0,0.0,1,206050.0,206390.0,3,207760.0,207120.0,207120.0,205920.0,4.0,825440.0,379
2023-05-09 21:03:48,sn2310,sn2310,206200.0,0.0,0.0,0.0,1,206050.0,206380.0,4,207760.0,207120.0,207120.0,205920.0,4.0,825440.0,379
2023-05-09 21:03:49,sn2310,sn2310,206200.0,0.0,0.0,0.0,1,206050.0,206370.0,1,207760.0,207120.0,207120.0,205920.0,4.0,825440.0,379
2023-05-09 21:03:50,sn2310,sn2310,206200.0,0.0,0.0,0.0,1,206050.0,206370.0,1,207760.0,207120.0,207120.0,205920.0,4.0,825440.0,379
2023-05-09 21:03:50,sn2310,sn2310,206200.0,0.0,0.0,0.0,1,206050.0,206350.0,4,207760.0,207120.0,207120.0,205920.0,4.0,825440.0,379
2023-05-09 21:03:51,sn2310,sn2310,206200.0,0.0,0.0,0.0,1,206050.0,206340.0,1,207760.0,207120.0,207120.0,205920.0,4.0,825440.0,379
2023-05-09 21:03:52,sn2310,sn2310,206200.0,0.0,0.0,0.0,1,206050.0,206340.0,1,207760.0,207120.0,207120.0,205920.0,4.0,825440.0,379
2023-05-09 21:03:52,sn2310,sn2310,206200.0,0.0,0.0,0.0,1,206050.0,206300.0,4,207760.0,207120.0,207120.0,205920.0,4.0,825440.0,379
2023-05-09 21:03:53,sn2310,sn2310,206200.0,0.0,0.0,0.0,1,206050.0,206290.0,2,207760.0,207120.0,207120.0,205920.0,4.0,825440.0,379
2023-05-09 21:03:53,sn2310,sn2310,206050.0,1.0,206050.0,1.0,2,205570.0,206290.0,2,207760.0,207120.0,207120.0,205920.0,5.0,1031490.0,380
2023-05-09 21:03:54,sn2310,sn2310,206050.0,0.0,0.0,0.0,1,205790.0,206220.0,1,207760.0,207120.0,207120.0,205920.0,5.0,1031490.0,380
2023-05-09 21:03:54,sn2310,sn2310,206050.0,0.0,0.0,0.0,1,205790.0,206210.0,4,207760.0,207120.0,207120.0,205920.0,5.0,1031490.0,380
2023-05-09 21:03:55,sn2310,sn2310,206050.0,0.0,0.0,0.0,1,205790.0,206210.0,4,207760.0,207120.0,207120.0,205920.0,5.0,1031490.0,380
2023-05-09 21:03:56,sn2310,sn2310,206050.0,0.0,0.0,0.0,1,206210.0,206580.0,2,207760.0,207120.0,207120.0,205920.0,5.0,1031490.0,380
2023-05-09 21:03:57,sn2310,sn2310,206210.0,1.0,206210.0,0.0,2,205750.0,206510.0,2,207760.0,207120.0,207120.0,205920.0,6.0,1237700.0,380
2023-05-09 21:03:57,sn2310,sn2310,206210.0,0.0,0.0,0.0,1,205790.0,206500.0,2,207760.0,207120.0,207120.0,205920.0,6.0,1237700.0,380
2023-05-09 21:03:58,sn2310,sn2310,206210.0,0.0,0.0,0.0,1,205790.0,206360.0,1,207760.0,207120.0,207120.0,205920.0,6.0,1237700.0,380
2023-05-09 21:03:58,sn2310,sn2310,206210.0,0.0,0.0,0.0,1,205790.0,206350.0,1,207760.0,207120.0,207120.0,205920.0,6.0,1237700.0,380
2023-05-09 21:03:59,sn2310,sn2310,206210.0,0.0,0.0,0.0,1,205890.0,206340.0,1,207760.0,207120.0,207120.0,205920.0,6.0,1237700.0,380
2023-05-09 21:03:59,sn2310,sn2310,206210.0,0.0,0.0,0.0,1,205860.0,206310.0,1,207760.0,207120.0,207120.0,205920.0,6.0,1237700.0,380
2023-05-09 21:04:00,sn2310,sn2310,206210.0,0.0,0.0,0.0,1,205920.0,206300.0,1,207760.0,207120.0,207120.0,205920.0,6.0,1237700.0,380
2023-05-09 21:04:00,sn2310,sn2310,206210.0,0.0,0.0,0.0,1,205920.0,206310.0,1,207760.0,207120.0,207120.0,205920.0,6.0,1237700.0,380
2023-05-09 21:04:01,sn2310,sn2310,206210.0,0.0,0.0,0.0,1,205900.0,206290.0,4,207760.0,207120.0,207120.0,205920.0,6.0,1237700.0,380
2023-05-09 21:04:01,sn2310,sn2310,206210.0,0.0,0.0,0.0,1,205940.0,206290.0,4,207760.0,207120.0,207120.0,205920.0,6.0,1237700.0,380
2023-05-09 21:04:02,sn2310,sn2310,206210.0,0.0,0.0,0.0,1,205940.0,206260.0,1,207760.0,207120.0,207120.0,205920.0,6.0,1237700.0,380
2023-05-09 21:04:02,sn2310,sn2310,206210.0,0.0,0.0,0.0,1,205930.0,206260.0,1,207760.0,207120.0,207120.0,205920.0,6.0,1237700.0,380
2023-05-09 21:04:03,sn2310,sn2310,206210.0,0.0,0.0,0.0,1,205630.0,206190.0,1,207760.0,207120.0,207120.0,205920.0,6.0,1237700.0,380
2023-05-09 21:04:03,sn2310,sn2310,206210.0,0.0,0.0,0.0,1,205770.0,206130.0,1,207760.0,207120.0,207120.0,205920.0,6.0,1237700.0,380
2023-05-09 21:04:04,sn2310,sn2310,206210.0,0.0,0.0,0.0,2,205260.0,206130.0,1,207760.0,207120.0,207120.0,205920.0,6.0,1237700.0,380
2023-05-09 21:04:04,sn2310,sn2310,206210.0,0.0,0.0,0.0,1,205700.0,206120.0,4,207760.0,207120.0,207120.0,205920.0,6.0,1237700.0,380
2023-05-09 21:04:05,sn2310,sn2310,206210.0,0.0,0.0,0.0,1,205700.0,206210.0,1,207760.0,207120.0,207120.0,205920.0,6.0,1237700.0,380
2023-05-09 21:04:05,sn2310,sn2310,206210.0,0.0,0.0,0.0,1,205700.0,206210.0,1,207760.0,207120.0,207120.0,205920.0,6.0,1237700.0,380
2023-05-09 21:04:06,sn2310,sn2310,206210.0,0.0,0.0,0.0,1,205700.0,206200.0,4,207760.0,207120.0,207120.0,205920.0,6.0,1237700.0,380
2023-05-09 21:04:06,sn2310,sn2310,206210.0,0.0,0.0,0.0,2,205280.0,206200.0,4,207760.0,207120.0,207120.0,205920.0,6.0,1237700.0,380
2023-05-09 21:04:07,sn2310,sn2310,206210.0,0.0,0.0,0.0,1,205670.0,206190.0,2,207760.0,207120.0,207120.0,205920.0,6.0,1237700.0,380
2023-05-09 21:04:07,sn2310,sn2310,206210.0,0.0,0.0,0.0,7,205300.0,206180.0,1,207760.0,207120.0,207120.0,205920.0,6.0,1237700.0,380
2023-05-09 21:04:08,sn2310,sn2310,206210.0,0.0,0.0,0.0,1,205630.0,206120.0,1,207760.0,207120.0,207120.0,205920.0,6.0,1237700.0,380
2023-05-09 21:04:08,sn2310,sn2310,206210.0,0.0,0.0,0.0,1,205630.0,206120.0,1,207760.0,207120.0,207120.0,205920.0,6.0,1237700.0,380
2023-05-09 21:04:09,sn2310,sn2310,206210.0,0.0,0.0,0.0,1,205630.0,206120.0,1,207760.0,207120.0,207120.0,205920.0,6.0,1237700.0,380
2023-05-09 21:04:09,sn2310,sn2310,206210.0,0.0,0.0,0.0,1,205630.0,206110.0,4,207760.0,207120.0,207120.0,205920.0,6.0,1237700.0,380
2023-05-09 21:04:10,sn2310,sn2310,206210.0,0.0,0.0,0.0,1,205630.0,206110.0,4,207760.0,207120.0,207120.0,205920.0,6.0,1237700.0,380
2023-05-09 21:04:10,sn2310,sn2310,206210.0,0.0,0.0,0.0,1,205630.0,206110.0,4,207760.0,207120.0,207120.0,205920.0,6.0,1237700.0,380
2023-05-09 21:04:12,sn2310,sn2310,206210.0,0.0,0.0,0.0,1,205630.0,206100.0,1,207760.0,207120.0,207120.0,205920.0,6.0,1237700.0,380
2023-05-09 21:04:13,sn2310,sn2310,206210.0,0.0,0.0,0.0,1,205630.0,206100.0,1,207760.0,207120.0,207120.0,205920.0,6.0,1237700.0,380
2023-05-09 21:04:13,sn2310,sn2310,206210.0,0.0,0.0,0.0,1,205630.0,206080.0,4,207760.0,207120.0,207120.0,205920.0,6.0,1237700.0,380
2023-05-09 21:04:14,sn2310,sn2310,206210.0,0.0,0.0,0.0,1,205630.0,206100.0,1,207760.0,207120.0,207120.0,205920.0,6.0,1237700.0,380
2023-05-09 21:04:14,sn2310,sn2310,206210.0,0.0,0.0,0.0,1,205630.0,206060.0,1,207760.0,207120.0,207120.0,205920.0,6.0,1237700.0,380
2023-05-09 21:04:15,sn2310,sn2310,206210.0,0.0,0.0,0.0,1,205630.0,206070.0,4,207760.0,207120.0,207120.0,205920.0,6.0,1237700.0,380
2023-05-09 21:04:16,sn2310,sn2310,206210.0,0.0,0.0,0.0,1,205630.0,206060.0,1,207760.0,207120.0,207120.0,205920.0,6.0,1237700.0,380
2023-05-09 21:04:17,sn2310,sn2310,206210.0,0.0,0.0,0.0,1,205630.0,206060.0,1,207760.0,207120.0,207120.0,205920.0,6.0,1237700.0,380
2023-05-09 21:04:18,sn2310,sn2310,206210.0,0.0,0.0,0.0,1,205630.0,206040.0,4,207760.0,207120.0,207120.0,205920.0,6.0,1237700.0,380
2023-05-09 21:04:18,sn2310,sn2310,206210.0,0.0,0.0,0.0,1,205630.0,206390.0,2,207760.0,207120.0,207120.0,205920.0,6.0,1237700.0,380
2023-05-09 21:04:19,sn2310,sn2310,206210.0,0.0,0.0,0.0,1,205640.0,206240.0,1,207760.0,207120.0,207120.0,205920.0,6.0,1237700.0,380
2023-05-09 21:04:19,sn2310,sn2310,206210.0,0.0,0.0,0.0,2,205360.0,206160.0,1,207760.0,207120.0,207120.0,205920.0,6.0,1237700.0,380
2023-05-09 21:04:20,sn2310,sn2310,206210.0,0.0,0.0,0.0,1,205630.0,206150.0,1,207760.0,207120.0,207120.0,205920.0,6.0,1237700.0,380
2023-05-09 21:04:20,sn2310,sn2310,206210.0,0.0,0.0,0.0,1,205630.0,206150.0,1,207760.0,207120.0,207120.0,205920.0,6.0,1237700.0,380
2023-05-09 21:04:21,sn2310,sn2310,206210.0,0.0,0.0,0.0,1,205630.0,206100.0,1,207760.0,207120.0,207120.0,205920.0,6.0,1237700.0,380
2023-05-09 21:04:21,sn2310,sn2310,206210.0,0.0,0.0,0.0,1,205630.0,206050.0,1,207760.0,207120.0,207120.0,205920.0,6.0,1237700.0,380
2023-05-09 21:04:22,sn2310,sn2310,206210.0,0.0,0.0,0.0,1,205630.0,206100.0,1,207760.0,207120.0,207120.0,205920.0,6.0,1237700.0,380
2023-05-09 21:04:22,sn2310,sn2310,206210.0,0.0,0.0,0.0,1,205630.0,206030.0,1,207760.0,207120.0,207120.0,205920.0,6.0,1237700.0,380
2023-05-09 21:04:23,sn2310,sn2310,206210.0,0.0,0.0,0.0,1,205630.0,206090.0,4,207760.0,207120.0,207120.0,205920.0,6.0,1237700.0,380
2023-05-09 21:04:23,sn2310,sn2310,206210.0,0.0,0.0,0.0,1,205630.0,206080.0,1,207760.0,207120.0,207120.0,205920.0,6.0,1237700.0,380
2023-05-09 21:04:24,sn2310,sn2310,206210.0,0.0,0.0,0.0,1,205630.0,206080.0,1,207760.0,207120.0,207120.0,205920.0,6.0,1237700.0,380
2023-05-09 21:04:24,sn2310,sn2310,206210.0,0.0,0.0,0.0,1,205630.0,206080.0,1,207760.0,207120.0,207120.0,205920.0,6.0,1237700.0,380
2023-05-09 21:04:25,sn2310,sn2310,206210.0,0.0,0.0,0.0,1,205630.0,206060.0,4,207760.0,207120.0,207120.0,205920.0,6.0,1237700.0,380
2023-05-09 21:04:25,sn2310,sn2310,206210.0,0.0,0.0,0.0,1,205630.0,206050.0,1,207760.0,207120.0,207120.0,205920.0,6.0,1237700.0,380
2023-05-09 21:04:26,sn2310,sn2310,206210.0,0.0,0.0,0.0,1,205150.0,206050.0,1,207760.0,207120.0,207120.0,205920.0,6.0,1237700.0,380
2023-05-09 21:04:26,sn2310,sn2310,206210.0,0.0,0.0,0.0,1,205530.0,206050.0,1,207760.0,207120.0,207120.0,205920.0,6.0,1237700.0,380
2023-05-09 21:04:27,sn2310,sn2310,206210.0,0.0,0.0,0.0,1,205530.0,206010.0,4,207760.0,207120.0,207120.0,205920.0,6.0,1237700.0,380
2023-05-09 21:04:27,sn2310,sn2310,206210.0,0.0,0.0,0.0,1,205530.0,206000.0,1,207760.0,207120.0,207120.0,205920.0,6.0,1237700.0,380
2023-05-09 21:04:28,sn2310,sn2310,206210.0,0.0,0.0,0.0,1,205530.0,206000.0,1,207760.0,207120.0,207120.0,205920.0,6.0,1237700.0,380
2023-05-09 21:04:29,sn2310,sn2310,206210.0,0.0,0.0,0.0,1,205530.0,205930.0,4,207760.0,207120.0,207120.0,205920.0,6.0,1237700.0,380
2023-05-09 21:04:29,sn2310,sn2310,206210.0,0.0,0.0,0.0,1,205530.0,206440.0,2,207760.0,207120.0,207120.0,205920.0,6.0,1237700.0,380
2023-05-09 21:04:30,sn2310,sn2310,206210.0,0.0,0.0,0.0,1,205530.0,206130.0,1,207760.0,207120.0,207120.0,205920.0,6.0,1237700.0,380
2023-05-09 21:04:30,sn2310,sn2310,206210.0,0.0,0.0,0.0,1,205530.0,206120.0,1,207760.0,207120.0,207120.0,205920.0,6.0,1237700.0,380
2023-05-09 21:04:31,sn2310,sn2310,206210.0,0.0,0.0,0.0,1,205530.0,206020.0,1,207760.0,207120.0,207120.0,205920.0,6.0,1237700.0,380
2023-05-09 21:04:31,sn2310,sn2310,206210.0,0.0,0.0,0.0,1,205530.0,206010.0,1,207760.0,207120.0,207120.0,205920.0,6.0,1237700.0,380
2023-05-09 21:04:32,sn2310,sn2310,206210.0,0.0,0.0,0.0,1,205530.0,206010.0,1,207760.0,207120.0,207120.0,205920.0,6.0,1237700.0,380
2023-05-09 21:04:32,sn2310,sn2310,206210.0,0.0,0.0,0.0,1,205530.0,206000.0,6,207760.0,207120.0,207120.0,205920.0,6.0,1237700.0,380
2023-05-09 21:04:33,sn2310,sn2310,206210.0,0.0,0.0,0.0,1,205530.0,205990.0,1,207760.0,207120.0,207120.0,205920.0,6.0,1237700.0,380
2023-05-09 21:04:33,sn2310,sn2310,206210.0,0.0,0.0,0.0,1,205530.0,205990.0,1,207760.0,207120.0,207120.0,205920.0,6.0,1237700.0,380
2023-05-09 21:04:34,sn2310,sn2310,206210.0,0.0,0.0,0.0,1,205530.0,206000.0,2,207760.0,207120.0,207120.0,205920.0,6.0,1237700.0,380
2023-05-09 21:04:34,sn2310,sn2310,206210.0,0.0,0.0,0.0,1,205530.0,205970.0,4,207760.0,207120.0,207120.0,205920.0,6.0,1237700.0,380
2023-05-09 21:04:35,sn2310,sn2310,206210.0,0.0,0.0,0.0,1,205530.0,205970.0,4,207760.0,207120.0,207120.0,205920.0,6.0,1237700.0,380
2023-05-09 21:04:35,sn2310,sn2310,206210.0,0.0,0.0,0.0,1,205530.0,205960.0,1,207760.0,207120.0,207120.0,205920.0,6.0,1237700.0,380
2023-05-09 21:04:36,sn2310,sn2310,206210.0,0.0,0.0,0.0,1,205530.0,205960.0,1,207760.0,207120.0,207120.0,205920.0,6.0,1237700.0,380
2023-05-09 21:04:38,sn2310,sn2310,206210.0,0.0,0.0,0.0,2,205550.0,206200.0,1,207760.0,207120.0,207120.0,205920.0,6.0,1237700.0,380
2023-05-09 21:04:39,sn2310,sn2310,206210.0,0.0,0.0,0.0,1,205610.0,206100.0,1,207760.0,207120.0,207120.0,205920.0,6.0,1237700.0,380
2023-05-09 21:04:39,sn2310,sn2310,206210.0,0.0,0.0,0.0,1,205610.0,206080.0,1,207760.0,207120.0,207120.0,205920.0,6.0,1237700.0,380
2023-05-09 21:04:40,sn2310,sn2310,206210.0,0.0,0.0,0.0,2,205180.0,206070.0,1,207760.0,207120.0,207120.0,205920.0,6.0,1237700.0,380
2023-05-09 21:04:40,sn2310,sn2310,206210.0,0.0,0.0,0.0,1,205570.0,206070.0,5,207760.0,207120.0,207120.0,205920.0,6.0,1237700.0,380
2023-05-09 21:04:41,sn2310,sn2310,206210.0,0.0,0.0,0.0,7,205200.0,206070.0,5,207760.0,207120.0,207120.0,205920.0,6.0,1237700.0,380
2023-05-09 21:04:41,sn2310,sn2310,206210.0,0.0,0.0,0.0,1,205530.0,206070.0,5,207760.0,207120.0,207120.0,205920.0,6.0,1237700.0,380
2023-05-09 21:04:42,sn2310,sn2310,206210.0,0.0,0.0,0.0,1,205530.0,206070.0,5,207760.0,207120.0,207120.0,205920.0,6.0,1237700.0,380
2023-05-09 21:04:42,sn2310,sn2310,206210.0,0.0,0.0,0.0,1,205530.0,206070.0,5,207760.0,207120.0,207120.0,205920.0,6.0,1237700.0,380
2023-05-09 21:04:43,sn2310,sn2310,206210.0,0.0,0.0,0.0,1,205530.0,206000.0,1,207760.0,207120.0,207120.0,205920.0,6.0,1237700.0,380
2023-05-09 21:04:43,sn2310,sn2310,206210.0,0.0,0.0,0.0,1,205580.0,206000.0,1,207760.0,207120.0,207120.0,205920.0,6.0,1237700.0,380
2023-05-09 21:04:44,sn2310,sn2310,206210.0,0.0,0.0,0.0,1,205580.0,206000.0,1,207760.0,207120.0,207120.0,205920.0,6.0,1237700.0,380
2023-05-09 21:04:44,sn2310,sn2310,206210.0,0.0,0.0,0.0,1,205580.0,205990.0,4,207760.0,207120.0,207120.0,205920.0,6.0,1237700.0,380
2023-05-09 21:04:45,sn2310,sn2310,206210.0,0.0,0.0,0.0,1,205610.0,205990.0,4,207760.0,207120.0,207120.0,205920.0,6.0,1237700.0,380
2023-05-09 21:04:45,sn2310,sn2310,206210.0,0.0,0.0,0.0,2,205150.0,206160.0,1,207760.0,207120.0,207120.0,205920.0,6.0,1237700.0,380
2023-05-09 21:04:46,sn2310,sn2310,206210.0,0.0,0.0,0.0,1,205580.0,206150.0,2,207760.0,207120.0,207120.0,205920.0,6.0,1237700.0,380
2023-05-09 21:04:46,sn2310,sn2310,206210.0,0.0,0.0,0.0,1,205580.0,206150.0,5,207760.0,207120.0,207120.0,205920.0,6.0,1237700.0,380
2023-05-09 21:04:47,sn2310,sn2310,206210.0,0.0,0.0,0.0,1,205620.0,206080.0,1,207760.0,207120.0,207120.0,205920.0,6.0,1237700.0,380
2023-05-09 21:04:47,sn2310,sn2310,206210.0,0.0,0.0,0.0,1,205620.0,205990.0,1,207760.0,207120.0,207120.0,205920.0,6.0,1237700.0,380
2023-05-09 21:04:48,sn2310,sn2310,206210.0,0.0,0.0,0.0,1,205620.0,206070.0,4,207760.0,207120.0,207120.0,205920.0,6.0,1237700.0,380
2023-05-09 21:04:48,sn2310,sn2310,206210.0,0.0,0.0,0.0,1,205620.0,206060.0,1,207760.0,207120.0,207120.0,205920.0,6.0,1237700.0,380
2023-05-09 21:04:49,sn2310,sn2310,206210.0,0.0,0.0,0.0,2,205150.0,206070.0,4,207760.0,207120.0,207120.0,205920.0,6.0,1237700.0,380
2023-05-09 21:04:49,sn2310,sn2310,206210.0,0.0,0.0,0.0,1,205620.0,206030.0,1,207760.0,207120.0,207120.0,205920.0,6.0,1237700.0,380
2023-05-09 21:04:50,sn2310,sn2310,206210.0,0.0,0.0,0.0,1,205620.0,206060.0,5,207760.0,207120.0,207120.0,205920.0,6.0,1237700.0,380
2023-05-09 21:04:50,sn2310,sn2310,206210.0,0.0,0.0,0.0,1,205640.0,206260.0,1,207760.0,207120.0,207120.0,205920.0,6.0,1237700.0,380
2023-05-09 21:04:51,sn2310,sn2310,206210.0,0.0,0.0,0.0,1,205590.0,206050.0,5,207760.0,207120.0,207120.0,205920.0,6.0,1237700.0,380
2023-05-09 21:04:51,sn2310,sn2310,206210.0,0.0,0.0,0.0,1,205590.0,206050.0,5,207760.0,207120.0,207120.0,205920.0,6.0,1237700.0,380
2023-05-09 21:04:52,sn2310,sn2310,206210.0,0.0,0.0,0.0,2,205180.0,205990.0,1,207760.0,207120.0,207120.0,205920.0,6.0,1237700.0,380
2023-05-09 21:04:52,sn2310,sn2310,206210.0,0.0,0.0,0.0,1,205550.0,205990.0,1,207760.0,207120.0,207120.0,205920.0,6.0,1237700.0,380
2023-05-09 21:04:53,sn2310,sn2310,206210.0,0.0,0.0,0.0,2,205570.0,206140.0,1,207760.0,207120.0,207120.0,205920.0,6.0,1237700.0,380
2023-05-09 21:04:53,sn2310,sn2310,206210.0,0.0,0.0,0.0,1,205630.0,206140.0,1,207760.0,207120.0,207120.0,205920.0,6.0,1237700.0,380
2023-05-09 21:04:54,sn2310,sn2310,206210.0,0.0,0.0,0.0,1,205700.0,206090.0,1,207760.0,207120.0,207120.0,205920.0,6.0,1237700.0,380
2023-05-09 21:04:54,sn2310,sn2310,206210.0,0.0,0.0,0.0,1,205700.0,206090.0,1,207760.0,207120.0,207120.0,205920.0,6.0,1237700.0,380
2023-05-09 21:04:55,sn2310,sn2310,206210.0,0.0,0.0,0.0,1,205700.0,206090.0,2,207760.0,207120.0,207120.0,205920.0,6.0,1237700.0,380
2023-05-09 21:04:55,sn2310,sn2310,206210.0,0.0,0.0,0.0,2,205200.0,206090.0,2,207760.0,207120.0,207120.0,205920.0,6.0,1237700.0,380
2023-05-09 21:04:56,sn2310,sn2310,206210.0,0.0,0.0,0.0,1,205590.0,206070.0,1,207760.0,207120.0,207120.0,205920.0,6.0,1237700.0,380
2023-05-09 21:04:56,sn2310,sn2310,206210.0,0.0,0.0,0.0,2,205600.0,206070.0,1,207760.0,207120.0,207120.0,205920.0,6.0,1237700.0,380
2023-05-09 21:04:57,sn2310,sn2310,206210.0,0.0,0.0,0.0,2,205600.0,206070.0,1,207760.0,207120.0,207120.0,205920.0,6.0,1237700.0,380
2023-05-09 21:04:57,sn2310,sn2310,206210.0,0.0,0.0,0.0,2,205600.0,206050.0,4,207760.0,207120.0,207120.0,205920.0,6.0,1237700.0,380
2023-05-09 21:04:58,sn2310,sn2310,206210.0,0.0,0.0,0.0,1,205610.0,206070.0,1,207760.0,207120.0,207120.0,205920.0,6.0,1237700.0,380
2023-05-09 21:04:59,sn2310,sn2310,206210.0,0.0,0.0,0.0,1,205610.0,206050.0,1,207760.0,207120.0,207120.0,205920.0,6.0,1237700.0,380
2023-05-09 21:04:59,sn2310,sn2310,206210.0,0.0,0.0,0.0,2,205620.0,206050.0,1,207760.0,207120.0,207120.0,205920.0,6.0,1237700.0,380
2023-05-09 21:05:00,sn2310,sn2310,206210.0,0.0,0.0,0.0,2,205620.0,206050.0,1,207760.0,207120.0,207120.0,205920.0,6.0,1237700.0,380
2023-05-09 21:05:02,sn2310,sn2310,206210.0,0.0,0.0,0.0,2,205120.0,206050.0,1,207760.0,207120.0,207120.0,205920.0,6.0,1237700.0,380
2023-05-09 21:05:02,sn2310,sn2310,206210.0,0.0,0.0,0.0,1,205540.0,206030.0,4,207760.0,207120.0,207120.0,205920.0,6.0,1237700.0,380
2023-05-09 21:05:03,sn2310,sn2310,206210.0,0.0,0.0,0.0,1,205540.0,206030.0,5,207760.0,207120.0,207120.0,205920.0,6.0,1237700.0,380
2023-05-09 21:05:03,sn2310,sn2310,206210.0,0.0,0.0,0.0,1,205540.0,206020.0,2,207760.0,207120.0,207120.0,205920.0,6.0,1237700.0,380
2023-05-09 21:05:04,sn2310,sn2310,206210.0,0.0,0.0,0.0,1,205540.0,206020.0,2,207760.0,207120.0,207120.0,205920.0,6.0,1237700.0,380
2023-05-09 21:05:04,sn2310,sn2310,206210.0,0.0,0.0,0.0,1,205540.0,205990.0,1,207760.0,207120.0,207120.0,205920.0,6.0,1237700.0,380
2023-05-09 21:05:05,sn2310,sn2310,206210.0,0.0,0.0,0.0,1,205540.0,205980.0,4,207760.0,207120.0,207120.0,205920.0,6.0,1237700.0,380
2023-05-09 21:05:05,sn2310,sn2310,206210.0,0.0,0.0,0.0,1,205540.0,205980.0,4,207760.0,207120.0,207120.0,205920.0,6.0,1237700.0,380
2023-05-09 21:05:06,sn2310,sn2310,206210.0,0.0,0.0,0.0,2,205560.0,205980.0,4,207760.0,207120.0,207120.0,205920.0,6.0,1237700.0,380
2023-05-09 21:05:06,sn2310,sn2310,206210.0,0.0,0.0,0.0,1,205570.0,206440.0,2,207760.0,207120.0,207120.0,205920.0,6.0,1237700.0,380
2023-05-09 21:05:07,sn2310,sn2310,206210.0,0.0,0.0,0.0,2,205590.0,206260.0,1,207760.0,207120.0,207120.0,205920.0,6.0,1237700.0,380
2023-05-09 21:05:07,sn2310,sn2310,206210.0,0.0,0.0,0.0,2,205590.0,206250.0,1,207760.0,207120.0,207120.0,205920.0,6.0,1237700.0,380
2023-05-09 21:05:08,sn2310,sn2310,206210.0,0.0,0.0,0.0,2,205360.0,206130.0,1,207760.0,207120.0,207120.0,205920.0,6.0,1237700.0,380
2023-05-09 21:05:08,sn2310,sn2310,206210.0,0.0,0.0,0.0,2,205380.0,206120.0,1,207760.0,207120.0,207120.0,205920.0,6.0,1237700.0,380
2023-05-09 21:05:09,sn2310,sn2310,206210.0,0.0,0.0,0.0,2,205380.0,206120.0,1,207760.0,207120.0,207120.0,205920.0,6.0,1237700.0,380
2023-05-09 21:05:09,sn2310,sn2310,206210.0,0.0,0.0,0.0,2,205380.0,206110.0,4,207760.0,207120.0,207120.0,205920.0,6.0,1237700.0,380
2023-05-09 21:05:10,sn2310,sn2310,206210.0,0.0,0.0,0.0,1,205390.0,206110.0,4,207760.0,207120.0,207120.0,205920.0,6.0,1237700.0,380
2023-05-09 21:05:10,sn2310,sn2310,206210.0,0.0,0.0,0.0,2,205410.0,206110.0,5,207760.0,207120.0,207120.0,205920.0,6.0,1237700.0,380
2023-05-09 21:05:11,sn2310,sn2310,206210.0,0.0,0.0,0.0,2,205410.0,206100.0,2,207760.0,207120.0,207120.0,205920.0,6.0,1237700.0,380
2023-05-09 21:05:11,sn2310,sn2310,206210.0,0.0,0.0,0.0,2,205410.0,206100.0,2,207760.0,207120.0,207120.0,205920.0,6.0,1237700.0,380
2023-05-09 21:05:12,sn2310,sn2310,206210.0,0.0,0.0,0.0,1,205420.0,206100.0,2,207760.0,207120.0,207120.0,205920.0,6.0,1237700.0,380
2023-05-09 21:05:12,sn2310,sn2310,206210.0,0.0,0.0,0.0,2,205440.0,206080.0,4,207760.0,207120.0,207120.0,205920.0,6.0,1237700.0,380
2023-05-09 21:05:13,sn2310,sn2310,206210.0,0.0,0.0,0.0,2,205440.0,206070.0,1,207760.0,207120.0,207120.0,205920.0,6.0,1237700.0,380
2023-05-09 21:05:14,sn2310,sn2310,206210.0,0.0,0.0,0.0,2,205440.0,206070.0,1,207760.0,207120.0,207120.0,205920.0,6.0,1237700.0,380
2023-05-09 21:05:14,sn2310,sn2310,206210.0,0.0,0.0,0.0,1,205460.0,206030.0,4,207760.0,207120.0,207120.0,205920.0,6.0,1237700.0,380
2023-05-09 21:05:15,sn2310,sn2310,206210.0,0.0,0.0,0.0,2,205480.0,206030.0,5,207760.0,207120.0,207120.0,205920.0,6.0,1237700.0,380
2023-05-09 21:05:15,sn2310,sn2310,206210.0,0.0,0.0,0.0,1,205490.0,206020.0,1,207760.0,207120.0,207120.0,205920.0,6.0,1237700.0,380
2023-05-09 21:05:16,sn2310,sn2310,206210.0,0.0,0.0,0.0,1,205490.0,206020.0,1,207760.0,207120.0,207120.0,205920.0,6.0,1237700.0,380
2023-05-09 21:05:17,sn2310,sn2310,206210.0,0.0,0.0,0.0,1,205510.0,205940.0,4,207760.0,207120.0,207120.0,205920.0,6.0,1237700.0,380
2023-05-09 21:05:17,sn2310,sn2310,206210.0,0.0,0.0,0.0,2,205510.0,206400.0,2,207760.0,207120.0,207120.0,205920.0,6.0,1237700.0,380
2023-05-09 21:05:18,sn2310,sn2310,206210.0,0.0,0.0,0.0,1,205540.0,206230.0,2,207760.0,207120.0,207120.0,205920.0,6.0,1237700.0,380
2023-05-09 21:05:18,sn2310,sn2310,206210.0,0.0,0.0,0.0,1,205540.0,206220.0,2,207760.0,207120.0,207120.0,205920.0,6.0,1237700.0,380
2023-05-09 21:05:19,sn2310,sn2310,206210.0,0.0,0.0,0.0,1,205530.0,206170.0,1,207760.0,207120.0,207120.0,205920.0,6.0,1237700.0,380
2023-05-09 21:05:19,sn2310,sn2310,206210.0,0.0,0.0,0.0,1,205570.0,206050.0,1,207760.0,207120.0,207120.0,205920.0,6.0,1237700.0,380
2023-05-09 21:05:20,sn2310,sn2310,206210.0,0.0,0.0,0.0,1,205560.0,206040.0,1,207760.0,207120.0,207120.0,205920.0,6.0,1237700.0,380
2023-05-09 21:05:20,sn2310,sn2310,206210.0,0.0,0.0,0.0,1,205560.0,206040.0,4,207760.0,207120.0,207120.0,205920.0,6.0,1237700.0,380
2023-05-09 21:05:23,sn2310,sn2310,206210.0,0.0,0.0,0.0,2,205150.0,206040.0,4,207760.0,207120.0,207120.0,205920.0,6.0,1237700.0,380
2023-05-09 21:05:23,sn2310,sn2310,206210.0,0.0,0.0,0.0,1,205550.0,206040.0,5,207760.0,207120.0,207120.0,205920.0,6.0,1237700.0,380
2023-05-09 21:05:24,sn2310,sn2310,206210.0,0.0,0.0,0.0,1,205550.0,206030.0,1,207760.0,207120.0,207120.0,205920.0,6.0,1237700.0,380
2023-05-09 21:05:24,sn2310,sn2310,206210.0,0.0,0.0,0.0,1,205550.0,205990.0,1,207760.0,207120.0,207120.0,205920.0,6.0,1237700.0,380
2023-05-09 21:05:25,sn2310,sn2310,206210.0,0.0,0.0,0.0,1,205550.0,205990.0,1,207760.0,207120.0,207120.0,205920.0,6.0,1237700.0,380
2023-05-09 21:05:25,sn2310,sn2310,206210.0,0.0,0.0,0.0,1,205550.0,205970.0,2,207760.0,207120.0,207120.0,205920.0,6.0,1237700.0,380
2023-05-09 21:05:26,sn2310,sn2310,206210.0,0.0,0.0,0.0,1,205550.0,205970.0,2,207760.0,207120.0,207120.0,205920.0,6.0,1237700.0,380
2023-05-09 21:05:26,sn2310,sn2310,206210.0,0.0,0.0,0.0,1,205550.0,205970.0,1,207760.0,207120.0,207120.0,205920.0,6.0,1237700.0,380
2023-05-09 21:05:27,sn2310,sn2310,206210.0,0.0,0.0,0.0,1,205560.0,205970.0,1,207760.0,207120.0,207120.0,205920.0,6.0,1237700.0,380
2023-05-09 21:05:27,sn2310,sn2310,206210.0,0.0,0.0,0.0,2,205560.0,205970.0,1,207760.0,207120.0,207120.0,205920.0,6.0,1237700.0,380
2023-05-09 21:05:28,sn2310,sn2310,206210.0,0.0,0.0,0.0,2,205560.0,205950.0,4,207760.0,207120.0,207120.0,205920.0,6.0,1237700.0,380
2023-05-09 21:05:29,sn2310,sn2310,206210.0,0.0,0.0,0.0,1,205560.0,205950.0,4,207760.0,207120.0,207120.0,205920.0,6.0,1237700.0,380
2023-05-09 21:05:29,sn2310,sn2310,206210.0,0.0,0.0,0.0,1,205560.0,205940.0,1,207760.0,207120.0,207120.0,205920.0,6.0,1237700.0,380
2023-05-09 21:05:30,sn2310,sn2310,205950.0,2.0,411900.0,-2.0,2,205150.0,205950.0,2,207760.0,207120.0,207120.0,205920.0,8.0,1649600.0,378
2023-05-09 21:05:30,sn2310,sn2310,205950.0,0.0,0.0,0.0,1,205550.0,205950.0,2,207760.0,207120.0,207120.0,205920.0,8.0,1649600.0,378
2023-05-09 21:05:31,sn2310,sn2310,205950.0,0.0,0.0,0.0,1,205550.0,205950.0,2,207760.0,207120.0,207120.0,205920.0,8.0,1649600.0,378
2023-05-09 21:05:31,sn2310,sn2310,205950.0,0.0,0.0,0.0,1,205550.0,205940.0,1,207760.0,207120.0,207120.0,205920.0,8.0,1649600.0,378
2023-05-09 21:05:32,sn2310,sn2310,205950.0,0.0,0.0,0.0,1,205550.0,205930.0,1,207760.0,207120.0,207120.0,205920.0,8.0,1649600.0,378
2023-05-09 21:05:32,sn2310,sn2310,205950.0,0.0,0.0,0.0,1,205550.0,205930.0,1,207760.0,207120.0,207120.0,205920.0,8.0,1649600.0,378
2023-05-09 21:05:33,sn2310,sn2310,205950.0,0.0,0.0,0.0,1,205560.0,205920.0,1,207760.0,207120.0,207120.0,205920.0,8.0,1649600.0,378
2023-05-09 21:05:33,sn2310,sn2310,205950.0,0.0,0.0,0.0,2,205100.0,205920.0,2,207760.0,207120.0,207120.0,205920.0,8.0,1649600.0,378
2023-05-09 21:05:34,sn2310,sn2310,205950.0,0.0,0.0,0.0,1,205530.0,205900.0,1,207760.0,207120.0,207120.0,205920.0,8.0,1649600.0,378
2023-05-09 21:05:34,sn2310,sn2310,205950.0,0.0,0.0,0.0,1,205530.0,205900.0,2,207760.0,207120.0,207120.0,205920.0,8.0,1649600.0,378
2023-05-09 21:05:35,sn2310,sn2310,205950.0,0.0,0.0,0.0,1,205530.0,205900.0,2,207760.0,207120.0,207120.0,205920.0,8.0,1649600.0,378
2023-05-09 21:05:35,sn2310,sn2310,205950.0,0.0,0.0,0.0,1,205530.0,205900.0,1,207760.0,207120.0,207120.0,205920.0,8.0,1649600.0,378
2023-05-09 21:05:36,sn2310,sn2310,205950.0,0.0,0.0,0.0,1,205530.0,206020.0,1,207760.0,207120.0,207120.0,205920.0,8.0,1649600.0,378
2023-05-09 21:05:36,sn2310,sn2310,205950.0,0.0,0.0,0.0,1,205530.0,206010.0,1,207760.0,207120.0,207120.0,205920.0,8.0,1649600.0,378
2023-05-09 21:05:37,sn2310,sn2310,205950.0,0.0,0.0,0.0,1,205530.0,205930.0,1,207760.0,207120.0,207120.0,205920.0,8.0,1649600.0,378
2023-05-09 21:05:37,sn2310,sn2310,205950.0,0.0,0.0,0.0,1,205530.0,205920.0,1,207760.0,207120.0,207120.0,205920.0,8.0,1649600.0,378
2023-05-09 21:05:38,sn2310,sn2310,205950.0,0.0,0.0,0.0,1,205530.0,205910.0,1,207760.0,207120.0,207120.0,205920.0,8.0,1649600.0,378
2023-05-09 21:05:38,sn2310,sn2310,205950.0,0.0,0.0,0.0,1,205530.0,205900.0,1,207760.0,207120.0,207120.0,205920.0,8.0,1649600.0,378
2023-05-09 21:05:39,sn2310,sn2310,205950.0,0.0,0.0,0.0,1,205530.0,205870.0,1,207760.0,207120.0,207120.0,205920.0,8.0,1649600.0,378
2023-05-09 21:05:39,sn2310,sn2310,205950.0,0.0,0.0,0.0,9,205110.0,205860.0,1,207760.0,207120.0,207120.0,205920.0,8.0,1649600.0,378
2023-05-09 21:05:40,sn2310,sn2310,205950.0,0.0,0.0,0.0,1,205360.0,205860.0,3,207760.0,207120.0,207120.0,205920.0,8.0,1649600.0,378
2023-05-09 21:05:40,sn2310,sn2310,205950.0,0.0,0.0,0.0,1,205370.0,205860.0,3,207760.0,207120.0,207120.0,205920.0,8.0,1649600.0,378
2023-05-09 21:05:41,sn2310,sn2310,205950.0,0.0,0.0,0.0,1,205380.0,205840.0,1,207760.0,207120.0,207120.0,205920.0,8.0,1649600.0,378
2023-05-09 21:05:41,sn2310,sn2310,205950.0,0.0,0.0,0.0,1,205380.0,205830.0,1,207760.0,207120.0,207120.0,205920.0,8.0,1649600.0,378
2023-05-09 21:05:42,sn2310,sn2310,205950.0,0.0,0.0,0.0,1,205380.0,205830.0,1,207760.0,207120.0,207120.0,205920.0,8.0,1649600.0,378
2023-05-09 21:05:42,sn2310,sn2310,205950.0,0.0,0.0,0.0,9,205390.0,205810.0,1,207760.0,207120.0,207120.0,205920.0,8.0,1649600.0,378
2023-05-09 21:05:43,sn2310,sn2310,205950.0,0.0,0.0,0.0,1,204880.0,205800.0,1,207760.0,207120.0,207120.0,205920.0,8.0,1649600.0,378
2023-05-09 21:05:43,sn2310,sn2310,205950.0,0.0,0.0,0.0,1,205420.0,205800.0,2,207760.0,207120.0,207120.0,205920.0,8.0,1649600.0,378
2023-05-09 21:05:44,sn2310,sn2310,205950.0,0.0,0.0,0.0,9,205400.0,205800.0,2,207760.0,207120.0,207120.0,205920.0,8.0,1649600.0,378
2023-05-09 21:05:44,sn2310,sn2310,205950.0,0.0,0.0,0.0,1,204880.0,205800.0,1,207760.0,207120.0,207120.0,205920.0,8.0,1649600.0,378
2023-05-09 21:05:45,sn2310,sn2310,205950.0,0.0,0.0,0.0,1,205420.0,205780.0,1,207760.0,207120.0,207120.0,205920.0,8.0,1649600.0,378
2023-05-09 21:05:45,sn2310,sn2310,205950.0,0.0,0.0,0.0,1,205430.0,205780.0,1,207760.0,207120.0,207120.0,205920.0,8.0,1649600.0,378
2023-05-09 21:05:46,sn2310,sn2310,205950.0,0.0,0.0,0.0,1,205430.0,205770.0,2,207760.0,207120.0,207120.0,205920.0,8.0,1649600.0,378
2023-05-09 21:05:46,sn2310,sn2310,205950.0,0.0,0.0,0.0,1,205430.0,205780.0,1,207760.0,207120.0,207120.0,205920.0,8.0,1649600.0,378
2023-05-09 21:05:47,sn2310,sn2310,205950.0,0.0,0.0,0.0,1,205430.0,205740.0,1,207760.0,207120.0,207120.0,205920.0,8.0,1649600.0,378
2023-05-09 21:05:47,sn2310,sn2310,205950.0,0.0,0.0,0.0,1,205430.0,205740.0,1,207760.0,207120.0,207120.0,205920.0,8.0,1649600.0,378
2023-05-09 21:05:48,sn2310,sn2310,205950.0,0.0,0.0,0.0,2,204900.0,205740.0,1,207760.0,207120.0,207120.0,205920.0,8.0,1649600.0,378
2023-05-09 21:05:48,sn2310,sn2310,205950.0,0.0,0.0,0.0,1,205390.0,205740.0,1,207760.0,207120.0,207120.0,205920.0,8.0,1649600.0,378
2023-05-09 21:05:49,sn2310,sn2310,205950.0,0.0,0.0,0.0,1,205390.0,205740.0,1,207760.0,207120.0,207120.0,205920.0,8.0,1649600.0,378
2023-05-09 21:05:49,sn2310,sn2310,205950.0,0.0,0.0,0.0,9,205400.0,205740.0,1,207760.0,207120.0,207120.0,205920.0,8.0,1649600.0,378
2023-05-09 21:05:50,sn2310,sn2310,205950.0,0.0,0.0,0.0,10,205400.0,205740.0,1,207760.0,207120.0,207120.0,205920.0,8.0,1649600.0,378
2023-05-09 21:05:51,sn2310,sn2310,205950.0,0.0,0.0,0.0,10,205400.0,205740.0,1,207760.0,207120.0,207120.0,205920.0,8.0,1649600.0,378
2023-05-09 21:05:52,sn2310,sn2310,205950.0,0.0,0.0,0.0,10,205400.0,205740.0,1,207760.0,207120.0,207120.0,205920.0,8.0,1649600.0,378
2023-05-09 21:05:53,sn2310,sn2310,205950.0,0.0,0.0,0.0,10,205400.0,205740.0,1,207760.0,207120.0,207120.0,205920.0,8.0,1649600.0,378
2023-05-09 21:05:53,sn2310,sn2310,205950.0,0.0,0.0,0.0,10,205400.0,205740.0,1,207760.0,207120.0,207120.0,205920.0,8.0,1649600.0,378
2023-05-09 21:05:55,sn2310,sn2310,205950.0,0.0,0.0,0.0,9,205400.0,205740.0,1,207760.0,207120.0,207120.0,205920.0,8.0,1649600.0,378
2023-05-09 21:05:56,sn2310,sn2310,205950.0,0.0,0.0,0.0,10,205400.0,205740.0,1,207760.0,207120.0,207120.0,205920.0,8.0,1649600.0,378
2023-05-09 21:05:56,sn2310,sn2310,205950.0,0.0,0.0,0.0,10,205400.0,205820.0,1,207760.0,207120.0,207120.0,205920.0,8.0,1649600.0,378
2023-05-09 21:05:57,sn2310,sn2310,205950.0,0.0,0.0,0.0,1,205420.0,205810.0,1,207760.0,207120.0,207120.0,205920.0,8.0,1649600.0,378
2023-05-09 21:05:57,sn2310,sn2310,205950.0,0.0,0.0,0.0,1,205420.0,205820.0,1,207760.0,207120.0,207120.0,205920.0,8.0,1649600.0,378
2023-05-09 21:05:58,sn2310,sn2310,205950.0,0.0,0.0,0.0,2,205440.0,205820.0,1,207760.0,207120.0,207120.0,205920.0,8.0,1649600.0,378
2023-05-09 21:05:58,sn2310,sn2310,205950.0,0.0,0.0,0.0,2,205440.0,205820.0,1,207760.0,207120.0,207120.0,205920.0,8.0,1649600.0,378
2023-05-09 21:05:59,sn2310,sn2310,205950.0,0.0,0.0,0.0,2,205440.0,205810.0,1,207760.0,207120.0,207120.0,205920.0,8.0,1649600.0,378
2023-05-09 21:05:59,sn2310,sn2310,205950.0,0.0,0.0,0.0,9,205460.0,205810.0,2,207760.0,207120.0,207120.0,205920.0,8.0,1649600.0,378
2023-05-09 21:06:00,sn2310,sn2310,205950.0,0.0,0.0,0.0,2,205410.0,205810.0,2,207760.0,207120.0,207120.0,205920.0,8.0,1649600.0,378
2023-05-09 21:06:00,sn2310,sn2310,205950.0,0.0,0.0,0.0,2,205410.0,205800.0,1,207760.0,207120.0,207120.0,205920.0,8.0,1649600.0,378
2023-05-09 21:06:01,sn2310,sn2310,205950.0,0.0,0.0,0.0,9,205420.0,205790.0,1,207760.0,207120.0,207120.0,205920.0,8.0,1649600.0,378
2023-05-09 21:06:02,sn2310,sn2310,205950.0,0.0,0.0,0.0,9,205420.0,205800.0,1,207760.0,207120.0,207120.0,205920.0,8.0,1649600.0,378
2023-05-09 21:06:03,sn2310,sn2310,205950.0,0.0,0.0,0.0,9,205420.0,205790.0,1,207760.0,207120.0,207120.0,205920.0,8.0,1649600.0,378
2023-05-09 21:06:03,sn2310,sn2310,205950.0,0.0,0.0,0.0,9,205420.0,205790.0,1,207760.0,207120.0,207120.0,205920.0,8.0,1649600.0,378
2023-05-09 21:06:04,sn2310,sn2310,205950.0,0.0,0.0,0.0,9,205420.0,205780.0,1,207760.0,207120.0,207120.0,205920.0,8.0,1649600.0,378
2023-05-09 21:06:04,sn2310,sn2310,205950.0,0.0,0.0,0.0,9,205420.0,205780.0,2,207760.0,207120.0,207120.0,205920.0,8.0,1649600.0,378
2023-05-09 21:06:05,sn2310,sn2310,205950.0,0.0,0.0,0.0,9,205420.0,205760.0,1,207760.0,207120.0,207120.0,205920.0,8.0,1649600.0,378
2023-05-09 21:06:05,sn2310,sn2310,205950.0,0.0,0.0,0.0,9,205420.0,205760.0,2,207760.0,207120.0,207120.0,205920.0,8.0,1649600.0,378
2023-05-09 21:06:06,sn2310,sn2310,205950.0,0.0,0.0,0.0,9,205420.0,205750.0,1,207760.0,207120.0,207120.0,205920.0,8.0,1649600.0,378
2023-05-09 21:06:06,sn2310,sn2310,205950.0,0.0,0.0,0.0,9,205420.0,205750.0,1,207760.0,207120.0,207120.0,205920.0,8.0,1649600.0,378
2023-05-09 21:06:07,sn2310,sn2310,205950.0,0.0,0.0,0.0,2,204920.0,205750.0,1,207760.0,207120.0,207120.0,205920.0,8.0,1649600.0,378
2023-05-09 21:06:08,sn2310,sn2310,205950.0,0.0,0.0,0.0,1,205090.0,205740.0,1,207760.0,207120.0,207120.0,205920.0,8.0,1649600.0,378
2023-05-09 21:06:08,sn2310,sn2310,205950.0,0.0,0.0,0.0,1,205120.0,205730.0,1,207760.0,207120.0,207120.0,205920.0,8.0,1649600.0,378
2023-05-09 21:06:09,sn2310,sn2310,205950.0,0.0,0.0,0.0,2,205140.0,205700.0,1,207760.0,207120.0,207120.0,205920.0,8.0,1649600.0,378
2023-05-09 21:06:09,sn2310,sn2310,205950.0,0.0,0.0,0.0,1,205250.0,205690.0,1,207760.0,207120.0,207120.0,205920.0,8.0,1649600.0,378
2023-05-09 21:06:10,sn2310,sn2310,205950.0,0.0,0.0,0.0,1,205250.0,205690.0,1,207760.0,207120.0,207120.0,205920.0,8.0,1649600.0,378
2023-05-09 21:06:10,sn2310,sn2310,205950.0,0.0,0.0,0.0,9,205260.0,205690.0,1,207760.0,207120.0,207120.0,205920.0,8.0,1649600.0,378
2023-05-09 21:06:11,sn2310,sn2310,205950.0,0.0,0.0,0.0,9,205260.0,205640.0,1,207760.0,207120.0,207120.0,205920.0,8.0,1649600.0,378
2023-05-09 21:06:11,sn2310,sn2310,205950.0,0.0,0.0,0.0,2,204690.0,205630.0,1,207760.0,207120.0,207120.0,205920.0,8.0,1649600.0,378
2023-05-09 21:06:12,sn2310,sn2310,205950.0,0.0,0.0,0.0,1,204960.0,205630.0,2,207760.0,207120.0,207120.0,205920.0,8.0,1649600.0,378
2023-05-09 21:06:12,sn2310,sn2310,205950.0,0.0,0.0,0.0,2,204980.0,205610.0,1,207760.0,207120.0,207120.0,205920.0,8.0,1649600.0,378
2023-05-09 21:06:13,sn2310,sn2310,205950.0,0.0,0.0,0.0,1,205130.0,205600.0,1,207760.0,207120.0,207120.0,205920.0,8.0,1649600.0,378
2023-05-09 21:06:13,sn2310,sn2310,205950.0,0.0,0.0,0.0,2,205150.0,205580.0,1,207760.0,207120.0,207120.0,205920.0,8.0,1649600.0,378
2023-05-09 21:06:14,sn2310,sn2310,205950.0,0.0,0.0,0.0,1,205160.0,205580.0,1,207760.0,207120.0,207120.0,205920.0,8.0,1649600.0,378
2023-05-09 21:06:14,sn2310,sn2310,205950.0,0.0,0.0,0.0,2,205170.0,205580.0,1,207760.0,207120.0,207120.0,205920.0,8.0,1649600.0,378
2023-05-09 21:06:15,sn2310,sn2310,205950.0,0.0,0.0,0.0,1,205180.0,205580.0,1,207760.0,207120.0,207120.0,205920.0,8.0,1649600.0,378
2023-05-09 21:06:15,sn2310,sn2310,205950.0,0.0,0.0,0.0,2,205200.0,205580.0,1,207760.0,207120.0,207120.0,205920.0,8.0,1649600.0,378
2023-05-09 21:06:16,sn2310,sn2310,205950.0,0.0,0.0,0.0,1,205210.0,205580.0,1,207760.0,207120.0,207120.0,205920.0,8.0,1649600.0,378
2023-05-09 21:06:16,sn2310,sn2310,205950.0,0.0,0.0,0.0,10,205210.0,205720.0,1,207760.0,207120.0,207120.0,205920.0,8.0,1649600.0,378
2023-05-09 21:06:17,sn2310,sn2310,205950.0,0.0,0.0,0.0,2,205220.0,205710.0,1,207760.0,207120.0,207120.0,205920.0,8.0,1649600.0,378
2023-05-09 21:06:17,sn2310,sn2310,205950.0,0.0,0.0,0.0,1,205230.0,205710.0,3,207760.0,207120.0,207120.0,205920.0,8.0,1649600.0,378
2023-05-09 21:06:18,sn2310,sn2310,205950.0,0.0,0.0,0.0,1,205230.0,205710.0,4,207760.0,207120.0,207120.0,205920.0,8.0,1649600.0,378
2023-05-09 21:06:18,sn2310,sn2310,205950.0,0.0,0.0,0.0,9,205240.0,205710.0,4,207760.0,207120.0,207120.0,205920.0,8.0,1649600.0,378
2023-05-09 21:06:19,sn2310,sn2310,205950.0,0.0,0.0,0.0,9,205240.0,205710.0,4,207760.0,207120.0,207120.0,205920.0,8.0,1649600.0,378
2023-05-09 21:06:19,sn2310,sn2310,205950.0,0.0,0.0,0.0,9,205240.0,205690.0,1,207760.0,207120.0,207120.0,205920.0,8.0,1649600.0,378
2023-05-09 21:06:20,sn2310,sn2310,205950.0,0.0,0.0,0.0,2,204720.0,205680.0,1,207760.0,207120.0,207120.0,205920.0,8.0,1649600.0,378
2023-05-09 21:06:20,sn2310,sn2310,205950.0,0.0,0.0,0.0,1,205150.0,205680.0,1,207760.0,207120.0,207120.0,205920.0,8.0,1649600.0,378
2023-05-09 21:06:21,sn2310,sn2310,205950.0,0.0,0.0,0.0,1,205160.0,205660.0,1,207760.0,207120.0,207120.0,205920.0,8.0,1649600.0,378
2023-05-09 21:06:21,sn2310,sn2310,205950.0,0.0,0.0,0.0,1,205170.0,205650.0,1,207760.0,207120.0,207120.0,205920.0,8.0,1649600.0,378
2023-05-09 21:06:22,sn2310,sn2310,205950.0,0.0,0.0,0.0,1,205180.0,205650.0,1,207760.0,207120.0,207120.0,205920.0,8.0,1649600.0,378
2023-05-09 21:06:22,sn2310,sn2310,205950.0,0.0,0.0,0.0,2,205180.0,205640.0,2,207760.0,207120.0,207120.0,205920.0,8.0,1649600.0,378
2023-05-09 21:06:23,sn2310,sn2310,205950.0,0.0,0.0,0.0,1,205180.0,205630.0,1,207760.0,207120.0,207120.0,205920.0,8.0,1649600.0,378
2023-05-09 21:06:23,sn2310,sn2310,205950.0,0.0,0.0,0.0,1,205190.0,205630.0,2,207760.0,207120.0,207120.0,205920.0,8.0,1649600.0,378
2023-05-09 21:06:24,sn2310,sn2310,205950.0,0.0,0.0,0.0,9,205200.0,205620.0,2,207760.0,207120.0,207120.0,205920.0,8.0,1649600.0,378
2023-05-09 21:06:24,sn2310,sn2310,205950.0,0.0,0.0,0.0,1,205190.0,205610.0,1,207760.0,207120.0,207120.0,205920.0,8.0,1649600.0,378
2023-05-09 21:06:25,sn2310,sn2310,205950.0,0.0,0.0,0.0,1,205190.0,205610.0,1,207760.0,207120.0,207120.0,205920.0,8.0,1649600.0,378
2023-05-09 21:06:25,sn2310,sn2310,205950.0,0.0,0.0,0.0,1,205190.0,205610.0,1,207760.0,207120.0,207120.0,205920.0,8.0,1649600.0,378
2023-05-09 21:06:26,sn2310,sn2310,205950.0,0.0,0.0,0.0,2,204770.0,205590.0,2,207760.0,207120.0,207120.0,205920.0,8.0,1649600.0,378
2023-05-09 21:06:26,sn2310,sn2310,205950.0,0.0,0.0,0.0,1,205130.0,205580.0,1,207760.0,207120.0,207120.0,205920.0,8.0,1649600.0,378
2023-05-09 21:06:27,sn2310,sn2310,205950.0,0.0,0.0,0.0,2,205150.0,205580.0,1,207760.0,207120.0,207120.0,205920.0,8.0,1649600.0,378
2023-05-09 21:06:27,sn2310,sn2310,205950.0,0.0,0.0,0.0,2,205150.0,205580.0,1,207760.0,207120.0,207120.0,205920.0,8.0,1649600.0,378
2023-05-09 21:06:28,sn2310,sn2310,205950.0,0.0,0.0,0.0,2,205150.0,205550.0,1,207760.0,207120.0,207120.0,205920.0,8.0,1649600.0,378
2023-05-09 21:06:28,sn2310,sn2310,205950.0,0.0,0.0,0.0,9,205160.0,205540.0,1,207760.0,207120.0,207120.0,205920.0,8.0,1649600.0,378
2023-05-09 21:06:29,sn2310,sn2310,205950.0,0.0,0.0,0.0,1,205170.0,205540.0,1,207760.0,207120.0,207120.0,205920.0,8.0,1649600.0,378
2023-05-09 21:06:29,sn2310,sn2310,205950.0,0.0,0.0,0.0,1,205170.0,205540.0,1,207760.0,207120.0,207120.0,205920.0,8.0,1649600.0,378
2023-05-09 21:06:30,sn2310,sn2310,205950.0,0.0,0.0,0.0,1,205170.0,205540.0,1,207760.0,207120.0,207120.0,205920.0,8.0,1649600.0,378
2023-05-09 21:06:30,sn2310,sn2310,205950.0,0.0,0.0,0.0,1,205170.0,205540.0,1,207760.0,207120.0,207120.0,205920.0,8.0,1649600.0,378
2023-05-09 21:06:31,sn2310,sn2310,205950.0,0.0,0.0,0.0,1,204870.0,205540.0,1,207760.0,207120.0,207120.0,205920.0,8.0,1649600.0,378
2023-05-09 21:06:32,sn2310,sn2310,205950.0,0.0,0.0,0.0,1,205070.0,205530.0,2,207760.0,207120.0,207120.0,205920.0,8.0,1649600.0,378
2023-05-09 21:06:32,sn2310,sn2310,205950.0,0.0,0.0,0.0,2,205070.0,205520.0,1,207760.0,207120.0,207120.0,205920.0,8.0,1649600.0,378
2023-05-09 21:06:33,sn2310,sn2310,205950.0,0.0,0.0,0.0,9,205090.0,205520.0,3,207760.0,207120.0,207120.0,205920.0,8.0,1649600.0,378
2023-05-09 21:06:33,sn2310,sn2310,205950.0,0.0,0.0,0.0,9,205090.0,205520.0,3,207760.0,207120.0,207120.0,205920.0,8.0,1649600.0,378
2023-05-09 21:06:34,sn2310,sn2310,205950.0,0.0,0.0,0.0,9,205090.0,205520.0,3,207760.0,207120.0,207120.0,205920.0,8.0,1649600.0,378
2023-05-09 21:06:34,sn2310,sn2310,205950.0,0.0,0.0,0.0,1,204690.0,205520.0,3,207760.0,207120.0,207120.0,205920.0,8.0,1649600.0,378
2023-05-09 21:06:35,sn2310,sn2310,205950.0,0.0,0.0,0.0,1,205020.0,205520.0,3,207760.0,207120.0,207120.0,205920.0,8.0,1649600.0,378
2023-05-09 21:06:35,sn2310,sn2310,205950.0,0.0,0.0,0.0,2,205040.0,205520.0,3,207760.0,207120.0,207120.0,205920.0,8.0,1649600.0,378
2023-05-09 21:06:36,sn2310,sn2310,205950.0,0.0,0.0,0.0,2,205050.0,205520.0,3,207760.0,207120.0,207120.0,205920.0,8.0,1649600.0,378
2023-05-09 21:06:36,sn2310,sn2310,205950.0,0.0,0.0,0.0,1,205050.0,205520.0,1,207760.0,207120.0,207120.0,205920.0,8.0,1649600.0,378
2023-05-09 21:06:37,sn2310,sn2310,205950.0,0.0,0.0,0.0,10,205060.0,205520.0,1,207760.0,207120.0,207120.0,205920.0,8.0,1649600.0,378
2023-05-09 21:06:37,sn2310,sn2310,205950.0,0.0,0.0,0.0,1,205070.0,205520.0,1,207760.0,207120.0,207120.0,205920.0,8.0,1649600.0,378
2023-05-09 21:06:38,sn2310,sn2310,205950.0,0.0,0.0,0.0,9,205060.0,205520.0,1,207760.0,207120.0,207120.0,205920.0,8.0,1649600.0,378
2023-05-09 21:06:38,sn2310,sn2310,205950.0,0.0,0.0,0.0,1,205060.0,205510.0,2,207760.0,207120.0,207120.0,205920.0,8.0,1649600.0,378
2023-05-09 21:06:39,sn2310,sn2310,205950.0,0.0,0.0,0.0,1,205070.0,205500.0,1,207760.0,207120.0,207120.0,205920.0,8.0,1649600.0,378
2023-05-09 21:06:39,sn2310,sn2310,205950.0,0.0,0.0,0.0,1,205080.0,205500.0,3,207760.0,207120.0,207120.0,205920.0,8.0,1649600.0,378
2023-05-09 21:06:40,sn2310,sn2310,205950.0,0.0,0.0,0.0,2,205090.0,205500.0,1,207760.0,207120.0,207120.0,205920.0,8.0,1649600.0,378
2023-05-09 21:06:40,sn2310,sn2310,205950.0,0.0,0.0,0.0,11,205090.0,205500.0,3,207760.0,207120.0,207120.0,205920.0,8.0,1649600.0,378
2023-05-09 21:06:41,sn2310,sn2310,205950.0,0.0,0.0,0.0,2,205090.0,205500.0,3,207760.0,207120.0,207120.0,205920.0,8.0,1649600.0,378
2023-05-09 21:06:43,sn2310,sn2310,205950.0,0.0,0.0,0.0,1,204690.0,205500.0,3,207760.0,207120.0,207120.0,205920.0,8.0,1649600.0,378
2023-05-09 21:06:43,sn2310,sn2310,205950.0,0.0,0.0,0.0,1,204850.0,205500.0,1,207760.0,207120.0,207120.0,205920.0,8.0,1649600.0,378
2023-05-09 21:06:44,sn2310,sn2310,205950.0,0.0,0.0,0.0,7,204870.0,205500.0,1,207760.0,207120.0,207120.0,205920.0,8.0,1649600.0,378
2023-05-09 21:06:44,sn2310,sn2310,205950.0,0.0,0.0,0.0,1,204900.0,205500.0,1,207760.0,207120.0,207120.0,205920.0,8.0,1649600.0,378
2023-05-09 21:06:45,sn2310,sn2310,205950.0,0.0,0.0,0.0,2,204920.0,205500.0,1,207760.0,207120.0,207120.0,205920.0,8.0,1649600.0,378
2023-05-09 21:06:45,sn2310,sn2310,205950.0,0.0,0.0,0.0,1,204930.0,205500.0,1,207760.0,207120.0,207120.0,205920.0,8.0,1649600.0,378
2023-05-09 21:06:46,sn2310,sn2310,205950.0,0.0,0.0,0.0,2,204950.0,205500.0,1,207760.0,207120.0,207120.0,205920.0,8.0,1649600.0,378
2023-05-09 21:06:46,sn2310,sn2310,205950.0,0.0,0.0,0.0,1,204960.0,205500.0,1,207760.0,207120.0,207120.0,205920.0,8.0,1649600.0,378
2023-05-09 21:06:47,sn2310,sn2310,205950.0,0.0,0.0,0.0,2,204980.0,205500.0,1,207760.0,207120.0,207120.0,205920.0,8.0,1649600.0,378
2023-05-09 21:06:47,sn2310,sn2310,205950.0,0.0,0.0,0.0,1,205020.0,205500.0,1,207760.0,207120.0,207120.0,205920.0,8.0,1649600.0,378
2023-05-09 21:06:48,sn2310,sn2310,205950.0,0.0,0.0,0.0,1,205050.0,205500.0,1,207760.0,207120.0,207120.0,205920.0,8.0,1649600.0,378
2023-05-09 21:06:48,sn2310,sn2310,205950.0,0.0,0.0,0.0,3,205060.0,205500.0,1,207760.0,207120.0,207120.0,205920.0,8.0,1649600.0,378
2023-05-09 21:06:49,sn2310,sn2310,205950.0,0.0,0.0,0.0,4,205060.0,205490.0,1,207760.0,207120.0,207120.0,205920.0,8.0,1649600.0,378
2023-05-09 21:06:49,sn2310,sn2310,205950.0,0.0,0.0,0.0,9,205070.0,205490.0,2,207760.0,207120.0,207120.0,205920.0,8.0,1649600.0,378
2023-05-09 21:06:50,sn2310,sn2310,205950.0,0.0,0.0,0.0,1,205080.0,205490.0,2,207760.0,207120.0,207120.0,205920.0,8.0,1649600.0,378
2023-05-09 21:06:50,sn2310,sn2310,205950.0,0.0,0.0,0.0,1,205080.0,205490.0,1,207760.0,207120.0,207120.0,205920.0,8.0,1649600.0,378
2023-05-09 21:06:51,sn2310,sn2310,205950.0,0.0,0.0,0.0,2,205090.0,205490.0,1,207760.0,207120.0,207120.0,205920.0,8.0,1649600.0,378
2023-05-09 21:06:51,sn2310,sn2310,205950.0,0.0,0.0,0.0,10,205100.0,205490.0,1,207760.0,207120.0,207120.0,205920.0,8.0,1649600.0,378
2023-05-09 21:06:52,sn2310,sn2310,205950.0,0.0,0.0,0.0,10,205100.0,205490.0,1,207760.0,207120.0,207120.0,205920.0,8.0,1649600.0,378
2023-05-09 21:06:52,sn2310,sn2310,205950.0,0.0,0.0,0.0,10,205100.0,205490.0,1,207760.0,207120.0,207120.0,205920.0,8.0,1649600.0,378
2023-05-09 21:06:53,sn2310,sn2310,205950.0,0.0,0.0,0.0,1,205120.0,205490.0,1,207760.0,207120.0,207120.0,205920.0,8.0,1649600.0,378
2023-05-09 21:06:54,sn2310,sn2310,205950.0,0.0,0.0,0.0,1,205120.0,205490.0,1,207760.0,207120.0,207120.0,205920.0,8.0,1649600.0,378
2023-05-09 21:06:54,sn2310,sn2310,205950.0,0.0,0.0,0.0,1,205120.0,205490.0,1,207760.0,207120.0,207120.0,205920.0,8.0,1649600.0,378
2023-05-09 21:06:55,sn2310,sn2310,205950.0,0.0,0.0,0.0,9,205130.0,205490.0,1,207760.0,207120.0,207120.0,205920.0,8.0,1649600.0,378
2023-05-09 21:06:55,sn2310,sn2310,205950.0,0.0,0.0,0.0,9,205130.0,205490.0,1,207760.0,207120.0,207120.0,205920.0,8.0,1649600.0,378
2023-05-09 21:06:56,sn2310,sn2310,205950.0,0.0,0.0,0.0,9,205130.0,205490.0,3,207760.0,207120.0,207120.0,205920.0,8.0,1649600.0,378
2023-05-09 21:06:56,sn2310,sn2310,205950.0,0.0,0.0,0.0,9,205130.0,205490.0,3,207760.0,207120.0,207120.0,205920.0,8.0,1649600.0,378
2023-05-09 21:06:57,sn2310,sn2310,205950.0,0.0,0.0,0.0,1,204690.0,205490.0,1,207760.0,207120.0,207120.0,205920.0,8.0,1649600.0,378
2023-05-09 21:06:57,sn2310,sn2310,205950.0,0.0,0.0,0.0,1,205070.0,205480.0,2,207760.0,207120.0,207120.0,205920.0,8.0,1649600.0,378
2023-05-09 21:06:58,sn2310,sn2310,205950.0,0.0,0.0,0.0,1,205070.0,205480.0,2,207760.0,207120.0,207120.0,205920.0,8.0,1649600.0,378
2023-05-09 21:06:58,sn2310,sn2310,205950.0,0.0,0.0,0.0,1,205070.0,205480.0,2,207760.0,207120.0,207120.0,205920.0,8.0,1649600.0,378
2023-05-09 21:06:59,sn2310,sn2310,205950.0,0.0,0.0,0.0,9,205080.0,205480.0,2,207760.0,207120.0,207120.0,205920.0,8.0,1649600.0,378
2023-05-09 21:06:59,sn2310,sn2310,205950.0,0.0,0.0,0.0,2,204710.0,205480.0,1,207760.0,207120.0,207120.0,205920.0,8.0,1649600.0,378
2023-05-09 21:07:00,sn2310,sn2310,205950.0,0.0,0.0,0.0,1,205020.0,205480.0,1,207760.0,207120.0,207120.0,205920.0,8.0,1649600.0,378
2023-05-09 21:07:00,sn2310,sn2310,205950.0,0.0,0.0,0.0,1,205030.0,205480.0,1,207760.0,207120.0,207120.0,205920.0,8.0,1649600.0,378
2023-05-09 21:07:01,sn2310,sn2310,205950.0,0.0,0.0,0.0,1,205040.0,205480.0,1,207760.0,207120.0,207120.0,205920.0,8.0,1649600.0,378
2023-05-09 21:07:01,sn2310,sn2310,205950.0,0.0,0.0,0.0,10,205040.0,205470.0,1,207760.0,207120.0,207120.0,205920.0,8.0,1649600.0,378
2023-05-09 21:07:02,sn2310,sn2310,205950.0,0.0,0.0,0.0,10,205040.0,205460.0,1,207760.0,207120.0,207120.0,205920.0,8.0,1649600.0,378
2023-05-09 21:07:02,sn2310,sn2310,205950.0,0.0,0.0,0.0,9,205040.0,205420.0,1,207760.0,207120.0,207120.0,205920.0,8.0,1649600.0,378
2023-05-09 21:07:03,sn2310,sn2310,205950.0,0.0,0.0,0.0,1,204570.0,205410.0,1,207760.0,207120.0,207120.0,205920.0,8.0,1649600.0,378
2023-05-09 21:07:03,sn2310,sn2310,205950.0,0.0,0.0,0.0,1,204910.0,205410.0,3,207760.0,207120.0,207120.0,205920.0,8.0,1649600.0,378
2023-05-09 21:07:04,sn2310,sn2310,205950.0,0.0,0.0,0.0,1,204920.0,205410.0,3,207760.0,207120.0,207120.0,205920.0,8.0,1649600.0,378
2023-05-09 21:07:04,sn2310,sn2310,205950.0,0.0,0.0,0.0,1,204960.0,205410.0,3,207760.0,207120.0,207120.0,205920.0,8.0,1649600.0,378
2023-05-09 21:07:05,sn2310,sn2310,205950.0,0.0,0.0,0.0,1,204970.0,205400.0,1,207760.0,207120.0,207120.0,205920.0,8.0,1649600.0,378
2023-05-09 21:07:05,sn2310,sn2310,205950.0,0.0,0.0,0.0,1,205000.0,205390.0,1,207760.0,207120.0,207120.0,205920.0,8.0,1649600.0,378
2023-05-09 21:07:06,sn2310,sn2310,205950.0,0.0,0.0,0.0,9,204980.0,205390.0,1,207760.0,207120.0,207120.0,205920.0,8.0,1649600.0,378
2023-05-09 21:07:06,sn2310,sn2310,205950.0,0.0,0.0,0.0,9,204980.0,205390.0,1,207760.0,207120.0,207120.0,205920.0,8.0,1649600.0,378
2023-05-09 21:07:07,sn2310,sn2310,205950.0,0.0,0.0,0.0,1,204680.0,205390.0,2,207760.0,207120.0,207120.0,205920.0,8.0,1649600.0,378
2023-05-09 21:07:07,sn2310,sn2310,205950.0,0.0,0.0,0.0,1,204810.0,205340.0,1,207760.0,207120.0,207120.0,205920.0,8.0,1649600.0,378
2023-05-09 21:07:08,sn2310,sn2310,205950.0,0.0,0.0,0.0,2,204700.0,205330.0,1,207760.0,207120.0,207120.0,205920.0,8.0,1649600.0,378
2023-05-09 21:07:08,sn2310,sn2310,205950.0,0.0,0.0,0.0,1,204740.0,205330.0,1,207760.0,207120.0,207120.0,205920.0,8.0,1649600.0,378
2023-05-09 21:07:09,sn2310,sn2310,205950.0,0.0,0.0,0.0,2,204760.0,205290.0,1,207760.0,207120.0,207120.0,205920.0,8.0,1649600.0,378
2023-05-09 21:07:09,sn2310,sn2310,205950.0,0.0,0.0,0.0,11,204770.0,205280.0,1,207760.0,207120.0,207120.0,205920.0,8.0,1649600.0,378
2023-05-09 21:07:10,sn2310,sn2310,205950.0,0.0,0.0,0.0,11,204770.0,205280.0,3,207760.0,207120.0,207120.0,205920.0,8.0,1649600.0,378
2023-05-09 21:07:10,sn2310,sn2310,205950.0,0.0,0.0,0.0,10,204770.0,205280.0,1,207760.0,207120.0,207120.0,205920.0,8.0,1649600.0,378
2023-05-09 21:07:11,sn2310,sn2310,205950.0,0.0,0.0,0.0,1,204790.0,205280.0,1,207760.0,207120.0,207120.0,205920.0,8.0,1649600.0,378
2023-05-09 21:07:11,sn2310,sn2310,205950.0,0.0,0.0,0.0,1,204980.0,205270.0,2,207760.0,207120.0,207120.0,205920.0,8.0,1649600.0,378
2023-05-09 21:07:12,sn2310,sn2310,205950.0,0.0,0.0,0.0,9,204770.0,205220.0,1,207760.0,207120.0,207120.0,205920.0,8.0,1649600.0,378
2023-05-09 21:07:12,sn2310,sn2310,205950.0,0.0,0.0,0.0,2,204350.0,205210.0,1,207760.0,207120.0,207120.0,205920.0,8.0,1649600.0,378
2023-05-09 21:07:13,sn2310,sn2310,205950.0,0.0,0.0,0.0,1,204530.0,205210.0,3,207760.0,207120.0,207120.0,205920.0,8.0,1649600.0,378
2023-05-09 21:07:13,sn2310,sn2310,205950.0,0.0,0.0,0.0,2,204550.0,205190.0,1,207760.0,207120.0,207120.0,205920.0,8.0,1649600.0,378
2023-05-09 21:07:14,sn2310,sn2310,205950.0,0.0,0.0,0.0,1,204570.0,205180.0,1,207760.0,207120.0,207120.0,205920.0,8.0,1649600.0,378
2023-05-09 21:07:14,sn2310,sn2310,205950.0,0.0,0.0,0.0,2,204590.0,205180.0,1,207760.0,207120.0,207120.0,205920.0,8.0,1649600.0,378
2023-05-09 21:07:15,sn2310,sn2310,205950.0,0.0,0.0,0.0,1,204730.0,205180.0,1,207760.0,207120.0,207120.0,205920.0,8.0,1649600.0,378
2023-05-09 21:07:15,sn2310,sn2310,205950.0,0.0,0.0,0.0,1,204730.0,205170.0,2,207760.0,207120.0,207120.0,205920.0,8.0,1649600.0,378
2023-05-09 21:07:16,sn2310,sn2310,205950.0,0.0,0.0,0.0,1,204730.0,205160.0,1,207760.0,207120.0,207120.0,205920.0,8.0,1649600.0,378
2023-05-09 21:07:16,sn2310,sn2310,205950.0,0.0,0.0,0.0,9,204740.0,205160.0,1,207760.0,207120.0,207120.0,205920.0,8.0,1649600.0,378
2023-05-09 21:07:17,sn2310,sn2310,205950.0,0.0,0.0,0.0,9,204740.0,205160.0,1,207760.0,207120.0,207120.0,205920.0,8.0,1649600.0,378
2023-05-09 21:07:18,sn2310,sn2310,205950.0,0.0,0.0,0.0,2,204310.0,205160.0,1,207760.0,207120.0,207120.0,205920.0,8.0,1649600.0,378
2023-05-09 21:07:18,sn2310,sn2310,205950.0,0.0,0.0,0.0,1,204460.0,205160.0,1,207760.0,207120.0,207120.0,205920.0,8.0,1649600.0,378
2023-05-09 21:07:19,sn2310,sn2310,205950.0,0.0,0.0,0.0,2,204480.0,205140.0,2,207760.0,207120.0,207120.0,205920.0,8.0,1649600.0,378
2023-05-09 21:07:19,sn2310,sn2310,205950.0,0.0,0.0,0.0,1,204490.0,205130.0,1,207760.0,207120.0,207120.0,205920.0,8.0,1649600.0,378
2023-05-09 21:07:20,sn2310,sn2310,205950.0,0.0,0.0,0.0,2,204510.0,205130.0,1,207760.0,207120.0,207120.0,205920.0,8.0,1649600.0,378
2023-05-09 21:07:20,sn2310,sn2310,205950.0,0.0,0.0,0.0,1,204520.0,205090.0,2,207760.0,207120.0,207120.0,205920.0,8.0,1649600.0,378
2023-05-09 21:07:21,sn2310,sn2310,205950.0,0.0,0.0,0.0,2,204540.0,205080.0,1,207760.0,207120.0,207120.0,205920.0,8.0,1649600.0,378
2023-05-09 21:07:21,sn2310,sn2310,205950.0,0.0,0.0,0.0,1,204550.0,205080.0,1,207760.0,207120.0,207120.0,205920.0,8.0,1649600.0,378
2023-05-09 21:07:22,sn2310,sn2310,205950.0,0.0,0.0,0.0,1,204560.0,205070.0,2,207760.0,207120.0,207120.0,205920.0,8.0,1649600.0,378
2023-05-09 21:07:22,sn2310,sn2310,205950.0,0.0,0.0,0.0,1,204570.0,205060.0,1,207760.0,207120.0,207120.0,205920.0,8.0,1649600.0,378
2023-05-09 21:07:23,sn2310,sn2310,205950.0,0.0,0.0,0.0,2,204580.0,205060.0,1,207760.0,207120.0,207120.0,205920.0,8.0,1649600.0,378
2023-05-09 21:07:23,sn2310,sn2310,205950.0,0.0,0.0,0.0,1,204590.0,205060.0,1,207760.0,207120.0,207120.0,205920.0,8.0,1649600.0,378
2023-05-09 21:07:24,sn2310,sn2310,205950.0,0.0,0.0,0.0,2,204610.0,205390.0,2,207760.0,207120.0,207120.0,205920.0,8.0,1649600.0,378
2023-05-09 21:07:24,sn2310,sn2310,205950.0,0.0,0.0,0.0,1,204620.0,205380.0,2,207760.0,207120.0,207120.0,205920.0,8.0,1649600.0,378
2023-05-09 21:07:25,sn2310,sn2310,205950.0,0.0,0.0,0.0,1,204660.0,205380.0,4,207760.0,207120.0,207120.0,205920.0,8.0,1649600.0,378
2023-05-09 21:07:25,sn2310,sn2310,205950.0,0.0,0.0,0.0,1,204660.0,205240.0,1,207760.0,207120.0,207120.0,205920.0,8.0,1649600.0,378
2023-05-09 21:07:26,sn2310,sn2310,205950.0,0.0,0.0,0.0,1,204680.0,205230.0,1,207760.0,207120.0,207120.0,205920.0,8.0,1649600.0,378
2023-05-09 21:07:26,sn2310,sn2310,205950.0,0.0,0.0,0.0,9,204670.0,205230.0,1,207760.0,207120.0,207120.0,205920.0,8.0,1649600.0,378
2023-05-09 21:07:27,sn2310,sn2310,205950.0,0.0,0.0,0.0,2,204350.0,205110.0,1,207760.0,207120.0,207120.0,205920.0,8.0,1649600.0,378
2023-05-09 21:07:27,sn2310,sn2310,205950.0,0.0,0.0,0.0,1,204460.0,205100.0,1,207760.0,207120.0,207120.0,205920.0,8.0,1649600.0,378
2023-05-09 21:07:28,sn2310,sn2310,205950.0,0.0,0.0,0.0,2,204480.0,205100.0,1,207760.0,207120.0,207120.0,205920.0,8.0,1649600.0,378
2023-05-09 21:07:28,sn2310,sn2310,205950.0,0.0,0.0,0.0,1,204670.0,205060.0,1,207760.0,207120.0,207120.0,205920.0,8.0,1649600.0,378
2023-05-09 21:07:29,sn2310,sn2310,205950.0,0.0,0.0,0.0,1,204670.0,205050.0,1,207760.0,207120.0,207120.0,205920.0,8.0,1649600.0,378
2023-05-09 21:07:29,sn2310,sn2310,205950.0,0.0,0.0,0.0,1,204670.0,205050.0,3,207760.0,207120.0,207120.0,205920.0,8.0,1649600.0,378
2023-05-09 21:07:30,sn2310,sn2310,205950.0,0.0,0.0,0.0,1,204670.0,205210.0,1,207760.0,207120.0,207120.0,205920.0,8.0,1649600.0,378
2023-05-09 21:07:30,sn2310,sn2310,205950.0,0.0,0.0,0.0,1,204670.0,205200.0,1,207760.0,207120.0,207120.0,205920.0,8.0,1649600.0,378
2023-05-09 21:07:31,sn2310,sn2310,205950.0,0.0,0.0,0.0,9,204680.0,205170.0,1,207760.0,207120.0,207120.0,205920.0,8.0,1649600.0,378
2023-05-09 21:07:31,sn2310,sn2310,205950.0,0.0,0.0,0.0,10,204680.0,205160.0,1,207760.0,207120.0,207120.0,205920.0,8.0,1649600.0,378
2023-05-09 21:07:32,sn2310,sn2310,205950.0,0.0,0.0,0.0,10,204680.0,205160.0,1,207760.0,207120.0,207120.0,205920.0,8.0,1649600.0,378
2023-05-09 21:07:32,sn2310,sn2310,205950.0,0.0,0.0,0.0,10,204680.0,205150.0,2,207760.0,207120.0,207120.0,205920.0,8.0,1649600.0,378
2023-05-09 21:07:33,sn2310,sn2310,205950.0,0.0,0.0,0.0,2,204690.0,205140.0,1,207760.0,207120.0,207120.0,205920.0,8.0,1649600.0,378
2023-05-09 21:07:33,sn2310,sn2310,205950.0,0.0,0.0,0.0,1,204730.0,205140.0,1,207760.0,207120.0,207120.0,205920.0,8.0,1649600.0,378
2023-05-09 21:07:34,sn2310,sn2310,205950.0,0.0,0.0,0.0,1,204740.0,205520.0,1,207760.0,207120.0,207120.0,205920.0,8.0,1649600.0,378
2023-05-09 21:07:34,sn2310,sn2310,205950.0,0.0,0.0,0.0,1,204780.0,205370.0,1,207760.0,207120.0,207120.0,205920.0,8.0,1649600.0,378
2023-05-09 21:07:35,sn2310,sn2310,205950.0,0.0,0.0,0.0,1,204790.0,205360.0,1,207760.0,207120.0,207120.0,205920.0,8.0,1649600.0,378
2023-05-09 21:07:35,sn2310,sn2310,205950.0,0.0,0.0,0.0,1,204870.0,205360.0,1,207760.0,207120.0,207120.0,205920.0,8.0,1649600.0,378
2023-05-09 21:07:36,sn2310,sn2310,205950.0,0.0,0.0,0.0,1,204790.0,205360.0,1,207760.0,207120.0,207120.0,205920.0,8.0,1649600.0,378
2023-05-09 21:07:36,sn2310,sn2310,205950.0,0.0,0.0,0.0,1,204820.0,205350.0,2,207760.0,207120.0,207120.0,205920.0,8.0,1649600.0,378
2023-05-09 21:07:37,sn2310,sn2310,205950.0,0.0,0.0,0.0,1,204830.0,205340.0,1,207760.0,207120.0,207120.0,205920.0,8.0,1649600.0,378
2023-05-09 21:07:37,sn2310,sn2310,205950.0,0.0,0.0,0.0,4,204830.0,205340.0,1,207760.0,207120.0,207120.0,205920.0,8.0,1649600.0,378
2023-05-09 21:07:38,sn2310,sn2310,205950.0,0.0,0.0,0.0,9,204840.0,205340.0,1,207760.0,207120.0,207120.0,205920.0,8.0,1649600.0,378
2023-05-09 21:07:38,sn2310,sn2310,205950.0,0.0,0.0,0.0,1,204880.0,205340.0,1,207760.0,207120.0,207120.0,205920.0,8.0,1649600.0,378
2023-05-09 21:07:39,sn2310,sn2310,205950.0,0.0,0.0,0.0,1,204890.0,205340.0,1,207760.0,207120.0,207120.0,205920.0,8.0,1649600.0,378
2023-05-09 21:07:39,sn2310,sn2310,205950.0,0.0,0.0,0.0,1,204920.0,205340.0,1,207760.0,207120.0,207120.0,205920.0,8.0,1649600.0,378
2023-05-09 21:07:40,sn2310,sn2310,205950.0,0.0,0.0,0.0,1,204920.0,205340.0,1,207760.0,207120.0,207120.0,205920.0,8.0,1649600.0,378
2023-05-09 21:07:40,sn2310,sn2310,205950.0,0.0,0.0,0.0,2,204920.0,205340.0,1,207760.0,207120.0,207120.0,205920.0,8.0,1649600.0,378
2023-05-09 21:07:41,sn2310,sn2310,205950.0,0.0,0.0,0.0,9,204930.0,205340.0,1,207760.0,207120.0,207120.0,205920.0,8.0,1649600.0,378
2023-05-09 21:07:41,sn2310,sn2310,205950.0,0.0,0.0,0.0,9,204930.0,205340.0,1,207760.0,207120.0,207120.0,205920.0,8.0,1649600.0,378
2023-05-09 21:07:42,sn2310,sn2310,205950.0,0.0,0.0,0.0,1,204960.0,205340.0,1,207760.0,207120.0,207120.0,205920.0,8.0,1649600.0,378
2023-05-09 21:07:42,sn2310,sn2310,205950.0,0.0,0.0,0.0,1,204960.0,205340.0,1,207760.0,207120.0,207120.0,205920.0,8.0,1649600.0,378
2023-05-09 21:07:43,sn2310,sn2310,205950.0,0.0,0.0,0.0,1,204960.0,205340.0,1,207760.0,207120.0,207120.0,205920.0,8.0,1649600.0,378
2023-05-09 21:07:43,sn2310,sn2310,205950.0,0.0,0.0,0.0,9,204970.0,205340.0,1,207760.0,207120.0,207120.0,205920.0,8.0,1649600.0,378
2023-05-09 21:07:44,sn2310,sn2310,205950.0,0.0,0.0,0.0,9,204970.0,205300.0,1,207760.0,207120.0,207120.0,205920.0,8.0,1649600.0,378
2023-05-09 21:07:44,sn2310,sn2310,205950.0,0.0,0.0,0.0,9,204970.0,205300.0,1,207760.0,207120.0,207120.0,205920.0,8.0,1649600.0,378
2023-05-09 21:07:45,sn2310,sn2310,205950.0,0.0,0.0,0.0,2,204480.0,205290.0,1,207760.0,207120.0,207120.0,205920.0,8.0,1649600.0,378
2023-05-09 21:07:45,sn2310,sn2310,205950.0,0.0,0.0,0.0,1,204980.0,205280.0,1,207760.0,207120.0,207120.0,205920.0,8.0,1649600.0,378
2023-05-09 21:07:46,sn2310,sn2310,205950.0,0.0,0.0,0.0,7,204500.0,205270.0,1,207760.0,207120.0,207120.0,205920.0,8.0,1649600.0,378
