time,symbol_id,symbol_name,last,trade_volume,trade_amount,open_interest_change,bv1,bp1,ap1,av1,yesterday_close,today_open,today_high,today_low,volume,amount,open_interest
2023-05-10 21:00:00,b2403,b2403,4016.0,0.0,0.0,0.0,1,3778.0,4254.0,1,4016.0,0.0,0.0,0.0,0.0,0.0,59
2023-05-10 21:00:03,b2403,b2403,4016.0,0.0,0.0,0.0,1,3778.0,4253.0,2,4016.0,0.0,0.0,0.0,0.0,0.0,59
2023-05-10 21:00:03,b2403,b2403,4016.0,0.0,0.0,0.0,1,3778.0,4253.0,8,4016.0,0.0,0.0,0.0,0.0,0.0,59
2023-05-10 21:00:04,b2403,b2403,4016.0,0.0,0.0,0.0,1,3778.0,4251.0,1,4016.0,0.0,0.0,0.0,0.0,0.0,59
2023-05-10 21:00:06,b2403,b2403,4016.0,0.0,0.0,0.0,1,3778.0,4250.0,1,4016.0,0.0,0.0,0.0,0.0,0.0,59
2023-05-10 21:00:06,b2403,b2403,4016.0,0.0,0.0,0.0,1,3778.0,4249.0,2,4016.0,0.0,0.0,0.0,0.0,0.0,59
2023-05-10 21:00:07,b2403,b2403,4016.0,0.0,0.0,0.0,1,3778.0,4248.0,1,4016.0,0.0,0.0,0.0,0.0,0.0,59
2023-05-10 21:00:10,b2403,b2403,4016.0,0.0,0.0,0.0,1,3834.0,4161.0,1,4016.0,0.0,0.0,0.0,0.0,0.0,59
2023-05-10 21:00:12,b2403,b2403,4016.0,0.0,0.0,0.0,1,3836.0,4159.0,1,4016.0,0.0,0.0,0.0,0.0,0.0,59
2023-05-10 21:00:13,b2403,b2403,4016.0,0.0,0.0,0.0,1,3836.0,4158.0,2,4016.0,0.0,0.0,0.0,0.0,0.0,59
2023-05-10 21:00:13,b2403,b2403,4016.0,0.0,0.0,0.0,1,3836.0,4158.0,5,4016.0,0.0,0.0,0.0,0.0,0.0,59
2023-05-10 21:00:14,b2403,b2403,4016.0,0.0,0.0,0.0,1,3836.0,4156.0,1,4016.0,0.0,0.0,0.0,0.0,0.0,59
2023-05-10 21:00:21,b2403,b2403,4016.0,0.0,0.0,0.0,1,3836.0,4155.0,3,4016.0,0.0,0.0,0.0,0.0,0.0,59
2023-05-10 21:00:22,b2403,b2403,4016.0,0.0,0.0,0.0,1,3836.0,4153.0,1,4016.0,0.0,0.0,0.0,0.0,0.0,59
2023-05-10 21:00:25,b2403,b2403,4016.0,0.0,0.0,0.0,1,3837.0,4152.0,1,4016.0,0.0,0.0,0.0,0.0,0.0,59
2023-05-10 21:00:25,b2403,b2403,4016.0,0.0,0.0,0.0,1,3839.0,4150.0,1,4016.0,0.0,0.0,0.0,0.0,0.0,59
2023-05-10 21:00:27,b2403,b2403,4016.0,0.0,0.0,0.0,2,3840.0,4150.0,1,4016.0,0.0,0.0,0.0,0.0,0.0,59
2023-05-10 21:00:28,b2403,b2403,4016.0,0.0,0.0,0.0,1,3842.0,4149.0,7,4016.0,0.0,0.0,0.0,0.0,0.0,59
2023-05-10 21:00:28,b2403,b2403,4016.0,0.0,0.0,0.0,1,3842.0,4147.0,1,4016.0,0.0,0.0,0.0,0.0,0.0,59
2023-05-10 21:00:32,b2403,b2403,4016.0,0.0,0.0,0.0,1,3842.0,4146.0,7,4016.0,0.0,0.0,0.0,0.0,0.0,59
2023-05-10 21:00:32,b2403,b2403,4016.0,0.0,0.0,0.0,1,3842.0,4144.0,1,4016.0,0.0,0.0,0.0,0.0,0.0,59
2023-05-10 21:00:33,b2403,b2403,4016.0,0.0,0.0,0.0,1,3842.0,4144.0,2,4016.0,0.0,0.0,0.0,0.0,0.0,59
2023-05-10 21:00:33,b2403,b2403,4016.0,0.0,0.0,0.0,1,3843.0,4144.0,2,4016.0,0.0,0.0,0.0,0.0,0.0,59
2023-05-10 21:00:34,b2403,b2403,4016.0,0.0,0.0,0.0,1,3845.0,4144.0,2,4016.0,0.0,0.0,0.0,0.0,0.0,59
2023-05-10 21:00:36,b2403,b2403,4016.0,0.0,0.0,0.0,2,3846.0,4144.0,2,4016.0,0.0,0.0,0.0,0.0,0.0,59
2023-05-10 21:00:36,b2403,b2403,4016.0,0.0,0.0,0.0,1,3848.0,4143.0,7,4016.0,0.0,0.0,0.0,0.0,0.0,59
2023-05-10 21:00:37,b2403,b2403,4016.0,0.0,0.0,0.0,1,3848.0,4141.0,1,4016.0,0.0,0.0,0.0,0.0,0.0,59
2023-05-10 21:00:39,b2403,b2403,4016.0,0.0,0.0,0.0,1,3848.0,4140.0,7,4016.0,0.0,0.0,0.0,0.0,0.0,59
2023-05-10 21:00:40,b2403,b2403,4016.0,0.0,0.0,0.0,1,3848.0,4138.0,1,4016.0,0.0,0.0,0.0,0.0,0.0,59
2023-05-10 21:00:42,b2403,b2403,4016.0,0.0,0.0,0.0,1,3849.0,4138.0,1,4016.0,0.0,0.0,0.0,0.0,0.0,59
2023-05-10 21:00:43,b2403,b2403,4016.0,0.0,0.0,0.0,1,3851.0,4138.0,1,4016.0,0.0,0.0,0.0,0.0,0.0,59
2023-05-10 21:00:43,b2403,b2403,4016.0,0.0,0.0,0.0,2,3851.0,4138.0,1,4016.0,0.0,0.0,0.0,0.0,0.0,59
2023-05-10 21:00:45,b2403,b2403,4016.0,0.0,0.0,0.0,2,3851.0,4137.0,1,4016.0,0.0,0.0,0.0,0.0,0.0,59
2023-05-10 21:00:45,b2403,b2403,4016.0,0.0,0.0,0.0,2,3851.0,4135.0,1,4016.0,0.0,0.0,0.0,0.0,0.0,59
2023-05-10 21:00:46,b2403,b2403,4016.0,0.0,0.0,0.0,2,3851.0,4134.0,4,4016.0,0.0,0.0,0.0,0.0,0.0,59
2023-05-10 21:00:46,b2403,b2403,4016.0,0.0,0.0,0.0,2,3851.0,4132.0,1,4016.0,0.0,0.0,0.0,0.0,0.0,59
2023-05-10 21:00:51,b2403,b2403,4016.0,0.0,0.0,0.0,2,3851.0,4131.0,1,4016.0,0.0,0.0,0.0,0.0,0.0,59
2023-05-10 21:00:51,b2403,b2403,4016.0,0.0,0.0,0.0,2,3851.0,4129.0,1,4016.0,0.0,0.0,0.0,0.0,0.0,59
2023-05-10 21:00:58,b2403,b2403,4016.0,0.0,0.0,0.0,2,3851.0,4128.0,1,4016.0,0.0,0.0,0.0,0.0,0.0,59
2023-05-10 21:00:58,b2403,b2403,4016.0,0.0,0.0,0.0,2,3851.0,4126.0,1,4016.0,0.0,0.0,0.0,0.0,0.0,59
2023-05-10 21:01:01,b2403,b2403,4016.0,0.0,0.0,0.0,2,3851.0,4125.0,1,4016.0,0.0,0.0,0.0,0.0,0.0,59
2023-05-10 21:01:01,b2403,b2403,4016.0,0.0,0.0,0.0,2,3851.0,4123.0,1,4016.0,0.0,0.0,0.0,0.0,0.0,59
2023-05-10 21:01:02,b2403,b2403,4016.0,0.0,0.0,0.0,2,3852.0,4123.0,1,4016.0,0.0,0.0,0.0,0.0,0.0,59
2023-05-10 21:01:02,b2403,b2403,4016.0,0.0,0.0,0.0,1,3854.0,4122.0,4,4016.0,0.0,0.0,0.0,0.0,0.0,59
2023-05-10 21:01:03,b2403,b2403,4016.0,0.0,0.0,0.0,1,3854.0,4120.0,1,4016.0,0.0,0.0,0.0,0.0,0.0,59
2023-05-10 21:01:04,b2403,b2403,4016.0,0.0,0.0,0.0,1,3854.0,4119.0,1,4016.0,0.0,0.0,0.0,0.0,0.0,59
2023-05-10 21:01:04,b2403,b2403,4016.0,0.0,0.0,0.0,1,3854.0,4117.0,1,4016.0,0.0,0.0,0.0,0.0,0.0,59
2023-05-10 21:01:06,b2403,b2403,4016.0,0.0,0.0,0.0,1,3854.0,4116.0,4,4016.0,0.0,0.0,0.0,0.0,0.0,59
2023-05-10 21:01:07,b2403,b2403,4016.0,0.0,0.0,0.0,1,3854.0,4114.0,1,4016.0,0.0,0.0,0.0,0.0,0.0,59
2023-05-10 21:01:08,b2403,b2403,4016.0,0.0,0.0,0.0,3,3855.0,4114.0,1,4016.0,0.0,0.0,0.0,0.0,0.0,59
2023-05-10 21:01:09,b2403,b2403,4016.0,0.0,0.0,0.0,1,3857.0,4113.0,2,4016.0,0.0,0.0,0.0,0.0,0.0,59
2023-05-10 21:01:15,b2403,b2403,4016.0,0.0,0.0,0.0,1,3857.0,4112.0,3,4016.0,0.0,0.0,0.0,0.0,0.0,59
2023-05-10 21:01:15,b2403,b2403,4016.0,0.0,0.0,0.0,1,3857.0,4112.0,4,4016.0,0.0,0.0,0.0,0.0,0.0,59
2023-05-10 21:01:16,b2403,b2403,4016.0,0.0,0.0,0.0,1,3857.0,4111.0,2,4016.0,0.0,0.0,0.0,0.0,0.0,59
2023-05-10 21:01:21,b2403,b2403,4016.0,0.0,0.0,0.0,1,3857.0,4110.0,3,4016.0,0.0,0.0,0.0,0.0,0.0,59
2023-05-10 21:01:25,b2403,b2403,4016.0,0.0,0.0,0.0,2,3858.0,4110.0,3,4016.0,0.0,0.0,0.0,0.0,0.0,59
2023-05-10 21:01:25,b2403,b2403,4016.0,0.0,0.0,0.0,1,3860.0,4109.0,2,4016.0,0.0,0.0,0.0,0.0,0.0,59
2023-05-10 21:01:27,b2403,b2403,4016.0,0.0,0.0,0.0,1,3860.0,4108.0,3,4016.0,0.0,0.0,0.0,0.0,0.0,59
2023-05-10 21:01:31,b2403,b2403,4016.0,0.0,0.0,0.0,1,3861.0,4108.0,3,4016.0,0.0,0.0,0.0,0.0,0.0,59
2023-05-10 21:01:32,b2403,b2403,4016.0,0.0,0.0,0.0,1,3863.0,4108.0,3,4016.0,0.0,0.0,0.0,0.0,0.0,59
2023-05-10 21:01:33,b2403,b2403,4016.0,0.0,0.0,0.0,1,3863.0,4107.0,2,4016.0,0.0,0.0,0.0,0.0,0.0,59
2023-05-10 21:01:39,b2403,b2403,4016.0,0.0,0.0,0.0,1,3863.0,4106.0,1,4016.0,0.0,0.0,0.0,0.0,0.0,59
2023-05-10 21:01:45,b2403,b2403,4016.0,0.0,0.0,0.0,1,3863.0,4105.0,4,4016.0,0.0,0.0,0.0,0.0,0.0,59
2023-05-10 21:01:50,b2403,b2403,4016.0,0.0,0.0,0.0,1,3863.0,4104.0,2,4016.0,0.0,0.0,0.0,0.0,0.0,59
2023-05-10 21:01:51,b2403,b2403,4016.0,0.0,0.0,0.0,1,3863.0,4103.0,1,4016.0,0.0,0.0,0.0,0.0,0.0,59
2023-05-10 21:02:18,b2403,b2403,4016.0,0.0,0.0,0.0,1,3868.0,4103.0,1,4016.0,0.0,0.0,0.0,0.0,0.0,59
2023-05-10 21:02:19,b2403,b2403,4016.0,0.0,0.0,0.0,1,3870.0,4103.0,1,4016.0,0.0,0.0,0.0,0.0,0.0,59
2023-05-10 21:02:34,b2403,b2403,4016.0,0.0,0.0,0.0,1,3870.0,4102.0,2,4016.0,0.0,0.0,0.0,0.0,0.0,59
2023-05-10 21:02:38,b2403,b2403,4016.0,0.0,0.0,0.0,1,3870.0,4101.0,1,4016.0,0.0,0.0,0.0,0.0,0.0,59
2023-05-10 21:02:39,b2403,b2403,4016.0,0.0,0.0,0.0,2,3871.0,4101.0,1,4016.0,0.0,0.0,0.0,0.0,0.0,59
2023-05-10 21:02:40,b2403,b2403,4016.0,0.0,0.0,0.0,1,3873.0,4101.0,1,4016.0,0.0,0.0,0.0,0.0,0.0,59
2023-05-10 21:02:43,b2403,b2403,4016.0,0.0,0.0,0.0,1,3873.0,4100.0,4,4016.0,0.0,0.0,0.0,0.0,0.0,59
2023-05-10 21:02:46,b2403,b2403,4016.0,0.0,0.0,0.0,1,3888.0,4100.0,4,4016.0,0.0,0.0,0.0,0.0,0.0,59
2023-05-10 21:02:47,b2403,b2403,4016.0,0.0,0.0,0.0,1,3890.0,4100.0,4,4016.0,0.0,0.0,0.0,0.0,0.0,59
2023-05-10 21:02:50,b2403,b2403,4016.0,0.0,0.0,0.0,1,3890.0,4099.0,1,4016.0,0.0,0.0,0.0,0.0,0.0,59
2023-05-10 21:02:56,b2403,b2403,4016.0,0.0,0.0,0.0,1,3890.0,4098.0,2,4016.0,0.0,0.0,0.0,0.0,0.0,59
2023-05-10 21:03:00,b2403,b2403,4016.0,0.0,0.0,0.0,1,3890.0,4097.0,2,4016.0,0.0,0.0,0.0,0.0,0.0,59
2023-05-10 21:03:01,b2403,b2403,4016.0,0.0,0.0,0.0,1,3890.0,4096.0,5,4016.0,0.0,0.0,0.0,0.0,0.0,59
2023-05-10 21:03:02,b2403,b2403,4016.0,0.0,0.0,0.0,1,3890.0,4096.0,6,4016.0,0.0,0.0,0.0,0.0,0.0,59
2023-05-10 21:03:02,b2403,b2403,4016.0,0.0,0.0,0.0,2,3890.0,4096.0,6,4016.0,0.0,0.0,0.0,0.0,0.0,59
2023-05-10 21:03:03,b2403,b2403,4016.0,0.0,0.0,0.0,2,3890.0,4092.0,2,4016.0,0.0,0.0,0.0,0.0,0.0,59
2023-05-10 21:03:08,b2403,b2403,4016.0,0.0,0.0,0.0,2,3890.0,4091.0,5,4016.0,0.0,0.0,0.0,0.0,0.0,59
2023-05-10 21:03:09,b2403,b2403,4016.0,0.0,0.0,0.0,2,3890.0,4075.0,2,4016.0,0.0,0.0,0.0,0.0,0.0,59
2023-05-10 21:03:10,b2403,b2403,4016.0,0.0,0.0,0.0,2,3890.0,4075.0,3,4016.0,0.0,0.0,0.0,0.0,0.0,59
2023-05-10 21:03:13,b2403,b2403,4016.0,0.0,0.0,0.0,2,3890.0,4074.0,5,4016.0,0.0,0.0,0.0,0.0,0.0,59
2023-05-10 21:03:15,b2403,b2403,4016.0,0.0,0.0,0.0,2,3890.0,4035.0,1,4016.0,0.0,0.0,0.0,0.0,0.0,59
2023-05-10 21:03:16,b2403,b2403,4016.0,0.0,0.0,0.0,2,3890.0,4035.0,2,4016.0,0.0,0.0,0.0,0.0,0.0,59
2023-05-10 21:03:18,b2403,b2403,4016.0,0.0,0.0,0.0,2,3890.0,4035.0,1,4016.0,0.0,0.0,0.0,0.0,0.0,59
2023-05-10 21:03:20,b2403,b2403,4016.0,0.0,0.0,0.0,2,3890.0,4034.0,2,4016.0,0.0,0.0,0.0,0.0,0.0,59
2023-05-10 21:04:02,b2403,b2403,4016.0,0.0,0.0,0.0,2,3890.0,4033.0,2,4016.0,0.0,0.0,0.0,0.0,0.0,59
2023-05-10 21:07:48,b2403,b2403,4016.0,0.0,0.0,0.0,1,3890.0,4033.0,2,4016.0,0.0,0.0,0.0,0.0,0.0,59
2023-05-10 21:07:48,b2403,b2403,4016.0,0.0,0.0,0.0,2,3890.0,4033.0,2,4016.0,0.0,0.0,0.0,0.0,0.0,59
2023-05-10 21:09:00,b2403,b2403,4016.0,0.0,0.0,0.0,2,3890.0,4035.0,1,4016.0,0.0,0.0,0.0,0.0,0.0,59
2023-05-10 21:09:00,b2403,b2403,4016.0,0.0,0.0,0.0,2,3890.0,4065.0,1,4016.0,0.0,0.0,0.0,0.0,0.0,59
2023-05-10 21:09:01,b2403,b2403,4016.0,0.0,0.0,0.0,2,3890.0,4064.0,1,4016.0,0.0,0.0,0.0,0.0,0.0,59
2023-05-10 21:09:15,b2403,b2403,4016.0,0.0,0.0,0.0,2,3890.0,4063.0,2,4016.0,0.0,0.0,0.0,0.0,0.0,59
2023-05-10 21:09:17,b2403,b2403,4016.0,0.0,0.0,0.0,2,3890.0,4062.0,4,4016.0,0.0,0.0,0.0,0.0,0.0,59
2023-05-10 21:09:18,b2403,b2403,4016.0,0.0,0.0,0.0,2,3890.0,4061.0,1,4016.0,0.0,0.0,0.0,0.0,0.0,59
2023-05-10 21:09:20,b2403,b2403,4016.0,0.0,0.0,0.0,2,3890.0,4060.0,4,4016.0,0.0,0.0,0.0,0.0,0.0,59
2023-05-10 21:09:26,b2403,b2403,4016.0,0.0,0.0,0.0,2,3890.0,4059.0,1,4016.0,0.0,0.0,0.0,0.0,0.0,59
2023-05-10 21:09:59,b2403,b2403,4016.0,0.0,0.0,0.0,2,3890.0,4058.0,2,4016.0,0.0,0.0,0.0,0.0,0.0,59
2023-05-10 21:10:00,b2403,b2403,4016.0,0.0,0.0,0.0,2,3890.0,4057.0,3,4016.0,0.0,0.0,0.0,0.0,0.0,59
2023-05-10 21:10:43,b2403,b2403,4016.0,0.0,0.0,0.0,2,3890.0,4056.0,2,4016.0,0.0,0.0,0.0,0.0,0.0,59
2023-05-10 21:10:45,b2403,b2403,4016.0,0.0,0.0,0.0,2,3890.0,4055.0,3,4016.0,0.0,0.0,0.0,0.0,0.0,59
2023-05-10 21:11:27,b2403,b2403,4016.0,0.0,0.0,0.0,2,3890.0,4054.0,2,4016.0,0.0,0.0,0.0,0.0,0.0,59
2023-05-10 21:11:27,b2403,b2403,4016.0,0.0,0.0,0.0,2,3891.0,4054.0,2,4016.0,0.0,0.0,0.0,0.0,0.0,59
2023-05-10 21:11:28,b2403,b2403,4016.0,0.0,0.0,0.0,1,3893.0,4053.0,2,4016.0,0.0,0.0,0.0,0.0,0.0,59
2023-05-10 21:11:30,b2403,b2403,4016.0,0.0,0.0,0.0,1,3893.0,4052.0,1,4016.0,0.0,0.0,0.0,0.0,0.0,59
2023-05-10 21:11:36,b2403,b2403,4016.0,0.0,0.0,0.0,1,3893.0,4051.0,2,4016.0,0.0,0.0,0.0,0.0,0.0,59
2023-05-10 21:11:49,b2403,b2403,4016.0,0.0,0.0,0.0,1,3893.0,4050.0,1,4016.0,0.0,0.0,0.0,0.0,0.0,59
2023-05-10 21:11:55,b2403,b2403,4016.0,0.0,0.0,0.0,1,3893.0,4049.0,2,4016.0,0.0,0.0,0.0,0.0,0.0,59
2023-05-10 21:11:55,b2403,b2403,4016.0,0.0,0.0,0.0,1,3893.0,4049.0,3,4016.0,0.0,0.0,0.0,0.0,0.0,59
2023-05-10 21:12:01,b2403,b2403,4016.0,0.0,0.0,0.0,1,3893.0,4049.0,4,4016.0,0.0,0.0,0.0,0.0,0.0,59
2023-05-10 21:12:12,b2403,b2403,4016.0,0.0,0.0,0.0,1,3893.0,4048.0,2,4016.0,0.0,0.0,0.0,0.0,0.0,59
2023-05-10 21:12:14,b2403,b2403,4016.0,0.0,0.0,0.0,1,3893.0,4047.0,2,4016.0,0.0,0.0,0.0,0.0,0.0,59
2023-05-10 21:12:56,b2403,b2403,4016.0,0.0,0.0,0.0,1,3893.0,4046.0,2,4016.0,0.0,0.0,0.0,0.0,0.0,59
2023-05-10 21:12:57,b2403,b2403,4016.0,0.0,0.0,0.0,1,3893.0,4045.0,2,4016.0,0.0,0.0,0.0,0.0,0.0,59
2023-05-10 21:13:38,b2403,b2403,4016.0,0.0,0.0,0.0,1,3893.0,4044.0,2,4016.0,0.0,0.0,0.0,0.0,0.0,59
2023-05-10 21:13:38,b2403,b2403,4016.0,0.0,0.0,0.0,1,3893.0,4043.0,2,4016.0,0.0,0.0,0.0,0.0,0.0,59
2023-05-10 21:14:18,b2403,b2403,4016.0,0.0,0.0,0.0,1,3893.0,4042.0,1,4016.0,0.0,0.0,0.0,0.0,0.0,59
2023-05-10 21:14:20,b2403,b2403,4016.0,0.0,0.0,0.0,1,3893.0,4042.0,3,4016.0,0.0,0.0,0.0,0.0,0.0,59
2023-05-10 21:14:21,b2403,b2403,4016.0,0.0,0.0,0.0,1,3893.0,4041.0,2,4016.0,0.0,0.0,0.0,0.0,0.0,59
2023-05-10 21:14:22,b2403,b2403,4016.0,0.0,0.0,0.0,1,3894.0,4040.0,1,4016.0,0.0,0.0,0.0,0.0,0.0,59
2023-05-10 21:14:23,b2403,b2403,4016.0,0.0,0.0,0.0,1,3896.0,4039.0,1,4016.0,0.0,0.0,0.0,0.0,0.0,59
2023-05-10 21:14:29,b2403,b2403,4016.0,0.0,0.0,0.0,1,3896.0,4038.0,2,4016.0,0.0,0.0,0.0,0.0,0.0,59
2023-05-10 21:14:29,b2403,b2403,4016.0,0.0,0.0,0.0,1,3897.0,4038.0,3,4016.0,0.0,0.0,0.0,0.0,0.0,59
2023-05-10 21:14:30,b2403,b2403,4016.0,0.0,0.0,0.0,1,3899.0,4038.0,3,4016.0,0.0,0.0,0.0,0.0,0.0,59
2023-05-10 21:14:41,b2403,b2403,4016.0,0.0,0.0,0.0,1,3899.0,4037.0,1,4016.0,0.0,0.0,0.0,0.0,0.0,59
2023-05-10 21:14:42,b2403,b2403,4016.0,0.0,0.0,0.0,2,3899.0,4037.0,1,4016.0,0.0,0.0,0.0,0.0,0.0,59
2023-05-10 21:14:42,b2403,b2403,4016.0,0.0,0.0,0.0,2,3899.0,4036.0,1,4016.0,0.0,0.0,0.0,0.0,0.0,59
2023-05-10 21:14:47,b2403,b2403,4016.0,0.0,0.0,0.0,2,3899.0,4035.0,3,4016.0,0.0,0.0,0.0,0.0,0.0,59
2023-05-10 21:14:50,b2403,b2403,4016.0,0.0,0.0,0.0,2,3899.0,4034.0,1,4016.0,0.0,0.0,0.0,0.0,0.0,59
2023-05-10 21:14:56,b2403,b2403,4016.0,0.0,0.0,0.0,1,3899.0,4033.0,3,4016.0,0.0,0.0,0.0,0.0,0.0,59
2023-05-10 21:14:56,b2403,b2403,4016.0,0.0,0.0,0.0,1,3899.0,4033.0,4,4016.0,0.0,0.0,0.0,0.0,0.0,59
2023-05-10 21:14:57,b2403,b2403,4016.0,0.0,0.0,0.0,1,3899.0,4032.0,1,4016.0,0.0,0.0,0.0,0.0,0.0,59
2023-05-10 21:15:00,b2403,b2403,4016.0,0.0,0.0,0.0,1,3899.0,4031.0,3,4016.0,0.0,0.0,0.0,0.0,0.0,59
2023-05-10 21:15:06,b2403,b2403,4016.0,0.0,0.0,0.0,1,3899.0,4030.0,2,4016.0,0.0,0.0,0.0,0.0,0.0,59
2023-05-10 21:15:51,b2403,b2403,4016.0,0.0,0.0,0.0,2,3900.0,4030.0,4,4016.0,0.0,0.0,0.0,0.0,0.0,59
2023-05-10 21:15:51,b2403,b2403,4016.0,0.0,0.0,0.0,1,3902.0,4030.0,5,4016.0,0.0,0.0,0.0,0.0,0.0,59
2023-05-10 21:15:52,b2403,b2403,4016.0,0.0,0.0,0.0,1,3902.0,4029.0,1,4016.0,0.0,0.0,0.0,0.0,0.0,59
2023-05-10 21:15:59,b2403,b2403,4016.0,0.0,0.0,0.0,1,3902.0,4029.0,4,4016.0,0.0,0.0,0.0,0.0,0.0,59
2023-05-10 21:16:34,b2403,b2403,4016.0,0.0,0.0,0.0,1,3902.0,4028.0,2,4016.0,0.0,0.0,0.0,0.0,0.0,59
2023-05-10 21:16:35,b2403,b2403,4016.0,0.0,0.0,0.0,2,3903.0,4028.0,2,4016.0,0.0,0.0,0.0,0.0,0.0,59
2023-05-10 21:16:35,b2403,b2403,4016.0,0.0,0.0,0.0,1,3905.0,4028.0,4,4016.0,0.0,0.0,0.0,0.0,0.0,59
2023-05-10 21:16:36,b2403,b2403,4016.0,0.0,0.0,0.0,2,3905.0,4028.0,5,4016.0,0.0,0.0,0.0,0.0,0.0,59
2023-05-10 21:16:39,b2403,b2403,4016.0,0.0,0.0,0.0,2,3906.0,4028.0,6,4016.0,0.0,0.0,0.0,0.0,0.0,59
2023-05-10 21:16:39,b2403,b2403,4016.0,0.0,0.0,0.0,2,3906.0,4028.0,3,4016.0,0.0,0.0,0.0,0.0,0.0,59
2023-05-10 21:16:40,b2403,b2403,4016.0,0.0,0.0,0.0,2,3906.0,4027.0,3,4016.0,0.0,0.0,0.0,0.0,0.0,59
2023-05-10 21:16:47,b2403,b2403,4016.0,0.0,0.0,0.0,2,3906.0,4027.0,4,4016.0,0.0,0.0,0.0,0.0,0.0,59
2023-05-10 21:16:52,b2403,b2403,4016.0,0.0,0.0,0.0,1,3907.0,4027.0,4,4016.0,0.0,0.0,0.0,0.0,0.0,59
2023-05-10 21:17:26,b2403,b2403,4016.0,0.0,0.0,0.0,2,3908.0,4027.0,1,4016.0,0.0,0.0,0.0,0.0,0.0,59
2023-05-10 21:17:32,b2403,b2403,4016.0,0.0,0.0,0.0,2,3908.0,4033.0,1,4016.0,0.0,0.0,0.0,0.0,0.0,59
2023-05-10 21:18:02,b2403,b2403,4016.0,0.0,0.0,0.0,2,3908.0,4032.0,2,4016.0,0.0,0.0,0.0,0.0,0.0,59
2023-05-10 21:18:06,b2403,b2403,4016.0,0.0,0.0,0.0,2,3908.0,4031.0,4,4016.0,0.0,0.0,0.0,0.0,0.0,59
2023-05-10 21:19:31,b2403,b2403,4016.0,0.0,0.0,0.0,2,3908.0,4030.0,2,4016.0,0.0,0.0,0.0,0.0,0.0,59
2023-05-10 21:19:37,b2403,b2403,4016.0,0.0,0.0,0.0,2,3908.0,4029.0,4,4016.0,0.0,0.0,0.0,0.0,0.0,59
2023-05-10 21:19:46,b2403,b2403,4016.0,0.0,0.0,0.0,1,3915.0,4029.0,4,4016.0,0.0,0.0,0.0,0.0,0.0,59
2023-05-10 21:20:19,b2403,b2403,4016.0,0.0,0.0,0.0,1,3915.0,4028.0,2,4016.0,0.0,0.0,0.0,0.0,0.0,59
2023-05-10 21:20:25,b2403,b2403,4016.0,0.0,0.0,0.0,1,3915.0,4027.0,1,4016.0,0.0,0.0,0.0,0.0,0.0,59
2023-05-10 21:20:26,b2403,b2403,4016.0,0.0,0.0,0.0,1,3915.0,4026.0,2,4016.0,0.0,0.0,0.0,0.0,0.0,59
2023-05-10 21:20:32,b2403,b2403,4016.0,0.0,0.0,0.0,1,3915.0,4026.0,4,4016.0,0.0,0.0,0.0,0.0,0.0,59
2023-05-10 21:20:50,b2403,b2403,4016.0,0.0,0.0,0.0,1,3915.0,4026.0,2,4016.0,0.0,0.0,0.0,0.0,0.0,59
2023-05-10 21:20:50,b2403,b2403,4016.0,0.0,0.0,0.0,1,3915.0,4028.0,2,4016.0,0.0,0.0,0.0,0.0,0.0,59
2023-05-10 21:21:11,b2403,b2403,4016.0,0.0,0.0,0.0,1,3915.0,4028.0,4,4016.0,0.0,0.0,0.0,0.0,0.0,59
2023-05-10 21:21:20,b2403,b2403,4016.0,0.0,0.0,0.0,1,3915.0,4028.0,6,4016.0,0.0,0.0,0.0,0.0,0.0,59
2023-05-10 21:21:50,b2403,b2403,4016.0,0.0,0.0,0.0,1,3915.0,4028.0,2,4016.0,0.0,0.0,0.0,0.0,0.0,59
2023-05-10 21:21:51,b2403,b2403,4016.0,0.0,0.0,0.0,1,3915.0,4027.0,4,4016.0,0.0,0.0,0.0,0.0,0.0,59
2023-05-10 21:22:33,b2403,b2403,4016.0,0.0,0.0,0.0,1,3915.0,4026.0,2,4016.0,0.0,0.0,0.0,0.0,0.0,59
2023-05-10 21:22:36,b2403,b2403,4016.0,0.0,0.0,0.0,3,3915.0,4026.0,2,4016.0,0.0,0.0,0.0,0.0,0.0,59
2023-05-10 21:22:36,b2403,b2403,4016.0,0.0,0.0,0.0,3,3915.0,4025.0,2,4016.0,0.0,0.0,0.0,0.0,0.0,59
2023-05-10 21:23:20,b2403,b2403,4016.0,0.0,0.0,0.0,3,3915.0,4024.0,2,4016.0,0.0,0.0,0.0,0.0,0.0,59
2023-05-10 21:23:23,b2403,b2403,4016.0,0.0,0.0,0.0,3,3915.0,4023.0,2,4016.0,0.0,0.0,0.0,0.0,0.0,59
2023-05-10 21:23:31,b2403,b2403,4016.0,0.0,0.0,0.0,1,3915.0,4023.0,2,4016.0,0.0,0.0,0.0,0.0,0.0,59
2023-05-10 21:23:38,b2403,b2403,4016.0,0.0,0.0,0.0,3,3915.0,4023.0,2,4016.0,0.0,0.0,0.0,0.0,0.0,59
2023-05-10 21:24:05,b2403,b2403,4016.0,0.0,0.0,0.0,3,3915.0,4022.0,2,4016.0,0.0,0.0,0.0,0.0,0.0,59
2023-05-10 21:25:41,b2403,b2403,4016.0,0.0,0.0,0.0,3,3915.0,4022.0,4,4016.0,0.0,0.0,0.0,0.0,0.0,59
2023-05-10 21:26:23,b2403,b2403,4016.0,0.0,0.0,0.0,1,3915.0,4022.0,6,4016.0,0.0,0.0,0.0,0.0,0.0,59
2023-05-10 21:26:24,b2403,b2403,4016.0,0.0,0.0,0.0,2,3916.0,4022.0,6,4016.0,0.0,0.0,0.0,0.0,0.0,59
2023-05-10 21:27:19,b2403,b2403,4016.0,0.0,0.0,0.0,1,3915.0,4022.0,6,4016.0,0.0,0.0,0.0,0.0,0.0,59
2023-05-10 21:27:43,b2403,b2403,4016.0,0.0,0.0,0.0,1,3915.0,4022.0,2,4016.0,0.0,0.0,0.0,0.0,0.0,59
2023-05-10 21:27:57,b2403,b2403,4016.0,0.0,0.0,0.0,1,3915.0,4021.0,2,4016.0,0.0,0.0,0.0,0.0,0.0,59
2023-05-10 21:28:04,b2403,b2403,4016.0,0.0,0.0,0.0,1,3915.0,4022.0,2,4016.0,0.0,0.0,0.0,0.0,0.0,59
2023-05-10 21:29:02,b2403,b2403,4016.0,0.0,0.0,0.0,1,3915.0,4033.0,1,4016.0,0.0,0.0,0.0,0.0,0.0,59
2023-05-10 21:29:03,b2403,b2403,4016.0,0.0,0.0,0.0,1,3915.0,4084.0,2,4016.0,0.0,0.0,0.0,0.0,0.0,59
2023-05-10 21:29:04,b2403,b2403,4016.0,0.0,0.0,0.0,1,3915.0,4083.0,2,4016.0,0.0,0.0,0.0,0.0,0.0,59
2023-05-10 21:29:04,b2403,b2403,4016.0,0.0,0.0,0.0,1,3915.0,4082.0,1,4016.0,0.0,0.0,0.0,0.0,0.0,59
2023-05-10 21:29:05,b2403,b2403,4016.0,0.0,0.0,0.0,1,3915.0,4081.0,2,4016.0,0.0,0.0,0.0,0.0,0.0,59
2023-05-10 21:29:05,b2403,b2403,4016.0,0.0,0.0,0.0,1,3915.0,4077.0,2,4016.0,0.0,0.0,0.0,0.0,0.0,59
2023-05-10 21:29:11,b2403,b2403,4016.0,0.0,0.0,0.0,1,3915.0,4076.0,1,4016.0,0.0,0.0,0.0,0.0,0.0,59
2023-05-10 21:29:11,b2403,b2403,4016.0,0.0,0.0,0.0,1,3915.0,4075.0,1,4016.0,0.0,0.0,0.0,0.0,0.0,59
2023-05-10 21:29:12,b2403,b2403,4016.0,0.0,0.0,0.0,1,3915.0,4059.0,2,4016.0,0.0,0.0,0.0,0.0,0.0,59
2023-05-10 21:29:12,b2403,b2403,4016.0,0.0,0.0,0.0,1,3915.0,4059.0,3,4016.0,0.0,0.0,0.0,0.0,0.0,59
2023-05-10 21:29:13,b2403,b2403,4016.0,0.0,0.0,0.0,1,3915.0,4058.0,1,4016.0,0.0,0.0,0.0,0.0,0.0,59
2023-05-10 21:29:14,b2403,b2403,4016.0,0.0,0.0,0.0,1,3915.0,4057.0,1,4016.0,0.0,0.0,0.0,0.0,0.0,59
2023-05-10 21:29:14,b2403,b2403,4016.0,0.0,0.0,0.0,1,3915.0,4054.0,1,4016.0,0.0,0.0,0.0,0.0,0.0,59
2023-05-10 21:29:17,b2403,b2403,4016.0,0.0,0.0,0.0,1,3915.0,4053.0,2,4016.0,0.0,0.0,0.0,0.0,0.0,59
2023-05-10 21:29:23,b2403,b2403,4016.0,0.0,0.0,0.0,1,3915.0,4052.0,2,4016.0,0.0,0.0,0.0,0.0,0.0,59
2023-05-10 21:29:35,b2403,b2403,4016.0,0.0,0.0,0.0,1,3915.0,4051.0,1,4016.0,0.0,0.0,0.0,0.0,0.0,59
2023-05-10 21:29:36,b2403,b2403,4016.0,0.0,0.0,0.0,1,3915.0,4051.0,2,4016.0,0.0,0.0,0.0,0.0,0.0,59
2023-05-10 21:29:39,b2403,b2403,4016.0,0.0,0.0,0.0,1,3915.0,4050.0,2,4016.0,0.0,0.0,0.0,0.0,0.0,59
2023-05-10 21:29:40,b2403,b2403,4016.0,0.0,0.0,0.0,1,3915.0,4049.0,1,4016.0,0.0,0.0,0.0,0.0,0.0,59
2023-05-10 21:29:46,b2403,b2403,4016.0,0.0,0.0,0.0,1,3915.0,4048.0,4,4016.0,0.0,0.0,0.0,0.0,0.0,59
2023-05-10 21:29:46,b2403,b2403,4016.0,0.0,0.0,0.0,1,3915.0,4047.0,1,4016.0,0.0,0.0,0.0,0.0,0.0,59
2023-05-10 21:29:57,b2403,b2403,4016.0,0.0,0.0,0.0,1,3915.0,4046.0,2,4016.0,0.0,0.0,0.0,0.0,0.0,59
2023-05-10 21:29:58,b2403,b2403,4016.0,0.0,0.0,0.0,1,3915.0,4045.0,4,4016.0,0.0,0.0,0.0,0.0,0.0,59
2023-05-10 21:29:59,b2403,b2403,4016.0,0.0,0.0,0.0,1,3915.0,4044.0,1,4016.0,0.0,0.0,0.0,0.0,0.0,59
2023-05-10 21:30:03,b2403,b2403,4016.0,0.0,0.0,0.0,1,3915.0,4043.0,1,4016.0,0.0,0.0,0.0,0.0,0.0,59
2023-05-10 21:30:04,b2403,b2403,4016.0,0.0,0.0,0.0,1,3915.0,4043.0,2,4016.0,0.0,0.0,0.0,0.0,0.0,59
2023-05-10 21:30:05,b2403,b2403,4016.0,0.0,0.0,0.0,1,3915.0,4042.0,1,4016.0,0.0,0.0,0.0,0.0,0.0,59
2023-05-10 21:30:06,b2403,b2403,4016.0,0.0,0.0,0.0,1,3915.0,4041.0,3,4016.0,0.0,0.0,0.0,0.0,0.0,59
2023-05-10 21:30:07,b2403,b2403,4016.0,0.0,0.0,0.0,3,3915.0,4041.0,3,4016.0,0.0,0.0,0.0,0.0,0.0,59
2023-05-10 21:30:13,b2403,b2403,4016.0,0.0,0.0,0.0,3,3915.0,4040.0,1,4016.0,0.0,0.0,0.0,0.0,0.0,59
2023-05-10 21:30:15,b2403,b2403,4016.0,0.0,0.0,0.0,1,3915.0,4040.0,1,4016.0,0.0,0.0,0.0,0.0,0.0,59
2023-05-10 21:30:15,b2403,b2403,4016.0,0.0,0.0,0.0,1,3915.0,4039.0,1,4016.0,0.0,0.0,0.0,0.0,0.0,59
2023-05-10 21:30:17,b2403,b2403,4016.0,0.0,0.0,0.0,1,3915.0,4038.0,1,4016.0,0.0,0.0,0.0,0.0,0.0,59
2023-05-10 21:30:19,b2403,b2403,4016.0,0.0,0.0,0.0,1,3915.0,4037.0,1,4016.0,0.0,0.0,0.0,0.0,0.0,59
2023-05-10 21:30:22,b2403,b2403,4016.0,0.0,0.0,0.0,1,3915.0,4036.0,2,4016.0,0.0,0.0,0.0,0.0,0.0,59
2023-05-10 21:30:23,b2403,b2403,4016.0,0.0,0.0,0.0,1,3915.0,4036.0,3,4016.0,0.0,0.0,0.0,0.0,0.0,59
2023-05-10 21:30:24,b2403,b2403,4016.0,0.0,0.0,0.0,1,3915.0,4035.0,1,4016.0,0.0,0.0,0.0,0.0,0.0,59
2023-05-10 21:30:27,b2403,b2403,4016.0,0.0,0.0,0.0,1,3915.0,4034.0,1,4016.0,0.0,0.0,0.0,0.0,0.0,59
2023-05-10 21:30:33,b2403,b2403,4016.0,0.0,0.0,0.0,1,3915.0,4033.0,1,4016.0,0.0,0.0,0.0,0.0,0.0,59
2023-05-10 21:30:35,b2403,b2403,4016.0,0.0,0.0,0.0,1,3915.0,4032.0,2,4016.0,0.0,0.0,0.0,0.0,0.0,59
2023-05-10 21:30:36,b2403,b2403,4016.0,0.0,0.0,0.0,1,3915.0,4031.0,1,4016.0,0.0,0.0,0.0,0.0,0.0,59
2023-05-10 21:30:40,b2403,b2403,4016.0,0.0,0.0,0.0,1,3915.0,4030.0,2,4016.0,0.0,0.0,0.0,0.0,0.0,59
2023-05-10 21:30:41,b2403,b2403,4016.0,0.0,0.0,0.0,1,3915.0,4029.0,3,4016.0,0.0,0.0,0.0,0.0,0.0,59
2023-05-10 21:30:47,b2403,b2403,4016.0,0.0,0.0,0.0,1,3915.0,4028.0,1,4016.0,0.0,0.0,0.0,0.0,0.0,59
2023-05-10 21:30:53,b2403,b2403,4016.0,0.0,0.0,0.0,3,3915.0,4028.0,1,4016.0,0.0,0.0,0.0,0.0,0.0,59
2023-05-10 21:30:53,b2403,b2403,4016.0,0.0,0.0,0.0,3,3915.0,4027.0,3,4016.0,0.0,0.0,0.0,0.0,0.0,59
2023-05-10 21:30:54,b2403,b2403,4016.0,0.0,0.0,0.0,3,3915.0,4027.0,4,4016.0,0.0,0.0,0.0,0.0,0.0,59
2023-05-10 21:30:59,b2403,b2403,4016.0,0.0,0.0,0.0,3,3915.0,4026.0,1,4016.0,0.0,0.0,0.0,0.0,0.0,59
2023-05-10 21:31:02,b2403,b2403,4016.0,0.0,0.0,0.0,3,3915.0,4025.0,3,4016.0,0.0,0.0,0.0,0.0,0.0,59
2023-05-10 21:31:03,b2403,b2403,4016.0,0.0,0.0,0.0,1,3915.0,4025.0,3,4016.0,0.0,0.0,0.0,0.0,0.0,59
2023-05-10 21:31:04,b2403,b2403,4016.0,0.0,0.0,0.0,2,3916.0,4025.0,3,4016.0,0.0,0.0,0.0,0.0,0.0,59
2023-05-10 21:31:10,b2403,b2403,4016.0,0.0,0.0,0.0,2,3916.0,4027.0,1,4016.0,0.0,0.0,0.0,0.0,0.0,59
2023-05-10 21:31:24,b2403,b2403,4016.0,0.0,0.0,0.0,2,3916.0,4026.0,2,4016.0,0.0,0.0,0.0,0.0,0.0,59
2023-05-10 21:31:58,b2403,b2403,4016.0,0.0,0.0,0.0,1,3915.0,4026.0,2,4016.0,0.0,0.0,0.0,0.0,0.0,59
2023-05-10 21:31:58,b2403,b2403,4016.0,0.0,0.0,0.0,3,3915.0,4026.0,2,4016.0,0.0,0.0,0.0,0.0,0.0,59
2023-05-10 21:32:58,b2403,b2403,4016.0,0.0,0.0,0.0,1,3915.0,4026.0,2,4016.0,0.0,0.0,0.0,0.0,0.0,59
2023-05-10 21:35:59,b2403,b2403,4016.0,0.0,0.0,0.0,2,3915.0,4026.0,2,4016.0,0.0,0.0,0.0,0.0,0.0,59
2023-05-10 21:36:14,b2403,b2403,4016.0,0.0,0.0,0.0,1,3915.0,4026.0,2,4016.0,0.0,0.0,0.0,0.0,0.0,59
2023-05-10 21:36:14,b2403,b2403,4016.0,0.0,0.0,0.0,1,3916.0,4026.0,2,4016.0,0.0,0.0,0.0,0.0,0.0,59
2023-05-10 21:36:16,b2403,b2403,4016.0,0.0,0.0,0.0,1,3917.0,4026.0,2,4016.0,0.0,0.0,0.0,0.0,0.0,59
2023-05-10 21:36:22,b2403,b2403,4016.0,0.0,0.0,0.0,1,3917.0,4027.0,1,4016.0,0.0,0.0,0.0,0.0,0.0,59
2023-05-10 21:36:22,b2403,b2403,4016.0,0.0,0.0,0.0,1,3917.0,4059.0,1,4016.0,0.0,0.0,0.0,0.0,0.0,59
2023-05-10 21:36:23,b2403,b2403,4016.0,0.0,0.0,0.0,1,3917.0,4058.0,6,4016.0,0.0,0.0,0.0,0.0,0.0,59
2023-05-10 21:36:35,b2403,b2403,4016.0,0.0,0.0,0.0,1,3917.0,4057.0,2,4016.0,0.0,0.0,0.0,0.0,0.0,59
2023-05-10 21:36:42,b2403,b2403,4016.0,0.0,0.0,0.0,1,3917.0,4056.0,6,4016.0,0.0,0.0,0.0,0.0,0.0,59
2023-05-10 21:37:15,b2403,b2403,4016.0,0.0,0.0,0.0,2,3917.0,4056.0,6,4016.0,0.0,0.0,0.0,0.0,0.0,59
2023-05-10 21:38:03,b2403,b2403,4016.0,0.0,0.0,0.0,1,3917.0,4056.0,6,4016.0,0.0,0.0,0.0,0.0,0.0,59
2023-05-10 21:38:04,b2403,b2403,4016.0,0.0,0.0,0.0,1,3917.0,4055.0,2,4016.0,0.0,0.0,0.0,0.0,0.0,59
2023-05-10 21:38:05,b2403,b2403,4016.0,0.0,0.0,0.0,1,3917.0,4054.0,4,4016.0,0.0,0.0,0.0,0.0,0.0,59
2023-05-10 21:38:48,b2403,b2403,4016.0,0.0,0.0,0.0,1,3917.0,4053.0,2,4016.0,0.0,0.0,0.0,0.0,0.0,59
2023-05-10 21:38:54,b2403,b2403,4016.0,0.0,0.0,0.0,1,3917.0,4052.0,1,4016.0,0.0,0.0,0.0,0.0,0.0,59
2023-05-10 21:39:00,b2403,b2403,4016.0,0.0,0.0,0.0,1,3917.0,4051.0,3,4016.0,0.0,0.0,0.0,0.0,0.0,59
2023-05-10 21:39:01,b2403,b2403,4016.0,0.0,0.0,0.0,1,3917.0,4050.0,1,4016.0,0.0,0.0,0.0,0.0,0.0,59
2023-05-10 21:39:08,b2403,b2403,4016.0,0.0,0.0,0.0,1,3917.0,4049.0,3,4016.0,0.0,0.0,0.0,0.0,0.0,59
2023-05-10 21:39:14,b2403,b2403,4016.0,0.0,0.0,0.0,1,3917.0,4048.0,1,4016.0,0.0,0.0,0.0,0.0,0.0,59
2023-05-10 21:39:18,b2403,b2403,4016.0,0.0,0.0,0.0,1,3917.0,4047.0,3,4016.0,0.0,0.0,0.0,0.0,0.0,59
2023-05-10 21:39:19,b2403,b2403,4016.0,0.0,0.0,0.0,1,3917.0,4046.0,1,4016.0,0.0,0.0,0.0,0.0,0.0,59
2023-05-10 21:39:22,b2403,b2403,4016.0,0.0,0.0,0.0,1,3917.0,4045.0,3,4016.0,0.0,0.0,0.0,0.0,0.0,59
2023-05-10 21:39:28,b2403,b2403,4016.0,0.0,0.0,0.0,1,3917.0,4044.0,1,4016.0,0.0,0.0,0.0,0.0,0.0,59
2023-05-10 21:39:34,b2403,b2403,4016.0,0.0,0.0,0.0,1,3917.0,4043.0,1,4016.0,0.0,0.0,0.0,0.0,0.0,59
2023-05-10 21:39:35,b2403,b2403,4016.0,0.0,0.0,0.0,1,3917.0,4043.0,2,4016.0,0.0,0.0,0.0,0.0,0.0,59
2023-05-10 21:39:40,b2403,b2403,4016.0,0.0,0.0,0.0,1,3917.0,4042.0,3,4016.0,0.0,0.0,0.0,0.0,0.0,59
2023-05-10 21:39:46,b2403,b2403,4016.0,0.0,0.0,0.0,1,3917.0,4041.0,1,4016.0,0.0,0.0,0.0,0.0,0.0,59
2023-05-10 21:39:52,b2403,b2403,4016.0,0.0,0.0,0.0,1,3917.0,4040.0,1,4016.0,0.0,0.0,0.0,0.0,0.0,59
2023-05-10 21:39:55,b2403,b2403,4016.0,0.0,0.0,0.0,1,3917.0,4039.0,1,4016.0,0.0,0.0,0.0,0.0,0.0,59
2023-05-10 21:39:56,b2403,b2403,4016.0,0.0,0.0,0.0,1,3917.0,4039.0,3,4016.0,0.0,0.0,0.0,0.0,0.0,59
2023-05-10 21:39:56,b2403,b2403,4016.0,0.0,0.0,0.0,1,3917.0,4038.0,1,4016.0,0.0,0.0,0.0,0.0,0.0,59
2023-05-10 21:40:02,b2403,b2403,4016.0,0.0,0.0,0.0,1,3917.0,4037.0,3,4016.0,0.0,0.0,0.0,0.0,0.0,59
2023-05-10 21:40:15,b2403,b2403,4016.0,0.0,0.0,0.0,1,3917.0,4036.0,3,4016.0,0.0,0.0,0.0,0.0,0.0,59
2023-05-10 21:40:17,b2403,b2403,4016.0,0.0,0.0,0.0,1,3917.0,4035.0,3,4016.0,0.0,0.0,0.0,0.0,0.0,59
2023-05-10 21:40:23,b2403,b2403,4016.0,0.0,0.0,0.0,1,3917.0,4034.0,1,4016.0,0.0,0.0,0.0,0.0,0.0,59
2023-05-10 21:40:35,b2403,b2403,4016.0,0.0,0.0,0.0,1,3917.0,4034.0,4,4016.0,0.0,0.0,0.0,0.0,0.0,59
2023-05-10 21:40:38,b2403,b2403,4016.0,0.0,0.0,0.0,1,3917.0,4034.0,1,4016.0,0.0,0.0,0.0,0.0,0.0,59
2023-05-10 21:40:39,b2403,b2403,4016.0,0.0,0.0,0.0,1,3917.0,4033.0,3,4016.0,0.0,0.0,0.0,0.0,0.0,59
2023-05-10 21:40:45,b2403,b2403,4016.0,0.0,0.0,0.0,1,3917.0,4032.0,1,4016.0,0.0,0.0,0.0,0.0,0.0,59
2023-05-10 21:40:51,b2403,b2403,4016.0,0.0,0.0,0.0,1,3917.0,4032.0,2,4016.0,0.0,0.0,0.0,0.0,0.0,59
2023-05-10 21:40:57,b2403,b2403,4016.0,0.0,0.0,0.0,1,3917.0,4032.0,4,4016.0,0.0,0.0,0.0,0.0,0.0,59
2023-05-10 21:40:59,b2403,b2403,4016.0,0.0,0.0,0.0,1,3917.0,4031.0,2,4016.0,0.0,0.0,0.0,0.0,0.0,59
2023-05-10 21:41:07,b2403,b2403,4016.0,0.0,0.0,0.0,1,3917.0,4031.0,3,4016.0,0.0,0.0,0.0,0.0,0.0,59
2023-05-10 21:41:07,b2403,b2403,4016.0,0.0,0.0,0.0,1,3917.0,4031.0,6,4016.0,0.0,0.0,0.0,0.0,0.0,59
2023-05-10 21:41:14,b2403,b2403,4016.0,0.0,0.0,0.0,1,3917.0,4031.0,2,4016.0,0.0,0.0,0.0,0.0,0.0,59
2023-05-10 21:41:15,b2403,b2403,4016.0,0.0,0.0,0.0,1,3917.0,4030.0,4,4016.0,0.0,0.0,0.0,0.0,0.0,59
2023-05-10 21:41:16,b2403,b2403,4016.0,0.0,0.0,0.0,2,3915.0,4030.0,4,4016.0,0.0,0.0,0.0,0.0,0.0,59
2023-05-10 21:42:26,b2403,b2403,4016.0,0.0,0.0,0.0,2,3915.0,4029.0,2,4016.0,0.0,0.0,0.0,0.0,0.0,59
2023-05-10 21:42:27,b2403,b2403,4016.0,0.0,0.0,0.0,2,3915.0,4028.0,4,4016.0,0.0,0.0,0.0,0.0,0.0,59
2023-05-10 21:43:10,b2403,b2403,4016.0,0.0,0.0,0.0,2,3915.0,4027.0,2,4016.0,0.0,0.0,0.0,0.0,0.0,59
2023-05-10 21:43:11,b2403,b2403,4016.0,0.0,0.0,0.0,2,3915.0,4027.0,3,4016.0,0.0,0.0,0.0,0.0,0.0,59
2023-05-10 21:43:15,b2403,b2403,4016.0,0.0,0.0,0.0,2,3915.0,4026.0,4,4016.0,0.0,0.0,0.0,0.0,0.0,59
2023-05-10 21:43:57,b2403,b2403,4016.0,0.0,0.0,0.0,2,3915.0,4025.0,2,4016.0,0.0,0.0,0.0,0.0,0.0,59
2023-05-10 21:44:03,b2403,b2403,4016.0,0.0,0.0,0.0,2,3915.0,4024.0,1,4016.0,0.0,0.0,0.0,0.0,0.0,59
2023-05-10 21:44:07,b2403,b2403,4016.0,0.0,0.0,0.0,2,3915.0,4023.0,3,4016.0,0.0,0.0,0.0,0.0,0.0,59
2023-05-10 21:44:13,b2403,b2403,4016.0,0.0,0.0,0.0,2,3915.0,4023.0,4,4016.0,0.0,0.0,0.0,0.0,0.0,59
2023-05-10 21:44:37,b2403,b2403,4016.0,0.0,0.0,0.0,4,3915.0,4025.0,2,4016.0,0.0,0.0,0.0,0.0,0.0,59
2023-05-10 21:45:25,b2403,b2403,4016.0,0.0,0.0,0.0,2,3915.0,4025.0,2,4016.0,0.0,0.0,0.0,0.0,0.0,59
2023-05-10 21:45:25,b2403,b2403,4016.0,0.0,0.0,0.0,2,3916.0,4025.0,2,4016.0,0.0,0.0,0.0,0.0,0.0,59
2023-05-10 21:45:50,b2403,b2403,4016.0,0.0,0.0,0.0,2,3915.0,4025.0,2,4016.0,0.0,0.0,0.0,0.0,0.0,59
2023-05-10 21:45:50,b2403,b2403,4016.0,0.0,0.0,0.0,4,3915.0,4025.0,2,4016.0,0.0,0.0,0.0,0.0,0.0,59
2023-05-10 21:47:14,b2403,b2403,4016.0,0.0,0.0,0.0,2,3915.0,4025.0,2,4016.0,0.0,0.0,0.0,0.0,0.0,59
2023-05-10 21:47:16,b2403,b2403,4016.0,0.0,0.0,0.0,4,3915.0,4025.0,2,4016.0,0.0,0.0,0.0,0.0,0.0,59
2023-05-10 21:47:23,b2403,b2403,4016.0,0.0,0.0,0.0,2,3915.0,4025.0,2,4016.0,0.0,0.0,0.0,0.0,0.0,59
2023-05-10 21:48:16,b2403,b2403,4016.0,0.0,0.0,0.0,4,3915.0,4025.0,2,4016.0,0.0,0.0,0.0,0.0,0.0,59
2023-05-10 21:48:18,b2403,b2403,4016.0,0.0,0.0,0.0,2,3915.0,4025.0,2,4016.0,0.0,0.0,0.0,0.0,0.0,59
2023-05-10 21:48:19,b2403,b2403,4016.0,0.0,0.0,0.0,2,3916.0,4025.0,2,4016.0,0.0,0.0,0.0,0.0,0.0,59
2023-05-10 21:48:23,b2403,b2403,4016.0,0.0,0.0,0.0,2,3915.0,4025.0,2,4016.0,0.0,0.0,0.0,0.0,0.0,59
2023-05-10 21:48:24,b2403,b2403,4016.0,0.0,0.0,0.0,4,3915.0,4025.0,2,4016.0,0.0,0.0,0.0,0.0,0.0,59
2023-05-10 21:48:55,b2403,b2403,4016.0,0.0,0.0,0.0,4,3915.0,4027.0,1,4016.0,0.0,0.0,0.0,0.0,0.0,59
2023-05-10 21:48:55,b2403,b2403,4016.0,0.0,0.0,0.0,4,3915.0,4084.0,2,4016.0,0.0,0.0,0.0,0.0,0.0,59
2023-05-10 21:48:55,b2403,b2403,4016.0,0.0,0.0,0.0,4,3915.0,4083.0,2,4016.0,0.0,0.0,0.0,0.0,0.0,59
2023-05-10 21:48:56,b2403,b2403,4016.0,0.0,0.0,0.0,4,3915.0,4083.0,3,4016.0,0.0,0.0,0.0,0.0,0.0,59
2023-05-10 21:48:59,b2403,b2403,4016.0,0.0,0.0,0.0,4,3915.0,4082.0,3,4016.0,0.0,0.0,0.0,0.0,0.0,59
2023-05-10 21:49:00,b2403,b2403,4016.0,0.0,0.0,0.0,2,3915.0,4081.0,5,4016.0,0.0,0.0,0.0,0.0,0.0,59
2023-05-10 21:49:01,b2403,b2403,4016.0,0.0,0.0,0.0,2,3916.0,4077.0,1,4016.0,0.0,0.0,0.0,0.0,0.0,59
2023-05-10 21:49:02,b2403,b2403,4016.0,0.0,0.0,0.0,2,3916.0,4077.0,2,4016.0,0.0,0.0,0.0,0.0,0.0,59
2023-05-10 21:49:03,b2403,b2403,4016.0,0.0,0.0,0.0,2,3915.0,4076.0,4,4016.0,0.0,0.0,0.0,0.0,0.0,59
2023-05-10 21:49:03,b2403,b2403,4016.0,0.0,0.0,0.0,4,3915.0,4075.0,4,4016.0,0.0,0.0,0.0,0.0,0.0,59
2023-05-10 21:49:06,b2403,b2403,4016.0,0.0,0.0,0.0,4,3915.0,4074.0,2,4016.0,0.0,0.0,0.0,0.0,0.0,59
2023-05-10 21:49:09,b2403,b2403,4016.0,0.0,0.0,0.0,4,3915.0,4073.0,4,4016.0,0.0,0.0,0.0,0.0,0.0,59
2023-05-10 21:49:10,b2403,b2403,4016.0,0.0,0.0,0.0,4,3915.0,4072.0,4,4016.0,0.0,0.0,0.0,0.0,0.0,59
2023-05-10 21:49:11,b2403,b2403,4016.0,0.0,0.0,0.0,4,3915.0,4071.0,2,4016.0,0.0,0.0,0.0,0.0,0.0,59
2023-05-10 21:49:16,b2403,b2403,4016.0,0.0,0.0,0.0,4,3915.0,4070.0,1,4016.0,0.0,0.0,0.0,0.0,0.0,59
2023-05-10 21:49:16,b2403,b2403,4016.0,0.0,0.0,0.0,4,3915.0,4069.0,2,4016.0,0.0,0.0,0.0,0.0,0.0,59
2023-05-10 21:49:17,b2403,b2403,4016.0,0.0,0.0,0.0,4,3915.0,4068.0,2,4016.0,0.0,0.0,0.0,0.0,0.0,59
2023-05-10 21:49:22,b2403,b2403,4016.0,0.0,0.0,0.0,4,3915.0,4067.0,2,4016.0,0.0,0.0,0.0,0.0,0.0,59
2023-05-10 21:49:22,b2403,b2403,4016.0,0.0,0.0,0.0,4,3915.0,4066.0,1,4016.0,0.0,0.0,0.0,0.0,0.0,59
2023-05-10 21:49:23,b2403,b2403,4016.0,0.0,0.0,0.0,4,3915.0,4065.0,1,4016.0,0.0,0.0,0.0,0.0,0.0,59
2023-05-10 21:49:23,b2403,b2403,4016.0,0.0,0.0,0.0,4,3915.0,4064.0,2,4016.0,0.0,0.0,0.0,0.0,0.0,59
2023-05-10 21:49:28,b2403,b2403,4016.0,0.0,0.0,0.0,4,3915.0,4063.0,1,4016.0,0.0,0.0,0.0,0.0,0.0,59
2023-05-10 21:49:29,b2403,b2403,4016.0,0.0,0.0,0.0,4,3915.0,4063.0,2,4016.0,0.0,0.0,0.0,0.0,0.0,59
2023-05-10 21:49:30,b2403,b2403,4016.0,0.0,0.0,0.0,4,3915.0,4059.0,2,4016.0,0.0,0.0,0.0,0.0,0.0,59
2023-05-10 21:49:35,b2403,b2403,4016.0,0.0,0.0,0.0,4,3915.0,4058.0,1,4016.0,0.0,0.0,0.0,0.0,0.0,59
2023-05-10 21:49:35,b2403,b2403,4016.0,0.0,0.0,0.0,4,3915.0,4057.0,4,4016.0,0.0,0.0,0.0,0.0,0.0,59
2023-05-10 21:49:36,b2403,b2403,4016.0,0.0,0.0,0.0,4,3915.0,4056.0,1,4016.0,0.0,0.0,0.0,0.0,0.0,59
2023-05-10 21:49:42,b2403,b2403,4016.0,0.0,0.0,0.0,4,3915.0,4055.0,1,4016.0,0.0,0.0,0.0,0.0,0.0,59
2023-05-10 21:49:45,b2403,b2403,4016.0,0.0,0.0,0.0,2,3915.0,4055.0,3,4016.0,0.0,0.0,0.0,0.0,0.0,59
2023-05-10 21:49:45,b2403,b2403,4016.0,0.0,0.0,0.0,2,3916.0,4054.0,5,4016.0,0.0,0.0,0.0,0.0,0.0,59
2023-05-10 21:49:51,b2403,b2403,4016.0,0.0,0.0,0.0,2,3916.0,4053.0,1,4016.0,0.0,0.0,0.0,0.0,0.0,59
2023-05-10 21:49:58,b2403,b2403,4016.0,0.0,0.0,0.0,2,3916.0,4052.0,4,4016.0,0.0,0.0,0.0,0.0,0.0,59
2023-05-10 21:50:04,b2403,b2403,4016.0,0.0,0.0,0.0,2,3916.0,4051.0,1,4016.0,0.0,0.0,0.0,0.0,0.0,59
2023-05-10 21:50:04,b2403,b2403,4016.0,0.0,0.0,0.0,2,3916.0,4051.0,2,4016.0,0.0,0.0,0.0,0.0,0.0,59
2023-05-10 21:50:05,b2403,b2403,4016.0,0.0,0.0,0.0,2,3916.0,4050.0,3,4016.0,0.0,0.0,0.0,0.0,0.0,59
2023-05-10 21:50:08,b2403,b2403,4016.0,0.0,0.0,0.0,2,3916.0,4049.0,1,4016.0,0.0,0.0,0.0,0.0,0.0,59
2023-05-10 21:50:12,b2403,b2403,4016.0,0.0,0.0,0.0,2,3916.0,4048.0,3,4016.0,0.0,0.0,0.0,0.0,0.0,59
2023-05-10 21:50:14,b2403,b2403,4016.0,0.0,0.0,0.0,2,3916.0,4047.0,1,4016.0,0.0,0.0,0.0,0.0,0.0,59
2023-05-10 21:50:19,b2403,b2403,4016.0,0.0,0.0,0.0,2,3916.0,4046.0,3,4016.0,0.0,0.0,0.0,0.0,0.0,59
2023-05-10 21:50:25,b2403,b2403,4016.0,0.0,0.0,0.0,2,3916.0,4045.0,1,4016.0,0.0,0.0,0.0,0.0,0.0,59
2023-05-10 21:50:27,b2403,b2403,4016.0,0.0,0.0,0.0,2,3916.0,4045.0,3,4016.0,0.0,0.0,0.0,0.0,0.0,59
2023-05-10 21:50:32,b2403,b2403,4016.0,0.0,0.0,0.0,2,3916.0,4044.0,3,4016.0,0.0,0.0,0.0,0.0,0.0,59
2023-05-10 21:50:34,b2403,b2403,4016.0,0.0,0.0,0.0,2,3916.0,4043.0,1,4016.0,0.0,0.0,0.0,0.0,0.0,59
2023-05-10 21:50:39,b2403,b2403,4016.0,0.0,0.0,0.0,2,3916.0,4042.0,3,4016.0,0.0,0.0,0.0,0.0,0.0,59
2023-05-10 21:50:45,b2403,b2403,4016.0,0.0,0.0,0.0,2,3916.0,4041.0,1,4016.0,0.0,0.0,0.0,0.0,0.0,59
2023-05-10 21:50:51,b2403,b2403,4016.0,0.0,0.0,0.0,2,3916.0,4040.0,2,4016.0,0.0,0.0,0.0,0.0,0.0,59
2023-05-10 21:50:57,b2403,b2403,4016.0,0.0,0.0,0.0,2,3916.0,4039.0,1,4016.0,0.0,0.0,0.0,0.0,0.0,59
2023-05-10 21:50:58,b2403,b2403,4016.0,0.0,0.0,0.0,2,3916.0,4039.0,2,4016.0,0.0,0.0,0.0,0.0,0.0,59
2023-05-10 21:51:07,b2403,b2403,4016.0,0.0,0.0,0.0,2,3916.0,4038.0,2,4016.0,0.0,0.0,0.0,0.0,0.0,59
2023-05-10 21:51:09,b2403,b2403,4016.0,0.0,0.0,0.0,2,3916.0,4037.0,2,4016.0,0.0,0.0,0.0,0.0,0.0,59
2023-05-10 21:51:13,b2403,b2403,4016.0,0.0,0.0,0.0,2,3916.0,4036.0,2,4016.0,0.0,0.0,0.0,0.0,0.0,59
2023-05-10 21:51:15,b2403,b2403,4016.0,0.0,0.0,0.0,2,3916.0,4035.0,2,4016.0,0.0,0.0,0.0,0.0,0.0,59
2023-05-10 21:51:15,b2403,b2403,4016.0,0.0,0.0,0.0,2,3916.0,4034.0,2,4016.0,0.0,0.0,0.0,0.0,0.0,59
2023-05-10 21:51:21,b2403,b2403,4016.0,0.0,0.0,0.0,2,3916.0,4033.0,2,4016.0,0.0,0.0,0.0,0.0,0.0,59
2023-05-10 21:51:28,b2403,b2403,4016.0,0.0,0.0,0.0,2,3916.0,4032.0,2,4016.0,0.0,0.0,0.0,0.0,0.0,59
2023-05-10 21:51:30,b2403,b2403,4016.0,0.0,0.0,0.0,2,3916.0,4032.0,4,4016.0,0.0,0.0,0.0,0.0,0.0,59
2023-05-10 21:51:35,b2403,b2403,4016.0,0.0,0.0,0.0,2,3916.0,4032.0,2,4016.0,0.0,0.0,0.0,0.0,0.0,59
2023-05-10 21:51:36,b2403,b2403,4016.0,0.0,0.0,0.0,2,3916.0,4031.0,2,4016.0,0.0,0.0,0.0,0.0,0.0,59
2023-05-10 21:51:37,b2403,b2403,4016.0,0.0,0.0,0.0,2,3916.0,4030.0,2,4016.0,0.0,0.0,0.0,0.0,0.0,59
2023-05-10 21:51:43,b2403,b2403,4016.0,0.0,0.0,0.0,2,3916.0,4029.0,2,4016.0,0.0,0.0,0.0,0.0,0.0,59
2023-05-10 21:51:45,b2403,b2403,4016.0,0.0,0.0,0.0,2,3916.0,4029.0,4,4016.0,0.0,0.0,0.0,0.0,0.0,59
2023-05-10 21:51:56,b2403,b2403,4016.0,0.0,0.0,0.0,2,3916.0,4028.0,2,4016.0,0.0,0.0,0.0,0.0,0.0,59
2023-05-10 21:51:58,b2403,b2403,4016.0,0.0,0.0,0.0,2,3916.0,4028.0,6,4016.0,0.0,0.0,0.0,0.0,0.0,59
2023-05-10 21:53:01,b2403,b2403,4016.0,0.0,0.0,0.0,2,3916.0,4028.0,2,4016.0,0.0,0.0,0.0,0.0,0.0,59
2023-05-10 21:53:01,b2403,b2403,4016.0,0.0,0.0,0.0,2,3916.0,4027.0,4,4016.0,0.0,0.0,0.0,0.0,0.0,59
2023-05-10 21:54:06,b2403,b2403,4016.0,0.0,0.0,0.0,2,3916.0,4026.0,2,4016.0,0.0,0.0,0.0,0.0,0.0,59
2023-05-10 21:54:10,b2403,b2403,4016.0,0.0,0.0,0.0,2,3916.0,4026.0,6,4016.0,0.0,0.0,0.0,0.0,0.0,59
2023-05-10 21:54:46,b2403,b2403,4016.0,0.0,0.0,0.0,2,3915.0,4026.0,6,4016.0,0.0,0.0,0.0,0.0,0.0,59
2023-05-10 21:54:56,b2403,b2403,4016.0,0.0,0.0,0.0,2,3915.0,4026.0,2,4016.0,0.0,0.0,0.0,0.0,0.0,59
2023-05-10 21:54:57,b2403,b2403,4016.0,0.0,0.0,0.0,2,3915.0,4025.0,4,4016.0,0.0,0.0,0.0,0.0,0.0,59
2023-05-10 21:55:36,b2403,b2403,4016.0,0.0,0.0,0.0,4,3915.0,4025.0,2,4016.0,0.0,0.0,0.0,0.0,0.0,59
2023-05-10 21:55:42,b2403,b2403,4016.0,0.0,0.0,0.0,4,3915.0,4035.0,1,4016.0,0.0,0.0,0.0,0.0,0.0,59
2023-05-10 21:55:42,b2403,b2403,4016.0,0.0,0.0,0.0,4,3915.0,4034.0,4,4016.0,0.0,0.0,0.0,0.0,0.0,59
2023-05-10 21:55:50,b2403,b2403,4016.0,0.0,0.0,0.0,5,3915.0,4034.0,4,4016.0,0.0,0.0,0.0,0.0,0.0,59
2023-05-10 21:55:55,b2403,b2403,4016.0,0.0,0.0,0.0,1,3916.0,4034.0,4,4016.0,0.0,0.0,0.0,0.0,0.0,59
2023-05-10 21:56:17,b2403,b2403,4016.0,0.0,0.0,0.0,1,3916.0,4033.0,2,4016.0,0.0,0.0,0.0,0.0,0.0,59
2023-05-10 21:59:55,b2403,b2403,4016.0,0.0,0.0,0.0,4,3915.0,4033.0,2,4016.0,0.0,0.0,0.0,0.0,0.0,59
2023-05-10 22:00:00,b2403,b2403,4016.0,0.0,0.0,0.0,2,3915.0,4033.0,2,4016.0,0.0,0.0,0.0,0.0,0.0,59
2023-05-10 22:00:01,b2403,b2403,4016.0,0.0,0.0,0.0,2,3916.0,4033.0,2,4016.0,0.0,0.0,0.0,0.0,0.0,59
2023-05-10 22:00:54,b2403,b2403,4016.0,0.0,0.0,0.0,3,3916.0,4033.0,2,4016.0,0.0,0.0,0.0,0.0,0.0,59
2023-05-10 22:00:59,b2403,b2403,4016.0,0.0,0.0,0.0,2,3916.0,4033.0,2,4016.0,0.0,0.0,0.0,0.0,0.0,59
2023-05-10 22:01:00,b2403,b2403,4016.0,0.0,0.0,0.0,1,3917.0,4033.0,2,4016.0,0.0,0.0,0.0,0.0,0.0,59
2023-05-10 22:01:15,b2403,b2403,4016.0,0.0,0.0,0.0,1,3917.0,4035.0,1,4016.0,0.0,0.0,0.0,0.0,0.0,59
2023-05-10 22:01:15,b2403,b2403,4016.0,0.0,0.0,0.0,1,3917.0,4049.0,1,4016.0,0.0,0.0,0.0,0.0,0.0,59
2023-05-10 22:01:18,b2403,b2403,4016.0,0.0,0.0,0.0,1,3917.0,4048.0,2,4016.0,0.0,0.0,0.0,0.0,0.0,59
2023-05-10 22:01:19,b2403,b2403,4016.0,0.0,0.0,0.0,1,3917.0,4047.0,2,4016.0,0.0,0.0,0.0,0.0,0.0,59
2023-05-10 22:01:25,b2403,b2403,4016.0,0.0,0.0,0.0,1,3917.0,4046.0,1,4016.0,0.0,0.0,0.0,0.0,0.0,59
2023-05-10 22:01:28,b2403,b2403,4016.0,0.0,0.0,0.0,1,3917.0,4046.0,3,4016.0,0.0,0.0,0.0,0.0,0.0,59
2023-05-10 22:01:31,b2403,b2403,4016.0,0.0,0.0,0.0,1,3917.0,4045.0,1,4016.0,0.0,0.0,0.0,0.0,0.0,59
2023-05-10 22:01:32,b2403,b2403,4016.0,0.0,0.0,0.0,1,3917.0,4044.0,2,4016.0,0.0,0.0,0.0,0.0,0.0,59
2023-05-10 22:01:37,b2403,b2403,4016.0,0.0,0.0,0.0,1,3917.0,4043.0,2,4016.0,0.0,0.0,0.0,0.0,0.0,59
2023-05-10 22:01:44,b2403,b2403,4016.0,0.0,0.0,0.0,1,3917.0,4042.0,2,4016.0,0.0,0.0,0.0,0.0,0.0,59
2023-05-10 22:01:50,b2403,b2403,4016.0,0.0,0.0,0.0,1,3917.0,4041.0,1,4016.0,0.0,0.0,0.0,0.0,0.0,59
2023-05-10 22:01:53,b2403,b2403,4016.0,0.0,0.0,0.0,2,3915.0,4041.0,1,4016.0,0.0,0.0,0.0,0.0,0.0,59
2023-05-10 22:01:56,b2403,b2403,4016.0,0.0,0.0,0.0,2,3916.0,4040.0,1,4016.0,0.0,0.0,0.0,0.0,0.0,59
2023-05-10 22:01:57,b2403,b2403,4016.0,0.0,0.0,0.0,2,3916.0,4039.0,2,4016.0,0.0,0.0,0.0,0.0,0.0,59
2023-05-10 22:02:03,b2403,b2403,4016.0,0.0,0.0,0.0,2,3916.0,4038.0,1,4016.0,0.0,0.0,0.0,0.0,0.0,59
2023-05-10 22:02:09,b2403,b2403,4016.0,0.0,0.0,0.0,2,3916.0,4037.0,1,4016.0,0.0,0.0,0.0,0.0,0.0,59
2023-05-10 22:02:09,b2403,b2403,4016.0,0.0,0.0,0.0,2,3916.0,4036.0,2,4016.0,0.0,0.0,0.0,0.0,0.0,59
2023-05-10 22:02:18,b2403,b2403,4016.0,0.0,0.0,0.0,2,3916.0,4035.0,2,4016.0,0.0,0.0,0.0,0.0,0.0,59
2023-05-10 22:02:20,b2403,b2403,4016.0,0.0,0.0,0.0,2,3916.0,4034.0,2,4016.0,0.0,0.0,0.0,0.0,0.0,59
2023-05-10 22:02:22,b2403,b2403,4016.0,0.0,0.0,0.0,2,3916.0,4034.0,4,4016.0,0.0,0.0,0.0,0.0,0.0,59
2023-05-10 22:02:27,b2403,b2403,4016.0,0.0,0.0,0.0,3,3916.0,4034.0,4,4016.0,0.0,0.0,0.0,0.0,0.0,59
2023-05-10 22:02:31,b2403,b2403,4016.0,0.0,0.0,0.0,1,3917.0,4034.0,4,4016.0,0.0,0.0,0.0,0.0,0.0,59
2023-05-10 22:02:56,b2403,b2403,4016.0,0.0,0.0,0.0,1,3917.0,4033.0,2,4016.0,0.0,0.0,0.0,0.0,0.0,59
2023-05-10 22:02:57,b2403,b2403,4016.0,0.0,0.0,0.0,1,3917.0,4033.0,3,4016.0,0.0,0.0,0.0,0.0,0.0,59
2023-05-10 22:03:42,b2403,b2403,4016.0,0.0,0.0,0.0,1,3917.0,4032.0,2,4016.0,0.0,0.0,0.0,0.0,0.0,59
2023-05-10 22:03:43,b2403,b2403,4016.0,0.0,0.0,0.0,1,3917.0,4032.0,4,4016.0,0.0,0.0,0.0,0.0,0.0,59
2023-05-10 22:04:25,b2403,b2403,4016.0,0.0,0.0,0.0,1,3917.0,4031.0,2,4016.0,0.0,0.0,0.0,0.0,0.0,59
2023-05-10 22:05:47,b2403,b2403,4016.0,0.0,0.0,0.0,1,3917.0,4030.0,2,4016.0,0.0,0.0,0.0,0.0,0.0,59
2023-05-10 22:05:48,b2403,b2403,4016.0,0.0,0.0,0.0,1,3917.0,4030.0,3,4016.0,0.0,0.0,0.0,0.0,0.0,59
2023-05-10 22:05:49,b2403,b2403,4016.0,0.0,0.0,0.0,1,3917.0,4030.0,4,4016.0,0.0,0.0,0.0,0.0,0.0,59
2023-05-10 22:06:06,b2403,b2403,4016.0,0.0,0.0,0.0,2,3915.0,4030.0,4,4016.0,0.0,0.0,0.0,0.0,0.0,59
2023-05-10 22:06:26,b2403,b2403,4016.0,0.0,0.0,0.0,1,3916.0,4030.0,4,4016.0,0.0,0.0,0.0,0.0,0.0,59
2023-05-10 22:06:36,b2403,b2403,4016.0,0.0,0.0,0.0,1,3916.0,4029.0,2,4016.0,0.0,0.0,0.0,0.0,0.0,59
2023-05-10 22:06:38,b2403,b2403,4016.0,0.0,0.0,0.0,3,3916.0,4029.0,2,4016.0,0.0,0.0,0.0,0.0,0.0,59
2023-05-10 22:07:19,b2403,b2403,4016.0,0.0,0.0,0.0,4,3916.0,4029.0,2,4016.0,0.0,0.0,0.0,0.0,0.0,59
2023-05-10 22:07:20,b2403,b2403,4016.0,0.0,0.0,0.0,2,3916.0,4029.0,2,4016.0,0.0,0.0,0.0,0.0,0.0,59
2023-05-10 22:07:20,b2403,b2403,4016.0,0.0,0.0,0.0,2,3917.0,4029.0,2,4016.0,0.0,0.0,0.0,0.0,0.0,59
2023-05-10 22:07:26,b2403,b2403,4016.0,0.0,0.0,0.0,3,3917.0,4029.0,2,4016.0,0.0,0.0,0.0,0.0,0.0,59
2023-05-10 22:07:36,b2403,b2403,4016.0,0.0,0.0,0.0,1,3918.0,4029.0,2,4016.0,0.0,0.0,0.0,0.0,0.0,59
2023-05-10 22:07:39,b2403,b2403,4016.0,0.0,0.0,0.0,3,3918.0,4029.0,2,4016.0,0.0,0.0,0.0,0.0,0.0,59
2023-05-10 22:08:06,b2403,b2403,4016.0,0.0,0.0,0.0,1,3918.0,4029.0,2,4016.0,0.0,0.0,0.0,0.0,0.0,59
2023-05-10 22:11:30,b2403,b2403,4016.0,0.0,0.0,0.0,1,3918.0,4029.0,5,4016.0,0.0,0.0,0.0,0.0,0.0,59
2023-05-10 22:11:31,b2403,b2403,4016.0,0.0,0.0,0.0,1,3918.0,4029.0,6,4016.0,0.0,0.0,0.0,0.0,0.0,59
2023-05-10 22:11:34,b2403,b2403,4016.0,0.0,0.0,0.0,1,3918.0,4029.0,4,4016.0,0.0,0.0,0.0,0.0,0.0,59
2023-05-10 22:11:37,b2403,b2403,4016.0,0.0,0.0,0.0,1,3918.0,4033.0,1,4016.0,0.0,0.0,0.0,0.0,0.0,59
2023-05-10 22:11:38,b2403,b2403,4016.0,0.0,0.0,0.0,1,3918.0,4032.0,4,4016.0,0.0,0.0,0.0,0.0,0.0,59
2023-05-10 22:11:39,b2403,b2403,4016.0,0.0,0.0,0.0,1,3918.0,4028.0,2,4016.0,0.0,0.0,0.0,0.0,0.0,59
2023-05-10 22:11:41,b2403,b2403,4016.0,0.0,0.0,0.0,1,3918.0,4028.0,3,4016.0,0.0,0.0,0.0,0.0,0.0,59
2023-05-10 22:11:44,b2403,b2403,4016.0,0.0,0.0,0.0,1,3918.0,4027.0,4,4016.0,0.0,0.0,0.0,0.0,0.0,59
2023-05-10 22:13:04,b2403,b2403,4016.0,0.0,0.0,0.0,1,3918.0,4026.0,2,4016.0,0.0,0.0,0.0,0.0,0.0,59
2023-05-10 22:13:14,b2403,b2403,4016.0,0.0,0.0,0.0,1,3918.0,4026.0,3,4016.0,0.0,0.0,0.0,0.0,0.0,59
2023-05-10 22:13:15,b2403,b2403,4016.0,0.0,0.0,0.0,1,3918.0,4026.0,4,4016.0,0.0,0.0,0.0,0.0,0.0,59
2023-05-10 22:13:25,b2403,b2403,4016.0,0.0,0.0,0.0,1,3918.0,4026.0,3,4016.0,0.0,0.0,0.0,0.0,0.0,59
2023-05-10 22:13:32,b2403,b2403,4016.0,0.0,0.0,0.0,1,3918.0,4026.0,4,4016.0,0.0,0.0,0.0,0.0,0.0,59
2023-05-10 22:13:41,b2403,b2403,4016.0,0.0,0.0,0.0,1,3918.0,4026.0,6,4016.0,0.0,0.0,0.0,0.0,0.0,59
2023-05-10 22:16:11,b2403,b2403,4016.0,0.0,0.0,0.0,1,3918.0,4026.0,2,4016.0,0.0,0.0,0.0,0.0,0.0,59
2023-05-10 22:16:12,b2403,b2403,4016.0,0.0,0.0,0.0,1,3918.0,4025.0,4,4016.0,0.0,0.0,0.0,0.0,0.0,59
2023-05-10 22:17:28,b2403,b2403,4016.0,0.0,0.0,0.0,1,3918.0,4024.0,2,4016.0,0.0,0.0,0.0,0.0,0.0,59
2023-05-10 22:17:29,b2403,b2403,4016.0,0.0,0.0,0.0,1,3918.0,4024.0,6,4016.0,0.0,0.0,0.0,0.0,0.0,59
2023-05-10 22:17:44,b2403,b2403,4016.0,0.0,0.0,0.0,1,3918.0,4024.0,3,4016.0,0.0,0.0,0.0,0.0,0.0,59
2023-05-10 22:17:45,b2403,b2403,4016.0,0.0,0.0,0.0,1,3918.0,4023.0,1,4016.0,0.0,0.0,0.0,0.0,0.0,59
2023-05-10 22:17:57,b2403,b2403,4016.0,0.0,0.0,0.0,1,3918.0,4023.0,2,4016.0,0.0,0.0,0.0,0.0,0.0,59
2023-05-10 22:18:27,b2403,b2403,4016.0,0.0,0.0,0.0,1,3918.0,4023.0,4,4016.0,0.0,0.0,0.0,0.0,0.0,59
2023-05-10 22:18:54,b2403,b2403,4016.0,0.0,0.0,0.0,1,3918.0,4022.0,2,4016.0,0.0,0.0,0.0,0.0,0.0,59
2023-05-10 22:18:55,b2403,b2403,4016.0,0.0,0.0,0.0,1,3918.0,4021.0,4,4016.0,0.0,0.0,0.0,0.0,0.0,59
2023-05-10 22:19:38,b2403,b2403,4016.0,0.0,0.0,0.0,1,3918.0,4020.0,2,4016.0,0.0,0.0,0.0,0.0,0.0,59
2023-05-10 22:19:39,b2403,b2403,4016.0,0.0,0.0,0.0,1,3918.0,4020.0,4,4016.0,0.0,0.0,0.0,0.0,0.0,59
2023-05-10 22:19:45,b2403,b2403,4016.0,0.0,0.0,0.0,1,3918.0,4020.0,2,4016.0,0.0,0.0,0.0,0.0,0.0,59
2023-05-10 22:19:46,b2403,b2403,4016.0,0.0,0.0,0.0,1,3918.0,4019.0,2,4016.0,0.0,0.0,0.0,0.0,0.0,59
2023-05-10 22:20:21,b2403,b2403,4016.0,0.0,0.0,0.0,1,3918.0,4018.0,2,4016.0,0.0,0.0,0.0,0.0,0.0,59
2023-05-10 22:20:22,b2403,b2403,4016.0,0.0,0.0,0.0,1,3918.0,4018.0,4,4016.0,0.0,0.0,0.0,0.0,0.0,59
2023-05-10 22:21:04,b2403,b2403,4016.0,0.0,0.0,0.0,1,3918.0,4017.0,2,4016.0,0.0,0.0,0.0,0.0,0.0,59
2023-05-10 22:21:39,b2403,b2403,4016.0,0.0,0.0,0.0,2,3915.0,4017.0,2,4016.0,0.0,0.0,0.0,0.0,0.0,59
2023-05-10 22:23:38,b2403,b2403,4016.0,0.0,0.0,0.0,4,3915.0,4017.0,2,4016.0,0.0,0.0,0.0,0.0,0.0,59
2023-05-10 22:24:52,b2403,b2403,4016.0,0.0,0.0,0.0,2,3915.0,4017.0,2,4016.0,0.0,0.0,0.0,0.0,0.0,59
2023-05-10 22:25:07,b2403,b2403,4016.0,0.0,0.0,0.0,3,3915.0,4017.0,2,4016.0,0.0,0.0,0.0,0.0,0.0,59
2023-05-10 22:25:16,b2403,b2403,4016.0,0.0,0.0,0.0,2,3915.0,4017.0,2,4016.0,0.0,0.0,0.0,0.0,0.0,59
2023-05-10 22:25:16,b2403,b2403,4016.0,0.0,0.0,0.0,1,3916.0,4017.0,2,4016.0,0.0,0.0,0.0,0.0,0.0,59
2023-05-10 22:26:02,b2403,b2403,4016.0,0.0,0.0,0.0,1,3916.0,4028.0,1,4016.0,0.0,0.0,0.0,0.0,0.0,59
2023-05-10 22:26:03,b2403,b2403,4016.0,0.0,0.0,0.0,1,3916.0,4053.0,1,4016.0,0.0,0.0,0.0,0.0,0.0,59
2023-05-10 22:26:03,b2403,b2403,4016.0,0.0,0.0,0.0,1,3916.0,4084.0,2,4016.0,0.0,0.0,0.0,0.0,0.0,59
2023-05-10 22:26:04,b2403,b2403,4016.0,0.0,0.0,0.0,1,3916.0,4083.0,10,4016.0,0.0,0.0,0.0,0.0,0.0,59
2023-05-10 22:26:04,b2403,b2403,4016.0,0.0,0.0,0.0,1,3916.0,4083.0,11,4016.0,0.0,0.0,0.0,0.0,0.0,59
2023-05-10 22:26:07,b2403,b2403,4016.0,0.0,0.0,0.0,1,3916.0,4082.0,2,4016.0,0.0,0.0,0.0,0.0,0.0,59
2023-05-10 22:26:13,b2403,b2403,4016.0,0.0,0.0,0.0,1,3916.0,4081.0,8,4016.0,0.0,0.0,0.0,0.0,0.0,59
2023-05-10 22:26:14,b2403,b2403,4016.0,0.0,0.0,0.0,1,3916.0,4077.0,2,4016.0,0.0,0.0,0.0,0.0,0.0,59
2023-05-10 22:26:19,b2403,b2403,4016.0,0.0,0.0,0.0,1,3916.0,4076.0,8,4016.0,0.0,0.0,0.0,0.0,0.0,59
2023-05-10 22:26:20,b2403,b2403,4016.0,0.0,0.0,0.0,1,3916.0,4060.0,2,4016.0,0.0,0.0,0.0,0.0,0.0,59
2023-05-10 22:26:20,b2403,b2403,4016.0,0.0,0.0,0.0,1,3916.0,4060.0,3,4016.0,0.0,0.0,0.0,0.0,0.0,59
2023-05-10 22:26:25,b2403,b2403,4016.0,0.0,0.0,0.0,1,3916.0,4059.0,8,4016.0,0.0,0.0,0.0,0.0,0.0,59
2023-05-10 22:26:26,b2403,b2403,4016.0,0.0,0.0,0.0,1,3916.0,4051.0,1,4016.0,0.0,0.0,0.0,0.0,0.0,59
2023-05-10 22:26:32,b2403,b2403,4016.0,0.0,0.0,0.0,1,3916.0,4051.0,2,4016.0,0.0,0.0,0.0,0.0,0.0,59
2023-05-10 22:26:33,b2403,b2403,4016.0,0.0,0.0,0.0,1,3916.0,4050.0,4,4016.0,0.0,0.0,0.0,0.0,0.0,59
2023-05-10 22:26:34,b2403,b2403,4016.0,0.0,0.0,0.0,1,3916.0,4049.0,1,4016.0,0.0,0.0,0.0,0.0,0.0,59
2023-05-10 22:26:39,b2403,b2403,4016.0,0.0,0.0,0.0,1,3916.0,4048.0,2,4016.0,0.0,0.0,0.0,0.0,0.0,59
2023-05-10 22:26:45,b2403,b2403,4016.0,0.0,0.0,0.0,1,3916.0,4047.0,2,4016.0,0.0,0.0,0.0,0.0,0.0,59
2023-05-10 22:26:52,b2403,b2403,4016.0,0.0,0.0,0.0,1,3916.0,4046.0,1,4016.0,0.0,0.0,0.0,0.0,0.0,59
2023-05-10 22:26:52,b2403,b2403,4016.0,0.0,0.0,0.0,1,3916.0,4046.0,2,4016.0,0.0,0.0,0.0,0.0,0.0,59
2023-05-10 22:26:58,b2403,b2403,4016.0,0.0,0.0,0.0,1,3916.0,4045.0,1,4016.0,0.0,0.0,0.0,0.0,0.0,59
2023-05-10 22:26:58,b2403,b2403,4016.0,0.0,0.0,0.0,1,3916.0,4045.0,2,4016.0,0.0,0.0,0.0,0.0,0.0,59
2023-05-10 22:26:59,b2403,b2403,4016.0,0.0,0.0,0.0,1,3916.0,4044.0,1,4016.0,0.0,0.0,0.0,0.0,0.0,59
2023-05-10 22:26:59,b2403,b2403,4016.0,0.0,0.0,0.0,1,3916.0,4044.0,2,4016.0,0.0,0.0,0.0,0.0,0.0,59
2023-05-10 22:27:03,b2403,b2403,4016.0,0.0,0.0,0.0,2,3915.0,4044.0,2,4016.0,0.0,0.0,0.0,0.0,0.0,59
2023-05-10 22:27:04,b2403,b2403,4016.0,0.0,0.0,0.0,2,3915.0,4043.0,1,4016.0,0.0,0.0,0.0,0.0,0.0,59
2023-05-10 22:27:10,b2403,b2403,4016.0,0.0,0.0,0.0,2,3915.0,4042.0,1,4016.0,0.0,0.0,0.0,0.0,0.0,59
2023-05-10 22:27:11,b2403,b2403,4016.0,0.0,0.0,0.0,2,3915.0,4041.0,1,4016.0,0.0,0.0,0.0,0.0,0.0,59
2023-05-10 22:27:11,b2403,b2403,4016.0,0.0,0.0,0.0,2,3915.0,4040.0,1,4016.0,0.0,0.0,0.0,0.0,0.0,59
2023-05-10 22:27:17,b2403,b2403,4016.0,0.0,0.0,0.0,2,3915.0,4039.0,2,4016.0,0.0,0.0,0.0,0.0,0.0,59
2023-05-10 22:27:35,b2403,b2403,4016.0,0.0,0.0,0.0,2,3915.0,4038.0,2,4016.0,0.0,0.0,0.0,0.0,0.0,59
2023-05-10 22:27:36,b2403,b2403,4016.0,0.0,0.0,0.0,2,3915.0,4037.0,1,4016.0,0.0,0.0,0.0,0.0,0.0,59
2023-05-10 22:27:36,b2403,b2403,4016.0,0.0,0.0,0.0,2,3915.0,4036.0,1,4016.0,0.0,0.0,0.0,0.0,0.0,59
2023-05-10 22:27:43,b2403,b2403,4016.0,0.0,0.0,0.0,2,3915.0,4035.0,1,4016.0,0.0,0.0,0.0,0.0,0.0,59
2023-05-10 22:27:55,b2403,b2403,4016.0,0.0,0.0,0.0,2,3915.0,4034.0,1,4016.0,0.0,0.0,0.0,0.0,0.0,59
2023-05-10 22:28:07,b2403,b2403,4016.0,0.0,0.0,0.0,2,3915.0,4033.0,1,4016.0,0.0,0.0,0.0,0.0,0.0,59
2023-05-10 22:28:18,b2403,b2403,4016.0,0.0,0.0,0.0,2,3915.0,4032.0,2,4016.0,0.0,0.0,0.0,0.0,0.0,59
2023-05-10 22:28:19,b2403,b2403,4016.0,0.0,0.0,0.0,2,3915.0,4031.0,2,4016.0,0.0,0.0,0.0,0.0,0.0,59
2023-05-10 22:29:02,b2403,b2403,4016.0,0.0,0.0,0.0,2,3915.0,4030.0,2,4016.0,0.0,0.0,0.0,0.0,0.0,59
2023-05-10 22:29:09,b2403,b2403,4016.0,0.0,0.0,0.0,2,3915.0,4029.0,1,4016.0,0.0,0.0,0.0,0.0,0.0,59
2023-05-10 22:29:14,b2403,b2403,4016.0,0.0,0.0,0.0,2,3915.0,4028.0,1,4016.0,0.0,0.0,0.0,0.0,0.0,59
2023-05-10 22:29:15,b2403,b2403,4016.0,0.0,0.0,0.0,2,3915.0,4028.0,2,4016.0,0.0,0.0,0.0,0.0,0.0,59
2023-05-10 22:29:20,b2403,b2403,4016.0,0.0,0.0,0.0,2,3915.0,4027.0,1,4016.0,0.0,0.0,0.0,0.0,0.0,59
2023-05-10 22:29:27,b2403,b2403,4016.0,0.0,0.0,0.0,2,3915.0,4026.0,1,4016.0,0.0,0.0,0.0,0.0,0.0,59
2023-05-10 22:29:33,b2403,b2403,4016.0,0.0,0.0,0.0,2,3915.0,4025.0,1,4016.0,0.0,0.0,0.0,0.0,0.0,59
2023-05-10 22:29:45,b2403,b2403,4016.0,0.0,0.0,0.0,2,3915.0,4024.0,1,4016.0,0.0,0.0,0.0,0.0,0.0,59
2023-05-10 22:29:51,b2403,b2403,4016.0,0.0,0.0,0.0,2,3915.0,4023.0,1,4016.0,0.0,0.0,0.0,0.0,0.0,59
2023-05-10 22:29:58,b2403,b2403,4016.0,0.0,0.0,0.0,2,3915.0,4022.0,1,4016.0,0.0,0.0,0.0,0.0,0.0,59
2023-05-10 22:30:10,b2403,b2403,4016.0,0.0,0.0,0.0,2,3915.0,4021.0,1,4016.0,0.0,0.0,0.0,0.0,0.0,59
2023-05-10 22:30:17,b2403,b2403,4016.0,0.0,0.0,0.0,2,3915.0,4020.0,1,4016.0,0.0,0.0,0.0,0.0,0.0,59
2023-05-10 22:30:23,b2403,b2403,4016.0,0.0,0.0,0.0,2,3915.0,4019.0,1,4016.0,0.0,0.0,0.0,0.0,0.0,59
2023-05-10 22:30:24,b2403,b2403,4016.0,0.0,0.0,0.0,2,3915.0,4018.0,1,4016.0,0.0,0.0,0.0,0.0,0.0,59
2023-05-10 22:30:30,b2403,b2403,4016.0,0.0,0.0,0.0,2,3915.0,4017.0,2,4016.0,0.0,0.0,0.0,0.0,0.0,59
2023-05-10 22:30:31,b2403,b2403,4016.0,0.0,0.0,0.0,4,3915.0,4017.0,2,4016.0,0.0,0.0,0.0,0.0,0.0,59
2023-05-10 22:30:31,b2403,b2403,4016.0,0.0,0.0,0.0,4,3915.0,4016.0,2,4016.0,0.0,0.0,0.0,0.0,0.0,59
2023-05-10 22:30:56,b2403,b2403,4016.0,0.0,0.0,0.0,4,3915.0,4016.0,1,4016.0,0.0,0.0,0.0,0.0,0.0,59
2023-05-10 22:30:57,b2403,b2403,4016.0,0.0,0.0,0.0,4,3915.0,4017.0,2,4016.0,0.0,0.0,0.0,0.0,0.0,59
2023-05-10 22:33:47,b2403,b2403,4016.0,0.0,0.0,0.0,2,3915.0,4017.0,2,4016.0,0.0,0.0,0.0,0.0,0.0,59
2023-05-10 22:33:48,b2403,b2403,4016.0,0.0,0.0,0.0,2,3915.0,4017.0,4,4016.0,0.0,0.0,0.0,0.0,0.0,59
2023-05-10 22:34:06,b2403,b2403,4016.0,0.0,0.0,0.0,2,3915.0,4017.0,2,4016.0,0.0,0.0,0.0,0.0,0.0,59
2023-05-10 22:34:06,b2403,b2403,4016.0,0.0,0.0,0.0,2,3915.0,4016.0,2,4016.0,0.0,0.0,0.0,0.0,0.0,59
2023-05-10 22:34:51,b2403,b2403,4016.0,0.0,0.0,0.0,2,3915.0,4015.0,2,4016.0,0.0,0.0,0.0,0.0,0.0,59
2023-05-10 22:34:53,b2403,b2403,4016.0,0.0,0.0,0.0,2,3915.0,4014.0,2,4016.0,0.0,0.0,0.0,0.0,0.0,59
2023-05-10 22:35:34,b2403,b2403,4016.0,0.0,0.0,0.0,2,3915.0,4013.0,2,4016.0,0.0,0.0,0.0,0.0,0.0,59
2023-05-10 22:40:33,b2403,b2403,4016.0,0.0,0.0,0.0,2,3915.0,4028.0,1,4016.0,0.0,0.0,0.0,0.0,0.0,59
2023-05-10 22:40:34,b2403,b2403,4016.0,0.0,0.0,0.0,2,3915.0,4045.0,1,4016.0,0.0,0.0,0.0,0.0,0.0,59
2023-05-10 22:40:34,b2403,b2403,4016.0,0.0,0.0,0.0,2,3915.0,4049.0,1,4016.0,0.0,0.0,0.0,0.0,0.0,59
2023-05-10 22:40:35,b2403,b2403,4016.0,0.0,0.0,0.0,2,3915.0,4048.0,2,4016.0,0.0,0.0,0.0,0.0,0.0,59
2023-05-10 22:40:36,b2403,b2403,4016.0,0.0,0.0,0.0,2,3915.0,4047.0,1,4016.0,0.0,0.0,0.0,0.0,0.0,59
2023-05-10 22:40:37,b2403,b2403,4016.0,0.0,0.0,0.0,2,3915.0,4044.0,2,4016.0,0.0,0.0,0.0,0.0,0.0,59
2023-05-10 22:40:37,b2403,b2403,4016.0,0.0,0.0,0.0,2,3915.0,4043.0,1,4016.0,0.0,0.0,0.0,0.0,0.0,59
2023-05-10 22:40:42,b2403,b2403,4016.0,0.0,0.0,0.0,2,3915.0,4042.0,1,4016.0,0.0,0.0,0.0,0.0,0.0,59
2023-05-10 22:40:48,b2403,b2403,4016.0,0.0,0.0,0.0,2,3915.0,4041.0,2,4016.0,0.0,0.0,0.0,0.0,0.0,59
2023-05-10 22:40:50,b2403,b2403,4016.0,0.0,0.0,0.0,2,3915.0,4040.0,2,4016.0,0.0,0.0,0.0,0.0,0.0,59
2023-05-10 22:41:00,b2403,b2403,4016.0,0.0,0.0,0.0,2,3915.0,4039.0,2,4016.0,0.0,0.0,0.0,0.0,0.0,59
2023-05-10 22:41:02,b2403,b2403,4016.0,0.0,0.0,0.0,2,3915.0,4038.0,1,4016.0,0.0,0.0,0.0,0.0,0.0,59
2023-05-10 22:41:03,b2403,b2403,4016.0,0.0,0.0,0.0,2,3915.0,4038.0,2,4016.0,0.0,0.0,0.0,0.0,0.0,59
2023-05-10 22:41:03,b2403,b2403,4016.0,0.0,0.0,0.0,2,3915.0,4037.0,2,4016.0,0.0,0.0,0.0,0.0,0.0,59
2023-05-10 22:41:10,b2403,b2403,4016.0,0.0,0.0,0.0,2,3915.0,4036.0,2,4016.0,0.0,0.0,0.0,0.0,0.0,59
2023-05-10 22:41:16,b2403,b2403,4016.0,0.0,0.0,0.0,2,3915.0,4035.0,2,4016.0,0.0,0.0,0.0,0.0,0.0,59
2023-05-10 22:41:19,b2403,b2403,4016.0,0.0,0.0,0.0,2,3915.0,4034.0,2,4016.0,0.0,0.0,0.0,0.0,0.0,59
2023-05-10 22:41:22,b2403,b2403,4016.0,0.0,0.0,0.0,2,3915.0,4033.0,2,4016.0,0.0,0.0,0.0,0.0,0.0,59
2023-05-10 22:41:23,b2403,b2403,4016.0,0.0,0.0,0.0,2,3915.0,4033.0,5,4016.0,0.0,0.0,0.0,0.0,0.0,59
2023-05-10 22:41:25,b2403,b2403,4016.0,0.0,0.0,0.0,2,3915.0,4032.0,2,4016.0,0.0,0.0,0.0,0.0,0.0,59
2023-05-10 22:41:31,b2403,b2403,4016.0,0.0,0.0,0.0,2,3915.0,4031.0,2,4016.0,0.0,0.0,0.0,0.0,0.0,59
2023-05-10 22:41:38,b2403,b2403,4016.0,0.0,0.0,0.0,2,3915.0,4030.0,1,4016.0,0.0,0.0,0.0,0.0,0.0,59
2023-05-10 22:41:44,b2403,b2403,4016.0,0.0,0.0,0.0,2,3915.0,4029.0,3,4016.0,0.0,0.0,0.0,0.0,0.0,59
2023-05-10 22:41:50,b2403,b2403,4016.0,0.0,0.0,0.0,2,3915.0,4028.0,1,4016.0,0.0,0.0,0.0,0.0,0.0,59
2023-05-10 22:41:55,b2403,b2403,4016.0,0.0,0.0,0.0,2,3915.0,4027.0,1,4016.0,0.0,0.0,0.0,0.0,0.0,59
2023-05-10 22:42:01,b2403,b2403,4016.0,0.0,0.0,0.0,2,3915.0,4026.0,1,4016.0,0.0,0.0,0.0,0.0,0.0,59
2023-05-10 22:42:06,b2403,b2403,4016.0,0.0,0.0,0.0,2,3915.0,4025.0,2,4016.0,0.0,0.0,0.0,0.0,0.0,59
2023-05-10 22:42:06,b2403,b2403,4016.0,0.0,0.0,0.0,2,3915.0,4024.0,1,4016.0,0.0,0.0,0.0,0.0,0.0,59
2023-05-10 22:42:11,b2403,b2403,4016.0,0.0,0.0,0.0,2,3915.0,4023.0,1,4016.0,0.0,0.0,0.0,0.0,0.0,59
2023-05-10 22:42:17,b2403,b2403,4016.0,0.0,0.0,0.0,2,3915.0,4022.0,1,4016.0,0.0,0.0,0.0,0.0,0.0,59
2023-05-10 22:42:29,b2403,b2403,4016.0,0.0,0.0,0.0,2,3915.0,4021.0,1,4016.0,0.0,0.0,0.0,0.0,0.0,59
2023-05-10 22:42:35,b2403,b2403,4016.0,0.0,0.0,0.0,2,3915.0,4020.0,1,4016.0,0.0,0.0,0.0,0.0,0.0,59
2023-05-10 22:42:42,b2403,b2403,4016.0,0.0,0.0,0.0,2,3915.0,4019.0,1,4016.0,0.0,0.0,0.0,0.0,0.0,59
2023-05-10 22:42:48,b2403,b2403,4016.0,0.0,0.0,0.0,2,3915.0,4018.0,1,4016.0,0.0,0.0,0.0,0.0,0.0,59
2023-05-10 22:42:48,b2403,b2403,4016.0,0.0,0.0,0.0,2,3915.0,4018.0,3,4016.0,0.0,0.0,0.0,0.0,0.0,59
2023-05-10 22:42:54,b2403,b2403,4016.0,0.0,0.0,0.0,2,3915.0,4018.0,4,4016.0,0.0,0.0,0.0,0.0,0.0,59
2023-05-10 22:43:43,b2403,b2403,4016.0,0.0,0.0,0.0,2,3915.0,4018.0,3,4016.0,0.0,0.0,0.0,0.0,0.0,59
2023-05-10 22:43:43,b2403,b2403,4016.0,0.0,0.0,0.0,2,3915.0,4017.0,1,4016.0,0.0,0.0,0.0,0.0,0.0,59
2023-05-10 22:43:44,b2403,b2403,4016.0,0.0,0.0,0.0,2,3915.0,4017.0,2,4016.0,0.0,0.0,0.0,0.0,0.0,59
2023-05-10 22:43:55,b2403,b2403,4016.0,0.0,0.0,0.0,2,3915.0,4016.0,1,4016.0,0.0,0.0,0.0,0.0,0.0,59
2023-05-10 22:43:56,b2403,b2403,4016.0,0.0,0.0,0.0,2,3915.0,4016.0,2,4016.0,0.0,0.0,0.0,0.0,0.0,59
2023-05-10 22:44:20,b2403,b2403,4016.0,0.0,0.0,0.0,2,3915.0,4016.0,1,4016.0,0.0,0.0,0.0,0.0,0.0,59
2023-05-10 22:44:20,b2403,b2403,4016.0,0.0,0.0,0.0,2,3915.0,4015.0,1,4016.0,0.0,0.0,0.0,0.0,0.0,59
2023-05-10 22:44:25,b2403,b2403,4016.0,0.0,0.0,0.0,2,3915.0,4014.0,1,4016.0,0.0,0.0,0.0,0.0,0.0,59
2023-05-10 22:44:33,b2403,b2403,4016.0,0.0,0.0,0.0,2,3915.0,4014.0,2,4016.0,0.0,0.0,0.0,0.0,0.0,59
2023-05-10 22:44:59,b2403,b2403,4016.0,0.0,0.0,0.0,2,3915.0,4013.0,2,4016.0,0.0,0.0,0.0,0.0,0.0,59
2023-05-10 22:45:08,b2403,b2403,4016.0,0.0,0.0,0.0,2,3915.0,4013.0,3,4016.0,0.0,0.0,0.0,0.0,0.0,59
2023-05-10 22:45:10,b2403,b2403,4016.0,0.0,0.0,0.0,2,3915.0,4013.0,4,4016.0,0.0,0.0,0.0,0.0,0.0,59
2023-05-10 22:46:16,b2403,b2403,4016.0,0.0,0.0,0.0,2,3915.0,4012.0,2,4016.0,0.0,0.0,0.0,0.0,0.0,59
2023-05-10 22:46:17,b2403,b2403,4016.0,0.0,0.0,0.0,2,3915.0,4012.0,4,4016.0,0.0,0.0,0.0,0.0,0.0,59
2023-05-10 22:46:20,b2403,b2403,4016.0,0.0,0.0,0.0,2,3915.0,4013.0,2,4016.0,0.0,0.0,0.0,0.0,0.0,59
2023-05-10 22:46:21,b2403,b2403,4016.0,0.0,0.0,0.0,2,3915.0,4012.0,4,4016.0,0.0,0.0,0.0,0.0,0.0,59
2023-05-10 22:47:09,b2403,b2403,4016.0,0.0,0.0,0.0,2,3915.0,4011.0,2,4016.0,0.0,0.0,0.0,0.0,0.0,59
2023-05-10 22:47:10,b2403,b2403,4016.0,0.0,0.0,0.0,2,3915.0,4011.0,6,4016.0,0.0,0.0,0.0,0.0,0.0,59
2023-05-10 22:51:52,b2403,b2403,4016.0,0.0,0.0,0.0,2,3915.0,4011.0,5,4016.0,0.0,0.0,0.0,0.0,0.0,59
2023-05-10 22:51:52,b2403,b2403,4016.0,0.0,0.0,0.0,2,3915.0,4011.0,2,4016.0,0.0,0.0,0.0,0.0,0.0,59
2023-05-10 22:52:09,b2403,b2403,4016.0,0.0,0.0,0.0,2,3915.0,4017.0,1,4016.0,0.0,0.0,0.0,0.0,0.0,59
2023-05-10 22:52:10,b2403,b2403,4016.0,0.0,0.0,0.0,2,3915.0,4053.0,1,4016.0,0.0,0.0,0.0,0.0,0.0,59
2023-05-10 22:52:10,b2403,b2403,4016.0,0.0,0.0,0.0,2,3915.0,4057.0,1,4016.0,0.0,0.0,0.0,0.0,0.0,59
2023-05-10 22:52:11,b2403,b2403,4016.0,0.0,0.0,0.0,2,3915.0,4056.0,4,4016.0,0.0,0.0,0.0,0.0,0.0,59
2023-05-10 22:52:15,b2403,b2403,4016.0,0.0,0.0,0.0,2,3915.0,4055.0,2,4016.0,0.0,0.0,0.0,0.0,0.0,59
2023-05-10 22:52:16,b2403,b2403,4016.0,0.0,0.0,0.0,2,3915.0,4054.0,4,4016.0,0.0,0.0,0.0,0.0,0.0,59
2023-05-10 22:52:16,b2403,b2403,4016.0,0.0,0.0,0.0,2,3915.0,4050.0,1,4016.0,0.0,0.0,0.0,0.0,0.0,59
2023-05-10 22:52:17,b2403,b2403,4016.0,0.0,0.0,0.0,2,3915.0,4049.0,2,4016.0,0.0,0.0,0.0,0.0,0.0,59
2023-05-10 22:52:18,b2403,b2403,4016.0,0.0,0.0,0.0,2,3915.0,4047.0,1,4016.0,0.0,0.0,0.0,0.0,0.0,59
2023-05-10 22:52:18,b2403,b2403,4016.0,0.0,0.0,0.0,2,3915.0,4046.0,1,4016.0,0.0,0.0,0.0,0.0,0.0,59
2023-05-10 22:52:24,b2403,b2403,4016.0,0.0,0.0,0.0,2,3915.0,4045.0,3,4016.0,0.0,0.0,0.0,0.0,0.0,59
2023-05-10 22:52:28,b2403,b2403,4016.0,0.0,0.0,0.0,2,3915.0,4044.0,1,4016.0,0.0,0.0,0.0,0.0,0.0,59
2023-05-10 22:52:31,b2403,b2403,4016.0,0.0,0.0,0.0,2,3915.0,4043.0,3,4016.0,0.0,0.0,0.0,0.0,0.0,59
2023-05-10 22:52:37,b2403,b2403,4016.0,0.0,0.0,0.0,2,3915.0,4042.0,1,4016.0,0.0,0.0,0.0,0.0,0.0,59
2023-05-10 22:52:50,b2403,b2403,4016.0,0.0,0.0,0.0,2,3915.0,4041.0,3,4016.0,0.0,0.0,0.0,0.0,0.0,59
2023-05-10 22:52:50,b2403,b2403,4016.0,0.0,0.0,0.0,2,3915.0,4041.0,4,4016.0,0.0,0.0,0.0,0.0,0.0,59
2023-05-10 22:52:51,b2403,b2403,4016.0,0.0,0.0,0.0,2,3915.0,4040.0,1,4016.0,0.0,0.0,0.0,0.0,0.0,59
2023-05-10 22:52:53,b2403,b2403,4016.0,0.0,0.0,0.0,2,3915.0,4039.0,3,4016.0,0.0,0.0,0.0,0.0,0.0,59
2023-05-10 22:52:59,b2403,b2403,4016.0,0.0,0.0,0.0,2,3915.0,4038.0,1,4016.0,0.0,0.0,0.0,0.0,0.0,59
2023-05-10 22:53:04,b2403,b2403,4016.0,0.0,0.0,0.0,2,3915.0,4037.0,2,4016.0,0.0,0.0,0.0,0.0,0.0,59
2023-05-10 22:53:04,b2403,b2403,4016.0,0.0,0.0,0.0,2,3915.0,4036.0,3,4016.0,0.0,0.0,0.0,0.0,0.0,59
2023-05-10 22:53:10,b2403,b2403,4016.0,0.0,0.0,0.0,2,3915.0,4035.0,2,4016.0,0.0,0.0,0.0,0.0,0.0,59
2023-05-10 22:53:12,b2403,b2403,4016.0,0.0,0.0,0.0,2,3915.0,4034.0,2,4016.0,0.0,0.0,0.0,0.0,0.0,59
2023-05-10 22:53:13,b2403,b2403,4016.0,0.0,0.0,0.0,2,3915.0,4033.0,2,4016.0,0.0,0.0,0.0,0.0,0.0,59
2023-05-10 22:53:18,b2403,b2403,4016.0,0.0,0.0,0.0,2,3915.0,4032.0,2,4016.0,0.0,0.0,0.0,0.0,0.0,59
2023-05-10 22:53:19,b2403,b2403,4016.0,0.0,0.0,0.0,2,3915.0,4031.0,2,4016.0,0.0,0.0,0.0,0.0,0.0,59
2023-05-10 22:53:22,b2403,b2403,4016.0,0.0,0.0,0.0,2,3915.0,4030.0,2,4016.0,0.0,0.0,0.0,0.0,0.0,59
2023-05-10 22:53:28,b2403,b2403,4016.0,0.0,0.0,0.0,2,3915.0,4029.0,2,4016.0,0.0,0.0,0.0,0.0,0.0,59
2023-05-10 22:53:34,b2403,b2403,4016.0,0.0,0.0,0.0,2,3915.0,4028.0,2,4016.0,0.0,0.0,0.0,0.0,0.0,59
2023-05-10 22:53:37,b2403,b2403,4016.0,0.0,0.0,0.0,2,3915.0,4028.0,4,4016.0,0.0,0.0,0.0,0.0,0.0,59
2023-05-10 22:53:40,b2403,b2403,4016.0,0.0,0.0,0.0,3,3915.0,4028.0,4,4016.0,0.0,0.0,0.0,0.0,0.0,59
2023-05-10 22:53:44,b2403,b2403,4016.0,0.0,0.0,0.0,3,3915.0,4027.0,2,4016.0,0.0,0.0,0.0,0.0,0.0,59
2023-05-10 22:53:47,b2403,b2403,4016.0,0.0,0.0,0.0,3,3915.0,4026.0,2,4016.0,0.0,0.0,0.0,0.0,0.0,59
2023-05-10 22:53:48,b2403,b2403,4016.0,0.0,0.0,0.0,3,3915.0,4025.0,2,4016.0,0.0,0.0,0.0,0.0,0.0,59
2023-05-10 22:53:49,b2403,b2403,4016.0,0.0,0.0,0.0,3,3915.0,4025.0,3,4016.0,0.0,0.0,0.0,0.0,0.0,59
2023-05-10 22:53:51,b2403,b2403,4016.0,0.0,0.0,0.0,3,3915.0,4024.0,2,4016.0,0.0,0.0,0.0,0.0,0.0,59
2023-05-10 22:54:08,b2403,b2403,4016.0,0.0,0.0,0.0,3,3915.0,4023.0,2,4016.0,0.0,0.0,0.0,0.0,0.0,59
2023-05-10 22:54:12,b2403,b2403,4016.0,0.0,0.0,0.0,3,3915.0,4022.0,2,4016.0,0.0,0.0,0.0,0.0,0.0,59
2023-05-10 22:55:03,b2403,b2403,4016.0,0.0,0.0,0.0,3,3915.0,4021.0,2,4016.0,0.0,0.0,0.0,0.0,0.0,59
2023-05-10 22:55:06,b2403,b2403,4016.0,0.0,0.0,0.0,3,3915.0,4020.0,2,4016.0,0.0,0.0,0.0,0.0,0.0,59
2023-05-10 22:55:10,b2403,b2403,4016.0,0.0,0.0,0.0,3,3915.0,4019.0,2,4016.0,0.0,0.0,0.0,0.0,0.0,59
2023-05-10 22:55:14,b2403,b2403,4016.0,0.0,0.0,0.0,3,3915.0,4018.0,2,4016.0,0.0,0.0,0.0,0.0,0.0,59
2023-05-10 22:55:32,b2403,b2403,4016.0,0.0,0.0,0.0,3,3915.0,4017.0,2,4016.0,0.0,0.0,0.0,0.0,0.0,59
2023-05-10 22:55:39,b2403,b2403,4016.0,0.0,0.0,0.0,3,3915.0,4016.0,1,4016.0,0.0,0.0,0.0,0.0,0.0,59
2023-05-10 22:55:40,b2403,b2403,4016.0,0.0,0.0,0.0,3,3915.0,4015.0,3,4016.0,0.0,0.0,0.0,0.0,0.0,59
2023-05-10 22:55:47,b2403,b2403,4016.0,0.0,0.0,0.0,3,3915.0,4014.0,2,4016.0,0.0,0.0,0.0,0.0,0.0,59
2023-05-10 22:58:40,b2403,b2403,4016.0,0.0,0.0,0.0,2,3915.0,4014.0,2,4016.0,0.0,0.0,0.0,0.0,0.0,59
2023-05-10 22:58:42,b2403,b2403,4016.0,0.0,0.0,0.0,3,3915.0,4014.0,2,4016.0,0.0,0.0,0.0,0.0,0.0,59
2023-05-10 22:59:47,b2403,b2403,4016.0,0.0,0.0,0.0,3,3915.0,4025.0,1,4016.0,0.0,0.0,0.0,0.0,0.0,59
2023-05-10 22:59:48,b2403,b2403,4016.0,0.0,0.0,0.0,3,3915.0,4061.0,1,4016.0,0.0,0.0,0.0,0.0,0.0,59
2023-05-10 22:59:48,b2403,b2403,4016.0,0.0,0.0,0.0,3,3915.0,4063.0,1,4016.0,0.0,0.0,0.0,0.0,0.0,59
2023-05-10 22:59:49,b2403,b2403,4016.0,0.0,0.0,0.0,3,3915.0,4060.0,2,4016.0,0.0,0.0,0.0,0.0,0.0,59
2023-05-10 22:59:55,b2403,b2403,4016.0,0.0,0.0,0.0,3,3915.0,4067.0,1,4016.0,0.0,0.0,0.0,0.0,0.0,59
2023-05-10 22:59:55,b2403,b2403,4016.0,0.0,0.0,0.0,3,3915.0,4071.0,1,4016.0,0.0,0.0,0.0,0.0,0.0,59
2023-05-10 22:59:56,b2403,b2403,4016.0,0.0,0.0,0.0,3,3915.0,4075.0,1,4016.0,0.0,0.0,0.0,0.0,0.0,59
2023-05-10 22:59:56,b2403,b2403,4016.0,0.0,0.0,0.0,2,3915.0,4084.0,2,4016.0,0.0,0.0,0.0,0.0,0.0,59
2023-05-10 22:59:57,b2403,b2403,4016.0,0.0,0.0,0.0,1,3915.0,4084.0,2,4016.0,0.0,0.0,0.0,0.0,0.0,59
2023-05-11 09:00:00,b2403,b2403,4016.0,0.0,0.0,0.0,1,3916.0,4084.0,2,4016.0,0.0,0.0,0.0,0.0,0.0,59
2023-05-11 09:00:00,b2403,b2403,4016.0,0.0,0.0,0.0,1,3916.0,4084.0,3,4016.0,0.0,0.0,0.0,0.0,0.0,59
2023-05-11 09:00:03,b2403,b2403,4016.0,0.0,0.0,0.0,1,3916.0,4083.0,6,4016.0,0.0,0.0,0.0,0.0,0.0,59
2023-05-11 09:00:06,b2403,b2403,4016.0,0.0,0.0,0.0,1,3916.0,4082.0,1,4016.0,0.0,0.0,0.0,0.0,0.0,59
2023-05-11 09:00:12,b2403,b2403,4016.0,0.0,0.0,0.0,1,3916.0,4081.0,1,4016.0,0.0,0.0,0.0,0.0,0.0,59
2023-05-11 09:00:13,b2403,b2403,4016.0,0.0,0.0,0.0,1,3916.0,4081.0,3,4016.0,0.0,0.0,0.0,0.0,0.0,59
2023-05-11 09:00:18,b2403,b2403,4016.0,0.0,0.0,0.0,1,3916.0,4080.0,1,4016.0,0.0,0.0,0.0,0.0,0.0,59
2023-05-11 09:00:21,b2403,b2403,4016.0,0.0,0.0,0.0,1,3916.0,4080.0,3,4016.0,0.0,0.0,0.0,0.0,0.0,59
2023-05-11 09:00:22,b2403,b2403,4016.0,0.0,0.0,0.0,1,3916.0,4079.0,3,4016.0,0.0,0.0,0.0,0.0,0.0,59
2023-05-11 09:00:28,b2403,b2403,4016.0,0.0,0.0,0.0,1,3916.0,4078.0,1,4016.0,0.0,0.0,0.0,0.0,0.0,59
2023-05-11 09:00:35,b2403,b2403,4016.0,0.0,0.0,0.0,1,3916.0,4077.0,3,4016.0,0.0,0.0,0.0,0.0,0.0,59
2023-05-11 09:00:41,b2403,b2403,4016.0,0.0,0.0,0.0,1,3916.0,4076.0,1,4016.0,0.0,0.0,0.0,0.0,0.0,59
2023-05-11 09:00:47,b2403,b2403,4016.0,0.0,0.0,0.0,1,3916.0,4075.0,2,4016.0,0.0,0.0,0.0,0.0,0.0,59
2023-05-11 09:00:53,b2403,b2403,4016.0,0.0,0.0,0.0,1,3916.0,4074.0,2,4016.0,0.0,0.0,0.0,0.0,0.0,59
2023-05-11 09:00:59,b2403,b2403,4016.0,0.0,0.0,0.0,1,3916.0,4073.0,2,4016.0,0.0,0.0,0.0,0.0,0.0,59
2023-05-11 09:01:06,b2403,b2403,4016.0,0.0,0.0,0.0,1,3916.0,4072.0,3,4016.0,0.0,0.0,0.0,0.0,0.0,59
2023-05-11 09:01:06,b2403,b2403,4016.0,0.0,0.0,0.0,1,3916.0,4072.0,4,4016.0,0.0,0.0,0.0,0.0,0.0,59
2023-05-11 09:01:07,b2403,b2403,4016.0,0.0,0.0,0.0,1,3916.0,4071.0,2,4016.0,0.0,0.0,0.0,0.0,0.0,59
2023-05-11 09:01:13,b2403,b2403,4016.0,0.0,0.0,0.0,1,3916.0,4070.0,2,4016.0,0.0,0.0,0.0,0.0,0.0,59
2023-05-11 09:01:19,b2403,b2403,4016.0,0.0,0.0,0.0,1,3917.0,4069.0,2,4016.0,0.0,0.0,0.0,0.0,0.0,59
2023-05-11 09:01:25,b2403,b2403,4016.0,0.0,0.0,0.0,1,3917.0,4068.0,1,4016.0,0.0,0.0,0.0,0.0,0.0,59
2023-05-11 09:01:26,b2403,b2403,4016.0,0.0,0.0,0.0,1,3917.0,4068.0,3,4016.0,0.0,0.0,0.0,0.0,0.0,59
2023-05-11 09:01:38,b2403,b2403,4016.0,0.0,0.0,0.0,1,3917.0,4067.0,1,4016.0,0.0,0.0,0.0,0.0,0.0,59
2023-05-11 09:01:38,b2403,b2403,4016.0,0.0,0.0,0.0,1,3917.0,4067.0,2,4016.0,0.0,0.0,0.0,0.0,0.0,59
2023-05-11 09:01:50,b2403,b2403,4016.0,0.0,0.0,0.0,1,3917.0,4066.0,4,4016.0,0.0,0.0,0.0,0.0,0.0,59
2023-05-11 09:01:51,b2403,b2403,4016.0,0.0,0.0,0.0,1,3917.0,4065.0,2,4016.0,0.0,0.0,0.0,0.0,0.0,59
2023-05-11 09:01:57,b2403,b2403,4016.0,0.0,0.0,0.0,1,3917.0,4064.0,2,4016.0,0.0,0.0,0.0,0.0,0.0,59
2023-05-11 09:02:04,b2403,b2403,4016.0,0.0,0.0,0.0,1,3917.0,4063.0,2,4016.0,0.0,0.0,0.0,0.0,0.0,59
2023-05-11 09:02:10,b2403,b2403,4016.0,0.0,0.0,0.0,1,3917.0,4062.0,2,4016.0,0.0,0.0,0.0,0.0,0.0,59
2023-05-11 09:02:22,b2403,b2403,4016.0,0.0,0.0,0.0,1,3917.0,4061.0,1,4016.0,0.0,0.0,0.0,0.0,0.0,59
2023-05-11 09:02:22,b2403,b2403,4016.0,0.0,0.0,0.0,1,3917.0,4061.0,2,4016.0,0.0,0.0,0.0,0.0,0.0,59
2023-05-11 09:02:34,b2403,b2403,4016.0,0.0,0.0,0.0,1,3917.0,4060.0,2,4016.0,0.0,0.0,0.0,0.0,0.0,59
2023-05-11 09:02:35,b2403,b2403,4016.0,0.0,0.0,0.0,1,3917.0,4060.0,4,4016.0,0.0,0.0,0.0,0.0,0.0,59
2023-05-11 09:02:35,b2403,b2403,4016.0,0.0,0.0,0.0,1,3917.0,4059.0,2,4016.0,0.0,0.0,0.0,0.0,0.0,59
2023-05-11 09:02:37,b2403,b2403,4016.0,0.0,0.0,0.0,1,3917.0,4058.0,2,4016.0,0.0,0.0,0.0,0.0,0.0,59
2023-05-11 09:02:43,b2403,b2403,4016.0,0.0,0.0,0.0,1,3917.0,4057.0,2,4016.0,0.0,0.0,0.0,0.0,0.0,59
2023-05-11 09:02:50,b2403,b2403,4016.0,0.0,0.0,0.0,1,3917.0,4056.0,1,4016.0,0.0,0.0,0.0,0.0,0.0,59
2023-05-11 09:02:56,b2403,b2403,4016.0,0.0,0.0,0.0,1,3917.0,4055.0,3,4016.0,0.0,0.0,0.0,0.0,0.0,59
2023-05-11 09:03:00,b2403,b2403,4016.0,0.0,0.0,0.0,1,3917.0,4054.0,2,4016.0,0.0,0.0,0.0,0.0,0.0,59
2023-05-11 09:03:00,b2403,b2403,4016.0,0.0,0.0,0.0,1,3917.0,4054.0,6,4016.0,0.0,0.0,0.0,0.0,0.0,59
2023-05-11 09:03:01,b2403,b2403,4016.0,0.0,0.0,0.0,1,3917.0,4053.0,3,4016.0,0.0,0.0,0.0,0.0,0.0,59
2023-05-11 09:03:01,b2403,b2403,4016.0,0.0,0.0,0.0,1,3917.0,4053.0,4,4016.0,0.0,0.0,0.0,0.0,0.0,59
2023-05-11 09:03:02,b2403,b2403,4016.0,0.0,0.0,0.0,1,3917.0,4049.0,2,4016.0,0.0,0.0,0.0,0.0,0.0,59
2023-05-11 09:03:03,b2403,b2403,4016.0,0.0,0.0,0.0,1,3917.0,4049.0,3,4016.0,0.0,0.0,0.0,0.0,0.0,59
2023-05-11 09:03:09,b2403,b2403,4016.0,0.0,0.0,0.0,1,3917.0,4048.0,8,4016.0,0.0,0.0,0.0,0.0,0.0,59
2023-05-11 09:03:19,b2403,b2403,4016.0,0.0,0.0,0.0,1,3917.0,4047.0,2,4016.0,0.0,0.0,0.0,0.0,0.0,59
2023-05-11 09:03:21,b2403,b2403,4016.0,0.0,0.0,0.0,1,3917.0,4046.0,8,4016.0,0.0,0.0,0.0,0.0,0.0,59
2023-05-11 09:03:32,b2403,b2403,4016.0,0.0,0.0,0.0,1,3917.0,4045.0,1,4016.0,0.0,0.0,0.0,0.0,0.0,59
2023-05-11 09:03:38,b2403,b2403,4016.0,0.0,0.0,0.0,1,3917.0,4044.0,6,4016.0,0.0,0.0,0.0,0.0,0.0,59
2023-05-11 09:03:52,b2403,b2403,4016.0,0.0,0.0,0.0,1,3917.0,4044.0,8,4016.0,0.0,0.0,0.0,0.0,0.0,59
2023-05-11 09:04:03,b2403,b2403,4016.0,0.0,0.0,0.0,1,3917.0,4043.0,2,4016.0,0.0,0.0,0.0,0.0,0.0,59
2023-05-11 09:04:05,b2403,b2403,4016.0,0.0,0.0,0.0,1,3917.0,4042.0,4,4016.0,0.0,0.0,0.0,0.0,0.0,59
2023-05-11 09:04:06,b2403,b2403,4016.0,0.0,0.0,0.0,1,3917.0,4041.0,2,4016.0,0.0,0.0,0.0,0.0,0.0,59
2023-05-11 09:04:09,b2403,b2403,4016.0,0.0,0.0,0.0,1,3917.0,4040.0,4,4016.0,0.0,0.0,0.0,0.0,0.0,59
2023-05-11 09:04:15,b2403,b2403,4016.0,0.0,0.0,0.0,1,3917.0,4039.0,2,4016.0,0.0,0.0,0.0,0.0,0.0,59
2023-05-11 09:04:21,b2403,b2403,4016.0,0.0,0.0,0.0,1,3917.0,4038.0,4,4016.0,0.0,0.0,0.0,0.0,0.0,59
2023-05-11 09:04:27,b2403,b2403,4016.0,0.0,0.0,0.0,1,3917.0,4037.0,2,4016.0,0.0,0.0,0.0,0.0,0.0,59
2023-05-11 09:04:31,b2403,b2403,4016.0,0.0,0.0,0.0,1,3917.0,4036.0,4,4016.0,0.0,0.0,0.0,0.0,0.0,59
2023-05-11 09:04:32,b2403,b2403,4016.0,0.0,0.0,0.0,1,3917.0,4035.0,2,4016.0,0.0,0.0,0.0,0.0,0.0,59
2023-05-11 09:04:38,b2403,b2403,4016.0,0.0,0.0,0.0,1,3917.0,4034.0,3,4016.0,0.0,0.0,0.0,0.0,0.0,59
2023-05-11 09:04:45,b2403,b2403,4016.0,0.0,0.0,0.0,1,3917.0,4033.0,1,4016.0,0.0,0.0,0.0,0.0,0.0,59
2023-05-11 09:04:45,b2403,b2403,4016.0,0.0,0.0,0.0,1,3917.0,4033.0,2,4016.0,0.0,0.0,0.0,0.0,0.0,59
2023-05-11 09:04:48,b2403,b2403,4016.0,0.0,0.0,0.0,1,3917.0,4032.0,2,4016.0,0.0,0.0,0.0,0.0,0.0,59
2023-05-11 09:04:51,b2403,b2403,4016.0,0.0,0.0,0.0,1,3917.0,4031.0,4,4016.0,0.0,0.0,0.0,0.0,0.0,59
2023-05-11 09:05:32,b2403,b2403,4016.0,0.0,0.0,0.0,1,3917.0,4030.0,2,4016.0,0.0,0.0,0.0,0.0,0.0,59
2023-05-11 09:05:34,b2403,b2403,4016.0,0.0,0.0,0.0,1,3917.0,4029.0,2,4016.0,0.0,0.0,0.0,0.0,0.0,59
2023-05-11 09:05:40,b2403,b2403,4016.0,0.0,0.0,0.0,1,3917.0,4028.0,2,4016.0,0.0,0.0,0.0,0.0,0.0,59
2023-05-11 09:05:41,b2403,b2403,4016.0,0.0,0.0,0.0,1,3917.0,4027.0,2,4016.0,0.0,0.0,0.0,0.0,0.0,59
2023-05-11 09:05:59,b2403,b2403,4016.0,0.0,0.0,0.0,1,3917.0,4026.0,2,4016.0,0.0,0.0,0.0,0.0,0.0,59
2023-05-11 09:06:00,b2403,b2403,4016.0,0.0,0.0,0.0,1,3917.0,4025.0,2,4016.0,0.0,0.0,0.0,0.0,0.0,59
2023-05-11 09:06:06,b2403,b2403,4016.0,0.0,0.0,0.0,1,3917.0,4024.0,2,4016.0,0.0,0.0,0.0,0.0,0.0,59
2023-05-11 09:06:12,b2403,b2403,4016.0,0.0,0.0,0.0,1,3917.0,4023.0,2,4016.0,0.0,0.0,0.0,0.0,0.0,59
2023-05-11 09:06:15,b2403,b2403,4016.0,0.0,0.0,0.0,1,3917.0,4022.0,2,4016.0,0.0,0.0,0.0,0.0,0.0,59
2023-05-11 09:06:18,b2403,b2403,4016.0,0.0,0.0,0.0,1,3917.0,4021.0,2,4016.0,0.0,0.0,0.0,0.0,0.0,59
2023-05-11 09:06:19,b2403,b2403,4016.0,0.0,0.0,0.0,1,3917.0,4020.0,2,4016.0,0.0,0.0,0.0,0.0,0.0,59
2023-05-11 09:06:21,b2403,b2403,4016.0,0.0,0.0,0.0,1,3916.0,4020.0,2,4016.0,0.0,0.0,0.0,0.0,0.0,59
2023-05-11 09:06:22,b2403,b2403,4016.0,0.0,0.0,0.0,1,3918.0,4020.0,2,4016.0,0.0,0.0,0.0,0.0,0.0,59
2023-05-11 09:06:25,b2403,b2403,4016.0,0.0,0.0,0.0,1,3918.0,4019.0,2,4016.0,0.0,0.0,0.0,0.0,0.0,59
2023-05-11 09:06:31,b2403,b2403,4016.0,0.0,0.0,0.0,1,3918.0,4018.0,2,4016.0,0.0,0.0,0.0,0.0,0.0,59
2023-05-11 09:07:00,b2403,b2403,4016.0,0.0,0.0,0.0,1,3918.0,4017.0,2,4016.0,0.0,0.0,0.0,0.0,0.0,59
2023-05-11 09:07:01,b2403,b2403,4016.0,0.0,0.0,0.0,1,3918.0,4016.0,2,4016.0,0.0,0.0,0.0,0.0,0.0,59
2023-05-11 09:07:37,b2403,b2403,4016.0,0.0,0.0,0.0,1,3918.0,4017.0,2,4016.0,0.0,0.0,0.0,0.0,0.0,59
2023-05-11 09:07:38,b2403,b2403,4016.0,0.0,0.0,0.0,1,3918.0,4017.0,3,4016.0,0.0,0.0,0.0,0.0,0.0,59
2023-05-11 09:08:05,b2403,b2403,4016.0,0.0,0.0,0.0,1,3918.0,4017.0,2,4016.0,0.0,0.0,0.0,0.0,0.0,59
2023-05-11 09:08:33,b2403,b2403,4016.0,0.0,0.0,0.0,1,3926.0,4017.0,2,4016.0,0.0,0.0,0.0,0.0,0.0,59
2023-05-11 09:09:18,b2403,b2403,4016.0,0.0,0.0,0.0,1,3927.0,4017.0,2,4016.0,0.0,0.0,0.0,0.0,0.0,59
2023-05-11 09:11:23,b2403,b2403,4016.0,0.0,0.0,0.0,1,3926.0,4017.0,2,4016.0,0.0,0.0,0.0,0.0,0.0,59
2023-05-11 09:11:58,b2403,b2403,4016.0,0.0,0.0,0.0,1,3926.0,4024.0,1,4016.0,0.0,0.0,0.0,0.0,0.0,59
2023-05-11 09:12:07,b2403,b2403,4016.0,0.0,0.0,0.0,1,3926.0,4023.0,2,4016.0,0.0,0.0,0.0,0.0,0.0,59
2023-05-11 09:12:09,b2403,b2403,4016.0,0.0,0.0,0.0,1,3926.0,4022.0,2,4016.0,0.0,0.0,0.0,0.0,0.0,59
2023-05-11 09:12:53,b2403,b2403,4016.0,0.0,0.0,0.0,1,3926.0,4021.0,2,4016.0,0.0,0.0,0.0,0.0,0.0,59
2023-05-11 09:12:58,b2403,b2403,4016.0,0.0,0.0,0.0,1,3926.0,4020.0,4,4016.0,0.0,0.0,0.0,0.0,0.0,59
2023-05-11 09:14:22,b2403,b2403,4016.0,0.0,0.0,0.0,1,3926.0,4019.0,2,4016.0,0.0,0.0,0.0,0.0,0.0,59
2023-05-11 09:14:28,b2403,b2403,4016.0,0.0,0.0,0.0,1,3926.0,4018.0,2,4016.0,0.0,0.0,0.0,0.0,0.0,59
2023-05-11 09:14:29,b2403,b2403,4016.0,0.0,0.0,0.0,1,3926.0,4018.0,4,4016.0,0.0,0.0,0.0,0.0,0.0,59
2023-05-11 09:15:48,b2403,b2403,4016.0,0.0,0.0,0.0,1,3926.0,4017.0,2,4016.0,0.0,0.0,0.0,0.0,0.0,59
2023-05-11 09:15:49,b2403,b2403,4016.0,0.0,0.0,0.0,1,3926.0,4016.0,4,4016.0,0.0,0.0,0.0,0.0,0.0,59
2023-05-11 09:16:32,b2403,b2403,4016.0,0.0,0.0,0.0,1,3926.0,4015.0,2,4016.0,0.0,0.0,0.0,0.0,0.0,59
2023-05-11 09:16:33,b2403,b2403,4016.0,0.0,0.0,0.0,1,3926.0,4014.0,2,4016.0,0.0,0.0,0.0,0.0,0.0,59
2023-05-11 09:17:15,b2403,b2403,4016.0,0.0,0.0,0.0,1,3926.0,4013.0,2,4016.0,0.0,0.0,0.0,0.0,0.0,59
2023-05-11 09:17:16,b2403,b2403,4016.0,0.0,0.0,0.0,1,3926.0,4012.0,2,4016.0,0.0,0.0,0.0,0.0,0.0,59
2023-05-11 09:17:58,b2403,b2403,4016.0,0.0,0.0,0.0,1,3926.0,4011.0,2,4016.0,0.0,0.0,0.0,0.0,0.0,59
2023-05-11 09:20:53,b2403,b2403,4016.0,0.0,0.0,0.0,1,3926.0,4011.0,4,4016.0,0.0,0.0,0.0,0.0,0.0,59
2023-05-11 09:20:56,b2403,b2403,4016.0,0.0,0.0,0.0,1,3926.0,4011.0,6,4016.0,0.0,0.0,0.0,0.0,0.0,59
2023-05-11 09:22:38,b2403,b2403,4016.0,0.0,0.0,0.0,1,3926.0,4011.0,2,4016.0,0.0,0.0,0.0,0.0,0.0,59
2023-05-11 09:22:57,b2403,b2403,4016.0,0.0,0.0,0.0,1,3926.0,4017.0,1,4016.0,0.0,0.0,0.0,0.0,0.0,59
2023-05-11 09:22:57,b2403,b2403,4016.0,0.0,0.0,0.0,1,3926.0,4021.0,1,4016.0,0.0,0.0,0.0,0.0,0.0,59
2023-05-11 09:22:58,b2403,b2403,4016.0,0.0,0.0,0.0,1,3926.0,4024.0,1,4016.0,0.0,0.0,0.0,0.0,0.0,59
2023-05-11 09:22:58,b2403,b2403,4016.0,0.0,0.0,0.0,1,3926.0,4026.0,1,4016.0,0.0,0.0,0.0,0.0,0.0,59
2023-05-11 09:23:00,b2403,b2403,4016.0,0.0,0.0,0.0,1,3926.0,4020.0,2,4016.0,0.0,0.0,0.0,0.0,0.0,59
2023-05-11 09:23:44,b2403,b2403,4016.0,0.0,0.0,0.0,1,3926.0,4019.0,1,4016.0,0.0,0.0,0.0,0.0,0.0,59
2023-05-11 09:23:45,b2403,b2403,4016.0,0.0,0.0,0.0,1,3926.0,4019.0,4,4016.0,0.0,0.0,0.0,0.0,0.0,59
2023-05-11 09:24:25,b2403,b2403,4016.0,0.0,0.0,0.0,1,3926.0,4018.0,2,4016.0,0.0,0.0,0.0,0.0,0.0,59
2023-05-11 09:24:27,b2403,b2403,4016.0,0.0,0.0,0.0,1,3926.0,4017.0,1,4016.0,0.0,0.0,0.0,0.0,0.0,59
2023-05-11 09:24:27,b2403,b2403,4016.0,0.0,0.0,0.0,1,3926.0,4016.0,3,4016.0,0.0,0.0,0.0,0.0,0.0,59
2023-05-11 09:24:31,b2403,b2403,4016.0,0.0,0.0,0.0,1,3926.0,4015.0,1,4016.0,0.0,0.0,0.0,0.0,0.0,59
2023-05-11 09:24:33,b2403,b2403,4016.0,0.0,0.0,0.0,1,3926.0,4014.0,3,4016.0,0.0,0.0,0.0,0.0,0.0,59
2023-05-11 09:24:39,b2403,b2403,4016.0,0.0,0.0,0.0,1,3926.0,4013.0,1,4016.0,0.0,0.0,0.0,0.0,0.0,59
2023-05-11 09:24:46,b2403,b2403,4016.0,0.0,0.0,0.0,1,3926.0,4012.0,2,4016.0,0.0,0.0,0.0,0.0,0.0,59
2023-05-11 09:24:46,b2403,b2403,4016.0,0.0,0.0,0.0,1,3926.0,4012.0,3,4016.0,0.0,0.0,0.0,0.0,0.0,59
2023-05-11 09:24:52,b2403,b2403,4016.0,0.0,0.0,0.0,1,3926.0,4011.0,1,4016.0,0.0,0.0,0.0,0.0,0.0,59
2023-05-11 09:24:53,b2403,b2403,4016.0,0.0,0.0,0.0,1,3926.0,4011.0,2,4016.0,0.0,0.0,0.0,0.0,0.0,59
2023-05-11 09:24:58,b2403,b2403,4016.0,0.0,0.0,0.0,1,3926.0,4011.0,4,4016.0,0.0,0.0,0.0,0.0,0.0,59
2023-05-11 09:25:08,b2403,b2403,4016.0,0.0,0.0,0.0,1,3926.0,4010.0,2,4016.0,0.0,0.0,0.0,0.0,0.0,59
2023-05-11 09:25:08,b2403,b2403,4016.0,0.0,0.0,0.0,1,3926.0,4010.0,3,4016.0,0.0,0.0,0.0,0.0,0.0,59
2023-05-11 09:30:07,b2403,b2403,4016.0,0.0,0.0,0.0,1,3926.0,4010.0,1,4016.0,0.0,0.0,0.0,0.0,0.0,59
2023-05-11 09:30:09,b2403,b2403,4016.0,0.0,0.0,0.0,1,3926.0,4083.0,1,4016.0,0.0,0.0,0.0,0.0,0.0,59
2023-05-11 09:30:10,b2403,b2403,4016.0,0.0,0.0,0.0,1,3926.0,4082.0,2,4016.0,0.0,0.0,0.0,0.0,0.0,59
2023-05-11 09:30:10,b2403,b2403,4016.0,0.0,0.0,0.0,1,3926.0,4082.0,3,4016.0,0.0,0.0,0.0,0.0,0.0,59
2023-05-11 09:30:14,b2403,b2403,4016.0,0.0,0.0,0.0,1,3926.0,4081.0,1,4016.0,0.0,0.0,0.0,0.0,0.0,59
2023-05-11 09:30:14,b2403,b2403,4016.0,0.0,0.0,0.0,1,3926.0,4081.0,4,4016.0,0.0,0.0,0.0,0.0,0.0,59
2023-05-11 09:30:15,b2403,b2403,4016.0,0.0,0.0,0.0,1,3926.0,4077.0,2,4016.0,0.0,0.0,0.0,0.0,0.0,59
2023-05-11 09:30:21,b2403,b2403,4016.0,0.0,0.0,0.0,1,3926.0,4076.0,4,4016.0,0.0,0.0,0.0,0.0,0.0,59
2023-05-11 09:30:21,b2403,b2403,4016.0,0.0,0.0,0.0,1,3926.0,4075.0,2,4016.0,0.0,0.0,0.0,0.0,0.0,59
2023-05-11 09:30:22,b2403,b2403,4016.0,0.0,0.0,0.0,1,3926.0,4075.0,4,4016.0,0.0,0.0,0.0,0.0,0.0,59
2023-05-11 09:30:22,b2403,b2403,4016.0,0.0,0.0,0.0,1,3926.0,4074.0,2,4016.0,0.0,0.0,0.0,0.0,0.0,59
2023-05-11 09:30:27,b2403,b2403,4016.0,0.0,0.0,0.0,1,3926.0,4073.0,4,4016.0,0.0,0.0,0.0,0.0,0.0,59
2023-05-11 09:30:28,b2403,b2403,4016.0,0.0,0.0,0.0,1,3926.0,4072.0,2,4016.0,0.0,0.0,0.0,0.0,0.0,59
2023-05-11 09:30:28,b2403,b2403,4016.0,0.0,0.0,0.0,1,3926.0,4068.0,2,4016.0,0.0,0.0,0.0,0.0,0.0,59
2023-05-11 09:30:31,b2403,b2403,4016.0,0.0,0.0,0.0,1,3926.0,4067.0,6,4016.0,0.0,0.0,0.0,0.0,0.0,59
2023-05-11 09:30:31,b2403,b2403,4016.0,0.0,0.0,0.0,1,3926.0,4067.0,7,4016.0,0.0,0.0,0.0,0.0,0.0,59
2023-05-11 09:30:32,b2403,b2403,4016.0,0.0,0.0,0.0,1,3926.0,4051.0,2,4016.0,0.0,0.0,0.0,0.0,0.0,59
2023-05-11 09:30:32,b2403,b2403,4016.0,0.0,0.0,0.0,1,3926.0,4051.0,3,4016.0,0.0,0.0,0.0,0.0,0.0,59
2023-05-11 09:30:37,b2403,b2403,4016.0,0.0,0.0,0.0,1,3926.0,4050.0,2,4016.0,0.0,0.0,0.0,0.0,0.0,59
2023-05-11 09:30:37,b2403,b2403,4016.0,0.0,0.0,0.0,1,3926.0,4049.0,6,4016.0,0.0,0.0,0.0,0.0,0.0,59
2023-05-11 09:30:39,b2403,b2403,4016.0,0.0,0.0,0.0,1,3926.0,4048.0,2,4016.0,0.0,0.0,0.0,0.0,0.0,59
2023-05-11 09:30:43,b2403,b2403,4016.0,0.0,0.0,0.0,1,3926.0,4047.0,2,4016.0,0.0,0.0,0.0,0.0,0.0,59
2023-05-11 09:30:44,b2403,b2403,4016.0,0.0,0.0,0.0,1,3926.0,4046.0,3,4016.0,0.0,0.0,0.0,0.0,0.0,59
2023-05-11 09:30:44,b2403,b2403,4016.0,0.0,0.0,0.0,1,3926.0,4042.0,2,4016.0,0.0,0.0,0.0,0.0,0.0,59
2023-05-11 09:30:49,b2403,b2403,4016.0,0.0,0.0,0.0,1,3926.0,4041.0,2,4016.0,0.0,0.0,0.0,0.0,0.0,59
2023-05-11 09:30:50,b2403,b2403,4016.0,0.0,0.0,0.0,1,3926.0,4040.0,2,4016.0,0.0,0.0,0.0,0.0,0.0,59
2023-05-11 09:30:50,b2403,b2403,4016.0,0.0,0.0,0.0,1,3926.0,4038.0,1,4016.0,0.0,0.0,0.0,0.0,0.0,59
2023-05-11 09:30:57,b2403,b2403,4016.0,0.0,0.0,0.0,1,3926.0,4037.0,1,4016.0,0.0,0.0,0.0,0.0,0.0,59
2023-05-11 09:30:57,b2403,b2403,4016.0,0.0,0.0,0.0,1,3926.0,4036.0,2,4016.0,0.0,0.0,0.0,0.0,0.0,59
2023-05-11 09:31:03,b2403,b2403,4016.0,0.0,0.0,0.0,1,3926.0,4035.0,4,4016.0,0.0,0.0,0.0,0.0,0.0,59
2023-05-11 09:31:03,b2403,b2403,4016.0,0.0,0.0,0.0,1,3926.0,4035.0,5,4016.0,0.0,0.0,0.0,0.0,0.0,59
2023-05-11 09:31:09,b2403,b2403,4016.0,0.0,0.0,0.0,1,3926.0,4034.0,2,4016.0,0.0,0.0,0.0,0.0,0.0,59
2023-05-11 09:31:15,b2403,b2403,4016.0,0.0,0.0,0.0,1,3926.0,4033.0,3,4016.0,0.0,0.0,0.0,0.0,0.0,59
2023-05-11 09:31:21,b2403,b2403,4016.0,0.0,0.0,0.0,1,3926.0,4032.0,3,4016.0,0.0,0.0,0.0,0.0,0.0,59
2023-05-11 09:31:33,b2403,b2403,4016.0,0.0,0.0,0.0,1,3926.0,4031.0,2,4016.0,0.0,0.0,0.0,0.0,0.0,59
2023-05-11 09:31:34,b2403,b2403,4016.0,0.0,0.0,0.0,1,3926.0,4030.0,4,4016.0,0.0,0.0,0.0,0.0,0.0,59
2023-05-11 09:32:18,b2403,b2403,4016.0,0.0,0.0,0.0,1,3926.0,4029.0,2,4016.0,0.0,0.0,0.0,0.0,0.0,59
2023-05-11 09:32:19,b2403,b2403,4016.0,0.0,0.0,0.0,1,3926.0,4028.0,4,4016.0,0.0,0.0,0.0,0.0,0.0,59
2023-05-11 09:33:02,b2403,b2403,4016.0,0.0,0.0,0.0,1,3926.0,4027.0,2,4016.0,0.0,0.0,0.0,0.0,0.0,59
2023-05-11 09:33:03,b2403,b2403,4016.0,0.0,0.0,0.0,1,3926.0,4026.0,4,4016.0,0.0,0.0,0.0,0.0,0.0,59
2023-05-11 09:33:46,b2403,b2403,4016.0,0.0,0.0,0.0,1,3926.0,4025.0,2,4016.0,0.0,0.0,0.0,0.0,0.0,59
2023-05-11 09:33:48,b2403,b2403,4016.0,0.0,0.0,0.0,1,3926.0,4024.0,1,4016.0,0.0,0.0,0.0,0.0,0.0,59
2023-05-11 09:33:53,b2403,b2403,4016.0,0.0,0.0,0.0,1,3926.0,4023.0,3,4016.0,0.0,0.0,0.0,0.0,0.0,59
2023-05-11 09:33:59,b2403,b2403,4016.0,0.0,0.0,0.0,1,3926.0,4022.0,1,4016.0,0.0,0.0,0.0,0.0,0.0,59
2023-05-11 09:34:03,b2403,b2403,4016.0,0.0,0.0,0.0,1,3926.0,4021.0,3,4016.0,0.0,0.0,0.0,0.0,0.0,59
2023-05-11 09:34:09,b2403,b2403,4016.0,0.0,0.0,0.0,1,3926.0,4020.0,1,4016.0,0.0,0.0,0.0,0.0,0.0,59
2023-05-11 09:34:12,b2403,b2403,4016.0,0.0,0.0,0.0,1,3926.0,4019.0,3,4016.0,0.0,0.0,0.0,0.0,0.0,59
2023-05-11 09:34:12,b2403,b2403,4016.0,0.0,0.0,0.0,1,3926.0,4019.0,4,4016.0,0.0,0.0,0.0,0.0,0.0,59
2023-05-11 09:34:18,b2403,b2403,4016.0,0.0,0.0,0.0,1,3926.0,4018.0,1,4016.0,0.0,0.0,0.0,0.0,0.0,59
2023-05-11 09:34:20,b2403,b2403,4016.0,0.0,0.0,0.0,1,3926.0,4017.0,3,4016.0,0.0,0.0,0.0,0.0,0.0,59
2023-05-11 09:34:26,b2403,b2403,4016.0,0.0,0.0,0.0,1,3926.0,4016.0,1,4016.0,0.0,0.0,0.0,0.0,0.0,59
2023-05-11 09:34:30,b2403,b2403,4016.0,0.0,0.0,0.0,1,3926.0,4015.0,2,4016.0,0.0,0.0,0.0,0.0,0.0,59
2023-05-11 09:34:38,b2403,b2403,4016.0,0.0,0.0,0.0,1,3926.0,4014.0,4,4016.0,0.0,0.0,0.0,0.0,0.0,59
2023-05-11 09:35:57,b2403,b2403,4016.0,0.0,0.0,0.0,1,3926.0,4013.0,2,4016.0,0.0,0.0,0.0,0.0,0.0,59
2023-05-11 09:35:59,b2403,b2403,4016.0,0.0,0.0,0.0,1,3926.0,4012.0,3,4016.0,0.0,0.0,0.0,0.0,0.0,59
2023-05-11 09:36:00,b2403,b2403,4016.0,0.0,0.0,0.0,1,3926.0,4011.0,1,4016.0,0.0,0.0,0.0,0.0,0.0,59
2023-05-11 09:36:06,b2403,b2403,4016.0,0.0,0.0,0.0,1,3926.0,4010.0,3,4016.0,0.0,0.0,0.0,0.0,0.0,59
2023-05-11 09:36:09,b2403,b2403,4016.0,0.0,0.0,0.0,1,3926.0,4009.0,1,4016.0,0.0,0.0,0.0,0.0,0.0,59
2023-05-11 09:36:10,b2403,b2403,4016.0,0.0,0.0,0.0,1,3926.0,4009.0,4,4016.0,0.0,0.0,0.0,0.0,0.0,59
2023-05-11 09:36:43,b2403,b2403,4016.0,0.0,0.0,0.0,1,3926.0,4008.0,2,4016.0,0.0,0.0,0.0,0.0,0.0,59
2023-05-11 09:37:13,b2403,b2403,4016.0,0.0,0.0,0.0,1,3926.0,4008.0,4,4016.0,0.0,0.0,0.0,0.0,0.0,59
2023-05-11 09:37:18,b2403,b2403,4016.0,0.0,0.0,0.0,1,3926.0,4008.0,5,4016.0,0.0,0.0,0.0,0.0,0.0,59
2023-05-11 09:37:19,b2403,b2403,4016.0,0.0,0.0,0.0,1,3926.0,4008.0,6,4016.0,0.0,0.0,0.0,0.0,0.0,59
2023-05-11 09:38:06,b2403,b2403,4016.0,0.0,0.0,0.0,1,3926.0,4008.0,5,4016.0,0.0,0.0,0.0,0.0,0.0,59
2023-05-11 09:38:11,b2403,b2403,4016.0,0.0,0.0,0.0,1,3926.0,4008.0,2,4016.0,0.0,0.0,0.0,0.0,0.0,59
2023-05-11 09:40:44,b2403,b2403,4016.0,0.0,0.0,0.0,1,3926.0,4007.0,2,4016.0,0.0,0.0,0.0,0.0,0.0,59
2023-05-11 09:40:49,b2403,b2403,4016.0,0.0,0.0,0.0,1,3926.0,4006.0,2,4016.0,0.0,0.0,0.0,0.0,0.0,59
2023-05-11 09:40:50,b2403,b2403,4016.0,0.0,0.0,0.0,1,3926.0,4005.0,1,4016.0,0.0,0.0,0.0,0.0,0.0,59
2023-05-11 09:41:02,b2403,b2403,4016.0,0.0,0.0,0.0,1,3926.0,4004.0,2,4016.0,0.0,0.0,0.0,0.0,0.0,59
2023-05-11 09:41:02,b2403,b2403,4016.0,0.0,0.0,0.0,1,3926.0,4003.0,1,4016.0,0.0,0.0,0.0,0.0,0.0,59
2023-05-11 09:41:03,b2403,b2403,4016.0,0.0,0.0,0.0,1,3926.0,4003.0,2,4016.0,0.0,0.0,0.0,0.0,0.0,59
2023-05-11 09:41:03,b2403,b2403,4016.0,0.0,0.0,0.0,1,3926.0,4002.0,1,4016.0,0.0,0.0,0.0,0.0,0.0,59
2023-05-11 09:41:15,b2403,b2403,4016.0,0.0,0.0,0.0,1,3926.0,4001.0,3,4016.0,0.0,0.0,0.0,0.0,0.0,59
2023-05-11 09:41:16,b2403,b2403,4016.0,0.0,0.0,0.0,1,3926.0,4000.0,1,4016.0,0.0,0.0,0.0,0.0,0.0,59
2023-05-11 09:41:21,b2403,b2403,4016.0,0.0,0.0,0.0,1,3926.0,4000.0,3,4016.0,0.0,0.0,0.0,0.0,0.0,59
2023-05-11 09:41:22,b2403,b2403,4016.0,0.0,0.0,0.0,1,3926.0,4000.0,4,4016.0,0.0,0.0,0.0,0.0,0.0,59
2023-05-11 09:41:55,b2403,b2403,4016.0,0.0,0.0,0.0,1,3926.0,3999.0,2,4016.0,0.0,0.0,0.0,0.0,0.0,59
2023-05-11 09:41:58,b2403,b2403,4016.0,0.0,0.0,0.0,1,3926.0,3999.0,4,4016.0,0.0,0.0,0.0,0.0,0.0,59
2023-05-11 09:42:05,b2403,b2403,4016.0,0.0,0.0,0.0,1,3926.0,3999.0,6,4016.0,0.0,0.0,0.0,0.0,0.0,59
2023-05-11 09:42:12,b2403,b2403,4016.0,0.0,0.0,0.0,1,3926.0,3999.0,2,4016.0,0.0,0.0,0.0,0.0,0.0,59
2023-05-11 09:43:30,b2403,b2403,4016.0,0.0,0.0,0.0,1,3926.0,3999.0,3,4016.0,0.0,0.0,0.0,0.0,0.0,59
2023-05-11 09:43:31,b2403,b2403,4016.0,0.0,0.0,0.0,1,3926.0,3999.0,4,4016.0,0.0,0.0,0.0,0.0,0.0,59
2023-05-11 09:43:55,b2403,b2403,4016.0,0.0,0.0,0.0,1,3926.0,3999.0,2,4016.0,0.0,0.0,0.0,0.0,0.0,59
2023-05-11 09:44:01,b2403,b2403,4016.0,0.0,0.0,0.0,1,3926.0,3999.0,4,4016.0,0.0,0.0,0.0,0.0,0.0,59
2023-05-11 09:44:10,b2403,b2403,4016.0,0.0,0.0,0.0,1,3926.0,3999.0,6,4016.0,0.0,0.0,0.0,0.0,0.0,59
2023-05-11 09:44:12,b2403,b2403,4016.0,0.0,0.0,0.0,1,3926.0,3999.0,2,4016.0,0.0,0.0,0.0,0.0,0.0,59
2023-05-11 09:44:55,b2403,b2403,4016.0,0.0,0.0,0.0,1,3926.0,3999.0,4,4016.0,0.0,0.0,0.0,0.0,0.0,59
2023-05-11 09:46:53,b2403,b2403,4016.0,0.0,0.0,0.0,1,3926.0,3999.0,2,4016.0,0.0,0.0,0.0,0.0,0.0,59
2023-05-11 09:47:03,b2403,b2403,4016.0,0.0,0.0,0.0,1,3926.0,3999.0,4,4016.0,0.0,0.0,0.0,0.0,0.0,59
2023-05-11 09:47:04,b2403,b2403,4016.0,0.0,0.0,0.0,1,3926.0,3998.0,2,4016.0,0.0,0.0,0.0,0.0,0.0,59
2023-05-11 09:52:03,b2403,b2403,4016.0,0.0,0.0,0.0,1,3926.0,4000.0,1,4016.0,0.0,0.0,0.0,0.0,0.0,59
2023-05-11 09:52:03,b2403,b2403,4016.0,0.0,0.0,0.0,1,3926.0,4003.0,1,4016.0,0.0,0.0,0.0,0.0,0.0,59
2023-05-11 09:52:04,b2403,b2403,4016.0,0.0,0.0,0.0,1,3926.0,3999.0,1,4016.0,0.0,0.0,0.0,0.0,0.0,59
2023-05-11 09:52:05,b2403,b2403,4016.0,0.0,0.0,0.0,1,3926.0,3999.0,2,4016.0,0.0,0.0,0.0,0.0,0.0,59
2023-05-11 09:52:09,b2403,b2403,4016.0,0.0,0.0,0.0,1,3926.0,3998.0,1,4016.0,0.0,0.0,0.0,0.0,0.0,59
2023-05-11 09:52:10,b2403,b2403,4016.0,0.0,0.0,0.0,1,3926.0,3998.0,4,4016.0,0.0,0.0,0.0,0.0,0.0,59
2023-05-11 09:52:34,b2403,b2403,4016.0,0.0,0.0,0.0,1,3926.0,3998.0,3,4016.0,0.0,0.0,0.0,0.0,0.0,59
2023-05-11 09:52:34,b2403,b2403,4016.0,0.0,0.0,0.0,1,3926.0,3998.0,2,4016.0,0.0,0.0,0.0,0.0,0.0,59
2023-05-11 09:54:40,b2403,b2403,4016.0,0.0,0.0,0.0,1,3926.0,3998.0,5,4016.0,0.0,0.0,0.0,0.0,0.0,59
2023-05-11 09:54:41,b2403,b2403,4016.0,0.0,0.0,0.0,1,3926.0,3998.0,6,4016.0,0.0,0.0,0.0,0.0,0.0,59
2023-05-11 09:55:05,b2403,b2403,4016.0,0.0,0.0,0.0,1,3926.0,3998.0,3,4016.0,0.0,0.0,0.0,0.0,0.0,59
2023-05-11 09:55:05,b2403,b2403,4016.0,0.0,0.0,0.0,1,3926.0,3997.0,1,4016.0,0.0,0.0,0.0,0.0,0.0,59
2023-05-11 09:55:09,b2403,b2403,4016.0,0.0,0.0,0.0,1,3926.0,3997.0,3,4016.0,0.0,0.0,0.0,0.0,0.0,59
2023-05-11 09:55:09,b2403,b2403,4016.0,0.0,0.0,0.0,1,3926.0,3997.0,4,4016.0,0.0,0.0,0.0,0.0,0.0,59
2023-05-11 09:55:48,b2403,b2403,4016.0,0.0,0.0,0.0,1,3926.0,3996.0,2,4016.0,0.0,0.0,0.0,0.0,0.0,59
2023-05-11 09:55:50,b2403,b2403,4016.0,0.0,0.0,0.0,1,3926.0,3996.0,3,4016.0,0.0,0.0,0.0,0.0,0.0,59
2023-05-11 09:55:56,b2403,b2403,4016.0,0.0,0.0,0.0,1,3926.0,3996.0,6,4016.0,0.0,0.0,0.0,0.0,0.0,59
2023-05-11 09:56:10,b2403,b2403,4016.0,0.0,0.0,0.0,1,3915.0,3996.0,6,4016.0,0.0,0.0,0.0,0.0,0.0,59
2023-05-11 09:56:10,b2403,b2403,4016.0,0.0,0.0,0.0,1,3872.0,3996.0,6,4016.0,0.0,0.0,0.0,0.0,0.0,59
2023-05-11 09:56:12,b2403,b2403,4016.0,0.0,0.0,0.0,3,3873.0,3996.0,2,4016.0,0.0,0.0,0.0,0.0,0.0,59
2023-05-11 10:00:46,b2403,b2403,4016.0,0.0,0.0,0.0,3,3873.0,3999.0,2,4016.0,0.0,0.0,0.0,0.0,0.0,59
2023-05-11 10:00:47,b2403,b2403,4016.0,0.0,0.0,0.0,3,3873.0,4001.0,1,4016.0,0.0,0.0,0.0,0.0,0.0,59
2023-05-11 10:00:47,b2403,b2403,4016.0,0.0,0.0,0.0,3,3873.0,4005.0,1,4016.0,0.0,0.0,0.0,0.0,0.0,59
2023-05-11 10:00:48,b2403,b2403,4016.0,0.0,0.0,0.0,3,3873.0,4000.0,4,4016.0,0.0,0.0,0.0,0.0,0.0,59
2023-05-11 10:00:50,b2403,b2403,4016.0,0.0,0.0,0.0,3,3873.0,4000.0,6,4016.0,0.0,0.0,0.0,0.0,0.0,59
2023-05-11 10:05:48,b2403,b2403,4016.0,0.0,0.0,0.0,3,3873.0,4000.0,4,4016.0,0.0,0.0,0.0,0.0,0.0,59
2023-05-11 10:06:00,b2403,b2403,4016.0,0.0,0.0,0.0,3,3873.0,3999.0,2,4016.0,0.0,0.0,0.0,0.0,0.0,59
2023-05-11 10:06:07,b2403,b2403,4016.0,0.0,0.0,0.0,3,3873.0,3998.0,2,4016.0,0.0,0.0,0.0,0.0,0.0,59
2023-05-11 10:06:08,b2403,b2403,4016.0,0.0,0.0,0.0,3,3873.0,3998.0,4,4016.0,0.0,0.0,0.0,0.0,0.0,59
2023-05-11 10:07:28,b2403,b2403,4016.0,0.0,0.0,0.0,3,3873.0,3997.0,2,4016.0,0.0,0.0,0.0,0.0,0.0,59
2023-05-11 10:07:31,b2403,b2403,4016.0,0.0,0.0,0.0,3,3873.0,3996.0,4,4016.0,0.0,0.0,0.0,0.0,0.0,59
2023-05-11 10:08:13,b2403,b2403,4016.0,0.0,0.0,0.0,3,3873.0,3995.0,2,4016.0,0.0,0.0,0.0,0.0,0.0,59
2023-05-11 10:08:16,b2403,b2403,4016.0,0.0,0.0,0.0,3,3873.0,3994.0,4,4016.0,0.0,0.0,0.0,0.0,0.0,59
2023-05-11 10:09:00,b2403,b2403,4016.0,0.0,0.0,0.0,3,3873.0,3993.0,2,4016.0,0.0,0.0,0.0,0.0,0.0,59
2023-05-11 10:09:02,b2403,b2403,4016.0,0.0,0.0,0.0,3,3873.0,3992.0,4,4016.0,0.0,0.0,0.0,0.0,0.0,59
2023-05-11 10:09:45,b2403,b2403,4016.0,0.0,0.0,0.0,3,3873.0,3991.0,2,4016.0,0.0,0.0,0.0,0.0,0.0,59
2023-05-11 10:09:52,b2403,b2403,4016.0,0.0,0.0,0.0,3,3873.0,3990.0,4,4016.0,0.0,0.0,0.0,0.0,0.0,59
2023-05-11 10:11:12,b2403,b2403,4016.0,0.0,0.0,0.0,3,3873.0,3989.0,2,4016.0,0.0,0.0,0.0,0.0,0.0,59
2023-05-11 10:11:12,b2403,b2403,4016.0,0.0,0.0,0.0,3,3873.0,3989.0,3,4016.0,0.0,0.0,0.0,0.0,0.0,59
2023-05-11 10:14:30,b2403,b2403,4016.0,0.0,0.0,0.0,1,3874.0,3989.0,3,4016.0,0.0,0.0,0.0,0.0,0.0,59
2023-05-11 10:14:35,b2403,b2403,4016.0,0.0,0.0,0.0,2,3874.0,3989.0,3,4016.0,0.0,0.0,0.0,0.0,0.0,59
2023-05-11 10:14:49,b2403,b2403,4016.0,0.0,0.0,0.0,2,3874.0,3989.0,2,4016.0,0.0,0.0,0.0,0.0,0.0,59
2023-05-11 10:14:59,b2403,b2403,4016.0,0.0,0.0,0.0,1,3874.0,3989.0,2,4016.0,0.0,0.0,0.0,0.0,0.0,59
2023-05-11 10:30:00,b2403,b2403,4016.0,0.0,0.0,0.0,1,3869.0,3989.0,2,4016.0,0.0,0.0,0.0,0.0,0.0,59
2023-05-11 10:30:01,b2403,b2403,4016.0,0.0,0.0,0.0,1,3874.0,3989.0,3,4016.0,0.0,0.0,0.0,0.0,0.0,59
2023-05-11 10:30:02,b2403,b2403,4016.0,0.0,0.0,0.0,1,3867.0,3989.0,3,4016.0,0.0,0.0,0.0,0.0,0.0,59
2023-05-11 10:30:02,b2403,b2403,4016.0,0.0,0.0,0.0,1,3863.0,3989.0,3,4016.0,0.0,0.0,0.0,0.0,0.0,59
2023-05-11 10:30:03,b2403,b2403,4016.0,0.0,0.0,0.0,1,3867.0,3989.0,3,4016.0,0.0,0.0,0.0,0.0,0.0,59
2023-05-11 10:30:04,b2403,b2403,4016.0,0.0,0.0,0.0,2,3859.0,3989.0,3,4016.0,0.0,0.0,0.0,0.0,0.0,59
2023-05-11 10:30:06,b2403,b2403,4016.0,0.0,0.0,0.0,3,3859.0,3989.0,3,4016.0,0.0,0.0,0.0,0.0,0.0,59
2023-05-11 10:30:12,b2403,b2403,4016.0,0.0,0.0,0.0,1,3860.0,3989.0,3,4016.0,0.0,0.0,0.0,0.0,0.0,59
2023-05-11 10:30:17,b2403,b2403,4016.0,0.0,0.0,0.0,1,3861.0,3989.0,1,4016.0,0.0,0.0,0.0,0.0,0.0,59
2023-05-11 10:30:21,b2403,b2403,4016.0,0.0,0.0,0.0,1,3862.0,3989.0,1,4016.0,0.0,0.0,0.0,0.0,0.0,59
2023-05-11 10:30:21,b2403,b2403,4016.0,0.0,0.0,0.0,1,3863.0,3989.0,1,4016.0,0.0,0.0,0.0,0.0,0.0,59
2023-05-11 10:30:22,b2403,b2403,4016.0,0.0,0.0,0.0,3,3863.0,3989.0,1,4016.0,0.0,0.0,0.0,0.0,0.0,59
2023-05-11 10:30:24,b2403,b2403,4016.0,0.0,0.0,0.0,3,3863.0,3988.0,2,4016.0,0.0,0.0,0.0,0.0,0.0,59
2023-05-11 10:30:29,b2403,b2403,4016.0,0.0,0.0,0.0,1,3864.0,3988.0,2,4016.0,0.0,0.0,0.0,0.0,0.0,59
2023-05-11 10:30:30,b2403,b2403,4016.0,0.0,0.0,0.0,2,3865.0,3988.0,2,4016.0,0.0,0.0,0.0,0.0,0.0,59
2023-05-11 10:30:35,b2403,b2403,4016.0,0.0,0.0,0.0,1,3866.0,3988.0,2,4016.0,0.0,0.0,0.0,0.0,0.0,59
2023-05-11 10:30:40,b2403,b2403,4016.0,0.0,0.0,0.0,2,3867.0,3988.0,2,4016.0,0.0,0.0,0.0,0.0,0.0,59
2023-05-11 10:30:43,b2403,b2403,4016.0,0.0,0.0,0.0,1,3868.0,3988.0,2,4016.0,0.0,0.0,0.0,0.0,0.0,59
2023-05-11 10:30:47,b2403,b2403,4016.0,0.0,0.0,0.0,2,3869.0,3988.0,2,4016.0,0.0,0.0,0.0,0.0,0.0,59
2023-05-11 10:30:54,b2403,b2403,4016.0,0.0,0.0,0.0,1,3870.0,3988.0,2,4016.0,0.0,0.0,0.0,0.0,0.0,59
2023-05-11 10:30:56,b2403,b2403,4016.0,0.0,0.0,0.0,2,3871.0,3988.0,2,4016.0,0.0,0.0,0.0,0.0,0.0,59
2023-05-11 10:30:57,b2403,b2403,4016.0,0.0,0.0,0.0,1,3872.0,3988.0,2,4016.0,0.0,0.0,0.0,0.0,0.0,59
2023-05-11 10:35:21,b2403,b2403,4016.0,0.0,0.0,0.0,1,3872.0,3989.0,1,4016.0,0.0,0.0,0.0,0.0,0.0,59
2023-05-11 10:35:21,b2403,b2403,4016.0,0.0,0.0,0.0,1,3872.0,4044.0,1,4016.0,0.0,0.0,0.0,0.0,0.0,59
2023-05-11 10:35:22,b2403,b2403,4016.0,0.0,0.0,0.0,1,3872.0,4043.0,2,4016.0,0.0,0.0,0.0,0.0,0.0,59
2023-05-11 10:35:22,b2403,b2403,4016.0,0.0,0.0,0.0,1,3872.0,4043.0,3,4016.0,0.0,0.0,0.0,0.0,0.0,59
2023-05-11 10:35:25,b2403,b2403,4016.0,0.0,0.0,0.0,1,3872.0,4042.0,5,4016.0,0.0,0.0,0.0,0.0,0.0,59
2023-05-11 10:35:25,b2403,b2403,4016.0,0.0,0.0,0.0,2,3873.0,4041.0,1,4016.0,0.0,0.0,0.0,0.0,0.0,59
2023-05-11 10:35:26,b2403,b2403,4016.0,0.0,0.0,0.0,2,3873.0,4041.0,2,4016.0,0.0,0.0,0.0,0.0,0.0,59
2023-05-11 10:35:26,b2403,b2403,4016.0,0.0,0.0,0.0,2,3873.0,4040.0,2,4016.0,0.0,0.0,0.0,0.0,0.0,59
2023-05-11 10:35:32,b2403,b2403,4016.0,0.0,0.0,0.0,1,3874.0,4039.0,4,4016.0,0.0,0.0,0.0,0.0,0.0,59
2023-05-11 10:35:34,b2403,b2403,4016.0,0.0,0.0,0.0,1,3874.0,4035.0,2,4016.0,0.0,0.0,0.0,0.0,0.0,59
2023-05-11 10:35:38,b2403,b2403,4016.0,0.0,0.0,0.0,1,3874.0,4034.0,3,4016.0,0.0,0.0,0.0,0.0,0.0,59
2023-05-11 10:35:40,b2403,b2403,4016.0,0.0,0.0,0.0,1,3874.0,4028.0,1,4016.0,0.0,0.0,0.0,0.0,0.0,59
2023-05-11 10:35:42,b2403,b2403,4016.0,0.0,0.0,0.0,1,3874.0,4027.0,4,4016.0,0.0,0.0,0.0,0.0,0.0,59
2023-05-11 10:35:42,b2403,b2403,4016.0,0.0,0.0,0.0,2,3875.0,4026.0,1,4016.0,0.0,0.0,0.0,0.0,0.0,59
2023-05-11 10:35:43,b2403,b2403,4016.0,0.0,0.0,0.0,3,3875.0,4026.0,1,4016.0,0.0,0.0,0.0,0.0,0.0,59
2023-05-11 10:35:46,b2403,b2403,4016.0,0.0,0.0,0.0,3,3875.0,4025.0,3,4016.0,0.0,0.0,0.0,0.0,0.0,59
2023-05-11 10:35:52,b2403,b2403,4016.0,0.0,0.0,0.0,3,3875.0,4024.0,1,4016.0,0.0,0.0,0.0,0.0,0.0,59
2023-05-11 10:36:04,b2403,b2403,4016.0,0.0,0.0,0.0,3,3875.0,4023.0,3,4016.0,0.0,0.0,0.0,0.0,0.0,59
2023-05-11 10:36:10,b2403,b2403,4016.0,0.0,0.0,0.0,3,3875.0,4022.0,2,4016.0,0.0,0.0,0.0,0.0,0.0,59
2023-05-11 10:36:11,b2403,b2403,4016.0,0.0,0.0,0.0,3,3875.0,4021.0,1,4016.0,0.0,0.0,0.0,0.0,0.0,59
2023-05-11 10:36:11,b2403,b2403,4016.0,0.0,0.0,0.0,3,3875.0,4020.0,2,4016.0,0.0,0.0,0.0,0.0,0.0,59
2023-05-11 10:36:12,b2403,b2403,4016.0,0.0,0.0,0.0,3,3875.0,4020.0,6,4016.0,0.0,0.0,0.0,0.0,0.0,59
2023-05-11 10:36:12,b2403,b2403,4016.0,0.0,0.0,0.0,3,3875.0,4019.0,1,4016.0,0.0,0.0,0.0,0.0,0.0,59
2023-05-11 10:36:18,b2403,b2403,4016.0,0.0,0.0,0.0,3,3875.0,4018.0,3,4016.0,0.0,0.0,0.0,0.0,0.0,59
2023-05-11 10:36:20,b2403,b2403,4016.0,0.0,0.0,0.0,3,3875.0,4017.0,1,4016.0,0.0,0.0,0.0,0.0,0.0,59
2023-05-11 10:36:26,b2403,b2403,4016.0,0.0,0.0,0.0,3,3875.0,4016.0,3,4016.0,0.0,0.0,0.0,0.0,0.0,59
2023-05-11 10:36:29,b2403,b2403,4016.0,0.0,0.0,0.0,3,3875.0,4015.0,1,4016.0,0.0,0.0,0.0,0.0,0.0,59
2023-05-11 10:36:31,b2403,b2403,4016.0,0.0,0.0,0.0,3,3875.0,4014.0,2,4016.0,0.0,0.0,0.0,0.0,0.0,59
2023-05-11 10:36:31,b2403,b2403,4016.0,0.0,0.0,0.0,3,3875.0,4013.0,3,4016.0,0.0,0.0,0.0,0.0,0.0,59
2023-05-11 10:36:33,b2403,b2403,4016.0,0.0,0.0,0.0,3,3875.0,4012.0,1,4016.0,0.0,0.0,0.0,0.0,0.0,59
2023-05-11 10:36:39,b2403,b2403,4016.0,0.0,0.0,0.0,3,3875.0,4011.0,3,4016.0,0.0,0.0,0.0,0.0,0.0,59
2023-05-11 10:36:40,b2403,b2403,4016.0,0.0,0.0,0.0,3,3875.0,4011.0,6,4016.0,0.0,0.0,0.0,0.0,0.0,59
2023-05-11 10:36:40,b2403,b2403,4016.0,0.0,0.0,0.0,3,3875.0,4010.0,1,4016.0,0.0,0.0,0.0,0.0,0.0,59
2023-05-11 10:36:43,b2403,b2403,4016.0,0.0,0.0,0.0,3,3875.0,4009.0,3,4016.0,0.0,0.0,0.0,0.0,0.0,59
2023-05-11 10:36:49,b2403,b2403,4016.0,0.0,0.0,0.0,3,3875.0,4008.0,1,4016.0,0.0,0.0,0.0,0.0,0.0,59
2023-05-11 10:36:53,b2403,b2403,4016.0,0.0,0.0,0.0,3,3875.0,4007.0,2,4016.0,0.0,0.0,0.0,0.0,0.0,59
2023-05-11 10:36:55,b2403,b2403,4016.0,0.0,0.0,0.0,3,3875.0,4006.0,1,4016.0,0.0,0.0,0.0,0.0,0.0,59
2023-05-11 10:37:01,b2403,b2403,4016.0,0.0,0.0,0.0,3,3875.0,4005.0,3,4016.0,0.0,0.0,0.0,0.0,0.0,59
2023-05-11 10:37:14,b2403,b2403,4016.0,0.0,0.0,0.0,3,3875.0,4004.0,1,4016.0,0.0,0.0,0.0,0.0,0.0,59
2023-05-11 10:37:26,b2403,b2403,4016.0,0.0,0.0,0.0,3,3875.0,4003.0,3,4016.0,0.0,0.0,0.0,0.0,0.0,59
2023-05-11 10:37:29,b2403,b2403,4016.0,0.0,0.0,0.0,3,3875.0,4002.0,1,4016.0,0.0,0.0,0.0,0.0,0.0,59
2023-05-11 10:37:32,b2403,b2403,4016.0,0.0,0.0,0.0,3,3875.0,4001.0,3,4016.0,0.0,0.0,0.0,0.0,0.0,59
2023-05-11 10:37:34,b2403,b2403,4016.0,0.0,0.0,0.0,3,3875.0,4000.0,1,4016.0,0.0,0.0,0.0,0.0,0.0,59
2023-05-11 10:37:37,b2403,b2403,4016.0,0.0,0.0,0.0,3,3875.0,4000.0,3,4016.0,0.0,0.0,0.0,0.0,0.0,59
2023-05-11 10:37:40,b2403,b2403,4016.0,0.0,0.0,0.0,3,3875.0,3999.0,3,4016.0,0.0,0.0,0.0,0.0,0.0,59
2023-05-11 10:37:53,b2403,b2403,4016.0,0.0,0.0,0.0,3,3875.0,3998.0,1,4016.0,0.0,0.0,0.0,0.0,0.0,59
2023-05-11 10:37:54,b2403,b2403,4016.0,0.0,0.0,0.0,3,3875.0,3997.0,3,4016.0,0.0,0.0,0.0,0.0,0.0,59
2023-05-11 10:38:00,b2403,b2403,4016.0,0.0,0.0,0.0,3,3875.0,3996.0,1,4016.0,0.0,0.0,0.0,0.0,0.0,59
2023-05-11 10:38:07,b2403,b2403,4016.0,0.0,0.0,0.0,3,3875.0,3995.0,2,4016.0,0.0,0.0,0.0,0.0,0.0,59
2023-05-11 10:38:07,b2403,b2403,4016.0,0.0,0.0,0.0,3,3875.0,3995.0,3,4016.0,0.0,0.0,0.0,0.0,0.0,59
2023-05-11 10:38:13,b2403,b2403,4016.0,0.0,0.0,0.0,3,3875.0,3994.0,2,4016.0,0.0,0.0,0.0,0.0,0.0,59
2023-05-11 10:38:21,b2403,b2403,4016.0,0.0,0.0,0.0,3,3875.0,3993.0,2,4016.0,0.0,0.0,0.0,0.0,0.0,59
2023-05-11 10:38:23,b2403,b2403,4016.0,0.0,0.0,0.0,3,3875.0,3992.0,2,4016.0,0.0,0.0,0.0,0.0,0.0,59
2023-05-11 10:38:24,b2403,b2403,4016.0,0.0,0.0,0.0,3,3875.0,3991.0,1,4016.0,0.0,0.0,0.0,0.0,0.0,59
2023-05-11 10:38:28,b2403,b2403,4016.0,0.0,0.0,0.0,3,3875.0,3990.0,1,4016.0,0.0,0.0,0.0,0.0,0.0,59
2023-05-11 10:38:32,b2403,b2403,4016.0,0.0,0.0,0.0,3,3875.0,3990.0,2,4016.0,0.0,0.0,0.0,0.0,0.0,59
2023-05-11 10:39:06,b2403,b2403,4016.0,0.0,0.0,0.0,3,3875.0,3989.0,2,4016.0,0.0,0.0,0.0,0.0,0.0,59
2023-05-11 10:40:44,b2403,b2403,4016.0,0.0,0.0,0.0,2,3875.0,3989.0,2,4016.0,0.0,0.0,0.0,0.0,0.0,59
2023-05-11 10:40:45,b2403,b2403,4016.0,0.0,0.0,0.0,3,3875.0,3989.0,2,4016.0,0.0,0.0,0.0,0.0,0.0,59
2023-05-11 10:44:04,b2403,b2403,4016.0,0.0,0.0,0.0,3,3875.0,3995.0,1,4016.0,0.0,0.0,0.0,0.0,0.0,59
2023-05-11 10:44:04,b2403,b2403,4016.0,0.0,0.0,0.0,3,3875.0,4047.0,1,4016.0,0.0,0.0,0.0,0.0,0.0,59
2023-05-11 10:44:05,b2403,b2403,4016.0,0.0,0.0,0.0,3,3875.0,4046.0,2,4016.0,0.0,0.0,0.0,0.0,0.0,59
2023-05-11 10:44:05,b2403,b2403,4016.0,0.0,0.0,0.0,3,3875.0,4046.0,3,4016.0,0.0,0.0,0.0,0.0,0.0,59
2023-05-11 10:44:08,b2403,b2403,4016.0,0.0,0.0,0.0,3,3875.0,4045.0,8,4016.0,0.0,0.0,0.0,0.0,0.0,59
2023-05-11 10:44:08,b2403,b2403,4016.0,0.0,0.0,0.0,3,3875.0,4045.0,9,4016.0,0.0,0.0,0.0,0.0,0.0,59
2023-05-11 10:44:09,b2403,b2403,4016.0,0.0,0.0,0.0,3,3875.0,4041.0,2,4016.0,0.0,0.0,0.0,0.0,0.0,59
2023-05-11 10:44:14,b2403,b2403,4016.0,0.0,0.0,0.0,3,3875.0,4040.0,8,4016.0,0.0,0.0,0.0,0.0,0.0,59
2023-05-11 10:44:16,b2403,b2403,4016.0,0.0,0.0,0.0,3,3875.0,4035.0,1,4016.0,0.0,0.0,0.0,0.0,0.0,59
2023-05-11 10:44:17,b2403,b2403,4016.0,0.0,0.0,0.0,4,3875.0,4035.0,1,4016.0,0.0,0.0,0.0,0.0,0.0,59
2023-05-11 10:44:17,b2403,b2403,4016.0,0.0,0.0,0.0,4,3875.0,4034.0,8,4016.0,0.0,0.0,0.0,0.0,0.0,59
2023-05-11 10:44:21,b2403,b2403,4016.0,0.0,0.0,0.0,3,3875.0,4034.0,8,4016.0,0.0,0.0,0.0,0.0,0.0,59
2023-05-11 10:45:00,b2403,b2403,4016.0,0.0,0.0,0.0,3,3875.0,4033.0,3,4016.0,0.0,0.0,0.0,0.0,0.0,59
2023-05-11 10:45:01,b2403,b2403,4016.0,0.0,0.0,0.0,3,3875.0,4033.0,5,4016.0,0.0,0.0,0.0,0.0,0.0,59
2023-05-11 10:45:01,b2403,b2403,4016.0,0.0,0.0,0.0,4,3875.0,4033.0,5,4016.0,0.0,0.0,0.0,0.0,0.0,59
2023-05-11 10:45:02,b2403,b2403,4016.0,0.0,0.0,0.0,4,3875.0,4032.0,8,4016.0,0.0,0.0,0.0,0.0,0.0,59
2023-05-11 10:45:04,b2403,b2403,4016.0,0.0,0.0,0.0,3,3875.0,4032.0,8,4016.0,0.0,0.0,0.0,0.0,0.0,59
2023-05-11 10:45:22,b2403,b2403,4016.0,0.0,0.0,0.0,3,3875.0,4031.0,1,4016.0,0.0,0.0,0.0,0.0,0.0,59
2023-05-11 10:45:22,b2403,b2403,4016.0,0.0,0.0,0.0,3,3875.0,4031.0,2,4016.0,0.0,0.0,0.0,0.0,0.0,59
2023-05-11 10:45:24,b2403,b2403,4016.0,0.0,0.0,0.0,3,3875.0,4030.0,6,4016.0,0.0,0.0,0.0,0.0,0.0,59
2023-05-11 10:45:24,b2403,b2403,4016.0,0.0,0.0,0.0,3,3875.0,4030.0,8,4016.0,0.0,0.0,0.0,0.0,0.0,59
2023-05-11 10:45:25,b2403,b2403,4016.0,0.0,0.0,0.0,3,3875.0,4029.0,3,4016.0,0.0,0.0,0.0,0.0,0.0,59
2023-05-11 10:45:28,b2403,b2403,4016.0,0.0,0.0,0.0,3,3875.0,4029.0,1,4016.0,0.0,0.0,0.0,0.0,0.0,59
2023-05-11 10:45:30,b2403,b2403,4016.0,0.0,0.0,0.0,3,3875.0,4028.0,5,4016.0,0.0,0.0,0.0,0.0,0.0,59
2023-05-11 10:45:31,b2403,b2403,4016.0,0.0,0.0,0.0,3,3875.0,4027.0,1,4016.0,0.0,0.0,0.0,0.0,0.0,59
