time,symbol_id,symbol_name,last,trade_volume,trade_amount,open_interest_change,bv1,bp1,ap1,av1,yesterday_close,today_open,today_high,today_low,volume,amount,open_interest
2023-05-10 20:59:00,bu2311,bu2311,3509.0,0.0,0.0,0.0,1,3482.0,3547.0,1,3509.0,3552.0,0.0,0.0,0.0,0.0,2476
2023-05-10 21:00:01,bu2311,bu2311,3509.0,0.0,0.0,0.0,1,3520.0,3547.0,1,3509.0,3552.0,0.0,0.0,0.0,0.0,2476
2023-05-10 21:00:01,bu2311,bu2311,3509.0,0.0,0.0,0.0,1,3520.0,3546.0,2,3509.0,3552.0,0.0,0.0,0.0,0.0,2476
2023-05-10 21:00:02,bu2311,bu2311,3509.0,0.0,0.0,0.0,1,3482.0,3546.0,4,3509.0,3552.0,0.0,0.0,0.0,0.0,2476
2023-05-10 21:00:02,bu2311,bu2311,3509.0,0.0,0.0,0.0,1,3520.0,3544.0,2,3509.0,3552.0,0.0,0.0,0.0,0.0,2476
2023-05-10 21:00:03,bu2311,bu2311,3509.0,0.0,0.0,0.0,2,3522.0,3543.0,2,3509.0,3552.0,0.0,0.0,0.0,0.0,2476
2023-05-10 21:00:03,bu2311,bu2311,3509.0,0.0,0.0,0.0,2,3522.0,3542.0,2,3509.0,3552.0,0.0,0.0,0.0,0.0,2476
2023-05-10 21:00:04,bu2311,bu2311,3509.0,0.0,0.0,0.0,1,3520.0,3541.0,2,3509.0,3552.0,0.0,0.0,0.0,0.0,2476
2023-05-10 21:00:04,bu2311,bu2311,3509.0,0.0,0.0,0.0,2,3522.0,3540.0,2,3509.0,3552.0,0.0,0.0,0.0,0.0,2476
2023-05-10 21:00:05,bu2311,bu2311,3509.0,0.0,0.0,0.0,2,3524.0,3539.0,2,3509.0,3552.0,0.0,0.0,0.0,0.0,2476
2023-05-10 21:00:05,bu2311,bu2311,3509.0,0.0,0.0,0.0,2,3526.0,3539.0,2,3509.0,3552.0,0.0,0.0,0.0,0.0,2476
2023-05-10 21:00:06,bu2311,bu2311,3509.0,0.0,0.0,0.0,1,3527.0,3547.0,2,3509.0,3552.0,0.0,0.0,0.0,0.0,2476
2023-05-10 21:00:06,bu2311,bu2311,3509.0,0.0,0.0,0.0,2,3526.0,3546.0,4,3509.0,3552.0,0.0,0.0,0.0,0.0,2476
2023-05-10 21:00:07,bu2311,bu2311,3509.0,0.0,0.0,0.0,3,3526.0,3546.0,4,3509.0,3552.0,0.0,0.0,0.0,0.0,2476
2023-05-10 21:00:07,bu2311,bu2311,3509.0,0.0,0.0,0.0,3,3526.0,3546.0,4,3509.0,3552.0,0.0,0.0,0.0,0.0,2476
2023-05-10 21:00:08,bu2311,bu2311,3509.0,0.0,0.0,0.0,2,3526.0,3546.0,4,3509.0,3552.0,0.0,0.0,0.0,0.0,2476
2023-05-10 21:00:08,bu2311,bu2311,3509.0,0.0,0.0,0.0,3,3526.0,3546.0,4,3509.0,3552.0,0.0,0.0,0.0,0.0,2476
2023-05-10 21:00:09,bu2311,bu2311,3509.0,0.0,0.0,0.0,2,3526.0,3546.0,4,3509.0,3552.0,0.0,0.0,0.0,0.0,2476
2023-05-10 21:00:09,bu2311,bu2311,3509.0,0.0,0.0,0.0,3,3526.0,3546.0,4,3509.0,3552.0,0.0,0.0,0.0,0.0,2476
2023-05-10 21:00:10,bu2311,bu2311,3509.0,0.0,0.0,0.0,1,3528.0,3546.0,4,3509.0,3552.0,0.0,0.0,0.0,0.0,2476
2023-05-10 21:00:10,bu2311,bu2311,3509.0,0.0,0.0,0.0,1,3528.0,3546.0,4,3509.0,3552.0,0.0,0.0,0.0,0.0,2476
2023-05-10 21:00:11,bu2311,bu2311,3509.0,0.0,0.0,0.0,2,3528.0,3546.0,4,3509.0,3552.0,0.0,0.0,0.0,0.0,2476
2023-05-10 21:00:11,bu2311,bu2311,3509.0,0.0,0.0,0.0,2,3528.0,3546.0,4,3509.0,3552.0,0.0,0.0,0.0,0.0,2476
2023-05-10 21:00:12,bu2311,bu2311,3509.0,0.0,0.0,0.0,1,3526.0,3546.0,4,3509.0,3552.0,0.0,0.0,0.0,0.0,2476
2023-05-10 21:00:13,bu2311,bu2311,3509.0,0.0,0.0,0.0,1,3528.0,3546.0,4,3509.0,3552.0,0.0,0.0,0.0,0.0,2476
2023-05-10 21:00:13,bu2311,bu2311,3509.0,0.0,0.0,0.0,1,3515.0,3546.0,4,3509.0,3552.0,0.0,0.0,0.0,0.0,2476
2023-05-10 21:00:14,bu2311,bu2311,3509.0,0.0,0.0,0.0,1,3524.0,3546.0,4,3509.0,3552.0,0.0,0.0,0.0,0.0,2476
2023-05-10 21:00:15,bu2311,bu2311,3509.0,0.0,0.0,0.0,1,3526.0,3546.0,4,3509.0,3552.0,0.0,0.0,0.0,0.0,2476
2023-05-10 21:00:16,bu2311,bu2311,3509.0,0.0,0.0,0.0,2,3526.0,3545.0,2,3509.0,3552.0,0.0,0.0,0.0,0.0,2476
2023-05-10 21:00:16,bu2311,bu2311,3509.0,0.0,0.0,0.0,2,3526.0,3544.0,4,3509.0,3552.0,0.0,0.0,0.0,0.0,2476
2023-05-10 21:00:18,bu2311,bu2311,3509.0,0.0,0.0,0.0,2,3526.0,3544.0,4,3509.0,3552.0,0.0,0.0,0.0,0.0,2476
2023-05-10 21:00:19,bu2311,bu2311,3509.0,0.0,0.0,0.0,1,3528.0,3544.0,4,3509.0,3552.0,0.0,0.0,0.0,0.0,2476
2023-05-10 21:00:20,bu2311,bu2311,3509.0,0.0,0.0,0.0,1,3529.0,3544.0,2,3509.0,3552.0,0.0,0.0,0.0,0.0,2476
2023-05-10 21:00:20,bu2311,bu2311,3509.0,0.0,0.0,0.0,1,3529.0,3544.0,2,3509.0,3552.0,0.0,0.0,0.0,0.0,2476
2023-05-10 21:00:21,bu2311,bu2311,3509.0,0.0,0.0,0.0,2,3530.0,3544.0,2,3509.0,3552.0,0.0,0.0,0.0,0.0,2476
2023-05-10 21:00:21,bu2311,bu2311,3509.0,0.0,0.0,0.0,1,3531.0,3544.0,2,3509.0,3552.0,0.0,0.0,0.0,0.0,2476
2023-05-10 21:00:22,bu2311,bu2311,3509.0,0.0,0.0,0.0,2,3530.0,3544.0,2,3509.0,3552.0,0.0,0.0,0.0,0.0,2476
2023-05-10 21:00:23,bu2311,bu2311,3509.0,0.0,0.0,0.0,1,3530.0,3544.0,2,3509.0,3552.0,0.0,0.0,0.0,0.0,2476
2023-05-10 21:00:24,bu2311,bu2311,3509.0,0.0,0.0,0.0,2,3530.0,3544.0,2,3509.0,3552.0,0.0,0.0,0.0,0.0,2476
2023-05-10 21:00:24,bu2311,bu2311,3509.0,0.0,0.0,0.0,3,3530.0,3544.0,2,3509.0,3552.0,0.0,0.0,0.0,0.0,2476
2023-05-10 21:00:25,bu2311,bu2311,3509.0,0.0,0.0,0.0,2,3530.0,3544.0,2,3509.0,3552.0,0.0,0.0,0.0,0.0,2476
2023-05-10 21:00:26,bu2311,bu2311,3509.0,0.0,0.0,0.0,3,3530.0,3544.0,2,3509.0,3552.0,0.0,0.0,0.0,0.0,2476
2023-05-10 21:00:27,bu2311,bu2311,3509.0,0.0,0.0,0.0,2,3532.0,3547.0,1,3509.0,3552.0,0.0,0.0,0.0,0.0,2476
2023-05-10 21:00:27,bu2311,bu2311,3509.0,0.0,0.0,0.0,2,3532.0,3546.0,2,3509.0,3552.0,0.0,0.0,0.0,0.0,2476
2023-05-10 21:00:28,bu2311,bu2311,3509.0,0.0,0.0,0.0,2,3532.0,3546.0,2,3509.0,3552.0,0.0,0.0,0.0,0.0,2476
2023-05-10 21:00:29,bu2311,bu2311,3509.0,0.0,0.0,0.0,3,3532.0,3546.0,2,3509.0,3552.0,0.0,0.0,0.0,0.0,2476
2023-05-10 21:00:31,bu2311,bu2311,3509.0,0.0,0.0,0.0,2,3534.0,3548.0,2,3509.0,3552.0,0.0,0.0,0.0,0.0,2476
2023-05-10 21:00:31,bu2311,bu2311,3509.0,0.0,0.0,0.0,3,3534.0,3559.0,2,3509.0,3552.0,0.0,0.0,0.0,0.0,2476
2023-05-10 21:00:32,bu2311,bu2311,3509.0,0.0,0.0,0.0,3,3534.0,3558.0,6,3509.0,3552.0,0.0,0.0,0.0,0.0,2476
2023-05-10 21:00:32,bu2311,bu2311,3509.0,0.0,0.0,0.0,3,3534.0,3558.0,7,3509.0,3552.0,0.0,0.0,0.0,0.0,2476
2023-05-10 21:00:33,bu2311,bu2311,3509.0,0.0,0.0,0.0,2,3536.0,3558.0,7,3509.0,3552.0,0.0,0.0,0.0,0.0,2476
2023-05-10 21:00:34,bu2311,bu2311,3509.0,0.0,0.0,0.0,1,3536.0,3558.0,7,3509.0,3552.0,0.0,0.0,0.0,0.0,2476
2023-05-10 21:00:34,bu2311,bu2311,3509.0,0.0,0.0,0.0,3,3536.0,3558.0,5,3509.0,3552.0,0.0,0.0,0.0,0.0,2476
2023-05-10 21:00:35,bu2311,bu2311,3509.0,0.0,0.0,0.0,2,3538.0,3558.0,5,3509.0,3552.0,0.0,0.0,0.0,0.0,2476
2023-05-10 21:00:36,bu2311,bu2311,3509.0,0.0,0.0,0.0,1,3539.0,3558.0,5,3509.0,3552.0,0.0,0.0,0.0,0.0,2476
2023-05-10 21:00:37,bu2311,bu2311,3509.0,0.0,0.0,0.0,2,3540.0,3558.0,5,3509.0,3552.0,0.0,0.0,0.0,0.0,2476
2023-05-10 21:00:37,bu2311,bu2311,3509.0,0.0,0.0,0.0,1,3539.0,3558.0,5,3509.0,3552.0,0.0,0.0,0.0,0.0,2476
2023-05-10 21:00:38,bu2311,bu2311,3509.0,0.0,0.0,0.0,1,3539.0,3558.0,4,3509.0,3552.0,0.0,0.0,0.0,0.0,2476
2023-05-10 21:00:38,bu2311,bu2311,3509.0,0.0,0.0,0.0,1,3539.0,3558.0,4,3509.0,3552.0,0.0,0.0,0.0,0.0,2476
2023-05-10 21:00:40,bu2311,bu2311,3509.0,0.0,0.0,0.0,2,3540.0,3558.0,4,3509.0,3552.0,0.0,0.0,0.0,0.0,2476
2023-05-10 21:00:41,bu2311,bu2311,3509.0,0.0,0.0,0.0,1,3543.0,3558.0,4,3509.0,3552.0,0.0,0.0,0.0,0.0,2476
2023-05-10 21:00:41,bu2311,bu2311,3509.0,0.0,0.0,0.0,1,3543.0,3558.0,2,3509.0,3552.0,0.0,0.0,0.0,0.0,2476
2023-05-10 21:00:46,bu2311,bu2311,3509.0,0.0,0.0,0.0,1,3543.0,3558.0,2,3509.0,3552.0,0.0,0.0,0.0,0.0,2476
2023-05-10 21:00:50,bu2311,bu2311,3509.0,0.0,0.0,0.0,1,3543.0,3566.0,1,3509.0,3552.0,0.0,0.0,0.0,0.0,2476
2023-05-10 21:00:50,bu2311,bu2311,3509.0,0.0,0.0,0.0,1,3543.0,3565.0,2,3509.0,3552.0,0.0,0.0,0.0,0.0,2476
2023-05-10 21:00:51,bu2311,bu2311,3509.0,0.0,0.0,0.0,1,3543.0,3565.0,4,3509.0,3552.0,0.0,0.0,0.0,0.0,2476
2023-05-10 21:00:53,bu2311,bu2311,3509.0,0.0,0.0,0.0,1,3543.0,3558.0,25,3509.0,3552.0,0.0,0.0,0.0,0.0,2476
2023-05-10 21:00:53,bu2311,bu2311,3509.0,0.0,0.0,0.0,1,3543.0,3557.0,2,3509.0,3552.0,0.0,0.0,0.0,0.0,2476
2023-05-10 21:00:54,bu2311,bu2311,3509.0,0.0,0.0,0.0,1,3543.0,3557.0,2,3509.0,3552.0,0.0,0.0,0.0,0.0,2476
2023-05-10 21:00:54,bu2311,bu2311,3509.0,0.0,0.0,0.0,1,3543.0,3559.0,25,3509.0,3552.0,0.0,0.0,0.0,0.0,2476
2023-05-10 21:00:55,bu2311,bu2311,3509.0,0.0,0.0,0.0,1,3543.0,3566.0,1,3509.0,3552.0,0.0,0.0,0.0,0.0,2476
2023-05-10 21:00:55,bu2311,bu2311,3509.0,0.0,0.0,0.0,1,3543.0,3558.0,25,3509.0,3552.0,0.0,0.0,0.0,0.0,2476
2023-05-10 21:00:56,bu2311,bu2311,3509.0,0.0,0.0,0.0,25,3552.0,3558.0,25,3509.0,3552.0,0.0,0.0,0.0,0.0,2476
2023-05-10 21:00:56,bu2311,bu2311,3509.0,0.0,0.0,0.0,25,3551.0,3559.0,25,3509.0,3552.0,0.0,0.0,0.0,0.0,2476
2023-05-10 21:00:57,bu2311,bu2311,3509.0,0.0,0.0,0.0,25,3551.0,3558.0,2,3509.0,3552.0,0.0,0.0,0.0,0.0,2476
2023-05-10 21:00:57,bu2311,bu2311,3509.0,0.0,0.0,0.0,1,3549.0,3566.0,3,3509.0,3552.0,0.0,0.0,0.0,0.0,2476
2023-05-10 21:00:58,bu2311,bu2311,3509.0,0.0,0.0,0.0,1,3549.0,3559.0,25,3509.0,3552.0,0.0,0.0,0.0,0.0,2476
2023-05-10 21:00:58,bu2311,bu2311,3509.0,0.0,0.0,0.0,25,3551.0,3558.0,25,3509.0,3552.0,0.0,0.0,0.0,0.0,2476
2023-05-10 21:00:59,bu2311,bu2311,3509.0,0.0,0.0,0.0,25,3550.0,3557.0,25,3509.0,3552.0,0.0,0.0,0.0,0.0,2476
2023-05-10 21:00:59,bu2311,bu2311,3509.0,0.0,0.0,0.0,1,3549.0,3556.0,25,3509.0,3552.0,0.0,0.0,0.0,0.0,2476
2023-05-10 21:01:00,bu2311,bu2311,3509.0,0.0,0.0,0.0,26,3549.0,3556.0,25,3509.0,3552.0,0.0,0.0,0.0,0.0,2476
2023-05-10 21:01:00,bu2311,bu2311,3509.0,0.0,0.0,0.0,1,3549.0,3565.0,2,3509.0,3552.0,0.0,0.0,0.0,0.0,2476
2023-05-10 21:01:01,bu2311,bu2311,3509.0,0.0,0.0,0.0,26,3549.0,3557.0,25,3509.0,3552.0,0.0,0.0,0.0,0.0,2476
2023-05-10 21:01:01,bu2311,bu2311,3509.0,0.0,0.0,0.0,25,3550.0,3552.0,1,3509.0,3552.0,0.0,0.0,0.0,0.0,2476
2023-05-10 21:01:02,bu2311,bu2311,3552.0,1.0,35520.0,1.0,1,3549.0,3564.0,2,3509.0,3552.0,3552.0,3552.0,1.0,35520.0,2477
2023-05-10 21:01:03,bu2311,bu2311,3552.0,0.0,0.0,0.0,1,3549.0,3561.0,2,3509.0,3552.0,3552.0,3552.0,1.0,35520.0,2477
2023-05-10 21:01:03,bu2311,bu2311,3552.0,0.0,0.0,0.0,25,3551.0,3558.0,25,3509.0,3552.0,3552.0,3552.0,1.0,35520.0,2477
2023-05-10 21:01:04,bu2311,bu2311,3552.0,0.0,0.0,0.0,25,3550.0,3557.0,2,3509.0,3552.0,3552.0,3552.0,1.0,35520.0,2477
2023-05-10 21:01:04,bu2311,bu2311,3552.0,0.0,0.0,0.0,25,3550.0,3557.0,27,3509.0,3552.0,3552.0,3552.0,1.0,35520.0,2477
2023-05-10 21:01:05,bu2311,bu2311,3552.0,0.0,0.0,0.0,25,3551.0,3557.0,27,3509.0,3552.0,3552.0,3552.0,1.0,35520.0,2477
2023-05-10 21:01:05,bu2311,bu2311,3552.0,0.0,0.0,0.0,25,3550.0,3557.0,27,3509.0,3552.0,3552.0,3552.0,1.0,35520.0,2477
2023-05-10 21:01:06,bu2311,bu2311,3552.0,0.0,0.0,0.0,25,3551.0,3557.0,27,3509.0,3552.0,3552.0,3552.0,1.0,35520.0,2477
2023-05-10 21:01:07,bu2311,bu2311,3552.0,0.0,0.0,0.0,25,3550.0,3557.0,27,3509.0,3552.0,3552.0,3552.0,1.0,35520.0,2477
2023-05-10 21:01:08,bu2311,bu2311,3552.0,0.0,0.0,0.0,26,3549.0,3557.0,2,3509.0,3552.0,3552.0,3552.0,1.0,35520.0,2477
2023-05-10 21:01:08,bu2311,bu2311,3552.0,0.0,0.0,0.0,1,3543.0,3557.0,2,3509.0,3552.0,3552.0,3552.0,1.0,35520.0,2477
2023-05-10 21:01:09,bu2311,bu2311,3552.0,0.0,0.0,0.0,25,3550.0,3557.0,2,3509.0,3552.0,3552.0,3552.0,1.0,35520.0,2477
2023-05-10 21:01:09,bu2311,bu2311,3552.0,0.0,0.0,0.0,25,3549.0,3556.0,25,3509.0,3552.0,3552.0,3552.0,1.0,35520.0,2477
2023-05-10 21:01:10,bu2311,bu2311,3552.0,0.0,0.0,0.0,25,3549.0,3555.0,27,3509.0,3552.0,3552.0,3552.0,1.0,35520.0,2477
2023-05-10 21:01:10,bu2311,bu2311,3552.0,0.0,0.0,0.0,25,3549.0,3555.0,2,3509.0,3552.0,3552.0,3552.0,1.0,35520.0,2477
2023-05-10 21:01:11,bu2311,bu2311,3552.0,0.0,0.0,0.0,1,3546.0,3555.0,2,3509.0,3552.0,3552.0,3552.0,1.0,35520.0,2477
2023-05-10 21:01:12,bu2311,bu2311,3552.0,0.0,0.0,0.0,1,3546.0,3555.0,2,3509.0,3552.0,3552.0,3552.0,1.0,35520.0,2477
2023-05-10 21:01:12,bu2311,bu2311,3552.0,0.0,0.0,0.0,25,3549.0,3555.0,2,3509.0,3552.0,3552.0,3552.0,1.0,35520.0,2477
2023-05-10 21:01:13,bu2311,bu2311,3552.0,0.0,0.0,0.0,25,3548.0,3554.0,25,3509.0,3552.0,3552.0,3552.0,1.0,35520.0,2477
2023-05-10 21:01:13,bu2311,bu2311,3552.0,0.0,0.0,0.0,25,3548.0,3555.0,2,3509.0,3552.0,3552.0,3552.0,1.0,35520.0,2477
2023-05-10 21:01:14,bu2311,bu2311,3552.0,0.0,0.0,0.0,25,3548.0,3555.0,27,3509.0,3552.0,3552.0,3552.0,1.0,35520.0,2477
2023-05-10 21:01:14,bu2311,bu2311,3552.0,0.0,0.0,0.0,25,3547.0,3555.0,27,3509.0,3552.0,3552.0,3552.0,1.0,35520.0,2477
2023-05-10 21:01:15,bu2311,bu2311,3552.0,0.0,0.0,0.0,25,3547.0,3553.0,25,3509.0,3552.0,3552.0,3552.0,1.0,35520.0,2477
2023-05-10 21:01:15,bu2311,bu2311,3552.0,0.0,0.0,0.0,25,3547.0,3554.0,25,3509.0,3552.0,3552.0,3552.0,1.0,35520.0,2477
2023-05-10 21:01:16,bu2311,bu2311,3552.0,0.0,0.0,0.0,25,3548.0,3553.0,2,3509.0,3552.0,3552.0,3552.0,1.0,35520.0,2477
2023-05-10 21:01:16,bu2311,bu2311,3552.0,0.0,0.0,0.0,1,3546.0,3553.0,2,3509.0,3552.0,3552.0,3552.0,1.0,35520.0,2477
2023-05-10 21:01:17,bu2311,bu2311,3552.0,0.0,0.0,0.0,25,3548.0,3553.0,2,3509.0,3552.0,3552.0,3552.0,1.0,35520.0,2477
2023-05-10 21:01:17,bu2311,bu2311,3552.0,0.0,0.0,0.0,5,3537.0,3556.0,2,3509.0,3552.0,3552.0,3552.0,1.0,35520.0,2477
2023-05-10 21:01:18,bu2311,bu2311,3552.0,0.0,0.0,0.0,25,3547.0,3554.0,25,3509.0,3552.0,3552.0,3552.0,1.0,35520.0,2477
2023-05-10 21:01:18,bu2311,bu2311,3552.0,0.0,0.0,0.0,25,3546.0,3553.0,2,3509.0,3552.0,3552.0,3552.0,1.0,35520.0,2477
2023-05-10 21:01:19,bu2311,bu2311,3552.0,0.0,0.0,0.0,25,3549.0,3553.0,2,3509.0,3552.0,3552.0,3552.0,1.0,35520.0,2477
2023-05-10 21:01:19,bu2311,bu2311,3549.0,2.0,70980.0,2.0,1,3543.0,3566.0,1,3509.0,3552.0,3552.0,3549.0,3.0,106500.0,2479
2023-05-10 21:01:20,bu2311,bu2311,3549.0,0.0,0.0,0.0,1,3543.0,3555.0,25,3509.0,3552.0,3552.0,3549.0,3.0,106500.0,2479
2023-05-10 21:01:20,bu2311,bu2311,3549.0,0.0,0.0,0.0,1,3543.0,3554.0,2,3509.0,3552.0,3552.0,3549.0,3.0,106500.0,2479
2023-05-10 21:01:21,bu2311,bu2311,3549.0,0.0,0.0,0.0,1,3543.0,3554.0,27,3509.0,3552.0,3552.0,3549.0,3.0,106500.0,2479
2023-05-10 21:01:21,bu2311,bu2311,3549.0,0.0,0.0,0.0,25,3547.0,3554.0,27,3509.0,3552.0,3552.0,3549.0,3.0,106500.0,2479
2023-05-10 21:01:22,bu2311,bu2311,3549.0,0.0,0.0,0.0,25,3548.0,3554.0,2,3509.0,3552.0,3552.0,3549.0,3.0,106500.0,2479
2023-05-10 21:01:22,bu2311,bu2311,3549.0,0.0,0.0,0.0,25,3548.0,3554.0,2,3509.0,3552.0,3552.0,3549.0,3.0,106500.0,2479
2023-05-10 21:01:23,bu2311,bu2311,3549.0,0.0,0.0,0.0,1,3543.0,3554.0,2,3509.0,3552.0,3552.0,3549.0,3.0,106500.0,2479
2023-05-10 21:01:23,bu2311,bu2311,3549.0,0.0,0.0,0.0,25,3549.0,3554.0,2,3509.0,3552.0,3552.0,3549.0,3.0,106500.0,2479
2023-05-10 21:01:24,bu2311,bu2311,3549.0,0.0,0.0,0.0,1,3543.0,3554.0,2,3509.0,3552.0,3552.0,3549.0,3.0,106500.0,2479
2023-05-10 21:01:24,bu2311,bu2311,3549.0,0.0,0.0,0.0,25,3549.0,3554.0,2,3509.0,3552.0,3552.0,3549.0,3.0,106500.0,2479
2023-05-10 21:01:25,bu2311,bu2311,3549.0,0.0,0.0,0.0,1,3543.0,3554.0,2,3509.0,3552.0,3552.0,3549.0,3.0,106500.0,2479
2023-05-10 21:01:25,bu2311,bu2311,3548.0,20.0,709600.0,20.0,1,3543.0,3554.0,2,3509.0,3552.0,3552.0,3548.0,23.0,816100.0,2499
2023-05-10 21:01:26,bu2311,bu2311,3548.0,0.0,0.0,0.0,25,3546.0,3552.0,25,3509.0,3552.0,3552.0,3548.0,23.0,816100.0,2499
2023-05-10 21:01:26,bu2311,bu2311,3548.0,0.0,0.0,0.0,25,3546.0,3553.0,25,3509.0,3552.0,3552.0,3548.0,23.0,816100.0,2499
2023-05-10 21:01:27,bu2311,bu2311,3548.0,0.0,0.0,0.0,25,3546.0,3554.0,2,3509.0,3552.0,3552.0,3548.0,23.0,816100.0,2499
2023-05-10 21:01:28,bu2311,bu2311,3548.0,0.0,0.0,0.0,25,3545.0,3553.0,25,3509.0,3552.0,3552.0,3548.0,23.0,816100.0,2499
2023-05-10 21:01:28,bu2311,bu2311,3548.0,0.0,0.0,0.0,1,3543.0,3552.0,2,3509.0,3552.0,3552.0,3548.0,23.0,816100.0,2499
2023-05-10 21:01:29,bu2311,bu2311,3548.0,0.0,0.0,0.0,26,3543.0,3551.0,25,3509.0,3552.0,3552.0,3548.0,23.0,816100.0,2499
2023-05-10 21:01:29,bu2311,bu2311,3548.0,0.0,0.0,0.0,26,3543.0,3550.0,27,3509.0,3552.0,3552.0,3548.0,23.0,816100.0,2499
2023-05-10 21:01:30,bu2311,bu2311,3548.0,0.0,0.0,0.0,5,3534.0,3550.0,27,3509.0,3552.0,3552.0,3548.0,23.0,816100.0,2499
2023-05-10 21:01:30,bu2311,bu2311,3548.0,0.0,0.0,0.0,25,3542.0,3550.0,2,3509.0,3552.0,3552.0,3548.0,23.0,816100.0,2499
2023-05-10 21:01:31,bu2311,bu2311,3548.0,0.0,0.0,0.0,25,3542.0,3549.0,25,3509.0,3552.0,3552.0,3548.0,23.0,816100.0,2499
2023-05-10 21:01:31,bu2311,bu2311,3548.0,0.0,0.0,0.0,1,3536.0,3549.0,25,3509.0,3552.0,3552.0,3548.0,23.0,816100.0,2499
2023-05-10 21:01:32,bu2311,bu2311,3548.0,0.0,0.0,0.0,25,3541.0,3548.0,25,3509.0,3552.0,3552.0,3548.0,23.0,816100.0,2499
2023-05-10 21:01:32,bu2311,bu2311,3548.0,0.0,0.0,0.0,25,3541.0,3548.0,25,3509.0,3552.0,3552.0,3548.0,23.0,816100.0,2499
2023-05-10 21:01:33,bu2311,bu2311,3548.0,0.0,0.0,0.0,3,3536.0,3550.0,2,3509.0,3552.0,3552.0,3548.0,23.0,816100.0,2499
2023-05-10 21:01:33,bu2311,bu2311,3548.0,0.0,0.0,0.0,25,3543.0,3549.0,25,3509.0,3552.0,3552.0,3548.0,23.0,816100.0,2499
2023-05-10 21:01:34,bu2311,bu2311,3548.0,0.0,0.0,0.0,25,3543.0,3550.0,27,3509.0,3552.0,3552.0,3548.0,23.0,816100.0,2499
2023-05-10 21:01:35,bu2311,bu2311,3548.0,0.0,0.0,0.0,25,3544.0,3550.0,27,3509.0,3552.0,3552.0,3548.0,23.0,816100.0,2499
2023-05-10 21:01:35,bu2311,bu2311,3548.0,0.0,0.0,0.0,3,3536.0,3550.0,27,3509.0,3552.0,3552.0,3548.0,23.0,816100.0,2499
2023-05-10 21:01:36,bu2311,bu2311,3548.0,0.0,0.0,0.0,3,3536.0,3550.0,27,3509.0,3552.0,3552.0,3548.0,23.0,816100.0,2499
2023-05-10 21:01:36,bu2311,bu2311,3548.0,0.0,0.0,0.0,3,3536.0,3550.0,2,3509.0,3552.0,3552.0,3548.0,23.0,816100.0,2499
2023-05-10 21:01:37,bu2311,bu2311,3548.0,0.0,0.0,0.0,25,3543.0,3550.0,27,3509.0,3552.0,3552.0,3548.0,23.0,816100.0,2499
2023-05-10 21:01:37,bu2311,bu2311,3548.0,0.0,0.0,0.0,1,3538.0,3550.0,2,3509.0,3552.0,3552.0,3548.0,23.0,816100.0,2499
2023-05-10 21:01:38,bu2311,bu2311,3548.0,0.0,0.0,0.0,25,3544.0,3550.0,27,3509.0,3552.0,3552.0,3548.0,23.0,816100.0,2499
2023-05-10 21:01:38,bu2311,bu2311,3548.0,0.0,0.0,0.0,25,3544.0,3546.0,1,3509.0,3552.0,3552.0,3548.0,23.0,816100.0,2499
2023-05-10 21:01:39,bu2311,bu2311,3548.0,0.0,0.0,0.0,25,3543.0,3546.0,1,3509.0,3552.0,3552.0,3548.0,23.0,816100.0,2499
2023-05-10 21:01:40,bu2311,bu2311,3548.0,0.0,0.0,0.0,25,3543.0,3546.0,1,3509.0,3552.0,3552.0,3548.0,23.0,816100.0,2499
2023-05-10 21:01:40,bu2311,bu2311,3548.0,0.0,0.0,0.0,1,3538.0,3546.0,1,3509.0,3552.0,3552.0,3548.0,23.0,816100.0,2499
2023-05-10 21:01:41,bu2311,bu2311,3548.0,0.0,0.0,0.0,25,3543.0,3546.0,1,3509.0,3552.0,3552.0,3548.0,23.0,816100.0,2499
2023-05-10 21:01:41,bu2311,bu2311,3548.0,0.0,0.0,0.0,2,3538.0,3546.0,1,3509.0,3552.0,3552.0,3548.0,23.0,816100.0,2499
2023-05-10 21:01:42,bu2311,bu2311,3548.0,0.0,0.0,0.0,25,3543.0,3546.0,1,3509.0,3552.0,3552.0,3548.0,23.0,816100.0,2499
2023-05-10 21:01:42,bu2311,bu2311,3548.0,0.0,0.0,0.0,25,3542.0,3546.0,1,3509.0,3552.0,3552.0,3548.0,23.0,816100.0,2499
2023-05-10 21:01:43,bu2311,bu2311,3548.0,0.0,0.0,0.0,2,3538.0,3546.0,1,3509.0,3552.0,3552.0,3548.0,23.0,816100.0,2499
2023-05-10 21:01:44,bu2311,bu2311,3548.0,0.0,0.0,0.0,25,3541.0,3546.0,1,3509.0,3552.0,3552.0,3548.0,23.0,816100.0,2499
2023-05-10 21:01:44,bu2311,bu2311,3548.0,0.0,0.0,0.0,1,3534.0,3546.0,1,3509.0,3552.0,3552.0,3548.0,23.0,816100.0,2499
2023-05-10 21:01:45,bu2311,bu2311,3548.0,0.0,0.0,0.0,25,3540.0,3546.0,1,3509.0,3552.0,3552.0,3548.0,23.0,816100.0,2499
2023-05-10 21:01:45,bu2311,bu2311,3548.0,0.0,0.0,0.0,2,3536.0,3546.0,1,3509.0,3552.0,3552.0,3548.0,23.0,816100.0,2499
2023-05-10 21:01:46,bu2311,bu2311,3548.0,0.0,0.0,0.0,25,3541.0,3546.0,1,3509.0,3552.0,3552.0,3548.0,23.0,816100.0,2499
2023-05-10 21:01:46,bu2311,bu2311,3548.0,0.0,0.0,0.0,25,3540.0,3546.0,1,3509.0,3552.0,3552.0,3548.0,23.0,816100.0,2499
2023-05-10 21:01:47,bu2311,bu2311,3548.0,0.0,0.0,0.0,25,3542.0,3546.0,1,3509.0,3552.0,3552.0,3548.0,23.0,816100.0,2499
2023-05-10 21:01:49,bu2311,bu2311,3548.0,0.0,0.0,0.0,2,3536.0,3546.0,1,3509.0,3552.0,3552.0,3548.0,23.0,816100.0,2499
2023-05-10 21:01:50,bu2311,bu2311,3548.0,0.0,0.0,0.0,2,3536.0,3546.0,1,3509.0,3552.0,3552.0,3548.0,23.0,816100.0,2499
2023-05-10 21:01:50,bu2311,bu2311,3548.0,0.0,0.0,0.0,25,3540.0,3546.0,26,3509.0,3552.0,3552.0,3548.0,23.0,816100.0,2499
2023-05-10 21:01:51,bu2311,bu2311,3548.0,0.0,0.0,0.0,25,3541.0,3546.0,1,3509.0,3552.0,3552.0,3548.0,23.0,816100.0,2499
2023-05-10 21:01:52,bu2311,bu2311,3548.0,0.0,0.0,0.0,25,3540.0,3546.0,1,3509.0,3552.0,3552.0,3548.0,23.0,816100.0,2499
2023-05-10 21:01:53,bu2311,bu2311,3548.0,0.0,0.0,0.0,25,3541.0,3546.0,1,3509.0,3552.0,3552.0,3548.0,23.0,816100.0,2499
2023-05-10 21:01:53,bu2311,bu2311,3548.0,0.0,0.0,0.0,25,3540.0,3546.0,26,3509.0,3552.0,3552.0,3548.0,23.0,816100.0,2499
2023-05-10 21:01:54,bu2311,bu2311,3548.0,0.0,0.0,0.0,25,3541.0,3546.0,1,3509.0,3552.0,3552.0,3548.0,23.0,816100.0,2499
2023-05-10 21:01:54,bu2311,bu2311,3548.0,0.0,0.0,0.0,2,3536.0,3546.0,1,3509.0,3552.0,3552.0,3548.0,23.0,816100.0,2499
2023-05-10 21:01:55,bu2311,bu2311,3548.0,0.0,0.0,0.0,1,3536.0,3546.0,1,3509.0,3552.0,3552.0,3548.0,23.0,816100.0,2499
2023-05-10 21:01:56,bu2311,bu2311,3548.0,0.0,0.0,0.0,25,3540.0,3546.0,1,3509.0,3552.0,3552.0,3548.0,23.0,816100.0,2499
2023-05-10 21:01:56,bu2311,bu2311,3548.0,0.0,0.0,0.0,25,3540.0,3546.0,26,3509.0,3552.0,3552.0,3548.0,23.0,816100.0,2499
2023-05-10 21:01:58,bu2311,bu2311,3548.0,0.0,0.0,0.0,25,3540.0,3546.0,26,3509.0,3552.0,3552.0,3548.0,23.0,816100.0,2499
2023-05-10 21:01:58,bu2311,bu2311,3548.0,0.0,0.0,0.0,25,3540.0,3546.0,26,3509.0,3552.0,3552.0,3548.0,23.0,816100.0,2499
2023-05-10 21:02:00,bu2311,bu2311,3548.0,0.0,0.0,0.0,1,3534.0,3546.0,1,3509.0,3552.0,3552.0,3548.0,23.0,816100.0,2499
2023-05-10 21:02:01,bu2311,bu2311,3548.0,0.0,0.0,0.0,25,3540.0,3546.0,26,3509.0,3552.0,3552.0,3548.0,23.0,816100.0,2499
2023-05-10 21:02:01,bu2311,bu2311,3548.0,0.0,0.0,0.0,25,3540.0,3546.0,1,3509.0,3552.0,3552.0,3548.0,23.0,816100.0,2499
2023-05-10 21:02:02,bu2311,bu2311,3548.0,0.0,0.0,0.0,1,3534.0,3546.0,1,3509.0,3552.0,3552.0,3548.0,23.0,816100.0,2499
2023-05-10 21:02:02,bu2311,bu2311,3548.0,0.0,0.0,0.0,1,3535.0,3546.0,1,3509.0,3552.0,3552.0,3548.0,23.0,816100.0,2499
2023-05-10 21:02:03,bu2311,bu2311,3548.0,0.0,0.0,0.0,25,3541.0,3546.0,1,3509.0,3552.0,3552.0,3548.0,23.0,816100.0,2499
2023-05-10 21:02:04,bu2311,bu2311,3548.0,0.0,0.0,0.0,25,3542.0,3546.0,1,3509.0,3552.0,3552.0,3548.0,23.0,816100.0,2499
2023-05-10 21:02:04,bu2311,bu2311,3548.0,0.0,0.0,0.0,25,3541.0,3546.0,1,3509.0,3552.0,3552.0,3548.0,23.0,816100.0,2499
2023-05-10 21:02:05,bu2311,bu2311,3548.0,0.0,0.0,0.0,25,3541.0,3546.0,1,3509.0,3552.0,3552.0,3548.0,23.0,816100.0,2499
2023-05-10 21:02:07,bu2311,bu2311,3548.0,0.0,0.0,0.0,25,3540.0,3546.0,1,3509.0,3552.0,3552.0,3548.0,23.0,816100.0,2499
2023-05-10 21:02:07,bu2311,bu2311,3548.0,0.0,0.0,0.0,25,3540.0,3546.0,26,3509.0,3552.0,3552.0,3548.0,23.0,816100.0,2499
2023-05-10 21:02:08,bu2311,bu2311,3548.0,0.0,0.0,0.0,25,3539.0,3546.0,26,3509.0,3552.0,3552.0,3548.0,23.0,816100.0,2499
2023-05-10 21:02:09,bu2311,bu2311,3548.0,0.0,0.0,0.0,25,3539.0,3546.0,26,3509.0,3552.0,3552.0,3548.0,23.0,816100.0,2499
2023-05-10 21:02:09,bu2311,bu2311,3548.0,0.0,0.0,0.0,25,3540.0,3546.0,26,3509.0,3552.0,3552.0,3548.0,23.0,816100.0,2499
2023-05-10 21:02:10,bu2311,bu2311,3548.0,0.0,0.0,0.0,25,3540.0,3546.0,1,3509.0,3552.0,3552.0,3548.0,23.0,816100.0,2499
2023-05-10 21:02:11,bu2311,bu2311,3548.0,0.0,0.0,0.0,1,3534.0,3546.0,1,3509.0,3552.0,3552.0,3548.0,23.0,816100.0,2499
2023-05-10 21:02:11,bu2311,bu2311,3548.0,0.0,0.0,0.0,1,3535.0,3546.0,1,3509.0,3552.0,3552.0,3548.0,23.0,816100.0,2499
2023-05-10 21:02:12,bu2311,bu2311,3548.0,0.0,0.0,0.0,25,3541.0,3546.0,1,3509.0,3552.0,3552.0,3548.0,23.0,816100.0,2499
2023-05-10 21:02:14,bu2311,bu2311,3548.0,0.0,0.0,0.0,25,3540.0,3546.0,1,3509.0,3552.0,3552.0,3548.0,23.0,816100.0,2499
2023-05-10 21:02:15,bu2311,bu2311,3548.0,0.0,0.0,0.0,25,3540.0,3546.0,1,3509.0,3552.0,3552.0,3548.0,23.0,816100.0,2499
2023-05-10 21:02:15,bu2311,bu2311,3548.0,0.0,0.0,0.0,25,3540.0,3546.0,1,3509.0,3552.0,3552.0,3548.0,23.0,816100.0,2499
2023-05-10 21:02:16,bu2311,bu2311,3548.0,0.0,0.0,0.0,25,3541.0,3546.0,1,3509.0,3552.0,3552.0,3548.0,23.0,816100.0,2499
2023-05-10 21:02:17,bu2311,bu2311,3541.0,3.0,106230.0,3.0,25,3541.0,3546.0,1,3509.0,3552.0,3552.0,3541.0,26.0,922330.0,2502
2023-05-10 21:02:17,bu2311,bu2311,3541.0,0.0,0.0,0.0,25,3540.0,3546.0,1,3509.0,3552.0,3552.0,3541.0,26.0,922330.0,2502
2023-05-10 21:02:21,bu2311,bu2311,3541.0,0.0,0.0,0.0,25,3540.0,3546.0,1,3509.0,3552.0,3552.0,3541.0,26.0,922330.0,2502
2023-05-10 21:02:23,bu2311,bu2311,3541.0,0.0,0.0,0.0,25,3540.0,3546.0,1,3509.0,3552.0,3552.0,3541.0,26.0,922330.0,2502
2023-05-10 21:02:23,bu2311,bu2311,3541.0,0.0,0.0,0.0,25,3540.0,3546.0,1,3509.0,3552.0,3552.0,3541.0,26.0,922330.0,2502
2023-05-10 21:02:24,bu2311,bu2311,3541.0,0.0,0.0,0.0,25,3540.0,3546.0,26,3509.0,3552.0,3552.0,3541.0,26.0,922330.0,2502
2023-05-10 21:02:24,bu2311,bu2311,3541.0,0.0,0.0,0.0,25,3540.0,3546.0,26,3509.0,3552.0,3552.0,3541.0,26.0,922330.0,2502
2023-05-10 21:02:25,bu2311,bu2311,3541.0,0.0,0.0,0.0,25,3540.0,3546.0,26,3509.0,3552.0,3552.0,3541.0,26.0,922330.0,2502
2023-05-10 21:02:25,bu2311,bu2311,3541.0,0.0,0.0,0.0,3,3530.0,3546.0,1,3509.0,3552.0,3552.0,3541.0,26.0,922330.0,2502
2023-05-10 21:02:26,bu2311,bu2311,3541.0,0.0,0.0,0.0,25,3540.0,3546.0,26,3509.0,3552.0,3552.0,3541.0,26.0,922330.0,2502
2023-05-10 21:02:26,bu2311,bu2311,3541.0,0.0,0.0,0.0,1,3535.0,3546.0,26,3509.0,3552.0,3552.0,3541.0,26.0,922330.0,2502
2023-05-10 21:02:27,bu2311,bu2311,3541.0,0.0,0.0,0.0,25,3540.0,3546.0,26,3509.0,3552.0,3552.0,3541.0,26.0,922330.0,2502
2023-05-10 21:02:27,bu2311,bu2311,3541.0,0.0,0.0,0.0,25,3540.0,3546.0,26,3509.0,3552.0,3552.0,3541.0,26.0,922330.0,2502
2023-05-10 21:02:28,bu2311,bu2311,3541.0,0.0,0.0,0.0,25,3540.0,3546.0,1,3509.0,3552.0,3552.0,3541.0,26.0,922330.0,2502
2023-05-10 21:02:28,bu2311,bu2311,3541.0,0.0,0.0,0.0,1,3535.0,3546.0,1,3509.0,3552.0,3552.0,3541.0,26.0,922330.0,2502
2023-05-10 21:02:29,bu2311,bu2311,3541.0,0.0,0.0,0.0,25,3541.0,3546.0,1,3509.0,3552.0,3552.0,3541.0,26.0,922330.0,2502
2023-05-10 21:02:29,bu2311,bu2311,3541.0,0.0,0.0,0.0,25,3541.0,3546.0,1,3509.0,3552.0,3552.0,3541.0,26.0,922330.0,2502
2023-05-10 21:02:30,bu2311,bu2311,3541.0,5.0,177050.0,5.0,25,3541.0,3546.0,26,3509.0,3552.0,3552.0,3541.0,31.0,1099380.0,2507
2023-05-10 21:02:30,bu2311,bu2311,3541.0,0.0,0.0,0.0,25,3541.0,3546.0,26,3509.0,3552.0,3552.0,3541.0,31.0,1099380.0,2507
2023-05-10 21:02:31,bu2311,bu2311,3541.0,0.0,0.0,0.0,25,3541.0,3546.0,26,3509.0,3552.0,3552.0,3541.0,31.0,1099380.0,2507
2023-05-10 21:02:31,bu2311,bu2311,3541.0,0.0,0.0,0.0,25,3541.0,3546.0,26,3509.0,3552.0,3552.0,3541.0,31.0,1099380.0,2507
2023-05-10 21:02:32,bu2311,bu2311,3541.0,0.0,0.0,0.0,25,3542.0,3546.0,1,3509.0,3552.0,3552.0,3541.0,31.0,1099380.0,2507
2023-05-10 21:02:32,bu2311,bu2311,3541.0,0.0,0.0,0.0,25,3542.0,3546.0,1,3509.0,3552.0,3552.0,3541.0,31.0,1099380.0,2507
2023-05-10 21:02:33,bu2311,bu2311,3541.0,0.0,0.0,0.0,25,3542.0,3546.0,1,3509.0,3552.0,3552.0,3541.0,31.0,1099380.0,2507
2023-05-10 21:02:33,bu2311,bu2311,3541.0,0.0,0.0,0.0,25,3542.0,3546.0,1,3509.0,3552.0,3552.0,3541.0,31.0,1099380.0,2507
2023-05-10 21:02:34,bu2311,bu2311,3541.0,0.0,0.0,0.0,1,3535.0,3546.0,1,3509.0,3552.0,3552.0,3541.0,31.0,1099380.0,2507
2023-05-10 21:02:34,bu2311,bu2311,3541.0,0.0,0.0,0.0,25,3542.0,3546.0,1,3509.0,3552.0,3552.0,3541.0,31.0,1099380.0,2507
2023-05-10 21:02:35,bu2311,bu2311,3541.0,0.0,0.0,0.0,25,3543.0,3546.0,1,3509.0,3552.0,3552.0,3541.0,31.0,1099380.0,2507
2023-05-10 21:02:37,bu2311,bu2311,3541.0,0.0,0.0,0.0,25,3543.0,3546.0,1,3509.0,3552.0,3552.0,3541.0,31.0,1099380.0,2507
2023-05-10 21:02:37,bu2311,bu2311,3541.0,0.0,0.0,0.0,25,3543.0,3546.0,1,3509.0,3552.0,3552.0,3541.0,31.0,1099380.0,2507
2023-05-10 21:02:39,bu2311,bu2311,3541.0,0.0,0.0,0.0,25,3543.0,3546.0,1,3509.0,3552.0,3552.0,3541.0,31.0,1099380.0,2507
2023-05-10 21:02:40,bu2311,bu2311,3541.0,0.0,0.0,0.0,25,3543.0,3546.0,1,3509.0,3552.0,3552.0,3541.0,31.0,1099380.0,2507
2023-05-10 21:02:40,bu2311,bu2311,3541.0,0.0,0.0,0.0,25,3543.0,3546.0,1,3509.0,3552.0,3552.0,3541.0,31.0,1099380.0,2507
2023-05-10 21:02:41,bu2311,bu2311,3541.0,0.0,0.0,0.0,1,3536.0,3546.0,1,3509.0,3552.0,3552.0,3541.0,31.0,1099380.0,2507
2023-05-10 21:02:41,bu2311,bu2311,3541.0,0.0,0.0,0.0,25,3544.0,3546.0,1,3509.0,3552.0,3552.0,3541.0,31.0,1099380.0,2507
2023-05-10 21:02:42,bu2311,bu2311,3541.0,0.0,0.0,0.0,25,3543.0,3546.0,1,3509.0,3552.0,3552.0,3541.0,31.0,1099380.0,2507
2023-05-10 21:02:42,bu2311,bu2311,3541.0,0.0,0.0,0.0,1,3538.0,3546.0,1,3509.0,3552.0,3552.0,3541.0,31.0,1099380.0,2507
2023-05-10 21:02:43,bu2311,bu2311,3541.0,0.0,0.0,0.0,25,3543.0,3546.0,1,3509.0,3552.0,3552.0,3541.0,31.0,1099380.0,2507
2023-05-10 21:02:43,bu2311,bu2311,3541.0,0.0,0.0,0.0,25,3543.0,3546.0,1,3509.0,3552.0,3552.0,3541.0,31.0,1099380.0,2507
2023-05-10 21:02:44,bu2311,bu2311,3541.0,0.0,0.0,0.0,1,3538.0,3546.0,1,3509.0,3552.0,3552.0,3541.0,31.0,1099380.0,2507
2023-05-10 21:02:45,bu2311,bu2311,3541.0,0.0,0.0,0.0,1,3538.0,3546.0,1,3509.0,3552.0,3552.0,3541.0,31.0,1099380.0,2507
2023-05-10 21:02:45,bu2311,bu2311,3541.0,0.0,0.0,0.0,25,3542.0,3546.0,1,3509.0,3552.0,3552.0,3541.0,31.0,1099380.0,2507
2023-05-10 21:02:46,bu2311,bu2311,3541.0,0.0,0.0,0.0,25,3542.0,3546.0,1,3509.0,3552.0,3552.0,3541.0,31.0,1099380.0,2507
2023-05-10 21:02:46,bu2311,bu2311,3541.0,0.0,0.0,0.0,25,3541.0,3546.0,26,3509.0,3552.0,3552.0,3541.0,31.0,1099380.0,2507
2023-05-10 21:02:47,bu2311,bu2311,3541.0,0.0,0.0,0.0,25,3541.0,3546.0,26,3509.0,3552.0,3552.0,3541.0,31.0,1099380.0,2507
2023-05-10 21:02:47,bu2311,bu2311,3541.0,0.0,0.0,0.0,25,3540.0,3546.0,26,3509.0,3552.0,3552.0,3541.0,31.0,1099380.0,2507
2023-05-10 21:02:48,bu2311,bu2311,3541.0,0.0,0.0,0.0,25,3540.0,3546.0,1,3509.0,3552.0,3552.0,3541.0,31.0,1099380.0,2507
2023-05-10 21:02:48,bu2311,bu2311,3541.0,0.0,0.0,0.0,25,3540.0,3545.0,25,3509.0,3552.0,3552.0,3541.0,31.0,1099380.0,2507
2023-05-10 21:02:49,bu2311,bu2311,3541.0,0.0,0.0,0.0,25,3540.0,3545.0,25,3509.0,3552.0,3552.0,3541.0,31.0,1099380.0,2507
2023-05-10 21:02:49,bu2311,bu2311,3541.0,0.0,0.0,0.0,3,3530.0,3544.0,25,3509.0,3552.0,3552.0,3541.0,31.0,1099380.0,2507
2023-05-10 21:02:50,bu2311,bu2311,3541.0,0.0,0.0,0.0,25,3539.0,3541.0,1,3509.0,3552.0,3552.0,3541.0,31.0,1099380.0,2507
2023-05-10 21:02:50,bu2311,bu2311,3541.0,0.0,0.0,0.0,25,3538.0,3541.0,1,3509.0,3552.0,3552.0,3541.0,31.0,1099380.0,2507
2023-05-10 21:02:51,bu2311,bu2311,3541.0,0.0,0.0,0.0,25,3538.0,3541.0,1,3509.0,3552.0,3552.0,3541.0,31.0,1099380.0,2507
2023-05-10 21:02:51,bu2311,bu2311,3541.0,0.0,0.0,0.0,25,3537.0,3541.0,1,3509.0,3552.0,3552.0,3541.0,31.0,1099380.0,2507
2023-05-10 21:02:52,bu2311,bu2311,3541.0,0.0,0.0,0.0,25,3537.0,3541.0,1,3509.0,3552.0,3552.0,3541.0,31.0,1099380.0,2507
2023-05-10 21:02:52,bu2311,bu2311,3541.0,0.0,0.0,0.0,25,3537.0,3541.0,1,3509.0,3552.0,3552.0,3541.0,31.0,1099380.0,2507
2023-05-10 21:02:53,bu2311,bu2311,3541.0,0.0,0.0,0.0,25,3537.0,3541.0,1,3509.0,3552.0,3552.0,3541.0,31.0,1099380.0,2507
2023-05-10 21:02:53,bu2311,bu2311,3541.0,0.0,0.0,0.0,1,3530.0,3541.0,1,3509.0,3552.0,3552.0,3541.0,31.0,1099380.0,2507
2023-05-10 21:02:54,bu2311,bu2311,3541.0,0.0,0.0,0.0,1,3532.0,3541.0,1,3509.0,3552.0,3552.0,3541.0,31.0,1099380.0,2507
2023-05-10 21:02:54,bu2311,bu2311,3541.0,0.0,0.0,0.0,25,3539.0,3541.0,1,3509.0,3552.0,3552.0,3541.0,31.0,1099380.0,2507
2023-05-10 21:02:55,bu2311,bu2311,3541.0,0.0,0.0,0.0,1,3532.0,3541.0,1,3509.0,3552.0,3552.0,3541.0,31.0,1099380.0,2507
2023-05-10 21:02:55,bu2311,bu2311,3541.0,0.0,0.0,0.0,25,3539.0,3541.0,1,3509.0,3552.0,3552.0,3541.0,31.0,1099380.0,2507
2023-05-10 21:02:56,bu2311,bu2311,3541.0,0.0,0.0,0.0,25,3539.0,3541.0,1,3509.0,3552.0,3552.0,3541.0,31.0,1099380.0,2507
2023-05-10 21:02:56,bu2311,bu2311,3541.0,0.0,0.0,0.0,25,3539.0,3541.0,1,3509.0,3552.0,3552.0,3541.0,31.0,1099380.0,2507
2023-05-10 21:02:58,bu2311,bu2311,3541.0,0.0,0.0,0.0,25,3540.0,3541.0,1,3509.0,3552.0,3552.0,3541.0,31.0,1099380.0,2507
2023-05-10 21:02:59,bu2311,bu2311,3541.0,0.0,0.0,0.0,25,3540.0,3541.0,1,3509.0,3552.0,3552.0,3541.0,31.0,1099380.0,2507
2023-05-10 21:02:59,bu2311,bu2311,3541.0,1.0,35410.0,1.0,25,3541.0,3549.0,2,3509.0,3552.0,3552.0,3541.0,32.0,1134790.0,2508
2023-05-10 21:03:00,bu2311,bu2311,3541.0,0.0,0.0,0.0,25,3542.0,3547.0,25,3509.0,3552.0,3552.0,3541.0,32.0,1134790.0,2508
2023-05-10 21:03:00,bu2311,bu2311,3541.0,0.0,0.0,0.0,25,3542.0,3548.0,2,3509.0,3552.0,3552.0,3541.0,32.0,1134790.0,2508
2023-05-10 21:03:01,bu2311,bu2311,3541.0,0.0,0.0,0.0,25,3543.0,3548.0,25,3509.0,3552.0,3552.0,3541.0,32.0,1134790.0,2508
2023-05-10 21:03:02,bu2311,bu2311,3541.0,0.0,0.0,0.0,25,3541.0,3546.0,25,3509.0,3552.0,3552.0,3541.0,32.0,1134790.0,2508
2023-05-10 21:03:02,bu2311,bu2311,3541.0,0.0,0.0,0.0,25,3541.0,3546.0,25,3509.0,3552.0,3552.0,3541.0,32.0,1134790.0,2508
2023-05-10 21:03:03,bu2311,bu2311,3541.0,0.0,0.0,0.0,25,3542.0,3547.0,25,3509.0,3552.0,3552.0,3541.0,32.0,1134790.0,2508
2023-05-10 21:03:03,bu2311,bu2311,3541.0,0.0,0.0,0.0,3,3533.0,3547.0,25,3509.0,3552.0,3552.0,3541.0,32.0,1134790.0,2508
2023-05-10 21:03:04,bu2311,bu2311,3541.0,0.0,0.0,0.0,25,3541.0,3550.0,2,3509.0,3552.0,3552.0,3541.0,32.0,1134790.0,2508
2023-05-10 21:03:04,bu2311,bu2311,3541.0,0.0,0.0,0.0,25,3540.0,3545.0,25,3509.0,3552.0,3552.0,3541.0,32.0,1134790.0,2508
2023-05-10 21:03:05,bu2311,bu2311,3541.0,0.0,0.0,0.0,25,3540.0,3545.0,25,3509.0,3552.0,3552.0,3541.0,32.0,1134790.0,2508
2023-05-10 21:03:06,bu2311,bu2311,3541.0,0.0,0.0,0.0,25,3540.0,3545.0,25,3509.0,3552.0,3552.0,3541.0,32.0,1134790.0,2508
2023-05-10 21:03:06,bu2311,bu2311,3541.0,0.0,0.0,0.0,25,3540.0,3545.0,25,3509.0,3552.0,3552.0,3541.0,32.0,1134790.0,2508
2023-05-10 21:03:07,bu2311,bu2311,3541.0,0.0,0.0,0.0,25,3540.0,3545.0,25,3509.0,3552.0,3552.0,3541.0,32.0,1134790.0,2508
2023-05-10 21:03:07,bu2311,bu2311,3541.0,0.0,0.0,0.0,1,3542.0,3545.0,25,3509.0,3552.0,3552.0,3541.0,32.0,1134790.0,2508
2023-05-10 21:03:10,bu2311,bu2311,3541.0,0.0,0.0,0.0,1,3542.0,3546.0,1,3509.0,3552.0,3552.0,3541.0,32.0,1134790.0,2508
2023-05-10 21:03:11,bu2311,bu2311,3541.0,0.0,0.0,0.0,1,3540.0,3544.0,26,3509.0,3552.0,3552.0,3541.0,32.0,1134790.0,2508
2023-05-10 21:03:11,bu2311,bu2311,3541.0,0.0,0.0,0.0,25,3539.0,3544.0,25,3509.0,3552.0,3552.0,3541.0,32.0,1134790.0,2508
2023-05-10 21:03:12,bu2311,bu2311,3541.0,0.0,0.0,0.0,25,3539.0,3544.0,25,3509.0,3552.0,3552.0,3541.0,32.0,1134790.0,2508
2023-05-10 21:03:12,bu2311,bu2311,3541.0,0.0,0.0,0.0,25,3539.0,3544.0,25,3509.0,3552.0,3552.0,3541.0,32.0,1134790.0,2508
2023-05-10 21:03:13,bu2311,bu2311,3541.0,0.0,0.0,0.0,25,3539.0,3544.0,25,3509.0,3552.0,3552.0,3541.0,32.0,1134790.0,2508
2023-05-10 21:03:13,bu2311,bu2311,3541.0,0.0,0.0,0.0,25,3539.0,3544.0,25,3509.0,3552.0,3552.0,3541.0,32.0,1134790.0,2508
2023-05-10 21:03:14,bu2311,bu2311,3541.0,0.0,0.0,0.0,25,3538.0,3543.0,25,3509.0,3552.0,3552.0,3541.0,32.0,1134790.0,2508
2023-05-10 21:03:14,bu2311,bu2311,3541.0,0.0,0.0,0.0,25,3537.0,3542.0,25,3509.0,3552.0,3552.0,3541.0,32.0,1134790.0,2508
2023-05-10 21:03:15,bu2311,bu2311,3541.0,0.0,0.0,0.0,25,3538.0,3543.0,25,3509.0,3552.0,3552.0,3541.0,32.0,1134790.0,2508
2023-05-10 21:03:15,bu2311,bu2311,3541.0,0.0,0.0,0.0,25,3538.0,3543.0,25,3509.0,3552.0,3552.0,3541.0,32.0,1134790.0,2508
2023-05-10 21:03:16,bu2311,bu2311,3541.0,0.0,0.0,0.0,25,3538.0,3543.0,25,3509.0,3552.0,3552.0,3541.0,32.0,1134790.0,2508
2023-05-10 21:03:16,bu2311,bu2311,3541.0,0.0,0.0,0.0,25,3538.0,3543.0,25,3509.0,3552.0,3552.0,3541.0,32.0,1134790.0,2508
2023-05-10 21:03:17,bu2311,bu2311,3541.0,0.0,0.0,0.0,25,3538.0,3543.0,25,3509.0,3552.0,3552.0,3541.0,32.0,1134790.0,2508
2023-05-10 21:03:17,bu2311,bu2311,3541.0,0.0,0.0,0.0,25,3539.0,3544.0,25,3509.0,3552.0,3552.0,3541.0,32.0,1134790.0,2508
2023-05-10 21:03:18,bu2311,bu2311,3541.0,0.0,0.0,0.0,1,3541.0,3543.0,1,3509.0,3552.0,3552.0,3541.0,32.0,1134790.0,2508
2023-05-10 21:03:18,bu2311,bu2311,3541.0,0.0,0.0,0.0,1,3540.0,3543.0,1,3509.0,3552.0,3552.0,3541.0,32.0,1134790.0,2508
2023-05-10 21:03:19,bu2311,bu2311,3541.0,0.0,0.0,0.0,26,3540.0,3544.0,1,3509.0,3552.0,3552.0,3541.0,32.0,1134790.0,2508
2023-05-10 21:03:19,bu2311,bu2311,3541.0,0.0,0.0,0.0,1,3542.0,3545.0,26,3509.0,3552.0,3552.0,3541.0,32.0,1134790.0,2508
2023-05-10 21:03:20,bu2311,bu2311,3541.0,0.0,0.0,0.0,1,3542.0,3545.0,26,3509.0,3552.0,3552.0,3541.0,32.0,1134790.0,2508
2023-05-10 21:03:21,bu2311,bu2311,3541.0,0.0,0.0,0.0,1,3542.0,3545.0,26,3509.0,3552.0,3552.0,3541.0,32.0,1134790.0,2508
2023-05-10 21:03:21,bu2311,bu2311,3541.0,0.0,0.0,0.0,1,3542.0,3545.0,1,3509.0,3552.0,3552.0,3541.0,32.0,1134790.0,2508
2023-05-10 21:03:22,bu2311,bu2311,3541.0,0.0,0.0,0.0,1,3542.0,3546.0,27,3509.0,3552.0,3552.0,3541.0,32.0,1134790.0,2508
2023-05-10 21:03:22,bu2311,bu2311,3541.0,0.0,0.0,0.0,1,3543.0,3546.0,26,3509.0,3552.0,3552.0,3541.0,32.0,1134790.0,2508
2023-05-10 21:03:23,bu2311,bu2311,3541.0,0.0,0.0,0.0,1,3543.0,3546.0,26,3509.0,3552.0,3552.0,3541.0,32.0,1134790.0,2508
2023-05-10 21:03:25,bu2311,bu2311,3541.0,0.0,0.0,0.0,26,3541.0,3546.0,1,3509.0,3552.0,3552.0,3541.0,32.0,1134790.0,2508
2023-05-10 21:03:26,bu2311,bu2311,3541.0,0.0,0.0,0.0,25,3542.0,3546.0,1,3509.0,3552.0,3552.0,3541.0,32.0,1134790.0,2508
2023-05-10 21:03:26,bu2311,bu2311,3541.0,0.0,0.0,0.0,25,3542.0,3547.0,26,3509.0,3552.0,3552.0,3541.0,32.0,1134790.0,2508
2023-05-10 21:03:27,bu2311,bu2311,3541.0,0.0,0.0,0.0,25,3542.0,3547.0,26,3509.0,3552.0,3552.0,3541.0,32.0,1134790.0,2508
2023-05-10 21:03:27,bu2311,bu2311,3541.0,0.0,0.0,0.0,1,3542.0,3548.0,1,3509.0,3552.0,3552.0,3541.0,32.0,1134790.0,2508
2023-05-10 21:03:28,bu2311,bu2311,3541.0,0.0,0.0,0.0,25,3543.0,3549.0,27,3509.0,3552.0,3552.0,3541.0,32.0,1134790.0,2508
2023-05-10 21:03:28,bu2311,bu2311,3541.0,0.0,0.0,0.0,2,3533.0,3549.0,2,3509.0,3552.0,3552.0,3541.0,32.0,1134790.0,2508
2023-05-10 21:03:29,bu2311,bu2311,3541.0,0.0,0.0,0.0,25,3543.0,3548.0,25,3509.0,3552.0,3552.0,3541.0,32.0,1134790.0,2508
2023-05-10 21:03:30,bu2311,bu2311,3541.0,0.0,0.0,0.0,25,3543.0,3548.0,25,3509.0,3552.0,3552.0,3541.0,32.0,1134790.0,2508
2023-05-10 21:03:30,bu2311,bu2311,3541.0,0.0,0.0,0.0,25,3543.0,3548.0,25,3509.0,3552.0,3552.0,3541.0,32.0,1134790.0,2508
2023-05-10 21:03:31,bu2311,bu2311,3541.0,0.0,0.0,0.0,25,3543.0,3548.0,25,3509.0,3552.0,3552.0,3541.0,32.0,1134790.0,2508
2023-05-10 21:03:31,bu2311,bu2311,3541.0,0.0,0.0,0.0,25,3543.0,3548.0,25,3509.0,3552.0,3552.0,3541.0,32.0,1134790.0,2508
2023-05-10 21:03:33,bu2311,bu2311,3541.0,0.0,0.0,0.0,25,3542.0,3548.0,25,3509.0,3552.0,3552.0,3541.0,32.0,1134790.0,2508
2023-05-10 21:03:34,bu2311,bu2311,3541.0,0.0,0.0,0.0,25,3543.0,3548.0,25,3509.0,3552.0,3552.0,3541.0,32.0,1134790.0,2508
2023-05-10 21:03:36,bu2311,bu2311,3541.0,0.0,0.0,0.0,25,3542.0,3549.0,27,3509.0,3552.0,3552.0,3541.0,32.0,1134790.0,2508
2023-05-10 21:03:36,bu2311,bu2311,3541.0,0.0,0.0,0.0,25,3543.0,3549.0,27,3509.0,3552.0,3552.0,3541.0,32.0,1134790.0,2508
2023-05-10 21:03:37,bu2311,bu2311,3541.0,0.0,0.0,0.0,25,3543.0,3548.0,25,3509.0,3552.0,3552.0,3541.0,32.0,1134790.0,2508
2023-05-10 21:03:39,bu2311,bu2311,3541.0,0.0,0.0,0.0,25,3543.0,3549.0,27,3509.0,3552.0,3552.0,3541.0,32.0,1134790.0,2508
2023-05-10 21:03:39,bu2311,bu2311,3541.0,0.0,0.0,0.0,25,3542.0,3548.0,25,3509.0,3552.0,3552.0,3541.0,32.0,1134790.0,2508
2023-05-10 21:03:40,bu2311,bu2311,3541.0,0.0,0.0,0.0,25,3543.0,3548.0,25,3509.0,3552.0,3552.0,3541.0,32.0,1134790.0,2508
2023-05-10 21:03:42,bu2311,bu2311,3541.0,0.0,0.0,0.0,1,3537.0,3549.0,2,3509.0,3552.0,3552.0,3541.0,32.0,1134790.0,2508
2023-05-10 21:03:42,bu2311,bu2311,3541.0,0.0,0.0,0.0,25,3543.0,3548.0,25,3509.0,3552.0,3552.0,3541.0,32.0,1134790.0,2508
2023-05-10 21:03:43,bu2311,bu2311,3541.0,0.0,0.0,0.0,1,3545.0,3548.0,25,3509.0,3552.0,3552.0,3541.0,32.0,1134790.0,2508
2023-05-10 21:03:46,bu2311,bu2311,3541.0,0.0,0.0,0.0,1,3545.0,3547.0,25,3509.0,3552.0,3552.0,3541.0,32.0,1134790.0,2508
2023-05-10 21:03:46,bu2311,bu2311,3545.0,1.0,35450.0,-1.0,25,3542.0,3547.0,25,3509.0,3552.0,3552.0,3541.0,33.0,1170240.0,2507
2023-05-10 21:03:47,bu2311,bu2311,3545.0,0.0,0.0,0.0,1,3544.0,3547.0,25,3509.0,3552.0,3552.0,3541.0,33.0,1170240.0,2507
2023-05-10 21:03:48,bu2311,bu2311,3545.0,0.0,0.0,0.0,1,3537.0,3548.0,2,3509.0,3552.0,3552.0,3541.0,33.0,1170240.0,2507
2023-05-10 21:03:48,bu2311,bu2311,3545.0,0.0,0.0,0.0,26,3542.0,3546.0,1,3509.0,3552.0,3552.0,3541.0,33.0,1170240.0,2507
2023-05-10 21:03:49,bu2311,bu2311,3545.0,0.0,0.0,0.0,1,3544.0,3548.0,26,3509.0,3552.0,3552.0,3541.0,33.0,1170240.0,2507
2023-05-10 21:03:49,bu2311,bu2311,3545.0,0.0,0.0,0.0,1,3544.0,3548.0,26,3509.0,3552.0,3552.0,3541.0,33.0,1170240.0,2507
2023-05-10 21:03:50,bu2311,bu2311,3545.0,0.0,0.0,0.0,1,3544.0,3548.0,26,3509.0,3552.0,3552.0,3541.0,33.0,1170240.0,2507
2023-05-10 21:03:50,bu2311,bu2311,3545.0,0.0,0.0,0.0,1,3544.0,3548.0,1,3509.0,3552.0,3552.0,3541.0,33.0,1170240.0,2507
2023-05-10 21:03:51,bu2311,bu2311,3545.0,0.0,0.0,0.0,25,3547.0,3548.0,25,3509.0,3552.0,3552.0,3541.0,33.0,1170240.0,2507
2023-05-10 21:03:51,bu2311,bu2311,3547.0,3.0,106410.0,-1.0,25,3544.0,3549.0,25,3509.0,3552.0,3552.0,3541.0,36.0,1276650.0,2506
2023-05-10 21:03:52,bu2311,bu2311,3547.0,0.0,0.0,0.0,1,3546.0,3549.0,25,3509.0,3552.0,3552.0,3541.0,36.0,1276650.0,2506
2023-05-10 21:03:52,bu2311,bu2311,3547.0,0.0,0.0,0.0,1,3542.0,3555.0,2,3509.0,3552.0,3552.0,3541.0,36.0,1276650.0,2506
2023-05-10 21:03:53,bu2311,bu2311,3547.0,0.0,0.0,0.0,25,3543.0,3553.0,2,3509.0,3552.0,3552.0,3541.0,36.0,1276650.0,2506
2023-05-10 21:03:53,bu2311,bu2311,3547.0,0.0,0.0,0.0,1,3547.0,3548.0,25,3509.0,3552.0,3552.0,3541.0,36.0,1276650.0,2506
2023-05-10 21:03:54,bu2311,bu2311,3547.0,1.0,35470.0,-1.0,1,3546.0,3548.0,25,3509.0,3552.0,3552.0,3541.0,37.0,1312120.0,2505
2023-05-10 21:03:54,bu2311,bu2311,3547.0,0.0,0.0,0.0,1,3544.0,3547.0,25,3509.0,3552.0,3552.0,3541.0,37.0,1312120.0,2505
2023-05-10 21:03:55,bu2311,bu2311,3547.0,0.0,0.0,0.0,1,3543.0,3547.0,26,3509.0,3552.0,3552.0,3541.0,37.0,1312120.0,2505
2023-05-10 21:03:55,bu2311,bu2311,3547.0,0.0,0.0,0.0,1,3543.0,3547.0,26,3509.0,3552.0,3552.0,3541.0,37.0,1312120.0,2505
2023-05-10 21:03:56,bu2311,bu2311,3547.0,0.0,0.0,0.0,1,3543.0,3547.0,26,3509.0,3552.0,3552.0,3541.0,37.0,1312120.0,2505
2023-05-10 21:03:57,bu2311,bu2311,3547.0,0.0,0.0,0.0,25,3543.0,3547.0,1,3509.0,3552.0,3552.0,3541.0,37.0,1312120.0,2505
2023-05-10 21:03:57,bu2311,bu2311,3547.0,0.0,0.0,0.0,1,3546.0,3549.0,25,3509.0,3552.0,3552.0,3541.0,37.0,1312120.0,2505
2023-05-10 21:03:58,bu2311,bu2311,3547.0,0.0,0.0,0.0,1,3545.0,3549.0,26,3509.0,3552.0,3552.0,3541.0,37.0,1312120.0,2505
2023-05-10 21:03:58,bu2311,bu2311,3547.0,0.0,0.0,0.0,25,3543.0,3546.0,1,3509.0,3552.0,3552.0,3541.0,37.0,1312120.0,2505
2023-05-10 21:03:59,bu2311,bu2311,3547.0,0.0,0.0,0.0,1,3544.0,3548.0,26,3509.0,3552.0,3552.0,3541.0,37.0,1312120.0,2505
2023-05-10 21:03:59,bu2311,bu2311,3547.0,0.0,0.0,0.0,1,3544.0,3548.0,26,3509.0,3552.0,3552.0,3541.0,37.0,1312120.0,2505
2023-05-10 21:04:00,bu2311,bu2311,3547.0,0.0,0.0,0.0,1,3544.0,3548.0,26,3509.0,3552.0,3552.0,3541.0,37.0,1312120.0,2505
2023-05-10 21:04:01,bu2311,bu2311,3547.0,0.0,0.0,0.0,1,3544.0,3548.0,1,3509.0,3552.0,3552.0,3541.0,37.0,1312120.0,2505
2023-05-10 21:04:02,bu2311,bu2311,3547.0,0.0,0.0,0.0,1,3545.0,3549.0,26,3509.0,3552.0,3552.0,3541.0,37.0,1312120.0,2505
2023-05-10 21:04:03,bu2311,bu2311,3547.0,0.0,0.0,0.0,1,3545.0,3548.0,25,3509.0,3552.0,3552.0,3541.0,37.0,1312120.0,2505
2023-05-10 21:04:04,bu2311,bu2311,3547.0,0.0,0.0,0.0,1,3544.0,3548.0,1,3509.0,3552.0,3552.0,3541.0,37.0,1312120.0,2505
2023-05-10 21:04:04,bu2311,bu2311,3547.0,0.0,0.0,0.0,26,3543.0,3547.0,1,3509.0,3552.0,3552.0,3541.0,37.0,1312120.0,2505
2023-05-10 21:04:05,bu2311,bu2311,3547.0,0.0,0.0,0.0,1,3544.0,3547.0,25,3509.0,3552.0,3552.0,3541.0,37.0,1312120.0,2505
2023-05-10 21:04:05,bu2311,bu2311,3547.0,0.0,0.0,0.0,1,3543.0,3547.0,26,3509.0,3552.0,3552.0,3541.0,37.0,1312120.0,2505
2023-05-10 21:04:06,bu2311,bu2311,3547.0,0.0,0.0,0.0,1,3543.0,3547.0,26,3509.0,3552.0,3552.0,3541.0,37.0,1312120.0,2505
2023-05-10 21:04:06,bu2311,bu2311,3547.0,0.0,0.0,0.0,1,3543.0,3547.0,27,3509.0,3552.0,3552.0,3541.0,37.0,1312120.0,2505
2023-05-10 21:04:07,bu2311,bu2311,3547.0,0.0,0.0,0.0,1,3543.0,3547.0,2,3509.0,3552.0,3552.0,3541.0,37.0,1312120.0,2505
2023-05-10 21:04:08,bu2311,bu2311,3547.0,0.0,0.0,0.0,1,3543.0,3547.0,27,3509.0,3552.0,3552.0,3541.0,37.0,1312120.0,2505
2023-05-10 21:04:09,bu2311,bu2311,3547.0,0.0,0.0,0.0,1,3543.0,3547.0,2,3509.0,3552.0,3552.0,3541.0,37.0,1312120.0,2505
2023-05-10 21:04:10,bu2311,bu2311,3547.0,0.0,0.0,0.0,1,3543.0,3547.0,27,3509.0,3552.0,3552.0,3541.0,37.0,1312120.0,2505
2023-05-10 21:04:10,bu2311,bu2311,3547.0,0.0,0.0,0.0,1,3543.0,3547.0,27,3509.0,3552.0,3552.0,3541.0,37.0,1312120.0,2505
2023-05-10 21:04:11,bu2311,bu2311,3547.0,0.0,0.0,0.0,25,3542.0,3547.0,27,3509.0,3552.0,3552.0,3541.0,37.0,1312120.0,2505
2023-05-10 21:04:12,bu2311,bu2311,3547.0,0.0,0.0,0.0,1,3543.0,3547.0,27,3509.0,3552.0,3552.0,3541.0,37.0,1312120.0,2505
2023-05-10 21:04:12,bu2311,bu2311,3547.0,0.0,0.0,0.0,1,3543.0,3547.0,2,3509.0,3552.0,3552.0,3541.0,37.0,1312120.0,2505
2023-05-10 21:04:13,bu2311,bu2311,3547.0,0.0,0.0,0.0,26,3541.0,3547.0,27,3509.0,3552.0,3552.0,3541.0,37.0,1312120.0,2505
2023-05-10 21:04:13,bu2311,bu2311,3547.0,0.0,0.0,0.0,1,3543.0,3547.0,27,3509.0,3552.0,3552.0,3541.0,37.0,1312120.0,2505
2023-05-10 21:04:15,bu2311,bu2311,3547.0,0.0,0.0,0.0,1,3543.0,3547.0,2,3509.0,3552.0,3552.0,3541.0,37.0,1312120.0,2505
2023-05-10 21:04:15,bu2311,bu2311,3547.0,0.0,0.0,0.0,1,3543.0,3546.0,25,3509.0,3552.0,3552.0,3541.0,37.0,1312120.0,2505
2023-05-10 21:04:16,bu2311,bu2311,3547.0,0.0,0.0,0.0,26,3542.0,3546.0,1,3509.0,3552.0,3552.0,3541.0,37.0,1312120.0,2505
2023-05-10 21:04:16,bu2311,bu2311,3547.0,0.0,0.0,0.0,1,3543.0,3547.0,27,3509.0,3552.0,3552.0,3541.0,37.0,1312120.0,2505
2023-05-10 21:04:17,bu2311,bu2311,3547.0,0.0,0.0,0.0,1,3543.0,3547.0,27,3509.0,3552.0,3552.0,3541.0,37.0,1312120.0,2505
2023-05-10 21:04:17,bu2311,bu2311,3547.0,0.0,0.0,0.0,1,3543.0,3547.0,27,3509.0,3552.0,3552.0,3541.0,37.0,1312120.0,2505
2023-05-10 21:04:18,bu2311,bu2311,3547.0,0.0,0.0,0.0,1,3543.0,3547.0,27,3509.0,3552.0,3552.0,3541.0,37.0,1312120.0,2505
2023-05-10 21:04:18,bu2311,bu2311,3547.0,0.0,0.0,0.0,1,3543.0,3547.0,27,3509.0,3552.0,3552.0,3541.0,37.0,1312120.0,2505
2023-05-10 21:04:19,bu2311,bu2311,3547.0,0.0,0.0,0.0,1,3543.0,3547.0,27,3509.0,3552.0,3552.0,3541.0,37.0,1312120.0,2505
2023-05-10 21:04:29,bu2311,bu2311,3547.0,0.0,0.0,0.0,1,3543.0,3547.0,2,3509.0,3552.0,3552.0,3541.0,37.0,1312120.0,2505
2023-05-10 21:04:29,bu2311,bu2311,3547.0,0.0,0.0,0.0,1,3543.0,3547.0,27,3509.0,3552.0,3552.0,3541.0,37.0,1312120.0,2505
2023-05-10 21:04:31,bu2311,bu2311,3547.0,0.0,0.0,0.0,1,3543.0,3547.0,2,3509.0,3552.0,3552.0,3541.0,37.0,1312120.0,2505
2023-05-10 21:04:32,bu2311,bu2311,3547.0,0.0,0.0,0.0,1,3543.0,3547.0,27,3509.0,3552.0,3552.0,3541.0,37.0,1312120.0,2505
2023-05-10 21:04:32,bu2311,bu2311,3547.0,0.0,0.0,0.0,1,3543.0,3547.0,2,3509.0,3552.0,3552.0,3541.0,37.0,1312120.0,2505
2023-05-10 21:04:33,bu2311,bu2311,3547.0,0.0,0.0,0.0,26,3543.0,3547.0,2,3509.0,3552.0,3552.0,3541.0,37.0,1312120.0,2505
2023-05-10 21:04:33,bu2311,bu2311,3547.0,0.0,0.0,0.0,1,3544.0,3548.0,27,3509.0,3552.0,3552.0,3541.0,37.0,1312120.0,2505
2023-05-10 21:04:34,bu2311,bu2311,3547.0,0.0,0.0,0.0,1,3544.0,3548.0,2,3509.0,3552.0,3552.0,3541.0,37.0,1312120.0,2505
2023-05-10 21:04:34,bu2311,bu2311,3547.0,0.0,0.0,0.0,2,3544.0,3548.0,26,3509.0,3552.0,3552.0,3541.0,37.0,1312120.0,2505
2023-05-10 21:04:35,bu2311,bu2311,3547.0,0.0,0.0,0.0,1,3545.0,3548.0,25,3509.0,3552.0,3552.0,3541.0,37.0,1312120.0,2505
2023-05-10 21:04:35,bu2311,bu2311,3547.0,0.0,0.0,0.0,1,3545.0,3549.0,27,3509.0,3552.0,3552.0,3541.0,37.0,1312120.0,2505
2023-05-10 21:04:36,bu2311,bu2311,3547.0,0.0,0.0,0.0,1,3545.0,3549.0,27,3509.0,3552.0,3552.0,3541.0,37.0,1312120.0,2505
2023-05-10 21:04:36,bu2311,bu2311,3547.0,0.0,0.0,0.0,1,3545.0,3549.0,27,3509.0,3552.0,3552.0,3541.0,37.0,1312120.0,2505
2023-05-10 21:04:37,bu2311,bu2311,3547.0,0.0,0.0,0.0,1,3545.0,3549.0,27,3509.0,3552.0,3552.0,3541.0,37.0,1312120.0,2505
2023-05-10 21:04:38,bu2311,bu2311,3547.0,0.0,0.0,0.0,26,3544.0,3549.0,27,3509.0,3552.0,3552.0,3541.0,37.0,1312120.0,2505
2023-05-10 21:04:38,bu2311,bu2311,3547.0,0.0,0.0,0.0,1,3545.0,3549.0,2,3509.0,3552.0,3552.0,3541.0,37.0,1312120.0,2505
2023-05-10 21:04:39,bu2311,bu2311,3547.0,0.0,0.0,0.0,26,3545.0,3549.0,2,3509.0,3552.0,3552.0,3541.0,37.0,1312120.0,2505
2023-05-10 21:04:40,bu2311,bu2311,3547.0,0.0,0.0,0.0,1,3546.0,3550.0,27,3509.0,3552.0,3552.0,3541.0,37.0,1312120.0,2505
2023-05-10 21:04:40,bu2311,bu2311,3547.0,0.0,0.0,0.0,25,3545.0,3550.0,27,3509.0,3552.0,3552.0,3541.0,37.0,1312120.0,2505
2023-05-10 21:04:41,bu2311,bu2311,3547.0,0.0,0.0,0.0,1,3546.0,3550.0,27,3509.0,3552.0,3552.0,3541.0,37.0,1312120.0,2505
2023-05-10 21:04:41,bu2311,bu2311,3547.0,0.0,0.0,0.0,1,3546.0,3550.0,26,3509.0,3552.0,3552.0,3541.0,37.0,1312120.0,2505
2023-05-10 21:04:42,bu2311,bu2311,3547.0,0.0,0.0,0.0,1,3546.0,3550.0,27,3509.0,3552.0,3552.0,3541.0,37.0,1312120.0,2505
2023-05-10 21:04:42,bu2311,bu2311,3547.0,0.0,0.0,0.0,1,3546.0,3549.0,25,3509.0,3552.0,3552.0,3541.0,37.0,1312120.0,2505
2023-05-10 21:04:43,bu2311,bu2311,3546.0,1.0,35460.0,0.0,26,3544.0,3549.0,27,3509.0,3552.0,3552.0,3541.0,38.0,1347580.0,2505
2023-05-10 21:04:43,bu2311,bu2311,3546.0,0.0,0.0,0.0,26,3544.0,3549.0,27,3509.0,3552.0,3552.0,3541.0,38.0,1347580.0,2505
2023-05-10 21:04:44,bu2311,bu2311,3546.0,0.0,0.0,0.0,1,3545.0,3549.0,2,3509.0,3552.0,3552.0,3541.0,38.0,1347580.0,2505
2023-05-10 21:04:44,bu2311,bu2311,3545.0,1.0,35450.0,0.0,25,3545.0,3550.0,26,3509.0,3552.0,3552.0,3541.0,39.0,1383030.0,2505
2023-05-10 21:04:45,bu2311,bu2311,3545.0,0.0,0.0,0.0,1,3546.0,3550.0,27,3509.0,3552.0,3552.0,3541.0,39.0,1383030.0,2505
2023-05-10 21:04:45,bu2311,bu2311,3546.0,1.0,35460.0,0.0,25,3545.0,3549.0,1,3509.0,3552.0,3552.0,3541.0,40.0,1418490.0,2505
2023-05-10 21:04:46,bu2311,bu2311,3546.0,0.0,0.0,0.0,1,3546.0,3549.0,25,3509.0,3552.0,3552.0,3541.0,40.0,1418490.0,2505
2023-05-10 21:04:46,bu2311,bu2311,3546.0,1.0,35460.0,0.0,1,3544.0,3549.0,2,3509.0,3552.0,3552.0,3541.0,41.0,1453950.0,2505
2023-05-10 21:04:47,bu2311,bu2311,3546.0,0.0,0.0,0.0,26,3546.0,3550.0,1,3509.0,3552.0,3552.0,3541.0,41.0,1453950.0,2505
2023-05-10 21:04:47,bu2311,bu2311,3546.0,0.0,0.0,0.0,1,3548.0,3550.0,25,3509.0,3552.0,3552.0,3541.0,41.0,1453950.0,2505
2023-05-10 21:04:48,bu2311,bu2311,3548.0,1.0,35480.0,-1.0,25,3545.0,3550.0,25,3509.0,3552.0,3552.0,3541.0,42.0,1489430.0,2504
2023-05-10 21:04:48,bu2311,bu2311,3548.0,0.0,0.0,0.0,1,3546.0,3550.0,26,3509.0,3552.0,3552.0,3541.0,42.0,1489430.0,2504
2023-05-10 21:04:50,bu2311,bu2311,3548.0,0.0,0.0,0.0,1,3546.0,3549.0,25,3509.0,3552.0,3552.0,3541.0,42.0,1489430.0,2504
2023-05-10 21:04:50,bu2311,bu2311,3548.0,0.0,0.0,0.0,26,3545.0,3549.0,1,3509.0,3552.0,3552.0,3541.0,42.0,1489430.0,2504
2023-05-10 21:04:51,bu2311,bu2311,3548.0,0.0,0.0,0.0,1,3546.0,3550.0,26,3509.0,3552.0,3552.0,3541.0,42.0,1489430.0,2504
2023-05-10 21:04:51,bu2311,bu2311,3548.0,0.0,0.0,0.0,1,3546.0,3550.0,26,3509.0,3552.0,3552.0,3541.0,42.0,1489430.0,2504
2023-05-10 21:04:52,bu2311,bu2311,3548.0,0.0,0.0,0.0,1,3546.0,3550.0,26,3509.0,3552.0,3552.0,3541.0,42.0,1489430.0,2504
2023-05-10 21:04:52,bu2311,bu2311,3548.0,0.0,0.0,0.0,1,3546.0,3550.0,26,3509.0,3552.0,3552.0,3541.0,42.0,1489430.0,2504
2023-05-10 21:04:53,bu2311,bu2311,3548.0,0.0,0.0,0.0,26,3546.0,3550.0,1,3509.0,3552.0,3552.0,3541.0,42.0,1489430.0,2504
2023-05-10 21:04:53,bu2311,bu2311,3548.0,0.0,0.0,0.0,1,3547.0,3551.0,26,3509.0,3552.0,3552.0,3541.0,42.0,1489430.0,2504
2023-05-10 21:04:54,bu2311,bu2311,3548.0,0.0,0.0,0.0,1,3547.0,3551.0,26,3509.0,3552.0,3552.0,3541.0,42.0,1489430.0,2504
2023-05-10 21:04:54,bu2311,bu2311,3548.0,0.0,0.0,0.0,1,3537.0,3551.0,1,3509.0,3552.0,3552.0,3541.0,42.0,1489430.0,2504
2023-05-10 21:04:55,bu2311,bu2311,3548.0,0.0,0.0,0.0,25,3545.0,3551.0,25,3509.0,3552.0,3552.0,3541.0,42.0,1489430.0,2504
2023-05-10 21:04:55,bu2311,bu2311,3548.0,0.0,0.0,0.0,1,3547.0,3551.0,26,3509.0,3552.0,3552.0,3541.0,42.0,1489430.0,2504
2023-05-10 21:04:56,bu2311,bu2311,3548.0,0.0,0.0,0.0,1,3547.0,3551.0,25,3509.0,3552.0,3552.0,3541.0,42.0,1489430.0,2504
2023-05-10 21:04:56,bu2311,bu2311,3548.0,0.0,0.0,0.0,1,3547.0,3550.0,25,3509.0,3552.0,3552.0,3541.0,42.0,1489430.0,2504
2023-05-10 21:04:57,bu2311,bu2311,3548.0,0.0,0.0,0.0,1,3546.0,3550.0,26,3509.0,3552.0,3552.0,3541.0,42.0,1489430.0,2504
2023-05-10 21:04:57,bu2311,bu2311,3548.0,0.0,0.0,0.0,1,3546.0,3550.0,26,3509.0,3552.0,3552.0,3541.0,42.0,1489430.0,2504
2023-05-10 21:04:58,bu2311,bu2311,3548.0,0.0,0.0,0.0,1,3546.0,3550.0,26,3509.0,3552.0,3552.0,3541.0,42.0,1489430.0,2504
2023-05-10 21:04:58,bu2311,bu2311,3548.0,0.0,0.0,0.0,1,3546.0,3550.0,25,3509.0,3552.0,3552.0,3541.0,42.0,1489430.0,2504
2023-05-10 21:04:59,bu2311,bu2311,3548.0,0.0,0.0,0.0,1,3546.0,3550.0,26,3509.0,3552.0,3552.0,3541.0,42.0,1489430.0,2504
2023-05-10 21:04:59,bu2311,bu2311,3548.0,0.0,0.0,0.0,1,3546.0,3550.0,26,3509.0,3552.0,3552.0,3541.0,42.0,1489430.0,2504
2023-05-10 21:05:00,bu2311,bu2311,3546.0,1.0,35460.0,0.0,1,3541.0,3549.0,1,3509.0,3552.0,3552.0,3541.0,43.0,1524890.0,2504
2023-05-10 21:05:00,bu2311,bu2311,3546.0,0.0,0.0,0.0,26,3544.0,3548.0,1,3509.0,3552.0,3552.0,3541.0,43.0,1524890.0,2504
2023-05-10 21:05:01,bu2311,bu2311,3546.0,0.0,0.0,0.0,1,3547.0,3551.0,1,3509.0,3552.0,3552.0,3541.0,43.0,1524890.0,2504
2023-05-10 21:05:01,bu2311,bu2311,3547.0,1.0,35470.0,0.0,25,3544.0,3549.0,25,3509.0,3552.0,3552.0,3541.0,44.0,1560360.0,2504
2023-05-10 21:05:02,bu2311,bu2311,3547.0,0.0,0.0,0.0,1,3545.0,3549.0,1,3509.0,3552.0,3552.0,3541.0,44.0,1560360.0,2504
2023-05-10 21:05:02,bu2311,bu2311,3547.0,0.0,0.0,0.0,1,3546.0,3550.0,26,3509.0,3552.0,3552.0,3541.0,44.0,1560360.0,2504
2023-05-10 21:05:03,bu2311,bu2311,3546.0,1.0,35460.0,0.0,25,3545.0,3549.0,1,3509.0,3552.0,3552.0,3541.0,45.0,1595820.0,2504
2023-05-10 21:05:03,bu2311,bu2311,3546.0,0.0,0.0,0.0,26,3546.0,3550.0,1,3509.0,3552.0,3552.0,3541.0,45.0,1595820.0,2504
2023-05-10 21:05:04,bu2311,bu2311,3546.0,0.0,0.0,0.0,1,3548.0,3552.0,11,3509.0,3552.0,3552.0,3541.0,45.0,1595820.0,2504
2023-05-10 21:05:04,bu2311,bu2311,3548.0,1.0,35480.0,0.0,25,3548.0,3552.0,10,3509.0,3552.0,3552.0,3541.0,46.0,1631300.0,2504
2023-05-10 21:05:05,bu2311,bu2311,3548.0,1.0,35480.0,1.0,1,3548.0,3552.0,11,3509.0,3552.0,3552.0,3541.0,47.0,1666780.0,2505
2023-05-10 21:05:05,bu2311,bu2311,3548.0,0.0,0.0,0.0,1,3548.0,3552.0,11,3509.0,3552.0,3552.0,3541.0,47.0,1666780.0,2505
2023-05-10 21:05:06,bu2311,bu2311,3548.0,0.0,0.0,0.0,25,3548.0,3549.0,25,3509.0,3552.0,3552.0,3541.0,47.0,1666780.0,2505
2023-05-10 21:05:06,bu2311,bu2311,3549.0,1.0,35490.0,0.0,26,3548.0,3552.0,11,3509.0,3552.0,3552.0,3541.0,48.0,1702270.0,2505
2023-05-10 21:05:07,bu2311,bu2311,3549.0,0.0,0.0,0.0,1,3549.0,3552.0,11,3509.0,3552.0,3552.0,3541.0,48.0,1702270.0,2505
2023-05-10 21:05:07,bu2311,bu2311,3549.0,0.0,0.0,0.0,1,3549.0,3552.0,11,3509.0,3552.0,3552.0,3541.0,48.0,1702270.0,2505
2023-05-10 21:05:08,bu2311,bu2311,3549.0,0.0,0.0,0.0,1,3549.0,3552.0,11,3509.0,3552.0,3552.0,3541.0,48.0,1702270.0,2505
2023-05-10 21:05:08,bu2311,bu2311,3550.0,25.0,887500.0,25.0,1,3550.0,3552.0,11,3509.0,3552.0,3552.0,3541.0,73.0,2589770.0,2530
2023-05-10 21:05:09,bu2311,bu2311,3550.0,1.0,35500.0,0.0,2,3539.0,3552.0,11,3509.0,3552.0,3552.0,3541.0,74.0,2625270.0,2530
2023-05-10 21:05:09,bu2311,bu2311,3550.0,0.0,0.0,0.0,25,3550.0,3552.0,11,3509.0,3552.0,3552.0,3541.0,74.0,2625270.0,2530
2023-05-10 21:05:10,bu2311,bu2311,3550.0,0.0,0.0,0.0,1,3543.0,3552.0,11,3509.0,3552.0,3552.0,3541.0,74.0,2625270.0,2530
2023-05-10 21:05:10,bu2311,bu2311,3550.0,0.0,0.0,0.0,25,3551.0,3552.0,10,3509.0,3552.0,3552.0,3541.0,74.0,2625270.0,2530
2023-05-10 21:05:11,bu2311,bu2311,3550.0,0.0,0.0,0.0,25,3550.0,3552.0,10,3509.0,3552.0,3552.0,3541.0,74.0,2625270.0,2530
2023-05-10 21:05:11,bu2311,bu2311,3550.0,0.0,0.0,0.0,25,3550.0,3552.0,10,3509.0,3552.0,3552.0,3541.0,74.0,2625270.0,2530
2023-05-10 21:05:12,bu2311,bu2311,3550.0,0.0,0.0,0.0,1,3543.0,3552.0,10,3509.0,3552.0,3552.0,3541.0,74.0,2625270.0,2530
2023-05-10 21:05:13,bu2311,bu2311,3550.0,0.0,0.0,0.0,1,3543.0,3552.0,10,3509.0,3552.0,3552.0,3541.0,74.0,2625270.0,2530
2023-05-10 21:05:13,bu2311,bu2311,3550.0,0.0,0.0,0.0,25,3549.0,3552.0,10,3509.0,3552.0,3552.0,3541.0,74.0,2625270.0,2530
2023-05-10 21:05:14,bu2311,bu2311,3550.0,0.0,0.0,0.0,1,3543.0,3552.0,10,3509.0,3552.0,3552.0,3541.0,74.0,2625270.0,2530
2023-05-10 21:05:14,bu2311,bu2311,3550.0,0.0,0.0,0.0,1,3543.0,3552.0,10,3509.0,3552.0,3552.0,3541.0,74.0,2625270.0,2530
2023-05-10 21:05:15,bu2311,bu2311,3550.0,0.0,0.0,0.0,3,3542.0,3552.0,10,3509.0,3552.0,3552.0,3541.0,74.0,2625270.0,2530
2023-05-10 21:05:15,bu2311,bu2311,3550.0,0.0,0.0,0.0,25,3549.0,3552.0,10,3509.0,3552.0,3552.0,3541.0,74.0,2625270.0,2530
2023-05-10 21:05:16,bu2311,bu2311,3550.0,0.0,0.0,0.0,25,3548.0,3552.0,10,3509.0,3552.0,3552.0,3541.0,74.0,2625270.0,2530
2023-05-10 21:05:16,bu2311,bu2311,3550.0,0.0,0.0,0.0,25,3548.0,3552.0,10,3509.0,3552.0,3552.0,3541.0,74.0,2625270.0,2530
2023-05-10 21:05:17,bu2311,bu2311,3550.0,0.0,0.0,0.0,25,3549.0,3552.0,10,3509.0,3552.0,3552.0,3541.0,74.0,2625270.0,2530
2023-05-10 21:05:17,bu2311,bu2311,3550.0,0.0,0.0,0.0,25,3548.0,3552.0,10,3509.0,3552.0,3552.0,3541.0,74.0,2625270.0,2530
2023-05-10 21:05:18,bu2311,bu2311,3550.0,0.0,0.0,0.0,25,3548.0,3552.0,10,3509.0,3552.0,3552.0,3541.0,74.0,2625270.0,2530
2023-05-10 21:05:18,bu2311,bu2311,3550.0,0.0,0.0,0.0,25,3549.0,3552.0,10,3509.0,3552.0,3552.0,3541.0,74.0,2625270.0,2530
2023-05-10 21:05:19,bu2311,bu2311,3550.0,0.0,0.0,0.0,3,3542.0,3552.0,10,3509.0,3552.0,3552.0,3541.0,74.0,2625270.0,2530
2023-05-10 21:05:19,bu2311,bu2311,3550.0,0.0,0.0,0.0,25,3550.0,3552.0,10,3509.0,3552.0,3552.0,3541.0,74.0,2625270.0,2530
2023-05-10 21:05:20,bu2311,bu2311,3550.0,0.0,0.0,0.0,1,3543.0,3552.0,10,3509.0,3552.0,3552.0,3541.0,74.0,2625270.0,2530
2023-05-10 21:05:20,bu2311,bu2311,3550.0,0.0,0.0,0.0,3,3542.0,3552.0,10,3509.0,3552.0,3552.0,3541.0,74.0,2625270.0,2530
2023-05-10 21:05:21,bu2311,bu2311,3550.0,0.0,0.0,0.0,4,3542.0,3552.0,10,3509.0,3552.0,3552.0,3541.0,74.0,2625270.0,2530
2023-05-10 21:05:21,bu2311,bu2311,3550.0,0.0,0.0,0.0,25,3549.0,3552.0,10,3509.0,3552.0,3552.0,3541.0,74.0,2625270.0,2530
2023-05-10 21:05:22,bu2311,bu2311,3550.0,0.0,0.0,0.0,25,3548.0,3552.0,10,3509.0,3552.0,3552.0,3541.0,74.0,2625270.0,2530
2023-05-10 21:05:22,bu2311,bu2311,3550.0,0.0,0.0,0.0,25,3548.0,3552.0,10,3509.0,3552.0,3552.0,3541.0,74.0,2625270.0,2530
2023-05-10 21:05:23,bu2311,bu2311,3550.0,0.0,0.0,0.0,1,3550.0,3552.0,10,3509.0,3552.0,3552.0,3541.0,74.0,2625270.0,2530
2023-05-10 21:05:23,bu2311,bu2311,3550.0,0.0,0.0,0.0,26,3547.0,3552.0,10,3509.0,3552.0,3552.0,3541.0,74.0,2625270.0,2530
2023-05-10 21:05:24,bu2311,bu2311,3550.0,0.0,0.0,0.0,1,3549.0,3552.0,10,3509.0,3552.0,3552.0,3541.0,74.0,2625270.0,2530
2023-05-10 21:05:24,bu2311,bu2311,3550.0,0.0,0.0,0.0,1,3547.0,3551.0,1,3509.0,3552.0,3552.0,3541.0,74.0,2625270.0,2530
2023-05-10 21:05:25,bu2311,bu2311,3550.0,0.0,0.0,0.0,25,3547.0,3552.0,10,3509.0,3552.0,3552.0,3541.0,74.0,2625270.0,2530
2023-05-10 21:05:25,bu2311,bu2311,3550.0,0.0,0.0,0.0,1,3549.0,3552.0,10,3509.0,3552.0,3552.0,3541.0,74.0,2625270.0,2530
2023-05-10 21:05:26,bu2311,bu2311,3549.0,1.0,35490.0,-1.0,25,3546.0,3552.0,35,3509.0,3552.0,3552.0,3541.0,75.0,2660760.0,2529
2023-05-10 21:05:26,bu2311,bu2311,3549.0,0.0,0.0,0.0,1,3549.0,3552.0,35,3509.0,3552.0,3552.0,3541.0,75.0,2660760.0,2529
2023-05-10 21:05:27,bu2311,bu2311,3549.0,1.0,35490.0,0.0,25,3546.0,3552.0,35,3509.0,3552.0,3552.0,3541.0,76.0,2696250.0,2529
2023-05-10 21:05:27,bu2311,bu2311,3549.0,0.0,0.0,0.0,1,3549.0,3552.0,35,3509.0,3552.0,3552.0,3541.0,76.0,2696250.0,2529
2023-05-10 21:05:28,bu2311,bu2311,3549.0,0.0,0.0,0.0,1,3549.0,3552.0,10,3509.0,3552.0,3552.0,3541.0,76.0,2696250.0,2529
2023-05-10 21:05:28,bu2311,bu2311,3549.0,1.0,35490.0,-1.0,1,3540.0,3552.0,10,3509.0,3552.0,3552.0,3541.0,77.0,2731740.0,2528
2023-05-10 21:05:29,bu2311,bu2311,3549.0,0.0,0.0,0.0,25,3547.0,3550.0,1,3509.0,3552.0,3552.0,3541.0,77.0,2731740.0,2528
2023-05-10 21:05:29,bu2311,bu2311,3549.0,0.0,0.0,0.0,25,3548.0,3552.0,10,3509.0,3552.0,3552.0,3541.0,77.0,2731740.0,2528
2023-05-10 21:05:30,bu2311,bu2311,3549.0,0.0,0.0,0.0,1,3550.0,3552.0,10,3509.0,3552.0,3552.0,3541.0,77.0,2731740.0,2528
2023-05-10 21:05:30,bu2311,bu2311,3549.0,0.0,0.0,0.0,1,3549.0,3552.0,10,3509.0,3552.0,3552.0,3541.0,77.0,2731740.0,2528
2023-05-10 21:05:31,bu2311,bu2311,3549.0,0.0,0.0,0.0,25,3547.0,3550.0,1,3509.0,3552.0,3552.0,3541.0,77.0,2731740.0,2528
2023-05-10 21:05:31,bu2311,bu2311,3549.0,0.0,0.0,0.0,1,3549.0,3552.0,10,3509.0,3552.0,3552.0,3541.0,77.0,2731740.0,2528
2023-05-10 21:05:32,bu2311,bu2311,3549.0,0.0,0.0,0.0,25,3547.0,3550.0,1,3509.0,3552.0,3552.0,3541.0,77.0,2731740.0,2528
2023-05-10 21:05:32,bu2311,bu2311,3549.0,0.0,0.0,0.0,1,3549.0,3552.0,10,3509.0,3552.0,3552.0,3541.0,77.0,2731740.0,2528
2023-05-10 21:05:33,bu2311,bu2311,3549.0,0.0,0.0,0.0,25,3548.0,3550.0,1,3509.0,3552.0,3552.0,3541.0,77.0,2731740.0,2528
2023-05-10 21:05:33,bu2311,bu2311,3549.0,0.0,0.0,0.0,25,3549.0,3552.0,10,3509.0,3552.0,3552.0,3541.0,77.0,2731740.0,2528
2023-05-10 21:05:34,bu2311,bu2311,3549.0,0.0,0.0,0.0,1,3550.0,3552.0,10,3509.0,3552.0,3552.0,3541.0,77.0,2731740.0,2528
2023-05-10 21:05:34,bu2311,bu2311,3549.0,0.0,0.0,0.0,26,3550.0,3552.0,10,3509.0,3552.0,3552.0,3541.0,77.0,2731740.0,2528
2023-05-10 21:05:35,bu2311,bu2311,3549.0,0.0,0.0,0.0,25,3550.0,3552.0,10,3509.0,3552.0,3552.0,3541.0,77.0,2731740.0,2528
2023-05-10 21:05:35,bu2311,bu2311,3549.0,0.0,0.0,0.0,1,3551.0,3552.0,10,3509.0,3552.0,3552.0,3541.0,77.0,2731740.0,2528
2023-05-10 21:05:36,bu2311,bu2311,3551.0,1.0,35510.0,0.0,25,3550.0,3552.0,10,3509.0,3552.0,3552.0,3541.0,78.0,2767250.0,2528
2023-05-10 21:05:36,bu2311,bu2311,3551.0,0.0,0.0,0.0,26,3551.0,3552.0,10,3509.0,3552.0,3552.0,3541.0,78.0,2767250.0,2528
2023-05-10 21:05:37,bu2311,bu2311,3551.0,0.0,0.0,0.0,1,3551.0,3552.0,10,3509.0,3552.0,3552.0,3541.0,78.0,2767250.0,2528
2023-05-10 21:05:37,bu2311,bu2311,3551.0,0.0,0.0,0.0,26,3551.0,3552.0,10,3509.0,3552.0,3552.0,3541.0,78.0,2767250.0,2528
2023-05-10 21:05:38,bu2311,bu2311,3552.0,1.0,35520.0,-1.0,26,3551.0,3552.0,9,3509.0,3552.0,3552.0,3541.0,79.0,2802770.0,2527
2023-05-10 21:05:39,bu2311,bu2311,3552.0,9.0,319680.0,0.0,25,3552.0,3553.0,1,3509.0,3552.0,3552.0,3541.0,88.0,3122450.0,2527
2023-05-10 21:05:39,bu2311,bu2311,3552.0,4.0,142080.0,4.0,26,3552.0,3553.0,1,3509.0,3552.0,3552.0,3541.0,92.0,3264530.0,2531
2023-05-10 21:05:40,bu2311,bu2311,3552.0,0.0,0.0,0.0,26,3552.0,3553.0,1,3509.0,3552.0,3552.0,3541.0,92.0,3264530.0,2531
2023-05-10 21:05:40,bu2311,bu2311,3552.0,0.0,0.0,0.0,26,3552.0,3553.0,1,3509.0,3552.0,3552.0,3541.0,92.0,3264530.0,2531
2023-05-10 21:05:41,bu2311,bu2311,3552.0,0.0,0.0,0.0,1,3552.0,3553.0,1,3509.0,3552.0,3552.0,3541.0,92.0,3264530.0,2531
2023-05-10 21:05:41,bu2311,bu2311,3552.0,0.0,0.0,0.0,26,3552.0,3553.0,1,3509.0,3552.0,3552.0,3541.0,92.0,3264530.0,2531
2023-05-10 21:05:42,bu2311,bu2311,3552.0,0.0,0.0,0.0,26,3552.0,3553.0,1,3509.0,3552.0,3552.0,3541.0,92.0,3264530.0,2531
2023-05-10 21:05:42,bu2311,bu2311,3552.0,0.0,0.0,0.0,26,3552.0,3553.0,1,3509.0,3552.0,3552.0,3541.0,92.0,3264530.0,2531
2023-05-10 21:05:43,bu2311,bu2311,3552.0,1.0,35520.0,0.0,25,3552.0,3553.0,1,3509.0,3552.0,3552.0,3541.0,93.0,3300050.0,2531
2023-05-10 21:05:43,bu2311,bu2311,3552.0,1.0,35520.0,1.0,26,3552.0,3553.0,1,3509.0,3552.0,3552.0,3541.0,94.0,3335570.0,2532
2023-05-10 21:05:44,bu2311,bu2311,3552.0,0.0,0.0,0.0,26,3552.0,3553.0,1,3509.0,3552.0,3552.0,3541.0,94.0,3335570.0,2532
2023-05-10 21:05:44,bu2311,bu2311,3552.0,0.0,0.0,0.0,26,3552.0,3553.0,1,3509.0,3552.0,3552.0,3541.0,94.0,3335570.0,2532
2023-05-10 21:05:45,bu2311,bu2311,3552.0,0.0,0.0,0.0,26,3552.0,3553.0,1,3509.0,3552.0,3552.0,3541.0,94.0,3335570.0,2532
2023-05-10 21:05:45,bu2311,bu2311,3552.0,2.0,71040.0,1.0,25,3551.0,3553.0,1,3509.0,3552.0,3552.0,3541.0,96.0,3406610.0,2533
2023-05-10 21:05:46,bu2311,bu2311,3552.0,0.0,0.0,0.0,1,3552.0,3553.0,1,3509.0,3552.0,3552.0,3541.0,96.0,3406610.0,2533
2023-05-10 21:05:46,bu2311,bu2311,3552.0,1.0,35520.0,0.0,25,3551.0,3553.0,1,3509.0,3552.0,3552.0,3541.0,97.0,3442130.0,2533
2023-05-10 21:05:47,bu2311,bu2311,3552.0,0.0,0.0,0.0,1,3551.0,3553.0,1,3509.0,3552.0,3552.0,3541.0,97.0,3442130.0,2533
2023-05-10 21:05:47,bu2311,bu2311,3552.0,0.0,0.0,0.0,1,3551.0,3553.0,1,3509.0,3552.0,3552.0,3541.0,97.0,3442130.0,2533
2023-05-10 21:05:48,bu2311,bu2311,3552.0,0.0,0.0,0.0,25,3552.0,3555.0,2,3509.0,3552.0,3552.0,3541.0,97.0,3442130.0,2533
2023-05-10 21:05:48,bu2311,bu2311,3551.0,2.0,71030.0,-1.0,25,3551.0,3555.0,1,3509.0,3552.0,3552.0,3541.0,99.0,3513160.0,2532
2023-05-10 21:05:49,bu2311,bu2311,3551.0,0.0,0.0,0.0,1,3552.0,3555.0,1,3509.0,3552.0,3552.0,3541.0,99.0,3513160.0,2532
2023-05-10 21:05:50,bu2311,bu2311,3551.0,0.0,0.0,0.0,1,3552.0,3555.0,1,3509.0,3552.0,3552.0,3541.0,99.0,3513160.0,2532
2023-05-10 21:05:51,bu2311,bu2311,3551.0,0.0,0.0,0.0,1,3552.0,3555.0,1,3509.0,3552.0,3552.0,3541.0,99.0,3513160.0,2532
2023-05-10 21:05:53,bu2311,bu2311,3551.0,0.0,0.0,0.0,1,3552.0,3555.0,1,3509.0,3552.0,3552.0,3541.0,99.0,3513160.0,2532
2023-05-10 21:05:55,bu2311,bu2311,3551.0,0.0,0.0,0.0,1,3552.0,3555.0,1,3509.0,3552.0,3552.0,3541.0,99.0,3513160.0,2532
2023-05-10 21:05:56,bu2311,bu2311,3551.0,0.0,0.0,0.0,1,3552.0,3555.0,1,3509.0,3552.0,3552.0,3541.0,99.0,3513160.0,2532
2023-05-10 21:05:56,bu2311,bu2311,3551.0,0.0,0.0,0.0,1,3552.0,3555.0,1,3509.0,3552.0,3552.0,3541.0,99.0,3513160.0,2532
2023-05-10 21:05:58,bu2311,bu2311,3551.0,0.0,0.0,0.0,1,3552.0,3556.0,2,3509.0,3552.0,3552.0,3541.0,99.0,3513160.0,2532
2023-05-10 21:05:58,bu2311,bu2311,3551.0,0.0,0.0,0.0,1,3553.0,3556.0,1,3509.0,3552.0,3552.0,3541.0,99.0,3513160.0,2532
2023-05-10 21:05:59,bu2311,bu2311,3553.0,1.0,35530.0,-1.0,1,3550.0,3556.0,2,3509.0,3552.0,3553.0,3541.0,100.0,3548690.0,2531
2023-05-10 21:05:59,bu2311,bu2311,3553.0,0.0,0.0,0.0,1,3552.0,3556.0,1,3509.0,3552.0,3553.0,3541.0,100.0,3548690.0,2531
2023-05-10 21:06:00,bu2311,bu2311,3553.0,0.0,0.0,0.0,1,3555.0,3556.0,25,3509.0,3552.0,3553.0,3541.0,100.0,3548690.0,2531
2023-05-10 21:06:00,bu2311,bu2311,3555.0,1.0,35550.0,0.0,25,3550.0,3556.0,25,3509.0,3552.0,3555.0,3541.0,101.0,3584240.0,2531
2023-05-10 21:06:01,bu2311,bu2311,3555.0,0.0,0.0,0.0,1,3552.0,3556.0,1,3509.0,3552.0,3555.0,3541.0,101.0,3584240.0,2531
2023-05-10 21:06:01,bu2311,bu2311,3555.0,0.0,0.0,0.0,1,3553.0,3557.0,26,3509.0,3552.0,3555.0,3541.0,101.0,3584240.0,2531
2023-05-10 21:06:02,bu2311,bu2311,3553.0,1.0,35530.0,0.0,25,3550.0,3556.0,1,3509.0,3552.0,3555.0,3541.0,102.0,3619770.0,2531
2023-05-10 21:06:02,bu2311,bu2311,3553.0,0.0,0.0,0.0,1,3553.0,3556.0,25,3509.0,3552.0,3555.0,3541.0,102.0,3619770.0,2531
2023-05-10 21:06:03,bu2311,bu2311,3553.0,1.0,35530.0,-1.0,25,3549.0,3556.0,26,3509.0,3552.0,3555.0,3541.0,103.0,3655300.0,2530
2023-05-10 21:06:03,bu2311,bu2311,3553.0,0.0,0.0,0.0,1,3552.0,3556.0,26,3509.0,3552.0,3555.0,3541.0,103.0,3655300.0,2530
2023-05-10 21:06:04,bu2311,bu2311,3553.0,0.0,0.0,0.0,1,3552.0,3556.0,1,3509.0,3552.0,3555.0,3541.0,103.0,3655300.0,2530
2023-05-10 21:06:04,bu2311,bu2311,3553.0,0.0,0.0,0.0,1,3553.0,3557.0,1,3509.0,3552.0,3555.0,3541.0,103.0,3655300.0,2530
2023-05-10 21:06:05,bu2311,bu2311,3553.0,1.0,35530.0,0.0,2,3545.0,3556.0,1,3509.0,3552.0,3555.0,3541.0,104.0,3690830.0,2530
2023-05-10 21:06:05,bu2311,bu2311,3553.0,0.0,0.0,0.0,1,3553.0,3557.0,1,3509.0,3552.0,3555.0,3541.0,104.0,3690830.0,2530
2023-05-10 21:06:06,bu2311,bu2311,3553.0,1.0,35530.0,0.0,25,3551.0,3557.0,25,3509.0,3552.0,3555.0,3541.0,105.0,3726360.0,2530
2023-05-10 21:06:06,bu2311,bu2311,3553.0,0.0,0.0,0.0,1,3553.0,3557.0,25,3509.0,3552.0,3555.0,3541.0,105.0,3726360.0,2530
2023-05-10 21:06:07,bu2311,bu2311,3553.0,0.0,0.0,0.0,1,3553.0,3557.0,1,3509.0,3552.0,3555.0,3541.0,105.0,3726360.0,2530
2023-05-10 21:06:07,bu2311,bu2311,3553.0,0.0,0.0,0.0,1,3554.0,3558.0,1,3509.0,3552.0,3555.0,3541.0,105.0,3726360.0,2530
2023-05-10 21:06:08,bu2311,bu2311,3554.0,1.0,35540.0,0.0,25,3550.0,3556.0,25,3509.0,3552.0,3555.0,3541.0,106.0,3761900.0,2530
2023-05-10 21:06:08,bu2311,bu2311,3554.0,0.0,0.0,0.0,1,3552.0,3558.0,2,3509.0,3552.0,3555.0,3541.0,106.0,3761900.0,2530
2023-05-10 21:06:09,bu2311,bu2311,3554.0,0.0,0.0,0.0,1,3553.0,3556.0,25,3509.0,3552.0,3555.0,3541.0,106.0,3761900.0,2530
2023-05-10 21:06:09,bu2311,bu2311,3553.0,1.0,35530.0,0.0,25,3550.0,3556.0,27,3509.0,3552.0,3555.0,3541.0,107.0,3797430.0,2530
2023-05-10 21:06:10,bu2311,bu2311,3553.0,0.0,0.0,0.0,1,3552.0,3555.0,25,3509.0,3552.0,3555.0,3541.0,107.0,3797430.0,2530
2023-05-10 21:06:10,bu2311,bu2311,3553.0,0.0,0.0,0.0,1,3551.0,3555.0,26,3509.0,3552.0,3555.0,3541.0,107.0,3797430.0,2530
2023-05-10 21:06:11,bu2311,bu2311,3553.0,0.0,0.0,0.0,1,3551.0,3555.0,26,3509.0,3552.0,3555.0,3541.0,107.0,3797430.0,2530
2023-05-10 21:06:11,bu2311,bu2311,3553.0,0.0,0.0,0.0,1,3551.0,3555.0,26,3509.0,3552.0,3555.0,3541.0,107.0,3797430.0,2530
2023-05-10 21:06:13,bu2311,bu2311,3553.0,0.0,0.0,0.0,1,3551.0,3554.0,25,3509.0,3552.0,3555.0,3541.0,107.0,3797430.0,2530
2023-05-10 21:06:13,bu2311,bu2311,3553.0,0.0,0.0,0.0,1,3548.0,3553.0,25,3509.0,3552.0,3555.0,3541.0,107.0,3797430.0,2530
2023-05-10 21:06:14,bu2311,bu2311,3553.0,0.0,0.0,0.0,1,3549.0,3553.0,26,3509.0,3552.0,3555.0,3541.0,107.0,3797430.0,2530
2023-05-10 21:06:15,bu2311,bu2311,3553.0,0.0,0.0,0.0,1,3549.0,3553.0,26,3509.0,3552.0,3555.0,3541.0,107.0,3797430.0,2530
2023-05-10 21:06:16,bu2311,bu2311,3553.0,0.0,0.0,0.0,1,3549.0,3552.0,25,3509.0,3552.0,3555.0,3541.0,107.0,3797430.0,2530
2023-05-10 21:06:16,bu2311,bu2311,3553.0,0.0,0.0,0.0,1,3548.0,3552.0,1,3509.0,3552.0,3555.0,3541.0,107.0,3797430.0,2530
2023-05-10 21:06:17,bu2311,bu2311,3553.0,0.0,0.0,0.0,1,3551.0,3552.0,25,3509.0,3552.0,3555.0,3541.0,107.0,3797430.0,2530
2023-05-10 21:06:17,bu2311,bu2311,3551.0,1.0,35510.0,-1.0,25,3545.0,3551.0,25,3509.0,3552.0,3555.0,3541.0,108.0,3832940.0,2529
2023-05-10 21:06:18,bu2311,bu2311,3551.0,0.0,0.0,0.0,1,3547.0,3551.0,2,3509.0,3552.0,3555.0,3541.0,108.0,3832940.0,2529
2023-05-10 21:06:18,bu2311,bu2311,3551.0,0.0,0.0,0.0,1,3547.0,3551.0,26,3509.0,3552.0,3555.0,3541.0,108.0,3832940.0,2529
2023-05-10 21:06:20,bu2311,bu2311,3551.0,0.0,0.0,0.0,1,3547.0,3551.0,27,3509.0,3552.0,3555.0,3541.0,108.0,3832940.0,2529
2023-05-10 21:06:20,bu2311,bu2311,3551.0,0.0,0.0,0.0,1,3547.0,3551.0,27,3509.0,3552.0,3555.0,3541.0,108.0,3832940.0,2529
2023-05-10 21:06:21,bu2311,bu2311,3551.0,0.0,0.0,0.0,1,3547.0,3551.0,27,3509.0,3552.0,3555.0,3541.0,108.0,3832940.0,2529
2023-05-10 21:06:21,bu2311,bu2311,3551.0,0.0,0.0,0.0,1,3547.0,3550.0,25,3509.0,3552.0,3555.0,3541.0,108.0,3832940.0,2529
2023-05-10 21:06:22,bu2311,bu2311,3551.0,0.0,0.0,0.0,1,3546.0,3550.0,27,3509.0,3552.0,3555.0,3541.0,108.0,3832940.0,2529
2023-05-10 21:06:22,bu2311,bu2311,3551.0,0.0,0.0,0.0,1,3546.0,3550.0,27,3509.0,3552.0,3555.0,3541.0,108.0,3832940.0,2529
2023-05-10 21:06:23,bu2311,bu2311,3551.0,0.0,0.0,0.0,1,3546.0,3550.0,27,3509.0,3552.0,3555.0,3541.0,108.0,3832940.0,2529
2023-05-10 21:06:23,bu2311,bu2311,3551.0,0.0,0.0,0.0,1,3546.0,3549.0,1,3509.0,3552.0,3555.0,3541.0,108.0,3832940.0,2529
2023-05-10 21:06:24,bu2311,bu2311,3551.0,0.0,0.0,0.0,1,3544.0,3549.0,26,3509.0,3552.0,3555.0,3541.0,108.0,3832940.0,2529
2023-05-10 21:06:24,bu2311,bu2311,3551.0,0.0,0.0,0.0,1,3544.0,3549.0,26,3509.0,3552.0,3555.0,3541.0,108.0,3832940.0,2529
2023-05-10 21:06:25,bu2311,bu2311,3551.0,0.0,0.0,0.0,1,3544.0,3549.0,26,3509.0,3552.0,3555.0,3541.0,108.0,3832940.0,2529
2023-05-10 21:06:25,bu2311,bu2311,3551.0,0.0,0.0,0.0,1,3544.0,3549.0,26,3509.0,3552.0,3555.0,3541.0,108.0,3832940.0,2529
2023-05-10 21:06:26,bu2311,bu2311,3551.0,0.0,0.0,0.0,1,3544.0,3549.0,26,3509.0,3552.0,3555.0,3541.0,108.0,3832940.0,2529
2023-05-10 21:06:26,bu2311,bu2311,3551.0,0.0,0.0,0.0,1,3544.0,3549.0,26,3509.0,3552.0,3555.0,3541.0,108.0,3832940.0,2529
2023-05-10 21:06:27,bu2311,bu2311,3551.0,0.0,0.0,0.0,26,3543.0,3549.0,26,3509.0,3552.0,3555.0,3541.0,108.0,3832940.0,2529
2023-05-10 21:06:27,bu2311,bu2311,3551.0,0.0,0.0,0.0,1,3543.0,3549.0,26,3509.0,3552.0,3555.0,3541.0,108.0,3832940.0,2529
2023-05-10 21:06:28,bu2311,bu2311,3551.0,0.0,0.0,0.0,1,3540.0,3549.0,25,3509.0,3552.0,3555.0,3541.0,108.0,3832940.0,2529
2023-05-10 21:06:28,bu2311,bu2311,3551.0,0.0,0.0,0.0,2,3540.0,3559.0,2,3509.0,3552.0,3555.0,3541.0,108.0,3832940.0,2529
2023-05-10 21:06:29,bu2311,bu2311,3551.0,0.0,0.0,0.0,25,3541.0,3547.0,25,3509.0,3552.0,3555.0,3541.0,108.0,3832940.0,2529
2023-05-10 21:06:29,bu2311,bu2311,3551.0,0.0,0.0,0.0,25,3541.0,3547.0,25,3509.0,3552.0,3555.0,3541.0,108.0,3832940.0,2529
2023-05-10 21:06:30,bu2311,bu2311,3551.0,0.0,0.0,0.0,25,3541.0,3547.0,25,3509.0,3552.0,3555.0,3541.0,108.0,3832940.0,2529
2023-05-10 21:06:30,bu2311,bu2311,3551.0,0.0,0.0,0.0,25,3541.0,3547.0,25,3509.0,3552.0,3555.0,3541.0,108.0,3832940.0,2529
2023-05-10 21:06:31,bu2311,bu2311,3551.0,0.0,0.0,0.0,26,3540.0,3547.0,25,3509.0,3552.0,3555.0,3541.0,108.0,3832940.0,2529
2023-05-10 21:06:31,bu2311,bu2311,3551.0,0.0,0.0,0.0,25,3540.0,3546.0,25,3509.0,3552.0,3555.0,3541.0,108.0,3832940.0,2529
2023-05-10 21:06:32,bu2311,bu2311,3551.0,0.0,0.0,0.0,25,3540.0,3546.0,25,3509.0,3552.0,3555.0,3541.0,108.0,3832940.0,2529
2023-05-10 21:06:32,bu2311,bu2311,3551.0,0.0,0.0,0.0,25,3539.0,3556.0,2,3509.0,3552.0,3555.0,3541.0,108.0,3832940.0,2529
2023-05-10 21:06:33,bu2311,bu2311,3551.0,0.0,0.0,0.0,3,3536.0,3546.0,25,3509.0,3552.0,3555.0,3541.0,108.0,3832940.0,2529
2023-05-10 21:06:33,bu2311,bu2311,3551.0,0.0,0.0,0.0,1,3537.0,3546.0,25,3509.0,3552.0,3555.0,3541.0,108.0,3832940.0,2529
2023-05-10 21:06:34,bu2311,bu2311,3551.0,0.0,0.0,0.0,1,3537.0,3547.0,25,3509.0,3552.0,3555.0,3541.0,108.0,3832940.0,2529
2023-05-10 21:06:34,bu2311,bu2311,3551.0,0.0,0.0,0.0,25,3540.0,3546.0,25,3509.0,3552.0,3555.0,3541.0,108.0,3832940.0,2529
2023-05-10 21:06:35,bu2311,bu2311,3551.0,0.0,0.0,0.0,1,3537.0,3546.0,25,3509.0,3552.0,3555.0,3541.0,108.0,3832940.0,2529
2023-05-10 21:06:35,bu2311,bu2311,3551.0,0.0,0.0,0.0,25,3540.0,3547.0,25,3509.0,3552.0,3555.0,3541.0,108.0,3832940.0,2529
2023-05-10 21:06:36,bu2311,bu2311,3551.0,0.0,0.0,0.0,25,3541.0,3547.0,25,3509.0,3552.0,3555.0,3541.0,108.0,3832940.0,2529
2023-05-10 21:06:36,bu2311,bu2311,3551.0,0.0,0.0,0.0,25,3541.0,3547.0,25,3509.0,3552.0,3555.0,3541.0,108.0,3832940.0,2529
2023-05-10 21:06:37,bu2311,bu2311,3551.0,0.0,0.0,0.0,25,3540.0,3547.0,25,3509.0,3552.0,3555.0,3541.0,108.0,3832940.0,2529
2023-05-10 21:06:37,bu2311,bu2311,3551.0,0.0,0.0,0.0,25,3540.0,3546.0,25,3509.0,3552.0,3555.0,3541.0,108.0,3832940.0,2529
2023-05-10 21:06:38,bu2311,bu2311,3551.0,0.0,0.0,0.0,1,3537.0,3556.0,2,3509.0,3552.0,3555.0,3541.0,108.0,3832940.0,2529
2023-05-10 21:06:38,bu2311,bu2311,3551.0,0.0,0.0,0.0,25,3540.0,3546.0,25,3509.0,3552.0,3555.0,3541.0,108.0,3832940.0,2529
2023-05-10 21:06:39,bu2311,bu2311,3551.0,0.0,0.0,0.0,1,3542.0,3546.0,26,3509.0,3552.0,3555.0,3541.0,108.0,3832940.0,2529
2023-05-10 21:06:40,bu2311,bu2311,3551.0,0.0,0.0,0.0,1,3542.0,3546.0,26,3509.0,3552.0,3555.0,3541.0,108.0,3832940.0,2529
2023-05-10 21:06:40,bu2311,bu2311,3551.0,0.0,0.0,0.0,1,3542.0,3546.0,1,3509.0,3552.0,3555.0,3541.0,108.0,3832940.0,2529
2023-05-10 21:06:41,bu2311,bu2311,3551.0,0.0,0.0,0.0,1,3542.0,3546.0,1,3509.0,3552.0,3555.0,3541.0,108.0,3832940.0,2529
2023-05-10 21:06:41,bu2311,bu2311,3551.0,0.0,0.0,0.0,1,3543.0,3547.0,26,3509.0,3552.0,3555.0,3541.0,108.0,3832940.0,2529
2023-05-10 21:06:42,bu2311,bu2311,3551.0,0.0,0.0,0.0,1,3543.0,3547.0,26,3509.0,3552.0,3555.0,3541.0,108.0,3832940.0,2529
2023-05-10 21:06:42,bu2311,bu2311,3551.0,0.0,0.0,0.0,1,3543.0,3547.0,1,3509.0,3552.0,3555.0,3541.0,108.0,3832940.0,2529
2023-05-10 21:06:43,bu2311,bu2311,3551.0,0.0,0.0,0.0,25,3546.0,3551.0,1,3509.0,3552.0,3555.0,3541.0,108.0,3832940.0,2529
2023-05-10 21:06:43,bu2311,bu2311,3548.0,1.0,35480.0,-1.0,1,3537.0,3548.0,25,3509.0,3552.0,3555.0,3541.0,109.0,3868420.0,2528
2023-05-10 21:06:44,bu2311,bu2311,3548.0,0.0,0.0,0.0,25,3542.0,3545.0,1,3509.0,3552.0,3555.0,3541.0,109.0,3868420.0,2528
2023-05-10 21:06:44,bu2311,bu2311,3545.0,1.0,35450.0,0.0,1,3544.0,3548.0,25,3509.0,3552.0,3555.0,3541.0,110.0,3903870.0,2528
2023-05-10 21:06:45,bu2311,bu2311,3545.0,0.0,0.0,0.0,26,3542.0,3546.0,1,3509.0,3552.0,3555.0,3541.0,110.0,3903870.0,2528
2023-05-10 21:06:45,bu2311,bu2311,3545.0,0.0,0.0,0.0,1,3544.0,3548.0,26,3509.0,3552.0,3555.0,3541.0,110.0,3903870.0,2528
2023-05-10 21:06:46,bu2311,bu2311,3545.0,0.0,0.0,0.0,1,3544.0,3548.0,26,3509.0,3552.0,3555.0,3541.0,110.0,3903870.0,2528
2023-05-10 21:06:46,bu2311,bu2311,3545.0,0.0,0.0,0.0,1,3544.0,3548.0,26,3509.0,3552.0,3555.0,3541.0,110.0,3903870.0,2528
2023-05-10 21:06:47,bu2311,bu2311,3545.0,0.0,0.0,0.0,1,3544.0,3548.0,26,3509.0,3552.0,3555.0,3541.0,110.0,3903870.0,2528
2023-05-10 21:06:47,bu2311,bu2311,3545.0,0.0,0.0,0.0,1,3544.0,3548.0,1,3509.0,3552.0,3555.0,3541.0,110.0,3903870.0,2528
2023-05-10 21:06:48,bu2311,bu2311,3545.0,0.0,0.0,0.0,1,3546.0,3548.0,25,3509.0,3552.0,3555.0,3541.0,110.0,3903870.0,2528
2023-05-10 21:06:48,bu2311,bu2311,3545.0,0.0,0.0,0.0,26,3542.0,3547.0,25,3509.0,3552.0,3555.0,3541.0,110.0,3903870.0,2528
2023-05-10 21:06:49,bu2311,bu2311,3545.0,0.0,0.0,0.0,1,3544.0,3548.0,26,3509.0,3552.0,3555.0,3541.0,110.0,3903870.0,2528
2023-05-10 21:06:49,bu2311,bu2311,3545.0,0.0,0.0,0.0,1,3544.0,3548.0,26,3509.0,3552.0,3555.0,3541.0,110.0,3903870.0,2528
2023-05-10 21:06:50,bu2311,bu2311,3545.0,0.0,0.0,0.0,1,3544.0,3548.0,26,3509.0,3552.0,3555.0,3541.0,110.0,3903870.0,2528
2023-05-10 21:06:50,bu2311,bu2311,3545.0,0.0,0.0,0.0,1,3544.0,3548.0,26,3509.0,3552.0,3555.0,3541.0,110.0,3903870.0,2528
2023-05-10 21:06:51,bu2311,bu2311,3545.0,0.0,0.0,0.0,1,3544.0,3548.0,26,3509.0,3552.0,3555.0,3541.0,110.0,3903870.0,2528
2023-05-10 21:06:52,bu2311,bu2311,3545.0,0.0,0.0,0.0,1,3544.0,3548.0,1,3509.0,3552.0,3555.0,3541.0,110.0,3903870.0,2528
2023-05-10 21:06:52,bu2311,bu2311,3545.0,0.0,0.0,0.0,1,3546.0,3550.0,1,3509.0,3552.0,3555.0,3541.0,110.0,3903870.0,2528
2023-05-10 21:06:53,bu2311,bu2311,3545.0,0.0,0.0,0.0,1,3546.0,3547.0,25,3509.0,3552.0,3555.0,3541.0,110.0,3903870.0,2528
2023-05-10 21:06:53,bu2311,bu2311,3545.0,0.0,0.0,0.0,1,3542.0,3547.0,50,3509.0,3552.0,3555.0,3541.0,110.0,3903870.0,2528
2023-05-10 21:06:54,bu2311,bu2311,3545.0,0.0,0.0,0.0,1,3542.0,3546.0,1,3509.0,3552.0,3555.0,3541.0,110.0,3903870.0,2528
2023-05-10 21:06:54,bu2311,bu2311,3545.0,0.0,0.0,0.0,25,3545.0,3550.0,1,3509.0,3552.0,3555.0,3541.0,110.0,3903870.0,2528
2023-05-10 21:06:55,bu2311,bu2311,3546.0,1.0,35460.0,-1.0,26,3540.0,3547.0,25,3509.0,3552.0,3555.0,3541.0,111.0,3939330.0,2527
2023-05-10 21:06:55,bu2311,bu2311,3546.0,0.0,0.0,0.0,1,3542.0,3546.0,26,3509.0,3552.0,3555.0,3541.0,111.0,3939330.0,2527
2023-05-10 21:06:56,bu2311,bu2311,3546.0,0.0,0.0,0.0,26,3540.0,3544.0,1,3509.0,3552.0,3555.0,3541.0,111.0,3939330.0,2527
2023-05-10 21:06:56,bu2311,bu2311,3546.0,0.0,0.0,0.0,1,3542.0,3546.0,26,3509.0,3552.0,3555.0,3541.0,111.0,3939330.0,2527
2023-05-10 21:06:57,bu2311,bu2311,3546.0,0.0,0.0,0.0,1,3542.0,3546.0,26,3509.0,3552.0,3555.0,3541.0,111.0,3939330.0,2527
2023-05-10 21:06:57,bu2311,bu2311,3546.0,0.0,0.0,0.0,1,3542.0,3546.0,26,3509.0,3552.0,3555.0,3541.0,111.0,3939330.0,2527
2023-05-10 21:06:58,bu2311,bu2311,3546.0,0.0,0.0,0.0,1,3542.0,3546.0,26,3509.0,3552.0,3555.0,3541.0,111.0,3939330.0,2527
2023-05-10 21:06:58,bu2311,bu2311,3546.0,0.0,0.0,0.0,1,3542.0,3546.0,26,3509.0,3552.0,3555.0,3541.0,111.0,3939330.0,2527
2023-05-10 21:06:59,bu2311,bu2311,3546.0,0.0,0.0,0.0,1,3542.0,3546.0,25,3509.0,3552.0,3555.0,3541.0,111.0,3939330.0,2527
2023-05-10 21:07:00,bu2311,bu2311,3546.0,0.0,0.0,0.0,1,3542.0,3546.0,26,3509.0,3552.0,3555.0,3541.0,111.0,3939330.0,2527
2023-05-10 21:07:00,bu2311,bu2311,3546.0,0.0,0.0,0.0,1,3542.0,3546.0,26,3509.0,3552.0,3555.0,3541.0,111.0,3939330.0,2527
2023-05-10 21:07:01,bu2311,bu2311,3546.0,0.0,0.0,0.0,1,3542.0,3546.0,26,3509.0,3552.0,3555.0,3541.0,111.0,3939330.0,2527
2023-05-10 21:07:02,bu2311,bu2311,3546.0,0.0,0.0,0.0,1,3542.0,3546.0,1,3509.0,3552.0,3555.0,3541.0,111.0,3939330.0,2527
2023-05-10 21:07:02,bu2311,bu2311,3546.0,0.0,0.0,0.0,1,3543.0,3546.0,25,3509.0,3552.0,3555.0,3541.0,111.0,3939330.0,2527
2023-05-10 21:07:03,bu2311,bu2311,3546.0,0.0,0.0,0.0,1,3542.0,3546.0,26,3509.0,3552.0,3555.0,3541.0,111.0,3939330.0,2527
2023-05-10 21:07:03,bu2311,bu2311,3546.0,0.0,0.0,0.0,1,3542.0,3546.0,26,3509.0,3552.0,3555.0,3541.0,111.0,3939330.0,2527
2023-05-10 21:07:04,bu2311,bu2311,3546.0,0.0,0.0,0.0,1,3542.0,3546.0,1,3509.0,3552.0,3555.0,3541.0,111.0,3939330.0,2527
2023-05-10 21:07:04,bu2311,bu2311,3546.0,0.0,0.0,0.0,1,3543.0,3546.0,25,3509.0,3552.0,3555.0,3541.0,111.0,3939330.0,2527
2023-05-10 21:07:05,bu2311,bu2311,3546.0,0.0,0.0,0.0,1,3542.0,3546.0,26,3509.0,3552.0,3555.0,3541.0,111.0,3939330.0,2527
2023-05-10 21:07:05,bu2311,bu2311,3546.0,0.0,0.0,0.0,1,3542.0,3546.0,26,3509.0,3552.0,3555.0,3541.0,111.0,3939330.0,2527
2023-05-10 21:07:08,bu2311,bu2311,3546.0,0.0,0.0,0.0,1,3542.0,3546.0,1,3509.0,3552.0,3555.0,3541.0,111.0,3939330.0,2527
2023-05-10 21:07:09,bu2311,bu2311,3546.0,0.0,0.0,0.0,1,3543.0,3547.0,26,3509.0,3552.0,3555.0,3541.0,111.0,3939330.0,2527
2023-05-10 21:07:09,bu2311,bu2311,3546.0,0.0,0.0,0.0,2,3543.0,3545.0,1,3509.0,3552.0,3555.0,3541.0,111.0,3939330.0,2527
2023-05-10 21:07:10,bu2311,bu2311,3546.0,0.0,0.0,0.0,1,3544.0,3547.0,26,3509.0,3552.0,3555.0,3541.0,111.0,3939330.0,2527
2023-05-10 21:07:10,bu2311,bu2311,3546.0,0.0,0.0,0.0,1,3544.0,3546.0,25,3509.0,3552.0,3555.0,3541.0,111.0,3939330.0,2527
2023-05-10 21:07:11,bu2311,bu2311,3546.0,0.0,0.0,0.0,3,3543.0,3546.0,25,3509.0,3552.0,3555.0,3541.0,111.0,3939330.0,2527
2023-05-10 21:07:12,bu2311,bu2311,3546.0,0.0,0.0,0.0,3,3543.0,3546.0,26,3509.0,3552.0,3555.0,3541.0,111.0,3939330.0,2527
2023-05-10 21:07:13,bu2311,bu2311,3546.0,0.0,0.0,0.0,3,3543.0,3546.0,26,3509.0,3552.0,3555.0,3541.0,111.0,3939330.0,2527
2023-05-10 21:07:13,bu2311,bu2311,3546.0,0.0,0.0,0.0,3,3543.0,3546.0,26,3509.0,3552.0,3555.0,3541.0,111.0,3939330.0,2527
2023-05-10 21:07:14,bu2311,bu2311,3546.0,0.0,0.0,0.0,3,3543.0,3546.0,26,3509.0,3552.0,3555.0,3541.0,111.0,3939330.0,2527
2023-05-10 21:07:14,bu2311,bu2311,3546.0,0.0,0.0,0.0,3,3543.0,3546.0,26,3509.0,3552.0,3555.0,3541.0,111.0,3939330.0,2527
2023-05-10 21:07:15,bu2311,bu2311,3546.0,0.0,0.0,0.0,3,3543.0,3545.0,25,3509.0,3552.0,3555.0,3541.0,111.0,3939330.0,2527
2023-05-10 21:07:15,bu2311,bu2311,3546.0,0.0,0.0,0.0,1,3543.0,3545.0,25,3509.0,3552.0,3555.0,3541.0,111.0,3939330.0,2527
2023-05-10 21:07:16,bu2311,bu2311,3546.0,0.0,0.0,0.0,1,3542.0,3545.0,25,3509.0,3552.0,3555.0,3541.0,111.0,3939330.0,2527
2023-05-10 21:07:16,bu2311,bu2311,3546.0,0.0,0.0,0.0,1,3542.0,3545.0,25,3509.0,3552.0,3555.0,3541.0,111.0,3939330.0,2527
2023-05-10 21:07:17,bu2311,bu2311,3546.0,0.0,0.0,0.0,1,3542.0,3545.0,25,3509.0,3552.0,3555.0,3541.0,111.0,3939330.0,2527
2023-05-10 21:07:17,bu2311,bu2311,3546.0,0.0,0.0,0.0,1,3542.0,3545.0,25,3509.0,3552.0,3555.0,3541.0,111.0,3939330.0,2527
2023-05-10 21:07:18,bu2311,bu2311,3546.0,0.0,0.0,0.0,1,3542.0,3545.0,25,3509.0,3552.0,3555.0,3541.0,111.0,3939330.0,2527
2023-05-10 21:07:18,bu2311,bu2311,3546.0,0.0,0.0,0.0,1,3542.0,3545.0,25,3509.0,3552.0,3555.0,3541.0,111.0,3939330.0,2527
2023-05-10 21:07:19,bu2311,bu2311,3546.0,0.0,0.0,0.0,1,3542.0,3545.0,25,3509.0,3552.0,3555.0,3541.0,111.0,3939330.0,2527
2023-05-10 21:07:19,bu2311,bu2311,3546.0,0.0,0.0,0.0,1,3542.0,3545.0,25,3509.0,3552.0,3555.0,3541.0,111.0,3939330.0,2527
2023-05-10 21:07:21,bu2311,bu2311,3546.0,0.0,0.0,0.0,1,3542.0,3545.0,26,3509.0,3552.0,3555.0,3541.0,111.0,3939330.0,2527
2023-05-10 21:07:23,bu2311,bu2311,3546.0,0.0,0.0,0.0,1,3542.0,3545.0,1,3509.0,3552.0,3555.0,3541.0,111.0,3939330.0,2527
2023-05-10 21:07:23,bu2311,bu2311,3546.0,0.0,0.0,0.0,1,3542.0,3545.0,26,3509.0,3552.0,3555.0,3541.0,111.0,3939330.0,2527
2023-05-10 21:07:26,bu2311,bu2311,3546.0,0.0,0.0,0.0,1,3542.0,3545.0,1,3509.0,3552.0,3555.0,3541.0,111.0,3939330.0,2527
2023-05-10 21:07:26,bu2311,bu2311,3546.0,0.0,0.0,0.0,1,3542.0,3545.0,26,3509.0,3552.0,3555.0,3541.0,111.0,3939330.0,2527
2023-05-10 21:07:27,bu2311,bu2311,3546.0,0.0,0.0,0.0,1,3542.0,3544.0,25,3509.0,3552.0,3555.0,3541.0,111.0,3939330.0,2527
2023-05-10 21:07:27,bu2311,bu2311,3546.0,0.0,0.0,0.0,3,3541.0,3544.0,25,3509.0,3552.0,3555.0,3541.0,111.0,3939330.0,2527
2023-05-10 21:07:28,bu2311,bu2311,3546.0,0.0,0.0,0.0,3,3541.0,3544.0,25,3509.0,3552.0,3555.0,3541.0,111.0,3939330.0,2527
2023-05-10 21:07:28,bu2311,bu2311,3546.0,0.0,0.0,0.0,3,3541.0,3544.0,25,3509.0,3552.0,3555.0,3541.0,111.0,3939330.0,2527
2023-05-10 21:07:29,bu2311,bu2311,3546.0,0.0,0.0,0.0,3,3541.0,3544.0,25,3509.0,3552.0,3555.0,3541.0,111.0,3939330.0,2527
2023-05-10 21:07:29,bu2311,bu2311,3546.0,0.0,0.0,0.0,3,3541.0,3545.0,2,3509.0,3552.0,3555.0,3541.0,111.0,3939330.0,2527
2023-05-10 21:07:30,bu2311,bu2311,3546.0,0.0,0.0,0.0,1,3542.0,3544.0,25,3509.0,3552.0,3555.0,3541.0,111.0,3939330.0,2527
2023-05-10 21:07:30,bu2311,bu2311,3546.0,0.0,0.0,0.0,3,3541.0,3544.0,25,3509.0,3552.0,3555.0,3541.0,111.0,3939330.0,2527
2023-05-10 21:07:31,bu2311,bu2311,3546.0,0.0,0.0,0.0,3,3541.0,3544.0,25,3509.0,3552.0,3555.0,3541.0,111.0,3939330.0,2527
2023-05-10 21:07:31,bu2311,bu2311,3546.0,0.0,0.0,0.0,3,3541.0,3544.0,25,3509.0,3552.0,3555.0,3541.0,111.0,3939330.0,2527
2023-05-10 21:07:32,bu2311,bu2311,3546.0,0.0,0.0,0.0,3,3541.0,3544.0,25,3509.0,3552.0,3555.0,3541.0,111.0,3939330.0,2527
2023-05-10 21:07:32,bu2311,bu2311,3546.0,0.0,0.0,0.0,3,3541.0,3544.0,25,3509.0,3552.0,3555.0,3541.0,111.0,3939330.0,2527
2023-05-10 21:07:33,bu2311,bu2311,3546.0,0.0,0.0,0.0,3,3541.0,3544.0,25,3509.0,3552.0,3555.0,3541.0,111.0,3939330.0,2527
2023-05-10 21:07:34,bu2311,bu2311,3546.0,0.0,0.0,0.0,2,3541.0,3545.0,2,3509.0,3552.0,3555.0,3541.0,111.0,3939330.0,2527
2023-05-10 21:07:34,bu2311,bu2311,3546.0,0.0,0.0,0.0,1,3542.0,3544.0,25,3509.0,3552.0,3555.0,3541.0,111.0,3939330.0,2527
2023-05-10 21:07:35,bu2311,bu2311,3546.0,0.0,0.0,0.0,3,3541.0,3545.0,27,3509.0,3552.0,3555.0,3541.0,111.0,3939330.0,2527
2023-05-10 21:07:35,bu2311,bu2311,3546.0,0.0,0.0,0.0,1,3542.0,3545.0,26,3509.0,3552.0,3555.0,3541.0,111.0,3939330.0,2527
2023-05-10 21:07:36,bu2311,bu2311,3546.0,0.0,0.0,0.0,1,3542.0,3545.0,1,3509.0,3552.0,3555.0,3541.0,111.0,3939330.0,2527
2023-05-10 21:07:36,bu2311,bu2311,3546.0,0.0,0.0,0.0,1,3542.0,3544.0,25,3509.0,3552.0,3555.0,3541.0,111.0,3939330.0,2527
2023-05-10 21:07:37,bu2311,bu2311,3546.0,0.0,0.0,0.0,3,3541.0,3545.0,1,3509.0,3552.0,3555.0,3541.0,111.0,3939330.0,2527
2023-05-10 21:07:37,bu2311,bu2311,3546.0,0.0,0.0,0.0,1,3542.0,3546.0,3,3509.0,3552.0,3555.0,3541.0,111.0,3939330.0,2527
2023-05-10 21:07:38,bu2311,bu2311,3546.0,0.0,0.0,0.0,2,3542.0,3544.0,25,3509.0,3552.0,3555.0,3541.0,111.0,3939330.0,2527
2023-05-10 21:07:38,bu2311,bu2311,3546.0,0.0,0.0,0.0,2,3542.0,3546.0,27,3509.0,3552.0,3555.0,3541.0,111.0,3939330.0,2527
2023-05-10 21:07:39,bu2311,bu2311,3546.0,0.0,0.0,0.0,2,3542.0,3546.0,26,3509.0,3552.0,3555.0,3541.0,111.0,3939330.0,2527
2023-05-10 21:07:39,bu2311,bu2311,3546.0,0.0,0.0,0.0,1,3543.0,3546.0,26,3509.0,3552.0,3555.0,3541.0,111.0,3939330.0,2527
2023-05-10 21:07:40,bu2311,bu2311,3546.0,0.0,0.0,0.0,1,3543.0,3545.0,25,3509.0,3552.0,3555.0,3541.0,111.0,3939330.0,2527
2023-05-10 21:07:40,bu2311,bu2311,3546.0,0.0,0.0,0.0,3,3542.0,3545.0,25,3509.0,3552.0,3555.0,3541.0,111.0,3939330.0,2527
2023-05-10 21:07:41,bu2311,bu2311,3546.0,0.0,0.0,0.0,3,3542.0,3545.0,25,3509.0,3552.0,3555.0,3541.0,111.0,3939330.0,2527
2023-05-10 21:07:41,bu2311,bu2311,3546.0,0.0,0.0,0.0,3,3542.0,3545.0,26,3509.0,3552.0,3555.0,3541.0,111.0,3939330.0,2527
2023-05-10 21:07:45,bu2311,bu2311,3546.0,0.0,0.0,0.0,3,3542.0,3545.0,26,3509.0,3552.0,3555.0,3541.0,111.0,3939330.0,2527
2023-05-10 21:07:46,bu2311,bu2311,3546.0,0.0,0.0,0.0,3,3542.0,3545.0,26,3509.0,3552.0,3555.0,3541.0,111.0,3939330.0,2527
2023-05-10 21:07:46,bu2311,bu2311,3546.0,0.0,0.0,0.0,3,3542.0,3545.0,26,3509.0,3552.0,3555.0,3541.0,111.0,3939330.0,2527
2023-05-10 21:07:47,bu2311,bu2311,3546.0,0.0,0.0,0.0,3,3542.0,3545.0,26,3509.0,3552.0,3555.0,3541.0,111.0,3939330.0,2527
2023-05-10 21:07:47,bu2311,bu2311,3546.0,0.0,0.0,0.0,3,3542.0,3545.0,26,3509.0,3552.0,3555.0,3541.0,111.0,3939330.0,2527
2023-05-10 21:07:48,bu2311,bu2311,3546.0,0.0,0.0,0.0,3,3542.0,3545.0,26,3509.0,3552.0,3555.0,3541.0,111.0,3939330.0,2527
2023-05-10 21:07:48,bu2311,bu2311,3546.0,0.0,0.0,0.0,3,3542.0,3544.0,25,3509.0,3552.0,3555.0,3541.0,111.0,3939330.0,2527
2023-05-10 21:07:49,bu2311,bu2311,3546.0,0.0,0.0,0.0,1,3542.0,3544.0,25,3509.0,3552.0,3555.0,3541.0,111.0,3939330.0,2527
2023-05-10 21:07:49,bu2311,bu2311,3546.0,0.0,0.0,0.0,1,3541.0,3544.0,25,3509.0,3552.0,3555.0,3541.0,111.0,3939330.0,2527
2023-05-10 21:07:50,bu2311,bu2311,3546.0,0.0,0.0,0.0,1,3541.0,3544.0,25,3509.0,3552.0,3555.0,3541.0,111.0,3939330.0,2527
2023-05-10 21:07:50,bu2311,bu2311,3546.0,0.0,0.0,0.0,1,3541.0,3544.0,25,3509.0,3552.0,3555.0,3541.0,111.0,3939330.0,2527
2023-05-10 21:07:51,bu2311,bu2311,3546.0,0.0,0.0,0.0,1,3541.0,3544.0,25,3509.0,3552.0,3555.0,3541.0,111.0,3939330.0,2527
2023-05-10 21:07:51,bu2311,bu2311,3546.0,0.0,0.0,0.0,1,3541.0,3544.0,25,3509.0,3552.0,3555.0,3541.0,111.0,3939330.0,2527
2023-05-10 21:07:52,bu2311,bu2311,3546.0,0.0,0.0,0.0,1,3541.0,3544.0,25,3509.0,3552.0,3555.0,3541.0,111.0,3939330.0,2527
2023-05-10 21:07:52,bu2311,bu2311,3546.0,0.0,0.0,0.0,1,3541.0,3544.0,25,3509.0,3552.0,3555.0,3541.0,111.0,3939330.0,2527
2023-05-10 21:07:53,bu2311,bu2311,3546.0,0.0,0.0,0.0,1,3541.0,3544.0,25,3509.0,3552.0,3555.0,3541.0,111.0,3939330.0,2527
2023-05-10 21:07:53,bu2311,bu2311,3546.0,0.0,0.0,0.0,1,3541.0,3544.0,26,3509.0,3552.0,3555.0,3541.0,111.0,3939330.0,2527
2023-05-10 21:07:54,bu2311,bu2311,3546.0,0.0,0.0,0.0,1,3541.0,3544.0,1,3509.0,3552.0,3555.0,3541.0,111.0,3939330.0,2527
2023-05-10 21:07:55,bu2311,bu2311,3546.0,0.0,0.0,0.0,1,3541.0,3545.0,2,3509.0,3552.0,3555.0,3541.0,111.0,3939330.0,2527
2023-05-10 21:07:55,bu2311,bu2311,3546.0,0.0,0.0,0.0,1,3541.0,3545.0,26,3509.0,3552.0,3555.0,3541.0,111.0,3939330.0,2527
2023-05-10 21:07:56,bu2311,bu2311,3546.0,0.0,0.0,0.0,1,3541.0,3545.0,26,3509.0,3552.0,3555.0,3541.0,111.0,3939330.0,2527
2023-05-10 21:07:56,bu2311,bu2311,3546.0,0.0,0.0,0.0,1,3541.0,3544.0,25,3509.0,3552.0,3555.0,3541.0,111.0,3939330.0,2527
2023-05-10 21:07:57,bu2311,bu2311,3546.0,0.0,0.0,0.0,1,3541.0,3543.0,1,3509.0,3552.0,3555.0,3541.0,111.0,3939330.0,2527
2023-05-10 21:07:58,bu2311,bu2311,3546.0,0.0,0.0,0.0,4,3540.0,3543.0,1,3509.0,3552.0,3555.0,3541.0,111.0,3939330.0,2527
2023-05-10 21:07:58,bu2311,bu2311,3546.0,0.0,0.0,0.0,3,3540.0,3543.0,1,3509.0,3552.0,3555.0,3541.0,111.0,3939330.0,2527
2023-05-10 21:07:59,bu2311,bu2311,3546.0,0.0,0.0,0.0,3,3540.0,3543.0,1,3509.0,3552.0,3555.0,3541.0,111.0,3939330.0,2527
2023-05-10 21:07:59,bu2311,bu2311,3546.0,0.0,0.0,0.0,3,3540.0,3543.0,1,3509.0,3552.0,3555.0,3541.0,111.0,3939330.0,2527
2023-05-10 21:08:00,bu2311,bu2311,3546.0,0.0,0.0,0.0,3,3540.0,3543.0,1,3509.0,3552.0,3555.0,3541.0,111.0,3939330.0,2527
2023-05-10 21:08:00,bu2311,bu2311,3546.0,0.0,0.0,0.0,2,3540.0,3543.0,1,3509.0,3552.0,3555.0,3541.0,111.0,3939330.0,2527
2023-05-10 21:08:01,bu2311,bu2311,3546.0,0.0,0.0,0.0,3,3540.0,3543.0,1,3509.0,3552.0,3555.0,3541.0,111.0,3939330.0,2527
2023-05-10 21:08:01,bu2311,bu2311,3546.0,0.0,0.0,0.0,3,3540.0,3543.0,1,3509.0,3552.0,3555.0,3541.0,111.0,3939330.0,2527
2023-05-10 21:08:02,bu2311,bu2311,3546.0,0.0,0.0,0.0,3,3540.0,3543.0,1,3509.0,3552.0,3555.0,3541.0,111.0,3939330.0,2527
2023-05-10 21:08:02,bu2311,bu2311,3546.0,0.0,0.0,0.0,3,3540.0,3543.0,1,3509.0,3552.0,3555.0,3541.0,111.0,3939330.0,2527
2023-05-10 21:08:03,bu2311,bu2311,3546.0,0.0,0.0,0.0,3,3540.0,3543.0,1,3509.0,3552.0,3555.0,3541.0,111.0,3939330.0,2527
2023-05-10 21:08:03,bu2311,bu2311,3546.0,0.0,0.0,0.0,25,3541.0,3543.0,1,3509.0,3552.0,3555.0,3541.0,111.0,3939330.0,2527
2023-05-10 21:08:04,bu2311,bu2311,3546.0,0.0,0.0,0.0,1,3541.0,3543.0,1,3509.0,3552.0,3555.0,3541.0,111.0,3939330.0,2527
2023-05-10 21:08:04,bu2311,bu2311,3546.0,0.0,0.0,0.0,29,3540.0,3543.0,1,3509.0,3552.0,3555.0,3541.0,111.0,3939330.0,2527
2023-05-10 21:08:05,bu2311,bu2311,3546.0,0.0,0.0,0.0,29,3540.0,3543.0,1,3509.0,3552.0,3555.0,3541.0,111.0,3939330.0,2527
2023-05-10 21:08:05,bu2311,bu2311,3546.0,0.0,0.0,0.0,29,3540.0,3543.0,1,3509.0,3552.0,3555.0,3541.0,111.0,3939330.0,2527
2023-05-10 21:08:06,bu2311,bu2311,3546.0,0.0,0.0,0.0,4,3540.0,3543.0,1,3509.0,3552.0,3555.0,3541.0,111.0,3939330.0,2527
2023-05-10 21:08:06,bu2311,bu2311,3546.0,0.0,0.0,0.0,28,3540.0,3543.0,1,3509.0,3552.0,3555.0,3541.0,111.0,3939330.0,2527
2023-05-10 21:08:07,bu2311,bu2311,3546.0,0.0,0.0,0.0,28,3540.0,3543.0,1,3509.0,3552.0,3555.0,3541.0,111.0,3939330.0,2527
2023-05-10 21:08:07,bu2311,bu2311,3546.0,0.0,0.0,0.0,28,3540.0,3543.0,1,3509.0,3552.0,3555.0,3541.0,111.0,3939330.0,2527
2023-05-10 21:08:08,bu2311,bu2311,3546.0,0.0,0.0,0.0,25,3541.0,3543.0,1,3509.0,3552.0,3555.0,3541.0,111.0,3939330.0,2527
2023-05-10 21:08:09,bu2311,bu2311,3546.0,0.0,0.0,0.0,26,3541.0,3543.0,1,3509.0,3552.0,3555.0,3541.0,111.0,3939330.0,2527
2023-05-10 21:08:09,bu2311,bu2311,3546.0,0.0,0.0,0.0,26,3541.0,3543.0,1,3509.0,3552.0,3555.0,3541.0,111.0,3939330.0,2527
2023-05-10 21:08:10,bu2311,bu2311,3546.0,0.0,0.0,0.0,26,3541.0,3543.0,1,3509.0,3552.0,3555.0,3541.0,111.0,3939330.0,2527
2023-05-10 21:08:10,bu2311,bu2311,3546.0,0.0,0.0,0.0,26,3541.0,3543.0,1,3509.0,3552.0,3555.0,3541.0,111.0,3939330.0,2527
2023-05-10 21:08:11,bu2311,bu2311,3546.0,0.0,0.0,0.0,26,3541.0,3543.0,1,3509.0,3552.0,3555.0,3541.0,111.0,3939330.0,2527
2023-05-10 21:08:11,bu2311,bu2311,3546.0,0.0,0.0,0.0,1,3541.0,3543.0,1,3509.0,3552.0,3555.0,3541.0,111.0,3939330.0,2527
2023-05-10 21:08:12,bu2311,bu2311,3546.0,0.0,0.0,0.0,25,3541.0,3543.0,1,3509.0,3552.0,3555.0,3541.0,111.0,3939330.0,2527
2023-05-10 21:08:12,bu2311,bu2311,3546.0,0.0,0.0,0.0,26,3541.0,3543.0,1,3509.0,3552.0,3555.0,3541.0,111.0,3939330.0,2527
2023-05-10 21:08:13,bu2311,bu2311,3546.0,0.0,0.0,0.0,1,3541.0,3543.0,1,3509.0,3552.0,3555.0,3541.0,111.0,3939330.0,2527
2023-05-10 21:08:13,bu2311,bu2311,3546.0,0.0,0.0,0.0,29,3540.0,3543.0,1,3509.0,3552.0,3555.0,3541.0,111.0,3939330.0,2527
2023-05-10 21:08:15,bu2311,bu2311,3546.0,0.0,0.0,0.0,4,3540.0,3543.0,1,3509.0,3552.0,3555.0,3541.0,111.0,3939330.0,2527
2023-05-10 21:08:15,bu2311,bu2311,3546.0,0.0,0.0,0.0,1,3540.0,3543.0,2,3509.0,3552.0,3555.0,3541.0,111.0,3939330.0,2527
2023-05-10 21:08:16,bu2311,bu2311,3546.0,0.0,0.0,0.0,25,3540.0,3543.0,2,3509.0,3552.0,3555.0,3541.0,111.0,3939330.0,2527
2023-05-10 21:08:16,bu2311,bu2311,3546.0,0.0,0.0,0.0,1,3540.0,3543.0,1,3509.0,3552.0,3555.0,3541.0,111.0,3939330.0,2527
2023-05-10 21:08:17,bu2311,bu2311,3546.0,0.0,0.0,0.0,1,3540.0,3543.0,2,3509.0,3552.0,3555.0,3541.0,111.0,3939330.0,2527
2023-05-10 21:08:17,bu2311,bu2311,3546.0,0.0,0.0,0.0,1,3540.0,3543.0,2,3509.0,3552.0,3555.0,3541.0,111.0,3939330.0,2527
2023-05-10 21:08:18,bu2311,bu2311,3546.0,0.0,0.0,0.0,27,3538.0,3543.0,3,3509.0,3552.0,3555.0,3541.0,111.0,3939330.0,2527
2023-05-10 21:08:18,bu2311,bu2311,3546.0,0.0,0.0,0.0,26,3539.0,3543.0,3,3509.0,3552.0,3555.0,3541.0,111.0,3939330.0,2527
2023-05-10 21:08:19,bu2311,bu2311,3546.0,0.0,0.0,0.0,1,3540.0,3543.0,1,3509.0,3552.0,3555.0,3541.0,111.0,3939330.0,2527
2023-05-10 21:08:20,bu2311,bu2311,3546.0,0.0,0.0,0.0,1,3540.0,3543.0,1,3509.0,3552.0,3555.0,3541.0,111.0,3939330.0,2527
2023-05-10 21:08:20,bu2311,bu2311,3546.0,0.0,0.0,0.0,1,3540.0,3543.0,1,3509.0,3552.0,3555.0,3541.0,111.0,3939330.0,2527
2023-05-10 21:08:21,bu2311,bu2311,3546.0,0.0,0.0,0.0,26,3540.0,3543.0,1,3509.0,3552.0,3555.0,3541.0,111.0,3939330.0,2527
2023-05-10 21:08:22,bu2311,bu2311,3546.0,0.0,0.0,0.0,2,3540.0,3543.0,1,3509.0,3552.0,3555.0,3541.0,111.0,3939330.0,2527
2023-05-10 21:08:23,bu2311,bu2311,3546.0,0.0,0.0,0.0,27,3540.0,3543.0,1,3509.0,3552.0,3555.0,3541.0,111.0,3939330.0,2527
2023-05-10 21:08:24,bu2311,bu2311,3546.0,0.0,0.0,0.0,27,3540.0,3543.0,1,3509.0,3552.0,3555.0,3541.0,111.0,3939330.0,2527
2023-05-10 21:08:24,bu2311,bu2311,3546.0,0.0,0.0,0.0,25,3541.0,3543.0,1,3509.0,3552.0,3555.0,3541.0,111.0,3939330.0,2527
2023-05-10 21:08:25,bu2311,bu2311,3546.0,0.0,0.0,0.0,27,3541.0,3543.0,1,3509.0,3552.0,3555.0,3541.0,111.0,3939330.0,2527
2023-05-10 21:08:25,bu2311,bu2311,3546.0,0.0,0.0,0.0,27,3541.0,3543.0,1,3509.0,3552.0,3555.0,3541.0,111.0,3939330.0,2527
2023-05-10 21:08:26,bu2311,bu2311,3546.0,0.0,0.0,0.0,27,3541.0,3543.0,1,3509.0,3552.0,3555.0,3541.0,111.0,3939330.0,2527
2023-05-10 21:08:26,bu2311,bu2311,3546.0,0.0,0.0,0.0,2,3541.0,3543.0,1,3509.0,3552.0,3555.0,3541.0,111.0,3939330.0,2527
2023-05-10 21:08:27,bu2311,bu2311,3546.0,0.0,0.0,0.0,27,3541.0,3543.0,1,3509.0,3552.0,3555.0,3541.0,111.0,3939330.0,2527
2023-05-10 21:08:27,bu2311,bu2311,3546.0,0.0,0.0,0.0,27,3541.0,3543.0,1,3509.0,3552.0,3555.0,3541.0,111.0,3939330.0,2527
2023-05-10 21:08:28,bu2311,bu2311,3546.0,0.0,0.0,0.0,27,3541.0,3543.0,1,3509.0,3552.0,3555.0,3541.0,111.0,3939330.0,2527
2023-05-10 21:08:29,bu2311,bu2311,3546.0,0.0,0.0,0.0,26,3541.0,3543.0,1,3509.0,3552.0,3555.0,3541.0,111.0,3939330.0,2527
2023-05-10 21:08:30,bu2311,bu2311,3546.0,0.0,0.0,0.0,25,3541.0,3543.0,1,3509.0,3552.0,3555.0,3541.0,111.0,3939330.0,2527
2023-05-10 21:08:30,bu2311,bu2311,3546.0,0.0,0.0,0.0,26,3541.0,3543.0,1,3509.0,3552.0,3555.0,3541.0,111.0,3939330.0,2527
2023-05-10 21:08:31,bu2311,bu2311,3546.0,0.0,0.0,0.0,1,3541.0,3543.0,1,3509.0,3552.0,3555.0,3541.0,111.0,3939330.0,2527
2023-05-10 21:08:31,bu2311,bu2311,3546.0,0.0,0.0,0.0,26,3541.0,3543.0,1,3509.0,3552.0,3555.0,3541.0,111.0,3939330.0,2527
2023-05-10 21:08:32,bu2311,bu2311,3546.0,0.0,0.0,0.0,1,3541.0,3545.0,2,3509.0,3552.0,3555.0,3541.0,111.0,3939330.0,2527
2023-05-10 21:08:32,bu2311,bu2311,3546.0,0.0,0.0,0.0,1,3541.0,3545.0,28,3509.0,3552.0,3555.0,3541.0,111.0,3939330.0,2527
2023-05-10 21:08:33,bu2311,bu2311,3546.0,0.0,0.0,0.0,1,3541.0,3544.0,1,3509.0,3552.0,3555.0,3541.0,111.0,3939330.0,2527
2023-05-10 21:08:38,bu2311,bu2311,3546.0,0.0,0.0,0.0,1,3541.0,3545.0,28,3509.0,3552.0,3555.0,3541.0,111.0,3939330.0,2527
2023-05-10 21:08:38,bu2311,bu2311,3546.0,0.0,0.0,0.0,1,3541.0,3545.0,27,3509.0,3552.0,3555.0,3541.0,111.0,3939330.0,2527
2023-05-10 21:08:39,bu2311,bu2311,3546.0,0.0,0.0,0.0,1,3541.0,3545.0,28,3509.0,3552.0,3555.0,3541.0,111.0,3939330.0,2527
2023-05-10 21:08:39,bu2311,bu2311,3546.0,0.0,0.0,0.0,1,3541.0,3545.0,3,3509.0,3552.0,3555.0,3541.0,111.0,3939330.0,2527
2023-05-10 21:08:40,bu2311,bu2311,3546.0,0.0,0.0,0.0,1,3541.0,3545.0,2,3509.0,3552.0,3555.0,3541.0,111.0,3939330.0,2527
2023-05-10 21:08:40,bu2311,bu2311,3546.0,0.0,0.0,0.0,27,3541.0,3545.0,2,3509.0,3552.0,3555.0,3541.0,111.0,3939330.0,2527
2023-05-10 21:08:41,bu2311,bu2311,3546.0,0.0,0.0,0.0,1,3542.0,3545.0,1,3509.0,3552.0,3555.0,3541.0,111.0,3939330.0,2527
2023-05-10 21:08:41,bu2311,bu2311,3546.0,0.0,0.0,0.0,1,3542.0,3545.0,1,3509.0,3552.0,3555.0,3541.0,111.0,3939330.0,2527
2023-05-10 21:08:45,bu2311,bu2311,3546.0,0.0,0.0,0.0,1,3542.0,3545.0,1,3509.0,3552.0,3555.0,3541.0,111.0,3939330.0,2527
2023-05-10 21:08:48,bu2311,bu2311,3546.0,0.0,0.0,0.0,26,3541.0,3545.0,1,3509.0,3552.0,3555.0,3541.0,111.0,3939330.0,2527
2023-05-10 21:08:49,bu2311,bu2311,3546.0,0.0,0.0,0.0,1,3542.0,3545.0,1,3509.0,3552.0,3555.0,3541.0,111.0,3939330.0,2527
2023-05-10 21:08:50,bu2311,bu2311,3546.0,0.0,0.0,0.0,1,3542.0,3545.0,1,3509.0,3552.0,3555.0,3541.0,111.0,3939330.0,2527
2023-05-10 21:08:53,bu2311,bu2311,3546.0,0.0,0.0,0.0,1,3542.0,3545.0,1,3509.0,3552.0,3555.0,3541.0,111.0,3939330.0,2527
2023-05-10 21:08:53,bu2311,bu2311,3546.0,0.0,0.0,0.0,1,3542.0,3545.0,1,3509.0,3552.0,3555.0,3541.0,111.0,3939330.0,2527
2023-05-10 21:08:54,bu2311,bu2311,3546.0,0.0,0.0,0.0,1,3542.0,3545.0,1,3509.0,3552.0,3555.0,3541.0,111.0,3939330.0,2527
2023-05-10 21:08:54,bu2311,bu2311,3546.0,0.0,0.0,0.0,1,3542.0,3545.0,1,3509.0,3552.0,3555.0,3541.0,111.0,3939330.0,2527
2023-05-10 21:08:56,bu2311,bu2311,3546.0,0.0,0.0,0.0,1,3542.0,3545.0,1,3509.0,3552.0,3555.0,3541.0,111.0,3939330.0,2527
2023-05-10 21:08:57,bu2311,bu2311,3546.0,0.0,0.0,0.0,1,3542.0,3545.0,1,3509.0,3552.0,3555.0,3541.0,111.0,3939330.0,2527
2023-05-10 21:08:57,bu2311,bu2311,3546.0,0.0,0.0,0.0,1,3542.0,3545.0,1,3509.0,3552.0,3555.0,3541.0,111.0,3939330.0,2527
2023-05-10 21:08:58,bu2311,bu2311,3546.0,0.0,0.0,0.0,1,3542.0,3545.0,1,3509.0,3552.0,3555.0,3541.0,111.0,3939330.0,2527
2023-05-10 21:08:59,bu2311,bu2311,3546.0,0.0,0.0,0.0,26,3542.0,3545.0,1,3509.0,3552.0,3555.0,3541.0,111.0,3939330.0,2527
2023-05-10 21:08:59,bu2311,bu2311,3546.0,0.0,0.0,0.0,1,3542.0,3545.0,1,3509.0,3552.0,3555.0,3541.0,111.0,3939330.0,2527
2023-05-10 21:09:00,bu2311,bu2311,3546.0,0.0,0.0,0.0,26,3542.0,3545.0,1,3509.0,3552.0,3555.0,3541.0,111.0,3939330.0,2527
2023-05-10 21:09:00,bu2311,bu2311,3546.0,0.0,0.0,0.0,27,3542.0,3545.0,1,3509.0,3552.0,3555.0,3541.0,111.0,3939330.0,2527
2023-05-10 21:09:01,bu2311,bu2311,3546.0,0.0,0.0,0.0,28,3542.0,3545.0,1,3509.0,3552.0,3555.0,3541.0,111.0,3939330.0,2527
2023-05-10 21:09:02,bu2311,bu2311,3546.0,0.0,0.0,0.0,3,3542.0,3545.0,1,3509.0,3552.0,3555.0,3541.0,111.0,3939330.0,2527
2023-05-10 21:09:03,bu2311,bu2311,3546.0,0.0,0.0,0.0,2,3542.0,3545.0,1,3509.0,3552.0,3555.0,3541.0,111.0,3939330.0,2527
2023-05-10 21:09:03,bu2311,bu2311,3546.0,0.0,0.0,0.0,2,3542.0,3545.0,1,3509.0,3552.0,3555.0,3541.0,111.0,3939330.0,2527
