time,symbol_id,symbol_name,last,trade_volume,trade_amount,open_interest_change,bv1,bp1,ap1,av1,yesterday_close,today_open,today_high,today_low,volume,amount,open_interest
2023-05-10 21:00:01,bc2403,bc2403,58700.0,0.0,0.0,0.0,1,54610.0,62780.0,1,58700.0,0.0,0.0,0.0,0.0,0.0,2
2023-05-10 21:00:01,bc2403,bc2403,58700.0,0.0,0.0,0.0,1,54610.0,62770.0,1,58700.0,0.0,0.0,0.0,0.0,0.0,2
2023-05-10 21:00:02,bc2403,bc2403,58700.0,0.0,0.0,0.0,1,54610.0,62750.0,1,58700.0,0.0,0.0,0.0,0.0,0.0,2
2023-05-10 21:00:05,bc2403,bc2403,58700.0,0.0,0.0,0.0,1,57080.0,60370.0,1,58700.0,0.0,0.0,0.0,0.0,0.0,2
2023-05-10 21:00:06,bc2403,bc2403,58700.0,0.0,0.0,0.0,1,57080.0,60350.0,1,58700.0,0.0,0.0,0.0,0.0,0.0,2
2023-05-10 21:00:07,bc2403,bc2403,58700.0,0.0,0.0,0.0,1,57080.0,60350.0,1,58700.0,0.0,0.0,0.0,0.0,0.0,2
2023-05-10 21:00:10,bc2403,bc2403,58700.0,0.0,0.0,0.0,1,57080.0,60350.0,1,58700.0,0.0,0.0,0.0,0.0,0.0,2
2023-05-10 21:00:11,bc2403,bc2403,58700.0,0.0,0.0,0.0,1,57080.0,60340.0,1,58700.0,0.0,0.0,0.0,0.0,0.0,2
2023-05-10 21:00:11,bc2403,bc2403,58700.0,0.0,0.0,0.0,1,57080.0,60320.0,1,58700.0,0.0,0.0,0.0,0.0,0.0,2
2023-05-10 21:00:15,bc2403,bc2403,58700.0,0.0,0.0,0.0,1,57310.0,60130.0,1,58700.0,0.0,0.0,0.0,0.0,0.0,2
2023-05-10 21:00:15,bc2403,bc2403,58700.0,0.0,0.0,0.0,1,57310.0,60110.0,1,58700.0,0.0,0.0,0.0,0.0,0.0,2
2023-05-10 21:00:16,bc2403,bc2403,58700.0,0.0,0.0,0.0,1,57310.0,60110.0,1,58700.0,0.0,0.0,0.0,0.0,0.0,2
2023-05-10 21:00:20,bc2403,bc2403,58700.0,0.0,0.0,0.0,1,57310.0,60110.0,1,58700.0,0.0,0.0,0.0,0.0,0.0,2
2023-05-10 21:00:23,bc2403,bc2403,58700.0,0.0,0.0,0.0,1,57310.0,60110.0,1,58700.0,0.0,0.0,0.0,0.0,0.0,2
2023-05-10 21:00:23,bc2403,bc2403,58700.0,0.0,0.0,0.0,1,57310.0,60110.0,1,58700.0,0.0,0.0,0.0,0.0,0.0,2
2023-05-10 21:00:24,bc2403,bc2403,58700.0,0.0,0.0,0.0,1,57310.0,60100.0,1,58700.0,0.0,0.0,0.0,0.0,0.0,2
2023-05-10 21:00:24,bc2403,bc2403,58700.0,0.0,0.0,0.0,1,57310.0,60080.0,1,58700.0,0.0,0.0,0.0,0.0,0.0,2
2023-05-10 21:00:33,bc2403,bc2403,58700.0,0.0,0.0,0.0,1,57310.0,60070.0,1,58700.0,0.0,0.0,0.0,0.0,0.0,2
2023-05-10 21:00:34,bc2403,bc2403,58700.0,0.0,0.0,0.0,1,57310.0,60050.0,1,58700.0,0.0,0.0,0.0,0.0,0.0,2
2023-05-10 21:00:37,bc2403,bc2403,58700.0,0.0,0.0,0.0,1,57310.0,60050.0,1,58700.0,0.0,0.0,0.0,0.0,0.0,2
2023-05-10 21:00:38,bc2403,bc2403,58700.0,0.0,0.0,0.0,1,57310.0,60040.0,1,58700.0,0.0,0.0,0.0,0.0,0.0,2
2023-05-10 21:00:38,bc2403,bc2403,58700.0,0.0,0.0,0.0,1,57310.0,60020.0,1,58700.0,0.0,0.0,0.0,0.0,0.0,2
2023-05-10 21:00:39,bc2403,bc2403,58700.0,0.0,0.0,0.0,1,57310.0,60020.0,1,58700.0,0.0,0.0,0.0,0.0,0.0,2
2023-05-10 21:00:39,bc2403,bc2403,58700.0,0.0,0.0,0.0,1,57310.0,60020.0,1,58700.0,0.0,0.0,0.0,0.0,0.0,2
2023-05-10 21:00:40,bc2403,bc2403,58700.0,0.0,0.0,0.0,1,57310.0,60020.0,1,58700.0,0.0,0.0,0.0,0.0,0.0,2
2023-05-10 21:00:41,bc2403,bc2403,58700.0,0.0,0.0,0.0,1,57310.0,60010.0,1,58700.0,0.0,0.0,0.0,0.0,0.0,2
2023-05-10 21:00:41,bc2403,bc2403,58700.0,0.0,0.0,0.0,1,57310.0,59990.0,1,58700.0,0.0,0.0,0.0,0.0,0.0,2
2023-05-10 21:00:42,bc2403,bc2403,58700.0,0.0,0.0,0.0,1,57310.0,59990.0,1,58700.0,0.0,0.0,0.0,0.0,0.0,2
2023-05-10 21:00:42,bc2403,bc2403,58700.0,0.0,0.0,0.0,1,57310.0,59990.0,1,58700.0,0.0,0.0,0.0,0.0,0.0,2
2023-05-10 21:00:43,bc2403,bc2403,58700.0,0.0,0.0,0.0,1,57310.0,59980.0,1,58700.0,0.0,0.0,0.0,0.0,0.0,2
2023-05-10 21:00:44,bc2403,bc2403,58700.0,0.0,0.0,0.0,1,57310.0,59960.0,1,58700.0,0.0,0.0,0.0,0.0,0.0,2
2023-05-10 21:00:44,bc2403,bc2403,58700.0,0.0,0.0,0.0,1,57310.0,59960.0,1,58700.0,0.0,0.0,0.0,0.0,0.0,2
2023-05-10 21:00:45,bc2403,bc2403,58700.0,0.0,0.0,0.0,1,57310.0,59950.0,1,58700.0,0.0,0.0,0.0,0.0,0.0,2
2023-05-10 21:00:46,bc2403,bc2403,58700.0,0.0,0.0,0.0,1,57310.0,59930.0,1,58700.0,0.0,0.0,0.0,0.0,0.0,2
2023-05-10 21:00:47,bc2403,bc2403,58700.0,0.0,0.0,0.0,1,57310.0,59920.0,1,58700.0,0.0,0.0,0.0,0.0,0.0,2
2023-05-10 21:00:47,bc2403,bc2403,58700.0,0.0,0.0,0.0,1,57310.0,59900.0,1,58700.0,0.0,0.0,0.0,0.0,0.0,2
2023-05-10 21:00:48,bc2403,bc2403,58700.0,0.0,0.0,0.0,1,57310.0,59890.0,1,58700.0,0.0,0.0,0.0,0.0,0.0,2
2023-05-10 21:00:48,bc2403,bc2403,58700.0,0.0,0.0,0.0,1,57310.0,59870.0,1,58700.0,0.0,0.0,0.0,0.0,0.0,2
2023-05-10 21:00:49,bc2403,bc2403,58700.0,0.0,0.0,0.0,1,57310.0,59860.0,1,58700.0,0.0,0.0,0.0,0.0,0.0,2
2023-05-10 21:00:49,bc2403,bc2403,58700.0,0.0,0.0,0.0,1,57310.0,59840.0,1,58700.0,0.0,0.0,0.0,0.0,0.0,2
2023-05-10 21:00:50,bc2403,bc2403,58700.0,0.0,0.0,0.0,1,57310.0,59830.0,1,58700.0,0.0,0.0,0.0,0.0,0.0,2
2023-05-10 21:00:50,bc2403,bc2403,58700.0,0.0,0.0,0.0,1,57310.0,59810.0,1,58700.0,0.0,0.0,0.0,0.0,0.0,2
2023-05-10 21:00:51,bc2403,bc2403,58700.0,0.0,0.0,0.0,1,57310.0,59800.0,1,58700.0,0.0,0.0,0.0,0.0,0.0,2
2023-05-10 21:00:51,bc2403,bc2403,58700.0,0.0,0.0,0.0,1,57310.0,59780.0,1,58700.0,0.0,0.0,0.0,0.0,0.0,2
2023-05-10 21:00:52,bc2403,bc2403,58700.0,0.0,0.0,0.0,1,57310.0,59770.0,1,58700.0,0.0,0.0,0.0,0.0,0.0,2
2023-05-10 21:00:52,bc2403,bc2403,58700.0,0.0,0.0,0.0,1,57310.0,59750.0,1,58700.0,0.0,0.0,0.0,0.0,0.0,2
2023-05-10 21:00:53,bc2403,bc2403,58700.0,0.0,0.0,0.0,1,57310.0,59740.0,1,58700.0,0.0,0.0,0.0,0.0,0.0,2
2023-05-10 21:00:53,bc2403,bc2403,58700.0,0.0,0.0,0.0,1,57310.0,59720.0,1,58700.0,0.0,0.0,0.0,0.0,0.0,2
2023-05-10 21:00:54,bc2403,bc2403,58700.0,0.0,0.0,0.0,1,57310.0,59710.0,1,58700.0,0.0,0.0,0.0,0.0,0.0,2
2023-05-10 21:00:54,bc2403,bc2403,58700.0,0.0,0.0,0.0,1,57310.0,59690.0,1,58700.0,0.0,0.0,0.0,0.0,0.0,2
2023-05-10 21:00:55,bc2403,bc2403,58700.0,0.0,0.0,0.0,1,57310.0,59680.0,1,58700.0,0.0,0.0,0.0,0.0,0.0,2
2023-05-10 21:00:55,bc2403,bc2403,58700.0,0.0,0.0,0.0,1,57310.0,59660.0,1,58700.0,0.0,0.0,0.0,0.0,0.0,2
2023-05-10 21:00:56,bc2403,bc2403,58700.0,0.0,0.0,0.0,1,57310.0,59650.0,1,58700.0,0.0,0.0,0.0,0.0,0.0,2
2023-05-10 21:00:56,bc2403,bc2403,58700.0,0.0,0.0,0.0,1,57310.0,59630.0,1,58700.0,0.0,0.0,0.0,0.0,0.0,2
2023-05-10 21:00:57,bc2403,bc2403,58700.0,0.0,0.0,0.0,1,57310.0,59620.0,1,58700.0,0.0,0.0,0.0,0.0,0.0,2
2023-05-10 21:00:57,bc2403,bc2403,58700.0,0.0,0.0,0.0,1,57310.0,59600.0,1,58700.0,0.0,0.0,0.0,0.0,0.0,2
2023-05-10 21:00:58,bc2403,bc2403,58700.0,0.0,0.0,0.0,1,57310.0,59600.0,1,58700.0,0.0,0.0,0.0,0.0,0.0,2
2023-05-10 21:01:00,bc2403,bc2403,58700.0,0.0,0.0,0.0,1,57310.0,59590.0,1,58700.0,0.0,0.0,0.0,0.0,0.0,2
2023-05-10 21:01:00,bc2403,bc2403,58700.0,0.0,0.0,0.0,1,57310.0,59570.0,1,58700.0,0.0,0.0,0.0,0.0,0.0,2
2023-05-10 21:01:39,bc2403,bc2403,58700.0,0.0,0.0,0.0,1,57310.0,59570.0,1,58700.0,0.0,0.0,0.0,0.0,0.0,2
2023-05-10 21:01:43,bc2403,bc2403,58700.0,0.0,0.0,0.0,1,57310.0,59560.0,1,58700.0,0.0,0.0,0.0,0.0,0.0,2
2023-05-10 21:01:43,bc2403,bc2403,58700.0,0.0,0.0,0.0,1,57310.0,59540.0,1,58700.0,0.0,0.0,0.0,0.0,0.0,2
2023-05-10 21:02:21,bc2403,bc2403,58700.0,0.0,0.0,0.0,1,57310.0,59540.0,1,58700.0,0.0,0.0,0.0,0.0,0.0,2
2023-05-10 21:02:24,bc2403,bc2403,58700.0,0.0,0.0,0.0,1,57310.0,59530.0,1,58700.0,0.0,0.0,0.0,0.0,0.0,2
2023-05-10 21:02:25,bc2403,bc2403,58700.0,0.0,0.0,0.0,1,57310.0,59510.0,1,58700.0,0.0,0.0,0.0,0.0,0.0,2
2023-05-10 21:02:38,bc2403,bc2403,58700.0,0.0,0.0,0.0,1,57310.0,59510.0,1,58700.0,0.0,0.0,0.0,0.0,0.0,2
2023-05-10 21:02:40,bc2403,bc2403,58700.0,0.0,0.0,0.0,1,57310.0,59510.0,1,58700.0,0.0,0.0,0.0,0.0,0.0,2
2023-05-10 21:03:03,bc2403,bc2403,58700.0,0.0,0.0,0.0,1,57310.0,59510.0,1,58700.0,0.0,0.0,0.0,0.0,0.0,2
2023-05-10 21:03:07,bc2403,bc2403,58700.0,0.0,0.0,0.0,1,57310.0,59500.0,1,58700.0,0.0,0.0,0.0,0.0,0.0,2
2023-05-10 21:03:07,bc2403,bc2403,58700.0,0.0,0.0,0.0,1,57310.0,59480.0,1,58700.0,0.0,0.0,0.0,0.0,0.0,2
2023-05-10 21:03:37,bc2403,bc2403,58700.0,0.0,0.0,0.0,1,57320.0,59480.0,1,58700.0,0.0,0.0,0.0,0.0,0.0,2
2023-05-10 21:03:38,bc2403,bc2403,58700.0,0.0,0.0,0.0,1,57320.0,59470.0,1,58700.0,0.0,0.0,0.0,0.0,0.0,2
2023-05-10 21:03:38,bc2403,bc2403,58700.0,0.0,0.0,0.0,1,57320.0,59450.0,1,58700.0,0.0,0.0,0.0,0.0,0.0,2
2023-05-10 21:03:39,bc2403,bc2403,58700.0,0.0,0.0,0.0,1,57320.0,59440.0,1,58700.0,0.0,0.0,0.0,0.0,0.0,2
2023-05-10 21:03:39,bc2403,bc2403,58700.0,0.0,0.0,0.0,1,57320.0,59420.0,1,58700.0,0.0,0.0,0.0,0.0,0.0,2
2023-05-10 21:03:40,bc2403,bc2403,58700.0,0.0,0.0,0.0,1,57320.0,59410.0,1,58700.0,0.0,0.0,0.0,0.0,0.0,2
2023-05-10 21:03:40,bc2403,bc2403,58700.0,0.0,0.0,0.0,1,57320.0,59390.0,1,58700.0,0.0,0.0,0.0,0.0,0.0,2
2023-05-10 21:03:41,bc2403,bc2403,58700.0,0.0,0.0,0.0,1,57320.0,59380.0,1,58700.0,0.0,0.0,0.0,0.0,0.0,2
2023-05-10 21:03:46,bc2403,bc2403,58700.0,0.0,0.0,0.0,1,57320.0,59380.0,1,58700.0,0.0,0.0,0.0,0.0,0.0,2
2023-05-10 21:03:49,bc2403,bc2403,58700.0,0.0,0.0,0.0,1,57320.0,59370.0,1,58700.0,0.0,0.0,0.0,0.0,0.0,2
2023-05-10 21:03:50,bc2403,bc2403,58700.0,0.0,0.0,0.0,1,57320.0,59370.0,1,58700.0,0.0,0.0,0.0,0.0,0.0,2
2023-05-10 21:03:50,bc2403,bc2403,58700.0,0.0,0.0,0.0,1,57320.0,59360.0,1,58700.0,0.0,0.0,0.0,0.0,0.0,2
2023-05-10 21:04:28,bc2403,bc2403,58700.0,0.0,0.0,0.0,1,57320.0,59360.0,1,58700.0,0.0,0.0,0.0,0.0,0.0,2
2023-05-10 21:04:33,bc2403,bc2403,58700.0,0.0,0.0,0.0,1,57320.0,59350.0,1,58700.0,0.0,0.0,0.0,0.0,0.0,2
2023-05-10 21:04:33,bc2403,bc2403,58700.0,0.0,0.0,0.0,1,57320.0,59340.0,1,58700.0,0.0,0.0,0.0,0.0,0.0,2
2023-05-10 21:05:07,bc2403,bc2403,58700.0,0.0,0.0,0.0,1,57320.0,59330.0,1,58700.0,0.0,0.0,0.0,0.0,0.0,2
2023-05-10 21:05:08,bc2403,bc2403,58700.0,0.0,0.0,0.0,1,57320.0,59320.0,1,58700.0,0.0,0.0,0.0,0.0,0.0,2
2023-05-10 21:05:12,bc2403,bc2403,58700.0,0.0,0.0,0.0,1,57320.0,59320.0,1,58700.0,0.0,0.0,0.0,0.0,0.0,2
2023-05-10 21:05:16,bc2403,bc2403,58700.0,0.0,0.0,0.0,1,57320.0,59310.0,1,58700.0,0.0,0.0,0.0,0.0,0.0,2
2023-05-10 21:05:17,bc2403,bc2403,58700.0,0.0,0.0,0.0,1,57320.0,59300.0,1,58700.0,0.0,0.0,0.0,0.0,0.0,2
2023-05-10 21:05:55,bc2403,bc2403,58700.0,0.0,0.0,0.0,1,57320.0,59300.0,1,58700.0,0.0,0.0,0.0,0.0,0.0,2
2023-05-10 21:06:00,bc2403,bc2403,58700.0,0.0,0.0,0.0,1,57320.0,59290.0,1,58700.0,0.0,0.0,0.0,0.0,0.0,2
2023-05-10 21:06:00,bc2403,bc2403,58700.0,0.0,0.0,0.0,1,57320.0,59280.0,1,58700.0,0.0,0.0,0.0,0.0,0.0,2
2023-05-10 21:06:38,bc2403,bc2403,58700.0,0.0,0.0,0.0,1,57320.0,59280.0,1,58700.0,0.0,0.0,0.0,0.0,0.0,2
2023-05-10 21:06:42,bc2403,bc2403,58700.0,0.0,0.0,0.0,1,57320.0,59270.0,1,58700.0,0.0,0.0,0.0,0.0,0.0,2
2023-05-10 21:06:43,bc2403,bc2403,58700.0,0.0,0.0,0.0,1,57320.0,59260.0,1,58700.0,0.0,0.0,0.0,0.0,0.0,2
2023-05-10 21:07:21,bc2403,bc2403,58700.0,0.0,0.0,0.0,1,57320.0,59260.0,1,58700.0,0.0,0.0,0.0,0.0,0.0,2
2023-05-10 21:07:25,bc2403,bc2403,58700.0,0.0,0.0,0.0,1,57320.0,59250.0,1,58700.0,0.0,0.0,0.0,0.0,0.0,2
2023-05-10 21:07:26,bc2403,bc2403,58700.0,0.0,0.0,0.0,1,57320.0,59240.0,1,58700.0,0.0,0.0,0.0,0.0,0.0,2
2023-05-10 21:08:05,bc2403,bc2403,58700.0,0.0,0.0,0.0,1,57320.0,59240.0,1,58700.0,0.0,0.0,0.0,0.0,0.0,2
2023-05-10 21:08:10,bc2403,bc2403,58700.0,0.0,0.0,0.0,1,57320.0,59230.0,1,58700.0,0.0,0.0,0.0,0.0,0.0,2
2023-05-10 21:08:10,bc2403,bc2403,58700.0,0.0,0.0,0.0,1,57320.0,59220.0,1,58700.0,0.0,0.0,0.0,0.0,0.0,2
2023-05-10 21:08:49,bc2403,bc2403,58700.0,0.0,0.0,0.0,1,57320.0,59220.0,1,58700.0,0.0,0.0,0.0,0.0,0.0,2
2023-05-10 21:08:53,bc2403,bc2403,58700.0,0.0,0.0,0.0,1,57320.0,59210.0,1,58700.0,0.0,0.0,0.0,0.0,0.0,2
2023-05-10 21:08:53,bc2403,bc2403,58700.0,0.0,0.0,0.0,1,57320.0,59200.0,1,58700.0,0.0,0.0,0.0,0.0,0.0,2
2023-05-10 21:09:11,bc2403,bc2403,58700.0,0.0,0.0,0.0,1,57320.0,59200.0,1,58700.0,0.0,0.0,0.0,0.0,0.0,2
2023-05-10 21:09:11,bc2403,bc2403,58700.0,0.0,0.0,0.0,1,57320.0,59200.0,1,58700.0,0.0,0.0,0.0,0.0,0.0,2
2023-05-10 21:09:32,bc2403,bc2403,58700.0,0.0,0.0,0.0,1,57320.0,59200.0,1,58700.0,0.0,0.0,0.0,0.0,0.0,2
2023-05-10 21:09:36,bc2403,bc2403,58700.0,0.0,0.0,0.0,1,57320.0,59190.0,1,58700.0,0.0,0.0,0.0,0.0,0.0,2
2023-05-10 21:09:37,bc2403,bc2403,58700.0,0.0,0.0,0.0,1,57320.0,59190.0,1,58700.0,0.0,0.0,0.0,0.0,0.0,2
2023-05-10 21:14:34,bc2403,bc2403,58700.0,0.0,0.0,0.0,1,57320.0,59330.0,1,58700.0,0.0,0.0,0.0,0.0,0.0,2
2023-05-10 21:14:35,bc2403,bc2403,58700.0,0.0,0.0,0.0,1,57320.0,59320.0,1,58700.0,0.0,0.0,0.0,0.0,0.0,2
2023-05-10 21:14:38,bc2403,bc2403,58700.0,0.0,0.0,0.0,1,57320.0,59310.0,1,58700.0,0.0,0.0,0.0,0.0,0.0,2
2023-05-10 21:14:38,bc2403,bc2403,58700.0,0.0,0.0,0.0,1,57320.0,59300.0,1,58700.0,0.0,0.0,0.0,0.0,0.0,2
2023-05-10 21:15:16,bc2403,bc2403,58700.0,0.0,0.0,0.0,1,57320.0,59300.0,1,58700.0,0.0,0.0,0.0,0.0,0.0,2
2023-05-10 21:15:21,bc2403,bc2403,58700.0,0.0,0.0,0.0,1,57320.0,59290.0,1,58700.0,0.0,0.0,0.0,0.0,0.0,2
2023-05-10 21:15:21,bc2403,bc2403,58700.0,0.0,0.0,0.0,1,57320.0,59280.0,1,58700.0,0.0,0.0,0.0,0.0,0.0,2
2023-05-10 21:16:00,bc2403,bc2403,58700.0,0.0,0.0,0.0,1,57320.0,59280.0,1,58700.0,0.0,0.0,0.0,0.0,0.0,2
2023-05-10 21:16:04,bc2403,bc2403,58700.0,0.0,0.0,0.0,1,57320.0,59270.0,1,58700.0,0.0,0.0,0.0,0.0,0.0,2
2023-05-10 21:16:05,bc2403,bc2403,58700.0,0.0,0.0,0.0,1,57320.0,59260.0,1,58700.0,0.0,0.0,0.0,0.0,0.0,2
2023-05-10 21:16:43,bc2403,bc2403,58700.0,0.0,0.0,0.0,1,57320.0,59260.0,1,58700.0,0.0,0.0,0.0,0.0,0.0,2
2023-05-10 21:16:48,bc2403,bc2403,58700.0,0.0,0.0,0.0,1,57320.0,59250.0,1,58700.0,0.0,0.0,0.0,0.0,0.0,2
2023-05-10 21:16:48,bc2403,bc2403,58700.0,0.0,0.0,0.0,1,57320.0,59240.0,1,58700.0,0.0,0.0,0.0,0.0,0.0,2
2023-05-10 21:17:27,bc2403,bc2403,58700.0,0.0,0.0,0.0,1,57320.0,59240.0,1,58700.0,0.0,0.0,0.0,0.0,0.0,2
2023-05-10 21:17:31,bc2403,bc2403,58700.0,0.0,0.0,0.0,1,57320.0,59230.0,1,58700.0,0.0,0.0,0.0,0.0,0.0,2
2023-05-10 21:17:32,bc2403,bc2403,58700.0,0.0,0.0,0.0,1,57320.0,59220.0,1,58700.0,0.0,0.0,0.0,0.0,0.0,2
2023-05-10 21:18:10,bc2403,bc2403,58700.0,0.0,0.0,0.0,1,57320.0,59220.0,1,58700.0,0.0,0.0,0.0,0.0,0.0,2
2023-05-10 21:18:14,bc2403,bc2403,58700.0,0.0,0.0,0.0,1,57320.0,59210.0,1,58700.0,0.0,0.0,0.0,0.0,0.0,2
2023-05-10 21:18:15,bc2403,bc2403,58700.0,0.0,0.0,0.0,1,57320.0,59200.0,1,58700.0,0.0,0.0,0.0,0.0,0.0,2
2023-05-10 21:18:54,bc2403,bc2403,58700.0,0.0,0.0,0.0,1,57320.0,59200.0,1,58700.0,0.0,0.0,0.0,0.0,0.0,2
2023-05-10 21:18:58,bc2403,bc2403,58700.0,0.0,0.0,0.0,1,57320.0,59190.0,1,58700.0,0.0,0.0,0.0,0.0,0.0,2
2023-05-10 21:18:58,bc2403,bc2403,58700.0,0.0,0.0,0.0,1,57320.0,59190.0,1,58700.0,0.0,0.0,0.0,0.0,0.0,2
2023-05-10 21:21:47,bc2403,bc2403,58700.0,0.0,0.0,0.0,1,57320.0,59190.0,1,58700.0,0.0,0.0,0.0,0.0,0.0,2
2023-05-10 21:22:20,bc2403,bc2403,58700.0,0.0,0.0,0.0,1,57320.0,59190.0,1,58700.0,0.0,0.0,0.0,0.0,0.0,2
2023-05-10 21:22:22,bc2403,bc2403,58700.0,0.0,0.0,0.0,1,57320.0,59190.0,1,58700.0,0.0,0.0,0.0,0.0,0.0,2
2023-05-10 21:23:04,bc2403,bc2403,58700.0,0.0,0.0,0.0,1,57320.0,59180.0,1,58700.0,0.0,0.0,0.0,0.0,0.0,2
2023-05-10 21:23:19,bc2403,bc2403,58700.0,0.0,0.0,0.0,1,57320.0,59180.0,1,58700.0,0.0,0.0,0.0,0.0,0.0,2
2023-05-10 21:23:41,bc2403,bc2403,58700.0,0.0,0.0,0.0,1,57320.0,59180.0,1,58700.0,0.0,0.0,0.0,0.0,0.0,2
2023-05-10 21:23:54,bc2403,bc2403,58700.0,0.0,0.0,0.0,1,57320.0,59170.0,1,58700.0,0.0,0.0,0.0,0.0,0.0,2
2023-05-10 21:25:48,bc2403,bc2403,58700.0,0.0,0.0,0.0,1,57320.0,59160.0,1,58700.0,0.0,0.0,0.0,0.0,0.0,2
2023-05-10 21:26:25,bc2403,bc2403,58700.0,0.0,0.0,0.0,1,57320.0,59160.0,1,58700.0,0.0,0.0,0.0,0.0,0.0,2
2023-05-10 21:26:41,bc2403,bc2403,58700.0,0.0,0.0,0.0,1,57320.0,59150.0,1,58700.0,0.0,0.0,0.0,0.0,0.0,2
2023-05-10 21:27:03,bc2403,bc2403,58700.0,0.0,0.0,0.0,1,57320.0,59140.0,1,58700.0,0.0,0.0,0.0,0.0,0.0,2
2023-05-10 21:27:41,bc2403,bc2403,58700.0,0.0,0.0,0.0,1,57320.0,59140.0,1,58700.0,0.0,0.0,0.0,0.0,0.0,2
2023-05-10 21:28:04,bc2403,bc2403,58700.0,0.0,0.0,0.0,1,57320.0,59130.0,1,58700.0,0.0,0.0,0.0,0.0,0.0,2
2023-05-10 21:28:05,bc2403,bc2403,58700.0,0.0,0.0,0.0,1,57320.0,59120.0,1,58700.0,0.0,0.0,0.0,0.0,0.0,2
2023-05-10 21:28:43,bc2403,bc2403,58700.0,0.0,0.0,0.0,1,57320.0,59120.0,1,58700.0,0.0,0.0,0.0,0.0,0.0,2
2023-05-10 21:28:49,bc2403,bc2403,58700.0,0.0,0.0,0.0,1,57320.0,59110.0,1,58700.0,0.0,0.0,0.0,0.0,0.0,2
2023-05-10 21:29:46,bc2403,bc2403,58700.0,0.0,0.0,0.0,1,57320.0,59100.0,1,58700.0,0.0,0.0,0.0,0.0,0.0,2
2023-05-10 21:29:50,bc2403,bc2403,58700.0,0.0,0.0,0.0,1,57320.0,59100.0,1,58700.0,0.0,0.0,0.0,0.0,0.0,2
2023-05-10 21:29:50,bc2403,bc2403,58700.0,0.0,0.0,0.0,1,57320.0,59100.0,1,58700.0,0.0,0.0,0.0,0.0,0.0,2
2023-05-10 21:30:24,bc2403,bc2403,58700.0,0.0,0.0,0.0,1,57320.0,59100.0,1,58700.0,0.0,0.0,0.0,0.0,0.0,2
2023-05-10 21:30:56,bc2403,bc2403,58700.0,0.0,0.0,0.0,1,57320.0,59090.0,1,58700.0,0.0,0.0,0.0,0.0,0.0,2
2023-05-10 21:34:42,bc2403,bc2403,58700.0,0.0,0.0,0.0,1,57320.0,59070.0,1,58700.0,0.0,0.0,0.0,0.0,0.0,2
2023-05-10 21:35:20,bc2403,bc2403,58700.0,0.0,0.0,0.0,1,57320.0,59070.0,1,58700.0,0.0,0.0,0.0,0.0,0.0,2
2023-05-10 21:35:51,bc2403,bc2403,58700.0,0.0,0.0,0.0,1,57320.0,59060.0,1,58700.0,0.0,0.0,0.0,0.0,0.0,2
2023-05-10 21:36:04,bc2403,bc2403,58700.0,0.0,0.0,0.0,1,57320.0,59050.0,1,58700.0,0.0,0.0,0.0,0.0,0.0,2
2023-05-10 21:36:42,bc2403,bc2403,58700.0,0.0,0.0,0.0,1,57320.0,59050.0,1,58700.0,0.0,0.0,0.0,0.0,0.0,2
2023-05-10 21:37:17,bc2403,bc2403,58700.0,0.0,0.0,0.0,1,57320.0,59040.0,1,58700.0,0.0,0.0,0.0,0.0,0.0,2
2023-05-10 21:37:59,bc2403,bc2403,58700.0,0.0,0.0,0.0,1,57320.0,59030.0,1,58700.0,0.0,0.0,0.0,0.0,0.0,2
2023-05-10 21:38:05,bc2403,bc2403,58700.0,0.0,0.0,0.0,1,57320.0,59030.0,1,58700.0,0.0,0.0,0.0,0.0,0.0,2
2023-05-10 21:38:06,bc2403,bc2403,58700.0,0.0,0.0,0.0,1,57320.0,59030.0,1,58700.0,0.0,0.0,0.0,0.0,0.0,2
2023-05-10 21:38:37,bc2403,bc2403,58700.0,0.0,0.0,0.0,1,57320.0,59030.0,1,58700.0,0.0,0.0,0.0,0.0,0.0,2
2023-05-10 21:38:43,bc2403,bc2403,58700.0,0.0,0.0,0.0,1,57320.0,59020.0,1,58700.0,0.0,0.0,0.0,0.0,0.0,2
2023-05-10 21:38:43,bc2403,bc2403,58700.0,0.0,0.0,0.0,1,57320.0,59010.0,1,58700.0,0.0,0.0,0.0,0.0,0.0,2
2023-05-10 21:39:23,bc2403,bc2403,58700.0,0.0,0.0,0.0,1,57320.0,59010.0,1,58700.0,0.0,0.0,0.0,0.0,0.0,2
2023-05-10 21:39:26,bc2403,bc2403,58700.0,0.0,0.0,0.0,1,57320.0,59000.0,1,58700.0,0.0,0.0,0.0,0.0,0.0,2
2023-05-10 21:39:35,bc2403,bc2403,58700.0,0.0,0.0,0.0,1,57320.0,58990.0,1,58700.0,0.0,0.0,0.0,0.0,0.0,2
2023-05-10 21:39:43,bc2403,bc2403,58700.0,0.0,0.0,0.0,1,57320.0,58990.0,1,58700.0,0.0,0.0,0.0,0.0,0.0,2
2023-05-10 21:39:44,bc2403,bc2403,58700.0,0.0,0.0,0.0,1,57320.0,58990.0,1,58700.0,0.0,0.0,0.0,0.0,0.0,2
2023-05-10 21:40:13,bc2403,bc2403,58700.0,0.0,0.0,0.0,1,57320.0,58990.0,1,58700.0,0.0,0.0,0.0,0.0,0.0,2
2023-05-10 21:40:51,bc2403,bc2403,58700.0,0.0,0.0,0.0,1,57320.0,58980.0,1,58700.0,0.0,0.0,0.0,0.0,0.0,2
2023-05-10 21:41:04,bc2403,bc2403,58700.0,0.0,0.0,0.0,1,57320.0,58970.0,1,58700.0,0.0,0.0,0.0,0.0,0.0,2
2023-05-10 21:41:42,bc2403,bc2403,58700.0,0.0,0.0,0.0,1,57320.0,58970.0,1,58700.0,0.0,0.0,0.0,0.0,0.0,2
2023-05-10 21:42:17,bc2403,bc2403,58700.0,0.0,0.0,0.0,1,57320.0,58960.0,1,58700.0,0.0,0.0,0.0,0.0,0.0,2
2023-05-10 21:42:49,bc2403,bc2403,58700.0,0.0,0.0,0.0,1,57320.0,58940.0,1,58700.0,0.0,0.0,0.0,0.0,0.0,2
2023-05-10 21:43:27,bc2403,bc2403,58700.0,0.0,0.0,0.0,1,57320.0,58940.0,1,58700.0,0.0,0.0,0.0,0.0,0.0,2
2023-05-10 21:43:41,bc2403,bc2403,58700.0,0.0,0.0,0.0,1,57320.0,58930.0,1,58700.0,0.0,0.0,0.0,0.0,0.0,2
2023-05-10 21:44:06,bc2403,bc2403,58700.0,0.0,0.0,0.0,1,57320.0,58930.0,1,58700.0,0.0,0.0,0.0,0.0,0.0,2
2023-05-10 21:44:07,bc2403,bc2403,58700.0,0.0,0.0,0.0,1,57320.0,58930.0,1,58700.0,0.0,0.0,0.0,0.0,0.0,2
2023-05-10 21:44:16,bc2403,bc2403,58700.0,0.0,0.0,0.0,1,57320.0,59050.0,1,58700.0,0.0,0.0,0.0,0.0,0.0,2
2023-05-10 21:44:24,bc2403,bc2403,58700.0,0.0,0.0,0.0,1,57320.0,59040.0,1,58700.0,0.0,0.0,0.0,0.0,0.0,2
2023-05-10 21:44:52,bc2403,bc2403,58700.0,0.0,0.0,0.0,1,57320.0,59030.0,1,58700.0,0.0,0.0,0.0,0.0,0.0,2
2023-05-10 21:45:29,bc2403,bc2403,58700.0,0.0,0.0,0.0,1,57320.0,59030.0,1,58700.0,0.0,0.0,0.0,0.0,0.0,2
2023-05-10 21:45:51,bc2403,bc2403,58700.0,0.0,0.0,0.0,1,57320.0,59020.0,1,58700.0,0.0,0.0,0.0,0.0,0.0,2
2023-05-10 21:47:33,bc2403,bc2403,58700.0,0.0,0.0,0.0,1,56920.0,59020.0,1,58700.0,0.0,0.0,0.0,0.0,0.0,2
2023-05-10 21:47:34,bc2403,bc2403,58700.0,0.0,0.0,0.0,1,56930.0,59030.0,1,58700.0,0.0,0.0,0.0,0.0,0.0,2
2023-05-10 21:47:34,bc2403,bc2403,58700.0,0.0,0.0,0.0,1,56930.0,59020.0,1,58700.0,0.0,0.0,0.0,0.0,0.0,2
2023-05-10 21:47:59,bc2403,bc2403,58700.0,0.0,0.0,0.0,1,56940.0,59020.0,1,58700.0,0.0,0.0,0.0,0.0,0.0,2
2023-05-10 21:48:21,bc2403,bc2403,58700.0,0.0,0.0,0.0,1,56940.0,59010.0,1,58700.0,0.0,0.0,0.0,0.0,0.0,2
2023-05-10 21:48:22,bc2403,bc2403,58700.0,0.0,0.0,0.0,1,56940.0,59000.0,1,58700.0,0.0,0.0,0.0,0.0,0.0,2
2023-05-10 21:49:06,bc2403,bc2403,58700.0,0.0,0.0,0.0,1,56940.0,58990.0,1,58700.0,0.0,0.0,0.0,0.0,0.0,2
2023-05-10 21:49:07,bc2403,bc2403,58700.0,0.0,0.0,0.0,1,56940.0,58980.0,1,58700.0,0.0,0.0,0.0,0.0,0.0,2
2023-05-10 21:52:59,bc2403,bc2403,58700.0,0.0,0.0,0.0,1,56930.0,58980.0,1,58700.0,0.0,0.0,0.0,0.0,0.0,2
2023-05-10 21:53:39,bc2403,bc2403,58700.0,0.0,0.0,0.0,1,56940.0,58980.0,1,58700.0,0.0,0.0,0.0,0.0,0.0,2
2023-05-10 21:54:06,bc2403,bc2403,58700.0,0.0,0.0,0.0,1,56940.0,58970.0,1,58700.0,0.0,0.0,0.0,0.0,0.0,2
2023-05-10 21:54:06,bc2403,bc2403,58700.0,0.0,0.0,0.0,1,56940.0,58960.0,1,58700.0,0.0,0.0,0.0,0.0,0.0,2
2023-05-10 21:54:31,bc2403,bc2403,58700.0,0.0,0.0,0.0,1,56940.0,58950.0,1,58700.0,0.0,0.0,0.0,0.0,0.0,2
2023-05-10 21:54:32,bc2403,bc2403,58700.0,0.0,0.0,0.0,1,56940.0,58940.0,1,58700.0,0.0,0.0,0.0,0.0,0.0,2
2023-05-10 21:58:38,bc2403,bc2403,58700.0,0.0,0.0,0.0,1,56930.0,58940.0,1,58700.0,0.0,0.0,0.0,0.0,0.0,2
2023-05-10 21:59:16,bc2403,bc2403,58700.0,0.0,0.0,0.0,1,56940.0,58940.0,1,58700.0,0.0,0.0,0.0,0.0,0.0,2
2023-05-10 22:01:22,bc2403,bc2403,58700.0,0.0,0.0,0.0,1,56940.0,58940.0,1,58700.0,0.0,0.0,0.0,0.0,0.0,2
2023-05-10 22:01:23,bc2403,bc2403,58700.0,0.0,0.0,0.0,1,56940.0,58940.0,1,58700.0,0.0,0.0,0.0,0.0,0.0,2
2023-05-10 22:04:16,bc2403,bc2403,58700.0,0.0,0.0,0.0,1,56930.0,58940.0,1,58700.0,0.0,0.0,0.0,0.0,0.0,2
2023-05-10 22:04:19,bc2403,bc2403,58700.0,0.0,0.0,0.0,1,56940.0,58940.0,1,58700.0,0.0,0.0,0.0,0.0,0.0,2
2023-05-10 22:08:01,bc2403,bc2403,58700.0,0.0,0.0,0.0,1,56940.0,58940.0,1,58700.0,0.0,0.0,0.0,0.0,0.0,2
2023-05-10 22:08:02,bc2403,bc2403,58700.0,0.0,0.0,0.0,1,56940.0,58940.0,1,58700.0,0.0,0.0,0.0,0.0,0.0,2
2023-05-10 22:09:18,bc2403,bc2403,58700.0,0.0,0.0,0.0,1,56930.0,58940.0,1,58700.0,0.0,0.0,0.0,0.0,0.0,2
2023-05-10 22:09:57,bc2403,bc2403,58700.0,0.0,0.0,0.0,1,56940.0,58940.0,1,58700.0,0.0,0.0,0.0,0.0,0.0,2
2023-05-10 22:14:56,bc2403,bc2403,58700.0,0.0,0.0,0.0,1,56930.0,58940.0,1,58700.0,0.0,0.0,0.0,0.0,0.0,2
2023-05-10 22:15:33,bc2403,bc2403,58700.0,0.0,0.0,0.0,1,56940.0,58940.0,1,58700.0,0.0,0.0,0.0,0.0,0.0,2
2023-05-10 22:19:25,bc2403,bc2403,58700.0,0.0,0.0,0.0,1,56930.0,58940.0,1,58700.0,0.0,0.0,0.0,0.0,0.0,2
2023-05-10 22:19:44,bc2403,bc2403,58700.0,0.0,0.0,0.0,1,56930.0,58930.0,1,58700.0,0.0,0.0,0.0,0.0,0.0,2
2023-05-10 22:19:45,bc2403,bc2403,58700.0,0.0,0.0,0.0,1,56930.0,58920.0,1,58700.0,0.0,0.0,0.0,0.0,0.0,2
2023-05-10 22:20:08,bc2403,bc2403,58700.0,0.0,0.0,0.0,1,56930.0,58920.0,1,58700.0,0.0,0.0,0.0,0.0,0.0,2
2023-05-10 22:20:27,bc2403,bc2403,58700.0,0.0,0.0,0.0,1,56940.0,58920.0,1,58700.0,0.0,0.0,0.0,0.0,0.0,2
2023-05-10 22:23:12,bc2403,bc2403,58700.0,0.0,0.0,0.0,1,56930.0,58920.0,1,58700.0,0.0,0.0,0.0,0.0,0.0,2
2023-05-10 22:23:14,bc2403,bc2403,58700.0,0.0,0.0,0.0,1,56930.0,58910.0,1,58700.0,0.0,0.0,0.0,0.0,0.0,2
2023-05-10 22:23:15,bc2403,bc2403,58700.0,0.0,0.0,0.0,1,56930.0,58900.0,1,58700.0,0.0,0.0,0.0,0.0,0.0,2
2023-05-10 22:23:53,bc2403,bc2403,58700.0,0.0,0.0,0.0,1,56930.0,58900.0,1,58700.0,0.0,0.0,0.0,0.0,0.0,2
2023-05-10 22:23:56,bc2403,bc2403,58700.0,0.0,0.0,0.0,1,56930.0,58890.0,1,58700.0,0.0,0.0,0.0,0.0,0.0,2
2023-05-10 22:23:57,bc2403,bc2403,58700.0,0.0,0.0,0.0,1,56930.0,58890.0,1,58700.0,0.0,0.0,0.0,0.0,0.0,2
2023-05-10 22:24:16,bc2403,bc2403,58700.0,0.0,0.0,0.0,1,56930.0,59160.0,1,58700.0,0.0,0.0,0.0,0.0,0.0,2
2023-05-10 22:24:16,bc2403,bc2403,58700.0,0.0,0.0,0.0,1,56930.0,59150.0,1,58700.0,0.0,0.0,0.0,0.0,0.0,2
2023-05-10 22:24:24,bc2403,bc2403,58700.0,0.0,0.0,0.0,1,56930.0,59130.0,1,58700.0,0.0,0.0,0.0,0.0,0.0,2
2023-05-10 22:24:24,bc2403,bc2403,58700.0,0.0,0.0,0.0,1,56930.0,59120.0,1,58700.0,0.0,0.0,0.0,0.0,0.0,2
2023-05-10 22:24:25,bc2403,bc2403,58700.0,0.0,0.0,0.0,1,56930.0,59100.0,1,58700.0,0.0,0.0,0.0,0.0,0.0,2
2023-05-10 22:24:25,bc2403,bc2403,58700.0,0.0,0.0,0.0,1,56930.0,59090.0,1,58700.0,0.0,0.0,0.0,0.0,0.0,2
2023-05-10 22:24:26,bc2403,bc2403,58700.0,0.0,0.0,0.0,1,56930.0,59070.0,1,58700.0,0.0,0.0,0.0,0.0,0.0,2
2023-05-10 22:24:26,bc2403,bc2403,58700.0,0.0,0.0,0.0,1,56930.0,59060.0,1,58700.0,0.0,0.0,0.0,0.0,0.0,2
2023-05-10 22:24:27,bc2403,bc2403,58700.0,0.0,0.0,0.0,1,56930.0,59050.0,1,58700.0,0.0,0.0,0.0,0.0,0.0,2
2023-05-10 22:24:27,bc2403,bc2403,58700.0,0.0,0.0,0.0,1,56930.0,59040.0,1,58700.0,0.0,0.0,0.0,0.0,0.0,2
2023-05-10 22:24:41,bc2403,bc2403,58700.0,0.0,0.0,0.0,1,56930.0,59030.0,1,58700.0,0.0,0.0,0.0,0.0,0.0,2
2023-05-10 22:24:41,bc2403,bc2403,58700.0,0.0,0.0,0.0,1,56930.0,59020.0,1,58700.0,0.0,0.0,0.0,0.0,0.0,2
2023-05-10 22:25:19,bc2403,bc2403,58700.0,0.0,0.0,0.0,1,56930.0,59020.0,1,58700.0,0.0,0.0,0.0,0.0,0.0,2
2023-05-10 22:25:23,bc2403,bc2403,58700.0,0.0,0.0,0.0,1,56930.0,59010.0,1,58700.0,0.0,0.0,0.0,0.0,0.0,2
2023-05-10 22:25:24,bc2403,bc2403,58700.0,0.0,0.0,0.0,1,56930.0,59000.0,1,58700.0,0.0,0.0,0.0,0.0,0.0,2
2023-05-10 22:26:02,bc2403,bc2403,58700.0,0.0,0.0,0.0,1,56930.0,59000.0,1,58700.0,0.0,0.0,0.0,0.0,0.0,2
2023-05-10 22:26:06,bc2403,bc2403,58700.0,0.0,0.0,0.0,1,56930.0,58990.0,1,58700.0,0.0,0.0,0.0,0.0,0.0,2
2023-05-10 22:26:06,bc2403,bc2403,58700.0,0.0,0.0,0.0,1,56930.0,58980.0,1,58700.0,0.0,0.0,0.0,0.0,0.0,2
2023-05-10 22:26:44,bc2403,bc2403,58700.0,0.0,0.0,0.0,1,56930.0,58980.0,1,58700.0,0.0,0.0,0.0,0.0,0.0,2
2023-05-10 22:26:49,bc2403,bc2403,58700.0,0.0,0.0,0.0,1,56930.0,58970.0,1,58700.0,0.0,0.0,0.0,0.0,0.0,2
2023-05-10 22:26:50,bc2403,bc2403,58700.0,0.0,0.0,0.0,1,56930.0,58960.0,1,58700.0,0.0,0.0,0.0,0.0,0.0,2
2023-05-10 22:27:27,bc2403,bc2403,58700.0,0.0,0.0,0.0,1,56930.0,58960.0,1,58700.0,0.0,0.0,0.0,0.0,0.0,2
2023-05-10 22:27:31,bc2403,bc2403,58700.0,0.0,0.0,0.0,1,56930.0,58950.0,1,58700.0,0.0,0.0,0.0,0.0,0.0,2
2023-05-10 22:27:32,bc2403,bc2403,58700.0,0.0,0.0,0.0,1,56930.0,58940.0,1,58700.0,0.0,0.0,0.0,0.0,0.0,2
2023-05-10 22:28:09,bc2403,bc2403,58700.0,0.0,0.0,0.0,1,56930.0,58940.0,1,58700.0,0.0,0.0,0.0,0.0,0.0,2
2023-05-10 22:28:13,bc2403,bc2403,58700.0,0.0,0.0,0.0,1,56930.0,58930.0,1,58700.0,0.0,0.0,0.0,0.0,0.0,2
2023-05-10 22:28:14,bc2403,bc2403,58700.0,0.0,0.0,0.0,1,56930.0,58920.0,1,58700.0,0.0,0.0,0.0,0.0,0.0,2
2023-05-10 22:28:51,bc2403,bc2403,58700.0,0.0,0.0,0.0,1,56930.0,58920.0,1,58700.0,0.0,0.0,0.0,0.0,0.0,2
2023-05-10 22:28:55,bc2403,bc2403,58700.0,0.0,0.0,0.0,1,56930.0,58910.0,1,58700.0,0.0,0.0,0.0,0.0,0.0,2
2023-05-10 22:28:56,bc2403,bc2403,58700.0,0.0,0.0,0.0,1,56930.0,58900.0,1,58700.0,0.0,0.0,0.0,0.0,0.0,2
2023-05-10 22:29:33,bc2403,bc2403,58700.0,0.0,0.0,0.0,1,56930.0,58900.0,1,58700.0,0.0,0.0,0.0,0.0,0.0,2
2023-05-10 22:29:37,bc2403,bc2403,58700.0,0.0,0.0,0.0,1,56930.0,58890.0,1,58700.0,0.0,0.0,0.0,0.0,0.0,2
2023-05-10 22:29:37,bc2403,bc2403,58700.0,0.0,0.0,0.0,1,56930.0,58890.0,1,58700.0,0.0,0.0,0.0,0.0,0.0,2
2023-05-10 22:34:37,bc2403,bc2403,58700.0,0.0,0.0,0.0,1,56930.0,59050.0,1,58700.0,0.0,0.0,0.0,0.0,0.0,2
2023-05-10 22:34:37,bc2403,bc2403,58700.0,0.0,0.0,0.0,1,56930.0,59040.0,1,58700.0,0.0,0.0,0.0,0.0,0.0,2
2023-05-10 22:34:38,bc2403,bc2403,58700.0,0.0,0.0,0.0,1,56930.0,59020.0,1,58700.0,0.0,0.0,0.0,0.0,0.0,2
2023-05-10 22:34:38,bc2403,bc2403,58700.0,0.0,0.0,0.0,1,56930.0,59010.0,1,58700.0,0.0,0.0,0.0,0.0,0.0,2
2023-05-10 22:34:39,bc2403,bc2403,58700.0,0.0,0.0,0.0,1,56930.0,58990.0,1,58700.0,0.0,0.0,0.0,0.0,0.0,2
2023-05-10 22:34:39,bc2403,bc2403,58700.0,0.0,0.0,0.0,1,56930.0,58980.0,1,58700.0,0.0,0.0,0.0,0.0,0.0,2
2023-05-10 22:34:40,bc2403,bc2403,58700.0,0.0,0.0,0.0,1,56930.0,58960.0,1,58700.0,0.0,0.0,0.0,0.0,0.0,2
2023-05-10 22:34:40,bc2403,bc2403,58700.0,0.0,0.0,0.0,1,56930.0,58950.0,1,58700.0,0.0,0.0,0.0,0.0,0.0,2
2023-05-10 22:34:41,bc2403,bc2403,58700.0,0.0,0.0,0.0,1,56930.0,58940.0,1,58700.0,0.0,0.0,0.0,0.0,0.0,2
2023-05-10 22:34:41,bc2403,bc2403,58700.0,0.0,0.0,0.0,1,56930.0,58930.0,1,58700.0,0.0,0.0,0.0,0.0,0.0,2
2023-05-10 22:35:13,bc2403,bc2403,58700.0,0.0,0.0,0.0,1,56930.0,58920.0,1,58700.0,0.0,0.0,0.0,0.0,0.0,2
2023-05-10 22:35:13,bc2403,bc2403,58700.0,0.0,0.0,0.0,1,56930.0,58910.0,1,58700.0,0.0,0.0,0.0,0.0,0.0,2
2023-05-10 22:35:51,bc2403,bc2403,58700.0,0.0,0.0,0.0,1,56930.0,58910.0,1,58700.0,0.0,0.0,0.0,0.0,0.0,2
2023-05-10 22:35:56,bc2403,bc2403,58700.0,0.0,0.0,0.0,1,56930.0,58900.0,1,58700.0,0.0,0.0,0.0,0.0,0.0,2
2023-05-10 22:35:57,bc2403,bc2403,58700.0,0.0,0.0,0.0,1,56930.0,58900.0,1,58700.0,0.0,0.0,0.0,0.0,0.0,2
2023-05-10 22:40:55,bc2403,bc2403,58700.0,0.0,0.0,0.0,1,56930.0,58940.0,1,58700.0,0.0,0.0,0.0,0.0,0.0,2
2023-05-10 22:40:56,bc2403,bc2403,58700.0,0.0,0.0,0.0,1,56930.0,58930.0,1,58700.0,0.0,0.0,0.0,0.0,0.0,2
2023-05-10 22:41:00,bc2403,bc2403,58700.0,0.0,0.0,0.0,1,56930.0,58930.0,1,58700.0,0.0,0.0,0.0,0.0,0.0,2
2023-05-10 22:41:07,bc2403,bc2403,58700.0,0.0,0.0,0.0,1,56930.0,58920.0,1,58700.0,0.0,0.0,0.0,0.0,0.0,2
2023-05-10 22:41:08,bc2403,bc2403,58700.0,0.0,0.0,0.0,1,56930.0,58910.0,1,58700.0,0.0,0.0,0.0,0.0,0.0,2
2023-05-10 22:41:33,bc2403,bc2403,58700.0,0.0,0.0,0.0,1,56930.0,58900.0,1,58700.0,0.0,0.0,0.0,0.0,0.0,2
2023-05-10 22:41:33,bc2403,bc2403,58700.0,0.0,0.0,0.0,1,56930.0,58900.0,1,58700.0,0.0,0.0,0.0,0.0,0.0,2
2023-05-10 22:45:08,bc2403,bc2403,58700.0,0.0,0.0,0.0,1,56930.0,58890.0,1,58700.0,0.0,0.0,0.0,0.0,0.0,2
2023-05-10 22:45:46,bc2403,bc2403,58700.0,0.0,0.0,0.0,1,56930.0,58890.0,1,58700.0,0.0,0.0,0.0,0.0,0.0,2
2023-05-10 22:46:25,bc2403,bc2403,58700.0,0.0,0.0,0.0,1,56930.0,58880.0,1,58700.0,0.0,0.0,0.0,0.0,0.0,2
2023-05-10 22:47:48,bc2403,bc2403,58700.0,0.0,0.0,0.0,1,56930.0,58890.0,1,58700.0,0.0,0.0,0.0,0.0,0.0,2
2023-05-10 22:47:51,bc2403,bc2403,58700.0,0.0,0.0,0.0,1,56940.0,58890.0,1,58700.0,0.0,0.0,0.0,0.0,0.0,2
2023-05-10 22:48:03,bc2403,bc2403,58700.0,0.0,0.0,0.0,1,56930.0,58890.0,1,58700.0,0.0,0.0,0.0,0.0,0.0,2
2023-05-10 22:48:34,bc2403,bc2403,58700.0,0.0,0.0,0.0,1,56930.0,58880.0,1,58700.0,0.0,0.0,0.0,0.0,0.0,2
2023-05-10 22:53:11,bc2403,bc2403,58700.0,0.0,0.0,0.0,1,56930.0,58890.0,1,58700.0,0.0,0.0,0.0,0.0,0.0,2
2023-05-10 22:53:12,bc2403,bc2403,58700.0,0.0,0.0,0.0,1,56930.0,59750.0,1,58700.0,0.0,0.0,0.0,0.0,0.0,2
2023-05-10 22:53:12,bc2403,bc2403,58700.0,0.0,0.0,0.0,1,56930.0,59740.0,1,58700.0,0.0,0.0,0.0,0.0,0.0,2
2023-05-10 22:53:13,bc2403,bc2403,58700.0,0.0,0.0,0.0,1,56930.0,59720.0,1,58700.0,0.0,0.0,0.0,0.0,0.0,2
2023-05-10 22:53:13,bc2403,bc2403,58700.0,0.0,0.0,0.0,1,56930.0,59710.0,1,58700.0,0.0,0.0,0.0,0.0,0.0,2
2023-05-10 22:53:14,bc2403,bc2403,58700.0,0.0,0.0,0.0,1,56930.0,59690.0,1,58700.0,0.0,0.0,0.0,0.0,0.0,2
2023-05-10 22:53:14,bc2403,bc2403,58700.0,0.0,0.0,0.0,1,56930.0,59680.0,1,58700.0,0.0,0.0,0.0,0.0,0.0,2
2023-05-10 22:53:15,bc2403,bc2403,58700.0,0.0,0.0,0.0,1,56930.0,59660.0,1,58700.0,0.0,0.0,0.0,0.0,0.0,2
2023-05-10 22:53:15,bc2403,bc2403,58700.0,0.0,0.0,0.0,1,56930.0,59650.0,1,58700.0,0.0,0.0,0.0,0.0,0.0,2
2023-05-10 22:53:16,bc2403,bc2403,58700.0,0.0,0.0,0.0,1,56930.0,59630.0,1,58700.0,0.0,0.0,0.0,0.0,0.0,2
2023-05-10 22:53:16,bc2403,bc2403,58700.0,0.0,0.0,0.0,1,56930.0,59620.0,1,58700.0,0.0,0.0,0.0,0.0,0.0,2
2023-05-10 22:53:17,bc2403,bc2403,58700.0,0.0,0.0,0.0,1,56930.0,59600.0,1,58700.0,0.0,0.0,0.0,0.0,0.0,2
2023-05-10 22:53:17,bc2403,bc2403,58700.0,0.0,0.0,0.0,1,56930.0,59590.0,1,58700.0,0.0,0.0,0.0,0.0,0.0,2
2023-05-10 22:53:18,bc2403,bc2403,58700.0,0.0,0.0,0.0,1,56930.0,59570.0,1,58700.0,0.0,0.0,0.0,0.0,0.0,2
2023-05-10 22:53:18,bc2403,bc2403,58700.0,0.0,0.0,0.0,1,56930.0,59560.0,1,58700.0,0.0,0.0,0.0,0.0,0.0,2
2023-05-10 22:53:19,bc2403,bc2403,58700.0,0.0,0.0,0.0,1,56930.0,59540.0,1,58700.0,0.0,0.0,0.0,0.0,0.0,2
2023-05-10 22:53:19,bc2403,bc2403,58700.0,0.0,0.0,0.0,1,56930.0,59530.0,1,58700.0,0.0,0.0,0.0,0.0,0.0,2
2023-05-10 22:53:20,bc2403,bc2403,58700.0,0.0,0.0,0.0,1,56930.0,59510.0,1,58700.0,0.0,0.0,0.0,0.0,0.0,2
2023-05-10 22:53:20,bc2403,bc2403,58700.0,0.0,0.0,0.0,1,56930.0,59500.0,1,58700.0,0.0,0.0,0.0,0.0,0.0,2
2023-05-10 22:53:21,bc2403,bc2403,58700.0,0.0,0.0,0.0,1,56930.0,59480.0,1,58700.0,0.0,0.0,0.0,0.0,0.0,2
2023-05-10 22:53:21,bc2403,bc2403,58700.0,0.0,0.0,0.0,1,56930.0,59470.0,1,58700.0,0.0,0.0,0.0,0.0,0.0,2
2023-05-10 22:53:22,bc2403,bc2403,58700.0,0.0,0.0,0.0,1,56930.0,59450.0,1,58700.0,0.0,0.0,0.0,0.0,0.0,2
2023-05-10 22:53:22,bc2403,bc2403,58700.0,0.0,0.0,0.0,1,56930.0,59440.0,1,58700.0,0.0,0.0,0.0,0.0,0.0,2
2023-05-10 22:53:23,bc2403,bc2403,58700.0,0.0,0.0,0.0,1,56930.0,59420.0,1,58700.0,0.0,0.0,0.0,0.0,0.0,2
2023-05-10 22:53:23,bc2403,bc2403,58700.0,0.0,0.0,0.0,1,56930.0,59410.0,1,58700.0,0.0,0.0,0.0,0.0,0.0,2
2023-05-10 22:53:24,bc2403,bc2403,58700.0,0.0,0.0,0.0,1,56930.0,59390.0,1,58700.0,0.0,0.0,0.0,0.0,0.0,2
2023-05-10 22:53:24,bc2403,bc2403,58700.0,0.0,0.0,0.0,1,56930.0,59380.0,1,58700.0,0.0,0.0,0.0,0.0,0.0,2
2023-05-10 22:53:25,bc2403,bc2403,58700.0,0.0,0.0,0.0,1,56930.0,59360.0,1,58700.0,0.0,0.0,0.0,0.0,0.0,2
2023-05-10 22:53:25,bc2403,bc2403,58700.0,0.0,0.0,0.0,1,56930.0,59350.0,1,58700.0,0.0,0.0,0.0,0.0,0.0,2
2023-05-10 22:53:26,bc2403,bc2403,58700.0,0.0,0.0,0.0,1,56930.0,59330.0,1,58700.0,0.0,0.0,0.0,0.0,0.0,2
2023-05-10 22:53:26,bc2403,bc2403,58700.0,0.0,0.0,0.0,1,56930.0,59320.0,1,58700.0,0.0,0.0,0.0,0.0,0.0,2
2023-05-10 22:53:27,bc2403,bc2403,58700.0,0.0,0.0,0.0,1,56930.0,59300.0,1,58700.0,0.0,0.0,0.0,0.0,0.0,2
2023-05-10 22:53:27,bc2403,bc2403,58700.0,0.0,0.0,0.0,1,56930.0,59290.0,1,58700.0,0.0,0.0,0.0,0.0,0.0,2
2023-05-10 22:53:28,bc2403,bc2403,58700.0,0.0,0.0,0.0,1,56930.0,59270.0,1,58700.0,0.0,0.0,0.0,0.0,0.0,2
2023-05-10 22:53:28,bc2403,bc2403,58700.0,0.0,0.0,0.0,1,56930.0,59260.0,1,58700.0,0.0,0.0,0.0,0.0,0.0,2
2023-05-10 22:53:29,bc2403,bc2403,58700.0,0.0,0.0,0.0,1,56930.0,59240.0,1,58700.0,0.0,0.0,0.0,0.0,0.0,2
2023-05-10 22:53:29,bc2403,bc2403,58700.0,0.0,0.0,0.0,1,56930.0,59230.0,1,58700.0,0.0,0.0,0.0,0.0,0.0,2
2023-05-10 22:53:30,bc2403,bc2403,58700.0,0.0,0.0,0.0,1,56930.0,59210.0,1,58700.0,0.0,0.0,0.0,0.0,0.0,2
2023-05-10 22:53:30,bc2403,bc2403,58700.0,0.0,0.0,0.0,1,56930.0,59200.0,1,58700.0,0.0,0.0,0.0,0.0,0.0,2
2023-05-10 22:53:31,bc2403,bc2403,58700.0,0.0,0.0,0.0,1,56930.0,59180.0,1,58700.0,0.0,0.0,0.0,0.0,0.0,2
2023-05-10 22:53:31,bc2403,bc2403,58700.0,0.0,0.0,0.0,1,56930.0,59170.0,1,58700.0,0.0,0.0,0.0,0.0,0.0,2
2023-05-10 22:53:32,bc2403,bc2403,58700.0,0.0,0.0,0.0,1,56930.0,59150.0,1,58700.0,0.0,0.0,0.0,0.0,0.0,2
2023-05-10 22:53:32,bc2403,bc2403,58700.0,0.0,0.0,0.0,1,56930.0,59140.0,1,58700.0,0.0,0.0,0.0,0.0,0.0,2
2023-05-10 22:53:33,bc2403,bc2403,58700.0,0.0,0.0,0.0,1,56930.0,59120.0,1,58700.0,0.0,0.0,0.0,0.0,0.0,2
2023-05-10 22:53:33,bc2403,bc2403,58700.0,0.0,0.0,0.0,1,56930.0,59110.0,1,58700.0,0.0,0.0,0.0,0.0,0.0,2
2023-05-10 22:53:34,bc2403,bc2403,58700.0,0.0,0.0,0.0,1,56930.0,59090.0,1,58700.0,0.0,0.0,0.0,0.0,0.0,2
2023-05-10 22:53:34,bc2403,bc2403,58700.0,0.0,0.0,0.0,1,56930.0,59080.0,1,58700.0,0.0,0.0,0.0,0.0,0.0,2
2023-05-10 22:53:35,bc2403,bc2403,58700.0,0.0,0.0,0.0,1,56930.0,59060.0,1,58700.0,0.0,0.0,0.0,0.0,0.0,2
2023-05-10 22:53:35,bc2403,bc2403,58700.0,0.0,0.0,0.0,1,56930.0,59050.0,1,58700.0,0.0,0.0,0.0,0.0,0.0,2
2023-05-10 22:53:36,bc2403,bc2403,58700.0,0.0,0.0,0.0,1,56930.0,59030.0,1,58700.0,0.0,0.0,0.0,0.0,0.0,2
2023-05-10 22:53:36,bc2403,bc2403,58700.0,0.0,0.0,0.0,1,56930.0,59020.0,1,58700.0,0.0,0.0,0.0,0.0,0.0,2
2023-05-10 22:53:37,bc2403,bc2403,58700.0,0.0,0.0,0.0,1,56930.0,59000.0,1,58700.0,0.0,0.0,0.0,0.0,0.0,2
2023-05-10 22:53:37,bc2403,bc2403,58700.0,0.0,0.0,0.0,1,56930.0,58990.0,1,58700.0,0.0,0.0,0.0,0.0,0.0,2
2023-05-10 22:54:02,bc2403,bc2403,58700.0,0.0,0.0,0.0,1,56930.0,58980.0,1,58700.0,0.0,0.0,0.0,0.0,0.0,2
2023-05-10 22:54:03,bc2403,bc2403,58700.0,0.0,0.0,0.0,1,56930.0,58970.0,1,58700.0,0.0,0.0,0.0,0.0,0.0,2
2023-05-10 22:54:05,bc2403,bc2403,58700.0,0.0,0.0,0.0,1,56930.0,58970.0,1,58700.0,0.0,0.0,0.0,0.0,0.0,2
2023-05-10 22:54:10,bc2403,bc2403,58700.0,0.0,0.0,0.0,1,56930.0,58960.0,1,58700.0,0.0,0.0,0.0,0.0,0.0,2
2023-05-10 22:54:10,bc2403,bc2403,58700.0,0.0,0.0,0.0,1,56930.0,58950.0,1,58700.0,0.0,0.0,0.0,0.0,0.0,2
2023-05-10 22:54:13,bc2403,bc2403,58700.0,0.0,0.0,0.0,1,56930.0,58950.0,1,58700.0,0.0,0.0,0.0,0.0,0.0,2
2023-05-10 22:54:52,bc2403,bc2403,58700.0,0.0,0.0,0.0,1,56940.0,58950.0,1,58700.0,0.0,0.0,0.0,0.0,0.0,2
2023-05-10 22:58:12,bc2403,bc2403,58700.0,0.0,0.0,0.0,1,56930.0,58950.0,1,58700.0,0.0,0.0,0.0,0.0,0.0,2
2023-05-10 22:58:23,bc2403,bc2403,58700.0,0.0,0.0,0.0,1,56930.0,58940.0,1,58700.0,0.0,0.0,0.0,0.0,0.0,2
2023-05-10 22:58:24,bc2403,bc2403,58700.0,0.0,0.0,0.0,1,56930.0,58930.0,1,58700.0,0.0,0.0,0.0,0.0,0.0,2
2023-05-10 22:58:29,bc2403,bc2403,58700.0,0.0,0.0,0.0,1,56920.0,58930.0,1,58700.0,0.0,0.0,0.0,0.0,0.0,2
2023-05-10 22:59:02,bc2403,bc2403,58700.0,0.0,0.0,0.0,1,56920.0,58930.0,1,58700.0,0.0,0.0,0.0,0.0,0.0,2
2023-05-10 22:59:06,bc2403,bc2403,58700.0,0.0,0.0,0.0,1,56920.0,58920.0,1,58700.0,0.0,0.0,0.0,0.0,0.0,2
2023-05-10 22:59:11,bc2403,bc2403,58700.0,0.0,0.0,0.0,1,56920.0,58920.0,1,58700.0,0.0,0.0,0.0,0.0,0.0,2
2023-05-10 23:00:09,bc2403,bc2403,58700.0,0.0,0.0,0.0,1,56920.0,58980.0,1,58700.0,0.0,0.0,0.0,0.0,0.0,2
2023-05-10 23:00:10,bc2403,bc2403,58700.0,0.0,0.0,0.0,1,56920.0,59750.0,1,58700.0,0.0,0.0,0.0,0.0,0.0,2
2023-05-10 23:00:11,bc2403,bc2403,58700.0,0.0,0.0,0.0,1,56920.0,59730.0,1,58700.0,0.0,0.0,0.0,0.0,0.0,2
2023-05-10 23:00:29,bc2403,bc2403,58700.0,0.0,0.0,0.0,1,56920.0,59720.0,1,58700.0,0.0,0.0,0.0,0.0,0.0,2
2023-05-10 23:00:30,bc2403,bc2403,58700.0,0.0,0.0,0.0,1,56920.0,59700.0,1,58700.0,0.0,0.0,0.0,0.0,0.0,2
2023-05-10 23:01:07,bc2403,bc2403,58700.0,0.0,0.0,0.0,1,56920.0,59700.0,1,58700.0,0.0,0.0,0.0,0.0,0.0,2
2023-05-10 23:01:10,bc2403,bc2403,58700.0,0.0,0.0,0.0,1,56920.0,59690.0,1,58700.0,0.0,0.0,0.0,0.0,0.0,2
2023-05-10 23:01:11,bc2403,bc2403,58700.0,0.0,0.0,0.0,1,56920.0,59670.0,1,58700.0,0.0,0.0,0.0,0.0,0.0,2
2023-05-10 23:01:48,bc2403,bc2403,58700.0,0.0,0.0,0.0,1,56920.0,59670.0,1,58700.0,0.0,0.0,0.0,0.0,0.0,2
2023-05-10 23:01:51,bc2403,bc2403,58700.0,0.0,0.0,0.0,1,56920.0,59660.0,1,58700.0,0.0,0.0,0.0,0.0,0.0,2
2023-05-10 23:01:51,bc2403,bc2403,58700.0,0.0,0.0,0.0,1,56920.0,59640.0,1,58700.0,0.0,0.0,0.0,0.0,0.0,2
2023-05-10 23:02:29,bc2403,bc2403,58700.0,0.0,0.0,0.0,1,56920.0,59640.0,1,58700.0,0.0,0.0,0.0,0.0,0.0,2
2023-05-10 23:02:32,bc2403,bc2403,58700.0,0.0,0.0,0.0,1,56920.0,59630.0,1,58700.0,0.0,0.0,0.0,0.0,0.0,2
2023-05-10 23:02:32,bc2403,bc2403,58700.0,0.0,0.0,0.0,1,56920.0,59610.0,1,58700.0,0.0,0.0,0.0,0.0,0.0,2
2023-05-10 23:03:09,bc2403,bc2403,58700.0,0.0,0.0,0.0,1,56920.0,59610.0,1,58700.0,0.0,0.0,0.0,0.0,0.0,2
2023-05-10 23:03:12,bc2403,bc2403,58700.0,0.0,0.0,0.0,1,56920.0,59600.0,1,58700.0,0.0,0.0,0.0,0.0,0.0,2
2023-05-10 23:03:13,bc2403,bc2403,58700.0,0.0,0.0,0.0,1,56920.0,59580.0,1,58700.0,0.0,0.0,0.0,0.0,0.0,2
2023-05-10 23:03:50,bc2403,bc2403,58700.0,0.0,0.0,0.0,1,56920.0,59580.0,1,58700.0,0.0,0.0,0.0,0.0,0.0,2
2023-05-10 23:03:53,bc2403,bc2403,58700.0,0.0,0.0,0.0,1,56920.0,59570.0,1,58700.0,0.0,0.0,0.0,0.0,0.0,2
2023-05-10 23:03:54,bc2403,bc2403,58700.0,0.0,0.0,0.0,1,56920.0,59550.0,1,58700.0,0.0,0.0,0.0,0.0,0.0,2
2023-05-10 23:04:32,bc2403,bc2403,58700.0,0.0,0.0,0.0,1,56920.0,59550.0,1,58700.0,0.0,0.0,0.0,0.0,0.0,2
2023-05-10 23:04:35,bc2403,bc2403,58700.0,0.0,0.0,0.0,1,56920.0,59540.0,1,58700.0,0.0,0.0,0.0,0.0,0.0,2
2023-05-10 23:04:36,bc2403,bc2403,58700.0,0.0,0.0,0.0,1,56920.0,59520.0,1,58700.0,0.0,0.0,0.0,0.0,0.0,2
2023-05-10 23:05:14,bc2403,bc2403,58700.0,0.0,0.0,0.0,1,56920.0,59520.0,1,58700.0,0.0,0.0,0.0,0.0,0.0,2
2023-05-10 23:05:16,bc2403,bc2403,58700.0,0.0,0.0,0.0,1,56920.0,59510.0,1,58700.0,0.0,0.0,0.0,0.0,0.0,2
2023-05-10 23:05:17,bc2403,bc2403,58700.0,0.0,0.0,0.0,1,56920.0,59490.0,1,58700.0,0.0,0.0,0.0,0.0,0.0,2
2023-05-10 23:05:54,bc2403,bc2403,58700.0,0.0,0.0,0.0,1,56920.0,59490.0,1,58700.0,0.0,0.0,0.0,0.0,0.0,2
2023-05-10 23:05:57,bc2403,bc2403,58700.0,0.0,0.0,0.0,1,56920.0,59480.0,1,58700.0,0.0,0.0,0.0,0.0,0.0,2
2023-05-10 23:05:58,bc2403,bc2403,58700.0,0.0,0.0,0.0,1,56920.0,59460.0,1,58700.0,0.0,0.0,0.0,0.0,0.0,2
2023-05-10 23:06:35,bc2403,bc2403,58700.0,0.0,0.0,0.0,1,56920.0,59460.0,1,58700.0,0.0,0.0,0.0,0.0,0.0,2
2023-05-10 23:06:37,bc2403,bc2403,58700.0,0.0,0.0,0.0,1,56920.0,59450.0,1,58700.0,0.0,0.0,0.0,0.0,0.0,2
2023-05-10 23:06:38,bc2403,bc2403,58700.0,0.0,0.0,0.0,1,56920.0,59430.0,1,58700.0,0.0,0.0,0.0,0.0,0.0,2
2023-05-10 23:07:15,bc2403,bc2403,58700.0,0.0,0.0,0.0,1,56920.0,59430.0,1,58700.0,0.0,0.0,0.0,0.0,0.0,2
2023-05-10 23:07:19,bc2403,bc2403,58700.0,0.0,0.0,0.0,1,56920.0,59420.0,1,58700.0,0.0,0.0,0.0,0.0,0.0,2
2023-05-10 23:07:20,bc2403,bc2403,58700.0,0.0,0.0,0.0,1,56920.0,59400.0,1,58700.0,0.0,0.0,0.0,0.0,0.0,2
2023-05-10 23:07:57,bc2403,bc2403,58700.0,0.0,0.0,0.0,1,56920.0,59400.0,1,58700.0,0.0,0.0,0.0,0.0,0.0,2
2023-05-10 23:08:00,bc2403,bc2403,58700.0,0.0,0.0,0.0,1,56920.0,59390.0,1,58700.0,0.0,0.0,0.0,0.0,0.0,2
2023-05-10 23:08:00,bc2403,bc2403,58700.0,0.0,0.0,0.0,1,56920.0,59370.0,1,58700.0,0.0,0.0,0.0,0.0,0.0,2
2023-05-10 23:08:38,bc2403,bc2403,58700.0,0.0,0.0,0.0,1,56920.0,59370.0,1,58700.0,0.0,0.0,0.0,0.0,0.0,2
2023-05-10 23:08:41,bc2403,bc2403,58700.0,0.0,0.0,0.0,1,56920.0,59360.0,1,58700.0,0.0,0.0,0.0,0.0,0.0,2
2023-05-10 23:08:41,bc2403,bc2403,58700.0,0.0,0.0,0.0,1,56920.0,59340.0,1,58700.0,0.0,0.0,0.0,0.0,0.0,2
2023-05-10 23:09:19,bc2403,bc2403,58700.0,0.0,0.0,0.0,1,56920.0,59340.0,1,58700.0,0.0,0.0,0.0,0.0,0.0,2
2023-05-10 23:09:21,bc2403,bc2403,58700.0,0.0,0.0,0.0,1,56920.0,59330.0,1,58700.0,0.0,0.0,0.0,0.0,0.0,2
2023-05-10 23:09:22,bc2403,bc2403,58700.0,0.0,0.0,0.0,1,56920.0,59310.0,1,58700.0,0.0,0.0,0.0,0.0,0.0,2
2023-05-10 23:10:00,bc2403,bc2403,58700.0,0.0,0.0,0.0,1,56920.0,59310.0,1,58700.0,0.0,0.0,0.0,0.0,0.0,2
2023-05-10 23:10:03,bc2403,bc2403,58700.0,0.0,0.0,0.0,1,56920.0,59300.0,1,58700.0,0.0,0.0,0.0,0.0,0.0,2
2023-05-10 23:10:04,bc2403,bc2403,58700.0,0.0,0.0,0.0,1,56920.0,59280.0,1,58700.0,0.0,0.0,0.0,0.0,0.0,2
2023-05-10 23:10:41,bc2403,bc2403,58700.0,0.0,0.0,0.0,1,56920.0,59280.0,1,58700.0,0.0,0.0,0.0,0.0,0.0,2
2023-05-10 23:10:44,bc2403,bc2403,58700.0,0.0,0.0,0.0,1,56920.0,59270.0,1,58700.0,0.0,0.0,0.0,0.0,0.0,2
2023-05-10 23:10:45,bc2403,bc2403,58700.0,0.0,0.0,0.0,1,56920.0,59250.0,1,58700.0,0.0,0.0,0.0,0.0,0.0,2
2023-05-10 23:11:22,bc2403,bc2403,58700.0,0.0,0.0,0.0,1,56920.0,59250.0,1,58700.0,0.0,0.0,0.0,0.0,0.0,2
2023-05-10 23:11:25,bc2403,bc2403,58700.0,0.0,0.0,0.0,1,56920.0,59240.0,1,58700.0,0.0,0.0,0.0,0.0,0.0,2
2023-05-10 23:11:25,bc2403,bc2403,58700.0,0.0,0.0,0.0,1,56920.0,59220.0,1,58700.0,0.0,0.0,0.0,0.0,0.0,2
2023-05-10 23:12:03,bc2403,bc2403,58700.0,0.0,0.0,0.0,1,56920.0,59220.0,1,58700.0,0.0,0.0,0.0,0.0,0.0,2
2023-05-10 23:12:06,bc2403,bc2403,58700.0,0.0,0.0,0.0,1,56920.0,59210.0,1,58700.0,0.0,0.0,0.0,0.0,0.0,2
2023-05-10 23:12:06,bc2403,bc2403,58700.0,0.0,0.0,0.0,1,56920.0,59190.0,1,58700.0,0.0,0.0,0.0,0.0,0.0,2
2023-05-10 23:12:44,bc2403,bc2403,58700.0,0.0,0.0,0.0,1,56920.0,59190.0,1,58700.0,0.0,0.0,0.0,0.0,0.0,2
2023-05-10 23:12:46,bc2403,bc2403,58700.0,0.0,0.0,0.0,1,56920.0,59180.0,1,58700.0,0.0,0.0,0.0,0.0,0.0,2
2023-05-10 23:12:47,bc2403,bc2403,58700.0,0.0,0.0,0.0,1,56920.0,59160.0,1,58700.0,0.0,0.0,0.0,0.0,0.0,2
2023-05-10 23:13:24,bc2403,bc2403,58700.0,0.0,0.0,0.0,1,56920.0,59160.0,1,58700.0,0.0,0.0,0.0,0.0,0.0,2
2023-05-10 23:13:27,bc2403,bc2403,58700.0,0.0,0.0,0.0,1,56920.0,59150.0,1,58700.0,0.0,0.0,0.0,0.0,0.0,2
2023-05-10 23:13:28,bc2403,bc2403,58700.0,0.0,0.0,0.0,1,56920.0,59130.0,1,58700.0,0.0,0.0,0.0,0.0,0.0,2
2023-05-10 23:14:05,bc2403,bc2403,58700.0,0.0,0.0,0.0,1,56920.0,59130.0,1,58700.0,0.0,0.0,0.0,0.0,0.0,2
2023-05-10 23:14:08,bc2403,bc2403,58700.0,0.0,0.0,0.0,1,56920.0,59120.0,1,58700.0,0.0,0.0,0.0,0.0,0.0,2
2023-05-10 23:14:08,bc2403,bc2403,58700.0,0.0,0.0,0.0,1,56920.0,59100.0,1,58700.0,0.0,0.0,0.0,0.0,0.0,2
2023-05-10 23:14:46,bc2403,bc2403,58700.0,0.0,0.0,0.0,1,56920.0,59100.0,1,58700.0,0.0,0.0,0.0,0.0,0.0,2
2023-05-10 23:14:50,bc2403,bc2403,58700.0,0.0,0.0,0.0,1,56920.0,59090.0,1,58700.0,0.0,0.0,0.0,0.0,0.0,2
2023-05-10 23:14:50,bc2403,bc2403,58700.0,0.0,0.0,0.0,1,56920.0,59070.0,1,58700.0,0.0,0.0,0.0,0.0,0.0,2
2023-05-10 23:14:51,bc2403,bc2403,58700.0,0.0,0.0,0.0,1,56920.0,59070.0,1,58700.0,0.0,0.0,0.0,0.0,0.0,2
2023-05-10 23:15:32,bc2403,bc2403,58700.0,0.0,0.0,0.0,1,56930.0,59070.0,1,58700.0,0.0,0.0,0.0,0.0,0.0,2
2023-05-10 23:19:53,bc2403,bc2403,58700.0,0.0,0.0,0.0,1,56930.0,59750.0,1,58700.0,0.0,0.0,0.0,0.0,0.0,2
2023-05-10 23:19:54,bc2403,bc2403,58700.0,0.0,0.0,0.0,1,56920.0,59750.0,1,58700.0,0.0,0.0,0.0,0.0,0.0,2
2023-05-10 23:19:54,bc2403,bc2403,58700.0,0.0,0.0,0.0,1,56920.0,59730.0,1,58700.0,0.0,0.0,0.0,0.0,0.0,2
2023-05-10 23:20:20,bc2403,bc2403,58700.0,0.0,0.0,0.0,1,56920.0,59720.0,1,58700.0,0.0,0.0,0.0,0.0,0.0,2
2023-05-10 23:20:21,bc2403,bc2403,58700.0,0.0,0.0,0.0,1,56920.0,59700.0,1,58700.0,0.0,0.0,0.0,0.0,0.0,2
2023-05-10 23:20:59,bc2403,bc2403,58700.0,0.0,0.0,0.0,1,56920.0,59700.0,1,58700.0,0.0,0.0,0.0,0.0,0.0,2
2023-05-10 23:21:02,bc2403,bc2403,58700.0,0.0,0.0,0.0,1,56920.0,59690.0,1,58700.0,0.0,0.0,0.0,0.0,0.0,2
2023-05-10 23:21:03,bc2403,bc2403,58700.0,0.0,0.0,0.0,1,56920.0,59670.0,1,58700.0,0.0,0.0,0.0,0.0,0.0,2
2023-05-10 23:21:40,bc2403,bc2403,58700.0,0.0,0.0,0.0,1,56920.0,59670.0,1,58700.0,0.0,0.0,0.0,0.0,0.0,2
2023-05-10 23:21:43,bc2403,bc2403,58700.0,0.0,0.0,0.0,1,56920.0,59660.0,1,58700.0,0.0,0.0,0.0,0.0,0.0,2
2023-05-10 23:21:44,bc2403,bc2403,58700.0,0.0,0.0,0.0,1,56920.0,59640.0,1,58700.0,0.0,0.0,0.0,0.0,0.0,2
2023-05-10 23:22:21,bc2403,bc2403,58700.0,0.0,0.0,0.0,1,56920.0,59640.0,1,58700.0,0.0,0.0,0.0,0.0,0.0,2
2023-05-10 23:22:24,bc2403,bc2403,58700.0,0.0,0.0,0.0,1,56920.0,59630.0,1,58700.0,0.0,0.0,0.0,0.0,0.0,2
2023-05-10 23:22:24,bc2403,bc2403,58700.0,0.0,0.0,0.0,1,56920.0,59610.0,1,58700.0,0.0,0.0,0.0,0.0,0.0,2
2023-05-10 23:23:02,bc2403,bc2403,58700.0,0.0,0.0,0.0,1,56920.0,59610.0,1,58700.0,0.0,0.0,0.0,0.0,0.0,2
2023-05-10 23:23:05,bc2403,bc2403,58700.0,0.0,0.0,0.0,1,56920.0,59600.0,1,58700.0,0.0,0.0,0.0,0.0,0.0,2
2023-05-10 23:23:05,bc2403,bc2403,58700.0,0.0,0.0,0.0,1,56920.0,59580.0,1,58700.0,0.0,0.0,0.0,0.0,0.0,2
2023-05-10 23:23:43,bc2403,bc2403,58700.0,0.0,0.0,0.0,1,56920.0,59580.0,1,58700.0,0.0,0.0,0.0,0.0,0.0,2
2023-05-10 23:23:46,bc2403,bc2403,58700.0,0.0,0.0,0.0,1,56920.0,59570.0,1,58700.0,0.0,0.0,0.0,0.0,0.0,2
2023-05-10 23:23:46,bc2403,bc2403,58700.0,0.0,0.0,0.0,1,56920.0,59550.0,1,58700.0,0.0,0.0,0.0,0.0,0.0,2
2023-05-10 23:24:24,bc2403,bc2403,58700.0,0.0,0.0,0.0,1,56920.0,59550.0,1,58700.0,0.0,0.0,0.0,0.0,0.0,2
2023-05-10 23:24:26,bc2403,bc2403,58700.0,0.0,0.0,0.0,1,56920.0,59540.0,1,58700.0,0.0,0.0,0.0,0.0,0.0,2
2023-05-10 23:24:27,bc2403,bc2403,58700.0,0.0,0.0,0.0,1,56920.0,59520.0,1,58700.0,0.0,0.0,0.0,0.0,0.0,2
2023-05-10 23:25:04,bc2403,bc2403,58700.0,0.0,0.0,0.0,1,56920.0,59520.0,1,58700.0,0.0,0.0,0.0,0.0,0.0,2
2023-05-10 23:25:08,bc2403,bc2403,58700.0,0.0,0.0,0.0,1,56920.0,59510.0,1,58700.0,0.0,0.0,0.0,0.0,0.0,2
2023-05-10 23:25:08,bc2403,bc2403,58700.0,0.0,0.0,0.0,1,56920.0,59490.0,1,58700.0,0.0,0.0,0.0,0.0,0.0,2
2023-05-10 23:25:45,bc2403,bc2403,58700.0,0.0,0.0,0.0,1,56920.0,59490.0,1,58700.0,0.0,0.0,0.0,0.0,0.0,2
2023-05-10 23:25:49,bc2403,bc2403,58700.0,0.0,0.0,0.0,1,56920.0,59480.0,1,58700.0,0.0,0.0,0.0,0.0,0.0,2
2023-05-10 23:25:49,bc2403,bc2403,58700.0,0.0,0.0,0.0,1,56920.0,59460.0,1,58700.0,0.0,0.0,0.0,0.0,0.0,2
2023-05-10 23:26:27,bc2403,bc2403,58700.0,0.0,0.0,0.0,1,56920.0,59460.0,1,58700.0,0.0,0.0,0.0,0.0,0.0,2
2023-05-10 23:26:31,bc2403,bc2403,58700.0,0.0,0.0,0.0,1,56920.0,59450.0,1,58700.0,0.0,0.0,0.0,0.0,0.0,2
2023-05-10 23:26:31,bc2403,bc2403,58700.0,0.0,0.0,0.0,1,56920.0,59430.0,1,58700.0,0.0,0.0,0.0,0.0,0.0,2
2023-05-10 23:27:09,bc2403,bc2403,58700.0,0.0,0.0,0.0,1,56920.0,59430.0,1,58700.0,0.0,0.0,0.0,0.0,0.0,2
2023-05-10 23:27:12,bc2403,bc2403,58700.0,0.0,0.0,0.0,1,56930.0,59430.0,1,58700.0,0.0,0.0,0.0,0.0,0.0,2
2023-05-10 23:30:50,bc2403,bc2403,58700.0,0.0,0.0,0.0,1,56920.0,59430.0,1,58700.0,0.0,0.0,0.0,0.0,0.0,2
2023-05-10 23:30:52,bc2403,bc2403,58700.0,0.0,0.0,0.0,1,56920.0,59420.0,1,58700.0,0.0,0.0,0.0,0.0,0.0,2
2023-05-10 23:30:53,bc2403,bc2403,58700.0,0.0,0.0,0.0,1,56920.0,59400.0,1,58700.0,0.0,0.0,0.0,0.0,0.0,2
2023-05-10 23:31:31,bc2403,bc2403,58700.0,0.0,0.0,0.0,1,56920.0,59400.0,1,58700.0,0.0,0.0,0.0,0.0,0.0,2
2023-05-10 23:31:34,bc2403,bc2403,58700.0,0.0,0.0,0.0,1,56920.0,59390.0,1,58700.0,0.0,0.0,0.0,0.0,0.0,2
2023-05-10 23:31:35,bc2403,bc2403,58700.0,0.0,0.0,0.0,1,56920.0,59370.0,1,58700.0,0.0,0.0,0.0,0.0,0.0,2
2023-05-10 23:31:36,bc2403,bc2403,58700.0,0.0,0.0,0.0,1,56920.0,59370.0,1,58700.0,0.0,0.0,0.0,0.0,0.0,2
2023-05-10 23:32:16,bc2403,bc2403,58700.0,0.0,0.0,0.0,1,56920.0,59360.0,1,58700.0,0.0,0.0,0.0,0.0,0.0,2
2023-05-10 23:32:17,bc2403,bc2403,58700.0,0.0,0.0,0.0,1,56920.0,59340.0,1,58700.0,0.0,0.0,0.0,0.0,0.0,2
2023-05-10 23:32:18,bc2403,bc2403,58700.0,0.0,0.0,0.0,1,56920.0,59340.0,1,58700.0,0.0,0.0,0.0,0.0,0.0,2
2023-05-10 23:32:58,bc2403,bc2403,58700.0,0.0,0.0,0.0,1,56930.0,59340.0,1,58700.0,0.0,0.0,0.0,0.0,0.0,2
2023-05-10 23:36:56,bc2403,bc2403,58700.0,0.0,0.0,0.0,1,56920.0,59340.0,1,58700.0,0.0,0.0,0.0,0.0,0.0,2
2023-05-10 23:37:22,bc2403,bc2403,58700.0,0.0,0.0,0.0,1,56920.0,59750.0,1,58700.0,0.0,0.0,0.0,0.0,0.0,2
2023-05-10 23:37:23,bc2403,bc2403,58700.0,0.0,0.0,0.0,1,56920.0,59740.0,1,58700.0,0.0,0.0,0.0,0.0,0.0,2
2023-05-10 23:37:24,bc2403,bc2403,58700.0,0.0,0.0,0.0,1,56920.0,59730.0,1,58700.0,0.0,0.0,0.0,0.0,0.0,2
2023-05-10 23:38:01,bc2403,bc2403,58700.0,0.0,0.0,0.0,1,56920.0,59730.0,1,58700.0,0.0,0.0,0.0,0.0,0.0,2
2023-05-10 23:38:04,bc2403,bc2403,58700.0,0.0,0.0,0.0,1,56920.0,59720.0,1,58700.0,0.0,0.0,0.0,0.0,0.0,2
2023-05-10 23:38:05,bc2403,bc2403,58700.0,0.0,0.0,0.0,1,56920.0,59700.0,1,58700.0,0.0,0.0,0.0,0.0,0.0,2
2023-05-10 23:38:43,bc2403,bc2403,58700.0,0.0,0.0,0.0,1,56920.0,59700.0,1,58700.0,0.0,0.0,0.0,0.0,0.0,2
2023-05-10 23:38:46,bc2403,bc2403,58700.0,0.0,0.0,0.0,1,56920.0,59690.0,1,58700.0,0.0,0.0,0.0,0.0,0.0,2
2023-05-10 23:38:46,bc2403,bc2403,58700.0,0.0,0.0,0.0,1,56920.0,59670.0,1,58700.0,0.0,0.0,0.0,0.0,0.0,2
2023-05-10 23:39:24,bc2403,bc2403,58700.0,0.0,0.0,0.0,1,56920.0,59670.0,1,58700.0,0.0,0.0,0.0,0.0,0.0,2
2023-05-10 23:39:27,bc2403,bc2403,58700.0,0.0,0.0,0.0,1,56920.0,59660.0,1,58700.0,0.0,0.0,0.0,0.0,0.0,2
2023-05-10 23:39:27,bc2403,bc2403,58700.0,0.0,0.0,0.0,1,56920.0,59640.0,1,58700.0,0.0,0.0,0.0,0.0,0.0,2
2023-05-10 23:40:05,bc2403,bc2403,58700.0,0.0,0.0,0.0,1,56920.0,59640.0,1,58700.0,0.0,0.0,0.0,0.0,0.0,2
2023-05-10 23:40:08,bc2403,bc2403,58700.0,0.0,0.0,0.0,1,56920.0,59630.0,1,58700.0,0.0,0.0,0.0,0.0,0.0,2
2023-05-10 23:40:09,bc2403,bc2403,58700.0,0.0,0.0,0.0,1,56920.0,59610.0,1,58700.0,0.0,0.0,0.0,0.0,0.0,2
2023-05-10 23:40:46,bc2403,bc2403,58700.0,0.0,0.0,0.0,1,56920.0,59610.0,1,58700.0,0.0,0.0,0.0,0.0,0.0,2
2023-05-10 23:40:50,bc2403,bc2403,58700.0,0.0,0.0,0.0,1,56920.0,59600.0,1,58700.0,0.0,0.0,0.0,0.0,0.0,2
2023-05-10 23:40:51,bc2403,bc2403,58700.0,0.0,0.0,0.0,1,56920.0,59580.0,1,58700.0,0.0,0.0,0.0,0.0,0.0,2
2023-05-10 23:41:28,bc2403,bc2403,58700.0,0.0,0.0,0.0,1,56920.0,59580.0,1,58700.0,0.0,0.0,0.0,0.0,0.0,2
2023-05-10 23:41:32,bc2403,bc2403,58700.0,0.0,0.0,0.0,1,56920.0,59570.0,1,58700.0,0.0,0.0,0.0,0.0,0.0,2
2023-05-10 23:41:32,bc2403,bc2403,58700.0,0.0,0.0,0.0,1,56920.0,59550.0,1,58700.0,0.0,0.0,0.0,0.0,0.0,2
2023-05-10 23:42:10,bc2403,bc2403,58700.0,0.0,0.0,0.0,1,56920.0,59550.0,1,58700.0,0.0,0.0,0.0,0.0,0.0,2
2023-05-10 23:42:13,bc2403,bc2403,58700.0,0.0,0.0,0.0,1,56920.0,59540.0,1,58700.0,0.0,0.0,0.0,0.0,0.0,2
2023-05-10 23:42:13,bc2403,bc2403,58700.0,0.0,0.0,0.0,1,56920.0,59520.0,1,58700.0,0.0,0.0,0.0,0.0,0.0,2
2023-05-10 23:42:50,bc2403,bc2403,58700.0,0.0,0.0,0.0,1,56920.0,59520.0,1,58700.0,0.0,0.0,0.0,0.0,0.0,2
2023-05-10 23:42:54,bc2403,bc2403,58700.0,0.0,0.0,0.0,1,56920.0,59510.0,1,58700.0,0.0,0.0,0.0,0.0,0.0,2
2023-05-10 23:42:55,bc2403,bc2403,58700.0,0.0,0.0,0.0,1,56920.0,59490.0,1,58700.0,0.0,0.0,0.0,0.0,0.0,2
2023-05-10 23:43:32,bc2403,bc2403,58700.0,0.0,0.0,0.0,1,56920.0,59490.0,1,58700.0,0.0,0.0,0.0,0.0,0.0,2
2023-05-10 23:43:34,bc2403,bc2403,58700.0,0.0,0.0,0.0,1,56920.0,59480.0,1,58700.0,0.0,0.0,0.0,0.0,0.0,2
2023-05-10 23:43:35,bc2403,bc2403,58700.0,0.0,0.0,0.0,1,56920.0,59460.0,1,58700.0,0.0,0.0,0.0,0.0,0.0,2
2023-05-10 23:44:12,bc2403,bc2403,58700.0,0.0,0.0,0.0,1,56920.0,59460.0,1,58700.0,0.0,0.0,0.0,0.0,0.0,2
2023-05-10 23:44:16,bc2403,bc2403,58700.0,0.0,0.0,0.0,1,56920.0,59450.0,1,58700.0,0.0,0.0,0.0,0.0,0.0,2
2023-05-10 23:44:17,bc2403,bc2403,58700.0,0.0,0.0,0.0,1,56920.0,59430.0,1,58700.0,0.0,0.0,0.0,0.0,0.0,2
2023-05-10 23:44:54,bc2403,bc2403,58700.0,0.0,0.0,0.0,1,56920.0,59430.0,1,58700.0,0.0,0.0,0.0,0.0,0.0,2
2023-05-10 23:44:57,bc2403,bc2403,58700.0,0.0,0.0,0.0,1,56920.0,59420.0,1,58700.0,0.0,0.0,0.0,0.0,0.0,2
2023-05-10 23:44:57,bc2403,bc2403,58700.0,0.0,0.0,0.0,1,56920.0,59400.0,1,58700.0,0.0,0.0,0.0,0.0,0.0,2
2023-05-10 23:45:35,bc2403,bc2403,58700.0,0.0,0.0,0.0,1,56920.0,59400.0,1,58700.0,0.0,0.0,0.0,0.0,0.0,2
2023-05-10 23:45:38,bc2403,bc2403,58700.0,0.0,0.0,0.0,1,56930.0,59400.0,1,58700.0,0.0,0.0,0.0,0.0,0.0,2
2023-05-10 23:46:31,bc2403,bc2403,58700.0,0.0,0.0,0.0,1,56920.0,59400.0,1,58700.0,0.0,0.0,0.0,0.0,0.0,2
2023-05-10 23:47:00,bc2403,bc2403,58700.0,0.0,0.0,0.0,1,56920.0,59390.0,1,58700.0,0.0,0.0,0.0,0.0,0.0,2
2023-05-10 23:47:01,bc2403,bc2403,58700.0,0.0,0.0,0.0,1,56920.0,59370.0,1,58700.0,0.0,0.0,0.0,0.0,0.0,2
2023-05-10 23:47:02,bc2403,bc2403,58700.0,0.0,0.0,0.0,1,56920.0,59370.0,1,58700.0,0.0,0.0,0.0,0.0,0.0,2
2023-05-10 23:47:42,bc2403,bc2403,58700.0,0.0,0.0,0.0,1,56930.0,59370.0,1,58700.0,0.0,0.0,0.0,0.0,0.0,2
2023-05-10 23:52:06,bc2403,bc2403,58700.0,0.0,0.0,0.0,1,56930.0,59750.0,1,58700.0,0.0,0.0,0.0,0.0,0.0,2
2023-05-10 23:52:07,bc2403,bc2403,58700.0,0.0,0.0,0.0,1,56920.0,59750.0,1,58700.0,0.0,0.0,0.0,0.0,0.0,2
2023-05-10 23:52:07,bc2403,bc2403,58700.0,0.0,0.0,0.0,1,56920.0,59730.0,1,58700.0,0.0,0.0,0.0,0.0,0.0,2
2023-05-10 23:52:10,bc2403,bc2403,58700.0,0.0,0.0,0.0,1,56920.0,59720.0,1,58700.0,0.0,0.0,0.0,0.0,0.0,2
2023-05-10 23:52:10,bc2403,bc2403,58700.0,0.0,0.0,0.0,1,56920.0,59700.0,1,58700.0,0.0,0.0,0.0,0.0,0.0,2
2023-05-10 23:52:48,bc2403,bc2403,58700.0,0.0,0.0,0.0,1,56920.0,59700.0,1,58700.0,0.0,0.0,0.0,0.0,0.0,2
2023-05-10 23:52:51,bc2403,bc2403,58700.0,0.0,0.0,0.0,1,56920.0,59690.0,1,58700.0,0.0,0.0,0.0,0.0,0.0,2
2023-05-10 23:52:51,bc2403,bc2403,58700.0,0.0,0.0,0.0,1,56920.0,59670.0,1,58700.0,0.0,0.0,0.0,0.0,0.0,2
2023-05-10 23:53:29,bc2403,bc2403,58700.0,0.0,0.0,0.0,1,56920.0,59670.0,1,58700.0,0.0,0.0,0.0,0.0,0.0,2
2023-05-10 23:53:32,bc2403,bc2403,58700.0,0.0,0.0,0.0,1,56920.0,59660.0,1,58700.0,0.0,0.0,0.0,0.0,0.0,2
2023-05-10 23:53:33,bc2403,bc2403,58700.0,0.0,0.0,0.0,1,56920.0,59640.0,1,58700.0,0.0,0.0,0.0,0.0,0.0,2
2023-05-10 23:54:10,bc2403,bc2403,58700.0,0.0,0.0,0.0,1,56920.0,59640.0,1,58700.0,0.0,0.0,0.0,0.0,0.0,2
2023-05-10 23:54:14,bc2403,bc2403,58700.0,0.0,0.0,0.0,1,56920.0,59630.0,1,58700.0,0.0,0.0,0.0,0.0,0.0,2
2023-05-10 23:54:14,bc2403,bc2403,58700.0,0.0,0.0,0.0,1,56920.0,59610.0,1,58700.0,0.0,0.0,0.0,0.0,0.0,2
2023-05-10 23:54:52,bc2403,bc2403,58700.0,0.0,0.0,0.0,1,56920.0,59610.0,1,58700.0,0.0,0.0,0.0,0.0,0.0,2
2023-05-10 23:54:55,bc2403,bc2403,58700.0,0.0,0.0,0.0,1,56920.0,59600.0,1,58700.0,0.0,0.0,0.0,0.0,0.0,2
2023-05-10 23:54:55,bc2403,bc2403,58700.0,0.0,0.0,0.0,1,56920.0,59580.0,1,58700.0,0.0,0.0,0.0,0.0,0.0,2
2023-05-10 23:55:33,bc2403,bc2403,58700.0,0.0,0.0,0.0,1,56920.0,59580.0,1,58700.0,0.0,0.0,0.0,0.0,0.0,2
2023-05-10 23:55:36,bc2403,bc2403,58700.0,0.0,0.0,0.0,1,56920.0,59570.0,1,58700.0,0.0,0.0,0.0,0.0,0.0,2
2023-05-10 23:55:36,bc2403,bc2403,58700.0,0.0,0.0,0.0,1,56920.0,59550.0,1,58700.0,0.0,0.0,0.0,0.0,0.0,2
2023-05-10 23:56:14,bc2403,bc2403,58700.0,0.0,0.0,0.0,1,56920.0,59550.0,1,58700.0,0.0,0.0,0.0,0.0,0.0,2
2023-05-10 23:56:18,bc2403,bc2403,58700.0,0.0,0.0,0.0,1,56920.0,59540.0,1,58700.0,0.0,0.0,0.0,0.0,0.0,2
2023-05-10 23:56:18,bc2403,bc2403,58700.0,0.0,0.0,0.0,1,56920.0,59520.0,1,58700.0,0.0,0.0,0.0,0.0,0.0,2
2023-05-10 23:56:56,bc2403,bc2403,58700.0,0.0,0.0,0.0,1,56920.0,59520.0,1,58700.0,0.0,0.0,0.0,0.0,0.0,2
2023-05-10 23:56:59,bc2403,bc2403,58700.0,0.0,0.0,0.0,1,56920.0,59510.0,1,58700.0,0.0,0.0,0.0,0.0,0.0,2
2023-05-10 23:56:59,bc2403,bc2403,58700.0,0.0,0.0,0.0,1,56920.0,59490.0,1,58700.0,0.0,0.0,0.0,0.0,0.0,2
2023-05-10 23:57:37,bc2403,bc2403,58700.0,0.0,0.0,0.0,1,56920.0,59490.0,1,58700.0,0.0,0.0,0.0,0.0,0.0,2
2023-05-10 23:57:40,bc2403,bc2403,58700.0,0.0,0.0,0.0,1,56920.0,59480.0,1,58700.0,0.0,0.0,0.0,0.0,0.0,2
2023-05-10 23:57:41,bc2403,bc2403,58700.0,0.0,0.0,0.0,1,56920.0,59460.0,1,58700.0,0.0,0.0,0.0,0.0,0.0,2
2023-05-10 23:58:18,bc2403,bc2403,58700.0,0.0,0.0,0.0,1,56920.0,59460.0,1,58700.0,0.0,0.0,0.0,0.0,0.0,2
2023-05-10 23:58:21,bc2403,bc2403,58700.0,0.0,0.0,0.0,1,56920.0,59450.0,1,58700.0,0.0,0.0,0.0,0.0,0.0,2
2023-05-10 23:58:22,bc2403,bc2403,58700.0,0.0,0.0,0.0,1,56920.0,59430.0,1,58700.0,0.0,0.0,0.0,0.0,0.0,2
2023-05-10 23:58:59,bc2403,bc2403,58700.0,0.0,0.0,0.0,1,56920.0,59430.0,1,58700.0,0.0,0.0,0.0,0.0,0.0,2
2023-05-10 23:59:03,bc2403,bc2403,58700.0,0.0,0.0,0.0,1,56930.0,59430.0,1,58700.0,0.0,0.0,0.0,0.0,0.0,2
2023-05-10 23:59:09,bc2403,bc2403,58700.0,0.0,0.0,0.0,1,56920.0,59430.0,1,58700.0,0.0,0.0,0.0,0.0,0.0,2
2023-05-11 00:00:10,bc2403,bc2403,58700.0,0.0,0.0,0.0,1,56920.0,59750.0,1,58700.0,0.0,0.0,0.0,0.0,0.0,2
2023-05-11 00:00:15,bc2403,bc2403,58700.0,0.0,0.0,0.0,1,56920.0,59740.0,1,58700.0,0.0,0.0,0.0,0.0,0.0,2
2023-05-11 00:00:17,bc2403,bc2403,58700.0,0.0,0.0,0.0,1,56920.0,59720.0,1,58700.0,0.0,0.0,0.0,0.0,0.0,2
2023-05-11 00:00:55,bc2403,bc2403,58700.0,0.0,0.0,0.0,1,56920.0,59720.0,1,58700.0,0.0,0.0,0.0,0.0,0.0,2
2023-05-11 00:00:57,bc2403,bc2403,58700.0,0.0,0.0,0.0,1,56920.0,59710.0,1,58700.0,0.0,0.0,0.0,0.0,0.0,2
2023-05-11 00:00:58,bc2403,bc2403,58700.0,0.0,0.0,0.0,1,56920.0,59690.0,1,58700.0,0.0,0.0,0.0,0.0,0.0,2
2023-05-11 00:01:35,bc2403,bc2403,58700.0,0.0,0.0,0.0,1,56920.0,59690.0,1,58700.0,0.0,0.0,0.0,0.0,0.0,2
2023-05-11 00:01:38,bc2403,bc2403,58700.0,0.0,0.0,0.0,1,56920.0,59680.0,1,58700.0,0.0,0.0,0.0,0.0,0.0,2
2023-05-11 00:01:39,bc2403,bc2403,58700.0,0.0,0.0,0.0,1,56920.0,59660.0,1,58700.0,0.0,0.0,0.0,0.0,0.0,2
2023-05-11 00:02:16,bc2403,bc2403,58700.0,0.0,0.0,0.0,1,56920.0,59660.0,1,58700.0,0.0,0.0,0.0,0.0,0.0,2
2023-05-11 00:02:19,bc2403,bc2403,58700.0,0.0,0.0,0.0,1,56920.0,59650.0,1,58700.0,0.0,0.0,0.0,0.0,0.0,2
2023-05-11 00:02:20,bc2403,bc2403,58700.0,0.0,0.0,0.0,1,56920.0,59630.0,1,58700.0,0.0,0.0,0.0,0.0,0.0,2
2023-05-11 00:02:57,bc2403,bc2403,58700.0,0.0,0.0,0.0,1,56920.0,59630.0,1,58700.0,0.0,0.0,0.0,0.0,0.0,2
2023-05-11 00:03:00,bc2403,bc2403,58700.0,0.0,0.0,0.0,1,56920.0,59620.0,1,58700.0,0.0,0.0,0.0,0.0,0.0,2
2023-05-11 00:03:01,bc2403,bc2403,58700.0,0.0,0.0,0.0,1,56920.0,59600.0,1,58700.0,0.0,0.0,0.0,0.0,0.0,2
2023-05-11 00:03:38,bc2403,bc2403,58700.0,0.0,0.0,0.0,1,56920.0,59600.0,1,58700.0,0.0,0.0,0.0,0.0,0.0,2
2023-05-11 00:03:41,bc2403,bc2403,58700.0,0.0,0.0,0.0,1,56920.0,59590.0,1,58700.0,0.0,0.0,0.0,0.0,0.0,2
2023-05-11 00:03:42,bc2403,bc2403,58700.0,0.0,0.0,0.0,1,56920.0,59570.0,1,58700.0,0.0,0.0,0.0,0.0,0.0,2
2023-05-11 00:04:19,bc2403,bc2403,58700.0,0.0,0.0,0.0,1,56920.0,59570.0,1,58700.0,0.0,0.0,0.0,0.0,0.0,2
2023-05-11 00:04:22,bc2403,bc2403,58700.0,0.0,0.0,0.0,1,56920.0,59560.0,1,58700.0,0.0,0.0,0.0,0.0,0.0,2
2023-05-11 00:04:23,bc2403,bc2403,58700.0,0.0,0.0,0.0,1,56920.0,59540.0,1,58700.0,0.0,0.0,0.0,0.0,0.0,2
2023-05-11 00:05:00,bc2403,bc2403,58700.0,0.0,0.0,0.0,1,56920.0,59540.0,1,58700.0,0.0,0.0,0.0,0.0,0.0,2
2023-05-11 00:05:03,bc2403,bc2403,58700.0,0.0,0.0,0.0,1,56920.0,59530.0,1,58700.0,0.0,0.0,0.0,0.0,0.0,2
2023-05-11 00:05:04,bc2403,bc2403,58700.0,0.0,0.0,0.0,1,56920.0,59510.0,1,58700.0,0.0,0.0,0.0,0.0,0.0,2
2023-05-11 00:05:41,bc2403,bc2403,58700.0,0.0,0.0,0.0,1,56920.0,59510.0,1,58700.0,0.0,0.0,0.0,0.0,0.0,2
2023-05-11 00:05:46,bc2403,bc2403,58700.0,0.0,0.0,0.0,1,56920.0,59500.0,1,58700.0,0.0,0.0,0.0,0.0,0.0,2
2023-05-11 00:05:47,bc2403,bc2403,58700.0,0.0,0.0,0.0,1,56920.0,59480.0,1,58700.0,0.0,0.0,0.0,0.0,0.0,2
2023-05-11 00:06:24,bc2403,bc2403,58700.0,0.0,0.0,0.0,1,56920.0,59480.0,1,58700.0,0.0,0.0,0.0,0.0,0.0,2
2023-05-11 00:06:28,bc2403,bc2403,58700.0,0.0,0.0,0.0,1,56920.0,59470.0,1,58700.0,0.0,0.0,0.0,0.0,0.0,2
2023-05-11 00:06:28,bc2403,bc2403,58700.0,0.0,0.0,0.0,1,56920.0,59450.0,1,58700.0,0.0,0.0,0.0,0.0,0.0,2
2023-05-11 00:07:06,bc2403,bc2403,58700.0,0.0,0.0,0.0,1,56920.0,59450.0,1,58700.0,0.0,0.0,0.0,0.0,0.0,2
2023-05-11 00:07:08,bc2403,bc2403,58700.0,0.0,0.0,0.0,1,56920.0,59440.0,1,58700.0,0.0,0.0,0.0,0.0,0.0,2
2023-05-11 00:07:09,bc2403,bc2403,58700.0,0.0,0.0,0.0,1,56920.0,59420.0,1,58700.0,0.0,0.0,0.0,0.0,0.0,2
2023-05-11 00:07:10,bc2403,bc2403,58700.0,0.0,0.0,0.0,1,56920.0,59420.0,1,58700.0,0.0,0.0,0.0,0.0,0.0,2
2023-05-11 00:07:49,bc2403,bc2403,58700.0,0.0,0.0,0.0,1,56920.0,59410.0,1,58700.0,0.0,0.0,0.0,0.0,0.0,2
2023-05-11 00:07:50,bc2403,bc2403,58700.0,0.0,0.0,0.0,1,56920.0,59390.0,1,58700.0,0.0,0.0,0.0,0.0,0.0,2
2023-05-11 00:07:51,bc2403,bc2403,58700.0,0.0,0.0,0.0,1,56920.0,59390.0,1,58700.0,0.0,0.0,0.0,0.0,0.0,2
2023-05-11 00:08:09,bc2403,bc2403,58700.0,0.0,0.0,0.0,1,56920.0,59390.0,1,58700.0,0.0,0.0,0.0,0.0,0.0,2
2023-05-11 00:08:10,bc2403,bc2403,58700.0,0.0,0.0,0.0,1,56920.0,59390.0,1,58700.0,0.0,0.0,0.0,0.0,0.0,2
2023-05-11 00:08:31,bc2403,bc2403,58700.0,0.0,0.0,0.0,1,56930.0,59390.0,1,58700.0,0.0,0.0,0.0,0.0,0.0,2
2023-05-11 00:09:39,bc2403,bc2403,58700.0,0.0,0.0,0.0,1,56920.0,59390.0,1,58700.0,0.0,0.0,0.0,0.0,0.0,2
2023-05-11 00:09:54,bc2403,bc2403,58700.0,0.0,0.0,0.0,1,56920.0,59380.0,1,58700.0,0.0,0.0,0.0,0.0,0.0,2
2023-05-11 00:09:54,bc2403,bc2403,58700.0,0.0,0.0,0.0,1,56920.0,59360.0,1,58700.0,0.0,0.0,0.0,0.0,0.0,2
2023-05-11 00:10:32,bc2403,bc2403,58700.0,0.0,0.0,0.0,1,56920.0,59360.0,1,58700.0,0.0,0.0,0.0,0.0,0.0,2
2023-05-11 00:10:36,bc2403,bc2403,58700.0,0.0,0.0,0.0,1,56930.0,59360.0,1,58700.0,0.0,0.0,0.0,0.0,0.0,2
2023-05-11 00:14:55,bc2403,bc2403,58700.0,0.0,0.0,0.0,1,56930.0,59750.0,1,58700.0,0.0,0.0,0.0,0.0,0.0,2
2023-05-11 00:14:56,bc2403,bc2403,58700.0,0.0,0.0,0.0,1,56930.0,59730.0,1,58700.0,0.0,0.0,0.0,0.0,0.0,2
2023-05-11 00:14:57,bc2403,bc2403,58700.0,0.0,0.0,0.0,1,56920.0,59730.0,1,58700.0,0.0,0.0,0.0,0.0,0.0,2
2023-05-11 00:15:36,bc2403,bc2403,58700.0,0.0,0.0,0.0,1,56920.0,59720.0,1,58700.0,0.0,0.0,0.0,0.0,0.0,2
2023-05-11 00:15:36,bc2403,bc2403,58700.0,0.0,0.0,0.0,1,56920.0,59700.0,1,58700.0,0.0,0.0,0.0,0.0,0.0,2
2023-05-11 00:16:14,bc2403,bc2403,58700.0,0.0,0.0,0.0,1,56920.0,59700.0,1,58700.0,0.0,0.0,0.0,0.0,0.0,2
2023-05-11 00:16:17,bc2403,bc2403,58700.0,0.0,0.0,0.0,1,56920.0,59690.0,1,58700.0,0.0,0.0,0.0,0.0,0.0,2
2023-05-11 00:16:17,bc2403,bc2403,58700.0,0.0,0.0,0.0,1,56920.0,59670.0,1,58700.0,0.0,0.0,0.0,0.0,0.0,2
2023-05-11 00:16:55,bc2403,bc2403,58700.0,0.0,0.0,0.0,1,56920.0,59670.0,1,58700.0,0.0,0.0,0.0,0.0,0.0,2
2023-05-11 00:16:57,bc2403,bc2403,58700.0,0.0,0.0,0.0,1,56920.0,59660.0,1,58700.0,0.0,0.0,0.0,0.0,0.0,2
2023-05-11 00:16:58,bc2403,bc2403,58700.0,0.0,0.0,0.0,1,56920.0,59640.0,1,58700.0,0.0,0.0,0.0,0.0,0.0,2
2023-05-11 00:17:35,bc2403,bc2403,58700.0,0.0,0.0,0.0,1,56920.0,59640.0,1,58700.0,0.0,0.0,0.0,0.0,0.0,2
2023-05-11 00:17:38,bc2403,bc2403,58700.0,0.0,0.0,0.0,1,56920.0,59630.0,1,58700.0,0.0,0.0,0.0,0.0,0.0,2
2023-05-11 00:17:39,bc2403,bc2403,58700.0,0.0,0.0,0.0,1,56920.0,59610.0,1,58700.0,0.0,0.0,0.0,0.0,0.0,2
2023-05-11 00:18:16,bc2403,bc2403,58700.0,0.0,0.0,0.0,1,56920.0,59610.0,1,58700.0,0.0,0.0,0.0,0.0,0.0,2
2023-05-11 00:18:19,bc2403,bc2403,58700.0,0.0,0.0,0.0,1,56920.0,59600.0,1,58700.0,0.0,0.0,0.0,0.0,0.0,2
2023-05-11 00:18:19,bc2403,bc2403,58700.0,0.0,0.0,0.0,1,56920.0,59580.0,1,58700.0,0.0,0.0,0.0,0.0,0.0,2
2023-05-11 00:18:57,bc2403,bc2403,58700.0,0.0,0.0,0.0,1,56920.0,59580.0,1,58700.0,0.0,0.0,0.0,0.0,0.0,2
2023-05-11 00:19:00,bc2403,bc2403,58700.0,0.0,0.0,0.0,1,56920.0,59570.0,1,58700.0,0.0,0.0,0.0,0.0,0.0,2
2023-05-11 00:19:01,bc2403,bc2403,58700.0,0.0,0.0,0.0,1,56920.0,59550.0,1,58700.0,0.0,0.0,0.0,0.0,0.0,2
2023-05-11 00:19:38,bc2403,bc2403,58700.0,0.0,0.0,0.0,1,56920.0,59550.0,1,58700.0,0.0,0.0,0.0,0.0,0.0,2
2023-05-11 00:19:41,bc2403,bc2403,58700.0,0.0,0.0,0.0,1,56930.0,59550.0,1,58700.0,0.0,0.0,0.0,0.0,0.0,2
2023-05-11 00:24:02,bc2403,bc2403,58700.0,0.0,0.0,0.0,1,56930.0,59750.0,1,58700.0,0.0,0.0,0.0,0.0,0.0,2
2023-05-11 00:24:02,bc2403,bc2403,58700.0,0.0,0.0,0.0,1,56930.0,59730.0,1,58700.0,0.0,0.0,0.0,0.0,0.0,2
2023-05-11 00:24:03,bc2403,bc2403,58700.0,0.0,0.0,0.0,1,56920.0,59730.0,1,58700.0,0.0,0.0,0.0,0.0,0.0,2
2023-05-11 00:24:07,bc2403,bc2403,58700.0,0.0,0.0,0.0,1,56920.0,59720.0,1,58700.0,0.0,0.0,0.0,0.0,0.0,2
2023-05-11 00:24:08,bc2403,bc2403,58700.0,0.0,0.0,0.0,1,56920.0,59700.0,1,58700.0,0.0,0.0,0.0,0.0,0.0,2
2023-05-11 00:24:45,bc2403,bc2403,58700.0,0.0,0.0,0.0,1,56920.0,59700.0,1,58700.0,0.0,0.0,0.0,0.0,0.0,2
2023-05-11 00:24:49,bc2403,bc2403,58700.0,0.0,0.0,0.0,1,56920.0,59690.0,1,58700.0,0.0,0.0,0.0,0.0,0.0,2
2023-05-11 00:24:49,bc2403,bc2403,58700.0,0.0,0.0,0.0,1,56920.0,59670.0,1,58700.0,0.0,0.0,0.0,0.0,0.0,2
2023-05-11 00:25:12,bc2403,bc2403,58700.0,0.0,0.0,0.0,1,56920.0,59670.0,1,58700.0,0.0,0.0,0.0,0.0,0.0,2
2023-05-11 00:25:30,bc2403,bc2403,58700.0,0.0,0.0,0.0,1,56930.0,59670.0,1,58700.0,0.0,0.0,0.0,0.0,0.0,2
2023-05-11 00:29:58,bc2403,bc2403,58700.0,0.0,0.0,0.0,1,56930.0,59750.0,1,58700.0,0.0,0.0,0.0,0.0,0.0,2
2023-05-11 00:30:02,bc2403,bc2403,58700.0,0.0,0.0,0.0,1,56930.0,59730.0,1,58700.0,0.0,0.0,0.0,0.0,0.0,2
2023-05-11 00:30:30,bc2403,bc2403,58700.0,0.0,0.0,0.0,1,56920.0,59730.0,1,58700.0,0.0,0.0,0.0,0.0,0.0,2
2023-05-11 00:31:00,bc2403,bc2403,58700.0,0.0,0.0,0.0,1,56930.0,59730.0,1,58700.0,0.0,0.0,0.0,0.0,0.0,2
2023-05-11 00:35:08,bc2403,bc2403,58700.0,0.0,0.0,0.0,1,56930.0,59750.0,1,58700.0,0.0,0.0,0.0,0.0,0.0,2
2023-05-11 00:35:08,bc2403,bc2403,58700.0,0.0,0.0,0.0,1,56930.0,59730.0,1,58700.0,0.0,0.0,0.0,0.0,0.0,2
2023-05-11 00:36:00,bc2403,bc2403,58700.0,0.0,0.0,0.0,1,56920.0,59730.0,1,58700.0,0.0,0.0,0.0,0.0,0.0,2
2023-05-11 00:36:28,bc2403,bc2403,58700.0,0.0,0.0,0.0,1,56930.0,59730.0,1,58700.0,0.0,0.0,0.0,0.0,0.0,2
2023-05-11 00:38:19,bc2403,bc2403,58700.0,0.0,0.0,0.0,1,56920.0,59730.0,1,58700.0,0.0,0.0,0.0,0.0,0.0,2
2023-05-11 00:38:32,bc2403,bc2403,58700.0,0.0,0.0,0.0,1,56920.0,59720.0,1,58700.0,0.0,0.0,0.0,0.0,0.0,2
2023-05-11 00:38:32,bc2403,bc2403,58700.0,0.0,0.0,0.0,1,56920.0,59700.0,1,58700.0,0.0,0.0,0.0,0.0,0.0,2
2023-05-11 00:38:33,bc2403,bc2403,58700.0,0.0,0.0,0.0,1,56920.0,59700.0,1,58700.0,0.0,0.0,0.0,0.0,0.0,2
2023-05-11 00:39:13,bc2403,bc2403,58700.0,0.0,0.0,0.0,1,56930.0,59700.0,1,58700.0,0.0,0.0,0.0,0.0,0.0,2
2023-05-11 00:40:27,bc2403,bc2403,58700.0,0.0,0.0,0.0,1,56920.0,59700.0,1,58700.0,0.0,0.0,0.0,0.0,0.0,2
2023-05-11 00:40:36,bc2403,bc2403,58700.0,0.0,0.0,0.0,1,56920.0,59690.0,1,58700.0,0.0,0.0,0.0,0.0,0.0,2
2023-05-11 00:40:36,bc2403,bc2403,58700.0,0.0,0.0,0.0,1,56920.0,59670.0,1,58700.0,0.0,0.0,0.0,0.0,0.0,2
2023-05-11 00:40:40,bc2403,bc2403,58700.0,0.0,0.0,0.0,1,56920.0,59670.0,1,58700.0,0.0,0.0,0.0,0.0,0.0,2
2023-05-11 00:41:17,bc2403,bc2403,58700.0,0.0,0.0,0.0,1,56930.0,59670.0,1,58700.0,0.0,0.0,0.0,0.0,0.0,2
2023-05-11 00:45:41,bc2403,bc2403,58700.0,0.0,0.0,0.0,1,56930.0,59750.0,1,58700.0,0.0,0.0,0.0,0.0,0.0,2
2023-05-11 00:45:41,bc2403,bc2403,58700.0,0.0,0.0,0.0,1,56930.0,59730.0,1,58700.0,0.0,0.0,0.0,0.0,0.0,2
2023-05-11 00:45:42,bc2403,bc2403,58700.0,0.0,0.0,0.0,1,56920.0,59730.0,1,58700.0,0.0,0.0,0.0,0.0,0.0,2
2023-05-11 00:46:03,bc2403,bc2403,58700.0,0.0,0.0,0.0,1,56920.0,59720.0,1,58700.0,0.0,0.0,0.0,0.0,0.0,2
2023-05-11 00:46:04,bc2403,bc2403,58700.0,0.0,0.0,0.0,1,56920.0,59700.0,1,58700.0,0.0,0.0,0.0,0.0,0.0,2
2023-05-11 00:46:42,bc2403,bc2403,58700.0,0.0,0.0,0.0,1,56920.0,59700.0,1,58700.0,0.0,0.0,0.0,0.0,0.0,2
2023-05-11 00:46:44,bc2403,bc2403,58700.0,0.0,0.0,0.0,1,56920.0,59690.0,1,58700.0,0.0,0.0,0.0,0.0,0.0,2
2023-05-11 00:46:45,bc2403,bc2403,58700.0,0.0,0.0,0.0,1,56920.0,59670.0,1,58700.0,0.0,0.0,0.0,0.0,0.0,2
2023-05-11 00:47:23,bc2403,bc2403,58700.0,0.0,0.0,0.0,1,56920.0,59670.0,1,58700.0,0.0,0.0,0.0,0.0,0.0,2
2023-05-11 00:47:26,bc2403,bc2403,58700.0,0.0,0.0,0.0,1,56920.0,59660.0,1,58700.0,0.0,0.0,0.0,0.0,0.0,2
2023-05-11 00:47:26,bc2403,bc2403,58700.0,0.0,0.0,0.0,1,56920.0,59640.0,1,58700.0,0.0,0.0,0.0,0.0,0.0,2
2023-05-11 00:47:28,bc2403,bc2403,58700.0,0.0,0.0,0.0,1,56920.0,59640.0,1,58700.0,0.0,0.0,0.0,0.0,0.0,2
2023-05-11 00:48:07,bc2403,bc2403,58700.0,0.0,0.0,0.0,1,56930.0,59640.0,1,58700.0,0.0,0.0,0.0,0.0,0.0,2
2023-05-11 00:48:25,bc2403,bc2403,58700.0,0.0,0.0,0.0,1,56920.0,59640.0,1,58700.0,0.0,0.0,0.0,0.0,0.0,2
2023-05-11 00:48:49,bc2403,bc2403,58700.0,0.0,0.0,0.0,1,56920.0,59630.0,1,58700.0,0.0,0.0,0.0,0.0,0.0,2
2023-05-11 00:48:50,bc2403,bc2403,58700.0,0.0,0.0,0.0,1,56920.0,59610.0,1,58700.0,0.0,0.0,0.0,0.0,0.0,2
2023-05-11 00:49:27,bc2403,bc2403,58700.0,0.0,0.0,0.0,1,56920.0,59610.0,1,58700.0,0.0,0.0,0.0,0.0,0.0,2
2023-05-11 00:49:30,bc2403,bc2403,58700.0,0.0,0.0,0.0,1,56920.0,59600.0,1,58700.0,0.0,0.0,0.0,0.0,0.0,2
2023-05-11 00:49:31,bc2403,bc2403,58700.0,0.0,0.0,0.0,1,56920.0,59580.0,1,58700.0,0.0,0.0,0.0,0.0,0.0,2
2023-05-11 00:50:04,bc2403,bc2403,58700.0,0.0,0.0,0.0,1,56920.0,59580.0,1,58700.0,0.0,0.0,0.0,0.0,0.0,2
2023-05-11 00:50:11,bc2403,bc2403,58700.0,0.0,0.0,0.0,1,56930.0,59580.0,1,58700.0,0.0,0.0,0.0,0.0,0.0,2
2023-05-11 00:53:25,bc2403,bc2403,58700.0,0.0,0.0,0.0,1,56920.0,59580.0,1,58700.0,0.0,0.0,0.0,0.0,0.0,2
2023-05-11 00:53:36,bc2403,bc2403,58700.0,0.0,0.0,0.0,1,56920.0,59570.0,1,58700.0,0.0,0.0,0.0,0.0,0.0,2
2023-05-11 00:53:36,bc2403,bc2403,58700.0,0.0,0.0,0.0,1,56920.0,59550.0,1,58700.0,0.0,0.0,0.0,0.0,0.0,2
2023-05-11 00:54:02,bc2403,bc2403,58700.0,0.0,0.0,0.0,1,56920.0,59550.0,1,58700.0,0.0,0.0,0.0,0.0,0.0,2
2023-05-11 00:54:19,bc2403,bc2403,58700.0,0.0,0.0,0.0,1,56930.0,59550.0,1,58700.0,0.0,0.0,0.0,0.0,0.0,2
2023-05-11 00:58:44,bc2403,bc2403,58700.0,0.0,0.0,0.0,1,56930.0,59750.0,1,58700.0,0.0,0.0,0.0,0.0,0.0,2
2023-05-11 00:58:45,bc2403,bc2403,58700.0,0.0,0.0,0.0,1,56920.0,59750.0,1,58700.0,0.0,0.0,0.0,0.0,0.0,2
2023-05-11 00:58:46,bc2403,bc2403,58700.0,0.0,0.0,0.0,1,56920.0,59730.0,1,58700.0,0.0,0.0,0.0,0.0,0.0,2
2023-05-11 00:59:09,bc2403,bc2403,58700.0,0.0,0.0,0.0,1,56920.0,59720.0,1,58700.0,0.0,0.0,0.0,0.0,0.0,2
2023-05-11 00:59:10,bc2403,bc2403,58700.0,0.0,0.0,0.0,1,56920.0,59700.0,1,58700.0,0.0,0.0,0.0,0.0,0.0,2
2023-05-11 00:59:37,bc2403,bc2403,58700.0,0.0,0.0,0.0,1,56920.0,59700.0,1,58700.0,0.0,0.0,0.0,0.0,0.0,2
2023-05-11 00:59:53,bc2403,bc2403,58700.0,0.0,0.0,0.0,1,56920.0,59700.0,1,58700.0,0.0,0.0,0.0,0.0,0.0,2
2023-05-11 00:59:53,bc2403,bc2403,58700.0,0.0,0.0,0.0,1,56920.0,59700.0,1,58700.0,0.0,0.0,0.0,0.0,0.0,2
2023-05-11 00:59:56,bc2403,bc2403,58700.0,0.0,0.0,0.0,1,55700.0,59700.0,1,58700.0,0.0,0.0,0.0,0.0,0.0,2
2023-05-11 00:59:57,bc2403,bc2403,58700.0,0.0,0.0,0.0,0,0.0,59700.0,1,58700.0,0.0,0.0,0.0,0.0,0.0,2
2023-05-11 00:59:57,bc2403,bc2403,58700.0,0.0,0.0,0.0,0,0.0,0.0,0,58700.0,0.0,0.0,0.0,0.0,0.0,2
2023-05-11 09:00:01,bc2403,bc2403,58700.0,0.0,0.0,0.0,1,54610.0,62780.0,1,58700.0,0.0,0.0,0.0,0.0,0.0,2
2023-05-11 09:00:01,bc2403,bc2403,58700.0,0.0,0.0,0.0,1,54610.0,62770.0,1,58700.0,0.0,0.0,0.0,0.0,0.0,2
2023-05-11 09:00:02,bc2403,bc2403,58700.0,0.0,0.0,0.0,1,54610.0,62770.0,1,58700.0,0.0,0.0,0.0,0.0,0.0,2
2023-05-11 09:00:03,bc2403,bc2403,58700.0,0.0,0.0,0.0,1,54610.0,62750.0,1,58700.0,0.0,0.0,0.0,0.0,0.0,2
2023-05-11 09:00:08,bc2403,bc2403,58700.0,0.0,0.0,0.0,1,54610.0,62740.0,1,58700.0,0.0,0.0,0.0,0.0,0.0,2
2023-05-11 09:00:08,bc2403,bc2403,58700.0,0.0,0.0,0.0,1,56690.0,59980.0,1,58700.0,0.0,0.0,0.0,0.0,0.0,2
2023-05-11 09:00:09,bc2403,bc2403,58700.0,0.0,0.0,0.0,1,56690.0,59960.0,1,58700.0,0.0,0.0,0.0,0.0,0.0,2
2023-05-11 09:00:12,bc2403,bc2403,58700.0,0.0,0.0,0.0,1,56690.0,59960.0,1,58700.0,0.0,0.0,0.0,0.0,0.0,2
2023-05-11 09:00:14,bc2403,bc2403,58700.0,0.0,0.0,0.0,1,56690.0,59950.0,1,58700.0,0.0,0.0,0.0,0.0,0.0,2
2023-05-11 09:00:14,bc2403,bc2403,58700.0,0.0,0.0,0.0,1,56690.0,59930.0,1,58700.0,0.0,0.0,0.0,0.0,0.0,2
2023-05-11 09:00:15,bc2403,bc2403,58700.0,0.0,0.0,0.0,1,56700.0,59930.0,1,58700.0,0.0,0.0,0.0,0.0,0.0,2
2023-05-11 09:00:17,bc2403,bc2403,58700.0,0.0,0.0,0.0,1,56940.0,59740.0,1,58700.0,0.0,0.0,0.0,0.0,0.0,2
2023-05-11 09:00:17,bc2403,bc2403,58700.0,0.0,0.0,0.0,1,56940.0,59720.0,1,58700.0,0.0,0.0,0.0,0.0,0.0,2
2023-05-11 09:00:24,bc2403,bc2403,58700.0,0.0,0.0,0.0,1,56940.0,59720.0,1,58700.0,0.0,0.0,0.0,0.0,0.0,2
2023-05-11 09:00:24,bc2403,bc2403,58700.0,0.0,0.0,0.0,1,56940.0,59720.0,1,58700.0,0.0,0.0,0.0,0.0,0.0,2
2023-05-11 09:00:25,bc2403,bc2403,58700.0,0.0,0.0,0.0,1,56940.0,59720.0,1,58700.0,0.0,0.0,0.0,0.0,0.0,2
2023-05-11 09:00:25,bc2403,bc2403,58700.0,0.0,0.0,0.0,1,56940.0,59720.0,1,58700.0,0.0,0.0,0.0,0.0,0.0,2
2023-05-11 09:00:26,bc2403,bc2403,58700.0,0.0,0.0,0.0,1,56940.0,59720.0,1,58700.0,0.0,0.0,0.0,0.0,0.0,2
2023-05-11 09:00:27,bc2403,bc2403,58700.0,0.0,0.0,0.0,1,56940.0,59710.0,1,58700.0,0.0,0.0,0.0,0.0,0.0,2
2023-05-11 09:00:28,bc2403,bc2403,58700.0,0.0,0.0,0.0,1,56940.0,59690.0,1,58700.0,0.0,0.0,0.0,0.0,0.0,2
2023-05-11 09:00:33,bc2403,bc2403,58700.0,0.0,0.0,0.0,1,56940.0,59690.0,1,58700.0,0.0,0.0,0.0,0.0,0.0,2
2023-05-11 09:00:33,bc2403,bc2403,58700.0,0.0,0.0,0.0,1,56940.0,59690.0,1,58700.0,0.0,0.0,0.0,0.0,0.0,2
2023-05-11 09:00:39,bc2403,bc2403,58700.0,0.0,0.0,0.0,1,56940.0,59680.0,1,58700.0,0.0,0.0,0.0,0.0,0.0,2
2023-05-11 09:00:39,bc2403,bc2403,58700.0,0.0,0.0,0.0,1,56940.0,59660.0,1,58700.0,0.0,0.0,0.0,0.0,0.0,2
2023-05-11 09:00:43,bc2403,bc2403,58700.0,0.0,0.0,0.0,1,56940.0,59660.0,1,58700.0,0.0,0.0,0.0,0.0,0.0,2
2023-05-11 09:00:44,bc2403,bc2403,58700.0,0.0,0.0,0.0,1,56940.0,59660.0,1,58700.0,0.0,0.0,0.0,0.0,0.0,2
2023-05-11 09:00:47,bc2403,bc2403,58700.0,0.0,0.0,0.0,1,56940.0,59660.0,1,58700.0,0.0,0.0,0.0,0.0,0.0,2
2023-05-11 09:00:47,bc2403,bc2403,58700.0,0.0,0.0,0.0,1,56940.0,59660.0,1,58700.0,0.0,0.0,0.0,0.0,0.0,2
2023-05-11 09:00:50,bc2403,bc2403,58700.0,0.0,0.0,0.0,1,56940.0,59650.0,1,58700.0,0.0,0.0,0.0,0.0,0.0,2
2023-05-11 09:00:50,bc2403,bc2403,58700.0,0.0,0.0,0.0,1,56940.0,59630.0,1,58700.0,0.0,0.0,0.0,0.0,0.0,2
2023-05-11 09:00:54,bc2403,bc2403,58700.0,0.0,0.0,0.0,1,56940.0,59630.0,1,58700.0,0.0,0.0,0.0,0.0,0.0,2
2023-05-11 09:00:55,bc2403,bc2403,58700.0,0.0,0.0,0.0,1,56940.0,59630.0,1,58700.0,0.0,0.0,0.0,0.0,0.0,2
2023-05-11 09:00:56,bc2403,bc2403,58700.0,0.0,0.0,0.0,1,56940.0,59630.0,1,58700.0,0.0,0.0,0.0,0.0,0.0,2
2023-05-11 09:00:58,bc2403,bc2403,58700.0,0.0,0.0,0.0,1,56940.0,59630.0,1,58700.0,0.0,0.0,0.0,0.0,0.0,2
2023-05-11 09:00:58,bc2403,bc2403,58700.0,0.0,0.0,0.0,1,56950.0,59630.0,1,58700.0,0.0,0.0,0.0,0.0,0.0,2
2023-05-11 09:01:00,bc2403,bc2403,58700.0,0.0,0.0,0.0,1,56950.0,59620.0,1,58700.0,0.0,0.0,0.0,0.0,0.0,2
2023-05-11 09:01:00,bc2403,bc2403,58700.0,0.0,0.0,0.0,1,56950.0,59600.0,1,58700.0,0.0,0.0,0.0,0.0,0.0,2
2023-05-11 09:01:03,bc2403,bc2403,58700.0,0.0,0.0,0.0,1,56950.0,59600.0,1,58700.0,0.0,0.0,0.0,0.0,0.0,2
2023-05-11 09:01:04,bc2403,bc2403,58700.0,0.0,0.0,0.0,1,56950.0,59600.0,1,58700.0,0.0,0.0,0.0,0.0,0.0,2
2023-05-11 09:01:06,bc2403,bc2403,58700.0,0.0,0.0,0.0,1,56950.0,59600.0,1,58700.0,0.0,0.0,0.0,0.0,0.0,2
2023-05-11 09:01:06,bc2403,bc2403,58700.0,0.0,0.0,0.0,1,56950.0,59600.0,1,58700.0,0.0,0.0,0.0,0.0,0.0,2
2023-05-11 09:01:11,bc2403,bc2403,58700.0,0.0,0.0,0.0,1,56950.0,59590.0,1,58700.0,0.0,0.0,0.0,0.0,0.0,2
2023-05-11 09:01:12,bc2403,bc2403,58700.0,0.0,0.0,0.0,1,56950.0,59570.0,1,58700.0,0.0,0.0,0.0,0.0,0.0,2
2023-05-11 09:01:14,bc2403,bc2403,58700.0,0.0,0.0,0.0,1,56950.0,59570.0,1,58700.0,0.0,0.0,0.0,0.0,0.0,2
2023-05-11 09:01:15,bc2403,bc2403,58700.0,0.0,0.0,0.0,1,56950.0,59570.0,1,58700.0,0.0,0.0,0.0,0.0,0.0,2
2023-05-11 09:01:16,bc2403,bc2403,58700.0,0.0,0.0,0.0,1,56950.0,59570.0,1,58700.0,0.0,0.0,0.0,0.0,0.0,2
2023-05-11 09:01:17,bc2403,bc2403,58700.0,0.0,0.0,0.0,1,56950.0,59570.0,1,58700.0,0.0,0.0,0.0,0.0,0.0,2
2023-05-11 09:01:18,bc2403,bc2403,58700.0,0.0,0.0,0.0,1,56950.0,59570.0,1,58700.0,0.0,0.0,0.0,0.0,0.0,2
2023-05-11 09:01:19,bc2403,bc2403,58700.0,0.0,0.0,0.0,1,56950.0,59570.0,1,58700.0,0.0,0.0,0.0,0.0,0.0,2
2023-05-11 09:01:21,bc2403,bc2403,58700.0,0.0,0.0,0.0,1,56950.0,59570.0,1,58700.0,0.0,0.0,0.0,0.0,0.0,2
2023-05-11 09:01:22,bc2403,bc2403,58700.0,0.0,0.0,0.0,1,56950.0,59570.0,1,58700.0,0.0,0.0,0.0,0.0,0.0,2
2023-05-11 09:01:24,bc2403,bc2403,58700.0,0.0,0.0,0.0,1,56950.0,59570.0,1,58700.0,0.0,0.0,0.0,0.0,0.0,2
2023-05-11 09:01:25,bc2403,bc2403,58700.0,0.0,0.0,0.0,1,56950.0,59560.0,1,58700.0,0.0,0.0,0.0,0.0,0.0,2
2023-05-11 09:01:25,bc2403,bc2403,58700.0,0.0,0.0,0.0,1,56950.0,59540.0,1,58700.0,0.0,0.0,0.0,0.0,0.0,2
2023-05-11 09:01:28,bc2403,bc2403,58700.0,0.0,0.0,0.0,1,56950.0,59540.0,1,58700.0,0.0,0.0,0.0,0.0,0.0,2
2023-05-11 09:01:29,bc2403,bc2403,58700.0,0.0,0.0,0.0,1,56950.0,59540.0,1,58700.0,0.0,0.0,0.0,0.0,0.0,2
2023-05-11 09:01:31,bc2403,bc2403,58700.0,0.0,0.0,0.0,1,56950.0,59540.0,1,58700.0,0.0,0.0,0.0,0.0,0.0,2
2023-05-11 09:01:32,bc2403,bc2403,58700.0,0.0,0.0,0.0,1,56950.0,59540.0,1,58700.0,0.0,0.0,0.0,0.0,0.0,2
2023-05-11 09:01:37,bc2403,bc2403,58700.0,0.0,0.0,0.0,1,56950.0,59540.0,1,58700.0,0.0,0.0,0.0,0.0,0.0,2
2023-05-11 09:01:38,bc2403,bc2403,58700.0,0.0,0.0,0.0,1,56950.0,59540.0,1,58700.0,0.0,0.0,0.0,0.0,0.0,2
2023-05-11 09:01:38,bc2403,bc2403,58700.0,0.0,0.0,0.0,1,56950.0,59540.0,1,58700.0,0.0,0.0,0.0,0.0,0.0,2
2023-05-11 09:01:39,bc2403,bc2403,58700.0,0.0,0.0,0.0,1,56950.0,59530.0,1,58700.0,0.0,0.0,0.0,0.0,0.0,2
2023-05-11 09:01:39,bc2403,bc2403,58700.0,0.0,0.0,0.0,1,56950.0,59510.0,1,58700.0,0.0,0.0,0.0,0.0,0.0,2
2023-05-11 09:01:40,bc2403,bc2403,58700.0,0.0,0.0,0.0,1,56950.0,59510.0,1,58700.0,0.0,0.0,0.0,0.0,0.0,2
2023-05-11 09:01:41,bc2403,bc2403,58700.0,0.0,0.0,0.0,1,56950.0,59510.0,1,58700.0,0.0,0.0,0.0,0.0,0.0,2
2023-05-11 09:01:42,bc2403,bc2403,58700.0,0.0,0.0,0.0,1,56950.0,59510.0,1,58700.0,0.0,0.0,0.0,0.0,0.0,2
2023-05-11 09:01:43,bc2403,bc2403,58700.0,0.0,0.0,0.0,1,56950.0,59510.0,1,58700.0,0.0,0.0,0.0,0.0,0.0,2
2023-05-11 09:01:44,bc2403,bc2403,58700.0,0.0,0.0,0.0,1,56950.0,59510.0,1,58700.0,0.0,0.0,0.0,0.0,0.0,2
2023-05-11 09:01:45,bc2403,bc2403,58700.0,0.0,0.0,0.0,1,56950.0,59510.0,1,58700.0,0.0,0.0,0.0,0.0,0.0,2
2023-05-11 09:01:46,bc2403,bc2403,58700.0,0.0,0.0,0.0,1,56950.0,59510.0,1,58700.0,0.0,0.0,0.0,0.0,0.0,2
2023-05-11 09:01:47,bc2403,bc2403,58700.0,0.0,0.0,0.0,1,56950.0,59510.0,1,58700.0,0.0,0.0,0.0,0.0,0.0,2
2023-05-11 09:01:50,bc2403,bc2403,58700.0,0.0,0.0,0.0,1,56950.0,59510.0,1,58700.0,0.0,0.0,0.0,0.0,0.0,2
2023-05-11 09:01:51,bc2403,bc2403,58700.0,0.0,0.0,0.0,1,56950.0,59510.0,1,58700.0,0.0,0.0,0.0,0.0,0.0,2
2023-05-11 09:01:51,bc2403,bc2403,58700.0,0.0,0.0,0.0,1,56950.0,59510.0,1,58700.0,0.0,0.0,0.0,0.0,0.0,2
2023-05-11 09:01:52,bc2403,bc2403,58700.0,0.0,0.0,0.0,1,56950.0,59510.0,1,58700.0,0.0,0.0,0.0,0.0,0.0,2
2023-05-11 09:01:53,bc2403,bc2403,58700.0,0.0,0.0,0.0,1,56950.0,59500.0,1,58700.0,0.0,0.0,0.0,0.0,0.0,2
2023-05-11 09:01:53,bc2403,bc2403,58700.0,0.0,0.0,0.0,1,56950.0,59480.0,1,58700.0,0.0,0.0,0.0,0.0,0.0,2
2023-05-11 09:01:55,bc2403,bc2403,58700.0,0.0,0.0,0.0,1,56950.0,59480.0,1,58700.0,0.0,0.0,0.0,0.0,0.0,2
2023-05-11 09:01:56,bc2403,bc2403,58700.0,0.0,0.0,0.0,1,56950.0,59480.0,1,58700.0,0.0,0.0,0.0,0.0,0.0,2
2023-05-11 09:02:04,bc2403,bc2403,58700.0,0.0,0.0,0.0,1,56950.0,59480.0,1,58700.0,0.0,0.0,0.0,0.0,0.0,2
2023-05-11 09:02:04,bc2403,bc2403,58700.0,0.0,0.0,0.0,1,56950.0,59480.0,1,58700.0,0.0,0.0,0.0,0.0,0.0,2
2023-05-11 09:02:05,bc2403,bc2403,58700.0,0.0,0.0,0.0,1,56950.0,59480.0,1,58700.0,0.0,0.0,0.0,0.0,0.0,2
2023-05-11 09:02:05,bc2403,bc2403,58700.0,0.0,0.0,0.0,1,56950.0,59480.0,1,58700.0,0.0,0.0,0.0,0.0,0.0,2
2023-05-11 09:02:08,bc2403,bc2403,58700.0,0.0,0.0,0.0,1,56950.0,59480.0,1,58700.0,0.0,0.0,0.0,0.0,0.0,2
2023-05-11 09:02:08,bc2403,bc2403,58700.0,0.0,0.0,0.0,1,56950.0,59470.0,1,58700.0,0.0,0.0,0.0,0.0,0.0,2
2023-05-11 09:02:09,bc2403,bc2403,58700.0,0.0,0.0,0.0,1,56950.0,59450.0,1,58700.0,0.0,0.0,0.0,0.0,0.0,2
2023-05-11 09:02:18,bc2403,bc2403,58700.0,0.0,0.0,0.0,1,56950.0,59450.0,1,58700.0,0.0,0.0,0.0,0.0,0.0,2
2023-05-11 09:02:19,bc2403,bc2403,58700.0,0.0,0.0,0.0,1,56950.0,59450.0,1,58700.0,0.0,0.0,0.0,0.0,0.0,2
2023-05-11 09:02:20,bc2403,bc2403,58700.0,0.0,0.0,0.0,1,56950.0,59450.0,1,58700.0,0.0,0.0,0.0,0.0,0.0,2
2023-05-11 09:02:21,bc2403,bc2403,58700.0,0.0,0.0,0.0,1,56950.0,59450.0,1,58700.0,0.0,0.0,0.0,0.0,0.0,2
2023-05-11 09:02:24,bc2403,bc2403,58700.0,0.0,0.0,0.0,1,56950.0,59450.0,1,58700.0,0.0,0.0,0.0,0.0,0.0,2
2023-05-11 09:02:24,bc2403,bc2403,58700.0,0.0,0.0,0.0,1,56950.0,59440.0,1,58700.0,0.0,0.0,0.0,0.0,0.0,2
2023-05-11 09:02:25,bc2403,bc2403,58700.0,0.0,0.0,0.0,1,56950.0,59420.0,1,58700.0,0.0,0.0,0.0,0.0,0.0,2
2023-05-11 09:02:25,bc2403,bc2403,58700.0,0.0,0.0,0.0,1,56950.0,59420.0,1,58700.0,0.0,0.0,0.0,0.0,0.0,2
2023-05-11 09:02:26,bc2403,bc2403,58700.0,0.0,0.0,0.0,1,56950.0,59420.0,1,58700.0,0.0,0.0,0.0,0.0,0.0,2
2023-05-11 09:02:31,bc2403,bc2403,58700.0,0.0,0.0,0.0,1,56950.0,59420.0,1,58700.0,0.0,0.0,0.0,0.0,0.0,2
2023-05-11 09:02:32,bc2403,bc2403,58700.0,0.0,0.0,0.0,1,56950.0,59420.0,1,58700.0,0.0,0.0,0.0,0.0,0.0,2
2023-05-11 09:02:34,bc2403,bc2403,58700.0,0.0,0.0,0.0,1,56950.0,59420.0,1,58700.0,0.0,0.0,0.0,0.0,0.0,2
2023-05-11 09:02:35,bc2403,bc2403,58700.0,0.0,0.0,0.0,1,56950.0,59420.0,1,58700.0,0.0,0.0,0.0,0.0,0.0,2
2023-05-11 09:02:36,bc2403,bc2403,58700.0,0.0,0.0,0.0,1,56950.0,59420.0,1,58700.0,0.0,0.0,0.0,0.0,0.0,2
2023-05-11 09:02:37,bc2403,bc2403,58700.0,0.0,0.0,0.0,1,56950.0,59420.0,1,58700.0,0.0,0.0,0.0,0.0,0.0,2
2023-05-11 09:02:40,bc2403,bc2403,58700.0,0.0,0.0,0.0,1,56950.0,59420.0,1,58700.0,0.0,0.0,0.0,0.0,0.0,2
2023-05-11 09:02:41,bc2403,bc2403,58700.0,0.0,0.0,0.0,1,56950.0,59420.0,1,58700.0,0.0,0.0,0.0,0.0,0.0,2
2023-05-11 09:02:42,bc2403,bc2403,58700.0,0.0,0.0,0.0,1,56950.0,59410.0,1,58700.0,0.0,0.0,0.0,0.0,0.0,2
2023-05-11 09:02:42,bc2403,bc2403,58700.0,0.0,0.0,0.0,1,56950.0,59390.0,1,58700.0,0.0,0.0,0.0,0.0,0.0,2
2023-05-11 09:02:43,bc2403,bc2403,58700.0,0.0,0.0,0.0,1,56950.0,59390.0,1,58700.0,0.0,0.0,0.0,0.0,0.0,2
2023-05-11 09:02:43,bc2403,bc2403,58700.0,0.0,0.0,0.0,1,56950.0,59390.0,1,58700.0,0.0,0.0,0.0,0.0,0.0,2
2023-05-11 09:02:48,bc2403,bc2403,58700.0,0.0,0.0,0.0,1,56950.0,59390.0,1,58700.0,0.0,0.0,0.0,0.0,0.0,2
2023-05-11 09:02:49,bc2403,bc2403,58700.0,0.0,0.0,0.0,1,56950.0,59390.0,1,58700.0,0.0,0.0,0.0,0.0,0.0,2
2023-05-11 09:02:51,bc2403,bc2403,58700.0,0.0,0.0,0.0,1,56950.0,59390.0,1,58700.0,0.0,0.0,0.0,0.0,0.0,2
2023-05-11 09:02:52,bc2403,bc2403,58700.0,0.0,0.0,0.0,1,56950.0,59390.0,1,58700.0,0.0,0.0,0.0,0.0,0.0,2
2023-05-11 09:02:52,bc2403,bc2403,58700.0,0.0,0.0,0.0,1,56950.0,59390.0,1,58700.0,0.0,0.0,0.0,0.0,0.0,2
2023-05-11 09:02:53,bc2403,bc2403,58700.0,0.0,0.0,0.0,1,56950.0,59390.0,1,58700.0,0.0,0.0,0.0,0.0,0.0,2
2023-05-11 09:02:55,bc2403,bc2403,58700.0,0.0,0.0,0.0,1,56950.0,59390.0,1,58700.0,0.0,0.0,0.0,0.0,0.0,2
2023-05-11 09:02:56,bc2403,bc2403,58700.0,0.0,0.0,0.0,1,56950.0,59390.0,1,58700.0,0.0,0.0,0.0,0.0,0.0,2
2023-05-11 09:02:57,bc2403,bc2403,58700.0,0.0,0.0,0.0,1,56950.0,59380.0,1,58700.0,0.0,0.0,0.0,0.0,0.0,2
2023-05-11 09:02:58,bc2403,bc2403,58700.0,0.0,0.0,0.0,1,56950.0,59360.0,1,58700.0,0.0,0.0,0.0,0.0,0.0,2
2023-05-11 09:02:59,bc2403,bc2403,58700.0,0.0,0.0,0.0,1,56950.0,59360.0,1,58700.0,0.0,0.0,0.0,0.0,0.0,2
2023-05-11 09:03:00,bc2403,bc2403,58700.0,0.0,0.0,0.0,1,56950.0,59360.0,1,58700.0,0.0,0.0,0.0,0.0,0.0,2
2023-05-11 09:03:01,bc2403,bc2403,58700.0,0.0,0.0,0.0,1,56950.0,59360.0,1,58700.0,0.0,0.0,0.0,0.0,0.0,2
2023-05-11 09:03:03,bc2403,bc2403,58700.0,0.0,0.0,0.0,1,56950.0,59360.0,1,58700.0,0.0,0.0,0.0,0.0,0.0,2
2023-05-11 09:03:04,bc2403,bc2403,58700.0,0.0,0.0,0.0,1,56950.0,59360.0,1,58700.0,0.0,0.0,0.0,0.0,0.0,2
2023-05-11 09:03:05,bc2403,bc2403,58700.0,0.0,0.0,0.0,1,56950.0,59360.0,1,58700.0,0.0,0.0,0.0,0.0,0.0,2
2023-05-11 09:03:07,bc2403,bc2403,58700.0,0.0,0.0,0.0,1,56950.0,59360.0,1,58700.0,0.0,0.0,0.0,0.0,0.0,2
2023-05-11 09:03:08,bc2403,bc2403,58700.0,0.0,0.0,0.0,1,56950.0,59360.0,1,58700.0,0.0,0.0,0.0,0.0,0.0,2
2023-05-11 09:03:10,bc2403,bc2403,58700.0,0.0,0.0,0.0,1,56950.0,59350.0,1,58700.0,0.0,0.0,0.0,0.0,0.0,2
2023-05-11 09:03:10,bc2403,bc2403,58700.0,0.0,0.0,0.0,1,56950.0,59330.0,1,58700.0,0.0,0.0,0.0,0.0,0.0,2
2023-05-11 09:03:14,bc2403,bc2403,58700.0,0.0,0.0,0.0,1,56950.0,59330.0,1,58700.0,0.0,0.0,0.0,0.0,0.0,2
2023-05-11 09:03:14,bc2403,bc2403,58700.0,0.0,0.0,0.0,1,56950.0,59330.0,1,58700.0,0.0,0.0,0.0,0.0,0.0,2
2023-05-11 09:03:18,bc2403,bc2403,58700.0,0.0,0.0,0.0,1,56950.0,59330.0,1,58700.0,0.0,0.0,0.0,0.0,0.0,2
2023-05-11 09:03:19,bc2403,bc2403,58700.0,0.0,0.0,0.0,1,56950.0,59330.0,1,58700.0,0.0,0.0,0.0,0.0,0.0,2
2023-05-11 09:03:24,bc2403,bc2403,58700.0,0.0,0.0,0.0,1,56950.0,59320.0,1,58700.0,0.0,0.0,0.0,0.0,0.0,2
2023-05-11 09:03:25,bc2403,bc2403,58700.0,0.0,0.0,0.0,1,56950.0,59300.0,1,58700.0,0.0,0.0,0.0,0.0,0.0,2
2023-05-11 09:03:28,bc2403,bc2403,58700.0,0.0,0.0,0.0,1,56950.0,59300.0,1,58700.0,0.0,0.0,0.0,0.0,0.0,2
2023-05-11 09:03:29,bc2403,bc2403,58700.0,0.0,0.0,0.0,1,56950.0,59300.0,1,58700.0,0.0,0.0,0.0,0.0,0.0,2
2023-05-11 09:03:29,bc2403,bc2403,58700.0,0.0,0.0,0.0,1,56950.0,59300.0,1,58700.0,0.0,0.0,0.0,0.0,0.0,2
2023-05-11 09:03:31,bc2403,bc2403,58700.0,0.0,0.0,0.0,1,56950.0,59300.0,1,58700.0,0.0,0.0,0.0,0.0,0.0,2
2023-05-11 09:03:32,bc2403,bc2403,58700.0,0.0,0.0,0.0,1,56950.0,59300.0,1,58700.0,0.0,0.0,0.0,0.0,0.0,2
2023-05-11 09:03:32,bc2403,bc2403,58700.0,0.0,0.0,0.0,1,56950.0,59300.0,1,58700.0,0.0,0.0,0.0,0.0,0.0,2
2023-05-11 09:03:34,bc2403,bc2403,58700.0,0.0,0.0,0.0,1,56950.0,59300.0,1,58700.0,0.0,0.0,0.0,0.0,0.0,2
2023-05-11 09:03:35,bc2403,bc2403,58700.0,0.0,0.0,0.0,1,56950.0,59300.0,1,58700.0,0.0,0.0,0.0,0.0,0.0,2
2023-05-11 09:03:40,bc2403,bc2403,58700.0,0.0,0.0,0.0,1,56950.0,59300.0,1,58700.0,0.0,0.0,0.0,0.0,0.0,2
2023-05-11 09:03:40,bc2403,bc2403,58700.0,0.0,0.0,0.0,1,56950.0,59290.0,1,58700.0,0.0,0.0,0.0,0.0,0.0,2
2023-05-11 09:03:41,bc2403,bc2403,58700.0,0.0,0.0,0.0,1,56950.0,59270.0,1,58700.0,0.0,0.0,0.0,0.0,0.0,2
2023-05-11 09:03:41,bc2403,bc2403,58700.0,0.0,0.0,0.0,1,56950.0,59270.0,1,58700.0,0.0,0.0,0.0,0.0,0.0,2
2023-05-11 09:03:42,bc2403,bc2403,58700.0,0.0,0.0,0.0,1,56950.0,59270.0,1,58700.0,0.0,0.0,0.0,0.0,0.0,2
2023-05-11 09:03:45,bc2403,bc2403,58700.0,0.0,0.0,0.0,1,56950.0,59270.0,1,58700.0,0.0,0.0,0.0,0.0,0.0,2
2023-05-11 09:03:46,bc2403,bc2403,58700.0,0.0,0.0,0.0,1,56950.0,59270.0,1,58700.0,0.0,0.0,0.0,0.0,0.0,2
2023-05-11 09:03:49,bc2403,bc2403,58700.0,0.0,0.0,0.0,1,56950.0,59270.0,1,58700.0,0.0,0.0,0.0,0.0,0.0,2
2023-05-11 09:03:49,bc2403,bc2403,58700.0,0.0,0.0,0.0,1,56950.0,59270.0,1,58700.0,0.0,0.0,0.0,0.0,0.0,2
2023-05-11 09:03:58,bc2403,bc2403,58700.0,0.0,0.0,0.0,1,56950.0,59260.0,1,58700.0,0.0,0.0,0.0,0.0,0.0,2
2023-05-11 09:03:58,bc2403,bc2403,58700.0,0.0,0.0,0.0,1,56950.0,59240.0,1,58700.0,0.0,0.0,0.0,0.0,0.0,2
2023-05-11 09:04:00,bc2403,bc2403,58700.0,0.0,0.0,0.0,1,56950.0,59240.0,1,58700.0,0.0,0.0,0.0,0.0,0.0,2
2023-05-11 09:04:00,bc2403,bc2403,58700.0,0.0,0.0,0.0,1,56950.0,59240.0,1,58700.0,0.0,0.0,0.0,0.0,0.0,2
2023-05-11 09:04:02,bc2403,bc2403,58700.0,0.0,0.0,0.0,1,56950.0,59240.0,1,58700.0,0.0,0.0,0.0,0.0,0.0,2
2023-05-11 09:04:04,bc2403,bc2403,58700.0,0.0,0.0,0.0,1,56950.0,59240.0,1,58700.0,0.0,0.0,0.0,0.0,0.0,2
2023-05-11 09:04:07,bc2403,bc2403,58700.0,0.0,0.0,0.0,1,56950.0,59240.0,1,58700.0,0.0,0.0,0.0,0.0,0.0,2
2023-05-11 09:04:07,bc2403,bc2403,58700.0,0.0,0.0,0.0,1,56950.0,59240.0,1,58700.0,0.0,0.0,0.0,0.0,0.0,2
2023-05-11 09:04:09,bc2403,bc2403,58700.0,0.0,0.0,0.0,1,56950.0,59240.0,1,58700.0,0.0,0.0,0.0,0.0,0.0,2
2023-05-11 09:04:09,bc2403,bc2403,58700.0,0.0,0.0,0.0,1,56950.0,59240.0,1,58700.0,0.0,0.0,0.0,0.0,0.0,2
2023-05-11 09:04:19,bc2403,bc2403,58700.0,0.0,0.0,0.0,1,56950.0,59230.0,1,58700.0,0.0,0.0,0.0,0.0,0.0,2
2023-05-11 09:04:19,bc2403,bc2403,58700.0,0.0,0.0,0.0,1,56950.0,59210.0,1,58700.0,0.0,0.0,0.0,0.0,0.0,2
2023-05-11 09:04:20,bc2403,bc2403,58700.0,0.0,0.0,0.0,1,56950.0,59210.0,1,58700.0,0.0,0.0,0.0,0.0,0.0,2
2023-05-11 09:04:21,bc2403,bc2403,58700.0,0.0,0.0,0.0,1,56950.0,59210.0,1,58700.0,0.0,0.0,0.0,0.0,0.0,2
2023-05-11 09:04:21,bc2403,bc2403,58700.0,0.0,0.0,0.0,1,56950.0,59210.0,1,58700.0,0.0,0.0,0.0,0.0,0.0,2
2023-05-11 09:04:22,bc2403,bc2403,58700.0,0.0,0.0,0.0,1,56950.0,59210.0,1,58700.0,0.0,0.0,0.0,0.0,0.0,2
2023-05-11 09:04:23,bc2403,bc2403,58700.0,0.0,0.0,0.0,1,56950.0,59210.0,1,58700.0,0.0,0.0,0.0,0.0,0.0,2
2023-05-11 09:04:26,bc2403,bc2403,58700.0,0.0,0.0,0.0,1,56950.0,59210.0,1,58700.0,0.0,0.0,0.0,0.0,0.0,2
2023-05-11 09:04:27,bc2403,bc2403,58700.0,0.0,0.0,0.0,1,56950.0,59210.0,1,58700.0,0.0,0.0,0.0,0.0,0.0,2
2023-05-11 09:04:28,bc2403,bc2403,58700.0,0.0,0.0,0.0,1,56950.0,59210.0,1,58700.0,0.0,0.0,0.0,0.0,0.0,2
2023-05-11 09:04:29,bc2403,bc2403,58700.0,0.0,0.0,0.0,1,56950.0,59210.0,1,58700.0,0.0,0.0,0.0,0.0,0.0,2
2023-05-11 09:04:33,bc2403,bc2403,58700.0,0.0,0.0,0.0,1,56950.0,59210.0,1,58700.0,0.0,0.0,0.0,0.0,0.0,2
2023-05-11 09:04:34,bc2403,bc2403,58700.0,0.0,0.0,0.0,1,56950.0,59210.0,1,58700.0,0.0,0.0,0.0,0.0,0.0,2
2023-05-11 09:04:39,bc2403,bc2403,58700.0,0.0,0.0,0.0,1,56950.0,59210.0,1,58700.0,0.0,0.0,0.0,0.0,0.0,2
2023-05-11 09:04:40,bc2403,bc2403,58700.0,0.0,0.0,0.0,1,56950.0,59210.0,1,58700.0,0.0,0.0,0.0,0.0,0.0,2
2023-05-11 09:04:41,bc2403,bc2403,58700.0,0.0,0.0,0.0,1,56950.0,59210.0,1,58700.0,0.0,0.0,0.0,0.0,0.0,2
2023-05-11 09:04:42,bc2403,bc2403,58700.0,0.0,0.0,0.0,1,56950.0,59200.0,1,58700.0,0.0,0.0,0.0,0.0,0.0,2
2023-05-11 09:04:42,bc2403,bc2403,58700.0,0.0,0.0,0.0,1,56950.0,59180.0,1,58700.0,0.0,0.0,0.0,0.0,0.0,2
2023-05-11 09:04:43,bc2403,bc2403,58700.0,0.0,0.0,0.0,1,56950.0,59180.0,1,58700.0,0.0,0.0,0.0,0.0,0.0,2
2023-05-11 09:04:44,bc2403,bc2403,58700.0,0.0,0.0,0.0,1,56950.0,59180.0,1,58700.0,0.0,0.0,0.0,0.0,0.0,2
2023-05-11 09:04:45,bc2403,bc2403,58700.0,0.0,0.0,0.0,1,56950.0,59180.0,1,58700.0,0.0,0.0,0.0,0.0,0.0,2
2023-05-11 09:04:46,bc2403,bc2403,58700.0,0.0,0.0,0.0,1,56950.0,59180.0,1,58700.0,0.0,0.0,0.0,0.0,0.0,2
2023-05-11 09:04:48,bc2403,bc2403,58700.0,0.0,0.0,0.0,1,56950.0,59180.0,1,58700.0,0.0,0.0,0.0,0.0,0.0,2
2023-05-11 09:04:48,bc2403,bc2403,58700.0,0.0,0.0,0.0,1,56950.0,59180.0,1,58700.0,0.0,0.0,0.0,0.0,0.0,2
2023-05-11 09:04:51,bc2403,bc2403,58700.0,0.0,0.0,0.0,1,56950.0,59180.0,1,58700.0,0.0,0.0,0.0,0.0,0.0,2
2023-05-11 09:04:53,bc2403,bc2403,58700.0,0.0,0.0,0.0,1,56950.0,59180.0,1,58700.0,0.0,0.0,0.0,0.0,0.0,2
2023-05-11 09:04:55,bc2403,bc2403,58700.0,0.0,0.0,0.0,1,56950.0,59180.0,1,58700.0,0.0,0.0,0.0,0.0,0.0,2
2023-05-11 09:04:56,bc2403,bc2403,58700.0,0.0,0.0,0.0,1,56950.0,59180.0,1,58700.0,0.0,0.0,0.0,0.0,0.0,2
2023-05-11 09:04:57,bc2403,bc2403,58700.0,0.0,0.0,0.0,1,56950.0,59180.0,1,58700.0,0.0,0.0,0.0,0.0,0.0,2
2023-05-11 09:04:57,bc2403,bc2403,58700.0,0.0,0.0,0.0,1,56950.0,59180.0,1,58700.0,0.0,0.0,0.0,0.0,0.0,2
2023-05-11 09:05:06,bc2403,bc2403,58700.0,0.0,0.0,0.0,1,56950.0,59170.0,1,58700.0,0.0,0.0,0.0,0.0,0.0,2
2023-05-11 09:05:07,bc2403,bc2403,58700.0,0.0,0.0,0.0,1,56950.0,59150.0,1,58700.0,0.0,0.0,0.0,0.0,0.0,2
2023-05-11 09:05:07,bc2403,bc2403,58700.0,0.0,0.0,0.0,1,56950.0,59150.0,1,58700.0,0.0,0.0,0.0,0.0,0.0,2
2023-05-11 09:05:08,bc2403,bc2403,58700.0,0.0,0.0,0.0,1,56950.0,59150.0,1,58700.0,0.0,0.0,0.0,0.0,0.0,2
2023-05-11 09:05:09,bc2403,bc2403,58700.0,0.0,0.0,0.0,1,56950.0,59150.0,1,58700.0,0.0,0.0,0.0,0.0,0.0,2
2023-05-11 09:05:10,bc2403,bc2403,58700.0,0.0,0.0,0.0,1,56950.0,59150.0,1,58700.0,0.0,0.0,0.0,0.0,0.0,2
2023-05-11 09:05:11,bc2403,bc2403,58700.0,0.0,0.0,0.0,1,56950.0,59150.0,1,58700.0,0.0,0.0,0.0,0.0,0.0,2
2023-05-11 09:05:13,bc2403,bc2403,58700.0,0.0,0.0,0.0,1,56950.0,59150.0,1,58700.0,0.0,0.0,0.0,0.0,0.0,2
2023-05-11 09:05:14,bc2403,bc2403,58700.0,0.0,0.0,0.0,1,56950.0,59150.0,1,58700.0,0.0,0.0,0.0,0.0,0.0,2
2023-05-11 09:05:16,bc2403,bc2403,58700.0,0.0,0.0,0.0,1,56950.0,59150.0,1,58700.0,0.0,0.0,0.0,0.0,0.0,2
2023-05-11 09:05:17,bc2403,bc2403,58700.0,0.0,0.0,0.0,1,56950.0,59150.0,1,58700.0,0.0,0.0,0.0,0.0,0.0,2
2023-05-11 09:05:18,bc2403,bc2403,58700.0,0.0,0.0,0.0,1,56950.0,59150.0,1,58700.0,0.0,0.0,0.0,0.0,0.0,2
2023-05-11 09:05:18,bc2403,bc2403,58700.0,0.0,0.0,0.0,1,56950.0,59150.0,1,58700.0,0.0,0.0,0.0,0.0,0.0,2
2023-05-11 09:05:21,bc2403,bc2403,58700.0,0.0,0.0,0.0,1,56950.0,59150.0,1,58700.0,0.0,0.0,0.0,0.0,0.0,2
2023-05-11 09:05:22,bc2403,bc2403,58700.0,0.0,0.0,0.0,1,56950.0,59150.0,1,58700.0,0.0,0.0,0.0,0.0,0.0,2
2023-05-11 09:05:23,bc2403,bc2403,58700.0,0.0,0.0,0.0,1,56950.0,59150.0,1,58700.0,0.0,0.0,0.0,0.0,0.0,2
2023-05-11 09:05:23,bc2403,bc2403,58700.0,0.0,0.0,0.0,1,56950.0,59150.0,1,58700.0,0.0,0.0,0.0,0.0,0.0,2
2023-05-11 09:05:30,bc2403,bc2403,58700.0,0.0,0.0,0.0,1,56950.0,59150.0,1,58700.0,0.0,0.0,0.0,0.0,0.0,2
2023-05-11 09:05:31,bc2403,bc2403,58700.0,0.0,0.0,0.0,1,56950.0,59150.0,1,58700.0,0.0,0.0,0.0,0.0,0.0,2
2023-05-11 09:05:33,bc2403,bc2403,58700.0,0.0,0.0,0.0,1,56950.0,59140.0,1,58700.0,0.0,0.0,0.0,0.0,0.0,2
2023-05-11 09:05:34,bc2403,bc2403,58700.0,0.0,0.0,0.0,1,56950.0,59120.0,1,58700.0,0.0,0.0,0.0,0.0,0.0,2
2023-05-11 09:05:34,bc2403,bc2403,58700.0,0.0,0.0,0.0,1,56950.0,59120.0,1,58700.0,0.0,0.0,0.0,0.0,0.0,2
2023-05-11 09:05:35,bc2403,bc2403,58700.0,0.0,0.0,0.0,1,56950.0,59120.0,1,58700.0,0.0,0.0,0.0,0.0,0.0,2
2023-05-11 09:05:36,bc2403,bc2403,58700.0,0.0,0.0,0.0,1,56950.0,59120.0,1,58700.0,0.0,0.0,0.0,0.0,0.0,2
2023-05-11 09:05:37,bc2403,bc2403,58700.0,0.0,0.0,0.0,1,56950.0,59120.0,1,58700.0,0.0,0.0,0.0,0.0,0.0,2
2023-05-11 09:05:38,bc2403,bc2403,58700.0,0.0,0.0,0.0,1,56950.0,59120.0,1,58700.0,0.0,0.0,0.0,0.0,0.0,2
2023-05-11 09:05:39,bc2403,bc2403,58700.0,0.0,0.0,0.0,1,56950.0,59120.0,1,58700.0,0.0,0.0,0.0,0.0,0.0,2
2023-05-11 09:05:43,bc2403,bc2403,58700.0,0.0,0.0,0.0,1,56950.0,59120.0,1,58700.0,0.0,0.0,0.0,0.0,0.0,2
2023-05-11 09:05:43,bc2403,bc2403,58700.0,0.0,0.0,0.0,1,56950.0,59120.0,1,58700.0,0.0,0.0,0.0,0.0,0.0,2
2023-05-11 09:05:44,bc2403,bc2403,58700.0,0.0,0.0,0.0,1,56950.0,59120.0,1,58700.0,0.0,0.0,0.0,0.0,0.0,2
2023-05-11 09:05:45,bc2403,bc2403,58700.0,0.0,0.0,0.0,1,56950.0,59120.0,1,58700.0,0.0,0.0,0.0,0.0,0.0,2
2023-05-11 09:05:48,bc2403,bc2403,58700.0,0.0,0.0,0.0,1,56950.0,59120.0,1,58700.0,0.0,0.0,0.0,0.0,0.0,2
2023-05-11 09:05:48,bc2403,bc2403,58700.0,0.0,0.0,0.0,1,56950.0,59120.0,1,58700.0,0.0,0.0,0.0,0.0,0.0,2
2023-05-11 09:05:53,bc2403,bc2403,58700.0,0.0,0.0,0.0,1,56950.0,59120.0,1,58700.0,0.0,0.0,0.0,0.0,0.0,2
2023-05-11 09:05:53,bc2403,bc2403,58700.0,0.0,0.0,0.0,1,56950.0,59120.0,1,58700.0,0.0,0.0,0.0,0.0,0.0,2
2023-05-11 09:05:54,bc2403,bc2403,58700.0,0.0,0.0,0.0,1,56950.0,59120.0,1,58700.0,0.0,0.0,0.0,0.0,0.0,2
2023-05-11 09:05:55,bc2403,bc2403,58700.0,0.0,0.0,0.0,1,56950.0,59120.0,1,58700.0,0.0,0.0,0.0,0.0,0.0,2
2023-05-11 09:05:58,bc2403,bc2403,58700.0,0.0,0.0,0.0,1,56940.0,59120.0,1,58700.0,0.0,0.0,0.0,0.0,0.0,2
2023-05-11 09:06:06,bc2403,bc2403,58700.0,0.0,0.0,0.0,1,56940.0,59110.0,1,58700.0,0.0,0.0,0.0,0.0,0.0,2
2023-05-11 09:06:07,bc2403,bc2403,58700.0,0.0,0.0,0.0,1,56940.0,59090.0,1,58700.0,0.0,0.0,0.0,0.0,0.0,2
2023-05-11 09:06:07,bc2403,bc2403,58700.0,0.0,0.0,0.0,1,56940.0,59090.0,1,58700.0,0.0,0.0,0.0,0.0,0.0,2
2023-05-11 09:06:10,bc2403,bc2403,58700.0,0.0,0.0,0.0,1,56940.0,59090.0,1,58700.0,0.0,0.0,0.0,0.0,0.0,2
2023-05-11 09:06:11,bc2403,bc2403,58700.0,0.0,0.0,0.0,1,56940.0,59090.0,1,58700.0,0.0,0.0,0.0,0.0,0.0,2
2023-05-11 09:06:17,bc2403,bc2403,58700.0,0.0,0.0,0.0,1,56940.0,59090.0,1,58700.0,0.0,0.0,0.0,0.0,0.0,2
2023-05-11 09:06:17,bc2403,bc2403,58700.0,0.0,0.0,0.0,1,56940.0,59090.0,1,58700.0,0.0,0.0,0.0,0.0,0.0,2
2023-05-11 09:06:37,bc2403,bc2403,58700.0,0.0,0.0,0.0,1,56950.0,59090.0,1,58700.0,0.0,0.0,0.0,0.0,0.0,2
2023-05-11 09:07:24,bc2403,bc2403,58700.0,0.0,0.0,0.0,1,56960.0,59090.0,1,58700.0,0.0,0.0,0.0,0.0,0.0,2
2023-05-11 09:08:02,bc2403,bc2403,58700.0,0.0,0.0,0.0,1,56960.0,59090.0,1,58700.0,0.0,0.0,0.0,0.0,0.0,2
2023-05-11 09:08:41,bc2403,bc2403,58700.0,0.0,0.0,0.0,1,56970.0,59090.0,1,58700.0,0.0,0.0,0.0,0.0,0.0,2
2023-05-11 09:09:54,bc2403,bc2403,58700.0,0.0,0.0,0.0,1,56970.0,59090.0,1,58700.0,0.0,0.0,0.0,0.0,0.0,2
2023-05-11 09:09:55,bc2403,bc2403,58700.0,0.0,0.0,0.0,1,56970.0,59090.0,1,58700.0,0.0,0.0,0.0,0.0,0.0,2
2023-05-11 09:11:08,bc2403,bc2403,58700.0,0.0,0.0,0.0,1,56970.0,59110.0,1,58700.0,0.0,0.0,0.0,0.0,0.0,2
2023-05-11 09:11:08,bc2403,bc2403,58700.0,0.0,0.0,0.0,1,56970.0,59090.0,1,58700.0,0.0,0.0,0.0,0.0,0.0,2
2023-05-11 09:13:41,bc2403,bc2403,58700.0,0.0,0.0,0.0,1,56960.0,59090.0,1,58700.0,0.0,0.0,0.0,0.0,0.0,2
2023-05-11 09:14:22,bc2403,bc2403,58700.0,0.0,0.0,0.0,1,56970.0,59090.0,1,58700.0,0.0,0.0,0.0,0.0,0.0,2
2023-05-11 09:16:09,bc2403,bc2403,58700.0,0.0,0.0,0.0,1,56970.0,59110.0,1,58700.0,0.0,0.0,0.0,0.0,0.0,2
2023-05-11 09:16:11,bc2403,bc2403,58700.0,0.0,0.0,0.0,1,56970.0,59090.0,1,58700.0,0.0,0.0,0.0,0.0,0.0,2
2023-05-11 09:19:22,bc2403,bc2403,58700.0,0.0,0.0,0.0,1,56960.0,59090.0,1,58700.0,0.0,0.0,0.0,0.0,0.0,2
2023-05-11 09:20:02,bc2403,bc2403,58700.0,0.0,0.0,0.0,1,56970.0,59090.0,1,58700.0,0.0,0.0,0.0,0.0,0.0,2
2023-05-11 09:21:11,bc2403,bc2403,58700.0,0.0,0.0,0.0,1,56970.0,59110.0,1,58700.0,0.0,0.0,0.0,0.0,0.0,2
2023-05-11 09:21:13,bc2403,bc2403,58700.0,0.0,0.0,0.0,1,56970.0,59090.0,1,58700.0,0.0,0.0,0.0,0.0,0.0,2
2023-05-11 09:25:02,bc2403,bc2403,58700.0,0.0,0.0,0.0,1,56960.0,59090.0,1,58700.0,0.0,0.0,0.0,0.0,0.0,2
2023-05-11 09:25:36,bc2403,bc2403,58700.0,0.0,0.0,0.0,1,56970.0,59090.0,1,58700.0,0.0,0.0,0.0,0.0,0.0,2
2023-05-11 09:26:16,bc2403,bc2403,58700.0,0.0,0.0,0.0,1,56970.0,59110.0,1,58700.0,0.0,0.0,0.0,0.0,0.0,2
2023-05-11 09:26:16,bc2403,bc2403,58700.0,0.0,0.0,0.0,1,56970.0,59090.0,1,58700.0,0.0,0.0,0.0,0.0,0.0,2
2023-05-11 09:29:15,bc2403,bc2403,58700.0,0.0,0.0,0.0,1,56960.0,59090.0,1,58700.0,0.0,0.0,0.0,0.0,0.0,2
2023-05-11 09:29:50,bc2403,bc2403,58700.0,0.0,0.0,0.0,1,56960.0,59080.0,1,58700.0,0.0,0.0,0.0,0.0,0.0,2
2023-05-11 09:29:51,bc2403,bc2403,58700.0,0.0,0.0,0.0,1,56960.0,59060.0,1,58700.0,0.0,0.0,0.0,0.0,0.0,2
2023-05-11 09:30:29,bc2403,bc2403,58700.0,0.0,0.0,0.0,1,56960.0,59060.0,1,58700.0,0.0,0.0,0.0,0.0,0.0,2
2023-05-11 09:30:32,bc2403,bc2403,58700.0,0.0,0.0,0.0,1,56960.0,59050.0,1,58700.0,0.0,0.0,0.0,0.0,0.0,2
2023-05-11 09:30:33,bc2403,bc2403,58700.0,0.0,0.0,0.0,1,56960.0,59030.0,1,58700.0,0.0,0.0,0.0,0.0,0.0,2
2023-05-11 09:31:11,bc2403,bc2403,58700.0,0.0,0.0,0.0,1,56960.0,59030.0,1,58700.0,0.0,0.0,0.0,0.0,0.0,2
2023-05-11 09:31:15,bc2403,bc2403,58700.0,0.0,0.0,0.0,1,56960.0,59020.0,1,58700.0,0.0,0.0,0.0,0.0,0.0,2
2023-05-11 09:31:16,bc2403,bc2403,58700.0,0.0,0.0,0.0,1,56960.0,59000.0,1,58700.0,0.0,0.0,0.0,0.0,0.0,2
2023-05-11 09:31:54,bc2403,bc2403,58700.0,0.0,0.0,0.0,1,56960.0,59000.0,1,58700.0,0.0,0.0,0.0,0.0,0.0,2
2023-05-11 09:31:58,bc2403,bc2403,58700.0,0.0,0.0,0.0,1,56960.0,58990.0,1,58700.0,0.0,0.0,0.0,0.0,0.0,2
2023-05-11 09:31:58,bc2403,bc2403,58700.0,0.0,0.0,0.0,1,56960.0,58980.0,1,58700.0,0.0,0.0,0.0,0.0,0.0,2
2023-05-11 09:32:36,bc2403,bc2403,58700.0,0.0,0.0,0.0,1,56960.0,58980.0,1,58700.0,0.0,0.0,0.0,0.0,0.0,2
2023-05-11 09:32:39,bc2403,bc2403,58700.0,0.0,0.0,0.0,1,56960.0,58970.0,1,58700.0,0.0,0.0,0.0,0.0,0.0,2
2023-05-11 09:33:18,bc2403,bc2403,58700.0,0.0,0.0,0.0,1,56960.0,58960.0,1,58700.0,0.0,0.0,0.0,0.0,0.0,2
2023-05-11 09:33:47,bc2403,bc2403,58700.0,0.0,0.0,0.0,1,56960.0,58960.0,1,58700.0,0.0,0.0,0.0,0.0,0.0,2
2023-05-11 09:34:03,bc2403,bc2403,58700.0,0.0,0.0,0.0,1,56960.0,58950.0,1,58700.0,0.0,0.0,0.0,0.0,0.0,2
2023-05-11 09:34:21,bc2403,bc2403,58700.0,0.0,0.0,0.0,1,56960.0,58960.0,1,58700.0,0.0,0.0,0.0,0.0,0.0,2
2023-05-11 09:34:45,bc2403,bc2403,58700.0,0.0,0.0,0.0,1,56970.0,58960.0,1,58700.0,0.0,0.0,0.0,0.0,0.0,2
2023-05-11 09:35:24,bc2403,bc2403,58700.0,0.0,0.0,0.0,1,56960.0,58960.0,1,58700.0,0.0,0.0,0.0,0.0,0.0,2
2023-05-11 09:35:27,bc2403,bc2403,58700.0,0.0,0.0,0.0,1,56960.0,58950.0,1,58700.0,0.0,0.0,0.0,0.0,0.0,2
2023-05-11 09:36:13,bc2403,bc2403,58700.0,0.0,0.0,0.0,1,56960.0,58940.0,1,58700.0,0.0,0.0,0.0,0.0,0.0,2
2023-05-11 09:36:32,bc2403,bc2403,58700.0,0.0,0.0,0.0,1,56940.0,58940.0,1,58700.0,0.0,0.0,0.0,0.0,0.0,2
2023-05-11 09:36:33,bc2403,bc2403,58700.0,0.0,0.0,0.0,1,56950.0,58940.0,1,58700.0,0.0,0.0,0.0,0.0,0.0,2
2023-05-11 09:36:52,bc2403,bc2403,58700.0,0.0,0.0,0.0,1,56950.0,58940.0,1,58700.0,0.0,0.0,0.0,0.0,0.0,2
2023-05-11 09:37:32,bc2403,bc2403,58700.0,0.0,0.0,0.0,1,56950.0,58930.0,1,58700.0,0.0,0.0,0.0,0.0,0.0,2
2023-05-11 09:37:48,bc2403,bc2403,58700.0,0.0,0.0,0.0,1,56950.0,58920.0,1,58700.0,0.0,0.0,0.0,0.0,0.0,2
2023-05-11 09:38:25,bc2403,bc2403,58700.0,0.0,0.0,0.0,1,56950.0,58920.0,1,58700.0,0.0,0.0,0.0,0.0,0.0,2
