time,symbol_id,symbol_name,last,trade_volume,trade_amount,open_interest_change,bv1,bp1,ap1,av1,yesterday_close,today_open,today_high,today_low,volume,amount,open_interest
2023-05-10 08:35:18,OP10005348,300ETF购12月3700,0.0,0.0,0.0,0.0,0,0.0,0.0,0,0.449,0.421,0.0,0.0,0.0,0.0,144
2023-05-10 09:24:57,OP10005348,300ETF购12月3700,0.0,0.0,0.0,0.0,1,0.4166,0.4581,1,0.449,0.421,0.0,0.0,0.0,0.0,144
2023-05-10 09:29:57,OP10005348,300ETF购12月3700,0.0,0.0,0.0,0.0,10,0.4367,0.4484,10,0.449,0.421,0.0,0.0,0.0,0.0,144
2023-05-10 09:29:57,OP10005348,300ETF购12月3700,0.0,0.0,0.0,0.0,10,0.4367,0.4484,10,0.449,0.421,0.0,0.0,0.0,0.0,144
2023-05-10 09:29:57,OP10005348,300ETF购12月3700,0.0,0.0,0.0,0.0,10,0.4367,0.4484,10,0.449,0.421,0.0,0.0,0.0,0.0,144
2023-05-10 09:29:57,OP10005348,300ETF购12月3700,0.0,0.0,0.0,0.0,10,0.4367,0.4464,20,0.449,0.421,0.0,0.0,0.0,0.0,144
2023-05-10 09:29:57,OP10005348,300ETF购12月3700,0.0,0.0,0.0,0.0,10,0.4335,0.4451,10,0.449,0.421,0.0,0.0,0.0,0.0,144
2023-05-10 09:29:57,OP10005348,300ETF购12月3700,0.0,0.0,0.0,0.0,30,0.4335,0.4451,30,0.449,0.421,0.0,0.0,0.0,0.0,144
2023-05-10 09:30:02,OP10005348,300ETF购12月3700,0.0,0.0,0.0,0.0,30,0.4335,0.4451,30,0.449,0.421,0.0,0.0,0.0,0.0,144
2023-05-10 09:30:02,OP10005348,300ETF购12月3700,0.0,0.0,0.0,0.0,30,0.4335,0.4451,30,0.449,0.421,0.0,0.0,0.0,0.0,144
2023-05-10 09:30:05,OP10005348,300ETF购12月3700,0.0,0.0,0.0,0.0,30,0.4335,0.4451,30,0.449,0.421,0.0,0.0,0.0,0.0,144
2023-05-10 09:30:11,OP10005348,300ETF购12月3700,0.0,0.0,0.0,0.0,30,0.4335,0.4451,30,0.449,0.421,0.0,0.0,0.0,0.0,144
2023-05-10 09:30:11,OP10005348,300ETF购12月3700,0.0,0.0,0.0,0.0,30,0.4335,0.4451,30,0.449,0.421,0.0,0.0,0.0,0.0,144
2023-05-10 09:30:14,OP10005348,300ETF购12月3700,0.0,0.0,0.0,0.0,30,0.4335,0.4451,30,0.449,0.421,0.0,0.0,0.0,0.0,144
2023-05-10 09:30:17,OP10005348,300ETF购12月3700,0.0,0.0,0.0,0.0,30,0.4335,0.4451,30,0.449,0.421,0.0,0.0,0.0,0.0,144
2023-05-10 09:30:20,OP10005348,300ETF购12月3700,0.0,0.0,0.0,0.0,30,0.4335,0.4451,30,0.449,0.421,0.0,0.0,0.0,0.0,144
2023-05-10 09:30:20,OP10005348,300ETF购12月3700,0.0,0.0,0.0,0.0,30,0.4335,0.4451,30,0.449,0.421,0.0,0.0,0.0,0.0,144
2023-05-10 09:30:20,OP10005348,300ETF购12月3700,0.0,0.0,0.0,0.0,20,0.4344,0.4451,30,0.449,0.421,0.0,0.0,0.0,0.0,144
2023-05-10 09:30:23,OP10005348,300ETF购12月3700,0.0,0.0,0.0,0.0,30,0.4335,0.4451,30,0.449,0.421,0.0,0.0,0.0,0.0,144
2023-05-10 09:30:23,OP10005348,300ETF购12月3700,0.0,0.0,0.0,0.0,20,0.4343,0.4451,30,0.449,0.421,0.0,0.0,0.0,0.0,144
2023-05-10 09:30:26,OP10005348,300ETF购12月3700,0.0,0.0,0.0,0.0,30,0.4335,0.4451,30,0.449,0.421,0.0,0.0,0.0,0.0,144
2023-05-10 09:30:26,OP10005348,300ETF购12月3700,0.0,0.0,0.0,0.0,30,0.4335,0.4451,30,0.449,0.421,0.0,0.0,0.0,0.0,144
2023-05-10 09:30:38,OP10005348,300ETF购12月3700,0.0,0.0,0.0,0.0,30,0.4335,0.4443,20,0.449,0.421,0.0,0.0,0.0,0.0,144
2023-05-10 09:30:41,OP10005348,300ETF购12月3700,0.0,0.0,0.0,0.0,30,0.4335,0.4451,30,0.449,0.421,0.0,0.0,0.0,0.0,144
2023-05-10 09:30:44,OP10005348,300ETF购12月3700,0.0,0.0,0.0,0.0,30,0.4335,0.4442,20,0.449,0.421,0.0,0.0,0.0,0.0,144
2023-05-10 09:30:50,OP10005348,300ETF购12月3700,0.0,0.0,0.0,0.0,10,0.4358,0.4442,20,0.449,0.421,0.0,0.0,0.0,0.0,144
2023-05-10 09:30:50,OP10005348,300ETF购12月3700,0.0,0.0,0.0,0.0,10,0.4358,0.4442,20,0.449,0.421,0.0,0.0,0.0,0.0,144
2023-05-10 09:30:50,OP10005348,300ETF购12月3700,0.0,0.0,0.0,0.0,10,0.4358,0.4435,20,0.449,0.421,0.0,0.0,0.0,0.0,144
2023-05-10 09:30:50,OP10005348,300ETF购12月3700,0.0,0.0,0.0,0.0,10,0.4358,0.4435,20,0.449,0.421,0.0,0.0,0.0,0.0,144
2023-05-10 09:30:50,OP10005348,300ETF购12月3700,0.0,0.0,0.0,0.0,10,0.4358,0.4442,20,0.449,0.421,0.0,0.0,0.0,0.0,144
2023-05-10 09:30:50,OP10005348,300ETF购12月3700,0.0,0.0,0.0,0.0,10,0.4358,0.4442,20,0.449,0.421,0.0,0.0,0.0,0.0,144
2023-05-10 09:30:53,OP10005348,300ETF购12月3700,0.0,0.0,0.0,0.0,30,0.4344,0.4431,10,0.449,0.421,0.0,0.0,0.0,0.0,144
2023-05-10 09:30:53,OP10005348,300ETF购12月3700,0.0,0.0,0.0,0.0,10,0.4344,0.4431,30,0.449,0.421,0.0,0.0,0.0,0.0,144
2023-05-10 09:30:56,OP10005348,300ETF购12月3700,0.0,0.0,0.0,0.0,10,0.4344,0.4431,30,0.449,0.421,0.0,0.0,0.0,0.0,144
2023-05-10 09:30:56,OP10005348,300ETF购12月3700,0.0,0.0,0.0,0.0,10,0.4344,0.4431,30,0.449,0.421,0.0,0.0,0.0,0.0,144
2023-05-10 09:30:59,OP10005348,300ETF购12月3700,0.0,0.0,0.0,0.0,20,0.4335,0.4412,10,0.449,0.421,0.0,0.0,0.0,0.0,144
2023-05-10 09:30:59,OP10005348,300ETF购12月3700,0.0,0.0,0.0,0.0,10,0.4324,0.4412,10,0.449,0.421,0.0,0.0,0.0,0.0,144
2023-05-10 09:30:59,OP10005348,300ETF购12月3700,0.0,0.0,0.0,0.0,10,0.4324,0.4409,20,0.449,0.421,0.0,0.0,0.0,0.0,144
2023-05-10 09:31:02,OP10005348,300ETF购12月3700,0.0,0.0,0.0,0.0,20,0.4308,0.4401,10,0.449,0.421,0.0,0.0,0.0,0.0,144
2023-05-10 09:31:02,OP10005348,300ETF购12月3700,0.0,0.0,0.0,0.0,10,0.4306,0.4401,10,0.449,0.421,0.0,0.0,0.0,0.0,144
2023-05-10 09:31:02,OP10005348,300ETF购12月3700,0.0,0.0,0.0,0.0,10,0.4306,0.4393,20,0.449,0.421,0.0,0.0,0.0,0.0,144
2023-05-10 09:31:02,OP10005348,300ETF购12月3700,0.0,0.0,0.0,0.0,20,0.4299,0.4384,10,0.449,0.421,0.0,0.0,0.0,0.0,144
2023-05-10 09:31:05,OP10005348,300ETF购12月3700,0.0,0.0,0.0,0.0,20,0.4299,0.4384,30,0.449,0.421,0.0,0.0,0.0,0.0,144
2023-05-10 09:31:05,OP10005348,300ETF购12月3700,0.0,0.0,0.0,0.0,10,0.4296,0.4384,30,0.449,0.421,0.0,0.0,0.0,0.0,144
2023-05-10 09:31:17,OP10005348,300ETF购12月3700,0.0,0.0,0.0,0.0,10,0.4273,0.4361,10,0.449,0.421,0.0,0.0,0.0,0.0,144
2023-05-10 09:31:17,OP10005348,300ETF购12月3700,0.0,0.0,0.0,0.0,10,0.4273,0.4361,10,0.449,0.421,0.0,0.0,0.0,0.0,144
2023-05-10 09:31:20,OP10005348,300ETF购12月3700,0.0,0.0,0.0,0.0,30,0.4273,0.4361,30,0.449,0.421,0.0,0.0,0.0,0.0,144
2023-05-10 09:31:20,OP10005348,300ETF购12月3700,0.0,0.0,0.0,0.0,30,0.4273,0.4361,30,0.449,0.421,0.0,0.0,0.0,0.0,144
2023-05-10 09:31:23,OP10005348,300ETF购12月3700,0.0,0.0,0.0,0.0,30,0.4273,0.4361,30,0.449,0.421,0.0,0.0,0.0,0.0,144
2023-05-10 09:31:23,OP10005348,300ETF购12月3700,0.0,0.0,0.0,0.0,30,0.4273,0.4361,30,0.449,0.421,0.0,0.0,0.0,0.0,144
2023-05-10 09:31:23,OP10005348,300ETF购12月3700,0.0,0.0,0.0,0.0,30,0.4273,0.4348,15,0.449,0.421,0.0,0.0,0.0,0.0,144
2023-05-10 09:31:23,OP10005348,300ETF购12月3700,0.0,0.0,0.0,0.0,30,0.4273,0.4348,35,0.449,0.421,0.0,0.0,0.0,0.0,144
2023-05-10 09:31:26,OP10005348,300ETF购12月3700,0.0,0.0,0.0,0.0,30,0.4273,0.4348,35,0.449,0.421,0.0,0.0,0.0,0.0,144
2023-05-10 09:31:29,OP10005348,300ETF购12月3700,0.0,0.0,0.0,0.0,10,0.4281,0.4348,35,0.449,0.421,0.0,0.0,0.0,0.0,144
2023-05-10 09:31:29,OP10005348,300ETF购12月3700,0.0,0.0,0.0,0.0,20,0.4281,0.4348,35,0.449,0.421,0.0,0.0,0.0,0.0,144
2023-05-10 09:31:32,OP10005348,300ETF购12月3700,0.0,0.0,0.0,0.0,20,0.4281,0.4348,35,0.449,0.421,0.0,0.0,0.0,0.0,144
2023-05-10 09:31:41,OP10005348,300ETF购12月3700,0.0,0.0,0.0,0.0,20,0.4281,0.4348,35,0.449,0.421,0.0,0.0,0.0,0.0,144
2023-05-10 09:31:41,OP10005348,300ETF购12月3700,0.0,0.0,0.0,0.0,20,0.4281,0.4348,35,0.449,0.421,0.0,0.0,0.0,0.0,144
2023-05-10 09:31:44,OP10005348,300ETF购12月3700,0.0,0.0,0.0,0.0,20,0.4281,0.4348,35,0.449,0.421,0.0,0.0,0.0,0.0,144
2023-05-10 09:31:44,OP10005348,300ETF购12月3700,0.0,0.0,0.0,0.0,20,0.4281,0.4348,35,0.449,0.421,0.0,0.0,0.0,0.0,144
2023-05-10 09:31:44,OP10005348,300ETF购12月3700,0.0,0.0,0.0,0.0,20,0.4281,0.4348,35,0.449,0.421,0.0,0.0,0.0,0.0,144
2023-05-10 09:31:44,OP10005348,300ETF购12月3700,0.0,0.0,0.0,0.0,20,0.4281,0.4348,35,0.449,0.421,0.0,0.0,0.0,0.0,144
2023-05-10 09:31:44,OP10005348,300ETF购12月3700,0.0,0.0,0.0,0.0,20,0.4281,0.4348,35,0.449,0.421,0.0,0.0,0.0,0.0,144
2023-05-10 09:31:44,OP10005348,300ETF购12月3700,0.0,0.0,0.0,0.0,20,0.4281,0.4348,35,0.449,0.421,0.0,0.0,0.0,0.0,144
2023-05-10 09:31:47,OP10005348,300ETF购12月3700,0.0,0.0,0.0,0.0,20,0.4281,0.4348,35,0.449,0.421,0.0,0.0,0.0,0.0,144
2023-05-10 09:31:47,OP10005348,300ETF购12月3700,0.0,0.0,0.0,0.0,20,0.4281,0.4348,35,0.449,0.421,0.0,0.0,0.0,0.0,144
2023-05-10 09:31:47,OP10005348,300ETF购12月3700,0.0,0.0,0.0,0.0,20,0.4281,0.4348,35,0.449,0.421,0.0,0.0,0.0,0.0,144
2023-05-10 09:31:47,OP10005348,300ETF购12月3700,0.0,0.0,0.0,0.0,20,0.4281,0.4348,35,0.449,0.421,0.0,0.0,0.0,0.0,144
2023-05-10 09:31:47,OP10005348,300ETF购12月3700,0.0,0.0,0.0,0.0,20,0.4281,0.4348,35,0.449,0.421,0.0,0.0,0.0,0.0,144
2023-05-10 09:31:47,OP10005348,300ETF购12月3700,0.0,0.0,0.0,0.0,20,0.4281,0.4348,35,0.449,0.421,0.0,0.0,0.0,0.0,144
2023-05-10 09:31:50,OP10005348,300ETF购12月3700,0.0,0.0,0.0,0.0,20,0.4281,0.4348,35,0.449,0.421,0.0,0.0,0.0,0.0,144
2023-05-10 09:31:50,OP10005348,300ETF购12月3700,0.0,0.0,0.0,0.0,20,0.4281,0.4348,20,0.449,0.421,0.0,0.0,0.0,0.0,144
2023-05-10 09:31:50,OP10005348,300ETF购12月3700,0.0,0.0,0.0,0.0,20,0.4281,0.4359,10,0.449,0.421,0.0,0.0,0.0,0.0,144
2023-05-10 09:31:50,OP10005348,300ETF购12月3700,0.0,0.0,0.0,0.0,20,0.4281,0.4361,30,0.449,0.421,0.0,0.0,0.0,0.0,144
2023-05-10 09:31:50,OP10005348,300ETF购12月3700,0.0,0.0,0.0,0.0,10,0.4283,0.4361,30,0.449,0.421,0.0,0.0,0.0,0.0,144
2023-05-10 09:31:53,OP10005348,300ETF购12月3700,0.0,0.0,0.0,0.0,20,0.4281,0.4361,30,0.449,0.421,0.0,0.0,0.0,0.0,144
2023-05-10 09:31:56,OP10005348,300ETF购12月3700,0.0,0.0,0.0,0.0,10,0.4293,0.4361,30,0.449,0.421,0.0,0.0,0.0,0.0,144
2023-05-10 09:31:56,OP10005348,300ETF购12月3700,0.0,0.0,0.0,0.0,30,0.4293,0.4361,30,0.449,0.421,0.0,0.0,0.0,0.0,144
2023-05-10 09:31:56,OP10005348,300ETF购12月3700,0.0,0.0,0.0,0.0,30,0.4293,0.4361,20,0.449,0.421,0.0,0.0,0.0,0.0,144
2023-05-10 09:31:56,OP10005348,300ETF购12月3700,0.0,0.0,0.0,0.0,30,0.4293,0.4368,45,0.449,0.421,0.0,0.0,0.0,0.0,144
2023-05-10 09:31:56,OP10005348,300ETF购12月3700,0.0,0.0,0.0,0.0,30,0.4293,0.4368,45,0.449,0.421,0.0,0.0,0.0,0.0,144
2023-05-10 09:31:59,OP10005348,300ETF购12月3700,0.0,0.0,0.0,0.0,40,0.4293,0.4368,35,0.449,0.421,0.0,0.0,0.0,0.0,144
2023-05-10 09:31:59,OP10005348,300ETF购12月3700,0.0,0.0,0.0,0.0,30,0.4293,0.4368,35,0.449,0.421,0.0,0.0,0.0,0.0,144
2023-05-10 09:31:59,OP10005348,300ETF购12月3700,0.0,0.0,0.0,0.0,40,0.4293,0.4368,35,0.449,0.421,0.0,0.0,0.0,0.0,144
2023-05-10 09:31:59,OP10005348,300ETF购12月3700,0.0,0.0,0.0,0.0,30,0.4293,0.4368,35,0.449,0.421,0.0,0.0,0.0,0.0,144
2023-05-10 09:31:59,OP10005348,300ETF购12月3700,0.0,0.0,0.0,0.0,40,0.4293,0.4368,35,0.449,0.421,0.0,0.0,0.0,0.0,144
2023-05-10 09:31:59,OP10005348,300ETF购12月3700,0.0,0.0,0.0,0.0,30,0.4293,0.4368,35,0.449,0.421,0.0,0.0,0.0,0.0,144
2023-05-10 09:32:02,OP10005348,300ETF购12月3700,0.0,0.0,0.0,0.0,40,0.4293,0.4368,35,0.449,0.421,0.0,0.0,0.0,0.0,144
2023-05-10 09:32:02,OP10005348,300ETF购12月3700,0.0,0.0,0.0,0.0,30,0.4293,0.4368,35,0.449,0.421,0.0,0.0,0.0,0.0,144
2023-05-10 09:32:02,OP10005348,300ETF购12月3700,0.0,0.0,0.0,0.0,40,0.4293,0.4368,35,0.449,0.421,0.0,0.0,0.0,0.0,144
2023-05-10 09:32:02,OP10005348,300ETF购12月3700,0.0,0.0,0.0,0.0,30,0.4293,0.4368,35,0.449,0.421,0.0,0.0,0.0,0.0,144
2023-05-10 09:32:02,OP10005348,300ETF购12月3700,0.0,0.0,0.0,0.0,40,0.4293,0.4368,35,0.449,0.421,0.0,0.0,0.0,0.0,144
2023-05-10 09:32:02,OP10005348,300ETF购12月3700,0.0,0.0,0.0,0.0,30,0.4293,0.4368,35,0.449,0.421,0.0,0.0,0.0,0.0,144
2023-05-10 09:32:05,OP10005348,300ETF购12月3700,0.0,0.0,0.0,0.0,40,0.4293,0.4368,35,0.449,0.421,0.0,0.0,0.0,0.0,144
2023-05-10 09:32:05,OP10005348,300ETF购12月3700,0.0,0.0,0.0,0.0,30,0.4293,0.4368,35,0.449,0.421,0.0,0.0,0.0,0.0,144
2023-05-10 09:32:05,OP10005348,300ETF购12月3700,0.0,0.0,0.0,0.0,40,0.4293,0.4368,35,0.449,0.421,0.0,0.0,0.0,0.0,144
2023-05-10 09:32:05,OP10005348,300ETF购12月3700,0.0,0.0,0.0,0.0,10,0.4293,0.4368,35,0.449,0.421,0.0,0.0,0.0,0.0,144
2023-05-10 09:32:05,OP10005348,300ETF购12月3700,0.0,0.0,0.0,0.0,10,0.4293,0.4368,35,0.449,0.421,0.0,0.0,0.0,0.0,144
2023-05-10 09:32:08,OP10005348,300ETF购12月3700,0.0,0.0,0.0,0.0,30,0.4293,0.4368,35,0.449,0.421,0.0,0.0,0.0,0.0,144
2023-05-10 09:32:08,OP10005348,300ETF购12月3700,0.0,0.0,0.0,0.0,40,0.4293,0.4368,35,0.449,0.421,0.0,0.0,0.0,0.0,144
2023-05-10 09:32:08,OP10005348,300ETF购12月3700,0.0,0.0,0.0,0.0,30,0.4293,0.4368,35,0.449,0.421,0.0,0.0,0.0,0.0,144
2023-05-10 09:32:08,OP10005348,300ETF购12月3700,0.0,0.0,0.0,0.0,40,0.4293,0.4368,35,0.449,0.421,0.0,0.0,0.0,0.0,144
2023-05-10 09:32:08,OP10005348,300ETF购12月3700,0.0,0.0,0.0,0.0,30,0.4293,0.4368,35,0.449,0.421,0.0,0.0,0.0,0.0,144
2023-05-10 09:32:08,OP10005348,300ETF购12月3700,0.0,0.0,0.0,0.0,40,0.4293,0.4368,35,0.449,0.421,0.0,0.0,0.0,0.0,144
2023-05-10 09:32:11,OP10005348,300ETF购12月3700,0.0,0.0,0.0,0.0,30,0.4293,0.4368,35,0.449,0.421,0.0,0.0,0.0,0.0,144
2023-05-10 09:32:11,OP10005348,300ETF购12月3700,0.0,0.0,0.0,0.0,40,0.4293,0.4368,35,0.449,0.421,0.0,0.0,0.0,0.0,144
2023-05-10 09:32:11,OP10005348,300ETF购12月3700,0.0,0.0,0.0,0.0,30,0.4293,0.4368,35,0.449,0.421,0.0,0.0,0.0,0.0,144
2023-05-10 09:32:11,OP10005348,300ETF购12月3700,0.0,0.0,0.0,0.0,40,0.4293,0.4368,35,0.449,0.421,0.0,0.0,0.0,0.0,144
2023-05-10 09:32:11,OP10005348,300ETF购12月3700,0.0,0.0,0.0,0.0,30,0.4293,0.4368,35,0.449,0.421,0.0,0.0,0.0,0.0,144
2023-05-10 09:32:11,OP10005348,300ETF购12月3700,0.0,0.0,0.0,0.0,40,0.4293,0.4368,35,0.449,0.421,0.0,0.0,0.0,0.0,144
2023-05-10 09:32:14,OP10005348,300ETF购12月3700,0.0,0.0,0.0,0.0,30,0.4293,0.4368,35,0.449,0.421,0.0,0.0,0.0,0.0,144
2023-05-10 09:32:14,OP10005348,300ETF购12月3700,0.0,0.0,0.0,0.0,40,0.4293,0.4368,35,0.449,0.421,0.0,0.0,0.0,0.0,144
2023-05-10 09:32:14,OP10005348,300ETF购12月3700,0.0,0.0,0.0,0.0,30,0.4293,0.4368,35,0.449,0.421,0.0,0.0,0.0,0.0,144
2023-05-10 09:32:14,OP10005348,300ETF购12月3700,0.0,0.0,0.0,0.0,40,0.4293,0.4368,35,0.449,0.421,0.0,0.0,0.0,0.0,144
2023-05-10 09:32:14,OP10005348,300ETF购12月3700,0.0,0.0,0.0,0.0,30,0.4293,0.4368,35,0.449,0.421,0.0,0.0,0.0,0.0,144
2023-05-10 09:32:14,OP10005348,300ETF购12月3700,0.0,0.0,0.0,0.0,40,0.4293,0.4368,35,0.449,0.421,0.0,0.0,0.0,0.0,144
2023-05-10 09:32:17,OP10005348,300ETF购12月3700,0.0,0.0,0.0,0.0,30,0.4293,0.4368,35,0.449,0.421,0.0,0.0,0.0,0.0,144
2023-05-10 09:32:17,OP10005348,300ETF购12月3700,0.0,0.0,0.0,0.0,55,0.4293,0.4376,30,0.449,0.421,0.0,0.0,0.0,0.0,144
2023-05-10 09:32:17,OP10005348,300ETF购12月3700,0.0,0.0,0.0,0.0,10,0.4311,0.4376,20,0.449,0.421,0.0,0.0,0.0,0.0,144
2023-05-10 09:32:17,OP10005348,300ETF购12月3700,0.0,0.0,0.0,0.0,30,0.4311,0.4376,20,0.449,0.421,0.0,0.0,0.0,0.0,144
2023-05-10 09:32:17,OP10005348,300ETF购12月3700,0.0,0.0,0.0,0.0,30,0.4311,0.4376,20,0.449,0.421,0.0,0.0,0.0,0.0,144
2023-05-10 09:32:17,OP10005348,300ETF购12月3700,0.0,0.0,0.0,0.0,30,0.4311,0.4376,20,0.449,0.421,0.0,0.0,0.0,0.0,144
2023-05-10 09:32:20,OP10005348,300ETF购12月3700,0.0,0.0,0.0,0.0,30,0.4311,0.4376,20,0.449,0.421,0.0,0.0,0.0,0.0,144
2023-05-10 09:32:20,OP10005348,300ETF购12月3700,0.0,0.0,0.0,0.0,30,0.4311,0.4376,20,0.449,0.421,0.0,0.0,0.0,0.0,144
2023-05-10 09:32:20,OP10005348,300ETF购12月3700,0.0,0.0,0.0,0.0,30,0.4311,0.4376,20,0.449,0.421,0.0,0.0,0.0,0.0,144
2023-05-10 09:32:20,OP10005348,300ETF购12月3700,0.0,0.0,0.0,0.0,30,0.4311,0.4376,20,0.449,0.421,0.0,0.0,0.0,0.0,144
2023-05-10 09:32:20,OP10005348,300ETF购12月3700,0.0,0.0,0.0,0.0,30,0.4311,0.4376,20,0.449,0.421,0.0,0.0,0.0,0.0,144
2023-05-10 09:32:20,OP10005348,300ETF购12月3700,0.0,0.0,0.0,0.0,30,0.4311,0.4376,20,0.449,0.421,0.0,0.0,0.0,0.0,144
2023-05-10 09:32:23,OP10005348,300ETF购12月3700,0.0,0.0,0.0,0.0,30,0.4311,0.4376,20,0.449,0.421,0.0,0.0,0.0,0.0,144
2023-05-10 09:32:23,OP10005348,300ETF购12月3700,0.0,0.0,0.0,0.0,30,0.4311,0.4376,20,0.449,0.421,0.0,0.0,0.0,0.0,144
2023-05-10 09:32:23,OP10005348,300ETF购12月3700,0.0,0.0,0.0,0.0,30,0.4311,0.4376,20,0.449,0.421,0.0,0.0,0.0,0.0,144
2023-05-10 09:32:23,OP10005348,300ETF购12月3700,0.0,0.0,0.0,0.0,30,0.4311,0.4376,20,0.449,0.421,0.0,0.0,0.0,0.0,144
2023-05-10 09:32:23,OP10005348,300ETF购12月3700,0.0,0.0,0.0,0.0,30,0.4311,0.4376,20,0.449,0.421,0.0,0.0,0.0,0.0,144
2023-05-10 09:32:23,OP10005348,300ETF购12月3700,0.0,0.0,0.0,0.0,30,0.4311,0.4376,20,0.449,0.421,0.0,0.0,0.0,0.0,144
2023-05-10 09:32:26,OP10005348,300ETF购12月3700,0.0,0.0,0.0,0.0,30,0.4311,0.4376,20,0.449,0.421,0.0,0.0,0.0,0.0,144
2023-05-10 09:32:26,OP10005348,300ETF购12月3700,0.0,0.0,0.0,0.0,30,0.4311,0.4376,20,0.449,0.421,0.0,0.0,0.0,0.0,144
2023-05-10 09:32:26,OP10005348,300ETF购12月3700,0.0,0.0,0.0,0.0,30,0.4311,0.437,15,0.449,0.421,0.0,0.0,0.0,0.0,144
2023-05-10 09:32:26,OP10005348,300ETF购12月3700,0.0,0.0,0.0,0.0,30,0.4311,0.437,15,0.449,0.421,0.0,0.0,0.0,0.0,144
2023-05-10 09:32:26,OP10005348,300ETF购12月3700,0.0,0.0,0.0,0.0,30,0.4311,0.437,15,0.449,0.421,0.0,0.0,0.0,0.0,144
2023-05-10 09:32:29,OP10005348,300ETF购12月3700,0.0,0.0,0.0,0.0,30,0.4311,0.4375,20,0.449,0.421,0.0,0.0,0.0,0.0,144
2023-05-10 09:32:29,OP10005348,300ETF购12月3700,0.0,0.0,0.0,0.0,30,0.4311,0.4375,20,0.449,0.421,0.0,0.0,0.0,0.0,144
2023-05-10 09:32:29,OP10005348,300ETF购12月3700,0.0,0.0,0.0,0.0,30,0.4311,0.4375,20,0.449,0.421,0.0,0.0,0.0,0.0,144
2023-05-10 09:32:29,OP10005348,300ETF购12月3700,0.0,0.0,0.0,0.0,30,0.4311,0.4375,20,0.449,0.421,0.0,0.0,0.0,0.0,144
2023-05-10 09:32:29,OP10005348,300ETF购12月3700,0.0,0.0,0.0,0.0,30,0.4311,0.4375,20,0.449,0.421,0.0,0.0,0.0,0.0,144
2023-05-10 09:32:29,OP10005348,300ETF购12月3700,0.0,0.0,0.0,0.0,20,0.4311,0.4375,20,0.449,0.421,0.0,0.0,0.0,0.0,144
2023-05-10 09:32:32,OP10005348,300ETF购12月3700,0.0,0.0,0.0,0.0,20,0.4311,0.4375,20,0.449,0.421,0.0,0.0,0.0,0.0,144
2023-05-10 09:32:32,OP10005348,300ETF购12月3700,0.0,0.0,0.0,0.0,20,0.4311,0.4375,20,0.449,0.421,0.0,0.0,0.0,0.0,144
2023-05-10 09:32:32,OP10005348,300ETF购12月3700,0.0,0.0,0.0,0.0,20,0.4311,0.4375,10,0.449,0.421,0.0,0.0,0.0,0.0,144
2023-05-10 09:32:32,OP10005348,300ETF购12月3700,0.0,0.0,0.0,0.0,20,0.4311,0.4376,20,0.449,0.421,0.0,0.0,0.0,0.0,144
2023-05-10 09:32:32,OP10005348,300ETF购12月3700,0.0,0.0,0.0,0.0,10,0.4305,0.4376,20,0.449,0.421,0.0,0.0,0.0,0.0,144
2023-05-10 09:32:32,OP10005348,300ETF购12月3700,0.0,0.0,0.0,0.0,30,0.4304,0.4376,20,0.449,0.421,0.0,0.0,0.0,0.0,144
2023-05-10 09:32:35,OP10005348,300ETF购12月3700,0.0,0.0,0.0,0.0,30,0.4304,0.4376,30,0.449,0.421,0.0,0.0,0.0,0.0,144
2023-05-10 09:32:35,OP10005348,300ETF购12月3700,0.0,0.0,0.0,0.0,30,0.4304,0.4376,30,0.449,0.421,0.0,0.0,0.0,0.0,144
2023-05-10 09:32:35,OP10005348,300ETF购12月3700,0.0,0.0,0.0,0.0,30,0.4304,0.4376,30,0.449,0.421,0.0,0.0,0.0,0.0,144
2023-05-10 09:32:35,OP10005348,300ETF购12月3700,0.0,0.0,0.0,0.0,30,0.4304,0.4376,30,0.449,0.421,0.0,0.0,0.0,0.0,144
2023-05-10 09:32:35,OP10005348,300ETF购12月3700,0.0,0.0,0.0,0.0,30,0.4304,0.4376,30,0.449,0.421,0.0,0.0,0.0,0.0,144
2023-05-10 09:32:35,OP10005348,300ETF购12月3700,0.0,0.0,0.0,0.0,30,0.4304,0.4376,30,0.449,0.421,0.0,0.0,0.0,0.0,144
2023-05-10 09:32:38,OP10005348,300ETF购12月3700,0.0,0.0,0.0,0.0,30,0.4304,0.4376,20,0.449,0.421,0.0,0.0,0.0,0.0,144
2023-05-10 09:32:38,OP10005348,300ETF购12月3700,0.0,0.0,0.0,0.0,30,0.4304,0.4376,20,0.449,0.421,0.0,0.0,0.0,0.0,144
2023-05-10 09:32:38,OP10005348,300ETF购12月3700,0.0,0.0,0.0,0.0,30,0.4304,0.4376,20,0.449,0.421,0.0,0.0,0.0,0.0,144
2023-05-10 09:32:38,OP10005348,300ETF购12月3700,0.0,0.0,0.0,0.0,30,0.4304,0.4376,20,0.449,0.421,0.0,0.0,0.0,0.0,144
2023-05-10 09:32:38,OP10005348,300ETF购12月3700,0.0,0.0,0.0,0.0,30,0.4304,0.4376,20,0.449,0.421,0.0,0.0,0.0,0.0,144
2023-05-10 09:32:38,OP10005348,300ETF购12月3700,0.0,0.0,0.0,0.0,30,0.4304,0.4376,20,0.449,0.421,0.0,0.0,0.0,0.0,144
2023-05-10 09:32:41,OP10005348,300ETF购12月3700,0.0,0.0,0.0,0.0,30,0.4304,0.4376,20,0.449,0.421,0.0,0.0,0.0,0.0,144
2023-05-10 09:32:41,OP10005348,300ETF购12月3700,0.0,0.0,0.0,0.0,30,0.4304,0.4376,20,0.449,0.421,0.0,0.0,0.0,0.0,144
2023-05-10 09:32:41,OP10005348,300ETF购12月3700,0.0,0.0,0.0,0.0,30,0.4304,0.4376,20,0.449,0.421,0.0,0.0,0.0,0.0,144
2023-05-10 09:32:41,OP10005348,300ETF购12月3700,0.0,0.0,0.0,0.0,30,0.4304,0.4376,20,0.449,0.421,0.0,0.0,0.0,0.0,144
2023-05-10 09:32:41,OP10005348,300ETF购12月3700,0.0,0.0,0.0,0.0,30,0.4304,0.4376,20,0.449,0.421,0.0,0.0,0.0,0.0,144
2023-05-10 09:32:41,OP10005348,300ETF购12月3700,0.0,0.0,0.0,0.0,30,0.4304,0.4376,20,0.449,0.421,0.0,0.0,0.0,0.0,144
2023-05-10 09:32:44,OP10005348,300ETF购12月3700,0.0,0.0,0.0,0.0,30,0.4304,0.437,15,0.449,0.421,0.0,0.0,0.0,0.0,144
2023-05-10 09:32:44,OP10005348,300ETF购12月3700,0.0,0.0,0.0,0.0,30,0.4304,0.437,15,0.449,0.421,0.0,0.0,0.0,0.0,144
2023-05-10 09:32:44,OP10005348,300ETF购12月3700,0.0,0.0,0.0,0.0,30,0.4304,0.437,15,0.449,0.421,0.0,0.0,0.0,0.0,144
2023-05-10 09:32:44,OP10005348,300ETF购12月3700,0.0,0.0,0.0,0.0,30,0.4304,0.437,15,0.449,0.421,0.0,0.0,0.0,0.0,144
2023-05-10 09:32:44,OP10005348,300ETF购12月3700,0.0,0.0,0.0,0.0,30,0.4304,0.437,15,0.449,0.421,0.0,0.0,0.0,0.0,144
2023-05-10 09:32:44,OP10005348,300ETF购12月3700,0.0,0.0,0.0,0.0,30,0.4304,0.437,15,0.449,0.421,0.0,0.0,0.0,0.0,144
2023-05-10 09:32:47,OP10005348,300ETF购12月3700,0.0,0.0,0.0,0.0,30,0.4304,0.437,15,0.449,0.421,0.0,0.0,0.0,0.0,144
2023-05-10 09:32:47,OP10005348,300ETF购12月3700,0.0,0.0,0.0,0.0,30,0.4304,0.437,15,0.449,0.421,0.0,0.0,0.0,0.0,144
2023-05-10 09:32:47,OP10005348,300ETF购12月3700,0.0,0.0,0.0,0.0,30,0.4304,0.437,15,0.449,0.421,0.0,0.0,0.0,0.0,144
2023-05-10 09:32:47,OP10005348,300ETF购12月3700,0.0,0.0,0.0,0.0,30,0.4304,0.437,15,0.449,0.421,0.0,0.0,0.0,0.0,144
2023-05-10 09:32:47,OP10005348,300ETF购12月3700,0.0,0.0,0.0,0.0,30,0.4304,0.437,15,0.449,0.421,0.0,0.0,0.0,0.0,144
2023-05-10 09:32:47,OP10005348,300ETF购12月3700,0.0,0.0,0.0,0.0,30,0.4304,0.437,15,0.449,0.421,0.0,0.0,0.0,0.0,144
2023-05-10 09:32:50,OP10005348,300ETF购12月3700,0.0,0.0,0.0,0.0,30,0.4304,0.437,15,0.449,0.421,0.0,0.0,0.0,0.0,144
2023-05-10 09:32:50,OP10005348,300ETF购12月3700,0.0,0.0,0.0,0.0,30,0.4304,0.437,15,0.449,0.421,0.0,0.0,0.0,0.0,144
2023-05-10 09:32:50,OP10005348,300ETF购12月3700,0.0,0.0,0.0,0.0,30,0.4304,0.437,15,0.449,0.421,0.0,0.0,0.0,0.0,144
2023-05-10 09:32:50,OP10005348,300ETF购12月3700,0.0,0.0,0.0,0.0,30,0.4304,0.437,15,0.449,0.421,0.0,0.0,0.0,0.0,144
2023-05-10 09:32:50,OP10005348,300ETF购12月3700,0.0,0.0,0.0,0.0,30,0.4304,0.437,15,0.449,0.421,0.0,0.0,0.0,0.0,144
2023-05-10 09:32:50,OP10005348,300ETF购12月3700,0.0,0.0,0.0,0.0,30,0.4304,0.437,15,0.449,0.421,0.0,0.0,0.0,0.0,144
2023-05-10 09:32:53,OP10005348,300ETF购12月3700,0.0,0.0,0.0,0.0,30,0.4304,0.437,15,0.449,0.421,0.0,0.0,0.0,0.0,144
2023-05-10 09:32:53,OP10005348,300ETF购12月3700,0.0,0.0,0.0,0.0,30,0.4304,0.437,15,0.449,0.421,0.0,0.0,0.0,0.0,144
2023-05-10 09:32:53,OP10005348,300ETF购12月3700,0.0,0.0,0.0,0.0,30,0.4304,0.437,15,0.449,0.421,0.0,0.0,0.0,0.0,144
2023-05-10 09:32:53,OP10005348,300ETF购12月3700,0.0,0.0,0.0,0.0,30,0.4304,0.437,15,0.449,0.421,0.0,0.0,0.0,0.0,144
2023-05-10 09:32:53,OP10005348,300ETF购12月3700,0.0,0.0,0.0,0.0,30,0.4304,0.437,15,0.449,0.421,0.0,0.0,0.0,0.0,144
2023-05-10 09:32:53,OP10005348,300ETF购12月3700,0.0,0.0,0.0,0.0,30,0.4304,0.437,15,0.449,0.421,0.0,0.0,0.0,0.0,144
2023-05-10 09:32:56,OP10005348,300ETF购12月3700,0.0,0.0,0.0,0.0,30,0.4304,0.437,15,0.449,0.421,0.0,0.0,0.0,0.0,144
2023-05-10 09:32:56,OP10005348,300ETF购12月3700,0.0,0.0,0.0,0.0,30,0.4304,0.437,15,0.449,0.421,0.0,0.0,0.0,0.0,144
2023-05-10 09:32:56,OP10005348,300ETF购12月3700,0.0,0.0,0.0,0.0,30,0.4304,0.437,15,0.449,0.421,0.0,0.0,0.0,0.0,144
2023-05-10 09:32:56,OP10005348,300ETF购12月3700,0.0,0.0,0.0,0.0,30,0.4304,0.437,15,0.449,0.421,0.0,0.0,0.0,0.0,144
2023-05-10 09:32:56,OP10005348,300ETF购12月3700,0.0,0.0,0.0,0.0,30,0.4304,0.437,15,0.449,0.421,0.0,0.0,0.0,0.0,144
2023-05-10 09:32:56,OP10005348,300ETF购12月3700,0.0,0.0,0.0,0.0,30,0.4304,0.437,15,0.449,0.421,0.0,0.0,0.0,0.0,144
2023-05-10 09:32:59,OP10005348,300ETF购12月3700,0.0,0.0,0.0,0.0,30,0.4304,0.437,15,0.449,0.421,0.0,0.0,0.0,0.0,144
2023-05-10 09:32:59,OP10005348,300ETF购12月3700,0.0,0.0,0.0,0.0,10,0.4311,0.4376,20,0.449,0.421,0.0,0.0,0.0,0.0,144
2023-05-10 09:32:59,OP10005348,300ETF购12月3700,0.0,0.0,0.0,0.0,30,0.4311,0.4376,20,0.449,0.421,0.0,0.0,0.0,0.0,144
2023-05-10 09:32:59,OP10005348,300ETF购12月3700,0.0,0.0,0.0,0.0,30,0.4311,0.4376,20,0.449,0.421,0.0,0.0,0.0,0.0,144
2023-05-10 09:32:59,OP10005348,300ETF购12月3700,0.0,0.0,0.0,0.0,30,0.4311,0.4376,20,0.449,0.421,0.0,0.0,0.0,0.0,144
2023-05-10 09:32:59,OP10005348,300ETF购12月3700,0.0,0.0,0.0,0.0,30,0.4311,0.4376,20,0.449,0.421,0.0,0.0,0.0,0.0,144
2023-05-10 09:32:59,OP10005348,300ETF购12月3700,0.0,0.0,0.0,0.0,30,0.4311,0.4376,20,0.449,0.421,0.0,0.0,0.0,0.0,144
2023-05-10 09:33:02,OP10005348,300ETF购12月3700,0.0,0.0,0.0,0.0,30,0.4311,0.4376,20,0.449,0.421,0.0,0.0,0.0,0.0,144
2023-05-10 09:33:02,OP10005348,300ETF购12月3700,0.0,0.0,0.0,0.0,31,0.4311,0.4376,20,0.449,0.421,0.0,0.0,0.0,0.0,144
2023-05-10 09:33:02,OP10005348,300ETF购12月3700,0.0,0.0,0.0,0.0,31,0.4311,0.4376,20,0.449,0.421,0.0,0.0,0.0,0.0,144
2023-05-10 09:33:02,OP10005348,300ETF购12月3700,0.0,0.0,0.0,0.0,31,0.4311,0.4376,20,0.449,0.421,0.0,0.0,0.0,0.0,144
2023-05-10 09:33:02,OP10005348,300ETF购12月3700,0.0,0.0,0.0,0.0,31,0.4311,0.4376,20,0.449,0.421,0.0,0.0,0.0,0.0,144
2023-05-10 09:33:05,OP10005348,300ETF购12月3700,0.0,0.0,0.0,0.0,31,0.4311,0.4376,20,0.449,0.421,0.0,0.0,0.0,0.0,144
2023-05-10 09:33:05,OP10005348,300ETF购12月3700,0.0,0.0,0.0,0.0,31,0.4311,0.4376,20,0.449,0.421,0.0,0.0,0.0,0.0,144
2023-05-10 09:33:05,OP10005348,300ETF购12月3700,0.0,0.0,0.0,0.0,30,0.4311,0.4376,20,0.449,0.421,0.0,0.0,0.0,0.0,144
2023-05-10 09:33:05,OP10005348,300ETF购12月3700,0.0,0.0,0.0,0.0,30,0.4311,0.4376,20,0.449,0.421,0.0,0.0,0.0,0.0,144
2023-05-10 09:33:08,OP10005348,300ETF购12月3700,0.0,0.0,0.0,0.0,30,0.4311,0.4376,20,0.449,0.421,0.0,0.0,0.0,0.0,144
2023-05-10 09:33:08,OP10005348,300ETF购12月3700,0.0,0.0,0.0,0.0,30,0.4311,0.4376,20,0.449,0.421,0.0,0.0,0.0,0.0,144
2023-05-10 09:33:08,OP10005348,300ETF购12月3700,0.0,0.0,0.0,0.0,30,0.4311,0.4376,20,0.449,0.421,0.0,0.0,0.0,0.0,144
2023-05-10 09:33:08,OP10005348,300ETF购12月3700,0.0,0.0,0.0,0.0,30,0.4311,0.4376,30,0.449,0.421,0.0,0.0,0.0,0.0,144
2023-05-10 09:33:08,OP10005348,300ETF购12月3700,0.0,0.0,0.0,0.0,31,0.4311,0.4376,30,0.449,0.421,0.0,0.0,0.0,0.0,144
2023-05-10 09:33:08,OP10005348,300ETF购12月3700,0.0,0.0,0.0,0.0,31,0.4311,0.4376,20,0.449,0.421,0.0,0.0,0.0,0.0,144
2023-05-10 09:33:11,OP10005348,300ETF购12月3700,0.0,0.0,0.0,0.0,31,0.4311,0.4379,10,0.449,0.421,0.0,0.0,0.0,0.0,144
2023-05-10 09:33:11,OP10005348,300ETF购12月3700,0.0,0.0,0.0,0.0,31,0.4311,0.4384,10,0.449,0.421,0.0,0.0,0.0,0.0,144
2023-05-10 09:33:11,OP10005348,300ETF购12月3700,0.0,0.0,0.0,0.0,31,0.4311,0.4386,20,0.449,0.421,0.0,0.0,0.0,0.0,144
2023-05-10 09:33:11,OP10005348,300ETF购12月3700,0.0,0.0,0.0,0.0,31,0.4311,0.4386,20,0.449,0.421,0.0,0.0,0.0,0.0,144
2023-05-10 09:33:14,OP10005348,300ETF购12月3700,0.0,0.0,0.0,0.0,31,0.4311,0.4386,20,0.449,0.421,0.0,0.0,0.0,0.0,144
2023-05-10 09:33:14,OP10005348,300ETF购12月3700,0.0,0.0,0.0,0.0,31,0.4311,0.4388,45,0.449,0.421,0.0,0.0,0.0,0.0,144
2023-05-10 09:33:14,OP10005348,300ETF购12月3700,0.0,0.0,0.0,0.0,10,0.4328,0.4388,10,0.449,0.421,0.0,0.0,0.0,0.0,144
2023-05-10 09:33:14,OP10005348,300ETF购12月3700,0.0,0.0,0.0,0.0,31,0.4328,0.4393,20,0.449,0.421,0.0,0.0,0.0,0.0,144
2023-05-10 09:33:14,OP10005348,300ETF购12月3700,0.0,0.0,0.0,0.0,31,0.4328,0.4393,20,0.449,0.421,0.0,0.0,0.0,0.0,144
2023-05-10 09:33:17,OP10005348,300ETF购12月3700,0.0,0.0,0.0,0.0,31,0.4328,0.4393,20,0.449,0.421,0.0,0.0,0.0,0.0,144
2023-05-10 09:33:17,OP10005348,300ETF购12月3700,0.0,0.0,0.0,0.0,31,0.4328,0.4393,20,0.449,0.421,0.0,0.0,0.0,0.0,144
2023-05-10 09:33:17,OP10005348,300ETF购12月3700,0.0,0.0,0.0,0.0,31,0.4328,0.4393,20,0.449,0.421,0.0,0.0,0.0,0.0,144
2023-05-10 09:33:17,OP10005348,300ETF购12月3700,0.0,0.0,0.0,0.0,31,0.4328,0.4393,20,0.449,0.421,0.0,0.0,0.0,0.0,144
2023-05-10 09:33:17,OP10005348,300ETF购12月3700,0.0,0.0,0.0,0.0,31,0.4328,0.4396,20,0.449,0.421,0.0,0.0,0.0,0.0,144
2023-05-10 09:33:17,OP10005348,300ETF购12月3700,0.0,0.0,0.0,0.0,31,0.4328,0.4396,10,0.449,0.421,0.0,0.0,0.0,0.0,144
2023-05-10 09:33:20,OP10005348,300ETF购12月3700,0.0,0.0,0.0,0.0,31,0.4328,0.4398,15,0.449,0.421,0.0,0.0,0.0,0.0,144
2023-05-10 09:33:20,OP10005348,300ETF购12月3700,0.0,0.0,0.0,0.0,31,0.4328,0.4398,15,0.449,0.421,0.0,0.0,0.0,0.0,144
2023-05-10 09:33:23,OP10005348,300ETF购12月3700,0.0,0.0,0.0,0.0,15,0.4338,0.4389,15,0.449,0.421,0.0,0.0,0.0,0.0,144
2023-05-10 09:33:23,OP10005348,300ETF购12月3700,0.0,0.0,0.0,0.0,36,0.4338,0.4389,15,0.449,0.421,0.0,0.0,0.0,0.0,144
2023-05-10 09:33:26,OP10005348,300ETF购12月3700,0.0,0.0,0.0,0.0,21,0.4338,0.4401,30,0.449,0.421,0.0,0.0,0.0,0.0,144
2023-05-10 09:33:26,OP10005348,300ETF购12月3700,0.0,0.0,0.0,0.0,15,0.4347,0.4398,15,0.449,0.421,0.0,0.0,0.0,0.0,144
2023-05-10 09:33:26,OP10005348,300ETF购12月3700,0.0,0.0,0.0,0.0,35,0.4347,0.4398,15,0.449,0.421,0.0,0.0,0.0,0.0,144
2023-05-10 09:33:29,OP10005348,300ETF购12月3700,0.0,0.0,0.0,0.0,45,0.4347,0.4398,15,0.449,0.421,0.0,0.0,0.0,0.0,144
2023-05-10 09:33:29,OP10005348,300ETF购12月3700,0.0,0.0,0.0,0.0,46,0.4347,0.4398,15,0.449,0.421,0.0,0.0,0.0,0.0,144
2023-05-10 09:33:29,OP10005348,300ETF购12月3700,0.0,0.0,0.0,0.0,31,0.4347,0.4389,15,0.449,0.421,0.0,0.0,0.0,0.0,144
2023-05-10 09:33:29,OP10005348,300ETF购12月3700,0.0,0.0,0.0,0.0,31,0.4347,0.4389,15,0.449,0.421,0.0,0.0,0.0,0.0,144
2023-05-10 09:33:29,OP10005348,300ETF购12月3700,0.0,0.0,0.0,0.0,31,0.4347,0.4389,15,0.449,0.421,0.0,0.0,0.0,0.0,144
2023-05-10 09:33:32,OP10005348,300ETF购12月3700,0.0,0.0,0.0,0.0,21,0.4347,0.4389,15,0.449,0.421,0.0,0.0,0.0,0.0,144
2023-05-10 09:33:32,OP10005348,300ETF购12月3700,0.0,0.0,0.0,0.0,21,0.4347,0.4389,15,0.449,0.421,0.0,0.0,0.0,0.0,144
2023-05-10 09:33:38,OP10005348,300ETF购12月3700,0.0,0.0,0.0,0.0,21,0.4347,0.4389,15,0.449,0.421,0.0,0.0,0.0,0.0,144
2023-05-10 09:33:38,OP10005348,300ETF购12月3700,0.0,0.0,0.0,0.0,1,0.4348,0.4391,30,0.449,0.421,0.0,0.0,0.0,0.0,144
2023-05-10 09:33:41,OP10005348,300ETF购12月3700,0.0,0.0,0.0,0.0,1,0.4348,0.4376,15,0.449,0.421,0.0,0.0,0.0,0.0,144
2023-05-10 09:33:41,OP10005348,300ETF购12月3700,0.0,0.0,0.0,0.0,1,0.4348,0.4376,15,0.449,0.421,0.0,0.0,0.0,0.0,144
2023-05-10 09:33:41,OP10005348,300ETF购12月3700,0.0,0.0,0.0,0.0,20,0.4347,0.4376,15,0.449,0.421,0.0,0.0,0.0,0.0,144
2023-05-10 09:33:41,OP10005348,300ETF购12月3700,0.0,0.0,0.0,0.0,1,0.4344,0.4376,15,0.449,0.421,0.0,0.0,0.0,0.0,144
2023-05-10 09:33:41,OP10005348,300ETF购12月3700,0.0,0.0,0.0,0.0,1,0.4344,0.4376,15,0.449,0.421,0.0,0.0,0.0,0.0,144
2023-05-10 09:33:44,OP10005348,300ETF购12月3700,0.0,0.0,0.0,0.0,1,0.4344,0.4376,15,0.449,0.421,0.0,0.0,0.0,0.0,144
2023-05-10 09:33:47,OP10005348,300ETF购12月3700,0.0,0.0,0.0,0.0,1,0.4344,0.4376,15,0.449,0.421,0.0,0.0,0.0,0.0,144
2023-05-10 09:33:50,OP10005348,300ETF购12月3700,0.0,0.0,0.0,0.0,1,0.4344,0.4376,15,0.449,0.421,0.0,0.0,0.0,0.0,144
2023-05-10 09:33:50,OP10005348,300ETF购12月3700,0.0,0.0,0.0,0.0,1,0.4345,0.4384,20,0.449,0.421,0.0,0.0,0.0,0.0,144
2023-05-10 09:33:53,OP10005348,300ETF购12月3700,0.0,0.0,0.0,0.0,21,0.4345,0.4385,15,0.449,0.421,0.0,0.0,0.0,0.0,144
2023-05-10 09:33:53,OP10005348,300ETF购12月3700,0.0,0.0,0.0,0.0,21,0.4345,0.4385,15,0.449,0.421,0.0,0.0,0.0,0.0,144
2023-05-10 09:33:53,OP10005348,300ETF购12月3700,0.0,0.0,0.0,0.0,21,0.4345,0.4385,15,0.449,0.421,0.0,0.0,0.0,0.0,144
2023-05-10 09:34:02,OP10005348,300ETF购12月3700,0.0,0.0,0.0,0.0,1,0.4346,0.4374,15,0.449,0.421,0.0,0.0,0.0,0.0,144
2023-05-10 09:34:02,OP10005348,300ETF购12月3700,0.0,0.0,0.0,0.0,1,0.4346,0.4374,15,0.449,0.421,0.0,0.0,0.0,0.0,144
2023-05-10 09:34:02,OP10005348,300ETF购12月3700,0.0,0.0,0.0,0.0,1,0.4346,0.4374,15,0.449,0.421,0.0,0.0,0.0,0.0,144
2023-05-10 09:34:02,OP10005348,300ETF购12月3700,0.0,0.0,0.0,0.0,1,0.4343,0.4374,15,0.449,0.421,0.0,0.0,0.0,0.0,144
2023-05-10 09:34:02,OP10005348,300ETF购12月3700,0.0,0.0,0.0,0.0,1,0.4343,0.4374,15,0.449,0.421,0.0,0.0,0.0,0.0,144
2023-05-10 09:34:05,OP10005348,300ETF购12月3700,0.0,0.0,0.0,0.0,1,0.434,0.4374,15,0.449,0.421,0.0,0.0,0.0,0.0,144
2023-05-10 09:34:05,OP10005348,300ETF购12月3700,0.0,0.0,0.0,0.0,1,0.434,0.4374,15,0.449,0.421,0.0,0.0,0.0,0.0,144
2023-05-10 09:34:05,OP10005348,300ETF购12月3700,0.0,0.0,0.0,0.0,21,0.4338,0.4374,15,0.449,0.421,0.0,0.0,0.0,0.0,144
2023-05-10 09:34:05,OP10005348,300ETF购12月3700,0.0,0.0,0.0,0.0,21,0.4338,0.4374,15,0.449,0.421,0.0,0.0,0.0,0.0,144
2023-05-10 09:34:08,OP10005348,300ETF购12月3700,0.0,0.0,0.0,0.0,21,0.4338,0.4374,15,0.449,0.421,0.0,0.0,0.0,0.0,144
2023-05-10 09:34:08,OP10005348,300ETF购12月3700,0.0,0.0,0.0,0.0,21,0.4338,0.4374,15,0.449,0.421,0.0,0.0,0.0,0.0,144
2023-05-10 09:34:11,OP10005348,300ETF购12月3700,0.0,0.0,0.0,0.0,20,0.433,0.4374,15,0.449,0.421,0.0,0.0,0.0,0.0,144
2023-05-10 09:34:11,OP10005348,300ETF购12月3700,0.0,0.0,0.0,0.0,21,0.433,0.4374,15,0.449,0.421,0.0,0.0,0.0,0.0,144
2023-05-10 09:34:11,OP10005348,300ETF购12月3700,0.0,0.0,0.0,0.0,21,0.433,0.4374,15,0.449,0.421,0.0,0.0,0.0,0.0,144
2023-05-10 09:34:17,OP10005348,300ETF购12月3700,0.0,0.0,0.0,0.0,21,0.433,0.4365,15,0.449,0.421,0.0,0.0,0.0,0.0,144
2023-05-10 09:34:17,OP10005348,300ETF购12月3700,0.0,0.0,0.0,0.0,21,0.433,0.4365,15,0.449,0.421,0.0,0.0,0.0,0.0,144
2023-05-10 09:34:20,OP10005348,300ETF购12月3700,0.0,0.0,0.0,0.0,21,0.433,0.4365,15,0.449,0.421,0.0,0.0,0.0,0.0,144
2023-05-10 09:34:20,OP10005348,300ETF购12月3700,0.0,0.0,0.0,0.0,1,0.4331,0.4365,15,0.449,0.421,0.0,0.0,0.0,0.0,144
2023-05-10 09:34:20,OP10005348,300ETF购12月3700,0.0,0.0,0.0,0.0,1,0.4331,0.4365,15,0.449,0.421,0.0,0.0,0.0,0.0,144
2023-05-10 09:34:23,OP10005348,300ETF购12月3700,0.0,0.0,0.0,0.0,20,0.433,0.4365,15,0.449,0.421,0.0,0.0,0.0,0.0,144
2023-05-10 09:34:23,OP10005348,300ETF购12月3700,0.0,0.0,0.0,0.0,20,0.433,0.4365,15,0.449,0.421,0.0,0.0,0.0,0.0,144
2023-05-10 09:34:23,OP10005348,300ETF购12月3700,0.0,0.0,0.0,0.0,20,0.433,0.4365,15,0.449,0.421,0.0,0.0,0.0,0.0,144
2023-05-10 09:34:26,OP10005348,300ETF购12月3700,0.0,0.0,0.0,0.0,21,0.433,0.4365,15,0.449,0.421,0.0,0.0,0.0,0.0,144
2023-05-10 09:34:26,OP10005348,300ETF购12月3700,0.0,0.0,0.0,0.0,1,0.433,0.4365,15,0.449,0.421,0.0,0.0,0.0,0.0,144
2023-05-10 09:34:26,OP10005348,300ETF购12月3700,0.0,0.0,0.0,0.0,1,0.433,0.4365,15,0.449,0.421,0.0,0.0,0.0,0.0,144
2023-05-10 09:34:26,OP10005348,300ETF购12月3700,0.0,0.0,0.0,0.0,1,0.433,0.4365,15,0.449,0.421,0.0,0.0,0.0,0.0,144
2023-05-10 09:34:29,OP10005348,300ETF购12月3700,0.0,0.0,0.0,0.0,21,0.4329,0.4365,15,0.449,0.421,0.0,0.0,0.0,0.0,144
2023-05-10 09:34:29,OP10005348,300ETF购12月3700,0.0,0.0,0.0,0.0,20,0.4329,0.4365,15,0.449,0.421,0.0,0.0,0.0,0.0,144
2023-05-10 09:34:29,OP10005348,300ETF购12月3700,0.0,0.0,0.0,0.0,20,0.4329,0.4365,15,0.449,0.421,0.0,0.0,0.0,0.0,144
2023-05-10 09:34:29,OP10005348,300ETF购12月3700,0.0,0.0,0.0,0.0,20,0.4329,0.4365,15,0.449,0.421,0.0,0.0,0.0,0.0,144
2023-05-10 09:34:29,OP10005348,300ETF购12月3700,0.0,0.0,0.0,0.0,20,0.4329,0.4365,15,0.449,0.421,0.0,0.0,0.0,0.0,144
2023-05-10 09:34:29,OP10005348,300ETF购12月3700,0.0,0.0,0.0,0.0,10,0.4326,0.4352,15,0.449,0.421,0.0,0.0,0.0,0.0,144
2023-05-10 09:34:32,OP10005348,300ETF购12月3700,0.0,0.0,0.0,0.0,1,0.4324,0.4352,15,0.449,0.421,0.0,0.0,0.0,0.0,144
2023-05-10 09:34:32,OP10005348,300ETF购12月3700,0.0,0.0,0.0,0.0,1,0.4324,0.4352,15,0.449,0.421,0.0,0.0,0.0,0.0,144
2023-05-10 09:34:32,OP10005348,300ETF购12月3700,0.0,0.0,0.0,0.0,1,0.4324,0.4352,15,0.449,0.421,0.0,0.0,0.0,0.0,144
2023-05-10 09:34:32,OP10005348,300ETF购12月3700,0.0,0.0,0.0,0.0,1,0.4321,0.4352,15,0.449,0.421,0.0,0.0,0.0,0.0,144
2023-05-10 09:34:32,OP10005348,300ETF购12月3700,0.0,0.0,0.0,0.0,1,0.4318,0.4352,15,0.449,0.421,0.0,0.0,0.0,0.0,144
2023-05-10 09:34:32,OP10005348,300ETF购12月3700,0.0,0.0,0.0,0.0,1,0.4318,0.4352,15,0.449,0.421,0.0,0.0,0.0,0.0,144
2023-05-10 09:34:35,OP10005348,300ETF购12月3700,0.0,0.0,0.0,0.0,1,0.4318,0.4364,15,0.449,0.421,0.0,0.0,0.0,0.0,144
2023-05-10 09:34:35,OP10005348,300ETF购12月3700,0.0,0.0,0.0,0.0,1,0.4318,0.4364,15,0.449,0.421,0.0,0.0,0.0,0.0,144
2023-05-10 09:34:44,OP10005348,300ETF购12月3700,0.0,0.0,0.0,0.0,1,0.4318,0.4355,15,0.449,0.421,0.0,0.0,0.0,0.0,144
2023-05-10 09:34:44,OP10005348,300ETF购12月3700,0.0,0.0,0.0,0.0,1,0.4319,0.4355,35,0.449,0.421,0.0,0.0,0.0,0.0,144
2023-05-10 09:34:44,OP10005348,300ETF购12月3700,0.0,0.0,0.0,0.0,1,0.4319,0.4355,35,0.449,0.421,0.0,0.0,0.0,0.0,144
2023-05-10 09:34:50,OP10005348,300ETF购12月3700,0.0,0.0,0.0,0.0,1,0.4319,0.4365,25,0.449,0.421,0.0,0.0,0.0,0.0,144
2023-05-10 09:34:50,OP10005348,300ETF购12月3700,0.0,0.0,0.0,0.0,1,0.4319,0.4365,15,0.449,0.421,0.0,0.0,0.0,0.0,144
2023-05-10 09:34:50,OP10005348,300ETF购12月3700,0.0,0.0,0.0,0.0,1,0.4319,0.4365,15,0.449,0.421,0.0,0.0,0.0,0.0,144
2023-05-10 09:34:50,OP10005348,300ETF购12月3700,0.0,0.0,0.0,0.0,1,0.4319,0.4365,15,0.449,0.421,0.0,0.0,0.0,0.0,144
2023-05-10 09:34:53,OP10005348,300ETF购12月3700,0.0,0.0,0.0,0.0,1,0.4319,0.4365,15,0.449,0.421,0.0,0.0,0.0,0.0,144
2023-05-10 09:34:53,OP10005348,300ETF购12月3700,0.0,0.0,0.0,0.0,1,0.432,0.4365,15,0.449,0.421,0.0,0.0,0.0,0.0,144
2023-05-10 09:34:53,OP10005348,300ETF购12月3700,0.0,0.0,0.0,0.0,21,0.432,0.4365,15,0.449,0.421,0.0,0.0,0.0,0.0,144
2023-05-10 09:34:53,OP10005348,300ETF购12月3700,0.0,0.0,0.0,0.0,21,0.432,0.4365,15,0.449,0.421,0.0,0.0,0.0,0.0,144
2023-05-10 09:34:56,OP10005348,300ETF购12月3700,0.0,0.0,0.0,0.0,21,0.432,0.4365,15,0.449,0.421,0.0,0.0,0.0,0.0,144
2023-05-10 09:34:59,OP10005348,300ETF购12月3700,0.0,0.0,0.0,0.0,20,0.432,0.4365,15,0.449,0.421,0.0,0.0,0.0,0.0,144
2023-05-10 09:34:59,OP10005348,300ETF购12月3700,0.0,0.0,0.0,0.0,20,0.432,0.4366,30,0.449,0.421,0.0,0.0,0.0,0.0,144
2023-05-10 09:35:02,OP10005348,300ETF购12月3700,0.0,0.0,0.0,0.0,20,0.432,0.4353,15,0.449,0.421,0.0,0.0,0.0,0.0,144
2023-05-10 09:35:02,OP10005348,300ETF购12月3700,0.0,0.0,0.0,0.0,20,0.4313,0.4353,15,0.449,0.421,0.0,0.0,0.0,0.0,144
2023-05-10 09:35:02,OP10005348,300ETF购12月3700,0.0,0.0,0.0,0.0,21,0.4313,0.4353,35,0.449,0.421,0.0,0.0,0.0,0.0,144
2023-05-10 09:35:02,OP10005348,300ETF购12月3700,0.0,0.0,0.0,0.0,21,0.4313,0.4344,15,0.449,0.421,0.0,0.0,0.0,0.0,144
2023-05-10 09:35:02,OP10005348,300ETF购12月3700,0.0,0.0,0.0,0.0,20,0.4313,0.4344,35,0.449,0.421,0.0,0.0,0.0,0.0,144
2023-05-10 09:35:02,OP10005348,300ETF购12月3700,0.0,0.0,0.0,0.0,30,0.4302,0.4344,35,0.449,0.421,0.0,0.0,0.0,0.0,144
2023-05-10 09:35:05,OP10005348,300ETF购12月3700,0.0,0.0,0.0,0.0,31,0.4302,0.4344,35,0.449,0.421,0.0,0.0,0.0,0.0,144
2023-05-10 09:35:05,OP10005348,300ETF购12月3700,0.0,0.0,0.0,0.0,31,0.4302,0.4344,15,0.449,0.421,0.0,0.0,0.0,0.0,144
2023-05-10 09:35:08,OP10005348,300ETF购12月3700,0.0,0.0,0.0,0.0,31,0.4302,0.4344,15,0.449,0.421,0.0,0.0,0.0,0.0,144
2023-05-10 09:35:08,OP10005348,300ETF购12月3700,0.0,0.0,0.0,0.0,31,0.4302,0.4344,15,0.449,0.421,0.0,0.0,0.0,0.0,144
2023-05-10 09:35:08,OP10005348,300ETF购12月3700,0.0,0.0,0.0,0.0,15,0.4305,0.4353,40,0.449,0.421,0.0,0.0,0.0,0.0,144
2023-05-10 09:35:08,OP10005348,300ETF购12月3700,0.0,0.0,0.0,0.0,16,0.4305,0.4353,30,0.449,0.421,0.0,0.0,0.0,0.0,144
2023-05-10 09:35:14,OP10005348,300ETF购12月3700,0.0,0.0,0.0,0.0,1,0.4305,0.4347,15,0.449,0.421,0.0,0.0,0.0,0.0,144
2023-05-10 09:35:14,OP10005348,300ETF购12月3700,0.0,0.0,0.0,0.0,1,0.4305,0.4347,15,0.449,0.421,0.0,0.0,0.0,0.0,144
2023-05-10 09:35:17,OP10005348,300ETF购12月3700,0.0,0.0,0.0,0.0,1,0.4303,0.4347,15,0.449,0.421,0.0,0.0,0.0,0.0,144
2023-05-10 09:35:26,OP10005348,300ETF购12月3700,0.0,0.0,0.0,0.0,1,0.4304,0.4347,15,0.449,0.421,0.0,0.0,0.0,0.0,144
2023-05-10 09:35:29,OP10005348,300ETF购12月3700,0.0,0.0,0.0,0.0,1,0.4304,0.4338,15,0.449,0.421,0.0,0.0,0.0,0.0,144
2023-05-10 09:35:29,OP10005348,300ETF购12月3700,0.0,0.0,0.0,0.0,1,0.4304,0.4338,35,0.449,0.421,0.0,0.0,0.0,0.0,144
2023-05-10 09:35:29,OP10005348,300ETF购12月3700,0.0,0.0,0.0,0.0,30,0.4302,0.4338,35,0.449,0.421,0.0,0.0,0.0,0.0,144
2023-05-10 09:35:29,OP10005348,300ETF购12月3700,0.0,0.0,0.0,0.0,30,0.4302,0.4338,35,0.449,0.421,0.0,0.0,0.0,0.0,144
2023-05-10 09:35:29,OP10005348,300ETF购12月3700,0.0,0.0,0.0,0.0,30,0.4302,0.4338,35,0.449,0.421,0.0,0.0,0.0,0.0,144
2023-05-10 09:35:29,OP10005348,300ETF购12月3700,0.0,0.0,0.0,0.0,31,0.4302,0.4338,35,0.449,0.421,0.0,0.0,0.0,0.0,144
2023-05-10 09:35:32,OP10005348,300ETF购12月3700,0.0,0.0,0.0,0.0,30,0.4302,0.4338,35,0.449,0.421,0.0,0.0,0.0,0.0,144
2023-05-10 09:35:35,OP10005348,300ETF购12月3700,0.0,0.0,0.0,0.0,31,0.4302,0.4338,35,0.449,0.421,0.0,0.0,0.0,0.0,144
2023-05-10 09:35:44,OP10005348,300ETF购12月3700,0.0,0.0,0.0,0.0,1,0.4303,0.4338,35,0.449,0.421,0.0,0.0,0.0,0.0,144
2023-05-10 09:35:44,OP10005348,300ETF购12月3700,0.0,0.0,0.0,0.0,1,0.4303,0.4338,35,0.449,0.421,0.0,0.0,0.0,0.0,144
2023-05-10 09:35:47,OP10005348,300ETF购12月3700,0.0,0.0,0.0,0.0,1,0.4303,0.4348,15,0.449,0.421,0.0,0.0,0.0,0.0,144
2023-05-10 09:35:47,OP10005348,300ETF购12月3700,0.0,0.0,0.0,0.0,1,0.4303,0.4348,15,0.449,0.421,0.0,0.0,0.0,0.0,144
2023-05-10 09:35:53,OP10005348,300ETF购12月3700,0.0,0.0,0.0,0.0,1,0.4304,0.4348,15,0.449,0.421,0.0,0.0,0.0,0.0,144
2023-05-10 09:35:56,OP10005348,300ETF购12月3700,0.0,0.0,0.0,0.0,1,0.4304,0.4348,15,0.449,0.421,0.0,0.0,0.0,0.0,144
2023-05-10 09:35:56,OP10005348,300ETF购12月3700,0.0,0.0,0.0,0.0,1,0.4304,0.4351,10,0.449,0.421,0.0,0.0,0.0,0.0,144
2023-05-10 09:35:59,OP10005348,300ETF购12月3700,0.0,0.0,0.0,0.0,15,0.4307,0.4352,15,0.449,0.421,0.0,0.0,0.0,0.0,144
2023-05-10 09:35:59,OP10005348,300ETF购12月3700,0.0,0.0,0.0,0.0,16,0.4307,0.4352,15,0.449,0.421,0.0,0.0,0.0,0.0,144
2023-05-10 09:35:59,OP10005348,300ETF购12月3700,0.0,0.0,0.0,0.0,10,0.4308,0.4352,15,0.449,0.421,0.0,0.0,0.0,0.0,144
2023-05-10 09:35:59,OP10005348,300ETF购12月3700,0.0,0.0,0.0,0.0,10,0.4308,0.4352,15,0.449,0.421,0.0,0.0,0.0,0.0,144
2023-05-10 09:35:59,OP10005348,300ETF购12月3700,0.0,0.0,0.0,0.0,10,0.4308,0.4352,15,0.449,0.421,0.0,0.0,0.0,0.0,144
2023-05-10 09:36:02,OP10005348,300ETF购12月3700,0.0,0.0,0.0,0.0,15,0.4317,0.4362,45,0.449,0.421,0.0,0.0,0.0,0.0,144
2023-05-10 09:36:02,OP10005348,300ETF购12月3700,0.0,0.0,0.0,0.0,35,0.4317,0.4362,45,0.449,0.421,0.0,0.0,0.0,0.0,144
2023-05-10 09:36:05,OP10005348,300ETF购12月3700,0.0,0.0,0.0,0.0,35,0.4317,0.4362,35,0.449,0.421,0.0,0.0,0.0,0.0,144
2023-05-10 09:36:05,OP10005348,300ETF购12月3700,0.0,0.0,0.0,0.0,36,0.4317,0.4362,35,0.449,0.421,0.0,0.0,0.0,0.0,144
2023-05-10 09:36:08,OP10005348,300ETF购12月3700,0.0,0.0,0.0,0.0,21,0.4317,0.4368,10,0.449,0.421,0.0,0.0,0.0,0.0,144
2023-05-10 09:36:08,OP10005348,300ETF购12月3700,0.0,0.0,0.0,0.0,15,0.4325,0.4373,20,0.449,0.421,0.0,0.0,0.0,0.0,144
2023-05-10 09:36:08,OP10005348,300ETF购12月3700,0.0,0.0,0.0,0.0,36,0.4325,0.4373,20,0.449,0.421,0.0,0.0,0.0,0.0,144
2023-05-10 09:36:11,OP10005348,300ETF购12月3700,0.0,0.0,0.0,0.0,20,0.4325,0.4365,15,0.449,0.421,0.0,0.0,0.0,0.0,144
2023-05-10 09:36:11,OP10005348,300ETF购12月3700,0.0,0.0,0.0,0.0,20,0.4325,0.4365,35,0.449,0.421,0.0,0.0,0.0,0.0,144
2023-05-10 09:36:11,OP10005348,300ETF购12月3700,0.0,0.0,0.0,0.0,20,0.4325,0.4365,35,0.449,0.421,0.0,0.0,0.0,0.0,144
2023-05-10 09:36:11,OP10005348,300ETF购12月3700,0.0,0.0,0.0,0.0,1,0.4322,0.4365,35,0.449,0.421,0.0,0.0,0.0,0.0,144
2023-05-10 09:36:14,OP10005348,300ETF购12月3700,0.0,0.0,0.0,0.0,1,0.4322,0.4365,15,0.449,0.421,0.0,0.0,0.0,0.0,144
2023-05-10 09:36:14,OP10005348,300ETF购12月3700,0.0,0.0,0.0,0.0,15,0.4326,0.4373,20,0.449,0.421,0.0,0.0,0.0,0.0,144
2023-05-10 09:36:14,OP10005348,300ETF购12月3700,0.0,0.0,0.0,0.0,36,0.4326,0.4373,20,0.449,0.421,0.0,0.0,0.0,0.0,144
2023-05-10 09:36:17,OP10005348,300ETF购12月3700,0.0,0.0,0.0,0.0,35,0.4326,0.4373,20,0.449,0.421,0.0,0.0,0.0,0.0,144
2023-05-10 09:36:17,OP10005348,300ETF购12月3700,0.0,0.0,0.0,0.0,35,0.4326,0.4373,20,0.449,0.421,0.0,0.0,0.0,0.0,144
2023-05-10 09:36:17,OP10005348,300ETF购12月3700,0.0,0.0,0.0,0.0,10,0.4329,0.4375,15,0.449,0.421,0.0,0.0,0.0,0.0,144
2023-05-10 09:36:17,OP10005348,300ETF购12月3700,0.0,0.0,0.0,0.0,10,0.4329,0.4375,15,0.449,0.421,0.0,0.0,0.0,0.0,144
2023-05-10 09:36:20,OP10005348,300ETF购12月3700,0.0,0.0,0.0,0.0,11,0.4329,0.4375,15,0.449,0.421,0.0,0.0,0.0,0.0,144
2023-05-10 09:36:23,OP10005348,300ETF购12月3700,0.0,0.0,0.0,0.0,1,0.4329,0.4375,15,0.449,0.421,0.0,0.0,0.0,0.0,144
2023-05-10 09:36:23,OP10005348,300ETF购12月3700,0.0,0.0,0.0,0.0,35,0.4326,0.4375,15,0.449,0.421,0.0,0.0,0.0,0.0,144
2023-05-10 09:36:23,OP10005348,300ETF购12月3700,0.0,0.0,0.0,0.0,36,0.4326,0.4375,15,0.449,0.421,0.0,0.0,0.0,0.0,144
2023-05-10 09:36:26,OP10005348,300ETF购12月3700,0.0,0.0,0.0,0.0,35,0.4326,0.4375,15,0.449,0.421,0.0,0.0,0.0,0.0,144
2023-05-10 09:36:29,OP10005348,300ETF购12月3700,0.0,0.0,0.0,0.0,35,0.4326,0.4375,15,0.449,0.421,0.0,0.0,0.0,0.0,144
2023-05-10 09:36:29,OP10005348,300ETF购12月3700,0.0,0.0,0.0,0.0,20,0.4326,0.4375,15,0.449,0.421,0.0,0.0,0.0,0.0,144
2023-05-10 09:36:29,OP10005348,300ETF购12月3700,0.0,0.0,0.0,0.0,20,0.4326,0.4362,15,0.449,0.421,0.0,0.0,0.0,0.0,144
2023-05-10 09:36:29,OP10005348,300ETF购12月3700,0.0,0.0,0.0,0.0,20,0.4317,0.4362,35,0.449,0.421,0.0,0.0,0.0,0.0,144
2023-05-10 09:36:32,OP10005348,300ETF购12月3700,0.0,0.0,0.0,0.0,20,0.4317,0.4352,15,0.449,0.421,0.0,0.0,0.0,0.0,144
2023-05-10 09:36:32,OP10005348,300ETF购12月3700,0.0,0.0,0.0,0.0,20,0.4317,0.4352,15,0.449,0.421,0.0,0.0,0.0,0.0,144
2023-05-10 09:36:32,OP10005348,300ETF购12月3700,0.0,0.0,0.0,0.0,20,0.4317,0.4357,10,0.449,0.421,0.0,0.0,0.0,0.0,144
2023-05-10 09:36:32,OP10005348,300ETF购12月3700,0.0,0.0,0.0,0.0,20,0.4317,0.4357,10,0.449,0.421,0.0,0.0,0.0,0.0,144
2023-05-10 09:36:32,OP10005348,300ETF购12月3700,0.0,0.0,0.0,0.0,20,0.4317,0.4357,10,0.449,0.421,0.0,0.0,0.0,0.0,144
2023-05-10 09:36:35,OP10005348,300ETF购12月3700,0.0,0.0,0.0,0.0,20,0.4317,0.4357,10,0.449,0.421,0.0,0.0,0.0,0.0,144
2023-05-10 09:36:35,OP10005348,300ETF购12月3700,0.0,0.0,0.0,0.0,20,0.4317,0.4357,10,0.449,0.421,0.0,0.0,0.0,0.0,144
2023-05-10 09:36:35,OP10005348,300ETF购12月3700,0.0,0.0,0.0,0.0,20,0.4317,0.4362,45,0.449,0.421,0.0,0.0,0.0,0.0,144
2023-05-10 09:36:35,OP10005348,300ETF购12月3700,0.0,0.0,0.0,0.0,21,0.4317,0.4362,35,0.449,0.421,0.0,0.0,0.0,0.0,144
2023-05-10 09:36:35,OP10005348,300ETF购12月3700,0.0,0.0,0.0,0.0,21,0.4317,0.4362,35,0.449,0.421,0.0,0.0,0.0,0.0,144
2023-05-10 09:36:38,OP10005348,300ETF购12月3700,0.0,0.0,0.0,0.0,21,0.4317,0.4362,15,0.449,0.421,0.0,0.0,0.0,0.0,144
2023-05-10 09:36:38,OP10005348,300ETF购12月3700,0.0,0.0,0.0,0.0,15,0.4322,0.4371,15,0.449,0.421,0.0,0.0,0.0,0.0,144
2023-05-10 09:36:38,OP10005348,300ETF购12月3700,0.0,0.0,0.0,0.0,15,0.4322,0.4371,15,0.449,0.421,0.0,0.0,0.0,0.0,144
2023-05-10 09:36:38,OP10005348,300ETF购12月3700,0.0,0.0,0.0,0.0,16,0.4322,0.4371,15,0.449,0.421,0.0,0.0,0.0,0.0,144
2023-05-10 09:36:44,OP10005348,300ETF购12月3700,0.0,0.0,0.0,0.0,16,0.4322,0.4371,15,0.449,0.421,0.0,0.0,0.0,0.0,144
2023-05-10 09:36:44,OP10005348,300ETF购12月3700,0.0,0.0,0.0,0.0,16,0.4322,0.4366,10,0.449,0.421,0.0,0.0,0.0,0.0,144
2023-05-10 09:36:47,OP10005348,300ETF购12月3700,0.0,0.0,0.0,0.0,16,0.4322,0.4366,30,0.449,0.421,0.0,0.0,0.0,0.0,144
2023-05-10 09:36:47,OP10005348,300ETF购12月3700,0.0,0.0,0.0,0.0,1,0.4319,0.4358,15,0.449,0.421,0.0,0.0,0.0,0.0,144
2023-05-10 09:36:47,OP10005348,300ETF购12月3700,0.0,0.0,0.0,0.0,21,0.4317,0.4358,15,0.449,0.421,0.0,0.0,0.0,0.0,144
2023-05-10 09:36:47,OP10005348,300ETF购12月3700,0.0,0.0,0.0,0.0,21,0.4317,0.4358,15,0.449,0.421,0.0,0.0,0.0,0.0,144
2023-05-10 09:36:47,OP10005348,300ETF购12月3700,0.0,0.0,0.0,0.0,20,0.4317,0.4358,15,0.449,0.421,0.0,0.0,0.0,0.0,144
2023-05-10 09:36:50,OP10005348,300ETF购12月3700,0.0,0.0,0.0,0.0,21,0.4317,0.4358,15,0.449,0.421,0.0,0.0,0.0,0.0,144
2023-05-10 09:36:53,OP10005348,300ETF购12月3700,0.0,0.0,0.0,0.0,21,0.4317,0.4358,15,0.449,0.421,0.0,0.0,0.0,0.0,144
2023-05-10 09:36:53,OP10005348,300ETF购12月3700,0.0,0.0,0.0,0.0,21,0.4317,0.4358,15,0.449,0.421,0.0,0.0,0.0,0.0,144
2023-05-10 09:36:53,OP10005348,300ETF购12月3700,0.0,0.0,0.0,0.0,21,0.4317,0.4358,15,0.449,0.421,0.0,0.0,0.0,0.0,144
2023-05-10 09:36:53,OP10005348,300ETF购12月3700,0.0,0.0,0.0,0.0,21,0.4317,0.4358,15,0.449,0.421,0.0,0.0,0.0,0.0,144
2023-05-10 09:36:53,OP10005348,300ETF购12月3700,0.0,0.0,0.0,0.0,1,0.4314,0.4358,15,0.449,0.421,0.0,0.0,0.0,0.0,144
2023-05-10 09:36:56,OP10005348,300ETF购12月3700,0.0,0.0,0.0,0.0,10,0.4315,0.4358,15,0.449,0.421,0.0,0.0,0.0,0.0,144
2023-05-10 09:36:56,OP10005348,300ETF购12月3700,0.0,0.0,0.0,0.0,30,0.4314,0.4358,15,0.449,0.421,0.0,0.0,0.0,0.0,144
2023-05-10 09:36:56,OP10005348,300ETF购12月3700,0.0,0.0,0.0,0.0,20,0.4314,0.4358,15,0.449,0.421,0.0,0.0,0.0,0.0,144
2023-05-10 09:36:56,OP10005348,300ETF购12月3700,0.0,0.0,0.0,0.0,20,0.4314,0.4358,15,0.449,0.421,0.0,0.0,0.0,0.0,144
2023-05-10 09:36:56,OP10005348,300ETF购12月3700,0.0,0.0,0.0,0.0,11,0.4312,0.4358,15,0.449,0.421,0.0,0.0,0.0,0.0,144
2023-05-10 09:36:56,OP10005348,300ETF购12月3700,0.0,0.0,0.0,0.0,1,0.4312,0.4358,15,0.449,0.421,0.0,0.0,0.0,0.0,144
2023-05-10 09:36:59,OP10005348,300ETF购12月3700,0.0,0.0,0.0,0.0,10,0.4308,0.4361,20,0.449,0.421,0.0,0.0,0.0,0.0,144
2023-05-10 09:36:59,OP10005348,300ETF购12月3700,0.0,0.0,0.0,0.0,21,0.4305,0.4345,15,0.449,0.421,0.0,0.0,0.0,0.0,144
2023-05-10 09:36:59,OP10005348,300ETF购12月3700,0.0,0.0,0.0,0.0,11,0.4305,0.4345,15,0.449,0.421,0.0,0.0,0.0,0.0,144
2023-05-10 09:36:59,OP10005348,300ETF购12月3700,0.0,0.0,0.0,0.0,1,0.4305,0.4345,15,0.449,0.421,0.0,0.0,0.0,0.0,144
2023-05-10 09:37:05,OP10005348,300ETF购12月3700,0.0,0.0,0.0,0.0,1,0.4303,0.4345,15,0.449,0.421,0.0,0.0,0.0,0.0,144
2023-05-10 09:37:05,OP10005348,300ETF购12月3700,0.0,0.0,0.0,0.0,1,0.4303,0.4345,35,0.449,0.421,0.0,0.0,0.0,0.0,144
2023-05-10 09:37:11,OP10005348,300ETF购12月3700,0.0,0.0,0.0,0.0,15,0.4308,0.4354,20,0.449,0.421,0.0,0.0,0.0,0.0,144
2023-05-10 09:37:11,OP10005348,300ETF购12月3700,0.0,0.0,0.0,0.0,36,0.4308,0.4354,20,0.449,0.421,0.0,0.0,0.0,0.0,144
2023-05-10 09:37:11,OP10005348,300ETF购12月3700,0.0,0.0,0.0,0.0,21,0.4308,0.4348,15,0.449,0.421,0.0,0.0,0.0,0.0,144
2023-05-10 09:37:14,OP10005348,300ETF购12月3700,0.0,0.0,0.0,0.0,21,0.4308,0.4348,15,0.449,0.421,0.0,0.0,0.0,0.0,144
2023-05-10 09:37:14,OP10005348,300ETF购12月3700,0.0,0.0,0.0,0.0,21,0.4308,0.4348,15,0.449,0.421,0.0,0.0,0.0,0.0,144
2023-05-10 09:37:17,OP10005348,300ETF购12月3700,0.0,0.0,0.0,0.0,20,0.4308,0.4348,15,0.449,0.421,0.0,0.0,0.0,0.0,144
2023-05-10 09:37:20,OP10005348,300ETF购12月3700,0.0,0.0,0.0,0.0,20,0.4308,0.4348,15,0.449,0.421,0.0,0.0,0.0,0.0,144
2023-05-10 09:37:20,OP10005348,300ETF购12月3700,0.0,0.0,0.0,0.0,20,0.4308,0.4348,15,0.449,0.421,0.0,0.0,0.0,0.0,144
2023-05-10 09:37:20,OP10005348,300ETF购12月3700,0.0,0.0,0.0,0.0,21,0.4308,0.4348,15,0.449,0.421,0.0,0.0,0.0,0.0,144
2023-05-10 09:37:20,OP10005348,300ETF购12月3700,0.0,0.0,0.0,0.0,20,0.4308,0.4348,15,0.449,0.421,0.0,0.0,0.0,0.0,144
2023-05-10 09:37:23,OP10005348,300ETF购12月3700,0.0,0.0,0.0,0.0,20,0.4308,0.4348,15,0.449,0.421,0.0,0.0,0.0,0.0,144
2023-05-10 09:37:26,OP10005348,300ETF购12月3700,0.0,0.0,0.0,0.0,20,0.4308,0.4348,15,0.449,0.421,0.0,0.0,0.0,0.0,144
2023-05-10 09:37:32,OP10005348,300ETF购12月3700,0.0,0.0,0.0,0.0,20,0.4308,0.4348,15,0.449,0.421,0.0,0.0,0.0,0.0,144
2023-05-10 09:37:32,OP10005348,300ETF购12月3700,0.0,0.0,0.0,0.0,20,0.4308,0.4339,15,0.449,0.421,0.0,0.0,0.0,0.0,144
2023-05-10 09:37:32,OP10005348,300ETF购12月3700,0.0,0.0,0.0,0.0,20,0.4308,0.4339,35,0.449,0.421,0.0,0.0,0.0,0.0,144
2023-05-10 09:37:32,OP10005348,300ETF购12月3700,0.0,0.0,0.0,0.0,20,0.4308,0.4339,35,0.449,0.421,0.0,0.0,0.0,0.0,144
2023-05-10 09:37:32,OP10005348,300ETF购12月3700,0.0,0.0,0.0,0.0,20,0.4308,0.4339,35,0.449,0.421,0.0,0.0,0.0,0.0,144
2023-05-10 09:37:38,OP10005348,300ETF购12月3700,0.0,0.0,0.0,0.0,20,0.4308,0.4339,35,0.449,0.421,0.0,0.0,0.0,0.0,144
2023-05-10 09:37:38,OP10005348,300ETF购12月3700,0.0,0.0,0.0,0.0,10,0.4305,0.4339,35,0.449,0.421,0.0,0.0,0.0,0.0,144
2023-05-10 09:37:41,OP10005348,300ETF购12月3700,0.0,0.0,0.0,0.0,20,0.4299,0.4329,15,0.449,0.421,0.0,0.0,0.0,0.0,144
2023-05-10 09:37:41,OP10005348,300ETF购12月3700,0.0,0.0,0.0,0.0,21,0.4299,0.4329,35,0.449,0.421,0.0,0.0,0.0,0.0,144
2023-05-10 09:37:41,OP10005348,300ETF购12月3700,0.0,0.0,0.0,0.0,21,0.4299,0.4329,35,0.449,0.421,0.0,0.0,0.0,0.0,144
2023-05-10 09:37:41,OP10005348,300ETF购12月3700,0.0,0.0,0.0,0.0,21,0.4299,0.4329,35,0.449,0.421,0.0,0.0,0.0,0.0,144
2023-05-10 09:37:41,OP10005348,300ETF购12月3700,0.0,0.0,0.0,0.0,20,0.4299,0.4329,35,0.449,0.421,0.0,0.0,0.0,0.0,144
2023-05-10 09:37:41,OP10005348,300ETF购12月3700,0.0,0.0,0.0,0.0,20,0.4299,0.4329,35,0.449,0.421,0.0,0.0,0.0,0.0,144
2023-05-10 09:37:44,OP10005348,300ETF购12月3700,0.0,0.0,0.0,0.0,21,0.4299,0.4329,35,0.449,0.421,0.0,0.0,0.0,0.0,144
2023-05-10 09:37:47,OP10005348,300ETF购12月3700,0.0,0.0,0.0,0.0,21,0.4299,0.4329,35,0.449,0.421,0.0,0.0,0.0,0.0,144
2023-05-10 09:37:50,OP10005348,300ETF购12月3700,0.0,0.0,0.0,0.0,20,0.4299,0.4329,35,0.449,0.421,0.0,0.0,0.0,0.0,144
2023-05-10 09:37:50,OP10005348,300ETF购12月3700,0.0,0.0,0.0,0.0,20,0.4299,0.4329,35,0.449,0.421,0.0,0.0,0.0,0.0,144
2023-05-10 09:37:50,OP10005348,300ETF购12月3700,0.0,0.0,0.0,0.0,1,0.4297,0.4329,35,0.449,0.421,0.0,0.0,0.0,0.0,144
2023-05-10 09:37:53,OP10005348,300ETF购12月3700,0.0,0.0,0.0,0.0,1,0.4297,0.4329,35,0.449,0.421,0.0,0.0,0.0,0.0,144
2023-05-10 09:37:56,OP10005348,300ETF购12月3700,0.0,0.0,0.0,0.0,1,0.4297,0.4329,15,0.449,0.421,0.0,0.0,0.0,0.0,144
2023-05-10 09:37:56,OP10005348,300ETF购12月3700,0.0,0.0,0.0,0.0,1,0.4297,0.4329,15,0.449,0.421,0.0,0.0,0.0,0.0,144
2023-05-10 09:37:56,OP10005348,300ETF购12月3700,0.0,0.0,0.0,0.0,1,0.4297,0.4329,15,0.449,0.421,0.0,0.0,0.0,0.0,144
2023-05-10 09:37:59,OP10005348,300ETF购12月3700,0.0,0.0,0.0,0.0,1,0.4297,0.4331,20,0.449,0.421,0.0,0.0,0.0,0.0,144
2023-05-10 09:37:59,OP10005348,300ETF购12月3700,0.0,0.0,0.0,0.0,1,0.4297,0.4337,10,0.449,0.421,0.0,0.0,0.0,0.0,144
2023-05-10 09:37:59,OP10005348,300ETF购12月3700,0.0,0.0,0.0,0.0,1,0.4297,0.4337,10,0.449,0.421,0.0,0.0,0.0,0.0,144
2023-05-10 09:37:59,OP10005348,300ETF购12月3700,0.0,0.0,0.0,0.0,1,0.4297,0.4338,15,0.449,0.421,0.0,0.0,0.0,0.0,144
2023-05-10 09:37:59,OP10005348,300ETF购12月3700,0.0,0.0,0.0,0.0,1,0.4297,0.4338,15,0.449,0.421,0.0,0.0,0.0,0.0,144
2023-05-10 09:38:02,OP10005348,300ETF购12月3700,0.0,0.0,0.0,0.0,1,0.4298,0.4338,15,0.449,0.421,0.0,0.0,0.0,0.0,144
2023-05-10 09:38:02,OP10005348,300ETF购12月3700,0.0,0.0,0.0,0.0,21,0.4298,0.4338,15,0.449,0.421,0.0,0.0,0.0,0.0,144
2023-05-10 09:38:05,OP10005348,300ETF购12月3700,0.0,0.0,0.0,0.0,21,0.4298,0.4338,15,0.449,0.421,0.0,0.0,0.0,0.0,144
2023-05-10 09:38:05,OP10005348,300ETF购12月3700,0.0,0.0,0.0,0.0,21,0.4298,0.4339,10,0.449,0.421,0.0,0.0,0.0,0.0,144
2023-05-10 09:38:05,OP10005348,300ETF购12月3700,0.0,0.0,0.0,0.0,15,0.4299,0.4342,20,0.449,0.421,0.0,0.0,0.0,0.0,144
2023-05-10 09:38:05,OP10005348,300ETF购12月3700,0.0,0.0,0.0,0.0,16,0.4299,0.4342,20,0.449,0.421,0.0,0.0,0.0,0.0,144
2023-05-10 09:38:05,OP10005348,300ETF购12月3700,0.0,0.0,0.0,0.0,16,0.4299,0.4348,15,0.449,0.421,0.0,0.0,0.0,0.0,144
2023-05-10 09:38:08,OP10005348,300ETF购12月3700,0.0,0.0,0.0,0.0,10,0.4303,0.4348,15,0.449,0.421,0.0,0.0,0.0,0.0,144
2023-05-10 09:38:08,OP10005348,300ETF购12月3700,0.0,0.0,0.0,0.0,10,0.4303,0.4348,15,0.449,0.421,0.0,0.0,0.0,0.0,144
2023-05-10 09:38:08,OP10005348,300ETF购12月3700,0.0,0.0,0.0,0.0,10,0.4303,0.4348,15,0.449,0.421,0.0,0.0,0.0,0.0,144
2023-05-10 09:38:08,OP10005348,300ETF购12月3700,0.0,0.0,0.0,0.0,11,0.4303,0.4348,15,0.449,0.421,0.0,0.0,0.0,0.0,144
2023-05-10 09:38:08,OP10005348,300ETF购12月3700,0.0,0.0,0.0,0.0,15,0.4308,0.4351,20,0.449,0.421,0.0,0.0,0.0,0.0,144
2023-05-10 09:38:11,OP10005348,300ETF购12月3700,0.0,0.0,0.0,0.0,35,0.4308,0.4351,20,0.449,0.421,0.0,0.0,0.0,0.0,144
2023-05-10 09:38:11,OP10005348,300ETF购12月3700,0.0,0.0,0.0,0.0,35,0.4308,0.4354,10,0.449,0.421,0.0,0.0,0.0,0.0,144
2023-05-10 09:38:11,OP10005348,300ETF购12月3700,0.0,0.0,0.0,0.0,35,0.4308,0.4357,15,0.449,0.421,0.0,0.0,0.0,0.0,144
2023-05-10 09:38:11,OP10005348,300ETF购12月3700,0.0,0.0,0.0,0.0,35,0.4308,0.4357,15,0.449,0.421,0.0,0.0,0.0,0.0,144
2023-05-10 09:38:11,OP10005348,300ETF购12月3700,0.0,0.0,0.0,0.0,36,0.4308,0.4357,15,0.449,0.421,0.0,0.0,0.0,0.0,144
2023-05-10 09:38:14,OP10005348,300ETF购12月3700,0.0,0.0,0.0,0.0,21,0.4308,0.4359,40,0.449,0.421,0.0,0.0,0.0,0.0,144
2023-05-10 09:38:14,OP10005348,300ETF购12月3700,0.0,0.0,0.0,0.0,21,0.4308,0.4345,15,0.449,0.421,0.0,0.0,0.0,0.0,144
2023-05-10 09:38:14,OP10005348,300ETF购12月3700,0.0,0.0,0.0,0.0,21,0.4308,0.4345,35,0.449,0.421,0.0,0.0,0.0,0.0,144
2023-05-10 09:38:14,OP10005348,300ETF购12月3700,0.0,0.0,0.0,0.0,21,0.4308,0.4345,35,0.449,0.421,0.0,0.0,0.0,0.0,144
2023-05-10 09:38:14,OP10005348,300ETF购12月3700,0.0,0.0,0.0,0.0,21,0.4308,0.4345,35,0.449,0.421,0.0,0.0,0.0,0.0,144
2023-05-10 09:38:17,OP10005348,300ETF购12月3700,0.0,0.0,0.0,0.0,21,0.4308,0.4345,35,0.449,0.421,0.0,0.0,0.0,0.0,144
2023-05-10 09:38:17,OP10005348,300ETF购12月3700,0.0,0.0,0.0,0.0,21,0.4308,0.4345,35,0.449,0.421,0.0,0.0,0.0,0.0,144
2023-05-10 09:38:17,OP10005348,300ETF购12月3700,0.0,0.0,0.0,0.0,21,0.4308,0.4345,35,0.449,0.421,0.0,0.0,0.0,0.0,144
2023-05-10 09:38:20,OP10005348,300ETF购12月3700,0.0,0.0,0.0,0.0,21,0.4308,0.4352,10,0.449,0.421,0.0,0.0,0.0,0.0,144
2023-05-10 09:38:20,OP10005348,300ETF购12月3700,0.0,0.0,0.0,0.0,21,0.4308,0.4352,20,0.449,0.421,0.0,0.0,0.0,0.0,144
2023-05-10 09:38:23,OP10005348,300ETF购12月3700,0.0,0.0,0.0,0.0,21,0.4308,0.4352,20,0.449,0.421,0.0,0.0,0.0,0.0,144
2023-05-10 09:38:23,OP10005348,300ETF购12月3700,0.0,0.0,0.0,0.0,1,0.4309,0.4352,20,0.449,0.421,0.0,0.0,0.0,0.0,144
2023-05-10 09:38:23,OP10005348,300ETF购12月3700,0.0,0.0,0.0,0.0,20,0.4308,0.4352,20,0.449,0.421,0.0,0.0,0.0,0.0,144
2023-05-10 09:38:23,OP10005348,300ETF购12月3700,0.0,0.0,0.0,0.0,20,0.4308,0.4349,10,0.449,0.421,0.0,0.0,0.0,0.0,144
2023-05-10 09:38:23,OP10005348,300ETF购12月3700,0.0,0.0,0.0,0.0,20,0.4308,0.4349,10,0.449,0.421,0.0,0.0,0.0,0.0,144
2023-05-10 09:38:29,OP10005348,300ETF购12月3700,0.0,0.0,0.0,0.0,20,0.4308,0.4344,15,0.449,0.421,0.0,0.0,0.0,0.0,144
2023-05-10 09:38:29,OP10005348,300ETF购12月3700,0.0,0.0,0.0,0.0,20,0.4308,0.4344,35,0.449,0.421,0.0,0.0,0.0,0.0,144
2023-05-10 09:38:32,OP10005348,300ETF购12月3700,0.0,0.0,0.0,0.0,20,0.4308,0.4344,35,0.449,0.421,0.0,0.0,0.0,0.0,144
2023-05-10 09:38:35,OP10005348,300ETF购12月3700,0.0,0.0,0.0,0.0,20,0.4308,0.4352,30,0.449,0.421,0.0,0.0,0.0,0.0,144
2023-05-10 09:38:35,OP10005348,300ETF购12月3700,0.0,0.0,0.0,0.0,21,0.4308,0.4352,20,0.449,0.421,0.0,0.0,0.0,0.0,144
2023-05-10 09:38:35,OP10005348,300ETF购12月3700,0.0,0.0,0.0,0.0,21,0.4308,0.4352,20,0.449,0.421,0.0,0.0,0.0,0.0,144
2023-05-10 09:38:35,OP10005348,300ETF购12月3700,0.0,0.0,0.0,0.0,20,0.4308,0.4352,20,0.449,0.421,0.0,0.0,0.0,0.0,144
2023-05-10 09:38:38,OP10005348,300ETF购12月3700,0.0,0.0,0.0,0.0,20,0.4308,0.4352,20,0.449,0.421,0.0,0.0,0.0,0.0,144
2023-05-10 09:38:38,OP10005348,300ETF购12月3700,0.0,0.0,0.0,0.0,20,0.4308,0.4352,20,0.449,0.421,0.0,0.0,0.0,0.0,144
2023-05-10 09:38:38,OP10005348,300ETF购12月3700,0.0,0.0,0.0,0.0,20,0.4308,0.4345,15,0.449,0.421,0.0,0.0,0.0,0.0,144
2023-05-10 09:38:38,OP10005348,300ETF购12月3700,0.0,0.0,0.0,0.0,20,0.4308,0.4345,15,0.449,0.421,0.0,0.0,0.0,0.0,144
2023-05-10 09:38:41,OP10005348,300ETF购12月3700,0.0,0.0,0.0,0.0,20,0.4308,0.4345,35,0.449,0.421,0.0,0.0,0.0,0.0,144
2023-05-10 09:38:41,OP10005348,300ETF购12月3700,0.0,0.0,0.0,0.0,20,0.4308,0.4345,35,0.449,0.421,0.0,0.0,0.0,0.0,144
2023-05-10 09:38:41,OP10005348,300ETF购12月3700,0.0,0.0,0.0,0.0,20,0.4308,0.4345,35,0.449,0.421,0.0,0.0,0.0,0.0,144
2023-05-10 09:38:41,OP10005348,300ETF购12月3700,0.0,0.0,0.0,0.0,20,0.4308,0.4345,15,0.449,0.421,0.0,0.0,0.0,0.0,144
2023-05-10 09:38:44,OP10005348,300ETF购12月3700,0.0,0.0,0.0,0.0,20,0.4308,0.4345,35,0.449,0.421,0.0,0.0,0.0,0.0,144
2023-05-10 09:38:44,OP10005348,300ETF购12月3700,0.0,0.0,0.0,0.0,20,0.4308,0.4345,35,0.449,0.421,0.0,0.0,0.0,0.0,144
2023-05-10 09:38:47,OP10005348,300ETF购12月3700,0.0,0.0,0.0,0.0,21,0.4308,0.4345,35,0.449,0.421,0.0,0.0,0.0,0.0,144
2023-05-10 09:38:47,OP10005348,300ETF购12月3700,0.0,0.0,0.0,0.0,21,0.4308,0.4345,15,0.449,0.421,0.0,0.0,0.0,0.0,144
2023-05-10 09:38:50,OP10005348,300ETF购12月3700,0.0,0.0,0.0,0.0,21,0.4308,0.4345,15,0.449,0.421,0.0,0.0,0.0,0.0,144
2023-05-10 09:38:50,OP10005348,300ETF购12月3700,0.0,0.0,0.0,0.0,21,0.4308,0.4345,15,0.449,0.421,0.0,0.0,0.0,0.0,144
2023-05-10 09:38:50,OP10005348,300ETF购12月3700,0.0,0.0,0.0,0.0,21,0.4308,0.4348,10,0.449,0.421,0.0,0.0,0.0,0.0,144
2023-05-10 09:38:50,OP10005348,300ETF购12月3700,0.0,0.0,0.0,0.0,21,0.4308,0.4352,20,0.449,0.421,0.0,0.0,0.0,0.0,144
2023-05-10 09:38:50,OP10005348,300ETF购12月3700,0.0,0.0,0.0,0.0,21,0.4308,0.4352,20,0.449,0.421,0.0,0.0,0.0,0.0,144
2023-05-10 09:38:53,OP10005348,300ETF购12月3700,0.0,0.0,0.0,0.0,21,0.4308,0.4354,15,0.449,0.421,0.0,0.0,0.0,0.0,144
2023-05-10 09:38:53,OP10005348,300ETF购12月3700,0.0,0.0,0.0,0.0,21,0.4308,0.4354,15,0.449,0.421,0.0,0.0,0.0,0.0,144
2023-05-10 09:38:56,OP10005348,300ETF购12月3700,0.0,0.0,0.0,0.0,21,0.4308,0.4354,15,0.449,0.421,0.0,0.0,0.0,0.0,144
2023-05-10 09:38:59,OP10005348,300ETF购12月3700,0.0,0.0,0.0,0.0,20,0.4308,0.4354,15,0.449,0.421,0.0,0.0,0.0,0.0,144
2023-05-10 09:38:59,OP10005348,300ETF购12月3700,0.0,0.0,0.0,0.0,20,0.4308,0.4354,15,0.449,0.421,0.0,0.0,0.0,0.0,144
2023-05-10 09:38:59,OP10005348,300ETF购12月3700,0.0,0.0,0.0,0.0,20,0.4308,0.4354,15,0.449,0.421,0.0,0.0,0.0,0.0,144
2023-05-10 09:38:59,OP10005348,300ETF购12月3700,0.0,0.0,0.0,0.0,20,0.4308,0.4354,15,0.449,0.421,0.0,0.0,0.0,0.0,144
2023-05-10 09:39:02,OP10005348,300ETF购12月3700,0.0,0.0,0.0,0.0,20,0.4308,0.4354,15,0.449,0.421,0.0,0.0,0.0,0.0,144
2023-05-10 09:39:05,OP10005348,300ETF购12月3700,0.0,0.0,0.0,0.0,21,0.4308,0.4354,15,0.449,0.421,0.0,0.0,0.0,0.0,144
2023-05-10 09:39:05,OP10005348,300ETF购12月3700,0.0,0.0,0.0,0.0,10,0.4309,0.4361,20,0.449,0.421,0.0,0.0,0.0,0.0,144
2023-05-10 09:39:08,OP10005348,300ETF购12月3700,0.0,0.0,0.0,0.0,15,0.4319,0.4368,15,0.449,0.421,0.0,0.0,0.0,0.0,144
2023-05-10 09:39:08,OP10005348,300ETF购12月3700,0.0,0.0,0.0,0.0,25,0.4319,0.4368,15,0.449,0.421,0.0,0.0,0.0,0.0,144
2023-05-10 09:39:08,OP10005348,300ETF购12月3700,0.0,0.0,0.0,0.0,26,0.4319,0.4368,15,0.449,0.421,0.0,0.0,0.0,0.0,144
2023-05-10 09:39:08,OP10005348,300ETF购12月3700,0.0,0.0,0.0,0.0,15,0.4328,0.4375,10,0.449,0.421,0.0,0.0,0.0,0.0,144
2023-05-10 09:39:08,OP10005348,300ETF购12月3700,0.0,0.0,0.0,0.0,35,0.4328,0.4375,10,0.449,0.421,0.0,0.0,0.0,0.0,144
2023-05-10 09:39:08,OP10005348,300ETF购12月3700,0.0,0.0,0.0,0.0,35,0.4328,0.4375,10,0.449,0.421,0.0,0.0,0.0,0.0,144
2023-05-10 09:39:11,OP10005348,300ETF购12月3700,0.0,0.0,0.0,0.0,35,0.4328,0.4375,10,0.449,0.421,0.0,0.0,0.0,0.0,144
2023-05-10 09:39:14,OP10005348,300ETF购12月3700,0.0,0.0,0.0,0.0,36,0.4328,0.4375,10,0.449,0.421,0.0,0.0,0.0,0.0,144
2023-05-10 09:39:14,OP10005348,300ETF购12月3700,0.0,0.0,0.0,0.0,35,0.4328,0.4375,10,0.449,0.421,0.0,0.0,0.0,0.0,144
2023-05-10 09:39:17,OP10005348,300ETF购12月3700,0.0,0.0,0.0,0.0,20,0.4328,0.4368,15,0.449,0.421,0.0,0.0,0.0,0.0,144
2023-05-10 09:39:17,OP10005348,300ETF购12月3700,0.0,0.0,0.0,0.0,20,0.4328,0.4368,15,0.449,0.421,0.0,0.0,0.0,0.0,144
2023-05-10 09:39:17,OP10005348,300ETF购12月3700,0.0,0.0,0.0,0.0,65,0.4319,0.4368,35,0.449,0.421,0.0,0.0,0.0,0.0,144
2023-05-10 09:39:17,OP10005348,300ETF购12月3700,0.0,0.0,0.0,0.0,66,0.4319,0.4365,10,0.449,0.421,0.0,0.0,0.0,0.0,144
2023-05-10 09:39:20,OP10005348,300ETF购12月3700,0.0,0.0,0.0,0.0,56,0.4319,0.4365,10,0.449,0.421,0.0,0.0,0.0,0.0,144
2023-05-10 09:39:20,OP10005348,300ETF购12月3700,0.0,0.0,0.0,0.0,56,0.4319,0.4365,10,0.449,0.421,0.0,0.0,0.0,0.0,144
2023-05-10 09:39:26,OP10005348,300ETF购12月3700,0.0,0.0,0.0,0.0,56,0.4319,0.4365,10,0.449,0.421,0.0,0.0,0.0,0.0,144
2023-05-10 09:39:26,OP10005348,300ETF购12月3700,0.0,0.0,0.0,0.0,46,0.4319,0.4365,10,0.449,0.421,0.0,0.0,0.0,0.0,144
2023-05-10 09:39:26,OP10005348,300ETF购12月3700,0.0,0.0,0.0,0.0,36,0.4319,0.4365,10,0.449,0.421,0.0,0.0,0.0,0.0,144
2023-05-10 09:39:29,OP10005348,300ETF购12月3700,0.0,0.0,0.0,0.0,1,0.432,0.4365,10,0.449,0.421,0.0,0.0,0.0,0.0,144
2023-05-10 09:39:29,OP10005348,300ETF购12月3700,0.0,0.0,0.0,0.0,1,0.432,0.4365,10,0.449,0.421,0.0,0.0,0.0,0.0,144
2023-05-10 09:39:35,OP10005348,300ETF购12月3700,0.0,0.0,0.0,0.0,1,0.432,0.4365,10,0.449,0.421,0.0,0.0,0.0,0.0,144
2023-05-10 09:39:38,OP10005348,300ETF购12月3700,0.0,0.0,0.0,0.0,1,0.432,0.4368,25,0.449,0.421,0.0,0.0,0.0,0.0,144
2023-05-10 09:39:38,OP10005348,300ETF购12月3700,0.0,0.0,0.0,0.0,1,0.432,0.4368,15,0.449,0.421,0.0,0.0,0.0,0.0,144
2023-05-10 09:39:38,OP10005348,300ETF购12月3700,0.0,0.0,0.0,0.0,1,0.4321,0.4368,15,0.449,0.421,0.0,0.0,0.0,0.0,144
2023-05-10 09:39:38,OP10005348,300ETF购12月3700,0.0,0.0,0.0,0.0,1,0.4321,0.4368,15,0.449,0.421,0.0,0.0,0.0,0.0,144
2023-05-10 09:39:38,OP10005348,300ETF购12月3700,0.0,0.0,0.0,0.0,1,0.4321,0.4368,35,0.449,0.421,0.0,0.0,0.0,0.0,144
2023-05-10 09:39:47,OP10005348,300ETF购12月3700,0.0,0.0,0.0,0.0,1,0.4322,0.4368,35,0.449,0.421,0.0,0.0,0.0,0.0,144
2023-05-10 09:39:50,OP10005348,300ETF购12月3700,0.0,0.0,0.0,0.0,1,0.4322,0.4368,35,0.449,0.421,0.0,0.0,0.0,0.0,144
2023-05-10 09:39:50,OP10005348,300ETF购12月3700,0.0,0.0,0.0,0.0,1,0.4322,0.4365,10,0.449,0.421,0.0,0.0,0.0,0.0,144
2023-05-10 09:39:50,OP10005348,300ETF购12月3700,0.0,0.0,0.0,0.0,1,0.4322,0.4355,15,0.449,0.421,0.0,0.0,0.0,0.0,144
2023-05-10 09:39:50,OP10005348,300ETF购12月3700,0.0,0.0,0.0,0.0,1,0.432,0.4355,15,0.449,0.421,0.0,0.0,0.0,0.0,144
2023-05-10 09:39:50,OP10005348,300ETF购12月3700,0.0,0.0,0.0,0.0,20,0.4319,0.4355,35,0.449,0.421,0.0,0.0,0.0,0.0,144
2023-05-10 09:39:53,OP10005348,300ETF购12月3700,0.0,0.0,0.0,0.0,20,0.4319,0.4355,35,0.449,0.421,0.0,0.0,0.0,0.0,144
2023-05-10 09:39:53,OP10005348,300ETF购12月3700,0.0,0.0,0.0,0.0,20,0.4319,0.4371,10,0.449,0.421,0.0,0.0,0.0,0.0,144
2023-05-10 09:39:53,OP10005348,300ETF购12月3700,0.0,0.0,0.0,0.0,10,0.4324,0.4368,15,0.449,0.421,0.0,0.0,0.0,0.0,144
2023-05-10 09:39:53,OP10005348,300ETF购12月3700,0.0,0.0,0.0,0.0,10,0.4324,0.4368,15,0.449,0.421,0.0,0.0,0.0,0.0,144
2023-05-10 09:39:53,OP10005348,300ETF购12月3700,0.0,0.0,0.0,0.0,10,0.4324,0.4368,15,0.449,0.421,0.0,0.0,0.0,0.0,144
2023-05-10 09:39:56,OP10005348,300ETF购12月3700,0.0,0.0,0.0,0.0,10,0.4324,0.4368,15,0.449,0.421,0.0,0.0,0.0,0.0,144
2023-05-10 09:39:56,OP10005348,300ETF购12月3700,0.0,0.0,0.0,0.0,46,0.4319,0.4368,15,0.449,0.421,0.0,0.0,0.0,0.0,144
2023-05-10 09:39:56,OP10005348,300ETF购12月3700,0.0,0.0,0.0,0.0,56,0.4319,0.4368,15,0.449,0.421,0.0,0.0,0.0,0.0,144
2023-05-10 09:39:56,OP10005348,300ETF购12月3700,0.0,0.0,0.0,0.0,46,0.4319,0.4368,15,0.449,0.421,0.0,0.0,0.0,0.0,144
2023-05-10 09:39:56,OP10005348,300ETF购12月3700,0.0,0.0,0.0,0.0,36,0.4319,0.4368,15,0.449,0.421,0.0,0.0,0.0,0.0,144
2023-05-10 09:39:59,OP10005348,300ETF购12月3700,0.0,0.0,0.0,0.0,36,0.4319,0.4368,15,0.449,0.421,0.0,0.0,0.0,0.0,144
2023-05-10 09:40:02,OP10005348,300ETF购12月3700,0.0,0.0,0.0,0.0,21,0.4319,0.4357,15,0.449,0.421,0.0,0.0,0.0,0.0,144
2023-05-10 09:40:02,OP10005348,300ETF购12月3700,0.0,0.0,0.0,0.0,21,0.4319,0.4357,15,0.449,0.421,0.0,0.0,0.0,0.0,144
2023-05-10 09:40:02,OP10005348,300ETF购12月3700,0.0,0.0,0.0,0.0,21,0.4319,0.4357,15,0.449,0.421,0.0,0.0,0.0,0.0,144
2023-05-10 09:40:05,OP10005348,300ETF购12月3700,0.0,0.0,0.0,0.0,21,0.4319,0.4357,35,0.449,0.421,0.0,0.0,0.0,0.0,144
2023-05-10 09:40:05,OP10005348,300ETF购12月3700,0.0,0.0,0.0,0.0,20,0.4319,0.4357,35,0.449,0.421,0.0,0.0,0.0,0.0,144
2023-05-10 09:40:05,OP10005348,300ETF购12月3700,0.0,0.0,0.0,0.0,20,0.4319,0.4347,15,0.449,0.421,0.0,0.0,0.0,0.0,144
2023-05-10 09:40:05,OP10005348,300ETF购12月3700,0.0,0.0,0.0,0.0,20,0.4319,0.4347,15,0.449,0.421,0.0,0.0,0.0,0.0,144
2023-05-10 09:40:05,OP10005348,300ETF购12月3700,0.0,0.0,0.0,0.0,20,0.4319,0.4347,15,0.449,0.421,0.0,0.0,0.0,0.0,144
2023-05-10 09:40:08,OP10005348,300ETF购12月3700,0.0,0.0,0.0,0.0,20,0.4319,0.4347,15,0.449,0.421,0.0,0.0,0.0,0.0,144
2023-05-10 09:40:08,OP10005348,300ETF购12月3700,0.0,0.0,0.0,0.0,20,0.4319,0.4349,20,0.449,0.421,0.0,0.0,0.0,0.0,144
2023-05-10 09:40:08,OP10005348,300ETF购12月3700,0.0,0.0,0.0,0.0,20,0.4319,0.4356,15,0.449,0.421,0.0,0.0,0.0,0.0,144
2023-05-10 09:40:08,OP10005348,300ETF购12月3700,0.0,0.0,0.0,0.0,20,0.4319,0.4356,15,0.449,0.421,0.0,0.0,0.0,0.0,144
2023-05-10 09:40:08,OP10005348,300ETF购12月3700,0.0,0.0,0.0,0.0,20,0.4319,0.4356,15,0.449,0.421,0.0,0.0,0.0,0.0,144
2023-05-10 09:40:11,OP10005348,300ETF购12月3700,0.0,0.0,0.0,0.0,21,0.4319,0.4356,15,0.449,0.421,0.0,0.0,0.0,0.0,144
2023-05-10 09:40:11,OP10005348,300ETF购12月3700,0.0,0.0,0.0,0.0,21,0.4319,0.4357,20,0.449,0.421,0.0,0.0,0.0,0.0,144
2023-05-10 09:40:11,OP10005348,300ETF购12月3700,0.0,0.0,0.0,0.0,21,0.4319,0.4365,35,0.449,0.421,0.0,0.0,0.0,0.0,144
2023-05-10 09:40:11,OP10005348,300ETF购12月3700,0.0,0.0,0.0,0.0,21,0.4319,0.4365,35,0.449,0.421,0.0,0.0,0.0,0.0,144
2023-05-10 09:40:14,OP10005348,300ETF购12月3700,0.0,0.0,0.0,0.0,21,0.4319,0.4365,35,0.449,0.421,0.0,0.0,0.0,0.0,144
2023-05-10 09:40:17,OP10005348,300ETF购12月3700,0.0,0.0,0.0,0.0,21,0.4319,0.4362,10,0.449,0.421,0.0,0.0,0.0,0.0,144
2023-05-10 09:40:17,OP10005348,300ETF购12月3700,0.0,0.0,0.0,0.0,21,0.4319,0.4362,10,0.449,0.421,0.0,0.0,0.0,0.0,144
2023-05-10 09:40:17,OP10005348,300ETF购12月3700,0.0,0.0,0.0,0.0,21,0.4319,0.4355,15,0.449,0.421,0.0,0.0,0.0,0.0,144
2023-05-10 09:40:20,OP10005348,300ETF购12月3700,0.0,0.0,0.0,0.0,21,0.4319,0.4355,15,0.449,0.421,0.0,0.0,0.0,0.0,144
2023-05-10 09:40:20,OP10005348,300ETF购12月3700,0.0,0.0,0.0,0.0,21,0.4319,0.4355,15,0.449,0.421,0.0,0.0,0.0,0.0,144
2023-05-10 09:40:20,OP10005348,300ETF购12月3700,0.0,0.0,0.0,0.0,21,0.4319,0.4355,15,0.449,0.421,0.0,0.0,0.0,0.0,144
2023-05-10 09:40:20,OP10005348,300ETF购12月3700,0.0,0.0,0.0,0.0,1,0.432,0.4355,15,0.449,0.421,0.0,0.0,0.0,0.0,144
2023-05-10 09:40:20,OP10005348,300ETF购12月3700,0.0,0.0,0.0,0.0,20,0.4319,0.4355,15,0.449,0.421,0.0,0.0,0.0,0.0,144
2023-05-10 09:40:20,OP10005348,300ETF购12月3700,0.0,0.0,0.0,0.0,20,0.4319,0.4355,15,0.449,0.421,0.0,0.0,0.0,0.0,144
2023-05-10 09:40:23,OP10005348,300ETF购12月3700,0.0,0.0,0.0,0.0,20,0.4319,0.4355,15,0.449,0.421,0.0,0.0,0.0,0.0,144
2023-05-10 09:40:23,OP10005348,300ETF购12月3700,0.0,0.0,0.0,0.0,20,0.4319,0.4355,15,0.449,0.421,0.0,0.0,0.0,0.0,144
2023-05-10 09:40:23,OP10005348,300ETF购12月3700,0.0,0.0,0.0,0.0,20,0.4319,0.4355,15,0.449,0.421,0.0,0.0,0.0,0.0,144
2023-05-10 09:40:23,OP10005348,300ETF购12月3700,0.0,0.0,0.0,0.0,20,0.4319,0.4357,20,0.449,0.421,0.0,0.0,0.0,0.0,144
2023-05-10 09:40:26,OP10005348,300ETF购12月3700,0.0,0.0,0.0,0.0,20,0.4319,0.4345,15,0.449,0.421,0.0,0.0,0.0,0.0,144
2023-05-10 09:40:26,OP10005348,300ETF购12月3700,0.0,0.0,0.0,0.0,20,0.4319,0.4345,15,0.449,0.421,0.0,0.0,0.0,0.0,144
2023-05-10 09:40:26,OP10005348,300ETF购12月3700,0.0,0.0,0.0,0.0,20,0.4319,0.4345,15,0.449,0.421,0.0,0.0,0.0,0.0,144
2023-05-10 09:40:26,OP10005348,300ETF购12月3700,0.0,0.0,0.0,0.0,40,0.4303,0.4345,15,0.449,0.421,0.0,0.0,0.0,0.0,144
2023-05-10 09:40:26,OP10005348,300ETF购12月3700,0.0,0.0,0.0,0.0,31,0.4303,0.4345,15,0.449,0.421,0.0,0.0,0.0,0.0,144
2023-05-10 09:40:26,OP10005348,300ETF购12月3700,0.0,0.0,0.0,0.0,31,0.4303,0.4345,15,0.449,0.421,0.0,0.0,0.0,0.0,144
2023-05-10 09:40:29,OP10005348,300ETF购12月3700,0.0,0.0,0.0,0.0,21,0.4303,0.4345,15,0.449,0.421,0.0,0.0,0.0,0.0,144
2023-05-10 09:40:29,OP10005348,300ETF购12月3700,0.0,0.0,0.0,0.0,21,0.4303,0.4346,20,0.449,0.421,0.0,0.0,0.0,0.0,144
2023-05-10 09:40:29,OP10005348,300ETF购12月3700,0.0,0.0,0.0,0.0,21,0.4303,0.4336,15,0.449,0.421,0.0,0.0,0.0,0.0,144
2023-05-10 09:40:32,OP10005348,300ETF购12月3700,0.0,0.0,0.0,0.0,21,0.4303,0.4336,35,0.449,0.421,0.0,0.0,0.0,0.0,144
2023-05-10 09:40:38,OP10005348,300ETF购12月3700,0.0,0.0,0.0,0.0,1,0.4304,0.4336,35,0.449,0.421,0.0,0.0,0.0,0.0,144
2023-05-10 09:40:38,OP10005348,300ETF购12月3700,0.0,0.0,0.0,0.0,1,0.4304,0.4345,15,0.449,0.421,0.0,0.0,0.0,0.0,144
2023-05-10 09:40:38,OP10005348,300ETF购12月3700,0.0,0.0,0.0,0.0,1,0.4304,0.4345,15,0.449,0.421,0.0,0.0,0.0,0.0,144
2023-05-10 09:40:38,OP10005348,300ETF购12月3700,0.0,0.0,0.0,0.0,10,0.4308,0.4345,15,0.449,0.421,0.0,0.0,0.0,0.0,144
2023-05-10 09:40:38,OP10005348,300ETF购12月3700,0.0,0.0,0.0,0.0,10,0.4308,0.4345,15,0.449,0.421,0.0,0.0,0.0,0.0,144
2023-05-10 09:40:38,OP10005348,300ETF购12月3700,0.0,0.0,0.0,0.0,10,0.4308,0.4345,15,0.449,0.421,0.0,0.0,0.0,0.0,144
2023-05-10 09:40:41,OP10005348,300ETF购12月3700,0.0,0.0,0.0,0.0,10,0.4308,0.4345,15,0.449,0.421,0.0,0.0,0.0,0.0,144
2023-05-10 09:40:41,OP10005348,300ETF购12月3700,0.0,0.0,0.0,0.0,10,0.4308,0.4345,15,0.449,0.421,0.0,0.0,0.0,0.0,144
2023-05-10 09:40:41,OP10005348,300ETF购12月3700,0.0,0.0,0.0,0.0,10,0.4308,0.4356,15,0.449,0.421,0.0,0.0,0.0,0.0,144
2023-05-10 09:40:41,OP10005348,300ETF购12月3700,0.0,0.0,0.0,0.0,11,0.4308,0.4356,15,0.449,0.421,0.0,0.0,0.0,0.0,144
2023-05-10 09:40:44,OP10005348,300ETF购12月3700,0.0,0.0,0.0,0.0,11,0.4308,0.4356,15,0.449,0.421,0.0,0.0,0.0,0.0,144
2023-05-10 09:40:44,OP10005348,300ETF购12月3700,0.0,0.0,0.0,0.0,11,0.4308,0.4356,15,0.449,0.421,0.0,0.0,0.0,0.0,144
2023-05-10 09:40:47,OP10005348,300ETF购12月3700,0.0,0.0,0.0,0.0,11,0.4308,0.4356,15,0.449,0.421,0.0,0.0,0.0,0.0,144
2023-05-10 09:40:47,OP10005348,300ETF购12月3700,0.0,0.0,0.0,0.0,11,0.4308,0.4347,15,0.449,0.421,0.0,0.0,0.0,0.0,144
2023-05-10 09:40:50,OP10005348,300ETF购12月3700,0.0,0.0,0.0,0.0,1,0.4308,0.4347,15,0.449,0.421,0.0,0.0,0.0,0.0,144
2023-05-10 09:40:50,OP10005348,300ETF购12月3700,0.0,0.0,0.0,0.0,1,0.4308,0.4347,15,0.449,0.421,0.0,0.0,0.0,0.0,144
2023-05-10 09:40:50,OP10005348,300ETF购12月3700,0.0,0.0,0.0,0.0,1,0.4308,0.4347,15,0.449,0.421,0.0,0.0,0.0,0.0,144
2023-05-10 09:40:50,OP10005348,300ETF购12月3700,0.0,0.0,0.0,0.0,1,0.4308,0.4347,15,0.449,0.421,0.0,0.0,0.0,0.0,144
2023-05-10 09:40:50,OP10005348,300ETF购12月3700,0.0,0.0,0.0,0.0,1,0.4305,0.4347,15,0.449,0.421,0.0,0.0,0.0,0.0,144
2023-05-10 09:40:53,OP10005348,300ETF购12月3700,0.0,0.0,0.0,0.0,1,0.4305,0.4347,15,0.449,0.421,0.0,0.0,0.0,0.0,144
2023-05-10 09:40:59,OP10005348,300ETF购12月3700,0.0,0.0,0.0,0.0,1,0.4305,0.4338,15,0.449,0.421,0.0,0.0,0.0,0.0,144
2023-05-10 09:40:59,OP10005348,300ETF购12月3700,0.0,0.0,0.0,0.0,20,0.4303,0.4338,15,0.449,0.421,0.0,0.0,0.0,0.0,144
2023-05-10 09:40:59,OP10005348,300ETF购12月3700,0.0,0.0,0.0,0.0,20,0.4303,0.4338,15,0.449,0.421,0.0,0.0,0.0,0.0,144
2023-05-10 09:41:02,OP10005348,300ETF购12月3700,0.0,0.0,0.0,0.0,21,0.4303,0.4338,15,0.449,0.421,0.0,0.0,0.0,0.0,144
2023-05-10 09:41:02,OP10005348,300ETF购12月3700,0.0,0.0,0.0,0.0,21,0.4303,0.4338,15,0.449,0.421,0.0,0.0,0.0,0.0,144
2023-05-10 09:41:02,OP10005348,300ETF购12月3700,0.0,0.0,0.0,0.0,20,0.4303,0.4338,15,0.449,0.421,0.0,0.0,0.0,0.0,144
2023-05-10 09:41:02,OP10005348,300ETF购12月3700,0.0,0.0,0.0,0.0,30,0.4296,0.4338,15,0.449,0.421,0.0,0.0,0.0,0.0,144
2023-05-10 09:41:05,OP10005348,300ETF购12月3700,0.0,0.0,0.0,0.0,31,0.4296,0.4328,15,0.449,0.421,0.0,0.0,0.0,0.0,144
2023-05-10 09:41:05,OP10005348,300ETF购12月3700,0.0,0.0,0.0,0.0,30,0.4296,0.4328,15,0.449,0.421,0.0,0.0,0.0,0.0,144
2023-05-10 09:41:05,OP10005348,300ETF购12月3700,0.0,0.0,0.0,0.0,30,0.4296,0.4328,35,0.449,0.421,0.0,0.0,0.0,0.0,144
2023-05-10 09:41:05,OP10005348,300ETF购12月3700,0.0,0.0,0.0,0.0,30,0.4296,0.4328,35,0.449,0.421,0.0,0.0,0.0,0.0,144
2023-05-10 09:41:05,OP10005348,300ETF购12月3700,0.0,0.0,0.0,0.0,20,0.4296,0.4328,35,0.449,0.421,0.0,0.0,0.0,0.0,144
2023-05-10 09:41:08,OP10005348,300ETF购12月3700,0.0,0.0,0.0,0.0,20,0.4296,0.4328,35,0.449,0.421,0.0,0.0,0.0,0.0,144
2023-05-10 09:41:08,OP10005348,300ETF购12月3700,0.0,0.0,0.0,0.0,21,0.4296,0.4328,35,0.449,0.421,0.0,0.0,0.0,0.0,144
2023-05-10 09:41:11,OP10005348,300ETF购12月3700,0.0,0.0,0.0,0.0,21,0.4296,0.4328,35,0.449,0.421,0.0,0.0,0.0,0.0,144
2023-05-10 09:41:14,OP10005348,300ETF购12月3700,0.0,0.0,0.0,0.0,21,0.4296,0.4328,15,0.449,0.421,0.0,0.0,0.0,0.0,144
2023-05-10 09:41:14,OP10005348,300ETF购12月3700,0.0,0.0,0.0,0.0,21,0.4296,0.4328,15,0.449,0.421,0.0,0.0,0.0,0.0,144
2023-05-10 09:41:17,OP10005348,300ETF购12月3700,0.0,0.0,0.0,0.0,20,0.4296,0.4328,15,0.449,0.421,0.0,0.0,0.0,0.0,144
2023-05-10 09:41:17,OP10005348,300ETF购12月3700,0.0,0.0,0.0,0.0,20,0.4296,0.4328,15,0.449,0.421,0.0,0.0,0.0,0.0,144
2023-05-10 09:41:20,OP10005348,300ETF购12月3700,0.0,0.0,0.0,0.0,20,0.4296,0.4328,15,0.449,0.421,0.0,0.0,0.0,0.0,144
2023-05-10 09:41:20,OP10005348,300ETF购12月3700,0.0,0.0,0.0,0.0,20,0.4296,0.4328,15,0.449,0.421,0.0,0.0,0.0,0.0,144
2023-05-10 09:41:23,OP10005348,300ETF购12月3700,0.0,0.0,0.0,0.0,20,0.4296,0.4332,10,0.449,0.421,0.0,0.0,0.0,0.0,144
2023-05-10 09:41:23,OP10005348,300ETF购12月3700,0.0,0.0,0.0,0.0,20,0.4296,0.4338,15,0.449,0.421,0.0,0.0,0.0,0.0,144
2023-05-10 09:41:23,OP10005348,300ETF购12月3700,0.0,0.0,0.0,0.0,20,0.4296,0.4338,25,0.449,0.421,0.0,0.0,0.0,0.0,144
2023-05-10 09:41:23,OP10005348,300ETF购12月3700,0.0,0.0,0.0,0.0,21,0.4296,0.4338,25,0.449,0.421,0.0,0.0,0.0,0.0,144
2023-05-10 09:41:26,OP10005348,300ETF购12月3700,0.0,0.0,0.0,0.0,21,0.4296,0.4338,15,0.449,0.421,0.0,0.0,0.0,0.0,144
2023-05-10 09:41:29,OP10005348,300ETF购12月3700,0.0,0.0,0.0,0.0,21,0.4296,0.4338,15,0.449,0.421,0.0,0.0,0.0,0.0,144
2023-05-10 09:41:29,OP10005348,300ETF购12月3700,0.0,0.0,0.0,0.0,20,0.4296,0.4338,15,0.449,0.421,0.0,0.0,0.0,0.0,144
2023-05-10 09:41:32,OP10005348,300ETF购12月3700,0.0,0.0,0.0,0.0,20,0.4296,0.4338,15,0.449,0.421,0.0,0.0,0.0,0.0,144
2023-05-10 09:41:32,OP10005348,300ETF购12月3700,0.0,0.0,0.0,0.0,21,0.4296,0.4338,15,0.449,0.421,0.0,0.0,0.0,0.0,144
2023-05-10 09:41:32,OP10005348,300ETF购12月3700,0.0,0.0,0.0,0.0,21,0.4296,0.4338,15,0.449,0.421,0.0,0.0,0.0,0.0,144
2023-05-10 09:41:35,OP10005348,300ETF购12月3700,0.0,0.0,0.0,0.0,21,0.4296,0.4338,15,0.449,0.421,0.0,0.0,0.0,0.0,144
2023-05-10 09:41:35,OP10005348,300ETF购12月3700,0.0,0.0,0.0,0.0,21,0.4296,0.4338,15,0.449,0.421,0.0,0.0,0.0,0.0,144
2023-05-10 09:41:35,OP10005348,300ETF购12月3700,0.0,0.0,0.0,0.0,21,0.4296,0.4338,15,0.449,0.421,0.0,0.0,0.0,0.0,144
2023-05-10 09:41:35,OP10005348,300ETF购12月3700,0.0,0.0,0.0,0.0,21,0.4296,0.4338,15,0.449,0.421,0.0,0.0,0.0,0.0,144
2023-05-10 09:41:38,OP10005348,300ETF购12月3700,0.0,0.0,0.0,0.0,21,0.4296,0.4338,15,0.449,0.421,0.0,0.0,0.0,0.0,144
2023-05-10 09:41:38,OP10005348,300ETF购12月3700,0.0,0.0,0.0,0.0,21,0.4296,0.4338,15,0.449,0.421,0.0,0.0,0.0,0.0,144
2023-05-10 09:41:38,OP10005348,300ETF购12月3700,0.0,0.0,0.0,0.0,21,0.4296,0.4338,15,0.449,0.421,0.0,0.0,0.0,0.0,144
2023-05-10 09:41:41,OP10005348,300ETF购12月3700,0.0,0.0,0.0,0.0,15,0.4298,0.434,30,0.449,0.421,0.0,0.0,0.0,0.0,144
2023-05-10 09:41:41,OP10005348,300ETF购12月3700,0.0,0.0,0.0,0.0,26,0.4298,0.4346,10,0.449,0.421,0.0,0.0,0.0,0.0,144
2023-05-10 09:41:41,OP10005348,300ETF购12月3700,0.0,0.0,0.0,0.0,26,0.4298,0.4347,35,0.449,0.421,0.0,0.0,0.0,0.0,144
2023-05-10 09:41:41,OP10005348,300ETF购12月3700,0.0,0.0,0.0,0.0,26,0.4298,0.4347,35,0.449,0.421,0.0,0.0,0.0,0.0,144
2023-05-10 09:41:44,OP10005348,300ETF购12月3700,0.0,0.0,0.0,0.0,26,0.4298,0.4347,35,0.449,0.421,0.0,0.0,0.0,0.0,144
2023-05-10 09:41:47,OP10005348,300ETF购12月3700,0.0,0.0,0.0,0.0,1,0.4298,0.4347,20,0.449,0.421,0.0,0.0,0.0,0.0,144
2023-05-10 09:41:47,OP10005348,300ETF购12月3700,0.0,0.0,0.0,0.0,20,0.4296,0.4329,10,0.449,0.421,0.0,0.0,0.0,0.0,144
2023-05-10 09:41:47,OP10005348,300ETF购12月3700,0.0,0.0,0.0,0.0,1,0.4295,0.4329,10,0.449,0.421,0.0,0.0,0.0,0.0,144
2023-05-10 09:41:47,OP10005348,300ETF购12月3700,0.0,0.0,0.0,0.0,1,0.4295,0.4329,10,0.449,0.421,0.0,0.0,0.0,0.0,144
2023-05-10 09:41:47,OP10005348,300ETF购12月3700,0.0,0.0,0.0,0.0,20,0.4294,0.4329,10,0.449,0.421,0.0,0.0,0.0,0.0,144
2023-05-10 09:41:47,OP10005348,300ETF购12月3700,0.0,0.0,0.0,0.0,20,0.4294,0.4329,10,0.449,0.421,0.0,0.0,0.0,0.0,144
2023-05-10 09:41:50,OP10005348,300ETF购12月3700,0.0,0.0,0.0,0.0,20,0.4294,0.4329,10,0.449,0.421,0.0,0.0,0.0,0.0,144
2023-05-10 09:41:50,OP10005348,300ETF购12月3700,0.0,0.0,0.0,0.0,20,0.4294,0.4329,10,0.449,0.421,0.0,0.0,0.0,0.0,144
2023-05-10 09:41:53,OP10005348,300ETF购12月3700,0.0,0.0,0.0,0.0,20,0.4294,0.4329,10,0.449,0.421,0.0,0.0,0.0,0.0,144
2023-05-10 09:41:53,OP10005348,300ETF购12月3700,0.0,0.0,0.0,0.0,20,0.4294,0.4323,15,0.449,0.421,0.0,0.0,0.0,0.0,144
2023-05-10 09:41:53,OP10005348,300ETF购12月3700,0.0,0.0,0.0,0.0,10,0.4291,0.4323,15,0.449,0.421,0.0,0.0,0.0,0.0,144
2023-05-10 09:41:53,OP10005348,300ETF购12月3700,0.0,0.0,0.0,0.0,1,0.4289,0.4323,15,0.449,0.421,0.0,0.0,0.0,0.0,144
2023-05-10 09:41:53,OP10005348,300ETF购12月3700,0.0,0.0,0.0,0.0,1,0.4289,0.4323,15,0.449,0.421,0.0,0.0,0.0,0.0,144
2023-05-10 09:41:56,OP10005348,300ETF购12月3700,0.0,0.0,0.0,0.0,1,0.4289,0.4323,15,0.449,0.421,0.0,0.0,0.0,0.0,144
2023-05-10 09:41:56,OP10005348,300ETF购12月3700,0.0,0.0,0.0,0.0,1,0.4289,0.4323,15,0.449,0.421,0.0,0.0,0.0,0.0,144
2023-05-10 09:41:59,OP10005348,300ETF购12月3700,0.0,0.0,0.0,0.0,20,0.4287,0.4323,15,0.449,0.421,0.0,0.0,0.0,0.0,144
2023-05-10 09:41:59,OP10005348,300ETF购12月3700,0.0,0.0,0.0,0.0,20,0.4287,0.4314,15,0.449,0.421,0.0,0.0,0.0,0.0,144
2023-05-10 09:42:02,OP10005348,300ETF购12月3700,0.0,0.0,0.0,0.0,20,0.4287,0.4314,15,0.449,0.421,0.0,0.0,0.0,0.0,144
2023-05-10 09:42:02,OP10005348,300ETF购12月3700,0.0,0.0,0.0,0.0,20,0.4287,0.4314,35,0.449,0.421,0.0,0.0,0.0,0.0,144
2023-05-10 09:42:02,OP10005348,300ETF购12月3700,0.0,0.0,0.0,0.0,20,0.4287,0.4314,35,0.449,0.421,0.0,0.0,0.0,0.0,144
2023-05-10 09:42:02,OP10005348,300ETF购12月3700,0.0,0.0,0.0,0.0,20,0.4287,0.4314,35,0.449,0.421,0.0,0.0,0.0,0.0,144
2023-05-10 09:42:02,OP10005348,300ETF购12月3700,0.0,0.0,0.0,0.0,20,0.4287,0.4314,35,0.449,0.421,0.0,0.0,0.0,0.0,144
2023-05-10 09:42:05,OP10005348,300ETF购12月3700,0.0,0.0,0.0,0.0,20,0.4287,0.4314,15,0.449,0.421,0.0,0.0,0.0,0.0,144
2023-05-10 09:42:05,OP10005348,300ETF购12月3700,0.0,0.0,0.0,0.0,20,0.4287,0.4314,15,0.449,0.421,0.0,0.0,0.0,0.0,144
2023-05-10 09:42:05,OP10005348,300ETF购12月3700,0.0,0.0,0.0,0.0,20,0.4287,0.4314,15,0.449,0.421,0.0,0.0,0.0,0.0,144
2023-05-10 09:42:08,OP10005348,300ETF购12月3700,0.0,0.0,0.0,0.0,20,0.4287,0.4314,15,0.449,0.421,0.0,0.0,0.0,0.0,144
2023-05-10 09:42:08,OP10005348,300ETF购12月3700,0.0,0.0,0.0,0.0,20,0.4287,0.4323,15,0.449,0.421,0.0,0.0,0.0,0.0,144
2023-05-10 09:42:08,OP10005348,300ETF购12月3700,0.0,0.0,0.0,0.0,20,0.4287,0.4323,15,0.449,0.421,0.0,0.0,0.0,0.0,144
2023-05-10 09:42:08,OP10005348,300ETF购12月3700,0.0,0.0,0.0,0.0,20,0.4287,0.4323,15,0.449,0.421,0.0,0.0,0.0,0.0,144
2023-05-10 09:42:11,OP10005348,300ETF购12月3700,0.0,0.0,0.0,0.0,20,0.4287,0.4323,15,0.449,0.421,0.0,0.0,0.0,0.0,144
2023-05-10 09:42:14,OP10005348,300ETF购12月3700,0.0,0.0,0.0,0.0,20,0.4287,0.4323,15,0.449,0.421,0.0,0.0,0.0,0.0,144
2023-05-10 09:42:14,OP10005348,300ETF购12月3700,0.0,0.0,0.0,0.0,21,0.4287,0.4323,15,0.449,0.421,0.0,0.0,0.0,0.0,144
2023-05-10 09:42:14,OP10005348,300ETF购12月3700,0.0,0.0,0.0,0.0,21,0.4287,0.4323,15,0.449,0.421,0.0,0.0,0.0,0.0,144
2023-05-10 09:42:17,OP10005348,300ETF购12月3700,0.0,0.0,0.0,0.0,21,0.4287,0.4323,15,0.449,0.421,0.0,0.0,0.0,0.0,144
2023-05-10 09:42:20,OP10005348,300ETF购12月3700,0.0,0.0,0.0,0.0,21,0.4287,0.4323,15,0.449,0.421,0.0,0.0,0.0,0.0,144
2023-05-10 09:42:20,OP10005348,300ETF购12月3700,0.0,0.0,0.0,0.0,20,0.4287,0.4323,15,0.449,0.421,0.0,0.0,0.0,0.0,144
2023-05-10 09:42:20,OP10005348,300ETF购12月3700,0.0,0.0,0.0,0.0,20,0.4287,0.4323,15,0.449,0.421,0.0,0.0,0.0,0.0,144
2023-05-10 09:42:20,OP10005348,300ETF购12月3700,0.0,0.0,0.0,0.0,20,0.4287,0.4323,15,0.449,0.421,0.0,0.0,0.0,0.0,144
2023-05-10 09:42:20,OP10005348,300ETF购12月3700,0.0,0.0,0.0,0.0,20,0.4287,0.4323,15,0.449,0.421,0.0,0.0,0.0,0.0,144
2023-05-10 09:42:23,OP10005348,300ETF购12月3700,0.0,0.0,0.0,0.0,20,0.4287,0.4323,15,0.449,0.421,0.0,0.0,0.0,0.0,144
2023-05-10 09:42:23,OP10005348,300ETF购12月3700,0.0,0.0,0.0,0.0,20,0.4287,0.4318,10,0.449,0.421,0.0,0.0,0.0,0.0,144
2023-05-10 09:42:26,OP10005348,300ETF购12月3700,0.0,0.0,0.0,0.0,20,0.4287,0.4318,10,0.449,0.421,0.0,0.0,0.0,0.0,144
2023-05-10 09:42:32,OP10005348,300ETF购12月3700,0.0,0.0,0.0,0.0,20,0.4287,0.4323,15,0.449,0.421,0.0,0.0,0.0,0.0,144
2023-05-10 09:42:35,OP10005348,300ETF购12月3700,0.0,0.0,0.0,0.0,20,0.4287,0.4323,15,0.449,0.421,0.0,0.0,0.0,0.0,144
2023-05-10 09:42:35,OP10005348,300ETF购12月3700,0.0,0.0,0.0,0.0,20,0.4287,0.4323,15,0.449,0.421,0.0,0.0,0.0,0.0,144
2023-05-10 09:42:35,OP10005348,300ETF购12月3700,0.0,0.0,0.0,0.0,20,0.4287,0.4323,15,0.449,0.421,0.0,0.0,0.0,0.0,144
2023-05-10 09:42:44,OP10005348,300ETF购12月3700,0.0,0.0,0.0,0.0,20,0.4287,0.4323,15,0.449,0.421,0.0,0.0,0.0,0.0,144
2023-05-10 09:42:47,OP10005348,300ETF购12月3700,0.0,0.0,0.0,0.0,20,0.4287,0.4323,15,0.449,0.421,0.0,0.0,0.0,0.0,144
2023-05-10 09:42:47,OP10005348,300ETF购12月3700,0.0,0.0,0.0,0.0,20,0.4287,0.4323,15,0.449,0.421,0.0,0.0,0.0,0.0,144
2023-05-10 09:42:50,OP10005348,300ETF购12月3700,0.0,0.0,0.0,0.0,20,0.4287,0.4323,15,0.449,0.421,0.0,0.0,0.0,0.0,144
2023-05-10 09:42:50,OP10005348,300ETF购12月3700,0.0,0.0,0.0,0.0,21,0.4287,0.4323,15,0.449,0.421,0.0,0.0,0.0,0.0,144
2023-05-10 09:42:50,OP10005348,300ETF购12月3700,0.0,0.0,0.0,0.0,21,0.4287,0.4323,15,0.449,0.421,0.0,0.0,0.0,0.0,144
2023-05-10 09:42:53,OP10005348,300ETF购12月3700,0.0,0.0,0.0,0.0,20,0.4287,0.4323,15,0.449,0.421,0.0,0.0,0.0,0.0,144
2023-05-10 09:42:56,OP10005348,300ETF购12月3700,0.0,0.0,0.0,0.0,21,0.4287,0.4323,15,0.449,0.421,0.0,0.0,0.0,0.0,144
2023-05-10 09:42:59,OP10005348,300ETF购12月3700,0.0,0.0,0.0,0.0,20,0.4287,0.4323,15,0.449,0.421,0.0,0.0,0.0,0.0,144
2023-05-10 09:42:59,OP10005348,300ETF购12月3700,0.0,0.0,0.0,0.0,20,0.4287,0.4314,15,0.449,0.421,0.0,0.0,0.0,0.0,144
2023-05-10 09:42:59,OP10005348,300ETF购12月3700,0.0,0.0,0.0,0.0,20,0.4287,0.4314,15,0.449,0.421,0.0,0.0,0.0,0.0,144
2023-05-10 09:42:59,OP10005348,300ETF购12月3700,0.0,0.0,0.0,0.0,20,0.4287,0.4314,15,0.449,0.421,0.0,0.0,0.0,0.0,144
2023-05-10 09:43:02,OP10005348,300ETF购12月3700,0.0,0.0,0.0,0.0,20,0.4287,0.4314,15,0.449,0.421,0.0,0.0,0.0,0.0,144
2023-05-10 09:43:02,OP10005348,300ETF购12月3700,0.0,0.0,0.0,0.0,20,0.4287,0.4314,15,0.449,0.421,0.0,0.0,0.0,0.0,144
2023-05-10 09:43:02,OP10005348,300ETF购12月3700,0.0,0.0,0.0,0.0,20,0.4287,0.4321,10,0.449,0.421,0.0,0.0,0.0,0.0,144
2023-05-10 09:43:02,OP10005348,300ETF购12月3700,0.0,0.0,0.0,0.0,20,0.4287,0.4323,15,0.449,0.421,0.0,0.0,0.0,0.0,144
2023-05-10 09:43:05,OP10005348,300ETF购12月3700,0.0,0.0,0.0,0.0,21,0.4287,0.4323,15,0.449,0.421,0.0,0.0,0.0,0.0,144
2023-05-10 09:43:08,OP10005348,300ETF购12月3700,0.0,0.0,0.0,0.0,20,0.4287,0.4323,15,0.449,0.421,0.0,0.0,0.0,0.0,144
2023-05-10 09:43:08,OP10005348,300ETF购12月3700,0.0,0.0,0.0,0.0,20,0.4287,0.4323,15,0.449,0.421,0.0,0.0,0.0,0.0,144
2023-05-10 09:43:08,OP10005348,300ETF购12月3700,0.0,0.0,0.0,0.0,20,0.4287,0.4324,20,0.449,0.421,0.0,0.0,0.0,0.0,144
2023-05-10 09:43:11,OP10005348,300ETF购12月3700,0.0,0.0,0.0,0.0,20,0.4287,0.4331,20,0.449,0.421,0.0,0.0,0.0,0.0,144
2023-05-10 09:43:11,OP10005348,300ETF购12月3700,0.0,0.0,0.0,0.0,20,0.4287,0.4331,10,0.449,0.421,0.0,0.0,0.0,0.0,144
2023-05-10 09:43:11,OP10005348,300ETF购12月3700,0.0,0.0,0.0,0.0,20,0.4287,0.4332,20,0.449,0.421,0.0,0.0,0.0,0.0,144
2023-05-10 09:43:11,OP10005348,300ETF购12月3700,0.0,0.0,0.0,0.0,20,0.4287,0.4332,20,0.449,0.421,0.0,0.0,0.0,0.0,144
2023-05-10 09:43:11,OP10005348,300ETF购12月3700,0.0,0.0,0.0,0.0,20,0.4287,0.4332,20,0.449,0.421,0.0,0.0,0.0,0.0,144
2023-05-10 09:43:11,OP10005348,300ETF购12月3700,0.0,0.0,0.0,0.0,21,0.4287,0.4332,20,0.449,0.421,0.0,0.0,0.0,0.0,144
2023-05-10 09:43:20,OP10005348,300ETF购12月3700,0.0,0.0,0.0,0.0,21,0.4287,0.4333,15,0.449,0.421,0.0,0.0,0.0,0.0,144
2023-05-10 09:43:20,OP10005348,300ETF购12月3700,0.0,0.0,0.0,0.0,21,0.4287,0.4333,15,0.449,0.421,0.0,0.0,0.0,0.0,144
2023-05-10 09:43:20,OP10005348,300ETF购12月3700,0.0,0.0,0.0,0.0,15,0.4294,0.4339,30,0.449,0.421,0.0,0.0,0.0,0.0,144
2023-05-10 09:43:20,OP10005348,300ETF购12月3700,0.0,0.0,0.0,0.0,36,0.4294,0.4339,20,0.449,0.421,0.0,0.0,0.0,0.0,144
2023-05-10 09:43:23,OP10005348,300ETF购12月3700,0.0,0.0,0.0,0.0,36,0.4294,0.4341,20,0.449,0.421,0.0,0.0,0.0,0.0,144
2023-05-10 09:43:23,OP10005348,300ETF购12月3700,0.0,0.0,0.0,0.0,46,0.4294,0.4343,15,0.449,0.421,0.0,0.0,0.0,0.0,144
2023-05-10 09:43:23,OP10005348,300ETF购12月3700,0.0,0.0,0.0,0.0,46,0.4294,0.4343,15,0.449,0.421,0.0,0.0,0.0,0.0,144
2023-05-10 09:43:23,OP10005348,300ETF购12月3700,0.0,0.0,0.0,0.0,46,0.4294,0.4343,15,0.449,0.421,0.0,0.0,0.0,0.0,144
2023-05-10 09:43:29,OP10005348,300ETF购12月3700,0.0,0.0,0.0,0.0,46,0.4294,0.434,10,0.449,0.421,0.0,0.0,0.0,0.0,144
2023-05-10 09:43:32,OP10005348,300ETF购12月3700,0.0,0.0,0.0,0.0,46,0.4294,0.434,10,0.449,0.421,0.0,0.0,0.0,0.0,144
2023-05-10 09:43:32,OP10005348,300ETF购12月3700,0.0,0.0,0.0,0.0,1,0.4295,0.434,10,0.449,0.421,0.0,0.0,0.0,0.0,144
2023-05-10 09:43:38,OP10005348,300ETF购12月3700,0.0,0.0,0.0,0.0,1,0.4295,0.434,10,0.449,0.421,0.0,0.0,0.0,0.0,144
2023-05-10 09:43:38,OP10005348,300ETF购12月3700,0.0,0.0,0.0,0.0,1,0.4295,0.434,10,0.449,0.421,0.0,0.0,0.0,0.0,144
2023-05-10 09:43:38,OP10005348,300ETF购12月3700,0.0,0.0,0.0,0.0,20,0.4294,0.4334,15,0.449,0.421,0.0,0.0,0.0,0.0,144
2023-05-10 09:43:38,OP10005348,300ETF购12月3700,0.0,0.0,0.0,0.0,20,0.4294,0.4334,15,0.449,0.421,0.0,0.0,0.0,0.0,144
2023-05-10 09:43:41,OP10005348,300ETF购12月3700,0.0,0.0,0.0,0.0,20,0.4294,0.4334,15,0.449,0.421,0.0,0.0,0.0,0.0,144
2023-05-10 09:43:41,OP10005348,300ETF购12月3700,0.0,0.0,0.0,0.0,20,0.4294,0.4327,10,0.449,0.421,0.0,0.0,0.0,0.0,144
2023-05-10 09:43:41,OP10005348,300ETF购12月3700,0.0,0.0,0.0,0.0,20,0.4294,0.4327,10,0.449,0.421,0.0,0.0,0.0,0.0,144
2023-05-10 09:43:41,OP10005348,300ETF购12月3700,0.0,0.0,0.0,0.0,20,0.4294,0.4327,10,0.449,0.421,0.0,0.0,0.0,0.0,144
2023-05-10 09:43:44,OP10005348,300ETF购12月3700,0.0,0.0,0.0,0.0,20,0.4294,0.4327,10,0.449,0.421,0.0,0.0,0.0,0.0,144
2023-05-10 09:43:44,OP10005348,300ETF购12月3700,0.0,0.0,0.0,0.0,20,0.4294,0.4327,10,0.449,0.421,0.0,0.0,0.0,0.0,144
2023-05-10 09:43:44,OP10005348,300ETF购12月3700,0.0,0.0,0.0,0.0,20,0.4294,0.4327,10,0.449,0.421,0.0,0.0,0.0,0.0,144
2023-05-10 09:43:44,OP10005348,300ETF购12月3700,0.0,0.0,0.0,0.0,20,0.4294,0.4325,15,0.449,0.421,0.0,0.0,0.0,0.0,144
2023-05-10 09:43:47,OP10005348,300ETF购12月3700,0.0,0.0,0.0,0.0,20,0.4294,0.4325,15,0.449,0.421,0.0,0.0,0.0,0.0,144
2023-05-10 09:43:47,OP10005348,300ETF购12月3700,0.0,0.0,0.0,0.0,30,0.4285,0.4325,15,0.449,0.421,0.0,0.0,0.0,0.0,144
2023-05-10 09:43:47,OP10005348,300ETF购12月3700,0.0,0.0,0.0,0.0,31,0.4285,0.4325,15,0.449,0.421,0.0,0.0,0.0,0.0,144
2023-05-10 09:43:47,OP10005348,300ETF购12月3700,0.0,0.0,0.0,0.0,21,0.4285,0.4325,15,0.449,0.421,0.0,0.0,0.0,0.0,144
2023-05-10 09:43:47,OP10005348,300ETF购12月3700,0.0,0.0,0.0,0.0,21,0.4285,0.4325,35,0.449,0.421,0.0,0.0,0.0,0.0,144
2023-05-10 09:43:50,OP10005348,300ETF购12月3700,0.0,0.0,0.0,0.0,21,0.4285,0.4325,35,0.449,0.421,0.0,0.0,0.0,0.0,144
2023-05-10 09:43:50,OP10005348,300ETF购12月3700,0.0,0.0,0.0,0.0,21,0.4285,0.4325,35,0.449,0.421,0.0,0.0,0.0,0.0,144
2023-05-10 09:43:56,OP10005348,300ETF购12月3700,0.0,0.0,0.0,0.0,21,0.4285,0.4325,35,0.449,0.421,0.0,0.0,0.0,0.0,144
2023-05-10 09:43:56,OP10005348,300ETF购12月3700,0.0,0.0,0.0,0.0,21,0.4285,0.4325,35,0.449,0.421,0.0,0.0,0.0,0.0,144
2023-05-10 09:43:56,OP10005348,300ETF购12月3700,0.0,0.0,0.0,0.0,1,0.4286,0.4325,35,0.449,0.421,0.0,0.0,0.0,0.0,144
2023-05-10 09:43:59,OP10005348,300ETF购12月3700,0.0,0.0,0.0,0.0,1,0.4286,0.4325,35,0.449,0.421,0.0,0.0,0.0,0.0,144
2023-05-10 09:43:59,OP10005348,300ETF购12月3700,0.0,0.0,0.0,0.0,1,0.4286,0.4325,35,0.449,0.421,0.0,0.0,0.0,0.0,144
2023-05-10 09:43:59,OP10005348,300ETF购12月3700,0.0,0.0,0.0,0.0,1,0.4286,0.4325,35,0.449,0.421,0.0,0.0,0.0,0.0,144
2023-05-10 09:44:02,OP10005348,300ETF购12月3700,0.0,0.0,0.0,0.0,1,0.4286,0.4325,35,0.449,0.421,0.0,0.0,0.0,0.0,144
2023-05-10 09:44:02,OP10005348,300ETF购12月3700,0.0,0.0,0.0,0.0,1,0.4286,0.4325,35,0.449,0.421,0.0,0.0,0.0,0.0,144
2023-05-10 09:44:02,OP10005348,300ETF购12月3700,0.0,0.0,0.0,0.0,1,0.4286,0.4325,35,0.449,0.421,0.0,0.0,0.0,0.0,144
2023-05-10 09:44:02,OP10005348,300ETF购12月3700,0.0,0.0,0.0,0.0,20,0.4285,0.4325,35,0.449,0.421,0.0,0.0,0.0,0.0,144
2023-05-10 09:44:05,OP10005348,300ETF购12月3700,0.0,0.0,0.0,0.0,20,0.4285,0.4325,35,0.449,0.421,0.0,0.0,0.0,0.0,144
2023-05-10 09:44:05,OP10005348,300ETF购12月3700,0.0,0.0,0.0,0.0,21,0.4285,0.4325,35,0.449,0.421,0.0,0.0,0.0,0.0,144
2023-05-10 09:44:11,OP10005348,300ETF购12月3700,0.0,0.0,0.0,0.0,21,0.4285,0.4325,35,0.449,0.421,0.0,0.0,0.0,0.0,144
2023-05-10 09:44:11,OP10005348,300ETF购12月3700,0.0,0.0,0.0,0.0,21,0.4285,0.4325,35,0.449,0.421,0.0,0.0,0.0,0.0,144
2023-05-10 09:44:11,OP10005348,300ETF购12月3700,0.0,0.0,0.0,0.0,21,0.4285,0.4325,35,0.449,0.421,0.0,0.0,0.0,0.0,144
2023-05-10 09:44:11,OP10005348,300ETF购12月3700,0.0,0.0,0.0,0.0,21,0.4285,0.4325,35,0.449,0.421,0.0,0.0,0.0,0.0,144
2023-05-10 09:44:11,OP10005348,300ETF购12月3700,0.0,0.0,0.0,0.0,21,0.4285,0.4325,35,0.449,0.421,0.0,0.0,0.0,0.0,144
2023-05-10 09:44:14,OP10005348,300ETF购12月3700,0.0,0.0,0.0,0.0,21,0.4285,0.4325,35,0.449,0.421,0.0,0.0,0.0,0.0,144
2023-05-10 09:44:14,OP10005348,300ETF购12月3700,0.0,0.0,0.0,0.0,21,0.4285,0.4325,35,0.449,0.421,0.0,0.0,0.0,0.0,144
2023-05-10 09:44:17,OP10005348,300ETF购12月3700,0.0,0.0,0.0,0.0,1,0.4286,0.4325,35,0.449,0.421,0.0,0.0,0.0,0.0,144
2023-05-10 09:44:26,OP10005348,300ETF购12月3700,0.0,0.0,0.0,0.0,1,0.4287,0.4325,35,0.449,0.421,0.0,0.0,0.0,0.0,144
2023-05-10 09:44:26,OP10005348,300ETF购12月3700,0.0,0.0,0.0,0.0,1,0.4287,0.4325,35,0.449,0.421,0.0,0.0,0.0,0.0,144
2023-05-10 09:44:32,OP10005348,300ETF购12月3700,0.0,0.0,0.0,0.0,1,0.4287,0.4325,35,0.449,0.421,0.0,0.0,0.0,0.0,144
2023-05-10 09:44:35,OP10005348,300ETF购12月3700,0.0,0.0,0.0,0.0,1,0.4288,0.4325,35,0.449,0.421,0.0,0.0,0.0,0.0,144
2023-05-10 09:44:35,OP10005348,300ETF购12月3700,0.0,0.0,0.0,0.0,1,0.4288,0.4325,35,0.449,0.421,0.0,0.0,0.0,0.0,144
2023-05-10 09:44:44,OP10005348,300ETF购12月3700,0.0,0.0,0.0,0.0,1,0.4288,0.4325,35,0.449,0.421,0.0,0.0,0.0,0.0,144
2023-05-10 09:44:47,OP10005348,300ETF购12月3700,0.0,0.0,0.0,0.0,1,0.4289,0.4325,35,0.449,0.421,0.0,0.0,0.0,0.0,144
2023-05-10 09:44:47,OP10005348,300ETF购12月3700,0.0,0.0,0.0,0.0,1,0.4289,0.4325,35,0.449,0.421,0.0,0.0,0.0,0.0,144
2023-05-10 09:44:47,OP10005348,300ETF购12月3700,0.0,0.0,0.0,0.0,1,0.4287,0.4325,35,0.449,0.421,0.0,0.0,0.0,0.0,144
2023-05-10 09:44:47,OP10005348,300ETF购12月3700,0.0,0.0,0.0,0.0,1,0.4287,0.4325,35,0.449,0.421,0.0,0.0,0.0,0.0,144
2023-05-10 09:44:56,OP10005348,300ETF购12月3700,0.0,0.0,0.0,0.0,1,0.4287,0.4325,35,0.449,0.421,0.0,0.0,0.0,0.0,144
2023-05-10 09:44:59,OP10005348,300ETF购12月3700,0.0,0.0,0.0,0.0,1,0.4288,0.4325,35,0.449,0.421,0.0,0.0,0.0,0.0,144
2023-05-10 09:44:59,OP10005348,300ETF购12月3700,0.0,0.0,0.0,0.0,1,0.4288,0.4325,35,0.449,0.421,0.0,0.0,0.0,0.0,144
2023-05-10 09:44:59,OP10005348,300ETF购12月3700,0.0,0.0,0.0,0.0,20,0.4285,0.4325,35,0.449,0.421,0.0,0.0,0.0,0.0,144
2023-05-10 09:44:59,OP10005348,300ETF购12月3700,0.0,0.0,0.0,0.0,1,0.4284,0.4325,35,0.449,0.421,0.0,0.0,0.0,0.0,144
2023-05-10 09:45:02,OP10005348,300ETF购12月3700,0.0,0.0,0.0,0.0,21,0.4284,0.4325,35,0.449,0.421,0.0,0.0,0.0,0.0,144
2023-05-10 09:45:02,OP10005348,300ETF购12月3700,0.0,0.0,0.0,0.0,21,0.4284,0.4325,35,0.449,0.421,0.0,0.0,0.0,0.0,144
2023-05-10 09:45:08,OP10005348,300ETF购12月3700,0.0,0.0,0.0,0.0,21,0.4284,0.4316,15,0.449,0.421,0.0,0.0,0.0,0.0,144
2023-05-10 09:45:08,OP10005348,300ETF购12月3700,0.0,0.0,0.0,0.0,21,0.4284,0.4316,35,0.449,0.421,0.0,0.0,0.0,0.0,144
2023-05-10 09:45:08,OP10005348,300ETF购12月3700,0.0,0.0,0.0,0.0,21,0.4284,0.4316,35,0.449,0.421,0.0,0.0,0.0,0.0,144
2023-05-10 09:45:11,OP10005348,300ETF购12月3700,0.0,0.0,0.0,0.0,1,0.4285,0.4316,35,0.449,0.421,0.0,0.0,0.0,0.0,144
2023-05-10 09:45:11,OP10005348,300ETF购12月3700,0.0,0.0,0.0,0.0,1,0.4285,0.4316,35,0.449,0.421,0.0,0.0,0.0,0.0,144
2023-05-10 09:45:14,OP10005348,300ETF购12月3700,0.0,0.0,0.0,0.0,1,0.4285,0.4316,35,0.449,0.421,0.0,0.0,0.0,0.0,144
2023-05-10 09:45:14,OP10005348,300ETF购12月3700,0.0,0.0,0.0,0.0,1,0.4285,0.4316,15,0.449,0.421,0.0,0.0,0.0,0.0,144
2023-05-10 09:45:14,OP10005348,300ETF购12月3700,0.0,0.0,0.0,0.0,1,0.4285,0.4325,35,0.449,0.421,0.0,0.0,0.0,0.0,144
2023-05-10 09:45:14,OP10005348,300ETF购12月3700,0.0,0.0,0.0,0.0,1,0.4285,0.4325,35,0.449,0.421,0.0,0.0,0.0,0.0,144
2023-05-10 09:45:14,OP10005348,300ETF购12月3700,0.0,0.0,0.0,0.0,1,0.4285,0.4325,35,0.449,0.421,0.0,0.0,0.0,0.0,144
2023-05-10 09:45:14,OP10005348,300ETF购12月3700,0.0,0.0,0.0,0.0,1,0.4285,0.4325,35,0.449,0.421,0.0,0.0,0.0,0.0,144
2023-05-10 09:45:17,OP10005348,300ETF购12月3700,0.0,0.0,0.0,0.0,1,0.4285,0.4325,35,0.449,0.421,0.0,0.0,0.0,0.0,144
2023-05-10 09:45:17,OP10005348,300ETF购12月3700,0.0,0.0,0.0,0.0,1,0.4285,0.4325,15,0.449,0.421,0.0,0.0,0.0,0.0,144
2023-05-10 09:45:17,OP10005348,300ETF购12月3700,0.0,0.0,0.0,0.0,1,0.4285,0.4325,15,0.449,0.421,0.0,0.0,0.0,0.0,144
2023-05-10 09:45:17,OP10005348,300ETF购12月3700,0.0,0.0,0.0,0.0,1,0.4285,0.4325,15,0.449,0.421,0.0,0.0,0.0,0.0,144
2023-05-10 09:45:17,OP10005348,300ETF购12月3700,0.0,0.0,0.0,0.0,16,0.4285,0.4333,20,0.449,0.421,0.0,0.0,0.0,0.0,144
2023-05-10 09:45:20,OP10005348,300ETF购12月3700,0.0,0.0,0.0,0.0,16,0.4285,0.4333,20,0.449,0.421,0.0,0.0,0.0,0.0,144
2023-05-10 09:45:20,OP10005348,300ETF购12月3700,0.0,0.0,0.0,0.0,1,0.4286,0.4333,20,0.449,0.421,0.0,0.0,0.0,0.0,144
2023-05-10 09:45:20,OP10005348,300ETF购12月3700,0.0,0.0,0.0,0.0,1,0.4286,0.4333,20,0.449,0.421,0.0,0.0,0.0,0.0,144
2023-05-10 09:45:20,OP10005348,300ETF购12月3700,0.0,0.0,0.0,0.0,1,0.4286,0.4325,15,0.449,0.421,0.0,0.0,0.0,0.0,144
2023-05-10 09:45:23,OP10005348,300ETF购12月3700,0.0,0.0,0.0,0.0,1,0.4286,0.4325,15,0.449,0.421,0.0,0.0,0.0,0.0,144
2023-05-10 09:45:23,OP10005348,300ETF购12月3700,0.0,0.0,0.0,0.0,1,0.4286,0.4325,15,0.449,0.421,0.0,0.0,0.0,0.0,144
2023-05-10 09:45:29,OP10005348,300ETF购12月3700,0.0,0.0,0.0,0.0,1,0.4286,0.4325,15,0.449,0.421,0.0,0.0,0.0,0.0,144
2023-05-10 09:45:29,OP10005348,300ETF购12月3700,0.0,0.0,0.0,0.0,1,0.4287,0.4325,15,0.449,0.421,0.0,0.0,0.0,0.0,144
2023-05-10 09:45:32,OP10005348,300ETF购12月3700,0.0,0.0,0.0,0.0,1,0.4287,0.4325,35,0.449,0.421,0.0,0.0,0.0,0.0,144
2023-05-10 09:45:35,OP10005348,300ETF购12月3700,0.0,0.0,0.0,0.0,1,0.4287,0.4325,35,0.449,0.421,0.0,0.0,0.0,0.0,144
2023-05-10 09:45:41,OP10005348,300ETF购12月3700,0.0,0.0,0.0,0.0,1,0.4288,0.4325,35,0.449,0.421,0.0,0.0,0.0,0.0,144
2023-05-10 09:45:41,OP10005348,300ETF购12月3700,0.0,0.0,0.0,0.0,1,0.4288,0.4325,35,0.449,0.421,0.0,0.0,0.0,0.0,144
2023-05-10 09:45:44,OP10005348,300ETF购12月3700,0.0,0.0,0.0,0.0,1,0.4288,0.4325,20,0.449,0.421,0.0,0.0,0.0,0.0,144
2023-05-10 09:45:44,OP10005348,300ETF购12月3700,0.0,0.0,0.0,0.0,1,0.4288,0.4333,20,0.449,0.421,0.0,0.0,0.0,0.0,144
2023-05-10 09:45:47,OP10005348,300ETF购12月3700,0.0,0.0,0.0,0.0,1,0.4288,0.4333,20,0.449,0.421,0.0,0.0,0.0,0.0,144
2023-05-10 09:45:47,OP10005348,300ETF购12月3700,0.0,0.0,0.0,0.0,1,0.4288,0.4333,20,0.449,0.421,0.0,0.0,0.0,0.0,144
2023-05-10 09:45:50,OP10005348,300ETF购12月3700,0.0,0.0,0.0,0.0,1,0.4288,0.4333,20,0.449,0.421,0.0,0.0,0.0,0.0,144
2023-05-10 09:45:50,OP10005348,300ETF购12月3700,0.0,0.0,0.0,0.0,1,0.4288,0.4333,20,0.449,0.421,0.0,0.0,0.0,0.0,144
2023-05-10 09:45:50,OP10005348,300ETF购12月3700,0.0,0.0,0.0,0.0,1,0.4289,0.4333,20,0.449,0.421,0.0,0.0,0.0,0.0,144
2023-05-10 09:45:50,OP10005348,300ETF购12月3700,0.0,0.0,0.0,0.0,1,0.4289,0.4333,20,0.449,0.421,0.0,0.0,0.0,0.0,144
2023-05-10 09:45:53,OP10005348,300ETF购12月3700,0.0,0.0,0.0,0.0,1,0.4289,0.4333,20,0.449,0.421,0.0,0.0,0.0,0.0,144
2023-05-10 09:45:59,OP10005348,300ETF购12月3700,0.0,0.0,0.0,0.0,1,0.429,0.4333,20,0.449,0.421,0.0,0.0,0.0,0.0,144
2023-05-10 09:46:05,OP10005348,300ETF购12月3700,0.0,0.0,0.0,0.0,1,0.429,0.4324,15,0.449,0.421,0.0,0.0,0.0,0.0,144
2023-05-10 09:46:05,OP10005348,300ETF购12月3700,0.0,0.0,0.0,0.0,1,0.429,0.4324,15,0.449,0.421,0.0,0.0,0.0,0.0,144
2023-05-10 09:46:05,OP10005348,300ETF购12月3700,0.0,0.0,0.0,0.0,1,0.429,0.4324,35,0.449,0.421,0.0,0.0,0.0,0.0,144
2023-05-10 09:46:05,OP10005348,300ETF购12月3700,0.0,0.0,0.0,0.0,1,0.429,0.4324,35,0.449,0.421,0.0,0.0,0.0,0.0,144
2023-05-10 09:46:05,OP10005348,300ETF购12月3700,0.0,0.0,0.0,0.0,1,0.429,0.4324,35,0.449,0.421,0.0,0.0,0.0,0.0,144
2023-05-10 09:46:08,OP10005348,300ETF购12月3700,0.0,0.0,0.0,0.0,1,0.4288,0.4324,35,0.449,0.421,0.0,0.0,0.0,0.0,144
2023-05-10 09:46:08,OP10005348,300ETF购12月3700,0.0,0.0,0.0,0.0,1,0.4288,0.4324,35,0.449,0.421,0.0,0.0,0.0,0.0,144
2023-05-10 09:46:08,OP10005348,300ETF购12月3700,0.0,0.0,0.0,0.0,1,0.4288,0.4324,35,0.449,0.421,0.0,0.0,0.0,0.0,144
2023-05-10 09:46:08,OP10005348,300ETF购12月3700,0.0,0.0,0.0,0.0,1,0.4286,0.4324,35,0.449,0.421,0.0,0.0,0.0,0.0,144
2023-05-10 09:46:08,OP10005348,300ETF购12月3700,0.0,0.0,0.0,0.0,1,0.4286,0.4324,35,0.449,0.421,0.0,0.0,0.0,0.0,144
2023-05-10 09:46:11,OP10005348,300ETF购12月3700,0.0,0.0,0.0,0.0,1,0.4286,0.4324,35,0.449,0.421,0.0,0.0,0.0,0.0,144
2023-05-10 09:46:11,OP10005348,300ETF购12月3700,0.0,0.0,0.0,0.0,1,0.4286,0.4324,35,0.449,0.421,0.0,0.0,0.0,0.0,144
2023-05-10 09:46:14,OP10005348,300ETF购12月3700,0.0,0.0,0.0,0.0,1,0.4286,0.4315,15,0.449,0.421,0.0,0.0,0.0,0.0,144
2023-05-10 09:46:14,OP10005348,300ETF购12月3700,0.0,0.0,0.0,0.0,1,0.4286,0.4315,35,0.449,0.421,0.0,0.0,0.0,0.0,144
2023-05-10 09:46:14,OP10005348,300ETF购12月3700,0.0,0.0,0.0,0.0,1,0.4286,0.4315,35,0.449,0.421,0.0,0.0,0.0,0.0,144
2023-05-10 09:46:17,OP10005348,300ETF购12月3700,0.0,0.0,0.0,0.0,1,0.4286,0.4315,35,0.449,0.421,0.0,0.0,0.0,0.0,144
2023-05-10 09:46:17,OP10005348,300ETF购12月3700,0.0,0.0,0.0,0.0,1,0.4286,0.4315,35,0.449,0.421,0.0,0.0,0.0,0.0,144
2023-05-10 09:46:17,OP10005348,300ETF购12月3700,0.0,0.0,0.0,0.0,1,0.4286,0.4315,35,0.449,0.421,0.0,0.0,0.0,0.0,144
2023-05-10 09:46:20,OP10005348,300ETF购12月3700,0.0,0.0,0.0,0.0,1,0.4287,0.4315,35,0.449,0.421,0.0,0.0,0.0,0.0,144
2023-05-10 09:46:20,OP10005348,300ETF购12月3700,0.0,0.0,0.0,0.0,1,0.4287,0.4315,35,0.449,0.421,0.0,0.0,0.0,0.0,144
2023-05-10 09:46:20,OP10005348,300ETF购12月3700,0.0,0.0,0.0,0.0,1,0.4287,0.4315,20,0.449,0.421,0.0,0.0,0.0,0.0,144
2023-05-10 09:46:20,OP10005348,300ETF购12月3700,0.0,0.0,0.0,0.0,1,0.4287,0.4324,45,0.449,0.421,0.0,0.0,0.0,0.0,144
2023-05-10 09:46:20,OP10005348,300ETF购12月3700,0.0,0.0,0.0,0.0,1,0.4287,0.4324,35,0.449,0.421,0.0,0.0,0.0,0.0,144
2023-05-10 09:46:23,OP10005348,300ETF购12月3700,0.0,0.0,0.0,0.0,1,0.4287,0.4324,35,0.449,0.421,0.0,0.0,0.0,0.0,144
2023-05-10 09:46:23,OP10005348,300ETF购12月3700,0.0,0.0,0.0,0.0,1,0.4287,0.4324,20,0.449,0.421,0.0,0.0,0.0,0.0,144
2023-05-10 09:46:26,OP10005348,300ETF购12月3700,0.0,0.0,0.0,0.0,1,0.4287,0.4333,15,0.449,0.421,0.0,0.0,0.0,0.0,144
2023-05-10 09:46:26,OP10005348,300ETF购12月3700,0.0,0.0,0.0,0.0,10,0.4292,0.4333,35,0.449,0.421,0.0,0.0,0.0,0.0,144
2023-05-10 09:46:26,OP10005348,300ETF购12月3700,0.0,0.0,0.0,0.0,11,0.4292,0.4333,35,0.449,0.421,0.0,0.0,0.0,0.0,144
2023-05-10 09:46:26,OP10005348,300ETF购12月3700,0.0,0.0,0.0,0.0,31,0.4292,0.4333,35,0.449,0.421,0.0,0.0,0.0,0.0,144
