time,symbol_id,symbol_name,last,trade_volume,trade_amount,open_interest_change,bv1,bp1,ap1,av1,yesterday_close,today_open,today_high,today_low,volume,amount,open_interest
2023-05-10 08:35:21,OP10005362,300ETF沽12月4200,0.0,0.0,0.0,0.0,0,0.0,0.0,0,0.2517,0.2543,0.0,0.0,0.0,0.0,566
2023-05-10 09:24:57,OP10005362,300ETF沽12月4200,0.0,0.0,0.0,0.0,1,0.251,0.2664,1,0.2517,0.2543,0.0,0.0,0.0,0.0,566
2023-05-10 09:29:57,OP10005362,300ETF沽12月4200,0.0,0.0,0.0,0.0,1,0.251,0.2546,10,0.2517,0.2543,0.0,0.0,0.0,0.0,566
2023-05-10 09:29:57,OP10005362,300ETF沽12月4200,0.0,0.0,0.0,0.0,1,0.251,0.2546,10,0.2517,0.2543,0.0,0.0,0.0,0.0,566
2023-05-10 09:29:57,OP10005362,300ETF沽12月4200,0.0,0.0,0.0,0.0,10,0.2514,0.2559,10,0.2517,0.2543,0.0,0.0,0.0,0.0,566
2023-05-10 09:29:57,OP10005362,300ETF沽12月4200,0.0,0.0,0.0,0.0,10,0.2514,0.2559,10,0.2517,0.2543,0.0,0.0,0.0,0.0,566
2023-05-10 09:29:57,OP10005362,300ETF沽12月4200,0.0,0.0,0.0,0.0,10,0.2514,0.2559,10,0.2517,0.2543,0.0,0.0,0.0,0.0,566
2023-05-10 09:29:57,OP10005362,300ETF沽12月4200,0.0,0.0,0.0,0.0,10,0.2514,0.2559,10,0.2517,0.2543,0.0,0.0,0.0,0.0,566
2023-05-10 09:30:02,OP10005362,300ETF沽12月4200,0.0,0.0,0.0,0.0,10,0.2514,0.2559,10,0.2517,0.2543,0.0,0.0,0.0,0.0,566
2023-05-10 09:30:02,OP10005362,300ETF沽12月4200,0.0,0.0,0.0,0.0,10,0.2514,0.2559,10,0.2517,0.2543,0.0,0.0,0.0,0.0,566
2023-05-10 09:30:02,OP10005362,300ETF沽12月4200,0.0,0.0,0.0,0.0,10,0.2514,0.2559,10,0.2517,0.2543,0.0,0.0,0.0,0.0,566
2023-05-10 09:30:05,OP10005362,300ETF沽12月4200,0.0,0.0,0.0,0.0,10,0.2514,0.2559,10,0.2517,0.2543,0.0,0.0,0.0,0.0,566
2023-05-10 09:30:05,OP10005362,300ETF沽12月4200,0.0,0.0,0.0,0.0,10,0.2514,0.2559,10,0.2517,0.2543,0.0,0.0,0.0,0.0,566
2023-05-10 09:30:05,OP10005362,300ETF沽12月4200,0.0,0.0,0.0,0.0,10,0.2514,0.2559,10,0.2517,0.2543,0.0,0.0,0.0,0.0,566
2023-05-10 09:30:05,OP10005362,300ETF沽12月4200,0.0,0.0,0.0,0.0,10,0.2514,0.2559,10,0.2517,0.2543,0.0,0.0,0.0,0.0,566
2023-05-10 09:30:05,OP10005362,300ETF沽12月4200,0.0,0.0,0.0,0.0,10,0.2514,0.2559,10,0.2517,0.2543,0.0,0.0,0.0,0.0,566
2023-05-10 09:30:05,OP10005362,300ETF沽12月4200,0.0,0.0,0.0,0.0,10,0.2514,0.2559,10,0.2517,0.2543,0.0,0.0,0.0,0.0,566
2023-05-10 09:30:08,OP10005362,300ETF沽12月4200,0.0,0.0,0.0,0.0,30,0.2514,0.2559,10,0.2517,0.2543,0.0,0.0,0.0,0.0,566
2023-05-10 09:30:08,OP10005362,300ETF沽12月4200,0.0,0.0,0.0,0.0,10,0.2514,0.2559,10,0.2517,0.2543,0.0,0.0,0.0,0.0,566
2023-05-10 09:30:08,OP10005362,300ETF沽12月4200,0.0,0.0,0.0,0.0,10,0.2514,0.2559,10,0.2517,0.2543,0.0,0.0,0.0,0.0,566
2023-05-10 09:30:08,OP10005362,300ETF沽12月4200,0.0,0.0,0.0,0.0,30,0.2514,0.2559,30,0.2517,0.2543,0.0,0.0,0.0,0.0,566
2023-05-10 09:30:11,OP10005362,300ETF沽12月4200,0.0,0.0,0.0,0.0,30,0.2514,0.2559,30,0.2517,0.2543,0.0,0.0,0.0,0.0,566
2023-05-10 09:30:14,OP10005362,300ETF沽12月4200,0.0,0.0,0.0,0.0,30,0.2514,0.2559,10,0.2517,0.2543,0.0,0.0,0.0,0.0,566
2023-05-10 09:30:14,OP10005362,300ETF沽12月4200,0.0,0.0,0.0,0.0,30,0.2514,0.2559,10,0.2517,0.2543,0.0,0.0,0.0,0.0,566
2023-05-10 09:30:14,OP10005362,300ETF沽12月4200,0.0,0.0,0.0,0.0,30,0.2514,0.2559,10,0.2517,0.2543,0.0,0.0,0.0,0.0,566
2023-05-10 09:30:17,OP10005362,300ETF沽12月4200,0.0,0.0,0.0,0.0,10,0.2514,0.2559,10,0.2517,0.2543,0.0,0.0,0.0,0.0,566
2023-05-10 09:30:17,OP10005362,300ETF沽12月4200,0.0,0.0,0.0,0.0,30,0.2514,0.2559,10,0.2517,0.2543,0.0,0.0,0.0,0.0,566
2023-05-10 09:30:17,OP10005362,300ETF沽12月4200,0.0,0.0,0.0,0.0,30,0.2514,0.2559,10,0.2517,0.2543,0.0,0.0,0.0,0.0,566
2023-05-10 09:30:20,OP10005362,300ETF沽12月4200,0.0,0.0,0.0,0.0,30,0.2514,0.2559,10,0.2517,0.2543,0.0,0.0,0.0,0.0,566
2023-05-10 09:30:20,OP10005362,300ETF沽12月4200,0.0,0.0,0.0,0.0,30,0.2514,0.2559,10,0.2517,0.2543,0.0,0.0,0.0,0.0,566
2023-05-10 09:30:20,OP10005362,300ETF沽12月4200,0.0,0.0,0.0,0.0,10,0.2514,0.2559,10,0.2517,0.2543,0.0,0.0,0.0,0.0,566
2023-05-10 09:30:20,OP10005362,300ETF沽12月4200,0.0,0.0,0.0,0.0,10,0.2514,0.2558,10,0.2517,0.2543,0.0,0.0,0.0,0.0,566
2023-05-10 09:30:20,OP10005362,300ETF沽12月4200,0.0,0.0,0.0,0.0,30,0.2514,0.2558,30,0.2517,0.2543,0.0,0.0,0.0,0.0,566
2023-05-10 09:30:23,OP10005362,300ETF沽12月4200,0.0,0.0,0.0,0.0,30,0.2514,0.2558,20,0.2517,0.2543,0.0,0.0,0.0,0.0,566
2023-05-10 09:30:23,OP10005362,300ETF沽12月4200,0.0,0.0,0.0,0.0,10,0.2514,0.2557,10,0.2517,0.2543,0.0,0.0,0.0,0.0,566
2023-05-10 09:30:23,OP10005362,300ETF沽12月4200,0.0,0.0,0.0,0.0,10,0.2514,0.2557,10,0.2517,0.2543,0.0,0.0,0.0,0.0,566
2023-05-10 09:30:23,OP10005362,300ETF沽12月4200,0.0,0.0,0.0,0.0,10,0.2514,0.2557,10,0.2517,0.2543,0.0,0.0,0.0,0.0,566
2023-05-10 09:30:26,OP10005362,300ETF沽12月4200,0.0,0.0,0.0,0.0,10,0.2514,0.2558,20,0.2517,0.2543,0.0,0.0,0.0,0.0,566
2023-05-10 09:30:26,OP10005362,300ETF沽12月4200,0.0,0.0,0.0,0.0,10,0.2514,0.2558,20,0.2517,0.2543,0.0,0.0,0.0,0.0,566
2023-05-10 09:30:26,OP10005362,300ETF沽12月4200,0.0,0.0,0.0,0.0,10,0.2514,0.2558,20,0.2517,0.2543,0.0,0.0,0.0,0.0,566
2023-05-10 09:30:26,OP10005362,300ETF沽12月4200,0.0,0.0,0.0,0.0,10,0.2514,0.2558,20,0.2517,0.2543,0.0,0.0,0.0,0.0,566
2023-05-10 09:30:26,OP10005362,300ETF沽12月4200,0.0,0.0,0.0,0.0,30,0.2514,0.2558,20,0.2517,0.2543,0.0,0.0,0.0,0.0,566
2023-05-10 09:30:29,OP10005362,300ETF沽12月4200,0.0,0.0,0.0,0.0,30,0.2514,0.2558,20,0.2517,0.2543,0.0,0.0,0.0,0.0,566
2023-05-10 09:30:29,OP10005362,300ETF沽12月4200,0.0,0.0,0.0,0.0,30,0.2514,0.2558,20,0.2517,0.2543,0.0,0.0,0.0,0.0,566
2023-05-10 09:30:35,OP10005362,300ETF沽12月4200,0.0,0.0,0.0,0.0,10,0.2514,0.2558,20,0.2517,0.2543,0.0,0.0,0.0,0.0,566
2023-05-10 09:30:35,OP10005362,300ETF沽12月4200,0.0,0.0,0.0,0.0,30,0.2514,0.2558,20,0.2517,0.2543,0.0,0.0,0.0,0.0,566
2023-05-10 09:30:38,OP10005362,300ETF沽12月4200,0.0,0.0,0.0,0.0,10,0.2515,0.2558,20,0.2517,0.2543,0.0,0.0,0.0,0.0,566
2023-05-10 09:30:38,OP10005362,300ETF沽12月4200,0.0,0.0,0.0,0.0,10,0.2515,0.2558,20,0.2517,0.2543,0.0,0.0,0.0,0.0,566
2023-05-10 09:30:41,OP10005362,300ETF沽12月4200,0.0,0.0,0.0,0.0,30,0.2514,0.2558,20,0.2517,0.2543,0.0,0.0,0.0,0.0,566
2023-05-10 09:30:44,OP10005362,300ETF沽12月4200,0.0,0.0,0.0,0.0,10,0.2515,0.2558,20,0.2517,0.2543,0.0,0.0,0.0,0.0,566
2023-05-10 09:30:47,OP10005362,300ETF沽12月4200,0.0,0.0,0.0,0.0,10,0.2515,0.2559,10,0.2517,0.2543,0.0,0.0,0.0,0.0,566
2023-05-10 09:30:47,OP10005362,300ETF沽12月4200,0.0,0.0,0.0,0.0,10,0.2527,0.2565,20,0.2517,0.2543,0.0,0.0,0.0,0.0,566
2023-05-10 09:30:47,OP10005362,300ETF沽12月4200,0.0,0.0,0.0,0.0,10,0.2528,0.2572,30,0.2517,0.2543,0.0,0.0,0.0,0.0,566
2023-05-10 09:30:50,OP10005362,300ETF沽12月4200,0.0,0.0,0.0,0.0,10,0.2528,0.2562,10,0.2517,0.2543,0.0,0.0,0.0,0.0,566
2023-05-10 09:30:50,OP10005362,300ETF沽12月4200,0.0,0.0,0.0,0.0,10,0.2534,0.2564,20,0.2517,0.2543,0.0,0.0,0.0,0.0,566
2023-05-10 09:30:50,OP10005362,300ETF沽12月4200,0.0,0.0,0.0,0.0,10,0.2535,0.2569,30,0.2517,0.2543,0.0,0.0,0.0,0.0,566
2023-05-10 09:30:50,OP10005362,300ETF沽12月4200,0.0,0.0,0.0,0.0,10,0.2535,0.2569,30,0.2517,0.2543,0.0,0.0,0.0,0.0,566
2023-05-10 09:30:50,OP10005362,300ETF沽12月4200,0.0,0.0,0.0,0.0,10,0.2534,0.2568,10,0.2517,0.2543,0.0,0.0,0.0,0.0,566
2023-05-10 09:30:50,OP10005362,300ETF沽12月4200,0.0,0.0,0.0,0.0,10,0.2535,0.2569,40,0.2517,0.2543,0.0,0.0,0.0,0.0,566
2023-05-10 09:30:53,OP10005362,300ETF沽12月4200,0.0,0.0,0.0,0.0,10,0.2535,0.2569,30,0.2517,0.2543,0.0,0.0,0.0,0.0,566
2023-05-10 09:30:53,OP10005362,300ETF沽12月4200,0.0,0.0,0.0,0.0,10,0.2541,0.2569,20,0.2517,0.2543,0.0,0.0,0.0,0.0,566
2023-05-10 09:30:53,OP10005362,300ETF沽12月4200,0.0,0.0,0.0,0.0,10,0.2542,0.257,10,0.2517,0.2543,0.0,0.0,0.0,0.0,566
2023-05-10 09:30:53,OP10005362,300ETF沽12月4200,0.0,0.0,0.0,0.0,10,0.2543,0.257,20,0.2517,0.2543,0.0,0.0,0.0,0.0,566
2023-05-10 09:30:56,OP10005362,300ETF沽12月4200,0.0,0.0,0.0,0.0,10,0.2544,0.2574,10,0.2517,0.2543,0.0,0.0,0.0,0.0,566
2023-05-10 09:30:56,OP10005362,300ETF沽12月4200,0.0,0.0,0.0,0.0,10,0.2545,0.2576,30,0.2517,0.2543,0.0,0.0,0.0,0.0,566
2023-05-10 09:30:56,OP10005362,300ETF沽12月4200,0.0,0.0,0.0,0.0,10,0.2542,0.2575,10,0.2517,0.2543,0.0,0.0,0.0,0.0,566
2023-05-10 09:30:56,OP10005362,300ETF沽12月4200,0.0,0.0,0.0,0.0,10,0.2542,0.2575,10,0.2517,0.2543,0.0,0.0,0.0,0.0,566
2023-05-10 09:30:59,OP10005362,300ETF沽12月4200,0.0,0.0,0.0,0.0,10,0.2542,0.2576,30,0.2517,0.2543,0.0,0.0,0.0,0.0,566
2023-05-10 09:30:59,OP10005362,300ETF沽12月4200,0.0,0.0,0.0,0.0,10,0.2551,0.2576,20,0.2517,0.2543,0.0,0.0,0.0,0.0,566
2023-05-10 09:30:59,OP10005362,300ETF沽12月4200,0.0,0.0,0.0,0.0,10,0.2552,0.2579,10,0.2517,0.2543,0.0,0.0,0.0,0.0,566
2023-05-10 09:30:59,OP10005362,300ETF沽12月4200,0.0,0.0,0.0,0.0,10,0.2553,0.2584,10,0.2517,0.2543,0.0,0.0,0.0,0.0,566
2023-05-10 09:30:59,OP10005362,300ETF沽12月4200,0.0,0.0,0.0,0.0,10,0.2554,0.2583,10,0.2517,0.2543,0.0,0.0,0.0,0.0,566
2023-05-10 09:30:59,OP10005362,300ETF沽12月4200,0.0,0.0,0.0,0.0,10,0.2555,0.2582,10,0.2517,0.2543,0.0,0.0,0.0,0.0,566
2023-05-10 09:31:02,OP10005362,300ETF沽12月4200,0.0,0.0,0.0,0.0,10,0.2551,0.2581,10,0.2517,0.2543,0.0,0.0,0.0,0.0,566
2023-05-10 09:31:02,OP10005362,300ETF沽12月4200,0.0,0.0,0.0,0.0,10,0.2551,0.258,10,0.2517,0.2543,0.0,0.0,0.0,0.0,566
2023-05-10 09:31:02,OP10005362,300ETF沽12月4200,0.0,0.0,0.0,0.0,20,0.2551,0.2586,10,0.2517,0.2543,0.0,0.0,0.0,0.0,566
2023-05-10 09:31:02,OP10005362,300ETF沽12月4200,0.0,0.0,0.0,0.0,10,0.2561,0.2596,10,0.2517,0.2543,0.0,0.0,0.0,0.0,566
2023-05-10 09:31:02,OP10005362,300ETF沽12月4200,0.0,0.0,0.0,0.0,20,0.2561,0.2595,10,0.2517,0.2543,0.0,0.0,0.0,0.0,566
2023-05-10 09:31:02,OP10005362,300ETF沽12月4200,0.0,0.0,0.0,0.0,10,0.2562,0.2596,10,0.2517,0.2543,0.0,0.0,0.0,0.0,566
2023-05-10 09:31:05,OP10005362,300ETF沽12月4200,0.0,0.0,0.0,0.0,10,0.2562,0.2596,10,0.2517,0.2543,0.0,0.0,0.0,0.0,566
2023-05-10 09:31:05,OP10005362,300ETF沽12月4200,0.0,0.0,0.0,0.0,10,0.2562,0.26,20,0.2517,0.2543,0.0,0.0,0.0,0.0,566
2023-05-10 09:31:05,OP10005362,300ETF沽12月4200,0.0,0.0,0.0,0.0,10,0.2566,0.2601,10,0.2517,0.2543,0.0,0.0,0.0,0.0,566
2023-05-10 09:31:05,OP10005362,300ETF沽12月4200,0.0,0.0,0.0,0.0,10,0.2567,0.2601,20,0.2517,0.2543,0.0,0.0,0.0,0.0,566
2023-05-10 09:31:05,OP10005362,300ETF沽12月4200,0.0,0.0,0.0,0.0,10,0.2568,0.2601,10,0.2517,0.2543,0.0,0.0,0.0,0.0,566
2023-05-10 09:31:08,OP10005362,300ETF沽12月4200,0.0,0.0,0.0,0.0,10,0.2569,0.2601,10,0.2517,0.2543,0.0,0.0,0.0,0.0,566
2023-05-10 09:31:08,OP10005362,300ETF沽12月4200,0.0,0.0,0.0,0.0,10,0.2572,0.2603,20,0.2517,0.2543,0.0,0.0,0.0,0.0,566
2023-05-10 09:31:08,OP10005362,300ETF沽12月4200,0.0,0.0,0.0,0.0,10,0.2573,0.2607,30,0.2517,0.2543,0.0,0.0,0.0,0.0,566
2023-05-10 09:31:08,OP10005362,300ETF沽12月4200,0.0,0.0,0.0,0.0,10,0.2573,0.2607,30,0.2517,0.2543,0.0,0.0,0.0,0.0,566
2023-05-10 09:31:08,OP10005362,300ETF沽12月4200,0.0,0.0,0.0,0.0,10,0.2572,0.2606,10,0.2517,0.2543,0.0,0.0,0.0,0.0,566
2023-05-10 09:31:08,OP10005362,300ETF沽12月4200,0.0,0.0,0.0,0.0,10,0.2564,0.2599,10,0.2517,0.2543,0.0,0.0,0.0,0.0,566
2023-05-10 09:31:11,OP10005362,300ETF沽12月4200,0.0,0.0,0.0,0.0,10,0.2558,0.2593,10,0.2517,0.2543,0.0,0.0,0.0,0.0,566
2023-05-10 09:31:11,OP10005362,300ETF沽12月4200,0.0,0.0,0.0,0.0,10,0.2558,0.2592,10,0.2517,0.2543,0.0,0.0,0.0,0.0,566
2023-05-10 09:31:11,OP10005362,300ETF沽12月4200,0.0,0.0,0.0,0.0,30,0.2558,0.2592,10,0.2517,0.2543,0.0,0.0,0.0,0.0,566
2023-05-10 09:31:11,OP10005362,300ETF沽12月4200,0.0,0.0,0.0,0.0,30,0.2558,0.2592,10,0.2517,0.2543,0.0,0.0,0.0,0.0,566
2023-05-10 09:31:11,OP10005362,300ETF沽12月4200,0.0,0.0,0.0,0.0,10,0.2558,0.2592,10,0.2517,0.2543,0.0,0.0,0.0,0.0,566
2023-05-10 09:31:14,OP10005362,300ETF沽12月4200,0.0,0.0,0.0,0.0,30,0.2558,0.2592,10,0.2517,0.2543,0.0,0.0,0.0,0.0,566
2023-05-10 09:31:14,OP10005362,300ETF沽12月4200,0.0,0.0,0.0,0.0,20,0.2555,0.2587,10,0.2517,0.2543,0.0,0.0,0.0,0.0,566
2023-05-10 09:31:14,OP10005362,300ETF沽12月4200,0.0,0.0,0.0,0.0,30,0.2551,0.2586,10,0.2517,0.2543,0.0,0.0,0.0,0.0,566
2023-05-10 09:31:14,OP10005362,300ETF沽12月4200,0.0,0.0,0.0,0.0,10,0.2552,0.2587,10,0.2517,0.2543,0.0,0.0,0.0,0.0,566
2023-05-10 09:31:14,OP10005362,300ETF沽12月4200,0.0,0.0,0.0,0.0,10,0.2558,0.259,10,0.2517,0.2543,0.0,0.0,0.0,0.0,566
2023-05-10 09:31:17,OP10005362,300ETF沽12月4200,0.0,0.0,0.0,0.0,30,0.2558,0.2589,10,0.2517,0.2543,0.0,0.0,0.0,0.0,566
2023-05-10 09:31:17,OP10005362,300ETF沽12月4200,0.0,0.0,0.0,0.0,30,0.2558,0.2588,10,0.2517,0.2543,0.0,0.0,0.0,0.0,566
2023-05-10 09:31:17,OP10005362,300ETF沽12月4200,0.0,0.0,0.0,0.0,30,0.2558,0.2587,10,0.2517,0.2543,0.0,0.0,0.0,0.0,566
2023-05-10 09:31:17,OP10005362,300ETF沽12月4200,0.0,0.0,0.0,0.0,30,0.2558,0.2586,10,0.2517,0.2543,0.0,0.0,0.0,0.0,566
2023-05-10 09:31:17,OP10005362,300ETF沽12月4200,0.0,0.0,0.0,0.0,10,0.2566,0.2597,10,0.2517,0.2543,0.0,0.0,0.0,0.0,566
2023-05-10 09:31:17,OP10005362,300ETF沽12月4200,0.0,0.0,0.0,0.0,10,0.2566,0.2596,10,0.2517,0.2543,0.0,0.0,0.0,0.0,566
2023-05-10 09:31:20,OP10005362,300ETF沽12月4200,0.0,0.0,0.0,0.0,10,0.2561,0.2595,20,0.2517,0.2543,0.0,0.0,0.0,0.0,566
2023-05-10 09:31:20,OP10005362,300ETF沽12月4200,0.0,0.0,0.0,0.0,30,0.2561,0.2595,20,0.2517,0.2543,0.0,0.0,0.0,0.0,566
2023-05-10 09:31:20,OP10005362,300ETF沽12月4200,0.0,0.0,0.0,0.0,20,0.2561,0.2594,10,0.2517,0.2543,0.0,0.0,0.0,0.0,566
2023-05-10 09:31:20,OP10005362,300ETF沽12月4200,0.0,0.0,0.0,0.0,20,0.2561,0.2594,10,0.2517,0.2543,0.0,0.0,0.0,0.0,566
2023-05-10 09:31:20,OP10005362,300ETF沽12月4200,0.0,0.0,0.0,0.0,10,0.2562,0.2595,10,0.2517,0.2543,0.0,0.0,0.0,0.0,566
2023-05-10 09:31:23,OP10005362,300ETF沽12月4200,0.0,0.0,0.0,0.0,10,0.2564,0.2596,10,0.2517,0.2543,0.0,0.0,0.0,0.0,566
2023-05-10 09:31:23,OP10005362,300ETF沽12月4200,0.0,0.0,0.0,0.0,10,0.2565,0.2595,10,0.2517,0.2543,0.0,0.0,0.0,0.0,566
2023-05-10 09:31:23,OP10005362,300ETF沽12月4200,0.0,0.0,0.0,0.0,10,0.2566,0.2594,10,0.2517,0.2543,0.0,0.0,0.0,0.0,566
2023-05-10 09:31:23,OP10005362,300ETF沽12月4200,0.0,0.0,0.0,0.0,20,0.2564,0.2593,10,0.2517,0.2543,0.0,0.0,0.0,0.0,566
2023-05-10 09:31:23,OP10005362,300ETF沽12月4200,0.0,0.0,0.0,0.0,10,0.2565,0.2595,10,0.2517,0.2543,0.0,0.0,0.0,0.0,566
2023-05-10 09:31:23,OP10005362,300ETF沽12月4200,0.0,0.0,0.0,0.0,20,0.2565,0.2594,10,0.2517,0.2543,0.0,0.0,0.0,0.0,566
2023-05-10 09:31:23,OP10005362,300ETF沽12月4200,0.0,0.0,0.0,0.0,30,0.2561,0.2593,10,0.2517,0.2543,0.0,0.0,0.0,0.0,566
2023-05-10 09:31:26,OP10005362,300ETF沽12月4200,0.0,0.0,0.0,0.0,30,0.2561,0.2592,10,0.2517,0.2543,0.0,0.0,0.0,0.0,566
2023-05-10 09:31:26,OP10005362,300ETF沽12月4200,0.0,0.0,0.0,0.0,10,0.2562,0.2596,20,0.2517,0.2543,0.0,0.0,0.0,0.0,566
2023-05-10 09:31:26,OP10005362,300ETF沽12月4200,0.0,0.0,0.0,0.0,10,0.2562,0.2596,20,0.2517,0.2543,0.0,0.0,0.0,0.0,566
2023-05-10 09:31:26,OP10005362,300ETF沽12月4200,0.0,0.0,0.0,0.0,30,0.2561,0.2595,10,0.2517,0.2543,0.0,0.0,0.0,0.0,566
2023-05-10 09:31:26,OP10005362,300ETF沽12月4200,0.0,0.0,0.0,0.0,30,0.2561,0.2595,10,0.2517,0.2543,0.0,0.0,0.0,0.0,566
2023-05-10 09:31:29,OP10005362,300ETF沽12月4200,0.0,0.0,0.0,0.0,30,0.2561,0.2595,10,0.2517,0.2543,0.0,0.0,0.0,0.0,566
2023-05-10 09:31:29,OP10005362,300ETF沽12月4200,0.0,0.0,0.0,0.0,30,0.2561,0.2595,10,0.2517,0.2543,0.0,0.0,0.0,0.0,566
2023-05-10 09:31:29,OP10005362,300ETF沽12月4200,0.0,0.0,0.0,0.0,30,0.2561,0.2595,10,0.2517,0.2543,0.0,0.0,0.0,0.0,566
2023-05-10 09:31:29,OP10005362,300ETF沽12月4200,0.0,0.0,0.0,0.0,20,0.2561,0.2586,10,0.2517,0.2543,0.0,0.0,0.0,0.0,566
2023-05-10 09:31:29,OP10005362,300ETF沽12月4200,0.0,0.0,0.0,0.0,10,0.2554,0.2585,10,0.2517,0.2543,0.0,0.0,0.0,0.0,566
2023-05-10 09:31:32,OP10005362,300ETF沽12月4200,0.0,0.0,0.0,0.0,30,0.2554,0.2584,10,0.2517,0.2543,0.0,0.0,0.0,0.0,566
2023-05-10 09:31:32,OP10005362,300ETF沽12月4200,0.0,0.0,0.0,0.0,10,0.256,0.2583,10,0.2517,0.2543,0.0,0.0,0.0,0.0,566
2023-05-10 09:31:32,OP10005362,300ETF沽12月4200,0.0,0.0,0.0,0.0,30,0.256,0.2584,10,0.2517,0.2543,0.0,0.0,0.0,0.0,566
2023-05-10 09:31:32,OP10005362,300ETF沽12月4200,0.0,0.0,0.0,0.0,30,0.256,0.2594,10,0.2517,0.2543,0.0,0.0,0.0,0.0,566
2023-05-10 09:31:32,OP10005362,300ETF沽12月4200,0.0,0.0,0.0,0.0,30,0.256,0.2594,10,0.2517,0.2543,0.0,0.0,0.0,0.0,566
2023-05-10 09:31:32,OP10005362,300ETF沽12月4200,0.0,0.0,0.0,0.0,30,0.256,0.2594,10,0.2517,0.2543,0.0,0.0,0.0,0.0,566
2023-05-10 09:31:35,OP10005362,300ETF沽12月4200,0.0,0.0,0.0,0.0,30,0.256,0.2594,10,0.2517,0.2543,0.0,0.0,0.0,0.0,566
2023-05-10 09:31:35,OP10005362,300ETF沽12月4200,0.0,0.0,0.0,0.0,20,0.256,0.2589,10,0.2517,0.2543,0.0,0.0,0.0,0.0,566
2023-05-10 09:31:35,OP10005362,300ETF沽12月4200,0.0,0.0,0.0,0.0,40,0.2554,0.2588,10,0.2517,0.2543,0.0,0.0,0.0,0.0,566
2023-05-10 09:31:35,OP10005362,300ETF沽12月4200,0.0,0.0,0.0,0.0,30,0.2554,0.2588,10,0.2517,0.2543,0.0,0.0,0.0,0.0,566
2023-05-10 09:31:35,OP10005362,300ETF沽12月4200,0.0,0.0,0.0,0.0,30,0.2554,0.2588,10,0.2517,0.2543,0.0,0.0,0.0,0.0,566
2023-05-10 09:31:38,OP10005362,300ETF沽12月4200,0.0,0.0,0.0,0.0,30,0.2554,0.2588,10,0.2517,0.2543,0.0,0.0,0.0,0.0,566
2023-05-10 09:31:38,OP10005362,300ETF沽12月4200,0.0,0.0,0.0,0.0,30,0.2554,0.2588,10,0.2517,0.2543,0.0,0.0,0.0,0.0,566
2023-05-10 09:31:41,OP10005362,300ETF沽12月4200,0.0,0.0,0.0,0.0,30,0.2554,0.2588,10,0.2517,0.2543,0.0,0.0,0.0,0.0,566
2023-05-10 09:31:41,OP10005362,300ETF沽12月4200,0.0,0.0,0.0,0.0,30,0.2554,0.2588,10,0.2517,0.2543,0.0,0.0,0.0,0.0,566
2023-05-10 09:31:41,OP10005362,300ETF沽12月4200,0.0,0.0,0.0,0.0,30,0.2554,0.2588,10,0.2517,0.2543,0.0,0.0,0.0,0.0,566
2023-05-10 09:31:41,OP10005362,300ETF沽12月4200,0.0,0.0,0.0,0.0,20,0.2554,0.2583,10,0.2517,0.2543,0.0,0.0,0.0,0.0,566
2023-05-10 09:31:44,OP10005362,300ETF沽12月4200,0.0,0.0,0.0,0.0,30,0.2549,0.2582,10,0.2517,0.2543,0.0,0.0,0.0,0.0,566
2023-05-10 09:31:44,OP10005362,300ETF沽12月4200,0.0,0.0,0.0,0.0,20,0.2549,0.2582,10,0.2517,0.2543,0.0,0.0,0.0,0.0,566
2023-05-10 09:31:44,OP10005362,300ETF沽12月4200,0.0,0.0,0.0,0.0,20,0.2549,0.2581,10,0.2517,0.2543,0.0,0.0,0.0,0.0,566
2023-05-10 09:31:44,OP10005362,300ETF沽12月4200,0.0,0.0,0.0,0.0,20,0.2549,0.258,10,0.2517,0.2543,0.0,0.0,0.0,0.0,566
2023-05-10 09:31:44,OP10005362,300ETF沽12月4200,0.0,0.0,0.0,0.0,20,0.2549,0.2579,10,0.2517,0.2543,0.0,0.0,0.0,0.0,566
2023-05-10 09:31:44,OP10005362,300ETF沽12月4200,0.0,0.0,0.0,0.0,20,0.2549,0.2578,10,0.2517,0.2543,0.0,0.0,0.0,0.0,566
2023-05-10 09:31:47,OP10005362,300ETF沽12月4200,0.0,0.0,0.0,0.0,20,0.2549,0.2577,10,0.2517,0.2543,0.0,0.0,0.0,0.0,566
2023-05-10 09:31:47,OP10005362,300ETF沽12月4200,0.0,0.0,0.0,0.0,20,0.2549,0.2576,10,0.2517,0.2543,0.0,0.0,0.0,0.0,566
2023-05-10 09:31:47,OP10005362,300ETF沽12月4200,0.0,0.0,0.0,0.0,20,0.2549,0.2575,10,0.2517,0.2543,0.0,0.0,0.0,0.0,566
2023-05-10 09:31:47,OP10005362,300ETF沽12月4200,0.0,0.0,0.0,0.0,20,0.2549,0.2574,20,0.2517,0.2543,0.0,0.0,0.0,0.0,566
2023-05-10 09:31:47,OP10005362,300ETF沽12月4200,0.0,0.0,0.0,0.0,20,0.2549,0.2573,10,0.2517,0.2543,0.0,0.0,0.0,0.0,566
2023-05-10 09:31:47,OP10005362,300ETF沽12月4200,0.0,0.0,0.0,0.0,40,0.2538,0.2573,10,0.2517,0.2543,0.0,0.0,0.0,0.0,566
2023-05-10 09:31:50,OP10005362,300ETF沽12月4200,0.0,0.0,0.0,0.0,30,0.2538,0.2573,10,0.2517,0.2543,0.0,0.0,0.0,0.0,566
2023-05-10 09:31:50,OP10005362,300ETF沽12月4200,0.0,0.0,0.0,0.0,30,0.2538,0.2573,10,0.2517,0.2543,0.0,0.0,0.0,0.0,566
2023-05-10 09:31:50,OP10005362,300ETF沽12月4200,0.0,0.0,0.0,0.0,30,0.2538,0.2573,10,0.2517,0.2543,0.0,0.0,0.0,0.0,566
2023-05-10 09:31:50,OP10005362,300ETF沽12月4200,0.0,0.0,0.0,0.0,30,0.2538,0.2573,10,0.2517,0.2543,0.0,0.0,0.0,0.0,566
2023-05-10 09:31:50,OP10005362,300ETF沽12月4200,0.0,0.0,0.0,0.0,30,0.2538,0.2573,10,0.2517,0.2543,0.0,0.0,0.0,0.0,566
2023-05-10 09:31:50,OP10005362,300ETF沽12月4200,0.0,0.0,0.0,0.0,30,0.2538,0.2573,10,0.2517,0.2543,0.0,0.0,0.0,0.0,566
2023-05-10 09:31:53,OP10005362,300ETF沽12月4200,0.0,0.0,0.0,0.0,30,0.2538,0.2573,10,0.2517,0.2543,0.0,0.0,0.0,0.0,566
2023-05-10 09:31:53,OP10005362,300ETF沽12月4200,0.0,0.0,0.0,0.0,30,0.2538,0.2573,10,0.2517,0.2543,0.0,0.0,0.0,0.0,566
2023-05-10 09:31:53,OP10005362,300ETF沽12月4200,0.0,0.0,0.0,0.0,10,0.2544,0.2573,10,0.2517,0.2543,0.0,0.0,0.0,0.0,566
2023-05-10 09:31:53,OP10005362,300ETF沽12月4200,0.0,0.0,0.0,0.0,30,0.2544,0.2573,10,0.2517,0.2543,0.0,0.0,0.0,0.0,566
2023-05-10 09:31:53,OP10005362,300ETF沽12月4200,0.0,0.0,0.0,0.0,30,0.2544,0.2572,10,0.2517,0.2543,0.0,0.0,0.0,0.0,566
2023-05-10 09:31:53,OP10005362,300ETF沽12月4200,0.0,0.0,0.0,0.0,30,0.2544,0.2571,10,0.2517,0.2543,0.0,0.0,0.0,0.0,566
2023-05-10 09:31:56,OP10005362,300ETF沽12月4200,0.0,0.0,0.0,0.0,30,0.2544,0.257,10,0.2517,0.2543,0.0,0.0,0.0,0.0,566
2023-05-10 09:31:56,OP10005362,300ETF沽12月4200,0.0,0.0,0.0,0.0,30,0.2544,0.2569,10,0.2517,0.2543,0.0,0.0,0.0,0.0,566
2023-05-10 09:31:56,OP10005362,300ETF沽12月4200,0.0,0.0,0.0,0.0,20,0.2544,0.2568,10,0.2517,0.2543,0.0,0.0,0.0,0.0,566
2023-05-10 09:31:56,OP10005362,300ETF沽12月4200,0.0,0.0,0.0,0.0,40,0.2538,0.2567,10,0.2517,0.2543,0.0,0.0,0.0,0.0,566
2023-05-10 09:31:56,OP10005362,300ETF沽12月4200,0.0,0.0,0.0,0.0,40,0.2538,0.2566,10,0.2517,0.2543,0.0,0.0,0.0,0.0,566
2023-05-10 09:31:56,OP10005362,300ETF沽12月4200,0.0,0.0,0.0,0.0,40,0.2538,0.2565,10,0.2517,0.2543,0.0,0.0,0.0,0.0,566
2023-05-10 09:31:59,OP10005362,300ETF沽12月4200,0.0,0.0,0.0,0.0,40,0.2538,0.2564,10,0.2517,0.2543,0.0,0.0,0.0,0.0,566
2023-05-10 09:31:59,OP10005362,300ETF沽12月4200,0.0,0.0,0.0,0.0,40,0.2538,0.2563,10,0.2517,0.2543,0.0,0.0,0.0,0.0,566
2023-05-10 09:31:59,OP10005362,300ETF沽12月4200,0.0,0.0,0.0,0.0,40,0.2538,0.2562,10,0.2517,0.2543,0.0,0.0,0.0,0.0,566
2023-05-10 09:31:59,OP10005362,300ETF沽12月4200,0.0,0.0,0.0,0.0,40,0.2538,0.2561,10,0.2517,0.2543,0.0,0.0,0.0,0.0,566
2023-05-10 09:31:59,OP10005362,300ETF沽12月4200,0.0,0.0,0.0,0.0,40,0.2538,0.256,10,0.2517,0.2543,0.0,0.0,0.0,0.0,566
2023-05-10 09:31:59,OP10005362,300ETF沽12月4200,0.0,0.0,0.0,0.0,40,0.2538,0.2559,10,0.2517,0.2543,0.0,0.0,0.0,0.0,566
2023-05-10 09:32:02,OP10005362,300ETF沽12月4200,0.0,0.0,0.0,0.0,40,0.2538,0.2562,10,0.2517,0.2543,0.0,0.0,0.0,0.0,566
2023-05-10 09:32:02,OP10005362,300ETF沽12月4200,0.0,0.0,0.0,0.0,40,0.2538,0.2572,10,0.2517,0.2543,0.0,0.0,0.0,0.0,566
2023-05-10 09:32:02,OP10005362,300ETF沽12月4200,0.0,0.0,0.0,0.0,10,0.2539,0.2572,10,0.2517,0.2543,0.0,0.0,0.0,0.0,566
2023-05-10 09:32:02,OP10005362,300ETF沽12月4200,0.0,0.0,0.0,0.0,40,0.2538,0.2572,10,0.2517,0.2543,0.0,0.0,0.0,0.0,566
2023-05-10 09:32:05,OP10005362,300ETF沽12月4200,0.0,0.0,0.0,0.0,40,0.2538,0.2572,10,0.2517,0.2543,0.0,0.0,0.0,0.0,566
2023-05-10 09:32:05,OP10005362,300ETF沽12月4200,0.0,0.0,0.0,0.0,40,0.2538,0.2572,10,0.2517,0.2543,0.0,0.0,0.0,0.0,566
2023-05-10 09:32:05,OP10005362,300ETF沽12月4200,0.0,0.0,0.0,0.0,10,0.2548,0.2573,10,0.2517,0.2543,0.0,0.0,0.0,0.0,566
2023-05-10 09:32:05,OP10005362,300ETF沽12月4200,0.0,0.0,0.0,0.0,10,0.2549,0.2581,10,0.2517,0.2543,0.0,0.0,0.0,0.0,566
2023-05-10 09:32:05,OP10005362,300ETF沽12月4200,0.0,0.0,0.0,0.0,10,0.2547,0.2583,10,0.2517,0.2543,0.0,0.0,0.0,0.0,566
2023-05-10 09:32:05,OP10005362,300ETF沽12月4200,0.0,0.0,0.0,0.0,20,0.2544,0.2582,10,0.2517,0.2543,0.0,0.0,0.0,0.0,566
2023-05-10 09:32:08,OP10005362,300ETF沽12月4200,0.0,0.0,0.0,0.0,20,0.2544,0.2581,10,0.2517,0.2543,0.0,0.0,0.0,0.0,566
2023-05-10 09:32:08,OP10005362,300ETF沽12月4200,0.0,0.0,0.0,0.0,20,0.2544,0.258,10,0.2517,0.2543,0.0,0.0,0.0,0.0,566
2023-05-10 09:32:08,OP10005362,300ETF沽12月4200,0.0,0.0,0.0,0.0,10,0.2542,0.2576,10,0.2517,0.2543,0.0,0.0,0.0,0.0,566
2023-05-10 09:32:08,OP10005362,300ETF沽12月4200,0.0,0.0,0.0,0.0,10,0.2541,0.2575,10,0.2517,0.2543,0.0,0.0,0.0,0.0,566
2023-05-10 09:32:08,OP10005362,300ETF沽12月4200,0.0,0.0,0.0,0.0,10,0.2541,0.2575,10,0.2517,0.2543,0.0,0.0,0.0,0.0,566
2023-05-10 09:32:08,OP10005362,300ETF沽12月4200,0.0,0.0,0.0,0.0,10,0.2541,0.2575,10,0.2517,0.2543,0.0,0.0,0.0,0.0,566
2023-05-10 09:32:11,OP10005362,300ETF沽12月4200,0.0,0.0,0.0,0.0,10,0.2549,0.2576,10,0.2517,0.2543,0.0,0.0,0.0,0.0,566
2023-05-10 09:32:11,OP10005362,300ETF沽12月4200,0.0,0.0,0.0,0.0,10,0.2549,0.2575,10,0.2517,0.2543,0.0,0.0,0.0,0.0,566
2023-05-10 09:32:11,OP10005362,300ETF沽12月4200,0.0,0.0,0.0,0.0,10,0.2542,0.2574,10,0.2517,0.2543,0.0,0.0,0.0,0.0,566
2023-05-10 09:32:11,OP10005362,300ETF沽12月4200,0.0,0.0,0.0,0.0,10,0.254,0.2573,10,0.2517,0.2543,0.0,0.0,0.0,0.0,566
2023-05-10 09:32:11,OP10005362,300ETF沽12月4200,0.0,0.0,0.0,0.0,10,0.254,0.2572,10,0.2517,0.2543,0.0,0.0,0.0,0.0,566
2023-05-10 09:32:11,OP10005362,300ETF沽12月4200,0.0,0.0,0.0,0.0,10,0.254,0.2571,10,0.2517,0.2543,0.0,0.0,0.0,0.0,566
2023-05-10 09:32:14,OP10005362,300ETF沽12月4200,0.0,0.0,0.0,0.0,10,0.254,0.257,10,0.2517,0.2543,0.0,0.0,0.0,0.0,566
2023-05-10 09:32:14,OP10005362,300ETF沽12月4200,0.0,0.0,0.0,0.0,10,0.254,0.2569,10,0.2517,0.2543,0.0,0.0,0.0,0.0,566
2023-05-10 09:32:14,OP10005362,300ETF沽12月4200,0.0,0.0,0.0,0.0,10,0.254,0.2568,10,0.2517,0.2543,0.0,0.0,0.0,0.0,566
2023-05-10 09:32:14,OP10005362,300ETF沽12月4200,0.0,0.0,0.0,0.0,10,0.254,0.2572,10,0.2517,0.2543,0.0,0.0,0.0,0.0,566
2023-05-10 09:32:14,OP10005362,300ETF沽12月4200,0.0,0.0,0.0,0.0,10,0.254,0.2572,10,0.2517,0.2543,0.0,0.0,0.0,0.0,566
2023-05-10 09:32:14,OP10005362,300ETF沽12月4200,0.0,0.0,0.0,0.0,10,0.254,0.2571,10,0.2517,0.2543,0.0,0.0,0.0,0.0,566
2023-05-10 09:32:17,OP10005362,300ETF沽12月4200,0.0,0.0,0.0,0.0,10,0.254,0.257,10,0.2517,0.2543,0.0,0.0,0.0,0.0,566
2023-05-10 09:32:17,OP10005362,300ETF沽12月4200,0.0,0.0,0.0,0.0,10,0.254,0.2569,10,0.2517,0.2543,0.0,0.0,0.0,0.0,566
2023-05-10 09:32:17,OP10005362,300ETF沽12月4200,0.0,0.0,0.0,0.0,10,0.2538,0.2568,20,0.2517,0.2543,0.0,0.0,0.0,0.0,566
2023-05-10 09:32:17,OP10005362,300ETF沽12月4200,0.0,0.0,0.0,0.0,10,0.2533,0.2567,10,0.2517,0.2543,0.0,0.0,0.0,0.0,566
2023-05-10 09:32:17,OP10005362,300ETF沽12月4200,0.0,0.0,0.0,0.0,10,0.2533,0.2567,10,0.2517,0.2543,0.0,0.0,0.0,0.0,566
2023-05-10 09:32:20,OP10005362,300ETF沽12月4200,0.0,0.0,0.0,0.0,10,0.2533,0.2567,10,0.2517,0.2543,0.0,0.0,0.0,0.0,566
2023-05-10 09:32:20,OP10005362,300ETF沽12月4200,0.0,0.0,0.0,0.0,10,0.2533,0.2567,10,0.2517,0.2543,0.0,0.0,0.0,0.0,566
2023-05-10 09:32:20,OP10005362,300ETF沽12月4200,0.0,0.0,0.0,0.0,10,0.2533,0.2567,10,0.2517,0.2543,0.0,0.0,0.0,0.0,566
2023-05-10 09:32:23,OP10005362,300ETF沽12月4200,0.0,0.0,0.0,0.0,10,0.2533,0.2567,10,0.2517,0.2543,0.0,0.0,0.0,0.0,566
2023-05-10 09:32:23,OP10005362,300ETF沽12月4200,0.0,0.0,0.0,0.0,30,0.2533,0.2567,10,0.2517,0.2543,0.0,0.0,0.0,0.0,566
2023-05-10 09:32:23,OP10005362,300ETF沽12月4200,0.0,0.0,0.0,0.0,10,0.254,0.2568,10,0.2517,0.2543,0.0,0.0,0.0,0.0,566
2023-05-10 09:32:23,OP10005362,300ETF沽12月4200,0.0,0.0,0.0,0.0,10,0.2541,0.2574,40,0.2517,0.2543,0.0,0.0,0.0,0.0,566
2023-05-10 09:32:26,OP10005362,300ETF沽12月4200,0.0,0.0,0.0,0.0,10,0.2541,0.2574,30,0.2517,0.2543,0.0,0.0,0.0,0.0,566
2023-05-10 09:32:26,OP10005362,300ETF沽12月4200,0.0,0.0,0.0,0.0,10,0.2541,0.2574,30,0.2517,0.2543,0.0,0.0,0.0,0.0,566
2023-05-10 09:32:26,OP10005362,300ETF沽12月4200,0.0,0.0,0.0,0.0,10,0.2541,0.2574,30,0.2517,0.2543,0.0,0.0,0.0,0.0,566
2023-05-10 09:32:26,OP10005362,300ETF沽12月4200,0.0,0.0,0.0,0.0,50,0.254,0.2573,10,0.2517,0.2543,0.0,0.0,0.0,0.0,566
2023-05-10 09:32:29,OP10005362,300ETF沽12月4200,0.0,0.0,0.0,0.0,10,0.254,0.2569,10,0.2517,0.2543,0.0,0.0,0.0,0.0,566
2023-05-10 09:32:29,OP10005362,300ETF沽12月4200,0.0,0.0,0.0,0.0,30,0.2534,0.2568,10,0.2517,0.2543,0.0,0.0,0.0,0.0,566
2023-05-10 09:32:29,OP10005362,300ETF沽12月4200,0.0,0.0,0.0,0.0,30,0.2534,0.2568,10,0.2517,0.2543,0.0,0.0,0.0,0.0,566
2023-05-10 09:32:29,OP10005362,300ETF沽12月4200,0.0,0.0,0.0,0.0,10,0.2535,0.2569,20,0.2517,0.2543,0.0,0.0,0.0,0.0,566
2023-05-10 09:32:29,OP10005362,300ETF沽12月4200,0.0,0.0,0.0,0.0,10,0.2541,0.2573,10,0.2517,0.2543,0.0,0.0,0.0,0.0,566
2023-05-10 09:32:29,OP10005362,300ETF沽12月4200,0.0,0.0,0.0,0.0,10,0.2547,0.2575,10,0.2517,0.2543,0.0,0.0,0.0,0.0,566
2023-05-10 09:32:32,OP10005362,300ETF沽12月4200,0.0,0.0,0.0,0.0,10,0.2548,0.2574,10,0.2517,0.2543,0.0,0.0,0.0,0.0,566
2023-05-10 09:32:32,OP10005362,300ETF沽12月4200,0.0,0.0,0.0,0.0,10,0.2548,0.2574,10,0.2517,0.2543,0.0,0.0,0.0,0.0,566
2023-05-10 09:32:32,OP10005362,300ETF沽12月4200,0.0,0.0,0.0,0.0,20,0.2547,0.2578,10,0.2517,0.2543,0.0,0.0,0.0,0.0,566
2023-05-10 09:32:32,OP10005362,300ETF沽12月4200,0.0,0.0,0.0,0.0,10,0.2547,0.2578,10,0.2517,0.2543,0.0,0.0,0.0,0.0,566
2023-05-10 09:32:35,OP10005362,300ETF沽12月4200,0.0,0.0,0.0,0.0,10,0.2547,0.2578,10,0.2517,0.2543,0.0,0.0,0.0,0.0,566
2023-05-10 09:32:35,OP10005362,300ETF沽12月4200,0.0,0.0,0.0,0.0,20,0.2547,0.2578,10,0.2517,0.2543,0.0,0.0,0.0,0.0,566
2023-05-10 09:32:35,OP10005362,300ETF沽12月4200,0.0,0.0,0.0,0.0,10,0.2547,0.2578,30,0.2517,0.2543,0.0,0.0,0.0,0.0,566
2023-05-10 09:32:35,OP10005362,300ETF沽12月4200,0.0,0.0,0.0,0.0,10,0.2547,0.2577,10,0.2517,0.2543,0.0,0.0,0.0,0.0,566
2023-05-10 09:32:38,OP10005362,300ETF沽12月4200,0.0,0.0,0.0,0.0,10,0.2547,0.2577,10,0.2517,0.2543,0.0,0.0,0.0,0.0,566
2023-05-10 09:32:38,OP10005362,300ETF沽12月4200,0.0,0.0,0.0,0.0,10,0.2548,0.2578,20,0.2517,0.2543,0.0,0.0,0.0,0.0,566
2023-05-10 09:32:41,OP10005362,300ETF沽12月4200,0.0,0.0,0.0,0.0,10,0.2548,0.2578,20,0.2517,0.2543,0.0,0.0,0.0,0.0,566
2023-05-10 09:32:41,OP10005362,300ETF沽12月4200,0.0,0.0,0.0,0.0,20,0.2547,0.2577,10,0.2517,0.2543,0.0,0.0,0.0,0.0,566
2023-05-10 09:32:41,OP10005362,300ETF沽12月4200,0.0,0.0,0.0,0.0,20,0.2547,0.2577,10,0.2517,0.2543,0.0,0.0,0.0,0.0,566
2023-05-10 09:32:41,OP10005362,300ETF沽12月4200,0.0,0.0,0.0,0.0,20,0.2547,0.2577,10,0.2517,0.2543,0.0,0.0,0.0,0.0,566
2023-05-10 09:32:41,OP10005362,300ETF沽12月4200,0.0,0.0,0.0,0.0,20,0.2547,0.2577,10,0.2517,0.2543,0.0,0.0,0.0,0.0,566
2023-05-10 09:32:44,OP10005362,300ETF沽12月4200,0.0,0.0,0.0,0.0,10,0.2548,0.2578,20,0.2517,0.2543,0.0,0.0,0.0,0.0,566
2023-05-10 09:32:44,OP10005362,300ETF沽12月4200,0.0,0.0,0.0,0.0,30,0.2548,0.2578,20,0.2517,0.2543,0.0,0.0,0.0,0.0,566
2023-05-10 09:32:44,OP10005362,300ETF沽12月4200,0.0,0.0,0.0,0.0,10,0.2549,0.2578,20,0.2517,0.2543,0.0,0.0,0.0,0.0,566
2023-05-10 09:32:44,OP10005362,300ETF沽12月4200,0.0,0.0,0.0,0.0,10,0.2548,0.2577,10,0.2517,0.2543,0.0,0.0,0.0,0.0,566
2023-05-10 09:32:44,OP10005362,300ETF沽12月4200,0.0,0.0,0.0,0.0,10,0.2549,0.2576,10,0.2517,0.2543,0.0,0.0,0.0,0.0,566
2023-05-10 09:32:47,OP10005362,300ETF沽12月4200,0.0,0.0,0.0,0.0,10,0.255,0.2576,20,0.2517,0.2543,0.0,0.0,0.0,0.0,566
2023-05-10 09:32:47,OP10005362,300ETF沽12月4200,0.0,0.0,0.0,0.0,10,0.2551,0.2582,60,0.2517,0.2543,0.0,0.0,0.0,0.0,566
2023-05-10 09:32:47,OP10005362,300ETF沽12月4200,0.0,0.0,0.0,0.0,20,0.2547,0.2581,10,0.2517,0.2543,0.0,0.0,0.0,0.0,566
2023-05-10 09:32:50,OP10005362,300ETF沽12月4200,0.0,0.0,0.0,0.0,20,0.2547,0.2581,10,0.2517,0.2543,0.0,0.0,0.0,0.0,566
2023-05-10 09:32:50,OP10005362,300ETF沽12月4200,0.0,0.0,0.0,0.0,20,0.2547,0.2581,10,0.2517,0.2543,0.0,0.0,0.0,0.0,566
2023-05-10 09:32:53,OP10005362,300ETF沽12月4200,0.0,0.0,0.0,0.0,20,0.2547,0.2581,10,0.2517,0.2543,0.0,0.0,0.0,0.0,566
2023-05-10 09:32:53,OP10005362,300ETF沽12月4200,0.0,0.0,0.0,0.0,20,0.2547,0.2581,10,0.2517,0.2543,0.0,0.0,0.0,0.0,566
2023-05-10 09:32:53,OP10005362,300ETF沽12月4200,0.0,0.0,0.0,0.0,20,0.2547,0.2581,10,0.2517,0.2543,0.0,0.0,0.0,0.0,566
2023-05-10 09:32:53,OP10005362,300ETF沽12月4200,0.0,0.0,0.0,0.0,20,0.2547,0.2581,10,0.2517,0.2543,0.0,0.0,0.0,0.0,566
2023-05-10 09:32:56,OP10005362,300ETF沽12月4200,0.0,0.0,0.0,0.0,20,0.2547,0.2581,10,0.2517,0.2543,0.0,0.0,0.0,0.0,566
2023-05-10 09:32:56,OP10005362,300ETF沽12月4200,0.0,0.0,0.0,0.0,20,0.2547,0.2581,10,0.2517,0.2543,0.0,0.0,0.0,0.0,566
2023-05-10 09:32:59,OP10005362,300ETF沽12月4200,0.0,0.0,0.0,0.0,20,0.2547,0.2581,10,0.2517,0.2543,0.0,0.0,0.0,0.0,566
2023-05-10 09:32:59,OP10005362,300ETF沽12月4200,0.0,0.0,0.0,0.0,10,0.2547,0.2575,10,0.2517,0.2543,0.0,0.0,0.0,0.0,566
2023-05-10 09:32:59,OP10005362,300ETF沽12月4200,0.0,0.0,0.0,0.0,20,0.2539,0.2574,10,0.2517,0.2543,0.0,0.0,0.0,0.0,566
2023-05-10 09:32:59,OP10005362,300ETF沽12月4200,0.0,0.0,0.0,0.0,10,0.2539,0.2574,10,0.2517,0.2543,0.0,0.0,0.0,0.0,566
2023-05-10 09:32:59,OP10005362,300ETF沽12月4200,0.0,0.0,0.0,0.0,10,0.2539,0.2574,10,0.2517,0.2543,0.0,0.0,0.0,0.0,566
2023-05-10 09:33:02,OP10005362,300ETF沽12月4200,0.0,0.0,0.0,0.0,11,0.2539,0.2574,11,0.2517,0.2543,0.0,0.0,0.0,0.0,566
2023-05-10 09:33:02,OP10005362,300ETF沽12月4200,0.0,0.0,0.0,0.0,11,0.2539,0.2573,10,0.2517,0.2543,0.0,0.0,0.0,0.0,566
2023-05-10 09:33:02,OP10005362,300ETF沽12月4200,0.0,0.0,0.0,0.0,1,0.2539,0.2569,10,0.2517,0.2543,0.0,0.0,0.0,0.0,566
2023-05-10 09:33:02,OP10005362,300ETF沽12月4200,0.0,0.0,0.0,0.0,1,0.2539,0.2568,10,0.2517,0.2543,0.0,0.0,0.0,0.0,566
2023-05-10 09:33:02,OP10005362,300ETF沽12月4200,0.0,0.0,0.0,0.0,1,0.2539,0.2568,11,0.2517,0.2543,0.0,0.0,0.0,0.0,566
2023-05-10 09:33:05,OP10005362,300ETF沽12月4200,0.0,0.0,0.0,0.0,1,0.2539,0.2567,10,0.2517,0.2543,0.0,0.0,0.0,0.0,566
2023-05-10 09:33:05,OP10005362,300ETF沽12月4200,0.0,0.0,0.0,0.0,10,0.2544,0.2568,1,0.2517,0.2543,0.0,0.0,0.0,0.0,566
2023-05-10 09:33:05,OP10005362,300ETF沽12月4200,0.0,0.0,0.0,0.0,10,0.2545,0.2568,1,0.2517,0.2543,0.0,0.0,0.0,0.0,566
2023-05-10 09:33:05,OP10005362,300ETF沽12月4200,0.0,0.0,0.0,0.0,10,0.2545,0.2575,30,0.2517,0.2543,0.0,0.0,0.0,0.0,566
2023-05-10 09:33:05,OP10005362,300ETF沽12月4200,0.0,0.0,0.0,0.0,10,0.2545,0.2575,31,0.2517,0.2543,0.0,0.0,0.0,0.0,566
2023-05-10 09:33:08,OP10005362,300ETF沽12月4200,0.0,0.0,0.0,0.0,10,0.2545,0.2575,21,0.2517,0.2543,0.0,0.0,0.0,0.0,566
2023-05-10 09:33:08,OP10005362,300ETF沽12月4200,0.0,0.0,0.0,0.0,10,0.2545,0.2575,21,0.2517,0.2543,0.0,0.0,0.0,0.0,566
2023-05-10 09:33:08,OP10005362,300ETF沽12月4200,0.0,0.0,0.0,0.0,10,0.2545,0.2575,31,0.2517,0.2543,0.0,0.0,0.0,0.0,566
2023-05-10 09:33:08,OP10005362,300ETF沽12月4200,0.0,0.0,0.0,0.0,11,0.2545,0.2575,31,0.2517,0.2543,0.0,0.0,0.0,0.0,566
2023-05-10 09:33:08,OP10005362,300ETF沽12月4200,0.0,0.0,0.0,0.0,1,0.2545,0.2574,10,0.2517,0.2543,0.0,0.0,0.0,0.0,566
2023-05-10 09:33:08,OP10005362,300ETF沽12月4200,0.0,0.0,0.0,0.0,1,0.2545,0.2574,10,0.2517,0.2543,0.0,0.0,0.0,0.0,566
2023-05-10 09:33:08,OP10005362,300ETF沽12月4200,0.0,0.0,0.0,0.0,1,0.2545,0.2574,10,0.2517,0.2543,0.0,0.0,0.0,0.0,566
2023-05-10 09:33:11,OP10005362,300ETF沽12月4200,0.0,0.0,0.0,0.0,1,0.2545,0.2573,10,0.2517,0.2543,0.0,0.0,0.0,0.0,566
2023-05-10 09:33:11,OP10005362,300ETF沽12月4200,0.0,0.0,0.0,0.0,1,0.2545,0.2572,10,0.2517,0.2543,0.0,0.0,0.0,0.0,566
2023-05-10 09:33:11,OP10005362,300ETF沽12月4200,0.0,0.0,0.0,0.0,1,0.2545,0.2572,30,0.2517,0.2543,0.0,0.0,0.0,0.0,566
2023-05-10 09:33:11,OP10005362,300ETF沽12月4200,0.0,0.0,0.0,0.0,1,0.2545,0.2571,10,0.2517,0.2543,0.0,0.0,0.0,0.0,566
2023-05-10 09:33:11,OP10005362,300ETF沽12月4200,0.0,0.0,0.0,0.0,1,0.2545,0.2571,10,0.2517,0.2543,0.0,0.0,0.0,0.0,566
2023-05-10 09:33:11,OP10005362,300ETF沽12月4200,0.0,0.0,0.0,0.0,1,0.2545,0.2571,10,0.2517,0.2543,0.0,0.0,0.0,0.0,566
2023-05-10 09:33:14,OP10005362,300ETF沽12月4200,0.0,0.0,0.0,0.0,1,0.2545,0.2571,10,0.2517,0.2543,0.0,0.0,0.0,0.0,566
2023-05-10 09:33:14,OP10005362,300ETF沽12月4200,0.0,0.0,0.0,0.0,1,0.2545,0.2571,10,0.2517,0.2543,0.0,0.0,0.0,0.0,566
2023-05-10 09:33:14,OP10005362,300ETF沽12月4200,0.0,0.0,0.0,0.0,1,0.2545,0.2567,10,0.2517,0.2543,0.0,0.0,0.0,0.0,566
2023-05-10 09:33:14,OP10005362,300ETF沽12月4200,0.0,0.0,0.0,0.0,1,0.2545,0.2566,10,0.2517,0.2543,0.0,0.0,0.0,0.0,566
2023-05-10 09:33:14,OP10005362,300ETF沽12月4200,0.0,0.0,0.0,0.0,1,0.2545,0.2566,31,0.2517,0.2543,0.0,0.0,0.0,0.0,566
2023-05-10 09:33:14,OP10005362,300ETF沽12月4200,0.0,0.0,0.0,0.0,1,0.2545,0.2565,10,0.2517,0.2543,0.0,0.0,0.0,0.0,566
2023-05-10 09:33:17,OP10005362,300ETF沽12月4200,0.0,0.0,0.0,0.0,1,0.2545,0.2565,11,0.2517,0.2543,0.0,0.0,0.0,0.0,566
2023-05-10 09:33:17,OP10005362,300ETF沽12月4200,0.0,0.0,0.0,0.0,1,0.2545,0.2564,10,0.2517,0.2543,0.0,0.0,0.0,0.0,566
2023-05-10 09:33:17,OP10005362,300ETF沽12月4200,0.0,0.0,0.0,0.0,1,0.2543,0.2564,10,0.2517,0.2543,0.0,0.0,0.0,0.0,566
2023-05-10 09:33:19,OP10005362,300ETF沽12月4200,0.2543,1.0,2543.0,0.0,10,0.2531,0.256,10,0.2517,0.2543,0.2543,0.2543,1.0,2543.0,566
2023-05-10 09:33:19,OP10005362,300ETF沽12月4200,0.2543,0.0,0.0,0.0,6,0.2531,0.2559,10,0.2517,0.2543,0.2543,0.2543,1.0,2543.0,566
2023-05-10 09:33:20,OP10005362,300ETF沽12月4200,0.2543,0.0,0.0,0.0,6,0.2531,0.2559,10,0.2517,0.2543,0.2543,0.2543,1.0,2543.0,566
2023-05-10 09:33:20,OP10005362,300ETF沽12月4200,0.2543,0.0,0.0,0.0,6,0.2531,0.2559,10,0.2517,0.2543,0.2543,0.2543,1.0,2543.0,566
2023-05-10 09:33:21,OP10005362,300ETF沽12月4200,0.2543,0.0,0.0,0.0,6,0.2531,0.2559,10,0.2517,0.2543,0.2543,0.2543,1.0,2543.0,566
2023-05-10 09:33:21,OP10005362,300ETF沽12月4200,0.2543,0.0,0.0,0.0,6,0.2531,0.2559,11,0.2517,0.2543,0.2543,0.2543,1.0,2543.0,566
2023-05-10 09:33:22,OP10005362,300ETF沽12月4200,0.2543,0.0,0.0,0.0,6,0.2531,0.2558,10,0.2517,0.2543,0.2543,0.2543,1.0,2543.0,566
2023-05-10 09:33:22,OP10005362,300ETF沽12月4200,0.2543,0.0,0.0,0.0,6,0.2531,0.2558,10,0.2517,0.2543,0.2543,0.2543,1.0,2543.0,566
2023-05-10 09:33:23,OP10005362,300ETF沽12月4200,0.2543,0.0,0.0,0.0,6,0.2531,0.2558,10,0.2517,0.2543,0.2543,0.2543,1.0,2543.0,566
2023-05-10 09:33:23,OP10005362,300ETF沽12月4200,0.2543,0.0,0.0,0.0,6,0.2531,0.2558,10,0.2517,0.2543,0.2543,0.2543,1.0,2543.0,566
2023-05-10 09:33:24,OP10005362,300ETF沽12月4200,0.2543,0.0,0.0,0.0,6,0.2531,0.2558,10,0.2517,0.2543,0.2543,0.2543,1.0,2543.0,566
2023-05-10 09:33:24,OP10005362,300ETF沽12月4200,0.2543,0.0,0.0,0.0,1,0.2531,0.2558,11,0.2517,0.2543,0.2543,0.2543,1.0,2543.0,566
2023-05-10 09:33:25,OP10005362,300ETF沽12月4200,0.2543,0.0,0.0,0.0,1,0.2531,0.2557,10,0.2517,0.2543,0.2543,0.2543,1.0,2543.0,566
2023-05-10 09:33:25,OP10005362,300ETF沽12月4200,0.2543,0.0,0.0,0.0,1,0.2531,0.2557,30,0.2517,0.2543,0.2543,0.2543,1.0,2543.0,566
2023-05-10 09:33:26,OP10005362,300ETF沽12月4200,0.2543,0.0,0.0,0.0,1,0.2531,0.2556,10,0.2517,0.2543,0.2543,0.2543,1.0,2543.0,566
2023-05-10 09:33:26,OP10005362,300ETF沽12月4200,0.2543,0.0,0.0,0.0,1,0.2531,0.2556,10,0.2517,0.2543,0.2543,0.2543,1.0,2543.0,566
2023-05-10 09:33:27,OP10005362,300ETF沽12月4200,0.2543,0.0,0.0,0.0,1,0.2531,0.2556,10,0.2517,0.2543,0.2543,0.2543,1.0,2543.0,566
2023-05-10 09:33:27,OP10005362,300ETF沽12月4200,0.2543,0.0,0.0,0.0,1,0.2531,0.2556,10,0.2517,0.2543,0.2543,0.2543,1.0,2543.0,566
2023-05-10 09:33:28,OP10005362,300ETF沽12月4200,0.2543,0.0,0.0,0.0,1,0.2531,0.2556,10,0.2517,0.2543,0.2543,0.2543,1.0,2543.0,566
2023-05-10 09:33:28,OP10005362,300ETF沽12月4200,0.2543,0.0,0.0,0.0,1,0.2531,0.2554,15,0.2517,0.2543,0.2543,0.2543,1.0,2543.0,566
2023-05-10 09:33:29,OP10005362,300ETF沽12月4200,0.2543,0.0,0.0,0.0,1,0.2531,0.2553,10,0.2517,0.2543,0.2543,0.2543,1.0,2543.0,566
2023-05-10 09:33:29,OP10005362,300ETF沽12月4200,0.2543,0.0,0.0,0.0,1,0.2531,0.2553,10,0.2517,0.2543,0.2543,0.2543,1.0,2543.0,566
2023-05-10 09:33:30,OP10005362,300ETF沽12月4200,0.2543,0.0,0.0,0.0,1,0.2529,0.2553,10,0.2517,0.2543,0.2543,0.2543,1.0,2543.0,566
2023-05-10 09:33:30,OP10005362,300ETF沽12月4200,0.2543,0.0,0.0,0.0,1,0.2529,0.2553,10,0.2517,0.2543,0.2543,0.2543,1.0,2543.0,566
2023-05-10 09:33:31,OP10005362,300ETF沽12月4200,0.2543,0.0,0.0,0.0,1,0.2529,0.2553,10,0.2517,0.2543,0.2543,0.2543,1.0,2543.0,566
2023-05-10 09:33:32,OP10005362,300ETF沽12月4200,0.2543,0.0,0.0,0.0,1,0.2529,0.2553,10,0.2517,0.2543,0.2543,0.2543,1.0,2543.0,566
2023-05-10 09:33:33,OP10005362,300ETF沽12月4200,0.2543,0.0,0.0,0.0,1,0.2529,0.2553,11,0.2517,0.2543,0.2543,0.2543,1.0,2543.0,566
2023-05-10 09:33:34,OP10005362,300ETF沽12月4200,0.2543,0.0,0.0,0.0,1,0.2529,0.2552,10,0.2517,0.2543,0.2543,0.2543,1.0,2543.0,566
2023-05-10 09:33:34,OP10005362,300ETF沽12月4200,0.2543,0.0,0.0,0.0,1,0.2529,0.2552,11,0.2517,0.2543,0.2543,0.2543,1.0,2543.0,566
2023-05-10 09:33:35,OP10005362,300ETF沽12月4200,0.2543,0.0,0.0,0.0,1,0.2529,0.2551,10,0.2517,0.2543,0.2543,0.2543,1.0,2543.0,566
2023-05-10 09:33:35,OP10005362,300ETF沽12月4200,0.2543,0.0,0.0,0.0,1,0.2529,0.2551,30,0.2517,0.2543,0.2543,0.2543,1.0,2543.0,566
2023-05-10 09:33:36,OP10005362,300ETF沽12月4200,0.2543,0.0,0.0,0.0,1,0.2529,0.255,10,0.2517,0.2543,0.2543,0.2543,1.0,2543.0,566
2023-05-10 09:33:36,OP10005362,300ETF沽12月4200,0.2543,0.0,0.0,0.0,1,0.2529,0.255,11,0.2517,0.2543,0.2543,0.2543,1.0,2543.0,566
2023-05-10 09:33:37,OP10005362,300ETF沽12月4200,0.2543,0.0,0.0,0.0,1,0.2529,0.2549,10,0.2517,0.2543,0.2543,0.2543,1.0,2543.0,566
2023-05-10 09:33:37,OP10005362,300ETF沽12月4200,0.2543,0.0,0.0,0.0,1,0.2529,0.2549,10,0.2517,0.2543,0.2543,0.2543,1.0,2543.0,566
2023-05-10 09:33:39,OP10005362,300ETF沽12月4200,0.2543,0.0,0.0,0.0,1,0.2529,0.2549,1,0.2517,0.2543,0.2543,0.2543,1.0,2543.0,566
2023-05-10 09:33:40,OP10005362,300ETF沽12月4200,0.2543,0.0,0.0,0.0,10,0.253,0.2549,1,0.2517,0.2543,0.2543,0.2543,1.0,2543.0,566
2023-05-10 09:33:40,OP10005362,300ETF沽12月4200,0.2543,0.0,0.0,0.0,10,0.2533,0.2549,1,0.2517,0.2543,0.2543,0.2543,1.0,2543.0,566
2023-05-10 09:33:41,OP10005362,300ETF沽12月4200,0.2549,1.0,2549.0,0.0,10,0.2534,0.2551,21,0.2517,0.2543,0.2549,0.2543,2.0,5092.0,566
2023-05-10 09:33:41,OP10005362,300ETF沽12月4200,0.2549,0.0,0.0,0.0,11,0.2534,0.2551,1,0.2517,0.2543,0.2549,0.2543,2.0,5092.0,566
2023-05-10 09:33:42,OP10005362,300ETF沽12月4200,0.2549,0.0,0.0,0.0,10,0.2535,0.2554,20,0.2517,0.2543,0.2549,0.2543,2.0,5092.0,566
2023-05-10 09:33:42,OP10005362,300ETF沽12月4200,0.2549,0.0,0.0,0.0,10,0.2535,0.2557,1,0.2517,0.2543,0.2549,0.2543,2.0,5092.0,566
2023-05-10 09:33:43,OP10005362,300ETF沽12月4200,0.2549,0.0,0.0,0.0,10,0.2535,0.2557,21,0.2517,0.2543,0.2549,0.2543,2.0,5092.0,566
2023-05-10 09:33:43,OP10005362,300ETF沽12月4200,0.2549,0.0,0.0,0.0,11,0.2535,0.2557,21,0.2517,0.2543,0.2549,0.2543,2.0,5092.0,566
2023-05-10 09:33:46,OP10005362,300ETF沽12月4200,0.2549,0.0,0.0,0.0,1,0.2535,0.2557,31,0.2517,0.2543,0.2549,0.2543,2.0,5092.0,566
2023-05-10 09:33:46,OP10005362,300ETF沽12月4200,0.2549,0.0,0.0,0.0,1,0.2535,0.2557,31,0.2517,0.2543,0.2549,0.2543,2.0,5092.0,566
2023-05-10 09:33:47,OP10005362,300ETF沽12月4200,0.2549,0.0,0.0,0.0,1,0.2535,0.2557,31,0.2517,0.2543,0.2549,0.2543,2.0,5092.0,566
2023-05-10 09:33:47,OP10005362,300ETF沽12月4200,0.2549,0.0,0.0,0.0,1,0.2535,0.2557,31,0.2517,0.2543,0.2549,0.2543,2.0,5092.0,566
2023-05-10 09:33:51,OP10005362,300ETF沽12月4200,0.2549,0.0,0.0,0.0,10,0.2536,0.2557,21,0.2517,0.2543,0.2549,0.2543,2.0,5092.0,566
2023-05-10 09:33:52,OP10005362,300ETF沽12月4200,0.2549,0.0,0.0,0.0,11,0.2536,0.2557,21,0.2517,0.2543,0.2549,0.2543,2.0,5092.0,566
2023-05-10 09:33:52,OP10005362,300ETF沽12月4200,0.2549,0.0,0.0,0.0,1,0.2536,0.2556,1,0.2517,0.2543,0.2549,0.2543,2.0,5092.0,566
2023-05-10 09:33:53,OP10005362,300ETF沽12月4200,0.2549,0.0,0.0,0.0,1,0.2536,0.2556,1,0.2517,0.2543,0.2549,0.2543,2.0,5092.0,566
2023-05-10 09:33:53,OP10005362,300ETF沽12月4200,0.2549,0.0,0.0,0.0,1,0.2536,0.2555,10,0.2517,0.2543,0.2549,0.2543,2.0,5092.0,566
2023-05-10 09:33:54,OP10005362,300ETF沽12月4200,0.2549,0.0,0.0,0.0,1,0.2536,0.2555,11,0.2517,0.2543,0.2549,0.2543,2.0,5092.0,566
2023-05-10 09:33:54,OP10005362,300ETF沽12月4200,0.2549,0.0,0.0,0.0,1,0.2536,0.2555,1,0.2517,0.2543,0.2549,0.2543,2.0,5092.0,566
2023-05-10 09:33:55,OP10005362,300ETF沽12月4200,0.2549,0.0,0.0,0.0,1,0.2536,0.2555,1,0.2517,0.2543,0.2549,0.2543,2.0,5092.0,566
2023-05-10 09:33:56,OP10005362,300ETF沽12月4200,0.2549,0.0,0.0,0.0,1,0.2535,0.2555,1,0.2517,0.2543,0.2549,0.2543,2.0,5092.0,566
2023-05-10 09:33:56,OP10005362,300ETF沽12月4200,0.2549,0.0,0.0,0.0,10,0.2536,0.2555,1,0.2517,0.2543,0.2549,0.2543,2.0,5092.0,566
2023-05-10 09:33:57,OP10005362,300ETF沽12月4200,0.2549,0.0,0.0,0.0,11,0.2535,0.2555,1,0.2517,0.2543,0.2549,0.2543,2.0,5092.0,566
2023-05-10 09:33:57,OP10005362,300ETF沽12月4200,0.2549,0.0,0.0,0.0,1,0.2535,0.2555,1,0.2517,0.2543,0.2549,0.2543,2.0,5092.0,566
2023-05-10 09:33:59,OP10005362,300ETF沽12月4200,0.2549,0.0,0.0,0.0,1,0.2535,0.2555,1,0.2517,0.2543,0.2549,0.2543,2.0,5092.0,566
2023-05-10 09:33:59,OP10005362,300ETF沽12月4200,0.2549,0.0,0.0,0.0,10,0.2536,0.2555,1,0.2517,0.2543,0.2549,0.2543,2.0,5092.0,566
2023-05-10 09:34:00,OP10005362,300ETF沽12月4200,0.2549,0.0,0.0,0.0,10,0.2536,0.2555,1,0.2517,0.2543,0.2549,0.2543,2.0,5092.0,566
2023-05-10 09:34:01,OP10005362,300ETF沽12月4200,0.2549,0.0,0.0,0.0,11,0.2536,0.2555,1,0.2517,0.2543,0.2549,0.2543,2.0,5092.0,566
2023-05-10 09:34:01,OP10005362,300ETF沽12月4200,0.2549,0.0,0.0,0.0,10,0.2537,0.2555,1,0.2517,0.2543,0.2549,0.2543,2.0,5092.0,566
2023-05-10 09:34:02,OP10005362,300ETF沽12月4200,0.2549,0.0,0.0,0.0,11,0.2537,0.2555,1,0.2517,0.2543,0.2549,0.2543,2.0,5092.0,566
2023-05-10 09:34:03,OP10005362,300ETF沽12月4200,0.2555,1.0,2555.0,0.0,25,0.2538,0.2557,20,0.2517,0.2543,0.2555,0.2543,3.0,7647.0,566
2023-05-10 09:34:03,OP10005362,300ETF沽12月4200,0.2555,0.0,0.0,0.0,20,0.2539,0.2559,1,0.2517,0.2543,0.2555,0.2543,3.0,7647.0,566
2023-05-10 09:34:03,OP10005362,300ETF沽12月4200,0.2555,0.0,0.0,0.0,10,0.254,0.2559,21,0.2517,0.2543,0.2555,0.2543,3.0,7647.0,566
2023-05-10 09:34:04,OP10005362,300ETF沽12月4200,0.2555,0.0,0.0,0.0,10,0.254,0.2559,1,0.2517,0.2543,0.2555,0.2543,3.0,7647.0,566
2023-05-10 09:34:05,OP10005362,300ETF沽12月4200,0.2555,0.0,0.0,0.0,15,0.2545,0.2559,1,0.2517,0.2543,0.2555,0.2543,3.0,7647.0,566
2023-05-10 09:34:06,OP10005362,300ETF沽12月4200,0.2555,0.0,0.0,0.0,25,0.2545,0.2559,1,0.2517,0.2543,0.2555,0.2543,3.0,7647.0,566
2023-05-10 09:34:06,OP10005362,300ETF沽12月4200,0.2555,0.0,0.0,0.0,25,0.2545,0.2559,1,0.2517,0.2543,0.2555,0.2543,3.0,7647.0,566
2023-05-10 09:34:07,OP10005362,300ETF沽12月4200,0.2555,0.0,0.0,0.0,25,0.2545,0.2559,1,0.2517,0.2543,0.2555,0.2543,3.0,7647.0,566
2023-05-10 09:34:07,OP10005362,300ETF沽12月4200,0.2555,0.0,0.0,0.0,15,0.2545,0.2559,1,0.2517,0.2543,0.2555,0.2543,3.0,7647.0,566
2023-05-10 09:34:09,OP10005362,300ETF沽12月4200,0.2555,0.0,0.0,0.0,16,0.2545,0.2559,1,0.2517,0.2543,0.2555,0.2543,3.0,7647.0,566
2023-05-10 09:34:09,OP10005362,300ETF沽12月4200,0.2555,0.0,0.0,0.0,15,0.2545,0.2559,1,0.2517,0.2543,0.2555,0.2543,3.0,7647.0,566
2023-05-10 09:34:10,OP10005362,300ETF沽12月4200,0.2555,0.0,0.0,0.0,25,0.2545,0.2559,1,0.2517,0.2543,0.2555,0.2543,3.0,7647.0,566
2023-05-10 09:34:10,OP10005362,300ETF沽12月4200,0.2555,0.0,0.0,0.0,25,0.2545,0.2559,1,0.2517,0.2543,0.2555,0.2543,3.0,7647.0,566
2023-05-10 09:34:11,OP10005362,300ETF沽12月4200,0.2555,0.0,0.0,0.0,25,0.2545,0.2559,1,0.2517,0.2543,0.2555,0.2543,3.0,7647.0,566
2023-05-10 09:34:11,OP10005362,300ETF沽12月4200,0.2555,0.0,0.0,0.0,25,0.2545,0.2559,1,0.2517,0.2543,0.2555,0.2543,3.0,7647.0,566
2023-05-10 09:34:12,OP10005362,300ETF沽12月4200,0.2555,0.0,0.0,0.0,25,0.2545,0.2564,20,0.2517,0.2543,0.2555,0.2543,3.0,7647.0,566
2023-05-10 09:34:12,OP10005362,300ETF沽12月4200,0.2555,0.0,0.0,0.0,25,0.2545,0.2565,1,0.2517,0.2543,0.2555,0.2543,3.0,7647.0,566
2023-05-10 09:34:13,OP10005362,300ETF沽12月4200,0.2555,0.0,0.0,0.0,25,0.2545,0.2565,21,0.2517,0.2543,0.2555,0.2543,3.0,7647.0,566
2023-05-10 09:34:13,OP10005362,300ETF沽12月4200,0.2555,0.0,0.0,0.0,26,0.2545,0.2565,21,0.2517,0.2543,0.2555,0.2543,3.0,7647.0,566
2023-05-10 09:34:14,OP10005362,300ETF沽12月4200,0.2555,0.0,0.0,0.0,26,0.2545,0.2565,21,0.2517,0.2543,0.2555,0.2543,3.0,7647.0,566
2023-05-10 09:34:14,OP10005362,300ETF沽12月4200,0.2555,0.0,0.0,0.0,10,0.2546,0.2565,1,0.2517,0.2543,0.2555,0.2543,3.0,7647.0,566
2023-05-10 09:34:15,OP10005362,300ETF沽12月4200,0.2555,0.0,0.0,0.0,10,0.2546,0.2565,1,0.2517,0.2543,0.2555,0.2543,3.0,7647.0,566
2023-05-10 09:34:16,OP10005362,300ETF沽12月4200,0.2555,0.0,0.0,0.0,20,0.2546,0.2565,1,0.2517,0.2543,0.2555,0.2543,3.0,7647.0,566
2023-05-10 09:34:16,OP10005362,300ETF沽12月4200,0.2555,0.0,0.0,0.0,10,0.2547,0.2565,1,0.2517,0.2543,0.2555,0.2543,3.0,7647.0,566
2023-05-10 09:34:17,OP10005362,300ETF沽12月4200,0.2555,0.0,0.0,0.0,10,0.2546,0.2565,1,0.2517,0.2543,0.2555,0.2543,3.0,7647.0,566
2023-05-10 09:34:18,OP10005362,300ETF沽12月4200,0.2555,0.0,0.0,0.0,36,0.2545,0.2565,1,0.2517,0.2543,0.2555,0.2543,3.0,7647.0,566
2023-05-10 09:34:18,OP10005362,300ETF沽12月4200,0.2555,0.0,0.0,0.0,46,0.2545,0.2565,1,0.2517,0.2543,0.2555,0.2543,3.0,7647.0,566
2023-05-10 09:34:19,OP10005362,300ETF沽12月4200,0.2555,0.0,0.0,0.0,10,0.2546,0.2565,1,0.2517,0.2543,0.2555,0.2543,3.0,7647.0,566
2023-05-10 09:34:19,OP10005362,300ETF沽12月4200,0.2555,0.0,0.0,0.0,21,0.2546,0.2565,1,0.2517,0.2543,0.2555,0.2543,3.0,7647.0,566
2023-05-10 09:34:20,OP10005362,300ETF沽12月4200,0.2555,0.0,0.0,0.0,10,0.2547,0.2565,1,0.2517,0.2543,0.2555,0.2543,3.0,7647.0,566
2023-05-10 09:34:20,OP10005362,300ETF沽12月4200,0.2555,0.0,0.0,0.0,21,0.2547,0.2565,1,0.2517,0.2543,0.2555,0.2543,3.0,7647.0,566
2023-05-10 09:34:21,OP10005362,300ETF沽12月4200,0.2555,0.0,0.0,0.0,11,0.2547,0.2565,1,0.2517,0.2543,0.2555,0.2543,3.0,7647.0,566
2023-05-10 09:34:21,OP10005362,300ETF沽12月4200,0.2555,0.0,0.0,0.0,11,0.2547,0.2565,1,0.2517,0.2543,0.2555,0.2543,3.0,7647.0,566
2023-05-10 09:34:22,OP10005362,300ETF沽12月4200,0.2555,0.0,0.0,0.0,10,0.2548,0.2565,1,0.2517,0.2543,0.2555,0.2543,3.0,7647.0,566
2023-05-10 09:34:22,OP10005362,300ETF沽12月4200,0.2555,0.0,0.0,0.0,11,0.2548,0.2565,1,0.2517,0.2543,0.2555,0.2543,3.0,7647.0,566
2023-05-10 09:34:23,OP10005362,300ETF沽12月4200,0.2555,0.0,0.0,0.0,11,0.2548,0.2565,1,0.2517,0.2543,0.2555,0.2543,3.0,7647.0,566
2023-05-10 09:34:24,OP10005362,300ETF沽12月4200,0.2555,0.0,0.0,0.0,11,0.2548,0.2565,1,0.2517,0.2543,0.2555,0.2543,3.0,7647.0,566
2023-05-10 09:34:24,OP10005362,300ETF沽12月4200,0.2555,0.0,0.0,0.0,11,0.2548,0.2565,1,0.2517,0.2543,0.2555,0.2543,3.0,7647.0,566
2023-05-10 09:34:25,OP10005362,300ETF沽12月4200,0.2555,0.0,0.0,0.0,10,0.2549,0.2565,1,0.2517,0.2543,0.2555,0.2543,3.0,7647.0,566
2023-05-10 09:34:25,OP10005362,300ETF沽12月4200,0.2555,0.0,0.0,0.0,21,0.2549,0.2565,1,0.2517,0.2543,0.2555,0.2543,3.0,7647.0,566
2023-05-10 09:34:26,OP10005362,300ETF沽12月4200,0.2555,0.0,0.0,0.0,11,0.2549,0.2565,1,0.2517,0.2543,0.2555,0.2543,3.0,7647.0,566
2023-05-10 09:34:27,OP10005362,300ETF沽12月4200,0.2555,0.0,0.0,0.0,10,0.255,0.2565,1,0.2517,0.2543,0.2555,0.2543,3.0,7647.0,566
2023-05-10 09:34:27,OP10005362,300ETF沽12月4200,0.2555,0.0,0.0,0.0,20,0.255,0.2565,1,0.2517,0.2543,0.2555,0.2543,3.0,7647.0,566
2023-05-10 09:34:28,OP10005362,300ETF沽12月4200,0.2565,1.0,2565.0,0.0,1,0.2565,0.2573,20,0.2517,0.2543,0.2565,0.2543,4.0,10212.0,566
2023-05-10 09:34:28,OP10005362,300ETF沽12月4200,0.2565,0.0,0.0,0.0,1,0.2565,0.2573,21,0.2517,0.2543,0.2565,0.2543,4.0,10212.0,566
2023-05-10 09:34:29,OP10005362,300ETF沽12月4200,0.2565,0.0,0.0,0.0,1,0.2565,0.2573,21,0.2517,0.2543,0.2565,0.2543,4.0,10212.0,566
2023-05-10 09:34:30,OP10005362,300ETF沽12月4200,0.2565,0.0,0.0,0.0,10,0.2552,0.2573,21,0.2517,0.2543,0.2565,0.2543,4.0,10212.0,566
2023-05-10 09:34:30,OP10005362,300ETF沽12月4200,0.2565,0.0,0.0,0.0,1,0.2552,0.2573,21,0.2517,0.2543,0.2565,0.2543,4.0,10212.0,566
2023-05-10 09:34:31,OP10005362,300ETF沽12月4200,0.2565,0.0,0.0,0.0,11,0.2552,0.2573,21,0.2517,0.2543,0.2565,0.2543,4.0,10212.0,566
2023-05-10 09:34:32,OP10005362,300ETF沽12月4200,0.2565,0.0,0.0,0.0,15,0.2554,0.2573,1,0.2517,0.2543,0.2565,0.2543,4.0,10212.0,566
2023-05-10 09:34:32,OP10005362,300ETF沽12月4200,0.2565,0.0,0.0,0.0,26,0.2554,0.2573,1,0.2517,0.2543,0.2565,0.2543,4.0,10212.0,566
2023-05-10 09:34:33,OP10005362,300ETF沽12月4200,0.2565,0.0,0.0,0.0,36,0.2554,0.2573,1,0.2517,0.2543,0.2565,0.2543,4.0,10212.0,566
2023-05-10 09:34:33,OP10005362,300ETF沽12月4200,0.2565,0.0,0.0,0.0,36,0.2554,0.2573,1,0.2517,0.2543,0.2565,0.2543,4.0,10212.0,566
2023-05-10 09:34:34,OP10005362,300ETF沽12月4200,0.2565,0.0,0.0,0.0,36,0.2554,0.258,30,0.2517,0.2543,0.2565,0.2543,4.0,10212.0,566
2023-05-10 09:34:35,OP10005362,300ETF沽12月4200,0.2565,0.0,0.0,0.0,36,0.2554,0.258,31,0.2517,0.2543,0.2565,0.2543,4.0,10212.0,566
2023-05-10 09:34:36,OP10005362,300ETF沽12月4200,0.2565,0.0,0.0,0.0,11,0.2554,0.2579,10,0.2517,0.2543,0.2565,0.2543,4.0,10212.0,566
2023-05-10 09:34:37,OP10005362,300ETF沽12月4200,0.2565,0.0,0.0,0.0,11,0.2554,0.2579,10,0.2517,0.2543,0.2565,0.2543,4.0,10212.0,566
2023-05-10 09:34:37,OP10005362,300ETF沽12月4200,0.2565,0.0,0.0,0.0,21,0.2554,0.2579,10,0.2517,0.2543,0.2565,0.2543,4.0,10212.0,566
2023-05-10 09:34:38,OP10005362,300ETF沽12月4200,0.2565,0.0,0.0,0.0,21,0.2554,0.2579,11,0.2517,0.2543,0.2565,0.2543,4.0,10212.0,566
2023-05-10 09:34:41,OP10005362,300ETF沽12月4200,0.2565,0.0,0.0,0.0,11,0.2554,0.2578,10,0.2517,0.2543,0.2565,0.2543,4.0,10212.0,566
2023-05-10 09:34:42,OP10005362,300ETF沽12月4200,0.2565,0.0,0.0,0.0,11,0.2554,0.2578,11,0.2517,0.2543,0.2565,0.2543,4.0,10212.0,566
2023-05-10 09:34:42,OP10005362,300ETF沽12月4200,0.2565,0.0,0.0,0.0,1,0.2555,0.2577,10,0.2517,0.2543,0.2565,0.2543,4.0,10212.0,566
2023-05-10 09:34:43,OP10005362,300ETF沽12月4200,0.2565,0.0,0.0,0.0,11,0.2555,0.2577,20,0.2517,0.2543,0.2565,0.2543,4.0,10212.0,566
2023-05-10 09:34:44,OP10005362,300ETF沽12月4200,0.2565,0.0,0.0,0.0,10,0.2556,0.2577,20,0.2517,0.2543,0.2565,0.2543,4.0,10212.0,566
2023-05-10 09:34:45,OP10005362,300ETF沽12月4200,0.2565,0.0,0.0,0.0,10,0.2556,0.2577,20,0.2517,0.2543,0.2565,0.2543,4.0,10212.0,566
2023-05-10 09:34:45,OP10005362,300ETF沽12月4200,0.2565,0.0,0.0,0.0,11,0.2556,0.2577,20,0.2517,0.2543,0.2565,0.2543,4.0,10212.0,566
2023-05-10 09:34:46,OP10005362,300ETF沽12月4200,0.2565,0.0,0.0,0.0,20,0.2557,0.2577,20,0.2517,0.2543,0.2565,0.2543,4.0,10212.0,566
2023-05-10 09:34:46,OP10005362,300ETF沽12月4200,0.2565,0.0,0.0,0.0,10,0.2558,0.2577,20,0.2517,0.2543,0.2565,0.2543,4.0,10212.0,566
2023-05-10 09:34:47,OP10005362,300ETF沽12月4200,0.2565,0.0,0.0,0.0,20,0.2557,0.2577,21,0.2517,0.2543,0.2565,0.2543,4.0,10212.0,566
2023-05-10 09:34:48,OP10005362,300ETF沽12月4200,0.2565,0.0,0.0,0.0,10,0.2557,0.2577,21,0.2517,0.2543,0.2565,0.2543,4.0,10212.0,566
2023-05-10 09:34:49,OP10005362,300ETF沽12月4200,0.2565,0.0,0.0,0.0,1,0.2556,0.2577,21,0.2517,0.2543,0.2565,0.2543,4.0,10212.0,566
2023-05-10 09:34:49,OP10005362,300ETF沽12月4200,0.2565,0.0,0.0,0.0,1,0.2556,0.2577,21,0.2517,0.2543,0.2565,0.2543,4.0,10212.0,566
2023-05-10 09:34:50,OP10005362,300ETF沽12月4200,0.2565,0.0,0.0,0.0,1,0.2556,0.2576,10,0.2517,0.2543,0.2565,0.2543,4.0,10212.0,566
2023-05-10 09:34:51,OP10005362,300ETF沽12月4200,0.2565,0.0,0.0,0.0,1,0.2556,0.2576,11,0.2517,0.2543,0.2565,0.2543,4.0,10212.0,566
2023-05-10 09:34:51,OP10005362,300ETF沽12月4200,0.2565,0.0,0.0,0.0,1,0.2556,0.2575,10,0.2517,0.2543,0.2565,0.2543,4.0,10212.0,566
2023-05-10 09:34:52,OP10005362,300ETF沽12月4200,0.2565,0.0,0.0,0.0,1,0.2556,0.2575,10,0.2517,0.2543,0.2565,0.2543,4.0,10212.0,566
2023-05-10 09:34:53,OP10005362,300ETF沽12月4200,0.2565,0.0,0.0,0.0,1,0.2556,0.2575,11,0.2517,0.2543,0.2565,0.2543,4.0,10212.0,566
2023-05-10 09:34:53,OP10005362,300ETF沽12月4200,0.2565,0.0,0.0,0.0,1,0.2556,0.2575,1,0.2517,0.2543,0.2565,0.2543,4.0,10212.0,566
2023-05-10 09:34:54,OP10005362,300ETF沽12月4200,0.2565,0.0,0.0,0.0,1,0.2556,0.2575,1,0.2517,0.2543,0.2565,0.2543,4.0,10212.0,566
2023-05-10 09:34:55,OP10005362,300ETF沽12月4200,0.2565,0.0,0.0,0.0,1,0.2556,0.2574,10,0.2517,0.2543,0.2565,0.2543,4.0,10212.0,566
2023-05-10 09:34:55,OP10005362,300ETF沽12月4200,0.2565,0.0,0.0,0.0,1,0.2557,0.2574,20,0.2517,0.2543,0.2565,0.2543,4.0,10212.0,566
2023-05-10 09:34:56,OP10005362,300ETF沽12月4200,0.2565,0.0,0.0,0.0,1,0.2557,0.2574,21,0.2517,0.2543,0.2565,0.2543,4.0,10212.0,566
2023-05-10 09:34:59,OP10005362,300ETF沽12月4200,0.2565,0.0,0.0,0.0,1,0.2557,0.2573,10,0.2517,0.2543,0.2565,0.2543,4.0,10212.0,566
2023-05-10 09:35:00,OP10005362,300ETF沽12月4200,0.2565,0.0,0.0,0.0,1,0.2557,0.2573,11,0.2517,0.2543,0.2565,0.2543,4.0,10212.0,566
2023-05-10 09:35:00,OP10005362,300ETF沽12月4200,0.2565,0.0,0.0,0.0,1,0.2557,0.2573,1,0.2517,0.2543,0.2565,0.2543,4.0,10212.0,566
2023-05-10 09:35:01,OP10005362,300ETF沽12月4200,0.2565,0.0,0.0,0.0,1,0.2557,0.2574,20,0.2517,0.2543,0.2565,0.2543,4.0,10212.0,566
2023-05-10 09:35:01,OP10005362,300ETF沽12月4200,0.2565,0.0,0.0,0.0,1,0.2557,0.2577,21,0.2517,0.2543,0.2565,0.2543,4.0,10212.0,566
2023-05-10 09:35:02,OP10005362,300ETF沽12月4200,0.2565,0.0,0.0,0.0,10,0.2558,0.2577,21,0.2517,0.2543,0.2565,0.2543,4.0,10212.0,566
2023-05-10 09:35:02,OP10005362,300ETF沽12月4200,0.2565,0.0,0.0,0.0,11,0.2558,0.2577,1,0.2517,0.2543,0.2565,0.2543,4.0,10212.0,566
2023-05-10 09:35:04,OP10005362,300ETF沽12月4200,0.2577,1.0,2577.0,0.0,1,0.2577,0.2583,20,0.2517,0.2543,0.2577,0.2543,5.0,12789.0,566
2023-05-10 09:35:04,OP10005362,300ETF沽12月4200,0.2577,0.0,0.0,0.0,1,0.2577,0.2583,1,0.2517,0.2543,0.2577,0.2543,5.0,12789.0,566
2023-05-10 09:35:04,OP10005362,300ETF沽12月4200,0.2577,0.0,0.0,0.0,1,0.2577,0.2584,20,0.2517,0.2543,0.2577,0.2543,5.0,12789.0,566
2023-05-10 09:35:04,OP10005362,300ETF沽12月4200,0.2577,0.0,0.0,0.0,1,0.2577,0.259,30,0.2517,0.2543,0.2577,0.2543,5.0,12789.0,566
2023-05-10 09:35:05,OP10005362,300ETF沽12月4200,0.2577,0.0,0.0,0.0,10,0.2567,0.259,31,0.2517,0.2543,0.2577,0.2543,5.0,12789.0,566
2023-05-10 09:35:05,OP10005362,300ETF沽12月4200,0.2577,0.0,0.0,0.0,1,0.2567,0.259,31,0.2517,0.2543,0.2577,0.2543,5.0,12789.0,566
2023-05-10 09:35:06,OP10005362,300ETF沽12月4200,0.2577,0.0,0.0,0.0,11,0.2567,0.259,31,0.2517,0.2543,0.2577,0.2543,5.0,12789.0,566
2023-05-10 09:35:07,OP10005362,300ETF沽12月4200,0.2577,0.0,0.0,0.0,1,0.2567,0.2589,10,0.2517,0.2543,0.2577,0.2543,5.0,12789.0,566
2023-05-10 09:35:07,OP10005362,300ETF沽12月4200,0.2577,0.0,0.0,0.0,1,0.2567,0.2589,11,0.2517,0.2543,0.2577,0.2543,5.0,12789.0,566
2023-05-10 09:35:08,OP10005362,300ETF沽12月4200,0.2577,0.0,0.0,0.0,1,0.2567,0.2588,10,0.2517,0.2543,0.2577,0.2543,5.0,12789.0,566
2023-05-10 09:35:09,OP10005362,300ETF沽12月4200,0.2577,0.0,0.0,0.0,1,0.2567,0.2588,10,0.2517,0.2543,0.2577,0.2543,5.0,12789.0,566
2023-05-10 09:35:09,OP10005362,300ETF沽12月4200,0.2577,0.0,0.0,0.0,1,0.2567,0.2588,10,0.2517,0.2543,0.2577,0.2543,5.0,12789.0,566
2023-05-10 09:35:10,OP10005362,300ETF沽12月4200,0.2577,0.0,0.0,0.0,1,0.2567,0.2588,10,0.2517,0.2543,0.2577,0.2543,5.0,12789.0,566
2023-05-10 09:35:10,OP10005362,300ETF沽12月4200,0.2577,0.0,0.0,0.0,1,0.2567,0.2588,11,0.2517,0.2543,0.2577,0.2543,5.0,12789.0,566
2023-05-10 09:35:11,OP10005362,300ETF沽12月4200,0.2577,0.0,0.0,0.0,1,0.2567,0.2587,10,0.2517,0.2543,0.2577,0.2543,5.0,12789.0,566
2023-05-10 09:35:11,OP10005362,300ETF沽12月4200,0.2577,0.0,0.0,0.0,1,0.2567,0.2587,30,0.2517,0.2543,0.2577,0.2543,5.0,12789.0,566
2023-05-10 09:35:12,OP10005362,300ETF沽12月4200,0.2577,0.0,0.0,0.0,1,0.2567,0.2586,10,0.2517,0.2543,0.2577,0.2543,5.0,12789.0,566
2023-05-10 09:35:12,OP10005362,300ETF沽12月4200,0.2577,0.0,0.0,0.0,1,0.2567,0.2586,10,0.2517,0.2543,0.2577,0.2543,5.0,12789.0,566
2023-05-10 09:35:13,OP10005362,300ETF沽12月4200,0.2577,0.0,0.0,0.0,1,0.2567,0.2586,10,0.2517,0.2543,0.2577,0.2543,5.0,12789.0,566
2023-05-10 09:35:14,OP10005362,300ETF沽12月4200,0.2577,0.0,0.0,0.0,1,0.2567,0.2586,10,0.2517,0.2543,0.2577,0.2543,5.0,12789.0,566
2023-05-10 09:35:14,OP10005362,300ETF沽12月4200,0.2577,0.0,0.0,0.0,1,0.2567,0.2586,11,0.2517,0.2543,0.2577,0.2543,5.0,12789.0,566
2023-05-10 09:35:15,OP10005362,300ETF沽12月4200,0.2577,0.0,0.0,0.0,1,0.2567,0.2586,1,0.2517,0.2543,0.2577,0.2543,5.0,12789.0,566
2023-05-10 09:35:15,OP10005362,300ETF沽12月4200,0.2577,0.0,0.0,0.0,1,0.2568,0.2586,1,0.2517,0.2543,0.2577,0.2543,5.0,12789.0,566
2023-05-10 09:35:16,OP10005362,300ETF沽12月4200,0.2577,0.0,0.0,0.0,1,0.2568,0.2587,20,0.2517,0.2543,0.2577,0.2543,5.0,12789.0,566
2023-05-10 09:35:16,OP10005362,300ETF沽12月4200,0.2577,0.0,0.0,0.0,1,0.2568,0.259,30,0.2517,0.2543,0.2577,0.2543,5.0,12789.0,566
2023-05-10 09:35:17,OP10005362,300ETF沽12月4200,0.2577,0.0,0.0,0.0,1,0.2568,0.259,20,0.2517,0.2543,0.2577,0.2543,5.0,12789.0,566
2023-05-10 09:35:17,OP10005362,300ETF沽12月4200,0.2577,0.0,0.0,0.0,1,0.2568,0.259,20,0.2517,0.2543,0.2577,0.2543,5.0,12789.0,566
2023-05-10 09:35:18,OP10005362,300ETF沽12月4200,0.2577,0.0,0.0,0.0,1,0.2568,0.259,20,0.2517,0.2543,0.2577,0.2543,5.0,12789.0,566
2023-05-10 09:35:19,OP10005362,300ETF沽12月4200,0.2577,0.0,0.0,0.0,10,0.2569,0.259,20,0.2517,0.2543,0.2577,0.2543,5.0,12789.0,566
2023-05-10 09:35:19,OP10005362,300ETF沽12月4200,0.2577,0.0,0.0,0.0,11,0.2569,0.259,20,0.2517,0.2543,0.2577,0.2543,5.0,12789.0,566
2023-05-10 09:35:20,OP10005362,300ETF沽12月4200,0.2577,0.0,0.0,0.0,10,0.257,0.259,20,0.2517,0.2543,0.2577,0.2543,5.0,12789.0,566
2023-05-10 09:35:20,OP10005362,300ETF沽12月4200,0.2577,0.0,0.0,0.0,1,0.2569,0.259,20,0.2517,0.2543,0.2577,0.2543,5.0,12789.0,566
2023-05-10 09:35:21,OP10005362,300ETF沽12月4200,0.2577,0.0,0.0,0.0,1,0.2569,0.259,20,0.2517,0.2543,0.2577,0.2543,5.0,12789.0,566
2023-05-10 09:35:22,OP10005362,300ETF沽12月4200,0.2577,0.0,0.0,0.0,1,0.2569,0.259,21,0.2517,0.2543,0.2577,0.2543,5.0,12789.0,566
2023-05-10 09:35:23,OP10005362,300ETF沽12月4200,0.2577,0.0,0.0,0.0,11,0.2569,0.259,21,0.2517,0.2543,0.2577,0.2543,5.0,12789.0,566
2023-05-10 09:35:24,OP10005362,300ETF沽12月4200,0.2577,0.0,0.0,0.0,11,0.2569,0.259,21,0.2517,0.2543,0.2577,0.2543,5.0,12789.0,566
2023-05-10 09:35:24,OP10005362,300ETF沽12月4200,0.2577,0.0,0.0,0.0,11,0.2569,0.259,21,0.2517,0.2543,0.2577,0.2543,5.0,12789.0,566
2023-05-10 09:35:25,OP10005362,300ETF沽12月4200,0.2577,0.0,0.0,0.0,11,0.2569,0.259,21,0.2517,0.2543,0.2577,0.2543,5.0,12789.0,566
2023-05-10 09:35:27,OP10005362,300ETF沽12月4200,0.2577,0.0,0.0,0.0,11,0.2569,0.259,21,0.2517,0.2543,0.2577,0.2543,5.0,12789.0,566
2023-05-10 09:35:29,OP10005362,300ETF沽12月4200,0.2577,0.0,0.0,0.0,11,0.2569,0.259,21,0.2517,0.2543,0.2577,0.2543,5.0,12789.0,566
2023-05-10 09:35:29,OP10005362,300ETF沽12月4200,0.2577,0.0,0.0,0.0,1,0.257,0.259,21,0.2517,0.2543,0.2577,0.2543,5.0,12789.0,566
2023-05-10 09:35:31,OP10005362,300ETF沽12月4200,0.2577,0.0,0.0,0.0,1,0.257,0.259,21,0.2517,0.2543,0.2577,0.2543,5.0,12789.0,566
2023-05-10 09:35:32,OP10005362,300ETF沽12月4200,0.2577,0.0,0.0,0.0,1,0.257,0.259,21,0.2517,0.2543,0.2577,0.2543,5.0,12789.0,566
2023-05-10 09:35:32,OP10005362,300ETF沽12月4200,0.2577,0.0,0.0,0.0,1,0.257,0.2589,1,0.2517,0.2543,0.2577,0.2543,5.0,12789.0,566
2023-05-10 09:35:33,OP10005362,300ETF沽12月4200,0.2577,0.0,0.0,0.0,1,0.257,0.2589,1,0.2517,0.2543,0.2577,0.2543,5.0,12789.0,566
2023-05-10 09:35:34,OP10005362,300ETF沽12月4200,0.2577,0.0,0.0,0.0,1,0.257,0.2589,1,0.2517,0.2543,0.2577,0.2543,5.0,12789.0,566
2023-05-10 09:35:36,OP10005362,300ETF沽12月4200,0.2577,0.0,0.0,0.0,1,0.257,0.2588,10,0.2517,0.2543,0.2577,0.2543,5.0,12789.0,566
2023-05-10 09:35:36,OP10005362,300ETF沽12月4200,0.2577,0.0,0.0,0.0,1,0.257,0.2588,11,0.2517,0.2543,0.2577,0.2543,5.0,12789.0,566
2023-05-10 09:35:37,OP10005362,300ETF沽12月4200,0.2577,0.0,0.0,0.0,1,0.257,0.2588,11,0.2517,0.2543,0.2577,0.2543,5.0,12789.0,566
2023-05-10 09:35:39,OP10005362,300ETF沽12月4200,0.2577,0.0,0.0,0.0,1,0.257,0.2588,11,0.2517,0.2543,0.2577,0.2543,5.0,12789.0,566
2023-05-10 09:35:40,OP10005362,300ETF沽12月4200,0.2577,0.0,0.0,0.0,1,0.2571,0.2588,11,0.2517,0.2543,0.2577,0.2543,5.0,12789.0,566
2023-05-10 09:35:41,OP10005362,300ETF沽12月4200,0.2577,0.0,0.0,0.0,1,0.2569,0.2588,11,0.2517,0.2543,0.2577,0.2543,5.0,12789.0,566
2023-05-10 09:35:42,OP10005362,300ETF沽12月4200,0.2577,0.0,0.0,0.0,1,0.2569,0.2588,11,0.2517,0.2543,0.2577,0.2543,5.0,12789.0,566
2023-05-10 09:35:46,OP10005362,300ETF沽12月4200,0.2577,0.0,0.0,0.0,10,0.2564,0.2587,11,0.2517,0.2543,0.2577,0.2543,5.0,12789.0,566
2023-05-10 09:35:47,OP10005362,300ETF沽12月4200,0.2577,0.0,0.0,0.0,1,0.2567,0.2586,10,0.2517,0.2543,0.2577,0.2543,5.0,12789.0,566
2023-05-10 09:35:47,OP10005362,300ETF沽12月4200,0.2577,0.0,0.0,0.0,1,0.2565,0.2586,10,0.2517,0.2543,0.2577,0.2543,5.0,12789.0,566
2023-05-10 09:35:48,OP10005362,300ETF沽12月4200,0.2577,0.0,0.0,0.0,1,0.2565,0.2586,10,0.2517,0.2543,0.2577,0.2543,5.0,12789.0,566
2023-05-10 09:35:48,OP10005362,300ETF沽12月4200,0.2577,0.0,0.0,0.0,1,0.2565,0.2586,11,0.2517,0.2543,0.2577,0.2543,5.0,12789.0,566
2023-05-10 09:35:49,OP10005362,300ETF沽12月4200,0.2577,0.0,0.0,0.0,1,0.2565,0.2585,10,0.2517,0.2543,0.2577,0.2543,5.0,12789.0,566
2023-05-10 09:35:49,OP10005362,300ETF沽12月4200,0.2577,0.0,0.0,0.0,1,0.2565,0.2586,1,0.2517,0.2543,0.2577,0.2543,5.0,12789.0,566
2023-05-10 09:35:50,OP10005362,300ETF沽12月4200,0.2577,0.0,0.0,0.0,1,0.2565,0.2586,11,0.2517,0.2543,0.2577,0.2543,5.0,12789.0,566
2023-05-10 09:35:51,OP10005362,300ETF沽12月4200,0.2577,0.0,0.0,0.0,1,0.2565,0.2586,1,0.2517,0.2543,0.2577,0.2543,5.0,12789.0,566
2023-05-10 09:35:52,OP10005362,300ETF沽12月4200,0.2577,0.0,0.0,0.0,1,0.2565,0.2586,11,0.2517,0.2543,0.2577,0.2543,5.0,12789.0,566
2023-05-10 09:35:56,OP10005362,300ETF沽12月4200,0.2577,0.0,0.0,0.0,1,0.2565,0.2585,10,0.2517,0.2543,0.2577,0.2543,5.0,12789.0,566
2023-05-10 09:35:56,OP10005362,300ETF沽12月4200,0.2577,0.0,0.0,0.0,1,0.2565,0.2585,11,0.2517,0.2543,0.2577,0.2543,5.0,12789.0,566
2023-05-10 09:35:57,OP10005362,300ETF沽12月4200,0.2577,0.0,0.0,0.0,1,0.2565,0.2584,10,0.2517,0.2543,0.2577,0.2543,5.0,12789.0,566
2023-05-10 09:35:57,OP10005362,300ETF沽12月4200,0.2577,0.0,0.0,0.0,1,0.2565,0.2584,30,0.2517,0.2543,0.2577,0.2543,5.0,12789.0,566
2023-05-10 09:35:58,OP10005362,300ETF沽12月4200,0.2577,0.0,0.0,0.0,1,0.2566,0.2583,10,0.2517,0.2543,0.2577,0.2543,5.0,12789.0,566
2023-05-10 09:35:58,OP10005362,300ETF沽12月4200,0.2577,0.0,0.0,0.0,1,0.2566,0.2583,10,0.2517,0.2543,0.2577,0.2543,5.0,12789.0,566
2023-05-10 09:35:59,OP10005362,300ETF沽12月4200,0.2577,0.0,0.0,0.0,10,0.2559,0.2583,10,0.2517,0.2543,0.2577,0.2543,5.0,12789.0,566
2023-05-10 09:35:59,OP10005362,300ETF沽12月4200,0.2577,0.0,0.0,0.0,1,0.2564,0.2583,10,0.2517,0.2543,0.2577,0.2543,5.0,12789.0,566
2023-05-10 09:36:00,OP10005362,300ETF沽12月4200,0.2577,0.0,0.0,0.0,1,0.2562,0.2583,11,0.2517,0.2543,0.2577,0.2543,5.0,12789.0,566
2023-05-10 09:36:00,OP10005362,300ETF沽12月4200,0.2577,0.0,0.0,0.0,1,0.2562,0.2582,10,0.2517,0.2543,0.2577,0.2543,5.0,12789.0,566
2023-05-10 09:36:01,OP10005362,300ETF沽12月4200,0.2577,0.0,0.0,0.0,1,0.2561,0.2582,10,0.2517,0.2543,0.2577,0.2543,5.0,12789.0,566
2023-05-10 09:36:01,OP10005362,300ETF沽12月4200,0.2577,0.0,0.0,0.0,1,0.2561,0.2582,10,0.2517,0.2543,0.2577,0.2543,5.0,12789.0,566
2023-05-10 09:36:02,OP10005362,300ETF沽12月4200,0.2577,0.0,0.0,0.0,1,0.2561,0.2582,10,0.2517,0.2543,0.2577,0.2543,5.0,12789.0,566
2023-05-10 09:36:03,OP10005362,300ETF沽12月4200,0.2577,0.0,0.0,0.0,1,0.2561,0.2578,15,0.2517,0.2543,0.2577,0.2543,5.0,12789.0,566
2023-05-10 09:36:04,OP10005362,300ETF沽12月4200,0.2577,0.0,0.0,0.0,1,0.2561,0.2577,10,0.2517,0.2543,0.2577,0.2543,5.0,12789.0,566
2023-05-10 09:36:04,OP10005362,300ETF沽12月4200,0.2577,0.0,0.0,0.0,1,0.2559,0.2577,10,0.2517,0.2543,0.2577,0.2543,5.0,12789.0,566
2023-05-10 09:36:05,OP10005362,300ETF沽12月4200,0.2577,0.0,0.0,0.0,1,0.2559,0.2577,11,0.2517,0.2543,0.2577,0.2543,5.0,12789.0,566
2023-05-10 09:36:05,OP10005362,300ETF沽12月4200,0.2577,0.0,0.0,0.0,1,0.2559,0.2576,10,0.2517,0.2543,0.2577,0.2543,5.0,12789.0,566
2023-05-10 09:36:06,OP10005362,300ETF沽12月4200,0.2577,0.0,0.0,0.0,1,0.2559,0.2576,10,0.2517,0.2543,0.2577,0.2543,5.0,12789.0,566
2023-05-10 09:36:06,OP10005362,300ETF沽12月4200,0.2577,0.0,0.0,0.0,1,0.2559,0.2576,11,0.2517,0.2543,0.2577,0.2543,5.0,12789.0,566
2023-05-10 09:36:07,OP10005362,300ETF沽12月4200,0.2577,0.0,0.0,0.0,1,0.2559,0.2575,10,0.2517,0.2543,0.2577,0.2543,5.0,12789.0,566
2023-05-10 09:36:07,OP10005362,300ETF沽12月4200,0.2577,0.0,0.0,0.0,1,0.2558,0.2575,30,0.2517,0.2543,0.2577,0.2543,5.0,12789.0,566
2023-05-10 09:36:08,OP10005362,300ETF沽12月4200,0.2577,0.0,0.0,0.0,1,0.2558,0.2574,10,0.2517,0.2543,0.2577,0.2543,5.0,12789.0,566
2023-05-10 09:36:08,OP10005362,300ETF沽12月4200,0.2577,0.0,0.0,0.0,1,0.2558,0.2574,10,0.2517,0.2543,0.2577,0.2543,5.0,12789.0,566
2023-05-10 09:36:09,OP10005362,300ETF沽12月4200,0.2577,0.0,0.0,0.0,10,0.255,0.2574,10,0.2517,0.2543,0.2577,0.2543,5.0,12789.0,566
2023-05-10 09:36:09,OP10005362,300ETF沽12月4200,0.2577,0.0,0.0,0.0,1,0.255,0.2574,10,0.2517,0.2543,0.2577,0.2543,5.0,12789.0,566
2023-05-10 09:36:10,OP10005362,300ETF沽12月4200,0.2577,0.0,0.0,0.0,1,0.255,0.2574,10,0.2517,0.2543,0.2577,0.2543,5.0,12789.0,566
2023-05-10 09:36:10,OP10005362,300ETF沽12月4200,0.2577,0.0,0.0,0.0,1,0.255,0.2574,10,0.2517,0.2543,0.2577,0.2543,5.0,12789.0,566
2023-05-10 09:36:11,OP10005362,300ETF沽12月4200,0.2577,0.0,0.0,0.0,1,0.255,0.2574,11,0.2517,0.2543,0.2577,0.2543,5.0,12789.0,566
2023-05-10 09:36:11,OP10005362,300ETF沽12月4200,0.2577,0.0,0.0,0.0,1,0.255,0.2573,10,0.2517,0.2543,0.2577,0.2543,5.0,12789.0,566
2023-05-10 09:36:13,OP10005362,300ETF沽12月4200,0.2577,0.0,0.0,0.0,1,0.255,0.2573,10,0.2517,0.2543,0.2577,0.2543,5.0,12789.0,566
2023-05-10 09:36:14,OP10005362,300ETF沽12月4200,0.2577,0.0,0.0,0.0,1,0.255,0.2573,10,0.2517,0.2543,0.2577,0.2543,5.0,12789.0,566
2023-05-10 09:36:15,OP10005362,300ETF沽12月4200,0.2577,0.0,0.0,0.0,1,0.255,0.2573,11,0.2517,0.2543,0.2577,0.2543,5.0,12789.0,566
2023-05-10 09:36:16,OP10005362,300ETF沽12月4200,0.2577,0.0,0.0,0.0,1,0.255,0.2572,10,0.2517,0.2543,0.2577,0.2543,5.0,12789.0,566
2023-05-10 09:36:16,OP10005362,300ETF沽12月4200,0.2577,0.0,0.0,0.0,1,0.255,0.2572,30,0.2517,0.2543,0.2577,0.2543,5.0,12789.0,566
2023-05-10 09:36:17,OP10005362,300ETF沽12月4200,0.2577,0.0,0.0,0.0,1,0.255,0.2571,10,0.2517,0.2543,0.2577,0.2543,5.0,12789.0,566
2023-05-10 09:36:17,OP10005362,300ETF沽12月4200,0.2577,0.0,0.0,0.0,1,0.255,0.2571,10,0.2517,0.2543,0.2577,0.2543,5.0,12789.0,566
2023-05-10 09:36:18,OP10005362,300ETF沽12月4200,0.2577,0.0,0.0,0.0,1,0.255,0.257,10,0.2517,0.2543,0.2577,0.2543,5.0,12789.0,566
2023-05-10 09:36:18,OP10005362,300ETF沽12月4200,0.2577,0.0,0.0,0.0,1,0.255,0.2569,10,0.2517,0.2543,0.2577,0.2543,5.0,12789.0,566
2023-05-10 09:36:19,OP10005362,300ETF沽12月4200,0.2577,0.0,0.0,0.0,1,0.2547,0.2569,10,0.2517,0.2543,0.2577,0.2543,5.0,12789.0,566
2023-05-10 09:36:19,OP10005362,300ETF沽12月4200,0.2577,0.0,0.0,0.0,1,0.2547,0.2569,30,0.2517,0.2543,0.2577,0.2543,5.0,12789.0,566
2023-05-10 09:36:20,OP10005362,300ETF沽12月4200,0.2577,0.0,0.0,0.0,1,0.2547,0.2568,10,0.2517,0.2543,0.2577,0.2543,5.0,12789.0,566
2023-05-10 09:36:20,OP10005362,300ETF沽12月4200,0.2577,0.0,0.0,0.0,1,0.2547,0.2568,11,0.2517,0.2543,0.2577,0.2543,5.0,12789.0,566
2023-05-10 09:36:21,OP10005362,300ETF沽12月4200,0.2577,0.0,0.0,0.0,1,0.2547,0.2567,10,0.2517,0.2543,0.2577,0.2543,5.0,12789.0,566
2023-05-10 09:36:21,OP10005362,300ETF沽12月4200,0.2577,0.0,0.0,0.0,1,0.2547,0.2567,26,0.2517,0.2543,0.2577,0.2543,5.0,12789.0,566
2023-05-10 09:36:22,OP10005362,300ETF沽12月4200,0.2577,0.0,0.0,0.0,1,0.2547,0.2566,10,0.2517,0.2543,0.2577,0.2543,5.0,12789.0,566
2023-05-10 09:36:22,OP10005362,300ETF沽12月4200,0.2577,0.0,0.0,0.0,1,0.2547,0.2566,30,0.2517,0.2543,0.2577,0.2543,5.0,12789.0,566
2023-05-10 09:36:23,OP10005362,300ETF沽12月4200,0.2577,0.0,0.0,0.0,20,0.2536,0.2565,10,0.2517,0.2543,0.2577,0.2543,5.0,12789.0,566
2023-05-10 09:36:23,OP10005362,300ETF沽12月4200,0.2577,0.0,0.0,0.0,1,0.2545,0.2565,11,0.2517,0.2543,0.2577,0.2543,5.0,12789.0,566
2023-05-10 09:36:24,OP10005362,300ETF沽12月4200,0.2577,0.0,0.0,0.0,1,0.2545,0.2564,10,0.2517,0.2543,0.2577,0.2543,5.0,12789.0,566
2023-05-10 09:36:24,OP10005362,300ETF沽12月4200,0.2577,0.0,0.0,0.0,1,0.2545,0.2564,10,0.2517,0.2543,0.2577,0.2543,5.0,12789.0,566
2023-05-10 09:36:25,OP10005362,300ETF沽12月4200,0.2577,0.0,0.0,0.0,1,0.2545,0.2564,10,0.2517,0.2543,0.2577,0.2543,5.0,12789.0,566
2023-05-10 09:36:25,OP10005362,300ETF沽12月4200,0.2577,0.0,0.0,0.0,1,0.2545,0.2564,10,0.2517,0.2543,0.2577,0.2543,5.0,12789.0,566
2023-05-10 09:36:26,OP10005362,300ETF沽12月4200,0.2577,0.0,0.0,0.0,1,0.2545,0.2564,11,0.2517,0.2543,0.2577,0.2543,5.0,12789.0,566
2023-05-10 09:36:27,OP10005362,300ETF沽12月4200,0.2577,0.0,0.0,0.0,1,0.2545,0.2563,10,0.2517,0.2543,0.2577,0.2543,5.0,12789.0,566
2023-05-10 09:36:27,OP10005362,300ETF沽12月4200,0.2577,0.0,0.0,0.0,1,0.2545,0.2563,30,0.2517,0.2543,0.2577,0.2543,5.0,12789.0,566
2023-05-10 09:36:28,OP10005362,300ETF沽12月4200,0.2577,0.0,0.0,0.0,1,0.2545,0.2562,10,0.2517,0.2543,0.2577,0.2543,5.0,12789.0,566
2023-05-10 09:36:29,OP10005362,300ETF沽12月4200,0.2577,0.0,0.0,0.0,1,0.2545,0.2563,20,0.2517,0.2543,0.2577,0.2543,5.0,12789.0,566
2023-05-10 09:36:30,OP10005362,300ETF沽12月4200,0.2577,0.0,0.0,0.0,1,0.2545,0.2564,1,0.2517,0.2543,0.2577,0.2543,5.0,12789.0,566
2023-05-10 09:36:30,OP10005362,300ETF沽12月4200,0.2577,0.0,0.0,0.0,11,0.2545,0.2564,1,0.2517,0.2543,0.2577,0.2543,5.0,12789.0,566
2023-05-10 09:36:31,OP10005362,300ETF沽12月4200,0.2577,0.0,0.0,0.0,11,0.2545,0.2571,10,0.2517,0.2543,0.2577,0.2543,5.0,12789.0,566
2023-05-10 09:36:31,OP10005362,300ETF沽12月4200,0.2577,0.0,0.0,0.0,21,0.2545,0.2571,1,0.2517,0.2543,0.2577,0.2543,5.0,12789.0,566
2023-05-10 09:36:32,OP10005362,300ETF沽12月4200,0.2577,0.0,0.0,0.0,15,0.2553,0.2571,1,0.2517,0.2543,0.2577,0.2543,5.0,12789.0,566
2023-05-10 09:36:32,OP10005362,300ETF沽12月4200,0.2577,0.0,0.0,0.0,36,0.2553,0.2571,1,0.2517,0.2543,0.2577,0.2543,5.0,12789.0,566
2023-05-10 09:36:33,OP10005362,300ETF沽12月4200,0.2577,0.0,0.0,0.0,36,0.2553,0.2571,1,0.2517,0.2543,0.2577,0.2543,5.0,12789.0,566
2023-05-10 09:36:33,OP10005362,300ETF沽12月4200,0.2577,0.0,0.0,0.0,1,0.2553,0.257,10,0.2517,0.2543,0.2577,0.2543,5.0,12789.0,566
2023-05-10 09:36:34,OP10005362,300ETF沽12月4200,0.2577,0.0,0.0,0.0,1,0.2553,0.257,30,0.2517,0.2543,0.2577,0.2543,5.0,12789.0,566
2023-05-10 09:36:34,OP10005362,300ETF沽12月4200,0.2577,0.0,0.0,0.0,1,0.2553,0.257,30,0.2517,0.2543,0.2577,0.2543,5.0,12789.0,566
2023-05-10 09:36:35,OP10005362,300ETF沽12月4200,0.2577,0.0,0.0,0.0,1,0.2553,0.257,30,0.2517,0.2543,0.2577,0.2543,5.0,12789.0,566
2023-05-10 09:36:36,OP10005362,300ETF沽12月4200,0.2577,0.0,0.0,0.0,1,0.2553,0.257,30,0.2517,0.2543,0.2577,0.2543,5.0,12789.0,566
2023-05-10 09:36:36,OP10005362,300ETF沽12月4200,0.2577,0.0,0.0,0.0,1,0.2553,0.257,31,0.2517,0.2543,0.2577,0.2543,5.0,12789.0,566
2023-05-10 09:36:37,OP10005362,300ETF沽12月4200,0.2577,0.0,0.0,0.0,1,0.2553,0.257,31,0.2517,0.2543,0.2577,0.2543,5.0,12789.0,566
2023-05-10 09:36:38,OP10005362,300ETF沽12月4200,0.2577,0.0,0.0,0.0,1,0.2552,0.2569,10,0.2517,0.2543,0.2577,0.2543,5.0,12789.0,566
2023-05-10 09:36:38,OP10005362,300ETF沽12月4200,0.2577,0.0,0.0,0.0,1,0.2552,0.2569,11,0.2517,0.2543,0.2577,0.2543,5.0,12789.0,566
2023-05-10 09:36:39,OP10005362,300ETF沽12月4200,0.2577,0.0,0.0,0.0,1,0.2552,0.2568,10,0.2517,0.2543,0.2577,0.2543,5.0,12789.0,566
2023-05-10 09:36:39,OP10005362,300ETF沽12月4200,0.2577,0.0,0.0,0.0,1,0.2552,0.2568,10,0.2517,0.2543,0.2577,0.2543,5.0,12789.0,566
2023-05-10 09:36:40,OP10005362,300ETF沽12月4200,0.2577,0.0,0.0,0.0,1,0.255,0.2568,10,0.2517,0.2543,0.2577,0.2543,5.0,12789.0,566
2023-05-10 09:36:40,OP10005362,300ETF沽12月4200,0.2577,0.0,0.0,0.0,1,0.255,0.2568,11,0.2517,0.2543,0.2577,0.2543,5.0,12789.0,566
2023-05-10 09:36:41,OP10005362,300ETF沽12月4200,0.2577,0.0,0.0,0.0,1,0.255,0.2567,10,0.2517,0.2543,0.2577,0.2543,5.0,12789.0,566
2023-05-10 09:36:41,OP10005362,300ETF沽12月4200,0.2577,0.0,0.0,0.0,1,0.255,0.2567,30,0.2517,0.2543,0.2577,0.2543,5.0,12789.0,566
2023-05-10 09:36:42,OP10005362,300ETF沽12月4200,0.2577,0.0,0.0,0.0,1,0.255,0.2566,10,0.2517,0.2543,0.2577,0.2543,5.0,12789.0,566
2023-05-10 09:36:43,OP10005362,300ETF沽12月4200,0.2577,0.0,0.0,0.0,1,0.2547,0.2566,10,0.2517,0.2543,0.2577,0.2543,5.0,12789.0,566
2023-05-10 09:36:43,OP10005362,300ETF沽12月4200,0.2577,0.0,0.0,0.0,1,0.2547,0.2566,11,0.2517,0.2543,0.2577,0.2543,5.0,12789.0,566
2023-05-10 09:36:44,OP10005362,300ETF沽12月4200,0.2577,0.0,0.0,0.0,1,0.2547,0.2566,11,0.2517,0.2543,0.2577,0.2543,5.0,12789.0,566
2023-05-10 09:36:45,OP10005362,300ETF沽12月4200,0.2577,0.0,0.0,0.0,1,0.2547,0.2566,1,0.2517,0.2543,0.2577,0.2543,5.0,12789.0,566
2023-05-10 09:36:45,OP10005362,300ETF沽12月4200,0.2577,0.0,0.0,0.0,1,0.2547,0.2566,1,0.2517,0.2543,0.2577,0.2543,5.0,12789.0,566
2023-05-10 09:36:46,OP10005362,300ETF沽12月4200,0.2577,0.0,0.0,0.0,1,0.2547,0.2566,1,0.2517,0.2543,0.2577,0.2543,5.0,12789.0,566
2023-05-10 09:36:47,OP10005362,300ETF沽12月4200,0.2577,0.0,0.0,0.0,26,0.2547,0.2566,1,0.2517,0.2543,0.2577,0.2543,5.0,12789.0,566
2023-05-10 09:36:48,OP10005362,300ETF沽12月4200,0.2577,0.0,0.0,0.0,26,0.2547,0.2566,1,0.2517,0.2543,0.2577,0.2543,5.0,12789.0,566
2023-05-10 09:36:48,OP10005362,300ETF沽12月4200,0.2577,0.0,0.0,0.0,26,0.2547,0.2573,40,0.2517,0.2543,0.2577,0.2543,5.0,12789.0,566
2023-05-10 09:36:49,OP10005362,300ETF沽12月4200,0.2577,0.0,0.0,0.0,10,0.2548,0.2573,21,0.2517,0.2543,0.2577,0.2543,5.0,12789.0,566
2023-05-10 09:36:49,OP10005362,300ETF沽12月4200,0.2577,0.0,0.0,0.0,41,0.2548,0.2573,21,0.2517,0.2543,0.2577,0.2543,5.0,12789.0,566
2023-05-10 09:36:50,OP10005362,300ETF沽12月4200,0.2577,0.0,0.0,0.0,31,0.2548,0.2572,10,0.2517,0.2543,0.2577,0.2543,5.0,12789.0,566
2023-05-10 09:36:50,OP10005362,300ETF沽12月4200,0.2577,0.0,0.0,0.0,31,0.2548,0.2572,10,0.2517,0.2543,0.2577,0.2543,5.0,12789.0,566
2023-05-10 09:36:54,OP10005362,300ETF沽12月4200,0.2577,0.0,0.0,0.0,31,0.2548,0.2572,11,0.2517,0.2543,0.2577,0.2543,5.0,12789.0,566
2023-05-10 09:36:55,OP10005362,300ETF沽12月4200,0.2577,0.0,0.0,0.0,10,0.2549,0.2572,1,0.2517,0.2543,0.2577,0.2543,5.0,12789.0,566
2023-05-10 09:36:56,OP10005362,300ETF沽12月4200,0.2572,1.0,2572.0,0.0,1,0.2572,0.2574,10,0.2517,0.2543,0.2577,0.2543,6.0,15361.0,566
2023-05-10 09:36:56,OP10005362,300ETF沽12月4200,0.2572,0.0,0.0,0.0,1,0.2572,0.2581,10,0.2517,0.2543,0.2577,0.2543,6.0,15361.0,566
2023-05-10 09:36:56,OP10005362,300ETF沽12月4200,0.2572,0.0,0.0,0.0,1,0.2572,0.2581,10,0.2517,0.2543,0.2577,0.2543,6.0,15361.0,566
2023-05-10 09:36:57,OP10005362,300ETF沽12月4200,0.2572,0.0,0.0,0.0,10,0.2557,0.2581,10,0.2517,0.2543,0.2577,0.2543,6.0,15361.0,566
2023-05-10 09:36:57,OP10005362,300ETF沽12月4200,0.2572,0.0,0.0,0.0,1,0.2557,0.2581,10,0.2517,0.2543,0.2577,0.2543,6.0,15361.0,566
2023-05-10 09:36:58,OP10005362,300ETF沽12月4200,0.2572,0.0,0.0,0.0,1,0.2557,0.258,10,0.2517,0.2543,0.2577,0.2543,6.0,15361.0,566
2023-05-10 09:36:58,OP10005362,300ETF沽12月4200,0.2572,0.0,0.0,0.0,1,0.2557,0.2586,10,0.2517,0.2543,0.2577,0.2543,6.0,15361.0,566
2023-05-10 09:36:59,OP10005362,300ETF沽12月4200,0.2572,0.0,0.0,0.0,1,0.2557,0.2586,10,0.2517,0.2543,0.2577,0.2543,6.0,15361.0,566
2023-05-10 09:36:59,OP10005362,300ETF沽12月4200,0.2572,0.0,0.0,0.0,1,0.2557,0.2586,10,0.2517,0.2543,0.2577,0.2543,6.0,15361.0,566
2023-05-10 09:37:00,OP10005362,300ETF沽12月4200,0.2572,0.0,0.0,0.0,10,0.2558,0.2587,20,0.2517,0.2543,0.2577,0.2543,6.0,15361.0,566
2023-05-10 09:37:00,OP10005362,300ETF沽12月4200,0.2572,0.0,0.0,0.0,10,0.2561,0.2589,10,0.2517,0.2543,0.2577,0.2543,6.0,15361.0,566
2023-05-10 09:37:01,OP10005362,300ETF沽12月4200,0.2572,0.0,0.0,0.0,20,0.2561,0.2588,10,0.2517,0.2543,0.2577,0.2543,6.0,15361.0,566
2023-05-10 09:37:01,OP10005362,300ETF沽12月4200,0.2572,0.0,0.0,0.0,10,0.2562,0.2595,25,0.2517,0.2543,0.2577,0.2543,6.0,15361.0,566
2023-05-10 09:37:02,OP10005362,300ETF沽12月4200,0.2572,0.0,0.0,0.0,10,0.2562,0.2595,25,0.2517,0.2543,0.2577,0.2543,6.0,15361.0,566
2023-05-10 09:37:02,OP10005362,300ETF沽12月4200,0.2572,0.0,0.0,0.0,10,0.2567,0.2595,25,0.2517,0.2543,0.2577,0.2543,6.0,15361.0,566
2023-05-10 09:37:03,OP10005362,300ETF沽12月4200,0.2572,0.0,0.0,0.0,10,0.2568,0.2595,25,0.2517,0.2543,0.2577,0.2543,6.0,15361.0,566
2023-05-10 09:37:03,OP10005362,300ETF沽12月4200,0.2572,0.0,0.0,0.0,11,0.2568,0.2595,15,0.2517,0.2543,0.2577,0.2543,6.0,15361.0,566
2023-05-10 09:37:04,OP10005362,300ETF沽12月4200,0.2572,0.0,0.0,0.0,10,0.2569,0.2595,25,0.2517,0.2543,0.2577,0.2543,6.0,15361.0,566
2023-05-10 09:37:05,OP10005362,300ETF沽12月4200,0.2572,0.0,0.0,0.0,10,0.2569,0.2595,10,0.2517,0.2543,0.2577,0.2543,6.0,15361.0,566
2023-05-10 09:37:06,OP10005362,300ETF沽12月4200,0.2572,0.0,0.0,0.0,10,0.2569,0.2595,10,0.2517,0.2543,0.2577,0.2543,6.0,15361.0,566
2023-05-10 09:37:07,OP10005362,300ETF沽12月4200,0.2572,0.0,0.0,0.0,11,0.2569,0.2595,10,0.2517,0.2543,0.2577,0.2543,6.0,15361.0,566
2023-05-10 09:37:08,OP10005362,300ETF沽12月4200,0.2572,0.0,0.0,0.0,1,0.2569,0.2595,10,0.2517,0.2543,0.2577,0.2543,6.0,15361.0,566
2023-05-10 09:37:09,OP10005362,300ETF沽12月4200,0.2572,0.0,0.0,0.0,1,0.2569,0.2595,10,0.2517,0.2543,0.2577,0.2543,6.0,15361.0,566
2023-05-10 09:37:10,OP10005362,300ETF沽12月4200,0.2572,0.0,0.0,0.0,1,0.2569,0.2595,10,0.2517,0.2543,0.2577,0.2543,6.0,15361.0,566
2023-05-10 09:37:11,OP10005362,300ETF沽12月4200,0.2572,0.0,0.0,0.0,1,0.2569,0.2591,15,0.2517,0.2543,0.2577,0.2543,6.0,15361.0,566
2023-05-10 09:37:12,OP10005362,300ETF沽12月4200,0.2572,0.0,0.0,0.0,1,0.2569,0.259,10,0.2517,0.2543,0.2577,0.2543,6.0,15361.0,566
2023-05-10 09:37:12,OP10005362,300ETF沽12月4200,0.2572,0.0,0.0,0.0,1,0.2569,0.259,30,0.2517,0.2543,0.2577,0.2543,6.0,15361.0,566
2023-05-10 09:37:13,OP10005362,300ETF沽12月4200,0.2572,0.0,0.0,0.0,20,0.2559,0.2589,10,0.2517,0.2543,0.2577,0.2543,6.0,15361.0,566
2023-05-10 09:37:13,OP10005362,300ETF沽12月4200,0.2572,0.0,0.0,0.0,21,0.2559,0.2589,10,0.2517,0.2543,0.2577,0.2543,6.0,15361.0,566
2023-05-10 09:37:14,OP10005362,300ETF沽12月4200,0.2572,0.0,0.0,0.0,21,0.2559,0.2589,10,0.2517,0.2543,0.2577,0.2543,6.0,15361.0,566
2023-05-10 09:37:15,OP10005362,300ETF沽12月4200,0.2572,0.0,0.0,0.0,10,0.256,0.259,20,0.2517,0.2543,0.2577,0.2543,6.0,15361.0,566
2023-05-10 09:37:15,OP10005362,300ETF沽12月4200,0.2572,0.0,0.0,0.0,15,0.2562,0.259,20,0.2517,0.2543,0.2577,0.2543,6.0,15361.0,566
2023-05-10 09:37:16,OP10005362,300ETF沽12月4200,0.2572,0.0,0.0,0.0,10,0.2563,0.259,20,0.2517,0.2543,0.2577,0.2543,6.0,15361.0,566
2023-05-10 09:37:16,OP10005362,300ETF沽12月4200,0.2572,0.0,0.0,0.0,30,0.2563,0.259,20,0.2517,0.2543,0.2577,0.2543,6.0,15361.0,566
2023-05-10 09:37:17,OP10005362,300ETF沽12月4200,0.2572,0.0,0.0,0.0,10,0.2564,0.259,30,0.2517,0.2543,0.2577,0.2543,6.0,15361.0,566
2023-05-10 09:37:17,OP10005362,300ETF沽12月4200,0.2572,0.0,0.0,0.0,11,0.2564,0.259,30,0.2517,0.2543,0.2577,0.2543,6.0,15361.0,566
2023-05-10 09:37:19,OP10005362,300ETF沽12月4200,0.2572,0.0,0.0,0.0,1,0.2564,0.2589,10,0.2517,0.2543,0.2577,0.2543,6.0,15361.0,566
2023-05-10 09:37:19,OP10005362,300ETF沽12月4200,0.2572,0.0,0.0,0.0,1,0.2564,0.2589,25,0.2517,0.2543,0.2577,0.2543,6.0,15361.0,566
2023-05-10 09:37:20,OP10005362,300ETF沽12月4200,0.2572,0.0,0.0,0.0,1,0.2564,0.2588,10,0.2517,0.2543,0.2577,0.2543,6.0,15361.0,566
2023-05-10 09:37:20,OP10005362,300ETF沽12月4200,0.2572,0.0,0.0,0.0,1,0.2564,0.2588,20,0.2517,0.2543,0.2577,0.2543,6.0,15361.0,566
2023-05-10 09:37:21,OP10005362,300ETF沽12月4200,0.2572,0.0,0.0,0.0,1,0.2564,0.2587,10,0.2517,0.2543,0.2577,0.2543,6.0,15361.0,566
2023-05-10 09:37:21,OP10005362,300ETF沽12月4200,0.2572,0.0,0.0,0.0,1,0.2564,0.2587,30,0.2517,0.2543,0.2577,0.2543,6.0,15361.0,566
2023-05-10 09:37:22,OP10005362,300ETF沽12月4200,0.2572,0.0,0.0,0.0,1,0.2564,0.2586,10,0.2517,0.2543,0.2577,0.2543,6.0,15361.0,566
2023-05-10 09:37:22,OP10005362,300ETF沽12月4200,0.2572,0.0,0.0,0.0,1,0.2564,0.2586,10,0.2517,0.2543,0.2577,0.2543,6.0,15361.0,566
2023-05-10 09:37:23,OP10005362,300ETF沽12月4200,0.2572,0.0,0.0,0.0,1,0.2564,0.2586,10,0.2517,0.2543,0.2577,0.2543,6.0,15361.0,566
2023-05-10 09:37:23,OP10005362,300ETF沽12月4200,0.2572,0.0,0.0,0.0,1,0.2564,0.2586,10,0.2517,0.2543,0.2577,0.2543,6.0,15361.0,566
2023-05-10 09:37:24,OP10005362,300ETF沽12月4200,0.2572,0.0,0.0,0.0,1,0.2564,0.2586,10,0.2517,0.2543,0.2577,0.2543,6.0,15361.0,566
2023-05-10 09:37:25,OP10005362,300ETF沽12月4200,0.2572,0.0,0.0,0.0,1,0.2564,0.2586,10,0.2517,0.2543,0.2577,0.2543,6.0,15361.0,566
2023-05-10 09:37:27,OP10005362,300ETF沽12月4200,0.2572,0.0,0.0,0.0,1,0.2564,0.2587,20,0.2517,0.2543,0.2577,0.2543,6.0,15361.0,566
2023-05-10 09:37:27,OP10005362,300ETF沽12月4200,0.2572,0.0,0.0,0.0,1,0.2565,0.2587,20,0.2517,0.2543,0.2577,0.2543,6.0,15361.0,566
2023-05-10 09:37:30,OP10005362,300ETF沽12月4200,0.2572,0.0,0.0,0.0,1,0.2565,0.2588,10,0.2517,0.2543,0.2577,0.2543,6.0,15361.0,566
2023-05-10 09:37:31,OP10005362,300ETF沽12月4200,0.2572,0.0,0.0,0.0,1,0.2565,0.2589,10,0.2517,0.2543,0.2577,0.2543,6.0,15361.0,566
2023-05-10 09:37:31,OP10005362,300ETF沽12月4200,0.2572,0.0,0.0,0.0,1,0.2565,0.259,40,0.2517,0.2543,0.2577,0.2543,6.0,15361.0,566
2023-05-10 09:37:32,OP10005362,300ETF沽12月4200,0.2572,0.0,0.0,0.0,1,0.2565,0.259,30,0.2517,0.2543,0.2577,0.2543,6.0,15361.0,566
2023-05-10 09:37:33,OP10005362,300ETF沽12月4200,0.2572,0.0,0.0,0.0,1,0.2565,0.259,10,0.2517,0.2543,0.2577,0.2543,6.0,15361.0,566
2023-05-10 09:37:33,OP10005362,300ETF沽12月4200,0.2572,0.0,0.0,0.0,1,0.2565,0.2593,10,0.2517,0.2543,0.2577,0.2543,6.0,15361.0,566
2023-05-10 09:37:35,OP10005362,300ETF沽12月4200,0.2572,0.0,0.0,0.0,10,0.2566,0.2594,30,0.2517,0.2543,0.2577,0.2543,6.0,15361.0,566
2023-05-10 09:37:35,OP10005362,300ETF沽12月4200,0.2572,0.0,0.0,0.0,31,0.2566,0.2594,30,0.2517,0.2543,0.2577,0.2543,6.0,15361.0,566
2023-05-10 09:37:36,OP10005362,300ETF沽12月4200,0.2572,0.0,0.0,0.0,10,0.2567,0.2593,10,0.2517,0.2543,0.2577,0.2543,6.0,15361.0,566
2023-05-10 09:37:38,OP10005362,300ETF沽12月4200,0.2572,0.0,0.0,0.0,10,0.2567,0.2594,20,0.2517,0.2543,0.2577,0.2543,6.0,15361.0,566
2023-05-10 09:37:39,OP10005362,300ETF沽12月4200,0.2572,0.0,0.0,0.0,10,0.2567,0.2594,20,0.2517,0.2543,0.2577,0.2543,6.0,15361.0,566
2023-05-10 09:37:39,OP10005362,300ETF沽12月4200,0.2572,0.0,0.0,0.0,11,0.2567,0.2594,20,0.2517,0.2543,0.2577,0.2543,6.0,15361.0,566
2023-05-10 09:37:40,OP10005362,300ETF沽12月4200,0.2572,0.0,0.0,0.0,10,0.2568,0.2594,20,0.2517,0.2543,0.2577,0.2543,6.0,15361.0,566
2023-05-10 09:37:40,OP10005362,300ETF沽12月4200,0.2572,0.0,0.0,0.0,15,0.2569,0.2596,20,0.2517,0.2543,0.2577,0.2543,6.0,15361.0,566
2023-05-10 09:37:41,OP10005362,300ETF沽12月4200,0.2572,0.0,0.0,0.0,10,0.257,0.2596,10,0.2517,0.2543,0.2577,0.2543,6.0,15361.0,566
2023-05-10 09:37:41,OP10005362,300ETF沽12月4200,0.2572,0.0,0.0,0.0,30,0.257,0.2597,20,0.2517,0.2543,0.2577,0.2543,6.0,15361.0,566
2023-05-10 09:37:42,OP10005362,300ETF沽12月4200,0.2572,0.0,0.0,0.0,10,0.2572,0.2599,10,0.2517,0.2543,0.2577,0.2543,6.0,15361.0,566
2023-05-10 09:37:42,OP10005362,300ETF沽12月4200,0.2572,0.0,0.0,0.0,10,0.2573,0.2601,30,0.2517,0.2543,0.2577,0.2543,6.0,15361.0,566
2023-05-10 09:37:43,OP10005362,300ETF沽12月4200,0.2572,0.0,0.0,0.0,30,0.2573,0.2601,20,0.2517,0.2543,0.2577,0.2543,6.0,15361.0,566
2023-05-10 09:37:43,OP10005362,300ETF沽12月4200,0.2572,0.0,0.0,0.0,10,0.2574,0.2604,55,0.2517,0.2543,0.2577,0.2543,6.0,15361.0,566
2023-05-10 09:37:44,OP10005362,300ETF沽12月4200,0.2572,0.0,0.0,0.0,10,0.2574,0.2604,65,0.2517,0.2543,0.2577,0.2543,6.0,15361.0,566
2023-05-10 09:37:44,OP10005362,300ETF沽12月4200,0.2572,0.0,0.0,0.0,11,0.2574,0.2604,65,0.2517,0.2543,0.2577,0.2543,6.0,15361.0,566
2023-05-10 09:37:45,OP10005362,300ETF沽12月4200,0.2572,0.0,0.0,0.0,10,0.2575,0.2603,10,0.2517,0.2543,0.2577,0.2543,6.0,15361.0,566
2023-05-10 09:37:45,OP10005362,300ETF沽12月4200,0.2572,0.0,0.0,0.0,11,0.2575,0.2603,10,0.2517,0.2543,0.2577,0.2543,6.0,15361.0,566
2023-05-10 09:37:48,OP10005362,300ETF沽12月4200,0.2572,0.0,0.0,0.0,11,0.2575,0.2603,10,0.2517,0.2543,0.2577,0.2543,6.0,15361.0,566
2023-05-10 09:37:49,OP10005362,300ETF沽12月4200,0.2572,0.0,0.0,0.0,1,0.2575,0.2603,10,0.2517,0.2543,0.2577,0.2543,6.0,15361.0,566
2023-05-10 09:37:50,OP10005362,300ETF沽12月4200,0.2572,0.0,0.0,0.0,1,0.2575,0.2604,65,0.2517,0.2543,0.2577,0.2543,6.0,15361.0,566
2023-05-10 09:37:51,OP10005362,300ETF沽12月4200,0.2572,0.0,0.0,0.0,11,0.2575,0.2604,55,0.2517,0.2543,0.2577,0.2543,6.0,15361.0,566
2023-05-10 09:37:51,OP10005362,300ETF沽12月4200,0.2572,0.0,0.0,0.0,10,0.2576,0.2604,55,0.2517,0.2543,0.2577,0.2543,6.0,15361.0,566
2023-05-10 09:37:52,OP10005362,300ETF沽12月4200,0.2572,0.0,0.0,0.0,31,0.2576,0.2604,55,0.2517,0.2543,0.2577,0.2543,6.0,15361.0,566
2023-05-10 09:37:52,OP10005362,300ETF沽12月4200,0.2572,0.0,0.0,0.0,10,0.2577,0.2604,55,0.2517,0.2543,0.2577,0.2543,6.0,15361.0,566
2023-05-10 09:37:53,OP10005362,300ETF沽12月4200,0.2572,0.0,0.0,0.0,21,0.2576,0.2603,10,0.2517,0.2543,0.2577,0.2543,6.0,15361.0,566
2023-05-10 09:37:56,OP10005362,300ETF沽12月4200,0.2572,0.0,0.0,0.0,21,0.2576,0.2603,10,0.2517,0.2543,0.2577,0.2543,6.0,15361.0,566
2023-05-10 09:37:57,OP10005362,300ETF沽12月4200,0.2572,0.0,0.0,0.0,1,0.2576,0.2603,10,0.2517,0.2543,0.2577,0.2543,6.0,15361.0,566
2023-05-10 09:37:58,OP10005362,300ETF沽12月4200,0.2572,0.0,0.0,0.0,1,0.2574,0.2603,10,0.2517,0.2543,0.2577,0.2543,6.0,15361.0,566
2023-05-10 09:38:00,OP10005362,300ETF沽12月4200,0.2572,0.0,0.0,0.0,1,0.2574,0.2603,10,0.2517,0.2543,0.2577,0.2543,6.0,15361.0,566
2023-05-10 09:38:01,OP10005362,300ETF沽12月4200,0.2572,0.0,0.0,0.0,1,0.2574,0.2603,10,0.2517,0.2543,0.2577,0.2543,6.0,15361.0,566
2023-05-10 09:38:02,OP10005362,300ETF沽12月4200,0.2572,0.0,0.0,0.0,1,0.2574,0.2603,10,0.2517,0.2543,0.2577,0.2543,6.0,15361.0,566
2023-05-10 09:38:02,OP10005362,300ETF沽12月4200,0.2572,0.0,0.0,0.0,1,0.2574,0.2603,10,0.2517,0.2543,0.2577,0.2543,6.0,15361.0,566
2023-05-10 09:38:04,OP10005362,300ETF沽12月4200,0.2572,0.0,0.0,0.0,1,0.2574,0.2603,10,0.2517,0.2543,0.2577,0.2543,6.0,15361.0,566
2023-05-10 09:38:05,OP10005362,300ETF沽12月4200,0.2572,0.0,0.0,0.0,1,0.2574,0.2597,15,0.2517,0.2543,0.2577,0.2543,6.0,15361.0,566
2023-05-10 09:38:05,OP10005362,300ETF沽12月4200,0.2572,0.0,0.0,0.0,1,0.2574,0.2596,10,0.2517,0.2543,0.2577,0.2543,6.0,15361.0,566
2023-05-10 09:38:06,OP10005362,300ETF沽12月4200,0.2572,0.0,0.0,0.0,1,0.2574,0.2596,30,0.2517,0.2543,0.2577,0.2543,6.0,15361.0,566
2023-05-10 09:38:06,OP10005362,300ETF沽12月4200,0.2572,0.0,0.0,0.0,1,0.2574,0.2595,10,0.2517,0.2543,0.2577,0.2543,6.0,15361.0,566
2023-05-10 09:38:07,OP10005362,300ETF沽12月4200,0.2572,0.0,0.0,0.0,1,0.2574,0.2595,10,0.2517,0.2543,0.2577,0.2543,6.0,15361.0,566
2023-05-10 09:38:07,OP10005362,300ETF沽12月4200,0.2572,0.0,0.0,0.0,1,0.2574,0.2595,10,0.2517,0.2543,0.2577,0.2543,6.0,15361.0,566
2023-05-10 09:38:08,OP10005362,300ETF沽12月4200,0.2572,0.0,0.0,0.0,1,0.2575,0.2595,10,0.2517,0.2543,0.2577,0.2543,6.0,15361.0,566
2023-05-10 09:38:08,OP10005362,300ETF沽12月4200,0.2572,0.0,0.0,0.0,1,0.2573,0.2595,10,0.2517,0.2543,0.2577,0.2543,6.0,15361.0,566
2023-05-10 09:38:09,OP10005362,300ETF沽12月4200,0.2572,0.0,0.0,0.0,1,0.2573,0.2591,15,0.2517,0.2543,0.2577,0.2543,6.0,15361.0,566
2023-05-10 09:38:09,OP10005362,300ETF沽12月4200,0.2572,0.0,0.0,0.0,1,0.2573,0.259,10,0.2517,0.2543,0.2577,0.2543,6.0,15361.0,566
2023-05-10 09:38:10,OP10005362,300ETF沽12月4200,0.2572,0.0,0.0,0.0,1,0.2573,0.259,10,0.2517,0.2543,0.2577,0.2543,6.0,15361.0,566
2023-05-10 09:38:10,OP10005362,300ETF沽12月4200,0.2572,0.0,0.0,0.0,1,0.2573,0.259,10,0.2517,0.2543,0.2577,0.2543,6.0,15361.0,566
2023-05-10 09:38:11,OP10005362,300ETF沽12月4200,0.2572,0.0,0.0,0.0,1,0.2573,0.259,10,0.2517,0.2543,0.2577,0.2543,6.0,15361.0,566
2023-05-10 09:38:11,OP10005362,300ETF沽12月4200,0.2572,0.0,0.0,0.0,1,0.2573,0.259,10,0.2517,0.2543,0.2577,0.2543,6.0,15361.0,566
2023-05-10 09:38:12,OP10005362,300ETF沽12月4200,0.2572,0.0,0.0,0.0,1,0.2571,0.259,10,0.2517,0.2543,0.2577,0.2543,6.0,15361.0,566
2023-05-10 09:38:12,OP10005362,300ETF沽12月4200,0.2572,0.0,0.0,0.0,1,0.2568,0.259,20,0.2517,0.2543,0.2577,0.2543,6.0,15361.0,566
2023-05-10 09:38:13,OP10005362,300ETF沽12月4200,0.2572,0.0,0.0,0.0,1,0.2568,0.2589,10,0.2517,0.2543,0.2577,0.2543,6.0,15361.0,566
2023-05-10 09:38:13,OP10005362,300ETF沽12月4200,0.2572,0.0,0.0,0.0,1,0.2568,0.2589,10,0.2517,0.2543,0.2577,0.2543,6.0,15361.0,566
2023-05-10 09:38:14,OP10005362,300ETF沽12月4200,0.2572,0.0,0.0,0.0,1,0.2568,0.259,20,0.2517,0.2543,0.2577,0.2543,6.0,15361.0,566
2023-05-10 09:38:14,OP10005362,300ETF沽12月4200,0.2572,0.0,0.0,0.0,1,0.2568,0.2591,20,0.2517,0.2543,0.2577,0.2543,6.0,15361.0,566
2023-05-10 09:38:15,OP10005362,300ETF沽12月4200,0.2572,0.0,0.0,0.0,1,0.2568,0.2591,20,0.2517,0.2543,0.2577,0.2543,6.0,15361.0,566
2023-05-10 09:38:15,OP10005362,300ETF沽12月4200,0.2572,0.0,0.0,0.0,1,0.2568,0.259,10,0.2517,0.2543,0.2577,0.2543,6.0,15361.0,566
2023-05-10 09:38:16,OP10005362,300ETF沽12月4200,0.2572,0.0,0.0,0.0,1,0.2568,0.259,10,0.2517,0.2543,0.2577,0.2543,6.0,15361.0,566
2023-05-10 09:38:17,OP10005362,300ETF沽12月4200,0.2572,0.0,0.0,0.0,1,0.2568,0.259,10,0.2517,0.2543,0.2577,0.2543,6.0,15361.0,566
2023-05-10 09:38:18,OP10005362,300ETF沽12月4200,0.2572,0.0,0.0,0.0,1,0.2568,0.259,10,0.2517,0.2543,0.2577,0.2543,6.0,15361.0,566
2023-05-10 09:38:18,OP10005362,300ETF沽12月4200,0.2572,0.0,0.0,0.0,1,0.2568,0.259,10,0.2517,0.2543,0.2577,0.2543,6.0,15361.0,566
2023-05-10 09:38:19,OP10005362,300ETF沽12月4200,0.2572,0.0,0.0,0.0,1,0.2568,0.259,10,0.2517,0.2543,0.2577,0.2543,6.0,15361.0,566
2023-05-10 09:38:21,OP10005362,300ETF沽12月4200,0.2572,0.0,0.0,0.0,1,0.2568,0.259,10,0.2517,0.2543,0.2577,0.2543,6.0,15361.0,566
2023-05-10 09:38:22,OP10005362,300ETF沽12月4200,0.2572,0.0,0.0,0.0,1,0.2568,0.259,25,0.2517,0.2543,0.2577,0.2543,6.0,15361.0,566
2023-05-10 09:38:22,OP10005362,300ETF沽12月4200,0.2572,0.0,0.0,0.0,1,0.2569,0.2589,10,0.2517,0.2543,0.2577,0.2543,6.0,15361.0,566
2023-05-10 09:38:23,OP10005362,300ETF沽12月4200,0.2572,0.0,0.0,0.0,1,0.2569,0.2589,10,0.2517,0.2543,0.2577,0.2543,6.0,15361.0,566
2023-05-10 09:38:23,OP10005362,300ETF沽12月4200,0.2572,0.0,0.0,0.0,1,0.2569,0.259,15,0.2517,0.2543,0.2577,0.2543,6.0,15361.0,566
2023-05-10 09:38:24,OP10005362,300ETF沽12月4200,0.2572,0.0,0.0,0.0,1,0.2569,0.259,15,0.2517,0.2543,0.2577,0.2543,6.0,15361.0,566
2023-05-10 09:38:24,OP10005362,300ETF沽12月4200,0.2572,0.0,0.0,0.0,1,0.2569,0.259,15,0.2517,0.2543,0.2577,0.2543,6.0,15361.0,566
2023-05-10 09:38:25,OP10005362,300ETF沽12月4200,0.2572,0.0,0.0,0.0,1,0.2569,0.2589,10,0.2517,0.2543,0.2577,0.2543,6.0,15361.0,566
2023-05-10 09:38:25,OP10005362,300ETF沽12月4200,0.2572,0.0,0.0,0.0,1,0.2569,0.2589,10,0.2517,0.2543,0.2577,0.2543,6.0,15361.0,566
2023-05-10 09:38:27,OP10005362,300ETF沽12月4200,0.2572,0.0,0.0,0.0,1,0.2569,0.2589,10,0.2517,0.2543,0.2577,0.2543,6.0,15361.0,566
2023-05-10 09:38:27,OP10005362,300ETF沽12月4200,0.2572,0.0,0.0,0.0,1,0.2569,0.2589,10,0.2517,0.2543,0.2577,0.2543,6.0,15361.0,566
2023-05-10 09:38:28,OP10005362,300ETF沽12月4200,0.2572,0.0,0.0,0.0,1,0.2569,0.2589,10,0.2517,0.2543,0.2577,0.2543,6.0,15361.0,566
2023-05-10 09:38:30,OP10005362,300ETF沽12月4200,0.2572,0.0,0.0,0.0,1,0.2569,0.2589,10,0.2517,0.2543,0.2577,0.2543,6.0,15361.0,566
2023-05-10 09:38:30,OP10005362,300ETF沽12月4200,0.2572,0.0,0.0,0.0,21,0.2569,0.2591,30,0.2517,0.2543,0.2577,0.2543,6.0,15361.0,566
2023-05-10 09:38:31,OP10005362,300ETF沽12月4200,0.2572,0.0,0.0,0.0,21,0.2569,0.2591,20,0.2517,0.2543,0.2577,0.2543,6.0,15361.0,566
2023-05-10 09:38:31,OP10005362,300ETF沽12月4200,0.2572,0.0,0.0,0.0,21,0.2569,0.2591,20,0.2517,0.2543,0.2577,0.2543,6.0,15361.0,566
2023-05-10 09:38:32,OP10005362,300ETF沽12月4200,0.2572,0.0,0.0,0.0,21,0.2569,0.2591,20,0.2517,0.2543,0.2577,0.2543,6.0,15361.0,566
2023-05-10 09:38:33,OP10005362,300ETF沽12月4200,0.2572,0.0,0.0,0.0,1,0.257,0.2591,20,0.2517,0.2543,0.2577,0.2543,6.0,15361.0,566
2023-05-10 09:38:34,OP10005362,300ETF沽12月4200,0.2572,0.0,0.0,0.0,1,0.257,0.2591,20,0.2517,0.2543,0.2577,0.2543,6.0,15361.0,566
2023-05-10 09:38:34,OP10005362,300ETF沽12月4200,0.2572,0.0,0.0,0.0,1,0.257,0.259,10,0.2517,0.2543,0.2577,0.2543,6.0,15361.0,566
2023-05-10 09:38:35,OP10005362,300ETF沽12月4200,0.2572,0.0,0.0,0.0,1,0.257,0.259,10,0.2517,0.2543,0.2577,0.2543,6.0,15361.0,566
2023-05-10 09:38:35,OP10005362,300ETF沽12月4200,0.2572,0.0,0.0,0.0,1,0.257,0.259,10,0.2517,0.2543,0.2577,0.2543,6.0,15361.0,566
2023-05-10 09:38:36,OP10005362,300ETF沽12月4200,0.2572,0.0,0.0,0.0,1,0.257,0.259,10,0.2517,0.2543,0.2577,0.2543,6.0,15361.0,566
2023-05-10 09:38:37,OP10005362,300ETF沽12月4200,0.2572,0.0,0.0,0.0,1,0.257,0.259,10,0.2517,0.2543,0.2577,0.2543,6.0,15361.0,566
2023-05-10 09:38:38,OP10005362,300ETF沽12月4200,0.2572,0.0,0.0,0.0,1,0.257,0.259,10,0.2517,0.2543,0.2577,0.2543,6.0,15361.0,566
2023-05-10 09:38:39,OP10005362,300ETF沽12月4200,0.2572,0.0,0.0,0.0,1,0.257,0.2591,55,0.2517,0.2543,0.2577,0.2543,6.0,15361.0,566
2023-05-10 09:38:40,OP10005362,300ETF沽12月4200,0.2572,0.0,0.0,0.0,1,0.257,0.2591,40,0.2517,0.2543,0.2577,0.2543,6.0,15361.0,566
2023-05-10 09:38:41,OP10005362,300ETF沽12月4200,0.2572,0.0,0.0,0.0,21,0.257,0.2591,30,0.2517,0.2543,0.2577,0.2543,6.0,15361.0,566
2023-05-10 09:38:43,OP10005362,300ETF沽12月4200,0.2572,0.0,0.0,0.0,1,0.2571,0.2591,30,0.2517,0.2543,0.2577,0.2543,6.0,15361.0,566
2023-05-10 09:38:44,OP10005362,300ETF沽12月4200,0.2572,0.0,0.0,0.0,1,0.2571,0.2591,30,0.2517,0.2543,0.2577,0.2543,6.0,15361.0,566
2023-05-10 09:38:45,OP10005362,300ETF沽12月4200,0.2572,0.0,0.0,0.0,1,0.2571,0.2591,20,0.2517,0.2543,0.2577,0.2543,6.0,15361.0,566
2023-05-10 09:38:46,OP10005362,300ETF沽12月4200,0.2572,0.0,0.0,0.0,1,0.2571,0.2594,50,0.2517,0.2543,0.2577,0.2543,6.0,15361.0,566
2023-05-10 09:38:46,OP10005362,300ETF沽12月4200,0.2572,0.0,0.0,0.0,1,0.2571,0.2594,40,0.2517,0.2543,0.2577,0.2543,6.0,15361.0,566
2023-05-10 09:38:47,OP10005362,300ETF沽12月4200,0.2572,0.0,0.0,0.0,1,0.2571,0.2594,30,0.2517,0.2543,0.2577,0.2543,6.0,15361.0,566
2023-05-10 09:38:48,OP10005362,300ETF沽12月4200,0.2572,0.0,0.0,0.0,1,0.2571,0.2593,10,0.2517,0.2543,0.2577,0.2543,6.0,15361.0,566
2023-05-10 09:38:49,OP10005362,300ETF沽12月4200,0.2572,0.0,0.0,0.0,1,0.2571,0.2593,10,0.2517,0.2543,0.2577,0.2543,6.0,15361.0,566
2023-05-10 09:38:49,OP10005362,300ETF沽12月4200,0.2572,0.0,0.0,0.0,1,0.2571,0.2593,10,0.2517,0.2543,0.2577,0.2543,6.0,15361.0,566
2023-05-10 09:38:51,OP10005362,300ETF沽12月4200,0.2572,0.0,0.0,0.0,1,0.2571,0.2593,10,0.2517,0.2543,0.2577,0.2543,6.0,15361.0,566
2023-05-10 09:38:51,OP10005362,300ETF沽12月4200,0.2572,0.0,0.0,0.0,1,0.2571,0.2593,10,0.2517,0.2543,0.2577,0.2543,6.0,15361.0,566
2023-05-10 09:38:52,OP10005362,300ETF沽12月4200,0.2572,0.0,0.0,0.0,1,0.2571,0.2593,10,0.2517,0.2543,0.2577,0.2543,6.0,15361.0,566
2023-05-10 09:38:53,OP10005362,300ETF沽12月4200,0.2572,0.0,0.0,0.0,1,0.2572,0.2593,10,0.2517,0.2543,0.2577,0.2543,6.0,15361.0,566
2023-05-10 09:38:53,OP10005362,300ETF沽12月4200,0.2572,0.0,0.0,0.0,1,0.2572,0.2593,10,0.2517,0.2543,0.2577,0.2543,6.0,15361.0,566
2023-05-10 09:38:54,OP10005362,300ETF沽12月4200,0.2572,0.0,0.0,0.0,1,0.2572,0.2591,15,0.2517,0.2543,0.2577,0.2543,6.0,15361.0,566
2023-05-10 09:38:54,OP10005362,300ETF沽12月4200,0.2572,0.0,0.0,0.0,1,0.257,0.259,10,0.2517,0.2543,0.2577,0.2543,6.0,15361.0,566
2023-05-10 09:38:55,OP10005362,300ETF沽12月4200,0.2572,0.0,0.0,0.0,1,0.257,0.259,10,0.2517,0.2543,0.2577,0.2543,6.0,15361.0,566
2023-05-10 09:38:55,OP10005362,300ETF沽12月4200,0.2572,0.0,0.0,0.0,1,0.257,0.259,10,0.2517,0.2543,0.2577,0.2543,6.0,15361.0,566
2023-05-10 09:38:56,OP10005362,300ETF沽12月4200,0.2572,0.0,0.0,0.0,1,0.257,0.259,10,0.2517,0.2543,0.2577,0.2543,6.0,15361.0,566
2023-05-10 09:38:58,OP10005362,300ETF沽12月4200,0.2572,0.0,0.0,0.0,1,0.257,0.259,10,0.2517,0.2543,0.2577,0.2543,6.0,15361.0,566
2023-05-10 09:39:00,OP10005362,300ETF沽12月4200,0.2572,0.0,0.0,0.0,1,0.257,0.259,10,0.2517,0.2543,0.2577,0.2543,6.0,15361.0,566
2023-05-10 09:39:00,OP10005362,300ETF沽12月4200,0.2572,0.0,0.0,0.0,1,0.257,0.259,10,0.2517,0.2543,0.2577,0.2543,6.0,15361.0,566
2023-05-10 09:39:01,OP10005362,300ETF沽12月4200,0.2572,0.0,0.0,0.0,1,0.257,0.259,10,0.2517,0.2543,0.2577,0.2543,6.0,15361.0,566
2023-05-10 09:39:02,OP10005362,300ETF沽12月4200,0.2572,0.0,0.0,0.0,1,0.257,0.259,10,0.2517,0.2543,0.2577,0.2543,6.0,15361.0,566
2023-05-10 09:39:03,OP10005362,300ETF沽12月4200,0.2572,0.0,0.0,0.0,1,0.257,0.259,10,0.2517,0.2543,0.2577,0.2543,6.0,15361.0,566
2023-05-10 09:39:05,OP10005362,300ETF沽12月4200,0.2572,0.0,0.0,0.0,1,0.2571,0.259,10,0.2517,0.2543,0.2577,0.2543,6.0,15361.0,566
2023-05-10 09:39:05,OP10005362,300ETF沽12月4200,0.2572,0.0,0.0,0.0,1,0.2571,0.259,10,0.2517,0.2543,0.2577,0.2543,6.0,15361.0,566
2023-05-10 09:39:07,OP10005362,300ETF沽12月4200,0.2572,0.0,0.0,0.0,20,0.2559,0.2588,10,0.2517,0.2543,0.2577,0.2543,6.0,15361.0,566
2023-05-10 09:39:08,OP10005362,300ETF沽12月4200,0.2572,0.0,0.0,0.0,1,0.2568,0.2584,15,0.2517,0.2543,0.2577,0.2543,6.0,15361.0,566
2023-05-10 09:39:08,OP10005362,300ETF沽12月4200,0.2572,0.0,0.0,0.0,1,0.2565,0.2579,10,0.2517,0.2543,0.2577,0.2543,6.0,15361.0,566
2023-05-10 09:39:09,OP10005362,300ETF沽12月4200,0.2572,0.0,0.0,0.0,1,0.2565,0.2578,10,0.2517,0.2543,0.2577,0.2543,6.0,15361.0,566
2023-05-10 09:39:09,OP10005362,300ETF沽12月4200,0.2572,0.0,0.0,0.0,1,0.2563,0.2576,15,0.2517,0.2543,0.2577,0.2543,6.0,15361.0,566
2023-05-10 09:39:10,OP10005362,300ETF沽12月4200,0.2572,0.0,0.0,0.0,1,0.256,0.2575,10,0.2517,0.2543,0.2577,0.2543,6.0,15361.0,566
2023-05-10 09:39:10,OP10005362,300ETF沽12月4200,0.2572,0.0,0.0,0.0,1,0.2558,0.2575,10,0.2517,0.2543,0.2577,0.2543,6.0,15361.0,566
2023-05-10 09:39:11,OP10005362,300ETF沽12月4200,0.2572,0.0,0.0,0.0,1,0.2558,0.2575,30,0.2517,0.2543,0.2577,0.2543,6.0,15361.0,566
2023-05-10 09:39:11,OP10005362,300ETF沽12月4200,0.2572,0.0,0.0,0.0,1,0.2558,0.2574,10,0.2517,0.2543,0.2577,0.2543,6.0,15361.0,566
2023-05-10 09:39:12,OP10005362,300ETF沽12月4200,0.2572,0.0,0.0,0.0,1,0.2556,0.2574,10,0.2517,0.2543,0.2577,0.2543,6.0,15361.0,566
2023-05-10 09:39:12,OP10005362,300ETF沽12月4200,0.2572,0.0,0.0,0.0,1,0.2556,0.2574,10,0.2517,0.2543,0.2577,0.2543,6.0,15361.0,566
2023-05-10 09:39:13,OP10005362,300ETF沽12月4200,0.2572,0.0,0.0,0.0,1,0.2554,0.2574,10,0.2517,0.2543,0.2577,0.2543,6.0,15361.0,566
2023-05-10 09:39:14,OP10005362,300ETF沽12月4200,0.2572,0.0,0.0,0.0,1,0.2554,0.2574,10,0.2517,0.2543,0.2577,0.2543,6.0,15361.0,566
2023-05-10 09:39:17,OP10005362,300ETF沽12月4200,0.2572,0.0,0.0,0.0,1,0.2554,0.2574,10,0.2517,0.2543,0.2577,0.2543,6.0,15361.0,566
2023-05-10 09:39:17,OP10005362,300ETF沽12月4200,0.2572,0.0,0.0,0.0,1,0.2554,0.2574,10,0.2517,0.2543,0.2577,0.2543,6.0,15361.0,566
2023-05-10 09:39:18,OP10005362,300ETF沽12月4200,0.2572,0.0,0.0,0.0,1,0.2554,0.2574,10,0.2517,0.2543,0.2577,0.2543,6.0,15361.0,566
2023-05-10 09:39:19,OP10005362,300ETF沽12月4200,0.2572,0.0,0.0,0.0,1,0.2554,0.2574,10,0.2517,0.2543,0.2577,0.2543,6.0,15361.0,566
2023-05-10 09:39:19,OP10005362,300ETF沽12月4200,0.2572,0.0,0.0,0.0,1,0.2554,0.2574,10,0.2517,0.2543,0.2577,0.2543,6.0,15361.0,566
2023-05-10 09:39:21,OP10005362,300ETF沽12月4200,0.2572,0.0,0.0,0.0,1,0.2554,0.2574,10,0.2517,0.2543,0.2577,0.2543,6.0,15361.0,566
2023-05-10 09:39:21,OP10005362,300ETF沽12月4200,0.2572,0.0,0.0,0.0,1,0.2554,0.2574,10,0.2517,0.2543,0.2577,0.2543,6.0,15361.0,566
2023-05-10 09:39:22,OP10005362,300ETF沽12月4200,0.2572,0.0,0.0,0.0,1,0.2554,0.2574,10,0.2517,0.2543,0.2577,0.2543,6.0,15361.0,566
2023-05-10 09:39:23,OP10005362,300ETF沽12月4200,0.2572,0.0,0.0,0.0,1,0.2555,0.2574,10,0.2517,0.2543,0.2577,0.2543,6.0,15361.0,566
2023-05-10 09:39:25,OP10005362,300ETF沽12月4200,0.2572,0.0,0.0,0.0,1,0.2555,0.2574,10,0.2517,0.2543,0.2577,0.2543,6.0,15361.0,566
2023-05-10 09:39:25,OP10005362,300ETF沽12月4200,0.2572,0.0,0.0,0.0,1,0.2555,0.2574,10,0.2517,0.2543,0.2577,0.2543,6.0,15361.0,566
