time,symbol_id,symbol_name,last,trade_volume,trade_amount,open_interest_change,bv1,bp1,ap1,av1,yesterday_close,today_open,today_high,today_low,volume,amount,open_interest
2023-05-10 08:35:21,OP10005363,300ETF沽12月4300,0.0,0.0,0.0,0.0,0,0.0,0.0,0,0.3146,0.331,0.0,0.0,0.0,0.0,468
2023-05-10 09:24:57,OP10005363,300ETF沽12月4300,0.0,0.0,0.0,0.0,1,0.3025,0.3326,1,0.3146,0.331,0.0,0.0,0.0,0.0,468
2023-05-10 09:29:57,OP10005363,300ETF沽12月4300,0.0,0.0,0.0,0.0,10,0.3131,0.3185,10,0.3146,0.331,0.0,0.0,0.0,0.0,468
2023-05-10 09:29:57,OP10005363,300ETF沽12月4300,0.0,0.0,0.0,0.0,10,0.3131,0.3185,10,0.3146,0.331,0.0,0.0,0.0,0.0,468
2023-05-10 09:29:57,OP10005363,300ETF沽12月4300,0.0,0.0,0.0,0.0,10,0.3146,0.32,10,0.3146,0.331,0.0,0.0,0.0,0.0,468
2023-05-10 09:29:57,OP10005363,300ETF沽12月4300,0.0,0.0,0.0,0.0,10,0.3146,0.32,10,0.3146,0.331,0.0,0.0,0.0,0.0,468
2023-05-10 09:29:57,OP10005363,300ETF沽12月4300,0.0,0.0,0.0,0.0,30,0.3146,0.32,10,0.3146,0.331,0.0,0.0,0.0,0.0,468
2023-05-10 09:29:57,OP10005363,300ETF沽12月4300,0.0,0.0,0.0,0.0,30,0.3146,0.32,10,0.3146,0.331,0.0,0.0,0.0,0.0,468
2023-05-10 09:30:02,OP10005363,300ETF沽12月4300,0.0,0.0,0.0,0.0,30,0.3146,0.32,10,0.3146,0.331,0.0,0.0,0.0,0.0,468
2023-05-10 09:30:02,OP10005363,300ETF沽12月4300,0.0,0.0,0.0,0.0,30,0.3146,0.32,10,0.3146,0.331,0.0,0.0,0.0,0.0,468
2023-05-10 09:30:02,OP10005363,300ETF沽12月4300,0.0,0.0,0.0,0.0,30,0.3146,0.32,10,0.3146,0.331,0.0,0.0,0.0,0.0,468
2023-05-10 09:30:05,OP10005363,300ETF沽12月4300,0.0,0.0,0.0,0.0,10,0.3146,0.32,10,0.3146,0.331,0.0,0.0,0.0,0.0,468
2023-05-10 09:30:05,OP10005363,300ETF沽12月4300,0.0,0.0,0.0,0.0,10,0.3146,0.32,30,0.3146,0.331,0.0,0.0,0.0,0.0,468
2023-05-10 09:30:05,OP10005363,300ETF沽12月4300,0.0,0.0,0.0,0.0,10,0.3146,0.32,10,0.3146,0.331,0.0,0.0,0.0,0.0,468
2023-05-10 09:30:08,OP10005363,300ETF沽12月4300,0.0,0.0,0.0,0.0,10,0.3146,0.32,30,0.3146,0.331,0.0,0.0,0.0,0.0,468
2023-05-10 09:30:11,OP10005363,300ETF沽12月4300,0.0,0.0,0.0,0.0,10,0.3146,0.32,30,0.3146,0.331,0.0,0.0,0.0,0.0,468
2023-05-10 09:30:14,OP10005363,300ETF沽12月4300,0.0,0.0,0.0,0.0,10,0.3146,0.32,30,0.3146,0.331,0.0,0.0,0.0,0.0,468
2023-05-10 09:30:17,OP10005363,300ETF沽12月4300,0.0,0.0,0.0,0.0,10,0.3146,0.32,30,0.3146,0.331,0.0,0.0,0.0,0.0,468
2023-05-10 09:30:20,OP10005363,300ETF沽12月4300,0.0,0.0,0.0,0.0,10,0.3146,0.32,30,0.3146,0.331,0.0,0.0,0.0,0.0,468
2023-05-10 09:30:20,OP10005363,300ETF沽12月4300,0.0,0.0,0.0,0.0,10,0.3146,0.32,30,0.3146,0.331,0.0,0.0,0.0,0.0,468
2023-05-10 09:30:20,OP10005363,300ETF沽12月4300,0.0,0.0,0.0,0.0,10,0.3146,0.3199,10,0.3146,0.331,0.0,0.0,0.0,0.0,468
2023-05-10 09:30:20,OP10005363,300ETF沽12月4300,0.0,0.0,0.0,0.0,10,0.3146,0.3199,10,0.3146,0.331,0.0,0.0,0.0,0.0,468
2023-05-10 09:30:20,OP10005363,300ETF沽12月4300,0.0,0.0,0.0,0.0,30,0.3146,0.3199,10,0.3146,0.331,0.0,0.0,0.0,0.0,468
2023-05-10 09:30:23,OP10005363,300ETF沽12月4300,0.0,0.0,0.0,0.0,30,0.3146,0.3199,10,0.3146,0.331,0.0,0.0,0.0,0.0,468
2023-05-10 09:30:23,OP10005363,300ETF沽12月4300,0.0,0.0,0.0,0.0,10,0.3146,0.3199,10,0.3146,0.331,0.0,0.0,0.0,0.0,468
2023-05-10 09:30:23,OP10005363,300ETF沽12月4300,0.0,0.0,0.0,0.0,10,0.3146,0.3199,10,0.3146,0.331,0.0,0.0,0.0,0.0,468
2023-05-10 09:30:26,OP10005363,300ETF沽12月4300,0.0,0.0,0.0,0.0,10,0.3146,0.32,30,0.3146,0.331,0.0,0.0,0.0,0.0,468
2023-05-10 09:30:26,OP10005363,300ETF沽12月4300,0.0,0.0,0.0,0.0,10,0.3146,0.32,30,0.3146,0.331,0.0,0.0,0.0,0.0,468
2023-05-10 09:30:26,OP10005363,300ETF沽12月4300,0.0,0.0,0.0,0.0,30,0.3146,0.32,30,0.3146,0.331,0.0,0.0,0.0,0.0,468
2023-05-10 09:30:26,OP10005363,300ETF沽12月4300,0.0,0.0,0.0,0.0,30,0.3146,0.32,30,0.3146,0.331,0.0,0.0,0.0,0.0,468
2023-05-10 09:30:35,OP10005363,300ETF沽12月4300,0.0,0.0,0.0,0.0,30,0.3146,0.32,30,0.3146,0.331,0.0,0.0,0.0,0.0,468
2023-05-10 09:30:35,OP10005363,300ETF沽12月4300,0.0,0.0,0.0,0.0,30,0.3146,0.32,30,0.3146,0.331,0.0,0.0,0.0,0.0,468
2023-05-10 09:30:38,OP10005363,300ETF沽12月4300,0.0,0.0,0.0,0.0,30,0.3146,0.32,30,0.3146,0.331,0.0,0.0,0.0,0.0,468
2023-05-10 09:30:38,OP10005363,300ETF沽12月4300,0.0,0.0,0.0,0.0,30,0.3146,0.32,30,0.3146,0.331,0.0,0.0,0.0,0.0,468
2023-05-10 09:30:41,OP10005363,300ETF沽12月4300,0.0,0.0,0.0,0.0,30,0.3146,0.32,30,0.3146,0.331,0.0,0.0,0.0,0.0,468
2023-05-10 09:30:44,OP10005363,300ETF沽12月4300,0.0,0.0,0.0,0.0,30,0.3146,0.32,30,0.3146,0.331,0.0,0.0,0.0,0.0,468
2023-05-10 09:30:44,OP10005363,300ETF沽12月4300,0.0,0.0,0.0,0.0,10,0.3147,0.32,30,0.3146,0.331,0.0,0.0,0.0,0.0,468
2023-05-10 09:30:47,OP10005363,300ETF沽12月4300,0.0,0.0,0.0,0.0,10,0.3147,0.32,10,0.3146,0.331,0.0,0.0,0.0,0.0,468
2023-05-10 09:30:47,OP10005363,300ETF沽12月4300,0.0,0.0,0.0,0.0,10,0.3147,0.32,10,0.3146,0.331,0.0,0.0,0.0,0.0,468
2023-05-10 09:30:47,OP10005363,300ETF沽12月4300,0.0,0.0,0.0,0.0,10,0.3147,0.32,10,0.3146,0.331,0.0,0.0,0.0,0.0,468
2023-05-10 09:30:50,OP10005363,300ETF沽12月4300,0.0,0.0,0.0,0.0,10,0.3159,0.32,10,0.3146,0.331,0.0,0.0,0.0,0.0,468
2023-05-10 09:30:50,OP10005363,300ETF沽12月4300,0.0,0.0,0.0,0.0,10,0.3166,0.3207,20,0.3146,0.331,0.0,0.0,0.0,0.0,468
2023-05-10 09:30:50,OP10005363,300ETF沽12月4300,0.0,0.0,0.0,0.0,10,0.3167,0.3207,20,0.3146,0.331,0.0,0.0,0.0,0.0,468
2023-05-10 09:30:50,OP10005363,300ETF沽12月4300,0.0,0.0,0.0,0.0,20,0.3166,0.3206,10,0.3146,0.331,0.0,0.0,0.0,0.0,468
2023-05-10 09:30:50,OP10005363,300ETF沽12月4300,0.0,0.0,0.0,0.0,10,0.3166,0.3206,10,0.3146,0.331,0.0,0.0,0.0,0.0,468
2023-05-10 09:30:53,OP10005363,300ETF沽12月4300,0.0,0.0,0.0,0.0,10,0.3166,0.3206,10,0.3146,0.331,0.0,0.0,0.0,0.0,468
2023-05-10 09:30:53,OP10005363,300ETF沽12月4300,0.0,0.0,0.0,0.0,10,0.3173,0.3215,10,0.3146,0.331,0.0,0.0,0.0,0.0,468
2023-05-10 09:30:53,OP10005363,300ETF沽12月4300,0.0,0.0,0.0,0.0,10,0.317,0.3208,10,0.3146,0.331,0.0,0.0,0.0,0.0,468
2023-05-10 09:30:53,OP10005363,300ETF沽12月4300,0.0,0.0,0.0,0.0,10,0.3174,0.3213,10,0.3146,0.331,0.0,0.0,0.0,0.0,468
2023-05-10 09:30:56,OP10005363,300ETF沽12月4300,0.0,0.0,0.0,0.0,10,0.3174,0.3212,10,0.3146,0.331,0.0,0.0,0.0,0.0,468
2023-05-10 09:30:56,OP10005363,300ETF沽12月4300,0.0,0.0,0.0,0.0,10,0.3174,0.3211,10,0.3146,0.331,0.0,0.0,0.0,0.0,468
2023-05-10 09:30:56,OP10005363,300ETF沽12月4300,0.0,0.0,0.0,0.0,10,0.3174,0.321,10,0.3146,0.331,0.0,0.0,0.0,0.0,468
2023-05-10 09:30:56,OP10005363,300ETF沽12月4300,0.0,0.0,0.0,0.0,10,0.3174,0.321,10,0.3146,0.331,0.0,0.0,0.0,0.0,468
2023-05-10 09:30:56,OP10005363,300ETF沽12月4300,0.0,0.0,0.0,0.0,10,0.3175,0.3215,40,0.3146,0.331,0.0,0.0,0.0,0.0,468
2023-05-10 09:30:59,OP10005363,300ETF沽12月4300,0.0,0.0,0.0,0.0,10,0.3175,0.3215,40,0.3146,0.331,0.0,0.0,0.0,0.0,468
2023-05-10 09:30:59,OP10005363,300ETF沽12月4300,0.0,0.0,0.0,0.0,10,0.3186,0.322,20,0.3146,0.331,0.0,0.0,0.0,0.0,468
2023-05-10 09:30:59,OP10005363,300ETF沽12月4300,0.0,0.0,0.0,0.0,10,0.3186,0.3219,10,0.3146,0.331,0.0,0.0,0.0,0.0,468
2023-05-10 09:30:59,OP10005363,300ETF沽12月4300,0.0,0.0,0.0,0.0,10,0.3187,0.3221,10,0.3146,0.331,0.0,0.0,0.0,0.0,468
2023-05-10 09:30:59,OP10005363,300ETF沽12月4300,0.0,0.0,0.0,0.0,20,0.3188,0.322,10,0.3146,0.331,0.0,0.0,0.0,0.0,468
2023-05-10 09:30:59,OP10005363,300ETF沽12月4300,0.0,0.0,0.0,0.0,30,0.3188,0.3234,30,0.3146,0.331,0.0,0.0,0.0,0.0,468
2023-05-10 09:31:02,OP10005363,300ETF沽12月4300,0.0,0.0,0.0,0.0,20,0.3188,0.3228,10,0.3146,0.331,0.0,0.0,0.0,0.0,468
2023-05-10 09:31:02,OP10005363,300ETF沽12月4300,0.0,0.0,0.0,0.0,20,0.3188,0.3227,10,0.3146,0.331,0.0,0.0,0.0,0.0,468
2023-05-10 09:31:02,OP10005363,300ETF沽12月4300,0.0,0.0,0.0,0.0,20,0.3188,0.3227,10,0.3146,0.331,0.0,0.0,0.0,0.0,468
2023-05-10 09:31:02,OP10005363,300ETF沽12月4300,0.0,0.0,0.0,0.0,10,0.3198,0.3235,10,0.3146,0.331,0.0,0.0,0.0,0.0,468
2023-05-10 09:31:02,OP10005363,300ETF沽12月4300,0.0,0.0,0.0,0.0,10,0.3198,0.3234,10,0.3146,0.331,0.0,0.0,0.0,0.0,468
2023-05-10 09:31:02,OP10005363,300ETF沽12月4300,0.0,0.0,0.0,0.0,10,0.3198,0.3233,10,0.3146,0.331,0.0,0.0,0.0,0.0,468
2023-05-10 09:31:05,OP10005363,300ETF沽12月4300,0.0,0.0,0.0,0.0,10,0.3199,0.3239,10,0.3146,0.331,0.0,0.0,0.0,0.0,468
2023-05-10 09:31:05,OP10005363,300ETF沽12月4300,0.0,0.0,0.0,0.0,30,0.3199,0.3239,10,0.3146,0.331,0.0,0.0,0.0,0.0,468
2023-05-10 09:31:05,OP10005363,300ETF沽12月4300,0.0,0.0,0.0,0.0,10,0.32,0.3239,10,0.3146,0.331,0.0,0.0,0.0,0.0,468
2023-05-10 09:31:05,OP10005363,300ETF沽12月4300,0.0,0.0,0.0,0.0,10,0.3205,0.3246,30,0.3146,0.331,0.0,0.0,0.0,0.0,468
2023-05-10 09:31:08,OP10005363,300ETF沽12月4300,0.0,0.0,0.0,0.0,10,0.3205,0.3246,30,0.3146,0.331,0.0,0.0,0.0,0.0,468
2023-05-10 09:31:08,OP10005363,300ETF沽12月4300,0.0,0.0,0.0,0.0,10,0.3206,0.3246,10,0.3146,0.331,0.0,0.0,0.0,0.0,468
2023-05-10 09:31:08,OP10005363,300ETF沽12月4300,0.0,0.0,0.0,0.0,10,0.3206,0.3246,10,0.3146,0.331,0.0,0.0,0.0,0.0,468
2023-05-10 09:31:08,OP10005363,300ETF沽12月4300,0.0,0.0,0.0,0.0,10,0.3206,0.3246,10,0.3146,0.331,0.0,0.0,0.0,0.0,468
2023-05-10 09:31:08,OP10005363,300ETF沽12月4300,0.0,0.0,0.0,0.0,10,0.3205,0.3245,10,0.3146,0.331,0.0,0.0,0.0,0.0,468
2023-05-10 09:31:08,OP10005363,300ETF沽12月4300,0.0,0.0,0.0,0.0,10,0.3205,0.3245,10,0.3146,0.331,0.0,0.0,0.0,0.0,468
2023-05-10 09:31:11,OP10005363,300ETF沽12月4300,0.0,0.0,0.0,0.0,10,0.3194,0.3235,10,0.3146,0.331,0.0,0.0,0.0,0.0,468
2023-05-10 09:31:11,OP10005363,300ETF沽12月4300,0.0,0.0,0.0,0.0,30,0.3194,0.3234,10,0.3146,0.331,0.0,0.0,0.0,0.0,468
2023-05-10 09:31:11,OP10005363,300ETF沽12月4300,0.0,0.0,0.0,0.0,30,0.3194,0.3234,10,0.3146,0.331,0.0,0.0,0.0,0.0,468
2023-05-10 09:31:11,OP10005363,300ETF沽12月4300,0.0,0.0,0.0,0.0,30,0.3194,0.3234,10,0.3146,0.331,0.0,0.0,0.0,0.0,468
2023-05-10 09:31:11,OP10005363,300ETF沽12月4300,0.0,0.0,0.0,0.0,30,0.3194,0.3234,10,0.3146,0.331,0.0,0.0,0.0,0.0,468
2023-05-10 09:31:14,OP10005363,300ETF沽12月4300,0.0,0.0,0.0,0.0,30,0.3194,0.3234,10,0.3146,0.331,0.0,0.0,0.0,0.0,468
2023-05-10 09:31:14,OP10005363,300ETF沽12月4300,0.0,0.0,0.0,0.0,30,0.3194,0.3234,10,0.3146,0.331,0.0,0.0,0.0,0.0,468
2023-05-10 09:31:14,OP10005363,300ETF沽12月4300,0.0,0.0,0.0,0.0,30,0.3194,0.3234,10,0.3146,0.331,0.0,0.0,0.0,0.0,468
2023-05-10 09:31:14,OP10005363,300ETF沽12月4300,0.0,0.0,0.0,0.0,20,0.3194,0.3228,10,0.3146,0.331,0.0,0.0,0.0,0.0,468
2023-05-10 09:31:14,OP10005363,300ETF沽12月4300,0.0,0.0,0.0,0.0,10,0.3193,0.3227,10,0.3146,0.331,0.0,0.0,0.0,0.0,468
2023-05-10 09:31:14,OP10005363,300ETF沽12月4300,0.0,0.0,0.0,0.0,40,0.3193,0.3226,10,0.3146,0.331,0.0,0.0,0.0,0.0,468
2023-05-10 09:31:17,OP10005363,300ETF沽12月4300,0.0,0.0,0.0,0.0,30,0.3193,0.3233,10,0.3146,0.331,0.0,0.0,0.0,0.0,468
2023-05-10 09:31:17,OP10005363,300ETF沽12月4300,0.0,0.0,0.0,0.0,30,0.3193,0.3233,10,0.3146,0.331,0.0,0.0,0.0,0.0,468
2023-05-10 09:31:17,OP10005363,300ETF沽12月4300,0.0,0.0,0.0,0.0,10,0.3205,0.3242,10,0.3146,0.331,0.0,0.0,0.0,0.0,468
2023-05-10 09:31:17,OP10005363,300ETF沽12月4300,0.0,0.0,0.0,0.0,10,0.3205,0.3241,10,0.3146,0.331,0.0,0.0,0.0,0.0,468
2023-05-10 09:31:20,OP10005363,300ETF沽12月4300,0.0,0.0,0.0,0.0,20,0.3196,0.324,10,0.3146,0.331,0.0,0.0,0.0,0.0,468
2023-05-10 09:31:20,OP10005363,300ETF沽12月4300,0.0,0.0,0.0,0.0,20,0.3196,0.324,10,0.3146,0.331,0.0,0.0,0.0,0.0,468
2023-05-10 09:31:20,OP10005363,300ETF沽12月4300,0.0,0.0,0.0,0.0,10,0.3196,0.324,10,0.3146,0.331,0.0,0.0,0.0,0.0,468
2023-05-10 09:31:20,OP10005363,300ETF沽12月4300,0.0,0.0,0.0,0.0,10,0.3196,0.324,10,0.3146,0.331,0.0,0.0,0.0,0.0,468
2023-05-10 09:31:23,OP10005363,300ETF沽12月4300,0.0,0.0,0.0,0.0,10,0.3197,0.3241,10,0.3146,0.331,0.0,0.0,0.0,0.0,468
2023-05-10 09:31:23,OP10005363,300ETF沽12月4300,0.0,0.0,0.0,0.0,10,0.3204,0.3249,20,0.3146,0.331,0.0,0.0,0.0,0.0,468
2023-05-10 09:31:23,OP10005363,300ETF沽12月4300,0.0,0.0,0.0,0.0,20,0.3204,0.3241,10,0.3146,0.331,0.0,0.0,0.0,0.0,468
2023-05-10 09:31:23,OP10005363,300ETF沽12月4300,0.0,0.0,0.0,0.0,10,0.3199,0.324,10,0.3146,0.331,0.0,0.0,0.0,0.0,468
2023-05-10 09:31:23,OP10005363,300ETF沽12月4300,0.0,0.0,0.0,0.0,10,0.3199,0.324,10,0.3146,0.331,0.0,0.0,0.0,0.0,468
2023-05-10 09:31:26,OP10005363,300ETF沽12月4300,0.0,0.0,0.0,0.0,10,0.3199,0.324,10,0.3146,0.331,0.0,0.0,0.0,0.0,468
2023-05-10 09:31:26,OP10005363,300ETF沽12月4300,0.0,0.0,0.0,0.0,10,0.3199,0.324,10,0.3146,0.331,0.0,0.0,0.0,0.0,468
2023-05-10 09:31:26,OP10005363,300ETF沽12月4300,0.0,0.0,0.0,0.0,10,0.3199,0.324,10,0.3146,0.331,0.0,0.0,0.0,0.0,468
2023-05-10 09:31:26,OP10005363,300ETF沽12月4300,0.0,0.0,0.0,0.0,10,0.3199,0.324,10,0.3146,0.331,0.0,0.0,0.0,0.0,468
2023-05-10 09:31:29,OP10005363,300ETF沽12月4300,0.0,0.0,0.0,0.0,10,0.3199,0.324,10,0.3146,0.331,0.0,0.0,0.0,0.0,468
2023-05-10 09:31:29,OP10005363,300ETF沽12月4300,0.0,0.0,0.0,0.0,10,0.3199,0.324,10,0.3146,0.331,0.0,0.0,0.0,0.0,468
2023-05-10 09:31:29,OP10005363,300ETF沽12月4300,0.0,0.0,0.0,0.0,30,0.3197,0.323,10,0.3146,0.331,0.0,0.0,0.0,0.0,468
2023-05-10 09:31:29,OP10005363,300ETF沽12月4300,0.0,0.0,0.0,0.0,20,0.3197,0.3229,10,0.3146,0.331,0.0,0.0,0.0,0.0,468
2023-05-10 09:31:32,OP10005363,300ETF沽12月4300,0.0,0.0,0.0,0.0,40,0.3192,0.3228,10,0.3146,0.331,0.0,0.0,0.0,0.0,468
2023-05-10 09:31:32,OP10005363,300ETF沽12月4300,0.0,0.0,0.0,0.0,10,0.3199,0.3227,10,0.3146,0.331,0.0,0.0,0.0,0.0,468
2023-05-10 09:31:32,OP10005363,300ETF沽12月4300,0.0,0.0,0.0,0.0,30,0.3199,0.3239,10,0.3146,0.331,0.0,0.0,0.0,0.0,468
2023-05-10 09:31:32,OP10005363,300ETF沽12月4300,0.0,0.0,0.0,0.0,30,0.3199,0.3239,10,0.3146,0.331,0.0,0.0,0.0,0.0,468
2023-05-10 09:31:32,OP10005363,300ETF沽12月4300,0.0,0.0,0.0,0.0,30,0.3199,0.3239,10,0.3146,0.331,0.0,0.0,0.0,0.0,468
2023-05-10 09:31:32,OP10005363,300ETF沽12月4300,0.0,0.0,0.0,0.0,30,0.3199,0.3239,10,0.3146,0.331,0.0,0.0,0.0,0.0,468
2023-05-10 09:31:35,OP10005363,300ETF沽12月4300,0.0,0.0,0.0,0.0,30,0.3199,0.3239,10,0.3146,0.331,0.0,0.0,0.0,0.0,468
2023-05-10 09:31:35,OP10005363,300ETF沽12月4300,0.0,0.0,0.0,0.0,20,0.3199,0.3234,10,0.3146,0.331,0.0,0.0,0.0,0.0,468
2023-05-10 09:31:35,OP10005363,300ETF沽12月4300,0.0,0.0,0.0,0.0,40,0.3192,0.3233,10,0.3146,0.331,0.0,0.0,0.0,0.0,468
2023-05-10 09:31:35,OP10005363,300ETF沽12月4300,0.0,0.0,0.0,0.0,30,0.3192,0.3233,10,0.3146,0.331,0.0,0.0,0.0,0.0,468
2023-05-10 09:31:35,OP10005363,300ETF沽12月4300,0.0,0.0,0.0,0.0,30,0.3192,0.3233,10,0.3146,0.331,0.0,0.0,0.0,0.0,468
2023-05-10 09:31:38,OP10005363,300ETF沽12月4300,0.0,0.0,0.0,0.0,30,0.3192,0.3233,10,0.3146,0.331,0.0,0.0,0.0,0.0,468
2023-05-10 09:31:38,OP10005363,300ETF沽12月4300,0.0,0.0,0.0,0.0,30,0.3192,0.3233,10,0.3146,0.331,0.0,0.0,0.0,0.0,468
2023-05-10 09:31:38,OP10005363,300ETF沽12月4300,0.0,0.0,0.0,0.0,30,0.3192,0.3233,10,0.3146,0.331,0.0,0.0,0.0,0.0,468
2023-05-10 09:31:38,OP10005363,300ETF沽12月4300,0.0,0.0,0.0,0.0,30,0.3192,0.3233,10,0.3146,0.331,0.0,0.0,0.0,0.0,468
2023-05-10 09:31:41,OP10005363,300ETF沽12月4300,0.0,0.0,0.0,0.0,30,0.3192,0.3233,10,0.3146,0.331,0.0,0.0,0.0,0.0,468
2023-05-10 09:31:41,OP10005363,300ETF沽12月4300,0.0,0.0,0.0,0.0,30,0.3192,0.3233,10,0.3146,0.331,0.0,0.0,0.0,0.0,468
2023-05-10 09:31:41,OP10005363,300ETF沽12月4300,0.0,0.0,0.0,0.0,30,0.3192,0.3233,10,0.3146,0.331,0.0,0.0,0.0,0.0,468
2023-05-10 09:31:41,OP10005363,300ETF沽12月4300,0.0,0.0,0.0,0.0,30,0.3192,0.3233,10,0.3146,0.331,0.0,0.0,0.0,0.0,468
2023-05-10 09:31:44,OP10005363,300ETF沽12月4300,0.0,0.0,0.0,0.0,20,0.3192,0.3225,10,0.3146,0.331,0.0,0.0,0.0,0.0,468
2023-05-10 09:31:44,OP10005363,300ETF沽12月4300,0.0,0.0,0.0,0.0,10,0.3187,0.3224,10,0.3146,0.331,0.0,0.0,0.0,0.0,468
2023-05-10 09:31:44,OP10005363,300ETF沽12月4300,0.0,0.0,0.0,0.0,10,0.3187,0.3223,10,0.3146,0.331,0.0,0.0,0.0,0.0,468
2023-05-10 09:31:44,OP10005363,300ETF沽12月4300,0.0,0.0,0.0,0.0,10,0.3185,0.3222,10,0.3146,0.331,0.0,0.0,0.0,0.0,468
2023-05-10 09:31:44,OP10005363,300ETF沽12月4300,0.0,0.0,0.0,0.0,10,0.3185,0.3221,10,0.3146,0.331,0.0,0.0,0.0,0.0,468
2023-05-10 09:31:44,OP10005363,300ETF沽12月4300,0.0,0.0,0.0,0.0,10,0.3185,0.322,10,0.3146,0.331,0.0,0.0,0.0,0.0,468
2023-05-10 09:31:47,OP10005363,300ETF沽12月4300,0.0,0.0,0.0,0.0,10,0.3185,0.3219,10,0.3146,0.331,0.0,0.0,0.0,0.0,468
2023-05-10 09:31:47,OP10005363,300ETF沽12月4300,0.0,0.0,0.0,0.0,10,0.3185,0.3218,10,0.3146,0.331,0.0,0.0,0.0,0.0,468
2023-05-10 09:31:47,OP10005363,300ETF沽12月4300,0.0,0.0,0.0,0.0,10,0.3185,0.3217,10,0.3146,0.331,0.0,0.0,0.0,0.0,468
2023-05-10 09:31:47,OP10005363,300ETF沽12月4300,0.0,0.0,0.0,0.0,30,0.3184,0.3216,10,0.3146,0.331,0.0,0.0,0.0,0.0,468
2023-05-10 09:31:47,OP10005363,300ETF沽12月4300,0.0,0.0,0.0,0.0,20,0.3184,0.3215,10,0.3146,0.331,0.0,0.0,0.0,0.0,468
2023-05-10 09:31:47,OP10005363,300ETF沽12月4300,0.0,0.0,0.0,0.0,40,0.3177,0.3214,10,0.3146,0.331,0.0,0.0,0.0,0.0,468
2023-05-10 09:31:50,OP10005363,300ETF沽12月4300,0.0,0.0,0.0,0.0,30,0.3177,0.3213,10,0.3146,0.331,0.0,0.0,0.0,0.0,468
2023-05-10 09:31:50,OP10005363,300ETF沽12月4300,0.0,0.0,0.0,0.0,30,0.3177,0.3212,10,0.3146,0.331,0.0,0.0,0.0,0.0,468
2023-05-10 09:31:50,OP10005363,300ETF沽12月4300,0.0,0.0,0.0,0.0,30,0.3177,0.3211,10,0.3146,0.331,0.0,0.0,0.0,0.0,468
2023-05-10 09:31:50,OP10005363,300ETF沽12月4300,0.0,0.0,0.0,0.0,30,0.3177,0.321,10,0.3146,0.331,0.0,0.0,0.0,0.0,468
2023-05-10 09:31:50,OP10005363,300ETF沽12月4300,0.0,0.0,0.0,0.0,30,0.3177,0.3209,10,0.3146,0.331,0.0,0.0,0.0,0.0,468
2023-05-10 09:31:50,OP10005363,300ETF沽12月4300,0.0,0.0,0.0,0.0,30,0.3177,0.3208,10,0.3146,0.331,0.0,0.0,0.0,0.0,468
2023-05-10 09:31:53,OP10005363,300ETF沽12月4300,0.0,0.0,0.0,0.0,30,0.3177,0.3207,10,0.3146,0.331,0.0,0.0,0.0,0.0,468
2023-05-10 09:31:53,OP10005363,300ETF沽12月4300,0.0,0.0,0.0,0.0,10,0.3178,0.3209,10,0.3146,0.331,0.0,0.0,0.0,0.0,468
2023-05-10 09:31:53,OP10005363,300ETF沽12月4300,0.0,0.0,0.0,0.0,40,0.3177,0.3217,10,0.3146,0.331,0.0,0.0,0.0,0.0,468
2023-05-10 09:31:53,OP10005363,300ETF沽12月4300,0.0,0.0,0.0,0.0,40,0.3177,0.3217,10,0.3146,0.331,0.0,0.0,0.0,0.0,468
2023-05-10 09:31:53,OP10005363,300ETF沽12月4300,0.0,0.0,0.0,0.0,40,0.3177,0.3217,10,0.3146,0.331,0.0,0.0,0.0,0.0,468
2023-05-10 09:31:56,OP10005363,300ETF沽12月4300,0.0,0.0,0.0,0.0,40,0.3177,0.3217,10,0.3146,0.331,0.0,0.0,0.0,0.0,468
2023-05-10 09:31:56,OP10005363,300ETF沽12月4300,0.0,0.0,0.0,0.0,40,0.3177,0.3217,10,0.3146,0.331,0.0,0.0,0.0,0.0,468
2023-05-10 09:31:56,OP10005363,300ETF沽12月4300,0.0,0.0,0.0,0.0,40,0.3177,0.3217,10,0.3146,0.331,0.0,0.0,0.0,0.0,468
2023-05-10 09:31:56,OP10005363,300ETF沽12月4300,0.0,0.0,0.0,0.0,40,0.3177,0.3217,10,0.3146,0.331,0.0,0.0,0.0,0.0,468
2023-05-10 09:31:56,OP10005363,300ETF沽12月4300,0.0,0.0,0.0,0.0,40,0.3177,0.3217,10,0.3146,0.331,0.0,0.0,0.0,0.0,468
2023-05-10 09:31:56,OP10005363,300ETF沽12月4300,0.0,0.0,0.0,0.0,40,0.3177,0.3217,10,0.3146,0.331,0.0,0.0,0.0,0.0,468
2023-05-10 09:31:59,OP10005363,300ETF沽12月4300,0.0,0.0,0.0,0.0,30,0.3177,0.3217,10,0.3146,0.331,0.0,0.0,0.0,0.0,468
2023-05-10 09:31:59,OP10005363,300ETF沽12月4300,0.0,0.0,0.0,0.0,30,0.3177,0.3217,10,0.3146,0.331,0.0,0.0,0.0,0.0,468
2023-05-10 09:31:59,OP10005363,300ETF沽12月4300,0.0,0.0,0.0,0.0,30,0.3177,0.3217,10,0.3146,0.331,0.0,0.0,0.0,0.0,468
2023-05-10 09:31:59,OP10005363,300ETF沽12月4300,0.0,0.0,0.0,0.0,30,0.3177,0.3217,10,0.3146,0.331,0.0,0.0,0.0,0.0,468
2023-05-10 09:31:59,OP10005363,300ETF沽12月4300,0.0,0.0,0.0,0.0,30,0.3177,0.3217,10,0.3146,0.331,0.0,0.0,0.0,0.0,468
2023-05-10 09:31:59,OP10005363,300ETF沽12月4300,0.0,0.0,0.0,0.0,30,0.3177,0.3217,10,0.3146,0.331,0.0,0.0,0.0,0.0,468
2023-05-10 09:32:02,OP10005363,300ETF沽12月4300,0.0,0.0,0.0,0.0,30,0.3177,0.3217,10,0.3146,0.331,0.0,0.0,0.0,0.0,468
2023-05-10 09:32:02,OP10005363,300ETF沽12月4300,0.0,0.0,0.0,0.0,30,0.3177,0.3217,10,0.3146,0.331,0.0,0.0,0.0,0.0,468
2023-05-10 09:32:02,OP10005363,300ETF沽12月4300,0.0,0.0,0.0,0.0,30,0.3177,0.3217,10,0.3146,0.331,0.0,0.0,0.0,0.0,468
2023-05-10 09:32:02,OP10005363,300ETF沽12月4300,0.0,0.0,0.0,0.0,30,0.3177,0.3217,10,0.3146,0.331,0.0,0.0,0.0,0.0,468
2023-05-10 09:32:02,OP10005363,300ETF沽12月4300,0.0,0.0,0.0,0.0,30,0.3177,0.3217,10,0.3146,0.331,0.0,0.0,0.0,0.0,468
2023-05-10 09:32:05,OP10005363,300ETF沽12月4300,0.0,0.0,0.0,0.0,30,0.3177,0.3217,10,0.3146,0.331,0.0,0.0,0.0,0.0,468
2023-05-10 09:32:05,OP10005363,300ETF沽12月4300,0.0,0.0,0.0,0.0,10,0.3186,0.3218,10,0.3146,0.331,0.0,0.0,0.0,0.0,468
2023-05-10 09:32:05,OP10005363,300ETF沽12月4300,0.0,0.0,0.0,0.0,20,0.3186,0.3217,10,0.3146,0.331,0.0,0.0,0.0,0.0,468
2023-05-10 09:32:05,OP10005363,300ETF沽12月4300,0.0,0.0,0.0,0.0,20,0.3186,0.3227,10,0.3146,0.331,0.0,0.0,0.0,0.0,468
2023-05-10 09:32:05,OP10005363,300ETF沽12月4300,0.0,0.0,0.0,0.0,20,0.3181,0.3226,10,0.3146,0.331,0.0,0.0,0.0,0.0,468
2023-05-10 09:32:08,OP10005363,300ETF沽12月4300,0.0,0.0,0.0,0.0,10,0.3182,0.3224,10,0.3146,0.331,0.0,0.0,0.0,0.0,468
2023-05-10 09:32:08,OP10005363,300ETF沽12月4300,0.0,0.0,0.0,0.0,10,0.3182,0.3223,10,0.3146,0.331,0.0,0.0,0.0,0.0,468
2023-05-10 09:32:08,OP10005363,300ETF沽12月4300,0.0,0.0,0.0,0.0,10,0.3182,0.3223,10,0.3146,0.331,0.0,0.0,0.0,0.0,468
2023-05-10 09:32:08,OP10005363,300ETF沽12月4300,0.0,0.0,0.0,0.0,10,0.3182,0.3223,10,0.3146,0.331,0.0,0.0,0.0,0.0,468
2023-05-10 09:32:08,OP10005363,300ETF沽12月4300,0.0,0.0,0.0,0.0,10,0.3182,0.3223,10,0.3146,0.331,0.0,0.0,0.0,0.0,468
2023-05-10 09:32:08,OP10005363,300ETF沽12月4300,0.0,0.0,0.0,0.0,10,0.3182,0.3223,10,0.3146,0.331,0.0,0.0,0.0,0.0,468
2023-05-10 09:32:11,OP10005363,300ETF沽12月4300,0.0,0.0,0.0,0.0,10,0.3182,0.3223,10,0.3146,0.331,0.0,0.0,0.0,0.0,468
2023-05-10 09:32:11,OP10005363,300ETF沽12月4300,0.0,0.0,0.0,0.0,10,0.3182,0.3223,10,0.3146,0.331,0.0,0.0,0.0,0.0,468
2023-05-10 09:32:11,OP10005363,300ETF沽12月4300,0.0,0.0,0.0,0.0,10,0.3182,0.3223,10,0.3146,0.331,0.0,0.0,0.0,0.0,468
2023-05-10 09:32:11,OP10005363,300ETF沽12月4300,0.0,0.0,0.0,0.0,10,0.3182,0.3223,30,0.3146,0.331,0.0,0.0,0.0,0.0,468
2023-05-10 09:32:11,OP10005363,300ETF沽12月4300,0.0,0.0,0.0,0.0,10,0.3182,0.3222,10,0.3146,0.331,0.0,0.0,0.0,0.0,468
2023-05-10 09:32:11,OP10005363,300ETF沽12月4300,0.0,0.0,0.0,0.0,30,0.3176,0.3216,10,0.3146,0.331,0.0,0.0,0.0,0.0,468
2023-05-10 09:32:14,OP10005363,300ETF沽12月4300,0.0,0.0,0.0,0.0,30,0.3176,0.3215,10,0.3146,0.331,0.0,0.0,0.0,0.0,468
2023-05-10 09:32:14,OP10005363,300ETF沽12月4300,0.0,0.0,0.0,0.0,20,0.3175,0.3215,10,0.3146,0.331,0.0,0.0,0.0,0.0,468
2023-05-10 09:32:14,OP10005363,300ETF沽12月4300,0.0,0.0,0.0,0.0,20,0.3175,0.3215,10,0.3146,0.331,0.0,0.0,0.0,0.0,468
2023-05-10 09:32:14,OP10005363,300ETF沽12月4300,0.0,0.0,0.0,0.0,20,0.3175,0.3215,10,0.3146,0.331,0.0,0.0,0.0,0.0,468
2023-05-10 09:32:14,OP10005363,300ETF沽12月4300,0.0,0.0,0.0,0.0,20,0.3175,0.3215,10,0.3146,0.331,0.0,0.0,0.0,0.0,468
2023-05-10 09:32:14,OP10005363,300ETF沽12月4300,0.0,0.0,0.0,0.0,20,0.3175,0.3215,10,0.3146,0.331,0.0,0.0,0.0,0.0,468
2023-05-10 09:32:17,OP10005363,300ETF沽12月4300,0.0,0.0,0.0,0.0,20,0.3175,0.3215,10,0.3146,0.331,0.0,0.0,0.0,0.0,468
2023-05-10 09:32:17,OP10005363,300ETF沽12月4300,0.0,0.0,0.0,0.0,20,0.3175,0.3215,10,0.3146,0.331,0.0,0.0,0.0,0.0,468
2023-05-10 09:32:17,OP10005363,300ETF沽12月4300,0.0,0.0,0.0,0.0,20,0.3175,0.3215,10,0.3146,0.331,0.0,0.0,0.0,0.0,468
2023-05-10 09:32:17,OP10005363,300ETF沽12月4300,0.0,0.0,0.0,0.0,10,0.3175,0.3215,10,0.3146,0.331,0.0,0.0,0.0,0.0,468
2023-05-10 09:32:17,OP10005363,300ETF沽12月4300,0.0,0.0,0.0,0.0,10,0.3175,0.3215,10,0.3146,0.331,0.0,0.0,0.0,0.0,468
2023-05-10 09:32:17,OP10005363,300ETF沽12月4300,0.0,0.0,0.0,0.0,10,0.3175,0.3215,10,0.3146,0.331,0.0,0.0,0.0,0.0,468
2023-05-10 09:32:20,OP10005363,300ETF沽12月4300,0.0,0.0,0.0,0.0,10,0.3175,0.3215,10,0.3146,0.331,0.0,0.0,0.0,0.0,468
2023-05-10 09:32:20,OP10005363,300ETF沽12月4300,0.0,0.0,0.0,0.0,10,0.3175,0.3215,10,0.3146,0.331,0.0,0.0,0.0,0.0,468
2023-05-10 09:32:20,OP10005363,300ETF沽12月4300,0.0,0.0,0.0,0.0,10,0.3168,0.3209,10,0.3146,0.331,0.0,0.0,0.0,0.0,468
2023-05-10 09:32:20,OP10005363,300ETF沽12月4300,0.0,0.0,0.0,0.0,10,0.3168,0.3208,10,0.3146,0.331,0.0,0.0,0.0,0.0,468
2023-05-10 09:32:20,OP10005363,300ETF沽12月4300,0.0,0.0,0.0,0.0,10,0.3168,0.3208,10,0.3146,0.331,0.0,0.0,0.0,0.0,468
2023-05-10 09:32:20,OP10005363,300ETF沽12月4300,0.0,0.0,0.0,0.0,10,0.3168,0.3208,10,0.3146,0.331,0.0,0.0,0.0,0.0,468
2023-05-10 09:32:23,OP10005363,300ETF沽12月4300,0.0,0.0,0.0,0.0,10,0.3168,0.3208,10,0.3146,0.331,0.0,0.0,0.0,0.0,468
2023-05-10 09:32:23,OP10005363,300ETF沽12月4300,0.0,0.0,0.0,0.0,10,0.3168,0.3208,10,0.3146,0.331,0.0,0.0,0.0,0.0,468
2023-05-10 09:32:23,OP10005363,300ETF沽12月4300,0.0,0.0,0.0,0.0,10,0.3168,0.3208,10,0.3146,0.331,0.0,0.0,0.0,0.0,468
2023-05-10 09:32:23,OP10005363,300ETF沽12月4300,0.0,0.0,0.0,0.0,10,0.3168,0.3208,10,0.3146,0.331,0.0,0.0,0.0,0.0,468
2023-05-10 09:32:23,OP10005363,300ETF沽12月4300,0.0,0.0,0.0,0.0,10,0.3177,0.3209,40,0.3146,0.331,0.0,0.0,0.0,0.0,468
2023-05-10 09:32:23,OP10005363,300ETF沽12月4300,0.0,0.0,0.0,0.0,30,0.3177,0.3208,10,0.3146,0.331,0.0,0.0,0.0,0.0,468
2023-05-10 09:32:26,OP10005363,300ETF沽12月4300,0.0,0.0,0.0,0.0,30,0.3177,0.3216,10,0.3146,0.331,0.0,0.0,0.0,0.0,468
2023-05-10 09:32:26,OP10005363,300ETF沽12月4300,0.0,0.0,0.0,0.0,30,0.3177,0.3216,10,0.3146,0.331,0.0,0.0,0.0,0.0,468
2023-05-10 09:32:26,OP10005363,300ETF沽12月4300,0.0,0.0,0.0,0.0,30,0.3177,0.3216,10,0.3146,0.331,0.0,0.0,0.0,0.0,468
2023-05-10 09:32:26,OP10005363,300ETF沽12月4300,0.0,0.0,0.0,0.0,30,0.3177,0.3216,10,0.3146,0.331,0.0,0.0,0.0,0.0,468
2023-05-10 09:32:29,OP10005363,300ETF沽12月4300,0.0,0.0,0.0,0.0,10,0.3176,0.3211,10,0.3146,0.331,0.0,0.0,0.0,0.0,468
2023-05-10 09:32:29,OP10005363,300ETF沽12月4300,0.0,0.0,0.0,0.0,30,0.317,0.321,10,0.3146,0.331,0.0,0.0,0.0,0.0,468
2023-05-10 09:32:29,OP10005363,300ETF沽12月4300,0.0,0.0,0.0,0.0,30,0.317,0.321,10,0.3146,0.331,0.0,0.0,0.0,0.0,468
2023-05-10 09:32:29,OP10005363,300ETF沽12月4300,0.0,0.0,0.0,0.0,30,0.317,0.321,10,0.3146,0.331,0.0,0.0,0.0,0.0,468
2023-05-10 09:32:29,OP10005363,300ETF沽12月4300,0.0,0.0,0.0,0.0,10,0.3178,0.321,10,0.3146,0.331,0.0,0.0,0.0,0.0,468
2023-05-10 09:32:29,OP10005363,300ETF沽12月4300,0.0,0.0,0.0,0.0,10,0.3179,0.3217,20,0.3146,0.331,0.0,0.0,0.0,0.0,468
2023-05-10 09:32:32,OP10005363,300ETF沽12月4300,0.0,0.0,0.0,0.0,30,0.3179,0.3217,10,0.3146,0.331,0.0,0.0,0.0,0.0,468
2023-05-10 09:32:32,OP10005363,300ETF沽12月4300,0.0,0.0,0.0,0.0,10,0.318,0.3216,10,0.3146,0.331,0.0,0.0,0.0,0.0,468
2023-05-10 09:32:32,OP10005363,300ETF沽12月4300,0.0,0.0,0.0,0.0,10,0.3179,0.3218,10,0.3146,0.331,0.0,0.0,0.0,0.0,468
2023-05-10 09:32:32,OP10005363,300ETF沽12月4300,0.0,0.0,0.0,0.0,10,0.3178,0.3218,10,0.3146,0.331,0.0,0.0,0.0,0.0,468
2023-05-10 09:32:35,OP10005363,300ETF沽12月4300,0.0,0.0,0.0,0.0,10,0.3178,0.3218,10,0.3146,0.331,0.0,0.0,0.0,0.0,468
2023-05-10 09:32:35,OP10005363,300ETF沽12月4300,0.0,0.0,0.0,0.0,10,0.3185,0.3219,10,0.3146,0.331,0.0,0.0,0.0,0.0,468
2023-05-10 09:32:35,OP10005363,300ETF沽12月4300,0.0,0.0,0.0,0.0,10,0.3185,0.3218,10,0.3146,0.331,0.0,0.0,0.0,0.0,468
2023-05-10 09:32:35,OP10005363,300ETF沽12月4300,0.0,0.0,0.0,0.0,10,0.3185,0.3217,10,0.3146,0.331,0.0,0.0,0.0,0.0,468
2023-05-10 09:32:35,OP10005363,300ETF沽12月4300,0.0,0.0,0.0,0.0,10,0.3185,0.3216,10,0.3146,0.331,0.0,0.0,0.0,0.0,468
2023-05-10 09:32:35,OP10005363,300ETF沽12月4300,0.0,0.0,0.0,0.0,10,0.3185,0.3215,10,0.3146,0.331,0.0,0.0,0.0,0.0,468
2023-05-10 09:32:38,OP10005363,300ETF沽12月4300,0.0,0.0,0.0,0.0,10,0.3185,0.3214,10,0.3146,0.331,0.0,0.0,0.0,0.0,468
2023-05-10 09:32:38,OP10005363,300ETF沽12月4300,0.0,0.0,0.0,0.0,10,0.3185,0.3213,10,0.3146,0.331,0.0,0.0,0.0,0.0,468
2023-05-10 09:32:38,OP10005363,300ETF沽12月4300,0.0,0.0,0.0,0.0,10,0.3185,0.322,10,0.3146,0.331,0.0,0.0,0.0,0.0,468
2023-05-10 09:32:38,OP10005363,300ETF沽12月4300,0.0,0.0,0.0,0.0,10,0.3185,0.322,10,0.3146,0.331,0.0,0.0,0.0,0.0,468
2023-05-10 09:32:38,OP10005363,300ETF沽12月4300,0.0,0.0,0.0,0.0,10,0.3185,0.322,10,0.3146,0.331,0.0,0.0,0.0,0.0,468
2023-05-10 09:32:41,OP10005363,300ETF沽12月4300,0.0,0.0,0.0,0.0,10,0.3185,0.322,10,0.3146,0.331,0.0,0.0,0.0,0.0,468
2023-05-10 09:32:41,OP10005363,300ETF沽12月4300,0.0,0.0,0.0,0.0,10,0.3185,0.322,10,0.3146,0.331,0.0,0.0,0.0,0.0,468
2023-05-10 09:32:41,OP10005363,300ETF沽12月4300,0.0,0.0,0.0,0.0,10,0.3185,0.322,10,0.3146,0.331,0.0,0.0,0.0,0.0,468
2023-05-10 09:32:44,OP10005363,300ETF沽12月4300,0.0,0.0,0.0,0.0,10,0.3186,0.322,10,0.3146,0.331,0.0,0.0,0.0,0.0,468
2023-05-10 09:32:44,OP10005363,300ETF沽12月4300,0.0,0.0,0.0,0.0,30,0.3186,0.322,10,0.3146,0.331,0.0,0.0,0.0,0.0,468
2023-05-10 09:32:44,OP10005363,300ETF沽12月4300,0.0,0.0,0.0,0.0,10,0.3187,0.3221,30,0.3146,0.331,0.0,0.0,0.0,0.0,468
2023-05-10 09:32:44,OP10005363,300ETF沽12月4300,0.0,0.0,0.0,0.0,30,0.3186,0.322,10,0.3146,0.331,0.0,0.0,0.0,0.0,468
2023-05-10 09:32:44,OP10005363,300ETF沽12月4300,0.0,0.0,0.0,0.0,20,0.3186,0.322,10,0.3146,0.331,0.0,0.0,0.0,0.0,468
2023-05-10 09:32:47,OP10005363,300ETF沽12月4300,0.0,0.0,0.0,0.0,10,0.3187,0.3221,50,0.3146,0.331,0.0,0.0,0.0,0.0,468
2023-05-10 09:32:47,OP10005363,300ETF沽12月4300,0.0,0.0,0.0,0.0,10,0.3187,0.3221,40,0.3146,0.331,0.0,0.0,0.0,0.0,468
2023-05-10 09:32:47,OP10005363,300ETF沽12月4300,0.0,0.0,0.0,0.0,40,0.3186,0.322,10,0.3146,0.331,0.0,0.0,0.0,0.0,468
2023-05-10 09:32:47,OP10005363,300ETF沽12月4300,0.0,0.0,0.0,0.0,20,0.3186,0.322,10,0.3146,0.331,0.0,0.0,0.0,0.0,468
2023-05-10 09:32:47,OP10005363,300ETF沽12月4300,0.0,0.0,0.0,0.0,30,0.3185,0.322,10,0.3146,0.331,0.0,0.0,0.0,0.0,468
2023-05-10 09:32:50,OP10005363,300ETF沽12月4300,0.0,0.0,0.0,0.0,20,0.3185,0.322,10,0.3146,0.331,0.0,0.0,0.0,0.0,468
2023-05-10 09:32:50,OP10005363,300ETF沽12月4300,0.0,0.0,0.0,0.0,20,0.3185,0.322,10,0.3146,0.331,0.0,0.0,0.0,0.0,468
2023-05-10 09:32:50,OP10005363,300ETF沽12月4300,0.0,0.0,0.0,0.0,20,0.3185,0.322,10,0.3146,0.331,0.0,0.0,0.0,0.0,468
2023-05-10 09:32:53,OP10005363,300ETF沽12月4300,0.0,0.0,0.0,0.0,20,0.3185,0.322,10,0.3146,0.331,0.0,0.0,0.0,0.0,468
2023-05-10 09:32:53,OP10005363,300ETF沽12月4300,0.0,0.0,0.0,0.0,20,0.3185,0.322,10,0.3146,0.331,0.0,0.0,0.0,0.0,468
2023-05-10 09:32:53,OP10005363,300ETF沽12月4300,0.0,0.0,0.0,0.0,20,0.3185,0.322,10,0.3146,0.331,0.0,0.0,0.0,0.0,468
2023-05-10 09:32:56,OP10005363,300ETF沽12月4300,0.0,0.0,0.0,0.0,20,0.3185,0.322,10,0.3146,0.331,0.0,0.0,0.0,0.0,468
2023-05-10 09:32:56,OP10005363,300ETF沽12月4300,0.0,0.0,0.0,0.0,20,0.3185,0.322,10,0.3146,0.331,0.0,0.0,0.0,0.0,468
2023-05-10 09:32:59,OP10005363,300ETF沽12月4300,0.0,0.0,0.0,0.0,20,0.3185,0.322,10,0.3146,0.331,0.0,0.0,0.0,0.0,468
2023-05-10 09:32:59,OP10005363,300ETF沽12月4300,0.0,0.0,0.0,0.0,10,0.3185,0.3218,10,0.3146,0.331,0.0,0.0,0.0,0.0,468
2023-05-10 09:32:59,OP10005363,300ETF沽12月4300,0.0,0.0,0.0,0.0,20,0.3176,0.3217,10,0.3146,0.331,0.0,0.0,0.0,0.0,468
2023-05-10 09:32:59,OP10005363,300ETF沽12月4300,0.0,0.0,0.0,0.0,20,0.3176,0.3217,30,0.3146,0.331,0.0,0.0,0.0,0.0,468
2023-05-10 09:32:59,OP10005363,300ETF沽12月4300,0.0,0.0,0.0,0.0,20,0.3176,0.3216,10,0.3146,0.331,0.0,0.0,0.0,0.0,468
2023-05-10 09:33:02,OP10005363,300ETF沽12月4300,0.0,0.0,0.0,0.0,21,0.3176,0.3216,10,0.3146,0.331,0.0,0.0,0.0,0.0,468
2023-05-10 09:33:05,OP10005363,300ETF沽12月4300,0.0,0.0,0.0,0.0,21,0.3176,0.3216,10,0.3146,0.331,0.0,0.0,0.0,0.0,468
2023-05-10 09:33:05,OP10005363,300ETF沽12月4300,0.0,0.0,0.0,0.0,10,0.3184,0.3216,10,0.3146,0.331,0.0,0.0,0.0,0.0,468
2023-05-10 09:33:05,OP10005363,300ETF沽12月4300,0.0,0.0,0.0,0.0,11,0.3184,0.3215,10,0.3146,0.331,0.0,0.0,0.0,0.0,468
2023-05-10 09:33:05,OP10005363,300ETF沽12月4300,0.0,0.0,0.0,0.0,11,0.3184,0.3214,10,0.3146,0.331,0.0,0.0,0.0,0.0,468
2023-05-10 09:33:08,OP10005363,300ETF沽12月4300,0.0,0.0,0.0,0.0,11,0.3184,0.3213,10,0.3146,0.331,0.0,0.0,0.0,0.0,468
2023-05-10 09:33:08,OP10005363,300ETF沽12月4300,0.0,0.0,0.0,0.0,11,0.3184,0.3219,10,0.3146,0.331,0.0,0.0,0.0,0.0,468
2023-05-10 09:33:08,OP10005363,300ETF沽12月4300,0.0,0.0,0.0,0.0,11,0.3184,0.3218,10,0.3146,0.331,0.0,0.0,0.0,0.0,468
2023-05-10 09:33:08,OP10005363,300ETF沽12月4300,0.0,0.0,0.0,0.0,11,0.3184,0.3217,10,0.3146,0.331,0.0,0.0,0.0,0.0,468
2023-05-10 09:33:08,OP10005363,300ETF沽12月4300,0.0,0.0,0.0,0.0,11,0.3184,0.3216,10,0.3146,0.331,0.0,0.0,0.0,0.0,468
2023-05-10 09:33:08,OP10005363,300ETF沽12月4300,0.0,0.0,0.0,0.0,11,0.3184,0.3216,10,0.3146,0.331,0.0,0.0,0.0,0.0,468
2023-05-10 09:33:08,OP10005363,300ETF沽12月4300,0.0,0.0,0.0,0.0,1,0.3184,0.3216,10,0.3146,0.331,0.0,0.0,0.0,0.0,468
2023-05-10 09:33:11,OP10005363,300ETF沽12月4300,0.0,0.0,0.0,0.0,1,0.3184,0.3216,10,0.3146,0.331,0.0,0.0,0.0,0.0,468
2023-05-10 09:33:11,OP10005363,300ETF沽12月4300,0.0,0.0,0.0,0.0,1,0.3184,0.3216,10,0.3146,0.331,0.0,0.0,0.0,0.0,468
2023-05-10 09:33:11,OP10005363,300ETF沽12月4300,0.0,0.0,0.0,0.0,1,0.3184,0.3216,10,0.3146,0.331,0.0,0.0,0.0,0.0,468
2023-05-10 09:33:14,OP10005363,300ETF沽12月4300,0.0,0.0,0.0,0.0,1,0.3184,0.321,10,0.3146,0.331,0.0,0.0,0.0,0.0,468
2023-05-10 09:33:14,OP10005363,300ETF沽12月4300,0.0,0.0,0.0,0.0,1,0.3184,0.3209,10,0.3146,0.331,0.0,0.0,0.0,0.0,468
2023-05-10 09:33:14,OP10005363,300ETF沽12月4300,0.0,0.0,0.0,0.0,1,0.3184,0.3209,10,0.3146,0.331,0.0,0.0,0.0,0.0,468
2023-05-10 09:33:14,OP10005363,300ETF沽12月4300,0.0,0.0,0.0,0.0,10,0.3171,0.3203,10,0.3146,0.331,0.0,0.0,0.0,0.0,468
2023-05-10 09:33:14,OP10005363,300ETF沽12月4300,0.0,0.0,0.0,0.0,1,0.3171,0.3202,10,0.3146,0.331,0.0,0.0,0.0,0.0,468
2023-05-10 09:33:17,OP10005363,300ETF沽12月4300,0.0,0.0,0.0,0.0,1,0.3171,0.3202,10,0.3146,0.331,0.0,0.0,0.0,0.0,468
2023-05-10 09:33:17,OP10005363,300ETF沽12月4300,0.0,0.0,0.0,0.0,1,0.3171,0.3202,10,0.3146,0.331,0.0,0.0,0.0,0.0,468
2023-05-10 09:33:17,OP10005363,300ETF沽12月4300,0.0,0.0,0.0,0.0,1,0.3171,0.3202,10,0.3146,0.331,0.0,0.0,0.0,0.0,468
2023-05-10 09:33:17,OP10005363,300ETF沽12月4300,0.0,0.0,0.0,0.0,1,0.3171,0.3202,10,0.3146,0.331,0.0,0.0,0.0,0.0,468
2023-05-10 09:33:17,OP10005363,300ETF沽12月4300,0.0,0.0,0.0,0.0,1,0.3171,0.3202,10,0.3146,0.331,0.0,0.0,0.0,0.0,468
2023-05-10 09:33:17,OP10005363,300ETF沽12月4300,0.0,0.0,0.0,0.0,1,0.3171,0.3202,10,0.3146,0.331,0.0,0.0,0.0,0.0,468
2023-05-10 09:33:20,OP10005363,300ETF沽12月4300,0.0,0.0,0.0,0.0,1,0.3169,0.3202,10,0.3146,0.331,0.0,0.0,0.0,0.0,468
2023-05-10 09:33:20,OP10005363,300ETF沽12月4300,0.0,0.0,0.0,0.0,1,0.3169,0.3202,10,0.3146,0.331,0.0,0.0,0.0,0.0,468
2023-05-10 09:33:20,OP10005363,300ETF沽12月4300,0.0,0.0,0.0,0.0,1,0.3169,0.3202,10,0.3146,0.331,0.0,0.0,0.0,0.0,468
2023-05-10 09:33:20,OP10005363,300ETF沽12月4300,0.0,0.0,0.0,0.0,1,0.3169,0.3202,10,0.3146,0.331,0.0,0.0,0.0,0.0,468
2023-05-10 09:33:23,OP10005363,300ETF沽12月4300,0.0,0.0,0.0,0.0,1,0.3167,0.3202,10,0.3146,0.331,0.0,0.0,0.0,0.0,468
2023-05-10 09:33:23,OP10005363,300ETF沽12月4300,0.0,0.0,0.0,0.0,1,0.3167,0.3202,10,0.3146,0.331,0.0,0.0,0.0,0.0,468
2023-05-10 09:33:23,OP10005363,300ETF沽12月4300,0.0,0.0,0.0,0.0,1,0.3167,0.3202,10,0.3146,0.331,0.0,0.0,0.0,0.0,468
2023-05-10 09:33:23,OP10005363,300ETF沽12月4300,0.0,0.0,0.0,0.0,1,0.3167,0.3196,15,0.3146,0.331,0.0,0.0,0.0,0.0,468
2023-05-10 09:33:23,OP10005363,300ETF沽12月4300,0.0,0.0,0.0,0.0,1,0.3167,0.3195,10,0.3146,0.331,0.0,0.0,0.0,0.0,468
2023-05-10 09:33:23,OP10005363,300ETF沽12月4300,0.0,0.0,0.0,0.0,1,0.3167,0.3195,10,0.3146,0.331,0.0,0.0,0.0,0.0,468
2023-05-10 09:33:26,OP10005363,300ETF沽12月4300,0.0,0.0,0.0,0.0,1,0.3165,0.3195,10,0.3146,0.331,0.0,0.0,0.0,0.0,468
2023-05-10 09:33:26,OP10005363,300ETF沽12月4300,0.0,0.0,0.0,0.0,1,0.3165,0.3195,10,0.3146,0.331,0.0,0.0,0.0,0.0,468
2023-05-10 09:33:26,OP10005363,300ETF沽12月4300,0.0,0.0,0.0,0.0,1,0.3165,0.3195,10,0.3146,0.331,0.0,0.0,0.0,0.0,468
2023-05-10 09:33:26,OP10005363,300ETF沽12月4300,0.0,0.0,0.0,0.0,1,0.3165,0.3189,15,0.3146,0.331,0.0,0.0,0.0,0.0,468
2023-05-10 09:33:26,OP10005363,300ETF沽12月4300,0.0,0.0,0.0,0.0,1,0.3163,0.3188,10,0.3146,0.331,0.0,0.0,0.0,0.0,468
2023-05-10 09:33:29,OP10005363,300ETF沽12月4300,0.0,0.0,0.0,0.0,1,0.3163,0.3188,10,0.3146,0.331,0.0,0.0,0.0,0.0,468
2023-05-10 09:33:29,OP10005363,300ETF沽12月4300,0.0,0.0,0.0,0.0,1,0.3161,0.3188,10,0.3146,0.331,0.0,0.0,0.0,0.0,468
2023-05-10 09:33:29,OP10005363,300ETF沽12月4300,0.0,0.0,0.0,0.0,1,0.3161,0.3188,10,0.3146,0.331,0.0,0.0,0.0,0.0,468
2023-05-10 09:33:29,OP10005363,300ETF沽12月4300,0.0,0.0,0.0,0.0,1,0.3161,0.3188,10,0.3146,0.331,0.0,0.0,0.0,0.0,468
2023-05-10 09:33:29,OP10005363,300ETF沽12月4300,0.0,0.0,0.0,0.0,1,0.3161,0.3188,10,0.3146,0.331,0.0,0.0,0.0,0.0,468
2023-05-10 09:33:32,OP10005363,300ETF沽12月4300,0.0,0.0,0.0,0.0,1,0.3161,0.3188,10,0.3146,0.331,0.0,0.0,0.0,0.0,468
2023-05-10 09:33:32,OP10005363,300ETF沽12月4300,0.0,0.0,0.0,0.0,1,0.3161,0.3188,10,0.3146,0.331,0.0,0.0,0.0,0.0,468
2023-05-10 09:33:32,OP10005363,300ETF沽12月4300,0.0,0.0,0.0,0.0,10,0.3163,0.3188,10,0.3146,0.331,0.0,0.0,0.0,0.0,468
2023-05-10 09:33:32,OP10005363,300ETF沽12月4300,0.0,0.0,0.0,0.0,11,0.3163,0.3188,10,0.3146,0.331,0.0,0.0,0.0,0.0,468
2023-05-10 09:33:35,OP10005363,300ETF沽12月4300,0.0,0.0,0.0,0.0,10,0.3163,0.3188,10,0.3146,0.331,0.0,0.0,0.0,0.0,468
2023-05-10 09:33:38,OP10005363,300ETF沽12月4300,0.0,0.0,0.0,0.0,10,0.3164,0.3189,20,0.3146,0.331,0.0,0.0,0.0,0.0,468
2023-05-10 09:33:38,OP10005363,300ETF沽12月4300,0.0,0.0,0.0,0.0,15,0.3166,0.3189,20,0.3146,0.331,0.0,0.0,0.0,0.0,468
2023-05-10 09:33:41,OP10005363,300ETF沽12月4300,0.0,0.0,0.0,0.0,10,0.3167,0.3196,40,0.3146,0.331,0.0,0.0,0.0,0.0,468
2023-05-10 09:33:41,OP10005363,300ETF沽12月4300,0.0,0.0,0.0,0.0,11,0.3167,0.3196,20,0.3146,0.331,0.0,0.0,0.0,0.0,468
2023-05-10 09:33:41,OP10005363,300ETF沽12月4300,0.0,0.0,0.0,0.0,10,0.317,0.3196,20,0.3146,0.331,0.0,0.0,0.0,0.0,468
2023-05-10 09:33:41,OP10005363,300ETF沽12月4300,0.0,0.0,0.0,0.0,11,0.317,0.3198,10,0.3146,0.331,0.0,0.0,0.0,0.0,468
2023-05-10 09:33:41,OP10005363,300ETF沽12月4300,0.0,0.0,0.0,0.0,11,0.317,0.32,10,0.3146,0.331,0.0,0.0,0.0,0.0,468
2023-05-10 09:33:41,OP10005363,300ETF沽12月4300,0.0,0.0,0.0,0.0,11,0.317,0.32,10,0.3146,0.331,0.0,0.0,0.0,0.0,468
2023-05-10 09:33:44,OP10005363,300ETF沽12月4300,0.0,0.0,0.0,0.0,10,0.317,0.32,10,0.3146,0.331,0.0,0.0,0.0,0.0,468
2023-05-10 09:33:44,OP10005363,300ETF沽12月4300,0.0,0.0,0.0,0.0,10,0.317,0.32,10,0.3146,0.331,0.0,0.0,0.0,0.0,468
2023-05-10 09:33:47,OP10005363,300ETF沽12月4300,0.0,0.0,0.0,0.0,10,0.317,0.32,10,0.3146,0.331,0.0,0.0,0.0,0.0,468
2023-05-10 09:33:47,OP10005363,300ETF沽12月4300,0.0,0.0,0.0,0.0,11,0.317,0.32,10,0.3146,0.331,0.0,0.0,0.0,0.0,468
2023-05-10 09:33:47,OP10005363,300ETF沽12月4300,0.0,0.0,0.0,0.0,11,0.317,0.32,10,0.3146,0.331,0.0,0.0,0.0,0.0,468
2023-05-10 09:33:50,OP10005363,300ETF沽12月4300,0.0,0.0,0.0,0.0,11,0.317,0.32,10,0.3146,0.331,0.0,0.0,0.0,0.0,468
2023-05-10 09:33:50,OP10005363,300ETF沽12月4300,0.0,0.0,0.0,0.0,11,0.317,0.32,10,0.3146,0.331,0.0,0.0,0.0,0.0,468
2023-05-10 09:33:53,OP10005363,300ETF沽12月4300,0.0,0.0,0.0,0.0,10,0.317,0.32,10,0.3146,0.331,0.0,0.0,0.0,0.0,468
2023-05-10 09:33:53,OP10005363,300ETF沽12月4300,0.0,0.0,0.0,0.0,10,0.317,0.32,10,0.3146,0.331,0.0,0.0,0.0,0.0,468
2023-05-10 09:33:53,OP10005363,300ETF沽12月4300,0.0,0.0,0.0,0.0,10,0.317,0.32,10,0.3146,0.331,0.0,0.0,0.0,0.0,468
2023-05-10 09:33:53,OP10005363,300ETF沽12月4300,0.0,0.0,0.0,0.0,10,0.317,0.32,10,0.3146,0.331,0.0,0.0,0.0,0.0,468
2023-05-10 09:33:56,OP10005363,300ETF沽12月4300,0.0,0.0,0.0,0.0,10,0.317,0.32,10,0.3146,0.331,0.0,0.0,0.0,0.0,468
2023-05-10 09:33:56,OP10005363,300ETF沽12月4300,0.0,0.0,0.0,0.0,10,0.317,0.32,10,0.3146,0.331,0.0,0.0,0.0,0.0,468
2023-05-10 09:33:59,OP10005363,300ETF沽12月4300,0.0,0.0,0.0,0.0,11,0.317,0.32,10,0.3146,0.331,0.0,0.0,0.0,0.0,468
2023-05-10 09:34:02,OP10005363,300ETF沽12月4300,0.0,0.0,0.0,0.0,11,0.317,0.32,10,0.3146,0.331,0.0,0.0,0.0,0.0,468
2023-05-10 09:34:02,OP10005363,300ETF沽12月4300,0.0,0.0,0.0,0.0,15,0.3174,0.3201,40,0.3146,0.331,0.0,0.0,0.0,0.0,468
2023-05-10 09:34:02,OP10005363,300ETF沽12月4300,0.0,0.0,0.0,0.0,10,0.3176,0.3201,20,0.3146,0.331,0.0,0.0,0.0,0.0,468
2023-05-10 09:34:02,OP10005363,300ETF沽12月4300,0.0,0.0,0.0,0.0,20,0.3176,0.3205,20,0.3146,0.331,0.0,0.0,0.0,0.0,468
2023-05-10 09:34:02,OP10005363,300ETF沽12月4300,0.0,0.0,0.0,0.0,10,0.3177,0.3205,20,0.3146,0.331,0.0,0.0,0.0,0.0,468
2023-05-10 09:34:02,OP10005363,300ETF沽12月4300,0.0,0.0,0.0,0.0,15,0.3181,0.3209,10,0.3146,0.331,0.0,0.0,0.0,0.0,468
2023-05-10 09:34:05,OP10005363,300ETF沽12月4300,0.0,0.0,0.0,0.0,15,0.3181,0.3209,10,0.3146,0.331,0.0,0.0,0.0,0.0,468
2023-05-10 09:34:05,OP10005363,300ETF沽12月4300,0.0,0.0,0.0,0.0,15,0.3181,0.321,10,0.3146,0.331,0.0,0.0,0.0,0.0,468
2023-05-10 09:34:05,OP10005363,300ETF沽12月4300,0.0,0.0,0.0,0.0,15,0.3181,0.321,10,0.3146,0.331,0.0,0.0,0.0,0.0,468
2023-05-10 09:34:05,OP10005363,300ETF沽12月4300,0.0,0.0,0.0,0.0,15,0.3181,0.321,10,0.3146,0.331,0.0,0.0,0.0,0.0,468
2023-05-10 09:34:05,OP10005363,300ETF沽12月4300,0.0,0.0,0.0,0.0,15,0.3181,0.321,10,0.3146,0.331,0.0,0.0,0.0,0.0,468
2023-05-10 09:34:08,OP10005363,300ETF沽12月4300,0.0,0.0,0.0,0.0,15,0.3181,0.321,10,0.3146,0.331,0.0,0.0,0.0,0.0,468
2023-05-10 09:34:11,OP10005363,300ETF沽12月4300,0.0,0.0,0.0,0.0,15,0.3181,0.321,10,0.3146,0.331,0.0,0.0,0.0,0.0,468
2023-05-10 09:34:11,OP10005363,300ETF沽12月4300,0.0,0.0,0.0,0.0,16,0.3181,0.321,10,0.3146,0.331,0.0,0.0,0.0,0.0,468
2023-05-10 09:34:11,OP10005363,300ETF沽12月4300,0.0,0.0,0.0,0.0,16,0.3181,0.321,10,0.3146,0.331,0.0,0.0,0.0,0.0,468
2023-05-10 09:34:11,OP10005363,300ETF沽12月4300,0.0,0.0,0.0,0.0,15,0.3181,0.321,10,0.3146,0.331,0.0,0.0,0.0,0.0,468
2023-05-10 09:34:14,OP10005363,300ETF沽12月4300,0.0,0.0,0.0,0.0,25,0.3181,0.3211,20,0.3146,0.331,0.0,0.0,0.0,0.0,468
2023-05-10 09:34:14,OP10005363,300ETF沽12月4300,0.0,0.0,0.0,0.0,26,0.3181,0.3211,20,0.3146,0.331,0.0,0.0,0.0,0.0,468
2023-05-10 09:34:14,OP10005363,300ETF沽12月4300,0.0,0.0,0.0,0.0,26,0.3181,0.3211,20,0.3146,0.331,0.0,0.0,0.0,0.0,468
2023-05-10 09:34:17,OP10005363,300ETF沽12月4300,0.0,0.0,0.0,0.0,15,0.3181,0.321,10,0.3146,0.331,0.0,0.0,0.0,0.0,468
2023-05-10 09:34:17,OP10005363,300ETF沽12月4300,0.0,0.0,0.0,0.0,15,0.3181,0.321,10,0.3146,0.331,0.0,0.0,0.0,0.0,468
2023-05-10 09:34:17,OP10005363,300ETF沽12月4300,0.0,0.0,0.0,0.0,26,0.3181,0.3211,30,0.3146,0.331,0.0,0.0,0.0,0.0,468
2023-05-10 09:34:17,OP10005363,300ETF沽12月4300,0.0,0.0,0.0,0.0,26,0.3181,0.3211,20,0.3146,0.331,0.0,0.0,0.0,0.0,468
2023-05-10 09:34:20,OP10005363,300ETF沽12月4300,0.0,0.0,0.0,0.0,36,0.3181,0.3211,20,0.3146,0.331,0.0,0.0,0.0,0.0,468
2023-05-10 09:34:20,OP10005363,300ETF沽12月4300,0.0,0.0,0.0,0.0,10,0.3183,0.3211,20,0.3146,0.331,0.0,0.0,0.0,0.0,468
2023-05-10 09:34:20,OP10005363,300ETF沽12月4300,0.0,0.0,0.0,0.0,11,0.3183,0.3211,20,0.3146,0.331,0.0,0.0,0.0,0.0,468
2023-05-10 09:34:20,OP10005363,300ETF沽12月4300,0.0,0.0,0.0,0.0,21,0.3183,0.3211,20,0.3146,0.331,0.0,0.0,0.0,0.0,468
2023-05-10 09:34:23,OP10005363,300ETF沽12月4300,0.0,0.0,0.0,0.0,21,0.3183,0.3211,20,0.3146,0.331,0.0,0.0,0.0,0.0,468
2023-05-10 09:34:23,OP10005363,300ETF沽12月4300,0.0,0.0,0.0,0.0,21,0.3183,0.3211,20,0.3146,0.331,0.0,0.0,0.0,0.0,468
2023-05-10 09:34:26,OP10005363,300ETF沽12月4300,0.0,0.0,0.0,0.0,21,0.3183,0.3213,10,0.3146,0.331,0.0,0.0,0.0,0.0,468
2023-05-10 09:34:26,OP10005363,300ETF沽12月4300,0.0,0.0,0.0,0.0,21,0.3183,0.3214,10,0.3146,0.331,0.0,0.0,0.0,0.0,468
2023-05-10 09:34:29,OP10005363,300ETF沽12月4300,0.0,0.0,0.0,0.0,15,0.3188,0.3215,30,0.3146,0.331,0.0,0.0,0.0,0.0,468
2023-05-10 09:34:29,OP10005363,300ETF沽12月4300,0.0,0.0,0.0,0.0,16,0.3188,0.3215,30,0.3146,0.331,0.0,0.0,0.0,0.0,468
2023-05-10 09:34:29,OP10005363,300ETF沽12月4300,0.0,0.0,0.0,0.0,16,0.3188,0.3218,20,0.3146,0.331,0.0,0.0,0.0,0.0,468
2023-05-10 09:34:32,OP10005363,300ETF沽12月4300,0.0,0.0,0.0,0.0,16,0.3188,0.3218,20,0.3146,0.331,0.0,0.0,0.0,0.0,468
2023-05-10 09:34:32,OP10005363,300ETF沽12月4300,0.0,0.0,0.0,0.0,10,0.3189,0.3221,10,0.3146,0.331,0.0,0.0,0.0,0.0,468
2023-05-10 09:34:32,OP10005363,300ETF沽12月4300,0.0,0.0,0.0,0.0,10,0.319,0.3221,10,0.3146,0.331,0.0,0.0,0.0,0.0,468
2023-05-10 09:34:32,OP10005363,300ETF沽12月4300,0.0,0.0,0.0,0.0,10,0.319,0.3221,10,0.3146,0.331,0.0,0.0,0.0,0.0,468
2023-05-10 09:34:32,OP10005363,300ETF沽12月4300,0.0,0.0,0.0,0.0,10,0.319,0.3223,10,0.3146,0.331,0.0,0.0,0.0,0.0,468
2023-05-10 09:34:35,OP10005363,300ETF沽12月4300,0.0,0.0,0.0,0.0,10,0.319,0.3223,10,0.3146,0.331,0.0,0.0,0.0,0.0,468
2023-05-10 09:34:35,OP10005363,300ETF沽12月4300,0.0,0.0,0.0,0.0,11,0.319,0.3223,10,0.3146,0.331,0.0,0.0,0.0,0.0,468
2023-05-10 09:34:35,OP10005363,300ETF沽12月4300,0.0,0.0,0.0,0.0,11,0.319,0.3223,10,0.3146,0.331,0.0,0.0,0.0,0.0,468
2023-05-10 09:34:35,OP10005363,300ETF沽12月4300,0.0,0.0,0.0,0.0,11,0.319,0.3223,10,0.3146,0.331,0.0,0.0,0.0,0.0,468
2023-05-10 09:34:35,OP10005363,300ETF沽12月4300,0.0,0.0,0.0,0.0,11,0.319,0.3223,10,0.3146,0.331,0.0,0.0,0.0,0.0,468
2023-05-10 09:34:38,OP10005363,300ETF沽12月4300,0.0,0.0,0.0,0.0,11,0.319,0.3223,10,0.3146,0.331,0.0,0.0,0.0,0.0,468
2023-05-10 09:34:38,OP10005363,300ETF沽12月4300,0.0,0.0,0.0,0.0,11,0.319,0.3223,10,0.3146,0.331,0.0,0.0,0.0,0.0,468
2023-05-10 09:34:38,OP10005363,300ETF沽12月4300,0.0,0.0,0.0,0.0,11,0.319,0.3223,10,0.3146,0.331,0.0,0.0,0.0,0.0,468
2023-05-10 09:34:41,OP10005363,300ETF沽12月4300,0.0,0.0,0.0,0.0,11,0.319,0.3223,10,0.3146,0.331,0.0,0.0,0.0,0.0,468
2023-05-10 09:34:41,OP10005363,300ETF沽12月4300,0.0,0.0,0.0,0.0,11,0.319,0.3223,10,0.3146,0.331,0.0,0.0,0.0,0.0,468
2023-05-10 09:34:44,OP10005363,300ETF沽12月4300,0.0,0.0,0.0,0.0,15,0.3195,0.3224,40,0.3146,0.331,0.0,0.0,0.0,0.0,468
2023-05-10 09:34:44,OP10005363,300ETF沽12月4300,0.0,0.0,0.0,0.0,16,0.3195,0.3224,30,0.3146,0.331,0.0,0.0,0.0,0.0,468
2023-05-10 09:34:44,OP10005363,300ETF沽12月4300,0.0,0.0,0.0,0.0,16,0.3195,0.3224,20,0.3146,0.331,0.0,0.0,0.0,0.0,468
2023-05-10 09:34:44,OP10005363,300ETF沽12月4300,0.0,0.0,0.0,0.0,16,0.3195,0.3224,20,0.3146,0.331,0.0,0.0,0.0,0.0,468
2023-05-10 09:34:47,OP10005363,300ETF沽12月4300,0.0,0.0,0.0,0.0,16,0.3195,0.3223,10,0.3146,0.331,0.0,0.0,0.0,0.0,468
2023-05-10 09:34:47,OP10005363,300ETF沽12月4300,0.0,0.0,0.0,0.0,16,0.3195,0.3223,10,0.3146,0.331,0.0,0.0,0.0,0.0,468
2023-05-10 09:34:47,OP10005363,300ETF沽12月4300,0.0,0.0,0.0,0.0,16,0.3195,0.3223,10,0.3146,0.331,0.0,0.0,0.0,0.0,468
2023-05-10 09:34:50,OP10005363,300ETF沽12月4300,0.0,0.0,0.0,0.0,1,0.3195,0.3223,10,0.3146,0.331,0.0,0.0,0.0,0.0,468
2023-05-10 09:34:50,OP10005363,300ETF沽12月4300,0.0,0.0,0.0,0.0,10,0.319,0.3223,10,0.3146,0.331,0.0,0.0,0.0,0.0,468
2023-05-10 09:34:50,OP10005363,300ETF沽12月4300,0.0,0.0,0.0,0.0,1,0.3193,0.3223,10,0.3146,0.331,0.0,0.0,0.0,0.0,468
2023-05-10 09:34:50,OP10005363,300ETF沽12月4300,0.0,0.0,0.0,0.0,1,0.3191,0.3223,10,0.3146,0.331,0.0,0.0,0.0,0.0,468
2023-05-10 09:34:59,OP10005363,300ETF沽12月4300,0.0,0.0,0.0,0.0,1,0.3191,0.3223,10,0.3146,0.331,0.0,0.0,0.0,0.0,468
2023-05-10 09:34:59,OP10005363,300ETF沽12月4300,0.0,0.0,0.0,0.0,1,0.3191,0.3223,10,0.3146,0.331,0.0,0.0,0.0,0.0,468
2023-05-10 09:34:59,OP10005363,300ETF沽12月4300,0.0,0.0,0.0,0.0,1,0.3191,0.3223,10,0.3146,0.331,0.0,0.0,0.0,0.0,468
2023-05-10 09:34:59,OP10005363,300ETF沽12月4300,0.0,0.0,0.0,0.0,10,0.3192,0.3223,10,0.3146,0.331,0.0,0.0,0.0,0.0,468
2023-05-10 09:34:59,OP10005363,300ETF沽12月4300,0.0,0.0,0.0,0.0,11,0.3192,0.3223,10,0.3146,0.331,0.0,0.0,0.0,0.0,468
2023-05-10 09:35:02,OP10005363,300ETF沽12月4300,0.0,0.0,0.0,0.0,15,0.3194,0.3224,20,0.3146,0.331,0.0,0.0,0.0,0.0,468
2023-05-10 09:35:02,OP10005363,300ETF沽12月4300,0.0,0.0,0.0,0.0,10,0.32,0.3224,20,0.3146,0.331,0.0,0.0,0.0,0.0,468
2023-05-10 09:35:02,OP10005363,300ETF沽12月4300,0.0,0.0,0.0,0.0,30,0.32,0.3224,20,0.3146,0.331,0.0,0.0,0.0,0.0,468
2023-05-10 09:35:02,OP10005363,300ETF沽12月4300,0.0,0.0,0.0,0.0,15,0.3201,0.323,30,0.3146,0.331,0.0,0.0,0.0,0.0,468
2023-05-10 09:35:02,OP10005363,300ETF沽12月4300,0.0,0.0,0.0,0.0,15,0.3201,0.323,30,0.3146,0.331,0.0,0.0,0.0,0.0,468
2023-05-10 09:35:02,OP10005363,300ETF沽12月4300,0.0,0.0,0.0,0.0,10,0.3202,0.323,20,0.3146,0.331,0.0,0.0,0.0,0.0,468
2023-05-10 09:35:05,OP10005363,300ETF沽12月4300,0.0,0.0,0.0,0.0,10,0.3202,0.323,20,0.3146,0.331,0.0,0.0,0.0,0.0,468
2023-05-10 09:35:05,OP10005363,300ETF沽12月4300,0.0,0.0,0.0,0.0,15,0.3209,0.3234,20,0.3146,0.331,0.0,0.0,0.0,0.0,468
2023-05-10 09:35:05,OP10005363,300ETF沽12月4300,0.0,0.0,0.0,0.0,15,0.3209,0.3234,10,0.3146,0.331,0.0,0.0,0.0,0.0,468
2023-05-10 09:35:05,OP10005363,300ETF沽12月4300,0.0,0.0,0.0,0.0,15,0.3209,0.3234,20,0.3146,0.331,0.0,0.0,0.0,0.0,468
2023-05-10 09:35:05,OP10005363,300ETF沽12月4300,0.0,0.0,0.0,0.0,10,0.3207,0.3233,10,0.3146,0.331,0.0,0.0,0.0,0.0,468
2023-05-10 09:35:05,OP10005363,300ETF沽12月4300,0.0,0.0,0.0,0.0,1,0.3201,0.3233,20,0.3146,0.331,0.0,0.0,0.0,0.0,468
2023-05-10 09:35:08,OP10005363,300ETF沽12月4300,0.0,0.0,0.0,0.0,1,0.3201,0.3232,10,0.3146,0.331,0.0,0.0,0.0,0.0,468
2023-05-10 09:35:08,OP10005363,300ETF沽12月4300,0.0,0.0,0.0,0.0,1,0.3201,0.3232,10,0.3146,0.331,0.0,0.0,0.0,0.0,468
2023-05-10 09:35:08,OP10005363,300ETF沽12月4300,0.0,0.0,0.0,0.0,1,0.3201,0.3232,10,0.3146,0.331,0.0,0.0,0.0,0.0,468
2023-05-10 09:35:08,OP10005363,300ETF沽12月4300,0.0,0.0,0.0,0.0,1,0.3201,0.3232,10,0.3146,0.331,0.0,0.0,0.0,0.0,468
2023-05-10 09:35:08,OP10005363,300ETF沽12月4300,0.0,0.0,0.0,0.0,1,0.3201,0.3232,10,0.3146,0.331,0.0,0.0,0.0,0.0,468
2023-05-10 09:35:08,OP10005363,300ETF沽12月4300,0.0,0.0,0.0,0.0,1,0.3201,0.3232,10,0.3146,0.331,0.0,0.0,0.0,0.0,468
2023-05-10 09:35:11,OP10005363,300ETF沽12月4300,0.0,0.0,0.0,0.0,1,0.3201,0.3232,10,0.3146,0.331,0.0,0.0,0.0,0.0,468
2023-05-10 09:35:14,OP10005363,300ETF沽12月4300,0.0,0.0,0.0,0.0,1,0.3202,0.3232,10,0.3146,0.331,0.0,0.0,0.0,0.0,468
2023-05-10 09:35:14,OP10005363,300ETF沽12月4300,0.0,0.0,0.0,0.0,1,0.3202,0.3232,10,0.3146,0.331,0.0,0.0,0.0,0.0,468
2023-05-10 09:35:14,OP10005363,300ETF沽12月4300,0.0,0.0,0.0,0.0,1,0.3202,0.3232,10,0.3146,0.331,0.0,0.0,0.0,0.0,468
2023-05-10 09:35:14,OP10005363,300ETF沽12月4300,0.0,0.0,0.0,0.0,10,0.3203,0.3233,40,0.3146,0.331,0.0,0.0,0.0,0.0,468
2023-05-10 09:35:14,OP10005363,300ETF沽12月4300,0.0,0.0,0.0,0.0,10,0.3203,0.3233,30,0.3146,0.331,0.0,0.0,0.0,0.0,468
2023-05-10 09:35:17,OP10005363,300ETF沽12月4300,0.0,0.0,0.0,0.0,10,0.3203,0.3233,30,0.3146,0.331,0.0,0.0,0.0,0.0,468
2023-05-10 09:35:17,OP10005363,300ETF沽12月4300,0.0,0.0,0.0,0.0,30,0.3203,0.3233,30,0.3146,0.331,0.0,0.0,0.0,0.0,468
2023-05-10 09:35:17,OP10005363,300ETF沽12月4300,0.0,0.0,0.0,0.0,31,0.3203,0.3233,30,0.3146,0.331,0.0,0.0,0.0,0.0,468
2023-05-10 09:35:17,OP10005363,300ETF沽12月4300,0.0,0.0,0.0,0.0,15,0.3207,0.3233,20,0.3146,0.331,0.0,0.0,0.0,0.0,468
2023-05-10 09:35:17,OP10005363,300ETF沽12月4300,0.0,0.0,0.0,0.0,15,0.3207,0.3233,20,0.3146,0.331,0.0,0.0,0.0,0.0,468
2023-05-10 09:35:20,OP10005363,300ETF沽12月4300,0.0,0.0,0.0,0.0,15,0.3207,0.3233,10,0.3146,0.331,0.0,0.0,0.0,0.0,468
2023-05-10 09:35:20,OP10005363,300ETF沽12月4300,0.0,0.0,0.0,0.0,15,0.3207,0.3233,30,0.3146,0.331,0.0,0.0,0.0,0.0,468
2023-05-10 09:35:23,OP10005363,300ETF沽12月4300,0.0,0.0,0.0,0.0,16,0.3207,0.3233,30,0.3146,0.331,0.0,0.0,0.0,0.0,468
2023-05-10 09:35:23,OP10005363,300ETF沽12月4300,0.0,0.0,0.0,0.0,16,0.3207,0.3233,20,0.3146,0.331,0.0,0.0,0.0,0.0,468
2023-05-10 09:35:23,OP10005363,300ETF沽12月4300,0.0,0.0,0.0,0.0,16,0.3207,0.3237,40,0.3146,0.331,0.0,0.0,0.0,0.0,468
2023-05-10 09:35:23,OP10005363,300ETF沽12月4300,0.0,0.0,0.0,0.0,16,0.3207,0.3237,40,0.3146,0.331,0.0,0.0,0.0,0.0,468
2023-05-10 09:35:26,OP10005363,300ETF沽12月4300,0.0,0.0,0.0,0.0,36,0.3207,0.3237,30,0.3146,0.331,0.0,0.0,0.0,0.0,468
2023-05-10 09:35:26,OP10005363,300ETF沽12月4300,0.0,0.0,0.0,0.0,36,0.3207,0.3237,30,0.3146,0.331,0.0,0.0,0.0,0.0,468
2023-05-10 09:35:29,OP10005363,300ETF沽12月4300,0.0,0.0,0.0,0.0,36,0.3207,0.3237,30,0.3146,0.331,0.0,0.0,0.0,0.0,468
2023-05-10 09:35:29,OP10005363,300ETF沽12月4300,0.0,0.0,0.0,0.0,36,0.3207,0.3236,10,0.3146,0.331,0.0,0.0,0.0,0.0,468
2023-05-10 09:35:32,OP10005363,300ETF沽12月4300,0.0,0.0,0.0,0.0,36,0.3207,0.3236,10,0.3146,0.331,0.0,0.0,0.0,0.0,468
2023-05-10 09:35:32,OP10005363,300ETF沽12月4300,0.0,0.0,0.0,0.0,36,0.3207,0.3236,10,0.3146,0.331,0.0,0.0,0.0,0.0,468
2023-05-10 09:35:32,OP10005363,300ETF沽12月4300,0.0,0.0,0.0,0.0,1,0.3208,0.3236,10,0.3146,0.331,0.0,0.0,0.0,0.0,468
2023-05-10 09:35:35,OP10005363,300ETF沽12月4300,0.0,0.0,0.0,0.0,35,0.3207,0.3236,10,0.3146,0.331,0.0,0.0,0.0,0.0,468
2023-05-10 09:35:38,OP10005363,300ETF沽12月4300,0.0,0.0,0.0,0.0,36,0.3207,0.3236,10,0.3146,0.331,0.0,0.0,0.0,0.0,468
2023-05-10 09:35:38,OP10005363,300ETF沽12月4300,0.0,0.0,0.0,0.0,36,0.3207,0.3236,10,0.3146,0.331,0.0,0.0,0.0,0.0,468
2023-05-10 09:35:41,OP10005363,300ETF沽12月4300,0.0,0.0,0.0,0.0,36,0.3207,0.3236,10,0.3146,0.331,0.0,0.0,0.0,0.0,468
2023-05-10 09:35:44,OP10005363,300ETF沽12月4300,0.0,0.0,0.0,0.0,36,0.3207,0.3236,10,0.3146,0.331,0.0,0.0,0.0,0.0,468
2023-05-10 09:35:44,OP10005363,300ETF沽12月4300,0.0,0.0,0.0,0.0,20,0.3205,0.3236,10,0.3146,0.331,0.0,0.0,0.0,0.0,468
2023-05-10 09:35:47,OP10005363,300ETF沽12月4300,0.0,0.0,0.0,0.0,10,0.3205,0.3236,10,0.3146,0.331,0.0,0.0,0.0,0.0,468
2023-05-10 09:35:47,OP10005363,300ETF沽12月4300,0.0,0.0,0.0,0.0,20,0.3203,0.3236,10,0.3146,0.331,0.0,0.0,0.0,0.0,468
2023-05-10 09:35:47,OP10005363,300ETF沽12月4300,0.0,0.0,0.0,0.0,1,0.3201,0.3236,10,0.3146,0.331,0.0,0.0,0.0,0.0,468
2023-05-10 09:35:56,OP10005363,300ETF沽12月4300,0.0,0.0,0.0,0.0,1,0.3201,0.3236,10,0.3146,0.331,0.0,0.0,0.0,0.0,468
2023-05-10 09:35:56,OP10005363,300ETF沽12月4300,0.0,0.0,0.0,0.0,16,0.3201,0.323,15,0.3146,0.331,0.0,0.0,0.0,0.0,468
2023-05-10 09:35:56,OP10005363,300ETF沽12月4300,0.0,0.0,0.0,0.0,16,0.3201,0.3229,10,0.3146,0.331,0.0,0.0,0.0,0.0,468
2023-05-10 09:35:56,OP10005363,300ETF沽12月4300,0.0,0.0,0.0,0.0,1,0.3202,0.3229,10,0.3146,0.331,0.0,0.0,0.0,0.0,468
2023-05-10 09:35:56,OP10005363,300ETF沽12月4300,0.0,0.0,0.0,0.0,1,0.3202,0.3229,10,0.3146,0.331,0.0,0.0,0.0,0.0,468
2023-05-10 09:35:59,OP10005363,300ETF沽12月4300,0.0,0.0,0.0,0.0,40,0.3199,0.3225,15,0.3146,0.331,0.0,0.0,0.0,0.0,468
2023-05-10 09:35:59,OP10005363,300ETF沽12月4300,0.0,0.0,0.0,0.0,11,0.3199,0.3224,10,0.3146,0.331,0.0,0.0,0.0,0.0,468
2023-05-10 09:35:59,OP10005363,300ETF沽12月4300,0.0,0.0,0.0,0.0,1,0.3199,0.3224,30,0.3146,0.331,0.0,0.0,0.0,0.0,468
2023-05-10 09:35:59,OP10005363,300ETF沽12月4300,0.0,0.0,0.0,0.0,1,0.3199,0.3223,10,0.3146,0.331,0.0,0.0,0.0,0.0,468
2023-05-10 09:35:59,OP10005363,300ETF沽12月4300,0.0,0.0,0.0,0.0,1,0.3197,0.3223,10,0.3146,0.331,0.0,0.0,0.0,0.0,468
2023-05-10 09:35:59,OP10005363,300ETF沽12月4300,0.0,0.0,0.0,0.0,1,0.3197,0.3223,10,0.3146,0.331,0.0,0.0,0.0,0.0,468
2023-05-10 09:36:02,OP10005363,300ETF沽12月4300,0.0,0.0,0.0,0.0,1,0.3197,0.3223,10,0.3146,0.331,0.0,0.0,0.0,0.0,468
2023-05-10 09:36:02,OP10005363,300ETF沽12月4300,0.0,0.0,0.0,0.0,1,0.3197,0.3217,15,0.3146,0.331,0.0,0.0,0.0,0.0,468
2023-05-10 09:36:02,OP10005363,300ETF沽12月4300,0.0,0.0,0.0,0.0,1,0.3197,0.3216,10,0.3146,0.331,0.0,0.0,0.0,0.0,468
2023-05-10 09:36:02,OP10005363,300ETF沽12月4300,0.0,0.0,0.0,0.0,1,0.3195,0.3216,10,0.3146,0.331,0.0,0.0,0.0,0.0,468
2023-05-10 09:36:05,OP10005363,300ETF沽12月4300,0.0,0.0,0.0,0.0,1,0.3195,0.3216,10,0.3146,0.331,0.0,0.0,0.0,0.0,468
2023-05-10 09:36:05,OP10005363,300ETF沽12月4300,0.0,0.0,0.0,0.0,1,0.3195,0.3216,10,0.3146,0.331,0.0,0.0,0.0,0.0,468
2023-05-10 09:36:05,OP10005363,300ETF沽12月4300,0.0,0.0,0.0,0.0,1,0.3195,0.3216,10,0.3146,0.331,0.0,0.0,0.0,0.0,468
2023-05-10 09:36:05,OP10005363,300ETF沽12月4300,0.0,0.0,0.0,0.0,1,0.3195,0.3216,10,0.3146,0.331,0.0,0.0,0.0,0.0,468
2023-05-10 09:36:05,OP10005363,300ETF沽12月4300,0.0,0.0,0.0,0.0,1,0.3195,0.3216,10,0.3146,0.331,0.0,0.0,0.0,0.0,468
2023-05-10 09:36:05,OP10005363,300ETF沽12月4300,0.0,0.0,0.0,0.0,1,0.3195,0.3216,10,0.3146,0.331,0.0,0.0,0.0,0.0,468
2023-05-10 09:36:08,OP10005363,300ETF沽12月4300,0.0,0.0,0.0,0.0,1,0.3193,0.3216,10,0.3146,0.331,0.0,0.0,0.0,0.0,468
2023-05-10 09:36:08,OP10005363,300ETF沽12月4300,0.0,0.0,0.0,0.0,1,0.3193,0.3216,10,0.3146,0.331,0.0,0.0,0.0,0.0,468
2023-05-10 09:36:08,OP10005363,300ETF沽12月4300,0.0,0.0,0.0,0.0,1,0.3193,0.3216,10,0.3146,0.331,0.0,0.0,0.0,0.0,468
2023-05-10 09:36:08,OP10005363,300ETF沽12月4300,0.0,0.0,0.0,0.0,1,0.3191,0.3211,15,0.3146,0.331,0.0,0.0,0.0,0.0,468
2023-05-10 09:36:08,OP10005363,300ETF沽12月4300,0.0,0.0,0.0,0.0,20,0.3184,0.321,10,0.3146,0.331,0.0,0.0,0.0,0.0,468
2023-05-10 09:36:08,OP10005363,300ETF沽12月4300,0.0,0.0,0.0,0.0,11,0.3184,0.321,10,0.3146,0.331,0.0,0.0,0.0,0.0,468
2023-05-10 09:36:11,OP10005363,300ETF沽12月4300,0.0,0.0,0.0,0.0,11,0.3184,0.321,10,0.3146,0.331,0.0,0.0,0.0,0.0,468
2023-05-10 09:36:11,OP10005363,300ETF沽12月4300,0.0,0.0,0.0,0.0,46,0.3184,0.321,10,0.3146,0.331,0.0,0.0,0.0,0.0,468
2023-05-10 09:36:11,OP10005363,300ETF沽12月4300,0.0,0.0,0.0,0.0,46,0.3184,0.321,10,0.3146,0.331,0.0,0.0,0.0,0.0,468
2023-05-10 09:36:11,OP10005363,300ETF沽12月4300,0.0,0.0,0.0,0.0,46,0.3184,0.321,10,0.3146,0.331,0.0,0.0,0.0,0.0,468
2023-05-10 09:36:14,OP10005363,300ETF沽12月4300,0.0,0.0,0.0,0.0,46,0.3184,0.321,10,0.3146,0.331,0.0,0.0,0.0,0.0,468
2023-05-10 09:36:14,OP10005363,300ETF沽12月4300,0.0,0.0,0.0,0.0,26,0.3184,0.321,10,0.3146,0.331,0.0,0.0,0.0,0.0,468
2023-05-10 09:36:14,OP10005363,300ETF沽12月4300,0.0,0.0,0.0,0.0,1,0.3184,0.321,25,0.3146,0.331,0.0,0.0,0.0,0.0,468
2023-05-10 09:36:14,OP10005363,300ETF沽12月4300,0.0,0.0,0.0,0.0,1,0.3184,0.3209,10,0.3146,0.331,0.0,0.0,0.0,0.0,468
2023-05-10 09:36:17,OP10005363,300ETF沽12月4300,0.0,0.0,0.0,0.0,1,0.3184,0.3209,10,0.3146,0.331,0.0,0.0,0.0,0.0,468
2023-05-10 09:36:17,OP10005363,300ETF沽12月4300,0.0,0.0,0.0,0.0,1,0.3184,0.3209,10,0.3146,0.331,0.0,0.0,0.0,0.0,468
2023-05-10 09:36:17,OP10005363,300ETF沽12月4300,0.0,0.0,0.0,0.0,1,0.3184,0.3209,10,0.3146,0.331,0.0,0.0,0.0,0.0,468
2023-05-10 09:36:17,OP10005363,300ETF沽12月4300,0.0,0.0,0.0,0.0,1,0.3182,0.3209,10,0.3146,0.331,0.0,0.0,0.0,0.0,468
2023-05-10 09:36:17,OP10005363,300ETF沽12月4300,0.0,0.0,0.0,0.0,1,0.3182,0.3209,10,0.3146,0.331,0.0,0.0,0.0,0.0,468
2023-05-10 09:36:20,OP10005363,300ETF沽12月4300,0.0,0.0,0.0,0.0,1,0.3182,0.3209,10,0.3146,0.331,0.0,0.0,0.0,0.0,468
2023-05-10 09:36:20,OP10005363,300ETF沽12月4300,0.0,0.0,0.0,0.0,1,0.3182,0.3204,15,0.3146,0.331,0.0,0.0,0.0,0.0,468
2023-05-10 09:36:20,OP10005363,300ETF沽12月4300,0.0,0.0,0.0,0.0,1,0.3182,0.3203,10,0.3146,0.331,0.0,0.0,0.0,0.0,468
2023-05-10 09:36:20,OP10005363,300ETF沽12月4300,0.0,0.0,0.0,0.0,1,0.3182,0.3203,10,0.3146,0.331,0.0,0.0,0.0,0.0,468
2023-05-10 09:36:20,OP10005363,300ETF沽12月4300,0.0,0.0,0.0,0.0,10,0.3176,0.3203,10,0.3146,0.331,0.0,0.0,0.0,0.0,468
2023-05-10 09:36:23,OP10005363,300ETF沽12月4300,0.0,0.0,0.0,0.0,1,0.318,0.3203,10,0.3146,0.331,0.0,0.0,0.0,0.0,468
2023-05-10 09:36:23,OP10005363,300ETF沽12月4300,0.0,0.0,0.0,0.0,1,0.318,0.3203,10,0.3146,0.331,0.0,0.0,0.0,0.0,468
2023-05-10 09:36:23,OP10005363,300ETF沽12月4300,0.0,0.0,0.0,0.0,1,0.318,0.3203,10,0.3146,0.331,0.0,0.0,0.0,0.0,468
2023-05-10 09:36:23,OP10005363,300ETF沽12月4300,0.0,0.0,0.0,0.0,1,0.318,0.3203,10,0.3146,0.331,0.0,0.0,0.0,0.0,468
2023-05-10 09:36:26,OP10005363,300ETF沽12月4300,0.0,0.0,0.0,0.0,1,0.318,0.3203,10,0.3146,0.331,0.0,0.0,0.0,0.0,468
2023-05-10 09:36:29,OP10005363,300ETF沽12月4300,0.0,0.0,0.0,0.0,1,0.318,0.3203,10,0.3146,0.331,0.0,0.0,0.0,0.0,468
2023-05-10 09:36:29,OP10005363,300ETF沽12月4300,0.0,0.0,0.0,0.0,1,0.318,0.3207,10,0.3146,0.331,0.0,0.0,0.0,0.0,468
2023-05-10 09:36:29,OP10005363,300ETF沽12月4300,0.0,0.0,0.0,0.0,10,0.3184,0.3207,10,0.3146,0.331,0.0,0.0,0.0,0.0,468
2023-05-10 09:36:29,OP10005363,300ETF沽12月4300,0.0,0.0,0.0,0.0,11,0.3184,0.3211,30,0.3146,0.331,0.0,0.0,0.0,0.0,468
2023-05-10 09:36:29,OP10005363,300ETF沽12月4300,0.0,0.0,0.0,0.0,31,0.3184,0.3211,10,0.3146,0.331,0.0,0.0,0.0,0.0,468
2023-05-10 09:36:32,OP10005363,300ETF沽12月4300,0.0,0.0,0.0,0.0,15,0.3192,0.3215,20,0.3146,0.331,0.0,0.0,0.0,0.0,468
2023-05-10 09:36:32,OP10005363,300ETF沽12月4300,0.0,0.0,0.0,0.0,35,0.3192,0.3215,20,0.3146,0.331,0.0,0.0,0.0,0.0,468
2023-05-10 09:36:32,OP10005363,300ETF沽12月4300,0.0,0.0,0.0,0.0,35,0.3192,0.3214,10,0.3146,0.331,0.0,0.0,0.0,0.0,468
2023-05-10 09:36:32,OP10005363,300ETF沽12月4300,0.0,0.0,0.0,0.0,20,0.3187,0.3214,10,0.3146,0.331,0.0,0.0,0.0,0.0,468
2023-05-10 09:36:32,OP10005363,300ETF沽12月4300,0.0,0.0,0.0,0.0,20,0.3187,0.3214,10,0.3146,0.331,0.0,0.0,0.0,0.0,468
2023-05-10 09:36:35,OP10005363,300ETF沽12月4300,0.0,0.0,0.0,0.0,20,0.3187,0.3214,10,0.3146,0.331,0.0,0.0,0.0,0.0,468
2023-05-10 09:36:35,OP10005363,300ETF沽12月4300,0.0,0.0,0.0,0.0,21,0.3187,0.3214,10,0.3146,0.331,0.0,0.0,0.0,0.0,468
2023-05-10 09:36:38,OP10005363,300ETF沽12月4300,0.0,0.0,0.0,0.0,11,0.3187,0.3214,10,0.3146,0.331,0.0,0.0,0.0,0.0,468
2023-05-10 09:36:38,OP10005363,300ETF沽12月4300,0.0,0.0,0.0,0.0,1,0.3187,0.3214,25,0.3146,0.331,0.0,0.0,0.0,0.0,468
2023-05-10 09:36:38,OP10005363,300ETF沽12月4300,0.0,0.0,0.0,0.0,1,0.3187,0.3213,10,0.3146,0.331,0.0,0.0,0.0,0.0,468
2023-05-10 09:36:38,OP10005363,300ETF沽12月4300,0.0,0.0,0.0,0.0,1,0.3187,0.3213,10,0.3146,0.331,0.0,0.0,0.0,0.0,468
2023-05-10 09:36:38,OP10005363,300ETF沽12月4300,0.0,0.0,0.0,0.0,1,0.3185,0.3213,10,0.3146,0.331,0.0,0.0,0.0,0.0,468
2023-05-10 09:36:41,OP10005363,300ETF沽12月4300,0.0,0.0,0.0,0.0,1,0.3185,0.3213,10,0.3146,0.331,0.0,0.0,0.0,0.0,468
2023-05-10 09:36:41,OP10005363,300ETF沽12月4300,0.0,0.0,0.0,0.0,1,0.3183,0.3213,10,0.3146,0.331,0.0,0.0,0.0,0.0,468
2023-05-10 09:36:44,OP10005363,300ETF沽12月4300,0.0,0.0,0.0,0.0,1,0.3183,0.3213,10,0.3146,0.331,0.0,0.0,0.0,0.0,468
2023-05-10 09:36:44,OP10005363,300ETF沽12月4300,0.0,0.0,0.0,0.0,1,0.3183,0.3213,10,0.3146,0.331,0.0,0.0,0.0,0.0,468
2023-05-10 09:36:44,OP10005363,300ETF沽12月4300,0.0,0.0,0.0,0.0,1,0.3183,0.3213,10,0.3146,0.331,0.0,0.0,0.0,0.0,468
2023-05-10 09:36:44,OP10005363,300ETF沽12月4300,0.0,0.0,0.0,0.0,1,0.3183,0.3213,10,0.3146,0.331,0.0,0.0,0.0,0.0,468
2023-05-10 09:36:44,OP10005363,300ETF沽12月4300,0.0,0.0,0.0,0.0,1,0.3183,0.3213,10,0.3146,0.331,0.0,0.0,0.0,0.0,468
2023-05-10 09:36:47,OP10005363,300ETF沽12月4300,0.0,0.0,0.0,0.0,15,0.3186,0.3213,10,0.3146,0.331,0.0,0.0,0.0,0.0,468
2023-05-10 09:36:47,OP10005363,300ETF沽12月4300,0.0,0.0,0.0,0.0,36,0.3186,0.3214,10,0.3146,0.331,0.0,0.0,0.0,0.0,468
2023-05-10 09:36:47,OP10005363,300ETF沽12月4300,0.0,0.0,0.0,0.0,36,0.3186,0.3214,10,0.3146,0.331,0.0,0.0,0.0,0.0,468
2023-05-10 09:36:47,OP10005363,300ETF沽12月4300,0.0,0.0,0.0,0.0,36,0.3186,0.3214,10,0.3146,0.331,0.0,0.0,0.0,0.0,468
2023-05-10 09:36:53,OP10005363,300ETF沽12月4300,0.0,0.0,0.0,0.0,36,0.3186,0.3214,10,0.3146,0.331,0.0,0.0,0.0,0.0,468
2023-05-10 09:36:53,OP10005363,300ETF沽12月4300,0.0,0.0,0.0,0.0,36,0.3186,0.3214,10,0.3146,0.331,0.0,0.0,0.0,0.0,468
2023-05-10 09:36:53,OP10005363,300ETF沽12月4300,0.0,0.0,0.0,0.0,10,0.3187,0.3215,20,0.3146,0.331,0.0,0.0,0.0,0.0,468
2023-05-10 09:36:53,OP10005363,300ETF沽12月4300,0.0,0.0,0.0,0.0,1,0.3187,0.3214,10,0.3146,0.331,0.0,0.0,0.0,0.0,468
2023-05-10 09:36:56,OP10005363,300ETF沽12月4300,0.0,0.0,0.0,0.0,1,0.3187,0.3221,10,0.3146,0.331,0.0,0.0,0.0,0.0,468
2023-05-10 09:36:56,OP10005363,300ETF沽12月4300,0.0,0.0,0.0,0.0,15,0.3193,0.3221,10,0.3146,0.331,0.0,0.0,0.0,0.0,468
2023-05-10 09:36:56,OP10005363,300ETF沽12月4300,0.0,0.0,0.0,0.0,15,0.3193,0.3221,10,0.3146,0.331,0.0,0.0,0.0,0.0,468
2023-05-10 09:36:56,OP10005363,300ETF沽12月4300,0.0,0.0,0.0,0.0,15,0.3193,0.3227,10,0.3146,0.331,0.0,0.0,0.0,0.0,468
2023-05-10 09:36:56,OP10005363,300ETF沽12月4300,0.0,0.0,0.0,0.0,15,0.3193,0.3227,10,0.3146,0.331,0.0,0.0,0.0,0.0,468
2023-05-10 09:36:56,OP10005363,300ETF沽12月4300,0.0,0.0,0.0,0.0,16,0.3193,0.3227,10,0.3146,0.331,0.0,0.0,0.0,0.0,468
2023-05-10 09:36:59,OP10005363,300ETF沽12月4300,0.0,0.0,0.0,0.0,16,0.3193,0.3227,10,0.3146,0.331,0.0,0.0,0.0,0.0,468
2023-05-10 09:36:59,OP10005363,300ETF沽12月4300,0.0,0.0,0.0,0.0,16,0.3193,0.3227,10,0.3146,0.331,0.0,0.0,0.0,0.0,468
2023-05-10 09:36:59,OP10005363,300ETF沽12月4300,0.0,0.0,0.0,0.0,10,0.3194,0.3228,10,0.3146,0.331,0.0,0.0,0.0,0.0,468
2023-05-10 09:36:59,OP10005363,300ETF沽12月4300,0.0,0.0,0.0,0.0,10,0.3201,0.3232,20,0.3146,0.331,0.0,0.0,0.0,0.0,468
2023-05-10 09:36:59,OP10005363,300ETF沽12月4300,0.0,0.0,0.0,0.0,10,0.3201,0.3231,10,0.3146,0.331,0.0,0.0,0.0,0.0,468
2023-05-10 09:36:59,OP10005363,300ETF沽12月4300,0.0,0.0,0.0,0.0,10,0.3202,0.3236,25,0.3146,0.331,0.0,0.0,0.0,0.0,468
2023-05-10 09:37:02,OP10005363,300ETF沽12月4300,0.0,0.0,0.0,0.0,10,0.3202,0.3236,25,0.3146,0.331,0.0,0.0,0.0,0.0,468
2023-05-10 09:37:02,OP10005363,300ETF沽12月4300,0.0,0.0,0.0,0.0,11,0.3202,0.3236,25,0.3146,0.331,0.0,0.0,0.0,0.0,468
2023-05-10 09:37:02,OP10005363,300ETF沽12月4300,0.0,0.0,0.0,0.0,10,0.3203,0.3236,25,0.3146,0.331,0.0,0.0,0.0,0.0,468
2023-05-10 09:37:02,OP10005363,300ETF沽12月4300,0.0,0.0,0.0,0.0,15,0.3207,0.3236,10,0.3146,0.331,0.0,0.0,0.0,0.0,468
2023-05-10 09:37:02,OP10005363,300ETF沽12月4300,0.0,0.0,0.0,0.0,15,0.3207,0.3237,10,0.3146,0.331,0.0,0.0,0.0,0.0,468
2023-05-10 09:37:02,OP10005363,300ETF沽12月4300,0.0,0.0,0.0,0.0,15,0.3207,0.3241,10,0.3146,0.331,0.0,0.0,0.0,0.0,468
2023-05-10 09:37:05,OP10005363,300ETF沽12月4300,0.0,0.0,0.0,0.0,15,0.3207,0.3241,10,0.3146,0.331,0.0,0.0,0.0,0.0,468
2023-05-10 09:37:05,OP10005363,300ETF沽12月4300,0.0,0.0,0.0,0.0,10,0.3208,0.3241,10,0.3146,0.331,0.0,0.0,0.0,0.0,468
2023-05-10 09:37:05,OP10005363,300ETF沽12月4300,0.0,0.0,0.0,0.0,30,0.3208,0.3241,10,0.3146,0.331,0.0,0.0,0.0,0.0,468
2023-05-10 09:37:05,OP10005363,300ETF沽12月4300,0.0,0.0,0.0,0.0,31,0.3208,0.3241,10,0.3146,0.331,0.0,0.0,0.0,0.0,468
2023-05-10 09:37:08,OP10005363,300ETF沽12月4300,0.0,0.0,0.0,0.0,31,0.3208,0.3241,10,0.3146,0.331,0.0,0.0,0.0,0.0,468
2023-05-10 09:37:08,OP10005363,300ETF沽12月4300,0.0,0.0,0.0,0.0,11,0.3208,0.3241,10,0.3146,0.331,0.0,0.0,0.0,0.0,468
2023-05-10 09:37:08,OP10005363,300ETF沽12月4300,0.0,0.0,0.0,0.0,11,0.3208,0.3241,10,0.3146,0.331,0.0,0.0,0.0,0.0,468
2023-05-10 09:37:11,OP10005363,300ETF沽12月4300,0.0,0.0,0.0,0.0,1,0.3208,0.323,15,0.3146,0.331,0.0,0.0,0.0,0.0,468
2023-05-10 09:37:11,OP10005363,300ETF沽12月4300,0.0,0.0,0.0,0.0,20,0.3198,0.3229,10,0.3146,0.331,0.0,0.0,0.0,0.0,468
2023-05-10 09:37:11,OP10005363,300ETF沽12月4300,0.0,0.0,0.0,0.0,1,0.3206,0.3229,10,0.3146,0.331,0.0,0.0,0.0,0.0,468
2023-05-10 09:37:11,OP10005363,300ETF沽12月4300,0.0,0.0,0.0,0.0,30,0.3198,0.3229,10,0.3146,0.331,0.0,0.0,0.0,0.0,468
2023-05-10 09:37:11,OP10005363,300ETF沽12月4300,0.0,0.0,0.0,0.0,31,0.3198,0.3229,10,0.3146,0.331,0.0,0.0,0.0,0.0,468
2023-05-10 09:37:14,OP10005363,300ETF沽12月4300,0.0,0.0,0.0,0.0,15,0.3202,0.3229,10,0.3146,0.331,0.0,0.0,0.0,0.0,468
2023-05-10 09:37:14,OP10005363,300ETF沽12月4300,0.0,0.0,0.0,0.0,35,0.3202,0.323,20,0.3146,0.331,0.0,0.0,0.0,0.0,468
2023-05-10 09:37:14,OP10005363,300ETF沽12月4300,0.0,0.0,0.0,0.0,35,0.3202,0.323,20,0.3146,0.331,0.0,0.0,0.0,0.0,468
2023-05-10 09:37:14,OP10005363,300ETF沽12月4300,0.0,0.0,0.0,0.0,36,0.3202,0.323,20,0.3146,0.331,0.0,0.0,0.0,0.0,468
2023-05-10 09:37:14,OP10005363,300ETF沽12月4300,0.0,0.0,0.0,0.0,36,0.3202,0.323,20,0.3146,0.331,0.0,0.0,0.0,0.0,468
2023-05-10 09:37:17,OP10005363,300ETF沽12月4300,0.0,0.0,0.0,0.0,36,0.3202,0.323,20,0.3146,0.331,0.0,0.0,0.0,0.0,468
2023-05-10 09:37:17,OP10005363,300ETF沽12月4300,0.0,0.0,0.0,0.0,21,0.3202,0.3229,25,0.3146,0.331,0.0,0.0,0.0,0.0,468
2023-05-10 09:37:20,OP10005363,300ETF沽12月4300,0.0,0.0,0.0,0.0,1,0.3202,0.3228,10,0.3146,0.331,0.0,0.0,0.0,0.0,468
2023-05-10 09:37:20,OP10005363,300ETF沽12月4300,0.0,0.0,0.0,0.0,1,0.3202,0.3228,10,0.3146,0.331,0.0,0.0,0.0,0.0,468
2023-05-10 09:37:20,OP10005363,300ETF沽12月4300,0.0,0.0,0.0,0.0,1,0.3202,0.3228,10,0.3146,0.331,0.0,0.0,0.0,0.0,468
2023-05-10 09:37:20,OP10005363,300ETF沽12月4300,0.0,0.0,0.0,0.0,21,0.3202,0.3228,10,0.3146,0.331,0.0,0.0,0.0,0.0,468
2023-05-10 09:37:20,OP10005363,300ETF沽12月4300,0.0,0.0,0.0,0.0,21,0.3202,0.3228,10,0.3146,0.331,0.0,0.0,0.0,0.0,468
2023-05-10 09:37:23,OP10005363,300ETF沽12月4300,0.0,0.0,0.0,0.0,21,0.3202,0.3228,10,0.3146,0.331,0.0,0.0,0.0,0.0,468
2023-05-10 09:37:23,OP10005363,300ETF沽12月4300,0.0,0.0,0.0,0.0,21,0.3202,0.3228,10,0.3146,0.331,0.0,0.0,0.0,0.0,468
2023-05-10 09:37:23,OP10005363,300ETF沽12月4300,0.0,0.0,0.0,0.0,21,0.3202,0.3228,10,0.3146,0.331,0.0,0.0,0.0,0.0,468
2023-05-10 09:37:23,OP10005363,300ETF沽12月4300,0.0,0.0,0.0,0.0,21,0.3202,0.3228,10,0.3146,0.331,0.0,0.0,0.0,0.0,468
2023-05-10 09:37:23,OP10005363,300ETF沽12月4300,0.0,0.0,0.0,0.0,1,0.3203,0.3228,10,0.3146,0.331,0.0,0.0,0.0,0.0,468
2023-05-10 09:37:26,OP10005363,300ETF沽12月4300,0.0,0.0,0.0,0.0,1,0.3203,0.3228,10,0.3146,0.331,0.0,0.0,0.0,0.0,468
2023-05-10 09:37:29,OP10005363,300ETF沽12月4300,0.0,0.0,0.0,0.0,1,0.3203,0.3228,10,0.3146,0.331,0.0,0.0,0.0,0.0,468
2023-05-10 09:37:29,OP10005363,300ETF沽12月4300,0.0,0.0,0.0,0.0,1,0.3203,0.323,30,0.3146,0.331,0.0,0.0,0.0,0.0,468
2023-05-10 09:37:29,OP10005363,300ETF沽12月4300,0.0,0.0,0.0,0.0,1,0.3203,0.323,30,0.3146,0.331,0.0,0.0,0.0,0.0,468
2023-05-10 09:37:29,OP10005363,300ETF沽12月4300,0.0,0.0,0.0,0.0,1,0.3203,0.3231,20,0.3146,0.331,0.0,0.0,0.0,0.0,468
2023-05-10 09:37:32,OP10005363,300ETF沽12月4300,0.0,0.0,0.0,0.0,1,0.3203,0.3231,10,0.3146,0.331,0.0,0.0,0.0,0.0,468
2023-05-10 09:37:32,OP10005363,300ETF沽12月4300,0.0,0.0,0.0,0.0,10,0.3205,0.3234,10,0.3146,0.331,0.0,0.0,0.0,0.0,468
2023-05-10 09:37:32,OP10005363,300ETF沽12月4300,0.0,0.0,0.0,0.0,11,0.3205,0.3235,10,0.3146,0.331,0.0,0.0,0.0,0.0,468
2023-05-10 09:37:35,OP10005363,300ETF沽12月4300,0.0,0.0,0.0,0.0,11,0.3205,0.3235,10,0.3146,0.331,0.0,0.0,0.0,0.0,468
2023-05-10 09:37:38,OP10005363,300ETF沽12月4300,0.0,0.0,0.0,0.0,15,0.3208,0.3236,10,0.3146,0.331,0.0,0.0,0.0,0.0,468
2023-05-10 09:37:38,OP10005363,300ETF沽12月4300,0.0,0.0,0.0,0.0,16,0.3208,0.3239,10,0.3146,0.331,0.0,0.0,0.0,0.0,468
2023-05-10 09:37:38,OP10005363,300ETF沽12月4300,0.0,0.0,0.0,0.0,36,0.3208,0.3239,10,0.3146,0.331,0.0,0.0,0.0,0.0,468
2023-05-10 09:37:38,OP10005363,300ETF沽12月4300,0.0,0.0,0.0,0.0,36,0.3208,0.3239,10,0.3146,0.331,0.0,0.0,0.0,0.0,468
2023-05-10 09:37:38,OP10005363,300ETF沽12月4300,0.0,0.0,0.0,0.0,10,0.3209,0.3242,40,0.3146,0.331,0.0,0.0,0.0,0.0,468
2023-05-10 09:37:41,OP10005363,300ETF沽12月4300,0.0,0.0,0.0,0.0,10,0.3209,0.3242,30,0.3146,0.331,0.0,0.0,0.0,0.0,468
2023-05-10 09:37:41,OP10005363,300ETF沽12月4300,0.0,0.0,0.0,0.0,10,0.3213,0.3243,25,0.3146,0.331,0.0,0.0,0.0,0.0,468
2023-05-10 09:37:41,OP10005363,300ETF沽12月4300,0.0,0.0,0.0,0.0,15,0.3215,0.3246,20,0.3146,0.331,0.0,0.0,0.0,0.0,468
2023-05-10 09:37:41,OP10005363,300ETF沽12月4300,0.0,0.0,0.0,0.0,15,0.3215,0.3246,20,0.3146,0.331,0.0,0.0,0.0,0.0,468
2023-05-10 09:37:41,OP10005363,300ETF沽12月4300,0.0,0.0,0.0,0.0,10,0.3216,0.3246,10,0.3146,0.331,0.0,0.0,0.0,0.0,468
2023-05-10 09:37:44,OP10005363,300ETF沽12月4300,0.0,0.0,0.0,0.0,26,0.3215,0.3245,10,0.3146,0.331,0.0,0.0,0.0,0.0,468
2023-05-10 09:37:44,OP10005363,300ETF沽12月4300,0.0,0.0,0.0,0.0,16,0.3215,0.3246,10,0.3146,0.331,0.0,0.0,0.0,0.0,468
2023-05-10 09:37:47,OP10005363,300ETF沽12月4300,0.0,0.0,0.0,0.0,16,0.3215,0.3246,10,0.3146,0.331,0.0,0.0,0.0,0.0,468
2023-05-10 09:37:50,OP10005363,300ETF沽12月4300,0.0,0.0,0.0,0.0,10,0.3216,0.3247,30,0.3146,0.331,0.0,0.0,0.0,0.0,468
2023-05-10 09:37:50,OP10005363,300ETF沽12月4300,0.0,0.0,0.0,0.0,11,0.3216,0.3247,30,0.3146,0.331,0.0,0.0,0.0,0.0,468
2023-05-10 09:37:50,OP10005363,300ETF沽12月4300,0.0,0.0,0.0,0.0,10,0.3217,0.3247,30,0.3146,0.331,0.0,0.0,0.0,0.0,468
2023-05-10 09:37:50,OP10005363,300ETF沽12月4300,0.0,0.0,0.0,0.0,30,0.3217,0.3247,30,0.3146,0.331,0.0,0.0,0.0,0.0,468
2023-05-10 09:37:53,OP10005363,300ETF沽12月4300,0.0,0.0,0.0,0.0,20,0.3217,0.3246,10,0.3146,0.331,0.0,0.0,0.0,0.0,468
2023-05-10 09:37:53,OP10005363,300ETF沽12月4300,0.0,0.0,0.0,0.0,21,0.3217,0.3246,10,0.3146,0.331,0.0,0.0,0.0,0.0,468
2023-05-10 09:37:53,OP10005363,300ETF沽12月4300,0.0,0.0,0.0,0.0,20,0.3217,0.3246,10,0.3146,0.331,0.0,0.0,0.0,0.0,468
2023-05-10 09:37:56,OP10005363,300ETF沽12月4300,0.0,0.0,0.0,0.0,20,0.3217,0.3246,10,0.3146,0.331,0.0,0.0,0.0,0.0,468
2023-05-10 09:37:56,OP10005363,300ETF沽12月4300,0.0,0.0,0.0,0.0,20,0.3217,0.3243,15,0.3146,0.331,0.0,0.0,0.0,0.0,468
2023-05-10 09:37:56,OP10005363,300ETF沽12月4300,0.0,0.0,0.0,0.0,50,0.3213,0.3242,10,0.3146,0.331,0.0,0.0,0.0,0.0,468
2023-05-10 09:37:56,OP10005363,300ETF沽12月4300,0.0,0.0,0.0,0.0,50,0.3213,0.3242,10,0.3146,0.331,0.0,0.0,0.0,0.0,468
2023-05-10 09:37:59,OP10005363,300ETF沽12月4300,0.0,0.0,0.0,0.0,40,0.3213,0.3242,10,0.3146,0.331,0.0,0.0,0.0,0.0,468
2023-05-10 09:37:59,OP10005363,300ETF沽12月4300,0.0,0.0,0.0,0.0,30,0.3213,0.3242,10,0.3146,0.331,0.0,0.0,0.0,0.0,468
2023-05-10 09:37:59,OP10005363,300ETF沽12月4300,0.0,0.0,0.0,0.0,30,0.3213,0.3242,10,0.3146,0.331,0.0,0.0,0.0,0.0,468
2023-05-10 09:37:59,OP10005363,300ETF沽12月4300,0.0,0.0,0.0,0.0,30,0.3213,0.3242,10,0.3146,0.331,0.0,0.0,0.0,0.0,468
2023-05-10 09:37:59,OP10005363,300ETF沽12月4300,0.0,0.0,0.0,0.0,31,0.3213,0.3242,10,0.3146,0.331,0.0,0.0,0.0,0.0,468
2023-05-10 09:38:02,OP10005363,300ETF沽12月4300,0.0,0.0,0.0,0.0,31,0.3213,0.3242,10,0.3146,0.331,0.0,0.0,0.0,0.0,468
2023-05-10 09:38:05,OP10005363,300ETF沽12月4300,0.0,0.0,0.0,0.0,31,0.3213,0.3237,15,0.3146,0.331,0.0,0.0,0.0,0.0,468
2023-05-10 09:38:05,OP10005363,300ETF沽12月4300,0.0,0.0,0.0,0.0,1,0.3213,0.3236,10,0.3146,0.331,0.0,0.0,0.0,0.0,468
2023-05-10 09:38:05,OP10005363,300ETF沽12月4300,0.0,0.0,0.0,0.0,1,0.3213,0.3236,30,0.3146,0.331,0.0,0.0,0.0,0.0,468
2023-05-10 09:38:05,OP10005363,300ETF沽12月4300,0.0,0.0,0.0,0.0,1,0.3213,0.3235,10,0.3146,0.331,0.0,0.0,0.0,0.0,468
2023-05-10 09:38:05,OP10005363,300ETF沽12月4300,0.0,0.0,0.0,0.0,20,0.3212,0.3235,10,0.3146,0.331,0.0,0.0,0.0,0.0,468
2023-05-10 09:38:05,OP10005363,300ETF沽12月4300,0.0,0.0,0.0,0.0,11,0.321,0.3235,10,0.3146,0.331,0.0,0.0,0.0,0.0,468
2023-05-10 09:38:08,OP10005363,300ETF沽12月4300,0.0,0.0,0.0,0.0,1,0.321,0.3235,10,0.3146,0.331,0.0,0.0,0.0,0.0,468
2023-05-10 09:38:08,OP10005363,300ETF沽12月4300,0.0,0.0,0.0,0.0,1,0.321,0.3231,15,0.3146,0.331,0.0,0.0,0.0,0.0,468
2023-05-10 09:38:08,OP10005363,300ETF沽12月4300,0.0,0.0,0.0,0.0,1,0.321,0.323,10,0.3146,0.331,0.0,0.0,0.0,0.0,468
2023-05-10 09:38:08,OP10005363,300ETF沽12月4300,0.0,0.0,0.0,0.0,1,0.321,0.323,10,0.3146,0.331,0.0,0.0,0.0,0.0,468
2023-05-10 09:38:08,OP10005363,300ETF沽12月4300,0.0,0.0,0.0,0.0,1,0.321,0.323,10,0.3146,0.331,0.0,0.0,0.0,0.0,468
2023-05-10 09:38:11,OP10005363,300ETF沽12月4300,0.0,0.0,0.0,0.0,1,0.3209,0.323,10,0.3146,0.331,0.0,0.0,0.0,0.0,468
2023-05-10 09:38:11,OP10005363,300ETF沽12月4300,0.0,0.0,0.0,0.0,1,0.3209,0.323,10,0.3146,0.331,0.0,0.0,0.0,0.0,468
2023-05-10 09:38:11,OP10005363,300ETF沽12月4300,0.0,0.0,0.0,0.0,1,0.3207,0.323,10,0.3146,0.331,0.0,0.0,0.0,0.0,468
2023-05-10 09:38:11,OP10005363,300ETF沽12月4300,0.0,0.0,0.0,0.0,20,0.3198,0.323,10,0.3146,0.331,0.0,0.0,0.0,0.0,468
2023-05-10 09:38:11,OP10005363,300ETF沽12月4300,0.0,0.0,0.0,0.0,1,0.3204,0.323,10,0.3146,0.331,0.0,0.0,0.0,0.0,468
2023-05-10 09:38:11,OP10005363,300ETF沽12月4300,0.0,0.0,0.0,0.0,1,0.3204,0.323,10,0.3146,0.331,0.0,0.0,0.0,0.0,468
2023-05-10 09:38:14,OP10005363,300ETF沽12月4300,0.0,0.0,0.0,0.0,11,0.3204,0.3231,40,0.3146,0.331,0.0,0.0,0.0,0.0,468
2023-05-10 09:38:14,OP10005363,300ETF沽12月4300,0.0,0.0,0.0,0.0,26,0.3204,0.3235,10,0.3146,0.331,0.0,0.0,0.0,0.0,468
2023-05-10 09:38:14,OP10005363,300ETF沽12月4300,0.0,0.0,0.0,0.0,26,0.3204,0.3235,10,0.3146,0.331,0.0,0.0,0.0,0.0,468
2023-05-10 09:38:14,OP10005363,300ETF沽12月4300,0.0,0.0,0.0,0.0,46,0.3204,0.3235,10,0.3146,0.331,0.0,0.0,0.0,0.0,468
2023-05-10 09:38:14,OP10005363,300ETF沽12月4300,0.0,0.0,0.0,0.0,46,0.3204,0.3235,10,0.3146,0.331,0.0,0.0,0.0,0.0,468
2023-05-10 09:38:17,OP10005363,300ETF沽12月4300,0.0,0.0,0.0,0.0,56,0.3204,0.3235,10,0.3146,0.331,0.0,0.0,0.0,0.0,468
2023-05-10 09:38:17,OP10005363,300ETF沽12月4300,0.0,0.0,0.0,0.0,41,0.3204,0.3233,15,0.3146,0.331,0.0,0.0,0.0,0.0,468
2023-05-10 09:38:17,OP10005363,300ETF沽12月4300,0.0,0.0,0.0,0.0,31,0.3204,0.3232,10,0.3146,0.331,0.0,0.0,0.0,0.0,468
2023-05-10 09:38:17,OP10005363,300ETF沽12月4300,0.0,0.0,0.0,0.0,31,0.3204,0.3232,30,0.3146,0.331,0.0,0.0,0.0,0.0,468
2023-05-10 09:38:17,OP10005363,300ETF沽12月4300,0.0,0.0,0.0,0.0,31,0.3204,0.3231,10,0.3146,0.331,0.0,0.0,0.0,0.0,468
2023-05-10 09:38:20,OP10005363,300ETF沽12月4300,0.0,0.0,0.0,0.0,31,0.3204,0.3231,10,0.3146,0.331,0.0,0.0,0.0,0.0,468
2023-05-10 09:38:20,OP10005363,300ETF沽12月4300,0.0,0.0,0.0,0.0,21,0.3204,0.3231,10,0.3146,0.331,0.0,0.0,0.0,0.0,468
2023-05-10 09:38:23,OP10005363,300ETF沽12月4300,0.0,0.0,0.0,0.0,1,0.3205,0.3231,10,0.3146,0.331,0.0,0.0,0.0,0.0,468
2023-05-10 09:38:23,OP10005363,300ETF沽12月4300,0.0,0.0,0.0,0.0,1,0.3205,0.3231,10,0.3146,0.331,0.0,0.0,0.0,0.0,468
2023-05-10 09:38:23,OP10005363,300ETF沽12月4300,0.0,0.0,0.0,0.0,1,0.3205,0.3232,20,0.3146,0.331,0.0,0.0,0.0,0.0,468
2023-05-10 09:38:23,OP10005363,300ETF沽12月4300,0.0,0.0,0.0,0.0,1,0.3205,0.3231,10,0.3146,0.331,0.0,0.0,0.0,0.0,468
2023-05-10 09:38:23,OP10005363,300ETF沽12月4300,0.0,0.0,0.0,0.0,1,0.3205,0.3231,10,0.3146,0.331,0.0,0.0,0.0,0.0,468
2023-05-10 09:38:26,OP10005363,300ETF沽12月4300,0.0,0.0,0.0,0.0,1,0.3205,0.3231,10,0.3146,0.331,0.0,0.0,0.0,0.0,468
2023-05-10 09:38:26,OP10005363,300ETF沽12月4300,0.0,0.0,0.0,0.0,1,0.3205,0.3231,10,0.3146,0.331,0.0,0.0,0.0,0.0,468
2023-05-10 09:38:29,OP10005363,300ETF沽12月4300,0.0,0.0,0.0,0.0,1,0.3205,0.3233,15,0.3146,0.331,0.0,0.0,0.0,0.0,468
2023-05-10 09:38:29,OP10005363,300ETF沽12月4300,0.0,0.0,0.0,0.0,1,0.3205,0.3233,15,0.3146,0.331,0.0,0.0,0.0,0.0,468
2023-05-10 09:38:32,OP10005363,300ETF沽12月4300,0.0,0.0,0.0,0.0,1,0.3205,0.3233,15,0.3146,0.331,0.0,0.0,0.0,0.0,468
2023-05-10 09:38:32,OP10005363,300ETF沽12月4300,0.0,0.0,0.0,0.0,1,0.3206,0.3233,15,0.3146,0.331,0.0,0.0,0.0,0.0,468
2023-05-10 09:38:32,OP10005363,300ETF沽12月4300,0.0,0.0,0.0,0.0,1,0.3206,0.3233,15,0.3146,0.331,0.0,0.0,0.0,0.0,468
2023-05-10 09:38:32,OP10005363,300ETF沽12月4300,0.0,0.0,0.0,0.0,1,0.3206,0.3233,15,0.3146,0.331,0.0,0.0,0.0,0.0,468
2023-05-10 09:38:32,OP10005363,300ETF沽12月4300,0.0,0.0,0.0,0.0,1,0.3206,0.3232,10,0.3146,0.331,0.0,0.0,0.0,0.0,468
2023-05-10 09:38:35,OP10005363,300ETF沽12月4300,0.0,0.0,0.0,0.0,1,0.3206,0.3232,10,0.3146,0.331,0.0,0.0,0.0,0.0,468
2023-05-10 09:38:35,OP10005363,300ETF沽12月4300,0.0,0.0,0.0,0.0,1,0.3206,0.3232,30,0.3146,0.331,0.0,0.0,0.0,0.0,468
2023-05-10 09:38:35,OP10005363,300ETF沽12月4300,0.0,0.0,0.0,0.0,1,0.3206,0.3231,10,0.3146,0.331,0.0,0.0,0.0,0.0,468
2023-05-10 09:38:35,OP10005363,300ETF沽12月4300,0.0,0.0,0.0,0.0,1,0.3206,0.3231,10,0.3146,0.331,0.0,0.0,0.0,0.0,468
2023-05-10 09:38:38,OP10005363,300ETF沽12月4300,0.0,0.0,0.0,0.0,1,0.3206,0.3231,10,0.3146,0.331,0.0,0.0,0.0,0.0,468
2023-05-10 09:38:38,OP10005363,300ETF沽12月4300,0.0,0.0,0.0,0.0,1,0.3206,0.3232,30,0.3146,0.331,0.0,0.0,0.0,0.0,468
2023-05-10 09:38:38,OP10005363,300ETF沽12月4300,0.0,0.0,0.0,0.0,1,0.3206,0.3232,10,0.3146,0.331,0.0,0.0,0.0,0.0,468
2023-05-10 09:38:38,OP10005363,300ETF沽12月4300,0.0,0.0,0.0,0.0,1,0.3206,0.3233,25,0.3146,0.331,0.0,0.0,0.0,0.0,468
2023-05-10 09:38:41,OP10005363,300ETF沽12月4300,0.0,0.0,0.0,0.0,1,0.3206,0.3233,10,0.3146,0.331,0.0,0.0,0.0,0.0,468
2023-05-10 09:38:41,OP10005363,300ETF沽12月4300,0.0,0.0,0.0,0.0,11,0.3206,0.3235,10,0.3146,0.331,0.0,0.0,0.0,0.0,468
2023-05-10 09:38:41,OP10005363,300ETF沽12月4300,0.0,0.0,0.0,0.0,11,0.3206,0.3235,10,0.3146,0.331,0.0,0.0,0.0,0.0,468
2023-05-10 09:38:41,OP10005363,300ETF沽12月4300,0.0,0.0,0.0,0.0,1,0.3207,0.3235,10,0.3146,0.331,0.0,0.0,0.0,0.0,468
2023-05-10 09:38:44,OP10005363,300ETF沽12月4300,0.0,0.0,0.0,0.0,1,0.3207,0.3236,30,0.3146,0.331,0.0,0.0,0.0,0.0,468
2023-05-10 09:38:47,OP10005363,300ETF沽12月4300,0.0,0.0,0.0,0.0,1,0.3207,0.3235,10,0.3146,0.331,0.0,0.0,0.0,0.0,468
2023-05-10 09:38:50,OP10005363,300ETF沽12月4300,0.0,0.0,0.0,0.0,1,0.3207,0.3233,15,0.3146,0.331,0.0,0.0,0.0,0.0,468
2023-05-10 09:38:50,OP10005363,300ETF沽12月4300,0.0,0.0,0.0,0.0,1,0.3207,0.3232,10,0.3146,0.331,0.0,0.0,0.0,0.0,468
2023-05-10 09:38:50,OP10005363,300ETF沽12月4300,0.0,0.0,0.0,0.0,1,0.3207,0.3232,30,0.3146,0.331,0.0,0.0,0.0,0.0,468
2023-05-10 09:38:53,OP10005363,300ETF沽12月4300,0.0,0.0,0.0,0.0,1,0.3208,0.3231,10,0.3146,0.331,0.0,0.0,0.0,0.0,468
2023-05-10 09:38:53,OP10005363,300ETF沽12月4300,0.0,0.0,0.0,0.0,1,0.3208,0.3231,10,0.3146,0.331,0.0,0.0,0.0,0.0,468
2023-05-10 09:38:53,OP10005363,300ETF沽12月4300,0.0,0.0,0.0,0.0,1,0.3208,0.3231,10,0.3146,0.331,0.0,0.0,0.0,0.0,468
2023-05-10 09:38:53,OP10005363,300ETF沽12月4300,0.0,0.0,0.0,0.0,1,0.3205,0.3231,10,0.3146,0.331,0.0,0.0,0.0,0.0,468
2023-05-10 09:38:53,OP10005363,300ETF沽12月4300,0.0,0.0,0.0,0.0,1,0.3205,0.3231,10,0.3146,0.331,0.0,0.0,0.0,0.0,468
2023-05-10 09:38:56,OP10005363,300ETF沽12月4300,0.0,0.0,0.0,0.0,1,0.3205,0.3231,10,0.3146,0.331,0.0,0.0,0.0,0.0,468
2023-05-10 09:38:56,OP10005363,300ETF沽12月4300,0.0,0.0,0.0,0.0,1,0.3205,0.3231,10,0.3146,0.331,0.0,0.0,0.0,0.0,468
2023-05-10 09:38:59,OP10005363,300ETF沽12月4300,0.0,0.0,0.0,0.0,1,0.3205,0.3231,10,0.3146,0.331,0.0,0.0,0.0,0.0,468
2023-05-10 09:38:59,OP10005363,300ETF沽12月4300,0.0,0.0,0.0,0.0,1,0.3205,0.3231,10,0.3146,0.331,0.0,0.0,0.0,0.0,468
2023-05-10 09:38:59,OP10005363,300ETF沽12月4300,0.0,0.0,0.0,0.0,1,0.3205,0.3231,10,0.3146,0.331,0.0,0.0,0.0,0.0,468
2023-05-10 09:39:02,OP10005363,300ETF沽12月4300,0.0,0.0,0.0,0.0,1,0.3205,0.3231,10,0.3146,0.331,0.0,0.0,0.0,0.0,468
2023-05-10 09:39:05,OP10005363,300ETF沽12月4300,0.0,0.0,0.0,0.0,1,0.3206,0.3231,10,0.3146,0.331,0.0,0.0,0.0,0.0,468
2023-05-10 09:39:05,OP10005363,300ETF沽12月4300,0.0,0.0,0.0,0.0,1,0.3206,0.3231,10,0.3146,0.331,0.0,0.0,0.0,0.0,468
2023-05-10 09:39:05,OP10005363,300ETF沽12月4300,0.0,0.0,0.0,0.0,1,0.3206,0.3231,10,0.3146,0.331,0.0,0.0,0.0,0.0,468
2023-05-10 09:39:08,OP10005363,300ETF沽12月4300,0.0,0.0,0.0,0.0,10,0.3198,0.3223,15,0.3146,0.331,0.0,0.0,0.0,0.0,468
2023-05-10 09:39:08,OP10005363,300ETF沽12月4300,0.0,0.0,0.0,0.0,1,0.3198,0.3216,15,0.3146,0.331,0.0,0.0,0.0,0.0,468
2023-05-10 09:39:08,OP10005363,300ETF沽12月4300,0.0,0.0,0.0,0.0,1,0.3198,0.3215,10,0.3146,0.331,0.0,0.0,0.0,0.0,468
2023-05-10 09:39:08,OP10005363,300ETF沽12月4300,0.0,0.0,0.0,0.0,1,0.3198,0.3215,30,0.3146,0.331,0.0,0.0,0.0,0.0,468
2023-05-10 09:39:08,OP10005363,300ETF沽12月4300,0.0,0.0,0.0,0.0,1,0.3195,0.3214,10,0.3146,0.331,0.0,0.0,0.0,0.0,468
2023-05-10 09:39:08,OP10005363,300ETF沽12月4300,0.0,0.0,0.0,0.0,1,0.3195,0.321,15,0.3146,0.331,0.0,0.0,0.0,0.0,468
2023-05-10 09:39:11,OP10005363,300ETF沽12月4300,0.0,0.0,0.0,0.0,1,0.3195,0.3209,10,0.3146,0.331,0.0,0.0,0.0,0.0,468
2023-05-10 09:39:11,OP10005363,300ETF沽12月4300,0.0,0.0,0.0,0.0,1,0.3193,0.3209,10,0.3146,0.331,0.0,0.0,0.0,0.0,468
2023-05-10 09:39:11,OP10005363,300ETF沽12月4300,0.0,0.0,0.0,0.0,1,0.3193,0.3209,10,0.3146,0.331,0.0,0.0,0.0,0.0,468
2023-05-10 09:39:11,OP10005363,300ETF沽12月4300,0.0,0.0,0.0,0.0,1,0.3193,0.3209,10,0.3146,0.331,0.0,0.0,0.0,0.0,468
2023-05-10 09:39:11,OP10005363,300ETF沽12月4300,0.0,0.0,0.0,0.0,20,0.318,0.3209,10,0.3146,0.331,0.0,0.0,0.0,0.0,468
2023-05-10 09:39:11,OP10005363,300ETF沽12月4300,0.0,0.0,0.0,0.0,11,0.318,0.3209,10,0.3146,0.331,0.0,0.0,0.0,0.0,468
2023-05-10 09:39:14,OP10005363,300ETF沽12月4300,0.0,0.0,0.0,0.0,11,0.318,0.3209,10,0.3146,0.331,0.0,0.0,0.0,0.0,468
2023-05-10 09:39:14,OP10005363,300ETF沽12月4300,0.0,0.0,0.0,0.0,11,0.318,0.3209,10,0.3146,0.331,0.0,0.0,0.0,0.0,468
2023-05-10 09:39:14,OP10005363,300ETF沽12月4300,0.0,0.0,0.0,0.0,11,0.318,0.3209,10,0.3146,0.331,0.0,0.0,0.0,0.0,468
2023-05-10 09:39:14,OP10005363,300ETF沽12月4300,0.0,0.0,0.0,0.0,11,0.318,0.3209,10,0.3146,0.331,0.0,0.0,0.0,0.0,468
2023-05-10 09:39:17,OP10005363,300ETF沽12月4300,0.0,0.0,0.0,0.0,15,0.3182,0.3209,10,0.3146,0.331,0.0,0.0,0.0,0.0,468
2023-05-10 09:39:17,OP10005363,300ETF沽12月4300,0.0,0.0,0.0,0.0,36,0.3182,0.3212,10,0.3146,0.331,0.0,0.0,0.0,0.0,468
2023-05-10 09:39:17,OP10005363,300ETF沽12月4300,0.0,0.0,0.0,0.0,36,0.3182,0.3212,10,0.3146,0.331,0.0,0.0,0.0,0.0,468
2023-05-10 09:39:17,OP10005363,300ETF沽12月4300,0.0,0.0,0.0,0.0,10,0.3187,0.3212,10,0.3146,0.331,0.0,0.0,0.0,0.0,468
2023-05-10 09:39:17,OP10005363,300ETF沽12月4300,0.0,0.0,0.0,0.0,30,0.3187,0.3212,10,0.3146,0.331,0.0,0.0,0.0,0.0,468
2023-05-10 09:39:20,OP10005363,300ETF沽12月4300,0.0,0.0,0.0,0.0,31,0.3187,0.3214,10,0.3146,0.331,0.0,0.0,0.0,0.0,468
2023-05-10 09:39:20,OP10005363,300ETF沽12月4300,0.0,0.0,0.0,0.0,31,0.3187,0.3214,10,0.3146,0.331,0.0,0.0,0.0,0.0,468
2023-05-10 09:39:20,OP10005363,300ETF沽12月4300,0.0,0.0,0.0,0.0,31,0.3187,0.3214,10,0.3146,0.331,0.0,0.0,0.0,0.0,468
2023-05-10 09:39:20,OP10005363,300ETF沽12月4300,0.0,0.0,0.0,0.0,31,0.3187,0.3214,10,0.3146,0.331,0.0,0.0,0.0,0.0,468
2023-05-10 09:39:23,OP10005363,300ETF沽12月4300,0.0,0.0,0.0,0.0,31,0.3187,0.3214,10,0.3146,0.331,0.0,0.0,0.0,0.0,468
2023-05-10 09:39:26,OP10005363,300ETF沽12月4300,0.0,0.0,0.0,0.0,31,0.3187,0.3215,20,0.3146,0.331,0.0,0.0,0.0,0.0,468
2023-05-10 09:39:26,OP10005363,300ETF沽12月4300,0.0,0.0,0.0,0.0,31,0.3187,0.3217,20,0.3146,0.331,0.0,0.0,0.0,0.0,468
2023-05-10 09:39:26,OP10005363,300ETF沽12月4300,0.0,0.0,0.0,0.0,15,0.319,0.3217,10,0.3146,0.331,0.0,0.0,0.0,0.0,468
2023-05-10 09:39:26,OP10005363,300ETF沽12月4300,0.0,0.0,0.0,0.0,16,0.319,0.3219,10,0.3146,0.331,0.0,0.0,0.0,0.0,468
2023-05-10 09:39:29,OP10005363,300ETF沽12月4300,0.0,0.0,0.0,0.0,16,0.319,0.3219,10,0.3146,0.331,0.0,0.0,0.0,0.0,468
2023-05-10 09:39:29,OP10005363,300ETF沽12月4300,0.0,0.0,0.0,0.0,16,0.319,0.3219,10,0.3146,0.331,0.0,0.0,0.0,0.0,468
2023-05-10 09:39:32,OP10005363,300ETF沽12月4300,0.0,0.0,0.0,0.0,16,0.319,0.3219,10,0.3146,0.331,0.0,0.0,0.0,0.0,468
2023-05-10 09:39:35,OP10005363,300ETF沽12月4300,0.0,0.0,0.0,0.0,16,0.319,0.3219,10,0.3146,0.331,0.0,0.0,0.0,0.0,468
2023-05-10 09:39:35,OP10005363,300ETF沽12月4300,0.0,0.0,0.0,0.0,1,0.3191,0.3218,15,0.3146,0.331,0.0,0.0,0.0,0.0,468
2023-05-10 09:39:38,OP10005363,300ETF沽12月4300,0.0,0.0,0.0,0.0,1,0.3191,0.3217,10,0.3146,0.331,0.0,0.0,0.0,0.0,468
2023-05-10 09:39:38,OP10005363,300ETF沽12月4300,0.0,0.0,0.0,0.0,1,0.3191,0.3217,10,0.3146,0.331,0.0,0.0,0.0,0.0,468
2023-05-10 09:39:38,OP10005363,300ETF沽12月4300,0.0,0.0,0.0,0.0,1,0.3191,0.3217,10,0.3146,0.331,0.0,0.0,0.0,0.0,468
2023-05-10 09:39:38,OP10005363,300ETF沽12月4300,0.0,0.0,0.0,0.0,21,0.3191,0.3217,10,0.3146,0.331,0.0,0.0,0.0,0.0,468
2023-05-10 09:39:41,OP10005363,300ETF沽12月4300,0.0,0.0,0.0,0.0,21,0.3191,0.3217,10,0.3146,0.331,0.0,0.0,0.0,0.0,468
2023-05-10 09:39:47,OP10005363,300ETF沽12月4300,0.0,0.0,0.0,0.0,1,0.3192,0.3217,10,0.3146,0.331,0.0,0.0,0.0,0.0,468
2023-05-10 09:39:47,OP10005363,300ETF沽12月4300,0.0,0.0,0.0,0.0,1,0.3192,0.322,30,0.3146,0.331,0.0,0.0,0.0,0.0,468
2023-05-10 09:39:50,OP10005363,300ETF沽12月4300,0.0,0.0,0.0,0.0,1,0.3192,0.322,30,0.3146,0.331,0.0,0.0,0.0,0.0,468
2023-05-10 09:39:50,OP10005363,300ETF沽12月4300,0.0,0.0,0.0,0.0,15,0.3197,0.322,20,0.3146,0.331,0.0,0.0,0.0,0.0,468
2023-05-10 09:39:50,OP10005363,300ETF沽12月4300,0.0,0.0,0.0,0.0,26,0.3197,0.3224,10,0.3146,0.331,0.0,0.0,0.0,0.0,468
2023-05-10 09:39:50,OP10005363,300ETF沽12月4300,0.0,0.0,0.0,0.0,46,0.3197,0.3226,20,0.3146,0.331,0.0,0.0,0.0,0.0,468
2023-05-10 09:39:53,OP10005363,300ETF沽12月4300,0.0,0.0,0.0,0.0,46,0.3197,0.3226,20,0.3146,0.331,0.0,0.0,0.0,0.0,468
2023-05-10 09:39:53,OP10005363,300ETF沽12月4300,0.0,0.0,0.0,0.0,36,0.3197,0.3225,10,0.3146,0.331,0.0,0.0,0.0,0.0,468
2023-05-10 09:39:53,OP10005363,300ETF沽12月4300,0.0,0.0,0.0,0.0,1,0.3197,0.3225,10,0.3146,0.331,0.0,0.0,0.0,0.0,468
2023-05-10 09:39:53,OP10005363,300ETF沽12月4300,0.0,0.0,0.0,0.0,25,0.3186,0.322,10,0.3146,0.331,0.0,0.0,0.0,0.0,468
2023-05-10 09:39:53,OP10005363,300ETF沽12月4300,0.0,0.0,0.0,0.0,36,0.3186,0.3219,10,0.3146,0.331,0.0,0.0,0.0,0.0,468
2023-05-10 09:39:53,OP10005363,300ETF沽12月4300,0.0,0.0,0.0,0.0,36,0.3186,0.3218,10,0.3146,0.331,0.0,0.0,0.0,0.0,468
2023-05-10 09:39:56,OP10005363,300ETF沽12月4300,0.0,0.0,0.0,0.0,26,0.3186,0.3218,10,0.3146,0.331,0.0,0.0,0.0,0.0,468
2023-05-10 09:39:56,OP10005363,300ETF沽12月4300,0.0,0.0,0.0,0.0,15,0.3193,0.3221,10,0.3146,0.331,0.0,0.0,0.0,0.0,468
2023-05-10 09:39:56,OP10005363,300ETF沽12月4300,0.0,0.0,0.0,0.0,16,0.3193,0.3222,10,0.3146,0.331,0.0,0.0,0.0,0.0,468
2023-05-10 09:39:56,OP10005363,300ETF沽12月4300,0.0,0.0,0.0,0.0,26,0.3193,0.3221,10,0.3146,0.331,0.0,0.0,0.0,0.0,468
2023-05-10 09:39:56,OP10005363,300ETF沽12月4300,0.0,0.0,0.0,0.0,26,0.3193,0.3221,10,0.3146,0.331,0.0,0.0,0.0,0.0,468
2023-05-10 09:39:56,OP10005363,300ETF沽12月4300,0.0,0.0,0.0,0.0,26,0.3193,0.3225,10,0.3146,0.331,0.0,0.0,0.0,0.0,468
2023-05-10 09:39:59,OP10005363,300ETF沽12月4300,0.0,0.0,0.0,0.0,26,0.3193,0.3225,10,0.3146,0.331,0.0,0.0,0.0,0.0,468
2023-05-10 09:39:59,OP10005363,300ETF沽12月4300,0.0,0.0,0.0,0.0,26,0.3193,0.3225,10,0.3146,0.331,0.0,0.0,0.0,0.0,468
2023-05-10 09:39:59,OP10005363,300ETF沽12月4300,0.0,0.0,0.0,0.0,36,0.3193,0.3225,10,0.3146,0.331,0.0,0.0,0.0,0.0,468
2023-05-10 09:40:02,OP10005363,300ETF沽12月4300,0.0,0.0,0.0,0.0,36,0.3193,0.3225,10,0.3146,0.331,0.0,0.0,0.0,0.0,468
2023-05-10 09:40:02,OP10005363,300ETF沽12月4300,0.0,0.0,0.0,0.0,10,0.3194,0.3226,20,0.3146,0.331,0.0,0.0,0.0,0.0,468
2023-05-10 09:40:02,OP10005363,300ETF沽12月4300,0.0,0.0,0.0,0.0,10,0.32,0.3229,25,0.3146,0.331,0.0,0.0,0.0,0.0,468
2023-05-10 09:40:02,OP10005363,300ETF沽12月4300,0.0,0.0,0.0,0.0,10,0.32,0.3229,35,0.3146,0.331,0.0,0.0,0.0,0.0,468
2023-05-10 09:40:02,OP10005363,300ETF沽12月4300,0.0,0.0,0.0,0.0,15,0.3204,0.3232,40,0.3146,0.331,0.0,0.0,0.0,0.0,468
2023-05-10 09:40:05,OP10005363,300ETF沽12月4300,0.0,0.0,0.0,0.0,35,0.3204,0.3232,30,0.3146,0.331,0.0,0.0,0.0,0.0,468
2023-05-10 09:40:05,OP10005363,300ETF沽12月4300,0.0,0.0,0.0,0.0,35,0.3204,0.3232,20,0.3146,0.331,0.0,0.0,0.0,0.0,468
2023-05-10 09:40:05,OP10005363,300ETF沽12月4300,0.0,0.0,0.0,0.0,36,0.3204,0.3232,20,0.3146,0.331,0.0,0.0,0.0,0.0,468
2023-05-10 09:40:05,OP10005363,300ETF沽12月4300,0.0,0.0,0.0,0.0,10,0.3205,0.3232,20,0.3146,0.331,0.0,0.0,0.0,0.0,468
2023-05-10 09:40:05,OP10005363,300ETF沽12月4300,0.0,0.0,0.0,0.0,10,0.3205,0.3232,20,0.3146,0.331,0.0,0.0,0.0,0.0,468
2023-05-10 09:40:08,OP10005363,300ETF沽12月4300,0.0,0.0,0.0,0.0,36,0.3204,0.3232,20,0.3146,0.331,0.0,0.0,0.0,0.0,468
2023-05-10 09:40:08,OP10005363,300ETF沽12月4300,0.0,0.0,0.0,0.0,1,0.3204,0.3231,10,0.3146,0.331,0.0,0.0,0.0,0.0,468
2023-05-10 09:40:08,OP10005363,300ETF沽12月4300,0.0,0.0,0.0,0.0,1,0.3204,0.3231,10,0.3146,0.331,0.0,0.0,0.0,0.0,468
2023-05-10 09:40:08,OP10005363,300ETF沽12月4300,0.0,0.0,0.0,0.0,1,0.3204,0.3231,10,0.3146,0.331,0.0,0.0,0.0,0.0,468
2023-05-10 09:40:11,OP10005363,300ETF沽12月4300,0.0,0.0,0.0,0.0,1,0.3204,0.3231,10,0.3146,0.331,0.0,0.0,0.0,0.0,468
2023-05-10 09:40:11,OP10005363,300ETF沽12月4300,0.0,0.0,0.0,0.0,1,0.3202,0.3231,10,0.3146,0.331,0.0,0.0,0.0,0.0,468
2023-05-10 09:40:11,OP10005363,300ETF沽12月4300,0.0,0.0,0.0,0.0,1,0.3202,0.3231,10,0.3146,0.331,0.0,0.0,0.0,0.0,468
2023-05-10 09:40:11,OP10005363,300ETF沽12月4300,0.0,0.0,0.0,0.0,1,0.3202,0.3231,10,0.3146,0.331,0.0,0.0,0.0,0.0,468
2023-05-10 09:40:14,OP10005363,300ETF沽12月4300,0.0,0.0,0.0,0.0,1,0.3202,0.3231,10,0.3146,0.331,0.0,0.0,0.0,0.0,468
2023-05-10 09:40:14,OP10005363,300ETF沽12月4300,0.0,0.0,0.0,0.0,11,0.32,0.3231,10,0.3146,0.331,0.0,0.0,0.0,0.0,468
2023-05-10 09:40:14,OP10005363,300ETF沽12月4300,0.0,0.0,0.0,0.0,11,0.32,0.3231,10,0.3146,0.331,0.0,0.0,0.0,0.0,468
2023-05-10 09:40:14,OP10005363,300ETF沽12月4300,0.0,0.0,0.0,0.0,11,0.32,0.3231,10,0.3146,0.331,0.0,0.0,0.0,0.0,468
2023-05-10 09:40:17,OP10005363,300ETF沽12月4300,0.0,0.0,0.0,0.0,11,0.32,0.3231,10,0.3146,0.331,0.0,0.0,0.0,0.0,468
2023-05-10 09:40:23,OP10005363,300ETF沽12月4300,0.0,0.0,0.0,0.0,15,0.3204,0.3231,10,0.3146,0.331,0.0,0.0,0.0,0.0,468
2023-05-10 09:40:23,OP10005363,300ETF沽12月4300,0.0,0.0,0.0,0.0,36,0.3204,0.3232,40,0.3146,0.331,0.0,0.0,0.0,0.0,468
2023-05-10 09:40:23,OP10005363,300ETF沽12月4300,0.0,0.0,0.0,0.0,10,0.3207,0.3232,30,0.3146,0.331,0.0,0.0,0.0,0.0,468
2023-05-10 09:40:23,OP10005363,300ETF沽12月4300,0.0,0.0,0.0,0.0,10,0.3208,0.3239,10,0.3146,0.331,0.0,0.0,0.0,0.0,468
2023-05-10 09:40:26,OP10005363,300ETF沽12月4300,0.0,0.0,0.0,0.0,15,0.3211,0.3242,10,0.3146,0.331,0.0,0.0,0.0,0.0,468
2023-05-10 09:40:26,OP10005363,300ETF沽12月4300,0.0,0.0,0.0,0.0,35,0.3211,0.3242,20,0.3146,0.331,0.0,0.0,0.0,0.0,468
2023-05-10 09:40:26,OP10005363,300ETF沽12月4300,0.0,0.0,0.0,0.0,35,0.3211,0.3242,20,0.3146,0.331,0.0,0.0,0.0,0.0,468
2023-05-10 09:40:29,OP10005363,300ETF沽12月4300,0.0,0.0,0.0,0.0,35,0.3211,0.3242,20,0.3146,0.331,0.0,0.0,0.0,0.0,468
2023-05-10 09:40:29,OP10005363,300ETF沽12月4300,0.0,0.0,0.0,0.0,36,0.3211,0.3242,20,0.3146,0.331,0.0,0.0,0.0,0.0,468
2023-05-10 09:40:29,OP10005363,300ETF沽12月4300,0.0,0.0,0.0,0.0,10,0.3215,0.3242,20,0.3146,0.331,0.0,0.0,0.0,0.0,468
2023-05-10 09:40:29,OP10005363,300ETF沽12月4300,0.0,0.0,0.0,0.0,10,0.3216,0.3243,10,0.3146,0.331,0.0,0.0,0.0,0.0,468
2023-05-10 09:40:29,OP10005363,300ETF沽12月4300,0.0,0.0,0.0,0.0,15,0.3219,0.325,20,0.3146,0.331,0.0,0.0,0.0,0.0,468
2023-05-10 09:40:32,OP10005363,300ETF沽12月4300,0.0,0.0,0.0,0.0,10,0.322,0.325,10,0.3146,0.331,0.0,0.0,0.0,0.0,468
2023-05-10 09:40:32,OP10005363,300ETF沽12月4300,0.0,0.0,0.0,0.0,30,0.322,0.325,20,0.3146,0.331,0.0,0.0,0.0,0.0,468
2023-05-10 09:40:32,OP10005363,300ETF沽12月4300,0.0,0.0,0.0,0.0,31,0.322,0.325,20,0.3146,0.331,0.0,0.0,0.0,0.0,468
2023-05-10 09:40:32,OP10005363,300ETF沽12月4300,0.0,0.0,0.0,0.0,31,0.322,0.325,20,0.3146,0.331,0.0,0.0,0.0,0.0,468
2023-05-10 09:40:38,OP10005363,300ETF沽12月4300,0.0,0.0,0.0,0.0,21,0.322,0.3249,10,0.3146,0.331,0.0,0.0,0.0,0.0,468
2023-05-10 09:40:38,OP10005363,300ETF沽12月4300,0.0,0.0,0.0,0.0,21,0.322,0.3249,10,0.3146,0.331,0.0,0.0,0.0,0.0,468
2023-05-10 09:40:38,OP10005363,300ETF沽12月4300,0.0,0.0,0.0,0.0,1,0.322,0.3249,10,0.3146,0.331,0.0,0.0,0.0,0.0,468
2023-05-10 09:40:38,OP10005363,300ETF沽12月4300,0.0,0.0,0.0,0.0,1,0.322,0.3244,15,0.3146,0.331,0.0,0.0,0.0,0.0,468
2023-05-10 09:40:38,OP10005363,300ETF沽12月4300,0.0,0.0,0.0,0.0,1,0.3218,0.3243,10,0.3146,0.331,0.0,0.0,0.0,0.0,468
2023-05-10 09:40:38,OP10005363,300ETF沽12月4300,0.0,0.0,0.0,0.0,1,0.3218,0.3243,30,0.3146,0.331,0.0,0.0,0.0,0.0,468
2023-05-10 09:40:41,OP10005363,300ETF沽12月4300,0.0,0.0,0.0,0.0,1,0.3218,0.3242,10,0.3146,0.331,0.0,0.0,0.0,0.0,468
2023-05-10 09:40:41,OP10005363,300ETF沽12月4300,0.0,0.0,0.0,0.0,1,0.3216,0.3242,10,0.3146,0.331,0.0,0.0,0.0,0.0,468
2023-05-10 09:40:41,OP10005363,300ETF沽12月4300,0.0,0.0,0.0,0.0,1,0.3214,0.3242,10,0.3146,0.331,0.0,0.0,0.0,0.0,468
2023-05-10 09:40:41,OP10005363,300ETF沽12月4300,0.0,0.0,0.0,0.0,1,0.3214,0.3242,10,0.3146,0.331,0.0,0.0,0.0,0.0,468
2023-05-10 09:40:41,OP10005363,300ETF沽12月4300,0.0,0.0,0.0,0.0,1,0.3212,0.3242,10,0.3146,0.331,0.0,0.0,0.0,0.0,468
2023-05-10 09:40:44,OP10005363,300ETF沽12月4300,0.0,0.0,0.0,0.0,1,0.3212,0.3242,10,0.3146,0.331,0.0,0.0,0.0,0.0,468
2023-05-10 09:40:44,OP10005363,300ETF沽12月4300,0.0,0.0,0.0,0.0,1,0.3212,0.3242,10,0.3146,0.331,0.0,0.0,0.0,0.0,468
2023-05-10 09:40:47,OP10005363,300ETF沽12月4300,0.0,0.0,0.0,0.0,1,0.3212,0.3242,10,0.3146,0.331,0.0,0.0,0.0,0.0,468
2023-05-10 09:40:47,OP10005363,300ETF沽12月4300,0.0,0.0,0.0,0.0,21,0.3212,0.3242,10,0.3146,0.331,0.0,0.0,0.0,0.0,468
2023-05-10 09:40:50,OP10005363,300ETF沽12月4300,0.0,0.0,0.0,0.0,21,0.3212,0.3242,10,0.3146,0.331,0.0,0.0,0.0,0.0,468
2023-05-10 09:40:50,OP10005363,300ETF沽12月4300,0.0,0.0,0.0,0.0,21,0.3212,0.3242,10,0.3146,0.331,0.0,0.0,0.0,0.0,468
2023-05-10 09:40:50,OP10005363,300ETF沽12月4300,0.0,0.0,0.0,0.0,10,0.3216,0.3242,10,0.3146,0.331,0.0,0.0,0.0,0.0,468
2023-05-10 09:40:50,OP10005363,300ETF沽12月4300,0.0,0.0,0.0,0.0,31,0.3216,0.3242,10,0.3146,0.331,0.0,0.0,0.0,0.0,468
2023-05-10 09:40:53,OP10005363,300ETF沽12月4300,0.0,0.0,0.0,0.0,31,0.3216,0.3242,10,0.3146,0.331,0.0,0.0,0.0,0.0,468
2023-05-10 09:40:53,OP10005363,300ETF沽12月4300,0.0,0.0,0.0,0.0,31,0.3216,0.3242,10,0.3146,0.331,0.0,0.0,0.0,0.0,468
2023-05-10 09:40:53,OP10005363,300ETF沽12月4300,0.0,0.0,0.0,0.0,31,0.3216,0.3242,10,0.3146,0.331,0.0,0.0,0.0,0.0,468
2023-05-10 09:40:59,OP10005363,300ETF沽12月4300,0.0,0.0,0.0,0.0,31,0.3216,0.3242,10,0.3146,0.331,0.0,0.0,0.0,0.0,468
2023-05-10 09:40:59,OP10005363,300ETF沽12月4300,0.0,0.0,0.0,0.0,31,0.3216,0.3242,10,0.3146,0.331,0.0,0.0,0.0,0.0,468
2023-05-10 09:40:59,OP10005363,300ETF沽12月4300,0.0,0.0,0.0,0.0,31,0.3216,0.3246,10,0.3146,0.331,0.0,0.0,0.0,0.0,468
2023-05-10 09:40:59,OP10005363,300ETF沽12月4300,0.0,0.0,0.0,0.0,31,0.3216,0.3246,10,0.3146,0.331,0.0,0.0,0.0,0.0,468
2023-05-10 09:40:59,OP10005363,300ETF沽12月4300,0.0,0.0,0.0,0.0,1,0.3217,0.3246,10,0.3146,0.331,0.0,0.0,0.0,0.0,468
2023-05-10 09:41:02,OP10005363,300ETF沽12月4300,0.0,0.0,0.0,0.0,1,0.3217,0.3248,10,0.3146,0.331,0.0,0.0,0.0,0.0,468
2023-05-10 09:41:02,OP10005363,300ETF沽12月4300,0.0,0.0,0.0,0.0,1,0.3217,0.3248,10,0.3146,0.331,0.0,0.0,0.0,0.0,468
2023-05-10 09:41:02,OP10005363,300ETF沽12月4300,0.0,0.0,0.0,0.0,15,0.3221,0.325,30,0.3146,0.331,0.0,0.0,0.0,0.0,468
2023-05-10 09:41:02,OP10005363,300ETF沽12月4300,0.0,0.0,0.0,0.0,35,0.3221,0.3252,10,0.3146,0.331,0.0,0.0,0.0,0.0,468
2023-05-10 09:41:05,OP10005363,300ETF沽12月4300,0.0,0.0,0.0,0.0,10,0.3223,0.3252,10,0.3146,0.331,0.0,0.0,0.0,0.0,468
2023-05-10 09:41:05,OP10005363,300ETF沽12月4300,0.0,0.0,0.0,0.0,10,0.3223,0.3252,10,0.3146,0.331,0.0,0.0,0.0,0.0,468
2023-05-10 09:41:05,OP10005363,300ETF沽12月4300,0.0,0.0,0.0,0.0,15,0.3228,0.3252,10,0.3146,0.331,0.0,0.0,0.0,0.0,468
2023-05-10 09:41:05,OP10005363,300ETF沽12月4300,0.0,0.0,0.0,0.0,35,0.3228,0.3252,10,0.3146,0.331,0.0,0.0,0.0,0.0,468
2023-05-10 09:41:05,OP10005363,300ETF沽12月4300,0.0,0.0,0.0,0.0,35,0.3228,0.3252,10,0.3146,0.331,0.0,0.0,0.0,0.0,468
2023-05-10 09:41:08,OP10005363,300ETF沽12月4300,0.0,0.0,0.0,0.0,35,0.3228,0.3252,10,0.3146,0.331,0.0,0.0,0.0,0.0,468
2023-05-10 09:41:08,OP10005363,300ETF沽12月4300,0.0,0.0,0.0,0.0,20,0.3228,0.3254,20,0.3146,0.331,0.0,0.0,0.0,0.0,468
2023-05-10 09:41:08,OP10005363,300ETF沽12月4300,0.0,0.0,0.0,0.0,20,0.3224,0.3253,10,0.3146,0.331,0.0,0.0,0.0,0.0,468
2023-05-10 09:41:08,OP10005363,300ETF沽12月4300,0.0,0.0,0.0,0.0,21,0.3224,0.3253,10,0.3146,0.331,0.0,0.0,0.0,0.0,468
2023-05-10 09:41:11,OP10005363,300ETF沽12月4300,0.0,0.0,0.0,0.0,11,0.3224,0.3253,10,0.3146,0.331,0.0,0.0,0.0,0.0,468
2023-05-10 09:41:11,OP10005363,300ETF沽12月4300,0.0,0.0,0.0,0.0,1,0.3224,0.3253,10,0.3146,0.331,0.0,0.0,0.0,0.0,468
2023-05-10 09:41:11,OP10005363,300ETF沽12月4300,0.0,0.0,0.0,0.0,15,0.3225,0.3253,10,0.3146,0.331,0.0,0.0,0.0,0.0,468
2023-05-10 09:41:11,OP10005363,300ETF沽12月4300,0.0,0.0,0.0,0.0,36,0.3225,0.3253,10,0.3146,0.331,0.0,0.0,0.0,0.0,468
2023-05-10 09:41:11,OP10005363,300ETF沽12月4300,0.0,0.0,0.0,0.0,36,0.3225,0.3252,10,0.3146,0.331,0.0,0.0,0.0,0.0,468
2023-05-10 09:41:11,OP10005363,300ETF沽12月4300,0.0,0.0,0.0,0.0,36,0.3225,0.3251,10,0.3146,0.331,0.0,0.0,0.0,0.0,468
2023-05-10 09:41:14,OP10005363,300ETF沽12月4300,0.0,0.0,0.0,0.0,36,0.3225,0.325,10,0.3146,0.331,0.0,0.0,0.0,0.0,468
2023-05-10 09:41:14,OP10005363,300ETF沽12月4300,0.0,0.0,0.0,0.0,36,0.3225,0.3249,10,0.3146,0.331,0.0,0.0,0.0,0.0,468
2023-05-10 09:41:14,OP10005363,300ETF沽12月4300,0.0,0.0,0.0,0.0,36,0.3225,0.3248,10,0.3146,0.331,0.0,0.0,0.0,0.0,468
2023-05-10 09:41:14,OP10005363,300ETF沽12月4300,0.0,0.0,0.0,0.0,36,0.3225,0.3247,10,0.3146,0.331,0.0,0.0,0.0,0.0,468
2023-05-10 09:41:14,OP10005363,300ETF沽12月4300,0.0,0.0,0.0,0.0,36,0.3225,0.3252,10,0.3146,0.331,0.0,0.0,0.0,0.0,468
2023-05-10 09:41:14,OP10005363,300ETF沽12月4300,0.0,0.0,0.0,0.0,36,0.3225,0.3252,10,0.3146,0.331,0.0,0.0,0.0,0.0,468
2023-05-10 09:41:17,OP10005363,300ETF沽12月4300,0.0,0.0,0.0,0.0,36,0.3225,0.3256,10,0.3146,0.331,0.0,0.0,0.0,0.0,468
2023-05-10 09:41:17,OP10005363,300ETF沽12月4300,0.0,0.0,0.0,0.0,36,0.3225,0.3256,30,0.3146,0.331,0.0,0.0,0.0,0.0,468
2023-05-10 09:41:17,OP10005363,300ETF沽12月4300,0.0,0.0,0.0,0.0,36,0.3225,0.3255,10,0.3146,0.331,0.0,0.0,0.0,0.0,468
2023-05-10 09:41:20,OP10005363,300ETF沽12月4300,0.0,0.0,0.0,0.0,36,0.3225,0.3255,10,0.3146,0.331,0.0,0.0,0.0,0.0,468
2023-05-10 09:41:20,OP10005363,300ETF沽12月4300,0.0,0.0,0.0,0.0,20,0.3225,0.3254,15,0.3146,0.331,0.0,0.0,0.0,0.0,468
2023-05-10 09:41:23,OP10005363,300ETF沽12月4300,0.0,0.0,0.0,0.0,20,0.3225,0.3253,10,0.3146,0.331,0.0,0.0,0.0,0.0,468
2023-05-10 09:41:23,OP10005363,300ETF沽12月4300,0.0,0.0,0.0,0.0,20,0.3225,0.3253,10,0.3146,0.331,0.0,0.0,0.0,0.0,468
2023-05-10 09:41:23,OP10005363,300ETF沽12月4300,0.0,0.0,0.0,0.0,20,0.3225,0.3253,10,0.3146,0.331,0.0,0.0,0.0,0.0,468
2023-05-10 09:41:23,OP10005363,300ETF沽12月4300,0.0,0.0,0.0,0.0,20,0.3225,0.3253,10,0.3146,0.331,0.0,0.0,0.0,0.0,468
2023-05-10 09:41:26,OP10005363,300ETF沽12月4300,0.0,0.0,0.0,0.0,20,0.3225,0.3253,10,0.3146,0.331,0.0,0.0,0.0,0.0,468
2023-05-10 09:41:29,OP10005363,300ETF沽12月4300,0.0,0.0,0.0,0.0,21,0.3225,0.3253,10,0.3146,0.331,0.0,0.0,0.0,0.0,468
2023-05-10 09:41:29,OP10005363,300ETF沽12月4300,0.0,0.0,0.0,0.0,20,0.3225,0.3253,10,0.3146,0.331,0.0,0.0,0.0,0.0,468
2023-05-10 09:41:32,OP10005363,300ETF沽12月4300,0.0,0.0,0.0,0.0,10,0.3224,0.3253,10,0.3146,0.331,0.0,0.0,0.0,0.0,468
2023-05-10 09:41:35,OP10005363,300ETF沽12月4300,0.0,0.0,0.0,0.0,1,0.3222,0.3253,20,0.3146,0.331,0.0,0.0,0.0,0.0,468
2023-05-10 09:41:35,OP10005363,300ETF沽12月4300,0.0,0.0,0.0,0.0,1,0.3222,0.3252,10,0.3146,0.331,0.0,0.0,0.0,0.0,468
2023-05-10 09:41:35,OP10005363,300ETF沽12月4300,0.0,0.0,0.0,0.0,1,0.3222,0.3252,30,0.3146,0.331,0.0,0.0,0.0,0.0,468
2023-05-10 09:41:35,OP10005363,300ETF沽12月4300,0.0,0.0,0.0,0.0,1,0.3222,0.3251,10,0.3146,0.331,0.0,0.0,0.0,0.0,468
2023-05-10 09:41:38,OP10005363,300ETF沽12月4300,0.0,0.0,0.0,0.0,1,0.3222,0.3251,10,0.3146,0.331,0.0,0.0,0.0,0.0,468
2023-05-10 09:41:38,OP10005363,300ETF沽12月4300,0.0,0.0,0.0,0.0,1,0.3222,0.3247,15,0.3146,0.331,0.0,0.0,0.0,0.0,468
2023-05-10 09:41:41,OP10005363,300ETF沽12月4300,0.0,0.0,0.0,0.0,20,0.3221,0.3246,10,0.3146,0.331,0.0,0.0,0.0,0.0,468
2023-05-10 09:41:41,OP10005363,300ETF沽12月4300,0.0,0.0,0.0,0.0,11,0.3219,0.3246,10,0.3146,0.331,0.0,0.0,0.0,0.0,468
2023-05-10 09:41:41,OP10005363,300ETF沽12月4300,0.0,0.0,0.0,0.0,1,0.3219,0.3246,10,0.3146,0.331,0.0,0.0,0.0,0.0,468
2023-05-10 09:41:41,OP10005363,300ETF沽12月4300,0.0,0.0,0.0,0.0,20,0.3217,0.3246,10,0.3146,0.331,0.0,0.0,0.0,0.0,468
2023-05-10 09:41:41,OP10005363,300ETF沽12月4300,0.0,0.0,0.0,0.0,20,0.3217,0.3246,10,0.3146,0.331,0.0,0.0,0.0,0.0,468
2023-05-10 09:41:44,OP10005363,300ETF沽12月4300,0.0,0.0,0.0,0.0,1,0.3215,0.3246,10,0.3146,0.331,0.0,0.0,0.0,0.0,468
2023-05-10 09:41:47,OP10005363,300ETF沽12月4300,0.0,0.0,0.0,0.0,10,0.3222,0.3246,10,0.3146,0.331,0.0,0.0,0.0,0.0,468
2023-05-10 09:41:47,OP10005363,300ETF沽12月4300,0.0,0.0,0.0,0.0,11,0.3222,0.3249,10,0.3146,0.331,0.0,0.0,0.0,0.0,468
2023-05-10 09:41:47,OP10005363,300ETF沽12月4300,0.0,0.0,0.0,0.0,11,0.3222,0.3253,10,0.3146,0.331,0.0,0.0,0.0,0.0,468
2023-05-10 09:41:47,OP10005363,300ETF沽12月4300,0.0,0.0,0.0,0.0,31,0.3222,0.3253,10,0.3146,0.331,0.0,0.0,0.0,0.0,468
2023-05-10 09:41:47,OP10005363,300ETF沽12月4300,0.0,0.0,0.0,0.0,31,0.3222,0.3252,10,0.3146,0.331,0.0,0.0,0.0,0.0,468
