time,symbol_id,symbol_name,last,trade_volume,trade_amount,open_interest_change,bv1,bp1,ap1,av1,yesterday_close,today_open,today_high,today_low,volume,amount,open_interest
2023-05-09 20:57:25,p2305,p2305,7598.0,0.0,0.0,0.0,1,7320.0,8000.0,33,7598.0,0.0,0.0,0.0,0.0,0.0,3165
2023-05-09 21:00:24,p2305,p2305,7598.0,0.0,0.0,0.0,1,7320.0,8050.0,2,7598.0,0.0,0.0,0.0,0.0,0.0,3165
2023-05-09 21:00:39,p2305,p2305,7598.0,0.0,0.0,0.0,1,7320.0,8048.0,1,7598.0,0.0,0.0,0.0,0.0,0.0,3165
2023-05-09 21:03:37,p2305,p2305,7598.0,0.0,0.0,0.0,1,7320.0,8046.0,10,7598.0,0.0,0.0,0.0,0.0,0.0,3165
2023-05-09 21:03:51,p2305,p2305,7598.0,0.0,0.0,0.0,10,7322.0,8046.0,10,7598.0,0.0,0.0,0.0,0.0,0.0,3165
2023-05-09 21:08:26,p2305,p2305,7598.0,0.0,0.0,0.0,10,7322.0,7750.0,100,7598.0,0.0,0.0,0.0,0.0,0.0,3165
2023-05-09 21:17:34,p2305,p2305,7598.0,0.0,0.0,0.0,10,7322.0,7748.0,1,7598.0,0.0,0.0,0.0,0.0,0.0,3165
2023-05-09 21:22:14,p2305,p2305,7598.0,0.0,0.0,0.0,2,7326.0,7748.0,1,7598.0,0.0,0.0,0.0,0.0,0.0,3165
2023-05-09 21:29:16,p2305,p2305,7598.0,0.0,0.0,0.0,3,7326.0,7748.0,1,7598.0,0.0,0.0,0.0,0.0,0.0,3165
2023-05-09 21:32:36,p2305,p2305,7598.0,0.0,0.0,0.0,3,7326.0,7746.0,1,7598.0,0.0,0.0,0.0,0.0,0.0,3165
2023-05-09 21:32:48,p2305,p2305,7598.0,0.0,0.0,0.0,2,7326.0,7746.0,1,7598.0,0.0,0.0,0.0,0.0,0.0,3165
2023-05-09 21:32:56,p2305,p2305,7598.0,0.0,0.0,0.0,10,7328.0,7746.0,1,7598.0,0.0,0.0,0.0,0.0,0.0,3165
2023-05-09 21:35:09,p2305,p2305,7598.0,0.0,0.0,0.0,10,7328.0,7748.0,1,7598.0,0.0,0.0,0.0,0.0,0.0,3165
2023-05-09 21:43:17,p2305,p2305,7598.0,0.0,0.0,0.0,3,7330.0,7748.0,1,7598.0,0.0,0.0,0.0,0.0,0.0,3165
2023-05-09 22:11:36,p2305,p2305,7598.0,0.0,0.0,0.0,13,7330.0,7748.0,1,7598.0,0.0,0.0,0.0,0.0,0.0,3165
2023-05-09 22:56:46,p2305,p2305,7598.0,0.0,0.0,0.0,13,7330.0,7750.0,100,7598.0,0.0,0.0,0.0,0.0,0.0,3165
2023-05-09 22:59:31,p2305,p2305,7598.0,0.0,0.0,0.0,3,7330.0,7750.0,100,7598.0,0.0,0.0,0.0,0.0,0.0,3165
2023-05-10 09:11:07,p2305,p2305,7598.0,0.0,0.0,0.0,4,7330.0,7750.0,100,7598.0,0.0,0.0,0.0,0.0,0.0,3165
2023-05-10 09:11:09,p2305,p2305,7598.0,0.0,0.0,0.0,5,7330.0,7750.0,100,7598.0,0.0,0.0,0.0,0.0,0.0,3165
2023-05-10 09:12:09,p2305,p2305,7598.0,0.0,0.0,0.0,5,7330.0,7660.0,10,7598.0,0.0,0.0,0.0,0.0,0.0,3165
2023-05-10 09:14:37,p2305,p2305,7598.0,0.0,0.0,0.0,5,7330.0,7660.0,17,7598.0,0.0,0.0,0.0,0.0,0.0,3165
2023-05-10 09:14:37,p2305,p2305,7598.0,0.0,0.0,0.0,5,7330.0,7660.0,16,7598.0,0.0,0.0,0.0,0.0,0.0,3165
2023-05-10 09:14:38,p2305,p2305,7598.0,0.0,0.0,0.0,5,7330.0,7660.0,17,7598.0,0.0,0.0,0.0,0.0,0.0,3165
2023-05-10 09:14:38,p2305,p2305,7598.0,0.0,0.0,0.0,5,7330.0,7660.0,10,7598.0,0.0,0.0,0.0,0.0,0.0,3165
2023-05-10 09:14:39,p2305,p2305,7598.0,0.0,0.0,0.0,5,7330.0,7660.0,19,7598.0,0.0,0.0,0.0,0.0,0.0,3165
2023-05-10 09:14:40,p2305,p2305,7598.0,0.0,0.0,0.0,5,7330.0,7660.0,17,7598.0,0.0,0.0,0.0,0.0,0.0,3165
2023-05-10 09:14:40,p2305,p2305,7598.0,0.0,0.0,0.0,5,7330.0,7660.0,20,7598.0,0.0,0.0,0.0,0.0,0.0,3165
2023-05-10 09:14:42,p2305,p2305,7598.0,0.0,0.0,0.0,5,7330.0,7660.0,19,7598.0,0.0,0.0,0.0,0.0,0.0,3165
2023-05-10 09:14:43,p2305,p2305,7598.0,0.0,0.0,0.0,5,7330.0,7660.0,10,7598.0,0.0,0.0,0.0,0.0,0.0,3165
2023-05-10 09:14:44,p2305,p2305,7598.0,0.0,0.0,0.0,5,7330.0,7660.0,25,7598.0,0.0,0.0,0.0,0.0,0.0,3165
2023-05-10 09:14:45,p2305,p2305,7598.0,0.0,0.0,0.0,5,7330.0,7660.0,10,7598.0,0.0,0.0,0.0,0.0,0.0,3165
2023-05-10 09:14:45,p2305,p2305,7598.0,0.0,0.0,0.0,5,7330.0,7660.0,25,7598.0,0.0,0.0,0.0,0.0,0.0,3165
2023-05-10 09:14:48,p2305,p2305,7598.0,0.0,0.0,0.0,5,7330.0,7660.0,22,7598.0,0.0,0.0,0.0,0.0,0.0,3165
2023-05-10 09:14:49,p2305,p2305,7598.0,0.0,0.0,0.0,5,7330.0,7660.0,23,7598.0,0.0,0.0,0.0,0.0,0.0,3165
2023-05-10 09:14:49,p2305,p2305,7598.0,0.0,0.0,0.0,5,7330.0,7660.0,27,7598.0,0.0,0.0,0.0,0.0,0.0,3165
2023-05-10 09:14:50,p2305,p2305,7598.0,0.0,0.0,0.0,5,7330.0,7660.0,10,7598.0,0.0,0.0,0.0,0.0,0.0,3165
2023-05-10 09:14:50,p2305,p2305,7598.0,0.0,0.0,0.0,5,7330.0,7660.0,27,7598.0,0.0,0.0,0.0,0.0,0.0,3165
2023-05-10 09:14:51,p2305,p2305,7598.0,0.0,0.0,0.0,5,7330.0,7660.0,10,7598.0,0.0,0.0,0.0,0.0,0.0,3165
2023-05-10 09:14:51,p2305,p2305,7598.0,0.0,0.0,0.0,5,7330.0,7660.0,27,7598.0,0.0,0.0,0.0,0.0,0.0,3165
2023-05-10 09:14:55,p2305,p2305,7598.0,0.0,0.0,0.0,5,7330.0,7660.0,10,7598.0,0.0,0.0,0.0,0.0,0.0,3165
2023-05-10 09:14:56,p2305,p2305,7598.0,0.0,0.0,0.0,5,7330.0,7660.0,26,7598.0,0.0,0.0,0.0,0.0,0.0,3165
2023-05-10 09:14:57,p2305,p2305,7598.0,0.0,0.0,0.0,5,7330.0,7660.0,27,7598.0,0.0,0.0,0.0,0.0,0.0,3165
2023-05-10 09:14:59,p2305,p2305,7598.0,0.0,0.0,0.0,5,7330.0,7660.0,10,7598.0,0.0,0.0,0.0,0.0,0.0,3165
2023-05-10 09:15:05,p2305,p2305,7598.0,0.0,0.0,0.0,5,7330.0,7660.0,25,7598.0,0.0,0.0,0.0,0.0,0.0,3165
2023-05-10 09:15:06,p2305,p2305,7598.0,0.0,0.0,0.0,5,7330.0,7660.0,10,7598.0,0.0,0.0,0.0,0.0,0.0,3165
2023-05-10 09:17:16,p2305,p2305,7598.0,0.0,0.0,0.0,5,7330.0,7660.0,24,7598.0,0.0,0.0,0.0,0.0,0.0,3165
2023-05-10 09:17:17,p2305,p2305,7598.0,0.0,0.0,0.0,5,7330.0,7660.0,27,7598.0,0.0,0.0,0.0,0.0,0.0,3165
2023-05-10 09:17:17,p2305,p2305,7598.0,0.0,0.0,0.0,5,7330.0,7660.0,29,7598.0,0.0,0.0,0.0,0.0,0.0,3165
2023-05-10 09:17:23,p2305,p2305,7598.0,0.0,0.0,0.0,5,7330.0,7660.0,25,7598.0,0.0,0.0,0.0,0.0,0.0,3165
2023-05-10 09:17:23,p2305,p2305,7598.0,0.0,0.0,0.0,5,7330.0,7660.0,27,7598.0,0.0,0.0,0.0,0.0,0.0,3165
2023-05-10 09:17:25,p2305,p2305,7598.0,0.0,0.0,0.0,5,7330.0,7660.0,10,7598.0,0.0,0.0,0.0,0.0,0.0,3165
2023-05-10 09:17:25,p2305,p2305,7598.0,0.0,0.0,0.0,5,7330.0,7660.0,22,7598.0,0.0,0.0,0.0,0.0,0.0,3165
2023-05-10 09:17:26,p2305,p2305,7598.0,0.0,0.0,0.0,5,7330.0,7660.0,21,7598.0,0.0,0.0,0.0,0.0,0.0,3165
2023-05-10 09:17:27,p2305,p2305,7598.0,0.0,0.0,0.0,5,7330.0,7660.0,10,7598.0,0.0,0.0,0.0,0.0,0.0,3165
2023-05-10 09:18:25,p2305,p2305,7598.0,0.0,0.0,0.0,5,7330.0,7660.0,17,7598.0,0.0,0.0,0.0,0.0,0.0,3165
2023-05-10 09:18:25,p2305,p2305,7598.0,0.0,0.0,0.0,5,7330.0,7660.0,16,7598.0,0.0,0.0,0.0,0.0,0.0,3165
2023-05-10 09:18:26,p2305,p2305,7598.0,0.0,0.0,0.0,5,7330.0,7660.0,15,7598.0,0.0,0.0,0.0,0.0,0.0,3165
2023-05-10 09:18:27,p2305,p2305,7598.0,0.0,0.0,0.0,5,7330.0,7660.0,14,7598.0,0.0,0.0,0.0,0.0,0.0,3165
2023-05-10 09:18:27,p2305,p2305,7598.0,0.0,0.0,0.0,5,7330.0,7660.0,13,7598.0,0.0,0.0,0.0,0.0,0.0,3165
2023-05-10 09:18:32,p2305,p2305,7598.0,0.0,0.0,0.0,5,7330.0,7660.0,10,7598.0,0.0,0.0,0.0,0.0,0.0,3165
2023-05-10 09:18:42,p2305,p2305,7598.0,0.0,0.0,0.0,5,7330.0,7660.0,20,7598.0,0.0,0.0,0.0,0.0,0.0,3165
2023-05-10 09:18:43,p2305,p2305,7598.0,0.0,0.0,0.0,5,7330.0,7660.0,10,7598.0,0.0,0.0,0.0,0.0,0.0,3165
2023-05-10 09:18:44,p2305,p2305,7598.0,0.0,0.0,0.0,5,7330.0,7660.0,20,7598.0,0.0,0.0,0.0,0.0,0.0,3165
2023-05-10 09:18:45,p2305,p2305,7598.0,0.0,0.0,0.0,5,7330.0,7660.0,10,7598.0,0.0,0.0,0.0,0.0,0.0,3165
2023-05-10 09:18:45,p2305,p2305,7598.0,0.0,0.0,0.0,5,7330.0,7660.0,11,7598.0,0.0,0.0,0.0,0.0,0.0,3165
2023-05-10 09:18:46,p2305,p2305,7598.0,0.0,0.0,0.0,5,7330.0,7660.0,10,7598.0,0.0,0.0,0.0,0.0,0.0,3165
2023-05-10 09:18:48,p2305,p2305,7598.0,0.0,0.0,0.0,5,7330.0,7660.0,20,7598.0,0.0,0.0,0.0,0.0,0.0,3165
2023-05-10 09:18:50,p2305,p2305,7598.0,0.0,0.0,0.0,5,7330.0,7660.0,10,7598.0,0.0,0.0,0.0,0.0,0.0,3165
2023-05-10 09:18:52,p2305,p2305,7598.0,0.0,0.0,0.0,5,7330.0,7660.0,20,7598.0,0.0,0.0,0.0,0.0,0.0,3165
2023-05-10 09:18:52,p2305,p2305,7598.0,0.0,0.0,0.0,5,7330.0,7660.0,10,7598.0,0.0,0.0,0.0,0.0,0.0,3165
2023-05-10 09:18:55,p2305,p2305,7598.0,0.0,0.0,0.0,5,7330.0,7660.0,20,7598.0,0.0,0.0,0.0,0.0,0.0,3165
2023-05-10 09:18:57,p2305,p2305,7598.0,0.0,0.0,0.0,5,7330.0,7660.0,10,7598.0,0.0,0.0,0.0,0.0,0.0,3165
2023-05-10 09:18:58,p2305,p2305,7598.0,0.0,0.0,0.0,5,7330.0,7660.0,20,7598.0,0.0,0.0,0.0,0.0,0.0,3165
2023-05-10 09:18:59,p2305,p2305,7598.0,0.0,0.0,0.0,5,7330.0,7660.0,10,7598.0,0.0,0.0,0.0,0.0,0.0,3165
2023-05-10 09:19:11,p2305,p2305,7598.0,0.0,0.0,0.0,5,7330.0,7660.0,20,7598.0,0.0,0.0,0.0,0.0,0.0,3165
2023-05-10 09:19:12,p2305,p2305,7598.0,0.0,0.0,0.0,5,7330.0,7660.0,12,7598.0,0.0,0.0,0.0,0.0,0.0,3165
2023-05-10 09:19:13,p2305,p2305,7598.0,0.0,0.0,0.0,5,7330.0,7660.0,10,7598.0,0.0,0.0,0.0,0.0,0.0,3165
2023-05-10 09:19:14,p2305,p2305,7598.0,0.0,0.0,0.0,5,7330.0,7660.0,17,7598.0,0.0,0.0,0.0,0.0,0.0,3165
2023-05-10 09:19:15,p2305,p2305,7598.0,0.0,0.0,0.0,5,7330.0,7660.0,22,7598.0,0.0,0.0,0.0,0.0,0.0,3165
2023-05-10 09:19:15,p2305,p2305,7598.0,0.0,0.0,0.0,5,7330.0,7660.0,25,7598.0,0.0,0.0,0.0,0.0,0.0,3165
2023-05-10 09:19:16,p2305,p2305,7598.0,0.0,0.0,0.0,5,7330.0,7660.0,24,7598.0,0.0,0.0,0.0,0.0,0.0,3165
2023-05-10 09:19:16,p2305,p2305,7598.0,0.0,0.0,0.0,5,7330.0,7660.0,16,7598.0,0.0,0.0,0.0,0.0,0.0,3165
2023-05-10 09:19:17,p2305,p2305,7598.0,0.0,0.0,0.0,5,7330.0,7660.0,20,7598.0,0.0,0.0,0.0,0.0,0.0,3165
2023-05-10 09:19:18,p2305,p2305,7598.0,0.0,0.0,0.0,5,7330.0,7660.0,10,7598.0,0.0,0.0,0.0,0.0,0.0,3165
2023-05-10 09:19:19,p2305,p2305,7598.0,0.0,0.0,0.0,5,7330.0,7660.0,20,7598.0,0.0,0.0,0.0,0.0,0.0,3165
2023-05-10 09:19:19,p2305,p2305,7598.0,0.0,0.0,0.0,5,7330.0,7660.0,10,7598.0,0.0,0.0,0.0,0.0,0.0,3165
2023-05-10 09:19:20,p2305,p2305,7598.0,0.0,0.0,0.0,5,7330.0,7660.0,20,7598.0,0.0,0.0,0.0,0.0,0.0,3165
2023-05-10 09:19:21,p2305,p2305,7598.0,0.0,0.0,0.0,5,7330.0,7660.0,10,7598.0,0.0,0.0,0.0,0.0,0.0,3165
2023-05-10 09:19:22,p2305,p2305,7598.0,0.0,0.0,0.0,5,7330.0,7660.0,20,7598.0,0.0,0.0,0.0,0.0,0.0,3165
2023-05-10 09:19:22,p2305,p2305,7598.0,0.0,0.0,0.0,5,7330.0,7660.0,23,7598.0,0.0,0.0,0.0,0.0,0.0,3165
2023-05-10 09:19:23,p2305,p2305,7598.0,0.0,0.0,0.0,5,7330.0,7660.0,20,7598.0,0.0,0.0,0.0,0.0,0.0,3165
2023-05-10 09:19:26,p2305,p2305,7598.0,0.0,0.0,0.0,5,7330.0,7660.0,10,7598.0,0.0,0.0,0.0,0.0,0.0,3165
2023-05-10 09:19:27,p2305,p2305,7598.0,0.0,0.0,0.0,5,7330.0,7660.0,24,7598.0,0.0,0.0,0.0,0.0,0.0,3165
2023-05-10 09:19:27,p2305,p2305,7598.0,0.0,0.0,0.0,5,7330.0,7660.0,10,7598.0,0.0,0.0,0.0,0.0,0.0,3165
2023-05-10 09:19:28,p2305,p2305,7598.0,0.0,0.0,0.0,5,7330.0,7660.0,22,7598.0,0.0,0.0,0.0,0.0,0.0,3165
2023-05-10 09:19:28,p2305,p2305,7598.0,0.0,0.0,0.0,5,7330.0,7660.0,34,7598.0,0.0,0.0,0.0,0.0,0.0,3165
2023-05-10 09:19:30,p2305,p2305,7598.0,0.0,0.0,0.0,5,7330.0,7660.0,20,7598.0,0.0,0.0,0.0,0.0,0.0,3165
2023-05-10 09:19:30,p2305,p2305,7598.0,0.0,0.0,0.0,5,7330.0,7660.0,13,7598.0,0.0,0.0,0.0,0.0,0.0,3165
2023-05-10 09:19:31,p2305,p2305,7598.0,0.0,0.0,0.0,5,7330.0,7660.0,20,7598.0,0.0,0.0,0.0,0.0,0.0,3165
2023-05-10 09:19:32,p2305,p2305,7598.0,0.0,0.0,0.0,5,7330.0,7660.0,22,7598.0,0.0,0.0,0.0,0.0,0.0,3165
2023-05-10 09:19:33,p2305,p2305,7598.0,0.0,0.0,0.0,5,7330.0,7660.0,20,7598.0,0.0,0.0,0.0,0.0,0.0,3165
2023-05-10 09:19:33,p2305,p2305,7598.0,0.0,0.0,0.0,5,7330.0,7660.0,22,7598.0,0.0,0.0,0.0,0.0,0.0,3165
2023-05-10 09:19:36,p2305,p2305,7598.0,0.0,0.0,0.0,5,7330.0,7660.0,10,7598.0,0.0,0.0,0.0,0.0,0.0,3165
2023-05-10 09:22:23,p2305,p2305,7598.0,0.0,0.0,0.0,10,7332.0,7660.0,10,7598.0,0.0,0.0,0.0,0.0,0.0,3165
2023-05-10 09:26:10,p2305,p2305,7598.0,0.0,0.0,0.0,10,7332.0,7660.0,20,7598.0,0.0,0.0,0.0,0.0,0.0,3165
2023-05-10 09:26:11,p2305,p2305,7598.0,0.0,0.0,0.0,10,7332.0,7660.0,17,7598.0,0.0,0.0,0.0,0.0,0.0,3165
2023-05-10 09:26:11,p2305,p2305,7598.0,0.0,0.0,0.0,10,7332.0,7660.0,21,7598.0,0.0,0.0,0.0,0.0,0.0,3165
2023-05-10 09:26:12,p2305,p2305,7598.0,0.0,0.0,0.0,10,7332.0,7660.0,14,7598.0,0.0,0.0,0.0,0.0,0.0,3165
2023-05-10 09:26:13,p2305,p2305,7598.0,0.0,0.0,0.0,10,7332.0,7660.0,19,7598.0,0.0,0.0,0.0,0.0,0.0,3165
2023-05-10 09:26:16,p2305,p2305,7598.0,0.0,0.0,0.0,10,7332.0,7660.0,17,7598.0,0.0,0.0,0.0,0.0,0.0,3165
2023-05-10 09:26:16,p2305,p2305,7598.0,0.0,0.0,0.0,10,7332.0,7660.0,13,7598.0,0.0,0.0,0.0,0.0,0.0,3165
2023-05-10 09:26:17,p2305,p2305,7598.0,0.0,0.0,0.0,10,7332.0,7660.0,12,7598.0,0.0,0.0,0.0,0.0,0.0,3165
2023-05-10 09:26:19,p2305,p2305,7598.0,0.0,0.0,0.0,10,7332.0,7660.0,10,7598.0,0.0,0.0,0.0,0.0,0.0,3165
2023-05-10 09:26:38,p2305,p2305,7598.0,0.0,0.0,0.0,10,7332.0,7660.0,20,7598.0,0.0,0.0,0.0,0.0,0.0,3165
2023-05-10 09:26:49,p2305,p2305,7598.0,0.0,0.0,0.0,10,7332.0,7660.0,10,7598.0,0.0,0.0,0.0,0.0,0.0,3165
2023-05-10 09:26:59,p2305,p2305,7598.0,0.0,0.0,0.0,10,7332.0,7660.0,11,7598.0,0.0,0.0,0.0,0.0,0.0,3165
2023-05-10 09:27:00,p2305,p2305,7598.0,0.0,0.0,0.0,10,7332.0,7660.0,18,7598.0,0.0,0.0,0.0,0.0,0.0,3165
2023-05-10 09:27:00,p2305,p2305,7598.0,0.0,0.0,0.0,10,7332.0,7660.0,10,7598.0,0.0,0.0,0.0,0.0,0.0,3165
2023-05-10 09:27:08,p2305,p2305,7598.0,0.0,0.0,0.0,10,7332.0,7660.0,14,7598.0,0.0,0.0,0.0,0.0,0.0,3165
2023-05-10 09:27:09,p2305,p2305,7598.0,0.0,0.0,0.0,10,7332.0,7660.0,15,7598.0,0.0,0.0,0.0,0.0,0.0,3165
2023-05-10 09:27:11,p2305,p2305,7598.0,0.0,0.0,0.0,10,7332.0,7660.0,16,7598.0,0.0,0.0,0.0,0.0,0.0,3165
2023-05-10 09:27:11,p2305,p2305,7598.0,0.0,0.0,0.0,10,7332.0,7660.0,10,7598.0,0.0,0.0,0.0,0.0,0.0,3165
2023-05-10 09:27:12,p2305,p2305,7598.0,0.0,0.0,0.0,10,7332.0,7660.0,20,7598.0,0.0,0.0,0.0,0.0,0.0,3165
2023-05-10 09:27:12,p2305,p2305,7598.0,0.0,0.0,0.0,10,7332.0,7660.0,19,7598.0,0.0,0.0,0.0,0.0,0.0,3165
2023-05-10 09:27:13,p2305,p2305,7598.0,0.0,0.0,0.0,10,7332.0,7660.0,21,7598.0,0.0,0.0,0.0,0.0,0.0,3165
2023-05-10 09:27:13,p2305,p2305,7598.0,0.0,0.0,0.0,10,7332.0,7660.0,23,7598.0,0.0,0.0,0.0,0.0,0.0,3165
2023-05-10 09:27:18,p2305,p2305,7598.0,0.0,0.0,0.0,10,7332.0,7660.0,10,7598.0,0.0,0.0,0.0,0.0,0.0,3165
2023-05-10 09:28:13,p2305,p2305,7598.0,0.0,0.0,0.0,3,7336.0,7660.0,10,7598.0,0.0,0.0,0.0,0.0,0.0,3165
2023-05-10 09:30:19,p2305,p2305,7598.0,0.0,0.0,0.0,3,7336.0,7660.0,24,7598.0,0.0,0.0,0.0,0.0,0.0,3165
2023-05-10 09:30:19,p2305,p2305,7598.0,0.0,0.0,0.0,3,7336.0,7660.0,23,7598.0,0.0,0.0,0.0,0.0,0.0,3165
2023-05-10 09:30:20,p2305,p2305,7598.0,0.0,0.0,0.0,3,7336.0,7660.0,17,7598.0,0.0,0.0,0.0,0.0,0.0,3165
2023-05-10 09:30:22,p2305,p2305,7598.0,0.0,0.0,0.0,3,7336.0,7660.0,19,7598.0,0.0,0.0,0.0,0.0,0.0,3165
2023-05-10 09:30:23,p2305,p2305,7598.0,0.0,0.0,0.0,3,7336.0,7660.0,10,7598.0,0.0,0.0,0.0,0.0,0.0,3165
2023-05-10 09:30:26,p2305,p2305,7598.0,0.0,0.0,0.0,3,7336.0,7660.0,26,7598.0,0.0,0.0,0.0,0.0,0.0,3165
2023-05-10 09:30:26,p2305,p2305,7598.0,0.0,0.0,0.0,3,7336.0,7660.0,28,7598.0,0.0,0.0,0.0,0.0,0.0,3165
2023-05-10 09:30:27,p2305,p2305,7598.0,0.0,0.0,0.0,3,7336.0,7660.0,29,7598.0,0.0,0.0,0.0,0.0,0.0,3165
2023-05-10 09:30:29,p2305,p2305,7598.0,0.0,0.0,0.0,3,7336.0,7660.0,28,7598.0,0.0,0.0,0.0,0.0,0.0,3165
2023-05-10 09:30:29,p2305,p2305,7598.0,0.0,0.0,0.0,3,7336.0,7660.0,29,7598.0,0.0,0.0,0.0,0.0,0.0,3165
2023-05-10 09:30:29,p2305,p2305,7598.0,0.0,0.0,0.0,3,7336.0,7660.0,27,7598.0,0.0,0.0,0.0,0.0,0.0,3165
2023-05-10 09:30:30,p2305,p2305,7598.0,0.0,0.0,0.0,3,7336.0,7660.0,28,7598.0,0.0,0.0,0.0,0.0,0.0,3165
2023-05-10 09:30:33,p2305,p2305,7598.0,0.0,0.0,0.0,3,7336.0,7660.0,10,7598.0,0.0,0.0,0.0,0.0,0.0,3165
2023-05-10 09:33:26,p2305,p2305,7598.0,0.0,0.0,0.0,3,7336.0,7660.0,20,7598.0,0.0,0.0,0.0,0.0,0.0,3165
2023-05-10 09:33:26,p2305,p2305,7598.0,0.0,0.0,0.0,3,7336.0,7660.0,16,7598.0,0.0,0.0,0.0,0.0,0.0,3165
2023-05-10 09:33:27,p2305,p2305,7598.0,0.0,0.0,0.0,3,7336.0,7660.0,15,7598.0,0.0,0.0,0.0,0.0,0.0,3165
2023-05-10 09:33:27,p2305,p2305,7598.0,0.0,0.0,0.0,3,7336.0,7660.0,12,7598.0,0.0,0.0,0.0,0.0,0.0,3165
2023-05-10 09:33:28,p2305,p2305,7598.0,0.0,0.0,0.0,3,7336.0,7660.0,10,7598.0,0.0,0.0,0.0,0.0,0.0,3165
2023-05-10 09:33:31,p2305,p2305,7598.0,0.0,0.0,0.0,7,7338.0,7660.0,10,7598.0,0.0,0.0,0.0,0.0,0.0,3165
2023-05-10 09:33:37,p2305,p2305,7598.0,0.0,0.0,0.0,7,7338.0,7660.0,18,7598.0,0.0,0.0,0.0,0.0,0.0,3165
2023-05-10 09:33:37,p2305,p2305,7598.0,0.0,0.0,0.0,7,7338.0,7660.0,16,7598.0,0.0,0.0,0.0,0.0,0.0,3165
2023-05-10 09:33:38,p2305,p2305,7598.0,0.0,0.0,0.0,7,7338.0,7660.0,17,7598.0,0.0,0.0,0.0,0.0,0.0,3165
2023-05-10 09:33:39,p2305,p2305,7598.0,0.0,0.0,0.0,7,7338.0,7660.0,16,7598.0,0.0,0.0,0.0,0.0,0.0,3165
2023-05-10 09:33:41,p2305,p2305,7598.0,0.0,0.0,0.0,7,7338.0,7660.0,10,7598.0,0.0,0.0,0.0,0.0,0.0,3165
2023-05-10 09:33:45,p2305,p2305,7598.0,0.0,0.0,0.0,7,7338.0,7660.0,27,7598.0,0.0,0.0,0.0,0.0,0.0,3165
2023-05-10 09:33:45,p2305,p2305,7598.0,0.0,0.0,0.0,7,7338.0,7660.0,23,7598.0,0.0,0.0,0.0,0.0,0.0,3165
2023-05-10 09:33:46,p2305,p2305,7598.0,0.0,0.0,0.0,7,7338.0,7660.0,25,7598.0,0.0,0.0,0.0,0.0,0.0,3165
2023-05-10 09:33:54,p2305,p2305,7598.0,0.0,0.0,0.0,7,7338.0,7660.0,24,7598.0,0.0,0.0,0.0,0.0,0.0,3165
2023-05-10 09:33:56,p2305,p2305,7598.0,0.0,0.0,0.0,7,7338.0,7660.0,25,7598.0,0.0,0.0,0.0,0.0,0.0,3165
2023-05-10 09:33:57,p2305,p2305,7598.0,0.0,0.0,0.0,7,7338.0,7660.0,26,7598.0,0.0,0.0,0.0,0.0,0.0,3165
2023-05-10 09:33:57,p2305,p2305,7598.0,0.0,0.0,0.0,7,7338.0,7660.0,25,7598.0,0.0,0.0,0.0,0.0,0.0,3165
2023-05-10 09:33:58,p2305,p2305,7598.0,0.0,0.0,0.0,7,7338.0,7660.0,29,7598.0,0.0,0.0,0.0,0.0,0.0,3165
2023-05-10 09:33:58,p2305,p2305,7598.0,0.0,0.0,0.0,7,7338.0,7660.0,10,7598.0,0.0,0.0,0.0,0.0,0.0,3165
2023-05-10 09:36:26,p2305,p2305,7598.0,0.0,0.0,0.0,2,7342.0,7660.0,10,7598.0,0.0,0.0,0.0,0.0,0.0,3165
2023-05-10 09:40:59,p2305,p2305,7598.0,0.0,0.0,0.0,9,7342.0,7660.0,10,7598.0,0.0,0.0,0.0,0.0,0.0,3165
2023-05-10 10:14:40,p2305,p2305,7598.0,0.0,0.0,0.0,1,7344.0,7660.0,10,7598.0,0.0,0.0,0.0,0.0,0.0,3165
2023-05-10 10:30:00,p2305,p2305,7598.0,0.0,0.0,0.0,9,7342.0,7660.0,10,7598.0,0.0,0.0,0.0,0.0,0.0,3165
2023-05-10 10:41:20,p2305,p2305,7598.0,45.0,3419100.0,-45.0,9,7342.0,7660.0,10,7598.0,0.0,0.0,0.0,45.0,3419100.0,3120
2023-05-10 11:28:35,p2305,p2305,7598.0,0.0,0.0,0.0,9,7342.0,7750.0,100,7598.0,0.0,0.0,0.0,45.0,3419100.0,3120
2023-05-10 11:29:42,p2305,p2305,7598.0,0.0,0.0,0.0,2,7342.0,7750.0,100,7598.0,0.0,0.0,0.0,45.0,3419100.0,3120
2023-05-10 13:37:24,p2305,p2305,7598.0,50.0,3799000.0,-50.0,2,7342.0,7750.0,100,7598.0,0.0,0.0,0.0,95.0,7218100.0,3070
2023-05-10 13:39:41,p2305,p2305,7598.0,0.0,0.0,0.0,5,7344.0,7750.0,100,7598.0,0.0,0.0,0.0,95.0,7218100.0,3070
2023-05-10 13:40:27,p2305,p2305,7598.0,0.0,0.0,0.0,5,7346.0,7750.0,100,7598.0,0.0,0.0,0.0,95.0,7218100.0,3070
2023-05-10 13:40:44,p2305,p2305,7598.0,0.0,0.0,0.0,5,7344.0,7750.0,100,7598.0,0.0,0.0,0.0,95.0,7218100.0,3070
2023-05-10 13:43:51,p2305,p2305,7598.0,0.0,0.0,0.0,3,7346.0,7750.0,100,7598.0,0.0,0.0,0.0,95.0,7218100.0,3070
2023-05-10 13:44:21,p2305,p2305,7598.0,0.0,0.0,0.0,8,7346.0,7750.0,100,7598.0,0.0,0.0,0.0,95.0,7218100.0,3070
2023-05-10 13:56:01,p2305,p2305,7598.0,35.0,2659300.0,-35.0,8,7346.0,7750.0,100,7598.0,0.0,0.0,0.0,130.0,9877400.0,3035
2023-05-10 14:10:01,p2305,p2305,7598.0,0.0,0.0,0.0,5,7346.0,7750.0,100,7598.0,0.0,0.0,0.0,130.0,9877400.0,3035
2023-05-10 15:01:14,p2305,p2305,7598.0,0.0,0.0,0.0,5,7346.0,7750.0,100,7598.0,0.0,0.0,0.0,130.0,9877400.0,3035
