time,symbol_id,symbol_name,last,trade_volume,trade_amount,open_interest_change,bv1,bp1,ap1,av1,yesterday_close,today_open,today_high,today_low,volume,amount,open_interest
2023-05-09 20:59:00,p2308,p2308,7296.0,5.0,364800.0,4.0,3,7296.0,7318.0,2,7258.0,7296.0,7296.0,7296.0,5.0,364800.0,87132
2023-05-09 21:00:00,p2308,p2308,7306.0,2.0,146120.0,0.0,3,7296.0,7356.0,1,7258.0,7296.0,7306.0,7296.0,7.0,510920.0,87132
2023-05-09 21:00:00,p2308,p2308,7306.0,1.0,73060.0,1.0,2,7306.0,7308.0,4,7258.0,7296.0,7306.0,7296.0,8.0,583980.0,87133
2023-05-09 21:00:01,p2308,p2308,7306.0,3.0,219220.0,2.0,1,7306.0,7308.0,2,7258.0,7296.0,7308.0,7296.0,11.0,803200.0,87135
2023-05-09 21:00:01,p2308,p2308,7302.0,1.0,73020.0,0.0,3,7296.0,7308.0,2,7258.0,7296.0,7308.0,7296.0,12.0,876220.0,87135
2023-05-09 21:00:02,p2308,p2308,7302.0,0.0,0.0,0.0,2,7300.0,7304.0,2,7258.0,7296.0,7308.0,7296.0,12.0,876220.0,87135
2023-05-09 21:00:02,p2308,p2308,7302.0,0.0,0.0,0.0,36,7296.0,7354.0,33,7258.0,7296.0,7308.0,7296.0,12.0,876220.0,87135
2023-05-09 21:00:03,p2308,p2308,7314.0,2.0,146280.0,2.0,1,7304.0,7316.0,2,7258.0,7296.0,7314.0,7296.0,14.0,1022500.0,87137
2023-05-09 21:00:03,p2308,p2308,7314.0,0.0,0.0,0.0,1,7304.0,7310.0,4,7258.0,7296.0,7314.0,7296.0,14.0,1022500.0,87137
2023-05-09 21:00:04,p2308,p2308,7314.0,0.0,0.0,0.0,1,7304.0,7308.0,2,7258.0,7296.0,7314.0,7296.0,14.0,1022500.0,87137
2023-05-09 21:00:06,p2308,p2308,7304.0,1.0,73040.0,0.0,5,7298.0,7308.0,18,7258.0,7296.0,7314.0,7296.0,15.0,1095540.0,87137
2023-05-09 21:00:07,p2308,p2308,7304.0,3.0,219140.0,2.0,4,7296.0,7306.0,2,7258.0,7296.0,7314.0,7296.0,18.0,1314680.0,87139
2023-05-09 21:00:07,p2308,p2308,7304.0,0.0,0.0,0.0,1,7304.0,7310.0,5,7258.0,7296.0,7314.0,7296.0,18.0,1314680.0,87139
2023-05-09 21:00:08,p2308,p2308,7304.0,0.0,0.0,0.0,1,7304.0,7306.0,2,7258.0,7296.0,7314.0,7296.0,18.0,1314680.0,87139
2023-05-09 21:00:08,p2308,p2308,7304.0,0.0,0.0,0.0,1,7304.0,7308.0,13,7258.0,7296.0,7314.0,7296.0,18.0,1314680.0,87139
2023-05-09 21:00:09,p2308,p2308,7304.0,1.0,73040.0,-1.0,3,7302.0,7306.0,2,7258.0,7296.0,7314.0,7296.0,19.0,1387720.0,87138
2023-05-09 21:00:09,p2308,p2308,7304.0,0.0,0.0,0.0,2,7304.0,7306.0,2,7258.0,7296.0,7314.0,7296.0,19.0,1387720.0,87138
2023-05-09 21:00:10,p2308,p2308,7304.0,2.0,146080.0,2.0,4,7296.0,7304.0,1,7258.0,7296.0,7314.0,7296.0,21.0,1533800.0,87140
2023-05-09 21:00:10,p2308,p2308,7302.0,2.0,146040.0,0.0,8,7300.0,7304.0,1,7258.0,7296.0,7314.0,7296.0,23.0,1679840.0,87140
2023-05-09 21:00:11,p2308,p2308,7302.0,0.0,0.0,0.0,2,7300.0,7304.0,1,7258.0,7296.0,7314.0,7296.0,23.0,1679840.0,87140
2023-05-09 21:00:12,p2308,p2308,7302.0,0.0,0.0,0.0,2,7300.0,7304.0,4,7258.0,7296.0,7314.0,7296.0,23.0,1679840.0,87140
2023-05-09 21:00:12,p2308,p2308,7302.0,0.0,0.0,0.0,3,7300.0,7304.0,1,7258.0,7296.0,7314.0,7296.0,23.0,1679840.0,87140
2023-05-09 21:00:13,p2308,p2308,7302.0,0.0,0.0,0.0,5,7298.0,7304.0,1,7258.0,7296.0,7314.0,7296.0,23.0,1679840.0,87140
2023-05-09 21:00:14,p2308,p2308,7304.0,5.0,365160.0,-5.0,10,7298.0,7304.0,2,7258.0,7296.0,7314.0,7296.0,28.0,2045000.0,87135
2023-05-09 21:00:14,p2308,p2308,7304.0,0.0,0.0,0.0,2,7302.0,7306.0,1,7258.0,7296.0,7314.0,7296.0,28.0,2045000.0,87135
2023-05-09 21:00:15,p2308,p2308,7306.0,1.0,73060.0,1.0,3,7302.0,7306.0,14,7258.0,7296.0,7314.0,7296.0,29.0,2118060.0,87136
2023-05-09 21:00:15,p2308,p2308,7306.0,0.0,0.0,0.0,3,7302.0,7306.0,9,7258.0,7296.0,7314.0,7296.0,29.0,2118060.0,87136
2023-05-09 21:00:16,p2308,p2308,7306.0,0.0,0.0,0.0,7,7302.0,7306.0,4,7258.0,7296.0,7314.0,7296.0,29.0,2118060.0,87136
2023-05-09 21:00:16,p2308,p2308,7306.0,0.0,0.0,0.0,12,7302.0,7306.0,4,7258.0,7296.0,7314.0,7296.0,29.0,2118060.0,87136
2023-05-09 21:00:17,p2308,p2308,7306.0,0.0,0.0,0.0,2,7304.0,7308.0,13,7258.0,7296.0,7314.0,7296.0,29.0,2118060.0,87136
2023-05-09 21:00:17,p2308,p2308,7306.0,0.0,0.0,0.0,7,7304.0,7308.0,12,7258.0,7296.0,7314.0,7296.0,29.0,2118060.0,87136
2023-05-09 21:00:18,p2308,p2308,7306.0,0.0,0.0,0.0,3,7304.0,7308.0,12,7258.0,7296.0,7314.0,7296.0,29.0,2118060.0,87136
2023-05-09 21:00:18,p2308,p2308,7304.0,2.0,146080.0,1.0,16,7300.0,7308.0,12,7258.0,7296.0,7314.0,7296.0,31.0,2264140.0,87137
2023-05-09 21:00:19,p2308,p2308,7304.0,0.0,0.0,0.0,12,7300.0,7304.0,2,7258.0,7296.0,7314.0,7296.0,31.0,2264140.0,87137
2023-05-09 21:00:19,p2308,p2308,7304.0,0.0,0.0,0.0,11,7300.0,7304.0,2,7258.0,7296.0,7314.0,7296.0,31.0,2264140.0,87137
2023-05-09 21:00:20,p2308,p2308,7304.0,0.0,0.0,0.0,11,7300.0,7308.0,16,7258.0,7296.0,7314.0,7296.0,31.0,2264140.0,87137
2023-05-09 21:00:20,p2308,p2308,7304.0,0.0,0.0,0.0,4,7302.0,7306.0,2,7258.0,7296.0,7314.0,7296.0,31.0,2264140.0,87137
2023-05-09 21:00:21,p2308,p2308,7304.0,0.0,0.0,0.0,7,7302.0,7308.0,13,7258.0,7296.0,7314.0,7296.0,31.0,2264140.0,87137
2023-05-09 21:00:21,p2308,p2308,7304.0,0.0,0.0,0.0,5,7302.0,7308.0,7,7258.0,7296.0,7314.0,7296.0,31.0,2264140.0,87137
2023-05-09 21:00:22,p2308,p2308,7304.0,0.0,0.0,0.0,11,7300.0,7306.0,2,7258.0,7296.0,7314.0,7296.0,31.0,2264140.0,87137
2023-05-09 21:00:23,p2308,p2308,7304.0,0.0,0.0,0.0,6,7300.0,7306.0,7,7258.0,7296.0,7314.0,7296.0,31.0,2264140.0,87137
2023-05-09 21:00:24,p2308,p2308,7304.0,0.0,0.0,0.0,3,7302.0,7306.0,7,7258.0,7296.0,7314.0,7296.0,31.0,2264140.0,87137
2023-05-09 21:00:25,p2308,p2308,7304.0,0.0,0.0,0.0,15,7298.0,7304.0,2,7258.0,7296.0,7314.0,7296.0,31.0,2264140.0,87137
2023-05-09 21:00:26,p2308,p2308,7304.0,0.0,0.0,0.0,2,7300.0,7304.0,2,7258.0,7296.0,7314.0,7296.0,31.0,2264140.0,87137
2023-05-09 21:00:27,p2308,p2308,7304.0,1.0,73040.0,1.0,2,7300.0,7304.0,1,7258.0,7296.0,7314.0,7296.0,32.0,2337180.0,87138
2023-05-09 21:00:28,p2308,p2308,7304.0,0.0,0.0,0.0,2,7300.0,7304.0,2,7258.0,7296.0,7314.0,7296.0,32.0,2337180.0,87138
2023-05-09 21:00:28,p2308,p2308,7304.0,0.0,0.0,0.0,5,7298.0,7304.0,14,7258.0,7296.0,7314.0,7296.0,32.0,2337180.0,87138
2023-05-09 21:00:29,p2308,p2308,7304.0,0.0,0.0,0.0,5,7298.0,7302.0,4,7258.0,7296.0,7314.0,7296.0,32.0,2337180.0,87138
2023-05-09 21:00:29,p2308,p2308,7304.0,0.0,0.0,0.0,10,7296.0,7302.0,3,7258.0,7296.0,7314.0,7296.0,32.0,2337180.0,87138
2023-05-09 21:00:30,p2308,p2308,7304.0,0.0,0.0,0.0,9,7296.0,7302.0,12,7258.0,7296.0,7314.0,7296.0,32.0,2337180.0,87138
2023-05-09 21:00:30,p2308,p2308,7304.0,0.0,0.0,0.0,7,7296.0,7300.0,1,7258.0,7296.0,7314.0,7296.0,32.0,2337180.0,87138
2023-05-09 21:00:31,p2308,p2308,7298.0,1.0,72980.0,0.0,9,7296.0,7300.0,1,7258.0,7296.0,7314.0,7296.0,33.0,2410160.0,87138
2023-05-09 21:00:32,p2308,p2308,7300.0,1.0,73000.0,-1.0,5,7294.0,7300.0,5,7258.0,7296.0,7314.0,7296.0,34.0,2483160.0,87137
2023-05-09 21:00:32,p2308,p2308,7300.0,0.0,0.0,0.0,5,7294.0,7300.0,10,7258.0,7296.0,7314.0,7296.0,34.0,2483160.0,87137
2023-05-09 21:00:33,p2308,p2308,7300.0,0.0,0.0,0.0,6,7292.0,7300.0,10,7258.0,7296.0,7314.0,7296.0,34.0,2483160.0,87137
2023-05-09 21:00:34,p2308,p2308,7300.0,0.0,0.0,0.0,6,7292.0,7298.0,2,7258.0,7296.0,7314.0,7296.0,34.0,2483160.0,87137
2023-05-09 21:00:34,p2308,p2308,7300.0,0.0,0.0,0.0,6,7292.0,7298.0,12,7258.0,7296.0,7314.0,7296.0,34.0,2483160.0,87137
2023-05-09 21:00:35,p2308,p2308,7298.0,4.0,291920.0,2.0,10,7290.0,7298.0,8,7258.0,7296.0,7314.0,7296.0,38.0,2775080.0,87139
2023-05-09 21:00:35,p2308,p2308,7298.0,7.0,510860.0,2.0,7,7292.0,7300.0,6,7258.0,7296.0,7314.0,7296.0,45.0,3285940.0,87141
2023-05-09 21:00:36,p2308,p2308,7298.0,0.0,0.0,0.0,7,7294.0,7300.0,1,7258.0,7296.0,7314.0,7296.0,45.0,3285940.0,87141
2023-05-09 21:00:36,p2308,p2308,7298.0,0.0,0.0,0.0,2,7294.0,7300.0,1,7258.0,7296.0,7314.0,7296.0,45.0,3285940.0,87141
2023-05-09 21:00:37,p2308,p2308,7298.0,0.0,0.0,0.0,2,7294.0,7300.0,6,7258.0,7296.0,7314.0,7296.0,45.0,3285940.0,87141
2023-05-09 21:00:37,p2308,p2308,7298.0,0.0,0.0,0.0,7,7294.0,7300.0,1,7258.0,7296.0,7314.0,7296.0,45.0,3285940.0,87141
2023-05-09 21:00:38,p2308,p2308,7298.0,0.0,0.0,0.0,7,7294.0,7300.0,6,7258.0,7296.0,7314.0,7296.0,45.0,3285940.0,87141
2023-05-09 21:00:39,p2308,p2308,7298.0,0.0,0.0,0.0,2,7294.0,7300.0,6,7258.0,7296.0,7314.0,7296.0,45.0,3285940.0,87141
2023-05-09 21:00:39,p2308,p2308,7298.0,0.0,0.0,0.0,7,7294.0,7300.0,1,7258.0,7296.0,7314.0,7296.0,45.0,3285940.0,87141
2023-05-09 21:00:40,p2308,p2308,7298.0,0.0,0.0,0.0,3,7296.0,7300.0,1,7258.0,7296.0,7314.0,7296.0,45.0,3285940.0,87141
2023-05-09 21:00:40,p2308,p2308,7298.0,0.0,0.0,0.0,8,7296.0,7302.0,5,7258.0,7296.0,7314.0,7296.0,45.0,3285940.0,87141
2023-05-09 21:00:41,p2308,p2308,7300.0,1.0,73000.0,1.0,8,7296.0,7302.0,13,7258.0,7296.0,7314.0,7296.0,46.0,3358940.0,87142
2023-05-09 21:00:41,p2308,p2308,7300.0,0.0,0.0,0.0,3,7296.0,7300.0,1,7258.0,7296.0,7314.0,7296.0,46.0,3358940.0,87142
2023-05-09 21:00:42,p2308,p2308,7300.0,0.0,0.0,0.0,8,7296.0,7300.0,1,7258.0,7296.0,7314.0,7296.0,46.0,3358940.0,87142
2023-05-09 21:00:43,p2308,p2308,7300.0,0.0,0.0,0.0,6,7298.0,7304.0,11,7258.0,7296.0,7314.0,7296.0,46.0,3358940.0,87142
2023-05-09 21:00:43,p2308,p2308,7300.0,0.0,0.0,0.0,10,7296.0,7302.0,5,7258.0,7296.0,7314.0,7296.0,46.0,3358940.0,87142
2023-05-09 21:00:44,p2308,p2308,7300.0,0.0,0.0,0.0,10,7294.0,7300.0,2,7258.0,7296.0,7314.0,7296.0,46.0,3358940.0,87142
2023-05-09 21:00:44,p2308,p2308,7300.0,0.0,0.0,0.0,6,7294.0,7300.0,11,7258.0,7296.0,7314.0,7296.0,46.0,3358940.0,87142
2023-05-09 21:00:45,p2308,p2308,7300.0,0.0,0.0,0.0,6,7294.0,7300.0,19,7258.0,7296.0,7314.0,7296.0,46.0,3358940.0,87142
2023-05-09 21:00:45,p2308,p2308,7300.0,0.0,0.0,0.0,6,7294.0,7298.0,1,7258.0,7296.0,7314.0,7296.0,46.0,3358940.0,87142
2023-05-09 21:00:46,p2308,p2308,7300.0,0.0,0.0,0.0,6,7294.0,7298.0,3,7258.0,7296.0,7314.0,7296.0,46.0,3358940.0,87142
2023-05-09 21:00:47,p2308,p2308,7300.0,0.0,0.0,0.0,7,7294.0,7298.0,2,7258.0,7296.0,7314.0,7296.0,46.0,3358940.0,87142
2023-05-09 21:00:48,p2308,p2308,7300.0,0.0,0.0,0.0,15,7292.0,7298.0,2,7258.0,7296.0,7314.0,7296.0,46.0,3358940.0,87142
2023-05-09 21:00:48,p2308,p2308,7300.0,0.0,0.0,0.0,16,7292.0,7298.0,7,7258.0,7296.0,7314.0,7296.0,46.0,3358940.0,87142
2023-05-09 21:00:49,p2308,p2308,7296.0,1.0,72960.0,0.0,15,7292.0,7298.0,2,7258.0,7296.0,7314.0,7296.0,47.0,3431900.0,87142
2023-05-09 21:00:49,p2308,p2308,7296.0,0.0,0.0,0.0,5,7294.0,7298.0,2,7258.0,7296.0,7314.0,7296.0,47.0,3431900.0,87142
2023-05-09 21:00:50,p2308,p2308,7296.0,0.0,0.0,0.0,4,7294.0,7298.0,2,7258.0,7296.0,7314.0,7296.0,47.0,3431900.0,87142
2023-05-09 21:00:50,p2308,p2308,7298.0,2.0,145960.0,-2.0,19,7294.0,7300.0,6,7258.0,7296.0,7314.0,7296.0,49.0,3577860.0,87140
2023-05-09 21:00:51,p2308,p2308,7298.0,0.0,0.0,0.0,11,7296.0,7302.0,17,7258.0,7296.0,7314.0,7296.0,49.0,3577860.0,87140
2023-05-09 21:00:51,p2308,p2308,7296.0,1.0,72960.0,0.0,8,7296.0,7302.0,16,7258.0,7296.0,7314.0,7296.0,50.0,3650820.0,87140
2023-05-09 21:00:52,p2308,p2308,7296.0,0.0,0.0,0.0,6,7296.0,7302.0,16,7258.0,7296.0,7314.0,7296.0,50.0,3650820.0,87140
2023-05-09 21:00:52,p2308,p2308,7300.0,1.0,73000.0,1.0,1,7296.0,7300.0,6,7258.0,7296.0,7314.0,7296.0,51.0,3723820.0,87141
2023-05-09 21:00:53,p2308,p2308,7300.0,0.0,0.0,0.0,6,7296.0,7300.0,1,7258.0,7296.0,7314.0,7296.0,51.0,3723820.0,87141
2023-05-09 21:00:53,p2308,p2308,7300.0,0.0,0.0,0.0,6,7298.0,7302.0,6,7258.0,7296.0,7314.0,7296.0,51.0,3723820.0,87141
2023-05-09 21:00:54,p2308,p2308,7300.0,0.0,0.0,0.0,1,7298.0,7302.0,6,7258.0,7296.0,7314.0,7296.0,51.0,3723820.0,87141
2023-05-09 21:00:54,p2308,p2308,7300.0,0.0,0.0,0.0,1,7298.0,7302.0,7,7258.0,7296.0,7314.0,7296.0,51.0,3723820.0,87141
2023-05-09 21:00:55,p2308,p2308,7300.0,0.0,0.0,0.0,2,7298.0,7302.0,7,7258.0,7296.0,7314.0,7296.0,51.0,3723820.0,87141
2023-05-09 21:00:56,p2308,p2308,7300.0,0.0,0.0,0.0,2,7298.0,7302.0,8,7258.0,7296.0,7314.0,7296.0,51.0,3723820.0,87141
2023-05-09 21:00:56,p2308,p2308,7300.0,0.0,0.0,0.0,2,7298.0,7302.0,3,7258.0,7296.0,7314.0,7296.0,51.0,3723820.0,87141
2023-05-09 21:00:57,p2308,p2308,7300.0,0.0,0.0,0.0,2,7298.0,7302.0,8,7258.0,7296.0,7314.0,7296.0,51.0,3723820.0,87141
2023-05-09 21:00:58,p2308,p2308,7300.0,0.0,0.0,0.0,1,7298.0,7302.0,3,7258.0,7296.0,7314.0,7296.0,51.0,3723820.0,87141
2023-05-09 21:00:59,p2308,p2308,7296.0,2.0,145940.0,-2.0,14,7296.0,7302.0,8,7258.0,7296.0,7314.0,7296.0,53.0,3869760.0,87139
2023-05-09 21:00:59,p2308,p2308,7296.0,0.0,0.0,0.0,1,7298.0,7302.0,8,7258.0,7296.0,7314.0,7296.0,53.0,3869760.0,87139
2023-05-09 21:01:00,p2308,p2308,7296.0,0.0,0.0,0.0,15,7296.0,7302.0,8,7258.0,7296.0,7314.0,7296.0,53.0,3869760.0,87139
2023-05-09 21:01:00,p2308,p2308,7296.0,1.0,72980.0,0.0,2,7298.0,7302.0,2,7258.0,7296.0,7314.0,7296.0,54.0,3942740.0,87139
2023-05-09 21:01:01,p2308,p2308,7296.0,1.0,73000.0,0.0,1,7300.0,7302.0,1,7258.0,7296.0,7314.0,7296.0,55.0,4015740.0,87139
2023-05-09 21:01:01,p2308,p2308,7296.0,0.0,0.0,0.0,12,7298.0,7302.0,1,7258.0,7296.0,7314.0,7296.0,55.0,4015740.0,87139
2023-05-09 21:01:02,p2308,p2308,7296.0,0.0,0.0,0.0,7,7298.0,7302.0,1,7258.0,7296.0,7314.0,7296.0,55.0,4015740.0,87139
2023-05-09 21:01:02,p2308,p2308,7296.0,0.0,0.0,0.0,6,7300.0,7302.0,1,7258.0,7296.0,7314.0,7296.0,55.0,4015740.0,87139
2023-05-09 21:01:03,p2308,p2308,7296.0,0.0,0.0,0.0,1,7300.0,7302.0,1,7258.0,7296.0,7314.0,7296.0,55.0,4015740.0,87139
2023-05-09 21:01:07,p2308,p2308,7296.0,0.0,0.0,0.0,1,7300.0,7302.0,2,7258.0,7296.0,7314.0,7296.0,55.0,4015740.0,87139
2023-05-09 21:01:08,p2308,p2308,7300.0,1.0,73000.0,-1.0,12,7298.0,7302.0,2,7258.0,7296.0,7314.0,7296.0,56.0,4088740.0,87138
2023-05-09 21:01:08,p2308,p2308,7300.0,0.0,0.0,0.0,7,7298.0,7302.0,2,7258.0,7296.0,7314.0,7296.0,56.0,4088740.0,87138
2023-05-09 21:01:09,p2308,p2308,7298.0,2.0,145960.0,-1.0,5,7298.0,7302.0,2,7258.0,7296.0,7314.0,7296.0,58.0,4234700.0,87137
2023-05-09 21:01:09,p2308,p2308,7298.0,0.0,0.0,0.0,20,7296.0,7300.0,3,7258.0,7296.0,7314.0,7296.0,58.0,4234700.0,87137
2023-05-09 21:01:10,p2308,p2308,7298.0,0.0,0.0,0.0,15,7296.0,7300.0,3,7258.0,7296.0,7314.0,7296.0,58.0,4234700.0,87137
2023-05-09 21:01:10,p2308,p2308,7298.0,0.0,0.0,0.0,5,7298.0,7300.0,2,7258.0,7296.0,7314.0,7296.0,58.0,4234700.0,87137
2023-05-09 21:01:11,p2308,p2308,7298.0,0.0,0.0,0.0,24,7296.0,7302.0,2,7258.0,7296.0,7314.0,7296.0,58.0,4234700.0,87137
2023-05-09 21:01:11,p2308,p2308,7298.0,0.0,0.0,0.0,15,7296.0,7300.0,2,7258.0,7296.0,7314.0,7296.0,58.0,4234700.0,87137
2023-05-09 21:01:12,p2308,p2308,7298.0,0.0,0.0,0.0,5,7296.0,7300.0,2,7258.0,7296.0,7314.0,7296.0,58.0,4234700.0,87137
2023-05-09 21:01:12,p2308,p2308,7298.0,0.0,0.0,0.0,26,7294.0,7300.0,2,7258.0,7296.0,7314.0,7296.0,58.0,4234700.0,87137
2023-05-09 21:01:13,p2308,p2308,7298.0,0.0,0.0,0.0,22,7294.0,7300.0,2,7258.0,7296.0,7314.0,7296.0,58.0,4234700.0,87137
2023-05-09 21:01:13,p2308,p2308,7298.0,0.0,0.0,0.0,27,7294.0,7300.0,2,7258.0,7296.0,7314.0,7296.0,58.0,4234700.0,87137
2023-05-09 21:01:14,p2308,p2308,7298.0,0.0,0.0,0.0,27,7294.0,7300.0,7,7258.0,7296.0,7314.0,7296.0,58.0,4234700.0,87137
2023-05-09 21:01:14,p2308,p2308,7298.0,0.0,0.0,0.0,27,7294.0,7298.0,2,7258.0,7296.0,7314.0,7296.0,58.0,4234700.0,87137
2023-05-09 21:01:15,p2308,p2308,7298.0,0.0,0.0,0.0,22,7294.0,7298.0,2,7258.0,7296.0,7314.0,7296.0,58.0,4234700.0,87137
2023-05-09 21:01:16,p2308,p2308,7298.0,0.0,0.0,0.0,16,7294.0,7296.0,1,7258.0,7296.0,7314.0,7296.0,58.0,4234700.0,87137
2023-05-09 21:01:16,p2308,p2308,7294.0,1.0,72940.0,0.0,37,7292.0,7296.0,1,7258.0,7296.0,7314.0,7294.0,59.0,4307640.0,87137
2023-05-09 21:01:17,p2308,p2308,7294.0,0.0,0.0,0.0,10,7294.0,7296.0,1,7258.0,7296.0,7314.0,7294.0,59.0,4307640.0,87137
2023-05-09 21:01:17,p2308,p2308,7296.0,1.0,72960.0,1.0,5,7294.0,7298.0,2,7258.0,7296.0,7314.0,7294.0,60.0,4380600.0,87138
2023-05-09 21:01:19,p2308,p2308,7296.0,0.0,0.0,0.0,46,7292.0,7298.0,2,7258.0,7296.0,7314.0,7294.0,60.0,4380600.0,87138
2023-05-09 21:01:19,p2308,p2308,7296.0,0.0,0.0,0.0,41,7292.0,7298.0,7,7258.0,7296.0,7314.0,7294.0,60.0,4380600.0,87138
2023-05-09 21:01:20,p2308,p2308,7296.0,0.0,0.0,0.0,5,7294.0,7298.0,2,7258.0,7296.0,7314.0,7294.0,60.0,4380600.0,87138
2023-05-09 21:01:21,p2308,p2308,7296.0,0.0,0.0,0.0,46,7292.0,7298.0,7,7258.0,7296.0,7314.0,7294.0,60.0,4380600.0,87138
2023-05-09 21:01:21,p2308,p2308,7296.0,0.0,0.0,0.0,10,7294.0,7296.0,2,7258.0,7296.0,7314.0,7294.0,60.0,4380600.0,87138
2023-05-09 21:01:22,p2308,p2308,7296.0,2.0,145920.0,0.0,5,7294.0,7300.0,25,7258.0,7296.0,7314.0,7294.0,62.0,4526520.0,87138
2023-05-09 21:01:22,p2308,p2308,7296.0,0.0,0.0,0.0,5,7294.0,7300.0,20,7258.0,7296.0,7314.0,7294.0,62.0,4526520.0,87138
2023-05-09 21:01:24,p2308,p2308,7296.0,0.0,0.0,0.0,5,7294.0,7300.0,22,7258.0,7296.0,7314.0,7294.0,62.0,4526520.0,87138
2023-05-09 21:01:24,p2308,p2308,7296.0,0.0,0.0,0.0,5,7294.0,7300.0,20,7258.0,7296.0,7314.0,7294.0,62.0,4526520.0,87138
2023-05-09 21:01:26,p2308,p2308,7296.0,0.0,0.0,0.0,5,7294.0,7298.0,2,7258.0,7296.0,7314.0,7294.0,62.0,4526520.0,87138
2023-05-09 21:01:27,p2308,p2308,7296.0,0.0,0.0,0.0,46,7292.0,7298.0,2,7258.0,7296.0,7314.0,7294.0,62.0,4526520.0,87138
2023-05-09 21:01:27,p2308,p2308,7296.0,0.0,0.0,0.0,51,7292.0,7298.0,2,7258.0,7296.0,7314.0,7294.0,62.0,4526520.0,87138
2023-05-09 21:01:28,p2308,p2308,7296.0,0.0,0.0,0.0,10,7294.0,7298.0,2,7258.0,7296.0,7314.0,7294.0,62.0,4526520.0,87138
2023-05-09 21:01:28,p2308,p2308,7296.0,0.0,0.0,0.0,9,7294.0,7298.0,3,7258.0,7296.0,7314.0,7294.0,62.0,4526520.0,87138
2023-05-09 21:01:29,p2308,p2308,7296.0,0.0,0.0,0.0,55,7292.0,7298.0,3,7258.0,7296.0,7314.0,7294.0,62.0,4526520.0,87138
2023-05-09 21:01:29,p2308,p2308,7296.0,0.0,0.0,0.0,78,7292.0,7298.0,3,7258.0,7296.0,7314.0,7294.0,62.0,4526520.0,87138
2023-05-09 21:01:30,p2308,p2308,7296.0,0.0,0.0,0.0,94,7292.0,7298.0,3,7258.0,7296.0,7314.0,7294.0,62.0,4526520.0,87138
2023-05-09 21:01:30,p2308,p2308,7296.0,0.0,0.0,0.0,99,7292.0,7298.0,3,7258.0,7296.0,7314.0,7294.0,62.0,4526520.0,87138
2023-05-09 21:01:31,p2308,p2308,7296.0,0.0,0.0,0.0,10,7294.0,7296.0,1,7258.0,7296.0,7314.0,7294.0,62.0,4526520.0,87138
2023-05-09 21:01:31,p2308,p2308,7296.0,1.0,72960.0,0.0,58,7292.0,7298.0,3,7258.0,7296.0,7314.0,7294.0,63.0,4599480.0,87138
2023-05-09 21:01:32,p2308,p2308,7298.0,3.0,218940.0,0.0,6,7296.0,7300.0,15,7258.0,7296.0,7314.0,7294.0,66.0,4818420.0,87138
2023-05-09 21:01:32,p2308,p2308,7298.0,0.0,0.0,0.0,11,7296.0,7302.0,26,7258.0,7296.0,7314.0,7294.0,66.0,4818420.0,87138
2023-05-09 21:01:33,p2308,p2308,7298.0,0.0,0.0,0.0,16,7296.0,7302.0,21,7258.0,7296.0,7314.0,7294.0,66.0,4818420.0,87138
2023-05-09 21:01:33,p2308,p2308,7298.0,0.0,0.0,0.0,21,7296.0,7302.0,21,7258.0,7296.0,7314.0,7294.0,66.0,4818420.0,87138
2023-05-09 21:01:34,p2308,p2308,7298.0,0.0,0.0,0.0,2,7298.0,7302.0,6,7258.0,7296.0,7314.0,7294.0,66.0,4818420.0,87138
2023-05-09 21:01:34,p2308,p2308,7298.0,0.0,0.0,0.0,9,7298.0,7302.0,1,7258.0,7296.0,7314.0,7294.0,66.0,4818420.0,87138
2023-05-09 21:01:35,p2308,p2308,7298.0,0.0,0.0,0.0,19,7298.0,7302.0,1,7258.0,7296.0,7314.0,7294.0,66.0,4818420.0,87138
2023-05-09 21:01:36,p2308,p2308,7298.0,0.0,0.0,0.0,9,7298.0,7302.0,1,7258.0,7296.0,7314.0,7294.0,66.0,4818420.0,87138
2023-05-09 21:01:37,p2308,p2308,7302.0,1.0,73020.0,0.0,2,7300.0,7304.0,6,7258.0,7296.0,7314.0,7294.0,67.0,4891440.0,87138
2023-05-09 21:01:38,p2308,p2308,7302.0,0.0,0.0,0.0,7,7300.0,7304.0,1,7258.0,7296.0,7314.0,7294.0,67.0,4891440.0,87138
2023-05-09 21:01:39,p2308,p2308,7302.0,0.0,0.0,0.0,7,7300.0,7304.0,2,7258.0,7296.0,7314.0,7294.0,67.0,4891440.0,87138
2023-05-09 21:01:40,p2308,p2308,7302.0,0.0,0.0,0.0,5,7300.0,7304.0,7,7258.0,7296.0,7314.0,7294.0,67.0,4891440.0,87138
2023-05-09 21:01:40,p2308,p2308,7302.0,0.0,0.0,0.0,6,7300.0,7304.0,2,7258.0,7296.0,7314.0,7294.0,67.0,4891440.0,87138
2023-05-09 21:01:41,p2308,p2308,7302.0,0.0,0.0,0.0,5,7300.0,7304.0,5,7258.0,7296.0,7314.0,7294.0,67.0,4891440.0,87138
2023-05-09 21:01:42,p2308,p2308,7302.0,0.0,0.0,0.0,5,7300.0,7304.0,6,7258.0,7296.0,7314.0,7294.0,67.0,4891440.0,87138
2023-05-09 21:01:44,p2308,p2308,7302.0,0.0,0.0,0.0,5,7300.0,7304.0,5,7258.0,7296.0,7314.0,7294.0,67.0,4891440.0,87138
2023-05-09 21:01:46,p2308,p2308,7302.0,0.0,0.0,0.0,5,7298.0,7302.0,5,7258.0,7296.0,7314.0,7294.0,67.0,4891440.0,87138
2023-05-09 21:01:46,p2308,p2308,7302.0,0.0,0.0,0.0,5,7298.0,7304.0,37,7258.0,7296.0,7314.0,7294.0,67.0,4891440.0,87138
2023-05-09 21:01:47,p2308,p2308,7302.0,0.0,0.0,0.0,5,7298.0,7304.0,32,7258.0,7296.0,7314.0,7294.0,67.0,4891440.0,87138
2023-05-09 21:01:48,p2308,p2308,7302.0,0.0,0.0,0.0,7,7300.0,7304.0,16,7258.0,7296.0,7314.0,7294.0,67.0,4891440.0,87138
2023-05-09 21:01:48,p2308,p2308,7300.0,1.0,73000.0,-1.0,1,7300.0,7304.0,5,7258.0,7296.0,7314.0,7294.0,68.0,4964440.0,87137
2023-05-09 21:01:49,p2308,p2308,7300.0,0.0,0.0,0.0,1,7300.0,7304.0,10,7258.0,7296.0,7314.0,7294.0,68.0,4964440.0,87137
2023-05-09 21:01:49,p2308,p2308,7300.0,0.0,0.0,0.0,1,7300.0,7302.0,1,7258.0,7296.0,7314.0,7294.0,68.0,4964440.0,87137
2023-05-09 21:01:50,p2308,p2308,7302.0,1.0,73020.0,-1.0,1,7300.0,7304.0,25,7258.0,7296.0,7314.0,7294.0,69.0,5037460.0,87136
2023-05-09 21:01:50,p2308,p2308,7302.0,1.0,73020.0,-1.0,27,7298.0,7304.0,23,7258.0,7296.0,7314.0,7294.0,70.0,5110480.0,87135
2023-05-09 21:01:51,p2308,p2308,7302.0,0.0,0.0,0.0,22,7298.0,7304.0,20,7258.0,7296.0,7314.0,7294.0,70.0,5110480.0,87135
2023-05-09 21:01:51,p2308,p2308,7302.0,0.0,0.0,0.0,22,7298.0,7304.0,26,7258.0,7296.0,7314.0,7294.0,70.0,5110480.0,87135
2023-05-09 21:01:52,p2308,p2308,7302.0,0.0,0.0,0.0,1,7300.0,7304.0,17,7258.0,7296.0,7314.0,7294.0,70.0,5110480.0,87135
2023-05-09 21:01:52,p2308,p2308,7302.0,0.0,0.0,0.0,3,7300.0,7304.0,7,7258.0,7296.0,7314.0,7294.0,70.0,5110480.0,87135
2023-05-09 21:01:53,p2308,p2308,7302.0,0.0,0.0,0.0,8,7300.0,7304.0,2,7258.0,7296.0,7314.0,7294.0,70.0,5110480.0,87135
2023-05-09 21:01:53,p2308,p2308,7302.0,0.0,0.0,0.0,3,7300.0,7304.0,3,7258.0,7296.0,7314.0,7294.0,70.0,5110480.0,87135
2023-05-09 21:01:54,p2308,p2308,7300.0,1.0,73000.0,0.0,30,7298.0,7304.0,5,7258.0,7296.0,7314.0,7294.0,71.0,5183480.0,87135
2023-05-09 21:01:55,p2308,p2308,7300.0,0.0,0.0,0.0,25,7298.0,7304.0,5,7258.0,7296.0,7314.0,7294.0,71.0,5183480.0,87135
2023-05-09 21:01:55,p2308,p2308,7300.0,0.0,0.0,0.0,10,7298.0,7304.0,20,7258.0,7296.0,7314.0,7294.0,71.0,5183480.0,87135
2023-05-09 21:01:56,p2308,p2308,7300.0,0.0,0.0,0.0,5,7298.0,7304.0,20,7258.0,7296.0,7314.0,7294.0,71.0,5183480.0,87135
2023-05-09 21:01:56,p2308,p2308,7300.0,0.0,0.0,0.0,5,7298.0,7304.0,18,7258.0,7296.0,7314.0,7294.0,71.0,5183480.0,87135
2023-05-09 21:01:57,p2308,p2308,7300.0,0.0,0.0,0.0,5,7298.0,7304.0,23,7258.0,7296.0,7314.0,7294.0,71.0,5183480.0,87135
2023-05-09 21:01:58,p2308,p2308,7300.0,0.0,0.0,0.0,5,7298.0,7304.0,25,7258.0,7296.0,7314.0,7294.0,71.0,5183480.0,87135
2023-05-09 21:01:58,p2308,p2308,7300.0,0.0,0.0,0.0,5,7298.0,7304.0,23,7258.0,7296.0,7314.0,7294.0,71.0,5183480.0,87135
2023-05-09 21:01:59,p2308,p2308,7300.0,0.0,0.0,0.0,5,7298.0,7304.0,22,7258.0,7296.0,7314.0,7294.0,71.0,5183480.0,87135
2023-05-09 21:01:59,p2308,p2308,7300.0,0.0,0.0,0.0,4,7300.0,7304.0,17,7258.0,7296.0,7314.0,7294.0,71.0,5183480.0,87135
2023-05-09 21:02:00,p2308,p2308,7300.0,0.0,0.0,0.0,4,7300.0,7304.0,2,7258.0,7296.0,7314.0,7294.0,71.0,5183480.0,87135
2023-05-09 21:02:00,p2308,p2308,7300.0,0.0,0.0,0.0,30,7298.0,7304.0,12,7258.0,7296.0,7314.0,7294.0,71.0,5183480.0,87135
2023-05-09 21:02:01,p2308,p2308,7300.0,0.0,0.0,0.0,20,7298.0,7304.0,7,7258.0,7296.0,7314.0,7294.0,71.0,5183480.0,87135
2023-05-09 21:02:02,p2308,p2308,7300.0,0.0,0.0,0.0,7,7300.0,7304.0,2,7258.0,7296.0,7314.0,7294.0,71.0,5183480.0,87135
2023-05-09 21:02:02,p2308,p2308,7304.0,2.0,146080.0,2.0,5,7300.0,7306.0,36,7258.0,7296.0,7314.0,7294.0,73.0,5329560.0,87137
2023-05-09 21:02:03,p2308,p2308,7304.0,0.0,0.0,0.0,6,7300.0,7306.0,31,7258.0,7296.0,7314.0,7294.0,73.0,5329560.0,87137
2023-05-09 21:02:03,p2308,p2308,7304.0,0.0,0.0,0.0,6,7300.0,7306.0,26,7258.0,7296.0,7314.0,7294.0,73.0,5329560.0,87137
2023-05-09 21:02:04,p2308,p2308,7304.0,0.0,0.0,0.0,6,7300.0,7306.0,31,7258.0,7296.0,7314.0,7294.0,73.0,5329560.0,87137
2023-05-09 21:02:04,p2308,p2308,7304.0,0.0,0.0,0.0,9,7302.0,7306.0,16,7258.0,7296.0,7314.0,7294.0,73.0,5329560.0,87137
2023-05-09 21:02:05,p2308,p2308,7304.0,0.0,0.0,0.0,4,7302.0,7306.0,1,7258.0,7296.0,7314.0,7294.0,73.0,5329560.0,87137
2023-05-09 21:02:05,p2308,p2308,7306.0,1.0,73060.0,1.0,9,7302.0,7308.0,33,7258.0,7296.0,7314.0,7294.0,74.0,5402620.0,87138
2023-05-09 21:02:06,p2308,p2308,7306.0,0.0,0.0,0.0,9,7302.0,7308.0,38,7258.0,7296.0,7314.0,7294.0,74.0,5402620.0,87138
2023-05-09 21:02:07,p2308,p2308,7306.0,0.0,0.0,0.0,87,7300.0,7308.0,54,7258.0,7296.0,7314.0,7294.0,74.0,5402620.0,87138
2023-05-09 21:02:08,p2308,p2308,7306.0,0.0,0.0,0.0,7,7302.0,7306.0,2,7258.0,7296.0,7314.0,7294.0,74.0,5402620.0,87138
2023-05-09 21:02:09,p2308,p2308,7306.0,0.0,0.0,0.0,5,7302.0,7306.0,2,7258.0,7296.0,7314.0,7294.0,74.0,5402620.0,87138
2023-05-09 21:02:09,p2308,p2308,7306.0,1.0,73060.0,1.0,7,7302.0,7306.0,1,7258.0,7296.0,7314.0,7294.0,75.0,5475680.0,87139
2023-05-09 21:02:10,p2308,p2308,7306.0,0.0,0.0,0.0,5,7302.0,7306.0,1,7258.0,7296.0,7314.0,7294.0,75.0,5475680.0,87139
2023-05-09 21:02:11,p2308,p2308,7306.0,0.0,0.0,0.0,7,7302.0,7306.0,1,7258.0,7296.0,7314.0,7294.0,75.0,5475680.0,87139
2023-05-09 21:02:12,p2308,p2308,7306.0,0.0,0.0,0.0,5,7302.0,7306.0,1,7258.0,7296.0,7314.0,7294.0,75.0,5475680.0,87139
2023-05-09 21:02:12,p2308,p2308,7306.0,0.0,0.0,0.0,5,7302.0,7306.0,11,7258.0,7296.0,7314.0,7294.0,75.0,5475680.0,87139
2023-05-09 21:02:13,p2308,p2308,7304.0,1.0,73040.0,0.0,5,7302.0,7306.0,11,7258.0,7296.0,7314.0,7294.0,76.0,5548720.0,87139
2023-05-09 21:02:13,p2308,p2308,7304.0,0.0,0.0,0.0,50,7300.0,7306.0,11,7258.0,7296.0,7314.0,7294.0,76.0,5548720.0,87139
2023-05-09 21:02:14,p2308,p2308,7304.0,0.0,0.0,0.0,50,7300.0,7306.0,6,7258.0,7296.0,7314.0,7294.0,76.0,5548720.0,87139
2023-05-09 21:02:14,p2308,p2308,7304.0,0.0,0.0,0.0,55,7300.0,7306.0,7,7258.0,7296.0,7314.0,7294.0,76.0,5548720.0,87139
2023-05-09 21:02:15,p2308,p2308,7304.0,0.0,0.0,0.0,55,7300.0,7306.0,2,7258.0,7296.0,7314.0,7294.0,76.0,5548720.0,87139
2023-05-09 21:02:15,p2308,p2308,7304.0,0.0,0.0,0.0,50,7300.0,7306.0,12,7258.0,7296.0,7314.0,7294.0,76.0,5548720.0,87139
2023-05-09 21:02:16,p2308,p2308,7304.0,0.0,0.0,0.0,50,7300.0,7306.0,22,7258.0,7296.0,7314.0,7294.0,76.0,5548720.0,87139
2023-05-09 21:02:16,p2308,p2308,7304.0,0.0,0.0,0.0,55,7300.0,7306.0,22,7258.0,7296.0,7314.0,7294.0,76.0,5548720.0,87139
2023-05-09 21:02:17,p2308,p2308,7304.0,0.0,0.0,0.0,50,7300.0,7306.0,22,7258.0,7296.0,7314.0,7294.0,76.0,5548720.0,87139
2023-05-09 21:02:18,p2308,p2308,7304.0,0.0,0.0,0.0,45,7300.0,7304.0,1,7258.0,7296.0,7314.0,7294.0,76.0,5548720.0,87139
2023-05-09 21:02:19,p2308,p2308,7304.0,0.0,0.0,0.0,40,7300.0,7304.0,1,7258.0,7296.0,7314.0,7294.0,76.0,5548720.0,87139
2023-05-09 21:02:20,p2308,p2308,7304.0,0.0,0.0,0.0,45,7300.0,7306.0,31,7258.0,7296.0,7314.0,7294.0,76.0,5548720.0,87139
2023-05-09 21:02:20,p2308,p2308,7304.0,0.0,0.0,0.0,50,7300.0,7306.0,6,7258.0,7296.0,7314.0,7294.0,76.0,5548720.0,87139
2023-05-09 21:02:21,p2308,p2308,7304.0,0.0,0.0,0.0,43,7300.0,7306.0,2,7258.0,7296.0,7314.0,7294.0,76.0,5548720.0,87139
2023-05-09 21:02:21,p2308,p2308,7304.0,0.0,0.0,0.0,46,7300.0,7306.0,2,7258.0,7296.0,7314.0,7294.0,76.0,5548720.0,87139
2023-05-09 21:02:21,p2308,p2308,7304.0,0.0,0.0,0.0,51,7300.0,7306.0,2,7258.0,7296.0,7314.0,7294.0,76.0,5548720.0,87139
2023-05-09 21:02:23,p2308,p2308,7304.0,0.0,0.0,0.0,46,7300.0,7306.0,2,7258.0,7296.0,7314.0,7294.0,76.0,5548720.0,87139
2023-05-09 21:02:24,p2308,p2308,7304.0,0.0,0.0,0.0,46,7300.0,7306.0,1,7258.0,7296.0,7314.0,7294.0,76.0,5548720.0,87139
2023-05-09 21:02:24,p2308,p2308,7304.0,0.0,0.0,0.0,51,7300.0,7306.0,1,7258.0,7296.0,7314.0,7294.0,76.0,5548720.0,87139
2023-05-09 21:02:25,p2308,p2308,7304.0,0.0,0.0,0.0,51,7300.0,7306.0,2,7258.0,7296.0,7314.0,7294.0,76.0,5548720.0,87139
2023-05-09 21:02:26,p2308,p2308,7304.0,0.0,0.0,0.0,46,7300.0,7306.0,2,7258.0,7296.0,7314.0,7294.0,76.0,5548720.0,87139
2023-05-09 21:02:26,p2308,p2308,7304.0,0.0,0.0,0.0,51,7300.0,7306.0,3,7258.0,7296.0,7314.0,7294.0,76.0,5548720.0,87139
2023-05-09 21:02:27,p2308,p2308,7304.0,0.0,0.0,0.0,51,7300.0,7306.0,1,7258.0,7296.0,7314.0,7294.0,76.0,5548720.0,87139
2023-05-09 21:02:29,p2308,p2308,7304.0,0.0,0.0,0.0,45,7300.0,7306.0,2,7258.0,7296.0,7314.0,7294.0,76.0,5548720.0,87139
2023-05-09 21:02:29,p2308,p2308,7304.0,0.0,0.0,0.0,50,7300.0,7306.0,2,7258.0,7296.0,7314.0,7294.0,76.0,5548720.0,87139
2023-05-09 21:02:30,p2308,p2308,7304.0,0.0,0.0,0.0,50,7300.0,7306.0,1,7258.0,7296.0,7314.0,7294.0,76.0,5548720.0,87139
2023-05-09 21:02:30,p2308,p2308,7304.0,0.0,0.0,0.0,45,7300.0,7306.0,1,7258.0,7296.0,7314.0,7294.0,76.0,5548720.0,87139
2023-05-09 21:02:31,p2308,p2308,7304.0,0.0,0.0,0.0,50,7300.0,7306.0,1,7258.0,7296.0,7314.0,7294.0,76.0,5548720.0,87139
2023-05-09 21:02:33,p2308,p2308,7300.0,3.0,219000.0,-1.0,39,7300.0,7306.0,1,7258.0,7296.0,7314.0,7294.0,79.0,5767720.0,87138
2023-05-09 21:02:34,p2308,p2308,7300.0,1.0,73000.0,-1.0,38,7300.0,7306.0,6,7258.0,7296.0,7314.0,7294.0,80.0,5840720.0,87137
2023-05-09 21:02:37,p2308,p2308,7300.0,0.0,0.0,0.0,33,7300.0,7306.0,6,7258.0,7296.0,7314.0,7294.0,80.0,5840720.0,87137
2023-05-09 21:02:37,p2308,p2308,7300.0,0.0,0.0,0.0,38,7300.0,7306.0,6,7258.0,7296.0,7314.0,7294.0,80.0,5840720.0,87137
2023-05-09 21:02:38,p2308,p2308,7300.0,0.0,0.0,0.0,1,7302.0,7308.0,49,7258.0,7296.0,7314.0,7294.0,80.0,5840720.0,87137
2023-05-09 21:02:39,p2308,p2308,7300.0,0.0,0.0,0.0,6,7302.0,7308.0,71,7258.0,7296.0,7314.0,7294.0,80.0,5840720.0,87137
2023-05-09 21:02:39,p2308,p2308,7300.0,0.0,0.0,0.0,6,7302.0,7308.0,55,7258.0,7296.0,7314.0,7294.0,80.0,5840720.0,87137
2023-05-09 21:02:40,p2308,p2308,7300.0,0.0,0.0,0.0,10,7302.0,7308.0,50,7258.0,7296.0,7314.0,7294.0,80.0,5840720.0,87137
2023-05-09 21:02:40,p2308,p2308,7300.0,0.0,0.0,0.0,6,7302.0,7308.0,55,7258.0,7296.0,7314.0,7294.0,80.0,5840720.0,87137
2023-05-09 21:02:41,p2308,p2308,7304.0,1.0,73040.0,0.0,7,7302.0,7308.0,55,7258.0,7296.0,7314.0,7294.0,81.0,5913760.0,87137
2023-05-09 21:02:42,p2308,p2308,7304.0,0.0,0.0,0.0,5,7302.0,7308.0,55,7258.0,7296.0,7314.0,7294.0,81.0,5913760.0,87137
2023-05-09 21:02:43,p2308,p2308,7304.0,0.0,0.0,0.0,7,7302.0,7308.0,50,7258.0,7296.0,7314.0,7294.0,81.0,5913760.0,87137
2023-05-09 21:02:43,p2308,p2308,7304.0,0.0,0.0,0.0,9,7302.0,7308.0,55,7258.0,7296.0,7314.0,7294.0,81.0,5913760.0,87137
2023-05-09 21:02:44,p2308,p2308,7304.0,0.0,0.0,0.0,9,7302.0,7308.0,39,7258.0,7296.0,7314.0,7294.0,81.0,5913760.0,87137
2023-05-09 21:02:44,p2308,p2308,7304.0,0.0,0.0,0.0,7,7302.0,7308.0,35,7258.0,7296.0,7314.0,7294.0,81.0,5913760.0,87137
2023-05-09 21:02:45,p2308,p2308,7304.0,0.0,0.0,0.0,35,7300.0,7306.0,12,7258.0,7296.0,7314.0,7294.0,81.0,5913760.0,87137
2023-05-09 21:02:45,p2308,p2308,7304.0,0.0,0.0,0.0,20,7300.0,7306.0,17,7258.0,7296.0,7314.0,7294.0,81.0,5913760.0,87137
2023-05-09 21:02:51,p2308,p2308,7304.0,0.0,0.0,0.0,20,7300.0,7306.0,22,7258.0,7296.0,7314.0,7294.0,81.0,5913760.0,87137
2023-05-09 21:02:51,p2308,p2308,7300.0,2.0,146000.0,0.0,30,7298.0,7300.0,2,7258.0,7296.0,7314.0,7294.0,83.0,6059760.0,87137
2023-05-09 21:02:52,p2308,p2308,7300.0,2.0,146000.0,0.0,20,7298.0,7304.0,25,7258.0,7296.0,7314.0,7294.0,85.0,6205760.0,87137
2023-05-09 21:02:52,p2308,p2308,7300.0,0.0,0.0,0.0,20,7298.0,7304.0,26,7258.0,7296.0,7314.0,7294.0,85.0,6205760.0,87137
2023-05-09 21:02:53,p2308,p2308,7298.0,1.0,72980.0,1.0,20,7298.0,7304.0,15,7258.0,7296.0,7314.0,7294.0,86.0,6278740.0,87138
2023-05-09 21:02:53,p2308,p2308,7298.0,0.0,0.0,0.0,25,7298.0,7304.0,5,7258.0,7296.0,7314.0,7294.0,86.0,6278740.0,87138
2023-05-09 21:02:54,p2308,p2308,7298.0,0.0,0.0,0.0,20,7298.0,7304.0,10,7258.0,7296.0,7314.0,7294.0,86.0,6278740.0,87138
2023-05-09 21:02:54,p2308,p2308,7298.0,4.0,291920.0,1.0,5,7298.0,7304.0,36,7258.0,7296.0,7314.0,7294.0,90.0,6570660.0,87139
2023-05-09 21:02:55,p2308,p2308,7298.0,0.0,0.0,0.0,49,7296.0,7304.0,49,7258.0,7296.0,7314.0,7294.0,90.0,6570660.0,87139
2023-05-09 21:02:55,p2308,p2308,7298.0,0.0,0.0,0.0,59,7296.0,7302.0,2,7258.0,7296.0,7314.0,7294.0,90.0,6570660.0,87139
2023-05-09 21:02:56,p2308,p2308,7298.0,0.0,0.0,0.0,54,7296.0,7302.0,7,7258.0,7296.0,7314.0,7294.0,90.0,6570660.0,87139
2023-05-09 21:02:57,p2308,p2308,7298.0,0.0,0.0,0.0,59,7296.0,7302.0,7,7258.0,7296.0,7314.0,7294.0,90.0,6570660.0,87139
2023-05-09 21:02:58,p2308,p2308,7298.0,0.0,0.0,0.0,54,7296.0,7302.0,7,7258.0,7296.0,7314.0,7294.0,90.0,6570660.0,87139
2023-05-09 21:02:59,p2308,p2308,7298.0,0.0,0.0,0.0,34,7296.0,7300.0,10,7258.0,7296.0,7314.0,7294.0,90.0,6570660.0,87139
2023-05-09 21:03:00,p2308,p2308,7298.0,0.0,0.0,0.0,9,7296.0,7300.0,2,7258.0,7296.0,7314.0,7294.0,90.0,6570660.0,87139
2023-05-09 21:03:01,p2308,p2308,7298.0,0.0,0.0,0.0,19,7296.0,7300.0,2,7258.0,7296.0,7314.0,7294.0,90.0,6570660.0,87139
2023-05-09 21:03:01,p2308,p2308,7298.0,0.0,0.0,0.0,10,7296.0,7300.0,2,7258.0,7296.0,7314.0,7294.0,90.0,6570660.0,87139
2023-05-09 21:03:02,p2308,p2308,7298.0,0.0,0.0,0.0,5,7296.0,7300.0,13,7258.0,7296.0,7314.0,7294.0,90.0,6570660.0,87139
2023-05-09 21:03:02,p2308,p2308,7298.0,0.0,0.0,0.0,10,7296.0,7300.0,2,7258.0,7296.0,7314.0,7294.0,90.0,6570660.0,87139
2023-05-09 21:03:03,p2308,p2308,7298.0,0.0,0.0,0.0,15,7296.0,7302.0,54,7258.0,7296.0,7314.0,7294.0,90.0,6570660.0,87139
2023-05-09 21:03:03,p2308,p2308,7298.0,0.0,0.0,0.0,10,7296.0,7302.0,54,7258.0,7296.0,7314.0,7294.0,90.0,6570660.0,87139
2023-05-09 21:03:04,p2308,p2308,7298.0,0.0,0.0,0.0,19,7296.0,7302.0,49,7258.0,7296.0,7314.0,7294.0,90.0,6570660.0,87139
2023-05-09 21:03:04,p2308,p2308,7298.0,0.0,0.0,0.0,21,7296.0,7302.0,49,7258.0,7296.0,7314.0,7294.0,90.0,6570660.0,87139
2023-05-09 21:03:05,p2308,p2308,7298.0,0.0,0.0,0.0,12,7298.0,7302.0,15,7258.0,7296.0,7314.0,7294.0,90.0,6570660.0,87139
2023-05-09 21:03:05,p2308,p2308,7298.0,0.0,0.0,0.0,22,7298.0,7304.0,33,7258.0,7296.0,7314.0,7294.0,90.0,6570660.0,87139
2023-05-09 21:03:06,p2308,p2308,7298.0,0.0,0.0,0.0,22,7298.0,7304.0,43,7258.0,7296.0,7314.0,7294.0,90.0,6570660.0,87139
2023-05-09 21:03:06,p2308,p2308,7298.0,0.0,0.0,0.0,22,7298.0,7304.0,48,7258.0,7296.0,7314.0,7294.0,90.0,6570660.0,87139
2023-05-09 21:03:07,p2308,p2308,7298.0,0.0,0.0,0.0,17,7298.0,7304.0,48,7258.0,7296.0,7314.0,7294.0,90.0,6570660.0,87139
2023-05-09 21:03:07,p2308,p2308,7298.0,0.0,0.0,0.0,17,7298.0,7304.0,53,7258.0,7296.0,7314.0,7294.0,90.0,6570660.0,87139
2023-05-09 21:03:08,p2308,p2308,7298.0,0.0,0.0,0.0,7,7298.0,7304.0,53,7258.0,7296.0,7314.0,7294.0,90.0,6570660.0,87139
2023-05-09 21:03:09,p2308,p2308,7298.0,2.0,145960.0,-1.0,5,7298.0,7302.0,7,7258.0,7296.0,7314.0,7294.0,92.0,6716620.0,87138
2023-05-09 21:03:10,p2308,p2308,7298.0,0.0,0.0,0.0,37,7296.0,7302.0,22,7258.0,7296.0,7314.0,7294.0,92.0,6716620.0,87138
2023-05-09 21:03:10,p2308,p2308,7298.0,0.0,0.0,0.0,7,7298.0,7302.0,2,7258.0,7296.0,7314.0,7294.0,92.0,6716620.0,87138
2023-05-09 21:03:11,p2308,p2308,7298.0,0.0,0.0,0.0,2,7298.0,7302.0,7,7258.0,7296.0,7314.0,7294.0,92.0,6716620.0,87138
2023-05-09 21:03:12,p2308,p2308,7298.0,0.0,0.0,0.0,2,7298.0,7302.0,2,7258.0,7296.0,7314.0,7294.0,92.0,6716620.0,87138
2023-05-09 21:03:13,p2308,p2308,7298.0,0.0,0.0,0.0,9,7298.0,7302.0,2,7258.0,7296.0,7314.0,7294.0,92.0,6716620.0,87138
2023-05-09 21:03:14,p2308,p2308,7298.0,0.0,0.0,0.0,7,7298.0,7302.0,2,7258.0,7296.0,7314.0,7294.0,92.0,6716620.0,87138
2023-05-09 21:03:17,p2308,p2308,7298.0,0.0,0.0,0.0,8,7298.0,7302.0,2,7258.0,7296.0,7314.0,7294.0,92.0,6716620.0,87138
2023-05-09 21:03:17,p2308,p2308,7298.0,0.0,0.0,0.0,9,7298.0,7302.0,2,7258.0,7296.0,7314.0,7294.0,92.0,6716620.0,87138
2023-05-09 21:03:17,p2308,p2308,7298.0,0.0,0.0,0.0,7,7298.0,7302.0,2,7258.0,7296.0,7314.0,7294.0,92.0,6716620.0,87138
2023-05-09 21:03:18,p2308,p2308,7298.0,0.0,0.0,0.0,9,7298.0,7302.0,2,7258.0,7296.0,7314.0,7294.0,92.0,6716620.0,87138
2023-05-09 21:03:19,p2308,p2308,7298.0,0.0,0.0,0.0,7,7300.0,7304.0,28,7258.0,7296.0,7314.0,7294.0,92.0,6716620.0,87138
2023-05-09 21:03:19,p2308,p2308,7298.0,0.0,0.0,0.0,2,7300.0,7304.0,18,7258.0,7296.0,7314.0,7294.0,92.0,6716620.0,87138
2023-05-09 21:03:20,p2308,p2308,7298.0,0.0,0.0,0.0,17,7298.0,7302.0,2,7258.0,7296.0,7314.0,7294.0,92.0,6716620.0,87138
2023-05-09 21:03:20,p2308,p2308,7298.0,0.0,0.0,0.0,7,7298.0,7302.0,2,7258.0,7296.0,7314.0,7294.0,92.0,6716620.0,87138
2023-05-09 21:03:29,p2308,p2308,7298.0,0.0,0.0,0.0,5,7298.0,7302.0,2,7258.0,7296.0,7314.0,7294.0,92.0,6716620.0,87138
2023-05-09 21:03:29,p2308,p2308,7298.0,0.0,0.0,0.0,7,7298.0,7302.0,2,7258.0,7296.0,7314.0,7294.0,92.0,6716620.0,87138
2023-05-09 21:03:32,p2308,p2308,7298.0,0.0,0.0,0.0,45,7296.0,7302.0,7,7258.0,7296.0,7314.0,7294.0,92.0,6716620.0,87138
2023-05-09 21:03:33,p2308,p2308,7298.0,0.0,0.0,0.0,9,7298.0,7302.0,4,7258.0,7296.0,7314.0,7294.0,92.0,6716620.0,87138
2023-05-09 21:03:35,p2308,p2308,7298.0,1.0,72980.0,-1.0,8,7298.0,7302.0,4,7258.0,7296.0,7314.0,7294.0,93.0,6789600.0,87137
2023-05-09 21:03:37,p2308,p2308,7298.0,0.0,0.0,0.0,6,7298.0,7302.0,4,7258.0,7296.0,7314.0,7294.0,93.0,6789600.0,87137
2023-05-09 21:03:40,p2308,p2308,7298.0,0.0,0.0,0.0,8,7298.0,7302.0,4,7258.0,7296.0,7314.0,7294.0,93.0,6789600.0,87137
2023-05-09 21:03:40,p2308,p2308,7298.0,0.0,0.0,0.0,6,7298.0,7302.0,4,7258.0,7296.0,7314.0,7294.0,93.0,6789600.0,87137
2023-05-09 21:03:45,p2308,p2308,7298.0,0.0,0.0,0.0,1,7298.0,7302.0,14,7258.0,7296.0,7314.0,7294.0,93.0,6789600.0,87137
2023-05-09 21:03:45,p2308,p2308,7298.0,0.0,0.0,0.0,1,7298.0,7302.0,4,7258.0,7296.0,7314.0,7294.0,93.0,6789600.0,87137
2023-05-09 21:03:46,p2308,p2308,7298.0,0.0,0.0,0.0,3,7298.0,7302.0,4,7258.0,7296.0,7314.0,7294.0,93.0,6789600.0,87137
2023-05-09 21:03:46,p2308,p2308,7298.0,0.0,0.0,0.0,30,7296.0,7300.0,1,7258.0,7296.0,7314.0,7294.0,93.0,6789600.0,87137
2023-05-09 21:03:47,p2308,p2308,7298.0,0.0,0.0,0.0,20,7296.0,7300.0,1,7258.0,7296.0,7314.0,7294.0,93.0,6789600.0,87137
2023-05-09 21:03:49,p2308,p2308,7298.0,0.0,0.0,0.0,25,7296.0,7300.0,1,7258.0,7296.0,7314.0,7294.0,93.0,6789600.0,87137
2023-05-09 21:03:50,p2308,p2308,7298.0,0.0,0.0,0.0,7,7298.0,7300.0,1,7258.0,7296.0,7314.0,7294.0,93.0,6789600.0,87137
2023-05-09 21:03:50,p2308,p2308,7298.0,0.0,0.0,0.0,7,7298.0,7304.0,40,7258.0,7296.0,7314.0,7294.0,93.0,6789600.0,87137
2023-05-09 21:03:51,p2308,p2308,7298.0,0.0,0.0,0.0,3,7298.0,7302.0,3,7258.0,7296.0,7314.0,7294.0,93.0,6789600.0,87137
2023-05-09 21:03:51,p2308,p2308,7298.0,0.0,0.0,0.0,8,7298.0,7302.0,3,7258.0,7296.0,7314.0,7294.0,93.0,6789600.0,87137
2023-05-09 21:03:53,p2308,p2308,7298.0,0.0,0.0,0.0,3,7298.0,7300.0,1,7258.0,7296.0,7314.0,7294.0,93.0,6789600.0,87137
2023-05-09 21:03:54,p2308,p2308,7300.0,4.0,292020.0,2.0,65,7296.0,7304.0,56,7258.0,7296.0,7314.0,7294.0,97.0,7081620.0,87139
2023-05-09 21:03:54,p2308,p2308,7300.0,0.0,0.0,0.0,6,7298.0,7302.0,4,7258.0,7296.0,7314.0,7294.0,97.0,7081620.0,87139
2023-05-09 21:03:55,p2308,p2308,7300.0,0.0,0.0,0.0,2,7298.0,7302.0,4,7258.0,7296.0,7314.0,7294.0,97.0,7081620.0,87139
2023-05-09 21:03:57,p2308,p2308,7300.0,0.0,0.0,0.0,3,7298.0,7302.0,4,7258.0,7296.0,7314.0,7294.0,97.0,7081620.0,87139
2023-05-09 21:03:58,p2308,p2308,7300.0,0.0,0.0,0.0,5,7298.0,7302.0,4,7258.0,7296.0,7314.0,7294.0,97.0,7081620.0,87139
2023-05-09 21:03:59,p2308,p2308,7300.0,0.0,0.0,0.0,2,7298.0,7302.0,4,7258.0,7296.0,7314.0,7294.0,97.0,7081620.0,87139
2023-05-09 21:03:59,p2308,p2308,7300.0,0.0,0.0,0.0,50,7296.0,7300.0,2,7258.0,7296.0,7314.0,7294.0,97.0,7081620.0,87139
2023-05-09 21:04:00,p2308,p2308,7300.0,0.0,0.0,0.0,24,7296.0,7300.0,7,7258.0,7296.0,7314.0,7294.0,97.0,7081620.0,87139
2023-05-09 21:04:00,p2308,p2308,7300.0,0.0,0.0,0.0,25,7296.0,7300.0,2,7258.0,7296.0,7314.0,7294.0,97.0,7081620.0,87139
2023-05-09 21:04:01,p2308,p2308,7300.0,0.0,0.0,0.0,29,7296.0,7300.0,2,7258.0,7296.0,7314.0,7294.0,97.0,7081620.0,87139
2023-05-09 21:04:01,p2308,p2308,7300.0,0.0,0.0,0.0,25,7296.0,7300.0,2,7258.0,7296.0,7314.0,7294.0,97.0,7081620.0,87139
2023-05-09 21:04:02,p2308,p2308,7300.0,0.0,0.0,0.0,27,7296.0,7300.0,2,7258.0,7296.0,7314.0,7294.0,97.0,7081620.0,87139
2023-05-09 21:04:02,p2308,p2308,7300.0,0.0,0.0,0.0,25,7296.0,7300.0,2,7258.0,7296.0,7314.0,7294.0,97.0,7081620.0,87139
2023-05-09 21:04:03,p2308,p2308,7300.0,0.0,0.0,0.0,11,7298.0,7302.0,30,7258.0,7296.0,7314.0,7294.0,97.0,7081620.0,87139
2023-05-09 21:04:03,p2308,p2308,7298.0,1.0,72980.0,0.0,60,7296.0,7304.0,50,7258.0,7296.0,7314.0,7294.0,98.0,7154600.0,87139
2023-05-09 21:04:04,p2308,p2308,7298.0,0.0,0.0,0.0,2,7298.0,7302.0,4,7258.0,7296.0,7314.0,7294.0,98.0,7154600.0,87139
2023-05-09 21:04:04,p2308,p2308,7298.0,0.0,0.0,0.0,8,7298.0,7302.0,9,7258.0,7296.0,7314.0,7294.0,98.0,7154600.0,87139
2023-05-09 21:04:05,p2308,p2308,7298.0,0.0,0.0,0.0,45,7296.0,7302.0,32,7258.0,7296.0,7314.0,7294.0,98.0,7154600.0,87139
2023-05-09 21:04:05,p2308,p2308,7298.0,0.0,0.0,0.0,60,7296.0,7302.0,27,7258.0,7296.0,7314.0,7294.0,98.0,7154600.0,87139
2023-05-09 21:04:06,p2308,p2308,7298.0,0.0,0.0,0.0,8,7298.0,7302.0,12,7258.0,7296.0,7314.0,7294.0,98.0,7154600.0,87139
2023-05-09 21:04:06,p2308,p2308,7298.0,0.0,0.0,0.0,8,7298.0,7302.0,27,7258.0,7296.0,7314.0,7294.0,98.0,7154600.0,87139
2023-05-09 21:04:07,p2308,p2308,7298.0,0.0,0.0,0.0,8,7298.0,7302.0,17,7258.0,7296.0,7314.0,7294.0,98.0,7154600.0,87139
2023-05-09 21:04:07,p2308,p2308,7298.0,0.0,0.0,0.0,30,7296.0,7300.0,4,7258.0,7296.0,7314.0,7294.0,98.0,7154600.0,87139
2023-05-09 21:04:08,p2308,p2308,7298.0,0.0,0.0,0.0,10,7296.0,7300.0,4,7258.0,7296.0,7314.0,7294.0,98.0,7154600.0,87139
2023-05-09 21:04:08,p2308,p2308,7298.0,0.0,0.0,0.0,10,7296.0,7300.0,9,7258.0,7296.0,7314.0,7294.0,98.0,7154600.0,87139
2023-05-09 21:04:09,p2308,p2308,7298.0,0.0,0.0,0.0,5,7296.0,7300.0,15,7258.0,7296.0,7314.0,7294.0,98.0,7154600.0,87139
2023-05-09 21:04:09,p2308,p2308,7298.0,0.0,0.0,0.0,11,7296.0,7300.0,10,7258.0,7296.0,7314.0,7294.0,98.0,7154600.0,87139
2023-05-09 21:04:09,p2308,p2308,7298.0,0.0,0.0,0.0,11,7296.0,7300.0,5,7258.0,7296.0,7314.0,7294.0,98.0,7154600.0,87139
2023-05-09 21:04:11,p2308,p2308,7298.0,0.0,0.0,0.0,16,7296.0,7300.0,5,7258.0,7296.0,7314.0,7294.0,98.0,7154600.0,87139
2023-05-09 21:04:11,p2308,p2308,7298.0,0.0,0.0,0.0,21,7296.0,7300.0,5,7258.0,7296.0,7314.0,7294.0,98.0,7154600.0,87139
2023-05-09 21:04:13,p2308,p2308,7298.0,0.0,0.0,0.0,13,7298.0,7302.0,30,7258.0,7296.0,7314.0,7294.0,98.0,7154600.0,87139
2023-05-09 21:04:14,p2308,p2308,7298.0,0.0,0.0,0.0,8,7298.0,7302.0,1,7258.0,7296.0,7314.0,7294.0,98.0,7154600.0,87139
2023-05-09 21:04:14,p2308,p2308,7298.0,0.0,0.0,0.0,13,7298.0,7302.0,1,7258.0,7296.0,7314.0,7294.0,98.0,7154600.0,87139
2023-05-09 21:04:15,p2308,p2308,7298.0,0.0,0.0,0.0,18,7298.0,7302.0,1,7258.0,7296.0,7314.0,7294.0,98.0,7154600.0,87139
2023-05-09 21:04:17,p2308,p2308,7298.0,0.0,0.0,0.0,18,7298.0,7302.0,11,7258.0,7296.0,7314.0,7294.0,98.0,7154600.0,87139
2023-05-09 21:04:17,p2308,p2308,7298.0,0.0,0.0,0.0,18,7298.0,7302.0,1,7258.0,7296.0,7314.0,7294.0,98.0,7154600.0,87139
2023-05-09 21:04:18,p2308,p2308,7298.0,0.0,0.0,0.0,18,7298.0,7302.0,6,7258.0,7296.0,7314.0,7294.0,98.0,7154600.0,87139
2023-05-09 21:04:18,p2308,p2308,7298.0,0.0,0.0,0.0,16,7298.0,7302.0,11,7258.0,7296.0,7314.0,7294.0,98.0,7154600.0,87139
2023-05-09 21:04:19,p2308,p2308,7298.0,0.0,0.0,0.0,11,7298.0,7302.0,6,7258.0,7296.0,7314.0,7294.0,98.0,7154600.0,87139
2023-05-09 21:04:21,p2308,p2308,7298.0,0.0,0.0,0.0,11,7298.0,7302.0,1,7258.0,7296.0,7314.0,7294.0,98.0,7154600.0,87139
2023-05-09 21:04:23,p2308,p2308,7298.0,0.0,0.0,0.0,5,7298.0,7302.0,1,7258.0,7296.0,7314.0,7294.0,98.0,7154600.0,87139
2023-05-09 21:04:23,p2308,p2308,7298.0,5.0,364900.0,0.0,26,7296.0,7300.0,2,7258.0,7296.0,7314.0,7294.0,103.0,7519500.0,87139
2023-05-09 21:04:24,p2308,p2308,7298.0,0.0,0.0,0.0,16,7296.0,7300.0,2,7258.0,7296.0,7314.0,7294.0,103.0,7519500.0,87139
2023-05-09 21:04:24,p2308,p2308,7298.0,0.0,0.0,0.0,10,7296.0,7300.0,2,7258.0,7296.0,7314.0,7294.0,103.0,7519500.0,87139
2023-05-09 21:04:25,p2308,p2308,7298.0,0.0,0.0,0.0,15,7296.0,7300.0,2,7258.0,7296.0,7314.0,7294.0,103.0,7519500.0,87139
2023-05-09 21:04:25,p2308,p2308,7298.0,0.0,0.0,0.0,11,7298.0,7300.0,2,7258.0,7296.0,7314.0,7294.0,103.0,7519500.0,87139
2023-05-09 21:04:26,p2308,p2308,7298.0,11.0,802780.0,6.0,39,7296.0,7302.0,22,7258.0,7296.0,7314.0,7294.0,114.0,8322280.0,87145
2023-05-09 21:04:26,p2308,p2308,7298.0,0.0,0.0,0.0,34,7296.0,7300.0,2,7258.0,7296.0,7314.0,7294.0,114.0,8322280.0,87145
2023-05-09 21:04:27,p2308,p2308,7298.0,0.0,0.0,0.0,29,7296.0,7300.0,2,7258.0,7296.0,7314.0,7294.0,114.0,8322280.0,87145
2023-05-09 21:04:27,p2308,p2308,7298.0,0.0,0.0,0.0,30,7296.0,7300.0,2,7258.0,7296.0,7314.0,7294.0,114.0,8322280.0,87145
2023-05-09 21:04:28,p2308,p2308,7298.0,0.0,0.0,0.0,22,7296.0,7300.0,2,7258.0,7296.0,7314.0,7294.0,114.0,8322280.0,87145
2023-05-09 21:04:29,p2308,p2308,7298.0,0.0,0.0,0.0,27,7296.0,7300.0,2,7258.0,7296.0,7314.0,7294.0,114.0,8322280.0,87145
2023-05-09 21:04:30,p2308,p2308,7298.0,0.0,0.0,0.0,22,7296.0,7300.0,2,7258.0,7296.0,7314.0,7294.0,114.0,8322280.0,87145
2023-05-09 21:04:31,p2308,p2308,7298.0,0.0,0.0,0.0,17,7296.0,7300.0,7,7258.0,7296.0,7314.0,7294.0,114.0,8322280.0,87145
2023-05-09 21:04:31,p2308,p2308,7298.0,0.0,0.0,0.0,17,7296.0,7300.0,2,7258.0,7296.0,7314.0,7294.0,114.0,8322280.0,87145
2023-05-09 21:04:32,p2308,p2308,7298.0,0.0,0.0,0.0,5,7298.0,7300.0,2,7258.0,7296.0,7314.0,7294.0,114.0,8322280.0,87145
2023-05-09 21:04:32,p2308,p2308,7298.0,0.0,0.0,0.0,28,7296.0,7300.0,12,7258.0,7296.0,7314.0,7294.0,114.0,8322280.0,87145
2023-05-09 21:04:33,p2308,p2308,7298.0,0.0,0.0,0.0,18,7296.0,7300.0,2,7258.0,7296.0,7314.0,7294.0,114.0,8322280.0,87145
2023-05-09 21:04:34,p2308,p2308,7298.0,0.0,0.0,0.0,23,7296.0,7300.0,2,7258.0,7296.0,7314.0,7294.0,114.0,8322280.0,87145
2023-05-09 21:04:35,p2308,p2308,7298.0,0.0,0.0,0.0,28,7296.0,7302.0,39,7258.0,7296.0,7314.0,7294.0,114.0,8322280.0,87145
2023-05-09 21:04:36,p2308,p2308,7298.0,0.0,0.0,0.0,23,7296.0,7302.0,34,7258.0,7296.0,7314.0,7294.0,114.0,8322280.0,87145
2023-05-09 21:04:36,p2308,p2308,7298.0,0.0,0.0,0.0,23,7296.0,7302.0,44,7258.0,7296.0,7314.0,7294.0,114.0,8322280.0,87145
2023-05-09 21:04:37,p2308,p2308,7298.0,0.0,0.0,0.0,23,7296.0,7300.0,2,7258.0,7296.0,7314.0,7294.0,114.0,8322280.0,87145
2023-05-09 21:04:37,p2308,p2308,7298.0,0.0,0.0,0.0,18,7296.0,7300.0,2,7258.0,7296.0,7314.0,7294.0,114.0,8322280.0,87145
2023-05-09 21:04:39,p2308,p2308,7298.0,0.0,0.0,0.0,23,7296.0,7300.0,2,7258.0,7296.0,7314.0,7294.0,114.0,8322280.0,87145
2023-05-09 21:04:40,p2308,p2308,7296.0,20.0,1459200.0,5.0,33,7294.0,7296.0,1,7258.0,7296.0,7314.0,7294.0,134.0,9781480.0,87150
2023-05-09 21:04:40,p2308,p2308,7296.0,2.0,145920.0,-1.0,12,7294.0,7298.0,2,7258.0,7296.0,7314.0,7294.0,136.0,9927400.0,87149
2023-05-09 21:04:41,p2308,p2308,7296.0,0.0,0.0,0.0,8,7294.0,7298.0,2,7258.0,7296.0,7314.0,7294.0,136.0,9927400.0,87149
2023-05-09 21:04:41,p2308,p2308,7296.0,0.0,0.0,0.0,45,7292.0,7298.0,2,7258.0,7296.0,7314.0,7294.0,136.0,9927400.0,87149
2023-05-09 21:04:42,p2308,p2308,7296.0,0.0,0.0,0.0,50,7292.0,7298.0,2,7258.0,7296.0,7314.0,7294.0,136.0,9927400.0,87149
2023-05-09 21:04:42,p2308,p2308,7296.0,0.0,0.0,0.0,5,7294.0,7298.0,7,7258.0,7296.0,7314.0,7294.0,136.0,9927400.0,87149
2023-05-09 21:04:43,p2308,p2308,7296.0,0.0,0.0,0.0,58,7292.0,7298.0,7,7258.0,7296.0,7314.0,7294.0,136.0,9927400.0,87149
2023-05-09 21:04:44,p2308,p2308,7296.0,0.0,0.0,0.0,2,7294.0,7298.0,7,7258.0,7296.0,7314.0,7294.0,136.0,9927400.0,87149
2023-05-09 21:04:46,p2308,p2308,7296.0,0.0,0.0,0.0,5,7294.0,7298.0,2,7258.0,7296.0,7314.0,7294.0,136.0,9927400.0,87149
2023-05-09 21:04:47,p2308,p2308,7296.0,0.0,0.0,0.0,10,7294.0,7298.0,2,7258.0,7296.0,7314.0,7294.0,136.0,9927400.0,87149
2023-05-09 21:04:47,p2308,p2308,7296.0,0.0,0.0,0.0,10,7294.0,7298.0,7,7258.0,7296.0,7314.0,7294.0,136.0,9927400.0,87149
2023-05-09 21:04:49,p2308,p2308,7296.0,0.0,0.0,0.0,15,7294.0,7298.0,2,7258.0,7296.0,7314.0,7294.0,136.0,9927400.0,87149
2023-05-09 21:04:49,p2308,p2308,7296.0,0.0,0.0,0.0,25,7294.0,7300.0,56,7258.0,7296.0,7314.0,7294.0,136.0,9927400.0,87149
2023-05-09 21:04:50,p2308,p2308,7296.0,0.0,0.0,0.0,20,7294.0,7300.0,56,7258.0,7296.0,7314.0,7294.0,136.0,9927400.0,87149
2023-05-09 21:04:51,p2308,p2308,7296.0,0.0,0.0,0.0,25,7294.0,7298.0,2,7258.0,7296.0,7314.0,7294.0,136.0,9927400.0,87149
2023-05-09 21:04:52,p2308,p2308,7298.0,2.0,145960.0,-1.0,5,7296.0,7300.0,36,7258.0,7296.0,7314.0,7294.0,138.0,10073360.0,87148
2023-05-09 21:04:52,p2308,p2308,7298.0,0.0,0.0,0.0,1,7298.0,7300.0,16,7258.0,7296.0,7314.0,7294.0,138.0,10073360.0,87148
2023-05-09 21:04:53,p2308,p2308,7298.0,0.0,0.0,0.0,1,7298.0,7300.0,26,7258.0,7296.0,7314.0,7294.0,138.0,10073360.0,87148
2023-05-09 21:04:53,p2308,p2308,7298.0,0.0,0.0,0.0,1,7298.0,7300.0,21,7258.0,7296.0,7314.0,7294.0,138.0,10073360.0,87148
2023-05-09 21:04:54,p2308,p2308,7298.0,0.0,0.0,0.0,35,7294.0,7300.0,21,7258.0,7296.0,7314.0,7294.0,138.0,10073360.0,87148
2023-05-09 21:04:54,p2308,p2308,7300.0,1.0,73000.0,1.0,5,7296.0,7300.0,25,7258.0,7296.0,7314.0,7294.0,139.0,10146360.0,87149
2023-05-09 21:04:56,p2308,p2308,7300.0,0.0,0.0,0.0,5,7296.0,7300.0,26,7258.0,7296.0,7314.0,7294.0,139.0,10146360.0,87149
2023-05-09 21:04:56,p2308,p2308,7300.0,0.0,0.0,0.0,5,7296.0,7300.0,36,7258.0,7296.0,7314.0,7294.0,139.0,10146360.0,87149
2023-05-09 21:04:57,p2308,p2308,7300.0,0.0,0.0,0.0,5,7296.0,7300.0,31,7258.0,7296.0,7314.0,7294.0,139.0,10146360.0,87149
2023-05-09 21:04:57,p2308,p2308,7300.0,0.0,0.0,0.0,5,7296.0,7300.0,26,7258.0,7296.0,7314.0,7294.0,139.0,10146360.0,87149
2023-05-09 21:04:58,p2308,p2308,7300.0,0.0,0.0,0.0,5,7296.0,7300.0,21,7258.0,7296.0,7314.0,7294.0,139.0,10146360.0,87149
2023-05-09 21:04:59,p2308,p2308,7300.0,0.0,0.0,0.0,2,7296.0,7300.0,1,7258.0,7296.0,7314.0,7294.0,139.0,10146360.0,87149
2023-05-09 21:05:00,p2308,p2308,7300.0,1.0,73000.0,0.0,5,7296.0,7302.0,55,7258.0,7296.0,7314.0,7294.0,140.0,10219360.0,87149
2023-05-09 21:05:00,p2308,p2308,7300.0,0.0,0.0,0.0,5,7296.0,7300.0,7,7258.0,7296.0,7314.0,7294.0,140.0,10219360.0,87149
2023-05-09 21:05:01,p2308,p2308,7300.0,1.0,73000.0,0.0,5,7296.0,7300.0,6,7258.0,7296.0,7314.0,7294.0,141.0,10292360.0,87149
2023-05-09 21:05:01,p2308,p2308,7300.0,0.0,0.0,0.0,10,7296.0,7302.0,54,7258.0,7296.0,7314.0,7294.0,141.0,10292360.0,87149
2023-05-09 21:05:02,p2308,p2308,7300.0,0.0,0.0,0.0,5,7296.0,7300.0,11,7258.0,7296.0,7314.0,7294.0,141.0,10292360.0,87149
2023-05-09 21:05:06,p2308,p2308,7300.0,0.0,0.0,0.0,2,7298.0,7300.0,5,7258.0,7296.0,7314.0,7294.0,141.0,10292360.0,87149
2023-05-09 21:05:07,p2308,p2308,7300.0,0.0,0.0,0.0,2,7298.0,7302.0,51,7258.0,7296.0,7314.0,7294.0,141.0,10292360.0,87149
2023-05-09 21:05:07,p2308,p2308,7300.0,0.0,0.0,0.0,2,7298.0,7302.0,46,7258.0,7296.0,7314.0,7294.0,141.0,10292360.0,87149
2023-05-09 21:05:08,p2308,p2308,7300.0,0.0,0.0,0.0,2,7298.0,7300.0,10,7258.0,7296.0,7314.0,7294.0,141.0,10292360.0,87149
2023-05-09 21:05:09,p2308,p2308,7300.0,0.0,0.0,0.0,50,7294.0,7300.0,11,7258.0,7296.0,7314.0,7294.0,141.0,10292360.0,87149
2023-05-09 21:05:09,p2308,p2308,7300.0,0.0,0.0,0.0,5,7296.0,7300.0,6,7258.0,7296.0,7314.0,7294.0,141.0,10292360.0,87149
2023-05-09 21:05:12,p2308,p2308,7300.0,0.0,0.0,0.0,2,7298.0,7302.0,43,7258.0,7296.0,7314.0,7294.0,141.0,10292360.0,87149
2023-05-09 21:05:12,p2308,p2308,7300.0,0.0,0.0,0.0,2,7298.0,7302.0,31,7258.0,7296.0,7314.0,7294.0,141.0,10292360.0,87149
2023-05-09 21:05:12,p2308,p2308,7300.0,0.0,0.0,0.0,2,7298.0,7302.0,26,7258.0,7296.0,7314.0,7294.0,141.0,10292360.0,87149
2023-05-09 21:05:14,p2308,p2308,7300.0,0.0,0.0,0.0,2,7298.0,7302.0,25,7258.0,7296.0,7314.0,7294.0,141.0,10292360.0,87149
2023-05-09 21:05:15,p2308,p2308,7300.0,0.0,0.0,0.0,2,7298.0,7300.0,11,7258.0,7296.0,7314.0,7294.0,141.0,10292360.0,87149
2023-05-09 21:05:15,p2308,p2308,7300.0,0.0,0.0,0.0,2,7298.0,7302.0,47,7258.0,7296.0,7314.0,7294.0,141.0,10292360.0,87149
2023-05-09 21:05:16,p2308,p2308,7300.0,0.0,0.0,0.0,2,7298.0,7302.0,33,7258.0,7296.0,7314.0,7294.0,141.0,10292360.0,87149
2023-05-09 21:05:16,p2308,p2308,7300.0,0.0,0.0,0.0,5,7298.0,7302.0,26,7258.0,7296.0,7314.0,7294.0,141.0,10292360.0,87149
2023-05-09 21:05:17,p2308,p2308,7300.0,0.0,0.0,0.0,5,7298.0,7302.0,21,7258.0,7296.0,7314.0,7294.0,141.0,10292360.0,87149
2023-05-09 21:05:18,p2308,p2308,7300.0,0.0,0.0,0.0,5,7298.0,7300.0,5,7258.0,7296.0,7314.0,7294.0,141.0,10292360.0,87149
2023-05-09 21:05:19,p2308,p2308,7300.0,1.0,73000.0,1.0,2,7298.0,7302.0,50,7258.0,7296.0,7314.0,7294.0,142.0,10365360.0,87150
2023-05-09 21:05:19,p2308,p2308,7300.0,0.0,0.0,0.0,3,7300.0,7302.0,25,7258.0,7296.0,7314.0,7294.0,142.0,10365360.0,87150
2023-05-09 21:05:20,p2308,p2308,7300.0,0.0,0.0,0.0,3,7300.0,7302.0,15,7258.0,7296.0,7314.0,7294.0,142.0,10365360.0,87150
2023-05-09 21:05:20,p2308,p2308,7300.0,0.0,0.0,0.0,3,7300.0,7302.0,5,7258.0,7296.0,7314.0,7294.0,142.0,10365360.0,87150
2023-05-09 21:05:21,p2308,p2308,7300.0,0.0,0.0,0.0,55,7296.0,7302.0,5,7258.0,7296.0,7314.0,7294.0,142.0,10365360.0,87150
2023-05-09 21:05:21,p2308,p2308,7300.0,0.0,0.0,0.0,4,7300.0,7304.0,56,7258.0,7296.0,7314.0,7294.0,142.0,10365360.0,87150
2023-05-09 21:05:22,p2308,p2308,7300.0,0.0,0.0,0.0,4,7300.0,7302.0,5,7258.0,7296.0,7314.0,7294.0,142.0,10365360.0,87150
2023-05-09 21:05:23,p2308,p2308,7302.0,2.0,146040.0,2.0,2,7300.0,7304.0,56,7258.0,7296.0,7314.0,7294.0,144.0,10511400.0,87152
2023-05-09 21:05:23,p2308,p2308,7302.0,0.0,0.0,0.0,2,7300.0,7304.0,51,7258.0,7296.0,7314.0,7294.0,144.0,10511400.0,87152
2023-05-09 21:05:24,p2308,p2308,7302.0,0.0,0.0,0.0,2,7300.0,7304.0,47,7258.0,7296.0,7314.0,7294.0,144.0,10511400.0,87152
2023-05-09 21:05:26,p2308,p2308,7300.0,1.0,73000.0,1.0,1,7300.0,7302.0,10,7258.0,7296.0,7314.0,7294.0,145.0,10584400.0,87153
2023-05-09 21:05:26,p2308,p2308,7300.0,0.0,0.0,0.0,10,7298.0,7302.0,5,7258.0,7296.0,7314.0,7294.0,145.0,10584400.0,87153
2023-05-09 21:05:27,p2308,p2308,7300.0,0.0,0.0,0.0,6,7298.0,7302.0,10,7258.0,7296.0,7314.0,7294.0,145.0,10584400.0,87153
2023-05-09 21:05:28,p2308,p2308,7300.0,0.0,0.0,0.0,6,7298.0,7302.0,17,7258.0,7296.0,7314.0,7294.0,145.0,10584400.0,87153
2023-05-09 21:05:28,p2308,p2308,7300.0,0.0,0.0,0.0,11,7298.0,7302.0,17,7258.0,7296.0,7314.0,7294.0,145.0,10584400.0,87153
2023-05-09 21:05:29,p2308,p2308,7300.0,0.0,0.0,0.0,1,7298.0,7302.0,12,7258.0,7296.0,7314.0,7294.0,145.0,10584400.0,87153
2023-05-09 21:05:29,p2308,p2308,7300.0,4.0,292020.0,1.0,3,7298.0,7300.0,2,7258.0,7296.0,7314.0,7294.0,149.0,10876420.0,87154
2023-05-09 21:05:30,p2308,p2308,7300.0,0.0,0.0,0.0,3,7298.0,7302.0,31,7258.0,7296.0,7314.0,7294.0,149.0,10876420.0,87154
2023-05-09 21:05:30,p2308,p2308,7300.0,0.0,0.0,0.0,3,7298.0,7302.0,40,7258.0,7296.0,7314.0,7294.0,149.0,10876420.0,87154
2023-05-09 21:05:30,p2308,p2308,7300.0,0.0,0.0,0.0,3,7298.0,7302.0,50,7258.0,7296.0,7314.0,7294.0,149.0,10876420.0,87154
2023-05-09 21:05:32,p2308,p2308,7300.0,0.0,0.0,0.0,8,7298.0,7302.0,30,7258.0,7296.0,7314.0,7294.0,149.0,10876420.0,87154
2023-05-09 21:05:32,p2308,p2308,7300.0,0.0,0.0,0.0,3,7300.0,7302.0,5,7258.0,7296.0,7314.0,7294.0,149.0,10876420.0,87154
2023-05-09 21:05:33,p2308,p2308,7300.0,0.0,0.0,0.0,3,7300.0,7304.0,55,7258.0,7296.0,7314.0,7294.0,149.0,10876420.0,87154
2023-05-09 21:05:33,p2308,p2308,7300.0,0.0,0.0,0.0,3,7300.0,7304.0,50,7258.0,7296.0,7314.0,7294.0,149.0,10876420.0,87154
2023-05-09 21:05:34,p2308,p2308,7300.0,0.0,0.0,0.0,1,7300.0,7304.0,50,7258.0,7296.0,7314.0,7294.0,149.0,10876420.0,87154
2023-05-09 21:05:36,p2308,p2308,7300.0,0.0,0.0,0.0,3,7300.0,7304.0,50,7258.0,7296.0,7314.0,7294.0,149.0,10876420.0,87154
2023-05-09 21:05:37,p2308,p2308,7300.0,0.0,0.0,0.0,3,7300.0,7302.0,10,7258.0,7296.0,7314.0,7294.0,149.0,10876420.0,87154
2023-05-09 21:05:37,p2308,p2308,7300.0,0.0,0.0,0.0,5,7298.0,7304.0,50,7258.0,7296.0,7314.0,7294.0,149.0,10876420.0,87154
2023-05-09 21:05:38,p2308,p2308,7300.0,0.0,0.0,0.0,3,7300.0,7304.0,56,7258.0,7296.0,7314.0,7294.0,149.0,10876420.0,87154
2023-05-09 21:05:38,p2308,p2308,7300.0,0.0,0.0,0.0,1,7300.0,7302.0,10,7258.0,7296.0,7314.0,7294.0,149.0,10876420.0,87154
2023-05-09 21:05:39,p2308,p2308,7300.0,0.0,0.0,0.0,55,7296.0,7302.0,5,7258.0,7296.0,7314.0,7294.0,149.0,10876420.0,87154
2023-05-09 21:05:39,p2308,p2308,7300.0,0.0,0.0,0.0,3,7298.0,7302.0,5,7258.0,7296.0,7314.0,7294.0,149.0,10876420.0,87154
2023-05-09 21:05:40,p2308,p2308,7300.0,0.0,0.0,0.0,3,7298.0,7302.0,10,7258.0,7296.0,7314.0,7294.0,149.0,10876420.0,87154
2023-05-09 21:05:41,p2308,p2308,7302.0,1.0,73020.0,0.0,40,7296.0,7302.0,9,7258.0,7296.0,7314.0,7294.0,150.0,10949440.0,87154
2023-05-09 21:05:42,p2308,p2308,7302.0,0.0,0.0,0.0,3,7298.0,7302.0,9,7258.0,7296.0,7314.0,7294.0,150.0,10949440.0,87154
2023-05-09 21:05:42,p2308,p2308,7302.0,0.0,0.0,0.0,3,7298.0,7302.0,19,7258.0,7296.0,7314.0,7294.0,150.0,10949440.0,87154
2023-05-09 21:05:43,p2308,p2308,7298.0,2.0,145960.0,-1.0,15,7296.0,7300.0,7,7258.0,7296.0,7314.0,7294.0,152.0,11095400.0,87153
2023-05-09 21:05:43,p2308,p2308,7298.0,0.0,0.0,0.0,14,7296.0,7300.0,7,7258.0,7296.0,7314.0,7294.0,152.0,11095400.0,87153
2023-05-09 21:05:44,p2308,p2308,7298.0,0.0,0.0,0.0,14,7296.0,7302.0,36,7258.0,7296.0,7314.0,7294.0,152.0,11095400.0,87153
2023-05-09 21:05:44,p2308,p2308,7302.0,1.0,73020.0,0.0,4,7296.0,7302.0,51,7258.0,7296.0,7314.0,7294.0,153.0,11168420.0,87153
2023-05-09 21:05:45,p2308,p2308,7302.0,0.0,0.0,0.0,4,7296.0,7302.0,56,7258.0,7296.0,7314.0,7294.0,153.0,11168420.0,87153
2023-05-09 21:05:49,p2308,p2308,7302.0,0.0,0.0,0.0,40,7294.0,7300.0,25,7258.0,7296.0,7314.0,7294.0,153.0,11168420.0,87153
2023-05-09 21:05:50,p2308,p2308,7302.0,0.0,0.0,0.0,60,7294.0,7300.0,25,7258.0,7296.0,7314.0,7294.0,153.0,11168420.0,87153
2023-05-09 21:05:50,p2308,p2308,7302.0,0.0,0.0,0.0,65,7294.0,7300.0,20,7258.0,7296.0,7314.0,7294.0,153.0,11168420.0,87153
2023-05-09 21:05:51,p2308,p2308,7302.0,0.0,0.0,0.0,3,7296.0,7300.0,20,7258.0,7296.0,7314.0,7294.0,153.0,11168420.0,87153
2023-05-09 21:05:54,p2308,p2308,7302.0,0.0,0.0,0.0,3,7296.0,7300.0,18,7258.0,7296.0,7314.0,7294.0,153.0,11168420.0,87153
2023-05-09 21:05:55,p2308,p2308,7302.0,0.0,0.0,0.0,3,7296.0,7300.0,17,7258.0,7296.0,7314.0,7294.0,153.0,11168420.0,87153
2023-05-09 21:05:58,p2308,p2308,7302.0,0.0,0.0,0.0,2,7296.0,7300.0,17,7258.0,7296.0,7314.0,7294.0,153.0,11168420.0,87153
2023-05-09 21:06:01,p2308,p2308,7302.0,0.0,0.0,0.0,3,7296.0,7300.0,18,7258.0,7296.0,7314.0,7294.0,153.0,11168420.0,87153
2023-05-09 21:06:01,p2308,p2308,7300.0,17.0,1241000.0,-10.0,5,7300.0,7302.0,46,7258.0,7296.0,7314.0,7294.0,170.0,12409420.0,87143
2023-05-09 21:06:02,p2308,p2308,7302.0,47.0,3431940.0,31.0,14,7302.0,7304.0,11,7258.0,7296.0,7314.0,7294.0,217.0,15841360.0,87174
2023-05-09 21:06:02,p2308,p2308,7302.0,8.0,584160.0,8.0,1,7302.0,7306.0,18,7258.0,7296.0,7314.0,7294.0,225.0,16425520.0,87182
2023-05-09 21:06:03,p2308,p2308,7302.0,0.0,0.0,0.0,1,7302.0,7306.0,13,7258.0,7296.0,7314.0,7294.0,225.0,16425520.0,87182
2023-05-09 21:06:03,p2308,p2308,7302.0,0.0,0.0,0.0,1,7302.0,7306.0,5,7258.0,7296.0,7314.0,7294.0,225.0,16425520.0,87182
2023-05-09 21:06:04,p2308,p2308,7302.0,1.0,73020.0,0.0,2,7302.0,7306.0,5,7258.0,7296.0,7314.0,7294.0,226.0,16498540.0,87182
2023-05-09 21:06:04,p2308,p2308,7302.0,2.0,146040.0,-2.0,5,7302.0,7306.0,5,7258.0,7296.0,7314.0,7294.0,228.0,16644580.0,87180
2023-05-09 21:06:05,p2308,p2308,7302.0,0.0,0.0,0.0,2,7304.0,7308.0,42,7258.0,7296.0,7314.0,7294.0,228.0,16644580.0,87180
2023-05-09 21:06:05,p2308,p2308,7302.0,0.0,0.0,0.0,2,7304.0,7308.0,51,7258.0,7296.0,7314.0,7294.0,228.0,16644580.0,87180
2023-05-09 21:06:06,p2308,p2308,7302.0,0.0,0.0,0.0,2,7304.0,7308.0,47,7258.0,7296.0,7314.0,7294.0,228.0,16644580.0,87180
2023-05-09 21:06:06,p2308,p2308,7302.0,0.0,0.0,0.0,2,7304.0,7308.0,48,7258.0,7296.0,7314.0,7294.0,228.0,16644580.0,87180
2023-05-09 21:06:07,p2308,p2308,7302.0,0.0,0.0,0.0,2,7304.0,7308.0,38,7258.0,7296.0,7314.0,7294.0,228.0,16644580.0,87180
2023-05-09 21:06:07,p2308,p2308,7302.0,0.0,0.0,0.0,2,7304.0,7308.0,22,7258.0,7296.0,7314.0,7294.0,228.0,16644580.0,87180
2023-05-09 21:06:08,p2308,p2308,7302.0,0.0,0.0,0.0,2,7304.0,7308.0,17,7258.0,7296.0,7314.0,7294.0,228.0,16644580.0,87180
2023-05-09 21:06:09,p2308,p2308,7302.0,0.0,0.0,0.0,2,7304.0,7308.0,12,7258.0,7296.0,7314.0,7294.0,228.0,16644580.0,87180
2023-05-09 21:06:09,p2308,p2308,7302.0,0.0,0.0,0.0,2,7304.0,7308.0,7,7258.0,7296.0,7314.0,7294.0,228.0,16644580.0,87180
2023-05-09 21:06:10,p2308,p2308,7302.0,0.0,0.0,0.0,2,7304.0,7308.0,9,7258.0,7296.0,7314.0,7294.0,228.0,16644580.0,87180
2023-05-09 21:06:11,p2308,p2308,7304.0,2.0,146080.0,0.0,20,7302.0,7306.0,5,7258.0,7296.0,7314.0,7294.0,230.0,16790660.0,87180
2023-05-09 21:06:12,p2308,p2308,7304.0,0.0,0.0,0.0,20,7302.0,7306.0,2,7258.0,7296.0,7314.0,7294.0,230.0,16790660.0,87180
2023-05-09 21:06:13,p2308,p2308,7304.0,0.0,0.0,0.0,32,7302.0,7306.0,4,7258.0,7296.0,7314.0,7294.0,230.0,16790660.0,87180
2023-05-09 21:06:13,p2308,p2308,7304.0,0.0,0.0,0.0,42,7302.0,7306.0,4,7258.0,7296.0,7314.0,7294.0,230.0,16790660.0,87180
2023-05-09 21:06:13,p2308,p2308,7304.0,0.0,0.0,0.0,52,7302.0,7306.0,4,7258.0,7296.0,7314.0,7294.0,230.0,16790660.0,87180
2023-05-09 21:06:15,p2308,p2308,7304.0,0.0,0.0,0.0,10,7304.0,7306.0,5,7258.0,7296.0,7314.0,7294.0,230.0,16790660.0,87180
2023-05-09 21:06:15,p2308,p2308,7306.0,1.0,73060.0,0.0,5,7304.0,7308.0,16,7258.0,7296.0,7314.0,7294.0,231.0,16863720.0,87180
2023-05-09 21:06:16,p2308,p2308,7306.0,0.0,0.0,0.0,50,7302.0,7308.0,14,7258.0,7296.0,7314.0,7294.0,231.0,16863720.0,87180
2023-05-09 21:06:16,p2308,p2308,7306.0,0.0,0.0,0.0,6,7304.0,7308.0,4,7258.0,7296.0,7314.0,7294.0,231.0,16863720.0,87180
2023-05-09 21:06:17,p2308,p2308,7306.0,0.0,0.0,0.0,6,7304.0,7308.0,5,7258.0,7296.0,7314.0,7294.0,231.0,16863720.0,87180
2023-05-09 21:06:17,p2308,p2308,7306.0,2.0,146120.0,0.0,11,7304.0,7308.0,6,7258.0,7296.0,7314.0,7294.0,233.0,17009840.0,87180
2023-05-09 21:06:18,p2308,p2308,7306.0,0.0,0.0,0.0,5,7306.0,7308.0,6,7258.0,7296.0,7314.0,7294.0,233.0,17009840.0,87180
2023-05-09 21:06:18,p2308,p2308,7306.0,5.0,365300.0,-5.0,25,7304.0,7308.0,6,7258.0,7296.0,7314.0,7294.0,238.0,17375140.0,87175
2023-05-09 21:06:19,p2308,p2308,7306.0,0.0,0.0,0.0,20,7304.0,7308.0,6,7258.0,7296.0,7314.0,7294.0,238.0,17375140.0,87175
2023-05-09 21:06:19,p2308,p2308,7306.0,0.0,0.0,0.0,25,7304.0,7308.0,6,7258.0,7296.0,7314.0,7294.0,238.0,17375140.0,87175
2023-05-09 21:06:21,p2308,p2308,7304.0,20.0,1460800.0,-10.0,35,7302.0,7304.0,5,7258.0,7296.0,7314.0,7294.0,258.0,18835940.0,87165
2023-05-09 21:06:22,p2308,p2308,7304.0,5.0,365200.0,-5.0,20,7302.0,7306.0,5,7258.0,7296.0,7314.0,7294.0,263.0,19201140.0,87160
2023-05-09 21:06:22,p2308,p2308,7304.0,0.0,0.0,0.0,40,7302.0,7306.0,2,7258.0,7296.0,7314.0,7294.0,263.0,19201140.0,87160
2023-05-09 21:06:23,p2308,p2308,7304.0,5.0,365200.0,0.0,30,7302.0,7306.0,7,7258.0,7296.0,7314.0,7294.0,268.0,19566340.0,87160
2023-05-09 21:06:23,p2308,p2308,7304.0,0.0,0.0,0.0,35,7302.0,7306.0,2,7258.0,7296.0,7314.0,7294.0,268.0,19566340.0,87160
2023-05-09 21:06:24,p2308,p2308,7304.0,0.0,0.0,0.0,40,7302.0,7306.0,2,7258.0,7296.0,7314.0,7294.0,268.0,19566340.0,87160
2023-05-09 21:06:24,p2308,p2308,7304.0,0.0,0.0,0.0,50,7302.0,7306.0,2,7258.0,7296.0,7314.0,7294.0,268.0,19566340.0,87160
2023-05-09 21:06:25,p2308,p2308,7304.0,0.0,0.0,0.0,50,7302.0,7306.0,3,7258.0,7296.0,7314.0,7294.0,268.0,19566340.0,87160
2023-05-09 21:06:27,p2308,p2308,7304.0,0.0,0.0,0.0,50,7302.0,7306.0,6,7258.0,7296.0,7314.0,7294.0,268.0,19566340.0,87160
2023-05-09 21:06:27,p2308,p2308,7304.0,0.0,0.0,0.0,30,7302.0,7306.0,16,7258.0,7296.0,7314.0,7294.0,268.0,19566340.0,87160
2023-05-09 21:06:28,p2308,p2308,7304.0,0.0,0.0,0.0,20,7302.0,7306.0,18,7258.0,7296.0,7314.0,7294.0,268.0,19566340.0,87160
2023-05-09 21:06:28,p2308,p2308,7304.0,0.0,0.0,0.0,30,7302.0,7306.0,3,7258.0,7296.0,7314.0,7294.0,268.0,19566340.0,87160
2023-05-09 21:06:29,p2308,p2308,7304.0,0.0,0.0,0.0,20,7302.0,7306.0,3,7258.0,7296.0,7314.0,7294.0,268.0,19566340.0,87160
2023-05-09 21:06:29,p2308,p2308,7302.0,15.0,1095300.0,7.0,35,7300.0,7304.0,2,7258.0,7296.0,7314.0,7294.0,283.0,20661640.0,87167
2023-05-09 21:06:30,p2308,p2308,7302.0,0.0,0.0,0.0,30,7300.0,7304.0,2,7258.0,7296.0,7314.0,7294.0,283.0,20661640.0,87167
2023-05-09 21:06:30,p2308,p2308,7302.0,0.0,0.0,0.0,20,7300.0,7304.0,2,7258.0,7296.0,7314.0,7294.0,283.0,20661640.0,87167
2023-05-09 21:06:32,p2308,p2308,7304.0,1.0,73040.0,1.0,20,7300.0,7304.0,1,7258.0,7296.0,7314.0,7294.0,284.0,20734680.0,87168
2023-05-09 21:06:32,p2308,p2308,7304.0,0.0,0.0,0.0,15,7300.0,7304.0,1,7258.0,7296.0,7314.0,7294.0,284.0,20734680.0,87168
2023-05-09 21:06:33,p2308,p2308,7302.0,2.0,146040.0,1.0,17,7300.0,7304.0,1,7258.0,7296.0,7314.0,7294.0,286.0,20880720.0,87169
2023-05-09 21:06:33,p2308,p2308,7300.0,1.0,73000.0,1.0,24,7300.0,7304.0,3,7258.0,7296.0,7314.0,7294.0,287.0,20953720.0,87170
2023-05-09 21:06:34,p2308,p2308,7300.0,1.0,73000.0,1.0,23,7300.0,7304.0,3,7258.0,7296.0,7314.0,7294.0,288.0,21026720.0,87171
2023-05-09 21:06:34,p2308,p2308,7300.0,2.0,146000.0,2.0,21,7300.0,7304.0,3,7258.0,7296.0,7314.0,7294.0,290.0,21172720.0,87173
2023-05-09 21:06:34,p2308,p2308,7300.0,1.0,73000.0,1.0,20,7300.0,7304.0,3,7258.0,7296.0,7314.0,7294.0,291.0,21245720.0,87174
2023-05-09 21:06:35,p2308,p2308,7300.0,1.0,73000.0,1.0,5,7300.0,7304.0,3,7258.0,7296.0,7314.0,7294.0,292.0,21318720.0,87175
2023-05-09 21:06:36,p2308,p2308,7300.0,1.0,73000.0,0.0,58,7298.0,7304.0,3,7258.0,7296.0,7314.0,7294.0,293.0,21391720.0,87175
2023-05-09 21:06:36,p2308,p2308,7300.0,0.0,0.0,0.0,5,7300.0,7302.0,1,7258.0,7296.0,7314.0,7294.0,293.0,21391720.0,87175
2023-05-09 21:06:37,p2308,p2308,7300.0,1.0,73000.0,1.0,53,7298.0,7302.0,1,7258.0,7296.0,7314.0,7294.0,294.0,21464720.0,87176
2023-05-09 21:06:37,p2308,p2308,7300.0,0.0,0.0,0.0,48,7298.0,7302.0,1,7258.0,7296.0,7314.0,7294.0,294.0,21464720.0,87176
2023-05-09 21:06:39,p2308,p2308,7300.0,0.0,0.0,0.0,43,7298.0,7302.0,1,7258.0,7296.0,7314.0,7294.0,294.0,21464720.0,87176
2023-05-09 21:06:40,p2308,p2308,7300.0,0.0,0.0,0.0,33,7298.0,7302.0,1,7258.0,7296.0,7314.0,7294.0,294.0,21464720.0,87176
2023-05-09 21:06:40,p2308,p2308,7300.0,0.0,0.0,0.0,23,7298.0,7302.0,1,7258.0,7296.0,7314.0,7294.0,294.0,21464720.0,87176
2023-05-09 21:06:41,p2308,p2308,7300.0,0.0,0.0,0.0,38,7298.0,7302.0,1,7258.0,7296.0,7314.0,7294.0,294.0,21464720.0,87176
2023-05-09 21:06:43,p2308,p2308,7300.0,0.0,0.0,0.0,15,7298.0,7300.0,1,7258.0,7296.0,7314.0,7294.0,294.0,21464720.0,87176
2023-05-09 21:06:44,p2308,p2308,7300.0,0.0,0.0,0.0,53,7296.0,7300.0,1,7258.0,7296.0,7314.0,7294.0,294.0,21464720.0,87176
2023-05-09 21:06:44,p2308,p2308,7300.0,0.0,0.0,0.0,48,7296.0,7300.0,1,7258.0,7296.0,7314.0,7294.0,294.0,21464720.0,87176
2023-05-09 21:06:45,p2308,p2308,7300.0,0.0,0.0,0.0,45,7296.0,7300.0,1,7258.0,7296.0,7314.0,7294.0,294.0,21464720.0,87176
2023-05-09 21:06:45,p2308,p2308,7300.0,0.0,0.0,0.0,56,7296.0,7300.0,1,7258.0,7296.0,7314.0,7294.0,294.0,21464720.0,87176
2023-05-09 21:06:46,p2308,p2308,7300.0,0.0,0.0,0.0,53,7296.0,7300.0,1,7258.0,7296.0,7314.0,7294.0,294.0,21464720.0,87176
2023-05-09 21:06:46,p2308,p2308,7300.0,0.0,0.0,0.0,55,7296.0,7300.0,1,7258.0,7296.0,7314.0,7294.0,294.0,21464720.0,87176
2023-05-09 21:06:49,p2308,p2308,7300.0,0.0,0.0,0.0,53,7296.0,7300.0,1,7258.0,7296.0,7314.0,7294.0,294.0,21464720.0,87176
2023-05-09 21:06:49,p2308,p2308,7300.0,0.0,0.0,0.0,63,7296.0,7300.0,1,7258.0,7296.0,7314.0,7294.0,294.0,21464720.0,87176
2023-05-09 21:06:53,p2308,p2308,7300.0,0.0,0.0,0.0,53,7296.0,7300.0,1,7258.0,7296.0,7314.0,7294.0,294.0,21464720.0,87176
2023-05-09 21:06:53,p2308,p2308,7296.0,1.0,72960.0,0.0,57,7296.0,7300.0,1,7258.0,7296.0,7314.0,7294.0,295.0,21537680.0,87176
2023-05-09 21:06:54,p2308,p2308,7296.0,0.0,0.0,0.0,52,7296.0,7300.0,1,7258.0,7296.0,7314.0,7294.0,295.0,21537680.0,87176
2023-05-09 21:06:57,p2308,p2308,7296.0,0.0,0.0,0.0,39,7296.0,7300.0,4,7258.0,7296.0,7314.0,7294.0,295.0,21537680.0,87176
2023-05-09 21:06:57,p2308,p2308,7296.0,0.0,0.0,0.0,19,7296.0,7300.0,4,7258.0,7296.0,7314.0,7294.0,295.0,21537680.0,87176
2023-05-09 21:06:58,p2308,p2308,7296.0,0.0,0.0,0.0,5,7296.0,7300.0,4,7258.0,7296.0,7314.0,7294.0,295.0,21537680.0,87176
2023-05-09 21:07:04,p2308,p2308,7296.0,0.0,0.0,0.0,8,7296.0,7300.0,1,7258.0,7296.0,7314.0,7294.0,295.0,21537680.0,87176
2023-05-09 21:07:04,p2308,p2308,7296.0,0.0,0.0,0.0,27,7296.0,7300.0,2,7258.0,7296.0,7314.0,7294.0,295.0,21537680.0,87176
2023-05-09 21:07:05,p2308,p2308,7296.0,0.0,0.0,0.0,20,7296.0,7300.0,2,7258.0,7296.0,7314.0,7294.0,295.0,21537680.0,87176
2023-05-09 21:07:05,p2308,p2308,7296.0,0.0,0.0,0.0,25,7296.0,7300.0,2,7258.0,7296.0,7314.0,7294.0,295.0,21537680.0,87176
2023-05-09 21:07:05,p2308,p2308,7296.0,0.0,0.0,0.0,28,7296.0,7300.0,2,7258.0,7296.0,7314.0,7294.0,295.0,21537680.0,87176
2023-05-09 21:07:07,p2308,p2308,7300.0,2.0,146000.0,1.0,39,7296.0,7302.0,25,7258.0,7296.0,7314.0,7294.0,297.0,21683680.0,87177
2023-05-09 21:07:07,p2308,p2308,7300.0,0.0,0.0,0.0,5,7298.0,7302.0,5,7258.0,7296.0,7314.0,7294.0,297.0,21683680.0,87177
2023-05-09 21:07:08,p2308,p2308,7300.0,0.0,0.0,0.0,5,7298.0,7304.0,58,7258.0,7296.0,7314.0,7294.0,297.0,21683680.0,87177
2023-05-09 21:07:10,p2308,p2308,7300.0,0.0,0.0,0.0,2,7298.0,7302.0,15,7258.0,7296.0,7314.0,7294.0,297.0,21683680.0,87177
2023-05-09 21:07:10,p2308,p2308,7300.0,0.0,0.0,0.0,67,7296.0,7302.0,25,7258.0,7296.0,7314.0,7294.0,297.0,21683680.0,87177
2023-05-09 21:07:11,p2308,p2308,7300.0,0.0,0.0,0.0,39,7296.0,7300.0,10,7258.0,7296.0,7314.0,7294.0,297.0,21683680.0,87177
2023-05-09 21:07:11,p2308,p2308,7300.0,0.0,0.0,0.0,5,7296.0,7300.0,15,7258.0,7296.0,7314.0,7294.0,297.0,21683680.0,87177
2023-05-09 21:07:11,p2308,p2308,7300.0,0.0,0.0,0.0,5,7296.0,7300.0,10,7258.0,7296.0,7314.0,7294.0,297.0,21683680.0,87177
2023-05-09 21:07:14,p2308,p2308,7300.0,0.0,0.0,0.0,5,7296.0,7300.0,2,7258.0,7296.0,7314.0,7294.0,297.0,21683680.0,87177
2023-05-09 21:07:14,p2308,p2308,7300.0,0.0,0.0,0.0,53,7294.0,7300.0,8,7258.0,7296.0,7314.0,7294.0,297.0,21683680.0,87177
2023-05-09 21:07:15,p2308,p2308,7300.0,0.0,0.0,0.0,2,7296.0,7300.0,15,7258.0,7296.0,7314.0,7294.0,297.0,21683680.0,87177
2023-05-09 21:07:15,p2308,p2308,7300.0,0.0,0.0,0.0,2,7296.0,7300.0,23,7258.0,7296.0,7314.0,7294.0,297.0,21683680.0,87177
2023-05-09 21:07:16,p2308,p2308,7296.0,1.0,72960.0,-1.0,1,7296.0,7300.0,23,7258.0,7296.0,7314.0,7294.0,298.0,21756640.0,87176
2023-05-09 21:07:16,p2308,p2308,7296.0,1.0,72960.0,0.0,23,7294.0,7300.0,23,7258.0,7296.0,7314.0,7294.0,299.0,21829600.0,87176
2023-05-09 21:07:17,p2308,p2308,7298.0,2.0,145960.0,0.0,18,7294.0,7300.0,21,7258.0,7296.0,7314.0,7294.0,301.0,21975560.0,87176
2023-05-09 21:07:17,p2308,p2308,7298.0,0.0,0.0,0.0,60,7292.0,7300.0,31,7258.0,7296.0,7314.0,7294.0,301.0,21975560.0,87176
2023-05-09 21:07:18,p2308,p2308,7298.0,0.0,0.0,0.0,12,7294.0,7298.0,2,7258.0,7296.0,7314.0,7294.0,301.0,21975560.0,87176
2023-05-09 21:07:18,p2308,p2308,7298.0,0.0,0.0,0.0,32,7294.0,7298.0,2,7258.0,7296.0,7314.0,7294.0,301.0,21975560.0,87176
2023-05-09 21:07:19,p2308,p2308,7298.0,0.0,0.0,0.0,17,7294.0,7298.0,2,7258.0,7296.0,7314.0,7294.0,301.0,21975560.0,87176
2023-05-09 21:07:20,p2308,p2308,7298.0,0.0,0.0,0.0,6,7294.0,7298.0,2,7258.0,7296.0,7314.0,7294.0,301.0,21975560.0,87176
2023-05-09 21:07:23,p2308,p2308,7298.0,0.0,0.0,0.0,4,7294.0,7298.0,2,7258.0,7296.0,7314.0,7294.0,301.0,21975560.0,87176
2023-05-09 21:07:24,p2308,p2308,7298.0,0.0,0.0,0.0,9,7294.0,7298.0,2,7258.0,7296.0,7314.0,7294.0,301.0,21975560.0,87176
2023-05-09 21:07:24,p2308,p2308,7298.0,0.0,0.0,0.0,4,7294.0,7298.0,2,7258.0,7296.0,7314.0,7294.0,301.0,21975560.0,87176
2023-05-09 21:07:26,p2308,p2308,7298.0,0.0,0.0,0.0,7,7294.0,7298.0,2,7258.0,7296.0,7314.0,7294.0,301.0,21975560.0,87176
2023-05-09 21:07:30,p2308,p2308,7298.0,0.0,0.0,0.0,4,7294.0,7298.0,2,7258.0,7296.0,7314.0,7294.0,301.0,21975560.0,87176
2023-05-09 21:07:31,p2308,p2308,7298.0,0.0,0.0,0.0,53,7292.0,7298.0,12,7258.0,7296.0,7314.0,7294.0,301.0,21975560.0,87176
2023-05-09 21:07:31,p2308,p2308,7298.0,0.0,0.0,0.0,63,7292.0,7296.0,2,7258.0,7296.0,7314.0,7294.0,301.0,21975560.0,87176
2023-05-09 21:07:32,p2308,p2308,7298.0,0.0,0.0,0.0,58,7292.0,7296.0,2,7258.0,7296.0,7314.0,7294.0,301.0,21975560.0,87176
2023-05-09 21:07:36,p2308,p2308,7298.0,0.0,0.0,0.0,60,7292.0,7298.0,35,7258.0,7296.0,7314.0,7294.0,301.0,21975560.0,87176
2023-05-09 21:07:37,p2308,p2308,7298.0,0.0,0.0,0.0,97,7292.0,7298.0,5,7258.0,7296.0,7314.0,7294.0,301.0,21975560.0,87176
2023-05-09 21:07:37,p2308,p2308,7298.0,0.0,0.0,0.0,10,7294.0,7298.0,5,7258.0,7296.0,7314.0,7294.0,301.0,21975560.0,87176
2023-05-09 21:07:38,p2308,p2308,7298.0,0.0,0.0,0.0,2,7294.0,7298.0,5,7258.0,7296.0,7314.0,7294.0,301.0,21975560.0,87176
2023-05-09 21:07:38,p2308,p2308,7298.0,0.0,0.0,0.0,5,7294.0,7298.0,5,7258.0,7296.0,7314.0,7294.0,301.0,21975560.0,87176
2023-05-09 21:07:41,p2308,p2308,7298.0,0.0,0.0,0.0,2,7294.0,7298.0,5,7258.0,7296.0,7314.0,7294.0,301.0,21975560.0,87176
2023-05-09 21:07:43,p2308,p2308,7298.0,0.0,0.0,0.0,5,7294.0,7298.0,5,7258.0,7296.0,7314.0,7294.0,301.0,21975560.0,87176
2023-05-09 21:07:47,p2308,p2308,7298.0,0.0,0.0,0.0,2,7294.0,7298.0,5,7258.0,7296.0,7314.0,7294.0,301.0,21975560.0,87176
2023-05-09 21:07:53,p2308,p2308,7298.0,8.0,583840.0,-2.0,11,7296.0,7298.0,2,7258.0,7296.0,7314.0,7294.0,309.0,22559400.0,87174
2023-05-09 21:07:53,p2308,p2308,7296.0,3.0,218920.0,0.0,26,7296.0,7300.0,15,7258.0,7296.0,7314.0,7294.0,312.0,22778320.0,87174
2023-05-09 21:07:54,p2308,p2308,7296.0,0.0,0.0,0.0,32,7296.0,7300.0,1,7258.0,7296.0,7314.0,7294.0,312.0,22778320.0,87174
2023-05-09 21:07:55,p2308,p2308,7296.0,0.0,0.0,0.0,47,7296.0,7300.0,1,7258.0,7296.0,7314.0,7294.0,312.0,22778320.0,87174
2023-05-09 21:07:55,p2308,p2308,7296.0,0.0,0.0,0.0,53,7296.0,7300.0,1,7258.0,7296.0,7314.0,7294.0,312.0,22778320.0,87174
2023-05-09 21:07:56,p2308,p2308,7296.0,0.0,0.0,0.0,58,7296.0,7300.0,1,7258.0,7296.0,7314.0,7294.0,312.0,22778320.0,87174
2023-05-09 21:07:58,p2308,p2308,7296.0,0.0,0.0,0.0,73,7296.0,7300.0,1,7258.0,7296.0,7314.0,7294.0,312.0,22778320.0,87174
2023-05-09 21:07:58,p2308,p2308,7296.0,0.0,0.0,0.0,68,7296.0,7300.0,1,7258.0,7296.0,7314.0,7294.0,312.0,22778320.0,87174
2023-05-09 21:07:59,p2308,p2308,7296.0,0.0,0.0,0.0,53,7296.0,7300.0,12,7258.0,7296.0,7314.0,7294.0,312.0,22778320.0,87174
2023-05-09 21:07:59,p2308,p2308,7296.0,1.0,72960.0,0.0,57,7296.0,7300.0,1,7258.0,7296.0,7314.0,7294.0,313.0,22851280.0,87174
2023-05-09 21:08:07,p2308,p2308,7296.0,1.0,72960.0,0.0,46,7296.0,7300.0,2,7258.0,7296.0,7314.0,7294.0,314.0,22924240.0,87174
2023-05-09 21:08:08,p2308,p2308,7296.0,0.0,0.0,0.0,56,7296.0,7300.0,1,7258.0,7296.0,7314.0,7294.0,314.0,22924240.0,87174
2023-05-09 21:08:09,p2308,p2308,7296.0,0.0,0.0,0.0,57,7296.0,7300.0,1,7258.0,7296.0,7314.0,7294.0,314.0,22924240.0,87174
2023-05-09 21:08:10,p2308,p2308,7296.0,1.0,72960.0,0.0,31,7296.0,7302.0,47,7258.0,7296.0,7314.0,7294.0,315.0,22997200.0,87174
2023-05-09 21:08:10,p2308,p2308,7296.0,0.0,0.0,0.0,36,7296.0,7300.0,5,7258.0,7296.0,7314.0,7294.0,315.0,22997200.0,87174
2023-05-09 21:08:11,p2308,p2308,7296.0,1.0,72960.0,0.0,35,7296.0,7300.0,5,7258.0,7296.0,7314.0,7294.0,316.0,23070160.0,87174
2023-05-09 21:08:11,p2308,p2308,7296.0,4.0,291860.0,1.0,42,7294.0,7296.0,1,7258.0,7296.0,7314.0,7294.0,320.0,23362020.0,87175
2023-05-09 21:08:12,p2308,p2308,7296.0,0.0,0.0,0.0,27,7294.0,7296.0,1,7258.0,7296.0,7314.0,7294.0,320.0,23362020.0,87175
2023-05-09 21:08:12,p2308,p2308,7294.0,1.0,72940.0,0.0,21,7294.0,7296.0,1,7258.0,7296.0,7314.0,7294.0,321.0,23434960.0,87175
2023-05-09 21:08:13,p2308,p2308,7294.0,1.0,72940.0,0.0,20,7294.0,7296.0,1,7258.0,7296.0,7314.0,7294.0,322.0,23507900.0,87175
2023-05-09 21:08:13,p2308,p2308,7294.0,1.0,72940.0,0.0,19,7294.0,7296.0,1,7258.0,7296.0,7314.0,7294.0,323.0,23580840.0,87175
2023-05-09 21:08:14,p2308,p2308,7294.0,0.0,0.0,0.0,19,7294.0,7300.0,60,7258.0,7296.0,7314.0,7294.0,323.0,23580840.0,87175
2023-05-09 21:08:15,p2308,p2308,7294.0,0.0,0.0,0.0,4,7294.0,7298.0,2,7258.0,7296.0,7314.0,7294.0,323.0,23580840.0,87175
2023-05-09 21:08:17,p2308,p2308,7294.0,0.0,0.0,0.0,4,7294.0,7296.0,1,7258.0,7296.0,7314.0,7294.0,323.0,23580840.0,87175
2023-05-09 21:08:17,p2308,p2308,7294.0,0.0,0.0,0.0,4,7294.0,7298.0,16,7258.0,7296.0,7314.0,7294.0,323.0,23580840.0,87175
2023-05-09 21:08:18,p2308,p2308,7294.0,0.0,0.0,0.0,4,7294.0,7300.0,60,7258.0,7296.0,7314.0,7294.0,323.0,23580840.0,87175
2023-05-09 21:08:18,p2308,p2308,7294.0,0.0,0.0,0.0,4,7294.0,7298.0,1,7258.0,7296.0,7314.0,7294.0,323.0,23580840.0,87175
2023-05-09 21:08:19,p2308,p2308,7294.0,0.0,0.0,0.0,9,7294.0,7298.0,1,7258.0,7296.0,7314.0,7294.0,323.0,23580840.0,87175
2023-05-09 21:08:22,p2308,p2308,7294.0,0.0,0.0,0.0,10,7294.0,7298.0,1,7258.0,7296.0,7314.0,7294.0,323.0,23580840.0,87175
2023-05-09 21:08:22,p2308,p2308,7294.0,0.0,0.0,0.0,25,7294.0,7298.0,1,7258.0,7296.0,7314.0,7294.0,323.0,23580840.0,87175
2023-05-09 21:08:23,p2308,p2308,7296.0,5.0,364800.0,0.0,25,7294.0,7300.0,41,7258.0,7296.0,7314.0,7294.0,328.0,23945640.0,87175
2023-05-09 21:08:23,p2308,p2308,7296.0,0.0,0.0,0.0,16,7294.0,7298.0,2,7258.0,7296.0,7314.0,7294.0,328.0,23945640.0,87175
2023-05-09 21:08:24,p2308,p2308,7296.0,0.0,0.0,0.0,6,7294.0,7298.0,2,7258.0,7296.0,7314.0,7294.0,328.0,23945640.0,87175
2023-05-09 21:08:24,p2308,p2308,7296.0,0.0,0.0,0.0,11,7294.0,7298.0,1,7258.0,7296.0,7314.0,7294.0,328.0,23945640.0,87175
2023-05-09 21:08:25,p2308,p2308,7296.0,0.0,0.0,0.0,11,7294.0,7298.0,2,7258.0,7296.0,7314.0,7294.0,328.0,23945640.0,87175
2023-05-09 21:08:27,p2308,p2308,7296.0,0.0,0.0,0.0,11,7294.0,7298.0,1,7258.0,7296.0,7314.0,7294.0,328.0,23945640.0,87175
2023-05-09 21:08:28,p2308,p2308,7296.0,0.0,0.0,0.0,11,7294.0,7298.0,2,7258.0,7296.0,7314.0,7294.0,328.0,23945640.0,87175
2023-05-09 21:08:36,p2308,p2308,7296.0,0.0,0.0,0.0,11,7294.0,7298.0,1,7258.0,7296.0,7314.0,7294.0,328.0,23945640.0,87175
2023-05-09 21:08:36,p2308,p2308,7296.0,0.0,0.0,0.0,16,7294.0,7298.0,1,7258.0,7296.0,7314.0,7294.0,328.0,23945640.0,87175
2023-05-09 21:08:36,p2308,p2308,7296.0,0.0,0.0,0.0,26,7294.0,7298.0,1,7258.0,7296.0,7314.0,7294.0,328.0,23945640.0,87175
2023-05-09 21:08:37,p2308,p2308,7296.0,0.0,0.0,0.0,26,7294.0,7298.0,2,7258.0,7296.0,7314.0,7294.0,328.0,23945640.0,87175
2023-05-09 21:08:40,p2308,p2308,7296.0,0.0,0.0,0.0,26,7294.0,7298.0,1,7258.0,7296.0,7314.0,7294.0,328.0,23945640.0,87175
2023-05-09 21:08:42,p2308,p2308,7296.0,0.0,0.0,0.0,26,7294.0,7298.0,2,7258.0,7296.0,7314.0,7294.0,328.0,23945640.0,87175
2023-05-09 21:08:46,p2308,p2308,7296.0,0.0,0.0,0.0,25,7294.0,7298.0,2,7258.0,7296.0,7314.0,7294.0,328.0,23945640.0,87175
2023-05-09 21:08:50,p2308,p2308,7296.0,0.0,0.0,0.0,20,7294.0,7298.0,2,7258.0,7296.0,7314.0,7294.0,328.0,23945640.0,87175
2023-05-09 21:08:50,p2308,p2308,7296.0,0.0,0.0,0.0,26,7294.0,7298.0,2,7258.0,7296.0,7314.0,7294.0,328.0,23945640.0,87175
2023-05-09 21:08:52,p2308,p2308,7296.0,0.0,0.0,0.0,20,7294.0,7298.0,2,7258.0,7296.0,7314.0,7294.0,328.0,23945640.0,87175
2023-05-09 21:08:54,p2308,p2308,7296.0,0.0,0.0,0.0,25,7294.0,7298.0,2,7258.0,7296.0,7314.0,7294.0,328.0,23945640.0,87175
2023-05-09 21:08:56,p2308,p2308,7296.0,0.0,0.0,0.0,5,7296.0,7298.0,2,7258.0,7296.0,7314.0,7294.0,328.0,23945640.0,87175
2023-05-09 21:08:56,p2308,p2308,7296.0,0.0,0.0,0.0,56,7294.0,7298.0,2,7258.0,7296.0,7314.0,7294.0,328.0,23945640.0,87175
2023-05-09 21:08:57,p2308,p2308,7296.0,0.0,0.0,0.0,51,7294.0,7298.0,2,7258.0,7296.0,7314.0,7294.0,328.0,23945640.0,87175
2023-05-09 21:08:57,p2308,p2308,7296.0,0.0,0.0,0.0,36,7294.0,7298.0,2,7258.0,7296.0,7314.0,7294.0,328.0,23945640.0,87175
2023-05-09 21:08:58,p2308,p2308,7296.0,0.0,0.0,0.0,21,7294.0,7298.0,2,7258.0,7296.0,7314.0,7294.0,328.0,23945640.0,87175
2023-05-09 21:08:58,p2308,p2308,7296.0,0.0,0.0,0.0,20,7294.0,7298.0,2,7258.0,7296.0,7314.0,7294.0,328.0,23945640.0,87175
2023-05-09 21:08:58,p2308,p2308,7296.0,0.0,0.0,0.0,25,7294.0,7298.0,2,7258.0,7296.0,7314.0,7294.0,328.0,23945640.0,87175
2023-05-09 21:09:01,p2308,p2308,7296.0,0.0,0.0,0.0,15,7294.0,7296.0,2,7258.0,7296.0,7314.0,7294.0,328.0,23945640.0,87175
2023-05-09 21:09:01,p2308,p2308,7294.0,1.0,72940.0,0.0,46,7292.0,7296.0,2,7258.0,7296.0,7314.0,7294.0,329.0,24018580.0,87175
2023-05-09 21:09:04,p2308,p2308,7294.0,0.0,0.0,0.0,46,7292.0,7296.0,1,7258.0,7296.0,7314.0,7294.0,329.0,24018580.0,87175
2023-05-09 21:09:06,p2308,p2308,7294.0,0.0,0.0,0.0,41,7292.0,7296.0,2,7258.0,7296.0,7314.0,7294.0,329.0,24018580.0,87175
2023-05-09 21:09:06,p2308,p2308,7294.0,0.0,0.0,0.0,31,7292.0,7296.0,1,7258.0,7296.0,7314.0,7294.0,329.0,24018580.0,87175
2023-05-09 21:09:07,p2308,p2308,7294.0,0.0,0.0,0.0,21,7292.0,7296.0,1,7258.0,7296.0,7314.0,7294.0,329.0,24018580.0,87175
2023-05-09 21:09:07,p2308,p2308,7294.0,0.0,0.0,0.0,16,7292.0,7296.0,6,7258.0,7296.0,7314.0,7294.0,329.0,24018580.0,87175
2023-05-09 21:09:08,p2308,p2308,7294.0,0.0,0.0,0.0,16,7292.0,7296.0,1,7258.0,7296.0,7314.0,7294.0,329.0,24018580.0,87175
2023-05-09 21:09:08,p2308,p2308,7294.0,0.0,0.0,0.0,11,7292.0,7296.0,1,7258.0,7296.0,7314.0,7294.0,329.0,24018580.0,87175
2023-05-09 21:09:10,p2308,p2308,7294.0,0.0,0.0,0.0,17,7292.0,7296.0,1,7258.0,7296.0,7314.0,7294.0,329.0,24018580.0,87175
2023-05-09 21:09:10,p2308,p2308,7294.0,0.0,0.0,0.0,22,7292.0,7296.0,1,7258.0,7296.0,7314.0,7294.0,329.0,24018580.0,87175
2023-05-09 21:09:12,p2308,p2308,7294.0,0.0,0.0,0.0,23,7292.0,7296.0,1,7258.0,7296.0,7314.0,7294.0,329.0,24018580.0,87175
2023-05-09 21:09:14,p2308,p2308,7296.0,1.0,72960.0,0.0,20,7292.0,7298.0,36,7258.0,7296.0,7314.0,7294.0,330.0,24091540.0,87175
2023-05-09 21:09:14,p2308,p2308,7296.0,2.0,145920.0,0.0,37,7292.0,7296.0,2,7258.0,7296.0,7314.0,7294.0,332.0,24237460.0,87175
2023-05-09 21:09:15,p2308,p2308,7296.0,2.0,145920.0,-1.0,7,7294.0,7298.0,51,7258.0,7296.0,7314.0,7294.0,334.0,24383380.0,87174
2023-05-09 21:09:15,p2308,p2308,7296.0,0.0,0.0,0.0,7,7294.0,7298.0,46,7258.0,7296.0,7314.0,7294.0,334.0,24383380.0,87174
2023-05-09 21:09:23,p2308,p2308,7296.0,0.0,0.0,0.0,2,7294.0,7298.0,41,7258.0,7296.0,7314.0,7294.0,334.0,24383380.0,87174
2023-05-09 21:09:23,p2308,p2308,7296.0,0.0,0.0,0.0,7,7296.0,7300.0,50,7258.0,7296.0,7314.0,7294.0,334.0,24383380.0,87174
2023-05-09 21:09:24,p2308,p2308,7296.0,0.0,0.0,0.0,7,7296.0,7300.0,51,7258.0,7296.0,7314.0,7294.0,334.0,24383380.0,87174
2023-05-09 21:09:25,p2308,p2308,7296.0,0.0,0.0,0.0,7,7296.0,7300.0,53,7258.0,7296.0,7314.0,7294.0,334.0,24383380.0,87174
2023-05-09 21:09:26,p2308,p2308,7296.0,1.0,72980.0,0.0,7,7296.0,7300.0,52,7258.0,7296.0,7314.0,7294.0,335.0,24456360.0,87174
2023-05-09 21:09:28,p2308,p2308,7296.0,0.0,0.0,0.0,7,7296.0,7300.0,47,7258.0,7296.0,7314.0,7294.0,335.0,24456360.0,87174
2023-05-09 21:09:29,p2308,p2308,7296.0,2.0,145920.0,0.0,37,7294.0,7298.0,5,7258.0,7296.0,7314.0,7294.0,337.0,24602280.0,87174
2023-05-09 21:09:30,p2308,p2308,7296.0,0.0,0.0,0.0,37,7294.0,7298.0,6,7258.0,7296.0,7314.0,7294.0,337.0,24602280.0,87174
2023-05-09 21:09:34,p2308,p2308,7296.0,0.0,0.0,0.0,27,7294.0,7298.0,5,7258.0,7296.0,7314.0,7294.0,337.0,24602280.0,87174
2023-05-09 21:09:34,p2308,p2308,7296.0,0.0,0.0,0.0,27,7294.0,7298.0,3,7258.0,7296.0,7314.0,7294.0,337.0,24602280.0,87174
2023-05-09 21:09:35,p2308,p2308,7296.0,0.0,0.0,0.0,22,7294.0,7298.0,2,7258.0,7296.0,7314.0,7294.0,337.0,24602280.0,87174
2023-05-09 21:09:35,p2308,p2308,7296.0,0.0,0.0,0.0,27,7294.0,7298.0,2,7258.0,7296.0,7314.0,7294.0,337.0,24602280.0,87174
2023-05-09 21:09:36,p2308,p2308,7296.0,0.0,0.0,0.0,42,7294.0,7298.0,3,7258.0,7296.0,7314.0,7294.0,337.0,24602280.0,87174
2023-05-09 21:09:37,p2308,p2308,7296.0,0.0,0.0,0.0,52,7294.0,7298.0,8,7258.0,7296.0,7314.0,7294.0,337.0,24602280.0,87174
2023-05-09 21:09:38,p2308,p2308,7296.0,0.0,0.0,0.0,47,7294.0,7298.0,8,7258.0,7296.0,7314.0,7294.0,337.0,24602280.0,87174
2023-05-09 21:09:38,p2308,p2308,7296.0,0.0,0.0,0.0,52,7294.0,7298.0,2,7258.0,7296.0,7314.0,7294.0,337.0,24602280.0,87174
2023-05-09 21:09:39,p2308,p2308,7296.0,0.0,0.0,0.0,57,7294.0,7298.0,2,7258.0,7296.0,7314.0,7294.0,337.0,24602280.0,87174
2023-05-09 21:09:41,p2308,p2308,7296.0,0.0,0.0,0.0,52,7294.0,7298.0,2,7258.0,7296.0,7314.0,7294.0,337.0,24602280.0,87174
2023-05-09 21:09:47,p2308,p2308,7296.0,0.0,0.0,0.0,52,7294.0,7298.0,3,7258.0,7296.0,7314.0,7294.0,337.0,24602280.0,87174
2023-05-09 21:09:55,p2308,p2308,7296.0,0.0,0.0,0.0,57,7294.0,7298.0,4,7258.0,7296.0,7314.0,7294.0,337.0,24602280.0,87174
2023-05-09 21:09:56,p2308,p2308,7296.0,0.0,0.0,0.0,52,7294.0,7298.0,3,7258.0,7296.0,7314.0,7294.0,337.0,24602280.0,87174
2023-05-09 21:09:56,p2308,p2308,7296.0,0.0,0.0,0.0,57,7294.0,7298.0,4,7258.0,7296.0,7314.0,7294.0,337.0,24602280.0,87174
2023-05-09 21:09:57,p2308,p2308,7294.0,3.0,218820.0,0.0,18,7294.0,7298.0,9,7258.0,7296.0,7314.0,7294.0,340.0,24821100.0,87174
2023-05-09 21:09:57,p2308,p2308,7294.0,1.0,72940.0,0.0,14,7294.0,7296.0,1,7258.0,7296.0,7314.0,7294.0,341.0,24894040.0,87174
2023-05-09 21:09:58,p2308,p2308,7294.0,1.0,72940.0,0.0,62,7292.0,7296.0,1,7258.0,7296.0,7314.0,7294.0,342.0,24966980.0,87174
2023-05-09 21:09:58,p2308,p2308,7294.0,0.0,0.0,0.0,57,7292.0,7296.0,1,7258.0,7296.0,7314.0,7294.0,342.0,24966980.0,87174
2023-05-09 21:09:59,p2308,p2308,7294.0,0.0,0.0,0.0,61,7292.0,7296.0,1,7258.0,7296.0,7314.0,7294.0,342.0,24966980.0,87174
2023-05-09 21:10:00,p2308,p2308,7294.0,0.0,0.0,0.0,57,7292.0,7296.0,1,7258.0,7296.0,7314.0,7294.0,342.0,24966980.0,87174
2023-05-09 21:10:01,p2308,p2308,7296.0,1.0,72960.0,0.0,5,7294.0,7298.0,16,7258.0,7296.0,7314.0,7294.0,343.0,25039940.0,87174
2023-05-09 21:10:01,p2308,p2308,7296.0,0.0,0.0,0.0,7,7294.0,7298.0,1,7258.0,7296.0,7314.0,7294.0,343.0,25039940.0,87174
2023-05-09 21:10:02,p2308,p2308,7296.0,0.0,0.0,0.0,11,7294.0,7298.0,1,7258.0,7296.0,7314.0,7294.0,343.0,25039940.0,87174
2023-05-09 21:10:03,p2308,p2308,7298.0,1.0,72980.0,0.0,23,7294.0,7300.0,58,7258.0,7296.0,7314.0,7294.0,344.0,25112920.0,87174
2023-05-09 21:10:03,p2308,p2308,7298.0,0.0,0.0,0.0,2,7296.0,7300.0,26,7258.0,7296.0,7314.0,7294.0,344.0,25112920.0,87174
2023-05-09 21:10:04,p2308,p2308,7298.0,0.0,0.0,0.0,6,7296.0,7300.0,18,7258.0,7296.0,7314.0,7294.0,344.0,25112920.0,87174
2023-05-09 21:10:05,p2308,p2308,7300.0,10.0,730000.0,1.0,4,7296.0,7300.0,2,7258.0,7296.0,7314.0,7294.0,354.0,25842920.0,87175
2023-05-09 21:10:05,p2308,p2308,7300.0,0.0,0.0,0.0,2,7298.0,7302.0,63,7258.0,7296.0,7314.0,7294.0,354.0,25842920.0,87175
2023-05-09 21:10:06,p2308,p2308,7300.0,0.0,0.0,0.0,2,7298.0,7302.0,56,7258.0,7296.0,7314.0,7294.0,354.0,25842920.0,87175
2023-05-09 21:10:07,p2308,p2308,7300.0,0.0,0.0,0.0,11,7298.0,7302.0,26,7258.0,7296.0,7314.0,7294.0,354.0,25842920.0,87175
2023-05-09 21:10:07,p2308,p2308,7300.0,0.0,0.0,0.0,10,7298.0,7302.0,11,7258.0,7296.0,7314.0,7294.0,354.0,25842920.0,87175
2023-05-09 21:10:08,p2308,p2308,7300.0,0.0,0.0,0.0,6,7298.0,7302.0,1,7258.0,7296.0,7314.0,7294.0,354.0,25842920.0,87175
2023-05-09 21:10:09,p2308,p2308,7300.0,0.0,0.0,0.0,16,7298.0,7302.0,1,7258.0,7296.0,7314.0,7294.0,354.0,25842920.0,87175
2023-05-09 21:10:09,p2308,p2308,7300.0,0.0,0.0,0.0,26,7298.0,7302.0,1,7258.0,7296.0,7314.0,7294.0,354.0,25842920.0,87175
2023-05-09 21:10:11,p2308,p2308,7300.0,0.0,0.0,0.0,22,7298.0,7302.0,3,7258.0,7296.0,7314.0,7294.0,354.0,25842920.0,87175
2023-05-09 21:10:12,p2308,p2308,7298.0,1.0,72980.0,0.0,40,7296.0,7302.0,30,7258.0,7296.0,7314.0,7294.0,355.0,25915900.0,87175
2023-05-09 21:10:13,p2308,p2308,7296.0,3.0,218880.0,2.0,29,7296.0,7300.0,2,7258.0,7296.0,7314.0,7294.0,358.0,26134780.0,87177
2023-05-09 21:10:13,p2308,p2308,7296.0,0.0,0.0,0.0,25,7296.0,7300.0,2,7258.0,7296.0,7314.0,7294.0,358.0,26134780.0,87177
2023-05-09 21:10:15,p2308,p2308,7296.0,0.0,0.0,0.0,25,7296.0,7300.0,4,7258.0,7296.0,7314.0,7294.0,358.0,26134780.0,87177
2023-05-09 21:10:16,p2308,p2308,7296.0,0.0,0.0,0.0,20,7296.0,7300.0,4,7258.0,7296.0,7314.0,7294.0,358.0,26134780.0,87177
2023-05-09 21:10:17,p2308,p2308,7296.0,0.0,0.0,0.0,5,7296.0,7300.0,9,7258.0,7296.0,7314.0,7294.0,358.0,26134780.0,87177
2023-05-09 21:10:18,p2308,p2308,7296.0,0.0,0.0,0.0,5,7296.0,7300.0,14,7258.0,7296.0,7314.0,7294.0,358.0,26134780.0,87177
2023-05-09 21:10:18,p2308,p2308,7296.0,1.0,72960.0,0.0,4,7296.0,7300.0,19,7258.0,7296.0,7314.0,7294.0,359.0,26207740.0,87177
2023-05-09 21:10:19,p2308,p2308,7296.0,1.0,72960.0,-1.0,5,7296.0,7300.0,42,7258.0,7296.0,7314.0,7294.0,360.0,26280700.0,87176
2023-05-09 21:10:19,p2308,p2308,7296.0,1.0,72960.0,-1.0,29,7294.0,7300.0,52,7258.0,7296.0,7314.0,7294.0,361.0,26353660.0,87175
2023-05-09 21:10:20,p2308,p2308,7296.0,0.0,0.0,0.0,19,7294.0,7298.0,2,7258.0,7296.0,7314.0,7294.0,361.0,26353660.0,87175
2023-05-09 21:10:20,p2308,p2308,7296.0,0.0,0.0,0.0,9,7294.0,7298.0,2,7258.0,7296.0,7314.0,7294.0,361.0,26353660.0,87175
2023-05-09 21:10:21,p2308,p2308,7296.0,0.0,0.0,0.0,5,7294.0,7298.0,4,7258.0,7296.0,7314.0,7294.0,361.0,26353660.0,87175
2023-05-09 21:10:22,p2308,p2308,7296.0,0.0,0.0,0.0,83,7292.0,7298.0,2,7258.0,7296.0,7314.0,7294.0,361.0,26353660.0,87175
2023-05-09 21:10:23,p2308,p2308,7296.0,0.0,0.0,0.0,22,7294.0,7298.0,2,7258.0,7296.0,7314.0,7294.0,361.0,26353660.0,87175
2023-05-09 21:10:23,p2308,p2308,7296.0,0.0,0.0,0.0,36,7294.0,7300.0,35,7258.0,7296.0,7314.0,7294.0,361.0,26353660.0,87175
2023-05-09 21:10:24,p2308,p2308,7296.0,0.0,0.0,0.0,59,7294.0,7300.0,15,7258.0,7296.0,7314.0,7294.0,361.0,26353660.0,87175
2023-05-09 21:10:24,p2308,p2308,7296.0,0.0,0.0,0.0,79,7294.0,7300.0,5,7258.0,7296.0,7314.0,7294.0,361.0,26353660.0,87175
2023-05-09 21:10:25,p2308,p2308,7296.0,0.0,0.0,0.0,63,7294.0,7300.0,5,7258.0,7296.0,7314.0,7294.0,361.0,26353660.0,87175
2023-05-09 21:10:25,p2308,p2308,7296.0,0.0,0.0,0.0,68,7294.0,7300.0,5,7258.0,7296.0,7314.0,7294.0,361.0,26353660.0,87175
2023-05-09 21:10:26,p2308,p2308,7296.0,0.0,0.0,0.0,69,7294.0,7300.0,7,7258.0,7296.0,7314.0,7294.0,361.0,26353660.0,87175
2023-05-09 21:10:27,p2308,p2308,7296.0,0.0,0.0,0.0,7,7296.0,7300.0,5,7258.0,7296.0,7314.0,7294.0,361.0,26353660.0,87175
2023-05-09 21:10:28,p2308,p2308,7296.0,0.0,0.0,0.0,7,7296.0,7302.0,63,7258.0,7296.0,7314.0,7294.0,361.0,26353660.0,87175
2023-05-09 21:10:28,p2308,p2308,7296.0,0.0,0.0,0.0,7,7296.0,7300.0,2,7258.0,7296.0,7314.0,7294.0,361.0,26353660.0,87175
2023-05-09 21:10:31,p2308,p2308,7296.0,0.0,0.0,0.0,7,7296.0,7300.0,4,7258.0,7296.0,7314.0,7294.0,361.0,26353660.0,87175
2023-05-09 21:10:32,p2308,p2308,7296.0,0.0,0.0,0.0,7,7296.0,7300.0,2,7258.0,7296.0,7314.0,7294.0,361.0,26353660.0,87175
2023-05-09 21:10:32,p2308,p2308,7296.0,0.0,0.0,0.0,7,7296.0,7300.0,4,7258.0,7296.0,7314.0,7294.0,361.0,26353660.0,87175
2023-05-09 21:10:35,p2308,p2308,7296.0,0.0,0.0,0.0,2,7296.0,7300.0,4,7258.0,7296.0,7314.0,7294.0,361.0,26353660.0,87175
2023-05-09 21:10:35,p2308,p2308,7296.0,0.0,0.0,0.0,2,7296.0,7300.0,9,7258.0,7296.0,7314.0,7294.0,361.0,26353660.0,87175
2023-05-09 21:10:39,p2308,p2308,7296.0,0.0,0.0,0.0,2,7296.0,7300.0,19,7258.0,7296.0,7314.0,7294.0,361.0,26353660.0,87175
2023-05-09 21:10:39,p2308,p2308,7296.0,0.0,0.0,0.0,2,7296.0,7300.0,22,7258.0,7296.0,7314.0,7294.0,361.0,26353660.0,87175
2023-05-09 21:10:40,p2308,p2308,7296.0,0.0,0.0,0.0,6,7296.0,7300.0,22,7258.0,7296.0,7314.0,7294.0,361.0,26353660.0,87175
2023-05-09 21:10:40,p2308,p2308,7296.0,0.0,0.0,0.0,50,7296.0,7300.0,5,7258.0,7296.0,7314.0,7294.0,361.0,26353660.0,87175
2023-05-09 21:10:41,p2308,p2308,7296.0,0.0,0.0,0.0,67,7296.0,7300.0,5,7258.0,7296.0,7314.0,7294.0,361.0,26353660.0,87175
2023-05-09 21:10:41,p2308,p2308,7296.0,0.0,0.0,0.0,68,7296.0,7300.0,5,7258.0,7296.0,7314.0,7294.0,361.0,26353660.0,87175
2023-05-09 21:10:42,p2308,p2308,7296.0,0.0,0.0,0.0,68,7296.0,7302.0,53,7258.0,7296.0,7314.0,7294.0,361.0,26353660.0,87175
2023-05-09 21:10:43,p2308,p2308,7296.0,0.0,0.0,0.0,78,7296.0,7302.0,48,7258.0,7296.0,7314.0,7294.0,361.0,26353660.0,87175
2023-05-09 21:10:43,p2308,p2308,7296.0,0.0,0.0,0.0,83,7296.0,7302.0,48,7258.0,7296.0,7314.0,7294.0,361.0,26353660.0,87175
2023-05-09 21:10:44,p2308,p2308,7296.0,0.0,0.0,0.0,78,7296.0,7302.0,46,7258.0,7296.0,7314.0,7294.0,361.0,26353660.0,87175
2023-05-09 21:10:44,p2308,p2308,7296.0,0.0,0.0,0.0,15,7298.0,7302.0,21,7258.0,7296.0,7314.0,7294.0,361.0,26353660.0,87175
2023-05-09 21:10:45,p2308,p2308,7296.0,0.0,0.0,0.0,9,7298.0,7302.0,1,7258.0,7296.0,7314.0,7294.0,361.0,26353660.0,87175
2023-05-09 21:10:45,p2308,p2308,7296.0,0.0,0.0,0.0,12,7298.0,7302.0,8,7258.0,7296.0,7314.0,7294.0,361.0,26353660.0,87175
2023-05-09 21:10:46,p2308,p2308,7296.0,0.0,0.0,0.0,7,7298.0,7302.0,3,7258.0,7296.0,7314.0,7294.0,361.0,26353660.0,87175
2023-05-09 21:10:46,p2308,p2308,7296.0,0.0,0.0,0.0,2,7298.0,7302.0,8,7258.0,7296.0,7314.0,7294.0,361.0,26353660.0,87175
2023-05-09 21:10:47,p2308,p2308,7296.0,0.0,0.0,0.0,2,7298.0,7302.0,13,7258.0,7296.0,7314.0,7294.0,361.0,26353660.0,87175
2023-05-09 21:10:47,p2308,p2308,7296.0,0.0,0.0,0.0,2,7298.0,7302.0,23,7258.0,7296.0,7314.0,7294.0,361.0,26353660.0,87175
2023-05-09 21:10:49,p2308,p2308,7296.0,0.0,0.0,0.0,2,7298.0,7302.0,28,7258.0,7296.0,7314.0,7294.0,361.0,26353660.0,87175
2023-05-09 21:10:52,p2308,p2308,7296.0,0.0,0.0,0.0,7,7298.0,7302.0,23,7258.0,7296.0,7314.0,7294.0,361.0,26353660.0,87175
2023-05-09 21:10:54,p2308,p2308,7296.0,0.0,0.0,0.0,12,7298.0,7302.0,21,7258.0,7296.0,7314.0,7294.0,361.0,26353660.0,87175
2023-05-09 21:10:54,p2308,p2308,7296.0,0.0,0.0,0.0,21,7298.0,7302.0,16,7258.0,7296.0,7314.0,7294.0,361.0,26353660.0,87175
2023-05-09 21:10:55,p2308,p2308,7296.0,0.0,0.0,0.0,23,7298.0,7302.0,13,7258.0,7296.0,7314.0,7294.0,361.0,26353660.0,87175
2023-05-09 21:10:55,p2308,p2308,7296.0,0.0,0.0,0.0,28,7298.0,7302.0,8,7258.0,7296.0,7314.0,7294.0,361.0,26353660.0,87175
2023-05-09 21:10:56,p2308,p2308,7296.0,0.0,0.0,0.0,10,7300.0,7302.0,3,7258.0,7296.0,7314.0,7294.0,361.0,26353660.0,87175
2023-05-09 21:10:56,p2308,p2308,7302.0,3.0,219060.0,-2.0,17,7300.0,7304.0,22,7258.0,7296.0,7314.0,7294.0,364.0,26572720.0,87173
2023-05-09 21:10:57,p2308,p2308,7302.0,0.0,0.0,0.0,2,7300.0,7304.0,17,7258.0,7296.0,7314.0,7294.0,364.0,26572720.0,87173
2023-05-09 21:10:57,p2308,p2308,7302.0,0.0,0.0,0.0,6,7300.0,7304.0,15,7258.0,7296.0,7314.0,7294.0,364.0,26572720.0,87173
2023-05-09 21:10:58,p2308,p2308,7302.0,0.0,0.0,0.0,5,7302.0,7304.0,5,7258.0,7296.0,7314.0,7294.0,364.0,26572720.0,87173
2023-05-09 21:10:58,p2308,p2308,7302.0,0.0,0.0,0.0,5,7302.0,7304.0,7,7258.0,7296.0,7314.0,7294.0,364.0,26572720.0,87173
2023-05-09 21:10:59,p2308,p2308,7302.0,1.0,73020.0,-1.0,25,7300.0,7304.0,27,7258.0,7296.0,7314.0,7294.0,365.0,26645740.0,87172
2023-05-09 21:10:59,p2308,p2308,7302.0,0.0,0.0,0.0,25,7300.0,7304.0,17,7258.0,7296.0,7314.0,7294.0,365.0,26645740.0,87172
2023-05-09 21:11:00,p2308,p2308,7302.0,0.0,0.0,0.0,26,7300.0,7304.0,17,7258.0,7296.0,7314.0,7294.0,365.0,26645740.0,87172
2023-05-09 21:11:00,p2308,p2308,7302.0,0.0,0.0,0.0,21,7300.0,7304.0,12,7258.0,7296.0,7314.0,7294.0,365.0,26645740.0,87172
2023-05-09 21:11:01,p2308,p2308,7302.0,0.0,0.0,0.0,21,7300.0,7304.0,4,7258.0,7296.0,7314.0,7294.0,365.0,26645740.0,87172
2023-05-09 21:11:01,p2308,p2308,7302.0,0.0,0.0,0.0,20,7300.0,7304.0,19,7258.0,7296.0,7314.0,7294.0,365.0,26645740.0,87172
2023-05-09 21:11:02,p2308,p2308,7302.0,0.0,0.0,0.0,20,7300.0,7304.0,24,7258.0,7296.0,7314.0,7294.0,365.0,26645740.0,87172
2023-05-09 21:11:03,p2308,p2308,7302.0,0.0,0.0,0.0,24,7300.0,7304.0,22,7258.0,7296.0,7314.0,7294.0,365.0,26645740.0,87172
2023-05-09 21:11:03,p2308,p2308,7302.0,0.0,0.0,0.0,5,7302.0,7306.0,52,7258.0,7296.0,7314.0,7294.0,365.0,26645740.0,87172
2023-05-09 21:11:04,p2308,p2308,7302.0,0.0,0.0,0.0,4,7302.0,7306.0,37,7258.0,7296.0,7314.0,7294.0,365.0,26645740.0,87172
2023-05-09 21:11:05,p2308,p2308,7302.0,0.0,0.0,0.0,37,7302.0,7306.0,5,7258.0,7296.0,7314.0,7294.0,365.0,26645740.0,87172
2023-05-09 21:11:05,p2308,p2308,7302.0,0.0,0.0,0.0,5,7304.0,7306.0,5,7258.0,7296.0,7314.0,7294.0,365.0,26645740.0,87172
2023-05-09 21:11:06,p2308,p2308,7302.0,0.0,0.0,0.0,5,7304.0,7308.0,52,7258.0,7296.0,7314.0,7294.0,365.0,26645740.0,87172
2023-05-09 21:11:07,p2308,p2308,7302.0,0.0,0.0,0.0,5,7304.0,7308.0,47,7258.0,7296.0,7314.0,7294.0,365.0,26645740.0,87172
2023-05-09 21:11:11,p2308,p2308,7302.0,0.0,0.0,0.0,73,7302.0,7308.0,45,7258.0,7296.0,7314.0,7294.0,365.0,26645740.0,87172
2023-05-09 21:11:11,p2308,p2308,7306.0,7.0,511420.0,7.0,5,7304.0,7308.0,37,7258.0,7296.0,7314.0,7294.0,372.0,27157160.0,87179
2023-05-09 21:11:12,p2308,p2308,7306.0,0.0,0.0,0.0,82,7302.0,7308.0,22,7258.0,7296.0,7314.0,7294.0,372.0,27157160.0,87179
2023-05-09 21:11:12,p2308,p2308,7306.0,0.0,0.0,0.0,82,7302.0,7306.0,2,7258.0,7296.0,7314.0,7294.0,372.0,27157160.0,87179
2023-05-09 21:11:13,p2308,p2308,7306.0,0.0,0.0,0.0,77,7302.0,7306.0,2,7258.0,7296.0,7314.0,7294.0,372.0,27157160.0,87179
2023-05-09 21:11:13,p2308,p2308,7306.0,0.0,0.0,0.0,37,7302.0,7306.0,17,7258.0,7296.0,7314.0,7294.0,372.0,27157160.0,87179
2023-05-09 21:11:14,p2308,p2308,7306.0,0.0,0.0,0.0,24,7302.0,7306.0,22,7258.0,7296.0,7314.0,7294.0,372.0,27157160.0,87179
2023-05-09 21:11:14,p2308,p2308,7306.0,0.0,0.0,0.0,24,7302.0,7306.0,19,7258.0,7296.0,7314.0,7294.0,372.0,27157160.0,87179
2023-05-09 21:11:15,p2308,p2308,7306.0,0.0,0.0,0.0,24,7302.0,7306.0,17,7258.0,7296.0,7314.0,7294.0,372.0,27157160.0,87179
2023-05-09 21:11:15,p2308,p2308,7306.0,0.0,0.0,0.0,24,7302.0,7306.0,19,7258.0,7296.0,7314.0,7294.0,372.0,27157160.0,87179
2023-05-09 21:11:19,p2308,p2308,7306.0,0.0,0.0,0.0,22,7302.0,7306.0,19,7258.0,7296.0,7314.0,7294.0,372.0,27157160.0,87179
2023-05-09 21:11:19,p2308,p2308,7306.0,0.0,0.0,0.0,79,7300.0,7306.0,19,7258.0,7296.0,7314.0,7294.0,372.0,27157160.0,87179
2023-05-09 21:11:20,p2308,p2308,7306.0,0.0,0.0,0.0,5,7302.0,7306.0,9,7258.0,7296.0,7314.0,7294.0,372.0,27157160.0,87179
2023-05-09 21:11:20,p2308,p2308,7306.0,0.0,0.0,0.0,86,7300.0,7306.0,9,7258.0,7296.0,7314.0,7294.0,372.0,27157160.0,87179
2023-05-09 21:11:25,p2308,p2308,7306.0,0.0,0.0,0.0,5,7302.0,7306.0,7,7258.0,7296.0,7314.0,7294.0,372.0,27157160.0,87179
2023-05-09 21:11:25,p2308,p2308,7306.0,0.0,0.0,0.0,86,7300.0,7306.0,7,7258.0,7296.0,7314.0,7294.0,372.0,27157160.0,87179
2023-05-09 21:11:27,p2308,p2308,7306.0,0.0,0.0,0.0,60,7300.0,7304.0,4,7258.0,7296.0,7314.0,7294.0,372.0,27157160.0,87179
2023-05-09 21:11:28,p2308,p2308,7306.0,0.0,0.0,0.0,55,7300.0,7304.0,4,7258.0,7296.0,7314.0,7294.0,372.0,27157160.0,87179
2023-05-09 21:11:29,p2308,p2308,7306.0,0.0,0.0,0.0,60,7300.0,7304.0,4,7258.0,7296.0,7314.0,7294.0,372.0,27157160.0,87179
2023-05-09 21:11:30,p2308,p2308,7306.0,0.0,0.0,0.0,56,7300.0,7304.0,2,7258.0,7296.0,7314.0,7294.0,372.0,27157160.0,87179
2023-05-09 21:11:31,p2308,p2308,7306.0,0.0,0.0,0.0,35,7300.0,7304.0,2,7258.0,7296.0,7314.0,7294.0,372.0,27157160.0,87179
2023-05-09 21:11:31,p2308,p2308,7300.0,2.0,146000.0,0.0,4,7300.0,7304.0,22,7258.0,7296.0,7314.0,7294.0,374.0,27303160.0,87179
2023-05-09 21:11:32,p2308,p2308,7300.0,1.0,73000.0,0.0,3,7300.0,7304.0,22,7258.0,7296.0,7314.0,7294.0,375.0,27376160.0,87179
2023-05-09 21:11:33,p2308,p2308,7300.0,0.0,0.0,0.0,49,7298.0,7304.0,27,7258.0,7296.0,7314.0,7294.0,375.0,27376160.0,87179
2023-05-09 21:11:33,p2308,p2308,7300.0,0.0,0.0,0.0,54,7298.0,7304.0,27,7258.0,7296.0,7314.0,7294.0,375.0,27376160.0,87179
2023-05-09 21:11:36,p2308,p2308,7300.0,0.0,0.0,0.0,7,7300.0,7304.0,17,7258.0,7296.0,7314.0,7294.0,375.0,27376160.0,87179
2023-05-09 21:11:36,p2308,p2308,7300.0,0.0,0.0,0.0,2,7300.0,7304.0,17,7258.0,7296.0,7314.0,7294.0,375.0,27376160.0,87179
2023-05-09 21:11:37,p2308,p2308,7300.0,0.0,0.0,0.0,2,7300.0,7304.0,22,7258.0,7296.0,7314.0,7294.0,375.0,27376160.0,87179
2023-05-09 21:11:37,p2308,p2308,7300.0,1.0,73000.0,-1.0,49,7298.0,7302.0,3,7258.0,7296.0,7314.0,7294.0,376.0,27449160.0,87178
2023-05-09 21:11:38,p2308,p2308,7300.0,0.0,0.0,0.0,29,7298.0,7302.0,3,7258.0,7296.0,7314.0,7294.0,376.0,27449160.0,87178
2023-05-09 21:11:38,p2308,p2308,7300.0,0.0,0.0,0.0,14,7298.0,7302.0,8,7258.0,7296.0,7314.0,7294.0,376.0,27449160.0,87178
2023-05-09 21:11:39,p2308,p2308,7300.0,0.0,0.0,0.0,9,7298.0,7300.0,1,7258.0,7296.0,7314.0,7294.0,376.0,27449160.0,87178
2023-05-09 21:11:39,p2308,p2308,7302.0,4.0,292020.0,1.0,3,7300.0,7302.0,8,7258.0,7296.0,7314.0,7294.0,380.0,27741180.0,87179
2023-05-09 21:11:39,p2308,p2308,7300.0,1.0,73000.0,0.0,2,7300.0,7302.0,8,7258.0,7296.0,7314.0,7294.0,381.0,27814180.0,87179
2023-05-09 21:11:40,p2308,p2308,7300.0,1.0,73000.0,0.0,1,7300.0,7302.0,4,7258.0,7296.0,7314.0,7294.0,382.0,27887180.0,87179
2023-05-09 21:11:41,p2308,p2308,7300.0,1.0,73000.0,0.0,10,7298.0,7302.0,4,7258.0,7296.0,7314.0,7294.0,383.0,27960180.0,87179
2023-05-09 21:11:41,p2308,p2308,7300.0,0.0,0.0,0.0,26,7298.0,7304.0,45,7258.0,7296.0,7314.0,7294.0,383.0,27960180.0,87179
2023-05-09 21:11:42,p2308,p2308,7300.0,0.0,0.0,0.0,1,7298.0,7302.0,5,7258.0,7296.0,7314.0,7294.0,383.0,27960180.0,87179
2023-05-09 21:11:42,p2308,p2308,7300.0,0.0,0.0,0.0,1,7298.0,7302.0,15,7258.0,7296.0,7314.0,7294.0,383.0,27960180.0,87179
2023-05-09 21:11:43,p2308,p2308,7300.0,0.0,0.0,0.0,1,7298.0,7302.0,25,7258.0,7296.0,7314.0,7294.0,383.0,27960180.0,87179
2023-05-09 21:11:47,p2308,p2308,7300.0,0.0,0.0,0.0,6,7298.0,7302.0,20,7258.0,7296.0,7314.0,7294.0,383.0,27960180.0,87179
