time,symbol_id,symbol_name,last,trade_volume,trade_amount,open_interest_change,bv1,bp1,ap1,av1,yesterday_close,today_open,today_high,today_low,volume,amount,open_interest
2023-05-09 20:59:00,p2307,p2307,7488.0,2.0,149760.0,2.0,6,7484.0,7492.0,2,7444.0,7488.0,7488.0,7488.0,2.0,149760.0,122656
2023-05-09 21:00:00,p2307,p2307,7484.0,4.0,299420.0,2.0,3,7484.0,7490.0,1,7444.0,7488.0,7490.0,7484.0,6.0,449180.0,122658
2023-05-09 21:00:00,p2307,p2307,7488.0,5.0,374340.0,1.0,5,7480.0,7484.0,1,7444.0,7488.0,7490.0,7484.0,11.0,823520.0,122659
2023-05-09 21:00:01,p2307,p2307,7482.0,3.0,224500.0,2.0,5,7480.0,7488.0,2,7444.0,7488.0,7490.0,7482.0,14.0,1048020.0,122661
2023-05-09 21:00:01,p2307,p2307,7480.0,3.0,224440.0,2.0,4,7480.0,7486.0,3,7444.0,7488.0,7490.0,7480.0,17.0,1272460.0,122663
2023-05-09 21:00:02,p2307,p2307,7484.0,12.0,897760.0,-3.0,108,7476.0,7484.0,4,7444.0,7488.0,7490.0,7478.0,29.0,2170220.0,122660
2023-05-09 21:00:02,p2307,p2307,7486.0,3.0,224540.0,0.0,1,7484.0,7488.0,7,7444.0,7488.0,7490.0,7478.0,32.0,2394760.0,122660
2023-05-09 21:00:03,p2307,p2307,7486.0,12.0,898180.0,6.0,1,7482.0,7486.0,1,7444.0,7488.0,7490.0,7478.0,44.0,3292940.0,122666
2023-05-09 21:00:03,p2307,p2307,7488.0,5.0,374360.0,3.0,2,7482.0,7486.0,3,7444.0,7488.0,7490.0,7478.0,49.0,3667300.0,122669
2023-05-09 21:00:04,p2307,p2307,7486.0,2.0,149680.0,2.0,1,7486.0,7488.0,4,7444.0,7488.0,7490.0,7478.0,51.0,3816980.0,122671
2023-05-09 21:00:04,p2307,p2307,7482.0,5.0,374180.0,3.0,3,7480.0,7488.0,5,7444.0,7488.0,7490.0,7478.0,56.0,4191160.0,122674
2023-05-09 21:00:05,p2307,p2307,7482.0,0.0,0.0,0.0,3,7480.0,7486.0,2,7444.0,7488.0,7490.0,7478.0,56.0,4191160.0,122674
2023-05-09 21:00:05,p2307,p2307,7482.0,0.0,0.0,0.0,2,7480.0,7486.0,2,7444.0,7488.0,7490.0,7478.0,56.0,4191160.0,122674
2023-05-09 21:00:06,p2307,p2307,7482.0,0.0,0.0,0.0,1,7480.0,7484.0,2,7444.0,7488.0,7490.0,7478.0,56.0,4191160.0,122674
2023-05-09 21:00:06,p2307,p2307,7482.0,0.0,0.0,0.0,2,7480.0,7484.0,2,7444.0,7488.0,7490.0,7478.0,56.0,4191160.0,122674
2023-05-09 21:00:07,p2307,p2307,7484.0,5.0,374200.0,4.0,1,7484.0,7488.0,3,7444.0,7488.0,7490.0,7478.0,61.0,4565360.0,122678
2023-05-09 21:00:07,p2307,p2307,7484.0,1.0,74840.0,-1.0,1,7482.0,7488.0,4,7444.0,7488.0,7490.0,7478.0,62.0,4640200.0,122677
2023-05-09 21:00:08,p2307,p2307,7484.0,0.0,0.0,0.0,1,7482.0,7484.0,1,7444.0,7488.0,7490.0,7478.0,62.0,4640200.0,122677
2023-05-09 21:00:08,p2307,p2307,7484.0,1.0,74840.0,0.0,1,7482.0,7486.0,3,7444.0,7488.0,7490.0,7478.0,63.0,4715040.0,122677
2023-05-09 21:00:09,p2307,p2307,7484.0,0.0,0.0,0.0,1,7482.0,7486.0,5,7444.0,7488.0,7490.0,7478.0,63.0,4715040.0,122677
2023-05-09 21:00:09,p2307,p2307,7482.0,1.0,74820.0,-1.0,6,7480.0,7486.0,5,7444.0,7488.0,7490.0,7478.0,64.0,4789860.0,122676
2023-05-09 21:00:10,p2307,p2307,7482.0,0.0,0.0,0.0,3,7480.0,7486.0,3,7444.0,7488.0,7490.0,7478.0,64.0,4789860.0,122676
2023-05-09 21:00:10,p2307,p2307,7482.0,2.0,149640.0,2.0,9,7480.0,7486.0,3,7444.0,7488.0,7490.0,7478.0,66.0,4939500.0,122678
2023-05-09 21:00:11,p2307,p2307,7482.0,0.0,0.0,0.0,9,7480.0,7484.0,3,7444.0,7488.0,7490.0,7478.0,66.0,4939500.0,122678
2023-05-09 21:00:11,p2307,p2307,7480.0,2.0,149600.0,1.0,7,7478.0,7484.0,5,7444.0,7488.0,7490.0,7478.0,68.0,5089100.0,122679
2023-05-09 21:00:12,p2307,p2307,7480.0,0.0,0.0,0.0,7,7478.0,7480.0,4,7444.0,7488.0,7490.0,7478.0,68.0,5089100.0,122679
2023-05-09 21:00:12,p2307,p2307,7480.0,4.0,299200.0,-4.0,1,7480.0,7484.0,8,7444.0,7488.0,7490.0,7478.0,72.0,5388300.0,122675
2023-05-09 21:00:13,p2307,p2307,7482.0,2.0,149640.0,-2.0,1,7480.0,7484.0,3,7444.0,7488.0,7490.0,7478.0,74.0,5537940.0,122673
2023-05-09 21:00:14,p2307,p2307,7484.0,6.0,449040.0,-6.0,14,7480.0,7486.0,2,7444.0,7488.0,7490.0,7478.0,80.0,5986980.0,122667
2023-05-09 21:00:15,p2307,p2307,7486.0,2.0,149720.0,1.0,1,7482.0,7486.0,13,7444.0,7488.0,7490.0,7478.0,82.0,6136700.0,122668
2023-05-09 21:00:15,p2307,p2307,7484.0,1.0,74840.0,-1.0,1,7482.0,7488.0,9,7444.0,7488.0,7490.0,7478.0,83.0,6211540.0,122667
2023-05-09 21:00:16,p2307,p2307,7484.0,0.0,0.0,0.0,7,7482.0,7486.0,7,7444.0,7488.0,7490.0,7478.0,83.0,6211540.0,122667
2023-05-09 21:00:16,p2307,p2307,7484.0,2.0,149680.0,-1.0,7,7482.0,7488.0,16,7444.0,7488.0,7490.0,7478.0,85.0,6361220.0,122666
2023-05-09 21:00:17,p2307,p2307,7484.0,0.0,0.0,0.0,7,7482.0,7488.0,21,7444.0,7488.0,7490.0,7478.0,85.0,6361220.0,122666
2023-05-09 21:00:17,p2307,p2307,7484.0,1.0,74840.0,1.0,6,7484.0,7488.0,15,7444.0,7488.0,7490.0,7478.0,86.0,6436060.0,122667
2023-05-09 21:00:18,p2307,p2307,7484.0,6.0,449040.0,-1.0,1,7484.0,7488.0,21,7444.0,7488.0,7490.0,7478.0,92.0,6885100.0,122666
2023-05-09 21:00:18,p2307,p2307,7482.0,8.0,598580.0,-1.0,5,7480.0,7486.0,14,7444.0,7488.0,7490.0,7478.0,100.0,7483680.0,122665
2023-05-09 21:00:19,p2307,p2307,7482.0,0.0,0.0,0.0,2,7480.0,7484.0,5,7444.0,7488.0,7490.0,7478.0,100.0,7483680.0,122665
2023-05-09 21:00:19,p2307,p2307,7482.0,0.0,0.0,0.0,1,7480.0,7484.0,8,7444.0,7488.0,7490.0,7478.0,100.0,7483680.0,122665
2023-05-09 21:00:20,p2307,p2307,7482.0,0.0,0.0,0.0,1,7480.0,7484.0,6,7444.0,7488.0,7490.0,7478.0,100.0,7483680.0,122665
2023-05-09 21:00:20,p2307,p2307,7484.0,6.0,449040.0,0.0,3,7482.0,7486.0,3,7444.0,7488.0,7490.0,7478.0,106.0,7932720.0,122665
2023-05-09 21:00:21,p2307,p2307,7486.0,1.0,74860.0,0.0,3,7484.0,7488.0,15,7444.0,7488.0,7490.0,7478.0,107.0,8007580.0,122665
2023-05-09 21:00:21,p2307,p2307,7486.0,0.0,0.0,0.0,3,7484.0,7488.0,18,7444.0,7488.0,7490.0,7478.0,107.0,8007580.0,122665
2023-05-09 21:00:22,p2307,p2307,7484.0,1.0,74840.0,0.0,2,7482.0,7486.0,5,7444.0,7488.0,7490.0,7478.0,108.0,8082420.0,122665
2023-05-09 21:00:23,p2307,p2307,7484.0,0.0,0.0,0.0,2,7482.0,7486.0,8,7444.0,7488.0,7490.0,7478.0,108.0,8082420.0,122665
2023-05-09 21:00:24,p2307,p2307,7482.0,1.0,74820.0,0.0,2,7482.0,7486.0,13,7444.0,7488.0,7490.0,7478.0,109.0,8157240.0,122665
2023-05-09 21:00:25,p2307,p2307,7482.0,0.0,0.0,0.0,2,7482.0,7486.0,18,7444.0,7488.0,7490.0,7478.0,109.0,8157240.0,122665
2023-05-09 21:00:25,p2307,p2307,7480.0,12.0,897640.0,5.0,8,7478.0,7482.0,49,7444.0,7488.0,7490.0,7478.0,121.0,9054880.0,122670
2023-05-09 21:00:26,p2307,p2307,7480.0,0.0,0.0,0.0,7,7478.0,7482.0,49,7444.0,7488.0,7490.0,7478.0,121.0,9054880.0,122670
2023-05-09 21:00:26,p2307,p2307,7480.0,0.0,0.0,0.0,1,7478.0,7482.0,50,7444.0,7488.0,7490.0,7478.0,121.0,9054880.0,122670
2023-05-09 21:00:27,p2307,p2307,7480.0,0.0,0.0,0.0,1,7478.0,7482.0,55,7444.0,7488.0,7490.0,7478.0,121.0,9054880.0,122670
2023-05-09 21:00:28,p2307,p2307,7480.0,0.0,0.0,0.0,1,7478.0,7480.0,1,7444.0,7488.0,7490.0,7478.0,121.0,9054880.0,122670
2023-05-09 21:00:28,p2307,p2307,7478.0,1.0,74780.0,0.0,108,7476.0,7480.0,3,7444.0,7488.0,7490.0,7478.0,122.0,9129660.0,122670
2023-05-09 21:00:29,p2307,p2307,7478.0,0.0,0.0,0.0,102,7476.0,7480.0,3,7444.0,7488.0,7490.0,7478.0,122.0,9129660.0,122670
2023-05-09 21:00:29,p2307,p2307,7480.0,1.0,74800.0,1.0,1,7478.0,7480.0,2,7444.0,7488.0,7490.0,7478.0,123.0,9204460.0,122671
2023-05-09 21:00:30,p2307,p2307,7480.0,0.0,0.0,0.0,3,7478.0,7480.0,2,7444.0,7488.0,7490.0,7478.0,123.0,9204460.0,122671
2023-05-09 21:00:30,p2307,p2307,7480.0,0.0,0.0,0.0,3,7478.0,7480.0,3,7444.0,7488.0,7490.0,7478.0,123.0,9204460.0,122671
2023-05-09 21:00:31,p2307,p2307,7478.0,1.0,74780.0,1.0,2,7478.0,7480.0,3,7444.0,7488.0,7490.0,7478.0,124.0,9279240.0,122672
2023-05-09 21:00:32,p2307,p2307,7478.0,0.0,0.0,0.0,103,7476.0,7480.0,7,7444.0,7488.0,7490.0,7478.0,124.0,9279240.0,122672
2023-05-09 21:00:32,p2307,p2307,7478.0,0.0,0.0,0.0,103,7476.0,7480.0,11,7444.0,7488.0,7490.0,7478.0,124.0,9279240.0,122672
2023-05-09 21:00:33,p2307,p2307,7478.0,0.0,0.0,0.0,103,7476.0,7480.0,7,7444.0,7488.0,7490.0,7478.0,124.0,9279240.0,122672
2023-05-09 21:00:33,p2307,p2307,7478.0,0.0,0.0,0.0,102,7476.0,7480.0,17,7444.0,7488.0,7490.0,7478.0,124.0,9279240.0,122672
2023-05-09 21:00:34,p2307,p2307,7478.0,0.0,0.0,0.0,103,7476.0,7480.0,7,7444.0,7488.0,7490.0,7478.0,124.0,9279240.0,122672
2023-05-09 21:00:34,p2307,p2307,7478.0,0.0,0.0,0.0,103,7476.0,7478.0,6,7444.0,7488.0,7490.0,7478.0,124.0,9279240.0,122672
2023-05-09 21:00:35,p2307,p2307,7478.0,11.0,822580.0,-2.0,102,7476.0,7480.0,25,7444.0,7488.0,7490.0,7478.0,135.0,10101820.0,122670
2023-05-09 21:00:35,p2307,p2307,7476.0,77.0,5757580.0,-41.0,56,7476.0,7480.0,7,7444.0,7488.0,7490.0,7476.0,212.0,15859400.0,122629
2023-05-09 21:00:36,p2307,p2307,7476.0,0.0,0.0,0.0,4,7478.0,7482.0,16,7444.0,7488.0,7490.0,7476.0,212.0,15859400.0,122629
2023-05-09 21:00:36,p2307,p2307,7476.0,0.0,0.0,0.0,4,7478.0,7480.0,6,7444.0,7488.0,7490.0,7476.0,212.0,15859400.0,122629
2023-05-09 21:00:37,p2307,p2307,7476.0,0.0,0.0,0.0,4,7478.0,7482.0,12,7444.0,7488.0,7490.0,7476.0,212.0,15859400.0,122629
2023-05-09 21:00:37,p2307,p2307,7478.0,1.0,74780.0,-1.0,8,7478.0,7480.0,9,7444.0,7488.0,7490.0,7476.0,213.0,15934180.0,122628
2023-05-09 21:00:39,p2307,p2307,7478.0,0.0,0.0,0.0,3,7478.0,7480.0,9,7444.0,7488.0,7490.0,7476.0,213.0,15934180.0,122628
2023-05-09 21:00:39,p2307,p2307,7478.0,0.0,0.0,0.0,8,7478.0,7480.0,9,7444.0,7488.0,7490.0,7476.0,213.0,15934180.0,122628
2023-05-09 21:00:40,p2307,p2307,7478.0,0.0,0.0,0.0,14,7478.0,7484.0,20,7444.0,7488.0,7490.0,7476.0,213.0,15934180.0,122628
2023-05-09 21:00:41,p2307,p2307,7478.0,2.0,149560.0,0.0,15,7478.0,7480.0,3,7444.0,7488.0,7490.0,7476.0,215.0,16083740.0,122628
2023-05-09 21:00:41,p2307,p2307,7480.0,3.0,224400.0,-3.0,4,7478.0,7482.0,12,7444.0,7488.0,7490.0,7476.0,218.0,16308140.0,122625
2023-05-09 21:00:43,p2307,p2307,7480.0,0.0,0.0,0.0,2,7480.0,7484.0,19,7444.0,7488.0,7490.0,7476.0,218.0,16308140.0,122625
2023-05-09 21:00:43,p2307,p2307,7480.0,0.0,0.0,0.0,4,7480.0,7482.0,15,7444.0,7488.0,7490.0,7476.0,218.0,16308140.0,122625
2023-05-09 21:00:44,p2307,p2307,7480.0,4.0,299200.0,0.0,4,7478.0,7480.0,9,7444.0,7488.0,7490.0,7476.0,222.0,16607340.0,122625
2023-05-09 21:00:44,p2307,p2307,7478.0,4.0,299120.0,-2.0,66,7476.0,7480.0,11,7444.0,7488.0,7490.0,7476.0,226.0,16906460.0,122623
2023-05-09 21:00:45,p2307,p2307,7476.0,1.0,74760.0,0.0,64,7476.0,7478.0,6,7444.0,7488.0,7490.0,7476.0,227.0,16981220.0,122623
2023-05-09 21:00:46,p2307,p2307,7476.0,0.0,0.0,0.0,69,7476.0,7478.0,6,7444.0,7488.0,7490.0,7476.0,227.0,16981220.0,122623
2023-05-09 21:00:47,p2307,p2307,7478.0,6.0,448680.0,6.0,65,7476.0,7480.0,6,7444.0,7488.0,7490.0,7476.0,233.0,17429900.0,122629
2023-05-09 21:00:47,p2307,p2307,7478.0,0.0,0.0,0.0,65,7476.0,7480.0,8,7444.0,7488.0,7490.0,7476.0,233.0,17429900.0,122629
2023-05-09 21:00:48,p2307,p2307,7478.0,16.0,1196480.0,-11.0,54,7476.0,7480.0,19,7444.0,7488.0,7490.0,7476.0,249.0,18626380.0,122618
2023-05-09 21:00:48,p2307,p2307,7478.0,0.0,0.0,0.0,59,7476.0,7480.0,8,7444.0,7488.0,7490.0,7476.0,249.0,18626380.0,122618
2023-05-09 21:00:49,p2307,p2307,7478.0,7.0,523440.0,0.0,1,7478.0,7482.0,21,7444.0,7488.0,7490.0,7476.0,256.0,19149820.0,122618
2023-05-09 21:00:49,p2307,p2307,7478.0,0.0,0.0,0.0,2,7478.0,7482.0,16,7444.0,7488.0,7490.0,7476.0,256.0,19149820.0,122618
2023-05-09 21:00:50,p2307,p2307,7478.0,0.0,0.0,0.0,2,7478.0,7482.0,10,7444.0,7488.0,7490.0,7476.0,256.0,19149820.0,122618
2023-05-09 21:00:50,p2307,p2307,7478.0,0.0,0.0,0.0,7,7478.0,7482.0,2,7444.0,7488.0,7490.0,7476.0,256.0,19149820.0,122618
2023-05-09 21:00:51,p2307,p2307,7478.0,0.0,0.0,0.0,9,7480.0,7482.0,1,7444.0,7488.0,7490.0,7476.0,256.0,19149820.0,122618
2023-05-09 21:00:51,p2307,p2307,7482.0,1.0,74820.0,0.0,2,7480.0,7484.0,26,7444.0,7488.0,7490.0,7476.0,257.0,19224640.0,122618
2023-05-09 21:00:52,p2307,p2307,7480.0,2.0,149600.0,0.0,17,7478.0,7484.0,21,7444.0,7488.0,7490.0,7476.0,259.0,19374240.0,122618
2023-05-09 21:00:52,p2307,p2307,7478.0,2.0,149560.0,0.0,2,7478.0,7482.0,10,7444.0,7488.0,7490.0,7476.0,261.0,19523800.0,122618
2023-05-09 21:00:53,p2307,p2307,7478.0,0.0,0.0,0.0,12,7478.0,7484.0,34,7444.0,7488.0,7490.0,7476.0,261.0,19523800.0,122618
2023-05-09 21:00:53,p2307,p2307,7478.0,0.0,0.0,0.0,14,7480.0,7484.0,10,7444.0,7488.0,7490.0,7476.0,261.0,19523800.0,122618
2023-05-09 21:00:54,p2307,p2307,7478.0,0.0,0.0,0.0,9,7480.0,7484.0,4,7444.0,7488.0,7490.0,7476.0,261.0,19523800.0,122618
2023-05-09 21:00:54,p2307,p2307,7478.0,0.0,0.0,0.0,10,7480.0,7484.0,2,7444.0,7488.0,7490.0,7476.0,261.0,19523800.0,122618
2023-05-09 21:00:55,p2307,p2307,7478.0,0.0,0.0,0.0,17,7480.0,7484.0,2,7444.0,7488.0,7490.0,7476.0,261.0,19523800.0,122618
2023-05-09 21:00:56,p2307,p2307,7478.0,0.0,0.0,0.0,17,7480.0,7484.0,4,7444.0,7488.0,7490.0,7476.0,261.0,19523800.0,122618
2023-05-09 21:00:57,p2307,p2307,7478.0,0.0,0.0,0.0,12,7480.0,7484.0,4,7444.0,7488.0,7490.0,7476.0,261.0,19523800.0,122618
2023-05-09 21:00:57,p2307,p2307,7478.0,0.0,0.0,0.0,12,7480.0,7484.0,3,7444.0,7488.0,7490.0,7476.0,261.0,19523800.0,122618
2023-05-09 21:00:58,p2307,p2307,7478.0,0.0,0.0,0.0,16,7480.0,7484.0,7,7444.0,7488.0,7490.0,7476.0,261.0,19523800.0,122618
2023-05-09 21:00:58,p2307,p2307,7478.0,0.0,0.0,0.0,16,7480.0,7484.0,3,7444.0,7488.0,7490.0,7476.0,261.0,19523800.0,122618
2023-05-09 21:00:59,p2307,p2307,7478.0,10.0,747800.0,-7.0,2,7480.0,7484.0,4,7444.0,7488.0,7490.0,7476.0,271.0,20271600.0,122611
2023-05-09 21:00:59,p2307,p2307,7480.0,1.0,74800.0,0.0,2,7480.0,7484.0,9,7444.0,7488.0,7490.0,7476.0,272.0,20346400.0,122611
2023-05-09 21:01:00,p2307,p2307,7480.0,0.0,0.0,0.0,1,7480.0,7484.0,9,7444.0,7488.0,7490.0,7476.0,272.0,20346400.0,122611
2023-05-09 21:01:00,p2307,p2307,7482.0,2.0,149620.0,1.0,2,7480.0,7484.0,9,7444.0,7488.0,7490.0,7476.0,274.0,20496020.0,122612
2023-05-09 21:01:01,p2307,p2307,7482.0,1.0,74820.0,0.0,2,7480.0,7484.0,4,7444.0,7488.0,7490.0,7476.0,275.0,20570840.0,122612
2023-05-09 21:01:01,p2307,p2307,7482.0,0.0,0.0,0.0,1,7480.0,7484.0,4,7444.0,7488.0,7490.0,7476.0,275.0,20570840.0,122612
2023-05-09 21:01:02,p2307,p2307,7482.0,0.0,0.0,0.0,1,7480.0,7484.0,5,7444.0,7488.0,7490.0,7476.0,275.0,20570840.0,122612
2023-05-09 21:01:02,p2307,p2307,7482.0,0.0,0.0,0.0,1,7482.0,7484.0,3,7444.0,7488.0,7490.0,7476.0,275.0,20570840.0,122612
2023-05-09 21:01:03,p2307,p2307,7482.0,1.0,74820.0,0.0,2,7480.0,7484.0,3,7444.0,7488.0,7490.0,7476.0,276.0,20645660.0,122612
2023-05-09 21:01:04,p2307,p2307,7482.0,0.0,0.0,0.0,7,7480.0,7484.0,4,7444.0,7488.0,7490.0,7476.0,276.0,20645660.0,122612
2023-05-09 21:01:05,p2307,p2307,7482.0,0.0,0.0,0.0,20,7478.0,7484.0,10,7444.0,7488.0,7490.0,7476.0,276.0,20645660.0,122612
2023-05-09 21:01:05,p2307,p2307,7482.0,0.0,0.0,0.0,25,7478.0,7484.0,5,7444.0,7488.0,7490.0,7476.0,276.0,20645660.0,122612
2023-05-09 21:01:06,p2307,p2307,7482.0,0.0,0.0,0.0,25,7478.0,7484.0,10,7444.0,7488.0,7490.0,7476.0,276.0,20645660.0,122612
2023-05-09 21:01:06,p2307,p2307,7482.0,0.0,0.0,0.0,20,7478.0,7484.0,10,7444.0,7488.0,7490.0,7476.0,276.0,20645660.0,122612
2023-05-09 21:01:07,p2307,p2307,7482.0,0.0,0.0,0.0,20,7478.0,7482.0,4,7444.0,7488.0,7490.0,7476.0,276.0,20645660.0,122612
2023-05-09 21:01:08,p2307,p2307,7482.0,0.0,0.0,0.0,21,7478.0,7482.0,4,7444.0,7488.0,7490.0,7476.0,276.0,20645660.0,122612
2023-05-09 21:01:08,p2307,p2307,7480.0,1.0,74800.0,0.0,2,7480.0,7482.0,4,7444.0,7488.0,7490.0,7476.0,277.0,20720460.0,122612
2023-05-09 21:01:09,p2307,p2307,7480.0,2.0,149600.0,-2.0,10,7478.0,7482.0,4,7444.0,7488.0,7490.0,7476.0,279.0,20870060.0,122610
2023-05-09 21:01:09,p2307,p2307,7480.0,0.0,0.0,0.0,4,7478.0,7480.0,2,7444.0,7488.0,7490.0,7476.0,279.0,20870060.0,122610
2023-05-09 21:01:10,p2307,p2307,7480.0,0.0,0.0,0.0,3,7478.0,7480.0,5,7444.0,7488.0,7490.0,7476.0,279.0,20870060.0,122610
2023-05-09 21:01:10,p2307,p2307,7480.0,3.0,224400.0,-1.0,10,7478.0,7482.0,7,7444.0,7488.0,7490.0,7476.0,282.0,21094460.0,122609
2023-05-09 21:01:11,p2307,p2307,7480.0,0.0,0.0,0.0,4,7478.0,7482.0,3,7444.0,7488.0,7490.0,7476.0,282.0,21094460.0,122609
2023-05-09 21:01:11,p2307,p2307,7480.0,0.0,0.0,0.0,4,7478.0,7482.0,8,7444.0,7488.0,7490.0,7476.0,282.0,21094460.0,122609
2023-05-09 21:01:12,p2307,p2307,7480.0,0.0,0.0,0.0,3,7478.0,7482.0,13,7444.0,7488.0,7490.0,7476.0,282.0,21094460.0,122609
2023-05-09 21:01:12,p2307,p2307,7478.0,11.0,822780.0,-5.0,1,7478.0,7482.0,10,7444.0,7488.0,7490.0,7476.0,293.0,21917240.0,122604
2023-05-09 21:01:13,p2307,p2307,7478.0,0.0,0.0,0.0,6,7478.0,7482.0,5,7444.0,7488.0,7490.0,7476.0,293.0,21917240.0,122604
2023-05-09 21:01:14,p2307,p2307,7478.0,0.0,0.0,0.0,1,7478.0,7482.0,2,7444.0,7488.0,7490.0,7476.0,293.0,21917240.0,122604
2023-05-09 21:01:14,p2307,p2307,7478.0,0.0,0.0,0.0,1,7478.0,7482.0,4,7444.0,7488.0,7490.0,7476.0,293.0,21917240.0,122604
2023-05-09 21:01:15,p2307,p2307,7478.0,0.0,0.0,0.0,1,7478.0,7482.0,9,7444.0,7488.0,7490.0,7476.0,293.0,21917240.0,122604
2023-05-09 21:01:16,p2307,p2307,7478.0,0.0,0.0,0.0,95,7476.0,7482.0,7,7444.0,7488.0,7490.0,7476.0,293.0,21917240.0,122604
2023-05-09 21:01:16,p2307,p2307,7480.0,1.0,74800.0,0.0,84,7476.0,7480.0,4,7444.0,7488.0,7490.0,7476.0,294.0,21992040.0,122604
2023-05-09 21:01:17,p2307,p2307,7480.0,0.0,0.0,0.0,89,7476.0,7480.0,4,7444.0,7488.0,7490.0,7476.0,294.0,21992040.0,122604
2023-05-09 21:01:17,p2307,p2307,7480.0,4.0,299200.0,-3.0,91,7476.0,7482.0,9,7444.0,7488.0,7490.0,7476.0,298.0,22291240.0,122601
2023-05-09 21:01:18,p2307,p2307,7480.0,0.0,0.0,0.0,96,7476.0,7482.0,4,7444.0,7488.0,7490.0,7476.0,298.0,22291240.0,122601
2023-05-09 21:01:18,p2307,p2307,7480.0,0.0,0.0,0.0,86,7476.0,7482.0,11,7444.0,7488.0,7490.0,7476.0,298.0,22291240.0,122601
2023-05-09 21:01:19,p2307,p2307,7480.0,0.0,0.0,0.0,79,7476.0,7482.0,26,7444.0,7488.0,7490.0,7476.0,298.0,22291240.0,122601
2023-05-09 21:01:19,p2307,p2307,7480.0,0.0,0.0,0.0,74,7476.0,7482.0,31,7444.0,7488.0,7490.0,7476.0,298.0,22291240.0,122601
2023-05-09 21:01:20,p2307,p2307,7480.0,0.0,0.0,0.0,96,7476.0,7482.0,5,7444.0,7488.0,7490.0,7476.0,298.0,22291240.0,122601
2023-05-09 21:01:20,p2307,p2307,7480.0,0.0,0.0,0.0,91,7476.0,7482.0,6,7444.0,7488.0,7490.0,7476.0,298.0,22291240.0,122601
2023-05-09 21:01:21,p2307,p2307,7480.0,0.0,0.0,0.0,74,7476.0,7480.0,5,7444.0,7488.0,7490.0,7476.0,298.0,22291240.0,122601
2023-05-09 21:01:21,p2307,p2307,7480.0,0.0,0.0,0.0,84,7476.0,7480.0,4,7444.0,7488.0,7490.0,7476.0,298.0,22291240.0,122601
2023-05-09 21:01:22,p2307,p2307,7480.0,1.0,74800.0,-1.0,84,7476.0,7482.0,30,7444.0,7488.0,7490.0,7476.0,299.0,22366040.0,122600
2023-05-09 21:01:22,p2307,p2307,7480.0,0.0,0.0,0.0,91,7476.0,7482.0,10,7444.0,7488.0,7490.0,7476.0,299.0,22366040.0,122600
2023-05-09 21:01:23,p2307,p2307,7480.0,0.0,0.0,0.0,86,7476.0,7482.0,10,7444.0,7488.0,7490.0,7476.0,299.0,22366040.0,122600
2023-05-09 21:01:23,p2307,p2307,7480.0,0.0,0.0,0.0,86,7476.0,7482.0,13,7444.0,7488.0,7490.0,7476.0,299.0,22366040.0,122600
2023-05-09 21:01:24,p2307,p2307,7480.0,2.0,149600.0,1.0,81,7476.0,7480.0,2,7444.0,7488.0,7490.0,7476.0,301.0,22515640.0,122601
2023-05-09 21:01:25,p2307,p2307,7480.0,0.0,0.0,0.0,81,7476.0,7482.0,23,7444.0,7488.0,7490.0,7476.0,301.0,22515640.0,122601
2023-05-09 21:01:25,p2307,p2307,7480.0,0.0,0.0,0.0,86,7476.0,7482.0,12,7444.0,7488.0,7490.0,7476.0,301.0,22515640.0,122601
2023-05-09 21:01:26,p2307,p2307,7480.0,0.0,0.0,0.0,86,7476.0,7482.0,16,7444.0,7488.0,7490.0,7476.0,301.0,22515640.0,122601
2023-05-09 21:01:27,p2307,p2307,7480.0,0.0,0.0,0.0,79,7476.0,7480.0,8,7444.0,7488.0,7490.0,7476.0,301.0,22515640.0,122601
2023-05-09 21:01:27,p2307,p2307,7480.0,0.0,0.0,0.0,84,7476.0,7480.0,8,7444.0,7488.0,7490.0,7476.0,301.0,22515640.0,122601
2023-05-09 21:01:28,p2307,p2307,7480.0,0.0,0.0,0.0,5,7478.0,7480.0,6,7444.0,7488.0,7490.0,7476.0,301.0,22515640.0,122601
2023-05-09 21:01:28,p2307,p2307,7480.0,0.0,0.0,0.0,4,7478.0,7482.0,37,7444.0,7488.0,7490.0,7476.0,301.0,22515640.0,122601
2023-05-09 21:01:29,p2307,p2307,7480.0,0.0,0.0,0.0,2,7478.0,7482.0,12,7444.0,7488.0,7490.0,7476.0,301.0,22515640.0,122601
2023-05-09 21:01:29,p2307,p2307,7480.0,0.0,0.0,0.0,2,7478.0,7482.0,17,7444.0,7488.0,7490.0,7476.0,301.0,22515640.0,122601
2023-05-09 21:01:30,p2307,p2307,7480.0,0.0,0.0,0.0,91,7476.0,7482.0,17,7444.0,7488.0,7490.0,7476.0,301.0,22515640.0,122601
2023-05-09 21:01:31,p2307,p2307,7480.0,0.0,0.0,0.0,5,7478.0,7482.0,14,7444.0,7488.0,7490.0,7476.0,301.0,22515640.0,122601
2023-05-09 21:01:31,p2307,p2307,7480.0,0.0,0.0,0.0,5,7478.0,7482.0,17,7444.0,7488.0,7490.0,7476.0,301.0,22515640.0,122601
2023-05-09 21:01:32,p2307,p2307,7482.0,17.0,1271940.0,-1.0,2,7480.0,7484.0,27,7444.0,7488.0,7490.0,7476.0,318.0,23787580.0,122600
2023-05-09 21:01:32,p2307,p2307,7482.0,0.0,0.0,0.0,12,7480.0,7484.0,3,7444.0,7488.0,7490.0,7476.0,318.0,23787580.0,122600
2023-05-09 21:01:33,p2307,p2307,7482.0,0.0,0.0,0.0,17,7480.0,7484.0,2,7444.0,7488.0,7490.0,7476.0,318.0,23787580.0,122600
2023-05-09 21:01:34,p2307,p2307,7482.0,0.0,0.0,0.0,22,7480.0,7486.0,32,7444.0,7488.0,7490.0,7476.0,318.0,23787580.0,122600
2023-05-09 21:01:34,p2307,p2307,7482.0,0.0,0.0,0.0,8,7482.0,7486.0,12,7444.0,7488.0,7490.0,7476.0,318.0,23787580.0,122600
2023-05-09 21:01:35,p2307,p2307,7482.0,0.0,0.0,0.0,8,7482.0,7486.0,11,7444.0,7488.0,7490.0,7476.0,318.0,23787580.0,122600
2023-05-09 21:01:35,p2307,p2307,7482.0,0.0,0.0,0.0,8,7482.0,7486.0,14,7444.0,7488.0,7490.0,7476.0,318.0,23787580.0,122600
2023-05-09 21:01:35,p2307,p2307,7482.0,1.0,74820.0,0.0,7,7482.0,7486.0,17,7444.0,7488.0,7490.0,7476.0,319.0,23862400.0,122600
2023-05-09 21:01:36,p2307,p2307,7482.0,1.0,74820.0,0.0,2,7482.0,7486.0,17,7444.0,7488.0,7490.0,7476.0,320.0,23937220.0,122600
2023-05-09 21:01:37,p2307,p2307,7482.0,0.0,0.0,0.0,2,7482.0,7486.0,13,7444.0,7488.0,7490.0,7476.0,320.0,23937220.0,122600
2023-05-09 21:01:37,p2307,p2307,7482.0,0.0,0.0,0.0,13,7482.0,7486.0,12,7444.0,7488.0,7490.0,7476.0,320.0,23937220.0,122600
2023-05-09 21:01:38,p2307,p2307,7482.0,3.0,224460.0,-2.0,20,7482.0,7486.0,11,7444.0,7488.0,7490.0,7476.0,323.0,24161680.0,122598
2023-05-09 21:01:38,p2307,p2307,7482.0,0.0,0.0,0.0,15,7482.0,7486.0,8,7444.0,7488.0,7490.0,7476.0,323.0,24161680.0,122598
2023-05-09 21:01:39,p2307,p2307,7482.0,0.0,0.0,0.0,5,7482.0,7486.0,11,7444.0,7488.0,7490.0,7476.0,323.0,24161680.0,122598
2023-05-09 21:01:40,p2307,p2307,7482.0,0.0,0.0,0.0,5,7482.0,7486.0,13,7444.0,7488.0,7490.0,7476.0,323.0,24161680.0,122598
2023-05-09 21:01:40,p2307,p2307,7482.0,0.0,0.0,0.0,1,7484.0,7486.0,13,7444.0,7488.0,7490.0,7476.0,323.0,24161680.0,122598
2023-05-09 21:01:41,p2307,p2307,7484.0,1.0,74840.0,0.0,5,7482.0,7484.0,3,7444.0,7488.0,7490.0,7476.0,324.0,24236520.0,122598
2023-05-09 21:01:41,p2307,p2307,7484.0,0.0,0.0,0.0,56,7480.0,7484.0,5,7444.0,7488.0,7490.0,7476.0,324.0,24236520.0,122598
2023-05-09 21:01:42,p2307,p2307,7484.0,0.0,0.0,0.0,44,7480.0,7484.0,3,7444.0,7488.0,7490.0,7476.0,324.0,24236520.0,122598
2023-05-09 21:01:43,p2307,p2307,7484.0,0.0,0.0,0.0,29,7480.0,7484.0,3,7444.0,7488.0,7490.0,7476.0,324.0,24236520.0,122598
2023-05-09 21:01:44,p2307,p2307,7484.0,0.0,0.0,0.0,29,7480.0,7484.0,5,7444.0,7488.0,7490.0,7476.0,324.0,24236520.0,122598
2023-05-09 21:01:44,p2307,p2307,7484.0,0.0,0.0,0.0,22,7480.0,7484.0,8,7444.0,7488.0,7490.0,7476.0,324.0,24236520.0,122598
2023-05-09 21:01:45,p2307,p2307,7484.0,0.0,0.0,0.0,17,7480.0,7484.0,8,7444.0,7488.0,7490.0,7476.0,324.0,24236520.0,122598
2023-05-09 21:01:46,p2307,p2307,7484.0,0.0,0.0,0.0,3,7480.0,7484.0,20,7444.0,7488.0,7490.0,7476.0,324.0,24236520.0,122598
2023-05-09 21:01:46,p2307,p2307,7484.0,0.0,0.0,0.0,3,7480.0,7484.0,15,7444.0,7488.0,7490.0,7476.0,324.0,24236520.0,122598
2023-05-09 21:01:47,p2307,p2307,7484.0,0.0,0.0,0.0,3,7480.0,7484.0,17,7444.0,7488.0,7490.0,7476.0,324.0,24236520.0,122598
2023-05-09 21:01:47,p2307,p2307,7484.0,0.0,0.0,0.0,8,7480.0,7484.0,12,7444.0,7488.0,7490.0,7476.0,324.0,24236520.0,122598
2023-05-09 21:01:48,p2307,p2307,7484.0,0.0,0.0,0.0,20,7480.0,7484.0,8,7444.0,7488.0,7490.0,7476.0,324.0,24236520.0,122598
2023-05-09 21:01:48,p2307,p2307,7484.0,0.0,0.0,0.0,1,7482.0,7484.0,8,7444.0,7488.0,7490.0,7476.0,324.0,24236520.0,122598
2023-05-09 21:01:49,p2307,p2307,7482.0,1.0,74820.0,0.0,24,7480.0,7484.0,13,7444.0,7488.0,7490.0,7476.0,325.0,24311340.0,122598
2023-05-09 21:01:49,p2307,p2307,7482.0,1.0,74820.0,-1.0,23,7480.0,7484.0,6,7444.0,7488.0,7490.0,7476.0,326.0,24386160.0,122597
2023-05-09 21:01:50,p2307,p2307,7482.0,0.0,0.0,0.0,19,7480.0,7484.0,3,7444.0,7488.0,7490.0,7476.0,326.0,24386160.0,122597
2023-05-09 21:01:50,p2307,p2307,7482.0,0.0,0.0,0.0,18,7480.0,7484.0,1,7444.0,7488.0,7490.0,7476.0,326.0,24386160.0,122597
2023-05-09 21:01:51,p2307,p2307,7482.0,0.0,0.0,0.0,12,7480.0,7484.0,4,7444.0,7488.0,7490.0,7476.0,326.0,24386160.0,122597
2023-05-09 21:01:51,p2307,p2307,7484.0,5.0,374200.0,2.0,12,7480.0,7484.0,5,7444.0,7488.0,7490.0,7476.0,331.0,24760360.0,122599
2023-05-09 21:01:52,p2307,p2307,7484.0,5.0,374200.0,2.0,3,7484.0,7486.0,44,7444.0,7488.0,7490.0,7476.0,336.0,25134560.0,122601
2023-05-09 21:01:52,p2307,p2307,7484.0,8.0,598720.0,0.0,3,7482.0,7486.0,34,7444.0,7488.0,7490.0,7476.0,344.0,25733280.0,122601
2023-05-09 21:01:53,p2307,p2307,7484.0,0.0,0.0,0.0,8,7482.0,7486.0,29,7444.0,7488.0,7490.0,7476.0,344.0,25733280.0,122601
2023-05-09 21:01:53,p2307,p2307,7484.0,0.0,0.0,0.0,8,7482.0,7484.0,1,7444.0,7488.0,7490.0,7476.0,344.0,25733280.0,122601
2023-05-09 21:01:54,p2307,p2307,7484.0,0.0,0.0,0.0,8,7482.0,7484.0,4,7444.0,7488.0,7490.0,7476.0,344.0,25733280.0,122601
2023-05-09 21:01:54,p2307,p2307,7484.0,0.0,0.0,0.0,5,7482.0,7484.0,5,7444.0,7488.0,7490.0,7476.0,344.0,25733280.0,122601
2023-05-09 21:01:55,p2307,p2307,7484.0,0.0,0.0,0.0,3,7482.0,7484.0,4,7444.0,7488.0,7490.0,7476.0,344.0,25733280.0,122601
2023-05-09 21:01:56,p2307,p2307,7484.0,0.0,0.0,0.0,3,7482.0,7484.0,1,7444.0,7488.0,7490.0,7476.0,344.0,25733280.0,122601
2023-05-09 21:01:57,p2307,p2307,7484.0,0.0,0.0,0.0,14,7482.0,7484.0,1,7444.0,7488.0,7490.0,7476.0,344.0,25733280.0,122601
2023-05-09 21:01:57,p2307,p2307,7484.0,0.0,0.0,0.0,9,7482.0,7484.0,1,7444.0,7488.0,7490.0,7476.0,344.0,25733280.0,122601
2023-05-09 21:01:58,p2307,p2307,7484.0,0.0,0.0,0.0,7,7482.0,7484.0,3,7444.0,7488.0,7490.0,7476.0,344.0,25733280.0,122601
2023-05-09 21:01:58,p2307,p2307,7484.0,0.0,0.0,0.0,5,7482.0,7484.0,1,7444.0,7488.0,7490.0,7476.0,344.0,25733280.0,122601
2023-05-09 21:01:59,p2307,p2307,7484.0,1.0,74840.0,1.0,14,7482.0,7486.0,19,7444.0,7488.0,7490.0,7476.0,345.0,25808120.0,122602
2023-05-09 21:01:59,p2307,p2307,7484.0,0.0,0.0,0.0,25,7482.0,7486.0,18,7444.0,7488.0,7490.0,7476.0,345.0,25808120.0,122602
2023-05-09 21:01:59,p2307,p2307,7484.0,0.0,0.0,0.0,30,7482.0,7486.0,18,7444.0,7488.0,7490.0,7476.0,345.0,25808120.0,122602
2023-05-09 21:02:00,p2307,p2307,7484.0,0.0,0.0,0.0,16,7482.0,7486.0,24,7444.0,7488.0,7490.0,7476.0,345.0,25808120.0,122602
2023-05-09 21:02:01,p2307,p2307,7484.0,0.0,0.0,0.0,16,7482.0,7486.0,19,7444.0,7488.0,7490.0,7476.0,345.0,25808120.0,122602
2023-05-09 21:02:01,p2307,p2307,7484.0,0.0,0.0,0.0,14,7482.0,7486.0,19,7444.0,7488.0,7490.0,7476.0,345.0,25808120.0,122602
2023-05-09 21:02:02,p2307,p2307,7484.0,0.0,0.0,0.0,24,7482.0,7486.0,19,7444.0,7488.0,7490.0,7476.0,345.0,25808120.0,122602
2023-05-09 21:02:02,p2307,p2307,7486.0,21.0,1572060.0,13.0,2,7486.0,7488.0,18,7444.0,7488.0,7490.0,7476.0,366.0,27380180.0,122615
2023-05-09 21:02:03,p2307,p2307,7486.0,0.0,0.0,0.0,2,7486.0,7488.0,13,7444.0,7488.0,7490.0,7476.0,366.0,27380180.0,122615
2023-05-09 21:02:03,p2307,p2307,7486.0,0.0,0.0,0.0,2,7486.0,7488.0,10,7444.0,7488.0,7490.0,7476.0,366.0,27380180.0,122615
2023-05-09 21:02:04,p2307,p2307,7488.0,8.0,599040.0,-5.0,41,7488.0,7490.0,51,7444.0,7488.0,7490.0,7476.0,374.0,27979220.0,122610
2023-05-09 21:02:04,p2307,p2307,7488.0,2.0,149760.0,0.0,49,7488.0,7490.0,18,7444.0,7488.0,7490.0,7476.0,376.0,28128980.0,122610
2023-05-09 21:02:05,p2307,p2307,7488.0,1.0,74880.0,0.0,51,7488.0,7490.0,2,7444.0,7488.0,7490.0,7476.0,377.0,28203860.0,122610
2023-05-09 21:02:05,p2307,p2307,7490.0,3.0,224700.0,2.0,56,7488.0,7492.0,23,7444.0,7488.0,7490.0,7476.0,380.0,28428560.0,122612
2023-05-09 21:02:06,p2307,p2307,7490.0,0.0,0.0,0.0,71,7488.0,7492.0,26,7444.0,7488.0,7490.0,7476.0,380.0,28428560.0,122612
2023-05-09 21:02:06,p2307,p2307,7490.0,0.0,0.0,0.0,71,7488.0,7492.0,24,7444.0,7488.0,7490.0,7476.0,380.0,28428560.0,122612
2023-05-09 21:02:07,p2307,p2307,7490.0,0.0,0.0,0.0,71,7488.0,7492.0,25,7444.0,7488.0,7490.0,7476.0,380.0,28428560.0,122612
2023-05-09 21:02:07,p2307,p2307,7490.0,0.0,0.0,0.0,66,7488.0,7492.0,46,7444.0,7488.0,7490.0,7476.0,380.0,28428560.0,122612
2023-05-09 21:02:07,p2307,p2307,7490.0,0.0,0.0,0.0,66,7488.0,7492.0,41,7444.0,7488.0,7490.0,7476.0,380.0,28428560.0,122612
2023-05-09 21:02:08,p2307,p2307,7490.0,0.0,0.0,0.0,66,7488.0,7492.0,48,7444.0,7488.0,7490.0,7476.0,380.0,28428560.0,122612
2023-05-09 21:02:09,p2307,p2307,7488.0,5.0,374400.0,-3.0,56,7488.0,7492.0,43,7444.0,7488.0,7490.0,7476.0,385.0,28802960.0,122609
2023-05-09 21:02:09,p2307,p2307,7488.0,13.0,973440.0,-3.0,36,7488.0,7492.0,48,7444.0,7488.0,7490.0,7476.0,398.0,29776400.0,122606
2023-05-09 21:02:10,p2307,p2307,7488.0,0.0,0.0,0.0,36,7488.0,7492.0,47,7444.0,7488.0,7490.0,7476.0,398.0,29776400.0,122606
2023-05-09 21:02:10,p2307,p2307,7488.0,0.0,0.0,0.0,36,7488.0,7492.0,53,7444.0,7488.0,7490.0,7476.0,398.0,29776400.0,122606
2023-05-09 21:02:11,p2307,p2307,7488.0,2.0,149760.0,-2.0,34,7488.0,7492.0,48,7444.0,7488.0,7490.0,7476.0,400.0,29926160.0,122604
2023-05-09 21:02:13,p2307,p2307,7488.0,1.0,74880.0,0.0,24,7488.0,7490.0,27,7444.0,7488.0,7490.0,7476.0,401.0,30001040.0,122604
2023-05-09 21:02:13,p2307,p2307,7488.0,1.0,74880.0,0.0,23,7488.0,7490.0,37,7444.0,7488.0,7490.0,7476.0,402.0,30075920.0,122604
2023-05-09 21:02:14,p2307,p2307,7488.0,11.0,823680.0,-6.0,12,7488.0,7490.0,38,7444.0,7488.0,7490.0,7476.0,413.0,30899600.0,122598
2023-05-09 21:02:14,p2307,p2307,7488.0,13.0,973440.0,3.0,19,7486.0,7488.0,5,7444.0,7488.0,7490.0,7476.0,426.0,31873040.0,122601
2023-05-09 21:02:15,p2307,p2307,7488.0,1.0,74880.0,0.0,14,7486.0,7488.0,4,7444.0,7488.0,7490.0,7476.0,427.0,31947920.0,122601
2023-05-09 21:02:15,p2307,p2307,7488.0,0.0,0.0,0.0,10,7486.0,7488.0,10,7444.0,7488.0,7490.0,7476.0,427.0,31947920.0,122601
2023-05-09 21:02:16,p2307,p2307,7488.0,0.0,0.0,0.0,14,7486.0,7488.0,7,7444.0,7488.0,7490.0,7476.0,427.0,31947920.0,122601
2023-05-09 21:02:16,p2307,p2307,7486.0,6.0,449160.0,-1.0,2,7486.0,7488.0,7,7444.0,7488.0,7490.0,7476.0,433.0,32397080.0,122600
2023-05-09 21:02:17,p2307,p2307,7486.0,0.0,0.0,0.0,36,7484.0,7488.0,12,7444.0,7488.0,7490.0,7476.0,433.0,32397080.0,122600
2023-05-09 21:02:18,p2307,p2307,7486.0,0.0,0.0,0.0,31,7484.0,7488.0,15,7444.0,7488.0,7490.0,7476.0,433.0,32397080.0,122600
2023-05-09 21:02:18,p2307,p2307,7486.0,0.0,0.0,0.0,26,7484.0,7488.0,16,7444.0,7488.0,7490.0,7476.0,433.0,32397080.0,122600
2023-05-09 21:02:19,p2307,p2307,7486.0,0.0,0.0,0.0,20,7484.0,7488.0,21,7444.0,7488.0,7490.0,7476.0,433.0,32397080.0,122600
2023-05-09 21:02:20,p2307,p2307,7484.0,1.0,74840.0,0.0,24,7484.0,7488.0,20,7444.0,7488.0,7490.0,7476.0,434.0,32471920.0,122600
2023-05-09 21:02:20,p2307,p2307,7486.0,1.0,74860.0,1.0,24,7484.0,7486.0,2,7444.0,7488.0,7490.0,7476.0,435.0,32546780.0,122601
2023-05-09 21:02:21,p2307,p2307,7486.0,2.0,149720.0,2.0,3,7484.0,7488.0,37,7444.0,7488.0,7490.0,7476.0,437.0,32696500.0,122603
2023-05-09 21:02:21,p2307,p2307,7486.0,0.0,0.0,0.0,8,7484.0,7488.0,42,7444.0,7488.0,7490.0,7476.0,437.0,32696500.0,122603
2023-05-09 21:02:22,p2307,p2307,7486.0,0.0,0.0,0.0,17,7484.0,7488.0,34,7444.0,7488.0,7490.0,7476.0,437.0,32696500.0,122603
2023-05-09 21:02:23,p2307,p2307,7486.0,0.0,0.0,0.0,22,7484.0,7488.0,34,7444.0,7488.0,7490.0,7476.0,437.0,32696500.0,122603
2023-05-09 21:02:24,p2307,p2307,7486.0,0.0,0.0,0.0,22,7484.0,7486.0,2,7444.0,7488.0,7490.0,7476.0,437.0,32696500.0,122603
2023-05-09 21:02:24,p2307,p2307,7486.0,0.0,0.0,0.0,10,7484.0,7486.0,2,7444.0,7488.0,7490.0,7476.0,437.0,32696500.0,122603
2023-05-09 21:02:25,p2307,p2307,7486.0,0.0,0.0,0.0,7,7484.0,7486.0,2,7444.0,7488.0,7490.0,7476.0,437.0,32696500.0,122603
2023-05-09 21:02:25,p2307,p2307,7486.0,2.0,149720.0,0.0,9,7484.0,7488.0,33,7444.0,7488.0,7490.0,7476.0,439.0,32846220.0,122603
2023-05-09 21:02:26,p2307,p2307,7486.0,0.0,0.0,0.0,14,7484.0,7488.0,38,7444.0,7488.0,7490.0,7476.0,439.0,32846220.0,122603
2023-05-09 21:02:26,p2307,p2307,7486.0,0.0,0.0,0.0,19,7484.0,7488.0,33,7444.0,7488.0,7490.0,7476.0,439.0,32846220.0,122603
2023-05-09 21:02:27,p2307,p2307,7484.0,1.0,74840.0,1.0,23,7484.0,7488.0,38,7444.0,7488.0,7490.0,7476.0,440.0,32921060.0,122604
2023-05-09 21:02:27,p2307,p2307,7484.0,0.0,0.0,0.0,23,7484.0,7486.0,2,7444.0,7488.0,7490.0,7476.0,440.0,32921060.0,122604
2023-05-09 21:02:28,p2307,p2307,7484.0,0.0,0.0,0.0,18,7484.0,7486.0,2,7444.0,7488.0,7490.0,7476.0,440.0,32921060.0,122604
2023-05-09 21:02:28,p2307,p2307,7486.0,2.0,149700.0,1.0,17,7484.0,7486.0,1,7444.0,7488.0,7490.0,7476.0,442.0,33070760.0,122605
2023-05-09 21:02:29,p2307,p2307,7486.0,1.0,74860.0,0.0,4,7486.0,7488.0,31,7444.0,7488.0,7490.0,7476.0,443.0,33145620.0,122605
2023-05-09 21:02:29,p2307,p2307,7486.0,2.0,149720.0,0.0,2,7486.0,7488.0,38,7444.0,7488.0,7490.0,7476.0,445.0,33295340.0,122605
2023-05-09 21:02:30,p2307,p2307,7484.0,38.0,2843960.0,9.0,32,7482.0,7484.0,4,7444.0,7488.0,7490.0,7476.0,483.0,36139300.0,122614
2023-05-09 21:02:30,p2307,p2307,7484.0,0.0,0.0,0.0,17,7482.0,7484.0,16,7444.0,7488.0,7490.0,7476.0,483.0,36139300.0,122614
2023-05-09 21:02:31,p2307,p2307,7484.0,0.0,0.0,0.0,14,7482.0,7484.0,21,7444.0,7488.0,7490.0,7476.0,483.0,36139300.0,122614
2023-05-09 21:02:31,p2307,p2307,7484.0,0.0,0.0,0.0,9,7482.0,7484.0,21,7444.0,7488.0,7490.0,7476.0,483.0,36139300.0,122614
2023-05-09 21:02:32,p2307,p2307,7484.0,1.0,74840.0,0.0,4,7482.0,7484.0,20,7444.0,7488.0,7490.0,7476.0,484.0,36214140.0,122614
2023-05-09 21:02:33,p2307,p2307,7482.0,2.0,149640.0,-2.0,34,7480.0,7484.0,25,7444.0,7488.0,7490.0,7476.0,486.0,36363780.0,122612
2023-05-09 21:02:34,p2307,p2307,7482.0,0.0,0.0,0.0,33,7480.0,7482.0,11,7444.0,7488.0,7490.0,7476.0,486.0,36363780.0,122612
2023-05-09 21:02:34,p2307,p2307,7482.0,1.0,74820.0,0.0,18,7480.0,7482.0,10,7444.0,7488.0,7490.0,7476.0,487.0,36438600.0,122612
2023-05-09 21:02:35,p2307,p2307,7480.0,1.0,74800.0,0.0,17,7480.0,7482.0,10,7444.0,7488.0,7490.0,7476.0,488.0,36513400.0,122612
2023-05-09 21:02:36,p2307,p2307,7482.0,8.0,598560.0,-1.0,20,7480.0,7484.0,28,7444.0,7488.0,7490.0,7476.0,496.0,37111960.0,122611
2023-05-09 21:02:37,p2307,p2307,7482.0,0.0,0.0,0.0,31,7480.0,7484.0,18,7444.0,7488.0,7490.0,7476.0,496.0,37111960.0,122611
2023-05-09 21:02:37,p2307,p2307,7482.0,0.0,0.0,0.0,36,7480.0,7484.0,23,7444.0,7488.0,7490.0,7476.0,496.0,37111960.0,122611
2023-05-09 21:02:38,p2307,p2307,7482.0,0.0,0.0,0.0,38,7480.0,7484.0,23,7444.0,7488.0,7490.0,7476.0,496.0,37111960.0,122611
2023-05-09 21:02:39,p2307,p2307,7482.0,0.0,0.0,0.0,49,7480.0,7484.0,18,7444.0,7488.0,7490.0,7476.0,496.0,37111960.0,122611
2023-05-09 21:02:39,p2307,p2307,7482.0,0.0,0.0,0.0,50,7480.0,7484.0,18,7444.0,7488.0,7490.0,7476.0,496.0,37111960.0,122611
2023-05-09 21:02:40,p2307,p2307,7482.0,0.0,0.0,0.0,45,7480.0,7484.0,18,7444.0,7488.0,7490.0,7476.0,496.0,37111960.0,122611
2023-05-09 21:02:40,p2307,p2307,7482.0,0.0,0.0,0.0,50,7480.0,7484.0,18,7444.0,7488.0,7490.0,7476.0,496.0,37111960.0,122611
2023-05-09 21:02:41,p2307,p2307,7484.0,1.0,74840.0,-1.0,50,7480.0,7484.0,17,7444.0,7488.0,7490.0,7476.0,497.0,37186800.0,122610
2023-05-09 21:02:42,p2307,p2307,7484.0,0.0,0.0,0.0,45,7480.0,7484.0,17,7444.0,7488.0,7490.0,7476.0,497.0,37186800.0,122610
2023-05-09 21:02:42,p2307,p2307,7484.0,0.0,0.0,0.0,50,7480.0,7484.0,17,7444.0,7488.0,7490.0,7476.0,497.0,37186800.0,122610
2023-05-09 21:02:44,p2307,p2307,7484.0,0.0,0.0,0.0,50,7480.0,7484.0,13,7444.0,7488.0,7490.0,7476.0,497.0,37186800.0,122610
2023-05-09 21:02:44,p2307,p2307,7484.0,0.0,0.0,0.0,35,7480.0,7484.0,16,7444.0,7488.0,7490.0,7476.0,497.0,37186800.0,122610
2023-05-09 21:02:45,p2307,p2307,7484.0,0.0,0.0,0.0,18,7480.0,7484.0,27,7444.0,7488.0,7490.0,7476.0,497.0,37186800.0,122610
2023-05-09 21:02:45,p2307,p2307,7484.0,0.0,0.0,0.0,8,7480.0,7484.0,37,7444.0,7488.0,7490.0,7476.0,497.0,37186800.0,122610
2023-05-09 21:02:46,p2307,p2307,7484.0,0.0,0.0,0.0,13,7480.0,7484.0,27,7444.0,7488.0,7490.0,7476.0,497.0,37186800.0,122610
2023-05-09 21:02:46,p2307,p2307,7484.0,0.0,0.0,0.0,7,7480.0,7482.0,17,7444.0,7488.0,7490.0,7476.0,497.0,37186800.0,122610
2023-05-09 21:02:47,p2307,p2307,7482.0,1.0,74820.0,1.0,4,7480.0,7482.0,21,7444.0,7488.0,7490.0,7476.0,498.0,37261620.0,122611
2023-05-09 21:02:47,p2307,p2307,7482.0,0.0,0.0,0.0,3,7480.0,7482.0,21,7444.0,7488.0,7490.0,7476.0,498.0,37261620.0,122611
2023-05-09 21:02:50,p2307,p2307,7480.0,1.0,74800.0,-1.0,46,7478.0,7482.0,39,7444.0,7488.0,7490.0,7476.0,499.0,37336420.0,122610
2023-05-09 21:02:50,p2307,p2307,7480.0,0.0,0.0,0.0,32,7478.0,7482.0,49,7444.0,7488.0,7490.0,7476.0,499.0,37336420.0,122610
2023-05-09 21:02:51,p2307,p2307,7480.0,0.0,0.0,0.0,22,7478.0,7482.0,55,7444.0,7488.0,7490.0,7476.0,499.0,37336420.0,122610
2023-05-09 21:02:51,p2307,p2307,7480.0,2.0,149600.0,-2.0,22,7478.0,7480.0,12,7444.0,7488.0,7490.0,7476.0,501.0,37486020.0,122608
2023-05-09 21:02:52,p2307,p2307,7480.0,0.0,0.0,0.0,10,7478.0,7480.0,23,7444.0,7488.0,7490.0,7476.0,501.0,37486020.0,122608
2023-05-09 21:02:53,p2307,p2307,7480.0,0.0,0.0,0.0,6,7478.0,7480.0,23,7444.0,7488.0,7490.0,7476.0,501.0,37486020.0,122608
2023-05-09 21:02:54,p2307,p2307,7478.0,2.0,149560.0,-1.0,4,7478.0,7480.0,28,7444.0,7488.0,7490.0,7476.0,503.0,37635580.0,122607
2023-05-09 21:02:54,p2307,p2307,7476.0,18.0,1345760.0,1.0,78,7476.0,7478.0,16,7444.0,7488.0,7490.0,7476.0,521.0,38981340.0,122608
2023-05-09 21:02:55,p2307,p2307,7476.0,0.0,0.0,0.0,73,7476.0,7478.0,24,7444.0,7488.0,7490.0,7476.0,521.0,38981340.0,122608
2023-05-09 21:02:55,p2307,p2307,7476.0,0.0,0.0,0.0,73,7476.0,7478.0,30,7444.0,7488.0,7490.0,7476.0,521.0,38981340.0,122608
2023-05-09 21:02:56,p2307,p2307,7476.0,0.0,0.0,0.0,80,7476.0,7478.0,25,7444.0,7488.0,7490.0,7476.0,521.0,38981340.0,122608
2023-05-09 21:02:57,p2307,p2307,7476.0,0.0,0.0,0.0,73,7476.0,7478.0,30,7444.0,7488.0,7490.0,7476.0,521.0,38981340.0,122608
2023-05-09 21:02:57,p2307,p2307,7476.0,0.0,0.0,0.0,74,7476.0,7478.0,30,7444.0,7488.0,7490.0,7476.0,521.0,38981340.0,122608
2023-05-09 21:02:57,p2307,p2307,7476.0,0.0,0.0,0.0,73,7476.0,7478.0,30,7444.0,7488.0,7490.0,7476.0,521.0,38981340.0,122608
2023-05-09 21:02:59,p2307,p2307,7476.0,19.0,1420440.0,0.0,54,7476.0,7478.0,30,7444.0,7488.0,7490.0,7476.0,540.0,40401780.0,122608
2023-05-09 21:02:59,p2307,p2307,7478.0,23.0,1719520.0,-3.0,18,7476.0,7478.0,39,7444.0,7488.0,7490.0,7476.0,563.0,42121300.0,122605
2023-05-09 21:03:00,p2307,p2307,7476.0,18.0,1345680.0,11.0,11,7474.0,7476.0,5,7444.0,7488.0,7490.0,7476.0,581.0,43466980.0,122616
2023-05-09 21:03:00,p2307,p2307,7476.0,0.0,0.0,0.0,13,7474.0,7476.0,23,7444.0,7488.0,7490.0,7476.0,581.0,43466980.0,122616
2023-05-09 21:03:01,p2307,p2307,7476.0,0.0,0.0,0.0,15,7474.0,7476.0,23,7444.0,7488.0,7490.0,7476.0,581.0,43466980.0,122616
2023-05-09 21:03:01,p2307,p2307,7476.0,0.0,0.0,0.0,8,7474.0,7476.0,24,7444.0,7488.0,7490.0,7476.0,581.0,43466980.0,122616
2023-05-09 21:03:02,p2307,p2307,7476.0,0.0,0.0,0.0,8,7474.0,7476.0,49,7444.0,7488.0,7490.0,7476.0,581.0,43466980.0,122616
2023-05-09 21:03:02,p2307,p2307,7476.0,0.0,0.0,0.0,9,7474.0,7476.0,48,7444.0,7488.0,7490.0,7476.0,581.0,43466980.0,122616
2023-05-09 21:03:03,p2307,p2307,7474.0,3.0,224220.0,-1.0,8,7474.0,7476.0,50,7444.0,7488.0,7490.0,7474.0,584.0,43691200.0,122615
2023-05-09 21:03:04,p2307,p2307,7474.0,0.0,0.0,0.0,9,7474.0,7476.0,50,7444.0,7488.0,7490.0,7474.0,584.0,43691200.0,122615
2023-05-09 21:03:04,p2307,p2307,7478.0,67.0,5009160.0,-10.0,5,7478.0,7480.0,22,7444.0,7488.0,7490.0,7474.0,651.0,48700360.0,122605
2023-05-09 21:03:05,p2307,p2307,7478.0,4.0,299120.0,0.0,10,7478.0,7482.0,40,7444.0,7488.0,7490.0,7474.0,655.0,48999480.0,122605
2023-05-09 21:03:05,p2307,p2307,7478.0,0.0,0.0,0.0,15,7478.0,7482.0,35,7444.0,7488.0,7490.0,7474.0,655.0,48999480.0,122605
2023-05-09 21:03:06,p2307,p2307,7478.0,6.0,448680.0,0.0,14,7478.0,7482.0,30,7444.0,7488.0,7490.0,7474.0,661.0,49448160.0,122605
2023-05-09 21:03:07,p2307,p2307,7478.0,4.0,299120.0,2.0,13,7478.0,7482.0,30,7444.0,7488.0,7490.0,7474.0,665.0,49747280.0,122607
2023-05-09 21:03:07,p2307,p2307,7478.0,0.0,0.0,0.0,15,7478.0,7482.0,35,7444.0,7488.0,7490.0,7474.0,665.0,49747280.0,122607
2023-05-09 21:03:08,p2307,p2307,7478.0,0.0,0.0,0.0,20,7478.0,7482.0,36,7444.0,7488.0,7490.0,7474.0,665.0,49747280.0,122607
2023-05-09 21:03:09,p2307,p2307,7478.0,1.0,74780.0,0.0,30,7478.0,7482.0,36,7444.0,7488.0,7490.0,7474.0,666.0,49822060.0,122607
2023-05-09 21:03:09,p2307,p2307,7478.0,0.0,0.0,0.0,40,7478.0,7482.0,46,7444.0,7488.0,7490.0,7474.0,666.0,49822060.0,122607
2023-05-09 21:03:10,p2307,p2307,7478.0,0.0,0.0,0.0,19,7478.0,7482.0,56,7444.0,7488.0,7490.0,7474.0,666.0,49822060.0,122607
2023-05-09 21:03:10,p2307,p2307,7478.0,0.0,0.0,0.0,30,7478.0,7482.0,26,7444.0,7488.0,7490.0,7474.0,666.0,49822060.0,122607
2023-05-09 21:03:11,p2307,p2307,7478.0,0.0,0.0,0.0,44,7478.0,7482.0,20,7444.0,7488.0,7490.0,7474.0,666.0,49822060.0,122607
2023-05-09 21:03:11,p2307,p2307,7478.0,0.0,0.0,0.0,29,7478.0,7482.0,35,7444.0,7488.0,7490.0,7474.0,666.0,49822060.0,122607
2023-05-09 21:03:12,p2307,p2307,7478.0,0.0,0.0,0.0,24,7478.0,7482.0,35,7444.0,7488.0,7490.0,7474.0,666.0,49822060.0,122607
2023-05-09 21:03:12,p2307,p2307,7478.0,0.0,0.0,0.0,24,7478.0,7482.0,25,7444.0,7488.0,7490.0,7474.0,666.0,49822060.0,122607
2023-05-09 21:03:13,p2307,p2307,7478.0,0.0,0.0,0.0,5,7480.0,7482.0,20,7444.0,7488.0,7490.0,7474.0,666.0,49822060.0,122607
2023-05-09 21:03:13,p2307,p2307,7478.0,0.0,0.0,0.0,3,7480.0,7482.0,20,7444.0,7488.0,7490.0,7474.0,666.0,49822060.0,122607
2023-05-09 21:03:14,p2307,p2307,7478.0,1.0,74780.0,1.0,44,7478.0,7482.0,21,7444.0,7488.0,7490.0,7474.0,667.0,49896840.0,122608
2023-05-09 21:03:14,p2307,p2307,7478.0,0.0,0.0,0.0,34,7478.0,7482.0,19,7444.0,7488.0,7490.0,7474.0,667.0,49896840.0,122608
2023-05-09 21:03:17,p2307,p2307,7478.0,1.0,74780.0,0.0,1,7480.0,7482.0,19,7444.0,7488.0,7490.0,7474.0,668.0,49971620.0,122608
2023-05-09 21:03:17,p2307,p2307,7480.0,1.0,74800.0,1.0,3,7480.0,7482.0,18,7444.0,7488.0,7490.0,7474.0,669.0,50046420.0,122609
2023-05-09 21:03:18,p2307,p2307,7480.0,0.0,0.0,0.0,43,7478.0,7482.0,18,7444.0,7488.0,7490.0,7474.0,669.0,50046420.0,122609
2023-05-09 21:03:18,p2307,p2307,7480.0,0.0,0.0,0.0,28,7480.0,7482.0,14,7444.0,7488.0,7490.0,7474.0,669.0,50046420.0,122609
2023-05-09 21:03:19,p2307,p2307,7480.0,0.0,0.0,0.0,48,7480.0,7482.0,9,7444.0,7488.0,7490.0,7474.0,669.0,50046420.0,122609
2023-05-09 21:03:19,p2307,p2307,7480.0,0.0,0.0,0.0,38,7480.0,7482.0,9,7444.0,7488.0,7490.0,7474.0,669.0,50046420.0,122609
2023-05-09 21:03:20,p2307,p2307,7480.0,0.0,0.0,0.0,38,7480.0,7482.0,12,7444.0,7488.0,7490.0,7474.0,669.0,50046420.0,122609
2023-05-09 21:03:20,p2307,p2307,7480.0,0.0,0.0,0.0,43,7480.0,7482.0,12,7444.0,7488.0,7490.0,7474.0,669.0,50046420.0,122609
2023-05-09 21:03:21,p2307,p2307,7480.0,0.0,0.0,0.0,48,7480.0,7482.0,14,7444.0,7488.0,7490.0,7474.0,669.0,50046420.0,122609
2023-05-09 21:03:22,p2307,p2307,7480.0,0.0,0.0,0.0,53,7480.0,7482.0,14,7444.0,7488.0,7490.0,7474.0,669.0,50046420.0,122609
2023-05-09 21:03:25,p2307,p2307,7480.0,0.0,0.0,0.0,54,7480.0,7482.0,14,7444.0,7488.0,7490.0,7474.0,669.0,50046420.0,122609
2023-05-09 21:03:26,p2307,p2307,7480.0,0.0,0.0,0.0,54,7480.0,7482.0,12,7444.0,7488.0,7490.0,7474.0,669.0,50046420.0,122609
2023-05-09 21:03:27,p2307,p2307,7480.0,0.0,0.0,0.0,54,7480.0,7482.0,8,7444.0,7488.0,7490.0,7474.0,669.0,50046420.0,122609
2023-05-09 21:03:29,p2307,p2307,7482.0,8.0,598560.0,8.0,5,7482.0,7484.0,19,7444.0,7488.0,7490.0,7474.0,677.0,50644980.0,122617
2023-05-09 21:03:29,p2307,p2307,7482.0,0.0,0.0,0.0,66,7480.0,7484.0,20,7444.0,7488.0,7490.0,7474.0,677.0,50644980.0,122617
2023-05-09 21:03:30,p2307,p2307,7482.0,0.0,0.0,0.0,65,7480.0,7484.0,30,7444.0,7488.0,7490.0,7474.0,677.0,50644980.0,122617
2023-05-09 21:03:31,p2307,p2307,7482.0,0.0,0.0,0.0,60,7480.0,7484.0,38,7444.0,7488.0,7490.0,7474.0,677.0,50644980.0,122617
2023-05-09 21:03:31,p2307,p2307,7482.0,0.0,0.0,0.0,60,7480.0,7484.0,40,7444.0,7488.0,7490.0,7474.0,677.0,50644980.0,122617
2023-05-09 21:03:32,p2307,p2307,7480.0,10.0,748000.0,10.0,45,7480.0,7482.0,5,7444.0,7488.0,7490.0,7474.0,687.0,51392980.0,122627
2023-05-09 21:03:32,p2307,p2307,7480.0,0.0,0.0,0.0,37,7480.0,7482.0,10,7444.0,7488.0,7490.0,7474.0,687.0,51392980.0,122627
2023-05-09 21:03:33,p2307,p2307,7480.0,0.0,0.0,0.0,47,7480.0,7482.0,10,7444.0,7488.0,7490.0,7474.0,687.0,51392980.0,122627
2023-05-09 21:03:33,p2307,p2307,7480.0,0.0,0.0,0.0,42,7480.0,7482.0,6,7444.0,7488.0,7490.0,7474.0,687.0,51392980.0,122627
2023-05-09 21:03:34,p2307,p2307,7480.0,1.0,74800.0,1.0,41,7480.0,7482.0,7,7444.0,7488.0,7490.0,7474.0,688.0,51467780.0,122628
2023-05-09 21:03:34,p2307,p2307,7480.0,0.0,0.0,0.0,44,7480.0,7484.0,40,7444.0,7488.0,7490.0,7474.0,688.0,51467780.0,122628
2023-05-09 21:03:35,p2307,p2307,7480.0,0.0,0.0,0.0,44,7480.0,7484.0,28,7444.0,7488.0,7490.0,7474.0,688.0,51467780.0,122628
2023-05-09 21:03:35,p2307,p2307,7480.0,0.0,0.0,0.0,49,7480.0,7484.0,34,7444.0,7488.0,7490.0,7474.0,688.0,51467780.0,122628
2023-05-09 21:03:37,p2307,p2307,7480.0,0.0,0.0,0.0,5,7482.0,7484.0,35,7444.0,7488.0,7490.0,7474.0,688.0,51467780.0,122628
2023-05-09 21:03:37,p2307,p2307,7480.0,0.0,0.0,0.0,5,7482.0,7484.0,23,7444.0,7488.0,7490.0,7474.0,688.0,51467780.0,122628
2023-05-09 21:03:38,p2307,p2307,7480.0,0.0,0.0,0.0,10,7482.0,7484.0,23,7444.0,7488.0,7490.0,7474.0,688.0,51467780.0,122628
2023-05-09 21:03:38,p2307,p2307,7482.0,1.0,74820.0,0.0,9,7482.0,7484.0,23,7444.0,7488.0,7490.0,7474.0,689.0,51542600.0,122628
2023-05-09 21:03:39,p2307,p2307,7482.0,0.0,0.0,0.0,6,7482.0,7484.0,23,7444.0,7488.0,7490.0,7474.0,689.0,51542600.0,122628
2023-05-09 21:03:39,p2307,p2307,7482.0,0.0,0.0,0.0,5,7482.0,7484.0,23,7444.0,7488.0,7490.0,7474.0,689.0,51542600.0,122628
2023-05-09 21:03:40,p2307,p2307,7482.0,5.0,374100.0,0.0,41,7480.0,7484.0,23,7444.0,7488.0,7490.0,7474.0,694.0,51916700.0,122628
2023-05-09 21:03:41,p2307,p2307,7482.0,0.0,0.0,0.0,10,7482.0,7484.0,23,7444.0,7488.0,7490.0,7474.0,694.0,51916700.0,122628
2023-05-09 21:03:42,p2307,p2307,7482.0,0.0,0.0,0.0,10,7482.0,7484.0,24,7444.0,7488.0,7490.0,7474.0,694.0,51916700.0,122628
2023-05-09 21:03:42,p2307,p2307,7482.0,0.0,0.0,0.0,10,7482.0,7484.0,23,7444.0,7488.0,7490.0,7474.0,694.0,51916700.0,122628
2023-05-09 21:03:44,p2307,p2307,7482.0,1.0,74820.0,1.0,11,7482.0,7484.0,21,7444.0,7488.0,7490.0,7474.0,695.0,51991520.0,122629
2023-05-09 21:03:44,p2307,p2307,7482.0,2.0,149640.0,2.0,7,7482.0,7484.0,19,7444.0,7488.0,7490.0,7474.0,697.0,52141160.0,122631
2023-05-09 21:03:45,p2307,p2307,7482.0,0.0,0.0,0.0,9,7482.0,7484.0,19,7444.0,7488.0,7490.0,7474.0,697.0,52141160.0,122631
2023-05-09 21:03:46,p2307,p2307,7482.0,7.0,523740.0,1.0,41,7480.0,7484.0,22,7444.0,7488.0,7490.0,7474.0,704.0,52664900.0,122632
2023-05-09 21:03:46,p2307,p2307,7482.0,0.0,0.0,0.0,27,7480.0,7484.0,27,7444.0,7488.0,7490.0,7474.0,704.0,52664900.0,122632
2023-05-09 21:03:47,p2307,p2307,7482.0,0.0,0.0,0.0,32,7480.0,7484.0,34,7444.0,7488.0,7490.0,7474.0,704.0,52664900.0,122632
2023-05-09 21:03:47,p2307,p2307,7482.0,0.0,0.0,0.0,37,7480.0,7484.0,24,7444.0,7488.0,7490.0,7474.0,704.0,52664900.0,122632
2023-05-09 21:03:48,p2307,p2307,7480.0,11.0,822800.0,10.0,28,7480.0,7484.0,23,7444.0,7488.0,7490.0,7474.0,715.0,53487700.0,122642
2023-05-09 21:03:48,p2307,p2307,7480.0,0.0,0.0,0.0,18,7480.0,7484.0,24,7444.0,7488.0,7490.0,7474.0,715.0,53487700.0,122642
2023-05-09 21:03:49,p2307,p2307,7482.0,1.0,74820.0,1.0,23,7480.0,7484.0,24,7444.0,7488.0,7490.0,7474.0,716.0,53562520.0,122643
2023-05-09 21:03:50,p2307,p2307,7482.0,0.0,0.0,0.0,45,7480.0,7484.0,29,7444.0,7488.0,7490.0,7474.0,716.0,53562520.0,122643
2023-05-09 21:03:50,p2307,p2307,7482.0,0.0,0.0,0.0,43,7480.0,7484.0,29,7444.0,7488.0,7490.0,7474.0,716.0,53562520.0,122643
2023-05-09 21:03:51,p2307,p2307,7482.0,0.0,0.0,0.0,35,7480.0,7484.0,31,7444.0,7488.0,7490.0,7474.0,716.0,53562520.0,122643
2023-05-09 21:03:51,p2307,p2307,7482.0,0.0,0.0,0.0,45,7480.0,7484.0,31,7444.0,7488.0,7490.0,7474.0,716.0,53562520.0,122643
2023-05-09 21:03:52,p2307,p2307,7482.0,0.0,0.0,0.0,40,7480.0,7484.0,36,7444.0,7488.0,7490.0,7474.0,716.0,53562520.0,122643
2023-05-09 21:03:53,p2307,p2307,7482.0,0.0,0.0,0.0,41,7480.0,7484.0,26,7444.0,7488.0,7490.0,7474.0,716.0,53562520.0,122643
2023-05-09 21:03:53,p2307,p2307,7482.0,0.0,0.0,0.0,31,7480.0,7484.0,44,7444.0,7488.0,7490.0,7474.0,716.0,53562520.0,122643
2023-05-09 21:03:54,p2307,p2307,7484.0,67.0,5014360.0,-35.0,1,7482.0,7484.0,1,7444.0,7488.0,7490.0,7474.0,783.0,58576880.0,122608
2023-05-09 21:03:54,p2307,p2307,7484.0,0.0,0.0,0.0,4,7482.0,7484.0,10,7444.0,7488.0,7490.0,7474.0,783.0,58576880.0,122608
2023-05-09 21:03:55,p2307,p2307,7482.0,2.0,149640.0,-1.0,44,7480.0,7484.0,15,7444.0,7488.0,7490.0,7474.0,785.0,58726520.0,122607
2023-05-09 21:03:56,p2307,p2307,7482.0,0.0,0.0,0.0,54,7480.0,7484.0,20,7444.0,7488.0,7490.0,7474.0,785.0,58726520.0,122607
2023-05-09 21:03:57,p2307,p2307,7482.0,0.0,0.0,0.0,54,7480.0,7484.0,22,7444.0,7488.0,7490.0,7474.0,785.0,58726520.0,122607
2023-05-09 21:03:57,p2307,p2307,7482.0,0.0,0.0,0.0,1,7482.0,7484.0,17,7444.0,7488.0,7490.0,7474.0,785.0,58726520.0,122607
2023-05-09 21:03:58,p2307,p2307,7482.0,1.0,74820.0,1.0,3,7482.0,7484.0,17,7444.0,7488.0,7490.0,7474.0,786.0,58801340.0,122608
2023-05-09 21:03:59,p2307,p2307,7484.0,15.0,1122600.0,5.0,8,7484.0,7486.0,53,7444.0,7488.0,7490.0,7474.0,801.0,59923940.0,122613
2023-05-09 21:03:59,p2307,p2307,7484.0,9.0,673560.0,9.0,13,7482.0,7484.0,9,7444.0,7488.0,7490.0,7474.0,810.0,60597500.0,122622
2023-05-09 21:04:00,p2307,p2307,7482.0,1.0,74820.0,1.0,12,7482.0,7484.0,23,7444.0,7488.0,7490.0,7474.0,811.0,60672320.0,122623
2023-05-09 21:04:00,p2307,p2307,7482.0,0.0,0.0,0.0,12,7482.0,7484.0,19,7444.0,7488.0,7490.0,7474.0,811.0,60672320.0,122623
2023-05-09 21:04:01,p2307,p2307,7482.0,7.0,523740.0,7.0,7,7482.0,7484.0,15,7444.0,7488.0,7490.0,7474.0,818.0,61196060.0,122630
2023-05-09 21:04:02,p2307,p2307,7482.0,0.0,0.0,0.0,10,7482.0,7484.0,15,7444.0,7488.0,7490.0,7474.0,818.0,61196060.0,122630
2023-05-09 21:04:03,p2307,p2307,7484.0,19.0,1421960.0,5.0,22,7482.0,7486.0,30,7444.0,7488.0,7490.0,7474.0,837.0,62618020.0,122635
2023-05-09 21:04:03,p2307,p2307,7482.0,1.0,74820.0,1.0,34,7482.0,7486.0,3,7444.0,7488.0,7490.0,7474.0,838.0,62692840.0,122636
2023-05-09 21:04:04,p2307,p2307,7482.0,0.0,0.0,0.0,1,7484.0,7486.0,9,7444.0,7488.0,7490.0,7474.0,838.0,62692840.0,122636
2023-05-09 21:04:04,p2307,p2307,7484.0,1.0,74840.0,0.0,40,7482.0,7486.0,24,7444.0,7488.0,7490.0,7474.0,839.0,62767680.0,122636
2023-05-09 21:04:05,p2307,p2307,7484.0,0.0,0.0,0.0,16,7482.0,7486.0,38,7444.0,7488.0,7490.0,7474.0,839.0,62767680.0,122636
2023-05-09 21:04:05,p2307,p2307,7484.0,1.0,74840.0,1.0,21,7482.0,7484.0,8,7444.0,7488.0,7490.0,7474.0,840.0,62842520.0,122637
2023-05-09 21:04:06,p2307,p2307,7484.0,1.0,74840.0,0.0,26,7482.0,7484.0,7,7444.0,7488.0,7490.0,7474.0,841.0,62917360.0,122637
2023-05-09 21:04:06,p2307,p2307,7484.0,0.0,0.0,0.0,15,7482.0,7484.0,11,7444.0,7488.0,7490.0,7474.0,841.0,62917360.0,122637
2023-05-09 21:04:07,p2307,p2307,7484.0,0.0,0.0,0.0,9,7482.0,7484.0,11,7444.0,7488.0,7490.0,7474.0,841.0,62917360.0,122637
2023-05-09 21:04:07,p2307,p2307,7484.0,0.0,0.0,0.0,6,7482.0,7484.0,25,7444.0,7488.0,7490.0,7474.0,841.0,62917360.0,122637
2023-05-09 21:04:08,p2307,p2307,7484.0,0.0,0.0,0.0,9,7482.0,7484.0,25,7444.0,7488.0,7490.0,7474.0,841.0,62917360.0,122637
2023-05-09 21:04:08,p2307,p2307,7482.0,3.0,224460.0,3.0,11,7482.0,7484.0,34,7444.0,7488.0,7490.0,7474.0,844.0,63141820.0,122640
2023-05-09 21:04:09,p2307,p2307,7482.0,0.0,0.0,0.0,8,7482.0,7484.0,54,7444.0,7488.0,7490.0,7474.0,844.0,63141820.0,122640
2023-05-09 21:04:09,p2307,p2307,7482.0,8.0,598560.0,0.0,34,7480.0,7482.0,11,7444.0,7488.0,7490.0,7474.0,852.0,63740380.0,122640
2023-05-09 21:04:10,p2307,p2307,7482.0,0.0,0.0,0.0,39,7480.0,7482.0,21,7444.0,7488.0,7490.0,7474.0,852.0,63740380.0,122640
2023-05-09 21:04:11,p2307,p2307,7482.0,0.0,0.0,0.0,39,7480.0,7482.0,18,7444.0,7488.0,7490.0,7474.0,852.0,63740380.0,122640
2023-05-09 21:04:12,p2307,p2307,7482.0,0.0,0.0,0.0,34,7480.0,7482.0,22,7444.0,7488.0,7490.0,7474.0,852.0,63740380.0,122640
2023-05-09 21:04:12,p2307,p2307,7482.0,0.0,0.0,0.0,39,7480.0,7482.0,22,7444.0,7488.0,7490.0,7474.0,852.0,63740380.0,122640
2023-05-09 21:04:12,p2307,p2307,7482.0,0.0,0.0,0.0,39,7480.0,7482.0,19,7444.0,7488.0,7490.0,7474.0,852.0,63740380.0,122640
2023-05-09 21:04:13,p2307,p2307,7482.0,19.0,1421580.0,14.0,18,7482.0,7484.0,11,7444.0,7488.0,7490.0,7474.0,871.0,65161960.0,122654
2023-05-09 21:04:14,p2307,p2307,7482.0,0.0,0.0,0.0,18,7482.0,7484.0,3,7444.0,7488.0,7490.0,7474.0,871.0,65161960.0,122654
2023-05-09 21:04:15,p2307,p2307,7482.0,0.0,0.0,0.0,16,7482.0,7484.0,5,7444.0,7488.0,7490.0,7474.0,871.0,65161960.0,122654
2023-05-09 21:04:15,p2307,p2307,7482.0,0.0,0.0,0.0,24,7482.0,7484.0,2,7444.0,7488.0,7490.0,7474.0,871.0,65161960.0,122654
2023-05-09 21:04:16,p2307,p2307,7484.0,5.0,374200.0,0.0,24,7482.0,7486.0,35,7444.0,7488.0,7490.0,7474.0,876.0,65536160.0,122654
2023-05-09 21:04:17,p2307,p2307,7484.0,0.0,0.0,0.0,32,7482.0,7486.0,50,7444.0,7488.0,7490.0,7474.0,876.0,65536160.0,122654
2023-05-09 21:04:17,p2307,p2307,7484.0,0.0,0.0,0.0,42,7482.0,7486.0,14,7444.0,7488.0,7490.0,7474.0,876.0,65536160.0,122654
2023-05-09 21:04:18,p2307,p2307,7484.0,0.0,0.0,0.0,37,7482.0,7486.0,32,7444.0,7488.0,7490.0,7474.0,876.0,65536160.0,122654
2023-05-09 21:04:18,p2307,p2307,7484.0,0.0,0.0,0.0,30,7482.0,7486.0,36,7444.0,7488.0,7490.0,7474.0,876.0,65536160.0,122654
2023-05-09 21:04:19,p2307,p2307,7484.0,0.0,0.0,0.0,35,7482.0,7486.0,23,7444.0,7488.0,7490.0,7474.0,876.0,65536160.0,122654
2023-05-09 21:04:20,p2307,p2307,7484.0,0.0,0.0,0.0,28,7482.0,7484.0,6,7444.0,7488.0,7490.0,7474.0,876.0,65536160.0,122654
2023-05-09 21:04:20,p2307,p2307,7484.0,0.0,0.0,0.0,15,7482.0,7484.0,6,7444.0,7488.0,7490.0,7474.0,876.0,65536160.0,122654
2023-05-09 21:04:21,p2307,p2307,7484.0,0.0,0.0,0.0,15,7482.0,7484.0,8,7444.0,7488.0,7490.0,7474.0,876.0,65536160.0,122654
2023-05-09 21:04:23,p2307,p2307,7482.0,15.0,1122300.0,0.0,46,7480.0,7484.0,9,7444.0,7488.0,7490.0,7474.0,891.0,66658460.0,122654
2023-05-09 21:04:23,p2307,p2307,7482.0,10.0,748200.0,1.0,19,7480.0,7484.0,22,7444.0,7488.0,7490.0,7474.0,901.0,67406660.0,122655
2023-05-09 21:04:24,p2307,p2307,7482.0,1.0,74820.0,0.0,8,7480.0,7484.0,22,7444.0,7488.0,7490.0,7474.0,902.0,67481480.0,122655
2023-05-09 21:04:24,p2307,p2307,7482.0,1.0,74820.0,1.0,9,7482.0,7484.0,17,7444.0,7488.0,7490.0,7474.0,903.0,67556300.0,122656
2023-05-09 21:04:25,p2307,p2307,7482.0,0.0,0.0,0.0,16,7482.0,7484.0,17,7444.0,7488.0,7490.0,7474.0,903.0,67556300.0,122656
2023-05-09 21:04:26,p2307,p2307,7482.0,6.0,448920.0,6.0,18,7482.0,7484.0,6,7444.0,7488.0,7490.0,7474.0,909.0,68005220.0,122662
2023-05-09 21:04:26,p2307,p2307,7482.0,0.0,0.0,0.0,18,7482.0,7484.0,8,7444.0,7488.0,7490.0,7474.0,909.0,68005220.0,122662
2023-05-09 21:04:27,p2307,p2307,7482.0,0.0,0.0,0.0,18,7482.0,7484.0,6,7444.0,7488.0,7490.0,7474.0,909.0,68005220.0,122662
2023-05-09 21:04:29,p2307,p2307,7482.0,0.0,0.0,0.0,24,7482.0,7484.0,4,7444.0,7488.0,7490.0,7474.0,909.0,68005220.0,122662
2023-05-09 21:04:30,p2307,p2307,7484.0,4.0,299360.0,3.0,24,7482.0,7486.0,35,7444.0,7488.0,7490.0,7474.0,913.0,68304580.0,122665
2023-05-09 21:04:30,p2307,p2307,7484.0,0.0,0.0,0.0,27,7482.0,7486.0,17,7444.0,7488.0,7490.0,7474.0,913.0,68304580.0,122665
2023-05-09 21:04:31,p2307,p2307,7484.0,0.0,0.0,0.0,20,7482.0,7486.0,42,7444.0,7488.0,7490.0,7474.0,913.0,68304580.0,122665
2023-05-09 21:04:31,p2307,p2307,7484.0,0.0,0.0,0.0,20,7482.0,7486.0,46,7444.0,7488.0,7490.0,7474.0,913.0,68304580.0,122665
2023-05-09 21:04:32,p2307,p2307,7484.0,0.0,0.0,0.0,30,7482.0,7484.0,10,7444.0,7488.0,7490.0,7474.0,913.0,68304580.0,122665
2023-05-09 21:04:32,p2307,p2307,7484.0,5.0,374200.0,0.0,27,7482.0,7484.0,6,7444.0,7488.0,7490.0,7474.0,918.0,68678780.0,122665
2023-05-09 21:04:33,p2307,p2307,7484.0,0.0,0.0,0.0,17,7482.0,7484.0,11,7444.0,7488.0,7490.0,7474.0,918.0,68678780.0,122665
2023-05-09 21:04:35,p2307,p2307,7484.0,0.0,0.0,0.0,27,7482.0,7484.0,9,7444.0,7488.0,7490.0,7474.0,918.0,68678780.0,122665
2023-05-09 21:04:35,p2307,p2307,7484.0,0.0,0.0,0.0,47,7482.0,7484.0,6,7444.0,7488.0,7490.0,7474.0,918.0,68678780.0,122665
2023-05-09 21:04:36,p2307,p2307,7484.0,0.0,0.0,0.0,42,7482.0,7484.0,7,7444.0,7488.0,7490.0,7474.0,918.0,68678780.0,122665
2023-05-09 21:04:37,p2307,p2307,7484.0,0.0,0.0,0.0,22,7482.0,7484.0,12,7444.0,7488.0,7490.0,7474.0,918.0,68678780.0,122665
2023-05-09 21:04:38,p2307,p2307,7484.0,0.0,0.0,0.0,17,7482.0,7484.0,12,7444.0,7488.0,7490.0,7474.0,918.0,68678780.0,122665
2023-05-09 21:04:38,p2307,p2307,7484.0,0.0,0.0,0.0,17,7482.0,7484.0,13,7444.0,7488.0,7490.0,7474.0,918.0,68678780.0,122665
2023-05-09 21:04:40,p2307,p2307,7482.0,31.0,2319420.0,3.0,20,7480.0,7482.0,6,7444.0,7488.0,7490.0,7474.0,949.0,70998200.0,122668
2023-05-09 21:04:40,p2307,p2307,7480.0,2.0,149600.0,0.0,2,7480.0,7482.0,8,7444.0,7488.0,7490.0,7474.0,951.0,71147800.0,122668
2023-05-09 21:04:41,p2307,p2307,7480.0,0.0,0.0,0.0,10,7480.0,7482.0,12,7444.0,7488.0,7490.0,7474.0,951.0,71147800.0,122668
2023-05-09 21:04:41,p2307,p2307,7480.0,0.0,0.0,0.0,12,7480.0,7482.0,9,7444.0,7488.0,7490.0,7474.0,951.0,71147800.0,122668
2023-05-09 21:04:41,p2307,p2307,7480.0,1.0,74800.0,1.0,14,7480.0,7482.0,9,7444.0,7488.0,7490.0,7474.0,952.0,71222600.0,122669
2023-05-09 21:04:42,p2307,p2307,7480.0,9.0,673200.0,1.0,59,7478.0,7482.0,22,7444.0,7488.0,7490.0,7474.0,961.0,71895800.0,122670
2023-05-09 21:04:43,p2307,p2307,7480.0,5.0,374000.0,0.0,44,7478.0,7482.0,26,7444.0,7488.0,7490.0,7474.0,966.0,72269800.0,122670
2023-05-09 21:04:43,p2307,p2307,7480.0,0.0,0.0,0.0,57,7478.0,7482.0,21,7444.0,7488.0,7490.0,7474.0,966.0,72269800.0,122670
2023-05-09 21:04:44,p2307,p2307,7480.0,0.0,0.0,0.0,62,7478.0,7482.0,19,7444.0,7488.0,7490.0,7474.0,966.0,72269800.0,122670
2023-05-09 21:04:44,p2307,p2307,7480.0,0.0,0.0,0.0,67,7478.0,7482.0,19,7444.0,7488.0,7490.0,7474.0,966.0,72269800.0,122670
2023-05-09 21:04:45,p2307,p2307,7478.0,2.0,149560.0,0.0,62,7478.0,7482.0,25,7444.0,7488.0,7490.0,7474.0,968.0,72419360.0,122670
2023-05-09 21:04:45,p2307,p2307,7480.0,3.0,224400.0,1.0,50,7478.0,7482.0,23,7444.0,7488.0,7490.0,7474.0,971.0,72643760.0,122671
2023-05-09 21:04:46,p2307,p2307,7482.0,1.0,74820.0,1.0,16,7480.0,7482.0,11,7444.0,7488.0,7490.0,7474.0,972.0,72718580.0,122672
2023-05-09 21:04:46,p2307,p2307,7482.0,0.0,0.0,0.0,21,7480.0,7484.0,41,7444.0,7488.0,7490.0,7474.0,972.0,72718580.0,122672
2023-05-09 21:04:46,p2307,p2307,7482.0,0.0,0.0,0.0,21,7480.0,7484.0,42,7444.0,7488.0,7490.0,7474.0,972.0,72718580.0,122672
2023-05-09 21:04:47,p2307,p2307,7482.0,0.0,0.0,0.0,16,7480.0,7484.0,53,7444.0,7488.0,7490.0,7474.0,972.0,72718580.0,122672
2023-05-09 21:04:48,p2307,p2307,7480.0,11.0,822800.0,5.0,13,7480.0,7484.0,53,7444.0,7488.0,7490.0,7474.0,983.0,73541380.0,122677
2023-05-09 21:04:48,p2307,p2307,7480.0,0.0,0.0,0.0,11,7480.0,7484.0,53,7444.0,7488.0,7490.0,7474.0,983.0,73541380.0,122677
2023-05-09 21:04:49,p2307,p2307,7480.0,0.0,0.0,0.0,50,7480.0,7484.0,36,7444.0,7488.0,7490.0,7474.0,983.0,73541380.0,122677
2023-05-09 21:04:49,p2307,p2307,7480.0,0.0,0.0,0.0,61,7480.0,7484.0,29,7444.0,7488.0,7490.0,7474.0,983.0,73541380.0,122677
2023-05-09 21:04:50,p2307,p2307,7480.0,0.0,0.0,0.0,60,7480.0,7484.0,29,7444.0,7488.0,7490.0,7474.0,983.0,73541380.0,122677
2023-05-09 21:04:50,p2307,p2307,7480.0,0.0,0.0,0.0,70,7480.0,7484.0,24,7444.0,7488.0,7490.0,7474.0,983.0,73541380.0,122677
2023-05-09 21:04:51,p2307,p2307,7480.0,0.0,0.0,0.0,63,7480.0,7484.0,40,7444.0,7488.0,7490.0,7474.0,983.0,73541380.0,122677
2023-05-09 21:04:52,p2307,p2307,7482.0,5.0,374100.0,2.0,14,7482.0,7484.0,17,7444.0,7488.0,7490.0,7474.0,988.0,73915480.0,122679
2023-05-09 21:04:52,p2307,p2307,7482.0,0.0,0.0,0.0,14,7482.0,7484.0,7,7444.0,7488.0,7490.0,7474.0,988.0,73915480.0,122679
2023-05-09 21:04:53,p2307,p2307,7482.0,0.0,0.0,0.0,10,7482.0,7484.0,12,7444.0,7488.0,7490.0,7474.0,988.0,73915480.0,122679
2023-05-09 21:04:53,p2307,p2307,7482.0,4.0,299280.0,0.0,16,7482.0,7484.0,14,7444.0,7488.0,7490.0,7474.0,992.0,74214760.0,122679
2023-05-09 21:04:54,p2307,p2307,7482.0,1.0,74820.0,1.0,19,7482.0,7484.0,21,7444.0,7488.0,7490.0,7474.0,993.0,74289580.0,122680
2023-05-09 21:04:54,p2307,p2307,7482.0,3.0,224460.0,3.0,16,7482.0,7484.0,16,7444.0,7488.0,7490.0,7474.0,996.0,74514040.0,122683
2023-05-09 21:04:55,p2307,p2307,7482.0,0.0,0.0,0.0,16,7482.0,7484.0,18,7444.0,7488.0,7490.0,7474.0,996.0,74514040.0,122683
2023-05-09 21:04:58,p2307,p2307,7482.0,2.0,149640.0,1.0,14,7482.0,7484.0,19,7444.0,7488.0,7490.0,7474.0,998.0,74663680.0,122684
2023-05-09 21:04:59,p2307,p2307,7482.0,0.0,0.0,0.0,16,7482.0,7484.0,19,7444.0,7488.0,7490.0,7474.0,998.0,74663680.0,122684
2023-05-09 21:04:59,p2307,p2307,7484.0,18.0,1347120.0,10.0,3,7484.0,7486.0,64,7444.0,7488.0,7490.0,7474.0,1016.0,76010800.0,122694
2023-05-09 21:05:00,p2307,p2307,7482.0,8.0,598700.0,0.0,28,7482.0,7484.0,1,7444.0,7488.0,7490.0,7474.0,1024.0,76609500.0,122694
2023-05-09 21:05:00,p2307,p2307,7482.0,0.0,0.0,0.0,13,7482.0,7484.0,10,7444.0,7488.0,7490.0,7474.0,1024.0,76609500.0,122694
2023-05-09 21:05:01,p2307,p2307,7482.0,1.0,74840.0,0.0,8,7482.0,7484.0,10,7444.0,7488.0,7490.0,7474.0,1025.0,76684340.0,122694
2023-05-09 21:05:01,p2307,p2307,7482.0,1.0,74820.0,0.0,27,7482.0,7484.0,2,7444.0,7488.0,7490.0,7474.0,1026.0,76759160.0,122694
2023-05-09 21:05:02,p2307,p2307,7482.0,0.0,0.0,0.0,17,7482.0,7484.0,10,7444.0,7488.0,7490.0,7474.0,1026.0,76759160.0,122694
2023-05-09 21:05:03,p2307,p2307,7482.0,3.0,224460.0,0.0,7,7482.0,7484.0,13,7444.0,7488.0,7490.0,7474.0,1029.0,76983620.0,122694
2023-05-09 21:05:03,p2307,p2307,7482.0,0.0,0.0,0.0,7,7482.0,7484.0,15,7444.0,7488.0,7490.0,7474.0,1029.0,76983620.0,122694
2023-05-09 21:05:04,p2307,p2307,7484.0,5.0,374200.0,0.0,10,7482.0,7484.0,19,7444.0,7488.0,7490.0,7474.0,1034.0,77357820.0,122694
2023-05-09 21:05:04,p2307,p2307,7482.0,1.0,74820.0,0.0,6,7482.0,7484.0,19,7444.0,7488.0,7490.0,7474.0,1035.0,77432640.0,122694
2023-05-09 21:05:05,p2307,p2307,7482.0,0.0,0.0,0.0,6,7482.0,7484.0,20,7444.0,7488.0,7490.0,7474.0,1035.0,77432640.0,122694
2023-05-09 21:05:05,p2307,p2307,7482.0,0.0,0.0,0.0,6,7482.0,7484.0,29,7444.0,7488.0,7490.0,7474.0,1035.0,77432640.0,122694
2023-05-09 21:05:06,p2307,p2307,7482.0,4.0,299280.0,3.0,15,7482.0,7484.0,27,7444.0,7488.0,7490.0,7474.0,1039.0,77731920.0,122697
2023-05-09 21:05:06,p2307,p2307,7484.0,9.0,673560.0,1.0,28,7482.0,7486.0,38,7444.0,7488.0,7490.0,7474.0,1048.0,78405480.0,122698
2023-05-09 21:05:07,p2307,p2307,7484.0,2.0,149680.0,-1.0,53,7482.0,7486.0,20,7444.0,7488.0,7490.0,7474.0,1050.0,78555160.0,122697
2023-05-09 21:05:07,p2307,p2307,7484.0,0.0,0.0,0.0,53,7482.0,7486.0,26,7444.0,7488.0,7490.0,7474.0,1050.0,78555160.0,122697
2023-05-09 21:05:08,p2307,p2307,7484.0,0.0,0.0,0.0,60,7482.0,7486.0,20,7444.0,7488.0,7490.0,7474.0,1050.0,78555160.0,122697
2023-05-09 21:05:08,p2307,p2307,7484.0,0.0,0.0,0.0,40,7482.0,7486.0,33,7444.0,7488.0,7490.0,7474.0,1050.0,78555160.0,122697
2023-05-09 21:05:09,p2307,p2307,7484.0,0.0,0.0,0.0,27,7482.0,7484.0,16,7444.0,7488.0,7490.0,7474.0,1050.0,78555160.0,122697
2023-05-09 21:05:09,p2307,p2307,7484.0,0.0,0.0,0.0,27,7482.0,7484.0,17,7444.0,7488.0,7490.0,7474.0,1050.0,78555160.0,122697
2023-05-09 21:05:10,p2307,p2307,7484.0,0.0,0.0,0.0,27,7482.0,7484.0,15,7444.0,7488.0,7490.0,7474.0,1050.0,78555160.0,122697
2023-05-09 21:05:10,p2307,p2307,7482.0,4.0,299280.0,0.0,18,7482.0,7484.0,11,7444.0,7488.0,7490.0,7474.0,1054.0,78854440.0,122697
2023-05-09 21:05:11,p2307,p2307,7482.0,0.0,0.0,0.0,28,7482.0,7484.0,10,7444.0,7488.0,7490.0,7474.0,1054.0,78854440.0,122697
2023-05-09 21:05:12,p2307,p2307,7484.0,1.0,74840.0,0.0,49,7482.0,7486.0,25,7444.0,7488.0,7490.0,7474.0,1055.0,78929280.0,122697
2023-05-09 21:05:12,p2307,p2307,7484.0,0.0,0.0,0.0,54,7482.0,7486.0,15,7444.0,7488.0,7490.0,7474.0,1055.0,78929280.0,122697
2023-05-09 21:05:13,p2307,p2307,7484.0,0.0,0.0,0.0,49,7482.0,7486.0,10,7444.0,7488.0,7490.0,7474.0,1055.0,78929280.0,122697
2023-05-09 21:05:13,p2307,p2307,7484.0,0.0,0.0,0.0,54,7482.0,7486.0,10,7444.0,7488.0,7490.0,7474.0,1055.0,78929280.0,122697
2023-05-09 21:05:14,p2307,p2307,7484.0,0.0,0.0,0.0,49,7482.0,7484.0,11,7444.0,7488.0,7490.0,7474.0,1055.0,78929280.0,122697
2023-05-09 21:05:14,p2307,p2307,7482.0,6.0,448920.0,0.0,43,7482.0,7484.0,12,7444.0,7488.0,7490.0,7474.0,1061.0,79378200.0,122697
2023-05-09 21:05:15,p2307,p2307,7482.0,0.0,0.0,0.0,33,7482.0,7484.0,9,7444.0,7488.0,7490.0,7474.0,1061.0,79378200.0,122697
2023-05-09 21:05:15,p2307,p2307,7482.0,0.0,0.0,0.0,38,7482.0,7484.0,5,7444.0,7488.0,7490.0,7474.0,1061.0,79378200.0,122697
2023-05-09 21:05:16,p2307,p2307,7484.0,5.0,374200.0,0.0,53,7482.0,7486.0,38,7444.0,7488.0,7490.0,7474.0,1066.0,79752400.0,122697
2023-05-09 21:05:16,p2307,p2307,7484.0,0.0,0.0,0.0,3,7484.0,7486.0,28,7444.0,7488.0,7490.0,7474.0,1066.0,79752400.0,122697
2023-05-09 21:05:17,p2307,p2307,7484.0,0.0,0.0,0.0,7,7484.0,7486.0,23,7444.0,7488.0,7490.0,7474.0,1066.0,79752400.0,122697
2023-05-09 21:05:18,p2307,p2307,7484.0,0.0,0.0,0.0,9,7484.0,7486.0,22,7444.0,7488.0,7490.0,7474.0,1066.0,79752400.0,122697
2023-05-09 21:05:18,p2307,p2307,7486.0,1.0,74860.0,0.0,9,7484.0,7486.0,38,7444.0,7488.0,7490.0,7474.0,1067.0,79827260.0,122697
2023-05-09 21:05:19,p2307,p2307,7486.0,41.0,3069260.0,-21.0,30,7486.0,7488.0,42,7444.0,7488.0,7490.0,7474.0,1108.0,82896520.0,122676
2023-05-09 21:05:19,p2307,p2307,7486.0,0.0,0.0,0.0,38,7486.0,7488.0,22,7444.0,7488.0,7490.0,7474.0,1108.0,82896520.0,122676
2023-05-09 21:05:20,p2307,p2307,7486.0,0.0,0.0,0.0,38,7486.0,7488.0,24,7444.0,7488.0,7490.0,7474.0,1108.0,82896520.0,122676
2023-05-09 21:05:20,p2307,p2307,7486.0,0.0,0.0,0.0,48,7486.0,7488.0,24,7444.0,7488.0,7490.0,7474.0,1108.0,82896520.0,122676
2023-05-09 21:05:21,p2307,p2307,7486.0,0.0,0.0,0.0,53,7486.0,7488.0,19,7444.0,7488.0,7490.0,7474.0,1108.0,82896520.0,122676
2023-05-09 21:05:21,p2307,p2307,7486.0,0.0,0.0,0.0,68,7486.0,7488.0,17,7444.0,7488.0,7490.0,7474.0,1108.0,82896520.0,122676
2023-05-09 21:05:22,p2307,p2307,7488.0,2.0,149760.0,-1.0,69,7486.0,7488.0,18,7444.0,7488.0,7490.0,7474.0,1110.0,83046280.0,122675
2023-05-09 21:05:22,p2307,p2307,7488.0,3.0,224640.0,1.0,74,7486.0,7488.0,15,7444.0,7488.0,7490.0,7474.0,1113.0,83270920.0,122676
2023-05-09 21:05:23,p2307,p2307,7488.0,17.0,1272960.0,7.0,70,7486.0,7490.0,27,7444.0,7488.0,7490.0,7474.0,1130.0,84543880.0,122683
2023-05-09 21:05:23,p2307,p2307,7488.0,0.0,0.0,0.0,75,7486.0,7490.0,16,7444.0,7488.0,7490.0,7474.0,1130.0,84543880.0,122683
2023-05-09 21:05:24,p2307,p2307,7488.0,0.0,0.0,0.0,75,7486.0,7490.0,13,7444.0,7488.0,7490.0,7474.0,1130.0,84543880.0,122683
2023-05-09 21:05:25,p2307,p2307,7488.0,0.0,0.0,0.0,75,7486.0,7490.0,8,7444.0,7488.0,7490.0,7474.0,1130.0,84543880.0,122683
2023-05-09 21:05:25,p2307,p2307,7488.0,0.0,0.0,0.0,80,7486.0,7490.0,8,7444.0,7488.0,7490.0,7474.0,1130.0,84543880.0,122683
2023-05-09 21:05:26,p2307,p2307,7488.0,0.0,0.0,0.0,65,7486.0,7490.0,30,7444.0,7488.0,7490.0,7474.0,1130.0,84543880.0,122683
2023-05-09 21:05:26,p2307,p2307,7486.0,1.0,74860.0,0.0,69,7486.0,7488.0,9,7444.0,7488.0,7490.0,7474.0,1131.0,84618740.0,122683
2023-05-09 21:05:27,p2307,p2307,7486.0,0.0,0.0,0.0,69,7486.0,7490.0,37,7444.0,7488.0,7490.0,7474.0,1131.0,84618740.0,122683
2023-05-09 21:05:27,p2307,p2307,7488.0,1.0,74880.0,0.0,64,7486.0,7488.0,1,7444.0,7488.0,7490.0,7474.0,1132.0,84693620.0,122683
2023-05-09 21:05:28,p2307,p2307,7488.0,2.0,149760.0,0.0,74,7486.0,7490.0,38,7444.0,7488.0,7490.0,7474.0,1134.0,84843380.0,122683
2023-05-09 21:05:28,p2307,p2307,7488.0,0.0,0.0,0.0,79,7486.0,7490.0,20,7444.0,7488.0,7490.0,7474.0,1134.0,84843380.0,122683
2023-05-09 21:05:29,p2307,p2307,7488.0,0.0,0.0,0.0,3,7488.0,7490.0,16,7444.0,7488.0,7490.0,7474.0,1134.0,84843380.0,122683
2023-05-09 21:05:29,p2307,p2307,7488.0,3.0,224640.0,3.0,59,7486.0,7488.0,4,7444.0,7488.0,7490.0,7474.0,1137.0,85068020.0,122686
2023-05-09 21:05:30,p2307,p2307,7486.0,1.0,74860.0,0.0,53,7486.0,7488.0,7,7444.0,7488.0,7490.0,7474.0,1138.0,85142880.0,122686
2023-05-09 21:05:30,p2307,p2307,7486.0,0.0,0.0,0.0,53,7486.0,7488.0,10,7444.0,7488.0,7490.0,7474.0,1138.0,85142880.0,122686
2023-05-09 21:05:31,p2307,p2307,7486.0,2.0,149720.0,0.0,66,7486.0,7488.0,8,7444.0,7488.0,7490.0,7474.0,1140.0,85292600.0,122686
2023-05-09 21:05:31,p2307,p2307,7486.0,0.0,0.0,0.0,71,7486.0,7490.0,17,7444.0,7488.0,7490.0,7474.0,1140.0,85292600.0,122686
2023-05-09 21:05:32,p2307,p2307,7486.0,0.0,0.0,0.0,76,7486.0,7490.0,16,7444.0,7488.0,7490.0,7474.0,1140.0,85292600.0,122686
2023-05-09 21:05:32,p2307,p2307,7486.0,0.0,0.0,0.0,7,7488.0,7490.0,17,7444.0,7488.0,7490.0,7474.0,1140.0,85292600.0,122686
2023-05-09 21:05:33,p2307,p2307,7486.0,0.0,0.0,0.0,8,7488.0,7490.0,10,7444.0,7488.0,7490.0,7474.0,1140.0,85292600.0,122686
2023-05-09 21:05:33,p2307,p2307,7486.0,0.0,0.0,0.0,29,7488.0,7490.0,9,7444.0,7488.0,7490.0,7474.0,1140.0,85292600.0,122686
2023-05-09 21:05:34,p2307,p2307,7488.0,1.0,74880.0,0.0,39,7488.0,7490.0,8,7444.0,7488.0,7490.0,7474.0,1141.0,85367480.0,122686
2023-05-09 21:05:34,p2307,p2307,7488.0,43.0,3219840.0,5.0,5,7488.0,7490.0,11,7444.0,7488.0,7490.0,7474.0,1184.0,88587320.0,122691
2023-05-09 21:05:35,p2307,p2307,7488.0,5.0,374400.0,5.0,41,7486.0,7490.0,12,7444.0,7488.0,7490.0,7474.0,1189.0,88961720.0,122696
2023-05-09 21:05:35,p2307,p2307,7488.0,0.0,0.0,0.0,42,7486.0,7490.0,12,7444.0,7488.0,7490.0,7474.0,1189.0,88961720.0,122696
2023-05-09 21:05:36,p2307,p2307,7488.0,0.0,0.0,0.0,63,7486.0,7490.0,12,7444.0,7488.0,7490.0,7474.0,1189.0,88961720.0,122696
2023-05-09 21:05:36,p2307,p2307,7488.0,0.0,0.0,0.0,4,7488.0,7490.0,10,7444.0,7488.0,7490.0,7474.0,1189.0,88961720.0,122696
2023-05-09 21:05:37,p2307,p2307,7488.0,1.0,74880.0,0.0,9,7488.0,7490.0,21,7444.0,7488.0,7490.0,7474.0,1190.0,89036600.0,122696
2023-05-09 21:05:37,p2307,p2307,7488.0,0.0,0.0,0.0,12,7488.0,7490.0,12,7444.0,7488.0,7490.0,7474.0,1190.0,89036600.0,122696
2023-05-09 21:05:38,p2307,p2307,7488.0,0.0,0.0,0.0,19,7488.0,7490.0,7,7444.0,7488.0,7490.0,7474.0,1190.0,89036600.0,122696
2023-05-09 21:05:38,p2307,p2307,7488.0,25.0,1872000.0,11.0,41,7486.0,7488.0,9,7444.0,7488.0,7490.0,7474.0,1215.0,90908600.0,122707
2023-05-09 21:05:39,p2307,p2307,7488.0,0.0,0.0,0.0,11,7486.0,7488.0,9,7444.0,7488.0,7490.0,7474.0,1215.0,90908600.0,122707
2023-05-09 21:05:39,p2307,p2307,7488.0,0.0,0.0,0.0,22,7486.0,7488.0,9,7444.0,7488.0,7490.0,7474.0,1215.0,90908600.0,122707
2023-05-09 21:05:40,p2307,p2307,7488.0,2.0,149760.0,0.0,22,7486.0,7488.0,7,7444.0,7488.0,7490.0,7474.0,1217.0,91058360.0,122707
2023-05-09 21:05:41,p2307,p2307,7488.0,0.0,0.0,0.0,26,7486.0,7488.0,7,7444.0,7488.0,7490.0,7474.0,1217.0,91058360.0,122707
2023-05-09 21:05:41,p2307,p2307,7488.0,1.0,74880.0,-1.0,26,7486.0,7488.0,6,7444.0,7488.0,7490.0,7474.0,1218.0,91133240.0,122706
2023-05-09 21:05:42,p2307,p2307,7488.0,0.0,0.0,0.0,19,7486.0,7488.0,6,7444.0,7488.0,7490.0,7474.0,1218.0,91133240.0,122706
2023-05-09 21:05:42,p2307,p2307,7488.0,0.0,0.0,0.0,19,7486.0,7488.0,13,7444.0,7488.0,7490.0,7474.0,1218.0,91133240.0,122706
2023-05-09 21:05:43,p2307,p2307,7486.0,3.0,224580.0,0.0,16,7486.0,7488.0,26,7444.0,7488.0,7490.0,7474.0,1221.0,91357820.0,122706
2023-05-09 21:05:43,p2307,p2307,7486.0,0.0,0.0,0.0,24,7486.0,7488.0,18,7444.0,7488.0,7490.0,7474.0,1221.0,91357820.0,122706
2023-05-09 21:05:44,p2307,p2307,7486.0,1.0,74860.0,0.0,23,7486.0,7488.0,17,7444.0,7488.0,7490.0,7474.0,1222.0,91432680.0,122706
2023-05-09 21:05:44,p2307,p2307,7488.0,2.0,149760.0,-2.0,23,7486.0,7488.0,13,7444.0,7488.0,7490.0,7474.0,1224.0,91582440.0,122704
2023-05-09 21:05:44,p2307,p2307,7488.0,0.0,0.0,0.0,23,7486.0,7488.0,8,7444.0,7488.0,7490.0,7474.0,1224.0,91582440.0,122704
2023-05-09 21:05:45,p2307,p2307,7488.0,0.0,0.0,0.0,23,7486.0,7488.0,11,7444.0,7488.0,7490.0,7474.0,1224.0,91582440.0,122704
2023-05-09 21:05:46,p2307,p2307,7488.0,0.0,0.0,0.0,24,7486.0,7488.0,11,7444.0,7488.0,7490.0,7474.0,1224.0,91582440.0,122704
2023-05-09 21:05:46,p2307,p2307,7488.0,0.0,0.0,0.0,24,7486.0,7488.0,12,7444.0,7488.0,7490.0,7474.0,1224.0,91582440.0,122704
2023-05-09 21:05:49,p2307,p2307,7488.0,0.0,0.0,0.0,24,7486.0,7488.0,14,7444.0,7488.0,7490.0,7474.0,1224.0,91582440.0,122704
2023-05-09 21:05:49,p2307,p2307,7486.0,25.0,1871500.0,17.0,14,7484.0,7486.0,8,7444.0,7488.0,7490.0,7474.0,1249.0,93453940.0,122721
2023-05-09 21:05:50,p2307,p2307,7486.0,0.0,0.0,0.0,6,7484.0,7486.0,10,7444.0,7488.0,7490.0,7474.0,1249.0,93453940.0,122721
2023-05-09 21:05:51,p2307,p2307,7486.0,0.0,0.0,0.0,7,7484.0,7486.0,8,7444.0,7488.0,7490.0,7474.0,1249.0,93453940.0,122721
2023-05-09 21:05:51,p2307,p2307,7486.0,0.0,0.0,0.0,16,7484.0,7486.0,10,7444.0,7488.0,7490.0,7474.0,1249.0,93453940.0,122721
2023-05-09 21:05:52,p2307,p2307,7486.0,0.0,0.0,0.0,10,7484.0,7486.0,10,7444.0,7488.0,7490.0,7474.0,1249.0,93453940.0,122721
2023-05-09 21:05:53,p2307,p2307,7486.0,0.0,0.0,0.0,12,7484.0,7486.0,8,7444.0,7488.0,7490.0,7474.0,1249.0,93453940.0,122721
2023-05-09 21:05:53,p2307,p2307,7484.0,1.0,74840.0,0.0,11,7484.0,7486.0,10,7444.0,7488.0,7490.0,7474.0,1250.0,93528780.0,122721
2023-05-09 21:05:54,p2307,p2307,7486.0,10.0,748600.0,-4.0,11,7484.0,7486.0,4,7444.0,7488.0,7490.0,7474.0,1260.0,94277380.0,122717
2023-05-09 21:05:55,p2307,p2307,7486.0,0.0,0.0,0.0,15,7484.0,7486.0,4,7444.0,7488.0,7490.0,7474.0,1260.0,94277380.0,122717
2023-05-09 21:05:55,p2307,p2307,7486.0,4.0,299440.0,-3.0,16,7484.0,7488.0,50,7444.0,7488.0,7490.0,7474.0,1264.0,94576820.0,122714
2023-05-09 21:05:56,p2307,p2307,7486.0,0.0,0.0,0.0,21,7484.0,7488.0,45,7444.0,7488.0,7490.0,7474.0,1264.0,94576820.0,122714
2023-05-09 21:05:56,p2307,p2307,7486.0,3.0,224580.0,0.0,26,7484.0,7488.0,39,7444.0,7488.0,7490.0,7474.0,1267.0,94801400.0,122714
2023-05-09 21:05:57,p2307,p2307,7486.0,0.0,0.0,0.0,21,7484.0,7488.0,37,7444.0,7488.0,7490.0,7474.0,1267.0,94801400.0,122714
2023-05-09 21:05:58,p2307,p2307,7486.0,0.0,0.0,0.0,1,7486.0,7488.0,38,7444.0,7488.0,7490.0,7474.0,1267.0,94801400.0,122714
2023-05-09 21:05:58,p2307,p2307,7486.0,1.0,74860.0,1.0,1,7486.0,7488.0,33,7444.0,7488.0,7490.0,7474.0,1268.0,94876260.0,122715
2023-05-09 21:05:59,p2307,p2307,7486.0,0.0,0.0,0.0,4,7486.0,7488.0,32,7444.0,7488.0,7490.0,7474.0,1268.0,94876260.0,122715
2023-05-09 21:05:59,p2307,p2307,7488.0,1.0,74880.0,1.0,4,7486.0,7488.0,31,7444.0,7488.0,7490.0,7474.0,1269.0,94951140.0,122716
2023-05-09 21:06:00,p2307,p2307,7488.0,0.0,0.0,0.0,4,7486.0,7488.0,26,7444.0,7488.0,7490.0,7474.0,1269.0,94951140.0,122716
2023-05-09 21:06:00,p2307,p2307,7486.0,1.0,74860.0,1.0,5,7486.0,7488.0,31,7444.0,7488.0,7490.0,7474.0,1270.0,95026000.0,122717
2023-05-09 21:06:01,p2307,p2307,7486.0,5.0,374300.0,5.0,43,7484.0,7486.0,7,7444.0,7488.0,7490.0,7474.0,1275.0,95400300.0,122722
2023-05-09 21:06:01,p2307,p2307,7486.0,38.0,2845200.0,14.0,8,7488.0,7490.0,52,7444.0,7488.0,7490.0,7474.0,1313.0,98245500.0,122736
2023-05-09 21:06:02,p2307,p2307,7488.0,2.0,149780.0,1.0,13,7488.0,7490.0,15,7444.0,7488.0,7490.0,7474.0,1315.0,98395280.0,122737
2023-05-09 21:06:02,p2307,p2307,7490.0,10.0,749000.0,0.0,4,7490.0,7492.0,27,7444.0,7488.0,7490.0,7474.0,1325.0,99144280.0,122737
2023-05-09 21:06:03,p2307,p2307,7490.0,0.0,0.0,0.0,7,7490.0,7492.0,2,7444.0,7488.0,7490.0,7474.0,1325.0,99144280.0,122737
2023-05-09 21:06:03,p2307,p2307,7490.0,0.0,0.0,0.0,12,7490.0,7494.0,46,7444.0,7488.0,7490.0,7474.0,1325.0,99144280.0,122737
2023-05-09 21:06:04,p2307,p2307,7490.0,0.0,0.0,0.0,22,7490.0,7494.0,52,7444.0,7488.0,7490.0,7474.0,1325.0,99144280.0,122737
2023-05-09 21:06:04,p2307,p2307,7490.0,0.0,0.0,0.0,3,7492.0,7494.0,32,7444.0,7488.0,7490.0,7474.0,1325.0,99144280.0,122737
2023-05-09 21:06:05,p2307,p2307,7490.0,0.0,0.0,0.0,3,7492.0,7494.0,11,7444.0,7488.0,7490.0,7474.0,1325.0,99144280.0,122737
2023-05-09 21:06:05,p2307,p2307,7490.0,0.0,0.0,0.0,5,7492.0,7496.0,59,7444.0,7488.0,7490.0,7474.0,1325.0,99144280.0,122737
2023-05-09 21:06:06,p2307,p2307,7490.0,0.0,0.0,0.0,12,7492.0,7496.0,38,7444.0,7488.0,7490.0,7474.0,1325.0,99144280.0,122737
2023-05-09 21:06:06,p2307,p2307,7490.0,0.0,0.0,0.0,13,7492.0,7494.0,10,7444.0,7488.0,7490.0,7474.0,1325.0,99144280.0,122737
2023-05-09 21:06:07,p2307,p2307,7490.0,0.0,0.0,0.0,12,7492.0,7494.0,10,7444.0,7488.0,7490.0,7474.0,1325.0,99144280.0,122737
2023-05-09 21:06:07,p2307,p2307,7492.0,1.0,74920.0,1.0,11,7492.0,7494.0,13,7444.0,7488.0,7492.0,7474.0,1326.0,99219200.0,122738
2023-05-09 21:06:08,p2307,p2307,7492.0,13.0,973960.0,0.0,5,7492.0,7494.0,14,7444.0,7488.0,7492.0,7474.0,1339.0,100193160.0,122738
2023-05-09 21:06:09,p2307,p2307,7494.0,60.0,4496400.0,-15.0,9,7492.0,7494.0,7,7444.0,7488.0,7494.0,7474.0,1399.0,104689560.0,122723
2023-05-09 21:06:09,p2307,p2307,7494.0,0.0,0.0,0.0,8,7492.0,7494.0,12,7444.0,7488.0,7494.0,7474.0,1399.0,104689560.0,122723
2023-05-09 21:06:10,p2307,p2307,7494.0,0.0,0.0,0.0,3,7492.0,7494.0,12,7444.0,7488.0,7494.0,7474.0,1399.0,104689560.0,122723
2023-05-09 21:06:10,p2307,p2307,7494.0,0.0,0.0,0.0,59,7490.0,7494.0,12,7444.0,7488.0,7494.0,7474.0,1399.0,104689560.0,122723
2023-05-09 21:06:11,p2307,p2307,7494.0,0.0,0.0,0.0,55,7490.0,7494.0,25,7444.0,7488.0,7494.0,7474.0,1399.0,104689560.0,122723
2023-05-09 21:06:11,p2307,p2307,7494.0,0.0,0.0,0.0,24,7490.0,7492.0,5,7444.0,7488.0,7494.0,7474.0,1399.0,104689560.0,122723
2023-05-09 21:06:12,p2307,p2307,7494.0,0.0,0.0,0.0,8,7490.0,7492.0,5,7444.0,7488.0,7494.0,7474.0,1399.0,104689560.0,122723
2023-05-09 21:06:12,p2307,p2307,7494.0,0.0,0.0,0.0,5,7490.0,7492.0,5,7444.0,7488.0,7494.0,7474.0,1399.0,104689560.0,122723
2023-05-09 21:06:13,p2307,p2307,7492.0,8.0,599360.0,5.0,32,7492.0,7494.0,57,7444.0,7488.0,7494.0,7474.0,1407.0,105288920.0,122728
2023-05-09 21:06:13,p2307,p2307,7492.0,0.0,0.0,0.0,47,7492.0,7494.0,22,7444.0,7488.0,7494.0,7474.0,1407.0,105288920.0,122728
2023-05-09 21:06:14,p2307,p2307,7492.0,0.0,0.0,0.0,57,7492.0,7494.0,21,7444.0,7488.0,7494.0,7474.0,1407.0,105288920.0,122728
2023-05-09 21:06:14,p2307,p2307,7492.0,5.0,374600.0,5.0,48,7492.0,7494.0,26,7444.0,7488.0,7494.0,7474.0,1412.0,105663520.0,122733
2023-05-09 21:06:15,p2307,p2307,7494.0,1.0,74940.0,0.0,66,7492.0,7494.0,12,7444.0,7488.0,7494.0,7474.0,1413.0,105738460.0,122733
2023-05-09 21:06:15,p2307,p2307,7494.0,8.0,599520.0,-6.0,76,7492.0,7496.0,42,7444.0,7488.0,7494.0,7474.0,1421.0,106337980.0,122727
2023-05-09 21:06:16,p2307,p2307,7494.0,2.0,149880.0,0.0,1,7494.0,7496.0,30,7444.0,7488.0,7494.0,7474.0,1423.0,106487860.0,122727
2023-05-09 21:06:16,p2307,p2307,7494.0,0.0,0.0,0.0,1,7494.0,7496.0,24,7444.0,7488.0,7494.0,7474.0,1423.0,106487860.0,122727
2023-05-09 21:06:17,p2307,p2307,7494.0,2.0,149920.0,0.0,1,7494.0,7496.0,19,7444.0,7488.0,7494.0,7474.0,1425.0,106637780.0,122727
2023-05-09 21:06:18,p2307,p2307,7494.0,0.0,0.0,0.0,14,7494.0,7496.0,3,7444.0,7488.0,7494.0,7474.0,1425.0,106637780.0,122727
2023-05-09 21:06:18,p2307,p2307,7494.0,0.0,0.0,0.0,6,7494.0,7496.0,15,7444.0,7488.0,7494.0,7474.0,1425.0,106637780.0,122727
2023-05-09 21:06:19,p2307,p2307,7494.0,0.0,0.0,0.0,11,7494.0,7496.0,16,7444.0,7488.0,7494.0,7474.0,1425.0,106637780.0,122727
2023-05-09 21:06:19,p2307,p2307,7494.0,0.0,0.0,0.0,11,7494.0,7496.0,22,7444.0,7488.0,7494.0,7474.0,1425.0,106637780.0,122727
2023-05-09 21:06:20,p2307,p2307,7494.0,1.0,74940.0,0.0,10,7494.0,7496.0,22,7444.0,7488.0,7494.0,7474.0,1426.0,106712720.0,122727
2023-05-09 21:06:21,p2307,p2307,7494.0,2.0,149880.0,0.0,8,7494.0,7496.0,22,7444.0,7488.0,7494.0,7474.0,1428.0,106862600.0,122727
2023-05-09 21:06:21,p2307,p2307,7494.0,18.0,1348920.0,13.0,55,7492.0,7496.0,29,7444.0,7488.0,7494.0,7474.0,1446.0,108211520.0,122740
2023-05-09 21:06:22,p2307,p2307,7492.0,5.0,374600.0,5.0,44,7492.0,7494.0,4,7444.0,7488.0,7494.0,7474.0,1451.0,108586120.0,122745
2023-05-09 21:06:22,p2307,p2307,7494.0,1.0,74940.0,1.0,72,7492.0,7496.0,28,7444.0,7488.0,7494.0,7474.0,1452.0,108661060.0,122746
2023-05-09 21:06:23,p2307,p2307,7492.0,1.0,74920.0,1.0,56,7492.0,7496.0,56,7444.0,7488.0,7494.0,7474.0,1453.0,108735980.0,122747
2023-05-09 21:06:23,p2307,p2307,7492.0,0.0,0.0,0.0,71,7492.0,7496.0,18,7444.0,7488.0,7494.0,7474.0,1453.0,108735980.0,122747
2023-05-09 21:06:24,p2307,p2307,7492.0,0.0,0.0,0.0,72,7492.0,7496.0,18,7444.0,7488.0,7494.0,7474.0,1453.0,108735980.0,122747
2023-05-09 21:06:25,p2307,p2307,7492.0,1.0,74920.0,1.0,70,7492.0,7496.0,18,7444.0,7488.0,7494.0,7474.0,1454.0,108810900.0,122748
2023-05-09 21:06:25,p2307,p2307,7492.0,0.0,0.0,0.0,71,7492.0,7496.0,19,7444.0,7488.0,7494.0,7474.0,1454.0,108810900.0,122748
2023-05-09 21:06:27,p2307,p2307,7492.0,0.0,0.0,0.0,70,7492.0,7494.0,4,7444.0,7488.0,7494.0,7474.0,1454.0,108810900.0,122748
2023-05-09 21:06:27,p2307,p2307,7492.0,0.0,0.0,0.0,60,7492.0,7494.0,5,7444.0,7488.0,7494.0,7474.0,1454.0,108810900.0,122748
2023-05-09 21:06:28,p2307,p2307,7494.0,1.0,74940.0,0.0,49,7492.0,7496.0,52,7444.0,7488.0,7494.0,7474.0,1455.0,108885840.0,122748
2023-05-09 21:06:28,p2307,p2307,7494.0,1.0,74940.0,1.0,1,7494.0,7496.0,36,7444.0,7488.0,7494.0,7474.0,1456.0,108960780.0,122749
2023-05-09 21:06:29,p2307,p2307,7494.0,0.0,0.0,0.0,1,7494.0,7496.0,57,7444.0,7488.0,7494.0,7474.0,1456.0,108960780.0,122749
2023-05-09 21:06:29,p2307,p2307,7492.0,4.0,299700.0,4.0,31,7492.0,7494.0,10,7444.0,7488.0,7494.0,7474.0,1460.0,109260480.0,122753
2023-05-09 21:06:30,p2307,p2307,7492.0,1.0,74920.0,1.0,34,7492.0,7494.0,5,7444.0,7488.0,7494.0,7474.0,1461.0,109335400.0,122754
2023-05-09 21:06:30,p2307,p2307,7492.0,0.0,0.0,0.0,34,7492.0,7494.0,10,7444.0,7488.0,7494.0,7474.0,1461.0,109335400.0,122754
2023-05-09 21:06:31,p2307,p2307,7492.0,0.0,0.0,0.0,34,7492.0,7494.0,5,7444.0,7488.0,7494.0,7474.0,1461.0,109335400.0,122754
2023-05-09 21:06:31,p2307,p2307,7492.0,0.0,0.0,0.0,31,7492.0,7494.0,10,7444.0,7488.0,7494.0,7474.0,1461.0,109335400.0,122754
2023-05-09 21:06:32,p2307,p2307,7492.0,4.0,299680.0,3.0,22,7492.0,7494.0,5,7444.0,7488.0,7494.0,7474.0,1465.0,109635080.0,122757
2023-05-09 21:06:32,p2307,p2307,7492.0,0.0,0.0,0.0,22,7492.0,7494.0,40,7444.0,7488.0,7494.0,7474.0,1465.0,109635080.0,122757
2023-05-09 21:06:33,p2307,p2307,7492.0,12.0,899040.0,6.0,10,7492.0,7494.0,70,7444.0,7488.0,7494.0,7474.0,1477.0,110534120.0,122763
2023-05-09 21:06:33,p2307,p2307,7492.0,16.0,1198720.0,0.0,9,7490.0,7492.0,2,7444.0,7488.0,7494.0,7474.0,1493.0,111732840.0,122763
2023-05-09 21:06:34,p2307,p2307,7492.0,0.0,0.0,0.0,10,7490.0,7492.0,2,7444.0,7488.0,7494.0,7474.0,1493.0,111732840.0,122763
2023-05-09 21:06:34,p2307,p2307,7492.0,0.0,0.0,0.0,11,7490.0,7492.0,2,7444.0,7488.0,7494.0,7474.0,1493.0,111732840.0,122763
2023-05-09 21:06:38,p2307,p2307,7492.0,1.0,74920.0,1.0,11,7490.0,7492.0,1,7444.0,7488.0,7494.0,7474.0,1494.0,111807760.0,122764
2023-05-09 21:06:43,p2307,p2307,7490.0,11.0,823900.0,-2.0,44,7488.0,7490.0,3,7444.0,7488.0,7494.0,7474.0,1505.0,112631660.0,122762
2023-05-09 21:06:44,p2307,p2307,7490.0,0.0,0.0,0.0,19,7488.0,7490.0,3,7444.0,7488.0,7494.0,7474.0,1505.0,112631660.0,122762
2023-05-09 21:06:45,p2307,p2307,7490.0,0.0,0.0,0.0,5,7490.0,7492.0,70,7444.0,7488.0,7494.0,7474.0,1505.0,112631660.0,122762
2023-05-09 21:06:45,p2307,p2307,7490.0,0.0,0.0,0.0,19,7488.0,7492.0,69,7444.0,7488.0,7494.0,7474.0,1505.0,112631660.0,122762
2023-05-09 21:06:45,p2307,p2307,7490.0,0.0,0.0,0.0,24,7488.0,7492.0,69,7444.0,7488.0,7494.0,7474.0,1505.0,112631660.0,122762
2023-05-09 21:06:46,p2307,p2307,7490.0,0.0,0.0,0.0,1,7490.0,7492.0,69,7444.0,7488.0,7494.0,7474.0,1505.0,112631660.0,122762
2023-05-09 21:06:47,p2307,p2307,7490.0,0.0,0.0,0.0,1,7490.0,7492.0,64,7444.0,7488.0,7494.0,7474.0,1505.0,112631660.0,122762
2023-05-09 21:06:47,p2307,p2307,7490.0,0.0,0.0,0.0,4,7490.0,7492.0,69,7444.0,7488.0,7494.0,7474.0,1505.0,112631660.0,122762
2023-05-09 21:06:48,p2307,p2307,7490.0,0.0,0.0,0.0,4,7490.0,7492.0,64,7444.0,7488.0,7494.0,7474.0,1505.0,112631660.0,122762
2023-05-09 21:06:48,p2307,p2307,7490.0,0.0,0.0,0.0,4,7490.0,7492.0,69,7444.0,7488.0,7494.0,7474.0,1505.0,112631660.0,122762
2023-05-09 21:06:49,p2307,p2307,7490.0,0.0,0.0,0.0,16,7490.0,7492.0,69,7444.0,7488.0,7494.0,7474.0,1505.0,112631660.0,122762
2023-05-09 21:06:49,p2307,p2307,7490.0,21.0,1572900.0,5.0,36,7488.0,7490.0,8,7444.0,7488.0,7494.0,7474.0,1526.0,114204560.0,122767
2023-05-09 21:06:50,p2307,p2307,7490.0,0.0,0.0,0.0,41,7488.0,7490.0,8,7444.0,7488.0,7494.0,7474.0,1526.0,114204560.0,122767
2023-05-09 21:06:51,p2307,p2307,7490.0,0.0,0.0,0.0,36,7488.0,7490.0,8,7444.0,7488.0,7494.0,7474.0,1526.0,114204560.0,122767
2023-05-09 21:06:52,p2307,p2307,7490.0,0.0,0.0,0.0,41,7488.0,7490.0,8,7444.0,7488.0,7494.0,7474.0,1526.0,114204560.0,122767
2023-05-09 21:06:52,p2307,p2307,7490.0,0.0,0.0,0.0,30,7488.0,7490.0,8,7444.0,7488.0,7494.0,7474.0,1526.0,114204560.0,122767
2023-05-09 21:06:53,p2307,p2307,7490.0,0.0,0.0,0.0,13,7488.0,7490.0,44,7444.0,7488.0,7494.0,7474.0,1526.0,114204560.0,122767
2023-05-09 21:06:53,p2307,p2307,7490.0,0.0,0.0,0.0,6,7488.0,7490.0,69,7444.0,7488.0,7494.0,7474.0,1526.0,114204560.0,122767
2023-05-09 21:06:54,p2307,p2307,7490.0,0.0,0.0,0.0,6,7488.0,7490.0,64,7444.0,7488.0,7494.0,7474.0,1526.0,114204560.0,122767
2023-05-09 21:06:54,p2307,p2307,7490.0,0.0,0.0,0.0,9,7488.0,7490.0,42,7444.0,7488.0,7494.0,7474.0,1526.0,114204560.0,122767
2023-05-09 21:06:55,p2307,p2307,7490.0,0.0,0.0,0.0,9,7488.0,7490.0,22,7444.0,7488.0,7494.0,7474.0,1526.0,114204560.0,122767
2023-05-09 21:06:55,p2307,p2307,7488.0,1.0,74880.0,0.0,5,7488.0,7490.0,60,7444.0,7488.0,7494.0,7474.0,1527.0,114279440.0,122767
2023-05-09 21:06:56,p2307,p2307,7488.0,0.0,0.0,0.0,5,7488.0,7490.0,64,7444.0,7488.0,7494.0,7474.0,1527.0,114279440.0,122767
2023-05-09 21:06:56,p2307,p2307,7488.0,0.0,0.0,0.0,5,7488.0,7490.0,70,7444.0,7488.0,7494.0,7474.0,1527.0,114279440.0,122767
2023-05-09 21:06:57,p2307,p2307,7488.0,5.0,374400.0,0.0,37,7486.0,7488.0,8,7444.0,7488.0,7494.0,7474.0,1532.0,114653840.0,122767
2023-05-09 21:06:58,p2307,p2307,7488.0,0.0,0.0,0.0,32,7486.0,7488.0,8,7444.0,7488.0,7494.0,7474.0,1532.0,114653840.0,122767
2023-05-09 21:06:59,p2307,p2307,7488.0,0.0,0.0,0.0,27,7486.0,7488.0,8,7444.0,7488.0,7494.0,7474.0,1532.0,114653840.0,122767
2023-05-09 21:06:59,p2307,p2307,7488.0,0.0,0.0,0.0,22,7486.0,7488.0,8,7444.0,7488.0,7494.0,7474.0,1532.0,114653840.0,122767
2023-05-09 21:07:00,p2307,p2307,7488.0,0.0,0.0,0.0,18,7486.0,7488.0,8,7444.0,7488.0,7494.0,7474.0,1532.0,114653840.0,122767
2023-05-09 21:07:01,p2307,p2307,7488.0,0.0,0.0,0.0,17,7486.0,7488.0,8,7444.0,7488.0,7494.0,7474.0,1532.0,114653840.0,122767
2023-05-09 21:07:03,p2307,p2307,7488.0,0.0,0.0,0.0,20,7486.0,7488.0,8,7444.0,7488.0,7494.0,7474.0,1532.0,114653840.0,122767
2023-05-09 21:07:04,p2307,p2307,7488.0,8.0,599040.0,-5.0,10,7488.0,7490.0,29,7444.0,7488.0,7494.0,7474.0,1540.0,115252880.0,122762
2023-05-09 21:07:04,p2307,p2307,7488.0,3.0,224680.0,0.0,9,7488.0,7490.0,6,7444.0,7488.0,7494.0,7474.0,1543.0,115477560.0,122762
2023-05-09 21:07:05,p2307,p2307,7488.0,0.0,0.0,0.0,53,7486.0,7490.0,6,7444.0,7488.0,7494.0,7474.0,1543.0,115477560.0,122762
2023-05-09 21:07:05,p2307,p2307,7488.0,0.0,0.0,0.0,43,7486.0,7490.0,12,7444.0,7488.0,7494.0,7474.0,1543.0,115477560.0,122762
2023-05-09 21:07:06,p2307,p2307,7488.0,0.0,0.0,0.0,14,7488.0,7490.0,7,7444.0,7488.0,7494.0,7474.0,1543.0,115477560.0,122762
2023-05-09 21:07:06,p2307,p2307,7490.0,3.0,224700.0,-3.0,22,7488.0,7492.0,77,7444.0,7488.0,7494.0,7474.0,1546.0,115702260.0,122759
2023-05-09 21:07:07,p2307,p2307,7490.0,0.0,0.0,0.0,12,7490.0,7492.0,14,7444.0,7488.0,7494.0,7474.0,1546.0,115702260.0,122759
2023-05-09 21:07:07,p2307,p2307,7490.0,0.0,0.0,0.0,21,7490.0,7492.0,3,7444.0,7488.0,7494.0,7474.0,1546.0,115702260.0,122759
2023-05-09 21:07:09,p2307,p2307,7490.0,0.0,0.0,0.0,14,7490.0,7492.0,3,7444.0,7488.0,7494.0,7474.0,1546.0,115702260.0,122759
2023-05-09 21:07:10,p2307,p2307,7490.0,0.0,0.0,0.0,51,7488.0,7490.0,3,7444.0,7488.0,7494.0,7474.0,1546.0,115702260.0,122759
2023-05-09 21:07:10,p2307,p2307,7490.0,0.0,0.0,0.0,31,7488.0,7490.0,3,7444.0,7488.0,7494.0,7474.0,1546.0,115702260.0,122759
2023-05-09 21:07:11,p2307,p2307,7488.0,1.0,74880.0,1.0,45,7486.0,7488.0,3,7444.0,7488.0,7494.0,7474.0,1547.0,115777140.0,122760
2023-05-09 21:07:11,p2307,p2307,7488.0,0.0,0.0,0.0,20,7486.0,7488.0,6,7444.0,7488.0,7494.0,7474.0,1547.0,115777140.0,122760
2023-05-09 21:07:13,p2307,p2307,7488.0,0.0,0.0,0.0,20,7486.0,7488.0,10,7444.0,7488.0,7494.0,7474.0,1547.0,115777140.0,122760
2023-05-09 21:07:13,p2307,p2307,7488.0,7.0,524160.0,-3.0,13,7486.0,7488.0,3,7444.0,7488.0,7494.0,7474.0,1554.0,116301300.0,122757
2023-05-09 21:07:14,p2307,p2307,7488.0,4.0,299520.0,1.0,30,7486.0,7490.0,3,7444.0,7488.0,7494.0,7474.0,1558.0,116600820.0,122758
2023-05-09 21:07:14,p2307,p2307,7488.0,0.0,0.0,0.0,20,7486.0,7488.0,1,7444.0,7488.0,7494.0,7474.0,1558.0,116600820.0,122758
2023-05-09 21:07:15,p2307,p2307,7488.0,0.0,0.0,0.0,5,7486.0,7488.0,3,7444.0,7488.0,7494.0,7474.0,1558.0,116600820.0,122758
2023-05-09 21:07:15,p2307,p2307,7488.0,2.0,149760.0,2.0,4,7486.0,7488.0,2,7444.0,7488.0,7494.0,7474.0,1560.0,116750580.0,122760
2023-05-09 21:07:16,p2307,p2307,7488.0,0.0,0.0,0.0,3,7486.0,7488.0,2,7444.0,7488.0,7494.0,7474.0,1560.0,116750580.0,122760
2023-05-09 21:07:18,p2307,p2307,7488.0,0.0,0.0,0.0,7,7486.0,7488.0,2,7444.0,7488.0,7494.0,7474.0,1560.0,116750580.0,122760
2023-05-09 21:07:20,p2307,p2307,7488.0,0.0,0.0,0.0,5,7486.0,7488.0,2,7444.0,7488.0,7494.0,7474.0,1560.0,116750580.0,122760
2023-05-09 21:07:20,p2307,p2307,7488.0,5.0,374400.0,5.0,40,7488.0,7490.0,77,7444.0,7488.0,7494.0,7474.0,1565.0,117124980.0,122765
2023-05-09 21:07:21,p2307,p2307,7488.0,0.0,0.0,0.0,40,7488.0,7490.0,70,7444.0,7488.0,7494.0,7474.0,1565.0,117124980.0,122765
2023-05-09 21:07:22,p2307,p2307,7488.0,0.0,0.0,0.0,40,7488.0,7490.0,56,7444.0,7488.0,7494.0,7474.0,1565.0,117124980.0,122765
2023-05-09 21:07:22,p2307,p2307,7488.0,0.0,0.0,0.0,40,7488.0,7490.0,50,7444.0,7488.0,7494.0,7474.0,1565.0,117124980.0,122765
2023-05-09 21:07:23,p2307,p2307,7488.0,0.0,0.0,0.0,40,7488.0,7490.0,64,7444.0,7488.0,7494.0,7474.0,1565.0,117124980.0,122765
2023-05-09 21:07:23,p2307,p2307,7488.0,0.0,0.0,0.0,45,7488.0,7490.0,28,7444.0,7488.0,7494.0,7474.0,1565.0,117124980.0,122765
2023-05-09 21:07:24,p2307,p2307,7488.0,0.0,0.0,0.0,40,7488.0,7490.0,64,7444.0,7488.0,7494.0,7474.0,1565.0,117124980.0,122765
2023-05-09 21:07:24,p2307,p2307,7488.0,0.0,0.0,0.0,40,7488.0,7490.0,69,7444.0,7488.0,7494.0,7474.0,1565.0,117124980.0,122765
2023-05-09 21:07:25,p2307,p2307,7488.0,12.0,898560.0,10.0,28,7488.0,7490.0,70,7444.0,7488.0,7494.0,7474.0,1577.0,118023540.0,122775
2023-05-09 21:07:26,p2307,p2307,7488.0,24.0,1797120.0,23.0,27,7486.0,7488.0,9,7444.0,7488.0,7494.0,7474.0,1601.0,119820660.0,122798
2023-05-09 21:07:26,p2307,p2307,7488.0,0.0,0.0,0.0,12,7486.0,7488.0,4,7444.0,7488.0,7494.0,7474.0,1601.0,119820660.0,122798
2023-05-09 21:07:27,p2307,p2307,7488.0,0.0,0.0,0.0,3,7486.0,7488.0,4,7444.0,7488.0,7494.0,7474.0,1601.0,119820660.0,122798
2023-05-09 21:07:30,p2307,p2307,7488.0,0.0,0.0,0.0,3,7486.0,7488.0,6,7444.0,7488.0,7494.0,7474.0,1601.0,119820660.0,122798
2023-05-09 21:07:30,p2307,p2307,7488.0,0.0,0.0,0.0,35,7484.0,7488.0,14,7444.0,7488.0,7494.0,7474.0,1601.0,119820660.0,122798
2023-05-09 21:07:31,p2307,p2307,7488.0,0.0,0.0,0.0,12,7484.0,7488.0,80,7444.0,7488.0,7494.0,7474.0,1601.0,119820660.0,122798
2023-05-09 21:07:31,p2307,p2307,7488.0,0.0,0.0,0.0,12,7484.0,7488.0,93,7444.0,7488.0,7494.0,7474.0,1601.0,119820660.0,122798
2023-05-09 21:07:32,p2307,p2307,7488.0,0.0,0.0,0.0,14,7484.0,7488.0,94,7444.0,7488.0,7494.0,7474.0,1601.0,119820660.0,122798
2023-05-09 21:07:32,p2307,p2307,7488.0,0.0,0.0,0.0,14,7484.0,7488.0,96,7444.0,7488.0,7494.0,7474.0,1601.0,119820660.0,122798
2023-05-09 21:07:32,p2307,p2307,7488.0,0.0,0.0,0.0,14,7484.0,7488.0,94,7444.0,7488.0,7494.0,7474.0,1601.0,119820660.0,122798
2023-05-09 21:07:34,p2307,p2307,7488.0,2.0,149760.0,1.0,14,7484.0,7488.0,92,7444.0,7488.0,7494.0,7474.0,1603.0,119970420.0,122799
2023-05-09 21:07:35,p2307,p2307,7488.0,0.0,0.0,0.0,14,7484.0,7488.0,98,7444.0,7488.0,7494.0,7474.0,1603.0,119970420.0,122799
2023-05-09 21:07:36,p2307,p2307,7488.0,0.0,0.0,0.0,3,7486.0,7488.0,29,7444.0,7488.0,7494.0,7474.0,1603.0,119970420.0,122799
2023-05-09 21:07:37,p2307,p2307,7488.0,0.0,0.0,0.0,5,7486.0,7490.0,93,7444.0,7488.0,7494.0,7474.0,1603.0,119970420.0,122799
2023-05-09 21:07:37,p2307,p2307,7488.0,3.0,224640.0,-3.0,24,7486.0,7490.0,87,7444.0,7488.0,7494.0,7474.0,1606.0,120195060.0,122796
2023-05-09 21:07:38,p2307,p2307,7488.0,5.0,374400.0,0.0,1,7488.0,7490.0,77,7444.0,7488.0,7494.0,7474.0,1611.0,120569460.0,122796
2023-05-09 21:07:38,p2307,p2307,7488.0,0.0,0.0,0.0,14,7486.0,7490.0,82,7444.0,7488.0,7494.0,7474.0,1611.0,120569460.0,122796
2023-05-09 21:07:41,p2307,p2307,7488.0,0.0,0.0,0.0,3,7488.0,7490.0,83,7444.0,7488.0,7494.0,7474.0,1611.0,120569460.0,122796
2023-05-09 21:07:43,p2307,p2307,7488.0,0.0,0.0,0.0,3,7488.0,7490.0,85,7444.0,7488.0,7494.0,7474.0,1611.0,120569460.0,122796
2023-05-09 21:07:43,p2307,p2307,7488.0,3.0,224640.0,0.0,39,7486.0,7490.0,75,7444.0,7488.0,7494.0,7474.0,1614.0,120794100.0,122796
2023-05-09 21:07:44,p2307,p2307,7488.0,0.0,0.0,0.0,29,7486.0,7490.0,81,7444.0,7488.0,7494.0,7474.0,1614.0,120794100.0,122796
2023-05-09 21:07:44,p2307,p2307,7488.0,0.0,0.0,0.0,17,7486.0,7490.0,81,7444.0,7488.0,7494.0,7474.0,1614.0,120794100.0,122796
2023-05-09 21:07:45,p2307,p2307,7488.0,0.0,0.0,0.0,22,7486.0,7490.0,81,7444.0,7488.0,7494.0,7474.0,1614.0,120794100.0,122796
2023-05-09 21:07:47,p2307,p2307,7490.0,1.0,74900.0,0.0,3,7488.0,7490.0,80,7444.0,7488.0,7494.0,7474.0,1615.0,120869000.0,122796
2023-05-09 21:07:48,p2307,p2307,7490.0,0.0,0.0,0.0,3,7488.0,7490.0,75,7444.0,7488.0,7494.0,7474.0,1615.0,120869000.0,122796
2023-05-09 21:07:49,p2307,p2307,7490.0,0.0,0.0,0.0,3,7488.0,7490.0,79,7444.0,7488.0,7494.0,7474.0,1615.0,120869000.0,122796
2023-05-09 21:07:50,p2307,p2307,7490.0,1.0,74900.0,0.0,3,7488.0,7490.0,78,7444.0,7488.0,7494.0,7474.0,1616.0,120943900.0,122796
2023-05-09 21:07:50,p2307,p2307,7490.0,0.0,0.0,0.0,3,7488.0,7490.0,73,7444.0,7488.0,7494.0,7474.0,1616.0,120943900.0,122796
2023-05-09 21:07:51,p2307,p2307,7490.0,1.0,74900.0,0.0,3,7488.0,7490.0,72,7444.0,7488.0,7494.0,7474.0,1617.0,121018800.0,122796
2023-05-09 21:07:51,p2307,p2307,7490.0,0.0,0.0,0.0,3,7488.0,7490.0,77,7444.0,7488.0,7494.0,7474.0,1617.0,121018800.0,122796
2023-05-09 21:07:52,p2307,p2307,7490.0,0.0,0.0,0.0,3,7488.0,7490.0,76,7444.0,7488.0,7494.0,7474.0,1617.0,121018800.0,122796
2023-05-09 21:07:53,p2307,p2307,7490.0,76.0,5692400.0,-38.0,16,7490.0,7492.0,23,7444.0,7488.0,7494.0,7474.0,1693.0,126711200.0,122758
2023-05-09 21:07:53,p2307,p2307,7492.0,1.0,74920.0,0.0,21,7490.0,7492.0,8,7444.0,7488.0,7494.0,7474.0,1694.0,126786120.0,122758
2023-05-09 21:07:55,p2307,p2307,7492.0,0.0,0.0,0.0,17,7490.0,7492.0,8,7444.0,7488.0,7494.0,7474.0,1694.0,126786120.0,122758
2023-05-09 21:07:56,p2307,p2307,7492.0,0.0,0.0,0.0,20,7490.0,7492.0,8,7444.0,7488.0,7494.0,7474.0,1694.0,126786120.0,122758
2023-05-09 21:07:57,p2307,p2307,7492.0,0.0,0.0,0.0,35,7490.0,7492.0,8,7444.0,7488.0,7494.0,7474.0,1694.0,126786120.0,122758
2023-05-09 21:07:57,p2307,p2307,7492.0,3.0,224760.0,0.0,8,7492.0,7494.0,32,7444.0,7488.0,7494.0,7474.0,1697.0,127010880.0,122758
2023-05-09 21:07:58,p2307,p2307,7490.0,27.0,2022360.0,-7.0,23,7490.0,7494.0,23,7444.0,7488.0,7494.0,7474.0,1724.0,129033240.0,122751
2023-05-09 21:07:58,p2307,p2307,7490.0,0.0,0.0,0.0,1,7492.0,7494.0,38,7444.0,7488.0,7494.0,7474.0,1724.0,129033240.0,122751
2023-05-09 21:07:59,p2307,p2307,7490.0,7.0,524320.0,6.0,47,7488.0,7490.0,3,7444.0,7488.0,7494.0,7474.0,1731.0,129557560.0,122757
2023-05-09 21:07:59,p2307,p2307,7492.0,8.0,599300.0,-3.0,12,7490.0,7492.0,1,7444.0,7488.0,7494.0,7474.0,1739.0,130156860.0,122754
2023-05-09 21:08:00,p2307,p2307,7492.0,0.0,0.0,0.0,14,7490.0,7492.0,6,7444.0,7488.0,7494.0,7474.0,1739.0,130156860.0,122754
2023-05-09 21:08:01,p2307,p2307,7492.0,0.0,0.0,0.0,12,7490.0,7492.0,6,7444.0,7488.0,7494.0,7474.0,1739.0,130156860.0,122754
2023-05-09 21:08:01,p2307,p2307,7492.0,0.0,0.0,0.0,12,7490.0,7492.0,11,7444.0,7488.0,7494.0,7474.0,1739.0,130156860.0,122754
2023-05-09 21:08:02,p2307,p2307,7492.0,0.0,0.0,0.0,10,7490.0,7492.0,11,7444.0,7488.0,7494.0,7474.0,1739.0,130156860.0,122754
2023-05-09 21:08:04,p2307,p2307,7490.0,2.0,149800.0,2.0,12,7490.0,7492.0,14,7444.0,7488.0,7494.0,7474.0,1741.0,130306660.0,122756
2023-05-09 21:08:05,p2307,p2307,7490.0,0.0,0.0,0.0,8,7490.0,7492.0,15,7444.0,7488.0,7494.0,7474.0,1741.0,130306660.0,122756
2023-05-09 21:08:05,p2307,p2307,7490.0,0.0,0.0,0.0,8,7490.0,7492.0,16,7444.0,7488.0,7494.0,7474.0,1741.0,130306660.0,122756
2023-05-09 21:08:06,p2307,p2307,7490.0,0.0,0.0,0.0,8,7490.0,7492.0,20,7444.0,7488.0,7494.0,7474.0,1741.0,130306660.0,122756
2023-05-09 21:08:07,p2307,p2307,7490.0,5.0,374500.0,-4.0,5,7490.0,7492.0,23,7444.0,7488.0,7494.0,7474.0,1746.0,130681160.0,122752
2023-05-09 21:08:07,p2307,p2307,7490.0,9.0,674100.0,9.0,26,7488.0,7490.0,5,7444.0,7488.0,7494.0,7474.0,1755.0,131355260.0,122761
2023-05-09 21:08:08,p2307,p2307,7490.0,5.0,374500.0,5.0,5,7490.0,7492.0,9,7444.0,7488.0,7494.0,7474.0,1760.0,131729760.0,122766
2023-05-09 21:08:08,p2307,p2307,7490.0,0.0,0.0,0.0,22,7488.0,7492.0,14,7444.0,7488.0,7494.0,7474.0,1760.0,131729760.0,122766
2023-05-09 21:08:09,p2307,p2307,7490.0,0.0,0.0,0.0,16,7488.0,7492.0,14,7444.0,7488.0,7494.0,7474.0,1760.0,131729760.0,122766
2023-05-09 21:08:10,p2307,p2307,7490.0,0.0,0.0,0.0,6,7488.0,7492.0,25,7444.0,7488.0,7494.0,7474.0,1760.0,131729760.0,122766
2023-05-09 21:08:10,p2307,p2307,7490.0,0.0,0.0,0.0,6,7488.0,7490.0,3,7444.0,7488.0,7494.0,7474.0,1760.0,131729760.0,122766
2023-05-09 21:08:11,p2307,p2307,7488.0,1.0,74880.0,1.0,3,7488.0,7490.0,3,7444.0,7488.0,7494.0,7474.0,1761.0,131804640.0,122767
2023-05-09 21:08:11,p2307,p2307,7488.0,1.0,74880.0,0.0,20,7486.0,7488.0,3,7444.0,7488.0,7494.0,7474.0,1762.0,131879520.0,122767
2023-05-09 21:08:12,p2307,p2307,7488.0,0.0,0.0,0.0,7,7486.0,7488.0,3,7444.0,7488.0,7494.0,7474.0,1762.0,131879520.0,122767
2023-05-09 21:08:12,p2307,p2307,7486.0,1.0,74860.0,0.0,6,7486.0,7488.0,3,7444.0,7488.0,7494.0,7474.0,1763.0,131954380.0,122767
2023-05-09 21:08:13,p2307,p2307,7486.0,0.0,0.0,0.0,67,7484.0,7488.0,3,7444.0,7488.0,7494.0,7474.0,1763.0,131954380.0,122767
2023-05-09 21:08:13,p2307,p2307,7486.0,0.0,0.0,0.0,47,7484.0,7488.0,8,7444.0,7488.0,7494.0,7474.0,1763.0,131954380.0,122767
2023-05-09 21:08:14,p2307,p2307,7486.0,0.0,0.0,0.0,47,7484.0,7488.0,9,7444.0,7488.0,7494.0,7474.0,1763.0,131954380.0,122767
2023-05-09 21:08:14,p2307,p2307,7486.0,0.0,0.0,0.0,3,7486.0,7488.0,9,7444.0,7488.0,7494.0,7474.0,1763.0,131954380.0,122767
2023-05-09 21:08:15,p2307,p2307,7486.0,0.0,0.0,0.0,9,7486.0,7488.0,4,7444.0,7488.0,7494.0,7474.0,1763.0,131954380.0,122767
2023-05-09 21:08:17,p2307,p2307,7486.0,0.0,0.0,0.0,2,7486.0,7488.0,4,7444.0,7488.0,7494.0,7474.0,1763.0,131954380.0,122767
2023-05-09 21:08:17,p2307,p2307,7486.0,1.0,74860.0,0.0,4,7486.0,7488.0,4,7444.0,7488.0,7494.0,7474.0,1764.0,132029240.0,122767
2023-05-09 21:08:18,p2307,p2307,7486.0,0.0,0.0,0.0,8,7486.0,7488.0,3,7444.0,7488.0,7494.0,7474.0,1764.0,132029240.0,122767
2023-05-09 21:08:18,p2307,p2307,7486.0,0.0,0.0,0.0,8,7486.0,7490.0,30,7444.0,7488.0,7494.0,7474.0,1764.0,132029240.0,122767
2023-05-09 21:08:19,p2307,p2307,7486.0,0.0,0.0,0.0,13,7486.0,7490.0,40,7444.0,7488.0,7494.0,7474.0,1764.0,132029240.0,122767
2023-05-09 21:08:19,p2307,p2307,7486.0,0.0,0.0,0.0,13,7486.0,7490.0,45,7444.0,7488.0,7494.0,7474.0,1764.0,132029240.0,122767
2023-05-09 21:08:22,p2307,p2307,7486.0,0.0,0.0,0.0,23,7486.0,7490.0,20,7444.0,7488.0,7494.0,7474.0,1764.0,132029240.0,122767
2023-05-09 21:08:23,p2307,p2307,7486.0,0.0,0.0,0.0,38,7486.0,7490.0,10,7444.0,7488.0,7494.0,7474.0,1764.0,132029240.0,122767
2023-05-09 21:08:23,p2307,p2307,7486.0,0.0,0.0,0.0,18,7486.0,7488.0,3,7444.0,7488.0,7494.0,7474.0,1764.0,132029240.0,122767
2023-05-09 21:08:24,p2307,p2307,7486.0,0.0,0.0,0.0,18,7486.0,7490.0,36,7444.0,7488.0,7494.0,7474.0,1764.0,132029240.0,122767
2023-05-09 21:08:25,p2307,p2307,7486.0,0.0,0.0,0.0,23,7486.0,7488.0,3,7444.0,7488.0,7494.0,7474.0,1764.0,132029240.0,122767
2023-05-09 21:08:25,p2307,p2307,7486.0,1.0,74860.0,0.0,17,7486.0,7488.0,3,7444.0,7488.0,7494.0,7474.0,1765.0,132104100.0,122767
2023-05-09 21:08:27,p2307,p2307,7488.0,1.0,74880.0,0.0,17,7486.0,7490.0,41,7444.0,7488.0,7494.0,7474.0,1766.0,132178980.0,122767
2023-05-09 21:08:27,p2307,p2307,7488.0,0.0,0.0,0.0,17,7486.0,7490.0,46,7444.0,7488.0,7494.0,7474.0,1766.0,132178980.0,122767
2023-05-09 21:08:28,p2307,p2307,7488.0,0.0,0.0,0.0,12,7486.0,7488.0,3,7444.0,7488.0,7494.0,7474.0,1766.0,132178980.0,122767
