time,symbol_id,symbol_name,last,trade_volume,trade_amount,open_interest_change,bv1,bp1,ap1,av1,yesterday_close,today_open,today_high,today_low,volume,amount,open_interest
2023-05-09 20:58:57,p2306,p2306,7614.0,0.0,0.0,0.0,2,7658.0,7674.0,25,7614.0,7670.0,0.0,0.0,0.0,0.0,53991
2023-05-09 21:00:00,p2306,p2306,7670.0,1.0,76700.0,-1.0,2,7658.0,7674.0,26,7614.0,7670.0,7670.0,7670.0,1.0,76700.0,53990
2023-05-09 21:00:00,p2306,p2306,7676.0,106.0,8129660.0,43.0,1,7668.0,7678.0,1,7614.0,7670.0,7676.0,7658.0,107.0,8206360.0,54033
2023-05-09 21:00:01,p2306,p2306,7668.0,1.0,76680.0,0.0,4,7660.0,7668.0,2,7614.0,7670.0,7676.0,7658.0,108.0,8283040.0,54033
2023-05-09 21:00:01,p2306,p2306,7668.0,3.0,230040.0,0.0,1,7660.0,7672.0,1,7614.0,7670.0,7676.0,7658.0,111.0,8513080.0,54033
2023-05-09 21:00:02,p2306,p2306,7660.0,1.0,76600.0,0.0,4,7662.0,7668.0,16,7614.0,7670.0,7676.0,7658.0,112.0,8589680.0,54033
2023-05-09 21:00:02,p2306,p2306,7660.0,0.0,0.0,0.0,2,7652.0,7668.0,16,7614.0,7670.0,7676.0,7658.0,112.0,8589680.0,54033
2023-05-09 21:00:03,p2306,p2306,7660.0,0.0,0.0,0.0,4,7658.0,7668.0,17,7614.0,7670.0,7676.0,7658.0,112.0,8589680.0,54033
2023-05-09 21:00:03,p2306,p2306,7660.0,0.0,0.0,0.0,2,7656.0,7668.0,16,7614.0,7670.0,7676.0,7658.0,112.0,8589680.0,54033
2023-05-09 21:00:04,p2306,p2306,7660.0,0.0,0.0,0.0,2,7662.0,7668.0,16,7614.0,7670.0,7676.0,7658.0,112.0,8589680.0,54033
2023-05-09 21:00:04,p2306,p2306,7662.0,2.0,153240.0,-2.0,1,7658.0,7668.0,16,7614.0,7670.0,7676.0,7658.0,114.0,8742920.0,54031
2023-05-09 21:00:05,p2306,p2306,7666.0,2.0,153320.0,-2.0,2,7660.0,7662.0,1,7614.0,7670.0,7676.0,7658.0,116.0,8896240.0,54029
2023-05-09 21:00:05,p2306,p2306,7662.0,1.0,76620.0,-1.0,4,7658.0,7664.0,2,7614.0,7670.0,7676.0,7658.0,117.0,8972860.0,54028
2023-05-09 21:00:06,p2306,p2306,7662.0,0.0,0.0,0.0,2,7658.0,7664.0,2,7614.0,7670.0,7676.0,7658.0,117.0,8972860.0,54028
2023-05-09 21:00:06,p2306,p2306,7662.0,0.0,0.0,0.0,3,7660.0,7664.0,2,7614.0,7670.0,7676.0,7658.0,117.0,8972860.0,54028
2023-05-09 21:00:07,p2306,p2306,7664.0,2.0,153280.0,-1.0,3,7662.0,7668.0,15,7614.0,7670.0,7676.0,7658.0,119.0,9126140.0,54027
2023-05-09 21:00:08,p2306,p2306,7662.0,3.0,229860.0,2.0,1,7660.0,7662.0,15,7614.0,7670.0,7676.0,7658.0,122.0,9356000.0,54029
2023-05-09 21:00:08,p2306,p2306,7662.0,5.0,383080.0,0.0,2,7660.0,7662.0,11,7614.0,7670.0,7676.0,7658.0,127.0,9739080.0,54029
2023-05-09 21:00:09,p2306,p2306,7662.0,5.0,383060.0,0.0,1,7658.0,7662.0,8,7614.0,7670.0,7676.0,7658.0,132.0,10122140.0,54029
2023-05-09 21:00:09,p2306,p2306,7662.0,3.0,229860.0,0.0,1,7658.0,7662.0,5,7614.0,7670.0,7676.0,7658.0,135.0,10352000.0,54029
2023-05-09 21:00:10,p2306,p2306,7662.0,0.0,0.0,0.0,50,7660.0,7662.0,6,7614.0,7670.0,7676.0,7658.0,135.0,10352000.0,54029
2023-05-09 21:00:11,p2306,p2306,7660.0,33.0,2527800.0,33.0,17,7660.0,7662.0,6,7614.0,7670.0,7676.0,7658.0,168.0,12879800.0,54062
2023-05-09 21:00:11,p2306,p2306,7660.0,29.0,2220800.0,12.0,1,7656.0,7658.0,2,7614.0,7670.0,7676.0,7650.0,197.0,15100600.0,54074
2023-05-09 21:00:12,p2306,p2306,7656.0,3.0,229720.0,-2.0,4,7654.0,7660.0,2,7614.0,7670.0,7676.0,7650.0,200.0,15330320.0,54072
2023-05-09 21:00:12,p2306,p2306,7656.0,4.0,306240.0,4.0,2,7652.0,7662.0,4,7614.0,7670.0,7676.0,7650.0,204.0,15636560.0,54076
2023-05-09 21:00:13,p2306,p2306,7664.0,10.0,766220.0,4.0,2,7656.0,7668.0,17,7614.0,7670.0,7676.0,7650.0,214.0,16402780.0,54080
2023-05-09 21:00:13,p2306,p2306,7650.0,10.0,765340.0,-6.0,2,7644.0,7660.0,1,7614.0,7670.0,7676.0,7650.0,224.0,17168120.0,54074
2023-05-09 21:00:14,p2306,p2306,7658.0,3.0,229740.0,-1.0,2,7652.0,7656.0,1,7614.0,7670.0,7676.0,7650.0,227.0,17397860.0,54073
2023-05-09 21:00:14,p2306,p2306,7658.0,3.0,229720.0,-2.0,4,7658.0,7662.0,2,7614.0,7670.0,7676.0,7650.0,230.0,17627580.0,54071
2023-05-09 21:00:15,p2306,p2306,7658.0,5.0,383060.0,3.0,7,7656.0,7664.0,1,7614.0,7670.0,7676.0,7650.0,235.0,18010640.0,54074
2023-05-09 21:00:15,p2306,p2306,7658.0,0.0,0.0,0.0,4,7660.0,7664.0,1,7614.0,7670.0,7676.0,7650.0,235.0,18010640.0,54074
2023-05-09 21:00:16,p2306,p2306,7662.0,10.0,766080.0,8.0,1,7662.0,7666.0,3,7614.0,7670.0,7676.0,7650.0,245.0,18776720.0,54082
2023-05-09 21:00:16,p2306,p2306,7662.0,4.0,306480.0,0.0,1,7662.0,7668.0,20,7614.0,7670.0,7676.0,7650.0,249.0,19083200.0,54082
2023-05-09 21:00:17,p2306,p2306,7662.0,3.0,229860.0,0.0,2,7662.0,7668.0,20,7614.0,7670.0,7676.0,7650.0,252.0,19313060.0,54082
2023-05-09 21:00:17,p2306,p2306,7662.0,7.0,536340.0,4.0,1,7660.0,7668.0,20,7614.0,7670.0,7676.0,7650.0,259.0,19849400.0,54086
2023-05-09 21:00:18,p2306,p2306,7662.0,0.0,0.0,0.0,2,7662.0,7666.0,2,7614.0,7670.0,7676.0,7650.0,259.0,19849400.0,54086
2023-05-09 21:00:18,p2306,p2306,7662.0,2.0,153240.0,0.0,1,7662.0,7666.0,5,7614.0,7670.0,7676.0,7650.0,261.0,20002640.0,54086
2023-05-09 21:00:19,p2306,p2306,7660.0,2.0,153220.0,0.0,1,7658.0,7664.0,3,7614.0,7670.0,7676.0,7650.0,263.0,20155860.0,54086
2023-05-09 21:00:19,p2306,p2306,7660.0,0.0,0.0,0.0,1,7658.0,7662.0,15,7614.0,7670.0,7676.0,7650.0,263.0,20155860.0,54086
2023-05-09 21:00:20,p2306,p2306,7658.0,1.0,76580.0,0.0,2,7658.0,7662.0,15,7614.0,7670.0,7676.0,7650.0,264.0,20232440.0,54086
2023-05-09 21:00:20,p2306,p2306,7662.0,15.0,1149300.0,0.0,2,7662.0,7664.0,2,7614.0,7670.0,7676.0,7650.0,279.0,21381740.0,54086
2023-05-09 21:00:21,p2306,p2306,7664.0,4.0,306540.0,-2.0,2,7662.0,7668.0,21,7614.0,7670.0,7676.0,7650.0,283.0,21688280.0,54084
2023-05-09 21:00:21,p2306,p2306,7662.0,3.0,229880.0,1.0,1,7662.0,7668.0,21,7614.0,7670.0,7676.0,7650.0,286.0,21918160.0,54085
2023-05-09 21:00:22,p2306,p2306,7662.0,1.0,76620.0,0.0,1,7662.0,7666.0,2,7614.0,7670.0,7676.0,7650.0,287.0,21994780.0,54085
2023-05-09 21:00:22,p2306,p2306,7662.0,0.0,0.0,0.0,1,7662.0,7666.0,3,7614.0,7670.0,7676.0,7650.0,287.0,21994780.0,54085
2023-05-09 21:00:23,p2306,p2306,7662.0,0.0,0.0,0.0,1,7662.0,7666.0,5,7614.0,7670.0,7676.0,7650.0,287.0,21994780.0,54085
2023-05-09 21:00:24,p2306,p2306,7662.0,0.0,0.0,0.0,1,7662.0,7664.0,1,7614.0,7670.0,7676.0,7650.0,287.0,21994780.0,54085
2023-05-09 21:00:24,p2306,p2306,7664.0,1.0,76640.0,-1.0,1,7662.0,7666.0,5,7614.0,7670.0,7676.0,7650.0,288.0,22071420.0,54084
2023-05-09 21:00:25,p2306,p2306,7664.0,0.0,0.0,0.0,1,7662.0,7666.0,4,7614.0,7670.0,7676.0,7650.0,288.0,22071420.0,54084
2023-05-09 21:00:25,p2306,p2306,7662.0,1.0,76620.0,0.0,2,7658.0,7664.0,2,7614.0,7670.0,7676.0,7650.0,289.0,22148040.0,54084
2023-05-09 21:00:26,p2306,p2306,7660.0,1.0,76600.0,1.0,2,7658.0,7662.0,8,7614.0,7670.0,7676.0,7650.0,290.0,22224640.0,54085
2023-05-09 21:00:26,p2306,p2306,7660.0,0.0,0.0,0.0,3,7656.0,7662.0,8,7614.0,7670.0,7676.0,7650.0,290.0,22224640.0,54085
2023-05-09 21:00:27,p2306,p2306,7660.0,0.0,0.0,0.0,3,7656.0,7662.0,10,7614.0,7670.0,7676.0,7650.0,290.0,22224640.0,54085
2023-05-09 21:00:28,p2306,p2306,7660.0,0.0,0.0,0.0,1,7656.0,7662.0,11,7614.0,7670.0,7676.0,7650.0,290.0,22224640.0,54085
2023-05-09 21:00:29,p2306,p2306,7660.0,0.0,0.0,0.0,3,7654.0,7660.0,2,7614.0,7670.0,7676.0,7650.0,290.0,22224640.0,54085
2023-05-09 21:00:29,p2306,p2306,7660.0,0.0,0.0,0.0,3,7654.0,7660.0,5,7614.0,7670.0,7676.0,7650.0,290.0,22224640.0,54085
2023-05-09 21:00:30,p2306,p2306,7660.0,0.0,0.0,0.0,3,7654.0,7658.0,1,7614.0,7670.0,7676.0,7650.0,290.0,22224640.0,54085
2023-05-09 21:00:32,p2306,p2306,7660.0,0.0,0.0,0.0,5,7652.0,7656.0,1,7614.0,7670.0,7676.0,7650.0,290.0,22224640.0,54085
2023-05-09 21:00:32,p2306,p2306,7660.0,0.0,0.0,0.0,4,7652.0,7656.0,1,7614.0,7670.0,7676.0,7650.0,290.0,22224640.0,54085
2023-05-09 21:00:33,p2306,p2306,7660.0,0.0,0.0,0.0,4,7652.0,7656.0,2,7614.0,7670.0,7676.0,7650.0,290.0,22224640.0,54085
2023-05-09 21:00:33,p2306,p2306,7660.0,0.0,0.0,0.0,1,7652.0,7656.0,5,7614.0,7670.0,7676.0,7650.0,290.0,22224640.0,54085
2023-05-09 21:00:34,p2306,p2306,7660.0,0.0,0.0,0.0,3,7650.0,7656.0,6,7614.0,7670.0,7676.0,7650.0,290.0,22224640.0,54085
2023-05-09 21:00:34,p2306,p2306,7654.0,1.0,76540.0,1.0,2,7650.0,7654.0,2,7614.0,7670.0,7676.0,7650.0,291.0,22301180.0,54086
2023-05-09 21:00:35,p2306,p2306,7654.0,2.0,153080.0,-2.0,2,7650.0,7654.0,2,7614.0,7670.0,7676.0,7650.0,293.0,22454260.0,54084
2023-05-09 21:00:35,p2306,p2306,7654.0,5.0,382700.0,-4.0,3,7650.0,7656.0,5,7614.0,7670.0,7676.0,7650.0,298.0,22836960.0,54080
2023-05-09 21:00:36,p2306,p2306,7654.0,0.0,0.0,0.0,5,7650.0,7656.0,2,7614.0,7670.0,7676.0,7650.0,298.0,22836960.0,54080
2023-05-09 21:00:36,p2306,p2306,7654.0,1.0,76540.0,-1.0,5,7650.0,7656.0,4,7614.0,7670.0,7676.0,7650.0,299.0,22913500.0,54079
2023-05-09 21:00:37,p2306,p2306,7654.0,0.0,0.0,0.0,6,7650.0,7656.0,3,7614.0,7670.0,7676.0,7650.0,299.0,22913500.0,54079
2023-05-09 21:00:37,p2306,p2306,7654.0,0.0,0.0,0.0,6,7650.0,7656.0,1,7614.0,7670.0,7676.0,7650.0,299.0,22913500.0,54079
2023-05-09 21:00:38,p2306,p2306,7654.0,0.0,0.0,0.0,6,7650.0,7656.0,3,7614.0,7670.0,7676.0,7650.0,299.0,22913500.0,54079
2023-05-09 21:00:38,p2306,p2306,7654.0,0.0,0.0,0.0,7,7650.0,7656.0,4,7614.0,7670.0,7676.0,7650.0,299.0,22913500.0,54079
2023-05-09 21:00:39,p2306,p2306,7654.0,0.0,0.0,0.0,6,7650.0,7654.0,2,7614.0,7670.0,7676.0,7650.0,299.0,22913500.0,54079
2023-05-09 21:00:39,p2306,p2306,7654.0,0.0,0.0,0.0,2,7652.0,7656.0,4,7614.0,7670.0,7676.0,7650.0,299.0,22913500.0,54079
2023-05-09 21:00:40,p2306,p2306,7654.0,0.0,0.0,0.0,2,7654.0,7656.0,4,7614.0,7670.0,7676.0,7650.0,299.0,22913500.0,54079
2023-05-09 21:00:40,p2306,p2306,7648.0,30.0,2295500.0,-21.0,9,7648.0,7650.0,8,7614.0,7670.0,7676.0,7648.0,329.0,25209000.0,54058
2023-05-09 21:00:41,p2306,p2306,7652.0,9.0,688520.0,0.0,2,7650.0,7654.0,3,7614.0,7670.0,7676.0,7648.0,338.0,25897520.0,54058
2023-05-09 21:00:41,p2306,p2306,7652.0,0.0,0.0,0.0,2,7652.0,7654.0,4,7614.0,7670.0,7676.0,7648.0,338.0,25897520.0,54058
2023-05-09 21:00:42,p2306,p2306,7652.0,2.0,153040.0,0.0,3,7650.0,7654.0,4,7614.0,7670.0,7676.0,7648.0,340.0,26050560.0,54058
2023-05-09 21:00:42,p2306,p2306,7654.0,1.0,76540.0,1.0,1,7650.0,7654.0,3,7614.0,7670.0,7676.0,7648.0,341.0,26127100.0,54059
2023-05-09 21:00:43,p2306,p2306,7652.0,1.0,76520.0,-1.0,8,7650.0,7654.0,2,7614.0,7670.0,7676.0,7648.0,342.0,26203620.0,54058
2023-05-09 21:00:43,p2306,p2306,7652.0,0.0,0.0,0.0,6,7650.0,7654.0,4,7614.0,7670.0,7676.0,7648.0,342.0,26203620.0,54058
2023-05-09 21:00:44,p2306,p2306,7652.0,16.0,1224020.0,10.0,6,7648.0,7652.0,2,7614.0,7670.0,7676.0,7648.0,358.0,27427640.0,54068
2023-05-09 21:00:44,p2306,p2306,7652.0,0.0,0.0,0.0,4,7648.0,7652.0,6,7614.0,7670.0,7676.0,7648.0,358.0,27427640.0,54068
2023-05-09 21:00:45,p2306,p2306,7652.0,0.0,0.0,0.0,4,7648.0,7652.0,9,7614.0,7670.0,7676.0,7648.0,358.0,27427640.0,54068
2023-05-09 21:00:46,p2306,p2306,7652.0,0.0,0.0,0.0,4,7648.0,7652.0,8,7614.0,7670.0,7676.0,7648.0,358.0,27427640.0,54068
2023-05-09 21:00:47,p2306,p2306,7652.0,10.0,765160.0,-3.0,4,7650.0,7652.0,4,7614.0,7670.0,7676.0,7648.0,368.0,28192800.0,54065
2023-05-09 21:00:47,p2306,p2306,7650.0,4.0,306000.0,0.0,2,7648.0,7652.0,5,7614.0,7670.0,7676.0,7648.0,372.0,28498800.0,54065
2023-05-09 21:00:48,p2306,p2306,7650.0,0.0,0.0,0.0,4,7646.0,7650.0,2,7614.0,7670.0,7676.0,7648.0,372.0,28498800.0,54065
2023-05-09 21:00:49,p2306,p2306,7650.0,0.0,0.0,0.0,1,7648.0,7652.0,8,7614.0,7670.0,7676.0,7648.0,372.0,28498800.0,54065
2023-05-09 21:00:49,p2306,p2306,7650.0,0.0,0.0,0.0,3,7648.0,7652.0,9,7614.0,7670.0,7676.0,7648.0,372.0,28498800.0,54065
2023-05-09 21:00:50,p2306,p2306,7650.0,0.0,0.0,0.0,2,7650.0,7652.0,11,7614.0,7670.0,7676.0,7648.0,372.0,28498800.0,54065
2023-05-09 21:00:50,p2306,p2306,7650.0,2.0,153000.0,0.0,8,7648.0,7652.0,6,7614.0,7670.0,7676.0,7648.0,374.0,28651800.0,54065
2023-05-09 21:00:51,p2306,p2306,7652.0,6.0,459120.0,2.0,1,7652.0,7654.0,5,7614.0,7670.0,7676.0,7648.0,380.0,29110920.0,54067
2023-05-09 21:00:51,p2306,p2306,7652.0,0.0,0.0,0.0,1,7652.0,7654.0,3,7614.0,7670.0,7676.0,7648.0,380.0,29110920.0,54067
2023-05-09 21:00:52,p2306,p2306,7648.0,13.0,994320.0,3.0,8,7646.0,7648.0,4,7614.0,7670.0,7676.0,7648.0,393.0,30105240.0,54070
2023-05-09 21:00:52,p2306,p2306,7650.0,5.0,382420.0,2.0,1,7648.0,7650.0,4,7614.0,7670.0,7676.0,7648.0,398.0,30487660.0,54072
2023-05-09 21:00:53,p2306,p2306,7650.0,2.0,153000.0,2.0,1,7648.0,7652.0,5,7614.0,7670.0,7676.0,7648.0,400.0,30640660.0,54074
2023-05-09 21:00:53,p2306,p2306,7650.0,0.0,0.0,0.0,7,7648.0,7652.0,5,7614.0,7670.0,7676.0,7648.0,400.0,30640660.0,54074
2023-05-09 21:00:54,p2306,p2306,7652.0,1.0,76520.0,1.0,8,7648.0,7652.0,2,7614.0,7670.0,7676.0,7648.0,401.0,30717180.0,54075
2023-05-09 21:00:54,p2306,p2306,7652.0,2.0,153040.0,-1.0,2,7650.0,7652.0,1,7614.0,7670.0,7676.0,7648.0,403.0,30870220.0,54074
2023-05-09 21:00:55,p2306,p2306,7652.0,1.0,76520.0,-1.0,4,7650.0,7654.0,7,7614.0,7670.0,7676.0,7648.0,404.0,30946740.0,54073
2023-05-09 21:00:56,p2306,p2306,7652.0,0.0,0.0,0.0,5,7650.0,7652.0,1,7614.0,7670.0,7676.0,7648.0,404.0,30946740.0,54073
2023-05-09 21:00:56,p2306,p2306,7652.0,1.0,76520.0,-1.0,4,7650.0,7652.0,2,7614.0,7670.0,7676.0,7648.0,405.0,31023260.0,54072
2023-05-09 21:00:57,p2306,p2306,7652.0,2.0,153040.0,2.0,3,7650.0,7654.0,7,7614.0,7670.0,7676.0,7648.0,407.0,31176300.0,54074
2023-05-09 21:00:57,p2306,p2306,7652.0,4.0,306080.0,2.0,4,7650.0,7654.0,7,7614.0,7670.0,7676.0,7648.0,411.0,31482380.0,54076
2023-05-09 21:00:58,p2306,p2306,7650.0,2.0,153000.0,0.0,9,7648.0,7650.0,13,7614.0,7670.0,7676.0,7648.0,413.0,31635380.0,54076
2023-05-09 21:00:58,p2306,p2306,7652.0,15.0,1147520.0,-1.0,1,7652.0,7654.0,6,7614.0,7670.0,7676.0,7648.0,428.0,32782900.0,54075
2023-05-09 21:00:59,p2306,p2306,7654.0,3.0,229600.0,1.0,12,7650.0,7654.0,5,7614.0,7670.0,7676.0,7648.0,431.0,33012500.0,54076
2023-05-09 21:00:59,p2306,p2306,7654.0,0.0,0.0,0.0,16,7650.0,7654.0,7,7614.0,7670.0,7676.0,7648.0,431.0,33012500.0,54076
2023-05-09 21:01:00,p2306,p2306,7654.0,0.0,0.0,0.0,14,7650.0,7654.0,4,7614.0,7670.0,7676.0,7648.0,431.0,33012500.0,54076
2023-05-09 21:01:00,p2306,p2306,7654.0,0.0,0.0,0.0,18,7650.0,7654.0,2,7614.0,7670.0,7676.0,7648.0,431.0,33012500.0,54076
2023-05-09 21:01:01,p2306,p2306,7654.0,2.0,153080.0,0.0,4,7652.0,7656.0,8,7614.0,7670.0,7676.0,7648.0,433.0,33165580.0,54076
2023-05-09 21:01:01,p2306,p2306,7654.0,0.0,0.0,0.0,1,7652.0,7654.0,2,7614.0,7670.0,7676.0,7648.0,433.0,33165580.0,54076
2023-05-09 21:01:02,p2306,p2306,7654.0,0.0,0.0,0.0,18,7650.0,7654.0,2,7614.0,7670.0,7676.0,7648.0,433.0,33165580.0,54076
2023-05-09 21:01:02,p2306,p2306,7654.0,0.0,0.0,0.0,8,7652.0,7656.0,7,7614.0,7670.0,7676.0,7648.0,433.0,33165580.0,54076
2023-05-09 21:01:03,p2306,p2306,7654.0,0.0,0.0,0.0,9,7652.0,7656.0,5,7614.0,7670.0,7676.0,7648.0,433.0,33165580.0,54076
2023-05-09 21:01:03,p2306,p2306,7654.0,0.0,0.0,0.0,10,7652.0,7656.0,3,7614.0,7670.0,7676.0,7648.0,433.0,33165580.0,54076
2023-05-09 21:01:04,p2306,p2306,7654.0,0.0,0.0,0.0,11,7652.0,7654.0,1,7614.0,7670.0,7676.0,7648.0,433.0,33165580.0,54076
2023-05-09 21:01:04,p2306,p2306,7654.0,1.0,76540.0,-1.0,8,7652.0,7654.0,2,7614.0,7670.0,7676.0,7648.0,434.0,33242120.0,54075
2023-05-09 21:01:05,p2306,p2306,7654.0,0.0,0.0,0.0,3,7652.0,7654.0,2,7614.0,7670.0,7676.0,7648.0,434.0,33242120.0,54075
2023-05-09 21:01:05,p2306,p2306,7654.0,0.0,0.0,0.0,4,7652.0,7654.0,3,7614.0,7670.0,7676.0,7648.0,434.0,33242120.0,54075
2023-05-09 21:01:06,p2306,p2306,7652.0,17.0,1300840.0,1.0,8,7652.0,7654.0,6,7614.0,7670.0,7676.0,7648.0,451.0,34542960.0,54076
2023-05-09 21:01:06,p2306,p2306,7652.0,0.0,0.0,0.0,10,7652.0,7654.0,6,7614.0,7670.0,7676.0,7648.0,451.0,34542960.0,54076
2023-05-09 21:01:07,p2306,p2306,7652.0,10.0,765200.0,-2.0,36,7650.0,7652.0,1,7614.0,7670.0,7676.0,7648.0,461.0,35308160.0,54074
2023-05-09 21:01:07,p2306,p2306,7652.0,1.0,76520.0,-1.0,37,7650.0,7654.0,6,7614.0,7670.0,7676.0,7648.0,462.0,35384680.0,54073
2023-05-09 21:01:08,p2306,p2306,7652.0,0.0,0.0,0.0,39,7650.0,7654.0,5,7614.0,7670.0,7676.0,7648.0,462.0,35384680.0,54073
2023-05-09 21:01:09,p2306,p2306,7652.0,0.0,0.0,0.0,3,7652.0,7654.0,6,7614.0,7670.0,7676.0,7648.0,462.0,35384680.0,54073
2023-05-09 21:01:09,p2306,p2306,7650.0,13.0,994600.0,8.0,24,7650.0,7652.0,2,7614.0,7670.0,7676.0,7648.0,475.0,36379280.0,54081
2023-05-09 21:01:10,p2306,p2306,7650.0,0.0,0.0,0.0,22,7650.0,7652.0,4,7614.0,7670.0,7676.0,7648.0,475.0,36379280.0,54081
2023-05-09 21:01:10,p2306,p2306,7652.0,3.0,229560.0,-1.0,27,7650.0,7654.0,9,7614.0,7670.0,7676.0,7648.0,478.0,36608840.0,54080
2023-05-09 21:01:11,p2306,p2306,7652.0,0.0,0.0,0.0,27,7650.0,7654.0,7,7614.0,7670.0,7676.0,7648.0,478.0,36608840.0,54080
2023-05-09 21:01:11,p2306,p2306,7652.0,0.0,0.0,0.0,24,7650.0,7652.0,4,7614.0,7670.0,7676.0,7648.0,478.0,36608840.0,54080
2023-05-09 21:01:12,p2306,p2306,7652.0,0.0,0.0,0.0,23,7650.0,7652.0,6,7614.0,7670.0,7676.0,7648.0,478.0,36608840.0,54080
2023-05-09 21:01:12,p2306,p2306,7650.0,2.0,153000.0,-2.0,19,7650.0,7652.0,4,7614.0,7670.0,7676.0,7648.0,480.0,36761840.0,54078
2023-05-09 21:01:13,p2306,p2306,7650.0,0.0,0.0,0.0,21,7650.0,7652.0,3,7614.0,7670.0,7676.0,7648.0,480.0,36761840.0,54078
2023-05-09 21:01:13,p2306,p2306,7652.0,3.0,229560.0,2.0,22,7650.0,7652.0,2,7614.0,7670.0,7676.0,7648.0,483.0,36991400.0,54080
2023-05-09 21:01:14,p2306,p2306,7652.0,0.0,0.0,0.0,23,7650.0,7654.0,9,7614.0,7670.0,7676.0,7648.0,483.0,36991400.0,54080
2023-05-09 21:01:14,p2306,p2306,7652.0,6.0,459120.0,-4.0,16,7652.0,7654.0,6,7614.0,7670.0,7676.0,7648.0,489.0,37450520.0,54076
2023-05-09 21:01:15,p2306,p2306,7654.0,3.0,229620.0,0.0,16,7652.0,7654.0,1,7614.0,7670.0,7676.0,7648.0,492.0,37680140.0,54076
2023-05-09 21:01:15,p2306,p2306,7654.0,4.0,306160.0,-1.0,16,7652.0,7656.0,10,7614.0,7670.0,7676.0,7648.0,496.0,37986300.0,54075
2023-05-09 21:01:16,p2306,p2306,7652.0,4.0,306080.0,0.0,15,7652.0,7654.0,3,7614.0,7670.0,7676.0,7648.0,500.0,38292380.0,54075
2023-05-09 21:01:16,p2306,p2306,7652.0,15.0,1147800.0,-4.0,24,7650.0,7652.0,1,7614.0,7670.0,7676.0,7648.0,515.0,39440180.0,54071
2023-05-09 21:01:17,p2306,p2306,7652.0,1.0,76520.0,-1.0,28,7650.0,7654.0,3,7614.0,7670.0,7676.0,7648.0,516.0,39516700.0,54070
2023-05-09 21:01:17,p2306,p2306,7652.0,0.0,0.0,0.0,30,7650.0,7654.0,3,7614.0,7670.0,7676.0,7648.0,516.0,39516700.0,54070
2023-05-09 21:01:18,p2306,p2306,7652.0,0.0,0.0,0.0,29,7650.0,7654.0,3,7614.0,7670.0,7676.0,7648.0,516.0,39516700.0,54070
2023-05-09 21:01:19,p2306,p2306,7652.0,0.0,0.0,0.0,29,7650.0,7654.0,4,7614.0,7670.0,7676.0,7648.0,516.0,39516700.0,54070
2023-05-09 21:01:19,p2306,p2306,7652.0,2.0,153040.0,0.0,27,7650.0,7654.0,6,7614.0,7670.0,7676.0,7648.0,518.0,39669740.0,54070
2023-05-09 21:01:20,p2306,p2306,7652.0,1.0,76520.0,-1.0,27,7650.0,7654.0,3,7614.0,7670.0,7676.0,7648.0,519.0,39746260.0,54069
2023-05-09 21:01:20,p2306,p2306,7652.0,0.0,0.0,0.0,26,7650.0,7654.0,8,7614.0,7670.0,7676.0,7648.0,519.0,39746260.0,54069
2023-05-09 21:01:21,p2306,p2306,7652.0,0.0,0.0,0.0,26,7650.0,7654.0,15,7614.0,7670.0,7676.0,7648.0,519.0,39746260.0,54069
2023-05-09 21:01:21,p2306,p2306,7652.0,0.0,0.0,0.0,30,7650.0,7654.0,12,7614.0,7670.0,7676.0,7648.0,519.0,39746260.0,54069
2023-05-09 21:01:22,p2306,p2306,7652.0,0.0,0.0,0.0,29,7650.0,7654.0,12,7614.0,7670.0,7676.0,7648.0,519.0,39746260.0,54069
2023-05-09 21:01:22,p2306,p2306,7652.0,0.0,0.0,0.0,29,7650.0,7654.0,16,7614.0,7670.0,7676.0,7648.0,519.0,39746260.0,54069
2023-05-09 21:01:24,p2306,p2306,7652.0,0.0,0.0,0.0,29,7650.0,7654.0,17,7614.0,7670.0,7676.0,7648.0,519.0,39746260.0,54069
2023-05-09 21:01:24,p2306,p2306,7652.0,0.0,0.0,0.0,29,7650.0,7654.0,19,7614.0,7670.0,7676.0,7648.0,519.0,39746260.0,54069
2023-05-09 21:01:24,p2306,p2306,7652.0,0.0,0.0,0.0,29,7650.0,7654.0,25,7614.0,7670.0,7676.0,7648.0,519.0,39746260.0,54069
2023-05-09 21:01:25,p2306,p2306,7652.0,0.0,0.0,0.0,29,7650.0,7654.0,26,7614.0,7670.0,7676.0,7648.0,519.0,39746260.0,54069
2023-05-09 21:01:26,p2306,p2306,7652.0,0.0,0.0,0.0,29,7650.0,7654.0,27,7614.0,7670.0,7676.0,7648.0,519.0,39746260.0,54069
2023-05-09 21:01:26,p2306,p2306,7652.0,0.0,0.0,0.0,26,7650.0,7652.0,5,7614.0,7670.0,7676.0,7648.0,519.0,39746260.0,54069
2023-05-09 21:01:27,p2306,p2306,7650.0,21.0,1606500.0,-2.0,9,7648.0,7650.0,1,7614.0,7670.0,7676.0,7648.0,540.0,41352760.0,54067
2023-05-09 21:01:27,p2306,p2306,7648.0,5.0,382400.0,-4.0,2,7648.0,7650.0,1,7614.0,7670.0,7676.0,7648.0,545.0,41735160.0,54063
2023-05-09 21:01:28,p2306,p2306,7648.0,0.0,0.0,0.0,6,7648.0,7650.0,3,7614.0,7670.0,7676.0,7648.0,545.0,41735160.0,54063
2023-05-09 21:01:28,p2306,p2306,7650.0,4.0,306000.0,0.0,1,7650.0,7652.0,5,7614.0,7670.0,7676.0,7648.0,549.0,42041160.0,54063
2023-05-09 21:01:29,p2306,p2306,7650.0,0.0,0.0,0.0,2,7650.0,7652.0,4,7614.0,7670.0,7676.0,7648.0,549.0,42041160.0,54063
2023-05-09 21:01:30,p2306,p2306,7650.0,2.0,153000.0,0.0,13,7648.0,7652.0,4,7614.0,7670.0,7676.0,7648.0,551.0,42194160.0,54063
2023-05-09 21:01:31,p2306,p2306,7650.0,0.0,0.0,0.0,14,7648.0,7652.0,4,7614.0,7670.0,7676.0,7648.0,551.0,42194160.0,54063
2023-05-09 21:01:31,p2306,p2306,7652.0,4.0,306080.0,2.0,14,7648.0,7654.0,25,7614.0,7670.0,7676.0,7648.0,555.0,42500240.0,54065
2023-05-09 21:01:32,p2306,p2306,7654.0,1.0,76540.0,1.0,5,7650.0,7652.0,2,7614.0,7670.0,7676.0,7648.0,556.0,42576780.0,54066
2023-05-09 21:01:32,p2306,p2306,7650.0,6.0,459040.0,3.0,3,7650.0,7654.0,21,7614.0,7670.0,7676.0,7648.0,562.0,43035820.0,54069
2023-05-09 21:01:33,p2306,p2306,7650.0,0.0,0.0,0.0,3,7650.0,7654.0,24,7614.0,7670.0,7676.0,7648.0,562.0,43035820.0,54069
2023-05-09 21:01:33,p2306,p2306,7650.0,0.0,0.0,0.0,5,7650.0,7654.0,23,7614.0,7670.0,7676.0,7648.0,562.0,43035820.0,54069
2023-05-09 21:01:34,p2306,p2306,7650.0,0.0,0.0,0.0,7,7650.0,7654.0,24,7614.0,7670.0,7676.0,7648.0,562.0,43035820.0,54069
2023-05-09 21:01:34,p2306,p2306,7652.0,4.0,306080.0,2.0,8,7650.0,7654.0,21,7614.0,7670.0,7676.0,7648.0,566.0,43341900.0,54071
2023-05-09 21:01:35,p2306,p2306,7652.0,2.0,153040.0,1.0,6,7650.0,7654.0,22,7614.0,7670.0,7676.0,7648.0,568.0,43494940.0,54072
2023-05-09 21:01:35,p2306,p2306,7652.0,5.0,382540.0,2.0,4,7650.0,7652.0,2,7614.0,7670.0,7676.0,7648.0,573.0,43877480.0,54074
2023-05-09 21:01:36,p2306,p2306,7652.0,0.0,0.0,0.0,3,7650.0,7652.0,4,7614.0,7670.0,7676.0,7648.0,573.0,43877480.0,54074
2023-05-09 21:01:36,p2306,p2306,7652.0,2.0,153020.0,0.0,2,7650.0,7652.0,4,7614.0,7670.0,7676.0,7648.0,575.0,44030500.0,54074
2023-05-09 21:01:37,p2306,p2306,7652.0,4.0,306080.0,-2.0,6,7650.0,7654.0,25,7614.0,7670.0,7676.0,7648.0,579.0,44336580.0,54072
2023-05-09 21:01:37,p2306,p2306,7654.0,3.0,229620.0,3.0,10,7650.0,7654.0,23,7614.0,7670.0,7676.0,7648.0,582.0,44566200.0,54075
2023-05-09 21:01:38,p2306,p2306,7654.0,0.0,0.0,0.0,11,7650.0,7654.0,21,7614.0,7670.0,7676.0,7648.0,582.0,44566200.0,54075
2023-05-09 21:01:38,p2306,p2306,7652.0,1.0,76520.0,1.0,12,7650.0,7654.0,21,7614.0,7670.0,7676.0,7648.0,583.0,44642720.0,54076
2023-05-09 21:01:39,p2306,p2306,7652.0,0.0,0.0,0.0,7,7650.0,7654.0,25,7614.0,7670.0,7676.0,7648.0,583.0,44642720.0,54076
2023-05-09 21:01:39,p2306,p2306,7652.0,0.0,0.0,0.0,6,7650.0,7654.0,24,7614.0,7670.0,7676.0,7648.0,583.0,44642720.0,54076
2023-05-09 21:01:40,p2306,p2306,7652.0,0.0,0.0,0.0,3,7650.0,7652.0,2,7614.0,7670.0,7676.0,7648.0,583.0,44642720.0,54076
2023-05-09 21:01:40,p2306,p2306,7652.0,0.0,0.0,0.0,4,7650.0,7652.0,2,7614.0,7670.0,7676.0,7648.0,583.0,44642720.0,54076
2023-05-09 21:01:41,p2306,p2306,7652.0,0.0,0.0,0.0,3,7650.0,7652.0,2,7614.0,7670.0,7676.0,7648.0,583.0,44642720.0,54076
2023-05-09 21:01:42,p2306,p2306,7652.0,2.0,153040.0,1.0,2,7650.0,7654.0,24,7614.0,7670.0,7676.0,7648.0,585.0,44795760.0,54077
2023-05-09 21:01:43,p2306,p2306,7652.0,0.0,0.0,0.0,4,7650.0,7654.0,25,7614.0,7670.0,7676.0,7648.0,585.0,44795760.0,54077
2023-05-09 21:01:44,p2306,p2306,7652.0,0.0,0.0,0.0,3,7650.0,7652.0,1,7614.0,7670.0,7676.0,7648.0,585.0,44795760.0,54077
2023-05-09 21:01:45,p2306,p2306,7652.0,0.0,0.0,0.0,3,7650.0,7652.0,4,7614.0,7670.0,7676.0,7648.0,585.0,44795760.0,54077
2023-05-09 21:01:45,p2306,p2306,7650.0,2.0,153000.0,1.0,13,7648.0,7652.0,4,7614.0,7670.0,7676.0,7648.0,587.0,44948760.0,54078
2023-05-09 21:01:46,p2306,p2306,7650.0,0.0,0.0,0.0,5,7648.0,7650.0,2,7614.0,7670.0,7676.0,7648.0,587.0,44948760.0,54078
2023-05-09 21:01:46,p2306,p2306,7650.0,0.0,0.0,0.0,2,7648.0,7650.0,1,7614.0,7670.0,7676.0,7648.0,587.0,44948760.0,54078
2023-05-09 21:01:47,p2306,p2306,7648.0,2.0,152960.0,0.0,17,7646.0,7650.0,3,7614.0,7670.0,7676.0,7648.0,589.0,45101720.0,54078
2023-05-09 21:01:47,p2306,p2306,7648.0,0.0,0.0,0.0,19,7646.0,7650.0,3,7614.0,7670.0,7676.0,7648.0,589.0,45101720.0,54078
2023-05-09 21:01:48,p2306,p2306,7648.0,0.0,0.0,0.0,2,7648.0,7652.0,12,7614.0,7670.0,7676.0,7648.0,589.0,45101720.0,54078
2023-05-09 21:01:48,p2306,p2306,7648.0,0.0,0.0,0.0,3,7648.0,7652.0,15,7614.0,7670.0,7676.0,7648.0,589.0,45101720.0,54078
2023-05-09 21:01:49,p2306,p2306,7648.0,0.0,0.0,0.0,2,7648.0,7652.0,23,7614.0,7670.0,7676.0,7648.0,589.0,45101720.0,54078
2023-05-09 21:01:49,p2306,p2306,7650.0,2.0,153000.0,-2.0,56,7648.0,7652.0,17,7614.0,7670.0,7676.0,7648.0,591.0,45254720.0,54076
2023-05-09 21:01:50,p2306,p2306,7650.0,0.0,0.0,0.0,58,7648.0,7652.0,16,7614.0,7670.0,7676.0,7648.0,591.0,45254720.0,54076
2023-05-09 21:01:51,p2306,p2306,7650.0,1.0,76500.0,0.0,58,7648.0,7652.0,17,7614.0,7670.0,7676.0,7648.0,592.0,45331220.0,54076
2023-05-09 21:01:51,p2306,p2306,7650.0,0.0,0.0,0.0,58,7648.0,7652.0,18,7614.0,7670.0,7676.0,7648.0,592.0,45331220.0,54076
2023-05-09 21:01:52,p2306,p2306,7650.0,0.0,0.0,0.0,63,7648.0,7652.0,15,7614.0,7670.0,7676.0,7648.0,592.0,45331220.0,54076
2023-05-09 21:01:52,p2306,p2306,7650.0,0.0,0.0,0.0,66,7648.0,7652.0,15,7614.0,7670.0,7676.0,7648.0,592.0,45331220.0,54076
2023-05-09 21:01:53,p2306,p2306,7650.0,0.0,0.0,0.0,1,7650.0,7652.0,11,7614.0,7670.0,7676.0,7648.0,592.0,45331220.0,54076
2023-05-09 21:01:53,p2306,p2306,7650.0,0.0,0.0,0.0,2,7650.0,7652.0,16,7614.0,7670.0,7676.0,7648.0,592.0,45331220.0,54076
2023-05-09 21:01:54,p2306,p2306,7650.0,0.0,0.0,0.0,68,7648.0,7652.0,14,7614.0,7670.0,7676.0,7648.0,592.0,45331220.0,54076
2023-05-09 21:01:54,p2306,p2306,7650.0,0.0,0.0,0.0,68,7648.0,7650.0,1,7614.0,7670.0,7676.0,7648.0,592.0,45331220.0,54076
2023-05-09 21:01:55,p2306,p2306,7650.0,1.0,76500.0,0.0,67,7648.0,7652.0,16,7614.0,7670.0,7676.0,7648.0,593.0,45407720.0,54076
2023-05-09 21:01:55,p2306,p2306,7650.0,1.0,76500.0,0.0,66,7648.0,7652.0,13,7614.0,7670.0,7676.0,7648.0,594.0,45484220.0,54076
2023-05-09 21:01:56,p2306,p2306,7650.0,0.0,0.0,0.0,66,7648.0,7652.0,14,7614.0,7670.0,7676.0,7648.0,594.0,45484220.0,54076
2023-05-09 21:01:56,p2306,p2306,7650.0,0.0,0.0,0.0,66,7648.0,7652.0,13,7614.0,7670.0,7676.0,7648.0,594.0,45484220.0,54076
2023-05-09 21:01:57,p2306,p2306,7650.0,0.0,0.0,0.0,1,7650.0,7652.0,13,7614.0,7670.0,7676.0,7648.0,594.0,45484220.0,54076
2023-05-09 21:01:57,p2306,p2306,7650.0,0.0,0.0,0.0,2,7650.0,7652.0,15,7614.0,7670.0,7676.0,7648.0,594.0,45484220.0,54076
2023-05-09 21:01:59,p2306,p2306,7652.0,15.0,1147800.0,-4.0,2,7652.0,7654.0,11,7614.0,7670.0,7676.0,7648.0,609.0,46632020.0,54072
2023-05-09 21:01:59,p2306,p2306,7654.0,5.0,382700.0,3.0,4,7652.0,7656.0,8,7614.0,7670.0,7676.0,7648.0,614.0,47014720.0,54075
2023-05-09 21:02:00,p2306,p2306,7654.0,0.0,0.0,0.0,4,7652.0,7656.0,12,7614.0,7670.0,7676.0,7648.0,614.0,47014720.0,54075
2023-05-09 21:02:00,p2306,p2306,7654.0,1.0,76540.0,-1.0,4,7652.0,7654.0,5,7614.0,7670.0,7676.0,7648.0,615.0,47091260.0,54074
2023-05-09 21:02:01,p2306,p2306,7654.0,0.0,0.0,0.0,4,7652.0,7654.0,4,7614.0,7670.0,7676.0,7648.0,615.0,47091260.0,54074
2023-05-09 21:02:01,p2306,p2306,7654.0,5.0,382700.0,2.0,5,7652.0,7654.0,2,7614.0,7670.0,7676.0,7648.0,620.0,47473960.0,54076
2023-05-09 21:02:02,p2306,p2306,7654.0,3.0,229620.0,2.0,1,7654.0,7656.0,9,7614.0,7670.0,7676.0,7648.0,623.0,47703580.0,54078
2023-05-09 21:02:02,p2306,p2306,7654.0,2.0,153080.0,0.0,1,7654.0,7656.0,5,7614.0,7670.0,7676.0,7648.0,625.0,47856660.0,54078
2023-05-09 21:02:03,p2306,p2306,7656.0,7.0,535920.0,0.0,2,7654.0,7658.0,10,7614.0,7670.0,7676.0,7648.0,632.0,48392580.0,54078
2023-05-09 21:02:03,p2306,p2306,7654.0,4.0,306160.0,0.0,15,7652.0,7656.0,2,7614.0,7670.0,7676.0,7648.0,636.0,48698740.0,54078
2023-05-09 21:02:04,p2306,p2306,7654.0,0.0,0.0,0.0,11,7652.0,7656.0,2,7614.0,7670.0,7676.0,7648.0,636.0,48698740.0,54078
2023-05-09 21:02:04,p2306,p2306,7654.0,3.0,229620.0,2.0,11,7654.0,7658.0,10,7614.0,7670.0,7676.0,7648.0,639.0,48928360.0,54080
2023-05-09 21:02:05,p2306,p2306,7654.0,0.0,0.0,0.0,16,7654.0,7658.0,9,7614.0,7670.0,7676.0,7648.0,639.0,48928360.0,54080
2023-05-09 21:02:05,p2306,p2306,7654.0,8.0,612320.0,-7.0,9,7654.0,7656.0,2,7614.0,7670.0,7676.0,7648.0,647.0,49540680.0,54073
2023-05-09 21:02:06,p2306,p2306,7656.0,4.0,306240.0,4.0,10,7654.0,7658.0,8,7614.0,7670.0,7676.0,7648.0,651.0,49846920.0,54077
2023-05-09 21:02:06,p2306,p2306,7656.0,0.0,0.0,0.0,9,7654.0,7656.0,2,7614.0,7670.0,7676.0,7648.0,651.0,49846920.0,54077
2023-05-09 21:02:07,p2306,p2306,7656.0,0.0,0.0,0.0,12,7654.0,7656.0,2,7614.0,7670.0,7676.0,7648.0,651.0,49846920.0,54077
2023-05-09 21:02:08,p2306,p2306,7656.0,0.0,0.0,0.0,11,7654.0,7656.0,4,7614.0,7670.0,7676.0,7648.0,651.0,49846920.0,54077
2023-05-09 21:02:09,p2306,p2306,7654.0,10.0,765400.0,-7.0,12,7652.0,7654.0,2,7614.0,7670.0,7676.0,7648.0,661.0,50612320.0,54070
2023-05-09 21:02:09,p2306,p2306,7654.0,1.0,76540.0,1.0,11,7652.0,7654.0,1,7614.0,7670.0,7676.0,7648.0,662.0,50688860.0,54071
2023-05-09 21:02:10,p2306,p2306,7654.0,0.0,0.0,0.0,13,7652.0,7654.0,1,7614.0,7670.0,7676.0,7648.0,662.0,50688860.0,54071
2023-05-09 21:02:10,p2306,p2306,7654.0,0.0,0.0,0.0,11,7652.0,7654.0,3,7614.0,7670.0,7676.0,7648.0,662.0,50688860.0,54071
2023-05-09 21:02:11,p2306,p2306,7652.0,2.0,153040.0,-2.0,8,7652.0,7654.0,3,7614.0,7670.0,7676.0,7648.0,664.0,50841900.0,54069
2023-05-09 21:02:12,p2306,p2306,7652.0,0.0,0.0,0.0,6,7652.0,7654.0,5,7614.0,7670.0,7676.0,7648.0,664.0,50841900.0,54069
2023-05-09 21:02:12,p2306,p2306,7652.0,0.0,0.0,0.0,6,7652.0,7654.0,6,7614.0,7670.0,7676.0,7648.0,664.0,50841900.0,54069
2023-05-09 21:02:13,p2306,p2306,7652.0,0.0,0.0,0.0,12,7650.0,7654.0,8,7614.0,7670.0,7676.0,7648.0,664.0,50841900.0,54069
2023-05-09 21:02:13,p2306,p2306,7652.0,0.0,0.0,0.0,13,7650.0,7654.0,9,7614.0,7670.0,7676.0,7648.0,664.0,50841900.0,54069
2023-05-09 21:02:14,p2306,p2306,7652.0,2.0,153040.0,0.0,18,7650.0,7654.0,6,7614.0,7670.0,7676.0,7648.0,666.0,50994940.0,54069
2023-05-09 21:02:14,p2306,p2306,7652.0,0.0,0.0,0.0,12,7650.0,7654.0,7,7614.0,7670.0,7676.0,7648.0,666.0,50994940.0,54069
2023-05-09 21:02:15,p2306,p2306,7652.0,0.0,0.0,0.0,15,7650.0,7654.0,6,7614.0,7670.0,7676.0,7648.0,666.0,50994940.0,54069
2023-05-09 21:02:15,p2306,p2306,7652.0,0.0,0.0,0.0,10,7650.0,7654.0,5,7614.0,7670.0,7676.0,7648.0,666.0,50994940.0,54069
2023-05-09 21:02:16,p2306,p2306,7652.0,0.0,0.0,0.0,9,7650.0,7654.0,7,7614.0,7670.0,7676.0,7648.0,666.0,50994940.0,54069
2023-05-09 21:02:16,p2306,p2306,7652.0,0.0,0.0,0.0,9,7650.0,7654.0,9,7614.0,7670.0,7676.0,7648.0,666.0,50994940.0,54069
2023-05-09 21:02:17,p2306,p2306,7652.0,0.0,0.0,0.0,11,7650.0,7654.0,11,7614.0,7670.0,7676.0,7648.0,666.0,50994940.0,54069
2023-05-09 21:02:18,p2306,p2306,7652.0,0.0,0.0,0.0,50,7652.0,7654.0,11,7614.0,7670.0,7676.0,7648.0,666.0,50994940.0,54069
2023-05-09 21:02:19,p2306,p2306,7654.0,4.0,306140.0,2.0,51,7652.0,7654.0,3,7614.0,7670.0,7676.0,7648.0,670.0,51301080.0,54071
2023-05-09 21:02:19,p2306,p2306,7654.0,0.0,0.0,0.0,52,7652.0,7654.0,3,7614.0,7670.0,7676.0,7648.0,670.0,51301080.0,54071
2023-05-09 21:02:22,p2306,p2306,7654.0,3.0,229620.0,1.0,53,7652.0,7656.0,13,7614.0,7670.0,7676.0,7648.0,673.0,51530700.0,54072
2023-05-09 21:02:23,p2306,p2306,7654.0,0.0,0.0,0.0,55,7652.0,7656.0,10,7614.0,7670.0,7676.0,7648.0,673.0,51530700.0,54072
2023-05-09 21:02:23,p2306,p2306,7654.0,0.0,0.0,0.0,57,7652.0,7656.0,9,7614.0,7670.0,7676.0,7648.0,673.0,51530700.0,54072
2023-05-09 21:02:24,p2306,p2306,7654.0,0.0,0.0,0.0,58,7652.0,7656.0,10,7614.0,7670.0,7676.0,7648.0,673.0,51530700.0,54072
2023-05-09 21:02:24,p2306,p2306,7654.0,0.0,0.0,0.0,58,7652.0,7654.0,1,7614.0,7670.0,7676.0,7648.0,673.0,51530700.0,54072
2023-05-09 21:02:25,p2306,p2306,7654.0,1.0,76540.0,0.0,8,7652.0,7656.0,12,7614.0,7670.0,7676.0,7648.0,674.0,51607240.0,54072
2023-05-09 21:02:25,p2306,p2306,7656.0,14.0,1071780.0,9.0,2,7656.0,7658.0,7,7614.0,7670.0,7676.0,7648.0,688.0,52679020.0,54081
2023-05-09 21:02:26,p2306,p2306,7656.0,2.0,153120.0,0.0,50,7654.0,7658.0,9,7614.0,7670.0,7676.0,7648.0,690.0,52832140.0,54081
2023-05-09 21:02:26,p2306,p2306,7656.0,0.0,0.0,0.0,53,7654.0,7658.0,5,7614.0,7670.0,7676.0,7648.0,690.0,52832140.0,54081
2023-05-09 21:02:27,p2306,p2306,7656.0,0.0,0.0,0.0,57,7654.0,7658.0,3,7614.0,7670.0,7676.0,7648.0,690.0,52832140.0,54081
2023-05-09 21:02:27,p2306,p2306,7654.0,15.0,1148100.0,15.0,43,7654.0,7658.0,5,7614.0,7670.0,7676.0,7648.0,705.0,53980240.0,54096
2023-05-09 21:02:28,p2306,p2306,7654.0,0.0,0.0,0.0,42,7654.0,7658.0,7,7614.0,7670.0,7676.0,7648.0,705.0,53980240.0,54096
2023-05-09 21:02:28,p2306,p2306,7658.0,5.0,382900.0,2.0,42,7654.0,7658.0,2,7614.0,7670.0,7676.0,7648.0,710.0,54363140.0,54098
2023-05-09 21:02:29,p2306,p2306,7658.0,0.0,0.0,0.0,6,7656.0,7658.0,2,7614.0,7670.0,7676.0,7648.0,710.0,54363140.0,54098
2023-05-09 21:02:30,p2306,p2306,7656.0,12.0,918720.0,12.0,1,7656.0,7658.0,2,7614.0,7670.0,7676.0,7648.0,722.0,55281860.0,54110
2023-05-09 21:02:30,p2306,p2306,7656.0,2.0,153120.0,-1.0,1,7656.0,7658.0,4,7614.0,7670.0,7676.0,7648.0,724.0,55434980.0,54109
2023-05-09 21:02:31,p2306,p2306,7656.0,1.0,76560.0,-1.0,41,7654.0,7658.0,4,7614.0,7670.0,7676.0,7648.0,725.0,55511540.0,54108
2023-05-09 21:02:31,p2306,p2306,7656.0,0.0,0.0,0.0,42,7654.0,7658.0,4,7614.0,7670.0,7676.0,7648.0,725.0,55511540.0,54108
2023-05-09 21:02:32,p2306,p2306,7656.0,0.0,0.0,0.0,43,7654.0,7656.0,1,7614.0,7670.0,7676.0,7648.0,725.0,55511540.0,54108
2023-05-09 21:02:33,p2306,p2306,7656.0,1.0,76560.0,-1.0,41,7654.0,7658.0,7,7614.0,7670.0,7676.0,7648.0,726.0,55588100.0,54107
2023-05-09 21:02:33,p2306,p2306,7656.0,0.0,0.0,0.0,42,7654.0,7658.0,6,7614.0,7670.0,7676.0,7648.0,726.0,55588100.0,54107
2023-05-09 21:02:34,p2306,p2306,7656.0,0.0,0.0,0.0,42,7654.0,7658.0,7,7614.0,7670.0,7676.0,7648.0,726.0,55588100.0,54107
2023-05-09 21:02:36,p2306,p2306,7656.0,0.0,0.0,0.0,42,7654.0,7658.0,6,7614.0,7670.0,7676.0,7648.0,726.0,55588100.0,54107
2023-05-09 21:02:37,p2306,p2306,7656.0,0.0,0.0,0.0,42,7654.0,7658.0,9,7614.0,7670.0,7676.0,7648.0,726.0,55588100.0,54107
2023-05-09 21:02:37,p2306,p2306,7656.0,0.0,0.0,0.0,42,7654.0,7658.0,12,7614.0,7670.0,7676.0,7648.0,726.0,55588100.0,54107
2023-05-09 21:02:38,p2306,p2306,7656.0,2.0,153120.0,0.0,43,7654.0,7658.0,12,7614.0,7670.0,7676.0,7648.0,728.0,55741220.0,54107
2023-05-09 21:02:39,p2306,p2306,7656.0,1.0,76560.0,1.0,42,7654.0,7658.0,11,7614.0,7670.0,7676.0,7648.0,729.0,55817780.0,54108
2023-05-09 21:02:39,p2306,p2306,7656.0,0.0,0.0,0.0,43,7654.0,7658.0,11,7614.0,7670.0,7676.0,7648.0,729.0,55817780.0,54108
2023-05-09 21:02:40,p2306,p2306,7654.0,9.0,688860.0,9.0,35,7654.0,7658.0,12,7614.0,7670.0,7676.0,7648.0,738.0,56506640.0,54117
2023-05-09 21:02:41,p2306,p2306,7654.0,1.0,76540.0,0.0,10,7654.0,7656.0,5,7614.0,7670.0,7676.0,7648.0,739.0,56583180.0,54117
2023-05-09 21:02:41,p2306,p2306,7656.0,11.0,842240.0,5.0,7,7654.0,7658.0,10,7614.0,7670.0,7676.0,7648.0,750.0,57425420.0,54122
2023-05-09 21:02:42,p2306,p2306,7658.0,1.0,76580.0,0.0,4,7654.0,7658.0,14,7614.0,7670.0,7676.0,7648.0,751.0,57502000.0,54122
2023-05-09 21:02:42,p2306,p2306,7654.0,9.0,688860.0,6.0,12,7652.0,7654.0,1,7614.0,7670.0,7676.0,7648.0,760.0,58190860.0,54128
2023-05-09 21:02:43,p2306,p2306,7654.0,2.0,153080.0,0.0,11,7652.0,7656.0,3,7614.0,7670.0,7676.0,7648.0,762.0,58343940.0,54128
2023-05-09 21:02:43,p2306,p2306,7654.0,0.0,0.0,0.0,12,7652.0,7656.0,2,7614.0,7670.0,7676.0,7648.0,762.0,58343940.0,54128
2023-05-09 21:02:44,p2306,p2306,7654.0,0.0,0.0,0.0,13,7652.0,7656.0,2,7614.0,7670.0,7676.0,7648.0,762.0,58343940.0,54128
2023-05-09 21:02:44,p2306,p2306,7656.0,27.0,2067120.0,10.0,1,7654.0,7656.0,5,7614.0,7670.0,7676.0,7648.0,789.0,60411060.0,54138
2023-05-09 21:02:45,p2306,p2306,7654.0,1.0,76540.0,0.0,7,7652.0,7654.0,2,7614.0,7670.0,7676.0,7648.0,790.0,60487600.0,54138
2023-05-09 21:02:45,p2306,p2306,7652.0,2.0,153040.0,-1.0,2,7652.0,7654.0,1,7614.0,7670.0,7676.0,7648.0,792.0,60640640.0,54137
2023-05-09 21:02:46,p2306,p2306,7652.0,0.0,0.0,0.0,2,7652.0,7654.0,3,7614.0,7670.0,7676.0,7648.0,792.0,60640640.0,54137
2023-05-09 21:02:46,p2306,p2306,7652.0,0.0,0.0,0.0,7,7652.0,7654.0,3,7614.0,7670.0,7676.0,7648.0,792.0,60640640.0,54137
2023-05-09 21:02:47,p2306,p2306,7654.0,1.0,76540.0,0.0,8,7652.0,7654.0,2,7614.0,7670.0,7676.0,7648.0,793.0,60717180.0,54137
2023-05-09 21:02:48,p2306,p2306,7654.0,0.0,0.0,0.0,8,7652.0,7654.0,3,7614.0,7670.0,7676.0,7648.0,793.0,60717180.0,54137
2023-05-09 21:02:50,p2306,p2306,7654.0,0.0,0.0,0.0,14,7650.0,7654.0,3,7614.0,7670.0,7676.0,7648.0,793.0,60717180.0,54137
2023-05-09 21:02:51,p2306,p2306,7654.0,0.0,0.0,0.0,13,7650.0,7654.0,7,7614.0,7670.0,7676.0,7648.0,793.0,60717180.0,54137
2023-05-09 21:02:51,p2306,p2306,7652.0,1.0,76520.0,0.0,2,7652.0,7654.0,12,7614.0,7670.0,7676.0,7648.0,794.0,60793700.0,54137
2023-05-09 21:02:52,p2306,p2306,7652.0,1.0,76520.0,1.0,4,7652.0,7654.0,12,7614.0,7670.0,7676.0,7648.0,795.0,60870220.0,54138
2023-05-09 21:02:52,p2306,p2306,7652.0,0.0,0.0,0.0,4,7652.0,7654.0,9,7614.0,7670.0,7676.0,7648.0,795.0,60870220.0,54138
2023-05-09 21:02:53,p2306,p2306,7652.0,0.0,0.0,0.0,16,7650.0,7654.0,10,7614.0,7670.0,7676.0,7648.0,795.0,60870220.0,54138
2023-05-09 21:02:53,p2306,p2306,7652.0,0.0,0.0,0.0,19,7650.0,7654.0,11,7614.0,7670.0,7676.0,7648.0,795.0,60870220.0,54138
2023-05-09 21:02:54,p2306,p2306,7652.0,0.0,0.0,0.0,14,7650.0,7652.0,9,7614.0,7670.0,7676.0,7648.0,795.0,60870220.0,54138
2023-05-09 21:02:54,p2306,p2306,7652.0,0.0,0.0,0.0,25,7650.0,7652.0,12,7614.0,7670.0,7676.0,7648.0,795.0,60870220.0,54138
2023-05-09 21:02:55,p2306,p2306,7652.0,0.0,0.0,0.0,22,7650.0,7652.0,12,7614.0,7670.0,7676.0,7648.0,795.0,60870220.0,54138
2023-05-09 21:02:56,p2306,p2306,7652.0,11.0,841720.0,9.0,14,7652.0,7654.0,16,7614.0,7670.0,7676.0,7648.0,806.0,61711940.0,54147
2023-05-09 21:02:56,p2306,p2306,7652.0,6.0,459120.0,6.0,11,7652.0,7654.0,12,7614.0,7670.0,7676.0,7648.0,812.0,62171060.0,54153
2023-05-09 21:02:57,p2306,p2306,7652.0,22.0,1683580.0,-10.0,10,7650.0,7654.0,5,7614.0,7670.0,7676.0,7648.0,834.0,63854640.0,54143
2023-05-09 21:02:57,p2306,p2306,7652.0,0.0,0.0,0.0,14,7650.0,7654.0,7,7614.0,7670.0,7676.0,7648.0,834.0,63854640.0,54143
2023-05-09 21:02:57,p2306,p2306,7652.0,0.0,0.0,0.0,13,7650.0,7654.0,7,7614.0,7670.0,7676.0,7648.0,834.0,63854640.0,54143
2023-05-09 21:02:58,p2306,p2306,7652.0,0.0,0.0,0.0,14,7650.0,7654.0,7,7614.0,7670.0,7676.0,7648.0,834.0,63854640.0,54143
2023-05-09 21:02:59,p2306,p2306,7652.0,0.0,0.0,0.0,26,7650.0,7654.0,11,7614.0,7670.0,7676.0,7648.0,834.0,63854640.0,54143
2023-05-09 21:02:59,p2306,p2306,7652.0,0.0,0.0,0.0,21,7650.0,7652.0,2,7614.0,7670.0,7676.0,7648.0,834.0,63854640.0,54143
2023-05-09 21:03:00,p2306,p2306,7652.0,0.0,0.0,0.0,18,7650.0,7652.0,4,7614.0,7670.0,7676.0,7648.0,834.0,63854640.0,54143
2023-05-09 21:03:00,p2306,p2306,7652.0,0.0,0.0,0.0,18,7650.0,7652.0,6,7614.0,7670.0,7676.0,7648.0,834.0,63854640.0,54143
2023-05-09 21:03:01,p2306,p2306,7650.0,13.0,994500.0,0.0,64,7648.0,7652.0,12,7614.0,7670.0,7676.0,7648.0,847.0,64849140.0,54143
2023-05-09 21:03:02,p2306,p2306,7650.0,0.0,0.0,0.0,62,7648.0,7652.0,16,7614.0,7670.0,7676.0,7648.0,847.0,64849140.0,54143
2023-05-09 21:03:02,p2306,p2306,7650.0,0.0,0.0,0.0,1,7650.0,7652.0,12,7614.0,7670.0,7676.0,7648.0,847.0,64849140.0,54143
2023-05-09 21:03:03,p2306,p2306,7650.0,1.0,76500.0,0.0,63,7648.0,7652.0,12,7614.0,7670.0,7676.0,7648.0,848.0,64925640.0,54143
2023-05-09 21:03:04,p2306,p2306,7654.0,17.0,1300880.0,4.0,3,7652.0,7654.0,8,7614.0,7670.0,7676.0,7648.0,865.0,66226520.0,54147
2023-05-09 21:03:05,p2306,p2306,7654.0,5.0,382700.0,-1.0,8,7652.0,7656.0,12,7614.0,7670.0,7676.0,7648.0,870.0,66609220.0,54146
2023-05-09 21:03:05,p2306,p2306,7654.0,0.0,0.0,0.0,3,7654.0,7656.0,8,7614.0,7670.0,7676.0,7648.0,870.0,66609220.0,54146
2023-05-09 21:03:06,p2306,p2306,7654.0,0.0,0.0,0.0,3,7654.0,7656.0,7,7614.0,7670.0,7676.0,7648.0,870.0,66609220.0,54146
2023-05-09 21:03:06,p2306,p2306,7654.0,0.0,0.0,0.0,3,7654.0,7656.0,8,7614.0,7670.0,7676.0,7648.0,870.0,66609220.0,54146
2023-05-09 21:03:07,p2306,p2306,7654.0,0.0,0.0,0.0,4,7654.0,7656.0,9,7614.0,7670.0,7676.0,7648.0,870.0,66609220.0,54146
2023-05-09 21:03:08,p2306,p2306,7654.0,0.0,0.0,0.0,3,7654.0,7656.0,9,7614.0,7670.0,7676.0,7648.0,870.0,66609220.0,54146
2023-05-09 21:03:09,p2306,p2306,7654.0,0.0,0.0,0.0,3,7654.0,7656.0,10,7614.0,7670.0,7676.0,7648.0,870.0,66609220.0,54146
2023-05-09 21:03:09,p2306,p2306,7654.0,2.0,153080.0,0.0,24,7652.0,7656.0,13,7614.0,7670.0,7676.0,7648.0,872.0,66762300.0,54146
2023-05-09 21:03:10,p2306,p2306,7654.0,0.0,0.0,0.0,21,7652.0,7656.0,16,7614.0,7670.0,7676.0,7648.0,872.0,66762300.0,54146
2023-05-09 21:03:10,p2306,p2306,7656.0,11.0,842160.0,2.0,1,7656.0,7658.0,11,7614.0,7670.0,7676.0,7648.0,883.0,67604460.0,54148
2023-05-09 21:03:11,p2306,p2306,7654.0,6.0,459260.0,0.0,1,7654.0,7658.0,13,7614.0,7670.0,7676.0,7648.0,889.0,68063720.0,54148
2023-05-09 21:03:11,p2306,p2306,7654.0,1.0,76540.0,1.0,10,7652.0,7656.0,7,7614.0,7670.0,7676.0,7648.0,890.0,68140260.0,54149
2023-05-09 21:03:12,p2306,p2306,7654.0,0.0,0.0,0.0,12,7652.0,7656.0,7,7614.0,7670.0,7676.0,7648.0,890.0,68140260.0,54149
2023-05-09 21:03:13,p2306,p2306,7654.0,1.0,76540.0,-1.0,2,7654.0,7656.0,9,7614.0,7670.0,7676.0,7648.0,891.0,68216800.0,54148
2023-05-09 21:03:13,p2306,p2306,7654.0,0.0,0.0,0.0,14,7652.0,7656.0,6,7614.0,7670.0,7676.0,7648.0,891.0,68216800.0,54148
2023-05-09 21:03:15,p2306,p2306,7654.0,0.0,0.0,0.0,12,7652.0,7656.0,8,7614.0,7670.0,7676.0,7648.0,891.0,68216800.0,54148
2023-05-09 21:03:15,p2306,p2306,7654.0,0.0,0.0,0.0,12,7652.0,7656.0,10,7614.0,7670.0,7676.0,7648.0,891.0,68216800.0,54148
2023-05-09 21:03:16,p2306,p2306,7654.0,0.0,0.0,0.0,12,7652.0,7656.0,13,7614.0,7670.0,7676.0,7648.0,891.0,68216800.0,54148
2023-05-09 21:03:16,p2306,p2306,7654.0,0.0,0.0,0.0,9,7652.0,7656.0,16,7614.0,7670.0,7676.0,7648.0,891.0,68216800.0,54148
2023-05-09 21:03:17,p2306,p2306,7654.0,0.0,0.0,0.0,11,7652.0,7656.0,15,7614.0,7670.0,7676.0,7648.0,891.0,68216800.0,54148
2023-05-09 21:03:17,p2306,p2306,7654.0,0.0,0.0,0.0,10,7652.0,7656.0,16,7614.0,7670.0,7676.0,7648.0,891.0,68216800.0,54148
2023-05-09 21:03:18,p2306,p2306,7654.0,0.0,0.0,0.0,8,7652.0,7656.0,15,7614.0,7670.0,7676.0,7648.0,891.0,68216800.0,54148
2023-05-09 21:03:18,p2306,p2306,7654.0,0.0,0.0,0.0,41,7652.0,7656.0,12,7614.0,7670.0,7676.0,7648.0,891.0,68216800.0,54148
2023-05-09 21:03:19,p2306,p2306,7654.0,2.0,153080.0,2.0,44,7652.0,7656.0,8,7614.0,7670.0,7676.0,7648.0,893.0,68369880.0,54150
2023-05-09 21:03:19,p2306,p2306,7654.0,0.0,0.0,0.0,43,7652.0,7656.0,8,7614.0,7670.0,7676.0,7648.0,893.0,68369880.0,54150
2023-05-09 21:03:20,p2306,p2306,7654.0,0.0,0.0,0.0,40,7652.0,7656.0,12,7614.0,7670.0,7676.0,7648.0,893.0,68369880.0,54150
2023-05-09 21:03:20,p2306,p2306,7654.0,0.0,0.0,0.0,42,7652.0,7656.0,12,7614.0,7670.0,7676.0,7648.0,893.0,68369880.0,54150
2023-05-09 21:03:21,p2306,p2306,7654.0,0.0,0.0,0.0,43,7652.0,7654.0,2,7614.0,7670.0,7676.0,7648.0,893.0,68369880.0,54150
2023-05-09 21:03:21,p2306,p2306,7654.0,0.0,0.0,0.0,41,7652.0,7654.0,2,7614.0,7670.0,7676.0,7648.0,893.0,68369880.0,54150
2023-05-09 21:03:22,p2306,p2306,7654.0,1.0,76540.0,-1.0,40,7652.0,7656.0,15,7614.0,7670.0,7676.0,7648.0,894.0,68446420.0,54149
2023-05-09 21:03:22,p2306,p2306,7656.0,1.0,76560.0,1.0,41,7652.0,7656.0,12,7614.0,7670.0,7676.0,7648.0,895.0,68522980.0,54150
2023-05-09 21:03:23,p2306,p2306,7656.0,0.0,0.0,0.0,43,7652.0,7656.0,12,7614.0,7670.0,7676.0,7648.0,895.0,68522980.0,54150
2023-05-09 21:03:23,p2306,p2306,7656.0,0.0,0.0,0.0,44,7652.0,7656.0,11,7614.0,7670.0,7676.0,7648.0,895.0,68522980.0,54150
2023-05-09 21:03:29,p2306,p2306,7656.0,0.0,0.0,0.0,45,7652.0,7654.0,1,7614.0,7670.0,7676.0,7648.0,895.0,68522980.0,54150
2023-05-09 21:03:29,p2306,p2306,7654.0,1.0,76540.0,-1.0,44,7652.0,7656.0,13,7614.0,7670.0,7676.0,7648.0,896.0,68599520.0,54149
2023-05-09 21:03:29,p2306,p2306,7654.0,0.0,0.0,0.0,46,7652.0,7656.0,11,7614.0,7670.0,7676.0,7648.0,896.0,68599520.0,54149
2023-05-09 21:03:31,p2306,p2306,7654.0,0.0,0.0,0.0,45,7652.0,7656.0,12,7614.0,7670.0,7676.0,7648.0,896.0,68599520.0,54149
2023-05-09 21:03:31,p2306,p2306,7654.0,0.0,0.0,0.0,44,7652.0,7654.0,1,7614.0,7670.0,7676.0,7648.0,896.0,68599520.0,54149
2023-05-09 21:03:32,p2306,p2306,7654.0,0.0,0.0,0.0,41,7652.0,7654.0,3,7614.0,7670.0,7676.0,7648.0,896.0,68599520.0,54149
2023-05-09 21:03:32,p2306,p2306,7654.0,0.0,0.0,0.0,36,7652.0,7654.0,7,7614.0,7670.0,7676.0,7648.0,896.0,68599520.0,54149
2023-05-09 21:03:33,p2306,p2306,7654.0,0.0,0.0,0.0,37,7652.0,7654.0,4,7614.0,7670.0,7676.0,7648.0,896.0,68599520.0,54149
2023-05-09 21:03:33,p2306,p2306,7654.0,0.0,0.0,0.0,37,7652.0,7654.0,3,7614.0,7670.0,7676.0,7648.0,896.0,68599520.0,54149
2023-05-09 21:03:34,p2306,p2306,7654.0,3.0,229620.0,-1.0,40,7652.0,7656.0,11,7614.0,7670.0,7676.0,7648.0,899.0,68829140.0,54148
2023-05-09 21:03:35,p2306,p2306,7654.0,0.0,0.0,0.0,41,7652.0,7656.0,9,7614.0,7670.0,7676.0,7648.0,899.0,68829140.0,54148
2023-05-09 21:03:35,p2306,p2306,7654.0,0.0,0.0,0.0,43,7652.0,7656.0,11,7614.0,7670.0,7676.0,7648.0,899.0,68829140.0,54148
2023-05-09 21:03:35,p2306,p2306,7654.0,0.0,0.0,0.0,44,7652.0,7656.0,12,7614.0,7670.0,7676.0,7648.0,899.0,68829140.0,54148
2023-05-09 21:03:37,p2306,p2306,7654.0,0.0,0.0,0.0,45,7652.0,7654.0,1,7614.0,7670.0,7676.0,7648.0,899.0,68829140.0,54148
2023-05-09 21:03:37,p2306,p2306,7654.0,1.0,76540.0,-1.0,44,7652.0,7656.0,13,7614.0,7670.0,7676.0,7648.0,900.0,68905680.0,54147
2023-05-09 21:03:38,p2306,p2306,7654.0,0.0,0.0,0.0,45,7652.0,7656.0,12,7614.0,7670.0,7676.0,7648.0,900.0,68905680.0,54147
2023-05-09 21:03:39,p2306,p2306,7654.0,0.0,0.0,0.0,44,7652.0,7656.0,13,7614.0,7670.0,7676.0,7648.0,900.0,68905680.0,54147
2023-05-09 21:03:39,p2306,p2306,7654.0,0.0,0.0,0.0,45,7652.0,7656.0,12,7614.0,7670.0,7676.0,7648.0,900.0,68905680.0,54147
2023-05-09 21:03:40,p2306,p2306,7654.0,0.0,0.0,0.0,43,7652.0,7656.0,13,7614.0,7670.0,7676.0,7648.0,900.0,68905680.0,54147
2023-05-09 21:03:40,p2306,p2306,7654.0,0.0,0.0,0.0,45,7652.0,7656.0,12,7614.0,7670.0,7676.0,7648.0,900.0,68905680.0,54147
2023-05-09 21:03:42,p2306,p2306,7654.0,0.0,0.0,0.0,45,7652.0,7654.0,1,7614.0,7670.0,7676.0,7648.0,900.0,68905680.0,54147
2023-05-09 21:03:43,p2306,p2306,7654.0,1.0,76540.0,-1.0,44,7652.0,7656.0,12,7614.0,7670.0,7676.0,7648.0,901.0,68982220.0,54146
2023-05-09 21:03:43,p2306,p2306,7656.0,2.0,153120.0,1.0,45,7652.0,7656.0,10,7614.0,7670.0,7676.0,7648.0,903.0,69135340.0,54147
2023-05-09 21:03:43,p2306,p2306,7656.0,0.0,0.0,0.0,45,7652.0,7656.0,11,7614.0,7670.0,7676.0,7648.0,903.0,69135340.0,54147
2023-05-09 21:03:44,p2306,p2306,7652.0,15.0,1147800.0,14.0,30,7652.0,7656.0,12,7614.0,7670.0,7676.0,7648.0,918.0,70283140.0,54161
2023-05-09 21:03:44,p2306,p2306,7652.0,0.0,0.0,0.0,28,7652.0,7656.0,15,7614.0,7670.0,7676.0,7648.0,918.0,70283140.0,54161
2023-05-09 21:03:45,p2306,p2306,7652.0,0.0,0.0,0.0,31,7652.0,7656.0,11,7614.0,7670.0,7676.0,7648.0,918.0,70283140.0,54161
2023-05-09 21:03:46,p2306,p2306,7652.0,0.0,0.0,0.0,30,7652.0,7656.0,11,7614.0,7670.0,7676.0,7648.0,918.0,70283140.0,54161
2023-05-09 21:03:46,p2306,p2306,7652.0,0.0,0.0,0.0,27,7652.0,7656.0,15,7614.0,7670.0,7676.0,7648.0,918.0,70283140.0,54161
2023-05-09 21:03:47,p2306,p2306,7652.0,0.0,0.0,0.0,26,7652.0,7654.0,3,7614.0,7670.0,7676.0,7648.0,918.0,70283140.0,54161
2023-05-09 21:03:47,p2306,p2306,7652.0,0.0,0.0,0.0,27,7652.0,7654.0,2,7614.0,7670.0,7676.0,7648.0,918.0,70283140.0,54161
2023-05-09 21:03:50,p2306,p2306,7652.0,0.0,0.0,0.0,29,7652.0,7656.0,12,7614.0,7670.0,7676.0,7648.0,918.0,70283140.0,54161
2023-05-09 21:03:50,p2306,p2306,7652.0,0.0,0.0,0.0,30,7652.0,7656.0,11,7614.0,7670.0,7676.0,7648.0,918.0,70283140.0,54161
2023-05-09 21:03:51,p2306,p2306,7652.0,0.0,0.0,0.0,27,7652.0,7656.0,15,7614.0,7670.0,7676.0,7648.0,918.0,70283140.0,54161
2023-05-09 21:03:51,p2306,p2306,7652.0,0.0,0.0,0.0,30,7652.0,7656.0,11,7614.0,7670.0,7676.0,7648.0,918.0,70283140.0,54161
2023-05-09 21:03:52,p2306,p2306,7652.0,0.0,0.0,0.0,29,7652.0,7656.0,12,7614.0,7670.0,7676.0,7648.0,918.0,70283140.0,54161
2023-05-09 21:03:53,p2306,p2306,7652.0,0.0,0.0,0.0,30,7652.0,7656.0,11,7614.0,7670.0,7676.0,7648.0,918.0,70283140.0,54161
2023-05-09 21:03:53,p2306,p2306,7652.0,0.0,0.0,0.0,27,7652.0,7654.0,3,7614.0,7670.0,7676.0,7648.0,918.0,70283140.0,54161
2023-05-09 21:03:54,p2306,p2306,7656.0,12.0,918660.0,4.0,27,7652.0,7656.0,7,7614.0,7670.0,7676.0,7648.0,930.0,71201800.0,54165
2023-05-09 21:03:54,p2306,p2306,7656.0,14.0,1071840.0,-4.0,25,7652.0,7656.0,3,7614.0,7670.0,7676.0,7648.0,944.0,72273640.0,54161
2023-05-09 21:03:55,p2306,p2306,7656.0,0.0,0.0,0.0,29,7652.0,7656.0,3,7614.0,7670.0,7676.0,7648.0,944.0,72273640.0,54161
2023-05-09 21:03:55,p2306,p2306,7656.0,0.0,0.0,0.0,31,7652.0,7656.0,3,7614.0,7670.0,7676.0,7648.0,944.0,72273640.0,54161
2023-05-09 21:03:59,p2306,p2306,7656.0,0.0,0.0,0.0,32,7652.0,7656.0,3,7614.0,7670.0,7676.0,7648.0,944.0,72273640.0,54161
2023-05-09 21:03:59,p2306,p2306,7656.0,0.0,0.0,0.0,28,7652.0,7656.0,3,7614.0,7670.0,7676.0,7648.0,944.0,72273640.0,54161
2023-05-09 21:04:00,p2306,p2306,7652.0,2.0,153040.0,2.0,24,7652.0,7654.0,4,7614.0,7670.0,7676.0,7648.0,946.0,72426680.0,54163
2023-05-09 21:04:00,p2306,p2306,7652.0,0.0,0.0,0.0,24,7652.0,7654.0,7,7614.0,7670.0,7676.0,7648.0,946.0,72426680.0,54163
2023-05-09 21:04:01,p2306,p2306,7652.0,0.0,0.0,0.0,23,7652.0,7654.0,12,7614.0,7670.0,7676.0,7648.0,946.0,72426680.0,54163
2023-05-09 21:04:01,p2306,p2306,7652.0,0.0,0.0,0.0,22,7652.0,7654.0,13,7614.0,7670.0,7676.0,7648.0,946.0,72426680.0,54163
2023-05-09 21:04:02,p2306,p2306,7652.0,2.0,153040.0,2.0,20,7652.0,7654.0,13,7614.0,7670.0,7676.0,7648.0,948.0,72579720.0,54165
2023-05-09 21:04:03,p2306,p2306,7654.0,13.0,995020.0,11.0,1,7654.0,7656.0,9,7614.0,7670.0,7676.0,7648.0,961.0,73574740.0,54176
2023-05-09 21:04:03,p2306,p2306,7654.0,3.0,229620.0,0.0,24,7652.0,7656.0,6,7614.0,7670.0,7676.0,7648.0,964.0,73804360.0,54176
2023-05-09 21:04:04,p2306,p2306,7652.0,1.0,76520.0,1.0,25,7652.0,7656.0,6,7614.0,7670.0,7676.0,7648.0,965.0,73880880.0,54177
2023-05-09 21:04:04,p2306,p2306,7652.0,0.0,0.0,0.0,24,7652.0,7656.0,5,7614.0,7670.0,7676.0,7648.0,965.0,73880880.0,54177
2023-05-09 21:04:05,p2306,p2306,7656.0,11.0,842160.0,6.0,25,7652.0,7656.0,2,7614.0,7670.0,7676.0,7648.0,976.0,74723040.0,54183
2023-05-09 21:04:05,p2306,p2306,7656.0,0.0,0.0,0.0,28,7652.0,7656.0,2,7614.0,7670.0,7676.0,7648.0,976.0,74723040.0,54183
2023-05-09 21:04:06,p2306,p2306,7654.0,1.0,76540.0,0.0,2,7654.0,7656.0,2,7614.0,7670.0,7676.0,7648.0,977.0,74799580.0,54183
2023-05-09 21:04:07,p2306,p2306,7654.0,1.0,76540.0,-1.0,23,7652.0,7656.0,13,7614.0,7670.0,7676.0,7648.0,978.0,74876120.0,54182
2023-05-09 21:04:08,p2306,p2306,7654.0,0.0,0.0,0.0,1,7654.0,7656.0,12,7614.0,7670.0,7676.0,7648.0,978.0,74876120.0,54182
2023-05-09 21:04:08,p2306,p2306,7654.0,1.0,76540.0,0.0,1,7654.0,7656.0,12,7614.0,7670.0,7676.0,7648.0,979.0,74952660.0,54182
2023-05-09 21:04:09,p2306,p2306,7654.0,1.0,76540.0,-1.0,24,7652.0,7656.0,15,7614.0,7670.0,7676.0,7648.0,980.0,75029200.0,54181
2023-05-09 21:04:09,p2306,p2306,7654.0,0.0,0.0,0.0,25,7652.0,7654.0,3,7614.0,7670.0,7676.0,7648.0,980.0,75029200.0,54181
2023-05-09 21:04:10,p2306,p2306,7652.0,13.0,995180.0,3.0,22,7652.0,7656.0,9,7614.0,7670.0,7676.0,7648.0,993.0,76024380.0,54184
2023-05-09 21:04:10,p2306,p2306,7652.0,0.0,0.0,0.0,25,7652.0,7656.0,13,7614.0,7670.0,7676.0,7648.0,993.0,76024380.0,54184
2023-05-09 21:04:10,p2306,p2306,7652.0,0.0,0.0,0.0,25,7652.0,7656.0,11,7614.0,7670.0,7676.0,7648.0,993.0,76024380.0,54184
2023-05-09 21:04:12,p2306,p2306,7652.0,0.0,0.0,0.0,24,7652.0,7656.0,12,7614.0,7670.0,7676.0,7648.0,993.0,76024380.0,54184
2023-05-09 21:04:12,p2306,p2306,7652.0,0.0,0.0,0.0,25,7652.0,7656.0,13,7614.0,7670.0,7676.0,7648.0,993.0,76024380.0,54184
2023-05-09 21:04:12,p2306,p2306,7652.0,0.0,0.0,0.0,25,7652.0,7656.0,11,7614.0,7670.0,7676.0,7648.0,993.0,76024380.0,54184
2023-05-09 21:04:13,p2306,p2306,7652.0,0.0,0.0,0.0,4,7654.0,7656.0,5,7614.0,7670.0,7676.0,7648.0,993.0,76024380.0,54184
2023-05-09 21:04:14,p2306,p2306,7654.0,3.0,229620.0,0.0,2,7654.0,7656.0,2,7614.0,7670.0,7676.0,7648.0,996.0,76254000.0,54184
2023-05-09 21:04:17,p2306,p2306,7654.0,4.0,306160.0,0.0,21,7652.0,7656.0,3,7614.0,7670.0,7676.0,7648.0,1000.0,76560160.0,54184
2023-05-09 21:04:17,p2306,p2306,7654.0,0.0,0.0,0.0,24,7652.0,7656.0,3,7614.0,7670.0,7676.0,7648.0,1000.0,76560160.0,54184
2023-05-09 21:04:18,p2306,p2306,7654.0,0.0,0.0,0.0,23,7652.0,7656.0,4,7614.0,7670.0,7676.0,7648.0,1000.0,76560160.0,54184
2023-05-09 21:04:18,p2306,p2306,7654.0,0.0,0.0,0.0,22,7652.0,7656.0,10,7614.0,7670.0,7676.0,7648.0,1000.0,76560160.0,54184
2023-05-09 21:04:18,p2306,p2306,7654.0,0.0,0.0,0.0,24,7652.0,7656.0,11,7614.0,7670.0,7676.0,7648.0,1000.0,76560160.0,54184
2023-05-09 21:04:20,p2306,p2306,7654.0,0.0,0.0,0.0,24,7652.0,7656.0,13,7614.0,7670.0,7676.0,7648.0,1000.0,76560160.0,54184
2023-05-09 21:04:20,p2306,p2306,7652.0,2.0,153040.0,2.0,22,7652.0,7654.0,14,7614.0,7670.0,7676.0,7648.0,1002.0,76713200.0,54186
2023-05-09 21:04:21,p2306,p2306,7652.0,0.0,0.0,0.0,15,7652.0,7654.0,12,7614.0,7670.0,7676.0,7648.0,1002.0,76713200.0,54186
2023-05-09 21:04:21,p2306,p2306,7652.0,15.0,1147800.0,7.0,11,7650.0,7654.0,14,7614.0,7670.0,7676.0,7648.0,1017.0,77861000.0,54193
2023-05-09 21:04:22,p2306,p2306,7652.0,0.0,0.0,0.0,11,7650.0,7654.0,16,7614.0,7670.0,7676.0,7648.0,1017.0,77861000.0,54193
2023-05-09 21:04:22,p2306,p2306,7652.0,0.0,0.0,0.0,10,7650.0,7654.0,19,7614.0,7670.0,7676.0,7648.0,1017.0,77861000.0,54193
2023-05-09 21:04:23,p2306,p2306,7650.0,4.0,306000.0,0.0,3,7650.0,7652.0,2,7614.0,7670.0,7676.0,7648.0,1021.0,78167000.0,54193
2023-05-09 21:04:23,p2306,p2306,7650.0,4.0,306000.0,-2.0,8,7648.0,7650.0,3,7614.0,7670.0,7676.0,7648.0,1025.0,78473000.0,54191
2023-05-09 21:04:24,p2306,p2306,7650.0,0.0,0.0,0.0,6,7648.0,7650.0,6,7614.0,7670.0,7676.0,7648.0,1025.0,78473000.0,54191
2023-05-09 21:04:25,p2306,p2306,7650.0,0.0,0.0,0.0,10,7648.0,7650.0,6,7614.0,7670.0,7676.0,7648.0,1025.0,78473000.0,54191
2023-05-09 21:04:26,p2306,p2306,7650.0,0.0,0.0,0.0,11,7648.0,7650.0,3,7614.0,7670.0,7676.0,7648.0,1025.0,78473000.0,54191
2023-05-09 21:04:26,p2306,p2306,7650.0,0.0,0.0,0.0,7,7648.0,7650.0,4,7614.0,7670.0,7676.0,7648.0,1025.0,78473000.0,54191
2023-05-09 21:04:27,p2306,p2306,7650.0,1.0,76500.0,0.0,10,7648.0,7650.0,2,7614.0,7670.0,7676.0,7648.0,1026.0,78549500.0,54191
2023-05-09 21:04:27,p2306,p2306,7650.0,0.0,0.0,0.0,11,7648.0,7650.0,2,7614.0,7670.0,7676.0,7648.0,1026.0,78549500.0,54191
2023-05-09 21:04:27,p2306,p2306,7650.0,0.0,0.0,0.0,11,7648.0,7650.0,4,7614.0,7670.0,7676.0,7648.0,1026.0,78549500.0,54191
2023-05-09 21:04:28,p2306,p2306,7650.0,0.0,0.0,0.0,12,7648.0,7650.0,4,7614.0,7670.0,7676.0,7648.0,1026.0,78549500.0,54191
2023-05-09 21:04:29,p2306,p2306,7650.0,3.0,229500.0,2.0,13,7648.0,7652.0,14,7614.0,7670.0,7676.0,7648.0,1029.0,78779000.0,54193
2023-05-09 21:04:30,p2306,p2306,7650.0,1.0,76500.0,0.0,10,7648.0,7652.0,14,7614.0,7670.0,7676.0,7648.0,1030.0,78855500.0,54193
2023-05-09 21:04:30,p2306,p2306,7650.0,0.0,0.0,0.0,14,7648.0,7652.0,14,7614.0,7670.0,7676.0,7648.0,1030.0,78855500.0,54193
2023-05-09 21:04:31,p2306,p2306,7650.0,0.0,0.0,0.0,13,7648.0,7652.0,12,7614.0,7670.0,7676.0,7648.0,1030.0,78855500.0,54193
2023-05-09 21:04:31,p2306,p2306,7650.0,0.0,0.0,0.0,14,7648.0,7650.0,1,7614.0,7670.0,7676.0,7648.0,1030.0,78855500.0,54193
2023-05-09 21:04:32,p2306,p2306,7650.0,1.0,76500.0,-1.0,17,7648.0,7652.0,7,7614.0,7670.0,7676.0,7648.0,1031.0,78932000.0,54192
2023-05-09 21:04:32,p2306,p2306,7650.0,0.0,0.0,0.0,12,7648.0,7650.0,2,7614.0,7670.0,7676.0,7648.0,1031.0,78932000.0,54192
2023-05-09 21:04:33,p2306,p2306,7648.0,6.0,458880.0,-1.0,13,7646.0,7650.0,4,7614.0,7670.0,7676.0,7648.0,1037.0,79390880.0,54191
2023-05-09 21:04:33,p2306,p2306,7648.0,0.0,0.0,0.0,15,7646.0,7650.0,4,7614.0,7670.0,7676.0,7648.0,1037.0,79390880.0,54191
2023-05-09 21:04:33,p2306,p2306,7648.0,0.0,0.0,0.0,16,7646.0,7650.0,4,7614.0,7670.0,7676.0,7648.0,1037.0,79390880.0,54191
2023-05-09 21:04:35,p2306,p2306,7648.0,0.0,0.0,0.0,5,7648.0,7650.0,4,7614.0,7670.0,7676.0,7648.0,1037.0,79390880.0,54191
2023-05-09 21:04:36,p2306,p2306,7648.0,0.0,0.0,0.0,8,7648.0,7650.0,4,7614.0,7670.0,7676.0,7648.0,1037.0,79390880.0,54191
2023-05-09 21:04:36,p2306,p2306,7648.0,0.0,0.0,0.0,5,7648.0,7650.0,4,7614.0,7670.0,7676.0,7648.0,1037.0,79390880.0,54191
2023-05-09 21:04:37,p2306,p2306,7648.0,1.0,76480.0,0.0,15,7646.0,7650.0,12,7614.0,7670.0,7676.0,7648.0,1038.0,79467360.0,54191
2023-05-09 21:04:37,p2306,p2306,7648.0,0.0,0.0,0.0,11,7646.0,7650.0,18,7614.0,7670.0,7676.0,7648.0,1038.0,79467360.0,54191
2023-05-09 21:04:38,p2306,p2306,7648.0,0.0,0.0,0.0,9,7646.0,7650.0,20,7614.0,7670.0,7676.0,7648.0,1038.0,79467360.0,54191
2023-05-09 21:04:39,p2306,p2306,7648.0,0.0,0.0,0.0,8,7646.0,7650.0,18,7614.0,7670.0,7676.0,7648.0,1038.0,79467360.0,54191
2023-05-09 21:04:40,p2306,p2306,7646.0,6.0,458780.0,-1.0,26,7644.0,7646.0,2,7614.0,7670.0,7676.0,7646.0,1044.0,79926140.0,54190
2023-05-09 21:04:40,p2306,p2306,7646.0,0.0,0.0,0.0,26,7644.0,7646.0,4,7614.0,7670.0,7676.0,7646.0,1044.0,79926140.0,54190
2023-05-09 21:04:41,p2306,p2306,7644.0,4.0,305760.0,0.0,24,7644.0,7646.0,4,7614.0,7670.0,7676.0,7644.0,1048.0,80231900.0,54190
2023-05-09 21:04:41,p2306,p2306,7644.0,1.0,76440.0,0.0,24,7644.0,7646.0,5,7614.0,7670.0,7676.0,7644.0,1049.0,80308340.0,54190
2023-05-09 21:04:42,p2306,p2306,7644.0,3.0,229320.0,0.0,20,7644.0,7646.0,7,7614.0,7670.0,7676.0,7644.0,1052.0,80537660.0,54190
2023-05-09 21:04:42,p2306,p2306,7644.0,17.0,1299480.0,-15.0,13,7642.0,7644.0,3,7614.0,7670.0,7676.0,7644.0,1069.0,81837140.0,54175
2023-05-09 21:04:43,p2306,p2306,7644.0,3.0,229320.0,1.0,5,7642.0,7644.0,6,7614.0,7670.0,7676.0,7644.0,1072.0,82066460.0,54176
2023-05-09 21:04:43,p2306,p2306,7644.0,0.0,0.0,0.0,5,7642.0,7644.0,7,7614.0,7670.0,7676.0,7644.0,1072.0,82066460.0,54176
2023-05-09 21:04:44,p2306,p2306,7644.0,0.0,0.0,0.0,3,7642.0,7644.0,7,7614.0,7670.0,7676.0,7644.0,1072.0,82066460.0,54176
2023-05-09 21:04:44,p2306,p2306,7644.0,0.0,0.0,0.0,4,7642.0,7644.0,9,7614.0,7670.0,7676.0,7644.0,1072.0,82066460.0,54176
2023-05-09 21:04:45,p2306,p2306,7642.0,5.0,382100.0,2.0,21,7640.0,7644.0,9,7614.0,7670.0,7676.0,7642.0,1077.0,82448560.0,54178
2023-05-09 21:04:45,p2306,p2306,7642.0,0.0,0.0,0.0,23,7640.0,7644.0,7,7614.0,7670.0,7676.0,7642.0,1077.0,82448560.0,54178
2023-05-09 21:04:46,p2306,p2306,7642.0,0.0,0.0,0.0,19,7640.0,7644.0,7,7614.0,7670.0,7676.0,7642.0,1077.0,82448560.0,54178
2023-05-09 21:04:46,p2306,p2306,7642.0,0.0,0.0,0.0,18,7640.0,7644.0,8,7614.0,7670.0,7676.0,7642.0,1077.0,82448560.0,54178
2023-05-09 21:04:47,p2306,p2306,7642.0,0.0,0.0,0.0,17,7640.0,7644.0,9,7614.0,7670.0,7676.0,7642.0,1077.0,82448560.0,54178
2023-05-09 21:04:47,p2306,p2306,7642.0,0.0,0.0,0.0,15,7640.0,7644.0,16,7614.0,7670.0,7676.0,7642.0,1077.0,82448560.0,54178
2023-05-09 21:04:48,p2306,p2306,7642.0,1.0,76420.0,-1.0,13,7640.0,7644.0,20,7614.0,7670.0,7676.0,7642.0,1078.0,82524980.0,54177
2023-05-09 21:04:49,p2306,p2306,7642.0,0.0,0.0,0.0,16,7640.0,7644.0,17,7614.0,7670.0,7676.0,7642.0,1078.0,82524980.0,54177
2023-05-09 21:04:49,p2306,p2306,7642.0,0.0,0.0,0.0,17,7640.0,7644.0,15,7614.0,7670.0,7676.0,7642.0,1078.0,82524980.0,54177
2023-05-09 21:04:50,p2306,p2306,7642.0,0.0,0.0,0.0,16,7640.0,7644.0,14,7614.0,7670.0,7676.0,7642.0,1078.0,82524980.0,54177
2023-05-09 21:04:51,p2306,p2306,7642.0,0.0,0.0,0.0,14,7640.0,7644.0,15,7614.0,7670.0,7676.0,7642.0,1078.0,82524980.0,54177
2023-05-09 21:04:52,p2306,p2306,7644.0,17.0,1299480.0,3.0,6,7644.0,7646.0,22,7614.0,7670.0,7676.0,7642.0,1095.0,83824460.0,54180
2023-05-09 21:04:52,p2306,p2306,7644.0,11.0,840860.0,1.0,21,7642.0,7646.0,20,7614.0,7670.0,7676.0,7642.0,1106.0,84665320.0,54181
2023-05-09 21:04:53,p2306,p2306,7644.0,0.0,0.0,0.0,17,7642.0,7646.0,23,7614.0,7670.0,7676.0,7642.0,1106.0,84665320.0,54181
2023-05-09 21:04:53,p2306,p2306,7644.0,0.0,0.0,0.0,22,7642.0,7644.0,1,7614.0,7670.0,7676.0,7642.0,1106.0,84665320.0,54181
2023-05-09 21:04:54,p2306,p2306,7644.0,1.0,76440.0,0.0,30,7642.0,7644.0,3,7614.0,7670.0,7676.0,7642.0,1107.0,84741760.0,54181
2023-05-09 21:04:54,p2306,p2306,7644.0,2.0,152880.0,0.0,29,7642.0,7646.0,25,7614.0,7670.0,7676.0,7642.0,1109.0,84894640.0,54181
2023-05-09 21:04:55,p2306,p2306,7644.0,0.0,0.0,0.0,12,7642.0,7646.0,25,7614.0,7670.0,7676.0,7642.0,1109.0,84894640.0,54181
2023-05-09 21:04:55,p2306,p2306,7644.0,0.0,0.0,0.0,11,7642.0,7646.0,26,7614.0,7670.0,7676.0,7642.0,1109.0,84894640.0,54181
2023-05-09 21:04:57,p2306,p2306,7644.0,0.0,0.0,0.0,12,7642.0,7646.0,25,7614.0,7670.0,7676.0,7642.0,1109.0,84894640.0,54181
2023-05-09 21:04:58,p2306,p2306,7642.0,13.0,993480.0,3.0,15,7640.0,7644.0,2,7614.0,7670.0,7676.0,7642.0,1122.0,85888120.0,54184
2023-05-09 21:04:59,p2306,p2306,7642.0,0.0,0.0,0.0,18,7640.0,7644.0,4,7614.0,7670.0,7676.0,7642.0,1122.0,85888120.0,54184
2023-05-09 21:04:59,p2306,p2306,7644.0,4.0,305760.0,-1.0,7,7642.0,7646.0,24,7614.0,7670.0,7676.0,7642.0,1126.0,86193880.0,54183
2023-05-09 21:05:00,p2306,p2306,7644.0,0.0,0.0,0.0,31,7642.0,7646.0,25,7614.0,7670.0,7676.0,7642.0,1126.0,86193880.0,54183
2023-05-09 21:05:00,p2306,p2306,7644.0,0.0,0.0,0.0,20,7642.0,7644.0,3,7614.0,7670.0,7676.0,7642.0,1126.0,86193880.0,54183
2023-05-09 21:05:01,p2306,p2306,7644.0,0.0,0.0,0.0,14,7642.0,7644.0,3,7614.0,7670.0,7676.0,7642.0,1126.0,86193880.0,54183
2023-05-09 21:05:01,p2306,p2306,7644.0,0.0,0.0,0.0,31,7642.0,7644.0,1,7614.0,7670.0,7676.0,7642.0,1126.0,86193880.0,54183
2023-05-09 21:05:02,p2306,p2306,7644.0,0.0,0.0,0.0,22,7642.0,7644.0,4,7614.0,7670.0,7676.0,7642.0,1126.0,86193880.0,54183
2023-05-09 21:05:02,p2306,p2306,7644.0,0.0,0.0,0.0,23,7642.0,7644.0,4,7614.0,7670.0,7676.0,7642.0,1126.0,86193880.0,54183
2023-05-09 21:05:03,p2306,p2306,7642.0,8.0,611360.0,-3.0,15,7640.0,7644.0,4,7614.0,7670.0,7676.0,7642.0,1134.0,86805240.0,54180
2023-05-09 21:05:03,p2306,p2306,7642.0,0.0,0.0,0.0,18,7640.0,7644.0,6,7614.0,7670.0,7676.0,7642.0,1134.0,86805240.0,54180
2023-05-09 21:05:04,p2306,p2306,7642.0,0.0,0.0,0.0,20,7640.0,7644.0,7,7614.0,7670.0,7676.0,7642.0,1134.0,86805240.0,54180
2023-05-09 21:05:05,p2306,p2306,7642.0,0.0,0.0,0.0,20,7640.0,7644.0,8,7614.0,7670.0,7676.0,7642.0,1134.0,86805240.0,54180
2023-05-09 21:05:05,p2306,p2306,7642.0,0.0,0.0,0.0,20,7640.0,7644.0,21,7614.0,7670.0,7676.0,7642.0,1134.0,86805240.0,54180
2023-05-09 21:05:06,p2306,p2306,7644.0,2.0,152880.0,0.0,15,7640.0,7644.0,25,7614.0,7670.0,7676.0,7642.0,1136.0,86958120.0,54180
2023-05-09 21:05:06,p2306,p2306,7644.0,7.0,535080.0,-4.0,16,7642.0,7644.0,16,7614.0,7670.0,7676.0,7642.0,1143.0,87493200.0,54176
2023-05-09 21:05:07,p2306,p2306,7644.0,13.0,993720.0,-2.0,18,7642.0,7644.0,2,7614.0,7670.0,7676.0,7642.0,1156.0,88486920.0,54174
2023-05-09 21:05:07,p2306,p2306,7644.0,0.0,0.0,0.0,19,7642.0,7646.0,38,7614.0,7670.0,7676.0,7642.0,1156.0,88486920.0,54174
2023-05-09 21:05:08,p2306,p2306,7644.0,0.0,0.0,0.0,18,7642.0,7644.0,2,7614.0,7670.0,7676.0,7642.0,1156.0,88486920.0,54174
2023-05-09 21:05:08,p2306,p2306,7644.0,0.0,0.0,0.0,15,7642.0,7644.0,8,7614.0,7670.0,7676.0,7642.0,1156.0,88486920.0,54174
2023-05-09 21:05:09,p2306,p2306,7644.0,0.0,0.0,0.0,16,7642.0,7644.0,6,7614.0,7670.0,7676.0,7642.0,1156.0,88486920.0,54174
2023-05-09 21:05:09,p2306,p2306,7644.0,0.0,0.0,0.0,16,7642.0,7644.0,7,7614.0,7670.0,7676.0,7642.0,1156.0,88486920.0,54174
2023-05-09 21:05:10,p2306,p2306,7642.0,3.0,229260.0,-1.0,15,7642.0,7644.0,7,7614.0,7670.0,7676.0,7642.0,1159.0,88716180.0,54173
2023-05-09 21:05:10,p2306,p2306,7642.0,8.0,611360.0,-2.0,16,7640.0,7644.0,6,7614.0,7670.0,7676.0,7642.0,1167.0,89327540.0,54171
2023-05-09 21:05:11,p2306,p2306,7642.0,0.0,0.0,0.0,17,7640.0,7644.0,6,7614.0,7670.0,7676.0,7642.0,1167.0,89327540.0,54171
2023-05-09 21:05:11,p2306,p2306,7642.0,0.0,0.0,0.0,18,7640.0,7644.0,7,7614.0,7670.0,7676.0,7642.0,1167.0,89327540.0,54171
2023-05-09 21:05:12,p2306,p2306,7644.0,1.0,76440.0,-1.0,23,7640.0,7644.0,4,7614.0,7670.0,7676.0,7642.0,1168.0,89403980.0,54170
2023-05-09 21:05:12,p2306,p2306,7642.0,1.0,76420.0,0.0,8,7642.0,7644.0,2,7614.0,7670.0,7676.0,7642.0,1169.0,89480400.0,54170
2023-05-09 21:05:13,p2306,p2306,7642.0,4.0,305680.0,-3.0,9,7642.0,7644.0,2,7614.0,7670.0,7676.0,7642.0,1173.0,89786080.0,54167
2023-05-09 21:05:13,p2306,p2306,7642.0,0.0,0.0,0.0,10,7642.0,7644.0,2,7614.0,7670.0,7676.0,7642.0,1173.0,89786080.0,54167
2023-05-09 21:05:14,p2306,p2306,7642.0,0.0,0.0,0.0,10,7642.0,7644.0,6,7614.0,7670.0,7676.0,7642.0,1173.0,89786080.0,54167
2023-05-09 21:05:14,p2306,p2306,7642.0,10.0,764200.0,0.0,24,7640.0,7642.0,2,7614.0,7670.0,7676.0,7642.0,1183.0,90550280.0,54167
2023-05-09 21:05:15,p2306,p2306,7642.0,0.0,0.0,0.0,22,7640.0,7642.0,2,7614.0,7670.0,7676.0,7642.0,1183.0,90550280.0,54167
2023-05-09 21:05:15,p2306,p2306,7642.0,2.0,152840.0,-1.0,22,7640.0,7644.0,11,7614.0,7670.0,7676.0,7642.0,1185.0,90703120.0,54166
2023-05-09 21:05:16,p2306,p2306,7644.0,2.0,152880.0,2.0,26,7640.0,7644.0,9,7614.0,7670.0,7676.0,7642.0,1187.0,90856000.0,54168
2023-05-09 21:05:16,p2306,p2306,7644.0,0.0,0.0,0.0,20,7640.0,7644.0,9,7614.0,7670.0,7676.0,7642.0,1187.0,90856000.0,54168
2023-05-09 21:05:17,p2306,p2306,7644.0,0.0,0.0,0.0,11,7642.0,7644.0,9,7614.0,7670.0,7676.0,7642.0,1187.0,90856000.0,54168
2023-05-09 21:05:17,p2306,p2306,7644.0,0.0,0.0,0.0,14,7642.0,7644.0,7,7614.0,7670.0,7676.0,7642.0,1187.0,90856000.0,54168
2023-05-09 21:05:18,p2306,p2306,7644.0,3.0,229320.0,-1.0,14,7642.0,7644.0,6,7614.0,7670.0,7676.0,7642.0,1190.0,91085320.0,54167
2023-05-09 21:05:18,p2306,p2306,7644.0,5.0,382200.0,-4.0,13,7642.0,7644.0,4,7614.0,7670.0,7676.0,7642.0,1195.0,91467520.0,54163
2023-05-09 21:05:19,p2306,p2306,7644.0,3.0,229320.0,-1.0,8,7644.0,7646.0,42,7614.0,7670.0,7676.0,7642.0,1198.0,91696840.0,54162
2023-05-09 21:05:19,p2306,p2306,7644.0,0.0,0.0,0.0,11,7644.0,7646.0,37,7614.0,7670.0,7676.0,7642.0,1198.0,91696840.0,54162
2023-05-09 21:05:20,p2306,p2306,7644.0,0.0,0.0,0.0,9,7644.0,7646.0,35,7614.0,7670.0,7676.0,7642.0,1198.0,91696840.0,54162
2023-05-09 21:05:20,p2306,p2306,7644.0,0.0,0.0,0.0,9,7644.0,7646.0,40,7614.0,7670.0,7676.0,7642.0,1198.0,91696840.0,54162
2023-05-09 21:05:22,p2306,p2306,7644.0,0.0,0.0,0.0,20,7644.0,7646.0,40,7614.0,7670.0,7676.0,7642.0,1198.0,91696840.0,54162
2023-05-09 21:05:23,p2306,p2306,7646.0,6.0,458760.0,5.0,20,7644.0,7646.0,30,7614.0,7670.0,7676.0,7642.0,1204.0,92155600.0,54167
2023-05-09 21:05:23,p2306,p2306,7646.0,0.0,0.0,0.0,20,7644.0,7646.0,33,7614.0,7670.0,7676.0,7642.0,1204.0,92155600.0,54167
2023-05-09 21:05:24,p2306,p2306,7646.0,28.0,2140880.0,-7.0,22,7644.0,7646.0,5,7614.0,7670.0,7676.0,7642.0,1232.0,94296480.0,54160
2023-05-09 21:05:25,p2306,p2306,7646.0,4.0,305840.0,-2.0,21,7644.0,7646.0,1,7614.0,7670.0,7676.0,7642.0,1236.0,94602320.0,54158
2023-05-09 21:05:25,p2306,p2306,7646.0,0.0,0.0,0.0,23,7644.0,7646.0,1,7614.0,7670.0,7676.0,7642.0,1236.0,94602320.0,54158
2023-05-09 21:05:26,p2306,p2306,7646.0,0.0,0.0,0.0,23,7644.0,7646.0,4,7614.0,7670.0,7676.0,7642.0,1236.0,94602320.0,54158
2023-05-09 21:05:26,p2306,p2306,7646.0,10.0,764600.0,7.0,23,7644.0,7648.0,16,7614.0,7670.0,7676.0,7642.0,1246.0,95366920.0,54165
2023-05-09 21:05:27,p2306,p2306,7646.0,0.0,0.0,0.0,25,7644.0,7646.0,2,7614.0,7670.0,7676.0,7642.0,1246.0,95366920.0,54165
2023-05-09 21:05:27,p2306,p2306,7646.0,1.0,76460.0,1.0,22,7644.0,7646.0,2,7614.0,7670.0,7676.0,7642.0,1247.0,95443380.0,54166
2023-05-09 21:05:28,p2306,p2306,7646.0,0.0,0.0,0.0,23,7644.0,7646.0,1,7614.0,7670.0,7676.0,7642.0,1247.0,95443380.0,54166
2023-05-09 21:05:28,p2306,p2306,7646.0,1.0,76460.0,-1.0,26,7644.0,7648.0,14,7614.0,7670.0,7676.0,7642.0,1248.0,95519840.0,54165
2023-05-09 21:05:29,p2306,p2306,7646.0,0.0,0.0,0.0,3,7646.0,7648.0,13,7614.0,7670.0,7676.0,7642.0,1248.0,95519840.0,54165
2023-05-09 21:05:29,p2306,p2306,7648.0,4.0,305860.0,0.0,21,7644.0,7648.0,17,7614.0,7670.0,7676.0,7642.0,1252.0,95825700.0,54165
2023-05-09 21:05:30,p2306,p2306,7646.0,3.0,229380.0,-3.0,19,7644.0,7648.0,16,7614.0,7670.0,7676.0,7642.0,1255.0,96055080.0,54162
2023-05-09 21:05:30,p2306,p2306,7646.0,0.0,0.0,0.0,40,7646.0,7648.0,14,7614.0,7670.0,7676.0,7642.0,1255.0,96055080.0,54162
2023-05-09 21:05:31,p2306,p2306,7646.0,0.0,0.0,0.0,45,7646.0,7648.0,15,7614.0,7670.0,7676.0,7642.0,1255.0,96055080.0,54162
2023-05-09 21:05:32,p2306,p2306,7646.0,0.0,0.0,0.0,51,7646.0,7648.0,14,7614.0,7670.0,7676.0,7642.0,1255.0,96055080.0,54162
2023-05-09 21:05:32,p2306,p2306,7648.0,14.0,1070720.0,-10.0,1,7648.0,7650.0,12,7614.0,7670.0,7676.0,7642.0,1269.0,97125800.0,54152
2023-05-09 21:05:33,p2306,p2306,7648.0,0.0,0.0,0.0,3,7648.0,7650.0,14,7614.0,7670.0,7676.0,7642.0,1269.0,97125800.0,54152
2023-05-09 21:05:33,p2306,p2306,7648.0,0.0,0.0,0.0,3,7648.0,7650.0,13,7614.0,7670.0,7676.0,7642.0,1269.0,97125800.0,54152
2023-05-09 21:05:34,p2306,p2306,7648.0,3.0,229440.0,-1.0,54,7646.0,7650.0,17,7614.0,7670.0,7676.0,7642.0,1272.0,97355240.0,54151
2023-05-09 21:05:35,p2306,p2306,7648.0,0.0,0.0,0.0,56,7646.0,7650.0,16,7614.0,7670.0,7676.0,7642.0,1272.0,97355240.0,54151
2023-05-09 21:05:36,p2306,p2306,7648.0,0.0,0.0,0.0,57,7646.0,7650.0,25,7614.0,7670.0,7676.0,7642.0,1272.0,97355240.0,54151
2023-05-09 21:05:36,p2306,p2306,7648.0,0.0,0.0,0.0,59,7646.0,7648.0,2,7614.0,7670.0,7676.0,7642.0,1272.0,97355240.0,54151
2023-05-09 21:05:37,p2306,p2306,7648.0,0.0,0.0,0.0,55,7646.0,7648.0,2,7614.0,7670.0,7676.0,7642.0,1272.0,97355240.0,54151
2023-05-09 21:05:37,p2306,p2306,7648.0,2.0,152960.0,0.0,58,7646.0,7650.0,26,7614.0,7670.0,7676.0,7642.0,1274.0,97508200.0,54151
2023-05-09 21:05:38,p2306,p2306,7648.0,0.0,0.0,0.0,52,7646.0,7648.0,1,7614.0,7670.0,7676.0,7642.0,1274.0,97508200.0,54151
2023-05-09 21:05:39,p2306,p2306,7648.0,0.0,0.0,0.0,52,7646.0,7648.0,3,7614.0,7670.0,7676.0,7642.0,1274.0,97508200.0,54151
2023-05-09 21:05:39,p2306,p2306,7648.0,0.0,0.0,0.0,52,7646.0,7648.0,4,7614.0,7670.0,7676.0,7642.0,1274.0,97508200.0,54151
2023-05-09 21:05:40,p2306,p2306,7648.0,0.0,0.0,0.0,54,7646.0,7648.0,3,7614.0,7670.0,7676.0,7642.0,1274.0,97508200.0,54151
2023-05-09 21:05:41,p2306,p2306,7648.0,0.0,0.0,0.0,55,7646.0,7648.0,1,7614.0,7670.0,7676.0,7642.0,1274.0,97508200.0,54151
2023-05-09 21:05:41,p2306,p2306,7648.0,9.0,688160.0,-1.0,46,7646.0,7648.0,6,7614.0,7670.0,7676.0,7642.0,1283.0,98196360.0,54150
2023-05-09 21:05:42,p2306,p2306,7646.0,1.0,76460.0,0.0,44,7646.0,7648.0,7,7614.0,7670.0,7676.0,7642.0,1284.0,98272820.0,54150
2023-05-09 21:05:42,p2306,p2306,7646.0,3.0,229380.0,2.0,37,7646.0,7648.0,11,7614.0,7670.0,7676.0,7642.0,1287.0,98502200.0,54152
2023-05-09 21:05:43,p2306,p2306,7646.0,3.0,229380.0,0.0,31,7646.0,7648.0,13,7614.0,7670.0,7676.0,7642.0,1290.0,98731580.0,54152
2023-05-09 21:05:43,p2306,p2306,7646.0,0.0,0.0,0.0,36,7646.0,7648.0,11,7614.0,7670.0,7676.0,7642.0,1290.0,98731580.0,54152
2023-05-09 21:05:44,p2306,p2306,7648.0,11.0,841280.0,2.0,3,7648.0,7650.0,14,7614.0,7670.0,7676.0,7642.0,1301.0,99572860.0,54154
2023-05-09 21:05:46,p2306,p2306,7648.0,0.0,0.0,0.0,6,7648.0,7650.0,18,7614.0,7670.0,7676.0,7642.0,1301.0,99572860.0,54154
2023-05-09 21:05:46,p2306,p2306,7648.0,0.0,0.0,0.0,6,7648.0,7650.0,17,7614.0,7670.0,7676.0,7642.0,1301.0,99572860.0,54154
2023-05-09 21:05:49,p2306,p2306,7648.0,3.0,229440.0,0.0,3,7648.0,7650.0,19,7614.0,7670.0,7676.0,7642.0,1304.0,99802300.0,54154
2023-05-09 21:05:49,p2306,p2306,7648.0,3.0,229440.0,-1.0,35,7646.0,7648.0,3,7614.0,7670.0,7676.0,7642.0,1307.0,100031740.0,54153
2023-05-09 21:05:50,p2306,p2306,7648.0,0.0,0.0,0.0,36,7646.0,7648.0,4,7614.0,7670.0,7676.0,7642.0,1307.0,100031740.0,54153
2023-05-09 21:05:50,p2306,p2306,7648.0,0.0,0.0,0.0,35,7646.0,7648.0,4,7614.0,7670.0,7676.0,7642.0,1307.0,100031740.0,54153
2023-05-09 21:05:51,p2306,p2306,7648.0,0.0,0.0,0.0,8,7646.0,7648.0,4,7614.0,7670.0,7676.0,7642.0,1307.0,100031740.0,54153
2023-05-09 21:05:51,p2306,p2306,7646.0,8.0,611680.0,-6.0,17,7644.0,7648.0,6,7614.0,7670.0,7676.0,7642.0,1315.0,100643420.0,54147
2023-05-09 21:05:52,p2306,p2306,7646.0,0.0,0.0,0.0,16,7644.0,7648.0,7,7614.0,7670.0,7676.0,7642.0,1315.0,100643420.0,54147
2023-05-09 21:05:52,p2306,p2306,7646.0,0.0,0.0,0.0,18,7644.0,7648.0,8,7614.0,7670.0,7676.0,7642.0,1315.0,100643420.0,54147
2023-05-09 21:05:52,p2306,p2306,7646.0,0.0,0.0,0.0,18,7644.0,7648.0,7,7614.0,7670.0,7676.0,7642.0,1315.0,100643420.0,54147
2023-05-09 21:05:54,p2306,p2306,7646.0,0.0,0.0,0.0,18,7644.0,7646.0,4,7614.0,7670.0,7676.0,7642.0,1315.0,100643420.0,54147
2023-05-09 21:05:54,p2306,p2306,7646.0,0.0,0.0,0.0,14,7644.0,7646.0,9,7614.0,7670.0,7676.0,7642.0,1315.0,100643420.0,54147
2023-05-09 21:05:55,p2306,p2306,7646.0,0.0,0.0,0.0,13,7644.0,7646.0,9,7614.0,7670.0,7676.0,7642.0,1315.0,100643420.0,54147
2023-05-09 21:05:55,p2306,p2306,7646.0,4.0,305840.0,-1.0,12,7644.0,7646.0,5,7614.0,7670.0,7676.0,7642.0,1319.0,100949260.0,54146
2023-05-09 21:05:55,p2306,p2306,7646.0,0.0,0.0,0.0,11,7644.0,7646.0,5,7614.0,7670.0,7676.0,7642.0,1319.0,100949260.0,54146
2023-05-09 21:05:56,p2306,p2306,7646.0,0.0,0.0,0.0,11,7644.0,7646.0,2,7614.0,7670.0,7676.0,7642.0,1319.0,100949260.0,54146
2023-05-09 21:05:56,p2306,p2306,7646.0,0.0,0.0,0.0,12,7644.0,7646.0,2,7614.0,7670.0,7676.0,7642.0,1319.0,100949260.0,54146
2023-05-09 21:05:57,p2306,p2306,7646.0,2.0,152920.0,0.0,8,7646.0,7648.0,15,7614.0,7670.0,7676.0,7642.0,1321.0,101102180.0,54146
2023-05-09 21:05:58,p2306,p2306,7648.0,13.0,994240.0,2.0,11,7648.0,7650.0,13,7614.0,7670.0,7676.0,7642.0,1334.0,102096420.0,54148
2023-05-09 21:05:58,p2306,p2306,7648.0,0.0,0.0,0.0,14,7648.0,7650.0,13,7614.0,7670.0,7676.0,7642.0,1334.0,102096420.0,54148
2023-05-09 21:05:58,p2306,p2306,7648.0,0.0,0.0,0.0,14,7648.0,7650.0,12,7614.0,7670.0,7676.0,7642.0,1334.0,102096420.0,54148
2023-05-09 21:06:01,p2306,p2306,7648.0,0.0,0.0,0.0,14,7648.0,7650.0,13,7614.0,7670.0,7676.0,7642.0,1334.0,102096420.0,54148
2023-05-09 21:06:01,p2306,p2306,7650.0,16.0,1224000.0,-6.0,2,7650.0,7652.0,17,7614.0,7670.0,7676.0,7642.0,1350.0,103320420.0,54142
2023-05-09 21:06:02,p2306,p2306,7650.0,23.0,1759940.0,8.0,2,7650.0,7654.0,10,7614.0,7670.0,7676.0,7642.0,1373.0,105080360.0,54150
2023-05-09 21:06:02,p2306,p2306,7652.0,3.0,229540.0,3.0,7,7650.0,7654.0,11,7614.0,7670.0,7676.0,7642.0,1376.0,105309900.0,54153
2023-05-09 21:06:03,p2306,p2306,7652.0,0.0,0.0,0.0,3,7652.0,7654.0,11,7614.0,7670.0,7676.0,7642.0,1376.0,105309900.0,54153
2023-05-09 21:06:03,p2306,p2306,7652.0,3.0,229560.0,2.0,2,7652.0,7654.0,6,7614.0,7670.0,7676.0,7642.0,1379.0,105539460.0,54155
2023-05-09 21:06:04,p2306,p2306,7652.0,6.0,459120.0,4.0,16,7650.0,7654.0,9,7614.0,7670.0,7676.0,7642.0,1385.0,105998580.0,54159
2023-05-09 21:06:04,p2306,p2306,7652.0,0.0,0.0,0.0,2,7652.0,7654.0,7,7614.0,7670.0,7676.0,7642.0,1385.0,105998580.0,54159
2023-05-09 21:06:05,p2306,p2306,7652.0,3.0,229560.0,2.0,3,7652.0,7654.0,8,7614.0,7670.0,7676.0,7642.0,1388.0,106228140.0,54161
2023-05-09 21:06:05,p2306,p2306,7654.0,11.0,841920.0,-3.0,2,7652.0,7654.0,3,7614.0,7670.0,7676.0,7642.0,1399.0,107070060.0,54158
2023-05-09 21:06:06,p2306,p2306,7654.0,1.0,76540.0,-1.0,3,7652.0,7656.0,16,7614.0,7670.0,7676.0,7642.0,1400.0,107146600.0,54157
2023-05-09 21:06:06,p2306,p2306,7654.0,0.0,0.0,0.0,3,7652.0,7656.0,17,7614.0,7670.0,7676.0,7642.0,1400.0,107146600.0,54157
2023-05-09 21:06:08,p2306,p2306,7652.0,1.0,76520.0,1.0,2,7652.0,7654.0,2,7614.0,7670.0,7676.0,7642.0,1401.0,107223120.0,54158
2023-05-09 21:06:09,p2306,p2306,7652.0,0.0,0.0,0.0,4,7652.0,7654.0,2,7614.0,7670.0,7676.0,7642.0,1401.0,107223120.0,54158
2023-05-09 21:06:10,p2306,p2306,7656.0,9.0,689000.0,3.0,4,7652.0,7654.0,1,7614.0,7670.0,7676.0,7642.0,1410.0,107912120.0,54161
2023-05-09 21:06:10,p2306,p2306,7656.0,0.0,0.0,0.0,4,7652.0,7654.0,3,7614.0,7670.0,7676.0,7642.0,1410.0,107912120.0,54161
2023-05-09 21:06:11,p2306,p2306,7656.0,0.0,0.0,0.0,1,7652.0,7654.0,5,7614.0,7670.0,7676.0,7642.0,1410.0,107912120.0,54161
2023-05-09 21:06:11,p2306,p2306,7652.0,1.0,76520.0,-1.0,18,7650.0,7654.0,10,7614.0,7670.0,7676.0,7642.0,1411.0,107988640.0,54160
2023-05-09 21:06:12,p2306,p2306,7652.0,0.0,0.0,0.0,21,7650.0,7654.0,9,7614.0,7670.0,7676.0,7642.0,1411.0,107988640.0,54160
2023-05-09 21:06:13,p2306,p2306,7652.0,0.0,0.0,0.0,22,7650.0,7654.0,10,7614.0,7670.0,7676.0,7642.0,1411.0,107988640.0,54160
2023-05-09 21:06:13,p2306,p2306,7652.0,0.0,0.0,0.0,23,7650.0,7654.0,9,7614.0,7670.0,7676.0,7642.0,1411.0,107988640.0,54160
2023-05-09 21:06:15,p2306,p2306,7652.0,0.0,0.0,0.0,8,7652.0,7654.0,8,7614.0,7670.0,7676.0,7642.0,1411.0,107988640.0,54160
2023-05-09 21:06:15,p2306,p2306,7652.0,0.0,0.0,0.0,12,7652.0,7654.0,6,7614.0,7670.0,7676.0,7642.0,1411.0,107988640.0,54160
2023-05-09 21:06:16,p2306,p2306,7654.0,5.0,382700.0,3.0,12,7652.0,7654.0,1,7614.0,7670.0,7676.0,7642.0,1416.0,108371340.0,54163
2023-05-09 21:06:16,p2306,p2306,7654.0,0.0,0.0,0.0,12,7652.0,7656.0,14,7614.0,7670.0,7676.0,7642.0,1416.0,108371340.0,54163
2023-05-09 21:06:17,p2306,p2306,7654.0,0.0,0.0,0.0,14,7652.0,7656.0,14,7614.0,7670.0,7676.0,7642.0,1416.0,108371340.0,54163
2023-05-09 21:06:17,p2306,p2306,7654.0,0.0,0.0,0.0,16,7652.0,7656.0,12,7614.0,7670.0,7676.0,7642.0,1416.0,108371340.0,54163
2023-05-09 21:06:18,p2306,p2306,7654.0,3.0,229620.0,0.0,17,7652.0,7656.0,9,7614.0,7670.0,7676.0,7642.0,1419.0,108600960.0,54163
2023-05-09 21:06:18,p2306,p2306,7654.0,0.0,0.0,0.0,13,7652.0,7654.0,2,7614.0,7670.0,7676.0,7642.0,1419.0,108600960.0,54163
2023-05-09 21:06:19,p2306,p2306,7654.0,0.0,0.0,0.0,12,7652.0,7654.0,2,7614.0,7670.0,7676.0,7642.0,1419.0,108600960.0,54163
2023-05-09 21:06:19,p2306,p2306,7654.0,0.0,0.0,0.0,13,7652.0,7654.0,2,7614.0,7670.0,7676.0,7642.0,1419.0,108600960.0,54163
2023-05-09 21:06:21,p2306,p2306,7652.0,1.0,76520.0,-1.0,12,7652.0,7654.0,4,7614.0,7670.0,7676.0,7642.0,1420.0,108677480.0,54162
2023-05-09 21:06:21,p2306,p2306,7652.0,14.0,1071300.0,-10.0,16,7650.0,7654.0,6,7614.0,7670.0,7676.0,7642.0,1434.0,109748780.0,54152
2023-05-09 21:06:22,p2306,p2306,7652.0,0.0,0.0,0.0,18,7650.0,7654.0,8,7614.0,7670.0,7676.0,7642.0,1434.0,109748780.0,54152
2023-05-09 21:06:22,p2306,p2306,7652.0,1.0,76520.0,-1.0,21,7650.0,7654.0,7,7614.0,7670.0,7676.0,7642.0,1435.0,109825300.0,54151
2023-05-09 21:06:23,p2306,p2306,7652.0,0.0,0.0,0.0,17,7650.0,7654.0,12,7614.0,7670.0,7676.0,7642.0,1435.0,109825300.0,54151
2023-05-09 21:06:23,p2306,p2306,7652.0,0.0,0.0,0.0,22,7650.0,7654.0,9,7614.0,7670.0,7676.0,7642.0,1435.0,109825300.0,54151
2023-05-09 21:06:24,p2306,p2306,7652.0,0.0,0.0,0.0,22,7650.0,7654.0,11,7614.0,7670.0,7676.0,7642.0,1435.0,109825300.0,54151
2023-05-09 21:06:24,p2306,p2306,7652.0,0.0,0.0,0.0,23,7650.0,7654.0,11,7614.0,7670.0,7676.0,7642.0,1435.0,109825300.0,54151
2023-05-09 21:06:24,p2306,p2306,7652.0,0.0,0.0,0.0,23,7650.0,7654.0,12,7614.0,7670.0,7676.0,7642.0,1435.0,109825300.0,54151
2023-05-09 21:06:27,p2306,p2306,7652.0,0.0,0.0,0.0,18,7650.0,7652.0,1,7614.0,7670.0,7676.0,7642.0,1435.0,109825300.0,54151
2023-05-09 21:06:28,p2306,p2306,7652.0,1.0,76520.0,-1.0,18,7650.0,7654.0,14,7614.0,7670.0,7676.0,7642.0,1436.0,109901820.0,54150
2023-05-09 21:06:28,p2306,p2306,7654.0,2.0,153080.0,1.0,21,7650.0,7654.0,6,7614.0,7670.0,7676.0,7642.0,1438.0,110054900.0,54151
2023-05-09 21:06:29,p2306,p2306,7654.0,0.0,0.0,0.0,20,7650.0,7654.0,9,7614.0,7670.0,7676.0,7642.0,1438.0,110054900.0,54151
2023-05-09 21:06:29,p2306,p2306,7652.0,3.0,229560.0,-1.0,15,7650.0,7654.0,15,7614.0,7670.0,7676.0,7642.0,1441.0,110284460.0,54150
2023-05-09 21:06:30,p2306,p2306,7652.0,0.0,0.0,0.0,17,7650.0,7652.0,1,7614.0,7670.0,7676.0,7642.0,1441.0,110284460.0,54150
2023-05-09 21:06:30,p2306,p2306,7652.0,0.0,0.0,0.0,15,7650.0,7652.0,1,7614.0,7670.0,7676.0,7642.0,1441.0,110284460.0,54150
2023-05-09 21:06:31,p2306,p2306,7652.0,0.0,0.0,0.0,14,7650.0,7652.0,5,7614.0,7670.0,7676.0,7642.0,1441.0,110284460.0,54150
2023-05-09 21:06:31,p2306,p2306,7650.0,12.0,918000.0,-12.0,19,7648.0,7650.0,5,7614.0,7670.0,7676.0,7642.0,1453.0,111202460.0,54138
2023-05-09 21:06:32,p2306,p2306,7650.0,4.0,306000.0,-2.0,20,7648.0,7650.0,1,7614.0,7670.0,7676.0,7642.0,1457.0,111508460.0,54136
2023-05-09 21:06:32,p2306,p2306,7650.0,1.0,76500.0,-1.0,20,7648.0,7652.0,15,7614.0,7670.0,7676.0,7642.0,1458.0,111584960.0,54135
2023-05-09 21:06:33,p2306,p2306,7650.0,0.0,0.0,0.0,23,7648.0,7652.0,17,7614.0,7670.0,7676.0,7642.0,1458.0,111584960.0,54135
2023-05-09 21:06:33,p2306,p2306,7650.0,0.0,0.0,0.0,20,7648.0,7652.0,17,7614.0,7670.0,7676.0,7642.0,1458.0,111584960.0,54135
2023-05-09 21:06:34,p2306,p2306,7650.0,0.0,0.0,0.0,20,7648.0,7652.0,15,7614.0,7670.0,7676.0,7642.0,1458.0,111584960.0,54135
2023-05-09 21:06:34,p2306,p2306,7654.0,24.0,1836500.0,5.0,1,7650.0,7654.0,15,7614.0,7670.0,7676.0,7642.0,1482.0,113421460.0,54140
2023-05-09 21:06:35,p2306,p2306,7654.0,0.0,0.0,0.0,4,7650.0,7654.0,18,7614.0,7670.0,7676.0,7642.0,1482.0,113421460.0,54140
2023-05-09 21:06:35,p2306,p2306,7654.0,0.0,0.0,0.0,4,7650.0,7654.0,20,7614.0,7670.0,7676.0,7642.0,1482.0,113421460.0,54140
2023-05-09 21:06:36,p2306,p2306,7654.0,0.0,0.0,0.0,4,7650.0,7654.0,21,7614.0,7670.0,7676.0,7642.0,1482.0,113421460.0,54140
2023-05-09 21:06:39,p2306,p2306,7654.0,0.0,0.0,0.0,4,7650.0,7652.0,1,7614.0,7670.0,7676.0,7642.0,1482.0,113421460.0,54140
2023-05-09 21:06:40,p2306,p2306,7652.0,1.0,76520.0,-1.0,4,7650.0,7654.0,21,7614.0,7670.0,7676.0,7642.0,1483.0,113497980.0,54139
2023-05-09 21:06:42,p2306,p2306,7652.0,0.0,0.0,0.0,4,7650.0,7652.0,1,7614.0,7670.0,7676.0,7642.0,1483.0,113497980.0,54139
2023-05-09 21:06:43,p2306,p2306,7650.0,4.0,306000.0,0.0,20,7648.0,7652.0,15,7614.0,7670.0,7676.0,7642.0,1487.0,113803980.0,54139
2023-05-09 21:06:44,p2306,p2306,7650.0,0.0,0.0,0.0,22,7648.0,7652.0,16,7614.0,7670.0,7676.0,7642.0,1487.0,113803980.0,54139
2023-05-09 21:06:45,p2306,p2306,7650.0,0.0,0.0,0.0,22,7648.0,7652.0,15,7614.0,7670.0,7676.0,7642.0,1487.0,113803980.0,54139
2023-05-09 21:06:45,p2306,p2306,7650.0,0.0,0.0,0.0,23,7648.0,7652.0,14,7614.0,7670.0,7676.0,7642.0,1487.0,113803980.0,54139
2023-05-09 21:06:48,p2306,p2306,7650.0,0.0,0.0,0.0,23,7648.0,7652.0,13,7614.0,7670.0,7676.0,7642.0,1487.0,113803980.0,54139
2023-05-09 21:06:49,p2306,p2306,7648.0,11.0,841300.0,-3.0,12,7648.0,7650.0,3,7614.0,7670.0,7676.0,7642.0,1498.0,114645280.0,54136
2023-05-09 21:06:50,p2306,p2306,7648.0,0.0,0.0,0.0,8,7648.0,7650.0,3,7614.0,7670.0,7676.0,7642.0,1498.0,114645280.0,54136
2023-05-09 21:06:50,p2306,p2306,7648.0,0.0,0.0,0.0,9,7648.0,7650.0,3,7614.0,7670.0,7676.0,7642.0,1498.0,114645280.0,54136
2023-05-09 21:06:51,p2306,p2306,7648.0,0.0,0.0,0.0,8,7648.0,7650.0,7,7614.0,7670.0,7676.0,7642.0,1498.0,114645280.0,54136
2023-05-09 21:06:51,p2306,p2306,7648.0,0.0,0.0,0.0,6,7648.0,7650.0,7,7614.0,7670.0,7676.0,7642.0,1498.0,114645280.0,54136
2023-05-09 21:06:52,p2306,p2306,7648.0,0.0,0.0,0.0,4,7648.0,7650.0,9,7614.0,7670.0,7676.0,7642.0,1498.0,114645280.0,54136
2023-05-09 21:06:52,p2306,p2306,7648.0,0.0,0.0,0.0,3,7648.0,7650.0,10,7614.0,7670.0,7676.0,7642.0,1498.0,114645280.0,54136
2023-05-09 21:06:53,p2306,p2306,7648.0,3.0,229440.0,0.0,11,7646.0,7650.0,13,7614.0,7670.0,7676.0,7642.0,1501.0,114874720.0,54136
2023-05-09 21:06:53,p2306,p2306,7648.0,0.0,0.0,0.0,7,7646.0,7650.0,16,7614.0,7670.0,7676.0,7642.0,1501.0,114874720.0,54136
2023-05-09 21:06:54,p2306,p2306,7648.0,0.0,0.0,0.0,10,7646.0,7650.0,17,7614.0,7670.0,7676.0,7642.0,1501.0,114874720.0,54136
2023-05-09 21:06:54,p2306,p2306,7648.0,0.0,0.0,0.0,12,7646.0,7650.0,18,7614.0,7670.0,7676.0,7642.0,1501.0,114874720.0,54136
2023-05-09 21:06:55,p2306,p2306,7648.0,0.0,0.0,0.0,12,7646.0,7650.0,17,7614.0,7670.0,7676.0,7642.0,1501.0,114874720.0,54136
2023-05-09 21:06:55,p2306,p2306,7648.0,0.0,0.0,0.0,12,7646.0,7650.0,18,7614.0,7670.0,7676.0,7642.0,1501.0,114874720.0,54136
2023-05-09 21:06:56,p2306,p2306,7648.0,0.0,0.0,0.0,12,7646.0,7650.0,19,7614.0,7670.0,7676.0,7642.0,1501.0,114874720.0,54136
2023-05-09 21:07:00,p2306,p2306,7648.0,0.0,0.0,0.0,12,7646.0,7650.0,20,7614.0,7670.0,7676.0,7642.0,1501.0,114874720.0,54136
2023-05-09 21:07:00,p2306,p2306,7650.0,12.0,917960.0,5.0,1,7648.0,7650.0,10,7614.0,7670.0,7676.0,7642.0,1513.0,115792680.0,54141
2023-05-09 21:07:01,p2306,p2306,7648.0,1.0,76480.0,0.0,13,7646.0,7650.0,13,7614.0,7670.0,7676.0,7642.0,1514.0,115869160.0,54141
2023-05-09 21:07:01,p2306,p2306,7648.0,0.0,0.0,0.0,14,7646.0,7650.0,14,7614.0,7670.0,7676.0,7642.0,1514.0,115869160.0,54141
2023-05-09 21:07:04,p2306,p2306,7648.0,0.0,0.0,0.0,14,7646.0,7650.0,12,7614.0,7670.0,7676.0,7642.0,1514.0,115869160.0,54141
2023-05-09 21:07:04,p2306,p2306,7648.0,0.0,0.0,0.0,16,7646.0,7650.0,6,7614.0,7670.0,7676.0,7642.0,1514.0,115869160.0,54141
2023-05-09 21:07:05,p2306,p2306,7648.0,0.0,0.0,0.0,17,7646.0,7650.0,7,7614.0,7670.0,7676.0,7642.0,1514.0,115869160.0,54141
2023-05-09 21:07:06,p2306,p2306,7650.0,6.0,459000.0,-3.0,3,7650.0,7652.0,15,7614.0,7670.0,7676.0,7642.0,1520.0,116328160.0,54138
2023-05-09 21:07:07,p2306,p2306,7650.0,0.0,0.0,0.0,6,7650.0,7652.0,9,7614.0,7670.0,7676.0,7642.0,1520.0,116328160.0,54138
2023-05-09 21:07:07,p2306,p2306,7652.0,1.0,76520.0,0.0,7,7650.0,7652.0,4,7614.0,7670.0,7676.0,7642.0,1521.0,116404680.0,54138
2023-05-09 21:07:08,p2306,p2306,7652.0,0.0,0.0,0.0,7,7650.0,7652.0,3,7614.0,7670.0,7676.0,7642.0,1521.0,116404680.0,54138
2023-05-09 21:07:10,p2306,p2306,7650.0,7.0,535500.0,-6.0,10,7648.0,7650.0,2,7614.0,7670.0,7676.0,7642.0,1528.0,116940180.0,54132
2023-05-09 21:07:10,p2306,p2306,7650.0,0.0,0.0,0.0,8,7648.0,7650.0,4,7614.0,7670.0,7676.0,7642.0,1528.0,116940180.0,54132
2023-05-09 21:07:11,p2306,p2306,7648.0,10.0,764800.0,-1.0,9,7646.0,7648.0,2,7614.0,7670.0,7676.0,7642.0,1538.0,117704980.0,54131
2023-05-09 21:07:12,p2306,p2306,7648.0,0.0,0.0,0.0,10,7646.0,7648.0,2,7614.0,7670.0,7676.0,7642.0,1538.0,117704980.0,54131
2023-05-09 21:07:12,p2306,p2306,7648.0,0.0,0.0,0.0,11,7646.0,7648.0,2,7614.0,7670.0,7676.0,7642.0,1538.0,117704980.0,54131
2023-05-09 21:07:14,p2306,p2306,7648.0,0.0,0.0,0.0,14,7646.0,7648.0,2,7614.0,7670.0,7676.0,7642.0,1538.0,117704980.0,54131
2023-05-09 21:07:14,p2306,p2306,7648.0,0.0,0.0,0.0,11,7646.0,7648.0,2,7614.0,7670.0,7676.0,7642.0,1538.0,117704980.0,54131
2023-05-09 21:07:15,p2306,p2306,7648.0,0.0,0.0,0.0,10,7646.0,7648.0,4,7614.0,7670.0,7676.0,7642.0,1538.0,117704980.0,54131
2023-05-09 21:07:15,p2306,p2306,7648.0,4.0,305920.0,2.0,1,7648.0,7650.0,19,7614.0,7670.0,7676.0,7642.0,1542.0,118010900.0,54133
2023-05-09 21:07:16,p2306,p2306,7650.0,3.0,229480.0,2.0,12,7646.0,7650.0,15,7614.0,7670.0,7676.0,7642.0,1545.0,118240380.0,54135
2023-05-09 21:07:16,p2306,p2306,7650.0,0.0,0.0,0.0,11,7646.0,7650.0,17,7614.0,7670.0,7676.0,7642.0,1545.0,118240380.0,54135
2023-05-09 21:07:17,p2306,p2306,7650.0,0.0,0.0,0.0,12,7646.0,7650.0,18,7614.0,7670.0,7676.0,7642.0,1545.0,118240380.0,54135
2023-05-09 21:07:18,p2306,p2306,7650.0,0.0,0.0,0.0,15,7646.0,7650.0,15,7614.0,7670.0,7676.0,7642.0,1545.0,118240380.0,54135
2023-05-09 21:07:19,p2306,p2306,7650.0,0.0,0.0,0.0,12,7646.0,7650.0,17,7614.0,7670.0,7676.0,7642.0,1545.0,118240380.0,54135
2023-05-09 21:07:19,p2306,p2306,7650.0,0.0,0.0,0.0,12,7646.0,7650.0,18,7614.0,7670.0,7676.0,7642.0,1545.0,118240380.0,54135
2023-05-09 21:07:20,p2306,p2306,7650.0,0.0,0.0,0.0,24,7646.0,7650.0,16,7614.0,7670.0,7676.0,7642.0,1545.0,118240380.0,54135
2023-05-09 21:07:20,p2306,p2306,7650.0,0.0,0.0,0.0,25,7646.0,7650.0,15,7614.0,7670.0,7676.0,7642.0,1545.0,118240380.0,54135
2023-05-09 21:07:22,p2306,p2306,7650.0,0.0,0.0,0.0,25,7646.0,7650.0,13,7614.0,7670.0,7676.0,7642.0,1545.0,118240380.0,54135
2023-05-09 21:07:24,p2306,p2306,7650.0,0.0,0.0,0.0,24,7646.0,7650.0,13,7614.0,7670.0,7676.0,7642.0,1545.0,118240380.0,54135
2023-05-09 21:07:24,p2306,p2306,7650.0,0.0,0.0,0.0,25,7646.0,7650.0,14,7614.0,7670.0,7676.0,7642.0,1545.0,118240380.0,54135
2023-05-09 21:07:26,p2306,p2306,7650.0,0.0,0.0,0.0,12,7646.0,7648.0,1,7614.0,7670.0,7676.0,7642.0,1545.0,118240380.0,54135
2023-05-09 21:07:26,p2306,p2306,7648.0,1.0,76480.0,-1.0,10,7646.0,7650.0,16,7614.0,7670.0,7676.0,7642.0,1546.0,118316860.0,54134
2023-05-09 21:07:27,p2306,p2306,7648.0,0.0,0.0,0.0,11,7646.0,7650.0,16,7614.0,7670.0,7676.0,7642.0,1546.0,118316860.0,54134
2023-05-09 21:07:27,p2306,p2306,7648.0,0.0,0.0,0.0,11,7646.0,7650.0,17,7614.0,7670.0,7676.0,7642.0,1546.0,118316860.0,54134
2023-05-09 21:07:27,p2306,p2306,7648.0,0.0,0.0,0.0,12,7646.0,7650.0,18,7614.0,7670.0,7676.0,7642.0,1546.0,118316860.0,54134
2023-05-09 21:07:30,p2306,p2306,7646.0,15.0,1146920.0,-5.0,22,7644.0,7646.0,1,7614.0,7670.0,7676.0,7642.0,1561.0,119463780.0,54129
2023-05-09 21:07:31,p2306,p2306,7646.0,1.0,76460.0,-1.0,18,7644.0,7648.0,10,7614.0,7670.0,7676.0,7642.0,1562.0,119540240.0,54128
2023-05-09 21:07:31,p2306,p2306,7646.0,0.0,0.0,0.0,22,7644.0,7648.0,13,7614.0,7670.0,7676.0,7642.0,1562.0,119540240.0,54128
2023-05-09 21:07:32,p2306,p2306,7646.0,0.0,0.0,0.0,22,7644.0,7646.0,1,7614.0,7670.0,7676.0,7642.0,1562.0,119540240.0,54128
2023-05-09 21:07:32,p2306,p2306,7646.0,1.0,76460.0,-1.0,20,7644.0,7646.0,2,7614.0,7670.0,7676.0,7642.0,1563.0,119616700.0,54127
2023-05-09 21:07:33,p2306,p2306,7646.0,2.0,152920.0,0.0,20,7644.0,7648.0,16,7614.0,7670.0,7676.0,7642.0,1565.0,119769620.0,54127
2023-05-09 21:07:33,p2306,p2306,7646.0,0.0,0.0,0.0,21,7644.0,7648.0,15,7614.0,7670.0,7676.0,7642.0,1565.0,119769620.0,54127
2023-05-09 21:07:33,p2306,p2306,7646.0,0.0,0.0,0.0,22,7644.0,7648.0,16,7614.0,7670.0,7676.0,7642.0,1565.0,119769620.0,54127
2023-05-09 21:07:36,p2306,p2306,7646.0,0.0,0.0,0.0,28,7644.0,7648.0,11,7614.0,7670.0,7676.0,7642.0,1565.0,119769620.0,54127
2023-05-09 21:07:37,p2306,p2306,7648.0,11.0,841280.0,-5.0,2,7648.0,7650.0,11,7614.0,7670.0,7676.0,7642.0,1576.0,120610900.0,54122
2023-05-09 21:07:38,p2306,p2306,7648.0,0.0,0.0,0.0,2,7648.0,7650.0,9,7614.0,7670.0,7676.0,7642.0,1576.0,120610900.0,54122
2023-05-09 21:07:38,p2306,p2306,7648.0,0.0,0.0,0.0,2,7648.0,7650.0,11,7614.0,7670.0,7676.0,7642.0,1576.0,120610900.0,54122
2023-05-09 21:07:39,p2306,p2306,7650.0,3.0,229500.0,2.0,3,7648.0,7650.0,5,7614.0,7670.0,7676.0,7642.0,1579.0,120840400.0,54124
2023-05-09 21:07:39,p2306,p2306,7650.0,0.0,0.0,0.0,3,7648.0,7650.0,2,7614.0,7670.0,7676.0,7642.0,1579.0,120840400.0,54124
2023-05-09 21:07:39,p2306,p2306,7650.0,0.0,0.0,0.0,3,7648.0,7650.0,1,7614.0,7670.0,7676.0,7642.0,1579.0,120840400.0,54124
2023-05-09 21:07:41,p2306,p2306,7650.0,0.0,0.0,0.0,3,7648.0,7650.0,3,7614.0,7670.0,7676.0,7642.0,1579.0,120840400.0,54124
2023-05-09 21:07:41,p2306,p2306,7650.0,0.0,0.0,0.0,4,7648.0,7650.0,3,7614.0,7670.0,7676.0,7642.0,1579.0,120840400.0,54124
2023-05-09 21:07:42,p2306,p2306,7650.0,1.0,76500.0,-1.0,3,7648.0,7650.0,2,7614.0,7670.0,7676.0,7642.0,1580.0,120916900.0,54123
2023-05-09 21:07:43,p2306,p2306,7650.0,0.0,0.0,0.0,2,7648.0,7650.0,2,7614.0,7670.0,7676.0,7642.0,1580.0,120916900.0,54123
2023-05-09 21:07:44,p2306,p2306,7650.0,0.0,0.0,0.0,2,7648.0,7650.0,4,7614.0,7670.0,7676.0,7642.0,1580.0,120916900.0,54123
2023-05-09 21:07:45,p2306,p2306,7650.0,0.0,0.0,0.0,2,7648.0,7650.0,5,7614.0,7670.0,7676.0,7642.0,1580.0,120916900.0,54123
2023-05-09 21:07:46,p2306,p2306,7650.0,0.0,0.0,0.0,4,7648.0,7650.0,7,7614.0,7670.0,7676.0,7642.0,1580.0,120916900.0,54123
2023-05-09 21:07:47,p2306,p2306,7650.0,0.0,0.0,0.0,5,7648.0,7650.0,9,7614.0,7670.0,7676.0,7642.0,1580.0,120916900.0,54123
2023-05-09 21:07:47,p2306,p2306,7650.0,0.0,0.0,0.0,7,7648.0,7650.0,9,7614.0,7670.0,7676.0,7642.0,1580.0,120916900.0,54123
2023-05-09 21:07:48,p2306,p2306,7650.0,0.0,0.0,0.0,8,7648.0,7650.0,8,7614.0,7670.0,7676.0,7642.0,1580.0,120916900.0,54123
2023-05-09 21:07:49,p2306,p2306,7650.0,0.0,0.0,0.0,8,7648.0,7650.0,6,7614.0,7670.0,7676.0,7642.0,1580.0,120916900.0,54123
2023-05-09 21:07:49,p2306,p2306,7650.0,0.0,0.0,0.0,10,7648.0,7650.0,6,7614.0,7670.0,7676.0,7642.0,1580.0,120916900.0,54123
2023-05-09 21:07:49,p2306,p2306,7650.0,0.0,0.0,0.0,11,7648.0,7650.0,6,7614.0,7670.0,7676.0,7642.0,1580.0,120916900.0,54123
2023-05-09 21:07:50,p2306,p2306,7650.0,0.0,0.0,0.0,10,7648.0,7650.0,7,7614.0,7670.0,7676.0,7642.0,1580.0,120916900.0,54123
2023-05-09 21:07:51,p2306,p2306,7650.0,0.0,0.0,0.0,11,7648.0,7650.0,6,7614.0,7670.0,7676.0,7642.0,1580.0,120916900.0,54123
2023-05-09 21:07:52,p2306,p2306,7650.0,6.0,459000.0,2.0,1,7650.0,7652.0,17,7614.0,7670.0,7676.0,7642.0,1586.0,121375900.0,54125
2023-05-09 21:07:53,p2306,p2306,7652.0,18.0,1377340.0,-1.0,4,7650.0,7654.0,12,7614.0,7670.0,7676.0,7642.0,1604.0,122753240.0,54124
2023-05-09 21:07:53,p2306,p2306,7652.0,0.0,0.0,0.0,11,7650.0,7654.0,13,7614.0,7670.0,7676.0,7642.0,1604.0,122753240.0,54124
2023-05-09 21:07:54,p2306,p2306,7652.0,0.0,0.0,0.0,13,7650.0,7654.0,15,7614.0,7670.0,7676.0,7642.0,1604.0,122753240.0,54124
2023-05-09 21:07:54,p2306,p2306,7652.0,0.0,0.0,0.0,1,7652.0,7654.0,14,7614.0,7670.0,7676.0,7642.0,1604.0,122753240.0,54124
2023-05-09 21:07:55,p2306,p2306,7652.0,0.0,0.0,0.0,1,7652.0,7654.0,13,7614.0,7670.0,7676.0,7642.0,1604.0,122753240.0,54124
2023-05-09 21:07:55,p2306,p2306,7652.0,0.0,0.0,0.0,4,7652.0,7654.0,12,7614.0,7670.0,7676.0,7642.0,1604.0,122753240.0,54124
2023-05-09 21:07:57,p2306,p2306,7652.0,0.0,0.0,0.0,5,7652.0,7654.0,12,7614.0,7670.0,7676.0,7642.0,1604.0,122753240.0,54124
2023-05-09 21:07:58,p2306,p2306,7652.0,0.0,0.0,0.0,5,7652.0,7654.0,9,7614.0,7670.0,7676.0,7642.0,1604.0,122753240.0,54124
2023-05-09 21:07:58,p2306,p2306,7652.0,0.0,0.0,0.0,6,7652.0,7654.0,9,7614.0,7670.0,7676.0,7642.0,1604.0,122753240.0,54124
2023-05-09 21:07:59,p2306,p2306,7652.0,0.0,0.0,0.0,3,7652.0,7654.0,14,7614.0,7670.0,7676.0,7642.0,1604.0,122753240.0,54124
2023-05-09 21:07:59,p2306,p2306,7652.0,5.0,382600.0,0.0,4,7652.0,7654.0,9,7614.0,7670.0,7676.0,7642.0,1609.0,123135840.0,54124
2023-05-09 21:08:00,p2306,p2306,7652.0,0.0,0.0,0.0,3,7652.0,7654.0,7,7614.0,7670.0,7676.0,7642.0,1609.0,123135840.0,54124
2023-05-09 21:08:04,p2306,p2306,7654.0,1.0,76540.0,1.0,3,7652.0,7654.0,6,7614.0,7670.0,7676.0,7642.0,1610.0,123212380.0,54125
2023-05-09 21:08:05,p2306,p2306,7652.0,3.0,229560.0,2.0,17,7650.0,7652.0,12,7614.0,7670.0,7676.0,7642.0,1613.0,123441940.0,54127
2023-05-09 21:08:06,p2306,p2306,7652.0,14.0,1071280.0,11.0,13,7650.0,7654.0,10,7614.0,7670.0,7676.0,7642.0,1627.0,124513220.0,54138
2023-05-09 21:08:06,p2306,p2306,7652.0,0.0,0.0,0.0,14,7650.0,7654.0,10,7614.0,7670.0,7676.0,7642.0,1627.0,124513220.0,54138
2023-05-09 21:08:07,p2306,p2306,7652.0,0.0,0.0,0.0,15,7650.0,7654.0,9,7614.0,7670.0,7676.0,7642.0,1627.0,124513220.0,54138
2023-05-09 21:08:07,p2306,p2306,7652.0,0.0,0.0,0.0,15,7650.0,7654.0,14,7614.0,7670.0,7676.0,7642.0,1627.0,124513220.0,54138
2023-05-09 21:08:08,p2306,p2306,7652.0,0.0,0.0,0.0,18,7650.0,7654.0,13,7614.0,7670.0,7676.0,7642.0,1627.0,124513220.0,54138
2023-05-09 21:08:08,p2306,p2306,7652.0,0.0,0.0,0.0,17,7650.0,7654.0,13,7614.0,7670.0,7676.0,7642.0,1627.0,124513220.0,54138
2023-05-09 21:08:09,p2306,p2306,7652.0,0.0,0.0,0.0,15,7650.0,7654.0,13,7614.0,7670.0,7676.0,7642.0,1627.0,124513220.0,54138
2023-05-09 21:08:10,p2306,p2306,7652.0,0.0,0.0,0.0,11,7650.0,7654.0,19,7614.0,7670.0,7676.0,7642.0,1627.0,124513220.0,54138
2023-05-09 21:08:10,p2306,p2306,7652.0,0.0,0.0,0.0,10,7650.0,7654.0,22,7614.0,7670.0,7676.0,7642.0,1627.0,124513220.0,54138
2023-05-09 21:08:11,p2306,p2306,7650.0,6.0,459000.0,-1.0,1,7650.0,7652.0,4,7614.0,7670.0,7676.0,7642.0,1633.0,124972220.0,54137
2023-05-09 21:08:11,p2306,p2306,7650.0,1.0,76500.0,-1.0,10,7648.0,7650.0,3,7614.0,7670.0,7676.0,7642.0,1634.0,125048720.0,54136
2023-05-09 21:08:12,p2306,p2306,7650.0,0.0,0.0,0.0,8,7648.0,7650.0,3,7614.0,7670.0,7676.0,7642.0,1634.0,125048720.0,54136
2023-05-09 21:08:12,p2306,p2306,7650.0,0.0,0.0,0.0,9,7648.0,7650.0,3,7614.0,7670.0,7676.0,7642.0,1634.0,125048720.0,54136
2023-05-09 21:08:13,p2306,p2306,7650.0,0.0,0.0,0.0,7,7648.0,7650.0,3,7614.0,7670.0,7676.0,7642.0,1634.0,125048720.0,54136
2023-05-09 21:08:13,p2306,p2306,7650.0,0.0,0.0,0.0,6,7648.0,7650.0,3,7614.0,7670.0,7676.0,7642.0,1634.0,125048720.0,54136
2023-05-09 21:08:17,p2306,p2306,7650.0,0.0,0.0,0.0,1,7648.0,7650.0,7,7614.0,7670.0,7676.0,7642.0,1634.0,125048720.0,54136
2023-05-09 21:08:17,p2306,p2306,7650.0,0.0,0.0,0.0,3,7648.0,7650.0,10,7614.0,7670.0,7676.0,7642.0,1634.0,125048720.0,54136
2023-05-09 21:08:18,p2306,p2306,7650.0,0.0,0.0,0.0,2,7648.0,7650.0,7,7614.0,7670.0,7676.0,7642.0,1634.0,125048720.0,54136
2023-05-09 21:08:18,p2306,p2306,7650.0,0.0,0.0,0.0,2,7648.0,7650.0,6,7614.0,7670.0,7676.0,7642.0,1634.0,125048720.0,54136
2023-05-09 21:08:18,p2306,p2306,7650.0,0.0,0.0,0.0,2,7648.0,7650.0,7,7614.0,7670.0,7676.0,7642.0,1634.0,125048720.0,54136
2023-05-09 21:08:22,p2306,p2306,7650.0,0.0,0.0,0.0,2,7648.0,7650.0,5,7614.0,7670.0,7676.0,7642.0,1634.0,125048720.0,54136
2023-05-09 21:08:22,p2306,p2306,7650.0,0.0,0.0,0.0,3,7648.0,7650.0,1,7614.0,7670.0,7676.0,7642.0,1634.0,125048720.0,54136
2023-05-09 21:08:23,p2306,p2306,7650.0,0.0,0.0,0.0,2,7648.0,7650.0,1,7614.0,7670.0,7676.0,7642.0,1634.0,125048720.0,54136
2023-05-09 21:08:23,p2306,p2306,7650.0,0.0,0.0,0.0,17,7646.0,7650.0,3,7614.0,7670.0,7676.0,7642.0,1634.0,125048720.0,54136
2023-05-09 21:08:24,p2306,p2306,7650.0,0.0,0.0,0.0,19,7646.0,7650.0,3,7614.0,7670.0,7676.0,7642.0,1634.0,125048720.0,54136
2023-05-09 21:08:36,p2306,p2306,7650.0,0.0,0.0,0.0,4,7648.0,7650.0,3,7614.0,7670.0,7676.0,7642.0,1634.0,125048720.0,54136
2023-05-09 21:08:36,p2306,p2306,7650.0,0.0,0.0,0.0,4,7648.0,7650.0,1,7614.0,7670.0,7676.0,7642.0,1634.0,125048720.0,54136
2023-05-09 21:08:37,p2306,p2306,7650.0,0.0,0.0,0.0,4,7648.0,7650.0,3,7614.0,7670.0,7676.0,7642.0,1634.0,125048720.0,54136
2023-05-09 21:08:39,p2306,p2306,7650.0,0.0,0.0,0.0,4,7648.0,7650.0,1,7614.0,7670.0,7676.0,7642.0,1634.0,125048720.0,54136
2023-05-09 21:08:46,p2306,p2306,7650.0,0.0,0.0,0.0,4,7648.0,7650.0,3,7614.0,7670.0,7676.0,7642.0,1634.0,125048720.0,54136
2023-05-09 21:08:46,p2306,p2306,7650.0,0.0,0.0,0.0,2,7648.0,7650.0,3,7614.0,7670.0,7676.0,7642.0,1634.0,125048720.0,54136
2023-05-09 21:08:50,p2306,p2306,7650.0,0.0,0.0,0.0,2,7648.0,7650.0,5,7614.0,7670.0,7676.0,7642.0,1634.0,125048720.0,54136
2023-05-09 21:08:50,p2306,p2306,7648.0,4.0,305920.0,-4.0,19,7646.0,7650.0,7,7614.0,7670.0,7676.0,7642.0,1638.0,125354640.0,54132
2023-05-09 21:08:52,p2306,p2306,7648.0,0.0,0.0,0.0,17,7646.0,7650.0,10,7614.0,7670.0,7676.0,7642.0,1638.0,125354640.0,54132
2023-05-09 21:08:52,p2306,p2306,7648.0,0.0,0.0,0.0,17,7646.0,7650.0,12,7614.0,7670.0,7676.0,7642.0,1638.0,125354640.0,54132
2023-05-09 21:08:56,p2306,p2306,7648.0,0.0,0.0,0.0,1,7648.0,7650.0,10,7614.0,7670.0,7676.0,7642.0,1638.0,125354640.0,54132
2023-05-09 21:08:56,p2306,p2306,7648.0,0.0,0.0,0.0,2,7648.0,7650.0,11,7614.0,7670.0,7676.0,7642.0,1638.0,125354640.0,54132
2023-05-09 21:08:57,p2306,p2306,7648.0,2.0,152960.0,-1.0,14,7646.0,7650.0,13,7614.0,7670.0,7676.0,7642.0,1640.0,125507600.0,54131
2023-05-09 21:08:58,p2306,p2306,7648.0,0.0,0.0,0.0,15,7646.0,7650.0,13,7614.0,7670.0,7676.0,7642.0,1640.0,125507600.0,54131
2023-05-09 21:08:58,p2306,p2306,7648.0,0.0,0.0,0.0,14,7646.0,7650.0,11,7614.0,7670.0,7676.0,7642.0,1640.0,125507600.0,54131
2023-05-09 21:08:59,p2306,p2306,7648.0,0.0,0.0,0.0,15,7646.0,7650.0,12,7614.0,7670.0,7676.0,7642.0,1640.0,125507600.0,54131
2023-05-09 21:09:01,p2306,p2306,7646.0,16.0,1223360.0,1.0,30,7644.0,7646.0,6,7614.0,7670.0,7676.0,7642.0,1656.0,126730960.0,54132
2023-05-09 21:09:01,p2306,p2306,7646.0,0.0,0.0,0.0,29,7644.0,7646.0,6,7614.0,7670.0,7676.0,7642.0,1656.0,126730960.0,54132
2023-05-09 21:09:02,p2306,p2306,7646.0,0.0,0.0,0.0,30,7644.0,7646.0,6,7614.0,7670.0,7676.0,7642.0,1656.0,126730960.0,54132
2023-05-09 21:09:02,p2306,p2306,7646.0,0.0,0.0,0.0,31,7644.0,7646.0,7,7614.0,7670.0,7676.0,7642.0,1656.0,126730960.0,54132
2023-05-09 21:09:03,p2306,p2306,7646.0,0.0,0.0,0.0,33,7644.0,7646.0,7,7614.0,7670.0,7676.0,7642.0,1656.0,126730960.0,54132
2023-05-09 21:09:03,p2306,p2306,7646.0,1.0,76460.0,0.0,32,7644.0,7646.0,6,7614.0,7670.0,7676.0,7642.0,1657.0,126807420.0,54132
2023-05-09 21:09:04,p2306,p2306,7646.0,3.0,229380.0,-1.0,29,7644.0,7646.0,3,7614.0,7670.0,7676.0,7642.0,1660.0,127036800.0,54131
2023-05-09 21:09:04,p2306,p2306,7646.0,0.0,0.0,0.0,28,7644.0,7646.0,3,7614.0,7670.0,7676.0,7642.0,1660.0,127036800.0,54131
2023-05-09 21:09:05,p2306,p2306,7646.0,0.0,0.0,0.0,29,7644.0,7646.0,3,7614.0,7670.0,7676.0,7642.0,1660.0,127036800.0,54131
2023-05-09 21:09:06,p2306,p2306,7646.0,4.0,305840.0,-1.0,29,7644.0,7646.0,1,7614.0,7670.0,7676.0,7642.0,1664.0,127342640.0,54130
2023-05-09 21:09:06,p2306,p2306,7646.0,0.0,0.0,0.0,30,7644.0,7648.0,15,7614.0,7670.0,7676.0,7642.0,1664.0,127342640.0,54130
