time,symbol_id,symbol_name,last,trade_volume,trade_amount,open_interest_change,bv1,bp1,ap1,av1,yesterday_close,today_open,today_high,today_low,volume,amount,open_interest
2023-05-09 20:58:56,p2311,p2311,7062.0,0.0,0.0,0.0,2,7108.0,7128.0,2,7062.0,7108.0,0.0,0.0,0.0,0.0,33695
2023-05-09 21:00:00,p2311,p2311,7062.0,0.0,0.0,0.0,2,7108.0,7136.0,2,7062.0,7108.0,0.0,0.0,0.0,0.0,33695
2023-05-09 21:00:00,p2311,p2311,7108.0,1.0,71080.0,1.0,6,7072.0,7116.0,4,7062.0,7108.0,7108.0,7108.0,1.0,71080.0,33696
2023-05-09 21:00:01,p2311,p2311,7108.0,0.0,0.0,0.0,2,7106.0,7112.0,2,7062.0,7108.0,7108.0,7108.0,1.0,71080.0,33696
2023-05-09 21:00:01,p2311,p2311,7108.0,0.0,0.0,0.0,2,7110.0,7114.0,2,7062.0,7108.0,7108.0,7108.0,1.0,71080.0,33696
2023-05-09 21:00:02,p2311,p2311,7110.0,2.0,142200.0,2.0,4,7104.0,7114.0,1,7062.0,7108.0,7110.0,7108.0,3.0,213280.0,33698
2023-05-09 21:00:02,p2311,p2311,7104.0,1.0,71040.0,0.0,3,7104.0,7114.0,1,7062.0,7108.0,7110.0,7104.0,4.0,284320.0,33698
2023-05-09 21:00:03,p2311,p2311,7104.0,0.0,0.0,0.0,1,7106.0,7110.0,1,7062.0,7108.0,7110.0,7104.0,4.0,284320.0,33698
2023-05-09 21:00:04,p2311,p2311,7104.0,0.0,0.0,0.0,9,7100.0,7110.0,1,7062.0,7108.0,7110.0,7104.0,4.0,284320.0,33698
2023-05-09 21:00:04,p2311,p2311,7104.0,0.0,0.0,0.0,1,7104.0,7110.0,1,7062.0,7108.0,7110.0,7104.0,4.0,284320.0,33698
2023-05-09 21:00:05,p2311,p2311,7104.0,0.0,0.0,0.0,4,7104.0,7110.0,1,7062.0,7108.0,7110.0,7104.0,4.0,284320.0,33698
2023-05-09 21:00:05,p2311,p2311,7104.0,0.0,0.0,0.0,2,7104.0,7110.0,1,7062.0,7108.0,7110.0,7104.0,4.0,284320.0,33698
2023-05-09 21:00:06,p2311,p2311,7104.0,0.0,0.0,0.0,1,7104.0,7110.0,1,7062.0,7108.0,7110.0,7104.0,4.0,284320.0,33698
2023-05-09 21:00:07,p2311,p2311,7104.0,0.0,0.0,0.0,7,7104.0,7110.0,1,7062.0,7108.0,7110.0,7104.0,4.0,284320.0,33698
2023-05-09 21:00:07,p2311,p2311,7104.0,0.0,0.0,0.0,1,7106.0,7110.0,1,7062.0,7108.0,7110.0,7104.0,4.0,284320.0,33698
2023-05-09 21:00:08,p2311,p2311,7104.0,0.0,0.0,0.0,1,7102.0,7110.0,1,7062.0,7108.0,7110.0,7104.0,4.0,284320.0,33698
2023-05-09 21:00:08,p2311,p2311,7104.0,0.0,0.0,0.0,1,7104.0,7110.0,1,7062.0,7108.0,7110.0,7104.0,4.0,284320.0,33698
2023-05-09 21:00:09,p2311,p2311,7104.0,0.0,0.0,0.0,4,7104.0,7110.0,1,7062.0,7108.0,7110.0,7104.0,4.0,284320.0,33698
2023-05-09 21:00:09,p2311,p2311,7104.0,0.0,0.0,0.0,2,7104.0,7110.0,1,7062.0,7108.0,7110.0,7104.0,4.0,284320.0,33698
2023-05-09 21:00:10,p2311,p2311,7104.0,0.0,0.0,0.0,1,7102.0,7110.0,1,7062.0,7108.0,7110.0,7104.0,4.0,284320.0,33698
2023-05-09 21:00:10,p2311,p2311,7104.0,0.0,0.0,0.0,1,7104.0,7110.0,6,7062.0,7108.0,7110.0,7104.0,4.0,284320.0,33698
2023-05-09 21:00:11,p2311,p2311,7104.0,0.0,0.0,0.0,7,7102.0,7110.0,6,7062.0,7108.0,7110.0,7104.0,4.0,284320.0,33698
2023-05-09 21:00:12,p2311,p2311,7104.0,1.0,71040.0,0.0,1,7104.0,7108.0,5,7062.0,7108.0,7110.0,7104.0,5.0,355360.0,33698
2023-05-09 21:00:13,p2311,p2311,7104.0,0.0,0.0,0.0,12,7100.0,7108.0,5,7062.0,7108.0,7110.0,7104.0,5.0,355360.0,33698
2023-05-09 21:00:13,p2311,p2311,7104.0,0.0,0.0,0.0,8,7100.0,7108.0,5,7062.0,7108.0,7110.0,7104.0,5.0,355360.0,33698
2023-05-09 21:00:14,p2311,p2311,7104.0,0.0,0.0,0.0,9,7100.0,7108.0,5,7062.0,7108.0,7110.0,7104.0,5.0,355360.0,33698
2023-05-09 21:00:14,p2311,p2311,7104.0,0.0,0.0,0.0,6,7102.0,7110.0,11,7062.0,7108.0,7110.0,7104.0,5.0,355360.0,33698
2023-05-09 21:00:15,p2311,p2311,7104.0,0.0,0.0,0.0,3,7102.0,7108.0,12,7062.0,7108.0,7110.0,7104.0,5.0,355360.0,33698
2023-05-09 21:00:15,p2311,p2311,7102.0,2.0,142040.0,-2.0,6,7102.0,7108.0,12,7062.0,7108.0,7110.0,7102.0,7.0,497400.0,33696
2023-05-09 21:00:16,p2311,p2311,7102.0,2.0,142040.0,0.0,5,7102.0,7108.0,7,7062.0,7108.0,7110.0,7102.0,9.0,639440.0,33696
2023-05-09 21:00:16,p2311,p2311,7102.0,1.0,71020.0,0.0,5,7102.0,7108.0,5,7062.0,7108.0,7110.0,7102.0,10.0,710460.0,33696
2023-05-09 21:00:17,p2311,p2311,7102.0,0.0,0.0,0.0,5,7102.0,7108.0,10,7062.0,7108.0,7110.0,7102.0,10.0,710460.0,33696
2023-05-09 21:00:18,p2311,p2311,7102.0,0.0,0.0,0.0,1,7102.0,7106.0,5,7062.0,7108.0,7110.0,7102.0,10.0,710460.0,33696
2023-05-09 21:00:19,p2311,p2311,7102.0,0.0,0.0,0.0,1,7100.0,7106.0,10,7062.0,7108.0,7110.0,7102.0,10.0,710460.0,33696
2023-05-09 21:00:20,p2311,p2311,7102.0,0.0,0.0,0.0,6,7100.0,7106.0,5,7062.0,7108.0,7110.0,7102.0,10.0,710460.0,33696
2023-05-09 21:00:20,p2311,p2311,7102.0,0.0,0.0,0.0,16,7100.0,7108.0,10,7062.0,7108.0,7110.0,7102.0,10.0,710460.0,33696
2023-05-09 21:00:21,p2311,p2311,7102.0,0.0,0.0,0.0,3,7104.0,7108.0,10,7062.0,7108.0,7110.0,7102.0,10.0,710460.0,33696
2023-05-09 21:00:21,p2311,p2311,7102.0,0.0,0.0,0.0,1,7104.0,7108.0,5,7062.0,7108.0,7110.0,7102.0,10.0,710460.0,33696
2023-05-09 21:00:22,p2311,p2311,7102.0,0.0,0.0,0.0,1,7102.0,7108.0,10,7062.0,7108.0,7110.0,7102.0,10.0,710460.0,33696
2023-05-09 21:00:22,p2311,p2311,7102.0,0.0,0.0,0.0,1,7104.0,7108.0,10,7062.0,7108.0,7110.0,7102.0,10.0,710460.0,33696
2023-05-09 21:00:23,p2311,p2311,7102.0,0.0,0.0,0.0,2,7104.0,7108.0,10,7062.0,7108.0,7110.0,7102.0,10.0,710460.0,33696
2023-05-09 21:00:24,p2311,p2311,7102.0,0.0,0.0,0.0,1,7104.0,7108.0,10,7062.0,7108.0,7110.0,7102.0,10.0,710460.0,33696
2023-05-09 21:00:24,p2311,p2311,7102.0,0.0,0.0,0.0,4,7104.0,7108.0,10,7062.0,7108.0,7110.0,7102.0,10.0,710460.0,33696
2023-05-09 21:00:25,p2311,p2311,7102.0,0.0,0.0,0.0,2,7104.0,7108.0,10,7062.0,7108.0,7110.0,7102.0,10.0,710460.0,33696
2023-05-09 21:00:25,p2311,p2311,7102.0,0.0,0.0,0.0,5,7102.0,7106.0,1,7062.0,7108.0,7110.0,7102.0,10.0,710460.0,33696
2023-05-09 21:00:26,p2311,p2311,7102.0,0.0,0.0,0.0,1,7102.0,7106.0,1,7062.0,7108.0,7110.0,7102.0,10.0,710460.0,33696
2023-05-09 21:00:26,p2311,p2311,7102.0,0.0,0.0,0.0,1,7102.0,7106.0,6,7062.0,7108.0,7110.0,7102.0,10.0,710460.0,33696
2023-05-09 21:00:27,p2311,p2311,7102.0,0.0,0.0,0.0,1,7102.0,7106.0,11,7062.0,7108.0,7110.0,7102.0,10.0,710460.0,33696
2023-05-09 21:00:28,p2311,p2311,7102.0,1.0,71020.0,-1.0,1,7102.0,7106.0,10,7062.0,7108.0,7110.0,7102.0,11.0,781480.0,33695
2023-05-09 21:00:28,p2311,p2311,7102.0,1.0,71020.0,0.0,7,7100.0,7104.0,7,7062.0,7108.0,7110.0,7102.0,12.0,852500.0,33695
2023-05-09 21:00:29,p2311,p2311,7102.0,0.0,0.0,0.0,12,7098.0,7104.0,12,7062.0,7108.0,7110.0,7102.0,12.0,852500.0,33695
2023-05-09 21:00:29,p2311,p2311,7102.0,0.0,0.0,0.0,15,7098.0,7104.0,13,7062.0,7108.0,7110.0,7102.0,12.0,852500.0,33695
2023-05-09 21:00:30,p2311,p2311,7102.0,0.0,0.0,0.0,10,7098.0,7104.0,14,7062.0,7108.0,7110.0,7102.0,12.0,852500.0,33695
2023-05-09 21:00:31,p2311,p2311,7102.0,0.0,0.0,0.0,10,7098.0,7104.0,13,7062.0,7108.0,7110.0,7102.0,12.0,852500.0,33695
2023-05-09 21:00:32,p2311,p2311,7102.0,0.0,0.0,0.0,9,7096.0,7102.0,7,7062.0,7108.0,7110.0,7102.0,12.0,852500.0,33695
2023-05-09 21:00:32,p2311,p2311,7102.0,0.0,0.0,0.0,1,7098.0,7102.0,8,7062.0,7108.0,7110.0,7102.0,12.0,852500.0,33695
2023-05-09 21:00:33,p2311,p2311,7102.0,0.0,0.0,0.0,1,7098.0,7102.0,13,7062.0,7108.0,7110.0,7102.0,12.0,852500.0,33695
2023-05-09 21:00:33,p2311,p2311,7102.0,0.0,0.0,0.0,2,7096.0,7100.0,5,7062.0,7108.0,7110.0,7102.0,12.0,852500.0,33695
2023-05-09 21:00:34,p2311,p2311,7102.0,0.0,0.0,0.0,12,7094.0,7100.0,6,7062.0,7108.0,7110.0,7102.0,12.0,852500.0,33695
2023-05-09 21:00:34,p2311,p2311,7102.0,0.0,0.0,0.0,12,7094.0,7100.0,12,7062.0,7108.0,7110.0,7102.0,12.0,852500.0,33695
2023-05-09 21:00:35,p2311,p2311,7102.0,0.0,0.0,0.0,5,7096.0,7100.0,12,7062.0,7108.0,7110.0,7102.0,12.0,852500.0,33695
2023-05-09 21:00:35,p2311,p2311,7102.0,0.0,0.0,0.0,15,7092.0,7100.0,12,7062.0,7108.0,7110.0,7102.0,12.0,852500.0,33695
2023-05-09 21:00:36,p2311,p2311,7102.0,0.0,0.0,0.0,5,7094.0,7100.0,5,7062.0,7108.0,7110.0,7102.0,12.0,852500.0,33695
2023-05-09 21:00:36,p2311,p2311,7094.0,2.0,141880.0,-2.0,3,7094.0,7100.0,10,7062.0,7108.0,7110.0,7094.0,14.0,994380.0,33693
2023-05-09 21:00:37,p2311,p2311,7094.0,3.0,212820.0,-2.0,19,7092.0,7094.0,1,7062.0,7108.0,7110.0,7094.0,17.0,1207200.0,33691
2023-05-09 21:00:37,p2311,p2311,7092.0,2.0,141860.0,-1.0,5,7094.0,7096.0,3,7062.0,7108.0,7110.0,7092.0,19.0,1349060.0,33690
2023-05-09 21:00:38,p2311,p2311,7094.0,7.0,496460.0,-4.0,5,7094.0,7096.0,4,7062.0,7108.0,7110.0,7092.0,26.0,1845520.0,33686
2023-05-09 21:00:38,p2311,p2311,7094.0,7.0,496580.0,-2.0,1,7092.0,7096.0,4,7062.0,7108.0,7110.0,7092.0,33.0,2342100.0,33684
2023-05-09 21:00:39,p2311,p2311,7094.0,0.0,0.0,0.0,10,7088.0,7094.0,3,7062.0,7108.0,7110.0,7092.0,33.0,2342100.0,33684
2023-05-09 21:00:39,p2311,p2311,7094.0,1.0,70940.0,0.0,10,7088.0,7094.0,2,7062.0,7108.0,7110.0,7092.0,34.0,2413040.0,33684
2023-05-09 21:00:40,p2311,p2311,7094.0,5.0,354580.0,-4.0,18,7088.0,7094.0,5,7062.0,7108.0,7110.0,7088.0,39.0,2767620.0,33680
2023-05-09 21:00:40,p2311,p2311,7094.0,1.0,70940.0,-1.0,6,7090.0,7098.0,10,7062.0,7108.0,7110.0,7088.0,40.0,2838560.0,33679
2023-05-09 21:00:41,p2311,p2311,7094.0,0.0,0.0,0.0,5,7090.0,7096.0,10,7062.0,7108.0,7110.0,7088.0,40.0,2838560.0,33679
2023-05-09 21:00:41,p2311,p2311,7094.0,0.0,0.0,0.0,15,7088.0,7096.0,10,7062.0,7108.0,7110.0,7088.0,40.0,2838560.0,33679
2023-05-09 21:00:42,p2311,p2311,7094.0,0.0,0.0,0.0,14,7088.0,7096.0,10,7062.0,7108.0,7110.0,7088.0,40.0,2838560.0,33679
2023-05-09 21:00:43,p2311,p2311,7094.0,0.0,0.0,0.0,6,7090.0,7096.0,5,7062.0,7108.0,7110.0,7088.0,40.0,2838560.0,33679
2023-05-09 21:00:43,p2311,p2311,7094.0,0.0,0.0,0.0,14,7088.0,7096.0,10,7062.0,7108.0,7110.0,7088.0,40.0,2838560.0,33679
2023-05-09 21:00:44,p2311,p2311,7094.0,0.0,0.0,0.0,4,7088.0,7094.0,10,7062.0,7108.0,7110.0,7088.0,40.0,2838560.0,33679
2023-05-09 21:00:44,p2311,p2311,7094.0,0.0,0.0,0.0,4,7088.0,7092.0,5,7062.0,7108.0,7110.0,7088.0,40.0,2838560.0,33679
2023-05-09 21:00:45,p2311,p2311,7092.0,2.0,141840.0,-2.0,4,7088.0,7094.0,15,7062.0,7108.0,7110.0,7088.0,42.0,2980400.0,33677
2023-05-09 21:00:46,p2311,p2311,7092.0,0.0,0.0,0.0,2,7092.0,7094.0,15,7062.0,7108.0,7110.0,7088.0,42.0,2980400.0,33677
2023-05-09 21:00:47,p2311,p2311,7092.0,2.0,141840.0,0.0,14,7088.0,7094.0,10,7062.0,7108.0,7110.0,7088.0,44.0,3122240.0,33677
2023-05-09 21:00:48,p2311,p2311,7092.0,0.0,0.0,0.0,9,7088.0,7092.0,2,7062.0,7108.0,7110.0,7088.0,44.0,3122240.0,33677
2023-05-09 21:00:48,p2311,p2311,7092.0,0.0,0.0,0.0,6,7088.0,7092.0,2,7062.0,7108.0,7110.0,7088.0,44.0,3122240.0,33677
2023-05-09 21:00:49,p2311,p2311,7092.0,0.0,0.0,0.0,12,7088.0,7094.0,5,7062.0,7108.0,7110.0,7088.0,44.0,3122240.0,33677
2023-05-09 21:00:49,p2311,p2311,7092.0,0.0,0.0,0.0,20,7088.0,7094.0,2,7062.0,7108.0,7110.0,7088.0,44.0,3122240.0,33677
2023-05-09 21:00:50,p2311,p2311,7092.0,0.0,0.0,0.0,19,7088.0,7094.0,7,7062.0,7108.0,7110.0,7088.0,44.0,3122240.0,33677
2023-05-09 21:00:50,p2311,p2311,7092.0,0.0,0.0,0.0,21,7088.0,7096.0,15,7062.0,7108.0,7110.0,7088.0,44.0,3122240.0,33677
2023-05-09 21:00:51,p2311,p2311,7092.0,0.0,0.0,0.0,19,7088.0,7096.0,15,7062.0,7108.0,7110.0,7088.0,44.0,3122240.0,33677
2023-05-09 21:00:51,p2311,p2311,7092.0,0.0,0.0,0.0,22,7088.0,7096.0,15,7062.0,7108.0,7110.0,7088.0,44.0,3122240.0,33677
2023-05-09 21:00:52,p2311,p2311,7092.0,0.0,0.0,0.0,12,7088.0,7094.0,12,7062.0,7108.0,7110.0,7088.0,44.0,3122240.0,33677
2023-05-09 21:00:53,p2311,p2311,7092.0,0.0,0.0,0.0,2,7090.0,7096.0,15,7062.0,7108.0,7110.0,7088.0,44.0,3122240.0,33677
2023-05-09 21:00:53,p2311,p2311,7092.0,0.0,0.0,0.0,7,7090.0,7096.0,10,7062.0,7108.0,7110.0,7088.0,44.0,3122240.0,33677
2023-05-09 21:00:54,p2311,p2311,7092.0,0.0,0.0,0.0,5,7090.0,7096.0,10,7062.0,7108.0,7110.0,7088.0,44.0,3122240.0,33677
2023-05-09 21:00:54,p2311,p2311,7092.0,0.0,0.0,0.0,5,7090.0,7096.0,15,7062.0,7108.0,7110.0,7088.0,44.0,3122240.0,33677
2023-05-09 21:00:55,p2311,p2311,7092.0,0.0,0.0,0.0,3,7092.0,7096.0,15,7062.0,7108.0,7110.0,7088.0,44.0,3122240.0,33677
2023-05-09 21:00:55,p2311,p2311,7092.0,0.0,0.0,0.0,7,7092.0,7096.0,10,7062.0,7108.0,7110.0,7088.0,44.0,3122240.0,33677
2023-05-09 21:00:56,p2311,p2311,7092.0,0.0,0.0,0.0,7,7092.0,7096.0,5,7062.0,7108.0,7110.0,7088.0,44.0,3122240.0,33677
2023-05-09 21:00:56,p2311,p2311,7092.0,0.0,0.0,0.0,7,7092.0,7098.0,15,7062.0,7108.0,7110.0,7088.0,44.0,3122240.0,33677
2023-05-09 21:00:58,p2311,p2311,7092.0,0.0,0.0,0.0,9,7092.0,7098.0,10,7062.0,7108.0,7110.0,7088.0,44.0,3122240.0,33677
2023-05-09 21:00:59,p2311,p2311,7092.0,0.0,0.0,0.0,4,7092.0,7098.0,15,7062.0,7108.0,7110.0,7088.0,44.0,3122240.0,33677
2023-05-09 21:00:59,p2311,p2311,7092.0,0.0,0.0,0.0,2,7094.0,7098.0,15,7062.0,7108.0,7110.0,7088.0,44.0,3122240.0,33677
2023-05-09 21:01:00,p2311,p2311,7092.0,0.0,0.0,0.0,9,7092.0,7098.0,10,7062.0,7108.0,7110.0,7088.0,44.0,3122240.0,33677
2023-05-09 21:01:00,p2311,p2311,7098.0,8.0,567840.0,-8.0,14,7092.0,7098.0,5,7062.0,7108.0,7110.0,7088.0,52.0,3690080.0,33669
2023-05-09 21:01:01,p2311,p2311,7098.0,0.0,0.0,0.0,3,7094.0,7100.0,10,7062.0,7108.0,7110.0,7088.0,52.0,3690080.0,33669
2023-05-09 21:01:01,p2311,p2311,7098.0,0.0,0.0,0.0,23,7092.0,7100.0,10,7062.0,7108.0,7110.0,7088.0,52.0,3690080.0,33669
2023-05-09 21:01:02,p2311,p2311,7098.0,0.0,0.0,0.0,23,7092.0,7098.0,2,7062.0,7108.0,7110.0,7088.0,52.0,3690080.0,33669
2023-05-09 21:01:02,p2311,p2311,7098.0,0.0,0.0,0.0,13,7094.0,7100.0,15,7062.0,7108.0,7110.0,7088.0,52.0,3690080.0,33669
2023-05-09 21:01:03,p2311,p2311,7098.0,0.0,0.0,0.0,2,7098.0,7100.0,15,7062.0,7108.0,7110.0,7088.0,52.0,3690080.0,33669
2023-05-09 21:01:03,p2311,p2311,7098.0,0.0,0.0,0.0,4,7098.0,7100.0,5,7062.0,7108.0,7110.0,7088.0,52.0,3690080.0,33669
2023-05-09 21:01:04,p2311,p2311,7102.0,2.0,142040.0,1.0,4,7098.0,7102.0,9,7062.0,7108.0,7110.0,7088.0,54.0,3832120.0,33670
2023-05-09 21:01:04,p2311,p2311,7098.0,1.0,70980.0,0.0,3,7098.0,7102.0,9,7062.0,7108.0,7110.0,7088.0,55.0,3903100.0,33670
2023-05-09 21:01:05,p2311,p2311,7098.0,3.0,212940.0,2.0,7,7096.0,7100.0,2,7062.0,7108.0,7110.0,7088.0,58.0,4116040.0,33672
2023-05-09 21:01:05,p2311,p2311,7098.0,0.0,0.0,0.0,19,7094.0,7100.0,2,7062.0,7108.0,7110.0,7088.0,58.0,4116040.0,33672
2023-05-09 21:01:06,p2311,p2311,7098.0,0.0,0.0,0.0,25,7094.0,7100.0,2,7062.0,7108.0,7110.0,7088.0,58.0,4116040.0,33672
2023-05-09 21:01:06,p2311,p2311,7098.0,0.0,0.0,0.0,20,7094.0,7100.0,2,7062.0,7108.0,7110.0,7088.0,58.0,4116040.0,33672
2023-05-09 21:01:07,p2311,p2311,7098.0,0.0,0.0,0.0,16,7094.0,7100.0,2,7062.0,7108.0,7110.0,7088.0,58.0,4116040.0,33672
2023-05-09 21:01:08,p2311,p2311,7098.0,0.0,0.0,0.0,16,7094.0,7100.0,7,7062.0,7108.0,7110.0,7088.0,58.0,4116040.0,33672
2023-05-09 21:01:09,p2311,p2311,7098.0,0.0,0.0,0.0,6,7094.0,7098.0,7,7062.0,7108.0,7110.0,7088.0,58.0,4116040.0,33672
2023-05-09 21:01:10,p2311,p2311,7098.0,0.0,0.0,0.0,15,7092.0,7098.0,2,7062.0,7108.0,7110.0,7088.0,58.0,4116040.0,33672
2023-05-09 21:01:10,p2311,p2311,7098.0,0.0,0.0,0.0,5,7094.0,7098.0,2,7062.0,7108.0,7110.0,7088.0,58.0,4116040.0,33672
2023-05-09 21:01:11,p2311,p2311,7098.0,0.0,0.0,0.0,16,7092.0,7100.0,15,7062.0,7108.0,7110.0,7088.0,58.0,4116040.0,33672
2023-05-09 21:01:11,p2311,p2311,7098.0,0.0,0.0,0.0,10,7092.0,7098.0,7,7062.0,7108.0,7110.0,7088.0,58.0,4116040.0,33672
2023-05-09 21:01:12,p2311,p2311,7098.0,0.0,0.0,0.0,9,7092.0,7098.0,7,7062.0,7108.0,7110.0,7088.0,58.0,4116040.0,33672
2023-05-09 21:01:12,p2311,p2311,7098.0,0.0,0.0,0.0,14,7092.0,7098.0,7,7062.0,7108.0,7110.0,7088.0,58.0,4116040.0,33672
2023-05-09 21:01:13,p2311,p2311,7098.0,0.0,0.0,0.0,3,7094.0,7098.0,7,7062.0,7108.0,7110.0,7088.0,58.0,4116040.0,33672
2023-05-09 21:01:14,p2311,p2311,7098.0,0.0,0.0,0.0,3,7094.0,7098.0,5,7062.0,7108.0,7110.0,7088.0,58.0,4116040.0,33672
2023-05-09 21:01:14,p2311,p2311,7098.0,0.0,0.0,0.0,3,7094.0,7098.0,2,7062.0,7108.0,7110.0,7088.0,58.0,4116040.0,33672
2023-05-09 21:01:16,p2311,p2311,7098.0,0.0,0.0,0.0,10,7092.0,7096.0,2,7062.0,7108.0,7110.0,7088.0,58.0,4116040.0,33672
2023-05-09 21:01:17,p2311,p2311,7098.0,1.0,70980.0,0.0,7,7092.0,7098.0,5,7062.0,7108.0,7110.0,7088.0,59.0,4187020.0,33672
2023-05-09 21:01:17,p2311,p2311,7098.0,0.0,0.0,0.0,20,7092.0,7098.0,2,7062.0,7108.0,7110.0,7088.0,59.0,4187020.0,33672
2023-05-09 21:01:18,p2311,p2311,7098.0,0.0,0.0,0.0,2,7096.0,7098.0,2,7062.0,7108.0,7110.0,7088.0,59.0,4187020.0,33672
2023-05-09 21:01:18,p2311,p2311,7098.0,0.0,0.0,0.0,2,7096.0,7098.0,7,7062.0,7108.0,7110.0,7088.0,59.0,4187020.0,33672
2023-05-09 21:01:19,p2311,p2311,7096.0,2.0,141920.0,0.0,23,7092.0,7098.0,5,7062.0,7108.0,7110.0,7088.0,61.0,4328940.0,33672
2023-05-09 21:01:19,p2311,p2311,7096.0,0.0,0.0,0.0,2,7094.0,7098.0,7,7062.0,7108.0,7110.0,7088.0,61.0,4328940.0,33672
2023-05-09 21:01:20,p2311,p2311,7096.0,0.0,0.0,0.0,25,7092.0,7100.0,26,7062.0,7108.0,7110.0,7088.0,61.0,4328940.0,33672
2023-05-09 21:01:20,p2311,p2311,7096.0,0.0,0.0,0.0,2,7094.0,7098.0,2,7062.0,7108.0,7110.0,7088.0,61.0,4328940.0,33672
2023-05-09 21:01:21,p2311,p2311,7096.0,0.0,0.0,0.0,2,7094.0,7098.0,17,7062.0,7108.0,7110.0,7088.0,61.0,4328940.0,33672
2023-05-09 21:01:21,p2311,p2311,7096.0,0.0,0.0,0.0,2,7094.0,7098.0,7,7062.0,7108.0,7110.0,7088.0,61.0,4328940.0,33672
2023-05-09 21:01:22,p2311,p2311,7096.0,0.0,0.0,0.0,2,7094.0,7100.0,31,7062.0,7108.0,7110.0,7088.0,61.0,4328940.0,33672
2023-05-09 21:01:22,p2311,p2311,7096.0,0.0,0.0,0.0,2,7094.0,7100.0,26,7062.0,7108.0,7110.0,7088.0,61.0,4328940.0,33672
2023-05-09 21:01:23,p2311,p2311,7096.0,0.0,0.0,0.0,10,7094.0,7100.0,26,7062.0,7108.0,7110.0,7088.0,61.0,4328940.0,33672
2023-05-09 21:01:27,p2311,p2311,7096.0,0.0,0.0,0.0,2,7094.0,7098.0,12,7062.0,7108.0,7110.0,7088.0,61.0,4328940.0,33672
2023-05-09 21:01:28,p2311,p2311,7096.0,0.0,0.0,0.0,7,7094.0,7100.0,26,7062.0,7108.0,7110.0,7088.0,61.0,4328940.0,33672
2023-05-09 21:01:28,p2311,p2311,7096.0,0.0,0.0,0.0,2,7094.0,7100.0,21,7062.0,7108.0,7110.0,7088.0,61.0,4328940.0,33672
2023-05-09 21:01:29,p2311,p2311,7096.0,0.0,0.0,0.0,2,7094.0,7100.0,26,7062.0,7108.0,7110.0,7088.0,61.0,4328940.0,33672
2023-05-09 21:01:29,p2311,p2311,7096.0,0.0,0.0,0.0,7,7094.0,7100.0,21,7062.0,7108.0,7110.0,7088.0,61.0,4328940.0,33672
2023-05-09 21:01:30,p2311,p2311,7096.0,0.0,0.0,0.0,13,7094.0,7100.0,26,7062.0,7108.0,7110.0,7088.0,61.0,4328940.0,33672
2023-05-09 21:01:30,p2311,p2311,7096.0,0.0,0.0,0.0,14,7094.0,7100.0,26,7062.0,7108.0,7110.0,7088.0,61.0,4328940.0,33672
2023-05-09 21:01:31,p2311,p2311,7096.0,0.0,0.0,0.0,14,7094.0,7100.0,21,7062.0,7108.0,7110.0,7088.0,61.0,4328940.0,33672
2023-05-09 21:01:32,p2311,p2311,7096.0,0.0,0.0,0.0,7,7096.0,7100.0,6,7062.0,7108.0,7110.0,7088.0,61.0,4328940.0,33672
2023-05-09 21:01:32,p2311,p2311,7096.0,0.0,0.0,0.0,2,7096.0,7100.0,1,7062.0,7108.0,7110.0,7088.0,61.0,4328940.0,33672
2023-05-09 21:01:34,p2311,p2311,7100.0,1.0,71000.0,1.0,2,7096.0,7102.0,25,7062.0,7108.0,7110.0,7088.0,62.0,4399940.0,33673
2023-05-09 21:01:34,p2311,p2311,7100.0,0.0,0.0,0.0,21,7096.0,7102.0,10,7062.0,7108.0,7110.0,7088.0,62.0,4399940.0,33673
2023-05-09 21:01:35,p2311,p2311,7100.0,0.0,0.0,0.0,45,7096.0,7102.0,10,7062.0,7108.0,7110.0,7088.0,62.0,4399940.0,33673
2023-05-09 21:01:35,p2311,p2311,7100.0,0.0,0.0,0.0,55,7096.0,7102.0,5,7062.0,7108.0,7110.0,7088.0,62.0,4399940.0,33673
2023-05-09 21:01:36,p2311,p2311,7100.0,0.0,0.0,0.0,60,7096.0,7102.0,5,7062.0,7108.0,7110.0,7088.0,62.0,4399940.0,33673
2023-05-09 21:01:36,p2311,p2311,7100.0,0.0,0.0,0.0,65,7096.0,7104.0,30,7062.0,7108.0,7110.0,7088.0,62.0,4399940.0,33673
2023-05-09 21:01:37,p2311,p2311,7100.0,0.0,0.0,0.0,2,7098.0,7104.0,34,7062.0,7108.0,7110.0,7088.0,62.0,4399940.0,33673
2023-05-09 21:01:37,p2311,p2311,7100.0,0.0,0.0,0.0,1,7100.0,7104.0,30,7062.0,7108.0,7110.0,7088.0,62.0,4399940.0,33673
2023-05-09 21:01:38,p2311,p2311,7100.0,0.0,0.0,0.0,1,7100.0,7104.0,10,7062.0,7108.0,7110.0,7088.0,62.0,4399940.0,33673
2023-05-09 21:01:38,p2311,p2311,7100.0,0.0,0.0,0.0,1,7100.0,7104.0,15,7062.0,7108.0,7110.0,7088.0,62.0,4399940.0,33673
2023-05-09 21:01:39,p2311,p2311,7100.0,0.0,0.0,0.0,1,7100.0,7104.0,20,7062.0,7108.0,7110.0,7088.0,62.0,4399940.0,33673
2023-05-09 21:01:44,p2311,p2311,7100.0,0.0,0.0,0.0,1,7100.0,7104.0,15,7062.0,7108.0,7110.0,7088.0,62.0,4399940.0,33673
2023-05-09 21:01:46,p2311,p2311,7100.0,2.0,142000.0,1.0,10,7098.0,7100.0,2,7062.0,7108.0,7110.0,7088.0,64.0,4541940.0,33674
2023-05-09 21:01:46,p2311,p2311,7100.0,0.0,0.0,0.0,1,7100.0,7102.0,5,7062.0,7108.0,7110.0,7088.0,64.0,4541940.0,33674
2023-05-09 21:01:48,p2311,p2311,7100.0,0.0,0.0,0.0,1,7100.0,7104.0,15,7062.0,7108.0,7110.0,7088.0,64.0,4541940.0,33674
2023-05-09 21:01:48,p2311,p2311,7100.0,0.0,0.0,0.0,2,7100.0,7104.0,15,7062.0,7108.0,7110.0,7088.0,64.0,4541940.0,33674
2023-05-09 21:01:49,p2311,p2311,7100.0,0.0,0.0,0.0,1,7100.0,7104.0,15,7062.0,7108.0,7110.0,7088.0,64.0,4541940.0,33674
2023-05-09 21:01:50,p2311,p2311,7100.0,0.0,0.0,0.0,2,7100.0,7104.0,15,7062.0,7108.0,7110.0,7088.0,64.0,4541940.0,33674
2023-05-09 21:01:51,p2311,p2311,7100.0,0.0,0.0,0.0,2,7100.0,7104.0,20,7062.0,7108.0,7110.0,7088.0,64.0,4541940.0,33674
2023-05-09 21:01:51,p2311,p2311,7100.0,0.0,0.0,0.0,1,7100.0,7104.0,29,7062.0,7108.0,7110.0,7088.0,64.0,4541940.0,33674
2023-05-09 21:01:52,p2311,p2311,7100.0,0.0,0.0,0.0,1,7100.0,7104.0,10,7062.0,7108.0,7110.0,7088.0,64.0,4541940.0,33674
2023-05-09 21:01:52,p2311,p2311,7100.0,0.0,0.0,0.0,1,7100.0,7104.0,15,7062.0,7108.0,7110.0,7088.0,64.0,4541940.0,33674
2023-05-09 21:01:53,p2311,p2311,7100.0,0.0,0.0,0.0,1,7100.0,7104.0,5,7062.0,7108.0,7110.0,7088.0,64.0,4541940.0,33674
2023-05-09 21:01:53,p2311,p2311,7100.0,0.0,0.0,0.0,1,7100.0,7104.0,15,7062.0,7108.0,7110.0,7088.0,64.0,4541940.0,33674
2023-05-09 21:01:54,p2311,p2311,7100.0,0.0,0.0,0.0,2,7100.0,7104.0,15,7062.0,7108.0,7110.0,7088.0,64.0,4541940.0,33674
2023-05-09 21:01:55,p2311,p2311,7100.0,0.0,0.0,0.0,1,7100.0,7102.0,5,7062.0,7108.0,7110.0,7088.0,64.0,4541940.0,33674
2023-05-09 21:01:56,p2311,p2311,7100.0,0.0,0.0,0.0,1,7100.0,7104.0,25,7062.0,7108.0,7110.0,7088.0,64.0,4541940.0,33674
2023-05-09 21:01:57,p2311,p2311,7100.0,0.0,0.0,0.0,2,7100.0,7104.0,20,7062.0,7108.0,7110.0,7088.0,64.0,4541940.0,33674
2023-05-09 21:01:59,p2311,p2311,7100.0,0.0,0.0,0.0,7,7100.0,7106.0,25,7062.0,7108.0,7110.0,7088.0,64.0,4541940.0,33674
2023-05-09 21:02:00,p2311,p2311,7100.0,0.0,0.0,0.0,9,7100.0,7106.0,34,7062.0,7108.0,7110.0,7088.0,64.0,4541940.0,33674
2023-05-09 21:02:00,p2311,p2311,7100.0,0.0,0.0,0.0,4,7100.0,7104.0,5,7062.0,7108.0,7110.0,7088.0,64.0,4541940.0,33674
2023-05-09 21:02:02,p2311,p2311,7100.0,0.0,0.0,0.0,14,7100.0,7106.0,40,7062.0,7108.0,7110.0,7088.0,64.0,4541940.0,33674
2023-05-09 21:02:02,p2311,p2311,7100.0,0.0,0.0,0.0,33,7100.0,7106.0,34,7062.0,7108.0,7110.0,7088.0,64.0,4541940.0,33674
2023-05-09 21:02:03,p2311,p2311,7100.0,0.0,0.0,0.0,50,7100.0,7106.0,20,7062.0,7108.0,7110.0,7088.0,64.0,4541940.0,33674
2023-05-09 21:02:03,p2311,p2311,7100.0,0.0,0.0,0.0,5,7102.0,7106.0,10,7062.0,7108.0,7110.0,7088.0,64.0,4541940.0,33674
2023-05-09 21:02:04,p2311,p2311,7106.0,1.0,71060.0,1.0,5,7102.0,7106.0,5,7062.0,7108.0,7110.0,7088.0,65.0,4613000.0,33675
2023-05-09 21:02:04,p2311,p2311,7106.0,0.0,0.0,0.0,15,7102.0,7108.0,31,7062.0,7108.0,7110.0,7088.0,65.0,4613000.0,33675
2023-05-09 21:02:05,p2311,p2311,7106.0,0.0,0.0,0.0,15,7102.0,7108.0,21,7062.0,7108.0,7110.0,7088.0,65.0,4613000.0,33675
2023-05-09 21:02:05,p2311,p2311,7106.0,0.0,0.0,0.0,15,7102.0,7108.0,26,7062.0,7108.0,7110.0,7088.0,65.0,4613000.0,33675
2023-05-09 21:02:06,p2311,p2311,7106.0,0.0,0.0,0.0,15,7102.0,7108.0,21,7062.0,7108.0,7110.0,7088.0,65.0,4613000.0,33675
2023-05-09 21:02:06,p2311,p2311,7106.0,0.0,0.0,0.0,15,7102.0,7108.0,26,7062.0,7108.0,7110.0,7088.0,65.0,4613000.0,33675
2023-05-09 21:02:07,p2311,p2311,7106.0,0.0,0.0,0.0,5,7102.0,7108.0,46,7062.0,7108.0,7110.0,7088.0,65.0,4613000.0,33675
2023-05-09 21:02:08,p2311,p2311,7106.0,0.0,0.0,0.0,5,7102.0,7108.0,58,7062.0,7108.0,7110.0,7088.0,65.0,4613000.0,33675
2023-05-09 21:02:08,p2311,p2311,7106.0,0.0,0.0,0.0,10,7102.0,7108.0,63,7062.0,7108.0,7110.0,7088.0,65.0,4613000.0,33675
2023-05-09 21:02:09,p2311,p2311,7106.0,0.0,0.0,0.0,10,7102.0,7106.0,2,7062.0,7108.0,7110.0,7088.0,65.0,4613000.0,33675
2023-05-09 21:02:10,p2311,p2311,7106.0,0.0,0.0,0.0,10,7102.0,7108.0,53,7062.0,7108.0,7110.0,7088.0,65.0,4613000.0,33675
2023-05-09 21:02:10,p2311,p2311,7106.0,0.0,0.0,0.0,10,7102.0,7106.0,2,7062.0,7108.0,7110.0,7088.0,65.0,4613000.0,33675
2023-05-09 21:02:11,p2311,p2311,7106.0,0.0,0.0,0.0,10,7102.0,7106.0,7,7062.0,7108.0,7110.0,7088.0,65.0,4613000.0,33675
2023-05-09 21:02:11,p2311,p2311,7106.0,0.0,0.0,0.0,5,7102.0,7106.0,2,7062.0,7108.0,7110.0,7088.0,65.0,4613000.0,33675
2023-05-09 21:02:12,p2311,p2311,7106.0,0.0,0.0,0.0,5,7102.0,7106.0,7,7062.0,7108.0,7110.0,7088.0,65.0,4613000.0,33675
2023-05-09 21:02:12,p2311,p2311,7106.0,0.0,0.0,0.0,5,7102.0,7106.0,12,7062.0,7108.0,7110.0,7088.0,65.0,4613000.0,33675
2023-05-09 21:02:13,p2311,p2311,7106.0,0.0,0.0,0.0,5,7102.0,7106.0,13,7062.0,7108.0,7110.0,7088.0,65.0,4613000.0,33675
2023-05-09 21:02:14,p2311,p2311,7106.0,0.0,0.0,0.0,5,7102.0,7106.0,8,7062.0,7108.0,7110.0,7088.0,65.0,4613000.0,33675
2023-05-09 21:02:15,p2311,p2311,7106.0,0.0,0.0,0.0,5,7102.0,7106.0,3,7062.0,7108.0,7110.0,7088.0,65.0,4613000.0,33675
2023-05-09 21:02:15,p2311,p2311,7106.0,0.0,0.0,0.0,5,7102.0,7106.0,7,7062.0,7108.0,7110.0,7088.0,65.0,4613000.0,33675
2023-05-09 21:02:16,p2311,p2311,7106.0,0.0,0.0,0.0,5,7102.0,7106.0,8,7062.0,7108.0,7110.0,7088.0,65.0,4613000.0,33675
2023-05-09 21:02:16,p2311,p2311,7106.0,0.0,0.0,0.0,5,7102.0,7104.0,4,7062.0,7108.0,7110.0,7088.0,65.0,4613000.0,33675
2023-05-09 21:02:17,p2311,p2311,7106.0,0.0,0.0,0.0,5,7102.0,7106.0,13,7062.0,7108.0,7110.0,7088.0,65.0,4613000.0,33675
2023-05-09 21:02:19,p2311,p2311,7106.0,0.0,0.0,0.0,5,7102.0,7106.0,18,7062.0,7108.0,7110.0,7088.0,65.0,4613000.0,33675
2023-05-09 21:02:21,p2311,p2311,7106.0,0.0,0.0,0.0,5,7102.0,7104.0,4,7062.0,7108.0,7110.0,7088.0,65.0,4613000.0,33675
2023-05-09 21:02:21,p2311,p2311,7106.0,0.0,0.0,0.0,5,7102.0,7106.0,24,7062.0,7108.0,7110.0,7088.0,65.0,4613000.0,33675
2023-05-09 21:02:22,p2311,p2311,7106.0,0.0,0.0,0.0,5,7102.0,7106.0,23,7062.0,7108.0,7110.0,7088.0,65.0,4613000.0,33675
2023-05-09 21:02:23,p2311,p2311,7106.0,0.0,0.0,0.0,5,7102.0,7106.0,18,7062.0,7108.0,7110.0,7088.0,65.0,4613000.0,33675
2023-05-09 21:02:25,p2311,p2311,7106.0,0.0,0.0,0.0,5,7102.0,7104.0,4,7062.0,7108.0,7110.0,7088.0,65.0,4613000.0,33675
2023-05-09 21:02:25,p2311,p2311,7106.0,0.0,0.0,0.0,5,7102.0,7106.0,18,7062.0,7108.0,7110.0,7088.0,65.0,4613000.0,33675
2023-05-09 21:02:26,p2311,p2311,7106.0,0.0,0.0,0.0,5,7102.0,7104.0,4,7062.0,7108.0,7110.0,7088.0,65.0,4613000.0,33675
2023-05-09 21:02:26,p2311,p2311,7106.0,0.0,0.0,0.0,5,7102.0,7106.0,13,7062.0,7108.0,7110.0,7088.0,65.0,4613000.0,33675
2023-05-09 21:02:27,p2311,p2311,7106.0,0.0,0.0,0.0,5,7102.0,7106.0,7,7062.0,7108.0,7110.0,7088.0,65.0,4613000.0,33675
2023-05-09 21:02:35,p2311,p2311,7106.0,0.0,0.0,0.0,5,7102.0,7106.0,8,7062.0,7108.0,7110.0,7088.0,65.0,4613000.0,33675
2023-05-09 21:02:38,p2311,p2311,7106.0,0.0,0.0,0.0,10,7102.0,7106.0,8,7062.0,7108.0,7110.0,7088.0,65.0,4613000.0,33675
2023-05-09 21:02:39,p2311,p2311,7106.0,0.0,0.0,0.0,10,7102.0,7106.0,2,7062.0,7108.0,7110.0,7088.0,65.0,4613000.0,33675
2023-05-09 21:02:39,p2311,p2311,7106.0,0.0,0.0,0.0,15,7102.0,7106.0,2,7062.0,7108.0,7110.0,7088.0,65.0,4613000.0,33675
2023-05-09 21:02:44,p2311,p2311,7106.0,2.0,142120.0,-1.0,15,7102.0,7108.0,36,7062.0,7108.0,7110.0,7088.0,67.0,4755120.0,33674
2023-05-09 21:02:44,p2311,p2311,7106.0,0.0,0.0,0.0,24,7102.0,7108.0,22,7062.0,7108.0,7110.0,7088.0,67.0,4755120.0,33674
2023-05-09 21:02:45,p2311,p2311,7106.0,0.0,0.0,0.0,15,7102.0,7106.0,12,7062.0,7108.0,7110.0,7088.0,67.0,4755120.0,33674
2023-05-09 21:02:45,p2311,p2311,7106.0,0.0,0.0,0.0,5,7102.0,7106.0,8,7062.0,7108.0,7110.0,7088.0,67.0,4755120.0,33674
2023-05-09 21:02:49,p2311,p2311,7106.0,0.0,0.0,0.0,5,7102.0,7106.0,1,7062.0,7108.0,7110.0,7088.0,67.0,4755120.0,33674
2023-05-09 21:02:50,p2311,p2311,7106.0,0.0,0.0,0.0,10,7102.0,7106.0,1,7062.0,7108.0,7110.0,7088.0,67.0,4755120.0,33674
2023-05-09 21:02:50,p2311,p2311,7106.0,0.0,0.0,0.0,10,7102.0,7106.0,2,7062.0,7108.0,7110.0,7088.0,67.0,4755120.0,33674
2023-05-09 21:02:51,p2311,p2311,7106.0,0.0,0.0,0.0,5,7102.0,7106.0,7,7062.0,7108.0,7110.0,7088.0,67.0,4755120.0,33674
2023-05-09 21:02:51,p2311,p2311,7106.0,0.0,0.0,0.0,23,7100.0,7104.0,4,7062.0,7108.0,7110.0,7088.0,67.0,4755120.0,33674
2023-05-09 21:02:52,p2311,p2311,7106.0,0.0,0.0,0.0,13,7100.0,7104.0,5,7062.0,7108.0,7110.0,7088.0,67.0,4755120.0,33674
2023-05-09 21:02:52,p2311,p2311,7106.0,0.0,0.0,0.0,3,7100.0,7104.0,5,7062.0,7108.0,7110.0,7088.0,67.0,4755120.0,33674
2023-05-09 21:02:53,p2311,p2311,7106.0,0.0,0.0,0.0,13,7100.0,7106.0,46,7062.0,7108.0,7110.0,7088.0,67.0,4755120.0,33674
2023-05-09 21:02:53,p2311,p2311,7106.0,0.0,0.0,0.0,13,7100.0,7106.0,47,7062.0,7108.0,7110.0,7088.0,67.0,4755120.0,33674
2023-05-09 21:02:54,p2311,p2311,7106.0,0.0,0.0,0.0,13,7100.0,7106.0,39,7062.0,7108.0,7110.0,7088.0,67.0,4755120.0,33674
2023-05-09 21:02:54,p2311,p2311,7106.0,0.0,0.0,0.0,3,7100.0,7104.0,4,7062.0,7108.0,7110.0,7088.0,67.0,4755120.0,33674
2023-05-09 21:02:55,p2311,p2311,7106.0,0.0,0.0,0.0,3,7100.0,7104.0,5,7062.0,7108.0,7110.0,7088.0,67.0,4755120.0,33674
2023-05-09 21:02:55,p2311,p2311,7106.0,0.0,0.0,0.0,1,7100.0,7104.0,5,7062.0,7108.0,7110.0,7088.0,67.0,4755120.0,33674
2023-05-09 21:02:56,p2311,p2311,7106.0,0.0,0.0,0.0,1,7100.0,7104.0,10,7062.0,7108.0,7110.0,7088.0,67.0,4755120.0,33674
2023-05-09 21:02:56,p2311,p2311,7106.0,0.0,0.0,0.0,1,7100.0,7104.0,21,7062.0,7108.0,7110.0,7088.0,67.0,4755120.0,33674
2023-05-09 21:02:57,p2311,p2311,7106.0,0.0,0.0,0.0,1,7100.0,7104.0,26,7062.0,7108.0,7110.0,7088.0,67.0,4755120.0,33674
2023-05-09 21:02:57,p2311,p2311,7106.0,0.0,0.0,0.0,1,7100.0,7104.0,25,7062.0,7108.0,7110.0,7088.0,67.0,4755120.0,33674
2023-05-09 21:02:59,p2311,p2311,7100.0,1.0,71000.0,0.0,15,7098.0,7104.0,25,7062.0,7108.0,7110.0,7088.0,68.0,4826120.0,33674
2023-05-09 21:02:59,p2311,p2311,7100.0,0.0,0.0,0.0,35,7096.0,7102.0,10,7062.0,7108.0,7110.0,7088.0,68.0,4826120.0,33674
2023-05-09 21:03:00,p2311,p2311,7100.0,0.0,0.0,0.0,44,7096.0,7104.0,61,7062.0,7108.0,7110.0,7088.0,68.0,4826120.0,33674
2023-05-09 21:03:00,p2311,p2311,7100.0,0.0,0.0,0.0,2,7098.0,7104.0,61,7062.0,7108.0,7110.0,7088.0,68.0,4826120.0,33674
2023-05-09 21:03:01,p2311,p2311,7100.0,0.0,0.0,0.0,3,7098.0,7102.0,10,7062.0,7108.0,7110.0,7088.0,68.0,4826120.0,33674
2023-05-09 21:03:01,p2311,p2311,7100.0,0.0,0.0,0.0,26,7096.0,7102.0,14,7062.0,7108.0,7110.0,7088.0,68.0,4826120.0,33674
2023-05-09 21:03:02,p2311,p2311,7100.0,0.0,0.0,0.0,13,7096.0,7102.0,47,7062.0,7108.0,7110.0,7088.0,68.0,4826120.0,33674
2023-05-09 21:03:02,p2311,p2311,7100.0,0.0,0.0,0.0,2,7098.0,7102.0,44,7062.0,7108.0,7110.0,7088.0,68.0,4826120.0,33674
2023-05-09 21:03:03,p2311,p2311,7100.0,0.0,0.0,0.0,2,7098.0,7102.0,34,7062.0,7108.0,7110.0,7088.0,68.0,4826120.0,33674
2023-05-09 21:03:03,p2311,p2311,7100.0,0.0,0.0,0.0,2,7098.0,7102.0,29,7062.0,7108.0,7110.0,7088.0,68.0,4826120.0,33674
2023-05-09 21:03:04,p2311,p2311,7100.0,0.0,0.0,0.0,2,7098.0,7102.0,24,7062.0,7108.0,7110.0,7088.0,68.0,4826120.0,33674
2023-05-09 21:03:05,p2311,p2311,7102.0,14.0,994280.0,7.0,5,7102.0,7104.0,39,7062.0,7108.0,7110.0,7088.0,82.0,5820400.0,33681
2023-05-09 21:03:05,p2311,p2311,7102.0,0.0,0.0,0.0,8,7102.0,7104.0,5,7062.0,7108.0,7110.0,7088.0,82.0,5820400.0,33681
2023-05-09 21:03:06,p2311,p2311,7102.0,0.0,0.0,0.0,5,7102.0,7104.0,5,7062.0,7108.0,7110.0,7088.0,82.0,5820400.0,33681
2023-05-09 21:03:07,p2311,p2311,7102.0,0.0,0.0,0.0,5,7102.0,7106.0,20,7062.0,7108.0,7110.0,7088.0,82.0,5820400.0,33681
2023-05-09 21:03:07,p2311,p2311,7102.0,0.0,0.0,0.0,5,7102.0,7104.0,4,7062.0,7108.0,7110.0,7088.0,82.0,5820400.0,33681
2023-05-09 21:03:08,p2311,p2311,7102.0,0.0,0.0,0.0,5,7102.0,7106.0,20,7062.0,7108.0,7110.0,7088.0,82.0,5820400.0,33681
2023-05-09 21:03:09,p2311,p2311,7102.0,0.0,0.0,0.0,5,7102.0,7104.0,4,7062.0,7108.0,7110.0,7088.0,82.0,5820400.0,33681
2023-05-09 21:03:10,p2311,p2311,7102.0,0.0,0.0,0.0,5,7102.0,7104.0,9,7062.0,7108.0,7110.0,7088.0,82.0,5820400.0,33681
2023-05-09 21:03:10,p2311,p2311,7102.0,0.0,0.0,0.0,10,7102.0,7104.0,4,7062.0,7108.0,7110.0,7088.0,82.0,5820400.0,33681
2023-05-09 21:03:11,p2311,p2311,7102.0,0.0,0.0,0.0,5,7102.0,7106.0,5,7062.0,7108.0,7110.0,7088.0,82.0,5820400.0,33681
2023-05-09 21:03:11,p2311,p2311,7102.0,0.0,0.0,0.0,5,7102.0,7104.0,9,7062.0,7108.0,7110.0,7088.0,82.0,5820400.0,33681
2023-05-09 21:03:13,p2311,p2311,7104.0,5.0,355200.0,-4.0,10,7102.0,7106.0,18,7062.0,7108.0,7110.0,7088.0,87.0,6175600.0,33677
2023-05-09 21:03:13,p2311,p2311,7104.0,0.0,0.0,0.0,5,7102.0,7106.0,5,7062.0,7108.0,7110.0,7088.0,87.0,6175600.0,33677
2023-05-09 21:03:16,p2311,p2311,7104.0,0.0,0.0,0.0,5,7102.0,7108.0,67,7062.0,7108.0,7110.0,7088.0,87.0,6175600.0,33677
2023-05-09 21:03:17,p2311,p2311,7104.0,0.0,0.0,0.0,5,7102.0,7108.0,68,7062.0,7108.0,7110.0,7088.0,87.0,6175600.0,33677
2023-05-09 21:03:17,p2311,p2311,7104.0,0.0,0.0,0.0,10,7102.0,7108.0,68,7062.0,7108.0,7110.0,7088.0,87.0,6175600.0,33677
2023-05-09 21:03:18,p2311,p2311,7104.0,0.0,0.0,0.0,10,7102.0,7106.0,5,7062.0,7108.0,7110.0,7088.0,87.0,6175600.0,33677
2023-05-09 21:03:18,p2311,p2311,7104.0,0.0,0.0,0.0,10,7102.0,7108.0,68,7062.0,7108.0,7110.0,7088.0,87.0,6175600.0,33677
2023-05-09 21:03:19,p2311,p2311,7104.0,0.0,0.0,0.0,18,7102.0,7108.0,42,7062.0,7108.0,7110.0,7088.0,87.0,6175600.0,33677
2023-05-09 21:03:19,p2311,p2311,7104.0,0.0,0.0,0.0,18,7102.0,7108.0,32,7062.0,7108.0,7110.0,7088.0,87.0,6175600.0,33677
2023-05-09 21:03:20,p2311,p2311,7104.0,0.0,0.0,0.0,5,7102.0,7108.0,64,7062.0,7108.0,7110.0,7088.0,87.0,6175600.0,33677
2023-05-09 21:03:20,p2311,p2311,7104.0,0.0,0.0,0.0,5,7102.0,7106.0,5,7062.0,7108.0,7110.0,7088.0,87.0,6175600.0,33677
2023-05-09 21:03:32,p2311,p2311,7102.0,1.0,71020.0,1.0,4,7102.0,7106.0,5,7062.0,7108.0,7110.0,7088.0,88.0,6246620.0,33678
2023-05-09 21:03:32,p2311,p2311,7102.0,0.0,0.0,0.0,4,7102.0,7106.0,24,7062.0,7108.0,7110.0,7088.0,88.0,6246620.0,33678
2023-05-09 21:03:33,p2311,p2311,7102.0,0.0,0.0,0.0,4,7102.0,7106.0,5,7062.0,7108.0,7110.0,7088.0,88.0,6246620.0,33678
2023-05-09 21:03:34,p2311,p2311,7102.0,0.0,0.0,0.0,4,7102.0,7108.0,69,7062.0,7108.0,7110.0,7088.0,88.0,6246620.0,33678
2023-05-09 21:03:35,p2311,p2311,7102.0,0.0,0.0,0.0,9,7102.0,7106.0,5,7062.0,7108.0,7110.0,7088.0,88.0,6246620.0,33678
2023-05-09 21:03:37,p2311,p2311,7102.0,0.0,0.0,0.0,4,7102.0,7106.0,5,7062.0,7108.0,7110.0,7088.0,88.0,6246620.0,33678
2023-05-09 21:03:44,p2311,p2311,7102.0,0.0,0.0,0.0,4,7102.0,7106.0,10,7062.0,7108.0,7110.0,7088.0,88.0,6246620.0,33678
2023-05-09 21:03:45,p2311,p2311,7102.0,0.0,0.0,0.0,4,7102.0,7106.0,32,7062.0,7108.0,7110.0,7088.0,88.0,6246620.0,33678
2023-05-09 21:03:45,p2311,p2311,7102.0,0.0,0.0,0.0,4,7102.0,7106.0,5,7062.0,7108.0,7110.0,7088.0,88.0,6246620.0,33678
2023-05-09 21:03:46,p2311,p2311,7102.0,0.0,0.0,0.0,4,7102.0,7106.0,10,7062.0,7108.0,7110.0,7088.0,88.0,6246620.0,33678
2023-05-09 21:03:46,p2311,p2311,7102.0,0.0,0.0,0.0,4,7102.0,7106.0,20,7062.0,7108.0,7110.0,7088.0,88.0,6246620.0,33678
2023-05-09 21:03:47,p2311,p2311,7102.0,0.0,0.0,0.0,4,7102.0,7106.0,38,7062.0,7108.0,7110.0,7088.0,88.0,6246620.0,33678
2023-05-09 21:03:47,p2311,p2311,7102.0,0.0,0.0,0.0,4,7102.0,7104.0,5,7062.0,7108.0,7110.0,7088.0,88.0,6246620.0,33678
2023-05-09 21:03:50,p2311,p2311,7102.0,0.0,0.0,0.0,4,7102.0,7106.0,38,7062.0,7108.0,7110.0,7088.0,88.0,6246620.0,33678
2023-05-09 21:03:50,p2311,p2311,7102.0,0.0,0.0,0.0,4,7102.0,7106.0,15,7062.0,7108.0,7110.0,7088.0,88.0,6246620.0,33678
2023-05-09 21:03:51,p2311,p2311,7102.0,0.0,0.0,0.0,4,7102.0,7106.0,20,7062.0,7108.0,7110.0,7088.0,88.0,6246620.0,33678
2023-05-09 21:03:51,p2311,p2311,7102.0,0.0,0.0,0.0,4,7102.0,7106.0,10,7062.0,7108.0,7110.0,7088.0,88.0,6246620.0,33678
2023-05-09 21:03:53,p2311,p2311,7102.0,4.0,284080.0,0.0,18,7100.0,7106.0,19,7062.0,7108.0,7110.0,7088.0,92.0,6530700.0,33678
2023-05-09 21:03:54,p2311,p2311,7102.0,0.0,0.0,0.0,55,7098.0,7106.0,49,7062.0,7108.0,7110.0,7088.0,92.0,6530700.0,33678
2023-05-09 21:03:54,p2311,p2311,7102.0,0.0,0.0,0.0,2,7100.0,7106.0,58,7062.0,7108.0,7110.0,7088.0,92.0,6530700.0,33678
2023-05-09 21:03:55,p2311,p2311,7102.0,0.0,0.0,0.0,2,7100.0,7106.0,63,7062.0,7108.0,7110.0,7088.0,92.0,6530700.0,33678
2023-05-09 21:03:55,p2311,p2311,7102.0,0.0,0.0,0.0,7,7100.0,7106.0,68,7062.0,7108.0,7110.0,7088.0,92.0,6530700.0,33678
2023-05-09 21:03:55,p2311,p2311,7102.0,0.0,0.0,0.0,7,7100.0,7106.0,62,7062.0,7108.0,7110.0,7088.0,92.0,6530700.0,33678
2023-05-09 21:03:56,p2311,p2311,7102.0,0.0,0.0,0.0,7,7100.0,7106.0,63,7062.0,7108.0,7110.0,7088.0,92.0,6530700.0,33678
2023-05-09 21:03:59,p2311,p2311,7102.0,0.0,0.0,0.0,5,7100.0,7104.0,10,7062.0,7108.0,7110.0,7088.0,92.0,6530700.0,33678
2023-05-09 21:04:00,p2311,p2311,7102.0,0.0,0.0,0.0,23,7098.0,7104.0,35,7062.0,7108.0,7110.0,7088.0,92.0,6530700.0,33678
2023-05-09 21:04:00,p2311,p2311,7102.0,0.0,0.0,0.0,8,7098.0,7104.0,55,7062.0,7108.0,7110.0,7088.0,92.0,6530700.0,33678
2023-05-09 21:04:01,p2311,p2311,7102.0,0.0,0.0,0.0,8,7098.0,7104.0,60,7062.0,7108.0,7110.0,7088.0,92.0,6530700.0,33678
2023-05-09 21:04:01,p2311,p2311,7102.0,0.0,0.0,0.0,8,7098.0,7104.0,65,7062.0,7108.0,7110.0,7088.0,92.0,6530700.0,33678
2023-05-09 21:04:02,p2311,p2311,7102.0,0.0,0.0,0.0,8,7098.0,7104.0,63,7062.0,7108.0,7110.0,7088.0,92.0,6530700.0,33678
2023-05-09 21:04:02,p2311,p2311,7102.0,0.0,0.0,0.0,5,7098.0,7104.0,63,7062.0,7108.0,7110.0,7088.0,92.0,6530700.0,33678
2023-05-09 21:04:03,p2311,p2311,7102.0,0.0,0.0,0.0,7,7100.0,7104.0,39,7062.0,7108.0,7110.0,7088.0,92.0,6530700.0,33678
2023-05-09 21:04:03,p2311,p2311,7102.0,0.0,0.0,0.0,2,7100.0,7104.0,15,7062.0,7108.0,7110.0,7088.0,92.0,6530700.0,33678
2023-05-09 21:04:04,p2311,p2311,7102.0,0.0,0.0,0.0,2,7100.0,7104.0,10,7062.0,7108.0,7110.0,7088.0,92.0,6530700.0,33678
2023-05-09 21:04:05,p2311,p2311,7102.0,0.0,0.0,0.0,13,7098.0,7104.0,29,7062.0,7108.0,7110.0,7088.0,92.0,6530700.0,33678
2023-05-09 21:04:05,p2311,p2311,7102.0,0.0,0.0,0.0,2,7100.0,7104.0,48,7062.0,7108.0,7110.0,7088.0,92.0,6530700.0,33678
2023-05-09 21:04:06,p2311,p2311,7102.0,0.0,0.0,0.0,2,7100.0,7104.0,29,7062.0,7108.0,7110.0,7088.0,92.0,6530700.0,33678
2023-05-09 21:04:06,p2311,p2311,7102.0,0.0,0.0,0.0,8,7098.0,7104.0,38,7062.0,7108.0,7110.0,7088.0,92.0,6530700.0,33678
2023-05-09 21:04:07,p2311,p2311,7102.0,0.0,0.0,0.0,3,7098.0,7104.0,59,7062.0,7108.0,7110.0,7088.0,92.0,6530700.0,33678
2023-05-09 21:04:07,p2311,p2311,7102.0,0.0,0.0,0.0,3,7098.0,7102.0,19,7062.0,7108.0,7110.0,7088.0,92.0,6530700.0,33678
2023-05-09 21:04:08,p2311,p2311,7102.0,0.0,0.0,0.0,2,7098.0,7102.0,5,7062.0,7108.0,7110.0,7088.0,92.0,6530700.0,33678
2023-05-09 21:04:08,p2311,p2311,7098.0,1.0,70980.0,0.0,2,7098.0,7102.0,19,7062.0,7108.0,7110.0,7088.0,93.0,6601680.0,33678
2023-05-09 21:04:09,p2311,p2311,7098.0,0.0,0.0,0.0,18,7096.0,7102.0,48,7062.0,7108.0,7110.0,7088.0,93.0,6601680.0,33678
2023-05-09 21:04:09,p2311,p2311,7098.0,0.0,0.0,0.0,3,7096.0,7102.0,58,7062.0,7108.0,7110.0,7088.0,93.0,6601680.0,33678
2023-05-09 21:04:10,p2311,p2311,7098.0,0.0,0.0,0.0,3,7096.0,7102.0,64,7062.0,7108.0,7110.0,7088.0,93.0,6601680.0,33678
2023-05-09 21:04:10,p2311,p2311,7098.0,0.0,0.0,0.0,8,7096.0,7102.0,64,7062.0,7108.0,7110.0,7088.0,93.0,6601680.0,33678
2023-05-09 21:04:10,p2311,p2311,7098.0,0.0,0.0,0.0,8,7096.0,7102.0,63,7062.0,7108.0,7110.0,7088.0,93.0,6601680.0,33678
2023-05-09 21:04:12,p2311,p2311,7098.0,0.0,0.0,0.0,8,7096.0,7102.0,64,7062.0,7108.0,7110.0,7088.0,93.0,6601680.0,33678
2023-05-09 21:04:12,p2311,p2311,7098.0,0.0,0.0,0.0,8,7096.0,7102.0,63,7062.0,7108.0,7110.0,7088.0,93.0,6601680.0,33678
2023-05-09 21:04:13,p2311,p2311,7098.0,0.0,0.0,0.0,7,7098.0,7102.0,39,7062.0,7108.0,7110.0,7088.0,93.0,6601680.0,33678
2023-05-09 21:04:14,p2311,p2311,7098.0,0.0,0.0,0.0,2,7098.0,7102.0,10,7062.0,7108.0,7110.0,7088.0,93.0,6601680.0,33678
2023-05-09 21:04:16,p2311,p2311,7098.0,0.0,0.0,0.0,2,7098.0,7102.0,15,7062.0,7108.0,7110.0,7088.0,93.0,6601680.0,33678
2023-05-09 21:04:17,p2311,p2311,7098.0,0.0,0.0,0.0,2,7098.0,7102.0,20,7062.0,7108.0,7110.0,7088.0,93.0,6601680.0,33678
2023-05-09 21:04:18,p2311,p2311,7098.0,0.0,0.0,0.0,2,7098.0,7102.0,25,7062.0,7108.0,7110.0,7088.0,93.0,6601680.0,33678
2023-05-09 21:04:18,p2311,p2311,7098.0,0.0,0.0,0.0,8,7096.0,7102.0,44,7062.0,7108.0,7110.0,7088.0,93.0,6601680.0,33678
2023-05-09 21:04:19,p2311,p2311,7098.0,0.0,0.0,0.0,3,7096.0,7102.0,59,7062.0,7108.0,7110.0,7088.0,93.0,6601680.0,33678
2023-05-09 21:04:19,p2311,p2311,7098.0,0.0,0.0,0.0,2,7098.0,7100.0,5,7062.0,7108.0,7110.0,7088.0,93.0,6601680.0,33678
2023-05-09 21:04:20,p2311,p2311,7098.0,0.0,0.0,0.0,8,7096.0,7102.0,64,7062.0,7108.0,7110.0,7088.0,93.0,6601680.0,33678
2023-05-09 21:04:23,p2311,p2311,7098.0,0.0,0.0,0.0,25,7094.0,7100.0,19,7062.0,7108.0,7110.0,7088.0,93.0,6601680.0,33678
2023-05-09 21:04:24,p2311,p2311,7098.0,0.0,0.0,0.0,18,7094.0,7100.0,23,7062.0,7108.0,7110.0,7088.0,93.0,6601680.0,33678
2023-05-09 21:04:24,p2311,p2311,7098.0,0.0,0.0,0.0,8,7094.0,7100.0,38,7062.0,7108.0,7110.0,7088.0,93.0,6601680.0,33678
2023-05-09 21:04:25,p2311,p2311,7098.0,0.0,0.0,0.0,5,7094.0,7100.0,58,7062.0,7108.0,7110.0,7088.0,93.0,6601680.0,33678
2023-05-09 21:04:25,p2311,p2311,7098.0,0.0,0.0,0.0,2,7096.0,7100.0,44,7062.0,7108.0,7110.0,7088.0,93.0,6601680.0,33678
2023-05-09 21:04:26,p2311,p2311,7098.0,0.0,0.0,0.0,2,7096.0,7100.0,15,7062.0,7108.0,7110.0,7088.0,93.0,6601680.0,33678
2023-05-09 21:04:26,p2311,p2311,7098.0,0.0,0.0,0.0,18,7094.0,7100.0,24,7062.0,7108.0,7110.0,7088.0,93.0,6601680.0,33678
2023-05-09 21:04:27,p2311,p2311,7098.0,0.0,0.0,0.0,2,7096.0,7100.0,20,7062.0,7108.0,7110.0,7088.0,93.0,6601680.0,33678
2023-05-09 21:04:29,p2311,p2311,7098.0,0.0,0.0,0.0,2,7096.0,7100.0,10,7062.0,7108.0,7110.0,7088.0,93.0,6601680.0,33678
2023-05-09 21:04:29,p2311,p2311,7098.0,0.0,0.0,0.0,2,7096.0,7100.0,15,7062.0,7108.0,7110.0,7088.0,93.0,6601680.0,33678
2023-05-09 21:04:31,p2311,p2311,7098.0,0.0,0.0,0.0,13,7094.0,7098.0,5,7062.0,7108.0,7110.0,7088.0,93.0,6601680.0,33678
2023-05-09 21:04:31,p2311,p2311,7098.0,0.0,0.0,0.0,3,7094.0,7100.0,58,7062.0,7108.0,7110.0,7088.0,93.0,6601680.0,33678
2023-05-09 21:04:32,p2311,p2311,7098.0,0.0,0.0,0.0,2,7096.0,7100.0,40,7062.0,7108.0,7110.0,7088.0,93.0,6601680.0,33678
2023-05-09 21:04:32,p2311,p2311,7098.0,0.0,0.0,0.0,3,7096.0,7098.0,5,7062.0,7108.0,7110.0,7088.0,93.0,6601680.0,33678
2023-05-09 21:04:33,p2311,p2311,7098.0,0.0,0.0,0.0,1,7094.0,7100.0,53,7062.0,7108.0,7110.0,7088.0,93.0,6601680.0,33678
2023-05-09 21:04:33,p2311,p2311,7098.0,0.0,0.0,0.0,3,7094.0,7100.0,64,7062.0,7108.0,7110.0,7088.0,93.0,6601680.0,33678
2023-05-09 21:04:35,p2311,p2311,7098.0,0.0,0.0,0.0,2,7096.0,7100.0,35,7062.0,7108.0,7110.0,7088.0,93.0,6601680.0,33678
2023-05-09 21:04:36,p2311,p2311,7098.0,0.0,0.0,0.0,2,7096.0,7100.0,20,7062.0,7108.0,7110.0,7088.0,93.0,6601680.0,33678
2023-05-09 21:04:37,p2311,p2311,7098.0,0.0,0.0,0.0,28,7094.0,7100.0,29,7062.0,7108.0,7110.0,7088.0,93.0,6601680.0,33678
2023-05-09 21:04:38,p2311,p2311,7098.0,0.0,0.0,0.0,3,7094.0,7100.0,59,7062.0,7108.0,7110.0,7088.0,93.0,6601680.0,33678
2023-05-09 21:04:38,p2311,p2311,7098.0,0.0,0.0,0.0,3,7094.0,7100.0,64,7062.0,7108.0,7110.0,7088.0,93.0,6601680.0,33678
2023-05-09 21:04:40,p2311,p2311,7098.0,0.0,0.0,0.0,3,7094.0,7098.0,20,7062.0,7108.0,7110.0,7088.0,93.0,6601680.0,33678
2023-05-09 21:04:40,p2311,p2311,7098.0,0.0,0.0,0.0,23,7092.0,7098.0,28,7062.0,7108.0,7110.0,7088.0,93.0,6601680.0,33678
2023-05-09 21:04:41,p2311,p2311,7098.0,0.0,0.0,0.0,2,7094.0,7098.0,53,7062.0,7108.0,7110.0,7088.0,93.0,6601680.0,33678
2023-05-09 21:04:41,p2311,p2311,7098.0,0.0,0.0,0.0,8,7092.0,7098.0,48,7062.0,7108.0,7110.0,7088.0,93.0,6601680.0,33678
2023-05-09 21:04:42,p2311,p2311,7098.0,0.0,0.0,0.0,2,7094.0,7096.0,5,7062.0,7108.0,7110.0,7088.0,93.0,6601680.0,33678
2023-05-09 21:04:42,p2311,p2311,7098.0,0.0,0.0,0.0,3,7092.0,7098.0,58,7062.0,7108.0,7110.0,7088.0,93.0,6601680.0,33678
2023-05-09 21:04:42,p2311,p2311,7098.0,0.0,0.0,0.0,3,7092.0,7098.0,63,7062.0,7108.0,7110.0,7088.0,93.0,6601680.0,33678
2023-05-09 21:04:44,p2311,p2311,7098.0,0.0,0.0,0.0,4,7092.0,7098.0,63,7062.0,7108.0,7110.0,7088.0,93.0,6601680.0,33678
2023-05-09 21:04:44,p2311,p2311,7098.0,0.0,0.0,0.0,3,7092.0,7096.0,5,7062.0,7108.0,7110.0,7088.0,93.0,6601680.0,33678
2023-05-09 21:04:45,p2311,p2311,7098.0,0.0,0.0,0.0,2,7094.0,7098.0,63,7062.0,7108.0,7110.0,7088.0,93.0,6601680.0,33678
2023-05-09 21:04:45,p2311,p2311,7098.0,0.0,0.0,0.0,2,7094.0,7096.0,5,7062.0,7108.0,7110.0,7088.0,93.0,6601680.0,33678
2023-05-09 21:04:46,p2311,p2311,7096.0,5.0,354800.0,0.0,2,7094.0,7098.0,29,7062.0,7108.0,7110.0,7088.0,98.0,6956480.0,33678
2023-05-09 21:04:46,p2311,p2311,7098.0,1.0,70980.0,-1.0,2,7094.0,7098.0,10,7062.0,7108.0,7110.0,7088.0,99.0,7027460.0,33677
2023-05-09 21:04:47,p2311,p2311,7098.0,0.0,0.0,0.0,2,7094.0,7098.0,15,7062.0,7108.0,7110.0,7088.0,99.0,7027460.0,33677
2023-05-09 21:04:47,p2311,p2311,7098.0,0.0,0.0,0.0,2,7094.0,7098.0,20,7062.0,7108.0,7110.0,7088.0,99.0,7027460.0,33677
2023-05-09 21:04:48,p2311,p2311,7098.0,0.0,0.0,0.0,2,7094.0,7098.0,49,7062.0,7108.0,7110.0,7088.0,99.0,7027460.0,33677
2023-05-09 21:04:48,p2311,p2311,7098.0,0.0,0.0,0.0,2,7094.0,7098.0,54,7062.0,7108.0,7110.0,7088.0,99.0,7027460.0,33677
2023-05-09 21:04:49,p2311,p2311,7098.0,0.0,0.0,0.0,2,7094.0,7098.0,39,7062.0,7108.0,7110.0,7088.0,99.0,7027460.0,33677
2023-05-09 21:04:49,p2311,p2311,7098.0,0.0,0.0,0.0,2,7094.0,7098.0,20,7062.0,7108.0,7110.0,7088.0,99.0,7027460.0,33677
2023-05-09 21:04:52,p2311,p2311,7098.0,12.0,851760.0,-2.0,2,7096.0,7100.0,44,7062.0,7108.0,7110.0,7088.0,111.0,7879220.0,33675
2023-05-09 21:04:52,p2311,p2311,7098.0,0.0,0.0,0.0,2,7096.0,7100.0,27,7062.0,7108.0,7110.0,7088.0,111.0,7879220.0,33675
2023-05-09 21:04:52,p2311,p2311,7098.0,0.0,0.0,0.0,2,7096.0,7100.0,20,7062.0,7108.0,7110.0,7088.0,111.0,7879220.0,33675
2023-05-09 21:04:53,p2311,p2311,7098.0,0.0,0.0,0.0,2,7096.0,7100.0,15,7062.0,7108.0,7110.0,7088.0,111.0,7879220.0,33675
2023-05-09 21:04:54,p2311,p2311,7098.0,0.0,0.0,0.0,2,7096.0,7098.0,5,7062.0,7108.0,7110.0,7088.0,111.0,7879220.0,33675
2023-05-09 21:04:54,p2311,p2311,7098.0,0.0,0.0,0.0,8,7094.0,7098.0,5,7062.0,7108.0,7110.0,7088.0,111.0,7879220.0,33675
2023-05-09 21:04:55,p2311,p2311,7098.0,0.0,0.0,0.0,3,7094.0,7098.0,5,7062.0,7108.0,7110.0,7088.0,111.0,7879220.0,33675
2023-05-09 21:04:56,p2311,p2311,7098.0,0.0,0.0,0.0,60,7092.0,7098.0,5,7062.0,7108.0,7110.0,7088.0,111.0,7879220.0,33675
2023-05-09 21:04:56,p2311,p2311,7098.0,0.0,0.0,0.0,4,7094.0,7098.0,10,7062.0,7108.0,7110.0,7088.0,111.0,7879220.0,33675
2023-05-09 21:04:59,p2311,p2311,7098.0,0.0,0.0,0.0,15,7094.0,7098.0,5,7062.0,7108.0,7110.0,7088.0,111.0,7879220.0,33675
2023-05-09 21:05:00,p2311,p2311,7098.0,0.0,0.0,0.0,10,7094.0,7098.0,5,7062.0,7108.0,7110.0,7088.0,111.0,7879220.0,33675
2023-05-09 21:05:00,p2311,p2311,7098.0,0.0,0.0,0.0,5,7094.0,7098.0,10,7062.0,7108.0,7110.0,7088.0,111.0,7879220.0,33675
2023-05-09 21:05:01,p2311,p2311,7098.0,0.0,0.0,0.0,20,7094.0,7100.0,45,7062.0,7108.0,7110.0,7088.0,111.0,7879220.0,33675
2023-05-09 21:05:02,p2311,p2311,7098.0,0.0,0.0,0.0,10,7094.0,7100.0,57,7062.0,7108.0,7110.0,7088.0,111.0,7879220.0,33675
2023-05-09 21:05:02,p2311,p2311,7098.0,0.0,0.0,0.0,10,7094.0,7100.0,67,7062.0,7108.0,7110.0,7088.0,111.0,7879220.0,33675
2023-05-09 21:05:03,p2311,p2311,7098.0,0.0,0.0,0.0,5,7094.0,7098.0,5,7062.0,7108.0,7110.0,7088.0,111.0,7879220.0,33675
2023-05-09 21:05:06,p2311,p2311,7098.0,2.0,141960.0,0.0,2,7096.0,7100.0,45,7062.0,7108.0,7110.0,7088.0,113.0,8021180.0,33675
2023-05-09 21:05:07,p2311,p2311,7098.0,0.0,0.0,0.0,33,7094.0,7100.0,40,7062.0,7108.0,7110.0,7088.0,113.0,8021180.0,33675
2023-05-09 21:05:07,p2311,p2311,7098.0,0.0,0.0,0.0,18,7094.0,7100.0,50,7062.0,7108.0,7110.0,7088.0,113.0,8021180.0,33675
2023-05-09 21:05:08,p2311,p2311,7098.0,0.0,0.0,0.0,18,7094.0,7100.0,55,7062.0,7108.0,7110.0,7088.0,113.0,8021180.0,33675
2023-05-09 21:05:08,p2311,p2311,7098.0,0.0,0.0,0.0,13,7094.0,7098.0,5,7062.0,7108.0,7110.0,7088.0,113.0,8021180.0,33675
2023-05-09 21:05:09,p2311,p2311,7098.0,0.0,0.0,0.0,3,7094.0,7098.0,5,7062.0,7108.0,7110.0,7088.0,113.0,8021180.0,33675
2023-05-09 21:05:12,p2311,p2311,7098.0,0.0,0.0,0.0,13,7094.0,7100.0,50,7062.0,7108.0,7110.0,7088.0,113.0,8021180.0,33675
2023-05-09 21:05:12,p2311,p2311,7098.0,0.0,0.0,0.0,13,7094.0,7100.0,55,7062.0,7108.0,7110.0,7088.0,113.0,8021180.0,33675
2023-05-09 21:05:13,p2311,p2311,7098.0,0.0,0.0,0.0,13,7094.0,7100.0,50,7062.0,7108.0,7110.0,7088.0,113.0,8021180.0,33675
2023-05-09 21:05:13,p2311,p2311,7098.0,0.0,0.0,0.0,13,7094.0,7100.0,55,7062.0,7108.0,7110.0,7088.0,113.0,8021180.0,33675
2023-05-09 21:05:15,p2311,p2311,7098.0,0.0,0.0,0.0,3,7094.0,7098.0,5,7062.0,7108.0,7110.0,7088.0,113.0,8021180.0,33675
2023-05-09 21:05:15,p2311,p2311,7098.0,0.0,0.0,0.0,8,7094.0,7098.0,5,7062.0,7108.0,7110.0,7088.0,113.0,8021180.0,33675
2023-05-09 21:05:16,p2311,p2311,7098.0,0.0,0.0,0.0,2,7096.0,7100.0,50,7062.0,7108.0,7110.0,7088.0,113.0,8021180.0,33675
2023-05-09 21:05:16,p2311,p2311,7098.0,0.0,0.0,0.0,2,7096.0,7100.0,40,7062.0,7108.0,7110.0,7088.0,113.0,8021180.0,33675
2023-05-09 21:05:18,p2311,p2311,7098.0,0.0,0.0,0.0,43,7094.0,7098.0,5,7062.0,7108.0,7110.0,7088.0,113.0,8021180.0,33675
2023-05-09 21:05:19,p2311,p2311,7098.0,6.0,425880.0,-5.0,18,7094.0,7100.0,52,7062.0,7108.0,7110.0,7088.0,119.0,8447060.0,33670
2023-05-09 21:05:19,p2311,p2311,7098.0,0.0,0.0,0.0,13,7094.0,7100.0,40,7062.0,7108.0,7110.0,7088.0,119.0,8447060.0,33670
2023-05-09 21:05:20,p2311,p2311,7098.0,0.0,0.0,0.0,2,7096.0,7100.0,45,7062.0,7108.0,7110.0,7088.0,119.0,8447060.0,33670
2023-05-09 21:05:20,p2311,p2311,7098.0,0.0,0.0,0.0,2,7096.0,7100.0,25,7062.0,7108.0,7110.0,7088.0,119.0,8447060.0,33670
2023-05-09 21:05:21,p2311,p2311,7098.0,0.0,0.0,0.0,1,7098.0,7100.0,25,7062.0,7108.0,7110.0,7088.0,119.0,8447060.0,33670
2023-05-09 21:05:22,p2311,p2311,7098.0,0.0,0.0,0.0,1,7098.0,7100.0,10,7062.0,7108.0,7110.0,7088.0,119.0,8447060.0,33670
2023-05-09 21:05:26,p2311,p2311,7098.0,1.0,70980.0,1.0,2,7096.0,7098.0,2,7062.0,7108.0,7110.0,7088.0,120.0,8518040.0,33671
2023-05-09 21:05:26,p2311,p2311,7098.0,0.0,0.0,0.0,46,7094.0,7096.0,1,7062.0,7108.0,7110.0,7088.0,120.0,8518040.0,33671
2023-05-09 21:05:27,p2311,p2311,7096.0,1.0,70960.0,0.0,36,7094.0,7098.0,1,7062.0,7108.0,7110.0,7088.0,121.0,8589000.0,33671
2023-05-09 21:05:27,p2311,p2311,7096.0,0.0,0.0,0.0,16,7094.0,7098.0,1,7062.0,7108.0,7110.0,7088.0,121.0,8589000.0,33671
2023-05-09 21:05:28,p2311,p2311,7096.0,0.0,0.0,0.0,16,7094.0,7100.0,62,7062.0,7108.0,7110.0,7088.0,121.0,8589000.0,33671
2023-05-09 21:05:28,p2311,p2311,7096.0,0.0,0.0,0.0,7,7096.0,7100.0,41,7062.0,7108.0,7110.0,7088.0,121.0,8589000.0,33671
2023-05-09 21:05:29,p2311,p2311,7096.0,0.0,0.0,0.0,2,7096.0,7100.0,22,7062.0,7108.0,7110.0,7088.0,121.0,8589000.0,33671
2023-05-09 21:05:29,p2311,p2311,7096.0,0.0,0.0,0.0,36,7094.0,7098.0,5,7062.0,7108.0,7110.0,7088.0,121.0,8589000.0,33671
2023-05-09 21:05:30,p2311,p2311,7096.0,1.0,70960.0,0.0,13,7094.0,7098.0,5,7062.0,7108.0,7110.0,7088.0,122.0,8659960.0,33671
2023-05-09 21:05:30,p2311,p2311,7096.0,0.0,0.0,0.0,3,7094.0,7098.0,5,7062.0,7108.0,7110.0,7088.0,122.0,8659960.0,33671
2023-05-09 21:05:32,p2311,p2311,7096.0,0.0,0.0,0.0,18,7094.0,7098.0,5,7062.0,7108.0,7110.0,7088.0,122.0,8659960.0,33671
2023-05-09 21:05:32,p2311,p2311,7098.0,1.0,70980.0,-1.0,2,7096.0,7098.0,4,7062.0,7108.0,7110.0,7088.0,123.0,8730940.0,33670
2023-05-09 21:05:33,p2311,p2311,7098.0,2.0,141960.0,-2.0,2,7096.0,7100.0,25,7062.0,7108.0,7110.0,7088.0,125.0,8872900.0,33668
2023-05-09 21:05:33,p2311,p2311,7098.0,0.0,0.0,0.0,2,7096.0,7100.0,5,7062.0,7108.0,7110.0,7088.0,125.0,8872900.0,33668
2023-05-09 21:05:35,p2311,p2311,7098.0,0.0,0.0,0.0,53,7094.0,7100.0,5,7062.0,7108.0,7110.0,7088.0,125.0,8872900.0,33668
2023-05-09 21:05:36,p2311,p2311,7098.0,0.0,0.0,0.0,48,7094.0,7100.0,5,7062.0,7108.0,7110.0,7088.0,125.0,8872900.0,33668
2023-05-09 21:05:36,p2311,p2311,7098.0,0.0,0.0,0.0,2,7096.0,7100.0,5,7062.0,7108.0,7110.0,7088.0,125.0,8872900.0,33668
2023-05-09 21:05:37,p2311,p2311,7098.0,0.0,0.0,0.0,33,7094.0,7100.0,15,7062.0,7108.0,7110.0,7088.0,125.0,8872900.0,33668
2023-05-09 21:05:37,p2311,p2311,7098.0,0.0,0.0,0.0,2,7096.0,7100.0,5,7062.0,7108.0,7110.0,7088.0,125.0,8872900.0,33668
2023-05-09 21:05:38,p2311,p2311,7098.0,0.0,0.0,0.0,2,7096.0,7102.0,69,7062.0,7108.0,7110.0,7088.0,125.0,8872900.0,33668
2023-05-09 21:05:38,p2311,p2311,7098.0,0.0,0.0,0.0,2,7096.0,7100.0,17,7062.0,7108.0,7110.0,7088.0,125.0,8872900.0,33668
2023-05-09 21:05:39,p2311,p2311,7098.0,0.0,0.0,0.0,28,7094.0,7100.0,22,7062.0,7108.0,7110.0,7088.0,125.0,8872900.0,33668
2023-05-09 21:05:39,p2311,p2311,7098.0,0.0,0.0,0.0,18,7094.0,7100.0,32,7062.0,7108.0,7110.0,7088.0,125.0,8872900.0,33668
2023-05-09 21:05:40,p2311,p2311,7098.0,0.0,0.0,0.0,8,7094.0,7100.0,57,7062.0,7108.0,7110.0,7088.0,125.0,8872900.0,33668
2023-05-09 21:05:40,p2311,p2311,7098.0,0.0,0.0,0.0,8,7094.0,7100.0,62,7062.0,7108.0,7110.0,7088.0,125.0,8872900.0,33668
2023-05-09 21:05:41,p2311,p2311,7098.0,0.0,0.0,0.0,2,7096.0,7100.0,57,7062.0,7108.0,7110.0,7088.0,125.0,8872900.0,33668
2023-05-09 21:05:41,p2311,p2311,7098.0,0.0,0.0,0.0,2,7096.0,7098.0,5,7062.0,7108.0,7110.0,7088.0,125.0,8872900.0,33668
2023-05-09 21:05:42,p2311,p2311,7098.0,0.0,0.0,0.0,8,7094.0,7100.0,62,7062.0,7108.0,7110.0,7088.0,125.0,8872900.0,33668
2023-05-09 21:05:42,p2311,p2311,7098.0,0.0,0.0,0.0,8,7094.0,7098.0,5,7062.0,7108.0,7110.0,7088.0,125.0,8872900.0,33668
2023-05-09 21:05:43,p2311,p2311,7094.0,2.0,141880.0,2.0,1,7094.0,7098.0,18,7062.0,7108.0,7110.0,7088.0,127.0,9014780.0,33670
2023-05-09 21:05:43,p2311,p2311,7094.0,0.0,0.0,0.0,60,7092.0,7098.0,13,7062.0,7108.0,7110.0,7088.0,127.0,9014780.0,33670
2023-05-09 21:05:44,p2311,p2311,7094.0,0.0,0.0,0.0,7,7094.0,7098.0,5,7062.0,7108.0,7110.0,7088.0,127.0,9014780.0,33670
2023-05-09 21:05:44,p2311,p2311,7094.0,0.0,0.0,0.0,7,7094.0,7100.0,64,7062.0,7108.0,7110.0,7088.0,127.0,9014780.0,33670
2023-05-09 21:05:45,p2311,p2311,7094.0,0.0,0.0,0.0,8,7094.0,7100.0,70,7062.0,7108.0,7110.0,7088.0,127.0,9014780.0,33670
2023-05-09 21:05:46,p2311,p2311,7094.0,0.0,0.0,0.0,7,7094.0,7100.0,70,7062.0,7108.0,7110.0,7088.0,127.0,9014780.0,33670
2023-05-09 21:05:49,p2311,p2311,7094.0,0.0,0.0,0.0,5,7094.0,7098.0,26,7062.0,7108.0,7110.0,7088.0,127.0,9014780.0,33670
2023-05-09 21:05:50,p2311,p2311,7094.0,0.0,0.0,0.0,5,7094.0,7098.0,27,7062.0,7108.0,7110.0,7088.0,127.0,9014780.0,33670
2023-05-09 21:05:54,p2311,p2311,7094.0,0.0,0.0,0.0,5,7094.0,7098.0,17,7062.0,7108.0,7110.0,7088.0,127.0,9014780.0,33670
2023-05-09 21:05:55,p2311,p2311,7094.0,0.0,0.0,0.0,55,7092.0,7098.0,22,7062.0,7108.0,7110.0,7088.0,127.0,9014780.0,33670
2023-05-09 21:05:55,p2311,p2311,7094.0,0.0,0.0,0.0,2,7094.0,7098.0,17,7062.0,7108.0,7110.0,7088.0,127.0,9014780.0,33670
2023-05-09 21:05:55,p2311,p2311,7094.0,0.0,0.0,0.0,2,7094.0,7098.0,22,7062.0,7108.0,7110.0,7088.0,127.0,9014780.0,33670
2023-05-09 21:06:01,p2311,p2311,7098.0,11.0,780780.0,-10.0,2,7094.0,7098.0,7,7062.0,7108.0,7110.0,7088.0,138.0,9795560.0,33660
2023-05-09 21:06:02,p2311,p2311,7096.0,8.0,567820.0,0.0,1,7096.0,7100.0,53,7062.0,7108.0,7110.0,7088.0,146.0,10363380.0,33660
2023-05-09 21:06:02,p2311,p2311,7096.0,0.0,0.0,0.0,6,7096.0,7100.0,33,7062.0,7108.0,7110.0,7088.0,146.0,10363380.0,33660
2023-05-09 21:06:03,p2311,p2311,7096.0,0.0,0.0,0.0,11,7096.0,7100.0,2,7062.0,7108.0,7110.0,7088.0,146.0,10363380.0,33660
2023-05-09 21:06:03,p2311,p2311,7096.0,0.0,0.0,0.0,16,7096.0,7102.0,62,7062.0,7108.0,7110.0,7088.0,146.0,10363380.0,33660
2023-05-09 21:06:04,p2311,p2311,7096.0,0.0,0.0,0.0,21,7096.0,7102.0,57,7062.0,7108.0,7110.0,7088.0,146.0,10363380.0,33660
2023-05-09 21:06:05,p2311,p2311,7096.0,0.0,0.0,0.0,6,7098.0,7102.0,42,7062.0,7108.0,7110.0,7088.0,146.0,10363380.0,33660
2023-05-09 21:06:05,p2311,p2311,7096.0,0.0,0.0,0.0,6,7098.0,7102.0,25,7062.0,7108.0,7110.0,7088.0,146.0,10363380.0,33660
2023-05-09 21:06:06,p2311,p2311,7096.0,0.0,0.0,0.0,6,7098.0,7102.0,10,7062.0,7108.0,7110.0,7088.0,146.0,10363380.0,33660
2023-05-09 21:06:06,p2311,p2311,7096.0,0.0,0.0,0.0,6,7098.0,7102.0,5,7062.0,7108.0,7110.0,7088.0,146.0,10363380.0,33660
2023-05-09 21:06:10,p2311,p2311,7096.0,0.0,0.0,0.0,6,7098.0,7104.0,65,7062.0,7108.0,7110.0,7088.0,146.0,10363380.0,33660
2023-05-09 21:06:11,p2311,p2311,7096.0,0.0,0.0,0.0,6,7098.0,7104.0,70,7062.0,7108.0,7110.0,7088.0,146.0,10363380.0,33660
2023-05-09 21:06:11,p2311,p2311,7096.0,0.0,0.0,0.0,5,7098.0,7102.0,14,7062.0,7108.0,7110.0,7088.0,146.0,10363380.0,33660
2023-05-09 21:06:12,p2311,p2311,7096.0,0.0,0.0,0.0,5,7098.0,7102.0,13,7062.0,7108.0,7110.0,7088.0,146.0,10363380.0,33660
2023-05-09 21:06:12,p2311,p2311,7096.0,0.0,0.0,0.0,5,7098.0,7102.0,7,7062.0,7108.0,7110.0,7088.0,146.0,10363380.0,33660
2023-05-09 21:06:15,p2311,p2311,7096.0,0.0,0.0,0.0,20,7098.0,7102.0,3,7062.0,7108.0,7110.0,7088.0,146.0,10363380.0,33660
2023-05-09 21:06:15,p2311,p2311,7096.0,0.0,0.0,0.0,5,7100.0,7102.0,2,7062.0,7108.0,7110.0,7088.0,146.0,10363380.0,33660
2023-05-09 21:06:18,p2311,p2311,7102.0,2.0,142040.0,0.0,20,7100.0,7104.0,6,7062.0,7108.0,7110.0,7088.0,148.0,10505420.0,33660
2023-05-09 21:06:18,p2311,p2311,7102.0,0.0,0.0,0.0,5,7100.0,7104.0,4,7062.0,7108.0,7110.0,7088.0,148.0,10505420.0,33660
2023-05-09 21:06:19,p2311,p2311,7102.0,0.0,0.0,0.0,5,7100.0,7104.0,5,7062.0,7108.0,7110.0,7088.0,148.0,10505420.0,33660
2023-05-09 21:06:21,p2311,p2311,7100.0,5.0,355000.0,0.0,25,7098.0,7104.0,20,7062.0,7108.0,7110.0,7088.0,153.0,10860420.0,33660
2023-05-09 21:06:22,p2311,p2311,7100.0,0.0,0.0,0.0,20,7098.0,7100.0,1,7062.0,7108.0,7110.0,7088.0,153.0,10860420.0,33660
2023-05-09 21:06:22,p2311,p2311,7100.0,0.0,0.0,0.0,21,7098.0,7100.0,1,7062.0,7108.0,7110.0,7088.0,153.0,10860420.0,33660
2023-05-09 21:06:23,p2311,p2311,7100.0,1.0,71000.0,1.0,6,7098.0,7102.0,14,7062.0,7108.0,7110.0,7088.0,154.0,10931420.0,33661
2023-05-09 21:06:23,p2311,p2311,7100.0,0.0,0.0,0.0,1,7100.0,7102.0,1,7062.0,7108.0,7110.0,7088.0,154.0,10931420.0,33661
2023-05-09 21:06:24,p2311,p2311,7100.0,0.0,0.0,0.0,1,7100.0,7104.0,50,7062.0,7108.0,7110.0,7088.0,154.0,10931420.0,33661
2023-05-09 21:06:24,p2311,p2311,7100.0,0.0,0.0,0.0,1,7100.0,7104.0,45,7062.0,7108.0,7110.0,7088.0,154.0,10931420.0,33661
2023-05-09 21:06:27,p2311,p2311,7100.0,1.0,71000.0,1.0,31,7098.0,7102.0,10,7062.0,7108.0,7110.0,7088.0,155.0,11002420.0,33662
2023-05-09 21:06:28,p2311,p2311,7100.0,0.0,0.0,0.0,6,7098.0,7102.0,5,7062.0,7108.0,7110.0,7088.0,155.0,11002420.0,33662
2023-05-09 21:06:28,p2311,p2311,7100.0,0.0,0.0,0.0,1,7100.0,7104.0,45,7062.0,7108.0,7110.0,7088.0,155.0,11002420.0,33662
2023-05-09 21:06:29,p2311,p2311,7100.0,0.0,0.0,0.0,41,7098.0,7104.0,50,7062.0,7108.0,7110.0,7088.0,155.0,11002420.0,33662
2023-05-09 21:06:29,p2311,p2311,7100.0,0.0,0.0,0.0,6,7098.0,7102.0,5,7062.0,7108.0,7110.0,7088.0,155.0,11002420.0,33662
2023-05-09 21:06:30,p2311,p2311,7100.0,0.0,0.0,0.0,5,7098.0,7102.0,5,7062.0,7108.0,7110.0,7088.0,155.0,11002420.0,33662
2023-05-09 21:06:32,p2311,p2311,7100.0,0.0,0.0,0.0,5,7098.0,7102.0,15,7062.0,7108.0,7110.0,7088.0,155.0,11002420.0,33662
2023-05-09 21:06:33,p2311,p2311,7100.0,0.0,0.0,0.0,36,7096.0,7102.0,25,7062.0,7108.0,7110.0,7088.0,155.0,11002420.0,33662
2023-05-09 21:06:33,p2311,p2311,7100.0,0.0,0.0,0.0,45,7096.0,7102.0,27,7062.0,7108.0,7110.0,7088.0,155.0,11002420.0,33662
2023-05-09 21:06:34,p2311,p2311,7100.0,0.0,0.0,0.0,45,7096.0,7102.0,24,7062.0,7108.0,7110.0,7088.0,155.0,11002420.0,33662
2023-05-09 21:06:35,p2311,p2311,7100.0,0.0,0.0,0.0,45,7096.0,7102.0,25,7062.0,7108.0,7110.0,7088.0,155.0,11002420.0,33662
2023-05-09 21:06:36,p2311,p2311,7100.0,0.0,0.0,0.0,45,7096.0,7102.0,30,7062.0,7108.0,7110.0,7088.0,155.0,11002420.0,33662
2023-05-09 21:06:36,p2311,p2311,7100.0,0.0,0.0,0.0,45,7096.0,7102.0,45,7062.0,7108.0,7110.0,7088.0,155.0,11002420.0,33662
2023-05-09 21:06:37,p2311,p2311,7100.0,0.0,0.0,0.0,40,7096.0,7102.0,55,7062.0,7108.0,7110.0,7088.0,155.0,11002420.0,33662
2023-05-09 21:06:37,p2311,p2311,7100.0,0.0,0.0,0.0,25,7096.0,7102.0,65,7062.0,7108.0,7110.0,7088.0,155.0,11002420.0,33662
2023-05-09 21:06:37,p2311,p2311,7100.0,0.0,0.0,0.0,20,7096.0,7102.0,60,7062.0,7108.0,7110.0,7088.0,155.0,11002420.0,33662
2023-05-09 21:06:38,p2311,p2311,7100.0,0.0,0.0,0.0,20,7096.0,7102.0,65,7062.0,7108.0,7110.0,7088.0,155.0,11002420.0,33662
2023-05-09 21:06:39,p2311,p2311,7096.0,1.0,70960.0,-1.0,14,7096.0,7102.0,70,7062.0,7108.0,7110.0,7088.0,156.0,11073380.0,33661
2023-05-09 21:06:40,p2311,p2311,7096.0,0.0,0.0,0.0,9,7096.0,7102.0,76,7062.0,7108.0,7110.0,7088.0,156.0,11073380.0,33661
2023-05-09 21:06:41,p2311,p2311,7096.0,0.0,0.0,0.0,9,7096.0,7102.0,72,7062.0,7108.0,7110.0,7088.0,156.0,11073380.0,33661
2023-05-09 21:06:43,p2311,p2311,7096.0,0.0,0.0,0.0,5,7096.0,7100.0,17,7062.0,7108.0,7110.0,7088.0,156.0,11073380.0,33661
2023-05-09 21:06:44,p2311,p2311,7096.0,0.0,0.0,0.0,31,7094.0,7098.0,3,7062.0,7108.0,7110.0,7088.0,156.0,11073380.0,33661
2023-05-09 21:06:44,p2311,p2311,7096.0,0.0,0.0,0.0,16,7094.0,7098.0,3,7062.0,7108.0,7110.0,7088.0,156.0,11073380.0,33661
2023-05-09 21:06:47,p2311,p2311,7096.0,0.0,0.0,0.0,15,7094.0,7098.0,3,7062.0,7108.0,7110.0,7088.0,156.0,11073380.0,33661
2023-05-09 21:06:47,p2311,p2311,7096.0,0.0,0.0,0.0,10,7094.0,7098.0,3,7062.0,7108.0,7110.0,7088.0,156.0,11073380.0,33661
2023-05-09 21:06:52,p2311,p2311,7096.0,5.0,354800.0,-3.0,5,7094.0,7098.0,8,7062.0,7108.0,7110.0,7088.0,161.0,11428180.0,33658
2023-05-09 21:06:53,p2311,p2311,7096.0,0.0,0.0,0.0,45,7092.0,7098.0,10,7062.0,7108.0,7110.0,7088.0,161.0,11428180.0,33658
2023-05-09 21:06:53,p2311,p2311,7096.0,0.0,0.0,0.0,46,7092.0,7098.0,13,7062.0,7108.0,7110.0,7088.0,161.0,11428180.0,33658
2023-05-09 21:06:54,p2311,p2311,7096.0,0.0,0.0,0.0,45,7092.0,7098.0,18,7062.0,7108.0,7110.0,7088.0,161.0,11428180.0,33658
2023-05-09 21:06:54,p2311,p2311,7096.0,0.0,0.0,0.0,45,7092.0,7098.0,23,7062.0,7108.0,7110.0,7088.0,161.0,11428180.0,33658
2023-05-09 21:06:56,p2311,p2311,7096.0,0.0,0.0,0.0,45,7092.0,7098.0,27,7062.0,7108.0,7110.0,7088.0,161.0,11428180.0,33658
2023-05-09 21:06:56,p2311,p2311,7096.0,0.0,0.0,0.0,45,7092.0,7098.0,23,7062.0,7108.0,7110.0,7088.0,161.0,11428180.0,33658
2023-05-09 21:06:58,p2311,p2311,7096.0,0.0,0.0,0.0,45,7092.0,7098.0,27,7062.0,7108.0,7110.0,7088.0,161.0,11428180.0,33658
2023-05-09 21:06:59,p2311,p2311,7096.0,0.0,0.0,0.0,50,7092.0,7098.0,28,7062.0,7108.0,7110.0,7088.0,161.0,11428180.0,33658
2023-05-09 21:06:59,p2311,p2311,7096.0,0.0,0.0,0.0,55,7092.0,7098.0,32,7062.0,7108.0,7110.0,7088.0,161.0,11428180.0,33658
2023-05-09 21:07:00,p2311,p2311,7096.0,0.0,0.0,0.0,55,7092.0,7098.0,49,7062.0,7108.0,7110.0,7088.0,161.0,11428180.0,33658
2023-05-09 21:07:00,p2311,p2311,7096.0,0.0,0.0,0.0,55,7092.0,7098.0,59,7062.0,7108.0,7110.0,7088.0,161.0,11428180.0,33658
2023-05-09 21:07:01,p2311,p2311,7096.0,0.0,0.0,0.0,35,7092.0,7098.0,65,7062.0,7108.0,7110.0,7088.0,161.0,11428180.0,33658
2023-05-09 21:07:01,p2311,p2311,7096.0,0.0,0.0,0.0,20,7092.0,7098.0,64,7062.0,7108.0,7110.0,7088.0,161.0,11428180.0,33658
2023-05-09 21:07:02,p2311,p2311,7096.0,0.0,0.0,0.0,15,7092.0,7098.0,65,7062.0,7108.0,7110.0,7088.0,161.0,11428180.0,33658
2023-05-09 21:07:03,p2311,p2311,7096.0,0.0,0.0,0.0,10,7092.0,7098.0,70,7062.0,7108.0,7110.0,7088.0,161.0,11428180.0,33658
2023-05-09 21:07:03,p2311,p2311,7096.0,0.0,0.0,0.0,10,7092.0,7098.0,74,7062.0,7108.0,7110.0,7088.0,161.0,11428180.0,33658
2023-05-09 21:07:04,p2311,p2311,7096.0,0.0,0.0,0.0,1,7094.0,7098.0,63,7062.0,7108.0,7110.0,7088.0,161.0,11428180.0,33658
2023-05-09 21:07:04,p2311,p2311,7094.0,1.0,70940.0,0.0,5,7094.0,7098.0,18,7062.0,7108.0,7110.0,7088.0,162.0,11499120.0,33658
2023-05-09 21:07:05,p2311,p2311,7094.0,0.0,0.0,0.0,5,7094.0,7098.0,3,7062.0,7108.0,7110.0,7088.0,162.0,11499120.0,33658
2023-05-09 21:07:07,p2311,p2311,7094.0,0.0,0.0,0.0,25,7094.0,7098.0,1,7062.0,7108.0,7110.0,7088.0,162.0,11499120.0,33658
2023-05-09 21:07:07,p2311,p2311,7094.0,0.0,0.0,0.0,5,7096.0,7100.0,20,7062.0,7108.0,7110.0,7088.0,162.0,11499120.0,33658
2023-05-09 21:07:08,p2311,p2311,7094.0,0.0,0.0,0.0,5,7096.0,7100.0,5,7062.0,7108.0,7110.0,7088.0,162.0,11499120.0,33658
2023-05-09 21:07:08,p2311,p2311,7094.0,0.0,0.0,0.0,5,7096.0,7100.0,3,7062.0,7108.0,7110.0,7088.0,162.0,11499120.0,33658
2023-05-09 21:07:10,p2311,p2311,7094.0,0.0,0.0,0.0,5,7096.0,7100.0,13,7062.0,7108.0,7110.0,7088.0,162.0,11499120.0,33658
2023-05-09 21:07:10,p2311,p2311,7096.0,5.0,354800.0,0.0,40,7094.0,7100.0,18,7062.0,7108.0,7110.0,7088.0,167.0,11853920.0,33658
2023-05-09 21:07:11,p2311,p2311,7096.0,0.0,0.0,0.0,25,7094.0,7098.0,12,7062.0,7108.0,7110.0,7088.0,167.0,11853920.0,33658
2023-05-09 21:07:11,p2311,p2311,7094.0,2.0,141880.0,1.0,50,7092.0,7096.0,3,7062.0,7108.0,7110.0,7088.0,169.0,11995800.0,33659
2023-05-09 21:07:12,p2311,p2311,7094.0,0.0,0.0,0.0,45,7092.0,7096.0,3,7062.0,7108.0,7110.0,7088.0,169.0,11995800.0,33659
2023-05-09 21:07:12,p2311,p2311,7094.0,0.0,0.0,0.0,40,7092.0,7096.0,3,7062.0,7108.0,7110.0,7088.0,169.0,11995800.0,33659
2023-05-09 21:07:14,p2311,p2311,7094.0,0.0,0.0,0.0,50,7092.0,7098.0,37,7062.0,7108.0,7110.0,7088.0,169.0,11995800.0,33659
2023-05-09 21:07:14,p2311,p2311,7094.0,0.0,0.0,0.0,40,7092.0,7098.0,25,7062.0,7108.0,7110.0,7088.0,169.0,11995800.0,33659
2023-05-09 21:07:15,p2311,p2311,7094.0,0.0,0.0,0.0,40,7092.0,7098.0,33,7062.0,7108.0,7110.0,7088.0,169.0,11995800.0,33659
2023-05-09 21:07:17,p2311,p2311,7094.0,0.0,0.0,0.0,40,7092.0,7098.0,37,7062.0,7108.0,7110.0,7088.0,169.0,11995800.0,33659
2023-05-09 21:07:18,p2311,p2311,7094.0,0.0,0.0,0.0,35,7092.0,7098.0,53,7062.0,7108.0,7110.0,7088.0,169.0,11995800.0,33659
2023-05-09 21:07:18,p2311,p2311,7094.0,0.0,0.0,0.0,25,7092.0,7098.0,41,7062.0,7108.0,7110.0,7088.0,169.0,11995800.0,33659
2023-05-09 21:07:19,p2311,p2311,7094.0,0.0,0.0,0.0,10,7092.0,7098.0,53,7062.0,7108.0,7110.0,7088.0,169.0,11995800.0,33659
2023-05-09 21:07:19,p2311,p2311,7094.0,0.0,0.0,0.0,5,7092.0,7098.0,63,7062.0,7108.0,7110.0,7088.0,169.0,11995800.0,33659
2023-05-09 21:07:19,p2311,p2311,7094.0,0.0,0.0,0.0,5,7092.0,7098.0,68,7062.0,7108.0,7110.0,7088.0,169.0,11995800.0,33659
2023-05-09 21:07:21,p2311,p2311,7094.0,0.0,0.0,0.0,5,7092.0,7098.0,72,7062.0,7108.0,7110.0,7088.0,169.0,11995800.0,33659
2023-05-09 21:07:21,p2311,p2311,7094.0,0.0,0.0,0.0,5,7092.0,7098.0,68,7062.0,7108.0,7110.0,7088.0,169.0,11995800.0,33659
2023-05-09 21:07:24,p2311,p2311,7094.0,0.0,0.0,0.0,5,7092.0,7096.0,5,7062.0,7108.0,7110.0,7088.0,169.0,11995800.0,33659
2023-05-09 21:07:24,p2311,p2311,7094.0,0.0,0.0,0.0,61,7090.0,7096.0,8,7062.0,7108.0,7110.0,7088.0,169.0,11995800.0,33659
2023-05-09 21:07:25,p2311,p2311,7094.0,0.0,0.0,0.0,55,7090.0,7096.0,13,7062.0,7108.0,7110.0,7088.0,169.0,11995800.0,33659
2023-05-09 21:07:31,p2311,p2311,7094.0,0.0,0.0,0.0,30,7090.0,7094.0,5,7062.0,7108.0,7110.0,7088.0,169.0,11995800.0,33659
2023-05-09 21:07:31,p2311,p2311,7094.0,0.0,0.0,0.0,5,7090.0,7094.0,3,7062.0,7108.0,7110.0,7088.0,169.0,11995800.0,33659
2023-05-09 21:07:32,p2311,p2311,7094.0,0.0,0.0,0.0,62,7088.0,7094.0,8,7062.0,7108.0,7110.0,7088.0,169.0,11995800.0,33659
2023-05-09 21:07:32,p2311,p2311,7094.0,0.0,0.0,0.0,62,7088.0,7094.0,13,7062.0,7108.0,7110.0,7088.0,169.0,11995800.0,33659
2023-05-09 21:07:36,p2311,p2311,7094.0,0.0,0.0,0.0,5,7090.0,7094.0,8,7062.0,7108.0,7110.0,7088.0,169.0,11995800.0,33659
2023-05-09 21:07:36,p2311,p2311,7094.0,0.0,0.0,0.0,5,7090.0,7094.0,1,7062.0,7108.0,7110.0,7088.0,169.0,11995800.0,33659
2023-05-09 21:07:37,p2311,p2311,7094.0,0.0,0.0,0.0,15,7090.0,7096.0,53,7062.0,7108.0,7110.0,7088.0,169.0,11995800.0,33659
2023-05-09 21:07:37,p2311,p2311,7094.0,0.0,0.0,0.0,15,7090.0,7096.0,58,7062.0,7108.0,7110.0,7088.0,169.0,11995800.0,33659
2023-05-09 21:07:38,p2311,p2311,7094.0,0.0,0.0,0.0,10,7090.0,7094.0,5,7062.0,7108.0,7110.0,7088.0,169.0,11995800.0,33659
2023-05-09 21:07:38,p2311,p2311,7094.0,0.0,0.0,0.0,5,7090.0,7094.0,5,7062.0,7108.0,7110.0,7088.0,169.0,11995800.0,33659
2023-05-09 21:07:39,p2311,p2311,7094.0,0.0,0.0,0.0,67,7088.0,7094.0,5,7062.0,7108.0,7110.0,7088.0,169.0,11995800.0,33659
2023-05-09 21:07:39,p2311,p2311,7094.0,0.0,0.0,0.0,5,7090.0,7096.0,63,7062.0,7108.0,7110.0,7088.0,169.0,11995800.0,33659
2023-05-09 21:07:40,p2311,p2311,7094.0,0.0,0.0,0.0,10,7090.0,7096.0,53,7062.0,7108.0,7110.0,7088.0,169.0,11995800.0,33659
2023-05-09 21:07:40,p2311,p2311,7094.0,0.0,0.0,0.0,10,7090.0,7096.0,58,7062.0,7108.0,7110.0,7088.0,169.0,11995800.0,33659
2023-05-09 21:07:45,p2311,p2311,7094.0,0.0,0.0,0.0,5,7090.0,7094.0,5,7062.0,7108.0,7110.0,7088.0,169.0,11995800.0,33659
2023-05-09 21:07:46,p2311,p2311,7094.0,0.0,0.0,0.0,5,7090.0,7096.0,65,7062.0,7108.0,7110.0,7088.0,169.0,11995800.0,33659
2023-05-09 21:07:46,p2311,p2311,7094.0,0.0,0.0,0.0,5,7090.0,7094.0,5,7062.0,7108.0,7110.0,7088.0,169.0,11995800.0,33659
2023-05-09 21:07:47,p2311,p2311,7094.0,0.0,0.0,0.0,76,7088.0,7094.0,5,7062.0,7108.0,7110.0,7088.0,169.0,11995800.0,33659
2023-05-09 21:07:47,p2311,p2311,7094.0,0.0,0.0,0.0,69,7088.0,7094.0,10,7062.0,7108.0,7110.0,7088.0,169.0,11995800.0,33659
2023-05-09 21:07:49,p2311,p2311,7094.0,0.0,0.0,0.0,5,7090.0,7094.0,5,7062.0,7108.0,7110.0,7088.0,169.0,11995800.0,33659
2023-05-09 21:07:49,p2311,p2311,7094.0,0.0,0.0,0.0,5,7090.0,7096.0,65,7062.0,7108.0,7110.0,7088.0,169.0,11995800.0,33659
2023-05-09 21:07:52,p2311,p2311,7094.0,0.0,0.0,0.0,69,7088.0,7094.0,5,7062.0,7108.0,7110.0,7088.0,169.0,11995800.0,33659
2023-05-09 21:07:53,p2311,p2311,7094.0,5.0,354700.0,-5.0,5,7090.0,7096.0,55,7062.0,7108.0,7110.0,7088.0,174.0,12350500.0,33654
2023-05-09 21:07:53,p2311,p2311,7094.0,0.0,0.0,0.0,31,7090.0,7096.0,27,7062.0,7108.0,7110.0,7088.0,174.0,12350500.0,33654
2023-05-09 21:07:54,p2311,p2311,7094.0,0.0,0.0,0.0,62,7090.0,7096.0,7,7062.0,7108.0,7110.0,7088.0,174.0,12350500.0,33654
2023-05-09 21:07:55,p2311,p2311,7094.0,0.0,0.0,0.0,5,7092.0,7096.0,2,7062.0,7108.0,7110.0,7088.0,174.0,12350500.0,33654
2023-05-09 21:07:55,p2311,p2311,7094.0,0.0,0.0,0.0,6,7092.0,7096.0,2,7062.0,7108.0,7110.0,7088.0,174.0,12350500.0,33654
2023-05-09 21:07:56,p2311,p2311,7094.0,0.0,0.0,0.0,11,7092.0,7096.0,2,7062.0,7108.0,7110.0,7088.0,174.0,12350500.0,33654
2023-05-09 21:07:59,p2311,p2311,7094.0,0.0,0.0,0.0,5,7092.0,7096.0,9,7062.0,7108.0,7110.0,7088.0,174.0,12350500.0,33654
2023-05-09 21:07:59,p2311,p2311,7094.0,0.0,0.0,0.0,10,7092.0,7096.0,3,7062.0,7108.0,7110.0,7088.0,174.0,12350500.0,33654
2023-05-09 21:08:00,p2311,p2311,7094.0,0.0,0.0,0.0,10,7092.0,7096.0,2,7062.0,7108.0,7110.0,7088.0,174.0,12350500.0,33654
2023-05-09 21:08:10,p2311,p2311,7094.0,0.0,0.0,0.0,5,7092.0,7096.0,9,7062.0,7108.0,7110.0,7088.0,174.0,12350500.0,33654
2023-05-09 21:08:10,p2311,p2311,7094.0,0.0,0.0,0.0,55,7090.0,7096.0,15,7062.0,7108.0,7110.0,7088.0,174.0,12350500.0,33654
2023-05-09 21:08:11,p2311,p2311,7094.0,0.0,0.0,0.0,20,7090.0,7094.0,9,7062.0,7108.0,7110.0,7088.0,174.0,12350500.0,33654
2023-05-09 21:08:12,p2311,p2311,7094.0,0.0,0.0,0.0,5,7090.0,7094.0,10,7062.0,7108.0,7110.0,7088.0,174.0,12350500.0,33654
2023-05-09 21:08:12,p2311,p2311,7094.0,0.0,0.0,0.0,64,7088.0,7094.0,15,7062.0,7108.0,7110.0,7088.0,174.0,12350500.0,33654
2023-05-09 21:08:13,p2311,p2311,7094.0,0.0,0.0,0.0,5,7090.0,7094.0,10,7062.0,7108.0,7110.0,7088.0,174.0,12350500.0,33654
2023-05-09 21:08:14,p2311,p2311,7094.0,0.0,0.0,0.0,5,7090.0,7094.0,8,7062.0,7108.0,7110.0,7088.0,174.0,12350500.0,33654
2023-05-09 21:08:17,p2311,p2311,7094.0,0.0,0.0,0.0,5,7090.0,7094.0,18,7062.0,7108.0,7110.0,7088.0,174.0,12350500.0,33654
2023-05-09 21:08:17,p2311,p2311,7090.0,1.0,70900.0,1.0,37,7088.0,7094.0,36,7062.0,7108.0,7110.0,7088.0,175.0,12421400.0,33655
2023-05-09 21:08:18,p2311,p2311,7090.0,0.0,0.0,0.0,48,7088.0,7094.0,23,7062.0,7108.0,7110.0,7088.0,175.0,12421400.0,33655
2023-05-09 21:08:18,p2311,p2311,7090.0,0.0,0.0,0.0,53,7088.0,7094.0,18,7062.0,7108.0,7110.0,7088.0,175.0,12421400.0,33655
2023-05-09 21:08:18,p2311,p2311,7090.0,0.0,0.0,0.0,58,7088.0,7094.0,18,7062.0,7108.0,7110.0,7088.0,175.0,12421400.0,33655
2023-05-09 21:08:19,p2311,p2311,7090.0,0.0,0.0,0.0,63,7088.0,7094.0,13,7062.0,7108.0,7110.0,7088.0,175.0,12421400.0,33655
2023-05-09 21:08:19,p2311,p2311,7090.0,0.0,0.0,0.0,63,7088.0,7094.0,8,7062.0,7108.0,7110.0,7088.0,175.0,12421400.0,33655
2023-05-09 21:08:22,p2311,p2311,7090.0,0.0,0.0,0.0,68,7088.0,7094.0,8,7062.0,7108.0,7110.0,7088.0,175.0,12421400.0,33655
2023-05-09 21:08:23,p2311,p2311,7090.0,0.0,0.0,0.0,5,7092.0,7094.0,5,7062.0,7108.0,7110.0,7088.0,175.0,12421400.0,33655
2023-05-09 21:08:23,p2311,p2311,7092.0,5.0,354600.0,-5.0,5,7090.0,7094.0,3,7062.0,7108.0,7110.0,7088.0,180.0,12776000.0,33650
2023-05-09 21:08:24,p2311,p2311,7092.0,0.0,0.0,0.0,63,7088.0,7094.0,3,7062.0,7108.0,7110.0,7088.0,180.0,12776000.0,33650
2023-05-09 21:08:27,p2311,p2311,7092.0,0.0,0.0,0.0,63,7088.0,7094.0,8,7062.0,7108.0,7110.0,7088.0,180.0,12776000.0,33650
2023-05-09 21:08:29,p2311,p2311,7092.0,0.0,0.0,0.0,58,7088.0,7094.0,8,7062.0,7108.0,7110.0,7088.0,180.0,12776000.0,33650
2023-05-09 21:08:30,p2311,p2311,7092.0,0.0,0.0,0.0,68,7088.0,7094.0,13,7062.0,7108.0,7110.0,7088.0,180.0,12776000.0,33650
2023-05-09 21:08:31,p2311,p2311,7092.0,0.0,0.0,0.0,63,7088.0,7094.0,13,7062.0,7108.0,7110.0,7088.0,180.0,12776000.0,33650
2023-05-09 21:08:35,p2311,p2311,7092.0,0.0,0.0,0.0,5,7090.0,7094.0,8,7062.0,7108.0,7110.0,7088.0,180.0,12776000.0,33650
2023-05-09 21:08:36,p2311,p2311,7092.0,0.0,0.0,0.0,73,7088.0,7094.0,8,7062.0,7108.0,7110.0,7088.0,180.0,12776000.0,33650
2023-05-09 21:08:36,p2311,p2311,7092.0,0.0,0.0,0.0,68,7088.0,7094.0,8,7062.0,7108.0,7110.0,7088.0,180.0,12776000.0,33650
2023-05-09 21:08:37,p2311,p2311,7092.0,0.0,0.0,0.0,63,7088.0,7094.0,8,7062.0,7108.0,7110.0,7088.0,180.0,12776000.0,33650
2023-05-09 21:08:39,p2311,p2311,7092.0,0.0,0.0,0.0,63,7088.0,7094.0,13,7062.0,7108.0,7110.0,7088.0,180.0,12776000.0,33650
2023-05-09 21:08:40,p2311,p2311,7092.0,0.0,0.0,0.0,68,7088.0,7094.0,13,7062.0,7108.0,7110.0,7088.0,180.0,12776000.0,33650
2023-05-09 21:08:42,p2311,p2311,7092.0,0.0,0.0,0.0,63,7088.0,7094.0,13,7062.0,7108.0,7110.0,7088.0,180.0,12776000.0,33650
2023-05-09 21:08:44,p2311,p2311,7092.0,0.0,0.0,0.0,5,7090.0,7094.0,8,7062.0,7108.0,7110.0,7088.0,180.0,12776000.0,33650
2023-05-09 21:08:45,p2311,p2311,7092.0,0.0,0.0,0.0,5,7090.0,7094.0,3,7062.0,7108.0,7110.0,7088.0,180.0,12776000.0,33650
2023-05-09 21:08:46,p2311,p2311,7092.0,0.0,0.0,0.0,63,7088.0,7094.0,8,7062.0,7108.0,7110.0,7088.0,180.0,12776000.0,33650
2023-05-09 21:08:48,p2311,p2311,7092.0,0.0,0.0,0.0,5,7090.0,7094.0,3,7062.0,7108.0,7110.0,7088.0,180.0,12776000.0,33650
2023-05-09 21:08:49,p2311,p2311,7092.0,0.0,0.0,0.0,68,7088.0,7094.0,8,7062.0,7108.0,7110.0,7088.0,180.0,12776000.0,33650
2023-05-09 21:08:49,p2311,p2311,7092.0,0.0,0.0,0.0,63,7088.0,7094.0,8,7062.0,7108.0,7110.0,7088.0,180.0,12776000.0,33650
2023-05-09 21:08:50,p2311,p2311,7092.0,0.0,0.0,0.0,67,7088.0,7094.0,8,7062.0,7108.0,7110.0,7088.0,180.0,12776000.0,33650
2023-05-09 21:08:50,p2311,p2311,7092.0,0.0,0.0,0.0,68,7088.0,7094.0,8,7062.0,7108.0,7110.0,7088.0,180.0,12776000.0,33650
2023-05-09 21:08:52,p2311,p2311,7092.0,0.0,0.0,0.0,63,7088.0,7094.0,13,7062.0,7108.0,7110.0,7088.0,180.0,12776000.0,33650
2023-05-09 21:08:52,p2311,p2311,7092.0,0.0,0.0,0.0,62,7088.0,7094.0,13,7062.0,7108.0,7110.0,7088.0,180.0,12776000.0,33650
2023-05-09 21:08:54,p2311,p2311,7092.0,0.0,0.0,0.0,67,7088.0,7094.0,13,7062.0,7108.0,7110.0,7088.0,180.0,12776000.0,33650
2023-05-09 21:08:54,p2311,p2311,7092.0,0.0,0.0,0.0,5,7090.0,7094.0,8,7062.0,7108.0,7110.0,7088.0,180.0,12776000.0,33650
2023-05-09 21:08:55,p2311,p2311,7092.0,0.0,0.0,0.0,5,7090.0,7094.0,3,7062.0,7108.0,7110.0,7088.0,180.0,12776000.0,33650
2023-05-09 21:08:56,p2311,p2311,7092.0,0.0,0.0,0.0,15,7090.0,7094.0,1,7062.0,7108.0,7110.0,7088.0,180.0,12776000.0,33650
2023-05-09 21:08:56,p2311,p2311,7092.0,0.0,0.0,0.0,15,7090.0,7096.0,50,7062.0,7108.0,7110.0,7088.0,180.0,12776000.0,33650
2023-05-09 21:08:57,p2311,p2311,7092.0,0.0,0.0,0.0,15,7090.0,7096.0,55,7062.0,7108.0,7110.0,7088.0,180.0,12776000.0,33650
2023-05-09 21:08:57,p2311,p2311,7092.0,0.0,0.0,0.0,5,7090.0,7096.0,65,7062.0,7108.0,7110.0,7088.0,180.0,12776000.0,33650
2023-05-09 21:08:58,p2311,p2311,7092.0,0.0,0.0,0.0,57,7088.0,7094.0,5,7062.0,7108.0,7110.0,7088.0,180.0,12776000.0,33650
2023-05-09 21:08:58,p2311,p2311,7092.0,0.0,0.0,0.0,58,7088.0,7094.0,8,7062.0,7108.0,7110.0,7088.0,180.0,12776000.0,33650
2023-05-09 21:09:00,p2311,p2311,7092.0,0.0,0.0,0.0,63,7088.0,7094.0,8,7062.0,7108.0,7110.0,7088.0,180.0,12776000.0,33650
2023-05-09 21:09:01,p2311,p2311,7092.0,0.0,0.0,0.0,33,7088.0,7092.0,5,7062.0,7108.0,7110.0,7088.0,180.0,12776000.0,33650
2023-05-09 21:09:01,p2311,p2311,7092.0,0.0,0.0,0.0,12,7088.0,7092.0,3,7062.0,7108.0,7110.0,7088.0,180.0,12776000.0,33650
2023-05-09 21:09:01,p2311,p2311,7092.0,0.0,0.0,0.0,7,7088.0,7092.0,3,7062.0,7108.0,7110.0,7088.0,180.0,12776000.0,33650
2023-05-09 21:09:07,p2311,p2311,7088.0,2.0,141760.0,1.0,50,7086.0,7092.0,15,7062.0,7108.0,7110.0,7088.0,182.0,12917760.0,33651
2023-05-09 21:09:08,p2311,p2311,7088.0,0.0,0.0,0.0,50,7086.0,7092.0,20,7062.0,7108.0,7110.0,7088.0,182.0,12917760.0,33651
2023-05-09 21:09:08,p2311,p2311,7088.0,0.0,0.0,0.0,60,7086.0,7092.0,18,7062.0,7108.0,7110.0,7088.0,182.0,12917760.0,33651
2023-05-09 21:09:09,p2311,p2311,7088.0,0.0,0.0,0.0,50,7086.0,7092.0,23,7062.0,7108.0,7110.0,7088.0,182.0,12917760.0,33651
2023-05-09 21:09:09,p2311,p2311,7088.0,0.0,0.0,0.0,5,7088.0,7092.0,11,7062.0,7108.0,7110.0,7088.0,182.0,12917760.0,33651
2023-05-09 21:09:10,p2311,p2311,7088.0,0.0,0.0,0.0,5,7088.0,7092.0,3,7062.0,7108.0,7110.0,7088.0,182.0,12917760.0,33651
2023-05-09 21:09:23,p2311,p2311,7088.0,1.0,70880.0,0.0,25,7088.0,7094.0,32,7062.0,7108.0,7110.0,7088.0,183.0,12988640.0,33651
2023-05-09 21:09:24,p2311,p2311,7088.0,0.0,0.0,0.0,25,7088.0,7094.0,33,7062.0,7108.0,7110.0,7088.0,183.0,12988640.0,33651
2023-05-09 21:09:24,p2311,p2311,7088.0,0.0,0.0,0.0,20,7088.0,7094.0,23,7062.0,7108.0,7110.0,7088.0,183.0,12988640.0,33651
2023-05-09 21:09:28,p2311,p2311,7088.0,0.0,0.0,0.0,20,7088.0,7094.0,28,7062.0,7108.0,7110.0,7088.0,183.0,12988640.0,33651
2023-05-09 21:09:28,p2311,p2311,7088.0,0.0,0.0,0.0,20,7088.0,7094.0,38,7062.0,7108.0,7110.0,7088.0,183.0,12988640.0,33651
2023-05-09 21:09:29,p2311,p2311,7088.0,0.0,0.0,0.0,20,7088.0,7094.0,53,7062.0,7108.0,7110.0,7088.0,183.0,12988640.0,33651
2023-05-09 21:09:29,p2311,p2311,7088.0,0.0,0.0,0.0,65,7086.0,7088.0,1,7062.0,7108.0,7110.0,7088.0,183.0,12988640.0,33651
2023-05-09 21:09:30,p2311,p2311,7088.0,2.0,141760.0,1.0,40,7086.0,7092.0,35,7062.0,7108.0,7110.0,7088.0,185.0,13130400.0,33652
2023-05-09 21:09:30,p2311,p2311,7088.0,0.0,0.0,0.0,50,7086.0,7092.0,43,7062.0,7108.0,7110.0,7088.0,185.0,13130400.0,33652
2023-05-09 21:09:31,p2311,p2311,7088.0,0.0,0.0,0.0,55,7086.0,7092.0,43,7062.0,7108.0,7110.0,7088.0,185.0,13130400.0,33652
2023-05-09 21:09:38,p2311,p2311,7088.0,0.0,0.0,0.0,60,7086.0,7092.0,38,7062.0,7108.0,7110.0,7088.0,185.0,13130400.0,33652
2023-05-09 21:09:39,p2311,p2311,7088.0,0.0,0.0,0.0,60,7086.0,7092.0,18,7062.0,7108.0,7110.0,7088.0,185.0,13130400.0,33652
2023-05-09 21:09:56,p2311,p2311,7088.0,0.0,0.0,0.0,55,7086.0,7092.0,23,7062.0,7108.0,7110.0,7088.0,185.0,13130400.0,33652
2023-05-09 21:09:57,p2311,p2311,7086.0,1.0,70860.0,0.0,30,7086.0,7090.0,7,7062.0,7108.0,7110.0,7086.0,186.0,13201260.0,33652
2023-05-09 21:09:57,p2311,p2311,7086.0,0.0,0.0,0.0,5,7086.0,7090.0,8,7062.0,7108.0,7110.0,7086.0,186.0,13201260.0,33652
2023-05-09 21:09:58,p2311,p2311,7086.0,0.0,0.0,0.0,65,7084.0,7090.0,8,7062.0,7108.0,7110.0,7086.0,186.0,13201260.0,33652
2023-05-09 21:10:00,p2311,p2311,7086.0,0.0,0.0,0.0,65,7084.0,7090.0,11,7062.0,7108.0,7110.0,7086.0,186.0,13201260.0,33652
2023-05-09 21:10:01,p2311,p2311,7086.0,0.0,0.0,0.0,10,7086.0,7090.0,5,7062.0,7108.0,7110.0,7086.0,186.0,13201260.0,33652
2023-05-09 21:10:01,p2311,p2311,7086.0,0.0,0.0,0.0,70,7084.0,7090.0,5,7062.0,7108.0,7110.0,7086.0,186.0,13201260.0,33652
2023-05-09 21:10:02,p2311,p2311,7086.0,0.0,0.0,0.0,71,7084.0,7090.0,5,7062.0,7108.0,7110.0,7086.0,186.0,13201260.0,33652
2023-05-09 21:10:03,p2311,p2311,7090.0,4.0,283600.0,-4.0,5,7088.0,7092.0,35,7062.0,7108.0,7110.0,7086.0,190.0,13484860.0,33648
2023-05-09 21:10:04,p2311,p2311,7090.0,0.0,0.0,0.0,10,7088.0,7092.0,15,7062.0,7108.0,7110.0,7086.0,190.0,13484860.0,33648
2023-05-09 21:10:04,p2311,p2311,7090.0,0.0,0.0,0.0,5,7088.0,7094.0,66,7062.0,7108.0,7110.0,7086.0,190.0,13484860.0,33648
2023-05-09 21:10:05,p2311,p2311,7090.0,0.0,0.0,0.0,5,7088.0,7094.0,67,7062.0,7108.0,7110.0,7086.0,190.0,13484860.0,33648
2023-05-09 21:10:05,p2311,p2311,7090.0,0.0,0.0,0.0,10,7088.0,7094.0,60,7062.0,7108.0,7110.0,7086.0,190.0,13484860.0,33648
2023-05-09 21:10:07,p2311,p2311,7090.0,0.0,0.0,0.0,5,7090.0,7094.0,35,7062.0,7108.0,7110.0,7086.0,190.0,13484860.0,33648
2023-05-09 21:10:07,p2311,p2311,7090.0,0.0,0.0,0.0,64,7088.0,7094.0,10,7062.0,7108.0,7110.0,7086.0,190.0,13484860.0,33648
2023-05-09 21:10:08,p2311,p2311,7090.0,0.0,0.0,0.0,5,7090.0,7096.0,60,7062.0,7108.0,7110.0,7086.0,190.0,13484860.0,33648
2023-05-09 21:10:08,p2311,p2311,7090.0,0.0,0.0,0.0,10,7090.0,7096.0,60,7062.0,7108.0,7110.0,7086.0,190.0,13484860.0,33648
2023-05-09 21:10:11,p2311,p2311,7090.0,0.0,0.0,0.0,5,7090.0,7094.0,5,7062.0,7108.0,7110.0,7086.0,190.0,13484860.0,33648
2023-05-09 21:10:11,p2311,p2311,7090.0,0.0,0.0,0.0,66,7088.0,7094.0,5,7062.0,7108.0,7110.0,7086.0,190.0,13484860.0,33648
2023-05-09 21:10:12,p2311,p2311,7090.0,0.0,0.0,0.0,5,7090.0,7096.0,60,7062.0,7108.0,7110.0,7086.0,190.0,13484860.0,33648
2023-05-09 21:10:12,p2311,p2311,7090.0,0.0,0.0,0.0,5,7090.0,7094.0,24,7062.0,7108.0,7110.0,7086.0,190.0,13484860.0,33648
2023-05-09 21:10:13,p2311,p2311,7090.0,0.0,0.0,0.0,5,7090.0,7094.0,22,7062.0,7108.0,7110.0,7086.0,190.0,13484860.0,33648
2023-05-09 21:10:13,p2311,p2311,7090.0,0.0,0.0,0.0,5,7090.0,7094.0,17,7062.0,7108.0,7110.0,7086.0,190.0,13484860.0,33648
2023-05-09 21:10:15,p2311,p2311,7090.0,0.0,0.0,0.0,51,7088.0,7094.0,22,7062.0,7108.0,7110.0,7086.0,190.0,13484860.0,33648
2023-05-09 21:10:16,p2311,p2311,7090.0,0.0,0.0,0.0,56,7088.0,7094.0,22,7062.0,7108.0,7110.0,7086.0,190.0,13484860.0,33648
2023-05-09 21:10:16,p2311,p2311,7090.0,0.0,0.0,0.0,61,7088.0,7094.0,17,7062.0,7108.0,7110.0,7086.0,190.0,13484860.0,33648
2023-05-09 21:10:16,p2311,p2311,7090.0,0.0,0.0,0.0,56,7088.0,7094.0,17,7062.0,7108.0,7110.0,7086.0,190.0,13484860.0,33648
2023-05-09 21:10:17,p2311,p2311,7090.0,0.0,0.0,0.0,40,7088.0,7092.0,5,7062.0,7108.0,7110.0,7086.0,190.0,13484860.0,33648
2023-05-09 21:10:18,p2311,p2311,7090.0,0.0,0.0,0.0,20,7088.0,7092.0,5,7062.0,7108.0,7110.0,7086.0,190.0,13484860.0,33648
2023-05-09 21:10:18,p2311,p2311,7090.0,0.0,0.0,0.0,60,7086.0,7092.0,10,7062.0,7108.0,7110.0,7086.0,190.0,13484860.0,33648
2023-05-09 21:10:22,p2311,p2311,7090.0,0.0,0.0,0.0,56,7086.0,7092.0,10,7062.0,7108.0,7110.0,7086.0,190.0,13484860.0,33648
2023-05-09 21:10:23,p2311,p2311,7090.0,0.0,0.0,0.0,10,7088.0,7094.0,60,7062.0,7108.0,7110.0,7086.0,190.0,13484860.0,33648
2023-05-09 21:10:23,p2311,p2311,7090.0,0.0,0.0,0.0,5,7088.0,7094.0,60,7062.0,7108.0,7110.0,7086.0,190.0,13484860.0,33648
2023-05-09 21:10:24,p2311,p2311,7090.0,0.0,0.0,0.0,10,7088.0,7094.0,60,7062.0,7108.0,7110.0,7086.0,190.0,13484860.0,33648
2023-05-09 21:10:27,p2311,p2311,7090.0,0.0,0.0,0.0,15,7088.0,7094.0,55,7062.0,7108.0,7110.0,7086.0,190.0,13484860.0,33648
2023-05-09 21:10:28,p2311,p2311,7090.0,0.0,0.0,0.0,10,7088.0,7092.0,5,7062.0,7108.0,7110.0,7086.0,190.0,13484860.0,33648
2023-05-09 21:10:29,p2311,p2311,7090.0,0.0,0.0,0.0,5,7088.0,7092.0,5,7062.0,7108.0,7110.0,7086.0,190.0,13484860.0,33648
2023-05-09 21:10:29,p2311,p2311,7090.0,0.0,0.0,0.0,71,7086.0,7092.0,5,7062.0,7108.0,7110.0,7086.0,190.0,13484860.0,33648
2023-05-09 21:10:30,p2311,p2311,7090.0,0.0,0.0,0.0,75,7086.0,7092.0,5,7062.0,7108.0,7110.0,7086.0,190.0,13484860.0,33648
2023-05-09 21:10:32,p2311,p2311,7090.0,0.0,0.0,0.0,5,7088.0,7094.0,55,7062.0,7108.0,7110.0,7086.0,190.0,13484860.0,33648
2023-05-09 21:10:33,p2311,p2311,7090.0,0.0,0.0,0.0,5,7088.0,7094.0,60,7062.0,7108.0,7110.0,7086.0,190.0,13484860.0,33648
2023-05-09 21:10:33,p2311,p2311,7090.0,0.0,0.0,0.0,10,7088.0,7094.0,60,7062.0,7108.0,7110.0,7086.0,190.0,13484860.0,33648
2023-05-09 21:10:34,p2311,p2311,7090.0,0.0,0.0,0.0,5,7088.0,7092.0,5,7062.0,7108.0,7110.0,7086.0,190.0,13484860.0,33648
2023-05-09 21:10:35,p2311,p2311,7090.0,0.0,0.0,0.0,73,7086.0,7092.0,5,7062.0,7108.0,7110.0,7086.0,190.0,13484860.0,33648
2023-05-09 21:10:36,p2311,p2311,7090.0,0.0,0.0,0.0,75,7086.0,7092.0,5,7062.0,7108.0,7110.0,7086.0,190.0,13484860.0,33648
2023-05-09 21:10:37,p2311,p2311,7090.0,0.0,0.0,0.0,5,7088.0,7094.0,55,7062.0,7108.0,7110.0,7086.0,190.0,13484860.0,33648
2023-05-09 21:10:37,p2311,p2311,7090.0,0.0,0.0,0.0,5,7088.0,7094.0,60,7062.0,7108.0,7110.0,7086.0,190.0,13484860.0,33648
2023-05-09 21:10:38,p2311,p2311,7090.0,0.0,0.0,0.0,10,7088.0,7094.0,60,7062.0,7108.0,7110.0,7086.0,190.0,13484860.0,33648
2023-05-09 21:10:39,p2311,p2311,7090.0,0.0,0.0,0.0,5,7088.0,7092.0,5,7062.0,7108.0,7110.0,7086.0,190.0,13484860.0,33648
2023-05-09 21:10:39,p2311,p2311,7090.0,0.0,0.0,0.0,75,7086.0,7092.0,5,7062.0,7108.0,7110.0,7086.0,190.0,13484860.0,33648
2023-05-09 21:10:40,p2311,p2311,7090.0,0.0,0.0,0.0,12,7088.0,7094.0,50,7062.0,7108.0,7110.0,7086.0,190.0,13484860.0,33648
2023-05-09 21:10:41,p2311,p2311,7090.0,0.0,0.0,0.0,15,7088.0,7094.0,50,7062.0,7108.0,7110.0,7086.0,190.0,13484860.0,33648
2023-05-09 21:10:41,p2311,p2311,7090.0,0.0,0.0,0.0,20,7088.0,7094.0,50,7062.0,7108.0,7110.0,7086.0,190.0,13484860.0,33648
2023-05-09 21:10:42,p2311,p2311,7090.0,0.0,0.0,0.0,25,7088.0,7094.0,55,7062.0,7108.0,7110.0,7086.0,190.0,13484860.0,33648
2023-05-09 21:10:42,p2311,p2311,7090.0,0.0,0.0,0.0,25,7088.0,7094.0,60,7062.0,7108.0,7110.0,7086.0,190.0,13484860.0,33648
2023-05-09 21:10:44,p2311,p2311,7090.0,0.0,0.0,0.0,5,7090.0,7094.0,40,7062.0,7108.0,7110.0,7086.0,190.0,13484860.0,33648
2023-05-09 21:10:45,p2311,p2311,7090.0,0.0,0.0,0.0,13,7090.0,7094.0,5,7062.0,7108.0,7110.0,7086.0,190.0,13484860.0,33648
2023-05-09 21:10:45,p2311,p2311,7090.0,0.0,0.0,0.0,8,7090.0,7094.0,12,7062.0,7108.0,7110.0,7086.0,190.0,13484860.0,33648
2023-05-09 21:10:46,p2311,p2311,7090.0,0.0,0.0,0.0,6,7090.0,7096.0,60,7062.0,7108.0,7110.0,7086.0,190.0,13484860.0,33648
2023-05-09 21:10:46,p2311,p2311,7090.0,0.0,0.0,0.0,6,7090.0,7096.0,65,7062.0,7108.0,7110.0,7086.0,190.0,13484860.0,33648
2023-05-09 21:10:47,p2311,p2311,7090.0,0.0,0.0,0.0,11,7090.0,7096.0,65,7062.0,7108.0,7110.0,7086.0,190.0,13484860.0,33648
2023-05-09 21:10:48,p2311,p2311,7090.0,0.0,0.0,0.0,6,7090.0,7094.0,5,7062.0,7108.0,7110.0,7086.0,190.0,13484860.0,33648
2023-05-09 21:10:49,p2311,p2311,7094.0,1.0,70940.0,0.0,58,7088.0,7094.0,4,7062.0,7108.0,7110.0,7086.0,191.0,13555800.0,33648
2023-05-09 21:10:49,p2311,p2311,7094.0,0.0,0.0,0.0,63,7088.0,7094.0,4,7062.0,7108.0,7110.0,7086.0,191.0,13555800.0,33648
2023-05-09 21:10:51,p2311,p2311,7094.0,0.0,0.0,0.0,68,7088.0,7094.0,4,7062.0,7108.0,7110.0,7086.0,191.0,13555800.0,33648
2023-05-09 21:10:51,p2311,p2311,7094.0,0.0,0.0,0.0,80,7088.0,7094.0,4,7062.0,7108.0,7110.0,7086.0,191.0,13555800.0,33648
2023-05-09 21:10:52,p2311,p2311,7094.0,0.0,0.0,0.0,5,7090.0,7094.0,4,7062.0,7108.0,7110.0,7086.0,191.0,13555800.0,33648
2023-05-09 21:10:52,p2311,p2311,7094.0,0.0,0.0,0.0,7,7090.0,7094.0,4,7062.0,7108.0,7110.0,7086.0,191.0,13555800.0,33648
2023-05-09 21:10:53,p2311,p2311,7094.0,0.0,0.0,0.0,12,7090.0,7096.0,55,7062.0,7108.0,7110.0,7086.0,191.0,13555800.0,33648
2023-05-09 21:10:54,p2311,p2311,7094.0,0.0,0.0,0.0,13,7090.0,7096.0,55,7062.0,7108.0,7110.0,7086.0,191.0,13555800.0,33648
2023-05-09 21:10:54,p2311,p2311,7094.0,0.0,0.0,0.0,23,7090.0,7096.0,55,7062.0,7108.0,7110.0,7086.0,191.0,13555800.0,33648
2023-05-09 21:10:55,p2311,p2311,7094.0,0.0,0.0,0.0,23,7090.0,7096.0,60,7062.0,7108.0,7110.0,7086.0,191.0,13555800.0,33648
2023-05-09 21:10:56,p2311,p2311,7094.0,0.0,0.0,0.0,9,7092.0,7096.0,15,7062.0,7108.0,7110.0,7086.0,191.0,13555800.0,33648
2023-05-09 21:10:56,p2311,p2311,7094.0,0.0,0.0,0.0,17,7092.0,7098.0,55,7062.0,7108.0,7110.0,7086.0,191.0,13555800.0,33648
2023-05-09 21:10:56,p2311,p2311,7094.0,0.0,0.0,0.0,18,7092.0,7098.0,55,7062.0,7108.0,7110.0,7086.0,191.0,13555800.0,33648
2023-05-09 21:10:57,p2311,p2311,7094.0,0.0,0.0,0.0,25,7092.0,7098.0,55,7062.0,7108.0,7110.0,7086.0,191.0,13555800.0,33648
2023-05-09 21:10:58,p2311,p2311,7094.0,0.0,0.0,0.0,27,7092.0,7098.0,60,7062.0,7108.0,7110.0,7086.0,191.0,13555800.0,33648
2023-05-09 21:10:58,p2311,p2311,7094.0,0.0,0.0,0.0,23,7092.0,7098.0,65,7062.0,7108.0,7110.0,7086.0,191.0,13555800.0,33648
2023-05-09 21:10:59,p2311,p2311,7094.0,0.0,0.0,0.0,6,7092.0,7096.0,5,7062.0,7108.0,7110.0,7086.0,191.0,13555800.0,33648
2023-05-09 21:10:59,p2311,p2311,7094.0,0.0,0.0,0.0,13,7092.0,7096.0,5,7062.0,7108.0,7110.0,7086.0,191.0,13555800.0,33648
2023-05-09 21:11:00,p2311,p2311,7094.0,0.0,0.0,0.0,16,7092.0,7098.0,50,7062.0,7108.0,7110.0,7086.0,191.0,13555800.0,33648
2023-05-09 21:11:00,p2311,p2311,7094.0,0.0,0.0,0.0,19,7092.0,7098.0,50,7062.0,7108.0,7110.0,7086.0,191.0,13555800.0,33648
2023-05-09 21:11:01,p2311,p2311,7094.0,0.0,0.0,0.0,24,7092.0,7098.0,50,7062.0,7108.0,7110.0,7086.0,191.0,13555800.0,33648
2023-05-09 21:11:01,p2311,p2311,7094.0,0.0,0.0,0.0,6,7092.0,7096.0,5,7062.0,7108.0,7110.0,7086.0,191.0,13555800.0,33648
2023-05-09 21:11:02,p2311,p2311,7094.0,0.0,0.0,0.0,1,7092.0,7096.0,5,7062.0,7108.0,7110.0,7086.0,191.0,13555800.0,33648
2023-05-09 21:11:02,p2311,p2311,7094.0,0.0,0.0,0.0,1,7092.0,7096.0,10,7062.0,7108.0,7110.0,7086.0,191.0,13555800.0,33648
2023-05-09 21:11:03,p2311,p2311,7094.0,0.0,0.0,0.0,6,7092.0,7098.0,60,7062.0,7108.0,7110.0,7086.0,191.0,13555800.0,33648
2023-05-09 21:11:04,p2311,p2311,7094.0,0.0,0.0,0.0,16,7092.0,7098.0,55,7062.0,7108.0,7110.0,7086.0,191.0,13555800.0,33648
2023-05-09 21:11:04,p2311,p2311,7094.0,0.0,0.0,0.0,31,7092.0,7098.0,40,7062.0,7108.0,7110.0,7086.0,191.0,13555800.0,33648
2023-05-09 21:11:05,p2311,p2311,7094.0,0.0,0.0,0.0,10,7094.0,7098.0,25,7062.0,7108.0,7110.0,7086.0,191.0,13555800.0,33648
2023-05-09 21:11:05,p2311,p2311,7094.0,0.0,0.0,0.0,6,7094.0,7100.0,65,7062.0,7108.0,7110.0,7086.0,191.0,13555800.0,33648
2023-05-09 21:11:05,p2311,p2311,7094.0,0.0,0.0,0.0,12,7094.0,7100.0,61,7062.0,7108.0,7110.0,7086.0,191.0,13555800.0,33648
2023-05-09 21:11:06,p2311,p2311,7094.0,0.0,0.0,0.0,12,7094.0,7100.0,66,7062.0,7108.0,7110.0,7086.0,191.0,13555800.0,33648
2023-05-09 21:11:07,p2311,p2311,7094.0,0.0,0.0,0.0,22,7094.0,7100.0,65,7062.0,7108.0,7110.0,7086.0,191.0,13555800.0,33648
2023-05-09 21:11:09,p2311,p2311,7100.0,4.0,284000.0,2.0,22,7094.0,7100.0,55,7062.0,7108.0,7110.0,7086.0,195.0,13839800.0,33650
2023-05-09 21:11:09,p2311,p2311,7100.0,0.0,0.0,0.0,22,7094.0,7100.0,65,7062.0,7108.0,7110.0,7086.0,195.0,13839800.0,33650
2023-05-09 21:11:11,p2311,p2311,7100.0,0.0,0.0,0.0,17,7094.0,7098.0,5,7062.0,7108.0,7110.0,7086.0,195.0,13839800.0,33650
2023-05-09 21:11:12,p2311,p2311,7100.0,0.0,0.0,0.0,7,7094.0,7098.0,5,7062.0,7108.0,7110.0,7086.0,195.0,13839800.0,33650
2023-05-09 21:11:12,p2311,p2311,7100.0,0.0,0.0,0.0,2,7094.0,7098.0,5,7062.0,7108.0,7110.0,7086.0,195.0,13839800.0,33650
2023-05-09 21:11:13,p2311,p2311,7100.0,0.0,0.0,0.0,2,7094.0,7098.0,15,7062.0,7108.0,7110.0,7086.0,195.0,13839800.0,33650
2023-05-09 21:11:14,p2311,p2311,7100.0,0.0,0.0,0.0,1,7094.0,7098.0,20,7062.0,7108.0,7110.0,7086.0,195.0,13839800.0,33650
2023-05-09 21:11:14,p2311,p2311,7100.0,0.0,0.0,0.0,1,7094.0,7098.0,25,7062.0,7108.0,7110.0,7086.0,195.0,13839800.0,33650
2023-05-09 21:11:15,p2311,p2311,7100.0,0.0,0.0,0.0,1,7094.0,7098.0,20,7062.0,7108.0,7110.0,7086.0,195.0,13839800.0,33650
2023-05-09 21:11:16,p2311,p2311,7100.0,0.0,0.0,0.0,66,7092.0,7098.0,20,7062.0,7108.0,7110.0,7086.0,195.0,13839800.0,33650
2023-05-09 21:11:16,p2311,p2311,7100.0,0.0,0.0,0.0,67,7092.0,7098.0,20,7062.0,7108.0,7110.0,7086.0,195.0,13839800.0,33650
2023-05-09 21:11:17,p2311,p2311,7100.0,0.0,0.0,0.0,72,7092.0,7098.0,20,7062.0,7108.0,7110.0,7086.0,195.0,13839800.0,33650
2023-05-09 21:11:19,p2311,p2311,7100.0,0.0,0.0,0.0,70,7092.0,7098.0,20,7062.0,7108.0,7110.0,7086.0,195.0,13839800.0,33650
2023-05-09 21:11:20,p2311,p2311,7100.0,0.0,0.0,0.0,72,7092.0,7098.0,20,7062.0,7108.0,7110.0,7086.0,195.0,13839800.0,33650
2023-05-09 21:11:21,p2311,p2311,7100.0,0.0,0.0,0.0,68,7092.0,7098.0,20,7062.0,7108.0,7110.0,7086.0,195.0,13839800.0,33650
2023-05-09 21:11:22,p2311,p2311,7100.0,0.0,0.0,0.0,72,7092.0,7098.0,20,7062.0,7108.0,7110.0,7086.0,195.0,13839800.0,33650
2023-05-09 21:11:22,p2311,p2311,7100.0,0.0,0.0,0.0,68,7092.0,7098.0,20,7062.0,7108.0,7110.0,7086.0,195.0,13839800.0,33650
2023-05-09 21:11:23,p2311,p2311,7100.0,0.0,0.0,0.0,72,7092.0,7098.0,20,7062.0,7108.0,7110.0,7086.0,195.0,13839800.0,33650
2023-05-09 21:11:26,p2311,p2311,7100.0,0.0,0.0,0.0,68,7092.0,7098.0,20,7062.0,7108.0,7110.0,7086.0,195.0,13839800.0,33650
2023-05-09 21:11:27,p2311,p2311,7100.0,0.0,0.0,0.0,5,7094.0,7098.0,15,7062.0,7108.0,7110.0,7086.0,195.0,13839800.0,33650
2023-05-09 21:11:27,p2311,p2311,7094.0,3.0,212820.0,-2.0,32,7092.0,7096.0,10,7062.0,7108.0,7110.0,7086.0,198.0,14052620.0,33648
2023-05-09 21:11:28,p2311,p2311,7094.0,0.0,0.0,0.0,12,7092.0,7096.0,10,7062.0,7108.0,7110.0,7086.0,198.0,14052620.0,33648
2023-05-09 21:11:28,p2311,p2311,7094.0,0.0,0.0,0.0,7,7092.0,7096.0,5,7062.0,7108.0,7110.0,7086.0,198.0,14052620.0,33648
2023-05-09 21:11:28,p2311,p2311,7094.0,0.0,0.0,0.0,2,7092.0,7096.0,5,7062.0,7108.0,7110.0,7086.0,198.0,14052620.0,33648
2023-05-09 21:11:31,p2311,p2311,7094.0,0.0,0.0,0.0,2,7092.0,7096.0,10,7062.0,7108.0,7110.0,7086.0,198.0,14052620.0,33648
2023-05-09 21:11:31,p2311,p2311,7092.0,1.0,70920.0,1.0,33,7090.0,7094.0,10,7062.0,7108.0,7110.0,7086.0,199.0,14123540.0,33649
2023-05-09 21:11:32,p2311,p2311,7092.0,0.0,0.0,0.0,15,7090.0,7096.0,65,7062.0,7108.0,7110.0,7086.0,199.0,14123540.0,33649
2023-05-09 21:11:32,p2311,p2311,7092.0,0.0,0.0,0.0,5,7090.0,7096.0,70,7062.0,7108.0,7110.0,7086.0,199.0,14123540.0,33649
2023-05-09 21:11:33,p2311,p2311,7092.0,0.0,0.0,0.0,10,7090.0,7096.0,70,7062.0,7108.0,7110.0,7086.0,199.0,14123540.0,33649
2023-05-09 21:11:34,p2311,p2311,7092.0,0.0,0.0,0.0,5,7090.0,7094.0,5,7062.0,7108.0,7110.0,7086.0,199.0,14123540.0,33649
2023-05-09 21:11:35,p2311,p2311,7092.0,0.0,0.0,0.0,71,7088.0,7094.0,5,7062.0,7108.0,7110.0,7086.0,199.0,14123540.0,33649
2023-05-09 21:11:35,p2311,p2311,7092.0,0.0,0.0,0.0,73,7088.0,7094.0,5,7062.0,7108.0,7110.0,7086.0,199.0,14123540.0,33649
2023-05-09 21:11:36,p2311,p2311,7092.0,0.0,0.0,0.0,10,7090.0,7094.0,5,7062.0,7108.0,7110.0,7086.0,199.0,14123540.0,33649
2023-05-09 21:11:36,p2311,p2311,7092.0,0.0,0.0,0.0,11,7090.0,7094.0,5,7062.0,7108.0,7110.0,7086.0,199.0,14123540.0,33649
2023-05-09 21:11:37,p2311,p2311,7092.0,0.0,0.0,0.0,6,7090.0,7094.0,5,7062.0,7108.0,7110.0,7086.0,199.0,14123540.0,33649
2023-05-09 21:11:37,p2311,p2311,7092.0,0.0,0.0,0.0,61,7088.0,7094.0,5,7062.0,7108.0,7110.0,7086.0,199.0,14123540.0,33649
2023-05-09 21:11:38,p2311,p2311,7092.0,0.0,0.0,0.0,78,7088.0,7094.0,10,7062.0,7108.0,7110.0,7086.0,199.0,14123540.0,33649
2023-05-09 21:11:38,p2311,p2311,7092.0,0.0,0.0,0.0,79,7088.0,7094.0,10,7062.0,7108.0,7110.0,7086.0,199.0,14123540.0,33649
2023-05-09 21:11:41,p2311,p2311,7092.0,0.0,0.0,0.0,84,7088.0,7094.0,5,7062.0,7108.0,7110.0,7086.0,199.0,14123540.0,33649
2023-05-09 21:11:41,p2311,p2311,7092.0,0.0,0.0,0.0,5,7090.0,7096.0,65,7062.0,7108.0,7110.0,7086.0,199.0,14123540.0,33649
2023-05-09 21:11:42,p2311,p2311,7092.0,0.0,0.0,0.0,69,7088.0,7094.0,12,7062.0,7108.0,7110.0,7086.0,199.0,14123540.0,33649
2023-05-09 21:11:42,p2311,p2311,7092.0,0.0,0.0,0.0,79,7088.0,7094.0,7,7062.0,7108.0,7110.0,7086.0,199.0,14123540.0,33649
2023-05-09 21:11:43,p2311,p2311,7092.0,0.0,0.0,0.0,68,7088.0,7094.0,12,7062.0,7108.0,7110.0,7086.0,199.0,14123540.0,33649
2023-05-09 21:11:47,p2311,p2311,7092.0,0.0,0.0,0.0,63,7088.0,7094.0,7,7062.0,7108.0,7110.0,7086.0,199.0,14123540.0,33649
2023-05-09 21:11:55,p2311,p2311,7092.0,0.0,0.0,0.0,27,7088.0,7092.0,5,7062.0,7108.0,7110.0,7086.0,199.0,14123540.0,33649
2023-05-09 21:11:56,p2311,p2311,7092.0,0.0,0.0,0.0,22,7088.0,7094.0,38,7062.0,7108.0,7110.0,7086.0,199.0,14123540.0,33649
2023-05-09 21:11:56,p2311,p2311,7092.0,0.0,0.0,0.0,33,7088.0,7094.0,15,7062.0,7108.0,7110.0,7086.0,199.0,14123540.0,33649
2023-05-09 21:11:57,p2311,p2311,7092.0,0.0,0.0,0.0,41,7088.0,7094.0,7,7062.0,7108.0,7110.0,7086.0,199.0,14123540.0,33649
2023-05-09 21:11:57,p2311,p2311,7092.0,0.0,0.0,0.0,30,7088.0,7094.0,10,7062.0,7108.0,7110.0,7086.0,199.0,14123540.0,33649
2023-05-09 21:11:58,p2311,p2311,7092.0,0.0,0.0,0.0,58,7088.0,7094.0,2,7062.0,7108.0,7110.0,7086.0,199.0,14123540.0,33649
2023-05-09 21:11:58,p2311,p2311,7092.0,0.0,0.0,0.0,63,7088.0,7094.0,2,7062.0,7108.0,7110.0,7086.0,199.0,14123540.0,33649
2023-05-09 21:11:59,p2311,p2311,7092.0,0.0,0.0,0.0,63,7088.0,7094.0,7,7062.0,7108.0,7110.0,7086.0,199.0,14123540.0,33649
2023-05-09 21:12:02,p2311,p2311,7092.0,0.0,0.0,0.0,20,7090.0,7096.0,38,7062.0,7108.0,7110.0,7086.0,199.0,14123540.0,33649
2023-05-09 21:12:03,p2311,p2311,7092.0,0.0,0.0,0.0,15,7090.0,7096.0,40,7062.0,7108.0,7110.0,7086.0,199.0,14123540.0,33649
2023-05-09 21:12:03,p2311,p2311,7092.0,0.0,0.0,0.0,55,7088.0,7094.0,2,7062.0,7108.0,7110.0,7086.0,199.0,14123540.0,33649
2023-05-09 21:12:03,p2311,p2311,7092.0,0.0,0.0,0.0,62,7088.0,7094.0,2,7062.0,7108.0,7110.0,7086.0,199.0,14123540.0,33649
2023-05-09 21:12:04,p2311,p2311,7092.0,0.0,0.0,0.0,62,7088.0,7094.0,7,7062.0,7108.0,7110.0,7086.0,199.0,14123540.0,33649
2023-05-09 21:12:07,p2311,p2311,7092.0,0.0,0.0,0.0,42,7088.0,7092.0,7,7062.0,7108.0,7110.0,7086.0,199.0,14123540.0,33649
2023-05-09 21:12:07,p2311,p2311,7092.0,0.0,0.0,0.0,12,7088.0,7092.0,7,7062.0,7108.0,7110.0,7086.0,199.0,14123540.0,33649
2023-05-09 21:12:07,p2311,p2311,7092.0,0.0,0.0,0.0,7,7088.0,7092.0,2,7062.0,7108.0,7110.0,7086.0,199.0,14123540.0,33649
2023-05-09 21:12:08,p2311,p2311,7092.0,0.0,0.0,0.0,7,7088.0,7094.0,60,7062.0,7108.0,7110.0,7086.0,199.0,14123540.0,33649
2023-05-09 21:12:09,p2311,p2311,7092.0,0.0,0.0,0.0,2,7088.0,7094.0,65,7062.0,7108.0,7110.0,7086.0,199.0,14123540.0,33649
2023-05-09 21:12:09,p2311,p2311,7092.0,0.0,0.0,0.0,7,7088.0,7094.0,65,7062.0,7108.0,7110.0,7086.0,199.0,14123540.0,33649
2023-05-09 21:12:14,p2311,p2311,7092.0,0.0,0.0,0.0,7,7088.0,7092.0,5,7062.0,7108.0,7110.0,7086.0,199.0,14123540.0,33649
2023-05-09 21:12:15,p2311,p2311,7092.0,0.0,0.0,0.0,2,7088.0,7092.0,5,7062.0,7108.0,7110.0,7086.0,199.0,14123540.0,33649
2023-05-09 21:12:23,p2311,p2311,7092.0,2.0,141840.0,0.0,2,7088.0,7092.0,3,7062.0,7108.0,7110.0,7086.0,201.0,14265380.0,33649
2023-05-09 21:12:26,p2311,p2311,7088.0,1.0,70880.0,1.0,1,7088.0,7092.0,3,7062.0,7108.0,7110.0,7086.0,202.0,14336260.0,33650
2023-05-09 21:12:26,p2311,p2311,7088.0,0.0,0.0,0.0,78,7086.0,7092.0,3,7062.0,7108.0,7110.0,7086.0,202.0,14336260.0,33650
2023-05-09 21:12:26,p2311,p2311,7088.0,0.0,0.0,0.0,76,7086.0,7092.0,3,7062.0,7108.0,7110.0,7086.0,202.0,14336260.0,33650
2023-05-09 21:12:27,p2311,p2311,7088.0,0.0,0.0,0.0,78,7086.0,7092.0,3,7062.0,7108.0,7110.0,7086.0,202.0,14336260.0,33650
2023-05-09 21:12:29,p2311,p2311,7088.0,0.0,0.0,0.0,74,7086.0,7092.0,5,7062.0,7108.0,7110.0,7086.0,202.0,14336260.0,33650
2023-05-09 21:12:30,p2311,p2311,7092.0,1.0,70920.0,0.0,5,7088.0,7094.0,75,7062.0,7108.0,7110.0,7086.0,203.0,14407180.0,33650
2023-05-09 21:12:30,p2311,p2311,7088.0,1.0,70880.0,0.0,4,7088.0,7094.0,70,7062.0,7108.0,7110.0,7086.0,204.0,14478060.0,33650
2023-05-09 21:12:31,p2311,p2311,7088.0,0.0,0.0,0.0,9,7088.0,7094.0,65,7062.0,7108.0,7110.0,7086.0,204.0,14478060.0,33650
2023-05-09 21:12:32,p2311,p2311,7088.0,3.0,212640.0,0.0,4,7088.0,7094.0,65,7062.0,7108.0,7110.0,7086.0,207.0,14690700.0,33650
2023-05-09 21:12:32,p2311,p2311,7088.0,0.0,0.0,0.0,5,7090.0,7094.0,43,7062.0,7108.0,7110.0,7086.0,207.0,14690700.0,33650
2023-05-09 21:12:33,p2311,p2311,7090.0,2.0,141780.0,2.0,5,7090.0,7092.0,1,7062.0,7108.0,7110.0,7086.0,209.0,14832480.0,33652
2023-05-09 21:12:33,p2311,p2311,7092.0,1.0,70920.0,1.0,46,7088.0,7094.0,27,7062.0,7108.0,7110.0,7086.0,210.0,14903400.0,33653
2023-05-09 21:12:34,p2311,p2311,7092.0,0.0,0.0,0.0,30,7088.0,7094.0,25,7062.0,7108.0,7110.0,7086.0,210.0,14903400.0,33653
2023-05-09 21:12:34,p2311,p2311,7092.0,0.0,0.0,0.0,25,7088.0,7094.0,20,7062.0,7108.0,7110.0,7086.0,210.0,14903400.0,33653
2023-05-09 21:12:38,p2311,p2311,7092.0,0.0,0.0,0.0,25,7088.0,7094.0,13,7062.0,7108.0,7110.0,7086.0,210.0,14903400.0,33653
2023-05-09 21:12:38,p2311,p2311,7092.0,0.0,0.0,0.0,2,7090.0,7094.0,5,7062.0,7108.0,7110.0,7086.0,210.0,14903400.0,33653
2023-05-09 21:12:39,p2311,p2311,7092.0,0.0,0.0,0.0,3,7090.0,7094.0,5,7062.0,7108.0,7110.0,7086.0,210.0,14903400.0,33653
2023-05-09 21:12:40,p2311,p2311,7092.0,0.0,0.0,0.0,3,7090.0,7094.0,15,7062.0,7108.0,7110.0,7086.0,210.0,14903400.0,33653
