time,symbol_id,symbol_name,last,trade_volume,trade_amount,open_interest_change,bv1,bp1,ap1,av1,yesterday_close,today_open,today_high,today_low,volume,amount,open_interest
2023-05-09 20:59:00,pb2312,pb2312,15305.0,0.0,0.0,0.0,1,14705.0,15665.0,1,15305.0,0.0,0.0,0.0,0.0,0.0,94
2023-05-09 21:00:01,pb2312,pb2312,15305.0,0.0,0.0,0.0,3,14710.0,15660.0,3,15305.0,0.0,0.0,0.0,0.0,0.0,94
2023-05-09 21:00:01,pb2312,pb2312,15305.0,0.0,0.0,0.0,1,14715.0,15660.0,2,15305.0,0.0,0.0,0.0,0.0,0.0,94
2023-05-09 21:00:02,pb2312,pb2312,15305.0,0.0,0.0,0.0,2,14715.0,15660.0,2,15305.0,0.0,0.0,0.0,0.0,0.0,94
2023-05-09 21:00:02,pb2312,pb2312,15305.0,0.0,0.0,0.0,2,14720.0,15655.0,1,15305.0,0.0,0.0,0.0,0.0,0.0,94
2023-05-09 21:00:03,pb2312,pb2312,15305.0,0.0,0.0,0.0,3,14720.0,15650.0,2,15305.0,0.0,0.0,0.0,0.0,0.0,94
2023-05-09 21:00:03,pb2312,pb2312,15305.0,0.0,0.0,0.0,3,14725.0,15650.0,2,15305.0,0.0,0.0,0.0,0.0,0.0,94
2023-05-09 21:00:04,pb2312,pb2312,15305.0,0.0,0.0,0.0,2,14730.0,15650.0,2,15305.0,0.0,0.0,0.0,0.0,0.0,94
2023-05-09 21:00:04,pb2312,pb2312,15305.0,0.0,0.0,0.0,1,14735.0,15640.0,1,15305.0,0.0,0.0,0.0,0.0,0.0,94
2023-05-09 21:00:05,pb2312,pb2312,15305.0,0.0,0.0,0.0,2,14740.0,15635.0,2,15305.0,0.0,0.0,0.0,0.0,0.0,94
2023-05-09 21:00:05,pb2312,pb2312,15305.0,0.0,0.0,0.0,1,14750.0,15625.0,1,15305.0,0.0,0.0,0.0,0.0,0.0,94
2023-05-09 21:00:06,pb2312,pb2312,15305.0,0.0,0.0,0.0,2,14755.0,15620.0,2,15305.0,0.0,0.0,0.0,0.0,0.0,94
2023-05-09 21:00:06,pb2312,pb2312,15305.0,0.0,0.0,0.0,1,14765.0,15620.0,3,15305.0,0.0,0.0,0.0,0.0,0.0,94
2023-05-09 21:00:07,pb2312,pb2312,15305.0,0.0,0.0,0.0,2,14770.0,15620.0,3,15305.0,0.0,0.0,0.0,0.0,0.0,94
2023-05-09 21:00:07,pb2312,pb2312,15305.0,0.0,0.0,0.0,1,14775.0,15610.0,1,15305.0,0.0,0.0,0.0,0.0,0.0,94
2023-05-09 21:00:08,pb2312,pb2312,15305.0,0.0,0.0,0.0,2,14780.0,15605.0,2,15305.0,0.0,0.0,0.0,0.0,0.0,94
2023-05-09 21:00:08,pb2312,pb2312,15305.0,0.0,0.0,0.0,1,14790.0,15595.0,1,15305.0,0.0,0.0,0.0,0.0,0.0,94
2023-05-09 21:00:09,pb2312,pb2312,15305.0,0.0,0.0,0.0,3,14795.0,15590.0,2,15305.0,0.0,0.0,0.0,0.0,0.0,94
2023-05-09 21:00:09,pb2312,pb2312,15305.0,0.0,0.0,0.0,1,14805.0,15580.0,1,15305.0,0.0,0.0,0.0,0.0,0.0,94
2023-05-09 21:00:10,pb2312,pb2312,15305.0,0.0,0.0,0.0,2,14810.0,15575.0,2,15305.0,0.0,0.0,0.0,0.0,0.0,94
2023-05-09 21:00:10,pb2312,pb2312,15305.0,0.0,0.0,0.0,1,14820.0,15565.0,1,15305.0,0.0,0.0,0.0,0.0,0.0,94
2023-05-09 21:00:11,pb2312,pb2312,15305.0,0.0,0.0,0.0,1,14820.0,15565.0,1,15305.0,0.0,0.0,0.0,0.0,0.0,94
2023-05-09 21:00:11,pb2312,pb2312,15305.0,0.0,0.0,0.0,2,14825.0,15560.0,2,15305.0,0.0,0.0,0.0,0.0,0.0,94
2023-05-09 21:00:12,pb2312,pb2312,15305.0,0.0,0.0,0.0,1,14835.0,15550.0,1,15305.0,0.0,0.0,0.0,0.0,0.0,94
2023-05-09 21:00:12,pb2312,pb2312,15305.0,0.0,0.0,0.0,2,14840.0,15545.0,4,15305.0,0.0,0.0,0.0,0.0,0.0,94
2023-05-09 21:00:13,pb2312,pb2312,15305.0,0.0,0.0,0.0,1,14850.0,15535.0,1,15305.0,0.0,0.0,0.0,0.0,0.0,94
2023-05-09 21:00:13,pb2312,pb2312,15305.0,0.0,0.0,0.0,3,14855.0,15530.0,2,15305.0,0.0,0.0,0.0,0.0,0.0,94
2023-05-09 21:00:14,pb2312,pb2312,15305.0,0.0,0.0,0.0,1,14865.0,15520.0,1,15305.0,0.0,0.0,0.0,0.0,0.0,94
2023-05-09 21:00:14,pb2312,pb2312,15305.0,0.0,0.0,0.0,1,14925.0,15515.0,2,15305.0,0.0,0.0,0.0,0.0,0.0,94
2023-05-09 21:00:15,pb2312,pb2312,15305.0,0.0,0.0,0.0,1,14935.0,15505.0,1,15305.0,0.0,0.0,0.0,0.0,0.0,94
2023-05-09 21:00:15,pb2312,pb2312,15305.0,0.0,0.0,0.0,2,14940.0,15500.0,2,15305.0,0.0,0.0,0.0,0.0,0.0,94
2023-05-09 21:00:16,pb2312,pb2312,15305.0,0.0,0.0,0.0,1,14950.0,15490.0,1,15305.0,0.0,0.0,0.0,0.0,0.0,94
2023-05-09 21:00:16,pb2312,pb2312,15305.0,0.0,0.0,0.0,3,14955.0,15485.0,2,15305.0,0.0,0.0,0.0,0.0,0.0,94
2023-05-09 21:00:17,pb2312,pb2312,15305.0,0.0,0.0,0.0,1,14965.0,15485.0,2,15305.0,0.0,0.0,0.0,0.0,0.0,94
2023-05-09 21:00:17,pb2312,pb2312,15305.0,0.0,0.0,0.0,3,14970.0,15485.0,2,15305.0,0.0,0.0,0.0,0.0,0.0,94
2023-05-09 21:00:18,pb2312,pb2312,15305.0,0.0,0.0,0.0,1,14980.0,15485.0,2,15305.0,0.0,0.0,0.0,0.0,0.0,94
2023-05-09 21:00:18,pb2312,pb2312,15305.0,0.0,0.0,0.0,2,14985.0,15480.0,1,15305.0,0.0,0.0,0.0,0.0,0.0,94
2023-05-09 21:00:19,pb2312,pb2312,15305.0,0.0,0.0,0.0,1,14995.0,15475.0,3,15305.0,0.0,0.0,0.0,0.0,0.0,94
2023-05-09 21:00:19,pb2312,pb2312,15305.0,0.0,0.0,0.0,2,15000.0,15475.0,3,15305.0,0.0,0.0,0.0,0.0,0.0,94
2023-05-09 21:00:20,pb2312,pb2312,15305.0,0.0,0.0,0.0,1,15010.0,15475.0,3,15305.0,0.0,0.0,0.0,0.0,0.0,94
2023-05-09 21:00:20,pb2312,pb2312,15305.0,0.0,0.0,0.0,2,15015.0,15475.0,3,15305.0,0.0,0.0,0.0,0.0,0.0,94
2023-05-09 21:00:21,pb2312,pb2312,15305.0,0.0,0.0,0.0,1,15025.0,15475.0,3,15305.0,0.0,0.0,0.0,0.0,0.0,94
2023-05-09 21:00:21,pb2312,pb2312,15305.0,0.0,0.0,0.0,2,15030.0,15475.0,3,15305.0,0.0,0.0,0.0,0.0,0.0,94
2023-05-09 21:00:22,pb2312,pb2312,15305.0,0.0,0.0,0.0,1,15040.0,15470.0,2,15305.0,0.0,0.0,0.0,0.0,0.0,94
2023-05-09 21:00:22,pb2312,pb2312,15305.0,0.0,0.0,0.0,3,15045.0,15465.0,2,15305.0,0.0,0.0,0.0,0.0,0.0,94
2023-05-09 21:00:23,pb2312,pb2312,15305.0,0.0,0.0,0.0,1,15055.0,15460.0,1,15305.0,0.0,0.0,0.0,0.0,0.0,94
2023-05-09 21:00:23,pb2312,pb2312,15305.0,0.0,0.0,0.0,2,15060.0,15455.0,2,15305.0,0.0,0.0,0.0,0.0,0.0,94
2023-05-09 21:00:24,pb2312,pb2312,15305.0,0.0,0.0,0.0,1,15070.0,15455.0,2,15305.0,0.0,0.0,0.0,0.0,0.0,94
2023-05-09 21:00:24,pb2312,pb2312,15305.0,0.0,0.0,0.0,2,15075.0,15455.0,2,15305.0,0.0,0.0,0.0,0.0,0.0,94
2023-05-09 21:00:25,pb2312,pb2312,15305.0,0.0,0.0,0.0,1,15085.0,15450.0,3,15305.0,0.0,0.0,0.0,0.0,0.0,94
2023-05-09 21:00:25,pb2312,pb2312,15305.0,0.0,0.0,0.0,2,15250.0,15445.0,2,15305.0,0.0,0.0,0.0,0.0,0.0,94
2023-05-09 21:00:26,pb2312,pb2312,15305.0,0.0,0.0,0.0,2,15250.0,15440.0,1,15305.0,0.0,0.0,0.0,0.0,0.0,94
2023-05-09 21:00:26,pb2312,pb2312,15305.0,0.0,0.0,0.0,2,15250.0,15435.0,2,15305.0,0.0,0.0,0.0,0.0,0.0,94
2023-05-09 21:00:27,pb2312,pb2312,15305.0,0.0,0.0,0.0,2,15250.0,15435.0,2,15305.0,0.0,0.0,0.0,0.0,0.0,94
2023-05-09 21:00:28,pb2312,pb2312,15305.0,0.0,0.0,0.0,2,15250.0,15430.0,3,15305.0,0.0,0.0,0.0,0.0,0.0,94
2023-05-09 21:00:28,pb2312,pb2312,15305.0,0.0,0.0,0.0,2,15250.0,15425.0,2,15305.0,0.0,0.0,0.0,0.0,0.0,94
2023-05-09 21:00:30,pb2312,pb2312,15305.0,0.0,0.0,0.0,2,15250.0,15425.0,2,15305.0,0.0,0.0,0.0,0.0,0.0,94
2023-05-09 21:00:30,pb2312,pb2312,15305.0,0.0,0.0,0.0,2,15250.0,15420.0,1,15305.0,0.0,0.0,0.0,0.0,0.0,94
2023-05-09 21:00:31,pb2312,pb2312,15305.0,0.0,0.0,0.0,2,15250.0,15415.0,5,15305.0,0.0,0.0,0.0,0.0,0.0,94
2023-05-09 21:00:34,pb2312,pb2312,15305.0,0.0,0.0,0.0,2,15250.0,15415.0,5,15305.0,0.0,0.0,0.0,0.0,0.0,94
2023-05-09 21:00:35,pb2312,pb2312,15305.0,0.0,0.0,0.0,2,15250.0,15415.0,4,15305.0,0.0,0.0,0.0,0.0,0.0,94
2023-05-09 21:00:35,pb2312,pb2312,15305.0,0.0,0.0,0.0,2,15250.0,15410.0,1,15305.0,0.0,0.0,0.0,0.0,0.0,94
2023-05-09 21:00:36,pb2312,pb2312,15305.0,0.0,0.0,0.0,2,15250.0,15405.0,2,15305.0,0.0,0.0,0.0,0.0,0.0,94
2023-05-09 21:00:36,pb2312,pb2312,15305.0,0.0,0.0,0.0,2,15250.0,15405.0,4,15305.0,0.0,0.0,0.0,0.0,0.0,94
2023-05-09 21:00:37,pb2312,pb2312,15305.0,0.0,0.0,0.0,2,15250.0,15405.0,4,15305.0,0.0,0.0,0.0,0.0,0.0,94
2023-05-09 21:00:37,pb2312,pb2312,15305.0,0.0,0.0,0.0,2,15250.0,15405.0,4,15305.0,0.0,0.0,0.0,0.0,0.0,94
2023-05-09 21:00:38,pb2312,pb2312,15305.0,0.0,0.0,0.0,2,15250.0,15405.0,4,15305.0,0.0,0.0,0.0,0.0,0.0,94
2023-05-09 21:00:38,pb2312,pb2312,15305.0,0.0,0.0,0.0,2,15250.0,15405.0,4,15305.0,0.0,0.0,0.0,0.0,0.0,94
2023-05-09 21:00:39,pb2312,pb2312,15305.0,0.0,0.0,0.0,2,15250.0,15400.0,1,15305.0,0.0,0.0,0.0,0.0,0.0,94
2023-05-09 21:00:39,pb2312,pb2312,15305.0,0.0,0.0,0.0,2,15250.0,15395.0,3,15305.0,0.0,0.0,0.0,0.0,0.0,94
2023-05-09 21:00:40,pb2312,pb2312,15305.0,0.0,0.0,0.0,2,15250.0,15395.0,3,15305.0,0.0,0.0,0.0,0.0,0.0,94
2023-05-09 21:00:45,pb2312,pb2312,15305.0,0.0,0.0,0.0,2,15250.0,15390.0,1,15305.0,0.0,0.0,0.0,0.0,0.0,94
2023-05-09 21:00:45,pb2312,pb2312,15305.0,0.0,0.0,0.0,2,15250.0,15385.0,3,15305.0,0.0,0.0,0.0,0.0,0.0,94
2023-05-09 21:00:46,pb2312,pb2312,15305.0,0.0,0.0,0.0,2,15250.0,15380.0,1,15305.0,0.0,0.0,0.0,0.0,0.0,94
2023-05-09 21:00:46,pb2312,pb2312,15305.0,0.0,0.0,0.0,2,15250.0,15375.0,1,15305.0,0.0,0.0,0.0,0.0,0.0,94
2023-05-09 21:00:47,pb2312,pb2312,15305.0,0.0,0.0,0.0,2,15250.0,15375.0,1,15305.0,0.0,0.0,0.0,0.0,0.0,94
2023-05-09 21:00:47,pb2312,pb2312,15305.0,0.0,0.0,0.0,2,15250.0,15375.0,1,15305.0,0.0,0.0,0.0,0.0,0.0,94
2023-05-09 21:00:48,pb2312,pb2312,15305.0,0.0,0.0,0.0,2,15250.0,15375.0,2,15305.0,0.0,0.0,0.0,0.0,0.0,94
2023-05-09 21:00:48,pb2312,pb2312,15305.0,0.0,0.0,0.0,2,15250.0,15370.0,3,15305.0,0.0,0.0,0.0,0.0,0.0,94
2023-05-09 21:00:49,pb2312,pb2312,15305.0,0.0,0.0,0.0,2,15250.0,15365.0,1,15305.0,0.0,0.0,0.0,0.0,0.0,94
2023-05-09 21:00:49,pb2312,pb2312,15305.0,0.0,0.0,0.0,2,15250.0,15365.0,1,15305.0,0.0,0.0,0.0,0.0,0.0,94
2023-05-09 21:00:51,pb2312,pb2312,15305.0,0.0,0.0,0.0,2,15250.0,15365.0,1,15305.0,0.0,0.0,0.0,0.0,0.0,94
2023-05-09 21:00:52,pb2312,pb2312,15305.0,0.0,0.0,0.0,2,15250.0,15365.0,1,15305.0,0.0,0.0,0.0,0.0,0.0,94
2023-05-09 21:00:52,pb2312,pb2312,15305.0,0.0,0.0,0.0,2,15250.0,15360.0,1,15305.0,0.0,0.0,0.0,0.0,0.0,94
2023-05-09 21:00:53,pb2312,pb2312,15305.0,0.0,0.0,0.0,2,15250.0,15355.0,1,15305.0,0.0,0.0,0.0,0.0,0.0,94
2023-05-09 21:00:53,pb2312,pb2312,15305.0,0.0,0.0,0.0,2,15250.0,15355.0,1,15305.0,0.0,0.0,0.0,0.0,0.0,94
2023-05-09 21:00:54,pb2312,pb2312,15305.0,0.0,0.0,0.0,2,15250.0,15350.0,1,15305.0,0.0,0.0,0.0,0.0,0.0,94
2023-05-09 21:00:54,pb2312,pb2312,15305.0,0.0,0.0,0.0,2,15250.0,15350.0,1,15305.0,0.0,0.0,0.0,0.0,0.0,94
2023-05-09 21:00:57,pb2312,pb2312,15305.0,0.0,0.0,0.0,2,15250.0,15350.0,1,15305.0,0.0,0.0,0.0,0.0,0.0,94
2023-05-09 21:00:58,pb2312,pb2312,15305.0,0.0,0.0,0.0,2,15250.0,15350.0,1,15305.0,0.0,0.0,0.0,0.0,0.0,94
2023-05-09 21:01:00,pb2312,pb2312,15305.0,0.0,0.0,0.0,2,15250.0,15350.0,1,15305.0,0.0,0.0,0.0,0.0,0.0,94
2023-05-09 21:01:03,pb2312,pb2312,15305.0,0.0,0.0,0.0,2,15250.0,15350.0,1,15305.0,0.0,0.0,0.0,0.0,0.0,94
2023-05-09 21:01:03,pb2312,pb2312,15305.0,0.0,0.0,0.0,2,15250.0,15350.0,1,15305.0,0.0,0.0,0.0,0.0,0.0,94
2023-05-09 21:01:04,pb2312,pb2312,15305.0,0.0,0.0,0.0,2,15250.0,15345.0,2,15305.0,0.0,0.0,0.0,0.0,0.0,94
2023-05-09 21:01:05,pb2312,pb2312,15305.0,0.0,0.0,0.0,2,15250.0,15345.0,2,15305.0,0.0,0.0,0.0,0.0,0.0,94
2023-05-09 21:01:05,pb2312,pb2312,15305.0,0.0,0.0,0.0,2,15250.0,15340.0,1,15305.0,0.0,0.0,0.0,0.0,0.0,94
2023-05-09 21:01:06,pb2312,pb2312,15305.0,0.0,0.0,0.0,2,15250.0,15340.0,1,15305.0,0.0,0.0,0.0,0.0,0.0,94
2023-05-09 21:01:07,pb2312,pb2312,15305.0,0.0,0.0,0.0,2,15250.0,15340.0,1,15305.0,0.0,0.0,0.0,0.0,0.0,94
2023-05-09 21:01:10,pb2312,pb2312,15305.0,0.0,0.0,0.0,2,15250.0,15340.0,1,15305.0,0.0,0.0,0.0,0.0,0.0,94
2023-05-09 21:01:11,pb2312,pb2312,15305.0,0.0,0.0,0.0,2,15250.0,15340.0,1,15305.0,0.0,0.0,0.0,0.0,0.0,94
2023-05-09 21:01:13,pb2312,pb2312,15305.0,0.0,0.0,0.0,2,15250.0,15340.0,1,15305.0,0.0,0.0,0.0,0.0,0.0,94
2023-05-09 21:01:14,pb2312,pb2312,15305.0,0.0,0.0,0.0,2,15250.0,15340.0,1,15305.0,0.0,0.0,0.0,0.0,0.0,94
2023-05-09 21:01:17,pb2312,pb2312,15305.0,0.0,0.0,0.0,2,15250.0,15340.0,1,15305.0,0.0,0.0,0.0,0.0,0.0,94
2023-05-09 21:01:17,pb2312,pb2312,15305.0,0.0,0.0,0.0,2,15250.0,15340.0,1,15305.0,0.0,0.0,0.0,0.0,0.0,94
2023-05-09 21:01:18,pb2312,pb2312,15305.0,0.0,0.0,0.0,2,15250.0,15340.0,1,15305.0,0.0,0.0,0.0,0.0,0.0,94
2023-05-09 21:01:18,pb2312,pb2312,15305.0,0.0,0.0,0.0,2,15250.0,15340.0,1,15305.0,0.0,0.0,0.0,0.0,0.0,94
2023-05-09 21:01:20,pb2312,pb2312,15305.0,0.0,0.0,0.0,2,15250.0,15340.0,1,15305.0,0.0,0.0,0.0,0.0,0.0,94
2023-05-09 21:01:20,pb2312,pb2312,15305.0,0.0,0.0,0.0,2,15250.0,15340.0,1,15305.0,0.0,0.0,0.0,0.0,0.0,94
2023-05-09 21:01:40,pb2312,pb2312,15305.0,0.0,0.0,0.0,2,15250.0,15340.0,1,15305.0,0.0,0.0,0.0,0.0,0.0,94
2023-05-09 21:01:40,pb2312,pb2312,15305.0,0.0,0.0,0.0,2,15250.0,15340.0,1,15305.0,0.0,0.0,0.0,0.0,0.0,94
2023-05-09 21:01:41,pb2312,pb2312,15305.0,0.0,0.0,0.0,2,15250.0,15340.0,1,15305.0,0.0,0.0,0.0,0.0,0.0,94
2023-05-09 21:01:42,pb2312,pb2312,15305.0,0.0,0.0,0.0,2,15250.0,15340.0,1,15305.0,0.0,0.0,0.0,0.0,0.0,94
2023-05-09 21:01:44,pb2312,pb2312,15305.0,0.0,0.0,0.0,2,15250.0,15340.0,1,15305.0,0.0,0.0,0.0,0.0,0.0,94
2023-05-09 21:01:44,pb2312,pb2312,15305.0,0.0,0.0,0.0,2,15250.0,15340.0,1,15305.0,0.0,0.0,0.0,0.0,0.0,94
2023-05-09 21:01:48,pb2312,pb2312,15305.0,0.0,0.0,0.0,2,15250.0,15340.0,2,15305.0,0.0,0.0,0.0,0.0,0.0,94
2023-05-09 21:01:50,pb2312,pb2312,15305.0,0.0,0.0,0.0,2,15250.0,15335.0,2,15305.0,0.0,0.0,0.0,0.0,0.0,94
2023-05-09 21:01:50,pb2312,pb2312,15305.0,0.0,0.0,0.0,2,15250.0,15335.0,2,15305.0,0.0,0.0,0.0,0.0,0.0,94
2023-05-09 21:01:57,pb2312,pb2312,15305.0,0.0,0.0,0.0,2,15250.0,15335.0,2,15305.0,0.0,0.0,0.0,0.0,0.0,94
2023-05-09 21:01:57,pb2312,pb2312,15305.0,0.0,0.0,0.0,2,15250.0,15335.0,2,15305.0,0.0,0.0,0.0,0.0,0.0,94
2023-05-09 21:02:09,pb2312,pb2312,15305.0,0.0,0.0,0.0,2,15250.0,15335.0,2,15305.0,0.0,0.0,0.0,0.0,0.0,94
2023-05-09 21:02:10,pb2312,pb2312,15305.0,0.0,0.0,0.0,2,15250.0,15335.0,2,15305.0,0.0,0.0,0.0,0.0,0.0,94
2023-05-09 21:02:11,pb2312,pb2312,15305.0,0.0,0.0,0.0,2,15250.0,15335.0,2,15305.0,0.0,0.0,0.0,0.0,0.0,94
2023-05-09 21:02:11,pb2312,pb2312,15305.0,0.0,0.0,0.0,2,15250.0,15335.0,2,15305.0,0.0,0.0,0.0,0.0,0.0,94
2023-05-09 21:02:12,pb2312,pb2312,15305.0,0.0,0.0,0.0,2,15250.0,15335.0,2,15305.0,0.0,0.0,0.0,0.0,0.0,94
2023-05-09 21:02:13,pb2312,pb2312,15305.0,0.0,0.0,0.0,2,15250.0,15335.0,2,15305.0,0.0,0.0,0.0,0.0,0.0,94
2023-05-09 21:02:17,pb2312,pb2312,15305.0,0.0,0.0,0.0,2,15250.0,15335.0,2,15305.0,0.0,0.0,0.0,0.0,0.0,94
2023-05-09 21:02:17,pb2312,pb2312,15305.0,0.0,0.0,0.0,2,15250.0,15335.0,2,15305.0,0.0,0.0,0.0,0.0,0.0,94
2023-05-09 21:02:20,pb2312,pb2312,15305.0,0.0,0.0,0.0,2,15250.0,15335.0,2,15305.0,0.0,0.0,0.0,0.0,0.0,94
2023-05-09 21:02:21,pb2312,pb2312,15305.0,0.0,0.0,0.0,2,15250.0,15335.0,2,15305.0,0.0,0.0,0.0,0.0,0.0,94
2023-05-09 21:02:21,pb2312,pb2312,15305.0,0.0,0.0,0.0,2,15250.0,15335.0,2,15305.0,0.0,0.0,0.0,0.0,0.0,94
2023-05-09 21:02:22,pb2312,pb2312,15305.0,0.0,0.0,0.0,2,15250.0,15335.0,2,15305.0,0.0,0.0,0.0,0.0,0.0,94
2023-05-09 21:02:23,pb2312,pb2312,15305.0,0.0,0.0,0.0,2,15250.0,15335.0,2,15305.0,0.0,0.0,0.0,0.0,0.0,94
2023-05-09 21:02:23,pb2312,pb2312,15305.0,0.0,0.0,0.0,2,15250.0,15335.0,2,15305.0,0.0,0.0,0.0,0.0,0.0,94
2023-05-09 21:02:24,pb2312,pb2312,15305.0,0.0,0.0,0.0,2,15250.0,15335.0,2,15305.0,0.0,0.0,0.0,0.0,0.0,94
2023-05-09 21:02:25,pb2312,pb2312,15305.0,0.0,0.0,0.0,2,15250.0,15335.0,2,15305.0,0.0,0.0,0.0,0.0,0.0,94
2023-05-09 21:02:31,pb2312,pb2312,15305.0,0.0,0.0,0.0,2,15250.0,15335.0,2,15305.0,0.0,0.0,0.0,0.0,0.0,94
2023-05-09 21:02:32,pb2312,pb2312,15305.0,0.0,0.0,0.0,2,15250.0,15335.0,2,15305.0,0.0,0.0,0.0,0.0,0.0,94
2023-05-09 21:02:38,pb2312,pb2312,15305.0,0.0,0.0,0.0,2,15250.0,15335.0,2,15305.0,0.0,0.0,0.0,0.0,0.0,94
2023-05-09 21:02:39,pb2312,pb2312,15305.0,0.0,0.0,0.0,2,15250.0,15335.0,2,15305.0,0.0,0.0,0.0,0.0,0.0,94
2023-05-09 21:02:40,pb2312,pb2312,15305.0,0.0,0.0,0.0,2,15250.0,15335.0,2,15305.0,0.0,0.0,0.0,0.0,0.0,94
2023-05-09 21:02:40,pb2312,pb2312,15305.0,0.0,0.0,0.0,2,15250.0,15335.0,2,15305.0,0.0,0.0,0.0,0.0,0.0,94
2023-05-09 21:02:41,pb2312,pb2312,15305.0,0.0,0.0,0.0,2,15250.0,15335.0,2,15305.0,0.0,0.0,0.0,0.0,0.0,94
2023-05-09 21:02:42,pb2312,pb2312,15305.0,0.0,0.0,0.0,2,15250.0,15335.0,2,15305.0,0.0,0.0,0.0,0.0,0.0,94
2023-05-09 21:02:47,pb2312,pb2312,15305.0,0.0,0.0,0.0,2,15250.0,15335.0,2,15305.0,0.0,0.0,0.0,0.0,0.0,94
2023-05-09 21:02:47,pb2312,pb2312,15305.0,0.0,0.0,0.0,2,15250.0,15335.0,2,15305.0,0.0,0.0,0.0,0.0,0.0,94
2023-05-09 21:02:51,pb2312,pb2312,15305.0,0.0,0.0,0.0,2,15250.0,15335.0,2,15305.0,0.0,0.0,0.0,0.0,0.0,94
2023-05-09 21:02:52,pb2312,pb2312,15305.0,0.0,0.0,0.0,2,15250.0,15335.0,2,15305.0,0.0,0.0,0.0,0.0,0.0,94
2023-05-09 21:03:01,pb2312,pb2312,15305.0,0.0,0.0,0.0,3,15255.0,15335.0,2,15305.0,0.0,0.0,0.0,0.0,0.0,94
2023-05-09 21:05:00,pb2312,pb2312,15305.0,0.0,0.0,0.0,2,15255.0,15335.0,2,15305.0,0.0,0.0,0.0,0.0,0.0,94
2023-05-09 21:05:01,pb2312,pb2312,15305.0,0.0,0.0,0.0,2,15250.0,15335.0,2,15305.0,0.0,0.0,0.0,0.0,0.0,94
2023-05-09 21:05:02,pb2312,pb2312,15305.0,0.0,0.0,0.0,2,15250.0,15335.0,2,15305.0,0.0,0.0,0.0,0.0,0.0,94
2023-05-09 21:05:02,pb2312,pb2312,15305.0,0.0,0.0,0.0,2,15250.0,15335.0,2,15305.0,0.0,0.0,0.0,0.0,0.0,94
2023-05-09 21:05:04,pb2312,pb2312,15305.0,0.0,0.0,0.0,2,15250.0,15335.0,2,15305.0,0.0,0.0,0.0,0.0,0.0,94
2023-05-09 21:05:05,pb2312,pb2312,15305.0,0.0,0.0,0.0,2,15255.0,15335.0,2,15305.0,0.0,0.0,0.0,0.0,0.0,94
2023-05-09 21:06:47,pb2312,pb2312,15305.0,0.0,0.0,0.0,2,15255.0,15390.0,1,15305.0,0.0,0.0,0.0,0.0,0.0,94
2023-05-09 21:06:48,pb2312,pb2312,15305.0,0.0,0.0,0.0,2,15255.0,15385.0,8,15305.0,0.0,0.0,0.0,0.0,0.0,94
2023-05-09 21:06:49,pb2312,pb2312,15305.0,0.0,0.0,0.0,2,15255.0,15385.0,9,15305.0,0.0,0.0,0.0,0.0,0.0,94
2023-05-09 21:06:51,pb2312,pb2312,15305.0,0.0,0.0,0.0,2,15255.0,15380.0,2,15305.0,0.0,0.0,0.0,0.0,0.0,94
2023-05-09 21:06:52,pb2312,pb2312,15305.0,0.0,0.0,0.0,2,15255.0,15375.0,2,15305.0,0.0,0.0,0.0,0.0,0.0,94
2023-05-09 21:06:55,pb2312,pb2312,15305.0,0.0,0.0,0.0,2,15255.0,15375.0,2,15305.0,0.0,0.0,0.0,0.0,0.0,94
2023-05-09 21:06:55,pb2312,pb2312,15305.0,0.0,0.0,0.0,2,15255.0,15370.0,3,15305.0,0.0,0.0,0.0,0.0,0.0,94
2023-05-09 21:06:56,pb2312,pb2312,15305.0,0.0,0.0,0.0,2,15255.0,15365.0,2,15305.0,0.0,0.0,0.0,0.0,0.0,94
2023-05-09 21:06:56,pb2312,pb2312,15305.0,0.0,0.0,0.0,2,15255.0,15365.0,2,15305.0,0.0,0.0,0.0,0.0,0.0,94
2023-05-09 21:07:01,pb2312,pb2312,15305.0,0.0,0.0,0.0,2,15255.0,15365.0,4,15305.0,0.0,0.0,0.0,0.0,0.0,94
2023-05-09 21:07:02,pb2312,pb2312,15305.0,0.0,0.0,0.0,2,15255.0,15360.0,1,15305.0,0.0,0.0,0.0,0.0,0.0,94
2023-05-09 21:07:02,pb2312,pb2312,15305.0,0.0,0.0,0.0,2,15255.0,15355.0,2,15305.0,0.0,0.0,0.0,0.0,0.0,94
2023-05-09 21:07:03,pb2312,pb2312,15305.0,0.0,0.0,0.0,2,15250.0,15355.0,2,15305.0,0.0,0.0,0.0,0.0,0.0,94
2023-05-09 21:07:06,pb2312,pb2312,15305.0,0.0,0.0,0.0,2,15255.0,15355.0,2,15305.0,0.0,0.0,0.0,0.0,0.0,94
2023-05-09 21:07:08,pb2312,pb2312,15305.0,0.0,0.0,0.0,2,15255.0,15355.0,2,15305.0,0.0,0.0,0.0,0.0,0.0,94
2023-05-09 21:07:09,pb2312,pb2312,15305.0,0.0,0.0,0.0,2,15255.0,15350.0,1,15305.0,0.0,0.0,0.0,0.0,0.0,94
2023-05-09 21:07:09,pb2312,pb2312,15305.0,0.0,0.0,0.0,2,15255.0,15345.0,1,15305.0,0.0,0.0,0.0,0.0,0.0,94
2023-05-09 21:07:21,pb2312,pb2312,15305.0,0.0,0.0,0.0,2,15255.0,15345.0,1,15305.0,0.0,0.0,0.0,0.0,0.0,94
2023-05-09 21:07:27,pb2312,pb2312,15305.0,0.0,0.0,0.0,2,15255.0,15345.0,2,15305.0,0.0,0.0,0.0,0.0,0.0,94
2023-05-09 21:07:29,pb2312,pb2312,15305.0,0.0,0.0,0.0,2,15255.0,15345.0,2,15305.0,0.0,0.0,0.0,0.0,0.0,94
2023-05-09 21:07:34,pb2312,pb2312,15305.0,0.0,0.0,0.0,2,15255.0,15340.0,2,15305.0,0.0,0.0,0.0,0.0,0.0,94
2023-05-09 21:07:34,pb2312,pb2312,15305.0,0.0,0.0,0.0,2,15255.0,15340.0,2,15305.0,0.0,0.0,0.0,0.0,0.0,94
2023-05-09 21:07:50,pb2312,pb2312,15305.0,0.0,0.0,0.0,2,15255.0,15340.0,2,15305.0,0.0,0.0,0.0,0.0,0.0,94
2023-05-09 21:08:59,pb2312,pb2312,15305.0,0.0,0.0,0.0,2,15250.0,15340.0,2,15305.0,0.0,0.0,0.0,0.0,0.0,94
2023-05-09 21:09:00,pb2312,pb2312,15305.0,0.0,0.0,0.0,2,15250.0,15340.0,2,15305.0,0.0,0.0,0.0,0.0,0.0,94
2023-05-09 21:09:01,pb2312,pb2312,15305.0,0.0,0.0,0.0,2,15250.0,15340.0,2,15305.0,0.0,0.0,0.0,0.0,0.0,94
2023-05-09 21:09:01,pb2312,pb2312,15305.0,0.0,0.0,0.0,2,15250.0,15340.0,2,15305.0,0.0,0.0,0.0,0.0,0.0,94
2023-05-09 21:09:07,pb2312,pb2312,15305.0,0.0,0.0,0.0,2,15250.0,15340.0,2,15305.0,0.0,0.0,0.0,0.0,0.0,94
2023-05-09 21:09:08,pb2312,pb2312,15305.0,0.0,0.0,0.0,2,15250.0,15340.0,2,15305.0,0.0,0.0,0.0,0.0,0.0,94
2023-05-09 21:09:08,pb2312,pb2312,15305.0,0.0,0.0,0.0,2,15250.0,15340.0,2,15305.0,0.0,0.0,0.0,0.0,0.0,94
2023-05-09 21:09:09,pb2312,pb2312,15305.0,0.0,0.0,0.0,2,15250.0,15340.0,2,15305.0,0.0,0.0,0.0,0.0,0.0,94
2023-05-09 21:09:12,pb2312,pb2312,15305.0,0.0,0.0,0.0,2,15250.0,15340.0,2,15305.0,0.0,0.0,0.0,0.0,0.0,94
2023-05-09 21:09:13,pb2312,pb2312,15305.0,0.0,0.0,0.0,2,15250.0,15340.0,2,15305.0,0.0,0.0,0.0,0.0,0.0,94
2023-05-09 21:09:17,pb2312,pb2312,15305.0,0.0,0.0,0.0,2,15250.0,15340.0,2,15305.0,0.0,0.0,0.0,0.0,0.0,94
2023-05-09 21:09:17,pb2312,pb2312,15305.0,0.0,0.0,0.0,2,15250.0,15340.0,2,15305.0,0.0,0.0,0.0,0.0,0.0,94
2023-05-09 21:09:20,pb2312,pb2312,15305.0,0.0,0.0,0.0,2,15250.0,15340.0,2,15305.0,0.0,0.0,0.0,0.0,0.0,94
2023-05-09 21:09:22,pb2312,pb2312,15305.0,0.0,0.0,0.0,2,15250.0,15340.0,2,15305.0,0.0,0.0,0.0,0.0,0.0,94
2023-05-09 21:09:24,pb2312,pb2312,15305.0,0.0,0.0,0.0,2,15250.0,15340.0,2,15305.0,0.0,0.0,0.0,0.0,0.0,94
2023-05-09 21:09:24,pb2312,pb2312,15305.0,0.0,0.0,0.0,2,15250.0,15340.0,2,15305.0,0.0,0.0,0.0,0.0,0.0,94
2023-05-09 21:09:25,pb2312,pb2312,15305.0,0.0,0.0,0.0,2,15250.0,15340.0,2,15305.0,0.0,0.0,0.0,0.0,0.0,94
2023-05-09 21:09:25,pb2312,pb2312,15305.0,0.0,0.0,0.0,2,15250.0,15340.0,2,15305.0,0.0,0.0,0.0,0.0,0.0,94
2023-05-09 21:09:26,pb2312,pb2312,15305.0,0.0,0.0,0.0,2,15250.0,15340.0,2,15305.0,0.0,0.0,0.0,0.0,0.0,94
2023-05-09 21:09:26,pb2312,pb2312,15305.0,0.0,0.0,0.0,2,15250.0,15340.0,2,15305.0,0.0,0.0,0.0,0.0,0.0,94
2023-05-09 21:09:27,pb2312,pb2312,15305.0,0.0,0.0,0.0,2,15250.0,15340.0,2,15305.0,0.0,0.0,0.0,0.0,0.0,94
2023-05-09 21:09:27,pb2312,pb2312,15305.0,0.0,0.0,0.0,2,15250.0,15340.0,2,15305.0,0.0,0.0,0.0,0.0,0.0,94
2023-05-09 21:09:32,pb2312,pb2312,15305.0,0.0,0.0,0.0,2,15250.0,15340.0,2,15305.0,0.0,0.0,0.0,0.0,0.0,94
2023-05-09 21:09:33,pb2312,pb2312,15305.0,0.0,0.0,0.0,2,15250.0,15340.0,2,15305.0,0.0,0.0,0.0,0.0,0.0,94
2023-05-09 21:09:34,pb2312,pb2312,15305.0,0.0,0.0,0.0,2,15250.0,15340.0,2,15305.0,0.0,0.0,0.0,0.0,0.0,94
2023-05-09 21:09:34,pb2312,pb2312,15305.0,0.0,0.0,0.0,2,15250.0,15340.0,2,15305.0,0.0,0.0,0.0,0.0,0.0,94
2023-05-09 21:09:35,pb2312,pb2312,15305.0,0.0,0.0,0.0,2,15250.0,15340.0,2,15305.0,0.0,0.0,0.0,0.0,0.0,94
2023-05-09 21:09:36,pb2312,pb2312,15305.0,0.0,0.0,0.0,2,15250.0,15340.0,2,15305.0,0.0,0.0,0.0,0.0,0.0,94
2023-05-09 21:09:38,pb2312,pb2312,15305.0,0.0,0.0,0.0,2,15250.0,15340.0,2,15305.0,0.0,0.0,0.0,0.0,0.0,94
2023-05-09 21:09:39,pb2312,pb2312,15305.0,0.0,0.0,0.0,2,15250.0,15340.0,2,15305.0,0.0,0.0,0.0,0.0,0.0,94
2023-05-09 21:09:49,pb2312,pb2312,15305.0,0.0,0.0,0.0,2,15250.0,15340.0,2,15305.0,0.0,0.0,0.0,0.0,0.0,94
2023-05-09 21:09:50,pb2312,pb2312,15305.0,0.0,0.0,0.0,2,15250.0,15340.0,2,15305.0,0.0,0.0,0.0,0.0,0.0,94
2023-05-09 21:09:55,pb2312,pb2312,15305.0,0.0,0.0,0.0,2,15250.0,15340.0,2,15305.0,0.0,0.0,0.0,0.0,0.0,94
2023-05-09 21:09:55,pb2312,pb2312,15305.0,0.0,0.0,0.0,2,15250.0,15340.0,2,15305.0,0.0,0.0,0.0,0.0,0.0,94
2023-05-09 21:10:01,pb2312,pb2312,15305.0,0.0,0.0,0.0,2,15250.0,15340.0,2,15305.0,0.0,0.0,0.0,0.0,0.0,94
2023-05-09 21:10:01,pb2312,pb2312,15305.0,0.0,0.0,0.0,2,15250.0,15340.0,2,15305.0,0.0,0.0,0.0,0.0,0.0,94
2023-05-09 21:10:08,pb2312,pb2312,15305.0,0.0,0.0,0.0,2,15250.0,15340.0,2,15305.0,0.0,0.0,0.0,0.0,0.0,94
2023-05-09 21:10:08,pb2312,pb2312,15305.0,0.0,0.0,0.0,2,15250.0,15340.0,2,15305.0,0.0,0.0,0.0,0.0,0.0,94
2023-05-09 21:10:09,pb2312,pb2312,15305.0,0.0,0.0,0.0,2,15250.0,15340.0,2,15305.0,0.0,0.0,0.0,0.0,0.0,94
2023-05-09 21:10:10,pb2312,pb2312,15305.0,0.0,0.0,0.0,2,15250.0,15340.0,2,15305.0,0.0,0.0,0.0,0.0,0.0,94
2023-05-09 21:10:17,pb2312,pb2312,15305.0,0.0,0.0,0.0,2,15250.0,15340.0,2,15305.0,0.0,0.0,0.0,0.0,0.0,94
2023-05-09 21:10:17,pb2312,pb2312,15305.0,0.0,0.0,0.0,2,15250.0,15340.0,2,15305.0,0.0,0.0,0.0,0.0,0.0,94
2023-05-09 21:10:20,pb2312,pb2312,15305.0,0.0,0.0,0.0,2,15250.0,15340.0,2,15305.0,0.0,0.0,0.0,0.0,0.0,94
2023-05-09 21:10:21,pb2312,pb2312,15305.0,0.0,0.0,0.0,2,15250.0,15340.0,2,15305.0,0.0,0.0,0.0,0.0,0.0,94
2023-05-09 21:10:23,pb2312,pb2312,15305.0,0.0,0.0,0.0,2,15250.0,15340.0,2,15305.0,0.0,0.0,0.0,0.0,0.0,94
2023-05-09 21:10:23,pb2312,pb2312,15305.0,0.0,0.0,0.0,2,15250.0,15340.0,2,15305.0,0.0,0.0,0.0,0.0,0.0,94
2023-05-09 21:10:25,pb2312,pb2312,15305.0,0.0,0.0,0.0,2,15250.0,15340.0,2,15305.0,0.0,0.0,0.0,0.0,0.0,94
2023-05-09 21:10:25,pb2312,pb2312,15305.0,0.0,0.0,0.0,2,15250.0,15340.0,2,15305.0,0.0,0.0,0.0,0.0,0.0,94
2023-05-09 21:10:28,pb2312,pb2312,15305.0,0.0,0.0,0.0,2,15250.0,15340.0,2,15305.0,0.0,0.0,0.0,0.0,0.0,94
2023-05-09 21:10:28,pb2312,pb2312,15305.0,0.0,0.0,0.0,2,15250.0,15340.0,2,15305.0,0.0,0.0,0.0,0.0,0.0,94
2023-05-09 21:10:32,pb2312,pb2312,15305.0,0.0,0.0,0.0,2,15250.0,15340.0,2,15305.0,0.0,0.0,0.0,0.0,0.0,94
2023-05-09 21:10:33,pb2312,pb2312,15305.0,0.0,0.0,0.0,2,15250.0,15340.0,2,15305.0,0.0,0.0,0.0,0.0,0.0,94
2023-05-09 21:10:34,pb2312,pb2312,15305.0,0.0,0.0,0.0,2,15250.0,15340.0,2,15305.0,0.0,0.0,0.0,0.0,0.0,94
2023-05-09 21:10:35,pb2312,pb2312,15305.0,0.0,0.0,0.0,2,15250.0,15340.0,2,15305.0,0.0,0.0,0.0,0.0,0.0,94
2023-05-09 21:10:38,pb2312,pb2312,15305.0,0.0,0.0,0.0,2,15250.0,15340.0,2,15305.0,0.0,0.0,0.0,0.0,0.0,94
2023-05-09 21:10:39,pb2312,pb2312,15305.0,0.0,0.0,0.0,2,15250.0,15340.0,2,15305.0,0.0,0.0,0.0,0.0,0.0,94
2023-05-09 21:10:44,pb2312,pb2312,15305.0,0.0,0.0,0.0,2,15250.0,15340.0,2,15305.0,0.0,0.0,0.0,0.0,0.0,94
2023-05-09 21:10:44,pb2312,pb2312,15305.0,0.0,0.0,0.0,2,15250.0,15340.0,2,15305.0,0.0,0.0,0.0,0.0,0.0,94
2023-05-09 21:11:02,pb2312,pb2312,15305.0,0.0,0.0,0.0,2,15250.0,15340.0,2,15305.0,0.0,0.0,0.0,0.0,0.0,94
2023-05-09 21:11:03,pb2312,pb2312,15305.0,0.0,0.0,0.0,2,15250.0,15340.0,2,15305.0,0.0,0.0,0.0,0.0,0.0,94
2023-05-09 21:11:07,pb2312,pb2312,15305.0,0.0,0.0,0.0,2,15250.0,15340.0,2,15305.0,0.0,0.0,0.0,0.0,0.0,94
2023-05-09 21:11:08,pb2312,pb2312,15305.0,0.0,0.0,0.0,2,15250.0,15340.0,2,15305.0,0.0,0.0,0.0,0.0,0.0,94
2023-05-09 21:11:08,pb2312,pb2312,15305.0,0.0,0.0,0.0,2,15250.0,15340.0,2,15305.0,0.0,0.0,0.0,0.0,0.0,94
2023-05-09 21:11:09,pb2312,pb2312,15305.0,0.0,0.0,0.0,2,15250.0,15340.0,2,15305.0,0.0,0.0,0.0,0.0,0.0,94
2023-05-09 21:11:12,pb2312,pb2312,15305.0,0.0,0.0,0.0,2,15250.0,15340.0,2,15305.0,0.0,0.0,0.0,0.0,0.0,94
2023-05-09 21:11:12,pb2312,pb2312,15305.0,0.0,0.0,0.0,2,15250.0,15340.0,2,15305.0,0.0,0.0,0.0,0.0,0.0,94
2023-05-09 21:11:14,pb2312,pb2312,15305.0,0.0,0.0,0.0,2,15250.0,15340.0,2,15305.0,0.0,0.0,0.0,0.0,0.0,94
2023-05-09 21:11:14,pb2312,pb2312,15305.0,0.0,0.0,0.0,2,15250.0,15340.0,2,15305.0,0.0,0.0,0.0,0.0,0.0,94
2023-05-09 21:11:15,pb2312,pb2312,15305.0,0.0,0.0,0.0,2,15250.0,15340.0,2,15305.0,0.0,0.0,0.0,0.0,0.0,94
2023-05-09 21:11:17,pb2312,pb2312,15305.0,0.0,0.0,0.0,2,15250.0,15340.0,2,15305.0,0.0,0.0,0.0,0.0,0.0,94
2023-05-09 21:11:25,pb2312,pb2312,15305.0,0.0,0.0,0.0,2,15250.0,15340.0,2,15305.0,0.0,0.0,0.0,0.0,0.0,94
2023-05-09 21:11:25,pb2312,pb2312,15305.0,0.0,0.0,0.0,2,15250.0,15340.0,2,15305.0,0.0,0.0,0.0,0.0,0.0,94
2023-05-09 21:11:26,pb2312,pb2312,15305.0,0.0,0.0,0.0,2,15250.0,15335.0,1,15305.0,0.0,0.0,0.0,0.0,0.0,94
2023-05-09 21:11:28,pb2312,pb2312,15305.0,0.0,0.0,0.0,2,15250.0,15340.0,3,15305.0,0.0,0.0,0.0,0.0,0.0,94
2023-05-09 21:11:29,pb2312,pb2312,15305.0,0.0,0.0,0.0,2,15250.0,15340.0,3,15305.0,0.0,0.0,0.0,0.0,0.0,94
2023-05-09 21:11:29,pb2312,pb2312,15305.0,0.0,0.0,0.0,2,15250.0,15340.0,3,15305.0,0.0,0.0,0.0,0.0,0.0,94
2023-05-09 21:11:30,pb2312,pb2312,15305.0,0.0,0.0,0.0,2,15250.0,15340.0,3,15305.0,0.0,0.0,0.0,0.0,0.0,94
2023-05-09 21:11:30,pb2312,pb2312,15305.0,0.0,0.0,0.0,2,15250.0,15340.0,3,15305.0,0.0,0.0,0.0,0.0,0.0,94
2023-05-09 21:11:33,pb2312,pb2312,15305.0,0.0,0.0,0.0,2,15250.0,15340.0,3,15305.0,0.0,0.0,0.0,0.0,0.0,94
2023-05-09 21:11:33,pb2312,pb2312,15305.0,0.0,0.0,0.0,2,15250.0,15340.0,3,15305.0,0.0,0.0,0.0,0.0,0.0,94
2023-05-09 21:11:34,pb2312,pb2312,15305.0,0.0,0.0,0.0,2,15250.0,15340.0,2,15305.0,0.0,0.0,0.0,0.0,0.0,94
2023-05-09 21:11:42,pb2312,pb2312,15305.0,0.0,0.0,0.0,2,15250.0,15340.0,2,15305.0,0.0,0.0,0.0,0.0,0.0,94
2023-05-09 21:11:42,pb2312,pb2312,15305.0,0.0,0.0,0.0,2,15250.0,15340.0,2,15305.0,0.0,0.0,0.0,0.0,0.0,94
2023-05-09 21:11:47,pb2312,pb2312,15305.0,0.0,0.0,0.0,2,15250.0,15340.0,2,15305.0,0.0,0.0,0.0,0.0,0.0,94
2023-05-09 21:11:47,pb2312,pb2312,15305.0,0.0,0.0,0.0,2,15250.0,15340.0,2,15305.0,0.0,0.0,0.0,0.0,0.0,94
2023-05-09 21:11:50,pb2312,pb2312,15305.0,0.0,0.0,0.0,2,15250.0,15340.0,2,15305.0,0.0,0.0,0.0,0.0,0.0,94
2023-05-09 21:11:51,pb2312,pb2312,15305.0,0.0,0.0,0.0,2,15250.0,15340.0,2,15305.0,0.0,0.0,0.0,0.0,0.0,94
2023-05-09 21:12:03,pb2312,pb2312,15305.0,0.0,0.0,0.0,2,15250.0,15340.0,2,15305.0,0.0,0.0,0.0,0.0,0.0,94
2023-05-09 21:12:04,pb2312,pb2312,15305.0,0.0,0.0,0.0,2,15250.0,15340.0,2,15305.0,0.0,0.0,0.0,0.0,0.0,94
2023-05-09 21:12:06,pb2312,pb2312,15305.0,0.0,0.0,0.0,2,15250.0,15340.0,2,15305.0,0.0,0.0,0.0,0.0,0.0,94
2023-05-09 21:12:07,pb2312,pb2312,15305.0,0.0,0.0,0.0,2,15250.0,15340.0,2,15305.0,0.0,0.0,0.0,0.0,0.0,94
2023-05-09 21:12:21,pb2312,pb2312,15305.0,0.0,0.0,0.0,2,15250.0,15340.0,2,15305.0,0.0,0.0,0.0,0.0,0.0,94
2023-05-09 21:12:21,pb2312,pb2312,15305.0,0.0,0.0,0.0,2,15250.0,15340.0,2,15305.0,0.0,0.0,0.0,0.0,0.0,94
2023-05-09 21:12:24,pb2312,pb2312,15305.0,0.0,0.0,0.0,2,15250.0,15340.0,2,15305.0,0.0,0.0,0.0,0.0,0.0,94
2023-05-09 21:12:25,pb2312,pb2312,15305.0,0.0,0.0,0.0,2,15250.0,15340.0,2,15305.0,0.0,0.0,0.0,0.0,0.0,94
2023-05-09 21:12:26,pb2312,pb2312,15305.0,0.0,0.0,0.0,2,15250.0,15340.0,2,15305.0,0.0,0.0,0.0,0.0,0.0,94
2023-05-09 21:12:32,pb2312,pb2312,15305.0,0.0,0.0,0.0,2,15250.0,15385.0,1,15305.0,0.0,0.0,0.0,0.0,0.0,94
2023-05-09 21:12:33,pb2312,pb2312,15305.0,0.0,0.0,0.0,2,15250.0,15380.0,4,15305.0,0.0,0.0,0.0,0.0,0.0,94
2023-05-09 21:12:33,pb2312,pb2312,15305.0,0.0,0.0,0.0,2,15250.0,15380.0,4,15305.0,0.0,0.0,0.0,0.0,0.0,94
2023-05-09 21:12:34,pb2312,pb2312,15305.0,0.0,0.0,0.0,2,15250.0,15380.0,6,15305.0,0.0,0.0,0.0,0.0,0.0,94
2023-05-09 21:12:35,pb2312,pb2312,15305.0,0.0,0.0,0.0,2,15250.0,15380.0,6,15305.0,0.0,0.0,0.0,0.0,0.0,94
2023-05-09 21:12:35,pb2312,pb2312,15305.0,0.0,0.0,0.0,2,15250.0,15380.0,6,15305.0,0.0,0.0,0.0,0.0,0.0,94
2023-05-09 21:12:36,pb2312,pb2312,15305.0,0.0,0.0,0.0,2,15250.0,15375.0,2,15305.0,0.0,0.0,0.0,0.0,0.0,94
2023-05-09 21:12:37,pb2312,pb2312,15305.0,0.0,0.0,0.0,2,15250.0,15370.0,2,15305.0,0.0,0.0,0.0,0.0,0.0,94
2023-05-09 21:12:38,pb2312,pb2312,15305.0,0.0,0.0,0.0,2,15250.0,15365.0,1,15305.0,0.0,0.0,0.0,0.0,0.0,94
2023-05-09 21:12:39,pb2312,pb2312,15305.0,0.0,0.0,0.0,2,15250.0,15360.0,2,15305.0,0.0,0.0,0.0,0.0,0.0,94
2023-05-09 21:12:39,pb2312,pb2312,15305.0,0.0,0.0,0.0,2,15250.0,15360.0,2,15305.0,0.0,0.0,0.0,0.0,0.0,94
2023-05-09 21:12:40,pb2312,pb2312,15305.0,0.0,0.0,0.0,2,15250.0,15360.0,2,15305.0,0.0,0.0,0.0,0.0,0.0,94
2023-05-09 21:12:40,pb2312,pb2312,15305.0,0.0,0.0,0.0,2,15250.0,15360.0,2,15305.0,0.0,0.0,0.0,0.0,0.0,94
2023-05-09 21:12:44,pb2312,pb2312,15305.0,0.0,0.0,0.0,2,15250.0,15355.0,1,15305.0,0.0,0.0,0.0,0.0,0.0,94
2023-05-09 21:12:45,pb2312,pb2312,15305.0,0.0,0.0,0.0,2,15250.0,15350.0,1,15305.0,0.0,0.0,0.0,0.0,0.0,94
2023-05-09 21:12:46,pb2312,pb2312,15305.0,0.0,0.0,0.0,2,15250.0,15350.0,1,15305.0,0.0,0.0,0.0,0.0,0.0,94
2023-05-09 21:12:47,pb2312,pb2312,15305.0,0.0,0.0,0.0,2,15250.0,15350.0,1,15305.0,0.0,0.0,0.0,0.0,0.0,94
2023-05-09 21:12:50,pb2312,pb2312,15305.0,0.0,0.0,0.0,2,15250.0,15350.0,1,15305.0,0.0,0.0,0.0,0.0,0.0,94
2023-05-09 21:12:51,pb2312,pb2312,15305.0,0.0,0.0,0.0,2,15250.0,15345.0,1,15305.0,0.0,0.0,0.0,0.0,0.0,94
2023-05-09 21:12:51,pb2312,pb2312,15305.0,0.0,0.0,0.0,2,15250.0,15340.0,1,15305.0,0.0,0.0,0.0,0.0,0.0,94
2023-05-09 21:12:56,pb2312,pb2312,15305.0,0.0,0.0,0.0,2,15250.0,15340.0,1,15305.0,0.0,0.0,0.0,0.0,0.0,94
2023-05-09 21:12:57,pb2312,pb2312,15305.0,0.0,0.0,0.0,2,15250.0,15340.0,1,15305.0,0.0,0.0,0.0,0.0,0.0,94
2023-05-09 21:13:05,pb2312,pb2312,15305.0,0.0,0.0,0.0,2,15250.0,15340.0,1,15305.0,0.0,0.0,0.0,0.0,0.0,94
2023-05-09 21:13:05,pb2312,pb2312,15305.0,0.0,0.0,0.0,2,15250.0,15340.0,1,15305.0,0.0,0.0,0.0,0.0,0.0,94
2023-05-09 21:13:06,pb2312,pb2312,15305.0,0.0,0.0,0.0,2,15250.0,15340.0,1,15305.0,0.0,0.0,0.0,0.0,0.0,94
2023-05-09 21:13:06,pb2312,pb2312,15305.0,0.0,0.0,0.0,2,15250.0,15340.0,1,15305.0,0.0,0.0,0.0,0.0,0.0,94
2023-05-09 21:13:15,pb2312,pb2312,15305.0,0.0,0.0,0.0,2,15250.0,15340.0,1,15305.0,0.0,0.0,0.0,0.0,0.0,94
2023-05-09 21:13:19,pb2312,pb2312,15305.0,0.0,0.0,0.0,2,15250.0,15335.0,2,15305.0,0.0,0.0,0.0,0.0,0.0,94
2023-05-09 21:13:20,pb2312,pb2312,15305.0,0.0,0.0,0.0,2,15250.0,15335.0,2,15305.0,0.0,0.0,0.0,0.0,0.0,94
2023-05-09 21:13:21,pb2312,pb2312,15305.0,0.0,0.0,0.0,2,15250.0,15335.0,2,15305.0,0.0,0.0,0.0,0.0,0.0,94
2023-05-09 21:13:22,pb2312,pb2312,15305.0,0.0,0.0,0.0,2,15250.0,15335.0,2,15305.0,0.0,0.0,0.0,0.0,0.0,94
2023-05-09 21:13:23,pb2312,pb2312,15305.0,0.0,0.0,0.0,2,15250.0,15335.0,2,15305.0,0.0,0.0,0.0,0.0,0.0,94
2023-05-09 21:13:24,pb2312,pb2312,15305.0,0.0,0.0,0.0,2,15250.0,15335.0,2,15305.0,0.0,0.0,0.0,0.0,0.0,94
2023-05-09 21:13:27,pb2312,pb2312,15305.0,0.0,0.0,0.0,2,15250.0,15335.0,2,15305.0,0.0,0.0,0.0,0.0,0.0,94
2023-05-09 21:13:27,pb2312,pb2312,15305.0,0.0,0.0,0.0,2,15250.0,15335.0,2,15305.0,0.0,0.0,0.0,0.0,0.0,94
2023-05-09 21:13:29,pb2312,pb2312,15305.0,0.0,0.0,0.0,2,15250.0,15335.0,2,15305.0,0.0,0.0,0.0,0.0,0.0,94
2023-05-09 21:13:30,pb2312,pb2312,15305.0,0.0,0.0,0.0,2,15250.0,15335.0,2,15305.0,0.0,0.0,0.0,0.0,0.0,94
2023-05-09 21:13:31,pb2312,pb2312,15305.0,0.0,0.0,0.0,2,15250.0,15335.0,2,15305.0,0.0,0.0,0.0,0.0,0.0,94
2023-05-09 21:13:31,pb2312,pb2312,15305.0,0.0,0.0,0.0,2,15250.0,15335.0,2,15305.0,0.0,0.0,0.0,0.0,0.0,94
2023-05-09 21:13:32,pb2312,pb2312,15305.0,0.0,0.0,0.0,2,15250.0,15335.0,2,15305.0,0.0,0.0,0.0,0.0,0.0,94
2023-05-09 21:13:33,pb2312,pb2312,15305.0,0.0,0.0,0.0,2,15250.0,15335.0,2,15305.0,0.0,0.0,0.0,0.0,0.0,94
2023-05-09 21:13:35,pb2312,pb2312,15305.0,0.0,0.0,0.0,2,15250.0,15335.0,2,15305.0,0.0,0.0,0.0,0.0,0.0,94
2023-05-09 21:13:35,pb2312,pb2312,15305.0,0.0,0.0,0.0,2,15250.0,15335.0,2,15305.0,0.0,0.0,0.0,0.0,0.0,94
2023-05-09 21:13:48,pb2312,pb2312,15305.0,0.0,0.0,0.0,2,15250.0,15335.0,2,15305.0,0.0,0.0,0.0,0.0,0.0,94
2023-05-09 21:13:48,pb2312,pb2312,15305.0,0.0,0.0,0.0,2,15250.0,15335.0,2,15305.0,0.0,0.0,0.0,0.0,0.0,94
2023-05-09 21:13:49,pb2312,pb2312,15305.0,0.0,0.0,0.0,2,15250.0,15335.0,2,15305.0,0.0,0.0,0.0,0.0,0.0,94
2023-05-09 21:13:49,pb2312,pb2312,15305.0,0.0,0.0,0.0,2,15250.0,15335.0,2,15305.0,0.0,0.0,0.0,0.0,0.0,94
2023-05-09 21:13:53,pb2312,pb2312,15305.0,0.0,0.0,0.0,2,15250.0,15335.0,2,15305.0,0.0,0.0,0.0,0.0,0.0,94
2023-05-09 21:13:53,pb2312,pb2312,15305.0,0.0,0.0,0.0,2,15250.0,15335.0,2,15305.0,0.0,0.0,0.0,0.0,0.0,94
2023-05-09 21:13:54,pb2312,pb2312,15305.0,0.0,0.0,0.0,2,15250.0,15335.0,2,15305.0,0.0,0.0,0.0,0.0,0.0,94
2023-05-09 21:13:54,pb2312,pb2312,15305.0,0.0,0.0,0.0,2,15250.0,15335.0,2,15305.0,0.0,0.0,0.0,0.0,0.0,94
2023-05-09 21:13:56,pb2312,pb2312,15305.0,0.0,0.0,0.0,2,15250.0,15335.0,2,15305.0,0.0,0.0,0.0,0.0,0.0,94
2023-05-09 21:13:57,pb2312,pb2312,15305.0,0.0,0.0,0.0,2,15250.0,15335.0,2,15305.0,0.0,0.0,0.0,0.0,0.0,94
2023-05-09 21:13:59,pb2312,pb2312,15305.0,0.0,0.0,0.0,2,15250.0,15335.0,2,15305.0,0.0,0.0,0.0,0.0,0.0,94
2023-05-09 21:13:59,pb2312,pb2312,15305.0,0.0,0.0,0.0,2,15250.0,15335.0,2,15305.0,0.0,0.0,0.0,0.0,0.0,94
2023-05-09 21:14:03,pb2312,pb2312,15305.0,0.0,0.0,0.0,2,15250.0,15335.0,2,15305.0,0.0,0.0,0.0,0.0,0.0,94
2023-05-09 21:14:03,pb2312,pb2312,15305.0,0.0,0.0,0.0,2,15250.0,15335.0,2,15305.0,0.0,0.0,0.0,0.0,0.0,94
2023-05-09 21:14:05,pb2312,pb2312,15305.0,0.0,0.0,0.0,2,15250.0,15335.0,2,15305.0,0.0,0.0,0.0,0.0,0.0,94
2023-05-09 21:14:06,pb2312,pb2312,15305.0,0.0,0.0,0.0,2,15250.0,15335.0,2,15305.0,0.0,0.0,0.0,0.0,0.0,94
2023-05-09 21:14:17,pb2312,pb2312,15305.0,0.0,0.0,0.0,2,15250.0,15335.0,2,15305.0,0.0,0.0,0.0,0.0,0.0,94
2023-05-09 21:14:18,pb2312,pb2312,15305.0,0.0,0.0,0.0,2,15250.0,15335.0,2,15305.0,0.0,0.0,0.0,0.0,0.0,94
2023-05-09 21:14:21,pb2312,pb2312,15305.0,0.0,0.0,0.0,2,15250.0,15335.0,2,15305.0,0.0,0.0,0.0,0.0,0.0,94
2023-05-09 21:14:22,pb2312,pb2312,15305.0,0.0,0.0,0.0,2,15250.0,15335.0,2,15305.0,0.0,0.0,0.0,0.0,0.0,94
2023-05-09 21:14:27,pb2312,pb2312,15305.0,0.0,0.0,0.0,2,15250.0,15335.0,2,15305.0,0.0,0.0,0.0,0.0,0.0,94
2023-05-09 21:14:28,pb2312,pb2312,15305.0,0.0,0.0,0.0,2,15250.0,15335.0,2,15305.0,0.0,0.0,0.0,0.0,0.0,94
2023-05-09 21:14:28,pb2312,pb2312,15305.0,0.0,0.0,0.0,2,15250.0,15335.0,2,15305.0,0.0,0.0,0.0,0.0,0.0,94
2023-05-09 21:14:29,pb2312,pb2312,15305.0,0.0,0.0,0.0,2,15250.0,15335.0,2,15305.0,0.0,0.0,0.0,0.0,0.0,94
2023-05-09 21:14:30,pb2312,pb2312,15305.0,0.0,0.0,0.0,2,15250.0,15335.0,2,15305.0,0.0,0.0,0.0,0.0,0.0,94
2023-05-09 21:14:31,pb2312,pb2312,15305.0,0.0,0.0,0.0,2,15250.0,15335.0,2,15305.0,0.0,0.0,0.0,0.0,0.0,94
2023-05-09 21:14:32,pb2312,pb2312,15305.0,0.0,0.0,0.0,2,15250.0,15335.0,2,15305.0,0.0,0.0,0.0,0.0,0.0,94
2023-05-09 21:14:32,pb2312,pb2312,15305.0,0.0,0.0,0.0,2,15250.0,15335.0,2,15305.0,0.0,0.0,0.0,0.0,0.0,94
2023-05-09 21:14:42,pb2312,pb2312,15305.0,0.0,0.0,0.0,2,15250.0,15335.0,2,15305.0,0.0,0.0,0.0,0.0,0.0,94
2023-05-09 21:14:42,pb2312,pb2312,15305.0,0.0,0.0,0.0,2,15250.0,15335.0,2,15305.0,0.0,0.0,0.0,0.0,0.0,94
2023-05-09 21:14:46,pb2312,pb2312,15305.0,0.0,0.0,0.0,2,15250.0,15335.0,2,15305.0,0.0,0.0,0.0,0.0,0.0,94
2023-05-09 21:14:46,pb2312,pb2312,15305.0,0.0,0.0,0.0,2,15250.0,15335.0,2,15305.0,0.0,0.0,0.0,0.0,0.0,94
2023-05-09 21:14:49,pb2312,pb2312,15305.0,0.0,0.0,0.0,2,15250.0,15335.0,2,15305.0,0.0,0.0,0.0,0.0,0.0,94
2023-05-09 21:14:49,pb2312,pb2312,15305.0,0.0,0.0,0.0,2,15250.0,15335.0,2,15305.0,0.0,0.0,0.0,0.0,0.0,94
2023-05-09 21:14:54,pb2312,pb2312,15305.0,0.0,0.0,0.0,2,15250.0,15335.0,2,15305.0,0.0,0.0,0.0,0.0,0.0,94
2023-05-09 21:14:55,pb2312,pb2312,15305.0,0.0,0.0,0.0,2,15250.0,15335.0,2,15305.0,0.0,0.0,0.0,0.0,0.0,94
2023-05-09 21:14:59,pb2312,pb2312,15305.0,0.0,0.0,0.0,2,15250.0,15335.0,2,15305.0,0.0,0.0,0.0,0.0,0.0,94
2023-05-09 21:14:59,pb2312,pb2312,15305.0,0.0,0.0,0.0,2,15250.0,15335.0,2,15305.0,0.0,0.0,0.0,0.0,0.0,94
2023-05-09 21:15:29,pb2312,pb2312,15305.0,0.0,0.0,0.0,2,15250.0,15335.0,2,15305.0,0.0,0.0,0.0,0.0,0.0,94
2023-05-09 21:15:30,pb2312,pb2312,15305.0,0.0,0.0,0.0,2,15250.0,15335.0,2,15305.0,0.0,0.0,0.0,0.0,0.0,94
2023-05-09 21:15:46,pb2312,pb2312,15305.0,0.0,0.0,0.0,2,15250.0,15335.0,2,15305.0,0.0,0.0,0.0,0.0,0.0,94
2023-05-09 21:15:46,pb2312,pb2312,15305.0,0.0,0.0,0.0,2,15250.0,15335.0,2,15305.0,0.0,0.0,0.0,0.0,0.0,94
2023-05-09 21:16:31,pb2312,pb2312,15305.0,0.0,0.0,0.0,1,15255.0,15335.0,2,15305.0,0.0,0.0,0.0,0.0,0.0,94
2023-05-09 21:16:45,pb2312,pb2312,15305.0,0.0,0.0,0.0,2,15250.0,15335.0,2,15305.0,0.0,0.0,0.0,0.0,0.0,94
2023-05-09 21:17:01,pb2312,pb2312,15305.0,0.0,0.0,0.0,2,15250.0,15335.0,2,15305.0,0.0,0.0,0.0,0.0,0.0,94
2023-05-09 21:17:01,pb2312,pb2312,15305.0,0.0,0.0,0.0,2,15250.0,15335.0,2,15305.0,0.0,0.0,0.0,0.0,0.0,94
2023-05-09 21:17:03,pb2312,pb2312,15305.0,0.0,0.0,0.0,2,15250.0,15335.0,2,15305.0,0.0,0.0,0.0,0.0,0.0,94
2023-05-09 21:17:23,pb2312,pb2312,15305.0,0.0,0.0,0.0,2,15250.0,15335.0,2,15305.0,0.0,0.0,0.0,0.0,0.0,94
2023-05-09 21:17:24,pb2312,pb2312,15305.0,0.0,0.0,0.0,2,15250.0,15335.0,2,15305.0,0.0,0.0,0.0,0.0,0.0,94
2023-05-09 21:17:38,pb2312,pb2312,15305.0,0.0,0.0,0.0,2,15250.0,15335.0,2,15305.0,0.0,0.0,0.0,0.0,0.0,94
2023-05-09 21:17:38,pb2312,pb2312,15305.0,0.0,0.0,0.0,2,15250.0,15335.0,2,15305.0,0.0,0.0,0.0,0.0,0.0,94
2023-05-09 21:17:51,pb2312,pb2312,15305.0,0.0,0.0,0.0,2,15250.0,15335.0,2,15305.0,0.0,0.0,0.0,0.0,0.0,94
2023-05-09 21:17:51,pb2312,pb2312,15305.0,0.0,0.0,0.0,2,15250.0,15335.0,2,15305.0,0.0,0.0,0.0,0.0,0.0,94
2023-05-09 21:17:57,pb2312,pb2312,15305.0,0.0,0.0,0.0,2,15250.0,15335.0,2,15305.0,0.0,0.0,0.0,0.0,0.0,94
2023-05-09 21:17:58,pb2312,pb2312,15305.0,0.0,0.0,0.0,2,15250.0,15335.0,2,15305.0,0.0,0.0,0.0,0.0,0.0,94
2023-05-09 21:18:19,pb2312,pb2312,15305.0,0.0,0.0,0.0,2,15250.0,15380.0,1,15305.0,0.0,0.0,0.0,0.0,0.0,94
2023-05-09 21:18:19,pb2312,pb2312,15305.0,0.0,0.0,0.0,2,15250.0,15375.0,4,15305.0,0.0,0.0,0.0,0.0,0.0,94
2023-05-09 21:18:20,pb2312,pb2312,15305.0,0.0,0.0,0.0,2,15250.0,15375.0,5,15305.0,0.0,0.0,0.0,0.0,0.0,94
2023-05-09 21:18:21,pb2312,pb2312,15305.0,0.0,0.0,0.0,2,15250.0,15370.0,2,15305.0,0.0,0.0,0.0,0.0,0.0,94
2023-05-09 21:18:22,pb2312,pb2312,15305.0,0.0,0.0,0.0,2,15250.0,15365.0,2,15305.0,0.0,0.0,0.0,0.0,0.0,94
2023-05-09 21:18:22,pb2312,pb2312,15305.0,0.0,0.0,0.0,2,15250.0,15365.0,2,15305.0,0.0,0.0,0.0,0.0,0.0,94
2023-05-09 21:18:27,pb2312,pb2312,15305.0,0.0,0.0,0.0,2,15250.0,15360.0,1,15305.0,0.0,0.0,0.0,0.0,0.0,94
2023-05-09 21:18:28,pb2312,pb2312,15305.0,0.0,0.0,0.0,2,15250.0,15355.0,2,15305.0,0.0,0.0,0.0,0.0,0.0,94
2023-05-09 21:18:28,pb2312,pb2312,15305.0,0.0,0.0,0.0,2,15250.0,15355.0,2,15305.0,0.0,0.0,0.0,0.0,0.0,94
2023-05-09 21:18:39,pb2312,pb2312,15305.0,0.0,0.0,0.0,2,15250.0,15355.0,2,15305.0,0.0,0.0,0.0,0.0,0.0,94
2023-05-09 21:18:40,pb2312,pb2312,15305.0,0.0,0.0,0.0,2,15250.0,15350.0,1,15305.0,0.0,0.0,0.0,0.0,0.0,94
2023-05-09 21:18:40,pb2312,pb2312,15305.0,0.0,0.0,0.0,2,15250.0,15345.0,1,15305.0,0.0,0.0,0.0,0.0,0.0,94
2023-05-09 21:18:52,pb2312,pb2312,15305.0,0.0,0.0,0.0,2,15250.0,15345.0,1,15305.0,0.0,0.0,0.0,0.0,0.0,94
2023-05-09 21:19:01,pb2312,pb2312,15305.0,0.0,0.0,0.0,2,15250.0,15345.0,1,15305.0,0.0,0.0,0.0,0.0,0.0,94
2023-05-09 21:19:07,pb2312,pb2312,15305.0,0.0,0.0,0.0,2,15250.0,15340.0,2,15305.0,0.0,0.0,0.0,0.0,0.0,94
2023-05-09 21:19:07,pb2312,pb2312,15305.0,0.0,0.0,0.0,2,15250.0,15340.0,2,15305.0,0.0,0.0,0.0,0.0,0.0,94
2023-05-09 21:19:30,pb2312,pb2312,15305.0,0.0,0.0,0.0,2,15250.0,15340.0,2,15305.0,0.0,0.0,0.0,0.0,0.0,94
2023-05-09 21:19:31,pb2312,pb2312,15305.0,0.0,0.0,0.0,2,15250.0,15340.0,2,15305.0,0.0,0.0,0.0,0.0,0.0,94
2023-05-09 21:20:56,pb2312,pb2312,15305.0,0.0,0.0,0.0,2,15250.0,15340.0,2,15305.0,0.0,0.0,0.0,0.0,0.0,94
2023-05-09 21:20:56,pb2312,pb2312,15305.0,0.0,0.0,0.0,2,15250.0,15340.0,2,15305.0,0.0,0.0,0.0,0.0,0.0,94
2023-05-09 21:21:04,pb2312,pb2312,15305.0,0.0,0.0,0.0,2,15250.0,15340.0,2,15305.0,0.0,0.0,0.0,0.0,0.0,94
2023-05-09 21:21:05,pb2312,pb2312,15305.0,0.0,0.0,0.0,2,15250.0,15340.0,2,15305.0,0.0,0.0,0.0,0.0,0.0,94
2023-05-09 21:21:18,pb2312,pb2312,15305.0,0.0,0.0,0.0,2,15250.0,15335.0,1,15305.0,0.0,0.0,0.0,0.0,0.0,94
2023-05-09 21:21:55,pb2312,pb2312,15305.0,0.0,0.0,0.0,2,15250.0,15335.0,1,15305.0,0.0,0.0,0.0,0.0,0.0,94
2023-05-09 21:21:58,pb2312,pb2312,15305.0,0.0,0.0,0.0,2,15250.0,15330.0,2,15305.0,0.0,0.0,0.0,0.0,0.0,94
2023-05-09 21:21:58,pb2312,pb2312,15305.0,0.0,0.0,0.0,2,15250.0,15330.0,2,15305.0,0.0,0.0,0.0,0.0,0.0,94
2023-05-09 21:22:37,pb2312,pb2312,15305.0,0.0,0.0,0.0,2,15250.0,15325.0,1,15305.0,0.0,0.0,0.0,0.0,0.0,94
2023-05-09 21:23:07,pb2312,pb2312,15305.0,0.0,0.0,0.0,2,15250.0,15330.0,2,15305.0,0.0,0.0,0.0,0.0,0.0,94
2023-05-09 21:24:48,pb2312,pb2312,15305.0,0.0,0.0,0.0,2,15250.0,15330.0,2,15305.0,0.0,0.0,0.0,0.0,0.0,94
2023-05-09 21:24:49,pb2312,pb2312,15305.0,0.0,0.0,0.0,2,15250.0,15330.0,2,15305.0,0.0,0.0,0.0,0.0,0.0,94
2023-05-09 21:26:30,pb2312,pb2312,15305.0,0.0,0.0,0.0,2,15250.0,15330.0,2,15305.0,0.0,0.0,0.0,0.0,0.0,94
2023-05-09 21:26:30,pb2312,pb2312,15305.0,0.0,0.0,0.0,2,15250.0,15330.0,2,15305.0,0.0,0.0,0.0,0.0,0.0,94
2023-05-09 21:26:57,pb2312,pb2312,15305.0,0.0,0.0,0.0,2,15250.0,15375.0,1,15305.0,0.0,0.0,0.0,0.0,0.0,94
2023-05-09 21:26:57,pb2312,pb2312,15305.0,0.0,0.0,0.0,2,15250.0,15370.0,4,15305.0,0.0,0.0,0.0,0.0,0.0,94
2023-05-09 21:26:58,pb2312,pb2312,15305.0,0.0,0.0,0.0,2,15250.0,15370.0,5,15305.0,0.0,0.0,0.0,0.0,0.0,94
2023-05-09 21:26:58,pb2312,pb2312,15305.0,0.0,0.0,0.0,2,15250.0,15365.0,1,15305.0,0.0,0.0,0.0,0.0,0.0,94
2023-05-09 21:26:59,pb2312,pb2312,15305.0,0.0,0.0,0.0,2,15250.0,15360.0,2,15305.0,0.0,0.0,0.0,0.0,0.0,94
2023-05-09 21:27:00,pb2312,pb2312,15305.0,0.0,0.0,0.0,2,15250.0,15360.0,2,15305.0,0.0,0.0,0.0,0.0,0.0,94
2023-05-09 21:27:01,pb2312,pb2312,15305.0,0.0,0.0,0.0,2,15250.0,15360.0,3,15305.0,0.0,0.0,0.0,0.0,0.0,94
2023-05-09 21:27:01,pb2312,pb2312,15305.0,0.0,0.0,0.0,2,15250.0,15360.0,3,15305.0,0.0,0.0,0.0,0.0,0.0,94
2023-05-09 21:27:04,pb2312,pb2312,15305.0,0.0,0.0,0.0,2,15250.0,15360.0,3,15305.0,0.0,0.0,0.0,0.0,0.0,94
2023-05-09 21:27:05,pb2312,pb2312,15305.0,0.0,0.0,0.0,2,15250.0,15355.0,1,15305.0,0.0,0.0,0.0,0.0,0.0,94
2023-05-09 21:27:05,pb2312,pb2312,15305.0,0.0,0.0,0.0,2,15250.0,15350.0,2,15305.0,0.0,0.0,0.0,0.0,0.0,94
2023-05-09 21:27:09,pb2312,pb2312,15305.0,0.0,0.0,0.0,2,15250.0,15345.0,1,15305.0,0.0,0.0,0.0,0.0,0.0,94
2023-05-09 21:27:09,pb2312,pb2312,15305.0,0.0,0.0,0.0,2,15250.0,15340.0,1,15305.0,0.0,0.0,0.0,0.0,0.0,94
2023-05-09 21:27:11,pb2312,pb2312,15305.0,0.0,0.0,0.0,2,15250.0,15340.0,1,15305.0,0.0,0.0,0.0,0.0,0.0,94
2023-05-09 21:27:21,pb2312,pb2312,15305.0,0.0,0.0,0.0,2,15250.0,15340.0,1,15305.0,0.0,0.0,0.0,0.0,0.0,94
2023-05-09 21:27:21,pb2312,pb2312,15305.0,0.0,0.0,0.0,2,15250.0,15340.0,2,15305.0,0.0,0.0,0.0,0.0,0.0,94
2023-05-09 21:27:39,pb2312,pb2312,15305.0,0.0,0.0,0.0,2,15250.0,15340.0,2,15305.0,0.0,0.0,0.0,0.0,0.0,94
2023-05-09 21:27:43,pb2312,pb2312,15305.0,0.0,0.0,0.0,2,15250.0,15335.0,2,15305.0,0.0,0.0,0.0,0.0,0.0,94
2023-05-09 21:27:43,pb2312,pb2312,15305.0,0.0,0.0,0.0,2,15250.0,15335.0,2,15305.0,0.0,0.0,0.0,0.0,0.0,94
2023-05-09 21:27:52,pb2312,pb2312,15305.0,0.0,0.0,0.0,2,15250.0,15335.0,2,15305.0,0.0,0.0,0.0,0.0,0.0,94
2023-05-09 21:27:52,pb2312,pb2312,15305.0,0.0,0.0,0.0,2,15250.0,15335.0,2,15305.0,0.0,0.0,0.0,0.0,0.0,94
2023-05-09 21:29:11,pb2312,pb2312,15305.0,0.0,0.0,0.0,2,15250.0,15335.0,2,15305.0,0.0,0.0,0.0,0.0,0.0,94
2023-05-09 21:29:11,pb2312,pb2312,15305.0,0.0,0.0,0.0,2,15250.0,15335.0,2,15305.0,0.0,0.0,0.0,0.0,0.0,94
2023-05-09 21:29:46,pb2312,pb2312,15305.0,0.0,0.0,0.0,2,15250.0,15335.0,2,15305.0,0.0,0.0,0.0,0.0,0.0,94
2023-05-09 21:29:47,pb2312,pb2312,15305.0,0.0,0.0,0.0,2,15250.0,15335.0,2,15305.0,0.0,0.0,0.0,0.0,0.0,94
2023-05-09 21:30:56,pb2312,pb2312,15305.0,0.0,0.0,0.0,2,15250.0,15335.0,2,15305.0,0.0,0.0,0.0,0.0,0.0,94
2023-05-09 21:30:56,pb2312,pb2312,15305.0,0.0,0.0,0.0,2,15250.0,15335.0,2,15305.0,0.0,0.0,0.0,0.0,0.0,94
2023-05-09 21:32:02,pb2312,pb2312,15305.0,0.0,0.0,0.0,2,15250.0,15335.0,2,15305.0,0.0,0.0,0.0,0.0,0.0,94
2023-05-09 21:32:02,pb2312,pb2312,15305.0,0.0,0.0,0.0,2,15250.0,15335.0,2,15305.0,0.0,0.0,0.0,0.0,0.0,94
2023-05-09 21:32:42,pb2312,pb2312,15305.0,0.0,0.0,0.0,2,15250.0,15340.0,1,15305.0,0.0,0.0,0.0,0.0,0.0,94
2023-05-09 21:32:42,pb2312,pb2312,15305.0,0.0,0.0,0.0,1,15255.0,15335.0,1,15305.0,0.0,0.0,0.0,0.0,0.0,94
2023-05-09 21:32:45,pb2312,pb2312,15305.0,0.0,0.0,0.0,1,15255.0,15330.0,2,15305.0,0.0,0.0,0.0,0.0,0.0,94
2023-05-09 21:32:46,pb2312,pb2312,15305.0,0.0,0.0,0.0,1,15255.0,15330.0,2,15305.0,0.0,0.0,0.0,0.0,0.0,94
2023-05-09 21:34:11,pb2312,pb2312,15305.0,0.0,0.0,0.0,2,15250.0,15330.0,2,15305.0,0.0,0.0,0.0,0.0,0.0,94
2023-05-09 21:34:24,pb2312,pb2312,15305.0,0.0,0.0,0.0,2,15250.0,15330.0,2,15305.0,0.0,0.0,0.0,0.0,0.0,94
2023-05-09 21:34:24,pb2312,pb2312,15305.0,0.0,0.0,0.0,2,15250.0,15330.0,2,15305.0,0.0,0.0,0.0,0.0,0.0,94
2023-05-09 21:34:25,pb2312,pb2312,15305.0,0.0,0.0,0.0,2,15250.0,15330.0,2,15305.0,0.0,0.0,0.0,0.0,0.0,94
2023-05-09 21:34:25,pb2312,pb2312,15305.0,0.0,0.0,0.0,2,15250.0,15330.0,2,15305.0,0.0,0.0,0.0,0.0,0.0,94
2023-05-09 21:34:43,pb2312,pb2312,15305.0,0.0,0.0,0.0,2,15250.0,15330.0,2,15305.0,0.0,0.0,0.0,0.0,0.0,94
2023-05-09 21:34:44,pb2312,pb2312,15305.0,0.0,0.0,0.0,2,15250.0,15330.0,2,15305.0,0.0,0.0,0.0,0.0,0.0,94
2023-05-09 21:34:47,pb2312,pb2312,15305.0,0.0,0.0,0.0,2,15250.0,15330.0,2,15305.0,0.0,0.0,0.0,0.0,0.0,94
2023-05-09 21:34:48,pb2312,pb2312,15305.0,0.0,0.0,0.0,2,15250.0,15330.0,2,15305.0,0.0,0.0,0.0,0.0,0.0,94
2023-05-09 21:34:52,pb2312,pb2312,15305.0,0.0,0.0,0.0,2,15250.0,15330.0,2,15305.0,0.0,0.0,0.0,0.0,0.0,94
2023-05-09 21:34:52,pb2312,pb2312,15305.0,0.0,0.0,0.0,2,15250.0,15330.0,2,15305.0,0.0,0.0,0.0,0.0,0.0,94
2023-05-09 21:35:15,pb2312,pb2312,15305.0,0.0,0.0,0.0,2,15250.0,15330.0,2,15305.0,0.0,0.0,0.0,0.0,0.0,94
2023-05-09 21:35:15,pb2312,pb2312,15305.0,0.0,0.0,0.0,2,15250.0,15330.0,2,15305.0,0.0,0.0,0.0,0.0,0.0,94
2023-05-09 21:36:32,pb2312,pb2312,15305.0,0.0,0.0,0.0,2,15250.0,15330.0,2,15305.0,0.0,0.0,0.0,0.0,0.0,94
2023-05-09 21:36:33,pb2312,pb2312,15305.0,0.0,0.0,0.0,2,15250.0,15330.0,2,15305.0,0.0,0.0,0.0,0.0,0.0,94
2023-05-09 21:37:12,pb2312,pb2312,15305.0,0.0,0.0,0.0,2,15250.0,15330.0,2,15305.0,0.0,0.0,0.0,0.0,0.0,94
2023-05-09 21:37:13,pb2312,pb2312,15305.0,0.0,0.0,0.0,2,15250.0,15330.0,2,15305.0,0.0,0.0,0.0,0.0,0.0,94
2023-05-09 21:37:37,pb2312,pb2312,15305.0,0.0,0.0,0.0,2,15250.0,15330.0,2,15305.0,0.0,0.0,0.0,0.0,0.0,94
2023-05-09 21:37:43,pb2312,pb2312,15305.0,0.0,0.0,0.0,2,15250.0,15330.0,2,15305.0,0.0,0.0,0.0,0.0,0.0,94
2023-05-09 21:37:45,pb2312,pb2312,15305.0,0.0,0.0,0.0,2,15250.0,15370.0,1,15305.0,0.0,0.0,0.0,0.0,0.0,94
2023-05-09 21:37:46,pb2312,pb2312,15305.0,0.0,0.0,0.0,2,15250.0,15365.0,4,15305.0,0.0,0.0,0.0,0.0,0.0,94
2023-05-09 21:37:50,pb2312,pb2312,15305.0,0.0,0.0,0.0,2,15250.0,15360.0,2,15305.0,0.0,0.0,0.0,0.0,0.0,94
2023-05-09 21:37:50,pb2312,pb2312,15305.0,0.0,0.0,0.0,2,15250.0,15355.0,2,15305.0,0.0,0.0,0.0,0.0,0.0,94
2023-05-09 21:37:56,pb2312,pb2312,15305.0,0.0,0.0,0.0,2,15250.0,15355.0,2,15305.0,0.0,0.0,0.0,0.0,0.0,94
2023-05-09 21:37:56,pb2312,pb2312,15305.0,0.0,0.0,0.0,2,15250.0,15355.0,2,15305.0,0.0,0.0,0.0,0.0,0.0,94
2023-05-09 21:37:57,pb2312,pb2312,15305.0,0.0,0.0,0.0,2,15250.0,15350.0,1,15305.0,0.0,0.0,0.0,0.0,0.0,94
2023-05-09 21:37:57,pb2312,pb2312,15305.0,0.0,0.0,0.0,2,15250.0,15345.0,1,15305.0,0.0,0.0,0.0,0.0,0.0,94
2023-05-09 21:38:01,pb2312,pb2312,15305.0,0.0,0.0,0.0,2,15250.0,15345.0,1,15305.0,0.0,0.0,0.0,0.0,0.0,94
2023-05-09 21:38:01,pb2312,pb2312,15305.0,0.0,0.0,0.0,2,15250.0,15345.0,1,15305.0,0.0,0.0,0.0,0.0,0.0,94
2023-05-09 21:38:03,pb2312,pb2312,15305.0,0.0,0.0,0.0,2,15250.0,15345.0,1,15305.0,0.0,0.0,0.0,0.0,0.0,94
2023-05-09 21:38:03,pb2312,pb2312,15305.0,0.0,0.0,0.0,2,15250.0,15345.0,2,15305.0,0.0,0.0,0.0,0.0,0.0,94
2023-05-09 21:38:05,pb2312,pb2312,15305.0,0.0,0.0,0.0,2,15250.0,15345.0,2,15305.0,0.0,0.0,0.0,0.0,0.0,94
2023-05-09 21:38:05,pb2312,pb2312,15305.0,0.0,0.0,0.0,2,15250.0,15345.0,2,15305.0,0.0,0.0,0.0,0.0,0.0,94
2023-05-09 21:38:06,pb2312,pb2312,15305.0,0.0,0.0,0.0,2,15250.0,15345.0,1,15305.0,0.0,0.0,0.0,0.0,0.0,94
2023-05-09 21:38:07,pb2312,pb2312,15305.0,0.0,0.0,0.0,2,15250.0,15340.0,1,15305.0,0.0,0.0,0.0,0.0,0.0,94
2023-05-09 21:38:07,pb2312,pb2312,15305.0,0.0,0.0,0.0,2,15250.0,15335.0,1,15305.0,0.0,0.0,0.0,0.0,0.0,94
2023-05-09 21:38:13,pb2312,pb2312,15305.0,0.0,0.0,0.0,2,15250.0,15335.0,1,15305.0,0.0,0.0,0.0,0.0,0.0,94
2023-05-09 21:38:26,pb2312,pb2312,15305.0,0.0,0.0,0.0,2,15250.0,15330.0,2,15305.0,0.0,0.0,0.0,0.0,0.0,94
2023-05-09 21:38:27,pb2312,pb2312,15305.0,0.0,0.0,0.0,2,15250.0,15330.0,2,15305.0,0.0,0.0,0.0,0.0,0.0,94
2023-05-09 21:40:02,pb2312,pb2312,15305.0,0.0,0.0,0.0,2,15250.0,15330.0,2,15305.0,0.0,0.0,0.0,0.0,0.0,94
2023-05-09 21:40:03,pb2312,pb2312,15305.0,0.0,0.0,0.0,2,15250.0,15330.0,2,15305.0,0.0,0.0,0.0,0.0,0.0,94
2023-05-09 21:41:18,pb2312,pb2312,15305.0,0.0,0.0,0.0,2,15250.0,15330.0,2,15305.0,0.0,0.0,0.0,0.0,0.0,94
2023-05-09 21:41:19,pb2312,pb2312,15305.0,0.0,0.0,0.0,2,15250.0,15330.0,2,15305.0,0.0,0.0,0.0,0.0,0.0,94
2023-05-09 21:41:52,pb2312,pb2312,15305.0,0.0,0.0,0.0,2,15250.0,15330.0,2,15305.0,0.0,0.0,0.0,0.0,0.0,94
2023-05-09 21:41:52,pb2312,pb2312,15305.0,0.0,0.0,0.0,2,15250.0,15330.0,2,15305.0,0.0,0.0,0.0,0.0,0.0,94
2023-05-09 21:43:27,pb2312,pb2312,15305.0,0.0,0.0,0.0,2,15250.0,15365.0,1,15305.0,0.0,0.0,0.0,0.0,0.0,94
2023-05-09 21:43:28,pb2312,pb2312,15305.0,0.0,0.0,0.0,2,15250.0,15360.0,2,15305.0,0.0,0.0,0.0,0.0,0.0,94
2023-05-09 21:43:31,pb2312,pb2312,15305.0,0.0,0.0,0.0,2,15250.0,15360.0,3,15305.0,0.0,0.0,0.0,0.0,0.0,94
2023-05-09 21:43:31,pb2312,pb2312,15305.0,0.0,0.0,0.0,2,15250.0,15355.0,1,15305.0,0.0,0.0,0.0,0.0,0.0,94
2023-05-09 21:43:32,pb2312,pb2312,15305.0,0.0,0.0,0.0,2,15250.0,15350.0,2,15305.0,0.0,0.0,0.0,0.0,0.0,94
2023-05-09 21:43:32,pb2312,pb2312,15305.0,0.0,0.0,0.0,2,15250.0,15350.0,2,15305.0,0.0,0.0,0.0,0.0,0.0,94
2023-05-09 21:43:33,pb2312,pb2312,15305.0,0.0,0.0,0.0,2,15250.0,15345.0,1,15305.0,0.0,0.0,0.0,0.0,0.0,94
2023-05-09 21:43:33,pb2312,pb2312,15305.0,0.0,0.0,0.0,2,15250.0,15340.0,1,15305.0,0.0,0.0,0.0,0.0,0.0,94
2023-05-09 21:43:37,pb2312,pb2312,15305.0,0.0,0.0,0.0,2,15250.0,15340.0,1,15305.0,0.0,0.0,0.0,0.0,0.0,94
2023-05-09 21:43:38,pb2312,pb2312,15305.0,0.0,0.0,0.0,2,15250.0,15340.0,2,15305.0,0.0,0.0,0.0,0.0,0.0,94
2023-05-09 21:43:40,pb2312,pb2312,15305.0,0.0,0.0,0.0,2,15250.0,15340.0,2,15305.0,0.0,0.0,0.0,0.0,0.0,94
2023-05-09 21:43:40,pb2312,pb2312,15305.0,0.0,0.0,0.0,2,15250.0,15340.0,1,15305.0,0.0,0.0,0.0,0.0,0.0,94
2023-05-09 21:43:50,pb2312,pb2312,15305.0,0.0,0.0,0.0,2,15250.0,15340.0,1,15305.0,0.0,0.0,0.0,0.0,0.0,94
2023-05-09 21:43:50,pb2312,pb2312,15305.0,0.0,0.0,0.0,2,15250.0,15340.0,1,15305.0,0.0,0.0,0.0,0.0,0.0,94
2023-05-09 21:44:08,pb2312,pb2312,15305.0,0.0,0.0,0.0,2,15250.0,15335.0,2,15305.0,0.0,0.0,0.0,0.0,0.0,94
2023-05-09 21:44:09,pb2312,pb2312,15305.0,0.0,0.0,0.0,2,15250.0,15335.0,2,15305.0,0.0,0.0,0.0,0.0,0.0,94
2023-05-09 21:45:02,pb2312,pb2312,15305.0,0.0,0.0,0.0,2,15250.0,15335.0,2,15305.0,0.0,0.0,0.0,0.0,0.0,94
2023-05-09 21:45:02,pb2312,pb2312,15305.0,0.0,0.0,0.0,2,15250.0,15335.0,2,15305.0,0.0,0.0,0.0,0.0,0.0,94
2023-05-09 21:45:16,pb2312,pb2312,15305.0,0.0,0.0,0.0,2,15250.0,15335.0,2,15305.0,0.0,0.0,0.0,0.0,0.0,94
2023-05-09 21:45:16,pb2312,pb2312,15305.0,0.0,0.0,0.0,2,15250.0,15335.0,2,15305.0,0.0,0.0,0.0,0.0,0.0,94
2023-05-09 21:45:38,pb2312,pb2312,15305.0,0.0,0.0,0.0,2,15250.0,15335.0,2,15305.0,0.0,0.0,0.0,0.0,0.0,94
2023-05-09 21:45:39,pb2312,pb2312,15305.0,0.0,0.0,0.0,2,15250.0,15335.0,2,15305.0,0.0,0.0,0.0,0.0,0.0,94
2023-05-09 21:46:03,pb2312,pb2312,15305.0,0.0,0.0,0.0,2,15250.0,15335.0,2,15305.0,0.0,0.0,0.0,0.0,0.0,94
2023-05-09 21:46:03,pb2312,pb2312,15305.0,0.0,0.0,0.0,2,15250.0,15335.0,2,15305.0,0.0,0.0,0.0,0.0,0.0,94
2023-05-09 21:46:36,pb2312,pb2312,15305.0,0.0,0.0,0.0,2,15250.0,15335.0,2,15305.0,0.0,0.0,0.0,0.0,0.0,94
2023-05-09 21:46:36,pb2312,pb2312,15305.0,0.0,0.0,0.0,2,15250.0,15335.0,2,15305.0,0.0,0.0,0.0,0.0,0.0,94
2023-05-09 21:46:52,pb2312,pb2312,15305.0,0.0,0.0,0.0,2,15250.0,15335.0,2,15305.0,0.0,0.0,0.0,0.0,0.0,94
2023-05-09 21:46:53,pb2312,pb2312,15305.0,0.0,0.0,0.0,2,15250.0,15335.0,2,15305.0,0.0,0.0,0.0,0.0,0.0,94
2023-05-09 21:47:03,pb2312,pb2312,15305.0,0.0,0.0,0.0,2,15250.0,15335.0,2,15305.0,0.0,0.0,0.0,0.0,0.0,94
2023-05-09 21:47:03,pb2312,pb2312,15305.0,0.0,0.0,0.0,2,15250.0,15335.0,2,15305.0,0.0,0.0,0.0,0.0,0.0,94
2023-05-09 21:47:07,pb2312,pb2312,15305.0,0.0,0.0,0.0,2,15250.0,15335.0,2,15305.0,0.0,0.0,0.0,0.0,0.0,94
2023-05-09 21:47:08,pb2312,pb2312,15305.0,0.0,0.0,0.0,2,15250.0,15335.0,2,15305.0,0.0,0.0,0.0,0.0,0.0,94
2023-05-09 21:47:11,pb2312,pb2312,15305.0,0.0,0.0,0.0,2,15250.0,15335.0,2,15305.0,0.0,0.0,0.0,0.0,0.0,94
2023-05-09 21:47:11,pb2312,pb2312,15305.0,0.0,0.0,0.0,2,15250.0,15335.0,2,15305.0,0.0,0.0,0.0,0.0,0.0,94
2023-05-09 21:47:50,pb2312,pb2312,15305.0,0.0,0.0,0.0,2,15250.0,15335.0,2,15305.0,0.0,0.0,0.0,0.0,0.0,94
2023-05-09 21:47:50,pb2312,pb2312,15305.0,0.0,0.0,0.0,2,15250.0,15335.0,2,15305.0,0.0,0.0,0.0,0.0,0.0,94
2023-05-09 21:49:02,pb2312,pb2312,15305.0,0.0,0.0,0.0,2,15250.0,15335.0,2,15305.0,0.0,0.0,0.0,0.0,0.0,94
2023-05-09 21:49:02,pb2312,pb2312,15305.0,0.0,0.0,0.0,2,15250.0,15335.0,2,15305.0,0.0,0.0,0.0,0.0,0.0,94
2023-05-09 21:49:07,pb2312,pb2312,15305.0,0.0,0.0,0.0,2,15250.0,15360.0,1,15305.0,0.0,0.0,0.0,0.0,0.0,94
2023-05-09 21:49:07,pb2312,pb2312,15305.0,0.0,0.0,0.0,2,15250.0,15355.0,2,15305.0,0.0,0.0,0.0,0.0,0.0,94
2023-05-09 21:49:11,pb2312,pb2312,15305.0,0.0,0.0,0.0,2,15250.0,15350.0,1,15305.0,0.0,0.0,0.0,0.0,0.0,94
2023-05-09 21:49:11,pb2312,pb2312,15305.0,0.0,0.0,0.0,2,15250.0,15345.0,1,15305.0,0.0,0.0,0.0,0.0,0.0,94
2023-05-09 21:49:12,pb2312,pb2312,15305.0,0.0,0.0,0.0,2,15250.0,15345.0,1,15305.0,0.0,0.0,0.0,0.0,0.0,94
2023-05-09 21:49:17,pb2312,pb2312,15305.0,0.0,0.0,0.0,2,15250.0,15345.0,1,15305.0,0.0,0.0,0.0,0.0,0.0,94
2023-05-09 21:49:18,pb2312,pb2312,15305.0,0.0,0.0,0.0,2,15250.0,15345.0,2,15305.0,0.0,0.0,0.0,0.0,0.0,94
2023-05-09 21:49:37,pb2312,pb2312,15305.0,0.0,0.0,0.0,2,15250.0,15345.0,2,15305.0,0.0,0.0,0.0,0.0,0.0,94
2023-05-09 21:49:38,pb2312,pb2312,15305.0,0.0,0.0,0.0,2,15250.0,15345.0,2,15305.0,0.0,0.0,0.0,0.0,0.0,94
2023-05-09 21:49:49,pb2312,pb2312,15305.0,0.0,0.0,0.0,2,15250.0,15340.0,2,15305.0,0.0,0.0,0.0,0.0,0.0,94
2023-05-09 21:49:49,pb2312,pb2312,15305.0,0.0,0.0,0.0,2,15250.0,15340.0,2,15305.0,0.0,0.0,0.0,0.0,0.0,94
2023-05-09 21:49:52,pb2312,pb2312,15305.0,0.0,0.0,0.0,2,15250.0,15340.0,2,15305.0,0.0,0.0,0.0,0.0,0.0,94
2023-05-09 21:49:53,pb2312,pb2312,15305.0,0.0,0.0,0.0,2,15250.0,15340.0,2,15305.0,0.0,0.0,0.0,0.0,0.0,94
2023-05-09 21:50:31,pb2312,pb2312,15305.0,0.0,0.0,0.0,1,15255.0,15340.0,2,15305.0,0.0,0.0,0.0,0.0,0.0,94
2023-05-09 21:50:37,pb2312,pb2312,15305.0,0.0,0.0,0.0,1,15255.0,15335.0,1,15305.0,0.0,0.0,0.0,0.0,0.0,94
2023-05-09 21:50:39,pb2312,pb2312,15305.0,0.0,0.0,0.0,1,15255.0,15340.0,2,15305.0,0.0,0.0,0.0,0.0,0.0,94
2023-05-09 21:52:00,pb2312,pb2312,15305.0,0.0,0.0,0.0,2,15250.0,15340.0,2,15305.0,0.0,0.0,0.0,0.0,0.0,94
2023-05-09 21:52:17,pb2312,pb2312,15305.0,0.0,0.0,0.0,2,15250.0,15340.0,2,15305.0,0.0,0.0,0.0,0.0,0.0,94
2023-05-09 21:52:18,pb2312,pb2312,15305.0,0.0,0.0,0.0,2,15250.0,15340.0,2,15305.0,0.0,0.0,0.0,0.0,0.0,94
2023-05-09 21:52:35,pb2312,pb2312,15305.0,0.0,0.0,0.0,2,15250.0,15340.0,2,15305.0,0.0,0.0,0.0,0.0,0.0,94
2023-05-09 21:52:36,pb2312,pb2312,15305.0,0.0,0.0,0.0,2,15250.0,15340.0,2,15305.0,0.0,0.0,0.0,0.0,0.0,94
2023-05-09 21:52:51,pb2312,pb2312,15305.0,0.0,0.0,0.0,2,15250.0,15340.0,2,15305.0,0.0,0.0,0.0,0.0,0.0,94
2023-05-09 21:52:51,pb2312,pb2312,15305.0,0.0,0.0,0.0,2,15250.0,15340.0,2,15305.0,0.0,0.0,0.0,0.0,0.0,94
2023-05-09 21:53:21,pb2312,pb2312,15305.0,0.0,0.0,0.0,2,15250.0,15340.0,2,15305.0,0.0,0.0,0.0,0.0,0.0,94
2023-05-09 21:53:21,pb2312,pb2312,15305.0,0.0,0.0,0.0,2,15250.0,15340.0,2,15305.0,0.0,0.0,0.0,0.0,0.0,94
2023-05-09 21:54:45,pb2312,pb2312,15305.0,0.0,0.0,0.0,2,15250.0,15340.0,2,15305.0,0.0,0.0,0.0,0.0,0.0,94
2023-05-09 21:54:46,pb2312,pb2312,15305.0,0.0,0.0,0.0,2,15250.0,15340.0,2,15305.0,0.0,0.0,0.0,0.0,0.0,94
2023-05-09 21:54:46,pb2312,pb2312,15305.0,0.0,0.0,0.0,2,15250.0,15350.0,1,15305.0,0.0,0.0,0.0,0.0,0.0,94
2023-05-09 21:54:47,pb2312,pb2312,15305.0,0.0,0.0,0.0,2,15250.0,15345.0,1,15305.0,0.0,0.0,0.0,0.0,0.0,94
2023-05-09 21:54:51,pb2312,pb2312,15305.0,0.0,0.0,0.0,2,15250.0,15345.0,2,15305.0,0.0,0.0,0.0,0.0,0.0,94
2023-05-09 21:54:52,pb2312,pb2312,15305.0,0.0,0.0,0.0,2,15250.0,15345.0,2,15305.0,0.0,0.0,0.0,0.0,0.0,94
2023-05-09 21:54:54,pb2312,pb2312,15305.0,0.0,0.0,0.0,2,15250.0,15340.0,2,15305.0,0.0,0.0,0.0,0.0,0.0,94
2023-05-09 21:54:55,pb2312,pb2312,15305.0,0.0,0.0,0.0,2,15250.0,15340.0,2,15305.0,0.0,0.0,0.0,0.0,0.0,94
2023-05-09 21:55:01,pb2312,pb2312,15305.0,0.0,0.0,0.0,2,15250.0,15335.0,1,15305.0,0.0,0.0,0.0,0.0,0.0,94
2023-05-09 21:55:02,pb2312,pb2312,15305.0,0.0,0.0,0.0,2,15250.0,15340.0,2,15305.0,0.0,0.0,0.0,0.0,0.0,94
2023-05-09 21:55:03,pb2312,pb2312,15305.0,0.0,0.0,0.0,2,15250.0,15340.0,2,15305.0,0.0,0.0,0.0,0.0,0.0,94
2023-05-09 21:55:03,pb2312,pb2312,15305.0,0.0,0.0,0.0,2,15250.0,15340.0,2,15305.0,0.0,0.0,0.0,0.0,0.0,94
2023-05-09 21:56:06,pb2312,pb2312,15305.0,0.0,0.0,0.0,2,15250.0,15340.0,2,15305.0,0.0,0.0,0.0,0.0,0.0,94
2023-05-09 21:56:07,pb2312,pb2312,15305.0,0.0,0.0,0.0,2,15250.0,15340.0,2,15305.0,0.0,0.0,0.0,0.0,0.0,94
2023-05-09 21:56:26,pb2312,pb2312,15305.0,0.0,0.0,0.0,2,15250.0,15340.0,2,15305.0,0.0,0.0,0.0,0.0,0.0,94
2023-05-09 21:56:26,pb2312,pb2312,15305.0,0.0,0.0,0.0,2,15250.0,15340.0,2,15305.0,0.0,0.0,0.0,0.0,0.0,94
2023-05-09 21:56:47,pb2312,pb2312,15305.0,0.0,0.0,0.0,2,15250.0,15335.0,1,15305.0,0.0,0.0,0.0,0.0,0.0,94
2023-05-09 21:56:49,pb2312,pb2312,15305.0,0.0,0.0,0.0,1,15255.0,15335.0,1,15305.0,0.0,0.0,0.0,0.0,0.0,94
2023-05-09 21:57:24,pb2312,pb2312,15305.0,0.0,0.0,0.0,1,15255.0,15335.0,1,15305.0,0.0,0.0,0.0,0.0,0.0,94
2023-05-09 21:57:43,pb2312,pb2312,15305.0,0.0,0.0,0.0,1,15255.0,15330.0,2,15305.0,0.0,0.0,0.0,0.0,0.0,94
2023-05-09 21:57:44,pb2312,pb2312,15305.0,0.0,0.0,0.0,1,15255.0,15330.0,2,15305.0,0.0,0.0,0.0,0.0,0.0,94
2023-05-09 21:58:18,pb2312,pb2312,15305.0,0.0,0.0,0.0,2,15250.0,15330.0,2,15305.0,0.0,0.0,0.0,0.0,0.0,94
2023-05-09 21:59:14,pb2312,pb2312,15305.0,0.0,0.0,0.0,2,15250.0,15330.0,2,15305.0,0.0,0.0,0.0,0.0,0.0,94
2023-05-09 21:59:15,pb2312,pb2312,15305.0,0.0,0.0,0.0,2,15250.0,15330.0,2,15305.0,0.0,0.0,0.0,0.0,0.0,94
2023-05-09 22:00:18,pb2312,pb2312,15305.0,0.0,0.0,0.0,2,15250.0,15330.0,2,15305.0,0.0,0.0,0.0,0.0,0.0,94
2023-05-09 22:00:18,pb2312,pb2312,15305.0,0.0,0.0,0.0,2,15250.0,15330.0,2,15305.0,0.0,0.0,0.0,0.0,0.0,94
2023-05-09 22:00:34,pb2312,pb2312,15305.0,0.0,0.0,0.0,2,15250.0,15330.0,2,15305.0,0.0,0.0,0.0,0.0,0.0,94
2023-05-09 22:00:35,pb2312,pb2312,15305.0,0.0,0.0,0.0,2,15250.0,15330.0,2,15305.0,0.0,0.0,0.0,0.0,0.0,94
2023-05-09 22:00:46,pb2312,pb2312,15305.0,0.0,0.0,0.0,2,15250.0,15330.0,2,15305.0,0.0,0.0,0.0,0.0,0.0,94
2023-05-09 22:00:47,pb2312,pb2312,15305.0,0.0,0.0,0.0,2,15250.0,15330.0,2,15305.0,0.0,0.0,0.0,0.0,0.0,94
2023-05-09 22:01:49,pb2312,pb2312,15305.0,0.0,0.0,0.0,2,15250.0,15330.0,2,15305.0,0.0,0.0,0.0,0.0,0.0,94
2023-05-09 22:01:49,pb2312,pb2312,15305.0,0.0,0.0,0.0,2,15250.0,15330.0,2,15305.0,0.0,0.0,0.0,0.0,0.0,94
2023-05-09 22:02:42,pb2312,pb2312,15305.0,0.0,0.0,0.0,2,15250.0,15350.0,1,15305.0,0.0,0.0,0.0,0.0,0.0,94
2023-05-09 22:02:43,pb2312,pb2312,15305.0,0.0,0.0,0.0,2,15250.0,15345.0,1,15305.0,0.0,0.0,0.0,0.0,0.0,94
2023-05-09 22:02:43,pb2312,pb2312,15305.0,0.0,0.0,0.0,2,15250.0,15345.0,2,15305.0,0.0,0.0,0.0,0.0,0.0,94
2023-05-09 22:02:44,pb2312,pb2312,15305.0,0.0,0.0,0.0,2,15250.0,15345.0,3,15305.0,0.0,0.0,0.0,0.0,0.0,94
2023-05-09 22:02:45,pb2312,pb2312,15305.0,0.0,0.0,0.0,2,15250.0,15340.0,2,15305.0,0.0,0.0,0.0,0.0,0.0,94
2023-05-09 22:02:45,pb2312,pb2312,15305.0,0.0,0.0,0.0,2,15250.0,15335.0,1,15305.0,0.0,0.0,0.0,0.0,0.0,94
2023-05-09 22:02:55,pb2312,pb2312,15305.0,0.0,0.0,0.0,2,15250.0,15335.0,1,15305.0,0.0,0.0,0.0,0.0,0.0,94
2023-05-09 22:03:23,pb2312,pb2312,15305.0,0.0,0.0,0.0,2,15250.0,15335.0,1,15305.0,0.0,0.0,0.0,0.0,0.0,94
2023-05-09 22:03:29,pb2312,pb2312,15305.0,0.0,0.0,0.0,2,15250.0,15330.0,2,15305.0,0.0,0.0,0.0,0.0,0.0,94
2023-05-09 22:03:30,pb2312,pb2312,15305.0,0.0,0.0,0.0,2,15250.0,15330.0,2,15305.0,0.0,0.0,0.0,0.0,0.0,94
2023-05-09 22:04:07,pb2312,pb2312,15305.0,0.0,0.0,0.0,2,15250.0,15330.0,2,15305.0,0.0,0.0,0.0,0.0,0.0,94
2023-05-09 22:04:08,pb2312,pb2312,15305.0,0.0,0.0,0.0,2,15250.0,15330.0,2,15305.0,0.0,0.0,0.0,0.0,0.0,94
2023-05-09 22:04:22,pb2312,pb2312,15305.0,0.0,0.0,0.0,2,15250.0,15330.0,2,15305.0,0.0,0.0,0.0,0.0,0.0,94
2023-05-09 22:04:23,pb2312,pb2312,15305.0,0.0,0.0,0.0,2,15250.0,15330.0,2,15305.0,0.0,0.0,0.0,0.0,0.0,94
2023-05-09 22:04:35,pb2312,pb2312,15305.0,0.0,0.0,0.0,2,15250.0,15330.0,2,15305.0,0.0,0.0,0.0,0.0,0.0,94
2023-05-09 22:04:36,pb2312,pb2312,15305.0,0.0,0.0,0.0,2,15250.0,15330.0,2,15305.0,0.0,0.0,0.0,0.0,0.0,94
2023-05-09 22:05:16,pb2312,pb2312,15305.0,0.0,0.0,0.0,2,15250.0,15330.0,2,15305.0,0.0,0.0,0.0,0.0,0.0,94
2023-05-09 22:05:16,pb2312,pb2312,15305.0,0.0,0.0,0.0,2,15250.0,15330.0,2,15305.0,0.0,0.0,0.0,0.0,0.0,94
2023-05-09 22:05:37,pb2312,pb2312,15305.0,0.0,0.0,0.0,2,15250.0,15330.0,2,15305.0,0.0,0.0,0.0,0.0,0.0,94
2023-05-09 22:05:38,pb2312,pb2312,15305.0,0.0,0.0,0.0,2,15250.0,15330.0,2,15305.0,0.0,0.0,0.0,0.0,0.0,94
2023-05-09 22:05:50,pb2312,pb2312,15305.0,0.0,0.0,0.0,2,15250.0,15330.0,2,15305.0,0.0,0.0,0.0,0.0,0.0,94
2023-05-09 22:05:50,pb2312,pb2312,15305.0,0.0,0.0,0.0,2,15250.0,15330.0,2,15305.0,0.0,0.0,0.0,0.0,0.0,94
2023-05-09 22:06:04,pb2312,pb2312,15305.0,0.0,0.0,0.0,2,15250.0,15330.0,2,15305.0,0.0,0.0,0.0,0.0,0.0,94
2023-05-09 22:06:05,pb2312,pb2312,15305.0,0.0,0.0,0.0,2,15250.0,15330.0,2,15305.0,0.0,0.0,0.0,0.0,0.0,94
2023-05-09 22:07:51,pb2312,pb2312,15305.0,0.0,0.0,0.0,2,15250.0,15330.0,2,15305.0,0.0,0.0,0.0,0.0,0.0,94
2023-05-09 22:07:51,pb2312,pb2312,15305.0,0.0,0.0,0.0,2,15250.0,15330.0,2,15305.0,0.0,0.0,0.0,0.0,0.0,94
2023-05-09 22:08:26,pb2312,pb2312,15305.0,0.0,0.0,0.0,2,15250.0,15345.0,1,15305.0,0.0,0.0,0.0,0.0,0.0,94
2023-05-09 22:08:27,pb2312,pb2312,15305.0,0.0,0.0,0.0,2,15250.0,15340.0,1,15305.0,0.0,0.0,0.0,0.0,0.0,94
2023-05-09 22:08:28,pb2312,pb2312,15305.0,0.0,0.0,0.0,2,15250.0,15340.0,1,15305.0,0.0,0.0,0.0,0.0,0.0,94
2023-05-09 22:08:29,pb2312,pb2312,15305.0,0.0,0.0,0.0,2,15250.0,15335.0,2,15305.0,0.0,0.0,0.0,0.0,0.0,94
2023-05-09 22:08:29,pb2312,pb2312,15305.0,0.0,0.0,0.0,2,15250.0,15335.0,2,15305.0,0.0,0.0,0.0,0.0,0.0,94
2023-05-09 22:09:25,pb2312,pb2312,15305.0,0.0,0.0,0.0,2,15250.0,15335.0,2,15305.0,0.0,0.0,0.0,0.0,0.0,94
2023-05-09 22:09:26,pb2312,pb2312,15305.0,0.0,0.0,0.0,2,15250.0,15335.0,2,15305.0,0.0,0.0,0.0,0.0,0.0,94
2023-05-09 22:10:39,pb2312,pb2312,15305.0,0.0,0.0,0.0,2,15250.0,15335.0,2,15305.0,0.0,0.0,0.0,0.0,0.0,94
2023-05-09 22:10:39,pb2312,pb2312,15305.0,0.0,0.0,0.0,2,15250.0,15335.0,2,15305.0,0.0,0.0,0.0,0.0,0.0,94
2023-05-09 22:10:54,pb2312,pb2312,15305.0,0.0,0.0,0.0,2,15250.0,15335.0,2,15305.0,0.0,0.0,0.0,0.0,0.0,94
2023-05-09 22:10:55,pb2312,pb2312,15305.0,0.0,0.0,0.0,2,15250.0,15335.0,2,15305.0,0.0,0.0,0.0,0.0,0.0,94
2023-05-09 22:11:10,pb2312,pb2312,15305.0,0.0,0.0,0.0,2,15250.0,15335.0,2,15305.0,0.0,0.0,0.0,0.0,0.0,94
2023-05-09 22:11:10,pb2312,pb2312,15305.0,0.0,0.0,0.0,2,15250.0,15335.0,2,15305.0,0.0,0.0,0.0,0.0,0.0,94
2023-05-09 22:13:30,pb2312,pb2312,15305.0,0.0,0.0,0.0,2,15250.0,15345.0,1,15305.0,0.0,0.0,0.0,0.0,0.0,94
2023-05-09 22:13:30,pb2312,pb2312,15305.0,0.0,0.0,0.0,2,15250.0,15340.0,1,15305.0,0.0,0.0,0.0,0.0,0.0,94
2023-05-09 22:13:38,pb2312,pb2312,15305.0,0.0,0.0,0.0,2,15250.0,15340.0,1,15305.0,0.0,0.0,0.0,0.0,0.0,94
2023-05-09 22:14:10,pb2312,pb2312,15305.0,0.0,0.0,0.0,2,15250.0,15335.0,2,15305.0,0.0,0.0,0.0,0.0,0.0,94
2023-05-09 22:14:10,pb2312,pb2312,15305.0,0.0,0.0,0.0,2,15250.0,15335.0,2,15305.0,0.0,0.0,0.0,0.0,0.0,94
2023-05-09 22:14:20,pb2312,pb2312,15305.0,0.0,0.0,0.0,2,15250.0,15335.0,2,15305.0,0.0,0.0,0.0,0.0,0.0,94
2023-05-09 22:14:21,pb2312,pb2312,15305.0,0.0,0.0,0.0,2,15250.0,15335.0,2,15305.0,0.0,0.0,0.0,0.0,0.0,94
2023-05-09 22:16:50,pb2312,pb2312,15305.0,0.0,0.0,0.0,2,15250.0,15335.0,2,15305.0,0.0,0.0,0.0,0.0,0.0,94
2023-05-09 22:16:50,pb2312,pb2312,15305.0,0.0,0.0,0.0,2,15250.0,15335.0,2,15305.0,0.0,0.0,0.0,0.0,0.0,94
2023-05-09 22:17:12,pb2312,pb2312,15305.0,0.0,0.0,0.0,2,15250.0,15335.0,2,15305.0,0.0,0.0,0.0,0.0,0.0,94
2023-05-09 22:17:13,pb2312,pb2312,15305.0,0.0,0.0,0.0,2,15250.0,15335.0,2,15305.0,0.0,0.0,0.0,0.0,0.0,94
2023-05-09 22:19:10,pb2312,pb2312,15305.0,0.0,0.0,0.0,2,15250.0,15345.0,1,15305.0,0.0,0.0,0.0,0.0,0.0,94
2023-05-09 22:19:10,pb2312,pb2312,15305.0,0.0,0.0,0.0,2,15250.0,15340.0,1,15305.0,0.0,0.0,0.0,0.0,0.0,94
2023-05-09 22:19:13,pb2312,pb2312,15305.0,0.0,0.0,0.0,2,15250.0,15340.0,1,15305.0,0.0,0.0,0.0,0.0,0.0,94
2023-05-09 22:19:50,pb2312,pb2312,15305.0,0.0,0.0,0.0,2,15250.0,15340.0,1,15305.0,0.0,0.0,0.0,0.0,0.0,94
2023-05-09 22:19:51,pb2312,pb2312,15305.0,0.0,0.0,0.0,2,15250.0,15335.0,2,15305.0,0.0,0.0,0.0,0.0,0.0,94
2023-05-09 22:19:51,pb2312,pb2312,15305.0,0.0,0.0,0.0,2,15250.0,15335.0,2,15305.0,0.0,0.0,0.0,0.0,0.0,94
2023-05-09 22:20:56,pb2312,pb2312,15305.0,0.0,0.0,0.0,2,15250.0,15335.0,2,15305.0,0.0,0.0,0.0,0.0,0.0,94
2023-05-09 22:20:56,pb2312,pb2312,15305.0,0.0,0.0,0.0,2,15250.0,15335.0,2,15305.0,0.0,0.0,0.0,0.0,0.0,94
2023-05-09 22:20:59,pb2312,pb2312,15305.0,0.0,0.0,0.0,2,15250.0,15335.0,2,15305.0,0.0,0.0,0.0,0.0,0.0,94
2023-05-09 22:21:00,pb2312,pb2312,15305.0,0.0,0.0,0.0,2,15250.0,15335.0,2,15305.0,0.0,0.0,0.0,0.0,0.0,94
2023-05-09 22:21:24,pb2312,pb2312,15305.0,0.0,0.0,0.0,2,15250.0,15335.0,2,15305.0,0.0,0.0,0.0,0.0,0.0,94
2023-05-09 22:21:25,pb2312,pb2312,15305.0,0.0,0.0,0.0,2,15250.0,15335.0,2,15305.0,0.0,0.0,0.0,0.0,0.0,94
2023-05-09 22:21:58,pb2312,pb2312,15305.0,0.0,0.0,0.0,2,15250.0,15335.0,2,15305.0,0.0,0.0,0.0,0.0,0.0,94
2023-05-09 22:21:58,pb2312,pb2312,15305.0,0.0,0.0,0.0,2,15250.0,15335.0,2,15305.0,0.0,0.0,0.0,0.0,0.0,94
2023-05-09 22:22:10,pb2312,pb2312,15305.0,0.0,0.0,0.0,2,15250.0,15335.0,2,15305.0,0.0,0.0,0.0,0.0,0.0,94
2023-05-09 22:22:10,pb2312,pb2312,15305.0,0.0,0.0,0.0,2,15250.0,15335.0,2,15305.0,0.0,0.0,0.0,0.0,0.0,94
2023-05-09 22:23:02,pb2312,pb2312,15305.0,0.0,0.0,0.0,2,15250.0,15335.0,2,15305.0,0.0,0.0,0.0,0.0,0.0,94
2023-05-09 22:23:03,pb2312,pb2312,15305.0,0.0,0.0,0.0,2,15250.0,15335.0,2,15305.0,0.0,0.0,0.0,0.0,0.0,94
2023-05-09 22:23:26,pb2312,pb2312,15305.0,0.0,0.0,0.0,2,15250.0,15335.0,2,15305.0,0.0,0.0,0.0,0.0,0.0,94
2023-05-09 22:23:27,pb2312,pb2312,15305.0,0.0,0.0,0.0,2,15250.0,15335.0,2,15305.0,0.0,0.0,0.0,0.0,0.0,94
2023-05-09 22:24:27,pb2312,pb2312,15305.0,0.0,0.0,0.0,2,15250.0,15335.0,2,15305.0,0.0,0.0,0.0,0.0,0.0,94
2023-05-09 22:24:27,pb2312,pb2312,15305.0,0.0,0.0,0.0,2,15250.0,15335.0,2,15305.0,0.0,0.0,0.0,0.0,0.0,94
2023-05-09 22:24:50,pb2312,pb2312,15305.0,0.0,0.0,0.0,2,15250.0,15345.0,1,15305.0,0.0,0.0,0.0,0.0,0.0,94
2023-05-09 22:24:51,pb2312,pb2312,15305.0,0.0,0.0,0.0,2,15250.0,15340.0,1,15305.0,0.0,0.0,0.0,0.0,0.0,94
2023-05-09 22:24:55,pb2312,pb2312,15305.0,0.0,0.0,0.0,2,15250.0,15340.0,1,15305.0,0.0,0.0,0.0,0.0,0.0,94
2023-05-09 22:25:25,pb2312,pb2312,15305.0,0.0,0.0,0.0,2,15250.0,15340.0,1,15305.0,0.0,0.0,0.0,0.0,0.0,94
2023-05-09 22:25:25,pb2312,pb2312,15305.0,0.0,0.0,0.0,2,15250.0,15340.0,1,15305.0,0.0,0.0,0.0,0.0,0.0,94
2023-05-09 22:25:31,pb2312,pb2312,15305.0,0.0,0.0,0.0,2,15250.0,15335.0,2,15305.0,0.0,0.0,0.0,0.0,0.0,94
2023-05-09 22:25:31,pb2312,pb2312,15305.0,0.0,0.0,0.0,2,15250.0,15335.0,2,15305.0,0.0,0.0,0.0,0.0,0.0,94
2023-05-09 22:26:23,pb2312,pb2312,15305.0,0.0,0.0,0.0,2,15250.0,15335.0,2,15305.0,0.0,0.0,0.0,0.0,0.0,94
2023-05-09 22:26:23,pb2312,pb2312,15305.0,0.0,0.0,0.0,2,15250.0,15335.0,2,15305.0,0.0,0.0,0.0,0.0,0.0,94
2023-05-09 22:26:48,pb2312,pb2312,15305.0,0.0,0.0,0.0,2,15250.0,15335.0,2,15305.0,0.0,0.0,0.0,0.0,0.0,94
2023-05-09 22:26:48,pb2312,pb2312,15305.0,0.0,0.0,0.0,2,15250.0,15335.0,2,15305.0,0.0,0.0,0.0,0.0,0.0,94
2023-05-09 22:29:26,pb2312,pb2312,15305.0,0.0,0.0,0.0,2,15250.0,15335.0,2,15305.0,0.0,0.0,0.0,0.0,0.0,94
2023-05-09 22:29:27,pb2312,pb2312,15305.0,0.0,0.0,0.0,2,15250.0,15335.0,2,15305.0,0.0,0.0,0.0,0.0,0.0,94
2023-05-09 22:30:10,pb2312,pb2312,15305.0,0.0,0.0,0.0,2,15250.0,15335.0,2,15305.0,0.0,0.0,0.0,0.0,0.0,94
2023-05-09 22:30:10,pb2312,pb2312,15305.0,0.0,0.0,0.0,2,15250.0,15335.0,2,15305.0,0.0,0.0,0.0,0.0,0.0,94
2023-05-09 22:30:18,pb2312,pb2312,15305.0,0.0,0.0,0.0,2,15250.0,15335.0,2,15305.0,0.0,0.0,0.0,0.0,0.0,94
2023-05-09 22:30:19,pb2312,pb2312,15305.0,0.0,0.0,0.0,2,15250.0,15335.0,2,15305.0,0.0,0.0,0.0,0.0,0.0,94
2023-05-09 22:30:29,pb2312,pb2312,15305.0,0.0,0.0,0.0,2,15250.0,15345.0,1,15305.0,0.0,0.0,0.0,0.0,0.0,94
2023-05-09 22:30:30,pb2312,pb2312,15305.0,0.0,0.0,0.0,2,15250.0,15340.0,1,15305.0,0.0,0.0,0.0,0.0,0.0,94
2023-05-09 22:30:52,pb2312,pb2312,15305.0,0.0,0.0,0.0,2,15250.0,15340.0,1,15305.0,0.0,0.0,0.0,0.0,0.0,94
2023-05-09 22:30:52,pb2312,pb2312,15305.0,0.0,0.0,0.0,2,15250.0,15340.0,1,15305.0,0.0,0.0,0.0,0.0,0.0,94
2023-05-09 22:30:53,pb2312,pb2312,15305.0,0.0,0.0,0.0,2,15250.0,15340.0,1,15305.0,0.0,0.0,0.0,0.0,0.0,94
2023-05-09 22:30:54,pb2312,pb2312,15305.0,0.0,0.0,0.0,2,15250.0,15340.0,1,15305.0,0.0,0.0,0.0,0.0,0.0,94
2023-05-09 22:31:08,pb2312,pb2312,15305.0,0.0,0.0,0.0,2,15250.0,15335.0,2,15305.0,0.0,0.0,0.0,0.0,0.0,94
2023-05-09 22:31:09,pb2312,pb2312,15305.0,0.0,0.0,0.0,2,15250.0,15335.0,2,15305.0,0.0,0.0,0.0,0.0,0.0,94
2023-05-09 22:33:17,pb2312,pb2312,15305.0,0.0,0.0,0.0,2,15250.0,15335.0,2,15305.0,0.0,0.0,0.0,0.0,0.0,94
2023-05-09 22:33:17,pb2312,pb2312,15305.0,0.0,0.0,0.0,2,15250.0,15335.0,2,15305.0,0.0,0.0,0.0,0.0,0.0,94
2023-05-09 22:34:47,pb2312,pb2312,15305.0,0.0,0.0,0.0,2,15250.0,15335.0,2,15305.0,0.0,0.0,0.0,0.0,0.0,94
2023-05-09 22:34:47,pb2312,pb2312,15305.0,0.0,0.0,0.0,2,15250.0,15335.0,2,15305.0,0.0,0.0,0.0,0.0,0.0,94
2023-05-09 22:36:08,pb2312,pb2312,15305.0,0.0,0.0,0.0,2,15250.0,15345.0,1,15305.0,0.0,0.0,0.0,0.0,0.0,94
2023-05-09 22:36:08,pb2312,pb2312,15305.0,0.0,0.0,0.0,2,15250.0,15340.0,1,15305.0,0.0,0.0,0.0,0.0,0.0,94
2023-05-09 22:36:25,pb2312,pb2312,15305.0,0.0,0.0,0.0,2,15250.0,15340.0,1,15305.0,0.0,0.0,0.0,0.0,0.0,94
2023-05-09 22:36:46,pb2312,pb2312,15305.0,0.0,0.0,0.0,2,15250.0,15340.0,1,15305.0,0.0,0.0,0.0,0.0,0.0,94
2023-05-09 22:36:46,pb2312,pb2312,15305.0,0.0,0.0,0.0,2,15250.0,15340.0,1,15305.0,0.0,0.0,0.0,0.0,0.0,94
2023-05-09 22:36:49,pb2312,pb2312,15305.0,0.0,0.0,0.0,2,15250.0,15335.0,2,15305.0,0.0,0.0,0.0,0.0,0.0,94
2023-05-09 22:36:50,pb2312,pb2312,15305.0,0.0,0.0,0.0,2,15250.0,15335.0,2,15305.0,0.0,0.0,0.0,0.0,0.0,94
2023-05-09 22:38:02,pb2312,pb2312,15305.0,0.0,0.0,0.0,2,15250.0,15335.0,2,15305.0,0.0,0.0,0.0,0.0,0.0,94
2023-05-09 22:38:03,pb2312,pb2312,15305.0,0.0,0.0,0.0,2,15250.0,15335.0,2,15305.0,0.0,0.0,0.0,0.0,0.0,94
2023-05-09 22:38:14,pb2312,pb2312,15305.0,0.0,0.0,0.0,2,15250.0,15335.0,2,15305.0,0.0,0.0,0.0,0.0,0.0,94
2023-05-09 22:38:15,pb2312,pb2312,15305.0,0.0,0.0,0.0,2,15250.0,15335.0,2,15305.0,0.0,0.0,0.0,0.0,0.0,94
2023-05-09 22:38:36,pb2312,pb2312,15305.0,0.0,0.0,0.0,2,15250.0,15335.0,2,15305.0,0.0,0.0,0.0,0.0,0.0,94
2023-05-09 22:38:37,pb2312,pb2312,15305.0,0.0,0.0,0.0,2,15250.0,15335.0,2,15305.0,0.0,0.0,0.0,0.0,0.0,94
2023-05-09 22:38:46,pb2312,pb2312,15305.0,0.0,0.0,0.0,2,15250.0,15335.0,2,15305.0,0.0,0.0,0.0,0.0,0.0,94
2023-05-09 22:38:47,pb2312,pb2312,15305.0,0.0,0.0,0.0,2,15250.0,15335.0,2,15305.0,0.0,0.0,0.0,0.0,0.0,94
2023-05-09 22:39:04,pb2312,pb2312,15305.0,0.0,0.0,0.0,2,15250.0,15335.0,2,15305.0,0.0,0.0,0.0,0.0,0.0,94
2023-05-09 22:39:04,pb2312,pb2312,15305.0,0.0,0.0,0.0,2,15250.0,15335.0,2,15305.0,0.0,0.0,0.0,0.0,0.0,94
2023-05-09 22:39:25,pb2312,pb2312,15305.0,0.0,0.0,0.0,2,15250.0,15335.0,2,15305.0,0.0,0.0,0.0,0.0,0.0,94
2023-05-09 22:39:26,pb2312,pb2312,15305.0,0.0,0.0,0.0,2,15250.0,15335.0,2,15305.0,0.0,0.0,0.0,0.0,0.0,94
2023-05-09 22:39:33,pb2312,pb2312,15305.0,0.0,0.0,0.0,2,15250.0,15335.0,2,15305.0,0.0,0.0,0.0,0.0,0.0,94
2023-05-09 22:39:34,pb2312,pb2312,15305.0,0.0,0.0,0.0,2,15250.0,15335.0,2,15305.0,0.0,0.0,0.0,0.0,0.0,94
2023-05-09 22:40:37,pb2312,pb2312,15305.0,0.0,0.0,0.0,2,15250.0,15335.0,2,15305.0,0.0,0.0,0.0,0.0,0.0,94
2023-05-09 22:40:37,pb2312,pb2312,15305.0,0.0,0.0,0.0,2,15250.0,15335.0,2,15305.0,0.0,0.0,0.0,0.0,0.0,94
2023-05-09 22:40:41,pb2312,pb2312,15305.0,0.0,0.0,0.0,2,15250.0,15335.0,2,15305.0,0.0,0.0,0.0,0.0,0.0,94
2023-05-09 22:40:41,pb2312,pb2312,15305.0,0.0,0.0,0.0,2,15250.0,15335.0,2,15305.0,0.0,0.0,0.0,0.0,0.0,94
2023-05-09 22:41:50,pb2312,pb2312,15305.0,0.0,0.0,0.0,2,15250.0,15345.0,1,15305.0,0.0,0.0,0.0,0.0,0.0,94
2023-05-09 22:41:51,pb2312,pb2312,15305.0,0.0,0.0,0.0,2,15250.0,15340.0,1,15305.0,0.0,0.0,0.0,0.0,0.0,94
2023-05-09 22:41:52,pb2312,pb2312,15305.0,0.0,0.0,0.0,2,15250.0,15340.0,1,15305.0,0.0,0.0,0.0,0.0,0.0,94
2023-05-09 22:42:32,pb2312,pb2312,15305.0,0.0,0.0,0.0,2,15250.0,15335.0,2,15305.0,0.0,0.0,0.0,0.0,0.0,94
2023-05-09 22:42:32,pb2312,pb2312,15305.0,0.0,0.0,0.0,2,15250.0,15335.0,2,15305.0,0.0,0.0,0.0,0.0,0.0,94
2023-05-09 22:42:45,pb2312,pb2312,15305.0,0.0,0.0,0.0,2,15250.0,15335.0,2,15305.0,0.0,0.0,0.0,0.0,0.0,94
2023-05-09 22:42:46,pb2312,pb2312,15305.0,0.0,0.0,0.0,2,15250.0,15335.0,2,15305.0,0.0,0.0,0.0,0.0,0.0,94
2023-05-09 22:42:53,pb2312,pb2312,15305.0,0.0,0.0,0.0,2,15250.0,15335.0,2,15305.0,0.0,0.0,0.0,0.0,0.0,94
2023-05-09 22:42:54,pb2312,pb2312,15305.0,0.0,0.0,0.0,2,15250.0,15335.0,2,15305.0,0.0,0.0,0.0,0.0,0.0,94
2023-05-09 22:44:49,pb2312,pb2312,15305.0,0.0,0.0,0.0,2,15250.0,15335.0,2,15305.0,0.0,0.0,0.0,0.0,0.0,94
2023-05-09 22:44:49,pb2312,pb2312,15305.0,0.0,0.0,0.0,2,15250.0,15335.0,2,15305.0,0.0,0.0,0.0,0.0,0.0,94
2023-05-09 22:45:43,pb2312,pb2312,15305.0,0.0,0.0,0.0,2,15250.0,15335.0,2,15305.0,0.0,0.0,0.0,0.0,0.0,94
2023-05-09 22:45:43,pb2312,pb2312,15305.0,0.0,0.0,0.0,2,15250.0,15335.0,2,15305.0,0.0,0.0,0.0,0.0,0.0,94
2023-05-09 22:46:12,pb2312,pb2312,15305.0,0.0,0.0,0.0,2,15250.0,15335.0,2,15305.0,0.0,0.0,0.0,0.0,0.0,94
2023-05-09 22:46:12,pb2312,pb2312,15305.0,0.0,0.0,0.0,2,15250.0,15335.0,2,15305.0,0.0,0.0,0.0,0.0,0.0,94
2023-05-09 22:46:44,pb2312,pb2312,15305.0,0.0,0.0,0.0,2,15250.0,15335.0,2,15305.0,0.0,0.0,0.0,0.0,0.0,94
2023-05-09 22:46:44,pb2312,pb2312,15305.0,0.0,0.0,0.0,2,15250.0,15335.0,2,15305.0,0.0,0.0,0.0,0.0,0.0,94
2023-05-09 22:47:24,pb2312,pb2312,15305.0,0.0,0.0,0.0,2,15250.0,15335.0,2,15305.0,0.0,0.0,0.0,0.0,0.0,94
2023-05-09 22:47:25,pb2312,pb2312,15305.0,0.0,0.0,0.0,2,15250.0,15335.0,2,15305.0,0.0,0.0,0.0,0.0,0.0,94
2023-05-09 22:47:30,pb2312,pb2312,15305.0,0.0,0.0,0.0,2,15250.0,15345.0,1,15305.0,0.0,0.0,0.0,0.0,0.0,94
2023-05-09 22:47:31,pb2312,pb2312,15305.0,0.0,0.0,0.0,2,15250.0,15415.0,1,15305.0,0.0,0.0,0.0,0.0,0.0,94
2023-05-09 22:47:31,pb2312,pb2312,15305.0,0.0,0.0,0.0,2,15250.0,15410.0,6,15305.0,0.0,0.0,0.0,0.0,0.0,94
2023-05-09 22:47:32,pb2312,pb2312,15305.0,0.0,0.0,0.0,2,15250.0,15410.0,7,15305.0,0.0,0.0,0.0,0.0,0.0,94
2023-05-09 22:47:33,pb2312,pb2312,15305.0,0.0,0.0,0.0,2,15250.0,15410.0,7,15305.0,0.0,0.0,0.0,0.0,0.0,94
2023-05-09 22:47:33,pb2312,pb2312,15305.0,0.0,0.0,0.0,2,15250.0,15405.0,5,15305.0,0.0,0.0,0.0,0.0,0.0,94
2023-05-09 22:47:34,pb2312,pb2312,15305.0,0.0,0.0,0.0,2,15250.0,15400.0,3,15305.0,0.0,0.0,0.0,0.0,0.0,94
2023-05-09 22:47:35,pb2312,pb2312,15305.0,0.0,0.0,0.0,2,15250.0,15400.0,3,15305.0,0.0,0.0,0.0,0.0,0.0,94
2023-05-09 22:47:39,pb2312,pb2312,15305.0,0.0,0.0,0.0,2,15250.0,15400.0,3,15305.0,0.0,0.0,0.0,0.0,0.0,94
2023-05-09 22:47:40,pb2312,pb2312,15305.0,0.0,0.0,0.0,1,15255.0,15395.0,5,15305.0,0.0,0.0,0.0,0.0,0.0,94
2023-05-09 22:47:40,pb2312,pb2312,15305.0,0.0,0.0,0.0,1,15255.0,15390.0,2,15305.0,0.0,0.0,0.0,0.0,0.0,94
2023-05-09 22:47:41,pb2312,pb2312,15305.0,0.0,0.0,0.0,1,15255.0,15390.0,2,15305.0,0.0,0.0,0.0,0.0,0.0,94
2023-05-09 22:47:42,pb2312,pb2312,15305.0,0.0,0.0,0.0,1,15255.0,15390.0,2,15305.0,0.0,0.0,0.0,0.0,0.0,94
2023-05-09 22:47:43,pb2312,pb2312,15305.0,0.0,0.0,0.0,1,15255.0,15385.0,4,15305.0,0.0,0.0,0.0,0.0,0.0,94
2023-05-09 22:47:43,pb2312,pb2312,15305.0,0.0,0.0,0.0,1,15255.0,15380.0,2,15305.0,0.0,0.0,0.0,0.0,0.0,94
2023-05-09 22:47:49,pb2312,pb2312,15305.0,0.0,0.0,0.0,1,15255.0,15380.0,2,15305.0,0.0,0.0,0.0,0.0,0.0,94
2023-05-09 22:47:49,pb2312,pb2312,15305.0,0.0,0.0,0.0,1,15255.0,15375.0,3,15305.0,0.0,0.0,0.0,0.0,0.0,94
2023-05-09 22:47:50,pb2312,pb2312,15305.0,0.0,0.0,0.0,1,15255.0,15370.0,2,15305.0,0.0,0.0,0.0,0.0,0.0,94
2023-05-09 22:47:55,pb2312,pb2312,15305.0,0.0,0.0,0.0,1,15255.0,15370.0,2,15305.0,0.0,0.0,0.0,0.0,0.0,94
2023-05-09 22:47:56,pb2312,pb2312,15305.0,0.0,0.0,0.0,1,15255.0,15365.0,1,15305.0,0.0,0.0,0.0,0.0,0.0,94
2023-05-09 22:47:56,pb2312,pb2312,15305.0,0.0,0.0,0.0,1,15255.0,15360.0,2,15305.0,0.0,0.0,0.0,0.0,0.0,94
2023-05-09 22:48:02,pb2312,pb2312,15305.0,0.0,0.0,0.0,1,15255.0,15360.0,2,15305.0,0.0,0.0,0.0,0.0,0.0,94
2023-05-09 22:48:02,pb2312,pb2312,15305.0,0.0,0.0,0.0,1,15255.0,15355.0,1,15305.0,0.0,0.0,0.0,0.0,0.0,94
2023-05-09 22:48:03,pb2312,pb2312,15305.0,0.0,0.0,0.0,1,15255.0,15350.0,1,15305.0,0.0,0.0,0.0,0.0,0.0,94
2023-05-09 22:48:07,pb2312,pb2312,15305.0,0.0,0.0,0.0,2,15250.0,15350.0,1,15305.0,0.0,0.0,0.0,0.0,0.0,94
2023-05-09 22:48:08,pb2312,pb2312,15305.0,0.0,0.0,0.0,2,15250.0,15350.0,1,15305.0,0.0,0.0,0.0,0.0,0.0,94
2023-05-09 22:48:08,pb2312,pb2312,15305.0,0.0,0.0,0.0,2,15250.0,15350.0,2,15305.0,0.0,0.0,0.0,0.0,0.0,94
2023-05-09 22:48:13,pb2312,pb2312,15305.0,0.0,0.0,0.0,2,15250.0,15350.0,2,15305.0,0.0,0.0,0.0,0.0,0.0,94
2023-05-09 22:48:18,pb2312,pb2312,15305.0,0.0,0.0,0.0,2,15250.0,15345.0,2,15305.0,0.0,0.0,0.0,0.0,0.0,94
2023-05-09 22:48:19,pb2312,pb2312,15305.0,0.0,0.0,0.0,2,15250.0,15345.0,2,15305.0,0.0,0.0,0.0,0.0,0.0,94
2023-05-09 22:49:19,pb2312,pb2312,15305.0,0.0,0.0,0.0,2,15250.0,15345.0,2,15305.0,0.0,0.0,0.0,0.0,0.0,94
2023-05-09 22:49:19,pb2312,pb2312,15305.0,0.0,0.0,0.0,2,15250.0,15345.0,2,15305.0,0.0,0.0,0.0,0.0,0.0,94
2023-05-09 22:49:48,pb2312,pb2312,15305.0,0.0,0.0,0.0,1,15255.0,15345.0,2,15305.0,0.0,0.0,0.0,0.0,0.0,94
2023-05-09 22:49:48,pb2312,pb2312,15305.0,0.0,0.0,0.0,1,15255.0,15345.0,2,15305.0,0.0,0.0,0.0,0.0,0.0,94
2023-05-09 22:50:33,pb2312,pb2312,15305.0,0.0,0.0,0.0,2,15250.0,15345.0,2,15305.0,0.0,0.0,0.0,0.0,0.0,94
2023-05-09 22:51:08,pb2312,pb2312,15305.0,0.0,0.0,0.0,2,15250.0,15345.0,2,15305.0,0.0,0.0,0.0,0.0,0.0,94
2023-05-09 22:51:08,pb2312,pb2312,15305.0,0.0,0.0,0.0,2,15250.0,15345.0,2,15305.0,0.0,0.0,0.0,0.0,0.0,94
2023-05-09 22:51:41,pb2312,pb2312,15305.0,0.0,0.0,0.0,2,15250.0,15345.0,2,15305.0,0.0,0.0,0.0,0.0,0.0,94
2023-05-09 22:51:42,pb2312,pb2312,15305.0,0.0,0.0,0.0,2,15250.0,15345.0,2,15305.0,0.0,0.0,0.0,0.0,0.0,94
2023-05-09 22:51:58,pb2312,pb2312,15305.0,0.0,0.0,0.0,1,15255.0,15345.0,2,15305.0,0.0,0.0,0.0,0.0,0.0,94
2023-05-09 22:53:18,pb2312,pb2312,15305.0,0.0,0.0,0.0,1,15255.0,15410.0,1,15305.0,0.0,0.0,0.0,0.0,0.0,94
2023-05-09 22:53:18,pb2312,pb2312,15305.0,0.0,0.0,0.0,1,15255.0,15405.0,5,15305.0,0.0,0.0,0.0,0.0,0.0,94
2023-05-09 22:53:21,pb2312,pb2312,15305.0,0.0,0.0,0.0,1,15255.0,15405.0,6,15305.0,0.0,0.0,0.0,0.0,0.0,94
2023-05-09 22:53:21,pb2312,pb2312,15305.0,0.0,0.0,0.0,1,15255.0,15400.0,2,15305.0,0.0,0.0,0.0,0.0,0.0,94
2023-05-09 22:53:22,pb2312,pb2312,15305.0,0.0,0.0,0.0,1,15255.0,15395.0,2,15305.0,0.0,0.0,0.0,0.0,0.0,94
2023-05-09 22:53:23,pb2312,pb2312,15305.0,0.0,0.0,0.0,1,15255.0,15390.0,1,15305.0,0.0,0.0,0.0,0.0,0.0,94
2023-05-09 22:53:23,pb2312,pb2312,15305.0,0.0,0.0,0.0,1,15255.0,15385.0,2,15305.0,0.0,0.0,0.0,0.0,0.0,94
2023-05-09 22:53:24,pb2312,pb2312,15305.0,0.0,0.0,0.0,1,15255.0,15385.0,2,15305.0,0.0,0.0,0.0,0.0,0.0,94
2023-05-09 22:53:24,pb2312,pb2312,15305.0,0.0,0.0,0.0,1,15255.0,15385.0,2,15305.0,0.0,0.0,0.0,0.0,0.0,94
2023-05-09 22:53:29,pb2312,pb2312,15305.0,0.0,0.0,0.0,1,15255.0,15380.0,1,15305.0,0.0,0.0,0.0,0.0,0.0,94
2023-05-09 22:53:29,pb2312,pb2312,15305.0,0.0,0.0,0.0,1,15255.0,15375.0,3,15305.0,0.0,0.0,0.0,0.0,0.0,94
2023-05-09 22:53:30,pb2312,pb2312,15305.0,0.0,0.0,0.0,1,15255.0,15375.0,4,15305.0,0.0,0.0,0.0,0.0,0.0,94
2023-05-09 22:53:41,pb2312,pb2312,15305.0,0.0,0.0,0.0,1,15255.0,15375.0,4,15305.0,0.0,0.0,0.0,0.0,0.0,94
2023-05-09 22:53:41,pb2312,pb2312,15305.0,0.0,0.0,0.0,1,15255.0,15375.0,5,15305.0,0.0,0.0,0.0,0.0,0.0,94
2023-05-09 22:53:51,pb2312,pb2312,15305.0,0.0,0.0,0.0,2,15250.0,15375.0,5,15305.0,0.0,0.0,0.0,0.0,0.0,94
2023-05-09 22:53:51,pb2312,pb2312,15305.0,0.0,0.0,0.0,2,15250.0,15375.0,4,15305.0,0.0,0.0,0.0,0.0,0.0,94
2023-05-09 22:53:52,pb2312,pb2312,15305.0,0.0,0.0,0.0,2,15250.0,15370.0,1,15305.0,0.0,0.0,0.0,0.0,0.0,94
2023-05-09 22:53:52,pb2312,pb2312,15305.0,0.0,0.0,0.0,2,15250.0,15365.0,2,15305.0,0.0,0.0,0.0,0.0,0.0,94
2023-05-09 22:53:58,pb2312,pb2312,15305.0,0.0,0.0,0.0,2,15250.0,15365.0,2,15305.0,0.0,0.0,0.0,0.0,0.0,94
2023-05-09 22:53:58,pb2312,pb2312,15305.0,0.0,0.0,0.0,2,15250.0,15360.0,1,15305.0,0.0,0.0,0.0,0.0,0.0,94
2023-05-09 22:53:59,pb2312,pb2312,15305.0,0.0,0.0,0.0,2,15250.0,15355.0,2,15305.0,0.0,0.0,0.0,0.0,0.0,94
2023-05-09 22:54:00,pb2312,pb2312,15305.0,0.0,0.0,0.0,2,15250.0,15355.0,2,15305.0,0.0,0.0,0.0,0.0,0.0,94
2023-05-09 22:54:04,pb2312,pb2312,15305.0,0.0,0.0,0.0,2,15250.0,15350.0,2,15305.0,0.0,0.0,0.0,0.0,0.0,94
2023-05-09 22:54:04,pb2312,pb2312,15305.0,0.0,0.0,0.0,2,15250.0,15345.0,1,15305.0,0.0,0.0,0.0,0.0,0.0,94
2023-05-09 22:54:09,pb2312,pb2312,15305.0,0.0,0.0,0.0,2,15250.0,15345.0,1,15305.0,0.0,0.0,0.0,0.0,0.0,94
2023-05-09 22:54:09,pb2312,pb2312,15305.0,0.0,0.0,0.0,2,15250.0,15345.0,1,15305.0,0.0,0.0,0.0,0.0,0.0,94
2023-05-09 22:54:10,pb2312,pb2312,15305.0,0.0,0.0,0.0,2,15250.0,15345.0,1,15305.0,0.0,0.0,0.0,0.0,0.0,94
2023-05-09 22:54:14,pb2312,pb2312,15305.0,0.0,0.0,0.0,1,15255.0,15345.0,1,15305.0,0.0,0.0,0.0,0.0,0.0,94
2023-05-09 22:54:15,pb2312,pb2312,15305.0,0.0,0.0,0.0,1,15255.0,15350.0,2,15305.0,0.0,0.0,0.0,0.0,0.0,94
2023-05-09 22:54:38,pb2312,pb2312,15305.0,0.0,0.0,0.0,2,15250.0,15350.0,2,15305.0,0.0,0.0,0.0,0.0,0.0,94
2023-05-09 22:54:39,pb2312,pb2312,15305.0,0.0,0.0,0.0,2,15250.0,15345.0,1,15305.0,0.0,0.0,0.0,0.0,0.0,94
2023-05-09 22:54:40,pb2312,pb2312,15305.0,0.0,0.0,0.0,1,15255.0,15350.0,3,15305.0,0.0,0.0,0.0,0.0,0.0,94
2023-05-09 22:54:46,pb2312,pb2312,15305.0,0.0,0.0,0.0,1,15255.0,15350.0,2,15305.0,0.0,0.0,0.0,0.0,0.0,94
2023-05-09 22:55:50,pb2312,pb2312,15305.0,0.0,0.0,0.0,1,15255.0,15345.0,1,15305.0,0.0,0.0,0.0,0.0,0.0,94
2023-05-09 22:56:28,pb2312,pb2312,15305.0,0.0,0.0,0.0,1,15255.0,15345.0,1,15305.0,0.0,0.0,0.0,0.0,0.0,94
2023-05-09 22:56:53,pb2312,pb2312,15305.0,0.0,0.0,0.0,1,15255.0,15340.0,2,15305.0,0.0,0.0,0.0,0.0,0.0,94
2023-05-09 22:56:54,pb2312,pb2312,15305.0,0.0,0.0,0.0,1,15255.0,15340.0,2,15305.0,0.0,0.0,0.0,0.0,0.0,94
2023-05-09 22:57:40,pb2312,pb2312,15305.0,0.0,0.0,0.0,2,15250.0,15340.0,2,15305.0,0.0,0.0,0.0,0.0,0.0,94
2023-05-09 22:57:41,pb2312,pb2312,15305.0,0.0,0.0,0.0,1,15255.0,15340.0,2,15305.0,0.0,0.0,0.0,0.0,0.0,94
2023-05-09 23:00:41,pb2312,pb2312,15305.0,0.0,0.0,0.0,2,15250.0,15340.0,2,15305.0,0.0,0.0,0.0,0.0,0.0,94
2023-05-09 23:00:41,pb2312,pb2312,15305.0,0.0,0.0,0.0,1,15255.0,15340.0,2,15305.0,0.0,0.0,0.0,0.0,0.0,94
2023-05-09 23:01:23,pb2312,pb2312,15305.0,0.0,0.0,0.0,1,15255.0,15330.0,1,15305.0,0.0,0.0,0.0,0.0,0.0,94
2023-05-09 23:01:51,pb2312,pb2312,15305.0,0.0,0.0,0.0,1,15255.0,15330.0,1,15305.0,0.0,0.0,0.0,0.0,0.0,94
2023-05-09 23:01:53,pb2312,pb2312,15305.0,0.0,0.0,0.0,1,15255.0,15325.0,2,15305.0,0.0,0.0,0.0,0.0,0.0,94
2023-05-09 23:02:13,pb2312,pb2312,15305.0,0.0,0.0,0.0,1,15255.0,15320.0,1,15305.0,0.0,0.0,0.0,0.0,0.0,94
2023-05-09 23:02:51,pb2312,pb2312,15305.0,0.0,0.0,0.0,1,15255.0,15320.0,1,15305.0,0.0,0.0,0.0,0.0,0.0,94
2023-05-09 23:02:52,pb2312,pb2312,15305.0,0.0,0.0,0.0,1,15255.0,15315.0,2,15305.0,0.0,0.0,0.0,0.0,0.0,94
2023-05-09 23:02:57,pb2312,pb2312,15305.0,0.0,0.0,0.0,1,15255.0,15315.0,2,15305.0,0.0,0.0,0.0,0.0,0.0,94
2023-05-09 23:03:46,pb2312,pb2312,15305.0,0.0,0.0,0.0,2,15250.0,15315.0,2,15305.0,0.0,0.0,0.0,0.0,0.0,94
2023-05-09 23:03:46,pb2312,pb2312,15305.0,0.0,0.0,0.0,1,15255.0,15315.0,2,15305.0,0.0,0.0,0.0,0.0,0.0,94
2023-05-09 23:07:18,pb2312,pb2312,15305.0,0.0,0.0,0.0,2,15250.0,15315.0,2,15305.0,0.0,0.0,0.0,0.0,0.0,94
2023-05-09 23:07:18,pb2312,pb2312,15305.0,0.0,0.0,0.0,1,15255.0,15315.0,2,15305.0,0.0,0.0,0.0,0.0,0.0,94
2023-05-09 23:07:53,pb2312,pb2312,15305.0,0.0,0.0,0.0,1,15255.0,15405.0,1,15305.0,0.0,0.0,0.0,0.0,0.0,94
2023-05-09 23:07:53,pb2312,pb2312,15305.0,0.0,0.0,0.0,1,15255.0,15400.0,3,15305.0,0.0,0.0,0.0,0.0,0.0,94
2023-05-09 23:07:55,pb2312,pb2312,15305.0,0.0,0.0,0.0,1,15255.0,15400.0,4,15305.0,0.0,0.0,0.0,0.0,0.0,94
2023-05-09 23:07:55,pb2312,pb2312,15305.0,0.0,0.0,0.0,1,15255.0,15400.0,5,15305.0,0.0,0.0,0.0,0.0,0.0,94
2023-05-09 23:07:56,pb2312,pb2312,15305.0,0.0,0.0,0.0,1,15255.0,15395.0,2,15305.0,0.0,0.0,0.0,0.0,0.0,94
2023-05-09 23:07:57,pb2312,pb2312,15305.0,0.0,0.0,0.0,1,15255.0,15390.0,2,15305.0,0.0,0.0,0.0,0.0,0.0,94
2023-05-09 23:08:02,pb2312,pb2312,15305.0,0.0,0.0,0.0,1,15255.0,15385.0,2,15305.0,0.0,0.0,0.0,0.0,0.0,94
2023-05-09 23:08:03,pb2312,pb2312,15305.0,0.0,0.0,0.0,1,15255.0,15380.0,4,15305.0,0.0,0.0,0.0,0.0,0.0,94
2023-05-09 23:08:14,pb2312,pb2312,15305.0,0.0,0.0,0.0,1,15255.0,15380.0,4,15305.0,0.0,0.0,0.0,0.0,0.0,94
2023-05-09 23:08:15,pb2312,pb2312,15305.0,0.0,0.0,0.0,1,15255.0,15375.0,2,15305.0,0.0,0.0,0.0,0.0,0.0,94
2023-05-09 23:08:15,pb2312,pb2312,15305.0,0.0,0.0,0.0,1,15255.0,15370.0,2,15305.0,0.0,0.0,0.0,0.0,0.0,94
2023-05-09 23:08:21,pb2312,pb2312,15305.0,0.0,0.0,0.0,1,15255.0,15370.0,2,15305.0,0.0,0.0,0.0,0.0,0.0,94
2023-05-09 23:08:21,pb2312,pb2312,15305.0,0.0,0.0,0.0,1,15255.0,15370.0,3,15305.0,0.0,0.0,0.0,0.0,0.0,94
2023-05-09 23:08:27,pb2312,pb2312,15305.0,0.0,0.0,0.0,1,15255.0,15370.0,3,15305.0,0.0,0.0,0.0,0.0,0.0,94
2023-05-09 23:08:27,pb2312,pb2312,15305.0,0.0,0.0,0.0,1,15255.0,15365.0,2,15305.0,0.0,0.0,0.0,0.0,0.0,94
2023-05-09 23:08:28,pb2312,pb2312,15305.0,0.0,0.0,0.0,1,15255.0,15360.0,1,15305.0,0.0,0.0,0.0,0.0,0.0,94
2023-05-09 23:08:33,pb2312,pb2312,15305.0,0.0,0.0,0.0,1,15255.0,15360.0,1,15305.0,0.0,0.0,0.0,0.0,0.0,94
2023-05-09 23:08:34,pb2312,pb2312,15305.0,0.0,0.0,0.0,1,15255.0,15355.0,1,15305.0,0.0,0.0,0.0,0.0,0.0,94
2023-05-09 23:08:34,pb2312,pb2312,15305.0,0.0,0.0,0.0,1,15255.0,15350.0,1,15305.0,0.0,0.0,0.0,0.0,0.0,94
2023-05-09 23:08:39,pb2312,pb2312,15305.0,0.0,0.0,0.0,1,15255.0,15350.0,1,15305.0,0.0,0.0,0.0,0.0,0.0,94
2023-05-09 23:08:40,pb2312,pb2312,15305.0,0.0,0.0,0.0,1,15255.0,15350.0,1,15305.0,0.0,0.0,0.0,0.0,0.0,94
2023-05-09 23:08:41,pb2312,pb2312,15305.0,0.0,0.0,0.0,1,15255.0,15350.0,2,15305.0,0.0,0.0,0.0,0.0,0.0,94
2023-05-09 23:08:53,pb2312,pb2312,15305.0,0.0,0.0,0.0,1,15255.0,15350.0,2,15305.0,0.0,0.0,0.0,0.0,0.0,94
2023-05-09 23:08:56,pb2312,pb2312,15305.0,0.0,0.0,0.0,1,15255.0,15345.0,2,15305.0,0.0,0.0,0.0,0.0,0.0,94
2023-05-09 23:08:56,pb2312,pb2312,15305.0,0.0,0.0,0.0,1,15255.0,15345.0,2,15305.0,0.0,0.0,0.0,0.0,0.0,94
2023-05-09 23:09:55,pb2312,pb2312,15305.0,0.0,0.0,0.0,3,15260.0,15345.0,2,15305.0,0.0,0.0,0.0,0.0,0.0,94
2023-05-09 23:09:55,pb2312,pb2312,15305.0,0.0,0.0,0.0,3,15260.0,15345.0,2,15305.0,0.0,0.0,0.0,0.0,0.0,94
2023-05-09 23:10:25,pb2312,pb2312,15305.0,0.0,0.0,0.0,2,15250.0,15345.0,2,15305.0,0.0,0.0,0.0,0.0,0.0,94
2023-05-09 23:10:26,pb2312,pb2312,15305.0,0.0,0.0,0.0,1,15255.0,15345.0,2,15305.0,0.0,0.0,0.0,0.0,0.0,94
2023-05-09 23:10:26,pb2312,pb2312,15305.0,0.0,0.0,0.0,4,15255.0,15345.0,2,15305.0,0.0,0.0,0.0,0.0,0.0,94
2023-05-09 23:10:58,pb2312,pb2312,15305.0,0.0,0.0,0.0,4,15255.0,15345.0,2,15305.0,0.0,0.0,0.0,0.0,0.0,94
2023-05-09 23:10:58,pb2312,pb2312,15305.0,0.0,0.0,0.0,4,15255.0,15345.0,2,15305.0,0.0,0.0,0.0,0.0,0.0,94
2023-05-09 23:13:28,pb2312,pb2312,15305.0,0.0,0.0,0.0,1,15260.0,15345.0,2,15305.0,0.0,0.0,0.0,0.0,0.0,94
2023-05-09 23:13:56,pb2312,pb2312,15305.0,0.0,0.0,0.0,1,15260.0,15400.0,1,15305.0,0.0,0.0,0.0,0.0,0.0,94
2023-05-09 23:13:57,pb2312,pb2312,15305.0,0.0,0.0,0.0,1,15260.0,15395.0,4,15305.0,0.0,0.0,0.0,0.0,0.0,94
2023-05-09 23:13:57,pb2312,pb2312,15305.0,0.0,0.0,0.0,1,15260.0,15390.0,3,15305.0,0.0,0.0,0.0,0.0,0.0,94
2023-05-09 23:13:58,pb2312,pb2312,15305.0,0.0,0.0,0.0,1,15260.0,15385.0,2,15305.0,0.0,0.0,0.0,0.0,0.0,94
2023-05-09 23:14:03,pb2312,pb2312,15305.0,0.0,0.0,0.0,1,15260.0,15385.0,2,15305.0,0.0,0.0,0.0,0.0,0.0,94
2023-05-09 23:14:04,pb2312,pb2312,15305.0,0.0,0.0,0.0,1,15260.0,15380.0,3,15305.0,0.0,0.0,0.0,0.0,0.0,94
2023-05-09 23:14:04,pb2312,pb2312,15305.0,0.0,0.0,0.0,1,15260.0,15375.0,2,15305.0,0.0,0.0,0.0,0.0,0.0,94
2023-05-09 23:14:05,pb2312,pb2312,15305.0,0.0,0.0,0.0,1,15260.0,15375.0,2,15305.0,0.0,0.0,0.0,0.0,0.0,94
2023-05-09 23:14:10,pb2312,pb2312,15305.0,0.0,0.0,0.0,1,15260.0,15375.0,2,15305.0,0.0,0.0,0.0,0.0,0.0,94
2023-05-09 23:14:10,pb2312,pb2312,15305.0,0.0,0.0,0.0,1,15260.0,15370.0,2,15305.0,0.0,0.0,0.0,0.0,0.0,94
2023-05-09 23:14:11,pb2312,pb2312,15305.0,0.0,0.0,0.0,1,15260.0,15365.0,2,15305.0,0.0,0.0,0.0,0.0,0.0,94
2023-05-09 23:14:16,pb2312,pb2312,15305.0,0.0,0.0,0.0,1,15260.0,15365.0,2,15305.0,0.0,0.0,0.0,0.0,0.0,94
2023-05-09 23:14:17,pb2312,pb2312,15305.0,0.0,0.0,0.0,1,15260.0,15360.0,1,15305.0,0.0,0.0,0.0,0.0,0.0,94
2023-05-09 23:14:17,pb2312,pb2312,15305.0,0.0,0.0,0.0,1,15260.0,15355.0,1,15305.0,0.0,0.0,0.0,0.0,0.0,94
2023-05-09 23:14:20,pb2312,pb2312,15305.0,0.0,0.0,0.0,1,15260.0,15355.0,1,15305.0,0.0,0.0,0.0,0.0,0.0,94
2023-05-09 23:14:20,pb2312,pb2312,15305.0,0.0,0.0,0.0,1,15260.0,15355.0,2,15305.0,0.0,0.0,0.0,0.0,0.0,94
2023-05-09 23:14:36,pb2312,pb2312,15305.0,0.0,0.0,0.0,1,15260.0,15355.0,2,15305.0,0.0,0.0,0.0,0.0,0.0,94
2023-05-09 23:14:39,pb2312,pb2312,15305.0,0.0,0.0,0.0,1,15260.0,15350.0,2,15305.0,0.0,0.0,0.0,0.0,0.0,94
2023-05-09 23:14:39,pb2312,pb2312,15305.0,0.0,0.0,0.0,1,15260.0,15350.0,2,15305.0,0.0,0.0,0.0,0.0,0.0,94
2023-05-09 23:14:52,pb2312,pb2312,15305.0,0.0,0.0,0.0,1,15260.0,15350.0,2,15305.0,0.0,0.0,0.0,0.0,0.0,94
2023-05-09 23:14:55,pb2312,pb2312,15305.0,0.0,0.0,0.0,1,15260.0,15350.0,2,15305.0,0.0,0.0,0.0,0.0,0.0,94
2023-05-09 23:16:35,pb2312,pb2312,15305.0,0.0,0.0,0.0,1,15265.0,15350.0,2,15305.0,0.0,0.0,0.0,0.0,0.0,94
2023-05-09 23:19:37,pb2312,pb2312,15305.0,0.0,0.0,0.0,1,15270.0,15350.0,2,15305.0,0.0,0.0,0.0,0.0,0.0,94
2023-05-09 23:19:39,pb2312,pb2312,15305.0,0.0,0.0,0.0,1,15270.0,15390.0,1,15305.0,0.0,0.0,0.0,0.0,0.0,94
2023-05-09 23:19:39,pb2312,pb2312,15305.0,0.0,0.0,0.0,1,15270.0,15385.0,2,15305.0,0.0,0.0,0.0,0.0,0.0,94
2023-05-09 23:19:43,pb2312,pb2312,15305.0,0.0,0.0,0.0,1,15270.0,15385.0,3,15305.0,0.0,0.0,0.0,0.0,0.0,94
2023-05-09 23:19:43,pb2312,pb2312,15305.0,0.0,0.0,0.0,1,15270.0,15380.0,2,15305.0,0.0,0.0,0.0,0.0,0.0,94
2023-05-09 23:19:44,pb2312,pb2312,15305.0,0.0,0.0,0.0,1,15270.0,15375.0,2,15305.0,0.0,0.0,0.0,0.0,0.0,94
2023-05-09 23:19:49,pb2312,pb2312,15305.0,0.0,0.0,0.0,1,15270.0,15375.0,2,15305.0,0.0,0.0,0.0,0.0,0.0,94
2023-05-09 23:19:50,pb2312,pb2312,15305.0,0.0,0.0,0.0,1,15270.0,15370.0,1,15305.0,0.0,0.0,0.0,0.0,0.0,94
2023-05-09 23:19:50,pb2312,pb2312,15305.0,0.0,0.0,0.0,1,15270.0,15365.0,1,15305.0,0.0,0.0,0.0,0.0,0.0,94
2023-05-09 23:19:51,pb2312,pb2312,15305.0,0.0,0.0,0.0,1,15270.0,15365.0,1,15305.0,0.0,0.0,0.0,0.0,0.0,94
2023-05-09 23:20:02,pb2312,pb2312,15305.0,0.0,0.0,0.0,1,15270.0,15365.0,1,15305.0,0.0,0.0,0.0,0.0,0.0,94
2023-05-09 23:20:02,pb2312,pb2312,15305.0,0.0,0.0,0.0,1,15270.0,15365.0,2,15305.0,0.0,0.0,0.0,0.0,0.0,94
2023-05-09 23:20:09,pb2312,pb2312,15305.0,0.0,0.0,0.0,1,15270.0,15360.0,2,15305.0,0.0,0.0,0.0,0.0,0.0,94
2023-05-09 23:20:10,pb2312,pb2312,15305.0,0.0,0.0,0.0,1,15270.0,15360.0,2,15305.0,0.0,0.0,0.0,0.0,0.0,94
2023-05-09 23:22:40,pb2312,pb2312,15305.0,0.0,0.0,0.0,2,15250.0,15360.0,2,15305.0,0.0,0.0,0.0,0.0,0.0,94
2023-05-09 23:22:40,pb2312,pb2312,15305.0,0.0,0.0,0.0,1,15255.0,15360.0,2,15305.0,0.0,0.0,0.0,0.0,0.0,94
2023-05-09 23:24:05,pb2312,pb2312,15305.0,0.0,0.0,0.0,1,15255.0,15360.0,2,15305.0,0.0,0.0,0.0,0.0,0.0,94
2023-05-09 23:24:15,pb2312,pb2312,15305.0,0.0,0.0,0.0,2,15280.0,15360.0,2,15305.0,0.0,0.0,0.0,0.0,0.0,94
2023-05-09 23:24:15,pb2312,pb2312,15305.0,0.0,0.0,0.0,2,15280.0,15360.0,2,15305.0,0.0,0.0,0.0,0.0,0.0,94
2023-05-09 23:25:09,pb2312,pb2312,15305.0,0.0,0.0,0.0,2,15280.0,15365.0,1,15305.0,0.0,0.0,0.0,0.0,0.0,94
2023-05-09 23:25:10,pb2312,pb2312,15305.0,0.0,0.0,0.0,2,15280.0,15360.0,1,15305.0,0.0,0.0,0.0,0.0,0.0,94
2023-05-09 23:25:39,pb2312,pb2312,15305.0,0.0,0.0,0.0,2,15280.0,15355.0,2,15305.0,0.0,0.0,0.0,0.0,0.0,94
2023-05-09 23:25:40,pb2312,pb2312,15305.0,0.0,0.0,0.0,2,15280.0,15355.0,2,15305.0,0.0,0.0,0.0,0.0,0.0,94
2023-05-09 23:26:34,pb2312,pb2312,15305.0,0.0,0.0,0.0,2,15280.0,15355.0,2,15305.0,0.0,0.0,0.0,0.0,0.0,94
2023-05-09 23:30:39,pb2312,pb2312,15305.0,0.0,0.0,0.0,2,15280.0,15385.0,1,15305.0,0.0,0.0,0.0,0.0,0.0,94
2023-05-09 23:30:40,pb2312,pb2312,15305.0,0.0,0.0,0.0,2,15280.0,15380.0,2,15305.0,0.0,0.0,0.0,0.0,0.0,94
2023-05-09 23:30:42,pb2312,pb2312,15305.0,0.0,0.0,0.0,2,15280.0,15375.0,1,15305.0,0.0,0.0,0.0,0.0,0.0,94
2023-05-09 23:30:42,pb2312,pb2312,15305.0,0.0,0.0,0.0,2,15280.0,15370.0,1,15305.0,0.0,0.0,0.0,0.0,0.0,94
2023-05-09 23:30:48,pb2312,pb2312,15305.0,0.0,0.0,0.0,2,15280.0,15370.0,1,15305.0,0.0,0.0,0.0,0.0,0.0,94
2023-05-09 23:30:48,pb2312,pb2312,15305.0,0.0,0.0,0.0,2,15280.0,15370.0,2,15305.0,0.0,0.0,0.0,0.0,0.0,94
2023-05-09 23:31:06,pb2312,pb2312,15305.0,0.0,0.0,0.0,2,15280.0,15365.0,2,15305.0,0.0,0.0,0.0,0.0,0.0,94
2023-05-09 23:31:06,pb2312,pb2312,15305.0,0.0,0.0,0.0,2,15280.0,15365.0,2,15305.0,0.0,0.0,0.0,0.0,0.0,94
2023-05-09 23:36:07,pb2312,pb2312,15305.0,0.0,0.0,0.0,2,15280.0,15370.0,1,15305.0,0.0,0.0,0.0,0.0,0.0,94
2023-05-09 23:36:07,pb2312,pb2312,15305.0,0.0,0.0,0.0,2,15280.0,15365.0,1,15305.0,0.0,0.0,0.0,0.0,0.0,94
2023-05-09 23:36:33,pb2312,pb2312,15305.0,0.0,0.0,0.0,2,15280.0,15360.0,2,15305.0,0.0,0.0,0.0,0.0,0.0,94
2023-05-09 23:36:33,pb2312,pb2312,15305.0,0.0,0.0,0.0,2,15280.0,15360.0,2,15305.0,0.0,0.0,0.0,0.0,0.0,94
2023-05-09 23:38:13,pb2312,pb2312,15305.0,0.0,0.0,0.0,2,15280.0,15360.0,2,15305.0,0.0,0.0,0.0,0.0,0.0,94
2023-05-09 23:41:33,pb2312,pb2312,15305.0,0.0,0.0,0.0,2,15280.0,15375.0,1,15305.0,0.0,0.0,0.0,0.0,0.0,94
2023-05-09 23:41:33,pb2312,pb2312,15305.0,0.0,0.0,0.0,2,15280.0,15370.0,1,15305.0,0.0,0.0,0.0,0.0,0.0,94
2023-05-09 23:41:34,pb2312,pb2312,15305.0,0.0,0.0,0.0,2,15280.0,15365.0,3,15305.0,0.0,0.0,0.0,0.0,0.0,94
2023-05-09 23:41:35,pb2312,pb2312,15305.0,0.0,0.0,0.0,2,15280.0,15360.0,1,15305.0,0.0,0.0,0.0,0.0,0.0,94
2023-05-09 23:41:35,pb2312,pb2312,15305.0,0.0,0.0,0.0,2,15280.0,15360.0,1,15305.0,0.0,0.0,0.0,0.0,0.0,94
2023-05-09 23:41:46,pb2312,pb2312,15305.0,0.0,0.0,0.0,2,15280.0,15360.0,1,15305.0,0.0,0.0,0.0,0.0,0.0,94
2023-05-09 23:42:12,pb2312,pb2312,15305.0,0.0,0.0,0.0,2,15280.0,15360.0,1,15305.0,0.0,0.0,0.0,0.0,0.0,94
2023-05-09 23:42:15,pb2312,pb2312,15305.0,0.0,0.0,0.0,2,15280.0,15355.0,2,15305.0,0.0,0.0,0.0,0.0,0.0,94
2023-05-09 23:42:15,pb2312,pb2312,15305.0,0.0,0.0,0.0,2,15280.0,15355.0,2,15305.0,0.0,0.0,0.0,0.0,0.0,94
2023-05-09 23:42:33,pb2312,pb2312,15305.0,0.0,0.0,0.0,2,15280.0,15355.0,2,15305.0,0.0,0.0,0.0,0.0,0.0,94
2023-05-09 23:47:15,pb2312,pb2312,15305.0,0.0,0.0,0.0,2,15280.0,15370.0,1,15305.0,0.0,0.0,0.0,0.0,0.0,94
2023-05-09 23:47:16,pb2312,pb2312,15305.0,0.0,0.0,0.0,2,15280.0,15365.0,1,15305.0,0.0,0.0,0.0,0.0,0.0,94
2023-05-09 23:47:16,pb2312,pb2312,15305.0,0.0,0.0,0.0,2,15280.0,15365.0,2,15305.0,0.0,0.0,0.0,0.0,0.0,94
2023-05-09 23:47:17,pb2312,pb2312,15305.0,0.0,0.0,0.0,2,15280.0,15365.0,2,15305.0,0.0,0.0,0.0,0.0,0.0,94
2023-05-09 23:47:47,pb2312,pb2312,15305.0,0.0,0.0,0.0,2,15280.0,15360.0,2,15305.0,0.0,0.0,0.0,0.0,0.0,94
2023-05-09 23:47:47,pb2312,pb2312,15305.0,0.0,0.0,0.0,2,15280.0,15360.0,2,15305.0,0.0,0.0,0.0,0.0,0.0,94
2023-05-09 23:52:47,pb2312,pb2312,15305.0,0.0,0.0,0.0,2,15280.0,15365.0,1,15305.0,0.0,0.0,0.0,0.0,0.0,94
2023-05-09 23:52:48,pb2312,pb2312,15305.0,0.0,0.0,0.0,2,15280.0,15360.0,1,15305.0,0.0,0.0,0.0,0.0,0.0,94
2023-05-09 23:53:16,pb2312,pb2312,15305.0,0.0,0.0,0.0,2,15280.0,15355.0,2,15305.0,0.0,0.0,0.0,0.0,0.0,94
2023-05-09 23:53:16,pb2312,pb2312,15305.0,0.0,0.0,0.0,2,15280.0,15355.0,2,15305.0,0.0,0.0,0.0,0.0,0.0,94
2023-05-09 23:58:16,pb2312,pb2312,15305.0,0.0,0.0,0.0,2,15280.0,15365.0,1,15305.0,0.0,0.0,0.0,0.0,0.0,94
2023-05-09 23:58:16,pb2312,pb2312,15305.0,0.0,0.0,0.0,2,15280.0,15360.0,1,15305.0,0.0,0.0,0.0,0.0,0.0,94
2023-05-09 23:58:33,pb2312,pb2312,15305.0,0.0,0.0,0.0,2,15280.0,15365.0,1,15305.0,0.0,0.0,0.0,0.0,0.0,94
2023-05-09 23:58:34,pb2312,pb2312,15305.0,0.0,0.0,0.0,2,15280.0,15375.0,1,15305.0,0.0,0.0,0.0,0.0,0.0,94
2023-05-09 23:58:34,pb2312,pb2312,15305.0,0.0,0.0,0.0,2,15280.0,15370.0,2,15305.0,0.0,0.0,0.0,0.0,0.0,94
2023-05-09 23:58:37,pb2312,pb2312,15305.0,0.0,0.0,0.0,2,15280.0,15370.0,2,15305.0,0.0,0.0,0.0,0.0,0.0,94
2023-05-09 23:58:40,pb2312,pb2312,15305.0,0.0,0.0,0.0,2,15280.0,15370.0,1,15305.0,0.0,0.0,0.0,0.0,0.0,94
2023-05-09 23:58:41,pb2312,pb2312,15305.0,0.0,0.0,0.0,2,15280.0,15370.0,2,15305.0,0.0,0.0,0.0,0.0,0.0,94
2023-05-09 23:58:44,pb2312,pb2312,15305.0,0.0,0.0,0.0,2,15280.0,15365.0,2,15305.0,0.0,0.0,0.0,0.0,0.0,94
2023-05-09 23:58:45,pb2312,pb2312,15305.0,0.0,0.0,0.0,2,15280.0,15365.0,2,15305.0,0.0,0.0,0.0,0.0,0.0,94
2023-05-09 23:59:44,pb2312,pb2312,15305.0,0.0,0.0,0.0,2,15280.0,15370.0,1,15305.0,0.0,0.0,0.0,0.0,0.0,94
2023-05-09 23:59:45,pb2312,pb2312,15305.0,0.0,0.0,0.0,2,15280.0,15365.0,1,15305.0,0.0,0.0,0.0,0.0,0.0,94
2023-05-10 00:00:02,pb2312,pb2312,15305.0,0.0,0.0,0.0,1,15285.0,15365.0,1,15305.0,0.0,0.0,0.0,0.0,0.0,94
2023-05-10 00:00:03,pb2312,pb2312,15305.0,0.0,0.0,0.0,1,15285.0,15380.0,1,15305.0,0.0,0.0,0.0,0.0,0.0,94
2023-05-10 00:00:03,pb2312,pb2312,15305.0,0.0,0.0,0.0,1,15285.0,15375.0,1,15305.0,0.0,0.0,0.0,0.0,0.0,94
2023-05-10 00:00:05,pb2312,pb2312,15305.0,0.0,0.0,0.0,1,15285.0,15375.0,1,15305.0,0.0,0.0,0.0,0.0,0.0,94
2023-05-10 00:00:16,pb2312,pb2312,15305.0,0.0,0.0,0.0,1,15285.0,15370.0,2,15305.0,0.0,0.0,0.0,0.0,0.0,94
2023-05-10 00:00:16,pb2312,pb2312,15305.0,0.0,0.0,0.0,1,15285.0,15370.0,2,15305.0,0.0,0.0,0.0,0.0,0.0,94
2023-05-10 00:02:25,pb2312,pb2312,15305.0,0.0,0.0,0.0,2,15280.0,15370.0,2,15305.0,0.0,0.0,0.0,0.0,0.0,94
2023-05-10 00:04:29,pb2312,pb2312,15305.0,0.0,0.0,0.0,2,15280.0,15370.0,2,15305.0,0.0,0.0,0.0,0.0,0.0,94
2023-05-10 00:05:16,pb2312,pb2312,15305.0,0.0,0.0,0.0,2,15280.0,15385.0,1,15305.0,0.0,0.0,0.0,0.0,0.0,94
2023-05-10 00:05:16,pb2312,pb2312,15305.0,0.0,0.0,0.0,2,15280.0,15380.0,2,15305.0,0.0,0.0,0.0,0.0,0.0,94
2023-05-10 00:05:17,pb2312,pb2312,15305.0,0.0,0.0,0.0,2,15280.0,15375.0,1,15305.0,0.0,0.0,0.0,0.0,0.0,94
2023-05-10 00:05:18,pb2312,pb2312,15305.0,0.0,0.0,0.0,2,15280.0,15370.0,1,15305.0,0.0,0.0,0.0,0.0,0.0,94
2023-05-10 00:05:18,pb2312,pb2312,15305.0,0.0,0.0,0.0,2,15280.0,15370.0,1,15305.0,0.0,0.0,0.0,0.0,0.0,94
