time,symbol_id,symbol_name,last,trade_volume,trade_amount,open_interest_change,bv1,bp1,ap1,av1,yesterday_close,today_open,today_high,today_low,volume,amount,open_interest
2023-05-09 20:59:00,pb2305,pb2305,15260.0,0.0,0.0,0.0,200,15240.0,15355.0,20,15260.0,15280.0,0.0,0.0,0.0,0.0,3630
2023-05-09 21:00:00,pb2305,pb2305,15260.0,0.0,0.0,0.0,200,15240.0,15355.0,25,15260.0,15280.0,0.0,0.0,0.0,0.0,3630
2023-05-09 21:00:01,pb2305,pb2305,15260.0,0.0,0.0,0.0,5,15245.0,15275.0,5,15260.0,15280.0,0.0,0.0,0.0,0.0,3630
2023-05-09 21:00:01,pb2305,pb2305,15260.0,0.0,0.0,0.0,5,15245.0,15350.0,5,15260.0,15280.0,0.0,0.0,0.0,0.0,3630
2023-05-09 21:00:02,pb2305,pb2305,15260.0,0.0,0.0,0.0,5,15255.0,15285.0,5,15260.0,15280.0,0.0,0.0,0.0,0.0,3630
2023-05-09 21:00:02,pb2305,pb2305,15260.0,0.0,0.0,0.0,5,15255.0,15285.0,10,15260.0,15280.0,0.0,0.0,0.0,0.0,3630
2023-05-09 21:00:03,pb2305,pb2305,15260.0,0.0,0.0,0.0,5,15270.0,15285.0,10,15260.0,15280.0,0.0,0.0,0.0,0.0,3630
2023-05-09 21:00:03,pb2305,pb2305,15260.0,0.0,0.0,0.0,5,15275.0,15350.0,5,15260.0,15280.0,0.0,0.0,0.0,0.0,3630
2023-05-09 21:00:04,pb2305,pb2305,15260.0,0.0,0.0,0.0,200,15240.0,15295.0,5,15260.0,15280.0,0.0,0.0,0.0,0.0,3630
2023-05-09 21:00:04,pb2305,pb2305,15260.0,0.0,0.0,0.0,5,15275.0,15295.0,10,15260.0,15280.0,0.0,0.0,0.0,0.0,3630
2023-05-09 21:00:05,pb2305,pb2305,15260.0,0.0,0.0,0.0,5,15275.0,15295.0,10,15260.0,15280.0,0.0,0.0,0.0,0.0,3630
2023-05-09 21:00:05,pb2305,pb2305,15260.0,0.0,0.0,0.0,5,15275.0,15315.0,10,15260.0,15280.0,0.0,0.0,0.0,0.0,3630
2023-05-09 21:00:06,pb2305,pb2305,15260.0,0.0,0.0,0.0,10,15245.0,15300.0,30,15260.0,15280.0,0.0,0.0,0.0,0.0,3630
2023-05-09 21:00:06,pb2305,pb2305,15260.0,0.0,0.0,0.0,5,15280.0,15295.0,5,15260.0,15280.0,0.0,0.0,0.0,0.0,3630
2023-05-09 21:00:07,pb2305,pb2305,15260.0,0.0,0.0,0.0,5,15280.0,15295.0,10,15260.0,15280.0,0.0,0.0,0.0,0.0,3630
2023-05-09 21:00:07,pb2305,pb2305,15260.0,0.0,0.0,0.0,10,15245.0,15290.0,5,15260.0,15280.0,0.0,0.0,0.0,0.0,3630
2023-05-09 21:00:08,pb2305,pb2305,15260.0,0.0,0.0,0.0,5,15275.0,15290.0,10,15260.0,15280.0,0.0,0.0,0.0,0.0,3630
2023-05-09 21:00:08,pb2305,pb2305,15260.0,0.0,0.0,0.0,10,15245.0,15285.0,5,15260.0,15280.0,0.0,0.0,0.0,0.0,3630
2023-05-09 21:00:09,pb2305,pb2305,15260.0,0.0,0.0,0.0,5,15275.0,15315.0,10,15260.0,15280.0,0.0,0.0,0.0,0.0,3630
2023-05-09 21:00:09,pb2305,pb2305,15260.0,0.0,0.0,0.0,10,15245.0,15295.0,5,15260.0,15280.0,0.0,0.0,0.0,0.0,3630
2023-05-09 21:00:10,pb2305,pb2305,15260.0,0.0,0.0,0.0,5,15280.0,15295.0,10,15260.0,15280.0,0.0,0.0,0.0,0.0,3630
2023-05-09 21:00:10,pb2305,pb2305,15260.0,0.0,0.0,0.0,5,15280.0,15295.0,10,15260.0,15280.0,0.0,0.0,0.0,0.0,3630
2023-05-09 21:00:11,pb2305,pb2305,15260.0,0.0,0.0,0.0,5,15285.0,15350.0,5,15260.0,15280.0,0.0,0.0,0.0,0.0,3630
2023-05-09 21:00:12,pb2305,pb2305,15260.0,0.0,0.0,0.0,10,15245.0,15300.0,5,15260.0,15280.0,0.0,0.0,0.0,0.0,3630
2023-05-09 21:00:12,pb2305,pb2305,15260.0,0.0,0.0,0.0,5,15280.0,15295.0,5,15260.0,15280.0,0.0,0.0,0.0,0.0,3630
2023-05-09 21:00:13,pb2305,pb2305,15280.0,5.0,382000.0,0.0,10,15245.0,15285.0,5,15260.0,15280.0,15280.0,15280.0,5.0,382000.0,3630
2023-05-09 21:00:13,pb2305,pb2305,15280.0,0.0,0.0,0.0,5,15265.0,15285.0,10,15260.0,15280.0,15280.0,15280.0,5.0,382000.0,3630
2023-05-09 21:00:14,pb2305,pb2305,15280.0,0.0,0.0,0.0,5,15265.0,15285.0,10,15260.0,15280.0,15280.0,15280.0,5.0,382000.0,3630
2023-05-09 21:00:15,pb2305,pb2305,15280.0,0.0,0.0,0.0,5,15270.0,15285.0,10,15260.0,15280.0,15280.0,15280.0,5.0,382000.0,3630
2023-05-09 21:00:17,pb2305,pb2305,15280.0,0.0,0.0,0.0,5,15275.0,15320.0,10,15260.0,15280.0,15280.0,15280.0,5.0,382000.0,3630
2023-05-09 21:00:18,pb2305,pb2305,15280.0,0.0,0.0,0.0,10,15245.0,15290.0,5,15260.0,15280.0,15280.0,15280.0,5.0,382000.0,3630
2023-05-09 21:00:18,pb2305,pb2305,15280.0,0.0,0.0,0.0,5,15275.0,15290.0,10,15260.0,15280.0,15280.0,15280.0,5.0,382000.0,3630
2023-05-09 21:00:19,pb2305,pb2305,15280.0,0.0,0.0,0.0,10,15275.0,15290.0,5,15260.0,15280.0,15280.0,15280.0,5.0,382000.0,3630
2023-05-09 21:00:19,pb2305,pb2305,15280.0,0.0,0.0,0.0,5,15275.0,15290.0,15,15260.0,15280.0,15280.0,15280.0,5.0,382000.0,3630
2023-05-09 21:00:20,pb2305,pb2305,15280.0,0.0,0.0,0.0,10,15275.0,15290.0,5,15260.0,15280.0,15280.0,15280.0,5.0,382000.0,3630
2023-05-09 21:00:20,pb2305,pb2305,15280.0,0.0,0.0,0.0,5,15280.0,15290.0,5,15260.0,15280.0,15280.0,15280.0,5.0,382000.0,3630
2023-05-09 21:00:21,pb2305,pb2305,15280.0,0.0,0.0,0.0,5,15280.0,15290.0,5,15260.0,15280.0,15280.0,15280.0,5.0,382000.0,3630
2023-05-09 21:00:25,pb2305,pb2305,15280.0,0.0,0.0,0.0,5,15280.0,15320.0,10,15260.0,15280.0,15280.0,15280.0,5.0,382000.0,3630
2023-05-09 21:00:26,pb2305,pb2305,15280.0,0.0,0.0,0.0,5,15280.0,15300.0,5,15260.0,15280.0,15280.0,15280.0,5.0,382000.0,3630
2023-05-09 21:00:26,pb2305,pb2305,15280.0,0.0,0.0,0.0,5,15285.0,15300.0,20,15260.0,15280.0,15280.0,15280.0,5.0,382000.0,3630
2023-05-09 21:00:27,pb2305,pb2305,15280.0,0.0,0.0,0.0,5,15285.0,15300.0,20,15260.0,15280.0,15280.0,15280.0,5.0,382000.0,3630
2023-05-09 21:00:27,pb2305,pb2305,15280.0,0.0,0.0,0.0,5,15285.0,15300.0,25,15260.0,15280.0,15280.0,15280.0,5.0,382000.0,3630
2023-05-09 21:00:29,pb2305,pb2305,15280.0,0.0,0.0,0.0,5,15290.0,15300.0,10,15260.0,15280.0,15280.0,15280.0,5.0,382000.0,3630
2023-05-09 21:00:35,pb2305,pb2305,15280.0,0.0,0.0,0.0,10,15245.0,15300.0,10,15260.0,15280.0,15280.0,15280.0,5.0,382000.0,3630
2023-05-09 21:00:35,pb2305,pb2305,15280.0,0.0,0.0,0.0,5,15285.0,15300.0,20,15260.0,15280.0,15280.0,15280.0,5.0,382000.0,3630
2023-05-09 21:00:36,pb2305,pb2305,15280.0,0.0,0.0,0.0,5,15285.0,15300.0,20,15260.0,15280.0,15280.0,15280.0,5.0,382000.0,3630
2023-05-09 21:00:36,pb2305,pb2305,15280.0,0.0,0.0,0.0,5,15290.0,15300.0,10,15260.0,15280.0,15280.0,15280.0,5.0,382000.0,3630
2023-05-09 21:00:38,pb2305,pb2305,15280.0,0.0,0.0,0.0,10,15245.0,15300.0,10,15260.0,15280.0,15280.0,15280.0,5.0,382000.0,3630
2023-05-09 21:00:38,pb2305,pb2305,15280.0,0.0,0.0,0.0,5,15285.0,15300.0,15,15260.0,15280.0,15280.0,15280.0,5.0,382000.0,3630
2023-05-09 21:00:39,pb2305,pb2305,15280.0,0.0,0.0,0.0,5,15285.0,15300.0,20,15260.0,15280.0,15280.0,15280.0,5.0,382000.0,3630
2023-05-09 21:00:47,pb2305,pb2305,15280.0,0.0,0.0,0.0,5,15290.0,15300.0,10,15260.0,15280.0,15280.0,15280.0,5.0,382000.0,3630
2023-05-09 21:00:55,pb2305,pb2305,15280.0,0.0,0.0,0.0,10,15245.0,15300.0,10,15260.0,15280.0,15280.0,15280.0,5.0,382000.0,3630
2023-05-09 21:00:55,pb2305,pb2305,15280.0,0.0,0.0,0.0,5,15285.0,15300.0,15,15260.0,15280.0,15280.0,15280.0,5.0,382000.0,3630
2023-05-09 21:00:56,pb2305,pb2305,15280.0,0.0,0.0,0.0,5,15285.0,15300.0,20,15260.0,15280.0,15280.0,15280.0,5.0,382000.0,3630
2023-05-09 21:00:59,pb2305,pb2305,15280.0,0.0,0.0,0.0,5,15290.0,15300.0,10,15260.0,15280.0,15280.0,15280.0,5.0,382000.0,3630
2023-05-09 21:01:03,pb2305,pb2305,15280.0,0.0,0.0,0.0,10,15245.0,15300.0,10,15260.0,15280.0,15280.0,15280.0,5.0,382000.0,3630
2023-05-09 21:01:04,pb2305,pb2305,15280.0,0.0,0.0,0.0,5,15285.0,15300.0,10,15260.0,15280.0,15280.0,15280.0,5.0,382000.0,3630
2023-05-09 21:01:04,pb2305,pb2305,15280.0,0.0,0.0,0.0,5,15290.0,15300.0,10,15260.0,15280.0,15280.0,15280.0,5.0,382000.0,3630
2023-05-09 21:01:05,pb2305,pb2305,15280.0,0.0,0.0,0.0,5,15290.0,15300.0,10,15260.0,15280.0,15280.0,15280.0,5.0,382000.0,3630
2023-05-09 21:01:05,pb2305,pb2305,15280.0,0.0,0.0,0.0,10,15245.0,15300.0,20,15260.0,15280.0,15280.0,15280.0,5.0,382000.0,3630
2023-05-09 21:01:06,pb2305,pb2305,15280.0,0.0,0.0,0.0,5,15285.0,15300.0,10,15260.0,15280.0,15280.0,15280.0,5.0,382000.0,3630
2023-05-09 21:01:06,pb2305,pb2305,15280.0,0.0,0.0,0.0,5,15285.0,15300.0,20,15260.0,15280.0,15280.0,15280.0,5.0,382000.0,3630
2023-05-09 21:01:07,pb2305,pb2305,15280.0,0.0,0.0,0.0,5,15290.0,15300.0,10,15260.0,15280.0,15280.0,15280.0,5.0,382000.0,3630
2023-05-09 21:01:07,pb2305,pb2305,15280.0,0.0,0.0,0.0,5,15290.0,15300.0,10,15260.0,15280.0,15280.0,15280.0,5.0,382000.0,3630
2023-05-09 21:01:13,pb2305,pb2305,15280.0,0.0,0.0,0.0,10,15245.0,15300.0,10,15260.0,15280.0,15280.0,15280.0,5.0,382000.0,3630
2023-05-09 21:01:13,pb2305,pb2305,15280.0,0.0,0.0,0.0,5,15285.0,15300.0,10,15260.0,15280.0,15280.0,15280.0,5.0,382000.0,3630
2023-05-09 21:01:14,pb2305,pb2305,15280.0,0.0,0.0,0.0,10,15285.0,15300.0,10,15260.0,15280.0,15280.0,15280.0,5.0,382000.0,3630
2023-05-09 21:01:14,pb2305,pb2305,15280.0,0.0,0.0,0.0,5,15285.0,15300.0,10,15260.0,15280.0,15280.0,15280.0,5.0,382000.0,3630
2023-05-09 21:01:15,pb2305,pb2305,15280.0,0.0,0.0,0.0,5,15285.0,15300.0,20,15260.0,15280.0,15280.0,15280.0,5.0,382000.0,3630
2023-05-09 21:01:16,pb2305,pb2305,15280.0,0.0,0.0,0.0,10,15245.0,15300.0,15,15260.0,15280.0,15280.0,15280.0,5.0,382000.0,3630
2023-05-09 21:01:17,pb2305,pb2305,15280.0,0.0,0.0,0.0,5,15280.0,15295.0,5,15260.0,15280.0,15280.0,15280.0,5.0,382000.0,3630
2023-05-09 21:01:17,pb2305,pb2305,15280.0,0.0,0.0,0.0,5,15280.0,15295.0,20,15260.0,15280.0,15280.0,15280.0,5.0,382000.0,3630
2023-05-09 21:01:21,pb2305,pb2305,15280.0,0.0,0.0,0.0,5,15285.0,15295.0,10,15260.0,15280.0,15280.0,15280.0,5.0,382000.0,3630
2023-05-09 21:01:22,pb2305,pb2305,15280.0,0.0,0.0,0.0,10,15245.0,15295.0,20,15260.0,15280.0,15280.0,15280.0,5.0,382000.0,3630
2023-05-09 21:01:22,pb2305,pb2305,15280.0,0.0,0.0,0.0,5,15280.0,15295.0,20,15260.0,15280.0,15280.0,15280.0,5.0,382000.0,3630
2023-05-09 21:01:23,pb2305,pb2305,15280.0,0.0,0.0,0.0,5,15280.0,15295.0,20,15260.0,15280.0,15280.0,15280.0,5.0,382000.0,3630
2023-05-09 21:01:27,pb2305,pb2305,15280.0,0.0,0.0,0.0,5,15285.0,15295.0,10,15260.0,15280.0,15280.0,15280.0,5.0,382000.0,3630
2023-05-09 21:01:28,pb2305,pb2305,15280.0,0.0,0.0,0.0,10,15245.0,15295.0,10,15260.0,15280.0,15280.0,15280.0,5.0,382000.0,3630
2023-05-09 21:01:28,pb2305,pb2305,15280.0,0.0,0.0,0.0,5,15280.0,15295.0,15,15260.0,15280.0,15280.0,15280.0,5.0,382000.0,3630
2023-05-09 21:01:29,pb2305,pb2305,15280.0,0.0,0.0,0.0,5,15280.0,15295.0,10,15260.0,15280.0,15280.0,15280.0,5.0,382000.0,3630
2023-05-09 21:01:29,pb2305,pb2305,15280.0,0.0,0.0,0.0,10,15280.0,15295.0,10,15260.0,15280.0,15280.0,15280.0,5.0,382000.0,3630
2023-05-09 21:01:30,pb2305,pb2305,15280.0,0.0,0.0,0.0,5,15280.0,15295.0,20,15260.0,15280.0,15280.0,15280.0,5.0,382000.0,3630
2023-05-09 21:01:31,pb2305,pb2305,15280.0,0.0,0.0,0.0,5,15280.0,15295.0,15,15260.0,15280.0,15280.0,15280.0,5.0,382000.0,3630
2023-05-09 21:01:37,pb2305,pb2305,15280.0,0.0,0.0,0.0,5,15285.0,15295.0,10,15260.0,15280.0,15280.0,15280.0,5.0,382000.0,3630
2023-05-09 21:01:38,pb2305,pb2305,15280.0,0.0,0.0,0.0,10,15245.0,15295.0,10,15260.0,15280.0,15280.0,15280.0,5.0,382000.0,3630
2023-05-09 21:01:38,pb2305,pb2305,15280.0,0.0,0.0,0.0,5,15280.0,15295.0,15,15260.0,15280.0,15280.0,15280.0,5.0,382000.0,3630
2023-05-09 21:01:39,pb2305,pb2305,15280.0,0.0,0.0,0.0,5,15280.0,15295.0,15,15260.0,15280.0,15280.0,15280.0,5.0,382000.0,3630
2023-05-09 21:01:41,pb2305,pb2305,15280.0,0.0,0.0,0.0,5,15285.0,15295.0,10,15260.0,15280.0,15280.0,15280.0,5.0,382000.0,3630
2023-05-09 21:02:51,pb2305,pb2305,15280.0,0.0,0.0,0.0,5,15285.0,15295.0,10,15260.0,15280.0,15280.0,15280.0,5.0,382000.0,3630
2023-05-09 21:02:51,pb2305,pb2305,15280.0,0.0,0.0,0.0,5,15290.0,15350.0,5,15260.0,15280.0,15280.0,15280.0,5.0,382000.0,3630
2023-05-09 21:02:52,pb2305,pb2305,15280.0,0.0,0.0,0.0,10,15245.0,15305.0,5,15260.0,15280.0,15280.0,15280.0,5.0,382000.0,3630
2023-05-09 21:02:52,pb2305,pb2305,15280.0,0.0,0.0,0.0,5,15290.0,15305.0,5,15260.0,15280.0,15280.0,15280.0,5.0,382000.0,3630
2023-05-09 21:02:53,pb2305,pb2305,15280.0,0.0,0.0,0.0,5,15290.0,15305.0,15,15260.0,15280.0,15280.0,15280.0,5.0,382000.0,3630
2023-05-09 21:03:11,pb2305,pb2305,15280.0,0.0,0.0,0.0,10,15245.0,15305.0,10,15260.0,15280.0,15280.0,15280.0,5.0,382000.0,3630
2023-05-09 21:03:11,pb2305,pb2305,15280.0,0.0,0.0,0.0,5,15285.0,15300.0,5,15260.0,15280.0,15280.0,15280.0,5.0,382000.0,3630
2023-05-09 21:03:12,pb2305,pb2305,15280.0,0.0,0.0,0.0,5,15285.0,15300.0,15,15260.0,15280.0,15280.0,15280.0,5.0,382000.0,3630
2023-05-09 21:03:17,pb2305,pb2305,15280.0,0.0,0.0,0.0,5,15285.0,15300.0,15,15260.0,15280.0,15280.0,15280.0,5.0,382000.0,3630
2023-05-09 21:04:01,pb2305,pb2305,15280.0,0.0,0.0,0.0,5,15285.0,15300.0,15,15260.0,15280.0,15280.0,15280.0,5.0,382000.0,3630
2023-05-09 21:04:30,pb2305,pb2305,15280.0,0.0,0.0,0.0,5,15290.0,15300.0,10,15260.0,15280.0,15280.0,15280.0,5.0,382000.0,3630
2023-05-09 21:05:03,pb2305,pb2305,15280.0,0.0,0.0,0.0,40,15250.0,15300.0,10,15260.0,15280.0,15280.0,15280.0,5.0,382000.0,3630
2023-05-09 21:05:04,pb2305,pb2305,15280.0,0.0,0.0,0.0,5,15285.0,15300.0,15,15260.0,15280.0,15280.0,15280.0,5.0,382000.0,3630
2023-05-09 21:05:04,pb2305,pb2305,15280.0,0.0,0.0,0.0,5,15285.0,15300.0,15,15260.0,15280.0,15280.0,15280.0,5.0,382000.0,3630
2023-05-09 21:05:14,pb2305,pb2305,15280.0,0.0,0.0,0.0,20,15255.0,15300.0,10,15260.0,15280.0,15280.0,15280.0,5.0,382000.0,3630
2023-05-09 21:05:14,pb2305,pb2305,15280.0,0.0,0.0,0.0,5,15280.0,15295.0,5,15260.0,15280.0,15280.0,15280.0,5.0,382000.0,3630
2023-05-09 21:05:15,pb2305,pb2305,15280.0,0.0,0.0,0.0,5,15280.0,15295.0,15,15260.0,15280.0,15280.0,15280.0,5.0,382000.0,3630
2023-05-09 21:05:33,pb2305,pb2305,15280.0,0.0,0.0,0.0,5,15285.0,15295.0,10,15260.0,15280.0,15280.0,15280.0,5.0,382000.0,3630
2023-05-09 21:05:49,pb2305,pb2305,15280.0,0.0,0.0,0.0,5,15290.0,15350.0,5,15260.0,15280.0,15280.0,15280.0,5.0,382000.0,3630
2023-05-09 21:05:50,pb2305,pb2305,15280.0,0.0,0.0,0.0,20,15255.0,15305.0,5,15260.0,15280.0,15280.0,15280.0,5.0,382000.0,3630
2023-05-09 21:05:50,pb2305,pb2305,15280.0,0.0,0.0,0.0,5,15290.0,15305.0,5,15260.0,15280.0,15280.0,15280.0,5.0,382000.0,3630
2023-05-09 21:05:51,pb2305,pb2305,15280.0,0.0,0.0,0.0,5,15290.0,15305.0,20,15260.0,15280.0,15280.0,15280.0,5.0,382000.0,3630
2023-05-09 21:06:01,pb2305,pb2305,15280.0,0.0,0.0,0.0,5,15295.0,15305.0,10,15260.0,15280.0,15280.0,15280.0,5.0,382000.0,3630
2023-05-09 21:06:41,pb2305,pb2305,15295.0,5.0,382375.0,-5.0,20,15255.0,15295.0,35,15260.0,15280.0,15295.0,15280.0,10.0,764375.0,3625
2023-05-09 21:06:42,pb2305,pb2305,15295.0,5.0,382375.0,-5.0,5,15280.0,15295.0,30,15260.0,15280.0,15295.0,15280.0,15.0,1146750.0,3620
2023-05-09 21:06:42,pb2305,pb2305,15295.0,5.0,382375.0,-5.0,15,15280.0,15295.0,25,15260.0,15280.0,15295.0,15280.0,20.0,1529125.0,3615
2023-05-09 21:06:43,pb2305,pb2305,15295.0,5.0,382375.0,-5.0,35,15280.0,15295.0,20,15260.0,15280.0,15295.0,15280.0,25.0,1911500.0,3610
2023-05-09 21:06:43,pb2305,pb2305,15295.0,10.0,764750.0,-5.0,35,15280.0,15295.0,10,15260.0,15280.0,15295.0,15280.0,35.0,2676250.0,3605
2023-05-09 21:06:44,pb2305,pb2305,15295.0,5.0,382375.0,-5.0,35,15280.0,15295.0,5,15260.0,15280.0,15295.0,15280.0,40.0,3058625.0,3600
2023-05-09 21:06:44,pb2305,pb2305,15295.0,5.0,382375.0,-5.0,35,15280.0,15350.0,5,15260.0,15280.0,15295.0,15280.0,45.0,3441000.0,3595
2023-05-09 21:06:45,pb2305,pb2305,15295.0,0.0,0.0,0.0,35,15280.0,15310.0,5,15260.0,15280.0,15295.0,15280.0,45.0,3441000.0,3595
2023-05-09 21:06:45,pb2305,pb2305,15295.0,0.0,0.0,0.0,5,15295.0,15310.0,15,15260.0,15280.0,15295.0,15280.0,45.0,3441000.0,3595
2023-05-09 21:06:46,pb2305,pb2305,15295.0,0.0,0.0,0.0,5,15295.0,15310.0,15,15260.0,15280.0,15295.0,15280.0,45.0,3441000.0,3595
2023-05-09 21:06:46,pb2305,pb2305,15295.0,0.0,0.0,0.0,5,15295.0,15310.0,20,15260.0,15280.0,15295.0,15280.0,45.0,3441000.0,3595
2023-05-09 21:06:48,pb2305,pb2305,15295.0,0.0,0.0,0.0,40,15250.0,15310.0,15,15260.0,15280.0,15295.0,15280.0,45.0,3441000.0,3595
2023-05-09 21:06:48,pb2305,pb2305,15295.0,0.0,0.0,0.0,5,15290.0,15305.0,5,15260.0,15280.0,15295.0,15280.0,45.0,3441000.0,3595
2023-05-09 21:06:49,pb2305,pb2305,15295.0,0.0,0.0,0.0,5,15290.0,15305.0,20,15260.0,15280.0,15295.0,15280.0,45.0,3441000.0,3595
2023-05-09 21:07:06,pb2305,pb2305,15295.0,0.0,0.0,0.0,5,15290.0,15295.0,35,15260.0,15280.0,15295.0,15280.0,45.0,3441000.0,3595
2023-05-09 21:07:07,pb2305,pb2305,15295.0,0.0,0.0,0.0,5,15290.0,15295.0,35,15260.0,15280.0,15295.0,15280.0,45.0,3441000.0,3595
2023-05-09 21:07:10,pb2305,pb2305,15295.0,0.0,0.0,0.0,5,15290.0,15295.0,35,15260.0,15280.0,15295.0,15280.0,45.0,3441000.0,3595
2023-05-09 21:07:11,pb2305,pb2305,15295.0,0.0,0.0,0.0,5,15290.0,15295.0,35,15260.0,15280.0,15295.0,15280.0,45.0,3441000.0,3595
2023-05-09 21:07:12,pb2305,pb2305,15290.0,5.0,382250.0,-5.0,20,15255.0,15290.0,30,15260.0,15280.0,15295.0,15280.0,50.0,3823250.0,3590
2023-05-09 21:07:13,pb2305,pb2305,15290.0,5.0,382250.0,-5.0,5,15275.0,15290.0,25,15260.0,15280.0,15295.0,15280.0,55.0,4205500.0,3585
2023-05-09 21:07:13,pb2305,pb2305,15290.0,5.0,382250.0,-5.0,15,15275.0,15290.0,20,15260.0,15280.0,15295.0,15280.0,60.0,4587750.0,3580
2023-05-09 21:07:14,pb2305,pb2305,15290.0,5.0,382250.0,-5.0,35,15275.0,15290.0,15,15260.0,15280.0,15295.0,15280.0,65.0,4970000.0,3575
2023-05-09 21:07:14,pb2305,pb2305,15290.0,5.0,382250.0,-5.0,35,15275.0,15290.0,10,15260.0,15280.0,15295.0,15280.0,70.0,5352250.0,3570
2023-05-09 21:07:15,pb2305,pb2305,15290.0,5.0,382250.0,-5.0,35,15275.0,15290.0,5,15260.0,15280.0,15295.0,15280.0,75.0,5734500.0,3565
2023-05-09 21:07:15,pb2305,pb2305,15290.0,5.0,382250.0,-5.0,35,15275.0,15350.0,5,15260.0,15280.0,15295.0,15280.0,80.0,6116750.0,3560
2023-05-09 21:07:16,pb2305,pb2305,15290.0,0.0,0.0,0.0,35,15275.0,15305.0,5,15260.0,15280.0,15295.0,15280.0,80.0,6116750.0,3560
2023-05-09 21:07:16,pb2305,pb2305,15290.0,0.0,0.0,0.0,5,15290.0,15305.0,15,15260.0,15280.0,15295.0,15280.0,80.0,6116750.0,3560
2023-05-09 21:07:17,pb2305,pb2305,15290.0,0.0,0.0,0.0,5,15290.0,15305.0,20,15260.0,15280.0,15295.0,15280.0,80.0,6116750.0,3560
2023-05-09 21:07:26,pb2305,pb2305,15290.0,0.0,0.0,0.0,5,15290.0,15305.0,20,15260.0,15280.0,15295.0,15280.0,80.0,6116750.0,3560
2023-05-09 21:07:26,pb2305,pb2305,15290.0,0.0,0.0,0.0,5,15290.0,15305.0,20,15260.0,15280.0,15295.0,15280.0,80.0,6116750.0,3560
2023-05-09 21:07:30,pb2305,pb2305,15290.0,0.0,0.0,0.0,40,15250.0,15305.0,15,15260.0,15280.0,15295.0,15280.0,80.0,6116750.0,3560
2023-05-09 21:07:30,pb2305,pb2305,15290.0,0.0,0.0,0.0,5,15285.0,15300.0,5,15260.0,15280.0,15295.0,15280.0,80.0,6116750.0,3560
2023-05-09 21:07:31,pb2305,pb2305,15290.0,0.0,0.0,0.0,5,15285.0,15300.0,20,15260.0,15280.0,15295.0,15280.0,80.0,6116750.0,3560
2023-05-09 21:07:41,pb2305,pb2305,15290.0,0.0,0.0,0.0,5,15285.0,15300.0,20,15260.0,15280.0,15295.0,15280.0,80.0,6116750.0,3560
2023-05-09 21:07:48,pb2305,pb2305,15290.0,0.0,0.0,0.0,5,15290.0,15300.0,10,15260.0,15280.0,15295.0,15280.0,80.0,6116750.0,3560
2023-05-09 21:08:07,pb2305,pb2305,15290.0,0.0,0.0,0.0,5,15295.0,15300.0,10,15260.0,15280.0,15295.0,15280.0,80.0,6116750.0,3560
2023-05-09 21:08:08,pb2305,pb2305,15290.0,0.0,0.0,0.0,5,15295.0,15300.0,10,15260.0,15280.0,15295.0,15280.0,80.0,6116750.0,3560
2023-05-09 21:08:10,pb2305,pb2305,15290.0,0.0,0.0,0.0,20,15255.0,15300.0,10,15260.0,15280.0,15295.0,15280.0,80.0,6116750.0,3560
2023-05-09 21:08:11,pb2305,pb2305,15290.0,0.0,0.0,0.0,5,15290.0,15300.0,10,15260.0,15280.0,15295.0,15280.0,80.0,6116750.0,3560
2023-05-09 21:08:11,pb2305,pb2305,15290.0,0.0,0.0,0.0,5,15290.0,15300.0,10,15260.0,15280.0,15295.0,15280.0,80.0,6116750.0,3560
2023-05-09 21:08:14,pb2305,pb2305,15290.0,0.0,0.0,0.0,10,15290.0,15300.0,10,15260.0,15280.0,15295.0,15280.0,80.0,6116750.0,3560
2023-05-09 21:08:15,pb2305,pb2305,15290.0,0.0,0.0,0.0,5,15290.0,15300.0,10,15260.0,15280.0,15295.0,15280.0,80.0,6116750.0,3560
2023-05-09 21:09:01,pb2305,pb2305,15290.0,0.0,0.0,0.0,5,15290.0,15350.0,5,15260.0,15280.0,15295.0,15280.0,80.0,6116750.0,3560
2023-05-09 21:09:01,pb2305,pb2305,15290.0,0.0,0.0,0.0,5,15290.0,15310.0,5,15260.0,15280.0,15295.0,15280.0,80.0,6116750.0,3560
2023-05-09 21:09:02,pb2305,pb2305,15290.0,0.0,0.0,0.0,5,15295.0,15310.0,20,15260.0,15280.0,15295.0,15280.0,80.0,6116750.0,3560
2023-05-09 21:09:02,pb2305,pb2305,15290.0,0.0,0.0,0.0,5,15295.0,15310.0,20,15260.0,15280.0,15295.0,15280.0,80.0,6116750.0,3560
2023-05-09 21:09:27,pb2305,pb2305,15290.0,0.0,0.0,0.0,5,15295.0,15310.0,20,15260.0,15280.0,15295.0,15280.0,80.0,6116750.0,3560
2023-05-09 21:10:55,pb2305,pb2305,15290.0,0.0,0.0,0.0,20,15255.0,15310.0,15,15260.0,15280.0,15295.0,15280.0,80.0,6116750.0,3560
2023-05-09 21:10:56,pb2305,pb2305,15290.0,0.0,0.0,0.0,5,15290.0,15305.0,5,15260.0,15280.0,15295.0,15280.0,80.0,6116750.0,3560
2023-05-09 21:10:56,pb2305,pb2305,15290.0,0.0,0.0,0.0,5,15290.0,15305.0,20,15260.0,15280.0,15295.0,15280.0,80.0,6116750.0,3560
2023-05-09 21:12:26,pb2305,pb2305,15290.0,0.0,0.0,0.0,5,15295.0,15305.0,10,15260.0,15280.0,15295.0,15280.0,80.0,6116750.0,3560
2023-05-09 21:16:53,pb2305,pb2305,15290.0,0.0,0.0,0.0,5,15295.0,15305.0,15,15260.0,15280.0,15295.0,15280.0,80.0,6116750.0,3560
2023-05-09 21:19:31,pb2305,pb2305,15290.0,0.0,0.0,0.0,20,15255.0,15305.0,15,15260.0,15280.0,15295.0,15280.0,80.0,6116750.0,3560
2023-05-09 21:19:32,pb2305,pb2305,15290.0,0.0,0.0,0.0,20,15255.0,15305.0,10,15260.0,15280.0,15295.0,15280.0,80.0,6116750.0,3560
2023-05-09 21:19:38,pb2305,pb2305,15290.0,0.0,0.0,0.0,5,15290.0,15305.0,10,15260.0,15280.0,15295.0,15280.0,80.0,6116750.0,3560
2023-05-09 21:19:39,pb2305,pb2305,15290.0,0.0,0.0,0.0,5,15290.0,15305.0,15,15260.0,15280.0,15295.0,15280.0,80.0,6116750.0,3560
2023-05-09 21:21:02,pb2305,pb2305,15290.0,0.0,0.0,0.0,20,15255.0,15300.0,5,15260.0,15280.0,15295.0,15280.0,80.0,6116750.0,3560
2023-05-09 21:21:03,pb2305,pb2305,15290.0,0.0,0.0,0.0,5,15285.0,15350.0,5,15260.0,15280.0,15295.0,15280.0,80.0,6116750.0,3560
2023-05-09 21:21:03,pb2305,pb2305,15290.0,0.0,0.0,0.0,5,15285.0,15300.0,5,15260.0,15280.0,15295.0,15280.0,80.0,6116750.0,3560
2023-05-09 21:21:04,pb2305,pb2305,15290.0,0.0,0.0,0.0,10,15285.0,15300.0,15,15260.0,15280.0,15295.0,15280.0,80.0,6116750.0,3560
2023-05-09 21:21:18,pb2305,pb2305,15290.0,0.0,0.0,0.0,20,15255.0,15295.0,5,15260.0,15280.0,15295.0,15280.0,80.0,6116750.0,3560
2023-05-09 21:21:18,pb2305,pb2305,15290.0,0.0,0.0,0.0,5,15280.0,15325.0,10,15260.0,15280.0,15295.0,15280.0,80.0,6116750.0,3560
2023-05-09 21:21:19,pb2305,pb2305,15290.0,0.0,0.0,0.0,5,15280.0,15295.0,5,15260.0,15280.0,15295.0,15280.0,80.0,6116750.0,3560
2023-05-09 21:21:19,pb2305,pb2305,15290.0,0.0,0.0,0.0,10,15280.0,15295.0,15,15260.0,15280.0,15295.0,15280.0,80.0,6116750.0,3560
2023-05-09 21:21:29,pb2305,pb2305,15290.0,0.0,0.0,0.0,10,15280.0,15295.0,15,15260.0,15280.0,15295.0,15280.0,80.0,6116750.0,3560
2023-05-09 21:22:24,pb2305,pb2305,15290.0,0.0,0.0,0.0,20,15255.0,15290.0,5,15260.0,15280.0,15295.0,15280.0,80.0,6116750.0,3560
2023-05-09 21:22:25,pb2305,pb2305,15290.0,0.0,0.0,0.0,5,15275.0,15350.0,5,15260.0,15280.0,15295.0,15280.0,80.0,6116750.0,3560
2023-05-09 21:22:25,pb2305,pb2305,15290.0,0.0,0.0,0.0,5,15275.0,15290.0,5,15260.0,15280.0,15295.0,15280.0,80.0,6116750.0,3560
2023-05-09 21:22:26,pb2305,pb2305,15290.0,0.0,0.0,0.0,10,15275.0,15290.0,15,15260.0,15280.0,15295.0,15280.0,80.0,6116750.0,3560
2023-05-09 21:22:51,pb2305,pb2305,15290.0,0.0,0.0,0.0,10,15275.0,15290.0,15,15260.0,15280.0,15295.0,15280.0,80.0,6116750.0,3560
2023-05-09 21:23:07,pb2305,pb2305,15290.0,0.0,0.0,0.0,10,15275.0,15350.0,5,15260.0,15280.0,15295.0,15280.0,80.0,6116750.0,3560
2023-05-09 21:23:08,pb2305,pb2305,15290.0,0.0,0.0,0.0,10,15275.0,15295.0,5,15260.0,15280.0,15295.0,15280.0,80.0,6116750.0,3560
2023-05-09 21:23:08,pb2305,pb2305,15290.0,0.0,0.0,0.0,5,15280.0,15295.0,15,15260.0,15280.0,15295.0,15280.0,80.0,6116750.0,3560
2023-05-09 21:23:09,pb2305,pb2305,15290.0,0.0,0.0,0.0,10,15280.0,15295.0,15,15260.0,15280.0,15295.0,15280.0,80.0,6116750.0,3560
2023-05-09 21:23:33,pb2305,pb2305,15290.0,0.0,0.0,0.0,10,15280.0,15295.0,15,15260.0,15280.0,15295.0,15280.0,80.0,6116750.0,3560
2023-05-09 21:23:53,pb2305,pb2305,15290.0,0.0,0.0,0.0,5,15280.0,15295.0,15,15260.0,15280.0,15295.0,15280.0,80.0,6116750.0,3560
2023-05-09 21:24:00,pb2305,pb2305,15290.0,0.0,0.0,0.0,5,15285.0,15295.0,15,15260.0,15280.0,15295.0,15280.0,80.0,6116750.0,3560
2023-05-09 21:24:01,pb2305,pb2305,15290.0,0.0,0.0,0.0,5,15285.0,15295.0,15,15260.0,15280.0,15295.0,15280.0,80.0,6116750.0,3560
2023-05-09 21:31:07,pb2305,pb2305,15290.0,0.0,0.0,0.0,20,15255.0,15295.0,15,15260.0,15280.0,15295.0,15280.0,80.0,6116750.0,3560
2023-05-09 21:31:08,pb2305,pb2305,15290.0,0.0,0.0,0.0,5,15280.0,15295.0,10,15260.0,15280.0,15295.0,15280.0,80.0,6116750.0,3560
2023-05-09 21:31:08,pb2305,pb2305,15290.0,0.0,0.0,0.0,5,15285.0,15295.0,15,15260.0,15280.0,15295.0,15280.0,80.0,6116750.0,3560
2023-05-09 21:31:09,pb2305,pb2305,15290.0,0.0,0.0,0.0,5,15285.0,15295.0,15,15260.0,15280.0,15295.0,15280.0,80.0,6116750.0,3560
2023-05-09 21:36:24,pb2305,pb2305,15290.0,0.0,0.0,0.0,5,15285.0,15295.0,15,15260.0,15280.0,15295.0,15280.0,80.0,6116750.0,3560
2023-05-09 21:43:37,pb2305,pb2305,15290.0,0.0,0.0,0.0,5,15290.0,15350.0,5,15260.0,15280.0,15295.0,15280.0,80.0,6116750.0,3560
2023-05-09 21:43:37,pb2305,pb2305,15290.0,0.0,0.0,0.0,20,15255.0,15300.0,5,15260.0,15280.0,15295.0,15280.0,80.0,6116750.0,3560
2023-05-09 21:43:38,pb2305,pb2305,15290.0,0.0,0.0,0.0,5,15290.0,15325.0,10,15260.0,15280.0,15295.0,15280.0,80.0,6116750.0,3560
2023-05-09 21:43:38,pb2305,pb2305,15290.0,0.0,0.0,0.0,20,15255.0,15300.0,5,15260.0,15280.0,15295.0,15280.0,80.0,6116750.0,3560
2023-05-09 21:43:39,pb2305,pb2305,15290.0,0.0,0.0,0.0,5,15290.0,15325.0,10,15260.0,15280.0,15295.0,15280.0,80.0,6116750.0,3560
2023-05-09 21:43:39,pb2305,pb2305,15290.0,0.0,0.0,0.0,20,15255.0,15300.0,5,15260.0,15280.0,15295.0,15280.0,80.0,6116750.0,3560
2023-05-09 21:43:40,pb2305,pb2305,15290.0,0.0,0.0,0.0,5,15290.0,15325.0,10,15260.0,15280.0,15295.0,15280.0,80.0,6116750.0,3560
2023-05-09 21:43:40,pb2305,pb2305,15290.0,0.0,0.0,0.0,20,15255.0,15300.0,5,15260.0,15280.0,15295.0,15280.0,80.0,6116750.0,3560
2023-05-09 21:43:41,pb2305,pb2305,15290.0,0.0,0.0,0.0,5,15290.0,15325.0,10,15260.0,15280.0,15295.0,15280.0,80.0,6116750.0,3560
2023-05-09 21:43:41,pb2305,pb2305,15290.0,0.0,0.0,0.0,20,15255.0,15300.0,5,15260.0,15280.0,15295.0,15280.0,80.0,6116750.0,3560
2023-05-09 21:43:42,pb2305,pb2305,15290.0,0.0,0.0,0.0,5,15290.0,15325.0,10,15260.0,15280.0,15295.0,15280.0,80.0,6116750.0,3560
2023-05-09 21:43:42,pb2305,pb2305,15290.0,0.0,0.0,0.0,20,15255.0,15300.0,5,15260.0,15280.0,15295.0,15280.0,80.0,6116750.0,3560
2023-05-09 21:43:43,pb2305,pb2305,15290.0,0.0,0.0,0.0,5,15290.0,15325.0,10,15260.0,15280.0,15295.0,15280.0,80.0,6116750.0,3560
2023-05-09 21:43:43,pb2305,pb2305,15290.0,0.0,0.0,0.0,20,15255.0,15300.0,5,15260.0,15280.0,15295.0,15280.0,80.0,6116750.0,3560
2023-05-09 21:43:44,pb2305,pb2305,15290.0,0.0,0.0,0.0,5,15290.0,15325.0,10,15260.0,15280.0,15295.0,15280.0,80.0,6116750.0,3560
2023-05-09 21:43:44,pb2305,pb2305,15290.0,0.0,0.0,0.0,20,15255.0,15300.0,5,15260.0,15280.0,15295.0,15280.0,80.0,6116750.0,3560
2023-05-09 21:43:45,pb2305,pb2305,15290.0,0.0,0.0,0.0,5,15290.0,15325.0,10,15260.0,15280.0,15295.0,15280.0,80.0,6116750.0,3560
2023-05-09 21:43:45,pb2305,pb2305,15290.0,0.0,0.0,0.0,20,15255.0,15300.0,5,15260.0,15280.0,15295.0,15280.0,80.0,6116750.0,3560
2023-05-09 21:43:46,pb2305,pb2305,15290.0,0.0,0.0,0.0,5,15290.0,15325.0,10,15260.0,15280.0,15295.0,15280.0,80.0,6116750.0,3560
2023-05-09 21:43:46,pb2305,pb2305,15290.0,0.0,0.0,0.0,20,15255.0,15300.0,5,15260.0,15280.0,15295.0,15280.0,80.0,6116750.0,3560
2023-05-09 21:43:47,pb2305,pb2305,15290.0,0.0,0.0,0.0,5,15290.0,15325.0,10,15260.0,15280.0,15295.0,15280.0,80.0,6116750.0,3560
2023-05-09 21:43:47,pb2305,pb2305,15290.0,0.0,0.0,0.0,20,15255.0,15300.0,5,15260.0,15280.0,15295.0,15280.0,80.0,6116750.0,3560
2023-05-09 21:43:48,pb2305,pb2305,15290.0,0.0,0.0,0.0,5,15290.0,15325.0,10,15260.0,15280.0,15295.0,15280.0,80.0,6116750.0,3560
2023-05-09 21:43:48,pb2305,pb2305,15290.0,0.0,0.0,0.0,20,15255.0,15300.0,5,15260.0,15280.0,15295.0,15280.0,80.0,6116750.0,3560
2023-05-09 21:43:49,pb2305,pb2305,15290.0,0.0,0.0,0.0,5,15290.0,15325.0,10,15260.0,15280.0,15295.0,15280.0,80.0,6116750.0,3560
2023-05-09 21:43:49,pb2305,pb2305,15290.0,0.0,0.0,0.0,20,15255.0,15300.0,5,15260.0,15280.0,15295.0,15280.0,80.0,6116750.0,3560
2023-05-09 21:43:50,pb2305,pb2305,15290.0,0.0,0.0,0.0,5,15290.0,15325.0,10,15260.0,15280.0,15295.0,15280.0,80.0,6116750.0,3560
2023-05-09 21:43:50,pb2305,pb2305,15290.0,0.0,0.0,0.0,20,15255.0,15300.0,5,15260.0,15280.0,15295.0,15280.0,80.0,6116750.0,3560
2023-05-09 21:43:51,pb2305,pb2305,15290.0,0.0,0.0,0.0,5,15290.0,15325.0,10,15260.0,15280.0,15295.0,15280.0,80.0,6116750.0,3560
2023-05-09 21:43:51,pb2305,pb2305,15290.0,0.0,0.0,0.0,20,15255.0,15300.0,5,15260.0,15280.0,15295.0,15280.0,80.0,6116750.0,3560
2023-05-09 21:43:52,pb2305,pb2305,15290.0,0.0,0.0,0.0,5,15290.0,15325.0,10,15260.0,15280.0,15295.0,15280.0,80.0,6116750.0,3560
2023-05-09 21:43:52,pb2305,pb2305,15290.0,0.0,0.0,0.0,20,15255.0,15300.0,5,15260.0,15280.0,15295.0,15280.0,80.0,6116750.0,3560
2023-05-09 21:43:53,pb2305,pb2305,15290.0,0.0,0.0,0.0,5,15290.0,15325.0,10,15260.0,15280.0,15295.0,15280.0,80.0,6116750.0,3560
2023-05-09 21:43:53,pb2305,pb2305,15290.0,0.0,0.0,0.0,20,15255.0,15300.0,5,15260.0,15280.0,15295.0,15280.0,80.0,6116750.0,3560
2023-05-09 21:43:54,pb2305,pb2305,15290.0,0.0,0.0,0.0,5,15290.0,15325.0,10,15260.0,15280.0,15295.0,15280.0,80.0,6116750.0,3560
2023-05-09 21:43:54,pb2305,pb2305,15290.0,0.0,0.0,0.0,20,15255.0,15300.0,5,15260.0,15280.0,15295.0,15280.0,80.0,6116750.0,3560
2023-05-09 21:43:55,pb2305,pb2305,15290.0,0.0,0.0,0.0,5,15290.0,15325.0,10,15260.0,15280.0,15295.0,15280.0,80.0,6116750.0,3560
2023-05-09 21:43:55,pb2305,pb2305,15290.0,0.0,0.0,0.0,20,15255.0,15300.0,5,15260.0,15280.0,15295.0,15280.0,80.0,6116750.0,3560
2023-05-09 21:43:56,pb2305,pb2305,15290.0,0.0,0.0,0.0,5,15290.0,15325.0,10,15260.0,15280.0,15295.0,15280.0,80.0,6116750.0,3560
2023-05-09 21:43:56,pb2305,pb2305,15290.0,0.0,0.0,0.0,20,15255.0,15300.0,5,15260.0,15280.0,15295.0,15280.0,80.0,6116750.0,3560
2023-05-09 21:43:57,pb2305,pb2305,15290.0,0.0,0.0,0.0,5,15290.0,15325.0,10,15260.0,15280.0,15295.0,15280.0,80.0,6116750.0,3560
2023-05-09 21:43:57,pb2305,pb2305,15290.0,0.0,0.0,0.0,20,15255.0,15300.0,5,15260.0,15280.0,15295.0,15280.0,80.0,6116750.0,3560
2023-05-09 21:43:58,pb2305,pb2305,15290.0,0.0,0.0,0.0,5,15290.0,15325.0,10,15260.0,15280.0,15295.0,15280.0,80.0,6116750.0,3560
2023-05-09 21:43:58,pb2305,pb2305,15290.0,0.0,0.0,0.0,20,15255.0,15300.0,5,15260.0,15280.0,15295.0,15280.0,80.0,6116750.0,3560
2023-05-09 21:43:59,pb2305,pb2305,15290.0,0.0,0.0,0.0,5,15290.0,15325.0,10,15260.0,15280.0,15295.0,15280.0,80.0,6116750.0,3560
2023-05-09 21:43:59,pb2305,pb2305,15290.0,0.0,0.0,0.0,20,15255.0,15300.0,5,15260.0,15280.0,15295.0,15280.0,80.0,6116750.0,3560
2023-05-09 21:44:00,pb2305,pb2305,15290.0,0.0,0.0,0.0,5,15290.0,15325.0,10,15260.0,15280.0,15295.0,15280.0,80.0,6116750.0,3560
2023-05-09 21:44:00,pb2305,pb2305,15290.0,0.0,0.0,0.0,20,15255.0,15300.0,5,15260.0,15280.0,15295.0,15280.0,80.0,6116750.0,3560
2023-05-09 21:44:01,pb2305,pb2305,15290.0,0.0,0.0,0.0,5,15290.0,15325.0,10,15260.0,15280.0,15295.0,15280.0,80.0,6116750.0,3560
2023-05-09 21:44:01,pb2305,pb2305,15290.0,0.0,0.0,0.0,20,15255.0,15300.0,5,15260.0,15280.0,15295.0,15280.0,80.0,6116750.0,3560
2023-05-09 21:44:02,pb2305,pb2305,15290.0,0.0,0.0,0.0,5,15290.0,15325.0,10,15260.0,15280.0,15295.0,15280.0,80.0,6116750.0,3560
2023-05-09 21:44:02,pb2305,pb2305,15290.0,0.0,0.0,0.0,20,15255.0,15300.0,5,15260.0,15280.0,15295.0,15280.0,80.0,6116750.0,3560
2023-05-09 21:44:03,pb2305,pb2305,15290.0,0.0,0.0,0.0,5,15290.0,15350.0,5,15260.0,15280.0,15295.0,15280.0,80.0,6116750.0,3560
2023-05-09 21:44:03,pb2305,pb2305,15290.0,0.0,0.0,0.0,20,15255.0,15300.0,5,15260.0,15280.0,15295.0,15280.0,80.0,6116750.0,3560
2023-05-09 21:44:04,pb2305,pb2305,15290.0,0.0,0.0,0.0,5,15290.0,15325.0,10,15260.0,15280.0,15295.0,15280.0,80.0,6116750.0,3560
2023-05-09 21:44:04,pb2305,pb2305,15290.0,0.0,0.0,0.0,20,15255.0,15300.0,5,15260.0,15280.0,15295.0,15280.0,80.0,6116750.0,3560
2023-05-09 21:44:05,pb2305,pb2305,15290.0,0.0,0.0,0.0,5,15290.0,15325.0,10,15260.0,15280.0,15295.0,15280.0,80.0,6116750.0,3560
2023-05-09 21:44:05,pb2305,pb2305,15290.0,0.0,0.0,0.0,20,15255.0,15300.0,5,15260.0,15280.0,15295.0,15280.0,80.0,6116750.0,3560
2023-05-09 21:44:06,pb2305,pb2305,15290.0,0.0,0.0,0.0,5,15290.0,15325.0,10,15260.0,15280.0,15295.0,15280.0,80.0,6116750.0,3560
2023-05-09 21:44:06,pb2305,pb2305,15290.0,0.0,0.0,0.0,20,15255.0,15300.0,5,15260.0,15280.0,15295.0,15280.0,80.0,6116750.0,3560
2023-05-09 21:44:07,pb2305,pb2305,15290.0,0.0,0.0,0.0,5,15290.0,15325.0,10,15260.0,15280.0,15295.0,15280.0,80.0,6116750.0,3560
2023-05-09 21:44:07,pb2305,pb2305,15290.0,0.0,0.0,0.0,20,15255.0,15300.0,5,15260.0,15280.0,15295.0,15280.0,80.0,6116750.0,3560
2023-05-09 21:44:08,pb2305,pb2305,15290.0,0.0,0.0,0.0,5,15290.0,15325.0,10,15260.0,15280.0,15295.0,15280.0,80.0,6116750.0,3560
2023-05-09 21:44:08,pb2305,pb2305,15290.0,0.0,0.0,0.0,20,15255.0,15300.0,5,15260.0,15280.0,15295.0,15280.0,80.0,6116750.0,3560
2023-05-09 21:44:09,pb2305,pb2305,15290.0,0.0,0.0,0.0,5,15290.0,15325.0,10,15260.0,15280.0,15295.0,15280.0,80.0,6116750.0,3560
2023-05-09 21:44:09,pb2305,pb2305,15290.0,0.0,0.0,0.0,20,15255.0,15300.0,5,15260.0,15280.0,15295.0,15280.0,80.0,6116750.0,3560
2023-05-09 21:44:10,pb2305,pb2305,15290.0,0.0,0.0,0.0,5,15290.0,15325.0,10,15260.0,15280.0,15295.0,15280.0,80.0,6116750.0,3560
2023-05-09 21:44:10,pb2305,pb2305,15290.0,0.0,0.0,0.0,20,15255.0,15300.0,5,15260.0,15280.0,15295.0,15280.0,80.0,6116750.0,3560
2023-05-09 21:44:11,pb2305,pb2305,15290.0,0.0,0.0,0.0,5,15290.0,15325.0,10,15260.0,15280.0,15295.0,15280.0,80.0,6116750.0,3560
2023-05-09 21:44:11,pb2305,pb2305,15290.0,0.0,0.0,0.0,20,15255.0,15300.0,5,15260.0,15280.0,15295.0,15280.0,80.0,6116750.0,3560
2023-05-09 21:44:12,pb2305,pb2305,15290.0,0.0,0.0,0.0,5,15290.0,15325.0,10,15260.0,15280.0,15295.0,15280.0,80.0,6116750.0,3560
2023-05-09 21:44:12,pb2305,pb2305,15290.0,0.0,0.0,0.0,20,15255.0,15300.0,5,15260.0,15280.0,15295.0,15280.0,80.0,6116750.0,3560
2023-05-09 21:44:13,pb2305,pb2305,15290.0,0.0,0.0,0.0,5,15290.0,15325.0,10,15260.0,15280.0,15295.0,15280.0,80.0,6116750.0,3560
2023-05-09 21:44:13,pb2305,pb2305,15290.0,0.0,0.0,0.0,20,15255.0,15300.0,5,15260.0,15280.0,15295.0,15280.0,80.0,6116750.0,3560
2023-05-09 21:44:14,pb2305,pb2305,15290.0,0.0,0.0,0.0,5,15290.0,15325.0,10,15260.0,15280.0,15295.0,15280.0,80.0,6116750.0,3560
2023-05-09 21:44:14,pb2305,pb2305,15290.0,0.0,0.0,0.0,20,15255.0,15300.0,5,15260.0,15280.0,15295.0,15280.0,80.0,6116750.0,3560
2023-05-09 21:44:15,pb2305,pb2305,15290.0,0.0,0.0,0.0,5,15290.0,15325.0,10,15260.0,15280.0,15295.0,15280.0,80.0,6116750.0,3560
2023-05-09 21:44:15,pb2305,pb2305,15290.0,0.0,0.0,0.0,20,15255.0,15300.0,5,15260.0,15280.0,15295.0,15280.0,80.0,6116750.0,3560
2023-05-09 21:44:16,pb2305,pb2305,15290.0,0.0,0.0,0.0,5,15290.0,15325.0,10,15260.0,15280.0,15295.0,15280.0,80.0,6116750.0,3560
2023-05-09 21:44:16,pb2305,pb2305,15290.0,0.0,0.0,0.0,20,15255.0,15300.0,5,15260.0,15280.0,15295.0,15280.0,80.0,6116750.0,3560
2023-05-09 21:44:17,pb2305,pb2305,15290.0,0.0,0.0,0.0,5,15290.0,15325.0,10,15260.0,15280.0,15295.0,15280.0,80.0,6116750.0,3560
2023-05-09 21:44:17,pb2305,pb2305,15290.0,0.0,0.0,0.0,20,15255.0,15300.0,5,15260.0,15280.0,15295.0,15280.0,80.0,6116750.0,3560
2023-05-09 21:44:18,pb2305,pb2305,15290.0,0.0,0.0,0.0,5,15290.0,15325.0,10,15260.0,15280.0,15295.0,15280.0,80.0,6116750.0,3560
2023-05-09 21:44:18,pb2305,pb2305,15290.0,0.0,0.0,0.0,20,15255.0,15300.0,5,15260.0,15280.0,15295.0,15280.0,80.0,6116750.0,3560
2023-05-09 21:44:19,pb2305,pb2305,15290.0,0.0,0.0,0.0,5,15290.0,15325.0,10,15260.0,15280.0,15295.0,15280.0,80.0,6116750.0,3560
2023-05-09 21:44:19,pb2305,pb2305,15290.0,0.0,0.0,0.0,20,15255.0,15300.0,5,15260.0,15280.0,15295.0,15280.0,80.0,6116750.0,3560
2023-05-09 21:44:20,pb2305,pb2305,15290.0,0.0,0.0,0.0,5,15290.0,15325.0,10,15260.0,15280.0,15295.0,15280.0,80.0,6116750.0,3560
2023-05-09 21:44:20,pb2305,pb2305,15290.0,0.0,0.0,0.0,20,15255.0,15300.0,5,15260.0,15280.0,15295.0,15280.0,80.0,6116750.0,3560
2023-05-09 21:44:21,pb2305,pb2305,15290.0,0.0,0.0,0.0,5,15290.0,15325.0,10,15260.0,15280.0,15295.0,15280.0,80.0,6116750.0,3560
2023-05-09 21:44:21,pb2305,pb2305,15290.0,0.0,0.0,0.0,20,15255.0,15300.0,5,15260.0,15280.0,15295.0,15280.0,80.0,6116750.0,3560
2023-05-09 21:44:22,pb2305,pb2305,15290.0,0.0,0.0,0.0,5,15290.0,15325.0,10,15260.0,15280.0,15295.0,15280.0,80.0,6116750.0,3560
2023-05-09 21:44:22,pb2305,pb2305,15290.0,0.0,0.0,0.0,20,15255.0,15300.0,5,15260.0,15280.0,15295.0,15280.0,80.0,6116750.0,3560
2023-05-09 21:44:23,pb2305,pb2305,15290.0,0.0,0.0,0.0,5,15290.0,15325.0,10,15260.0,15280.0,15295.0,15280.0,80.0,6116750.0,3560
2023-05-09 21:44:23,pb2305,pb2305,15290.0,0.0,0.0,0.0,20,15255.0,15300.0,5,15260.0,15280.0,15295.0,15280.0,80.0,6116750.0,3560
2023-05-09 21:44:24,pb2305,pb2305,15290.0,0.0,0.0,0.0,5,15290.0,15325.0,10,15260.0,15280.0,15295.0,15280.0,80.0,6116750.0,3560
2023-05-09 21:44:24,pb2305,pb2305,15290.0,0.0,0.0,0.0,20,15255.0,15300.0,5,15260.0,15280.0,15295.0,15280.0,80.0,6116750.0,3560
2023-05-09 21:44:25,pb2305,pb2305,15290.0,0.0,0.0,0.0,5,15290.0,15325.0,10,15260.0,15280.0,15295.0,15280.0,80.0,6116750.0,3560
2023-05-09 21:44:25,pb2305,pb2305,15290.0,0.0,0.0,0.0,20,15255.0,15300.0,5,15260.0,15280.0,15295.0,15280.0,80.0,6116750.0,3560
2023-05-09 21:44:26,pb2305,pb2305,15290.0,0.0,0.0,0.0,5,15290.0,15325.0,10,15260.0,15280.0,15295.0,15280.0,80.0,6116750.0,3560
2023-05-09 21:44:26,pb2305,pb2305,15290.0,0.0,0.0,0.0,20,15255.0,15300.0,5,15260.0,15280.0,15295.0,15280.0,80.0,6116750.0,3560
2023-05-09 21:44:27,pb2305,pb2305,15290.0,0.0,0.0,0.0,5,15290.0,15325.0,10,15260.0,15280.0,15295.0,15280.0,80.0,6116750.0,3560
2023-05-09 21:44:27,pb2305,pb2305,15290.0,0.0,0.0,0.0,20,15255.0,15300.0,5,15260.0,15280.0,15295.0,15280.0,80.0,6116750.0,3560
2023-05-09 21:44:28,pb2305,pb2305,15290.0,0.0,0.0,0.0,5,15290.0,15325.0,10,15260.0,15280.0,15295.0,15280.0,80.0,6116750.0,3560
2023-05-09 21:44:28,pb2305,pb2305,15290.0,0.0,0.0,0.0,20,15255.0,15300.0,5,15260.0,15280.0,15295.0,15280.0,80.0,6116750.0,3560
2023-05-09 21:44:29,pb2305,pb2305,15290.0,0.0,0.0,0.0,5,15290.0,15350.0,5,15260.0,15280.0,15295.0,15280.0,80.0,6116750.0,3560
2023-05-09 21:44:29,pb2305,pb2305,15290.0,0.0,0.0,0.0,20,15255.0,15300.0,5,15260.0,15280.0,15295.0,15280.0,80.0,6116750.0,3560
2023-05-09 21:44:30,pb2305,pb2305,15290.0,0.0,0.0,0.0,5,15290.0,15350.0,5,15260.0,15280.0,15295.0,15280.0,80.0,6116750.0,3560
2023-05-09 21:44:30,pb2305,pb2305,15290.0,0.0,0.0,0.0,20,15255.0,15300.0,5,15260.0,15280.0,15295.0,15280.0,80.0,6116750.0,3560
2023-05-09 21:44:31,pb2305,pb2305,15290.0,0.0,0.0,0.0,5,15290.0,15350.0,5,15260.0,15280.0,15295.0,15280.0,80.0,6116750.0,3560
2023-05-09 21:44:31,pb2305,pb2305,15290.0,0.0,0.0,0.0,20,15255.0,15300.0,5,15260.0,15280.0,15295.0,15280.0,80.0,6116750.0,3560
2023-05-09 21:44:32,pb2305,pb2305,15290.0,0.0,0.0,0.0,5,15290.0,15350.0,5,15260.0,15280.0,15295.0,15280.0,80.0,6116750.0,3560
2023-05-09 21:44:32,pb2305,pb2305,15290.0,0.0,0.0,0.0,20,15255.0,15300.0,5,15260.0,15280.0,15295.0,15280.0,80.0,6116750.0,3560
2023-05-09 21:44:33,pb2305,pb2305,15290.0,0.0,0.0,0.0,5,15290.0,15325.0,10,15260.0,15280.0,15295.0,15280.0,80.0,6116750.0,3560
2023-05-09 21:44:33,pb2305,pb2305,15290.0,0.0,0.0,0.0,20,15255.0,15300.0,5,15260.0,15280.0,15295.0,15280.0,80.0,6116750.0,3560
2023-05-09 21:44:34,pb2305,pb2305,15290.0,0.0,0.0,0.0,5,15290.0,15325.0,10,15260.0,15280.0,15295.0,15280.0,80.0,6116750.0,3560
2023-05-09 21:44:34,pb2305,pb2305,15290.0,0.0,0.0,0.0,20,15255.0,15300.0,5,15260.0,15280.0,15295.0,15280.0,80.0,6116750.0,3560
2023-05-09 21:44:35,pb2305,pb2305,15290.0,0.0,0.0,0.0,5,15290.0,15325.0,10,15260.0,15280.0,15295.0,15280.0,80.0,6116750.0,3560
2023-05-09 21:44:35,pb2305,pb2305,15290.0,0.0,0.0,0.0,20,15255.0,15300.0,5,15260.0,15280.0,15295.0,15280.0,80.0,6116750.0,3560
2023-05-09 21:44:36,pb2305,pb2305,15290.0,0.0,0.0,0.0,5,15290.0,15325.0,10,15260.0,15280.0,15295.0,15280.0,80.0,6116750.0,3560
2023-05-09 21:44:36,pb2305,pb2305,15290.0,0.0,0.0,0.0,20,15255.0,15300.0,5,15260.0,15280.0,15295.0,15280.0,80.0,6116750.0,3560
2023-05-09 21:44:37,pb2305,pb2305,15290.0,0.0,0.0,0.0,5,15290.0,15325.0,10,15260.0,15280.0,15295.0,15280.0,80.0,6116750.0,3560
2023-05-09 21:44:37,pb2305,pb2305,15290.0,0.0,0.0,0.0,20,15255.0,15300.0,5,15260.0,15280.0,15295.0,15280.0,80.0,6116750.0,3560
2023-05-09 21:44:38,pb2305,pb2305,15290.0,0.0,0.0,0.0,5,15290.0,15325.0,10,15260.0,15280.0,15295.0,15280.0,80.0,6116750.0,3560
2023-05-09 21:44:38,pb2305,pb2305,15290.0,0.0,0.0,0.0,20,15255.0,15300.0,5,15260.0,15280.0,15295.0,15280.0,80.0,6116750.0,3560
2023-05-09 21:44:39,pb2305,pb2305,15290.0,0.0,0.0,0.0,5,15290.0,15325.0,10,15260.0,15280.0,15295.0,15280.0,80.0,6116750.0,3560
2023-05-09 21:44:39,pb2305,pb2305,15290.0,0.0,0.0,0.0,20,15255.0,15300.0,5,15260.0,15280.0,15295.0,15280.0,80.0,6116750.0,3560
2023-05-09 21:44:40,pb2305,pb2305,15290.0,0.0,0.0,0.0,5,15290.0,15325.0,10,15260.0,15280.0,15295.0,15280.0,80.0,6116750.0,3560
2023-05-09 21:44:40,pb2305,pb2305,15290.0,0.0,0.0,0.0,20,15255.0,15300.0,5,15260.0,15280.0,15295.0,15280.0,80.0,6116750.0,3560
2023-05-09 21:44:41,pb2305,pb2305,15290.0,0.0,0.0,0.0,5,15290.0,15325.0,10,15260.0,15280.0,15295.0,15280.0,80.0,6116750.0,3560
2023-05-09 21:44:41,pb2305,pb2305,15290.0,0.0,0.0,0.0,20,15255.0,15300.0,5,15260.0,15280.0,15295.0,15280.0,80.0,6116750.0,3560
2023-05-09 21:44:42,pb2305,pb2305,15290.0,0.0,0.0,0.0,5,15290.0,15325.0,10,15260.0,15280.0,15295.0,15280.0,80.0,6116750.0,3560
2023-05-09 21:44:42,pb2305,pb2305,15290.0,0.0,0.0,0.0,20,15255.0,15300.0,5,15260.0,15280.0,15295.0,15280.0,80.0,6116750.0,3560
2023-05-09 21:44:43,pb2305,pb2305,15290.0,0.0,0.0,0.0,5,15290.0,15325.0,10,15260.0,15280.0,15295.0,15280.0,80.0,6116750.0,3560
2023-05-09 21:44:43,pb2305,pb2305,15290.0,0.0,0.0,0.0,20,15255.0,15300.0,5,15260.0,15280.0,15295.0,15280.0,80.0,6116750.0,3560
2023-05-09 21:44:44,pb2305,pb2305,15290.0,0.0,0.0,0.0,5,15290.0,15325.0,10,15260.0,15280.0,15295.0,15280.0,80.0,6116750.0,3560
2023-05-09 21:44:44,pb2305,pb2305,15290.0,0.0,0.0,0.0,20,15255.0,15300.0,5,15260.0,15280.0,15295.0,15280.0,80.0,6116750.0,3560
2023-05-09 21:44:45,pb2305,pb2305,15290.0,0.0,0.0,0.0,5,15290.0,15325.0,10,15260.0,15280.0,15295.0,15280.0,80.0,6116750.0,3560
2023-05-09 21:44:45,pb2305,pb2305,15290.0,0.0,0.0,0.0,20,15255.0,15300.0,5,15260.0,15280.0,15295.0,15280.0,80.0,6116750.0,3560
2023-05-09 21:44:46,pb2305,pb2305,15290.0,0.0,0.0,0.0,5,15290.0,15325.0,10,15260.0,15280.0,15295.0,15280.0,80.0,6116750.0,3560
2023-05-09 21:44:46,pb2305,pb2305,15290.0,0.0,0.0,0.0,20,15255.0,15300.0,5,15260.0,15280.0,15295.0,15280.0,80.0,6116750.0,3560
2023-05-09 21:44:47,pb2305,pb2305,15290.0,0.0,0.0,0.0,5,15290.0,15325.0,10,15260.0,15280.0,15295.0,15280.0,80.0,6116750.0,3560
2023-05-09 21:44:47,pb2305,pb2305,15290.0,0.0,0.0,0.0,20,15255.0,15300.0,5,15260.0,15280.0,15295.0,15280.0,80.0,6116750.0,3560
2023-05-09 21:44:48,pb2305,pb2305,15290.0,0.0,0.0,0.0,5,15290.0,15325.0,10,15260.0,15280.0,15295.0,15280.0,80.0,6116750.0,3560
2023-05-09 21:44:48,pb2305,pb2305,15290.0,0.0,0.0,0.0,20,15255.0,15300.0,5,15260.0,15280.0,15295.0,15280.0,80.0,6116750.0,3560
2023-05-09 21:44:49,pb2305,pb2305,15290.0,0.0,0.0,0.0,5,15290.0,15325.0,10,15260.0,15280.0,15295.0,15280.0,80.0,6116750.0,3560
2023-05-09 21:44:49,pb2305,pb2305,15290.0,0.0,0.0,0.0,20,15255.0,15300.0,5,15260.0,15280.0,15295.0,15280.0,80.0,6116750.0,3560
2023-05-09 21:44:50,pb2305,pb2305,15290.0,0.0,0.0,0.0,5,15290.0,15325.0,10,15260.0,15280.0,15295.0,15280.0,80.0,6116750.0,3560
2023-05-09 21:44:50,pb2305,pb2305,15290.0,0.0,0.0,0.0,20,15255.0,15300.0,5,15260.0,15280.0,15295.0,15280.0,80.0,6116750.0,3560
2023-05-09 21:44:51,pb2305,pb2305,15290.0,0.0,0.0,0.0,5,15290.0,15325.0,10,15260.0,15280.0,15295.0,15280.0,80.0,6116750.0,3560
2023-05-09 21:44:51,pb2305,pb2305,15290.0,0.0,0.0,0.0,20,15255.0,15300.0,5,15260.0,15280.0,15295.0,15280.0,80.0,6116750.0,3560
2023-05-09 21:44:52,pb2305,pb2305,15290.0,0.0,0.0,0.0,5,15290.0,15325.0,10,15260.0,15280.0,15295.0,15280.0,80.0,6116750.0,3560
2023-05-09 21:44:52,pb2305,pb2305,15290.0,0.0,0.0,0.0,20,15255.0,15300.0,5,15260.0,15280.0,15295.0,15280.0,80.0,6116750.0,3560
2023-05-09 21:44:53,pb2305,pb2305,15290.0,0.0,0.0,0.0,5,15290.0,15325.0,10,15260.0,15280.0,15295.0,15280.0,80.0,6116750.0,3560
2023-05-09 21:44:53,pb2305,pb2305,15290.0,0.0,0.0,0.0,20,15255.0,15300.0,5,15260.0,15280.0,15295.0,15280.0,80.0,6116750.0,3560
2023-05-09 21:44:54,pb2305,pb2305,15290.0,0.0,0.0,0.0,5,15290.0,15325.0,10,15260.0,15280.0,15295.0,15280.0,80.0,6116750.0,3560
2023-05-09 21:44:54,pb2305,pb2305,15290.0,0.0,0.0,0.0,20,15255.0,15300.0,5,15260.0,15280.0,15295.0,15280.0,80.0,6116750.0,3560
2023-05-09 21:44:55,pb2305,pb2305,15290.0,0.0,0.0,0.0,5,15290.0,15325.0,10,15260.0,15280.0,15295.0,15280.0,80.0,6116750.0,3560
2023-05-09 21:44:55,pb2305,pb2305,15290.0,0.0,0.0,0.0,20,15255.0,15300.0,5,15260.0,15280.0,15295.0,15280.0,80.0,6116750.0,3560
2023-05-09 21:44:56,pb2305,pb2305,15290.0,0.0,0.0,0.0,5,15290.0,15325.0,10,15260.0,15280.0,15295.0,15280.0,80.0,6116750.0,3560
2023-05-09 21:44:56,pb2305,pb2305,15290.0,0.0,0.0,0.0,20,15255.0,15300.0,5,15260.0,15280.0,15295.0,15280.0,80.0,6116750.0,3560
2023-05-09 21:44:57,pb2305,pb2305,15290.0,0.0,0.0,0.0,20,15255.0,15325.0,10,15260.0,15280.0,15295.0,15280.0,80.0,6116750.0,3560
2023-05-09 21:44:57,pb2305,pb2305,15290.0,0.0,0.0,0.0,20,15255.0,15350.0,5,15260.0,15280.0,15295.0,15280.0,80.0,6116750.0,3560
2023-05-09 21:44:58,pb2305,pb2305,15290.0,0.0,0.0,0.0,20,15255.0,15350.0,5,15260.0,15280.0,15295.0,15280.0,80.0,6116750.0,3560
2023-05-09 21:48:17,pb2305,pb2305,15290.0,0.0,0.0,0.0,5,15275.0,15350.0,5,15260.0,15280.0,15295.0,15280.0,80.0,6116750.0,3560
2023-05-09 21:48:18,pb2305,pb2305,15290.0,0.0,0.0,0.0,5,15275.0,15300.0,5,15260.0,15280.0,15295.0,15280.0,80.0,6116750.0,3560
2023-05-09 21:48:18,pb2305,pb2305,15290.0,0.0,0.0,0.0,5,15290.0,15300.0,5,15260.0,15280.0,15295.0,15280.0,80.0,6116750.0,3560
2023-05-09 21:48:19,pb2305,pb2305,15290.0,0.0,0.0,0.0,5,15290.0,15300.0,5,15260.0,15280.0,15295.0,15280.0,80.0,6116750.0,3560
2023-05-09 21:48:21,pb2305,pb2305,15290.0,5.0,382250.0,-5.0,5,15290.0,15300.0,5,15260.0,15280.0,15295.0,15280.0,85.0,6499000.0,3555
2023-05-09 21:48:22,pb2305,pb2305,15290.0,0.0,0.0,0.0,5,15290.0,15300.0,10,15260.0,15280.0,15295.0,15280.0,85.0,6499000.0,3555
2023-05-09 21:48:24,pb2305,pb2305,15290.0,5.0,382250.0,0.0,5,15275.0,15300.0,10,15260.0,15280.0,15295.0,15280.0,90.0,6881250.0,3555
2023-05-09 21:48:25,pb2305,pb2305,15290.0,0.0,0.0,0.0,5,15290.0,15300.0,10,15260.0,15280.0,15295.0,15280.0,90.0,6881250.0,3555
2023-05-09 21:48:25,pb2305,pb2305,15290.0,0.0,0.0,0.0,5,15275.0,15295.0,5,15260.0,15280.0,15295.0,15280.0,90.0,6881250.0,3555
2023-05-09 21:48:26,pb2305,pb2305,15290.0,0.0,0.0,0.0,5,15285.0,15295.0,10,15260.0,15280.0,15295.0,15280.0,90.0,6881250.0,3555
2023-05-09 21:48:26,pb2305,pb2305,15290.0,0.0,0.0,0.0,5,15290.0,15350.0,5,15260.0,15280.0,15295.0,15280.0,90.0,6881250.0,3555
2023-05-09 21:48:27,pb2305,pb2305,15290.0,0.0,0.0,0.0,5,15275.0,15300.0,5,15260.0,15280.0,15295.0,15280.0,90.0,6881250.0,3555
2023-05-09 21:48:27,pb2305,pb2305,15290.0,0.0,0.0,0.0,5,15290.0,15300.0,10,15260.0,15280.0,15295.0,15280.0,90.0,6881250.0,3555
2023-05-09 21:48:28,pb2305,pb2305,15290.0,0.0,0.0,0.0,5,15290.0,15300.0,10,15260.0,15280.0,15295.0,15280.0,90.0,6881250.0,3555
2023-05-09 21:48:59,pb2305,pb2305,15290.0,0.0,0.0,0.0,5,15290.0,15300.0,10,15260.0,15280.0,15295.0,15280.0,90.0,6881250.0,3555
2023-05-09 21:50:40,pb2305,pb2305,15290.0,0.0,0.0,0.0,5,15290.0,15300.0,10,15260.0,15280.0,15295.0,15280.0,90.0,6881250.0,3555
2023-05-09 21:56:45,pb2305,pb2305,15290.0,0.0,0.0,0.0,20,15255.0,15295.0,5,15260.0,15280.0,15295.0,15280.0,90.0,6881250.0,3555
2023-05-09 21:56:46,pb2305,pb2305,15290.0,0.0,0.0,0.0,5,15285.0,15350.0,5,15260.0,15280.0,15295.0,15280.0,90.0,6881250.0,3555
2023-05-09 21:56:46,pb2305,pb2305,15290.0,0.0,0.0,0.0,20,15255.0,15295.0,5,15260.0,15280.0,15295.0,15280.0,90.0,6881250.0,3555
2023-05-09 21:56:47,pb2305,pb2305,15290.0,0.0,0.0,0.0,5,15285.0,15350.0,5,15260.0,15280.0,15295.0,15280.0,90.0,6881250.0,3555
2023-05-09 21:56:47,pb2305,pb2305,15290.0,0.0,0.0,0.0,20,15255.0,15295.0,5,15260.0,15280.0,15295.0,15280.0,90.0,6881250.0,3555
2023-05-09 21:56:48,pb2305,pb2305,15290.0,0.0,0.0,0.0,5,15285.0,15320.0,10,15260.0,15280.0,15295.0,15280.0,90.0,6881250.0,3555
2023-05-09 21:56:48,pb2305,pb2305,15290.0,0.0,0.0,0.0,20,15255.0,15295.0,5,15260.0,15280.0,15295.0,15280.0,90.0,6881250.0,3555
2023-05-09 21:56:49,pb2305,pb2305,15290.0,0.0,0.0,0.0,5,15285.0,15320.0,10,15260.0,15280.0,15295.0,15280.0,90.0,6881250.0,3555
2023-05-09 21:56:49,pb2305,pb2305,15290.0,0.0,0.0,0.0,20,15255.0,15295.0,5,15260.0,15280.0,15295.0,15280.0,90.0,6881250.0,3555
2023-05-09 21:56:50,pb2305,pb2305,15290.0,0.0,0.0,0.0,5,15285.0,15320.0,10,15260.0,15280.0,15295.0,15280.0,90.0,6881250.0,3555
2023-05-09 21:56:50,pb2305,pb2305,15290.0,0.0,0.0,0.0,20,15255.0,15295.0,5,15260.0,15280.0,15295.0,15280.0,90.0,6881250.0,3555
2023-05-09 21:56:51,pb2305,pb2305,15290.0,0.0,0.0,0.0,5,15285.0,15320.0,10,15260.0,15280.0,15295.0,15280.0,90.0,6881250.0,3555
2023-05-09 21:56:51,pb2305,pb2305,15290.0,0.0,0.0,0.0,20,15255.0,15295.0,5,15260.0,15280.0,15295.0,15280.0,90.0,6881250.0,3555
2023-05-09 21:56:52,pb2305,pb2305,15290.0,0.0,0.0,0.0,5,15285.0,15320.0,10,15260.0,15280.0,15295.0,15280.0,90.0,6881250.0,3555
2023-05-09 21:56:52,pb2305,pb2305,15290.0,0.0,0.0,0.0,20,15255.0,15295.0,5,15260.0,15280.0,15295.0,15280.0,90.0,6881250.0,3555
2023-05-09 21:56:53,pb2305,pb2305,15290.0,0.0,0.0,0.0,5,15285.0,15320.0,10,15260.0,15280.0,15295.0,15280.0,90.0,6881250.0,3555
2023-05-09 21:56:53,pb2305,pb2305,15290.0,0.0,0.0,0.0,20,15255.0,15295.0,5,15260.0,15280.0,15295.0,15280.0,90.0,6881250.0,3555
2023-05-09 21:56:54,pb2305,pb2305,15290.0,0.0,0.0,0.0,5,15285.0,15320.0,10,15260.0,15280.0,15295.0,15280.0,90.0,6881250.0,3555
2023-05-09 21:56:54,pb2305,pb2305,15290.0,0.0,0.0,0.0,20,15255.0,15295.0,5,15260.0,15280.0,15295.0,15280.0,90.0,6881250.0,3555
2023-05-09 21:56:55,pb2305,pb2305,15290.0,0.0,0.0,0.0,5,15285.0,15320.0,10,15260.0,15280.0,15295.0,15280.0,90.0,6881250.0,3555
2023-05-09 21:56:55,pb2305,pb2305,15290.0,0.0,0.0,0.0,20,15255.0,15295.0,5,15260.0,15280.0,15295.0,15280.0,90.0,6881250.0,3555
2023-05-09 21:56:56,pb2305,pb2305,15290.0,0.0,0.0,0.0,5,15285.0,15320.0,10,15260.0,15280.0,15295.0,15280.0,90.0,6881250.0,3555
2023-05-09 21:56:56,pb2305,pb2305,15290.0,0.0,0.0,0.0,20,15255.0,15295.0,5,15260.0,15280.0,15295.0,15280.0,90.0,6881250.0,3555
2023-05-09 21:56:57,pb2305,pb2305,15290.0,0.0,0.0,0.0,5,15285.0,15320.0,10,15260.0,15280.0,15295.0,15280.0,90.0,6881250.0,3555
2023-05-09 21:56:57,pb2305,pb2305,15290.0,0.0,0.0,0.0,20,15255.0,15295.0,5,15260.0,15280.0,15295.0,15280.0,90.0,6881250.0,3555
2023-05-09 21:56:58,pb2305,pb2305,15290.0,0.0,0.0,0.0,5,15285.0,15320.0,10,15260.0,15280.0,15295.0,15280.0,90.0,6881250.0,3555
2023-05-09 21:56:58,pb2305,pb2305,15290.0,0.0,0.0,0.0,20,15255.0,15295.0,5,15260.0,15280.0,15295.0,15280.0,90.0,6881250.0,3555
2023-05-09 21:56:59,pb2305,pb2305,15290.0,0.0,0.0,0.0,5,15285.0,15320.0,10,15260.0,15280.0,15295.0,15280.0,90.0,6881250.0,3555
2023-05-09 21:56:59,pb2305,pb2305,15290.0,0.0,0.0,0.0,20,15255.0,15295.0,5,15260.0,15280.0,15295.0,15280.0,90.0,6881250.0,3555
2023-05-09 21:57:00,pb2305,pb2305,15290.0,0.0,0.0,0.0,5,15285.0,15320.0,10,15260.0,15280.0,15295.0,15280.0,90.0,6881250.0,3555
2023-05-09 21:57:00,pb2305,pb2305,15290.0,0.0,0.0,0.0,20,15255.0,15295.0,5,15260.0,15280.0,15295.0,15280.0,90.0,6881250.0,3555
2023-05-09 21:57:01,pb2305,pb2305,15290.0,0.0,0.0,0.0,5,15285.0,15320.0,10,15260.0,15280.0,15295.0,15280.0,90.0,6881250.0,3555
2023-05-09 21:57:01,pb2305,pb2305,15290.0,0.0,0.0,0.0,20,15255.0,15295.0,5,15260.0,15280.0,15295.0,15280.0,90.0,6881250.0,3555
2023-05-09 21:57:02,pb2305,pb2305,15290.0,0.0,0.0,0.0,5,15285.0,15320.0,10,15260.0,15280.0,15295.0,15280.0,90.0,6881250.0,3555
2023-05-09 21:57:02,pb2305,pb2305,15290.0,0.0,0.0,0.0,20,15255.0,15295.0,5,15260.0,15280.0,15295.0,15280.0,90.0,6881250.0,3555
2023-05-09 21:57:03,pb2305,pb2305,15290.0,0.0,0.0,0.0,5,15285.0,15320.0,10,15260.0,15280.0,15295.0,15280.0,90.0,6881250.0,3555
2023-05-09 21:57:03,pb2305,pb2305,15290.0,0.0,0.0,0.0,20,15255.0,15295.0,5,15260.0,15280.0,15295.0,15280.0,90.0,6881250.0,3555
2023-05-09 21:57:04,pb2305,pb2305,15290.0,0.0,0.0,0.0,5,15285.0,15320.0,10,15260.0,15280.0,15295.0,15280.0,90.0,6881250.0,3555
2023-05-09 21:57:04,pb2305,pb2305,15290.0,0.0,0.0,0.0,20,15255.0,15295.0,5,15260.0,15280.0,15295.0,15280.0,90.0,6881250.0,3555
2023-05-09 21:57:05,pb2305,pb2305,15290.0,0.0,0.0,0.0,5,15285.0,15320.0,10,15260.0,15280.0,15295.0,15280.0,90.0,6881250.0,3555
2023-05-09 21:57:05,pb2305,pb2305,15290.0,0.0,0.0,0.0,20,15255.0,15295.0,5,15260.0,15280.0,15295.0,15280.0,90.0,6881250.0,3555
2023-05-09 21:57:06,pb2305,pb2305,15290.0,0.0,0.0,0.0,5,15285.0,15320.0,10,15260.0,15280.0,15295.0,15280.0,90.0,6881250.0,3555
2023-05-09 21:57:06,pb2305,pb2305,15290.0,0.0,0.0,0.0,20,15255.0,15295.0,5,15260.0,15280.0,15295.0,15280.0,90.0,6881250.0,3555
2023-05-09 21:57:07,pb2305,pb2305,15290.0,0.0,0.0,0.0,5,15285.0,15320.0,10,15260.0,15280.0,15295.0,15280.0,90.0,6881250.0,3555
2023-05-09 21:57:07,pb2305,pb2305,15290.0,0.0,0.0,0.0,20,15255.0,15295.0,5,15260.0,15280.0,15295.0,15280.0,90.0,6881250.0,3555
2023-05-09 21:57:08,pb2305,pb2305,15290.0,0.0,0.0,0.0,5,15285.0,15320.0,10,15260.0,15280.0,15295.0,15280.0,90.0,6881250.0,3555
2023-05-09 21:57:08,pb2305,pb2305,15290.0,0.0,0.0,0.0,20,15255.0,15295.0,5,15260.0,15280.0,15295.0,15280.0,90.0,6881250.0,3555
2023-05-09 21:57:09,pb2305,pb2305,15290.0,0.0,0.0,0.0,5,15285.0,15320.0,10,15260.0,15280.0,15295.0,15280.0,90.0,6881250.0,3555
2023-05-09 21:57:09,pb2305,pb2305,15290.0,0.0,0.0,0.0,20,15255.0,15295.0,5,15260.0,15280.0,15295.0,15280.0,90.0,6881250.0,3555
2023-05-09 21:57:10,pb2305,pb2305,15290.0,0.0,0.0,0.0,5,15285.0,15320.0,10,15260.0,15280.0,15295.0,15280.0,90.0,6881250.0,3555
2023-05-09 21:57:10,pb2305,pb2305,15290.0,0.0,0.0,0.0,20,15255.0,15295.0,5,15260.0,15280.0,15295.0,15280.0,90.0,6881250.0,3555
2023-05-09 21:57:11,pb2305,pb2305,15290.0,0.0,0.0,0.0,5,15285.0,15320.0,10,15260.0,15280.0,15295.0,15280.0,90.0,6881250.0,3555
2023-05-09 21:57:11,pb2305,pb2305,15290.0,0.0,0.0,0.0,20,15255.0,15295.0,5,15260.0,15280.0,15295.0,15280.0,90.0,6881250.0,3555
2023-05-09 21:57:12,pb2305,pb2305,15290.0,0.0,0.0,0.0,5,15285.0,15320.0,10,15260.0,15280.0,15295.0,15280.0,90.0,6881250.0,3555
2023-05-09 21:57:12,pb2305,pb2305,15290.0,0.0,0.0,0.0,20,15255.0,15295.0,5,15260.0,15280.0,15295.0,15280.0,90.0,6881250.0,3555
2023-05-09 21:57:13,pb2305,pb2305,15290.0,0.0,0.0,0.0,5,15285.0,15350.0,5,15260.0,15280.0,15295.0,15280.0,90.0,6881250.0,3555
2023-05-09 21:57:13,pb2305,pb2305,15290.0,0.0,0.0,0.0,20,15255.0,15295.0,5,15260.0,15280.0,15295.0,15280.0,90.0,6881250.0,3555
2023-05-09 21:57:14,pb2305,pb2305,15290.0,0.0,0.0,0.0,5,15285.0,15350.0,5,15260.0,15280.0,15295.0,15280.0,90.0,6881250.0,3555
2023-05-09 21:57:14,pb2305,pb2305,15290.0,0.0,0.0,0.0,20,15255.0,15295.0,5,15260.0,15280.0,15295.0,15280.0,90.0,6881250.0,3555
2023-05-09 21:57:15,pb2305,pb2305,15290.0,0.0,0.0,0.0,5,15285.0,15350.0,5,15260.0,15280.0,15295.0,15280.0,90.0,6881250.0,3555
2023-05-09 21:57:15,pb2305,pb2305,15290.0,0.0,0.0,0.0,20,15255.0,15295.0,5,15260.0,15280.0,15295.0,15280.0,90.0,6881250.0,3555
2023-05-09 21:57:16,pb2305,pb2305,15290.0,0.0,0.0,0.0,5,15285.0,15320.0,10,15260.0,15280.0,15295.0,15280.0,90.0,6881250.0,3555
2023-05-09 21:57:16,pb2305,pb2305,15290.0,0.0,0.0,0.0,20,15255.0,15295.0,5,15260.0,15280.0,15295.0,15280.0,90.0,6881250.0,3555
2023-05-09 21:57:17,pb2305,pb2305,15290.0,0.0,0.0,0.0,20,15255.0,15320.0,10,15260.0,15280.0,15295.0,15280.0,90.0,6881250.0,3555
2023-05-09 21:57:17,pb2305,pb2305,15290.0,0.0,0.0,0.0,5,15270.0,15300.0,5,15260.0,15280.0,15295.0,15280.0,90.0,6881250.0,3555
2023-05-09 21:57:18,pb2305,pb2305,15290.0,0.0,0.0,0.0,5,15270.0,15295.0,5,15260.0,15280.0,15295.0,15280.0,90.0,6881250.0,3555
2023-05-09 21:57:18,pb2305,pb2305,15290.0,0.0,0.0,0.0,5,15270.0,15295.0,5,15260.0,15280.0,15295.0,15280.0,90.0,6881250.0,3555
2023-05-09 21:57:35,pb2305,pb2305,15290.0,0.0,0.0,0.0,5,15285.0,15295.0,5,15260.0,15280.0,15295.0,15280.0,90.0,6881250.0,3555
2023-05-09 21:57:35,pb2305,pb2305,15290.0,0.0,0.0,0.0,5,15285.0,15295.0,5,15260.0,15280.0,15295.0,15280.0,90.0,6881250.0,3555
2023-05-09 21:57:42,pb2305,pb2305,15290.0,0.0,0.0,0.0,5,15285.0,15295.0,5,15260.0,15280.0,15295.0,15280.0,90.0,6881250.0,3555
2023-05-09 21:57:42,pb2305,pb2305,15290.0,0.0,0.0,0.0,5,15285.0,15295.0,10,15260.0,15280.0,15295.0,15280.0,90.0,6881250.0,3555
2023-05-09 22:14:59,pb2305,pb2305,15290.0,0.0,0.0,0.0,5,15290.0,15295.0,10,15260.0,15280.0,15295.0,15280.0,90.0,6881250.0,3555
2023-05-09 22:15:00,pb2305,pb2305,15290.0,0.0,0.0,0.0,5,15290.0,15295.0,10,15260.0,15280.0,15295.0,15280.0,90.0,6881250.0,3555
2023-05-09 22:15:07,pb2305,pb2305,15290.0,0.0,0.0,0.0,20,15255.0,15295.0,10,15260.0,15280.0,15295.0,15280.0,90.0,6881250.0,3555
2023-05-09 22:15:07,pb2305,pb2305,15290.0,0.0,0.0,0.0,5,15285.0,15295.0,5,15260.0,15280.0,15295.0,15280.0,90.0,6881250.0,3555
2023-05-09 22:15:08,pb2305,pb2305,15290.0,0.0,0.0,0.0,5,15285.0,15295.0,10,15260.0,15280.0,15295.0,15280.0,90.0,6881250.0,3555
2023-05-09 22:44:59,pb2305,pb2305,15295.0,5.0,382375.0,0.0,5,15290.0,15350.0,5,15260.0,15280.0,15295.0,15280.0,95.0,7263625.0,3555
2023-05-09 22:45:00,pb2305,pb2305,15295.0,0.0,0.0,0.0,20,15255.0,15305.0,5,15260.0,15280.0,15295.0,15280.0,95.0,7263625.0,3555
2023-05-09 22:45:00,pb2305,pb2305,15295.0,0.0,0.0,0.0,5,15290.0,15305.0,5,15260.0,15280.0,15295.0,15280.0,95.0,7263625.0,3555
2023-05-09 22:45:01,pb2305,pb2305,15295.0,0.0,0.0,0.0,5,15290.0,15300.0,5,15260.0,15280.0,15295.0,15280.0,95.0,7263625.0,3555
2023-05-09 22:45:01,pb2305,pb2305,15295.0,0.0,0.0,0.0,5,15290.0,15300.0,10,15260.0,15280.0,15295.0,15280.0,95.0,7263625.0,3555
2023-05-09 22:45:28,pb2305,pb2305,15295.0,0.0,0.0,0.0,5,15290.0,15300.0,10,15260.0,15280.0,15295.0,15280.0,95.0,7263625.0,3555
2023-05-09 22:46:21,pb2305,pb2305,15295.0,0.0,0.0,0.0,20,15255.0,15300.0,10,15260.0,15280.0,15295.0,15280.0,95.0,7263625.0,3555
2023-05-09 22:46:21,pb2305,pb2305,15295.0,0.0,0.0,0.0,5,15285.0,15300.0,10,15260.0,15280.0,15295.0,15280.0,95.0,7263625.0,3555
2023-05-09 22:46:22,pb2305,pb2305,15295.0,0.0,0.0,0.0,5,15290.0,15300.0,10,15260.0,15280.0,15295.0,15280.0,95.0,7263625.0,3555
2023-05-09 22:46:22,pb2305,pb2305,15295.0,0.0,0.0,0.0,5,15290.0,15300.0,10,15260.0,15280.0,15295.0,15280.0,95.0,7263625.0,3555
2023-05-09 22:49:47,pb2305,pb2305,15295.0,0.0,0.0,0.0,5,15290.0,15300.0,5,15260.0,15280.0,15295.0,15280.0,95.0,7263625.0,3555
2023-05-09 22:49:48,pb2305,pb2305,15295.0,0.0,0.0,0.0,5,15295.0,15350.0,5,15260.0,15280.0,15295.0,15280.0,95.0,7263625.0,3555
2023-05-09 22:49:48,pb2305,pb2305,15295.0,0.0,0.0,0.0,20,15255.0,15305.0,5,15260.0,15280.0,15295.0,15280.0,95.0,7263625.0,3555
2023-05-09 22:49:49,pb2305,pb2305,15295.0,0.0,0.0,0.0,5,15295.0,15330.0,10,15260.0,15280.0,15295.0,15280.0,95.0,7263625.0,3555
2023-05-09 22:49:49,pb2305,pb2305,15295.0,0.0,0.0,0.0,20,15255.0,15305.0,5,15260.0,15280.0,15295.0,15280.0,95.0,7263625.0,3555
2023-05-09 22:49:50,pb2305,pb2305,15295.0,0.0,0.0,0.0,5,15295.0,15330.0,10,15260.0,15280.0,15295.0,15280.0,95.0,7263625.0,3555
2023-05-09 22:49:50,pb2305,pb2305,15295.0,0.0,0.0,0.0,20,15255.0,15305.0,5,15260.0,15280.0,15295.0,15280.0,95.0,7263625.0,3555
2023-05-09 22:49:51,pb2305,pb2305,15295.0,0.0,0.0,0.0,5,15295.0,15330.0,10,15260.0,15280.0,15295.0,15280.0,95.0,7263625.0,3555
2023-05-09 22:49:51,pb2305,pb2305,15295.0,0.0,0.0,0.0,20,15255.0,15305.0,5,15260.0,15280.0,15295.0,15280.0,95.0,7263625.0,3555
2023-05-09 22:49:52,pb2305,pb2305,15295.0,0.0,0.0,0.0,5,15295.0,15330.0,10,15260.0,15280.0,15295.0,15280.0,95.0,7263625.0,3555
2023-05-09 22:49:52,pb2305,pb2305,15295.0,0.0,0.0,0.0,20,15255.0,15305.0,5,15260.0,15280.0,15295.0,15280.0,95.0,7263625.0,3555
2023-05-09 22:49:53,pb2305,pb2305,15295.0,0.0,0.0,0.0,5,15295.0,15330.0,10,15260.0,15280.0,15295.0,15280.0,95.0,7263625.0,3555
2023-05-09 22:49:53,pb2305,pb2305,15295.0,0.0,0.0,0.0,20,15255.0,15305.0,5,15260.0,15280.0,15295.0,15280.0,95.0,7263625.0,3555
2023-05-09 22:49:54,pb2305,pb2305,15295.0,0.0,0.0,0.0,5,15295.0,15330.0,10,15260.0,15280.0,15295.0,15280.0,95.0,7263625.0,3555
2023-05-09 22:49:54,pb2305,pb2305,15295.0,0.0,0.0,0.0,20,15255.0,15305.0,5,15260.0,15280.0,15295.0,15280.0,95.0,7263625.0,3555
2023-05-09 22:49:55,pb2305,pb2305,15295.0,0.0,0.0,0.0,5,15295.0,15330.0,10,15260.0,15280.0,15295.0,15280.0,95.0,7263625.0,3555
2023-05-09 22:49:55,pb2305,pb2305,15295.0,0.0,0.0,0.0,20,15255.0,15305.0,5,15260.0,15280.0,15295.0,15280.0,95.0,7263625.0,3555
2023-05-09 22:49:56,pb2305,pb2305,15295.0,0.0,0.0,0.0,5,15295.0,15330.0,10,15260.0,15280.0,15295.0,15280.0,95.0,7263625.0,3555
2023-05-09 22:49:56,pb2305,pb2305,15295.0,0.0,0.0,0.0,20,15255.0,15305.0,5,15260.0,15280.0,15295.0,15280.0,95.0,7263625.0,3555
2023-05-09 22:49:57,pb2305,pb2305,15295.0,0.0,0.0,0.0,5,15295.0,15330.0,10,15260.0,15280.0,15295.0,15280.0,95.0,7263625.0,3555
2023-05-09 22:49:57,pb2305,pb2305,15295.0,0.0,0.0,0.0,20,15255.0,15305.0,5,15260.0,15280.0,15295.0,15280.0,95.0,7263625.0,3555
2023-05-09 22:49:58,pb2305,pb2305,15295.0,0.0,0.0,0.0,5,15295.0,15330.0,10,15260.0,15280.0,15295.0,15280.0,95.0,7263625.0,3555
2023-05-09 22:49:58,pb2305,pb2305,15295.0,0.0,0.0,0.0,20,15255.0,15305.0,5,15260.0,15280.0,15295.0,15280.0,95.0,7263625.0,3555
2023-05-09 22:49:59,pb2305,pb2305,15295.0,0.0,0.0,0.0,5,15295.0,15330.0,10,15260.0,15280.0,15295.0,15280.0,95.0,7263625.0,3555
2023-05-09 22:49:59,pb2305,pb2305,15295.0,0.0,0.0,0.0,20,15255.0,15305.0,5,15260.0,15280.0,15295.0,15280.0,95.0,7263625.0,3555
2023-05-09 22:50:00,pb2305,pb2305,15295.0,0.0,0.0,0.0,5,15295.0,15330.0,10,15260.0,15280.0,15295.0,15280.0,95.0,7263625.0,3555
2023-05-09 22:50:00,pb2305,pb2305,15295.0,0.0,0.0,0.0,20,15255.0,15305.0,5,15260.0,15280.0,15295.0,15280.0,95.0,7263625.0,3555
2023-05-09 22:50:01,pb2305,pb2305,15295.0,0.0,0.0,0.0,5,15295.0,15330.0,10,15260.0,15280.0,15295.0,15280.0,95.0,7263625.0,3555
2023-05-09 22:50:01,pb2305,pb2305,15295.0,0.0,0.0,0.0,20,15255.0,15305.0,5,15260.0,15280.0,15295.0,15280.0,95.0,7263625.0,3555
2023-05-09 22:50:02,pb2305,pb2305,15295.0,0.0,0.0,0.0,5,15295.0,15330.0,10,15260.0,15280.0,15295.0,15280.0,95.0,7263625.0,3555
2023-05-09 22:50:02,pb2305,pb2305,15295.0,0.0,0.0,0.0,20,15255.0,15305.0,5,15260.0,15280.0,15295.0,15280.0,95.0,7263625.0,3555
2023-05-09 22:50:03,pb2305,pb2305,15295.0,0.0,0.0,0.0,5,15295.0,15330.0,10,15260.0,15280.0,15295.0,15280.0,95.0,7263625.0,3555
2023-05-09 22:50:03,pb2305,pb2305,15295.0,0.0,0.0,0.0,20,15255.0,15305.0,5,15260.0,15280.0,15295.0,15280.0,95.0,7263625.0,3555
2023-05-09 22:50:04,pb2305,pb2305,15295.0,0.0,0.0,0.0,5,15295.0,15330.0,10,15260.0,15280.0,15295.0,15280.0,95.0,7263625.0,3555
2023-05-09 22:50:04,pb2305,pb2305,15295.0,0.0,0.0,0.0,20,15255.0,15305.0,5,15260.0,15280.0,15295.0,15280.0,95.0,7263625.0,3555
2023-05-09 22:50:05,pb2305,pb2305,15295.0,0.0,0.0,0.0,5,15295.0,15330.0,10,15260.0,15280.0,15295.0,15280.0,95.0,7263625.0,3555
2023-05-09 22:50:05,pb2305,pb2305,15295.0,0.0,0.0,0.0,20,15255.0,15305.0,5,15260.0,15280.0,15295.0,15280.0,95.0,7263625.0,3555
2023-05-09 22:50:06,pb2305,pb2305,15295.0,0.0,0.0,0.0,5,15295.0,15330.0,10,15260.0,15280.0,15295.0,15280.0,95.0,7263625.0,3555
2023-05-09 22:50:06,pb2305,pb2305,15295.0,0.0,0.0,0.0,20,15255.0,15305.0,5,15260.0,15280.0,15295.0,15280.0,95.0,7263625.0,3555
2023-05-09 22:50:07,pb2305,pb2305,15295.0,0.0,0.0,0.0,5,15295.0,15330.0,10,15260.0,15280.0,15295.0,15280.0,95.0,7263625.0,3555
2023-05-09 22:50:07,pb2305,pb2305,15295.0,0.0,0.0,0.0,20,15255.0,15305.0,5,15260.0,15280.0,15295.0,15280.0,95.0,7263625.0,3555
2023-05-09 22:50:08,pb2305,pb2305,15295.0,0.0,0.0,0.0,5,15295.0,15330.0,10,15260.0,15280.0,15295.0,15280.0,95.0,7263625.0,3555
2023-05-09 22:50:08,pb2305,pb2305,15295.0,0.0,0.0,0.0,20,15255.0,15305.0,5,15260.0,15280.0,15295.0,15280.0,95.0,7263625.0,3555
2023-05-09 22:50:09,pb2305,pb2305,15295.0,0.0,0.0,0.0,5,15295.0,15330.0,10,15260.0,15280.0,15295.0,15280.0,95.0,7263625.0,3555
2023-05-09 22:50:09,pb2305,pb2305,15295.0,0.0,0.0,0.0,20,15255.0,15305.0,5,15260.0,15280.0,15295.0,15280.0,95.0,7263625.0,3555
2023-05-09 22:50:10,pb2305,pb2305,15295.0,0.0,0.0,0.0,5,15295.0,15330.0,10,15260.0,15280.0,15295.0,15280.0,95.0,7263625.0,3555
2023-05-09 22:50:10,pb2305,pb2305,15295.0,0.0,0.0,0.0,20,15255.0,15305.0,5,15260.0,15280.0,15295.0,15280.0,95.0,7263625.0,3555
2023-05-09 22:50:11,pb2305,pb2305,15295.0,0.0,0.0,0.0,5,15295.0,15330.0,10,15260.0,15280.0,15295.0,15280.0,95.0,7263625.0,3555
2023-05-09 22:50:11,pb2305,pb2305,15295.0,0.0,0.0,0.0,20,15255.0,15305.0,5,15260.0,15280.0,15295.0,15280.0,95.0,7263625.0,3555
2023-05-09 22:50:12,pb2305,pb2305,15295.0,0.0,0.0,0.0,5,15295.0,15330.0,10,15260.0,15280.0,15295.0,15280.0,95.0,7263625.0,3555
2023-05-09 22:50:12,pb2305,pb2305,15295.0,0.0,0.0,0.0,20,15255.0,15305.0,5,15260.0,15280.0,15295.0,15280.0,95.0,7263625.0,3555
2023-05-09 22:50:13,pb2305,pb2305,15295.0,0.0,0.0,0.0,5,15295.0,15330.0,10,15260.0,15280.0,15295.0,15280.0,95.0,7263625.0,3555
2023-05-09 22:50:13,pb2305,pb2305,15295.0,0.0,0.0,0.0,20,15255.0,15305.0,5,15260.0,15280.0,15295.0,15280.0,95.0,7263625.0,3555
2023-05-09 22:50:14,pb2305,pb2305,15295.0,0.0,0.0,0.0,5,15295.0,15350.0,5,15260.0,15280.0,15295.0,15280.0,95.0,7263625.0,3555
2023-05-09 22:50:14,pb2305,pb2305,15295.0,0.0,0.0,0.0,20,15255.0,15305.0,5,15260.0,15280.0,15295.0,15280.0,95.0,7263625.0,3555
2023-05-09 22:50:15,pb2305,pb2305,15295.0,0.0,0.0,0.0,5,15295.0,15350.0,5,15260.0,15280.0,15295.0,15280.0,95.0,7263625.0,3555
2023-05-09 22:50:15,pb2305,pb2305,15295.0,0.0,0.0,0.0,20,15255.0,15305.0,5,15260.0,15280.0,15295.0,15280.0,95.0,7263625.0,3555
2023-05-09 22:50:16,pb2305,pb2305,15295.0,0.0,0.0,0.0,5,15295.0,15350.0,5,15260.0,15280.0,15295.0,15280.0,95.0,7263625.0,3555
2023-05-09 22:50:16,pb2305,pb2305,15295.0,0.0,0.0,0.0,20,15255.0,15305.0,5,15260.0,15280.0,15295.0,15280.0,95.0,7263625.0,3555
2023-05-09 22:50:17,pb2305,pb2305,15295.0,0.0,0.0,0.0,5,15295.0,15350.0,5,15260.0,15280.0,15295.0,15280.0,95.0,7263625.0,3555
2023-05-09 22:50:17,pb2305,pb2305,15295.0,0.0,0.0,0.0,20,15255.0,15305.0,5,15260.0,15280.0,15295.0,15280.0,95.0,7263625.0,3555
2023-05-09 22:50:18,pb2305,pb2305,15295.0,0.0,0.0,0.0,5,15295.0,15350.0,5,15260.0,15280.0,15295.0,15280.0,95.0,7263625.0,3555
2023-05-09 22:50:18,pb2305,pb2305,15295.0,0.0,0.0,0.0,20,15255.0,15305.0,5,15260.0,15280.0,15295.0,15280.0,95.0,7263625.0,3555
2023-05-09 22:50:19,pb2305,pb2305,15295.0,0.0,0.0,0.0,5,15295.0,15350.0,5,15260.0,15280.0,15295.0,15280.0,95.0,7263625.0,3555
2023-05-09 22:50:19,pb2305,pb2305,15295.0,0.0,0.0,0.0,20,15255.0,15305.0,5,15260.0,15280.0,15295.0,15280.0,95.0,7263625.0,3555
2023-05-09 22:50:20,pb2305,pb2305,15295.0,0.0,0.0,0.0,5,15295.0,15350.0,5,15260.0,15280.0,15295.0,15280.0,95.0,7263625.0,3555
2023-05-09 22:50:20,pb2305,pb2305,15295.0,0.0,0.0,0.0,20,15255.0,15305.0,5,15260.0,15280.0,15295.0,15280.0,95.0,7263625.0,3555
2023-05-09 22:50:21,pb2305,pb2305,15295.0,0.0,0.0,0.0,5,15295.0,15350.0,5,15260.0,15280.0,15295.0,15280.0,95.0,7263625.0,3555
2023-05-09 22:50:21,pb2305,pb2305,15295.0,0.0,0.0,0.0,20,15255.0,15305.0,5,15260.0,15280.0,15295.0,15280.0,95.0,7263625.0,3555
2023-05-09 22:50:22,pb2305,pb2305,15295.0,0.0,0.0,0.0,5,15295.0,15330.0,10,15260.0,15280.0,15295.0,15280.0,95.0,7263625.0,3555
2023-05-09 22:50:22,pb2305,pb2305,15295.0,0.0,0.0,0.0,20,15255.0,15305.0,5,15260.0,15280.0,15295.0,15280.0,95.0,7263625.0,3555
2023-05-09 22:50:23,pb2305,pb2305,15295.0,0.0,0.0,0.0,5,15295.0,15330.0,10,15260.0,15280.0,15295.0,15280.0,95.0,7263625.0,3555
2023-05-09 22:50:23,pb2305,pb2305,15295.0,0.0,0.0,0.0,20,15255.0,15305.0,5,15260.0,15280.0,15295.0,15280.0,95.0,7263625.0,3555
2023-05-09 22:50:24,pb2305,pb2305,15295.0,0.0,0.0,0.0,5,15295.0,15330.0,10,15260.0,15280.0,15295.0,15280.0,95.0,7263625.0,3555
2023-05-09 22:50:24,pb2305,pb2305,15295.0,0.0,0.0,0.0,20,15255.0,15305.0,5,15260.0,15280.0,15295.0,15280.0,95.0,7263625.0,3555
2023-05-09 22:50:25,pb2305,pb2305,15295.0,0.0,0.0,0.0,5,15295.0,15330.0,10,15260.0,15280.0,15295.0,15280.0,95.0,7263625.0,3555
2023-05-09 22:50:25,pb2305,pb2305,15295.0,0.0,0.0,0.0,20,15255.0,15305.0,5,15260.0,15280.0,15295.0,15280.0,95.0,7263625.0,3555
2023-05-09 22:50:26,pb2305,pb2305,15295.0,0.0,0.0,0.0,5,15295.0,15330.0,10,15260.0,15280.0,15295.0,15280.0,95.0,7263625.0,3555
2023-05-09 22:50:26,pb2305,pb2305,15295.0,0.0,0.0,0.0,20,15255.0,15305.0,5,15260.0,15280.0,15295.0,15280.0,95.0,7263625.0,3555
2023-05-09 22:50:27,pb2305,pb2305,15295.0,0.0,0.0,0.0,5,15295.0,15330.0,10,15260.0,15280.0,15295.0,15280.0,95.0,7263625.0,3555
2023-05-09 22:50:27,pb2305,pb2305,15295.0,0.0,0.0,0.0,20,15255.0,15305.0,5,15260.0,15280.0,15295.0,15280.0,95.0,7263625.0,3555
2023-05-09 22:50:28,pb2305,pb2305,15295.0,0.0,0.0,0.0,5,15295.0,15330.0,10,15260.0,15280.0,15295.0,15280.0,95.0,7263625.0,3555
2023-05-09 22:50:28,pb2305,pb2305,15295.0,0.0,0.0,0.0,20,15255.0,15305.0,5,15260.0,15280.0,15295.0,15280.0,95.0,7263625.0,3555
2023-05-09 22:50:29,pb2305,pb2305,15295.0,0.0,0.0,0.0,5,15295.0,15330.0,10,15260.0,15280.0,15295.0,15280.0,95.0,7263625.0,3555
2023-05-09 22:50:29,pb2305,pb2305,15295.0,0.0,0.0,0.0,20,15255.0,15305.0,5,15260.0,15280.0,15295.0,15280.0,95.0,7263625.0,3555
2023-05-09 22:50:30,pb2305,pb2305,15295.0,0.0,0.0,0.0,5,15295.0,15330.0,10,15260.0,15280.0,15295.0,15280.0,95.0,7263625.0,3555
2023-05-09 22:50:30,pb2305,pb2305,15295.0,0.0,0.0,0.0,20,15255.0,15305.0,5,15260.0,15280.0,15295.0,15280.0,95.0,7263625.0,3555
2023-05-09 22:50:31,pb2305,pb2305,15295.0,0.0,0.0,0.0,5,15295.0,15330.0,10,15260.0,15280.0,15295.0,15280.0,95.0,7263625.0,3555
2023-05-09 22:50:31,pb2305,pb2305,15295.0,0.0,0.0,0.0,20,15255.0,15305.0,5,15260.0,15280.0,15295.0,15280.0,95.0,7263625.0,3555
2023-05-09 22:50:32,pb2305,pb2305,15295.0,0.0,0.0,0.0,5,15295.0,15330.0,10,15260.0,15280.0,15295.0,15280.0,95.0,7263625.0,3555
2023-05-09 22:50:32,pb2305,pb2305,15295.0,0.0,0.0,0.0,20,15255.0,15305.0,5,15260.0,15280.0,15295.0,15280.0,95.0,7263625.0,3555
2023-05-09 22:50:33,pb2305,pb2305,15295.0,0.0,0.0,0.0,5,15295.0,15330.0,10,15260.0,15280.0,15295.0,15280.0,95.0,7263625.0,3555
2023-05-09 22:50:33,pb2305,pb2305,15295.0,0.0,0.0,0.0,20,15255.0,15300.0,5,15260.0,15280.0,15295.0,15280.0,95.0,7263625.0,3555
2023-05-09 22:50:34,pb2305,pb2305,15295.0,0.0,0.0,0.0,5,15290.0,15330.0,10,15260.0,15280.0,15295.0,15280.0,95.0,7263625.0,3555
2023-05-09 22:50:34,pb2305,pb2305,15295.0,0.0,0.0,0.0,20,15255.0,15300.0,5,15260.0,15280.0,15295.0,15280.0,95.0,7263625.0,3555
2023-05-09 22:50:35,pb2305,pb2305,15295.0,0.0,0.0,0.0,5,15290.0,15330.0,10,15260.0,15280.0,15295.0,15280.0,95.0,7263625.0,3555
2023-05-09 22:50:35,pb2305,pb2305,15295.0,0.0,0.0,0.0,20,15255.0,15300.0,5,15260.0,15280.0,15295.0,15280.0,95.0,7263625.0,3555
2023-05-09 22:50:36,pb2305,pb2305,15295.0,0.0,0.0,0.0,5,15290.0,15330.0,10,15260.0,15280.0,15295.0,15280.0,95.0,7263625.0,3555
2023-05-09 22:50:36,pb2305,pb2305,15295.0,0.0,0.0,0.0,20,15255.0,15300.0,5,15260.0,15280.0,15295.0,15280.0,95.0,7263625.0,3555
2023-05-09 22:50:37,pb2305,pb2305,15295.0,0.0,0.0,0.0,5,15290.0,15330.0,10,15260.0,15280.0,15295.0,15280.0,95.0,7263625.0,3555
2023-05-09 22:50:37,pb2305,pb2305,15295.0,0.0,0.0,0.0,20,15255.0,15300.0,5,15260.0,15280.0,15295.0,15280.0,95.0,7263625.0,3555
2023-05-09 22:50:38,pb2305,pb2305,15295.0,0.0,0.0,0.0,5,15290.0,15330.0,10,15260.0,15280.0,15295.0,15280.0,95.0,7263625.0,3555
2023-05-09 22:50:38,pb2305,pb2305,15295.0,0.0,0.0,0.0,20,15255.0,15300.0,5,15260.0,15280.0,15295.0,15280.0,95.0,7263625.0,3555
2023-05-09 22:50:39,pb2305,pb2305,15295.0,0.0,0.0,0.0,5,15290.0,15330.0,10,15260.0,15280.0,15295.0,15280.0,95.0,7263625.0,3555
2023-05-09 22:50:39,pb2305,pb2305,15295.0,0.0,0.0,0.0,20,15255.0,15300.0,5,15260.0,15280.0,15295.0,15280.0,95.0,7263625.0,3555
2023-05-09 22:50:40,pb2305,pb2305,15295.0,0.0,0.0,0.0,5,15290.0,15330.0,10,15260.0,15280.0,15295.0,15280.0,95.0,7263625.0,3555
2023-05-09 22:50:40,pb2305,pb2305,15295.0,0.0,0.0,0.0,20,15255.0,15300.0,5,15260.0,15280.0,15295.0,15280.0,95.0,7263625.0,3555
2023-05-09 22:50:41,pb2305,pb2305,15295.0,0.0,0.0,0.0,5,15290.0,15330.0,10,15260.0,15280.0,15295.0,15280.0,95.0,7263625.0,3555
2023-05-09 22:50:41,pb2305,pb2305,15295.0,0.0,0.0,0.0,20,15255.0,15300.0,5,15260.0,15280.0,15295.0,15280.0,95.0,7263625.0,3555
2023-05-09 22:50:42,pb2305,pb2305,15295.0,0.0,0.0,0.0,5,15290.0,15330.0,10,15260.0,15280.0,15295.0,15280.0,95.0,7263625.0,3555
2023-05-09 22:50:42,pb2305,pb2305,15295.0,0.0,0.0,0.0,20,15255.0,15300.0,5,15260.0,15280.0,15295.0,15280.0,95.0,7263625.0,3555
2023-05-09 22:50:43,pb2305,pb2305,15295.0,0.0,0.0,0.0,5,15290.0,15330.0,10,15260.0,15280.0,15295.0,15280.0,95.0,7263625.0,3555
2023-05-09 22:50:43,pb2305,pb2305,15295.0,0.0,0.0,0.0,20,15255.0,15300.0,5,15260.0,15280.0,15295.0,15280.0,95.0,7263625.0,3555
2023-05-09 22:50:44,pb2305,pb2305,15295.0,0.0,0.0,0.0,5,15290.0,15330.0,10,15260.0,15280.0,15295.0,15280.0,95.0,7263625.0,3555
2023-05-09 22:50:44,pb2305,pb2305,15295.0,0.0,0.0,0.0,20,15255.0,15300.0,5,15260.0,15280.0,15295.0,15280.0,95.0,7263625.0,3555
2023-05-09 22:50:45,pb2305,pb2305,15295.0,0.0,0.0,0.0,5,15290.0,15330.0,10,15260.0,15280.0,15295.0,15280.0,95.0,7263625.0,3555
2023-05-09 22:50:45,pb2305,pb2305,15295.0,0.0,0.0,0.0,20,15255.0,15300.0,5,15260.0,15280.0,15295.0,15280.0,95.0,7263625.0,3555
2023-05-09 22:50:46,pb2305,pb2305,15295.0,0.0,0.0,0.0,5,15290.0,15330.0,10,15260.0,15280.0,15295.0,15280.0,95.0,7263625.0,3555
2023-05-09 22:50:46,pb2305,pb2305,15295.0,0.0,0.0,0.0,20,15255.0,15300.0,5,15260.0,15280.0,15295.0,15280.0,95.0,7263625.0,3555
2023-05-09 22:50:47,pb2305,pb2305,15295.0,0.0,0.0,0.0,5,15290.0,15350.0,5,15260.0,15280.0,15295.0,15280.0,95.0,7263625.0,3555
2023-05-09 22:50:47,pb2305,pb2305,15295.0,0.0,0.0,0.0,20,15255.0,15300.0,5,15260.0,15280.0,15295.0,15280.0,95.0,7263625.0,3555
2023-05-09 22:50:48,pb2305,pb2305,15295.0,0.0,0.0,0.0,5,15290.0,15350.0,5,15260.0,15280.0,15295.0,15280.0,95.0,7263625.0,3555
2023-05-09 22:50:48,pb2305,pb2305,15295.0,0.0,0.0,0.0,20,15255.0,15300.0,5,15260.0,15280.0,15295.0,15280.0,95.0,7263625.0,3555
2023-05-09 22:50:49,pb2305,pb2305,15295.0,0.0,0.0,0.0,5,15290.0,15325.0,10,15260.0,15280.0,15295.0,15280.0,95.0,7263625.0,3555
2023-05-09 22:50:49,pb2305,pb2305,15295.0,0.0,0.0,0.0,20,15255.0,15300.0,5,15260.0,15280.0,15295.0,15280.0,95.0,7263625.0,3555
2023-05-09 22:50:50,pb2305,pb2305,15295.0,0.0,0.0,0.0,5,15290.0,15325.0,10,15260.0,15280.0,15295.0,15280.0,95.0,7263625.0,3555
2023-05-09 22:50:50,pb2305,pb2305,15295.0,0.0,0.0,0.0,20,15255.0,15300.0,5,15260.0,15280.0,15295.0,15280.0,95.0,7263625.0,3555
2023-05-09 22:50:51,pb2305,pb2305,15295.0,0.0,0.0,0.0,5,15290.0,15325.0,10,15260.0,15280.0,15295.0,15280.0,95.0,7263625.0,3555
2023-05-09 22:50:51,pb2305,pb2305,15295.0,0.0,0.0,0.0,20,15255.0,15300.0,5,15260.0,15280.0,15295.0,15280.0,95.0,7263625.0,3555
2023-05-09 22:50:52,pb2305,pb2305,15295.0,0.0,0.0,0.0,5,15290.0,15325.0,10,15260.0,15280.0,15295.0,15280.0,95.0,7263625.0,3555
2023-05-09 22:50:52,pb2305,pb2305,15295.0,0.0,0.0,0.0,20,15255.0,15300.0,5,15260.0,15280.0,15295.0,15280.0,95.0,7263625.0,3555
2023-05-09 22:50:53,pb2305,pb2305,15295.0,0.0,0.0,0.0,5,15290.0,15325.0,10,15260.0,15280.0,15295.0,15280.0,95.0,7263625.0,3555
2023-05-09 22:50:53,pb2305,pb2305,15295.0,0.0,0.0,0.0,20,15255.0,15300.0,5,15260.0,15280.0,15295.0,15280.0,95.0,7263625.0,3555
2023-05-09 22:50:54,pb2305,pb2305,15295.0,0.0,0.0,0.0,5,15290.0,15325.0,10,15260.0,15280.0,15295.0,15280.0,95.0,7263625.0,3555
2023-05-09 22:50:54,pb2305,pb2305,15295.0,0.0,0.0,0.0,20,15255.0,15300.0,5,15260.0,15280.0,15295.0,15280.0,95.0,7263625.0,3555
2023-05-09 22:50:55,pb2305,pb2305,15295.0,0.0,0.0,0.0,5,15290.0,15325.0,10,15260.0,15280.0,15295.0,15280.0,95.0,7263625.0,3555
2023-05-09 22:50:55,pb2305,pb2305,15295.0,0.0,0.0,0.0,20,15255.0,15300.0,5,15260.0,15280.0,15295.0,15280.0,95.0,7263625.0,3555
2023-05-09 22:50:56,pb2305,pb2305,15295.0,0.0,0.0,0.0,5,15290.0,15325.0,10,15260.0,15280.0,15295.0,15280.0,95.0,7263625.0,3555
2023-05-09 22:50:56,pb2305,pb2305,15295.0,0.0,0.0,0.0,20,15255.0,15300.0,5,15260.0,15280.0,15295.0,15280.0,95.0,7263625.0,3555
2023-05-09 22:50:57,pb2305,pb2305,15295.0,0.0,0.0,0.0,5,15290.0,15325.0,10,15260.0,15280.0,15295.0,15280.0,95.0,7263625.0,3555
2023-05-09 22:50:57,pb2305,pb2305,15295.0,0.0,0.0,0.0,20,15255.0,15300.0,5,15260.0,15280.0,15295.0,15280.0,95.0,7263625.0,3555
2023-05-09 22:50:58,pb2305,pb2305,15295.0,0.0,0.0,0.0,5,15290.0,15325.0,10,15260.0,15280.0,15295.0,15280.0,95.0,7263625.0,3555
2023-05-09 22:50:58,pb2305,pb2305,15295.0,0.0,0.0,0.0,20,15255.0,15300.0,5,15260.0,15280.0,15295.0,15280.0,95.0,7263625.0,3555
2023-05-09 22:50:59,pb2305,pb2305,15295.0,0.0,0.0,0.0,5,15290.0,15325.0,10,15260.0,15280.0,15295.0,15280.0,95.0,7263625.0,3555
2023-05-09 22:50:59,pb2305,pb2305,15295.0,0.0,0.0,0.0,20,15255.0,15300.0,5,15260.0,15280.0,15295.0,15280.0,95.0,7263625.0,3555
2023-05-09 22:51:00,pb2305,pb2305,15295.0,0.0,0.0,0.0,5,15290.0,15325.0,10,15260.0,15280.0,15295.0,15280.0,95.0,7263625.0,3555
2023-05-09 22:51:00,pb2305,pb2305,15295.0,0.0,0.0,0.0,20,15255.0,15300.0,5,15260.0,15280.0,15295.0,15280.0,95.0,7263625.0,3555
2023-05-09 22:51:01,pb2305,pb2305,15295.0,0.0,0.0,0.0,5,15290.0,15325.0,10,15260.0,15280.0,15295.0,15280.0,95.0,7263625.0,3555
2023-05-09 22:51:01,pb2305,pb2305,15295.0,0.0,0.0,0.0,20,15255.0,15300.0,5,15260.0,15280.0,15295.0,15280.0,95.0,7263625.0,3555
2023-05-09 22:51:02,pb2305,pb2305,15295.0,0.0,0.0,0.0,5,15290.0,15325.0,10,15260.0,15280.0,15295.0,15280.0,95.0,7263625.0,3555
2023-05-09 22:51:02,pb2305,pb2305,15295.0,0.0,0.0,0.0,20,15255.0,15300.0,5,15260.0,15280.0,15295.0,15280.0,95.0,7263625.0,3555
2023-05-09 22:51:03,pb2305,pb2305,15295.0,0.0,0.0,0.0,5,15290.0,15325.0,10,15260.0,15280.0,15295.0,15280.0,95.0,7263625.0,3555
2023-05-09 22:51:03,pb2305,pb2305,15295.0,0.0,0.0,0.0,20,15255.0,15300.0,5,15260.0,15280.0,15295.0,15280.0,95.0,7263625.0,3555
2023-05-09 22:51:04,pb2305,pb2305,15295.0,0.0,0.0,0.0,5,15290.0,15325.0,10,15260.0,15280.0,15295.0,15280.0,95.0,7263625.0,3555
2023-05-09 22:51:04,pb2305,pb2305,15295.0,0.0,0.0,0.0,20,15255.0,15300.0,5,15260.0,15280.0,15295.0,15280.0,95.0,7263625.0,3555
2023-05-09 22:51:05,pb2305,pb2305,15295.0,0.0,0.0,0.0,5,15290.0,15325.0,10,15260.0,15280.0,15295.0,15280.0,95.0,7263625.0,3555
2023-05-09 22:51:05,pb2305,pb2305,15295.0,0.0,0.0,0.0,20,15255.0,15300.0,5,15260.0,15280.0,15295.0,15280.0,95.0,7263625.0,3555
2023-05-09 22:51:06,pb2305,pb2305,15295.0,0.0,0.0,0.0,5,15290.0,15325.0,10,15260.0,15280.0,15295.0,15280.0,95.0,7263625.0,3555
2023-05-09 22:51:06,pb2305,pb2305,15295.0,0.0,0.0,0.0,20,15255.0,15300.0,5,15260.0,15280.0,15295.0,15280.0,95.0,7263625.0,3555
2023-05-09 22:51:07,pb2305,pb2305,15295.0,0.0,0.0,0.0,5,15290.0,15325.0,10,15260.0,15280.0,15295.0,15280.0,95.0,7263625.0,3555
2023-05-09 22:51:07,pb2305,pb2305,15295.0,0.0,0.0,0.0,20,15255.0,15300.0,5,15260.0,15280.0,15295.0,15280.0,95.0,7263625.0,3555
2023-05-09 22:51:08,pb2305,pb2305,15295.0,0.0,0.0,0.0,5,15290.0,15325.0,10,15260.0,15280.0,15295.0,15280.0,95.0,7263625.0,3555
2023-05-09 22:51:08,pb2305,pb2305,15295.0,0.0,0.0,0.0,20,15255.0,15300.0,5,15260.0,15280.0,15295.0,15280.0,95.0,7263625.0,3555
2023-05-09 22:51:09,pb2305,pb2305,15295.0,0.0,0.0,0.0,5,15290.0,15325.0,10,15260.0,15280.0,15295.0,15280.0,95.0,7263625.0,3555
2023-05-09 22:51:09,pb2305,pb2305,15295.0,0.0,0.0,0.0,20,15255.0,15300.0,5,15260.0,15280.0,15295.0,15280.0,95.0,7263625.0,3555
2023-05-09 22:51:10,pb2305,pb2305,15295.0,0.0,0.0,0.0,5,15290.0,15325.0,10,15260.0,15280.0,15295.0,15280.0,95.0,7263625.0,3555
2023-05-09 22:51:10,pb2305,pb2305,15295.0,0.0,0.0,0.0,20,15255.0,15300.0,5,15260.0,15280.0,15295.0,15280.0,95.0,7263625.0,3555
2023-05-09 22:51:11,pb2305,pb2305,15295.0,0.0,0.0,0.0,5,15290.0,15325.0,10,15260.0,15280.0,15295.0,15280.0,95.0,7263625.0,3555
2023-05-09 22:51:11,pb2305,pb2305,15295.0,0.0,0.0,0.0,20,15255.0,15300.0,5,15260.0,15280.0,15295.0,15280.0,95.0,7263625.0,3555
2023-05-09 22:51:12,pb2305,pb2305,15295.0,0.0,0.0,0.0,5,15290.0,15325.0,10,15260.0,15280.0,15295.0,15280.0,95.0,7263625.0,3555
2023-05-09 22:51:12,pb2305,pb2305,15295.0,0.0,0.0,0.0,20,15255.0,15300.0,5,15260.0,15280.0,15295.0,15280.0,95.0,7263625.0,3555
2023-05-09 22:51:13,pb2305,pb2305,15295.0,0.0,0.0,0.0,5,15290.0,15325.0,10,15260.0,15280.0,15295.0,15280.0,95.0,7263625.0,3555
2023-05-09 22:51:13,pb2305,pb2305,15295.0,0.0,0.0,0.0,20,15255.0,15300.0,5,15260.0,15280.0,15295.0,15280.0,95.0,7263625.0,3555
2023-05-09 22:51:14,pb2305,pb2305,15295.0,0.0,0.0,0.0,5,15290.0,15350.0,5,15260.0,15280.0,15295.0,15280.0,95.0,7263625.0,3555
2023-05-09 22:51:14,pb2305,pb2305,15295.0,0.0,0.0,0.0,20,15255.0,15300.0,5,15260.0,15280.0,15295.0,15280.0,95.0,7263625.0,3555
2023-05-09 22:51:15,pb2305,pb2305,15295.0,0.0,0.0,0.0,5,15290.0,15350.0,5,15260.0,15280.0,15295.0,15280.0,95.0,7263625.0,3555
2023-05-09 22:51:15,pb2305,pb2305,15295.0,0.0,0.0,0.0,20,15255.0,15300.0,5,15260.0,15280.0,15295.0,15280.0,95.0,7263625.0,3555
2023-05-09 22:51:16,pb2305,pb2305,15295.0,0.0,0.0,0.0,5,15290.0,15350.0,5,15260.0,15280.0,15295.0,15280.0,95.0,7263625.0,3555
2023-05-09 22:51:16,pb2305,pb2305,15295.0,0.0,0.0,0.0,20,15255.0,15300.0,5,15260.0,15280.0,15295.0,15280.0,95.0,7263625.0,3555
2023-05-09 22:51:17,pb2305,pb2305,15295.0,0.0,0.0,0.0,5,15290.0,15350.0,5,15260.0,15280.0,15295.0,15280.0,95.0,7263625.0,3555
2023-05-09 22:51:17,pb2305,pb2305,15295.0,0.0,0.0,0.0,20,15255.0,15300.0,5,15260.0,15280.0,15295.0,15280.0,95.0,7263625.0,3555
2023-05-09 22:51:18,pb2305,pb2305,15295.0,0.0,0.0,0.0,5,15290.0,15350.0,5,15260.0,15280.0,15295.0,15280.0,95.0,7263625.0,3555
2023-05-09 22:51:18,pb2305,pb2305,15295.0,0.0,0.0,0.0,20,15255.0,15300.0,5,15260.0,15280.0,15295.0,15280.0,95.0,7263625.0,3555
2023-05-09 22:51:19,pb2305,pb2305,15295.0,0.0,0.0,0.0,5,15290.0,15350.0,5,15260.0,15280.0,15295.0,15280.0,95.0,7263625.0,3555
2023-05-09 22:51:19,pb2305,pb2305,15295.0,0.0,0.0,0.0,20,15255.0,15300.0,5,15260.0,15280.0,15295.0,15280.0,95.0,7263625.0,3555
2023-05-09 22:51:20,pb2305,pb2305,15295.0,0.0,0.0,0.0,5,15290.0,15350.0,5,15260.0,15280.0,15295.0,15280.0,95.0,7263625.0,3555
2023-05-09 22:51:20,pb2305,pb2305,15295.0,0.0,0.0,0.0,20,15255.0,15300.0,5,15260.0,15280.0,15295.0,15280.0,95.0,7263625.0,3555
2023-05-09 22:51:21,pb2305,pb2305,15295.0,0.0,0.0,0.0,5,15290.0,15350.0,5,15260.0,15280.0,15295.0,15280.0,95.0,7263625.0,3555
2023-05-09 22:51:21,pb2305,pb2305,15295.0,0.0,0.0,0.0,20,15255.0,15300.0,5,15260.0,15280.0,15295.0,15280.0,95.0,7263625.0,3555
2023-05-09 22:51:22,pb2305,pb2305,15295.0,0.0,0.0,0.0,5,15290.0,15350.0,5,15260.0,15280.0,15295.0,15280.0,95.0,7263625.0,3555
2023-05-09 22:51:22,pb2305,pb2305,15295.0,0.0,0.0,0.0,20,15255.0,15300.0,5,15260.0,15280.0,15295.0,15280.0,95.0,7263625.0,3555
2023-05-09 22:51:23,pb2305,pb2305,15295.0,0.0,0.0,0.0,5,15290.0,15350.0,5,15260.0,15280.0,15295.0,15280.0,95.0,7263625.0,3555
2023-05-09 22:51:23,pb2305,pb2305,15295.0,0.0,0.0,0.0,20,15255.0,15300.0,5,15260.0,15280.0,15295.0,15280.0,95.0,7263625.0,3555
2023-05-09 22:51:24,pb2305,pb2305,15295.0,0.0,0.0,0.0,5,15290.0,15350.0,5,15260.0,15280.0,15295.0,15280.0,95.0,7263625.0,3555
2023-05-09 22:51:24,pb2305,pb2305,15295.0,0.0,0.0,0.0,20,15255.0,15300.0,5,15260.0,15280.0,15295.0,15280.0,95.0,7263625.0,3555
2023-05-09 22:51:25,pb2305,pb2305,15295.0,0.0,0.0,0.0,5,15290.0,15350.0,5,15260.0,15280.0,15295.0,15280.0,95.0,7263625.0,3555
2023-05-09 22:51:25,pb2305,pb2305,15295.0,0.0,0.0,0.0,20,15255.0,15300.0,5,15260.0,15280.0,15295.0,15280.0,95.0,7263625.0,3555
2023-05-09 22:51:26,pb2305,pb2305,15295.0,0.0,0.0,0.0,5,15290.0,15350.0,5,15260.0,15280.0,15295.0,15280.0,95.0,7263625.0,3555
2023-05-09 22:51:26,pb2305,pb2305,15295.0,0.0,0.0,0.0,20,15255.0,15300.0,5,15260.0,15280.0,15295.0,15280.0,95.0,7263625.0,3555
2023-05-09 22:51:27,pb2305,pb2305,15295.0,0.0,0.0,0.0,5,15290.0,15350.0,5,15260.0,15280.0,15295.0,15280.0,95.0,7263625.0,3555
2023-05-09 22:51:27,pb2305,pb2305,15295.0,0.0,0.0,0.0,20,15255.0,15300.0,5,15260.0,15280.0,15295.0,15280.0,95.0,7263625.0,3555
2023-05-09 22:51:28,pb2305,pb2305,15295.0,0.0,0.0,0.0,5,15290.0,15350.0,5,15260.0,15280.0,15295.0,15280.0,95.0,7263625.0,3555
2023-05-09 22:51:28,pb2305,pb2305,15295.0,0.0,0.0,0.0,20,15255.0,15300.0,5,15260.0,15280.0,15295.0,15280.0,95.0,7263625.0,3555
2023-05-09 22:51:29,pb2305,pb2305,15295.0,0.0,0.0,0.0,5,15290.0,15350.0,5,15260.0,15280.0,15295.0,15280.0,95.0,7263625.0,3555
2023-05-09 22:51:29,pb2305,pb2305,15295.0,0.0,0.0,0.0,20,15255.0,15300.0,5,15260.0,15280.0,15295.0,15280.0,95.0,7263625.0,3555
2023-05-09 22:51:30,pb2305,pb2305,15295.0,0.0,0.0,0.0,5,15290.0,15350.0,5,15260.0,15280.0,15295.0,15280.0,95.0,7263625.0,3555
2023-05-09 22:51:30,pb2305,pb2305,15295.0,0.0,0.0,0.0,20,15255.0,15300.0,5,15260.0,15280.0,15295.0,15280.0,95.0,7263625.0,3555
2023-05-09 22:51:31,pb2305,pb2305,15295.0,0.0,0.0,0.0,5,15290.0,15350.0,5,15260.0,15280.0,15295.0,15280.0,95.0,7263625.0,3555
2023-05-09 22:51:31,pb2305,pb2305,15295.0,0.0,0.0,0.0,20,15255.0,15300.0,5,15260.0,15280.0,15295.0,15280.0,95.0,7263625.0,3555
2023-05-09 22:51:32,pb2305,pb2305,15295.0,0.0,0.0,0.0,5,15290.0,15350.0,5,15260.0,15280.0,15295.0,15280.0,95.0,7263625.0,3555
2023-05-09 22:51:32,pb2305,pb2305,15295.0,0.0,0.0,0.0,20,15255.0,15300.0,5,15260.0,15280.0,15295.0,15280.0,95.0,7263625.0,3555
2023-05-09 22:51:33,pb2305,pb2305,15295.0,0.0,0.0,0.0,5,15290.0,15350.0,5,15260.0,15280.0,15295.0,15280.0,95.0,7263625.0,3555
2023-05-09 22:51:33,pb2305,pb2305,15295.0,0.0,0.0,0.0,20,15255.0,15300.0,5,15260.0,15280.0,15295.0,15280.0,95.0,7263625.0,3555
2023-05-09 22:51:34,pb2305,pb2305,15295.0,0.0,0.0,0.0,5,15290.0,15350.0,5,15260.0,15280.0,15295.0,15280.0,95.0,7263625.0,3555
2023-05-09 22:51:34,pb2305,pb2305,15295.0,0.0,0.0,0.0,20,15255.0,15300.0,5,15260.0,15280.0,15295.0,15280.0,95.0,7263625.0,3555
2023-05-09 22:51:35,pb2305,pb2305,15295.0,0.0,0.0,0.0,5,15290.0,15350.0,5,15260.0,15280.0,15295.0,15280.0,95.0,7263625.0,3555
2023-05-09 22:51:35,pb2305,pb2305,15295.0,0.0,0.0,0.0,20,15255.0,15300.0,5,15260.0,15280.0,15295.0,15280.0,95.0,7263625.0,3555
2023-05-09 22:51:36,pb2305,pb2305,15295.0,0.0,0.0,0.0,5,15290.0,15325.0,10,15260.0,15280.0,15295.0,15280.0,95.0,7263625.0,3555
2023-05-09 22:51:36,pb2305,pb2305,15295.0,0.0,0.0,0.0,20,15255.0,15300.0,5,15260.0,15280.0,15295.0,15280.0,95.0,7263625.0,3555
2023-05-09 22:51:37,pb2305,pb2305,15295.0,0.0,0.0,0.0,5,15290.0,15325.0,10,15260.0,15280.0,15295.0,15280.0,95.0,7263625.0,3555
2023-05-09 22:51:37,pb2305,pb2305,15295.0,0.0,0.0,0.0,20,15255.0,15300.0,5,15260.0,15280.0,15295.0,15280.0,95.0,7263625.0,3555
2023-05-09 22:51:38,pb2305,pb2305,15295.0,0.0,0.0,0.0,5,15290.0,15325.0,10,15260.0,15280.0,15295.0,15280.0,95.0,7263625.0,3555
2023-05-09 22:51:38,pb2305,pb2305,15295.0,0.0,0.0,0.0,20,15255.0,15300.0,5,15260.0,15280.0,15295.0,15280.0,95.0,7263625.0,3555
2023-05-09 22:51:39,pb2305,pb2305,15295.0,0.0,0.0,0.0,5,15290.0,15325.0,10,15260.0,15280.0,15295.0,15280.0,95.0,7263625.0,3555
2023-05-09 22:51:39,pb2305,pb2305,15295.0,0.0,0.0,0.0,20,15255.0,15300.0,5,15260.0,15280.0,15295.0,15280.0,95.0,7263625.0,3555
2023-05-09 22:51:40,pb2305,pb2305,15295.0,0.0,0.0,0.0,5,15290.0,15325.0,10,15260.0,15280.0,15295.0,15280.0,95.0,7263625.0,3555
2023-05-09 22:51:40,pb2305,pb2305,15295.0,0.0,0.0,0.0,20,15255.0,15300.0,5,15260.0,15280.0,15295.0,15280.0,95.0,7263625.0,3555
2023-05-09 22:51:41,pb2305,pb2305,15295.0,0.0,0.0,0.0,5,15290.0,15325.0,10,15260.0,15280.0,15295.0,15280.0,95.0,7263625.0,3555
2023-05-09 22:51:41,pb2305,pb2305,15295.0,0.0,0.0,0.0,20,15255.0,15300.0,5,15260.0,15280.0,15295.0,15280.0,95.0,7263625.0,3555
2023-05-09 22:51:42,pb2305,pb2305,15295.0,0.0,0.0,0.0,5,15290.0,15325.0,10,15260.0,15280.0,15295.0,15280.0,95.0,7263625.0,3555
2023-05-09 22:51:42,pb2305,pb2305,15295.0,0.0,0.0,0.0,20,15255.0,15300.0,5,15260.0,15280.0,15295.0,15280.0,95.0,7263625.0,3555
2023-05-09 22:51:43,pb2305,pb2305,15295.0,0.0,0.0,0.0,5,15290.0,15325.0,10,15260.0,15280.0,15295.0,15280.0,95.0,7263625.0,3555
2023-05-09 22:51:43,pb2305,pb2305,15295.0,0.0,0.0,0.0,20,15255.0,15300.0,5,15260.0,15280.0,15295.0,15280.0,95.0,7263625.0,3555
2023-05-09 22:51:44,pb2305,pb2305,15295.0,0.0,0.0,0.0,5,15290.0,15325.0,10,15260.0,15280.0,15295.0,15280.0,95.0,7263625.0,3555
2023-05-09 22:51:44,pb2305,pb2305,15295.0,0.0,0.0,0.0,20,15255.0,15300.0,5,15260.0,15280.0,15295.0,15280.0,95.0,7263625.0,3555
2023-05-09 22:51:45,pb2305,pb2305,15295.0,0.0,0.0,0.0,5,15290.0,15325.0,10,15260.0,15280.0,15295.0,15280.0,95.0,7263625.0,3555
2023-05-09 22:51:45,pb2305,pb2305,15295.0,0.0,0.0,0.0,20,15255.0,15300.0,5,15260.0,15280.0,15295.0,15280.0,95.0,7263625.0,3555
2023-05-09 22:51:46,pb2305,pb2305,15295.0,0.0,0.0,0.0,5,15290.0,15325.0,10,15260.0,15280.0,15295.0,15280.0,95.0,7263625.0,3555
2023-05-09 22:51:46,pb2305,pb2305,15295.0,0.0,0.0,0.0,20,15255.0,15300.0,5,15260.0,15280.0,15295.0,15280.0,95.0,7263625.0,3555
2023-05-09 22:51:47,pb2305,pb2305,15295.0,0.0,0.0,0.0,5,15290.0,15325.0,10,15260.0,15280.0,15295.0,15280.0,95.0,7263625.0,3555
2023-05-09 22:51:47,pb2305,pb2305,15295.0,0.0,0.0,0.0,20,15255.0,15300.0,5,15260.0,15280.0,15295.0,15280.0,95.0,7263625.0,3555
2023-05-09 22:51:48,pb2305,pb2305,15295.0,0.0,0.0,0.0,5,15290.0,15325.0,10,15260.0,15280.0,15295.0,15280.0,95.0,7263625.0,3555
2023-05-09 22:51:48,pb2305,pb2305,15295.0,0.0,0.0,0.0,20,15255.0,15300.0,5,15260.0,15280.0,15295.0,15280.0,95.0,7263625.0,3555
2023-05-09 22:51:49,pb2305,pb2305,15295.0,0.0,0.0,0.0,5,15290.0,15325.0,10,15260.0,15280.0,15295.0,15280.0,95.0,7263625.0,3555
2023-05-09 22:51:49,pb2305,pb2305,15295.0,0.0,0.0,0.0,20,15255.0,15300.0,5,15260.0,15280.0,15295.0,15280.0,95.0,7263625.0,3555
2023-05-09 22:51:50,pb2305,pb2305,15295.0,0.0,0.0,0.0,5,15290.0,15325.0,10,15260.0,15280.0,15295.0,15280.0,95.0,7263625.0,3555
2023-05-09 22:51:50,pb2305,pb2305,15295.0,0.0,0.0,0.0,20,15255.0,15300.0,5,15260.0,15280.0,15295.0,15280.0,95.0,7263625.0,3555
2023-05-09 22:51:51,pb2305,pb2305,15295.0,0.0,0.0,0.0,5,15290.0,15325.0,10,15260.0,15280.0,15295.0,15280.0,95.0,7263625.0,3555
2023-05-09 22:51:51,pb2305,pb2305,15295.0,0.0,0.0,0.0,20,15255.0,15300.0,5,15260.0,15280.0,15295.0,15280.0,95.0,7263625.0,3555
2023-05-09 22:51:52,pb2305,pb2305,15295.0,0.0,0.0,0.0,5,15290.0,15325.0,10,15260.0,15280.0,15295.0,15280.0,95.0,7263625.0,3555
2023-05-09 22:51:52,pb2305,pb2305,15295.0,0.0,0.0,0.0,20,15255.0,15300.0,5,15260.0,15280.0,15295.0,15280.0,95.0,7263625.0,3555
2023-05-09 22:51:53,pb2305,pb2305,15295.0,0.0,0.0,0.0,5,15290.0,15325.0,10,15260.0,15280.0,15295.0,15280.0,95.0,7263625.0,3555
2023-05-09 22:51:53,pb2305,pb2305,15295.0,0.0,0.0,0.0,20,15255.0,15300.0,5,15260.0,15280.0,15295.0,15280.0,95.0,7263625.0,3555
2023-05-09 22:51:54,pb2305,pb2305,15295.0,0.0,0.0,0.0,5,15290.0,15325.0,10,15260.0,15280.0,15295.0,15280.0,95.0,7263625.0,3555
2023-05-09 22:51:54,pb2305,pb2305,15295.0,0.0,0.0,0.0,20,15255.0,15300.0,5,15260.0,15280.0,15295.0,15280.0,95.0,7263625.0,3555
2023-05-09 22:51:55,pb2305,pb2305,15295.0,0.0,0.0,0.0,5,15290.0,15325.0,10,15260.0,15280.0,15295.0,15280.0,95.0,7263625.0,3555
2023-05-09 22:51:55,pb2305,pb2305,15295.0,0.0,0.0,0.0,20,15255.0,15300.0,5,15260.0,15280.0,15295.0,15280.0,95.0,7263625.0,3555
2023-05-09 22:51:56,pb2305,pb2305,15295.0,0.0,0.0,0.0,5,15290.0,15325.0,10,15260.0,15280.0,15295.0,15280.0,95.0,7263625.0,3555
2023-05-09 22:51:56,pb2305,pb2305,15295.0,0.0,0.0,0.0,20,15255.0,15300.0,5,15260.0,15280.0,15295.0,15280.0,95.0,7263625.0,3555
2023-05-09 22:51:57,pb2305,pb2305,15295.0,0.0,0.0,0.0,5,15290.0,15325.0,10,15260.0,15280.0,15295.0,15280.0,95.0,7263625.0,3555
2023-05-09 22:51:57,pb2305,pb2305,15295.0,0.0,0.0,0.0,20,15255.0,15300.0,5,15260.0,15280.0,15295.0,15280.0,95.0,7263625.0,3555
2023-05-09 22:51:58,pb2305,pb2305,15295.0,0.0,0.0,0.0,5,15295.0,15350.0,5,15260.0,15280.0,15295.0,15280.0,95.0,7263625.0,3555
2023-05-09 22:51:58,pb2305,pb2305,15295.0,0.0,0.0,0.0,20,15255.0,15305.0,5,15260.0,15280.0,15295.0,15280.0,95.0,7263625.0,3555
2023-05-09 22:51:59,pb2305,pb2305,15295.0,0.0,0.0,0.0,5,15295.0,15330.0,10,15260.0,15280.0,15295.0,15280.0,95.0,7263625.0,3555
2023-05-09 22:51:59,pb2305,pb2305,15295.0,0.0,0.0,0.0,20,15255.0,15305.0,5,15260.0,15280.0,15295.0,15280.0,95.0,7263625.0,3555
2023-05-09 22:52:00,pb2305,pb2305,15295.0,0.0,0.0,0.0,5,15295.0,15330.0,10,15260.0,15280.0,15295.0,15280.0,95.0,7263625.0,3555
2023-05-09 22:52:00,pb2305,pb2305,15295.0,0.0,0.0,0.0,20,15255.0,15305.0,5,15260.0,15280.0,15295.0,15280.0,95.0,7263625.0,3555
2023-05-09 22:52:01,pb2305,pb2305,15295.0,0.0,0.0,0.0,5,15295.0,15330.0,10,15260.0,15280.0,15295.0,15280.0,95.0,7263625.0,3555
2023-05-09 22:52:01,pb2305,pb2305,15295.0,0.0,0.0,0.0,20,15255.0,15305.0,5,15260.0,15280.0,15295.0,15280.0,95.0,7263625.0,3555
2023-05-09 22:52:02,pb2305,pb2305,15295.0,0.0,0.0,0.0,5,15295.0,15330.0,10,15260.0,15280.0,15295.0,15280.0,95.0,7263625.0,3555
2023-05-09 22:52:02,pb2305,pb2305,15295.0,0.0,0.0,0.0,20,15255.0,15305.0,5,15260.0,15280.0,15295.0,15280.0,95.0,7263625.0,3555
2023-05-09 22:52:03,pb2305,pb2305,15295.0,0.0,0.0,0.0,5,15295.0,15330.0,10,15260.0,15280.0,15295.0,15280.0,95.0,7263625.0,3555
2023-05-09 22:52:03,pb2305,pb2305,15295.0,0.0,0.0,0.0,20,15255.0,15305.0,5,15260.0,15280.0,15295.0,15280.0,95.0,7263625.0,3555
2023-05-09 22:52:04,pb2305,pb2305,15295.0,0.0,0.0,0.0,5,15295.0,15330.0,10,15260.0,15280.0,15295.0,15280.0,95.0,7263625.0,3555
2023-05-09 22:52:04,pb2305,pb2305,15295.0,0.0,0.0,0.0,20,15255.0,15305.0,5,15260.0,15280.0,15295.0,15280.0,95.0,7263625.0,3555
2023-05-09 22:52:05,pb2305,pb2305,15295.0,0.0,0.0,0.0,5,15295.0,15330.0,10,15260.0,15280.0,15295.0,15280.0,95.0,7263625.0,3555
2023-05-09 22:52:05,pb2305,pb2305,15295.0,0.0,0.0,0.0,20,15255.0,15305.0,5,15260.0,15280.0,15295.0,15280.0,95.0,7263625.0,3555
2023-05-09 22:52:06,pb2305,pb2305,15295.0,0.0,0.0,0.0,5,15295.0,15330.0,10,15260.0,15280.0,15295.0,15280.0,95.0,7263625.0,3555
2023-05-09 22:52:06,pb2305,pb2305,15295.0,0.0,0.0,0.0,20,15255.0,15305.0,5,15260.0,15280.0,15295.0,15280.0,95.0,7263625.0,3555
2023-05-09 22:52:07,pb2305,pb2305,15295.0,0.0,0.0,0.0,5,15295.0,15330.0,10,15260.0,15280.0,15295.0,15280.0,95.0,7263625.0,3555
2023-05-09 22:52:07,pb2305,pb2305,15295.0,0.0,0.0,0.0,20,15255.0,15305.0,5,15260.0,15280.0,15295.0,15280.0,95.0,7263625.0,3555
2023-05-09 22:52:08,pb2305,pb2305,15295.0,0.0,0.0,0.0,5,15295.0,15330.0,10,15260.0,15280.0,15295.0,15280.0,95.0,7263625.0,3555
2023-05-09 22:52:08,pb2305,pb2305,15295.0,0.0,0.0,0.0,20,15255.0,15305.0,5,15260.0,15280.0,15295.0,15280.0,95.0,7263625.0,3555
2023-05-09 22:52:09,pb2305,pb2305,15295.0,0.0,0.0,0.0,5,15295.0,15330.0,10,15260.0,15280.0,15295.0,15280.0,95.0,7263625.0,3555
2023-05-09 22:52:09,pb2305,pb2305,15295.0,0.0,0.0,0.0,20,15255.0,15305.0,5,15260.0,15280.0,15295.0,15280.0,95.0,7263625.0,3555
2023-05-09 22:52:10,pb2305,pb2305,15295.0,0.0,0.0,0.0,5,15295.0,15330.0,10,15260.0,15280.0,15295.0,15280.0,95.0,7263625.0,3555
2023-05-09 22:52:10,pb2305,pb2305,15295.0,0.0,0.0,0.0,20,15255.0,15305.0,5,15260.0,15280.0,15295.0,15280.0,95.0,7263625.0,3555
2023-05-09 22:52:11,pb2305,pb2305,15295.0,0.0,0.0,0.0,5,15295.0,15330.0,10,15260.0,15280.0,15295.0,15280.0,95.0,7263625.0,3555
2023-05-09 22:52:11,pb2305,pb2305,15295.0,0.0,0.0,0.0,20,15255.0,15305.0,5,15260.0,15280.0,15295.0,15280.0,95.0,7263625.0,3555
2023-05-09 22:52:12,pb2305,pb2305,15295.0,0.0,0.0,0.0,5,15295.0,15330.0,10,15260.0,15280.0,15295.0,15280.0,95.0,7263625.0,3555
2023-05-09 22:52:12,pb2305,pb2305,15295.0,0.0,0.0,0.0,20,15255.0,15305.0,5,15260.0,15280.0,15295.0,15280.0,95.0,7263625.0,3555
2023-05-09 22:52:13,pb2305,pb2305,15295.0,0.0,0.0,0.0,5,15295.0,15330.0,10,15260.0,15280.0,15295.0,15280.0,95.0,7263625.0,3555
2023-05-09 22:52:13,pb2305,pb2305,15295.0,0.0,0.0,0.0,20,15255.0,15305.0,5,15260.0,15280.0,15295.0,15280.0,95.0,7263625.0,3555
2023-05-09 22:52:14,pb2305,pb2305,15295.0,0.0,0.0,0.0,5,15295.0,15330.0,10,15260.0,15280.0,15295.0,15280.0,95.0,7263625.0,3555
2023-05-09 22:52:14,pb2305,pb2305,15295.0,0.0,0.0,0.0,20,15255.0,15305.0,5,15260.0,15280.0,15295.0,15280.0,95.0,7263625.0,3555
2023-05-09 22:52:15,pb2305,pb2305,15295.0,0.0,0.0,0.0,5,15295.0,15330.0,10,15260.0,15280.0,15295.0,15280.0,95.0,7263625.0,3555
2023-05-09 22:52:15,pb2305,pb2305,15295.0,0.0,0.0,0.0,20,15255.0,15305.0,5,15260.0,15280.0,15295.0,15280.0,95.0,7263625.0,3555
2023-05-09 22:52:16,pb2305,pb2305,15295.0,0.0,0.0,0.0,5,15295.0,15330.0,10,15260.0,15280.0,15295.0,15280.0,95.0,7263625.0,3555
2023-05-09 22:52:16,pb2305,pb2305,15295.0,0.0,0.0,0.0,20,15255.0,15305.0,5,15260.0,15280.0,15295.0,15280.0,95.0,7263625.0,3555
2023-05-09 22:52:17,pb2305,pb2305,15295.0,0.0,0.0,0.0,5,15295.0,15330.0,10,15260.0,15280.0,15295.0,15280.0,95.0,7263625.0,3555
2023-05-09 22:52:17,pb2305,pb2305,15295.0,0.0,0.0,0.0,20,15255.0,15305.0,5,15260.0,15280.0,15295.0,15280.0,95.0,7263625.0,3555
2023-05-09 22:52:18,pb2305,pb2305,15295.0,0.0,0.0,0.0,5,15295.0,15330.0,10,15260.0,15280.0,15295.0,15280.0,95.0,7263625.0,3555
2023-05-09 22:52:18,pb2305,pb2305,15295.0,0.0,0.0,0.0,20,15255.0,15305.0,5,15260.0,15280.0,15295.0,15280.0,95.0,7263625.0,3555
2023-05-09 22:52:19,pb2305,pb2305,15295.0,0.0,0.0,0.0,5,15295.0,15330.0,10,15260.0,15280.0,15295.0,15280.0,95.0,7263625.0,3555
2023-05-09 22:52:19,pb2305,pb2305,15295.0,0.0,0.0,0.0,20,15255.0,15305.0,5,15260.0,15280.0,15295.0,15280.0,95.0,7263625.0,3555
2023-05-09 22:52:20,pb2305,pb2305,15295.0,0.0,0.0,0.0,5,15295.0,15330.0,10,15260.0,15280.0,15295.0,15280.0,95.0,7263625.0,3555
2023-05-09 22:52:20,pb2305,pb2305,15295.0,0.0,0.0,0.0,20,15255.0,15305.0,5,15260.0,15280.0,15295.0,15280.0,95.0,7263625.0,3555
2023-05-09 22:52:21,pb2305,pb2305,15295.0,0.0,0.0,0.0,5,15295.0,15330.0,10,15260.0,15280.0,15295.0,15280.0,95.0,7263625.0,3555
2023-05-09 22:52:21,pb2305,pb2305,15295.0,0.0,0.0,0.0,20,15255.0,15305.0,5,15260.0,15280.0,15295.0,15280.0,95.0,7263625.0,3555
2023-05-09 22:52:22,pb2305,pb2305,15295.0,0.0,0.0,0.0,5,15295.0,15330.0,10,15260.0,15280.0,15295.0,15280.0,95.0,7263625.0,3555
2023-05-09 22:52:22,pb2305,pb2305,15295.0,0.0,0.0,0.0,20,15255.0,15305.0,5,15260.0,15280.0,15295.0,15280.0,95.0,7263625.0,3555
2023-05-09 22:52:23,pb2305,pb2305,15295.0,0.0,0.0,0.0,5,15295.0,15330.0,10,15260.0,15280.0,15295.0,15280.0,95.0,7263625.0,3555
2023-05-09 22:52:23,pb2305,pb2305,15295.0,0.0,0.0,0.0,20,15255.0,15305.0,5,15260.0,15280.0,15295.0,15280.0,95.0,7263625.0,3555
2023-05-09 22:52:24,pb2305,pb2305,15295.0,0.0,0.0,0.0,5,15295.0,15350.0,5,15260.0,15280.0,15295.0,15280.0,95.0,7263625.0,3555
2023-05-09 22:52:24,pb2305,pb2305,15295.0,0.0,0.0,0.0,20,15255.0,15305.0,5,15260.0,15280.0,15295.0,15280.0,95.0,7263625.0,3555
2023-05-09 22:52:25,pb2305,pb2305,15295.0,0.0,0.0,0.0,5,15295.0,15350.0,5,15260.0,15280.0,15295.0,15280.0,95.0,7263625.0,3555
2023-05-09 22:52:25,pb2305,pb2305,15295.0,0.0,0.0,0.0,20,15255.0,15305.0,5,15260.0,15280.0,15295.0,15280.0,95.0,7263625.0,3555
2023-05-09 22:52:26,pb2305,pb2305,15295.0,0.0,0.0,0.0,5,15295.0,15350.0,5,15260.0,15280.0,15295.0,15280.0,95.0,7263625.0,3555
2023-05-09 22:52:26,pb2305,pb2305,15295.0,0.0,0.0,0.0,20,15255.0,15305.0,5,15260.0,15280.0,15295.0,15280.0,95.0,7263625.0,3555
2023-05-09 22:52:27,pb2305,pb2305,15295.0,0.0,0.0,0.0,5,15295.0,15350.0,5,15260.0,15280.0,15295.0,15280.0,95.0,7263625.0,3555
2023-05-09 22:52:27,pb2305,pb2305,15295.0,0.0,0.0,0.0,20,15255.0,15305.0,5,15260.0,15280.0,15295.0,15280.0,95.0,7263625.0,3555
2023-05-09 22:52:28,pb2305,pb2305,15295.0,0.0,0.0,0.0,5,15295.0,15350.0,5,15260.0,15280.0,15295.0,15280.0,95.0,7263625.0,3555
2023-05-09 22:52:28,pb2305,pb2305,15295.0,0.0,0.0,0.0,20,15255.0,15305.0,5,15260.0,15280.0,15295.0,15280.0,95.0,7263625.0,3555
2023-05-09 22:52:29,pb2305,pb2305,15295.0,0.0,0.0,0.0,5,15295.0,15350.0,5,15260.0,15280.0,15295.0,15280.0,95.0,7263625.0,3555
2023-05-09 22:52:29,pb2305,pb2305,15295.0,0.0,0.0,0.0,20,15255.0,15305.0,5,15260.0,15280.0,15295.0,15280.0,95.0,7263625.0,3555
2023-05-09 22:52:30,pb2305,pb2305,15295.0,0.0,0.0,0.0,5,15295.0,15350.0,5,15260.0,15280.0,15295.0,15280.0,95.0,7263625.0,3555
2023-05-09 22:52:30,pb2305,pb2305,15295.0,0.0,0.0,0.0,20,15255.0,15305.0,5,15260.0,15280.0,15295.0,15280.0,95.0,7263625.0,3555
2023-05-09 22:52:31,pb2305,pb2305,15295.0,0.0,0.0,0.0,5,15295.0,15350.0,5,15260.0,15280.0,15295.0,15280.0,95.0,7263625.0,3555
2023-05-09 22:52:31,pb2305,pb2305,15295.0,0.0,0.0,0.0,20,15255.0,15305.0,5,15260.0,15280.0,15295.0,15280.0,95.0,7263625.0,3555
2023-05-09 22:52:32,pb2305,pb2305,15295.0,0.0,0.0,0.0,5,15295.0,15350.0,5,15260.0,15280.0,15295.0,15280.0,95.0,7263625.0,3555
