time,symbol_id,symbol_name,last,trade_volume,trade_amount,open_interest_change,bv1,bp1,ap1,av1,yesterday_close,today_open,today_high,today_low,volume,amount,open_interest
2023-05-09 19:10:58,PF2310,PF310,7032.0,0.0,0.0,0.0,0,0.0,0.0,0,7032.0,7028.0,0.0,0.0,0.0,0.0,26186
2023-05-09 20:59:00,PF2310,PF310,7032.0,0.0,0.0,0.0,3,7002.0,7106.0,249,7032.0,7028.0,0.0,0.0,0.0,0.0,26186
2023-05-09 21:00:01,PF2310,PF310,7032.0,0.0,0.0,0.0,2,7016.0,7050.0,1,7032.0,7028.0,0.0,0.0,0.0,0.0,26186
2023-05-09 21:00:01,PF2310,PF310,7032.0,0.0,0.0,0.0,1,7020.0,7042.0,1,7032.0,7028.0,0.0,0.0,0.0,0.0,26186
2023-05-09 21:00:02,PF2310,PF310,7032.0,0.0,0.0,0.0,1,7004.0,7042.0,1,7032.0,7028.0,0.0,0.0,0.0,0.0,26186
2023-05-09 21:00:02,PF2310,PF310,7032.0,0.0,0.0,0.0,1,7026.0,7040.0,1,7032.0,7028.0,0.0,0.0,0.0,0.0,26186
2023-05-09 21:00:03,PF2310,PF310,7032.0,0.0,0.0,0.0,1,7018.0,7042.0,1,7032.0,7028.0,0.0,0.0,0.0,0.0,26186
2023-05-09 21:00:03,PF2310,PF310,7032.0,0.0,0.0,0.0,1,7026.0,7040.0,1,7032.0,7028.0,0.0,0.0,0.0,0.0,26186
2023-05-09 21:00:04,PF2310,PF310,7032.0,0.0,0.0,0.0,1,7026.0,7042.0,1,7032.0,7028.0,0.0,0.0,0.0,0.0,26186
2023-05-09 21:00:05,PF2310,PF310,7032.0,0.0,0.0,0.0,1,7028.0,7042.0,1,7032.0,7028.0,0.0,0.0,0.0,0.0,26186
2023-05-09 21:00:06,PF2310,PF310,7032.0,0.0,0.0,0.0,1,7022.0,7040.0,1,7032.0,7028.0,0.0,0.0,0.0,0.0,26186
2023-05-09 21:00:06,PF2310,PF310,7032.0,0.0,0.0,0.0,1,7022.0,7036.0,1,7032.0,7028.0,0.0,0.0,0.0,0.0,26186
2023-05-09 21:00:06,PF2310,PF310,7032.0,0.0,0.0,0.0,1,7022.0,7032.0,1,7032.0,7028.0,0.0,0.0,0.0,0.0,26186
2023-05-09 21:00:07,PF2310,PF310,7032.0,0.0,0.0,0.0,2,7022.0,7032.0,1,7032.0,7028.0,0.0,0.0,0.0,0.0,26186
2023-05-09 21:00:07,PF2310,PF310,7032.0,0.0,0.0,0.0,1,7024.0,7032.0,1,7032.0,7028.0,0.0,0.0,0.0,0.0,26186
2023-05-09 21:00:08,PF2310,PF310,7032.0,0.0,0.0,0.0,1,7026.0,7032.0,1,7032.0,7028.0,0.0,0.0,0.0,0.0,26186
2023-05-09 21:00:08,PF2310,PF310,7032.0,0.0,0.0,0.0,1,7024.0,7032.0,1,7032.0,7028.0,0.0,0.0,0.0,0.0,26186
2023-05-09 21:00:09,PF2310,PF310,7032.0,0.0,0.0,0.0,1,7026.0,7032.0,1,7032.0,7028.0,0.0,0.0,0.0,0.0,26186
2023-05-09 21:00:09,PF2310,PF310,7032.0,0.0,0.0,0.0,1,7022.0,7032.0,1,7032.0,7028.0,0.0,0.0,0.0,0.0,26186
2023-05-09 21:00:10,PF2310,PF310,7032.0,0.0,0.0,0.0,1,7024.0,7032.0,1,7032.0,7028.0,0.0,0.0,0.0,0.0,26186
2023-05-09 21:00:10,PF2310,PF310,7028.0,1.0,7028.0,0.0,1,7024.0,7034.0,1,7032.0,7028.0,7028.0,7028.0,1.0,7028.0,26186
2023-05-09 21:00:11,PF2310,PF310,7028.0,0.0,0.0,0.0,1,7024.0,7032.0,1,7032.0,7028.0,7028.0,7028.0,1.0,7028.0,26186
2023-05-09 21:00:11,PF2310,PF310,7028.0,0.0,0.0,0.0,1,7022.0,7026.0,1,7032.0,7028.0,7028.0,7028.0,1.0,7028.0,26186
2023-05-09 21:00:12,PF2310,PF310,7028.0,0.0,0.0,0.0,1,7020.0,7026.0,1,7032.0,7028.0,7028.0,7028.0,1.0,7028.0,26186
2023-05-09 21:00:13,PF2310,PF310,7028.0,0.0,0.0,0.0,11,7020.0,7024.0,10,7032.0,7028.0,7028.0,7028.0,1.0,7028.0,26186
2023-05-09 21:00:14,PF2310,PF310,7028.0,0.0,0.0,0.0,2,7018.0,7026.0,2,7032.0,7028.0,7028.0,7028.0,1.0,7028.0,26186
2023-05-09 21:00:14,PF2310,PF310,7028.0,0.0,0.0,0.0,2,7018.0,7026.0,1,7032.0,7028.0,7028.0,7028.0,1.0,7028.0,26186
2023-05-09 21:00:15,PF2310,PF310,7028.0,0.0,0.0,0.0,1,7022.0,7030.0,1,7032.0,7028.0,7028.0,7028.0,1.0,7028.0,26186
2023-05-09 21:00:15,PF2310,PF310,7028.0,0.0,0.0,0.0,2,7022.0,7030.0,1,7032.0,7028.0,7028.0,7028.0,1.0,7028.0,26186
2023-05-09 21:00:16,PF2310,PF310,7028.0,0.0,0.0,0.0,1,7022.0,7032.0,1,7032.0,7028.0,7028.0,7028.0,1.0,7028.0,26186
2023-05-09 21:00:17,PF2310,PF310,7028.0,0.0,0.0,0.0,10,7022.0,7028.0,1,7032.0,7028.0,7028.0,7028.0,1.0,7028.0,26186
2023-05-09 21:00:17,PF2310,PF310,7028.0,0.0,0.0,0.0,1,7022.0,7028.0,1,7032.0,7028.0,7028.0,7028.0,1.0,7028.0,26186
2023-05-09 21:00:18,PF2310,PF310,7028.0,0.0,0.0,0.0,1,7022.0,7030.0,10,7032.0,7028.0,7028.0,7028.0,1.0,7028.0,26186
2023-05-09 21:00:18,PF2310,PF310,7028.0,0.0,0.0,0.0,11,7020.0,7028.0,1,7032.0,7028.0,7028.0,7028.0,1.0,7028.0,26186
2023-05-09 21:00:19,PF2310,PF310,7028.0,0.0,0.0,0.0,1,7020.0,7024.0,2,7032.0,7028.0,7028.0,7028.0,1.0,7028.0,26186
2023-05-09 21:00:20,PF2310,PF310,7028.0,0.0,0.0,0.0,1,7018.0,7024.0,2,7032.0,7028.0,7028.0,7028.0,1.0,7028.0,26186
2023-05-09 21:00:20,PF2310,PF310,7028.0,0.0,0.0,0.0,1,7020.0,7024.0,1,7032.0,7028.0,7028.0,7028.0,1.0,7028.0,26186
2023-05-09 21:00:21,PF2310,PF310,7028.0,0.0,0.0,0.0,1,7020.0,7028.0,1,7032.0,7028.0,7028.0,7028.0,1.0,7028.0,26186
2023-05-09 21:00:21,PF2310,PF310,7028.0,0.0,0.0,0.0,1,7020.0,7024.0,2,7032.0,7028.0,7028.0,7028.0,1.0,7028.0,26186
2023-05-09 21:00:22,PF2310,PF310,7028.0,0.0,0.0,0.0,1,7020.0,7024.0,18,7032.0,7028.0,7028.0,7028.0,1.0,7028.0,26186
2023-05-09 21:00:23,PF2310,PF310,7028.0,0.0,0.0,0.0,1,7020.0,7024.0,16,7032.0,7028.0,7028.0,7028.0,1.0,7028.0,26186
2023-05-09 21:00:23,PF2310,PF310,7028.0,0.0,0.0,0.0,1,7020.0,7024.0,13,7032.0,7028.0,7028.0,7028.0,1.0,7028.0,26186
2023-05-09 21:00:24,PF2310,PF310,7028.0,0.0,0.0,0.0,11,7020.0,7024.0,2,7032.0,7028.0,7028.0,7028.0,1.0,7028.0,26186
2023-05-09 21:00:24,PF2310,PF310,7028.0,0.0,0.0,0.0,1,7020.0,7024.0,10,7032.0,7028.0,7028.0,7028.0,1.0,7028.0,26186
2023-05-09 21:00:25,PF2310,PF310,7028.0,0.0,0.0,0.0,2,7020.0,7028.0,1,7032.0,7028.0,7028.0,7028.0,1.0,7028.0,26186
2023-05-09 21:00:25,PF2310,PF310,7028.0,0.0,0.0,0.0,2,7020.0,7028.0,2,7032.0,7028.0,7028.0,7028.0,1.0,7028.0,26186
2023-05-09 21:00:26,PF2310,PF310,7028.0,0.0,0.0,0.0,2,7018.0,7026.0,1,7032.0,7028.0,7028.0,7028.0,1.0,7028.0,26186
2023-05-09 21:00:26,PF2310,PF310,7028.0,0.0,0.0,0.0,2,7018.0,7024.0,1,7032.0,7028.0,7028.0,7028.0,1.0,7028.0,26186
2023-05-09 21:00:27,PF2310,PF310,7028.0,0.0,0.0,0.0,2,7018.0,7026.0,1,7032.0,7028.0,7028.0,7028.0,1.0,7028.0,26186
2023-05-09 21:00:28,PF2310,PF310,7028.0,0.0,0.0,0.0,2,7016.0,7024.0,1,7032.0,7028.0,7028.0,7028.0,1.0,7028.0,26186
2023-05-09 21:00:31,PF2310,PF310,7028.0,0.0,0.0,0.0,1,7014.0,7024.0,1,7032.0,7028.0,7028.0,7028.0,1.0,7028.0,26186
2023-05-09 21:00:31,PF2310,PF310,7028.0,0.0,0.0,0.0,1,7016.0,7024.0,2,7032.0,7028.0,7028.0,7028.0,1.0,7028.0,26186
2023-05-09 21:00:32,PF2310,PF310,7028.0,0.0,0.0,0.0,1,7016.0,7020.0,2,7032.0,7028.0,7028.0,7028.0,1.0,7028.0,26186
2023-05-09 21:00:39,PF2310,PF310,7028.0,0.0,0.0,0.0,1,7018.0,7024.0,12,7032.0,7028.0,7028.0,7028.0,1.0,7028.0,26186
2023-05-09 21:00:39,PF2310,PF310,7028.0,0.0,0.0,0.0,1,7018.0,7022.0,10,7032.0,7028.0,7028.0,7028.0,1.0,7028.0,26186
2023-05-09 21:00:40,PF2310,PF310,7028.0,0.0,0.0,0.0,12,7018.0,7024.0,21,7032.0,7028.0,7028.0,7028.0,1.0,7028.0,26186
2023-05-09 21:00:40,PF2310,PF310,7028.0,0.0,0.0,0.0,12,7018.0,7024.0,12,7032.0,7028.0,7028.0,7028.0,1.0,7028.0,26186
2023-05-09 21:00:41,PF2310,PF310,7028.0,0.0,0.0,0.0,11,7018.0,7024.0,11,7032.0,7028.0,7028.0,7028.0,1.0,7028.0,26186
2023-05-09 21:00:41,PF2310,PF310,7028.0,0.0,0.0,0.0,1,7020.0,7024.0,11,7032.0,7028.0,7028.0,7028.0,1.0,7028.0,26186
2023-05-09 21:00:42,PF2310,PF310,7028.0,0.0,0.0,0.0,11,7018.0,7024.0,10,7032.0,7028.0,7028.0,7028.0,1.0,7028.0,26186
2023-05-09 21:00:43,PF2310,PF310,7028.0,0.0,0.0,0.0,11,7018.0,7024.0,11,7032.0,7028.0,7028.0,7028.0,1.0,7028.0,26186
2023-05-09 21:00:43,PF2310,PF310,7028.0,0.0,0.0,0.0,11,7018.0,7024.0,21,7032.0,7028.0,7028.0,7028.0,1.0,7028.0,26186
2023-05-09 21:00:44,PF2310,PF310,7028.0,0.0,0.0,0.0,21,7018.0,7024.0,21,7032.0,7028.0,7028.0,7028.0,1.0,7028.0,26186
2023-05-09 21:00:44,PF2310,PF310,7028.0,0.0,0.0,0.0,21,7018.0,7024.0,11,7032.0,7028.0,7028.0,7028.0,1.0,7028.0,26186
2023-05-09 21:00:45,PF2310,PF310,7028.0,0.0,0.0,0.0,21,7018.0,7024.0,21,7032.0,7028.0,7028.0,7028.0,1.0,7028.0,26186
2023-05-09 21:00:45,PF2310,PF310,7028.0,0.0,0.0,0.0,21,7018.0,7024.0,20,7032.0,7028.0,7028.0,7028.0,1.0,7028.0,26186
2023-05-09 21:00:46,PF2310,PF310,7028.0,0.0,0.0,0.0,22,7018.0,7024.0,20,7032.0,7028.0,7028.0,7028.0,1.0,7028.0,26186
2023-05-09 21:00:47,PF2310,PF310,7028.0,0.0,0.0,0.0,21,7018.0,7022.0,2,7032.0,7028.0,7028.0,7028.0,1.0,7028.0,26186
2023-05-09 21:00:47,PF2310,PF310,7028.0,0.0,0.0,0.0,11,7018.0,7022.0,2,7032.0,7028.0,7028.0,7028.0,1.0,7028.0,26186
2023-05-09 21:00:49,PF2310,PF310,7028.0,0.0,0.0,0.0,1,7018.0,7022.0,22,7032.0,7028.0,7028.0,7028.0,1.0,7028.0,26186
2023-05-09 21:00:49,PF2310,PF310,7028.0,0.0,0.0,0.0,1,7018.0,7022.0,12,7032.0,7028.0,7028.0,7028.0,1.0,7028.0,26186
2023-05-09 21:00:50,PF2310,PF310,7028.0,0.0,0.0,0.0,1,7018.0,7022.0,10,7032.0,7028.0,7028.0,7028.0,1.0,7028.0,26186
2023-05-09 21:00:50,PF2310,PF310,7028.0,0.0,0.0,0.0,1,7018.0,7022.0,20,7032.0,7028.0,7028.0,7028.0,1.0,7028.0,26186
2023-05-09 21:00:51,PF2310,PF310,7028.0,0.0,0.0,0.0,22,7016.0,7022.0,10,7032.0,7028.0,7028.0,7028.0,1.0,7028.0,26186
2023-05-09 21:00:51,PF2310,PF310,7028.0,0.0,0.0,0.0,1,7018.0,7022.0,20,7032.0,7028.0,7028.0,7028.0,1.0,7028.0,26186
2023-05-09 21:00:52,PF2310,PF310,7028.0,0.0,0.0,0.0,1,7018.0,7022.0,10,7032.0,7028.0,7028.0,7028.0,1.0,7028.0,26186
2023-05-09 21:00:52,PF2310,PF310,7028.0,0.0,0.0,0.0,11,7018.0,7024.0,21,7032.0,7028.0,7028.0,7028.0,1.0,7028.0,26186
2023-05-09 21:00:53,PF2310,PF310,7028.0,0.0,0.0,0.0,21,7018.0,7024.0,21,7032.0,7028.0,7028.0,7028.0,1.0,7028.0,26186
2023-05-09 21:00:55,PF2310,PF310,7028.0,0.0,0.0,0.0,10,7018.0,7022.0,10,7032.0,7028.0,7028.0,7028.0,1.0,7028.0,26186
2023-05-09 21:00:55,PF2310,PF310,7028.0,0.0,0.0,0.0,42,7016.0,7022.0,10,7032.0,7028.0,7028.0,7028.0,1.0,7028.0,26186
2023-05-09 21:00:56,PF2310,PF310,7028.0,0.0,0.0,0.0,11,7018.0,7022.0,10,7032.0,7028.0,7028.0,7028.0,1.0,7028.0,26186
2023-05-09 21:00:56,PF2310,PF310,7028.0,0.0,0.0,0.0,42,7016.0,7022.0,10,7032.0,7028.0,7028.0,7028.0,1.0,7028.0,26186
2023-05-09 21:00:57,PF2310,PF310,7028.0,0.0,0.0,0.0,22,7016.0,7022.0,22,7032.0,7028.0,7028.0,7028.0,1.0,7028.0,26186
2023-05-09 21:00:57,PF2310,PF310,7028.0,0.0,0.0,0.0,1,7018.0,7022.0,32,7032.0,7028.0,7028.0,7028.0,1.0,7028.0,26186
2023-05-09 21:00:58,PF2310,PF310,7028.0,0.0,0.0,0.0,32,7016.0,7022.0,32,7032.0,7028.0,7028.0,7028.0,1.0,7028.0,26186
2023-05-09 21:00:59,PF2310,PF310,7028.0,0.0,0.0,0.0,32,7016.0,7020.0,10,7032.0,7028.0,7028.0,7028.0,1.0,7028.0,26186
2023-05-09 21:01:00,PF2310,PF310,7028.0,0.0,0.0,0.0,1,7018.0,7020.0,10,7032.0,7028.0,7028.0,7028.0,1.0,7028.0,26186
2023-05-09 21:01:00,PF2310,PF310,7028.0,0.0,0.0,0.0,22,7016.0,7020.0,10,7032.0,7028.0,7028.0,7028.0,1.0,7028.0,26186
2023-05-09 21:01:01,PF2310,PF310,7028.0,0.0,0.0,0.0,10,7016.0,7018.0,1,7032.0,7028.0,7028.0,7028.0,1.0,7028.0,26186
2023-05-09 21:01:01,PF2310,PF310,7016.0,10.0,70170.0,10.0,1,7014.0,7016.0,10,7032.0,7028.0,7028.0,7016.0,11.0,77198.0,26196
2023-05-09 21:01:02,PF2310,PF310,7016.0,10.0,70180.0,0.0,11,7014.0,7018.0,11,7032.0,7028.0,7028.0,7016.0,21.0,147378.0,26196
2023-05-09 21:01:03,PF2310,PF310,7016.0,0.0,0.0,0.0,12,7014.0,7018.0,1,7032.0,7028.0,7028.0,7016.0,21.0,147378.0,26196
2023-05-09 21:01:03,PF2310,PF310,7016.0,0.0,0.0,0.0,11,7014.0,7018.0,11,7032.0,7028.0,7028.0,7016.0,21.0,147378.0,26196
2023-05-09 21:01:04,PF2310,PF310,7016.0,0.0,0.0,0.0,31,7014.0,7018.0,1,7032.0,7028.0,7028.0,7016.0,21.0,147378.0,26196
2023-05-09 21:01:04,PF2310,PF310,7018.0,1.0,7018.0,0.0,1,7018.0,7020.0,60,7032.0,7028.0,7028.0,7016.0,22.0,154396.0,26196
2023-05-09 21:01:05,PF2310,PF310,7018.0,1.0,7018.0,1.0,1,7018.0,7020.0,12,7032.0,7028.0,7028.0,7016.0,23.0,161414.0,26197
2023-05-09 21:01:05,PF2310,PF310,7018.0,1.0,7018.0,1.0,60,7016.0,7018.0,1,7032.0,7028.0,7028.0,7016.0,24.0,168432.0,26198
2023-05-09 21:01:06,PF2310,PF310,7018.0,1.0,7018.0,1.0,1,7018.0,7020.0,10,7032.0,7028.0,7028.0,7016.0,25.0,175450.0,26199
2023-05-09 21:01:06,PF2310,PF310,7018.0,0.0,0.0,0.0,41,7016.0,7022.0,20,7032.0,7028.0,7028.0,7016.0,25.0,175450.0,26199
2023-05-09 21:01:07,PF2310,PF310,7018.0,0.0,0.0,0.0,1,7020.0,7022.0,20,7032.0,7028.0,7028.0,7016.0,25.0,175450.0,26199
2023-05-09 21:01:07,PF2310,PF310,7018.0,0.0,0.0,0.0,1,7020.0,7024.0,30,7032.0,7028.0,7028.0,7016.0,25.0,175450.0,26199
2023-05-09 21:01:08,PF2310,PF310,7018.0,0.0,0.0,0.0,11,7020.0,7024.0,10,7032.0,7028.0,7028.0,7016.0,25.0,175450.0,26199
2023-05-09 21:01:08,PF2310,PF310,7018.0,0.0,0.0,0.0,31,7020.0,7026.0,40,7032.0,7028.0,7028.0,7016.0,25.0,175450.0,26199
2023-05-09 21:01:12,PF2310,PF310,7018.0,0.0,0.0,0.0,11,7022.0,7026.0,20,7032.0,7028.0,7028.0,7016.0,25.0,175450.0,26199
2023-05-09 21:01:13,PF2310,PF310,7022.0,10.0,70180.0,10.0,61,7020.0,7026.0,20,7032.0,7028.0,7028.0,7016.0,35.0,245630.0,26209
2023-05-09 21:01:13,PF2310,PF310,7022.0,0.0,0.0,0.0,41,7020.0,7026.0,30,7032.0,7028.0,7028.0,7016.0,35.0,245630.0,26209
2023-05-09 21:01:14,PF2310,PF310,7022.0,0.0,0.0,0.0,40,7020.0,7024.0,10,7032.0,7028.0,7028.0,7016.0,35.0,245630.0,26209
2023-05-09 21:01:14,PF2310,PF310,7020.0,15.0,105370.0,15.0,11,7018.0,7020.0,10,7032.0,7028.0,7028.0,7016.0,50.0,351000.0,26224
2023-05-09 21:01:15,PF2310,PF310,7020.0,1.0,7020.0,1.0,11,7016.0,7020.0,9,7032.0,7028.0,7028.0,7016.0,51.0,358020.0,26225
2023-05-09 21:01:15,PF2310,PF310,7020.0,2.0,14040.0,2.0,72,7014.0,7020.0,18,7032.0,7028.0,7028.0,7016.0,53.0,372060.0,26227
2023-05-09 21:01:16,PF2310,PF310,7020.0,0.0,0.0,0.0,1,7016.0,7020.0,28,7032.0,7028.0,7028.0,7016.0,53.0,372060.0,26227
2023-05-09 21:01:17,PF2310,PF310,7020.0,0.0,0.0,0.0,72,7014.0,7020.0,38,7032.0,7028.0,7028.0,7016.0,53.0,372060.0,26227
2023-05-09 21:01:17,PF2310,PF310,7020.0,0.0,0.0,0.0,62,7014.0,7020.0,38,7032.0,7028.0,7028.0,7016.0,53.0,372060.0,26227
2023-05-09 21:01:19,PF2310,PF310,7020.0,0.0,0.0,0.0,52,7014.0,7018.0,10,7032.0,7028.0,7028.0,7016.0,53.0,372060.0,26227
2023-05-09 21:01:19,PF2310,PF310,7020.0,0.0,0.0,0.0,22,7014.0,7020.0,98,7032.0,7028.0,7028.0,7016.0,53.0,372060.0,26227
2023-05-09 21:01:20,PF2310,PF310,7020.0,0.0,0.0,0.0,32,7014.0,7020.0,78,7032.0,7028.0,7028.0,7016.0,53.0,372060.0,26227
2023-05-09 21:01:20,PF2310,PF310,7020.0,0.0,0.0,0.0,12,7014.0,7018.0,10,7032.0,7028.0,7028.0,7016.0,53.0,372060.0,26227
2023-05-09 21:01:21,PF2310,PF310,7020.0,0.0,0.0,0.0,10,7014.0,7018.0,10,7032.0,7028.0,7028.0,7016.0,53.0,372060.0,26227
2023-05-09 21:01:21,PF2310,PF310,7020.0,0.0,0.0,0.0,20,7014.0,7020.0,107,7032.0,7028.0,7028.0,7016.0,53.0,372060.0,26227
2023-05-09 21:01:22,PF2310,PF310,7020.0,0.0,0.0,0.0,20,7014.0,7020.0,97,7032.0,7028.0,7028.0,7016.0,53.0,372060.0,26227
2023-05-09 21:01:22,PF2310,PF310,7020.0,0.0,0.0,0.0,31,7014.0,7020.0,67,7032.0,7028.0,7028.0,7016.0,53.0,372060.0,26227
2023-05-09 21:01:23,PF2310,PF310,7020.0,0.0,0.0,0.0,1,7016.0,7020.0,47,7032.0,7028.0,7028.0,7016.0,53.0,372060.0,26227
2023-05-09 21:01:23,PF2310,PF310,7020.0,0.0,0.0,0.0,11,7016.0,7020.0,17,7032.0,7028.0,7028.0,7016.0,53.0,372060.0,26227
2023-05-09 21:01:24,PF2310,PF310,7020.0,0.0,0.0,0.0,1,7016.0,7020.0,27,7032.0,7028.0,7028.0,7016.0,53.0,372060.0,26227
2023-05-09 21:01:26,PF2310,PF310,7020.0,0.0,0.0,0.0,101,7014.0,7020.0,37,7032.0,7028.0,7028.0,7016.0,53.0,372060.0,26227
2023-05-09 21:01:26,PF2310,PF310,7020.0,0.0,0.0,0.0,81,7014.0,7020.0,37,7032.0,7028.0,7028.0,7016.0,53.0,372060.0,26227
2023-05-09 21:01:27,PF2310,PF310,7020.0,0.0,0.0,0.0,61,7014.0,7018.0,10,7032.0,7028.0,7028.0,7016.0,53.0,372060.0,26227
2023-05-09 21:01:27,PF2310,PF310,7020.0,0.0,0.0,0.0,20,7014.0,7020.0,117,7032.0,7028.0,7028.0,7016.0,53.0,372060.0,26227
2023-05-09 21:01:28,PF2310,PF310,7014.0,2.0,14040.0,2.0,113,7012.0,7020.0,97,7032.0,7028.0,7028.0,7014.0,55.0,386100.0,26229
2023-05-09 21:01:28,PF2310,PF310,7014.0,0.0,0.0,0.0,80,7012.0,7018.0,11,7032.0,7028.0,7028.0,7014.0,55.0,386100.0,26229
2023-05-09 21:01:29,PF2310,PF310,7014.0,0.0,0.0,0.0,20,7012.0,7018.0,61,7032.0,7028.0,7028.0,7014.0,55.0,386100.0,26229
2023-05-09 21:01:29,PF2310,PF310,7014.0,0.0,0.0,0.0,10,7012.0,7016.0,20,7032.0,7028.0,7028.0,7014.0,55.0,386100.0,26229
2023-05-09 21:01:30,PF2310,PF310,7012.0,1.0,7020.0,1.0,121,7010.0,7016.0,10,7032.0,7028.0,7028.0,7012.0,56.0,393120.0,26230
2023-05-09 21:01:30,PF2310,PF310,7012.0,0.0,0.0,0.0,111,7010.0,7016.0,30,7032.0,7028.0,7028.0,7012.0,56.0,393120.0,26230
2023-05-09 21:01:31,PF2310,PF310,7012.0,0.0,0.0,0.0,131,7010.0,7016.0,30,7032.0,7028.0,7028.0,7012.0,56.0,393120.0,26230
2023-05-09 21:01:31,PF2310,PF310,7012.0,0.0,0.0,0.0,91,7010.0,7016.0,70,7032.0,7028.0,7028.0,7012.0,56.0,393120.0,26230
2023-05-09 21:01:32,PF2310,PF310,7012.0,0.0,0.0,0.0,102,7010.0,7014.0,12,7032.0,7028.0,7028.0,7012.0,56.0,393120.0,26230
2023-05-09 21:01:32,PF2310,PF310,7012.0,0.0,0.0,0.0,42,7010.0,7014.0,2,7032.0,7028.0,7028.0,7012.0,56.0,393120.0,26230
2023-05-09 21:01:33,PF2310,PF310,7012.0,0.0,0.0,0.0,32,7010.0,7016.0,110,7032.0,7028.0,7028.0,7012.0,56.0,393120.0,26230
2023-05-09 21:01:34,PF2310,PF310,7012.0,0.0,0.0,0.0,31,7010.0,7016.0,120,7032.0,7028.0,7028.0,7012.0,56.0,393120.0,26230
2023-05-09 21:01:34,PF2310,PF310,7012.0,0.0,0.0,0.0,1,7012.0,7016.0,110,7032.0,7028.0,7028.0,7012.0,56.0,393120.0,26230
2023-05-09 21:01:35,PF2310,PF310,7012.0,0.0,0.0,0.0,1,7012.0,7016.0,60,7032.0,7028.0,7028.0,7012.0,56.0,393120.0,26230
2023-05-09 21:01:35,PF2310,PF310,7012.0,0.0,0.0,0.0,1,7012.0,7016.0,30,7032.0,7028.0,7028.0,7012.0,56.0,393120.0,26230
2023-05-09 21:01:36,PF2310,PF310,7012.0,0.0,0.0,0.0,1,7012.0,7016.0,20,7032.0,7028.0,7028.0,7012.0,56.0,393120.0,26230
2023-05-09 21:01:36,PF2310,PF310,7012.0,2.0,13924.0,0.0,120,7010.0,7016.0,30,7032.0,7028.0,7028.0,7012.0,58.0,407044.0,26230
2023-05-09 21:01:37,PF2310,PF310,7012.0,0.0,0.0,0.0,130,7010.0,7016.0,30,7032.0,7028.0,7028.0,7012.0,58.0,407044.0,26230
2023-05-09 21:01:40,PF2310,PF310,7012.0,0.0,0.0,0.0,131,7010.0,7016.0,20,7032.0,7028.0,7028.0,7012.0,58.0,407044.0,26230
2023-05-09 21:01:40,PF2310,PF310,7012.0,0.0,0.0,0.0,121,7010.0,7016.0,30,7032.0,7028.0,7028.0,7012.0,58.0,407044.0,26230
2023-05-09 21:01:41,PF2310,PF310,7012.0,0.0,0.0,0.0,1,7012.0,7016.0,30,7032.0,7028.0,7028.0,7012.0,58.0,407044.0,26230
2023-05-09 21:01:41,PF2310,PF310,7012.0,0.0,0.0,0.0,11,7012.0,7016.0,10,7032.0,7028.0,7028.0,7012.0,58.0,407044.0,26230
2023-05-09 21:01:42,PF2310,PF310,7012.0,0.0,0.0,0.0,20,7012.0,7016.0,10,7032.0,7028.0,7028.0,7012.0,58.0,407044.0,26230
2023-05-09 21:01:43,PF2310,PF310,7012.0,0.0,0.0,0.0,21,7012.0,7018.0,152,7032.0,7028.0,7028.0,7012.0,58.0,407044.0,26230
2023-05-09 21:01:43,PF2310,PF310,7012.0,0.0,0.0,0.0,11,7012.0,7016.0,10,7032.0,7028.0,7028.0,7012.0,58.0,407044.0,26230
2023-05-09 21:01:43,PF2310,PF310,7012.0,0.0,0.0,0.0,10,7012.0,7016.0,10,7032.0,7028.0,7028.0,7012.0,58.0,407044.0,26230
2023-05-09 21:01:44,PF2310,PF310,7012.0,10.0,70180.0,10.0,110,7010.0,7012.0,10,7032.0,7028.0,7028.0,7012.0,68.0,477224.0,26240
2023-05-09 21:01:44,PF2310,PF310,7012.0,0.0,0.0,0.0,10,7010.0,7012.0,10,7032.0,7028.0,7028.0,7012.0,68.0,477224.0,26240
2023-05-09 21:01:45,PF2310,PF310,7012.0,0.0,0.0,0.0,81,7008.0,7012.0,10,7032.0,7028.0,7028.0,7012.0,68.0,477224.0,26240
2023-05-09 21:01:45,PF2310,PF310,7012.0,0.0,0.0,0.0,11,7008.0,7012.0,10,7032.0,7028.0,7028.0,7012.0,68.0,477224.0,26240
2023-05-09 21:01:46,PF2310,PF310,7012.0,0.0,0.0,0.0,10,7008.0,7012.0,20,7032.0,7028.0,7028.0,7012.0,68.0,477224.0,26240
2023-05-09 21:01:46,PF2310,PF310,7012.0,0.0,0.0,0.0,121,7006.0,7012.0,40,7032.0,7028.0,7028.0,7012.0,68.0,477224.0,26240
2023-05-09 21:01:47,PF2310,PF310,7012.0,0.0,0.0,0.0,131,7006.0,7012.0,40,7032.0,7028.0,7028.0,7012.0,68.0,477224.0,26240
2023-05-09 21:01:47,PF2310,PF310,7012.0,0.0,0.0,0.0,2,7008.0,7012.0,40,7032.0,7028.0,7028.0,7012.0,68.0,477224.0,26240
2023-05-09 21:01:48,PF2310,PF310,7012.0,0.0,0.0,0.0,121,7006.0,7012.0,30,7032.0,7028.0,7028.0,7012.0,68.0,477224.0,26240
2023-05-09 21:01:48,PF2310,PF310,7012.0,0.0,0.0,0.0,131,7006.0,7012.0,40,7032.0,7028.0,7028.0,7012.0,68.0,477224.0,26240
2023-05-09 21:01:49,PF2310,PF310,7012.0,0.0,0.0,0.0,121,7006.0,7012.0,40,7032.0,7028.0,7028.0,7012.0,68.0,477224.0,26240
2023-05-09 21:01:49,PF2310,PF310,7012.0,0.0,0.0,0.0,131,7006.0,7012.0,40,7032.0,7028.0,7028.0,7012.0,68.0,477224.0,26240
2023-05-09 21:01:51,PF2310,PF310,7012.0,0.0,0.0,0.0,1,7010.0,7012.0,30,7032.0,7028.0,7028.0,7012.0,68.0,477224.0,26240
2023-05-09 21:01:52,PF2310,PF310,7012.0,0.0,0.0,0.0,30,7008.0,7012.0,20,7032.0,7028.0,7028.0,7012.0,68.0,477224.0,26240
2023-05-09 21:01:52,PF2310,PF310,7008.0,1.0,7018.0,1.0,61,7006.0,7008.0,1,7032.0,7028.0,7028.0,7008.0,69.0,484242.0,26241
2023-05-09 21:01:53,PF2310,PF310,7008.0,1.0,7018.0,1.0,1,7006.0,7010.0,80,7032.0,7028.0,7028.0,7008.0,70.0,491260.0,26242
2023-05-09 21:01:53,PF2310,PF310,7010.0,6.0,42108.0,0.0,1,7008.0,7012.0,152,7032.0,7028.0,7028.0,7008.0,76.0,533368.0,26242
2023-05-09 21:01:53,PF2310,PF310,7010.0,0.0,0.0,0.0,11,7008.0,7012.0,30,7032.0,7028.0,7028.0,7008.0,76.0,533368.0,26242
2023-05-09 21:01:54,PF2310,PF310,7010.0,0.0,0.0,0.0,11,7008.0,7012.0,20,7032.0,7028.0,7028.0,7008.0,76.0,533368.0,26242
2023-05-09 21:01:54,PF2310,PF310,7010.0,0.0,0.0,0.0,11,7008.0,7012.0,30,7032.0,7028.0,7028.0,7008.0,76.0,533368.0,26242
2023-05-09 21:01:55,PF2310,PF310,7010.0,0.0,0.0,0.0,12,7008.0,7012.0,30,7032.0,7028.0,7028.0,7008.0,76.0,533368.0,26242
2023-05-09 21:01:56,PF2310,PF310,7010.0,0.0,0.0,0.0,1,7008.0,7012.0,30,7032.0,7028.0,7028.0,7008.0,76.0,533368.0,26242
2023-05-09 21:01:56,PF2310,PF310,7010.0,0.0,0.0,0.0,1,7010.0,7012.0,30,7032.0,7028.0,7028.0,7008.0,76.0,533368.0,26242
2023-05-09 21:01:57,PF2310,PF310,7012.0,1.0,7018.0,0.0,62,7008.0,7012.0,9,7032.0,7028.0,7028.0,7008.0,77.0,540386.0,26242
2023-05-09 21:01:57,PF2310,PF310,7012.0,0.0,0.0,0.0,22,7008.0,7012.0,9,7032.0,7028.0,7028.0,7008.0,77.0,540386.0,26242
2023-05-09 21:01:58,PF2310,PF310,7012.0,0.0,0.0,0.0,12,7008.0,7012.0,19,7032.0,7028.0,7028.0,7008.0,77.0,540386.0,26242
2023-05-09 21:01:59,PF2310,PF310,7012.0,0.0,0.0,0.0,1,7008.0,7012.0,29,7032.0,7028.0,7028.0,7008.0,77.0,540386.0,26242
2023-05-09 21:02:01,PF2310,PF310,7012.0,1.0,6862.0,1.0,1,7010.0,7012.0,18,7032.0,7028.0,7028.0,7008.0,78.0,547248.0,26243
2023-05-09 21:02:02,PF2310,PF310,7012.0,0.0,0.0,0.0,1,7010.0,7012.0,8,7032.0,7028.0,7028.0,7008.0,78.0,547248.0,26243
2023-05-09 21:02:02,PF2310,PF310,7012.0,1.0,7016.0,0.0,11,7010.0,7012.0,7,7032.0,7028.0,7028.0,7008.0,79.0,554264.0,26243
2023-05-09 21:02:03,PF2310,PF310,7012.0,7.0,49112.0,0.0,11,7010.0,7014.0,110,7032.0,7028.0,7028.0,7008.0,86.0,603376.0,26243
2023-05-09 21:02:03,PF2310,PF310,7012.0,0.0,0.0,0.0,11,7010.0,7014.0,40,7032.0,7028.0,7028.0,7008.0,86.0,603376.0,26243
2023-05-09 21:02:04,PF2310,PF310,7012.0,0.0,0.0,0.0,12,7010.0,7014.0,20,7032.0,7028.0,7028.0,7008.0,86.0,603376.0,26243
2023-05-09 21:02:04,PF2310,PF310,7012.0,0.0,0.0,0.0,11,7010.0,7014.0,20,7032.0,7028.0,7028.0,7008.0,86.0,603376.0,26243
2023-05-09 21:02:05,PF2310,PF310,7012.0,0.0,0.0,0.0,11,7010.0,7014.0,10,7032.0,7028.0,7028.0,7008.0,86.0,603376.0,26243
2023-05-09 21:02:05,PF2310,PF310,7012.0,0.0,0.0,0.0,21,7010.0,7016.0,130,7032.0,7028.0,7028.0,7008.0,86.0,603376.0,26243
2023-05-09 21:02:06,PF2310,PF310,7012.0,0.0,0.0,0.0,21,7010.0,7014.0,10,7032.0,7028.0,7028.0,7008.0,86.0,603376.0,26243
2023-05-09 21:02:06,PF2310,PF310,7012.0,0.0,0.0,0.0,21,7010.0,7016.0,120,7032.0,7028.0,7028.0,7008.0,86.0,603376.0,26243
2023-05-09 21:02:07,PF2310,PF310,7012.0,0.0,0.0,0.0,31,7010.0,7016.0,130,7032.0,7028.0,7028.0,7008.0,86.0,603376.0,26243
2023-05-09 21:02:09,PF2310,PF310,7012.0,0.0,0.0,0.0,31,7010.0,7016.0,120,7032.0,7028.0,7028.0,7008.0,86.0,603376.0,26243
2023-05-09 21:02:10,PF2310,PF310,7012.0,0.0,0.0,0.0,31,7010.0,7016.0,130,7032.0,7028.0,7028.0,7008.0,86.0,603376.0,26243
2023-05-09 21:02:11,PF2310,PF310,7012.0,0.0,0.0,0.0,31,7010.0,7016.0,120,7032.0,7028.0,7028.0,7008.0,86.0,603376.0,26243
2023-05-09 21:02:12,PF2310,PF310,7012.0,0.0,0.0,0.0,31,7010.0,7016.0,130,7032.0,7028.0,7028.0,7008.0,86.0,603376.0,26243
2023-05-09 21:02:13,PF2310,PF310,7012.0,0.0,0.0,0.0,31,7010.0,7016.0,110,7032.0,7028.0,7028.0,7008.0,86.0,603376.0,26243
2023-05-09 21:02:13,PF2310,PF310,7012.0,0.0,0.0,0.0,31,7010.0,7016.0,100,7032.0,7028.0,7028.0,7008.0,86.0,603376.0,26243
2023-05-09 21:02:14,PF2310,PF310,7016.0,10.0,70160.0,8.0,21,7010.0,7014.0,10,7032.0,7028.0,7028.0,7008.0,96.0,673536.0,26251
2023-05-09 21:02:15,PF2310,PF310,7016.0,0.0,0.0,0.0,1,7012.0,7016.0,30,7032.0,7028.0,7028.0,7008.0,96.0,673536.0,26251
2023-05-09 21:02:15,PF2310,PF310,7016.0,0.0,0.0,0.0,1,7012.0,7016.0,10,7032.0,7028.0,7028.0,7008.0,96.0,673536.0,26251
2023-05-09 21:02:16,PF2310,PF310,7016.0,0.0,0.0,0.0,1,7012.0,7016.0,20,7032.0,7028.0,7028.0,7008.0,96.0,673536.0,26251
2023-05-09 21:02:17,PF2310,PF310,7016.0,0.0,0.0,0.0,1,7012.0,7016.0,21,7032.0,7028.0,7028.0,7008.0,96.0,673536.0,26251
2023-05-09 21:02:19,PF2310,PF310,7016.0,0.0,0.0,0.0,21,7012.0,7016.0,11,7032.0,7028.0,7028.0,7008.0,96.0,673536.0,26251
2023-05-09 21:02:19,PF2310,PF310,7016.0,0.0,0.0,0.0,21,7012.0,7016.0,1,7032.0,7028.0,7028.0,7008.0,96.0,673536.0,26251
2023-05-09 21:02:20,PF2310,PF310,7016.0,0.0,0.0,0.0,21,7012.0,7018.0,121,7032.0,7028.0,7028.0,7008.0,96.0,673536.0,26251
2023-05-09 21:02:20,PF2310,PF310,7016.0,0.0,0.0,0.0,31,7012.0,7018.0,101,7032.0,7028.0,7028.0,7008.0,96.0,673536.0,26251
2023-05-09 21:02:21,PF2310,PF310,7016.0,0.0,0.0,0.0,31,7012.0,7018.0,90,7032.0,7028.0,7028.0,7008.0,96.0,673536.0,26251
2023-05-09 21:02:22,PF2310,PF310,7016.0,0.0,0.0,0.0,31,7012.0,7018.0,100,7032.0,7028.0,7028.0,7008.0,96.0,673536.0,26251
2023-05-09 21:02:22,PF2310,PF310,7016.0,0.0,0.0,0.0,30,7014.0,7018.0,70,7032.0,7028.0,7028.0,7008.0,96.0,673536.0,26251
2023-05-09 21:02:22,PF2310,PF310,7016.0,0.0,0.0,0.0,1,7014.0,7018.0,20,7032.0,7028.0,7028.0,7008.0,96.0,673536.0,26251
2023-05-09 21:02:24,PF2310,PF310,7016.0,0.0,0.0,0.0,2,7014.0,7018.0,20,7032.0,7028.0,7028.0,7008.0,96.0,673536.0,26251
2023-05-09 21:02:26,PF2310,PF310,7016.0,0.0,0.0,0.0,3,7014.0,7018.0,20,7032.0,7028.0,7028.0,7008.0,96.0,673536.0,26251
2023-05-09 21:02:28,PF2310,PF310,7016.0,0.0,0.0,0.0,4,7014.0,7018.0,20,7032.0,7028.0,7028.0,7008.0,96.0,673536.0,26251
2023-05-09 21:02:30,PF2310,PF310,7016.0,0.0,0.0,0.0,5,7014.0,7018.0,20,7032.0,7028.0,7028.0,7008.0,96.0,673536.0,26251
2023-05-09 21:02:31,PF2310,PF310,7016.0,0.0,0.0,0.0,6,7014.0,7018.0,20,7032.0,7028.0,7028.0,7008.0,96.0,673536.0,26251
2023-05-09 21:02:33,PF2310,PF310,7016.0,0.0,0.0,0.0,6,7014.0,7018.0,21,7032.0,7028.0,7028.0,7008.0,96.0,673536.0,26251
2023-05-09 21:02:34,PF2310,PF310,7016.0,0.0,0.0,0.0,2,7014.0,7018.0,22,7032.0,7028.0,7028.0,7008.0,96.0,673536.0,26251
2023-05-09 21:02:35,PF2310,PF310,7016.0,0.0,0.0,0.0,2,7014.0,7018.0,20,7032.0,7028.0,7028.0,7008.0,96.0,673536.0,26251
2023-05-09 21:02:36,PF2310,PF310,7016.0,0.0,0.0,0.0,12,7014.0,7018.0,20,7032.0,7028.0,7028.0,7008.0,96.0,673536.0,26251
2023-05-09 21:02:36,PF2310,PF310,7016.0,0.0,0.0,0.0,16,7014.0,7018.0,20,7032.0,7028.0,7028.0,7008.0,96.0,673536.0,26251
2023-05-09 21:02:37,PF2310,PF310,7016.0,0.0,0.0,0.0,36,7014.0,7018.0,20,7032.0,7028.0,7028.0,7008.0,96.0,673536.0,26251
2023-05-09 21:02:37,PF2310,PF310,7016.0,0.0,0.0,0.0,26,7014.0,7020.0,160,7032.0,7028.0,7028.0,7008.0,96.0,673536.0,26251
2023-05-09 21:02:38,PF2310,PF310,7016.0,0.0,0.0,0.0,36,7014.0,7018.0,10,7032.0,7028.0,7028.0,7008.0,96.0,673536.0,26251
2023-05-09 21:02:38,PF2310,PF310,7016.0,0.0,0.0,0.0,26,7014.0,7018.0,10,7032.0,7028.0,7028.0,7008.0,96.0,673536.0,26251
2023-05-09 21:02:39,PF2310,PF310,7016.0,0.0,0.0,0.0,26,7014.0,7020.0,128,7032.0,7028.0,7028.0,7008.0,96.0,673536.0,26251
2023-05-09 21:02:39,PF2310,PF310,7016.0,0.0,0.0,0.0,36,7014.0,7020.0,128,7032.0,7028.0,7028.0,7008.0,96.0,673536.0,26251
2023-05-09 21:02:40,PF2310,PF310,7016.0,0.0,0.0,0.0,36,7014.0,7018.0,1,7032.0,7028.0,7028.0,7008.0,96.0,673536.0,26251
2023-05-09 21:02:40,PF2310,PF310,7016.0,5.0,35080.0,0.0,81,7014.0,7018.0,1,7032.0,7028.0,7028.0,7008.0,101.0,708616.0,26251
2023-05-09 21:02:41,PF2310,PF310,7016.0,0.0,0.0,0.0,31,7014.0,7018.0,1,7032.0,7028.0,7028.0,7008.0,101.0,708616.0,26251
2023-05-09 21:02:42,PF2310,PF310,7016.0,0.0,0.0,0.0,1,7016.0,7018.0,1,7032.0,7028.0,7028.0,7008.0,101.0,708616.0,26251
2023-05-09 21:02:42,PF2310,PF310,7016.0,0.0,0.0,0.0,81,7014.0,7018.0,1,7032.0,7028.0,7028.0,7008.0,101.0,708616.0,26251
2023-05-09 21:02:42,PF2310,PF310,7016.0,0.0,0.0,0.0,21,7014.0,7018.0,2,7032.0,7028.0,7028.0,7008.0,101.0,708616.0,26251
2023-05-09 21:02:43,PF2310,PF310,7016.0,0.0,0.0,0.0,21,7014.0,7018.0,1,7032.0,7028.0,7028.0,7008.0,101.0,708616.0,26251
2023-05-09 21:02:44,PF2310,PF310,7016.0,0.0,0.0,0.0,21,7014.0,7018.0,11,7032.0,7028.0,7028.0,7008.0,101.0,708616.0,26251
2023-05-09 21:02:46,PF2310,PF310,7016.0,0.0,0.0,0.0,20,7014.0,7016.0,1,7032.0,7028.0,7028.0,7008.0,101.0,708616.0,26251
2023-05-09 21:02:46,PF2310,PF310,7016.0,0.0,0.0,0.0,132,7012.0,7016.0,1,7032.0,7028.0,7028.0,7008.0,101.0,708616.0,26251
2023-05-09 21:02:46,PF2310,PF310,7016.0,0.0,0.0,0.0,72,7012.0,7016.0,1,7032.0,7028.0,7028.0,7008.0,101.0,708616.0,26251
2023-05-09 21:02:47,PF2310,PF310,7016.0,0.0,0.0,0.0,22,7012.0,7016.0,1,7032.0,7028.0,7028.0,7008.0,101.0,708616.0,26251
2023-05-09 21:02:48,PF2310,PF310,7016.0,0.0,0.0,0.0,22,7012.0,7018.0,131,7032.0,7028.0,7028.0,7008.0,101.0,708616.0,26251
2023-05-09 21:02:48,PF2310,PF310,7016.0,0.0,0.0,0.0,32,7012.0,7018.0,131,7032.0,7028.0,7028.0,7008.0,101.0,708616.0,26251
2023-05-09 21:02:49,PF2310,PF310,7016.0,0.0,0.0,0.0,20,7014.0,7018.0,90,7032.0,7028.0,7028.0,7008.0,101.0,708616.0,26251
2023-05-09 21:02:49,PF2310,PF310,7016.0,0.0,0.0,0.0,92,7012.0,7018.0,40,7032.0,7028.0,7028.0,7008.0,101.0,708616.0,26251
2023-05-09 21:02:50,PF2310,PF310,7016.0,0.0,0.0,0.0,102,7012.0,7018.0,30,7032.0,7028.0,7028.0,7008.0,101.0,708616.0,26251
2023-05-09 21:02:51,PF2310,PF310,7016.0,0.0,0.0,0.0,1,7014.0,7018.0,31,7032.0,7028.0,7028.0,7008.0,101.0,708616.0,26251
2023-05-09 21:02:53,PF2310,PF310,7016.0,0.0,0.0,0.0,30,7014.0,7018.0,20,7032.0,7028.0,7028.0,7008.0,101.0,708616.0,26251
2023-05-09 21:02:53,PF2310,PF310,7016.0,0.0,0.0,0.0,11,7014.0,7018.0,10,7032.0,7028.0,7028.0,7008.0,101.0,708616.0,26251
2023-05-09 21:03:05,PF2310,PF310,7016.0,0.0,0.0,0.0,1,7016.0,7020.0,97,7032.0,7028.0,7028.0,7008.0,101.0,708616.0,26251
2023-05-09 21:03:05,PF2310,PF310,7016.0,0.0,0.0,0.0,111,7014.0,7020.0,47,7032.0,7028.0,7028.0,7008.0,101.0,708616.0,26251
2023-05-09 21:03:06,PF2310,PF310,7016.0,0.0,0.0,0.0,10,7016.0,7020.0,27,7032.0,7028.0,7028.0,7008.0,101.0,708616.0,26251
2023-05-09 21:03:06,PF2310,PF310,7016.0,0.0,0.0,0.0,131,7014.0,7020.0,37,7032.0,7028.0,7028.0,7008.0,101.0,708616.0,26251
2023-05-09 21:03:08,PF2310,PF310,7016.0,0.0,0.0,0.0,1,7016.0,7020.0,28,7032.0,7028.0,7028.0,7008.0,101.0,708616.0,26251
2023-05-09 21:03:10,PF2310,PF310,7016.0,0.0,0.0,0.0,131,7014.0,7020.0,38,7032.0,7028.0,7028.0,7008.0,101.0,708616.0,26251
2023-05-09 21:03:11,PF2310,PF310,7016.0,0.0,0.0,0.0,91,7014.0,7020.0,39,7032.0,7028.0,7028.0,7008.0,101.0,708616.0,26251
2023-05-09 21:03:11,PF2310,PF310,7016.0,0.0,0.0,0.0,111,7014.0,7020.0,39,7032.0,7028.0,7028.0,7008.0,101.0,708616.0,26251
2023-05-09 21:03:12,PF2310,PF310,7016.0,0.0,0.0,0.0,131,7014.0,7020.0,39,7032.0,7028.0,7028.0,7008.0,101.0,708616.0,26251
2023-05-09 21:03:16,PF2310,PF310,7016.0,0.0,0.0,0.0,141,7014.0,7020.0,39,7032.0,7028.0,7028.0,7008.0,101.0,708616.0,26251
2023-05-09 21:03:17,PF2310,PF310,7016.0,0.0,0.0,0.0,10,7016.0,7020.0,39,7032.0,7028.0,7028.0,7008.0,101.0,708616.0,26251
2023-05-09 21:03:17,PF2310,PF310,7016.0,0.0,0.0,0.0,10,7016.0,7020.0,29,7032.0,7028.0,7028.0,7008.0,101.0,708616.0,26251
2023-05-09 21:03:18,PF2310,PF310,7016.0,0.0,0.0,0.0,10,7016.0,7020.0,19,7032.0,7028.0,7028.0,7008.0,101.0,708616.0,26251
2023-05-09 21:03:18,PF2310,PF310,7016.0,0.0,0.0,0.0,131,7014.0,7020.0,39,7032.0,7028.0,7028.0,7008.0,101.0,708616.0,26251
2023-05-09 21:03:19,PF2310,PF310,7016.0,0.0,0.0,0.0,141,7014.0,7020.0,39,7032.0,7028.0,7028.0,7008.0,101.0,708616.0,26251
2023-05-09 21:03:19,PF2310,PF310,7016.0,0.0,0.0,0.0,131,7014.0,7020.0,39,7032.0,7028.0,7028.0,7008.0,101.0,708616.0,26251
2023-05-09 21:03:20,PF2310,PF310,7016.0,0.0,0.0,0.0,141,7014.0,7020.0,38,7032.0,7028.0,7028.0,7008.0,101.0,708616.0,26251
2023-05-09 21:03:22,PF2310,PF310,7016.0,0.0,0.0,0.0,101,7014.0,7020.0,39,7032.0,7028.0,7028.0,7008.0,101.0,708616.0,26251
2023-05-09 21:03:22,PF2310,PF310,7016.0,0.0,0.0,0.0,121,7014.0,7020.0,38,7032.0,7028.0,7028.0,7008.0,101.0,708616.0,26251
2023-05-09 21:03:23,PF2310,PF310,7016.0,0.0,0.0,0.0,141,7014.0,7020.0,39,7032.0,7028.0,7028.0,7008.0,101.0,708616.0,26251
2023-05-09 21:03:24,PF2310,PF310,7016.0,0.0,0.0,0.0,141,7014.0,7020.0,38,7032.0,7028.0,7028.0,7008.0,101.0,708616.0,26251
2023-05-09 21:03:24,PF2310,PF310,7016.0,0.0,0.0,0.0,141,7014.0,7020.0,37,7032.0,7028.0,7028.0,7008.0,101.0,708616.0,26251
2023-05-09 21:03:25,PF2310,PF310,7016.0,0.0,0.0,0.0,131,7014.0,7020.0,38,7032.0,7028.0,7028.0,7008.0,101.0,708616.0,26251
2023-05-09 21:03:26,PF2310,PF310,7016.0,0.0,0.0,0.0,131,7014.0,7020.0,37,7032.0,7028.0,7028.0,7008.0,101.0,708616.0,26251
2023-05-09 21:03:27,PF2310,PF310,7016.0,0.0,0.0,0.0,141,7014.0,7020.0,37,7032.0,7028.0,7028.0,7008.0,101.0,708616.0,26251
2023-05-09 21:03:29,PF2310,PF310,7016.0,0.0,0.0,0.0,101,7014.0,7020.0,98,7032.0,7028.0,7028.0,7008.0,101.0,708616.0,26251
2023-05-09 21:03:29,PF2310,PF310,7016.0,0.0,0.0,0.0,131,7014.0,7020.0,68,7032.0,7028.0,7028.0,7008.0,101.0,708616.0,26251
2023-05-09 21:03:29,PF2310,PF310,7016.0,0.0,0.0,0.0,141,7014.0,7020.0,68,7032.0,7028.0,7028.0,7008.0,101.0,708616.0,26251
2023-05-09 21:03:30,PF2310,PF310,7016.0,0.0,0.0,0.0,141,7014.0,7020.0,38,7032.0,7028.0,7028.0,7008.0,101.0,708616.0,26251
2023-05-09 21:03:34,PF2310,PF310,7016.0,0.0,0.0,0.0,141,7014.0,7020.0,28,7032.0,7028.0,7028.0,7008.0,101.0,708616.0,26251
2023-05-09 21:03:34,PF2310,PF310,7016.0,0.0,0.0,0.0,131,7014.0,7020.0,38,7032.0,7028.0,7028.0,7008.0,101.0,708616.0,26251
2023-05-09 21:03:35,PF2310,PF310,7016.0,0.0,0.0,0.0,141,7014.0,7020.0,38,7032.0,7028.0,7028.0,7008.0,101.0,708616.0,26251
2023-05-09 21:03:35,PF2310,PF310,7016.0,0.0,0.0,0.0,131,7014.0,7020.0,38,7032.0,7028.0,7028.0,7008.0,101.0,708616.0,26251
2023-05-09 21:03:36,PF2310,PF310,7016.0,0.0,0.0,0.0,141,7014.0,7020.0,37,7032.0,7028.0,7028.0,7008.0,101.0,708616.0,26251
2023-05-09 21:03:37,PF2310,PF310,7016.0,0.0,0.0,0.0,141,7014.0,7020.0,38,7032.0,7028.0,7028.0,7008.0,101.0,708616.0,26251
2023-05-09 21:03:38,PF2310,PF310,7016.0,0.0,0.0,0.0,141,7014.0,7020.0,39,7032.0,7028.0,7028.0,7008.0,101.0,708616.0,26251
2023-05-09 21:03:38,PF2310,PF310,7016.0,0.0,0.0,0.0,141,7014.0,7020.0,38,7032.0,7028.0,7028.0,7008.0,101.0,708616.0,26251
2023-05-09 21:03:40,PF2310,PF310,7016.0,0.0,0.0,0.0,131,7014.0,7020.0,38,7032.0,7028.0,7028.0,7008.0,101.0,708616.0,26251
2023-05-09 21:03:42,PF2310,PF310,7016.0,0.0,0.0,0.0,141,7014.0,7020.0,38,7032.0,7028.0,7028.0,7008.0,101.0,708616.0,26251
2023-05-09 21:03:43,PF2310,PF310,7016.0,0.0,0.0,0.0,1,7018.0,7020.0,37,7032.0,7028.0,7028.0,7008.0,101.0,708616.0,26251
2023-05-09 21:03:43,PF2310,PF310,7016.0,0.0,0.0,0.0,20,7016.0,7020.0,17,7032.0,7028.0,7028.0,7008.0,101.0,708616.0,26251
2023-05-09 21:03:43,PF2310,PF310,7016.0,0.0,0.0,0.0,10,7016.0,7020.0,17,7032.0,7028.0,7028.0,7008.0,101.0,708616.0,26251
2023-05-09 21:03:44,PF2310,PF310,7016.0,0.0,0.0,0.0,151,7014.0,7020.0,27,7032.0,7028.0,7028.0,7008.0,101.0,708616.0,26251
2023-05-09 21:03:45,PF2310,PF310,7016.0,0.0,0.0,0.0,1,7016.0,7020.0,28,7032.0,7028.0,7028.0,7008.0,101.0,708616.0,26251
2023-05-09 21:03:47,PF2310,PF310,7016.0,0.0,0.0,0.0,11,7016.0,7020.0,18,7032.0,7028.0,7028.0,7008.0,101.0,708616.0,26251
2023-05-09 21:03:53,PF2310,PF310,7016.0,0.0,0.0,0.0,121,7014.0,7018.0,1,7032.0,7028.0,7028.0,7008.0,101.0,708616.0,26251
2023-05-09 21:03:54,PF2310,PF310,7016.0,0.0,0.0,0.0,61,7014.0,7020.0,148,7032.0,7028.0,7028.0,7008.0,101.0,708616.0,26251
2023-05-09 21:03:54,PF2310,PF310,7016.0,0.0,0.0,0.0,31,7014.0,7020.0,157,7032.0,7028.0,7028.0,7008.0,101.0,708616.0,26251
2023-05-09 21:03:55,PF2310,PF310,7016.0,0.0,0.0,0.0,10,7016.0,7020.0,117,7032.0,7028.0,7028.0,7008.0,101.0,708616.0,26251
2023-05-09 21:03:56,PF2310,PF310,7016.0,0.0,0.0,0.0,10,7016.0,7020.0,77,7032.0,7028.0,7028.0,7008.0,101.0,708616.0,26251
2023-05-09 21:03:56,PF2310,PF310,7016.0,0.0,0.0,0.0,10,7016.0,7020.0,37,7032.0,7028.0,7028.0,7008.0,101.0,708616.0,26251
2023-05-09 21:03:56,PF2310,PF310,7016.0,0.0,0.0,0.0,10,7016.0,7020.0,27,7032.0,7028.0,7028.0,7008.0,101.0,708616.0,26251
2023-05-09 21:03:59,PF2310,PF310,7016.0,0.0,0.0,0.0,141,7014.0,7020.0,37,7032.0,7028.0,7028.0,7008.0,101.0,708616.0,26251
2023-05-09 21:04:00,PF2310,PF310,7016.0,0.0,0.0,0.0,141,7014.0,7020.0,27,7032.0,7028.0,7028.0,7008.0,101.0,708616.0,26251
2023-05-09 21:04:01,PF2310,PF310,7016.0,0.0,0.0,0.0,141,7014.0,7020.0,37,7032.0,7028.0,7028.0,7008.0,101.0,708616.0,26251
2023-05-09 21:04:01,PF2310,PF310,7016.0,0.0,0.0,0.0,151,7014.0,7020.0,37,7032.0,7028.0,7028.0,7008.0,101.0,708616.0,26251
2023-05-09 21:04:02,PF2310,PF310,7016.0,0.0,0.0,0.0,151,7014.0,7020.0,38,7032.0,7028.0,7028.0,7008.0,101.0,708616.0,26251
2023-05-09 21:04:03,PF2310,PF310,7016.0,0.0,0.0,0.0,1,7016.0,7020.0,38,7032.0,7028.0,7028.0,7008.0,101.0,708616.0,26251
2023-05-09 21:04:03,PF2310,PF310,7016.0,0.0,0.0,0.0,1,7016.0,7020.0,28,7032.0,7028.0,7028.0,7008.0,101.0,708616.0,26251
2023-05-09 21:04:05,PF2310,PF310,7016.0,0.0,0.0,0.0,11,7016.0,7020.0,17,7032.0,7028.0,7028.0,7008.0,101.0,708616.0,26251
2023-05-09 21:04:06,PF2310,PF310,7016.0,0.0,0.0,0.0,141,7014.0,7020.0,27,7032.0,7028.0,7028.0,7008.0,101.0,708616.0,26251
2023-05-09 21:04:06,PF2310,PF310,7016.0,0.0,0.0,0.0,142,7014.0,7020.0,27,7032.0,7028.0,7028.0,7008.0,101.0,708616.0,26251
2023-05-09 21:04:07,PF2310,PF310,7016.0,0.0,0.0,0.0,151,7014.0,7020.0,37,7032.0,7028.0,7028.0,7008.0,101.0,708616.0,26251
2023-05-09 21:04:07,PF2310,PF310,7016.0,0.0,0.0,0.0,141,7014.0,7020.0,37,7032.0,7028.0,7028.0,7008.0,101.0,708616.0,26251
2023-05-09 21:04:07,PF2310,PF310,7016.0,0.0,0.0,0.0,131,7014.0,7018.0,10,7032.0,7028.0,7028.0,7008.0,101.0,708616.0,26251
2023-05-09 21:04:08,PF2310,PF310,7016.0,0.0,0.0,0.0,41,7014.0,7020.0,147,7032.0,7028.0,7028.0,7008.0,101.0,708616.0,26251
2023-05-09 21:04:08,PF2310,PF310,7016.0,0.0,0.0,0.0,31,7014.0,7020.0,157,7032.0,7028.0,7028.0,7008.0,101.0,708616.0,26251
2023-05-09 21:04:13,PF2310,PF310,7016.0,0.0,0.0,0.0,1,7016.0,7020.0,157,7032.0,7028.0,7028.0,7008.0,101.0,708616.0,26251
2023-05-09 21:04:13,PF2310,PF310,7016.0,0.0,0.0,0.0,1,7016.0,7020.0,67,7032.0,7028.0,7028.0,7008.0,101.0,708616.0,26251
2023-05-09 21:04:14,PF2310,PF310,7016.0,0.0,0.0,0.0,1,7016.0,7020.0,37,7032.0,7028.0,7028.0,7008.0,101.0,708616.0,26251
2023-05-09 21:04:14,PF2310,PF310,7016.0,0.0,0.0,0.0,1,7016.0,7020.0,27,7032.0,7028.0,7028.0,7008.0,101.0,708616.0,26251
2023-05-09 21:04:15,PF2310,PF310,7016.0,0.0,0.0,0.0,151,7014.0,7020.0,27,7032.0,7028.0,7028.0,7008.0,101.0,708616.0,26251
2023-05-09 21:04:16,PF2310,PF310,7016.0,0.0,0.0,0.0,151,7014.0,7020.0,37,7032.0,7028.0,7028.0,7008.0,101.0,708616.0,26251
2023-05-09 21:04:17,PF2310,PF310,7016.0,0.0,0.0,0.0,1,7016.0,7020.0,37,7032.0,7028.0,7028.0,7008.0,101.0,708616.0,26251
2023-05-09 21:04:18,PF2310,PF310,7016.0,0.0,0.0,0.0,151,7014.0,7020.0,37,7032.0,7028.0,7028.0,7008.0,101.0,708616.0,26251
2023-05-09 21:04:19,PF2310,PF310,7016.0,0.0,0.0,0.0,1,7016.0,7020.0,27,7032.0,7028.0,7028.0,7008.0,101.0,708616.0,26251
2023-05-09 21:04:20,PF2310,PF310,7016.0,0.0,0.0,0.0,1,7016.0,7018.0,10,7032.0,7028.0,7028.0,7008.0,101.0,708616.0,26251
2023-05-09 21:04:21,PF2310,PF310,7016.0,0.0,0.0,0.0,91,7014.0,7020.0,158,7032.0,7028.0,7028.0,7008.0,101.0,708616.0,26251
2023-05-09 21:04:21,PF2310,PF310,7016.0,0.0,0.0,0.0,51,7014.0,7020.0,158,7032.0,7028.0,7028.0,7008.0,101.0,708616.0,26251
2023-05-09 21:04:22,PF2310,PF310,7016.0,0.0,0.0,0.0,21,7014.0,7018.0,10,7032.0,7028.0,7028.0,7008.0,101.0,708616.0,26251
2023-05-09 21:04:22,PF2310,PF310,7016.0,0.0,0.0,0.0,11,7014.0,7018.0,11,7032.0,7028.0,7028.0,7008.0,101.0,708616.0,26251
2023-05-09 21:04:22,PF2310,PF310,7016.0,0.0,0.0,0.0,10,7014.0,7016.0,1,7032.0,7028.0,7028.0,7008.0,101.0,708616.0,26251
2023-05-09 21:04:23,PF2310,PF310,7014.0,10.0,70160.0,10.0,81,7012.0,7014.0,11,7032.0,7028.0,7028.0,7008.0,111.0,778776.0,26261
2023-05-09 21:04:24,PF2310,PF310,7014.0,7.0,49112.0,0.0,16,7012.0,7014.0,3,7032.0,7028.0,7028.0,7008.0,118.0,827888.0,26261
2023-05-09 21:04:25,PF2310,PF310,7014.0,0.0,0.0,0.0,15,7012.0,7014.0,3,7032.0,7028.0,7028.0,7008.0,118.0,827888.0,26261
2023-05-09 21:04:25,PF2310,PF310,7014.0,0.0,0.0,0.0,9,7012.0,7014.0,13,7032.0,7028.0,7028.0,7008.0,118.0,827888.0,26261
2023-05-09 21:04:25,PF2310,PF310,7014.0,0.0,0.0,0.0,9,7012.0,7014.0,3,7032.0,7028.0,7028.0,7008.0,118.0,827888.0,26261
2023-05-09 21:04:26,PF2310,PF310,7014.0,3.0,21048.0,0.0,9,7012.0,7016.0,71,7032.0,7028.0,7028.0,7008.0,121.0,848936.0,26261
2023-05-09 21:04:27,PF2310,PF310,7014.0,0.0,0.0,0.0,19,7012.0,7016.0,11,7032.0,7028.0,7028.0,7008.0,121.0,848936.0,26261
2023-05-09 21:04:27,PF2310,PF310,7014.0,0.0,0.0,0.0,29,7012.0,7016.0,1,7032.0,7028.0,7028.0,7008.0,121.0,848936.0,26261
2023-05-09 21:04:27,PF2310,PF310,7014.0,0.0,0.0,0.0,24,7012.0,7016.0,1,7032.0,7028.0,7028.0,7008.0,121.0,848936.0,26261
2023-05-09 21:04:28,PF2310,PF310,7014.0,0.0,0.0,0.0,14,7012.0,7016.0,11,7032.0,7028.0,7028.0,7008.0,121.0,848936.0,26261
2023-05-09 21:04:29,PF2310,PF310,7014.0,0.0,0.0,0.0,24,7012.0,7016.0,1,7032.0,7028.0,7028.0,7008.0,121.0,848936.0,26261
2023-05-09 21:04:30,PF2310,PF310,7014.0,0.0,0.0,0.0,14,7012.0,7016.0,11,7032.0,7028.0,7028.0,7008.0,121.0,848936.0,26261
2023-05-09 21:04:31,PF2310,PF310,7014.0,0.0,0.0,0.0,13,7012.0,7016.0,11,7032.0,7028.0,7028.0,7008.0,121.0,848936.0,26261
2023-05-09 21:04:31,PF2310,PF310,7014.0,0.0,0.0,0.0,23,7012.0,7016.0,1,7032.0,7028.0,7028.0,7008.0,121.0,848936.0,26261
2023-05-09 21:04:32,PF2310,PF310,7014.0,0.0,0.0,0.0,23,7012.0,7016.0,10,7032.0,7028.0,7028.0,7008.0,121.0,848936.0,26261
2023-05-09 21:04:32,PF2310,PF310,7014.0,0.0,0.0,0.0,33,7012.0,7018.0,141,7032.0,7028.0,7028.0,7008.0,121.0,848936.0,26261
2023-05-09 21:04:32,PF2310,PF310,7014.0,0.0,0.0,0.0,33,7012.0,7018.0,151,7032.0,7028.0,7028.0,7008.0,121.0,848936.0,26261
2023-05-09 21:04:33,PF2310,PF310,7014.0,0.0,0.0,0.0,33,7012.0,7018.0,141,7032.0,7028.0,7028.0,7008.0,121.0,848936.0,26261
2023-05-09 21:04:34,PF2310,PF310,7014.0,0.0,0.0,0.0,33,7012.0,7018.0,151,7032.0,7028.0,7028.0,7008.0,121.0,848936.0,26261
2023-05-09 21:04:35,PF2310,PF310,7014.0,0.0,0.0,0.0,23,7012.0,7018.0,140,7032.0,7028.0,7028.0,7008.0,121.0,848936.0,26261
2023-05-09 21:04:35,PF2310,PF310,7014.0,0.0,0.0,0.0,23,7012.0,7016.0,10,7032.0,7028.0,7028.0,7008.0,121.0,848936.0,26261
2023-05-09 21:04:36,PF2310,PF310,7014.0,0.0,0.0,0.0,33,7012.0,7018.0,142,7032.0,7028.0,7028.0,7008.0,121.0,848936.0,26261
2023-05-09 21:04:36,PF2310,PF310,7014.0,0.0,0.0,0.0,33,7012.0,7016.0,1,7032.0,7028.0,7028.0,7008.0,121.0,848936.0,26261
2023-05-09 21:04:37,PF2310,PF310,7014.0,0.0,0.0,0.0,23,7012.0,7016.0,1,7032.0,7028.0,7028.0,7008.0,121.0,848936.0,26261
2023-05-09 21:04:39,PF2310,PF310,7014.0,0.0,0.0,0.0,33,7012.0,7018.0,151,7032.0,7028.0,7028.0,7008.0,121.0,848936.0,26261
2023-05-09 21:04:39,PF2310,PF310,7014.0,0.0,0.0,0.0,33,7012.0,7016.0,1,7032.0,7028.0,7028.0,7008.0,121.0,848936.0,26261
2023-05-09 21:04:40,PF2310,PF310,7014.0,0.0,0.0,0.0,23,7012.0,7016.0,1,7032.0,7028.0,7028.0,7008.0,121.0,848936.0,26261
2023-05-09 21:04:40,PF2310,PF310,7014.0,0.0,0.0,0.0,13,7012.0,7016.0,11,7032.0,7028.0,7028.0,7008.0,121.0,848936.0,26261
2023-05-09 21:04:42,PF2310,PF310,7014.0,0.0,0.0,0.0,13,7012.0,7016.0,10,7032.0,7028.0,7028.0,7008.0,121.0,848936.0,26261
2023-05-09 21:04:43,PF2310,PF310,7014.0,0.0,0.0,0.0,33,7012.0,7018.0,141,7032.0,7028.0,7028.0,7008.0,121.0,848936.0,26261
2023-05-09 21:04:44,PF2310,PF310,7014.0,0.0,0.0,0.0,32,7012.0,7018.0,141,7032.0,7028.0,7028.0,7008.0,121.0,848936.0,26261
2023-05-09 21:04:44,PF2310,PF310,7014.0,0.0,0.0,0.0,32,7012.0,7018.0,152,7032.0,7028.0,7028.0,7008.0,121.0,848936.0,26261
2023-05-09 21:04:46,PF2310,PF310,7014.0,0.0,0.0,0.0,32,7012.0,7018.0,151,7032.0,7028.0,7028.0,7008.0,121.0,848936.0,26261
2023-05-09 21:04:53,PF2310,PF310,7014.0,0.0,0.0,0.0,31,7012.0,7016.0,1,7032.0,7028.0,7028.0,7008.0,121.0,848936.0,26261
2023-05-09 21:04:53,PF2310,PF310,7014.0,0.0,0.0,0.0,11,7012.0,7014.0,1,7032.0,7028.0,7028.0,7008.0,121.0,848936.0,26261
2023-05-09 21:04:53,PF2310,PF310,7014.0,0.0,0.0,0.0,1,7012.0,7014.0,1,7032.0,7028.0,7028.0,7008.0,121.0,848936.0,26261
2023-05-09 21:04:56,PF2310,PF310,7014.0,0.0,0.0,0.0,10,7012.0,7016.0,71,7032.0,7028.0,7028.0,7008.0,121.0,848936.0,26261
2023-05-09 21:04:56,PF2310,PF310,7014.0,0.0,0.0,0.0,10,7012.0,7016.0,21,7032.0,7028.0,7028.0,7008.0,121.0,848936.0,26261
2023-05-09 21:05:01,PF2310,PF310,7014.0,0.0,0.0,0.0,6,7012.0,7016.0,21,7032.0,7028.0,7028.0,7008.0,121.0,848936.0,26261
2023-05-09 21:05:01,PF2310,PF310,7014.0,0.0,0.0,0.0,1,7012.0,7016.0,21,7032.0,7028.0,7028.0,7008.0,121.0,848936.0,26261
2023-05-09 21:05:01,PF2310,PF310,7014.0,0.0,0.0,0.0,1,7012.0,7014.0,1,7032.0,7028.0,7028.0,7008.0,121.0,848936.0,26261
2023-05-09 21:05:04,PF2310,PF310,7014.0,0.0,0.0,0.0,9,7012.0,7016.0,101,7032.0,7028.0,7028.0,7008.0,121.0,848936.0,26261
2023-05-09 21:05:04,PF2310,PF310,7014.0,0.0,0.0,0.0,1,7012.0,7016.0,121,7032.0,7028.0,7028.0,7008.0,121.0,848936.0,26261
2023-05-09 21:05:05,PF2310,PF310,7014.0,0.0,0.0,0.0,1,7012.0,7014.0,1,7032.0,7028.0,7028.0,7008.0,121.0,848936.0,26261
2023-05-09 21:05:05,PF2310,PF310,7014.0,0.0,0.0,0.0,11,7012.0,7014.0,1,7032.0,7028.0,7028.0,7008.0,121.0,848936.0,26261
2023-05-09 21:05:05,PF2310,PF310,7014.0,0.0,0.0,0.0,1,7012.0,7014.0,1,7032.0,7028.0,7028.0,7008.0,121.0,848936.0,26261
2023-05-09 21:05:05,PF2310,PF310,7014.0,0.0,0.0,0.0,11,7012.0,7014.0,1,7032.0,7028.0,7028.0,7008.0,121.0,848936.0,26261
2023-05-09 21:05:05,PF2310,PF310,7014.0,0.0,0.0,0.0,1,7012.0,7014.0,1,7032.0,7028.0,7028.0,7008.0,121.0,848936.0,26261
2023-05-09 21:05:07,PF2310,PF310,7014.0,0.0,0.0,0.0,8,7012.0,7016.0,101,7032.0,7028.0,7028.0,7008.0,121.0,848936.0,26261
2023-05-09 21:05:08,PF2310,PF310,7014.0,0.0,0.0,0.0,1,7012.0,7016.0,41,7032.0,7028.0,7028.0,7008.0,121.0,848936.0,26261
2023-05-09 21:05:08,PF2310,PF310,7014.0,0.0,0.0,0.0,1,7012.0,7016.0,21,7032.0,7028.0,7028.0,7008.0,121.0,848936.0,26261
2023-05-09 21:05:08,PF2310,PF310,7014.0,0.0,0.0,0.0,1,7012.0,7016.0,41,7032.0,7028.0,7028.0,7008.0,121.0,848936.0,26261
2023-05-09 21:05:08,PF2310,PF310,7014.0,0.0,0.0,0.0,1,7012.0,7016.0,21,7032.0,7028.0,7028.0,7008.0,121.0,848936.0,26261
2023-05-09 21:05:09,PF2310,PF310,7014.0,0.0,0.0,0.0,1,7012.0,7014.0,1,7032.0,7028.0,7028.0,7008.0,121.0,848936.0,26261
2023-05-09 21:05:11,PF2310,PF310,7014.0,0.0,0.0,0.0,1,7012.0,7014.0,11,7032.0,7028.0,7028.0,7008.0,121.0,848936.0,26261
2023-05-09 21:05:13,PF2310,PF310,7014.0,0.0,0.0,0.0,1,7012.0,7014.0,1,7032.0,7028.0,7028.0,7008.0,121.0,848936.0,26261
2023-05-09 21:05:13,PF2310,PF310,7014.0,0.0,0.0,0.0,1,7012.0,7016.0,71,7032.0,7028.0,7028.0,7008.0,121.0,848936.0,26261
2023-05-09 21:05:14,PF2310,PF310,7014.0,0.0,0.0,0.0,1,7012.0,7016.0,21,7032.0,7028.0,7028.0,7008.0,121.0,848936.0,26261
2023-05-09 21:05:16,PF2310,PF310,7014.0,0.0,0.0,0.0,1,7012.0,7014.0,1,7032.0,7028.0,7028.0,7008.0,121.0,848936.0,26261
2023-05-09 21:05:17,PF2310,PF310,7014.0,0.0,0.0,0.0,1,7012.0,7016.0,91,7032.0,7028.0,7028.0,7008.0,121.0,848936.0,26261
2023-05-09 21:05:17,PF2310,PF310,7014.0,0.0,0.0,0.0,1,7012.0,7016.0,31,7032.0,7028.0,7028.0,7008.0,121.0,848936.0,26261
2023-05-09 21:05:17,PF2310,PF310,7014.0,0.0,0.0,0.0,1,7012.0,7016.0,21,7032.0,7028.0,7028.0,7008.0,121.0,848936.0,26261
2023-05-09 21:05:21,PF2310,PF310,7014.0,0.0,0.0,0.0,1,7012.0,7016.0,71,7032.0,7028.0,7028.0,7008.0,121.0,848936.0,26261
2023-05-09 21:05:21,PF2310,PF310,7014.0,0.0,0.0,0.0,1,7012.0,7016.0,21,7032.0,7028.0,7028.0,7008.0,121.0,848936.0,26261
2023-05-09 21:05:23,PF2310,PF310,7014.0,0.0,0.0,0.0,2,7012.0,7014.0,1,7032.0,7028.0,7028.0,7008.0,121.0,848936.0,26261
2023-05-09 21:05:25,PF2310,PF310,7014.0,0.0,0.0,0.0,2,7012.0,7014.0,2,7032.0,7028.0,7028.0,7008.0,121.0,848936.0,26261
2023-05-09 21:05:25,PF2310,PF310,7014.0,0.0,0.0,0.0,2,7012.0,7014.0,1,7032.0,7028.0,7028.0,7008.0,121.0,848936.0,26261
2023-05-09 21:05:29,PF2310,PF310,7014.0,0.0,0.0,0.0,2,7012.0,7016.0,101,7032.0,7028.0,7028.0,7008.0,121.0,848936.0,26261
2023-05-09 21:05:30,PF2310,PF310,7014.0,0.0,0.0,0.0,2,7012.0,7016.0,91,7032.0,7028.0,7028.0,7008.0,121.0,848936.0,26261
2023-05-09 21:05:30,PF2310,PF310,7014.0,0.0,0.0,0.0,2,7012.0,7014.0,1,7032.0,7028.0,7028.0,7008.0,121.0,848936.0,26261
2023-05-09 21:05:31,PF2310,PF310,7014.0,0.0,0.0,0.0,33,7012.0,7016.0,101,7032.0,7028.0,7028.0,7008.0,121.0,848936.0,26261
2023-05-09 21:05:31,PF2310,PF310,7014.0,0.0,0.0,0.0,22,7012.0,7016.0,42,7032.0,7028.0,7028.0,7008.0,121.0,848936.0,26261
2023-05-09 21:05:32,PF2310,PF310,7014.0,0.0,0.0,0.0,22,7012.0,7016.0,32,7032.0,7028.0,7028.0,7008.0,121.0,848936.0,26261
2023-05-09 21:05:32,PF2310,PF310,7014.0,0.0,0.0,0.0,22,7012.0,7014.0,1,7032.0,7028.0,7028.0,7008.0,121.0,848936.0,26261
2023-05-09 21:05:33,PF2310,PF310,7014.0,1.0,7016.0,1.0,22,7012.0,7016.0,61,7032.0,7028.0,7028.0,7008.0,122.0,855952.0,26262
2023-05-09 21:05:33,PF2310,PF310,7014.0,0.0,0.0,0.0,22,7012.0,7016.0,22,7032.0,7028.0,7028.0,7008.0,122.0,855952.0,26262
2023-05-09 21:05:33,PF2310,PF310,7014.0,0.0,0.0,0.0,32,7012.0,7016.0,12,7032.0,7028.0,7028.0,7008.0,122.0,855952.0,26262
2023-05-09 21:05:35,PF2310,PF310,7014.0,0.0,0.0,0.0,12,7012.0,7016.0,12,7032.0,7028.0,7028.0,7008.0,122.0,855952.0,26262
2023-05-09 21:05:36,PF2310,PF310,7014.0,0.0,0.0,0.0,1,7014.0,7016.0,2,7032.0,7028.0,7028.0,7008.0,122.0,855952.0,26262
2023-05-09 21:05:36,PF2310,PF310,7014.0,1.0,7016.0,0.0,1,7014.0,7016.0,2,7032.0,7028.0,7028.0,7008.0,123.0,862968.0,26262
2023-05-09 21:05:38,PF2310,PF310,7014.0,1.0,7016.0,0.0,100,7012.0,7016.0,2,7032.0,7028.0,7028.0,7008.0,124.0,869984.0,26262
2023-05-09 21:05:39,PF2310,PF310,7014.0,0.0,0.0,0.0,30,7012.0,7014.0,2,7032.0,7028.0,7028.0,7008.0,124.0,869984.0,26262
2023-05-09 21:05:39,PF2310,PF310,7014.0,0.0,0.0,0.0,150,7010.0,7014.0,2,7032.0,7028.0,7028.0,7008.0,124.0,869984.0,26262
2023-05-09 21:05:40,PF2310,PF310,7014.0,0.0,0.0,0.0,60,7010.0,7014.0,2,7032.0,7028.0,7028.0,7008.0,124.0,869984.0,26262
2023-05-09 21:05:40,PF2310,PF310,7014.0,0.0,0.0,0.0,21,7010.0,7014.0,3,7032.0,7028.0,7028.0,7008.0,124.0,869984.0,26262
2023-05-09 21:05:41,PF2310,PF310,7014.0,0.0,0.0,0.0,11,7010.0,7014.0,13,7032.0,7028.0,7028.0,7008.0,124.0,869984.0,26262
2023-05-09 21:05:41,PF2310,PF310,7014.0,0.0,0.0,0.0,1,7010.0,7014.0,23,7032.0,7028.0,7028.0,7008.0,124.0,869984.0,26262
2023-05-09 21:05:42,PF2310,PF310,7014.0,0.0,0.0,0.0,41,7010.0,7014.0,22,7032.0,7028.0,7028.0,7008.0,124.0,869984.0,26262
2023-05-09 21:05:43,PF2310,PF310,7014.0,0.0,0.0,0.0,21,7010.0,7014.0,13,7032.0,7028.0,7028.0,7008.0,124.0,869984.0,26262
2023-05-09 21:05:43,PF2310,PF310,7014.0,0.0,0.0,0.0,11,7010.0,7014.0,13,7032.0,7028.0,7028.0,7008.0,124.0,869984.0,26262
2023-05-09 21:05:43,PF2310,PF310,7014.0,0.0,0.0,0.0,1,7010.0,7014.0,23,7032.0,7028.0,7028.0,7008.0,124.0,869984.0,26262
2023-05-09 21:05:44,PF2310,PF310,7014.0,0.0,0.0,0.0,11,7010.0,7014.0,23,7032.0,7028.0,7028.0,7008.0,124.0,869984.0,26262
2023-05-09 21:05:46,PF2310,PF310,7014.0,0.0,0.0,0.0,11,7010.0,7014.0,13,7032.0,7028.0,7028.0,7008.0,124.0,869984.0,26262
2023-05-09 21:05:46,PF2310,PF310,7014.0,0.0,0.0,0.0,1,7010.0,7014.0,23,7032.0,7028.0,7028.0,7008.0,124.0,869984.0,26262
2023-05-09 21:05:47,PF2310,PF310,7010.0,1.0,7016.0,1.0,110,7008.0,7012.0,2,7032.0,7028.0,7028.0,7008.0,125.0,877000.0,26263
2023-05-09 21:05:48,PF2310,PF310,7010.0,0.0,0.0,0.0,50,7008.0,7012.0,2,7032.0,7028.0,7028.0,7008.0,125.0,877000.0,26263
2023-05-09 21:05:48,PF2310,PF310,7010.0,0.0,0.0,0.0,20,7008.0,7012.0,2,7032.0,7028.0,7028.0,7008.0,125.0,877000.0,26263
2023-05-09 21:05:50,PF2310,PF310,7012.0,2.0,14032.0,1.0,1,7010.0,7014.0,111,7032.0,7028.0,7028.0,7008.0,127.0,891032.0,26264
2023-05-09 21:05:50,PF2310,PF310,7012.0,0.0,0.0,0.0,1,7010.0,7014.0,72,7032.0,7028.0,7028.0,7008.0,127.0,891032.0,26264
2023-05-09 21:05:51,PF2310,PF310,7012.0,0.0,0.0,0.0,11,7010.0,7014.0,12,7032.0,7028.0,7028.0,7008.0,127.0,891032.0,26264
2023-05-09 21:05:51,PF2310,PF310,7012.0,0.0,0.0,0.0,11,7010.0,7014.0,11,7032.0,7028.0,7028.0,7008.0,127.0,891032.0,26264
2023-05-09 21:05:51,PF2310,PF310,7012.0,0.0,0.0,0.0,21,7010.0,7014.0,1,7032.0,7028.0,7028.0,7008.0,127.0,891032.0,26264
2023-05-09 21:05:54,PF2310,PF310,7012.0,0.0,0.0,0.0,10,7012.0,7014.0,1,7032.0,7028.0,7028.0,7008.0,127.0,891032.0,26264
2023-05-09 21:05:55,PF2310,PF310,7014.0,1.0,7016.0,0.0,1,7014.0,7016.0,30,7032.0,7028.0,7028.0,7008.0,128.0,898048.0,26264
2023-05-09 21:05:56,PF2310,PF310,7014.0,0.0,0.0,0.0,1,7014.0,7018.0,112,7032.0,7028.0,7028.0,7008.0,128.0,898048.0,26264
2023-05-09 21:05:56,PF2310,PF310,7014.0,0.0,0.0,0.0,1,7014.0,7018.0,60,7032.0,7028.0,7028.0,7008.0,128.0,898048.0,26264
2023-05-09 21:05:57,PF2310,PF310,7014.0,0.0,0.0,0.0,11,7014.0,7018.0,10,7032.0,7028.0,7028.0,7008.0,128.0,898048.0,26264
2023-05-09 21:05:57,PF2310,PF310,7014.0,0.0,0.0,0.0,21,7014.0,7020.0,159,7032.0,7028.0,7028.0,7008.0,128.0,898048.0,26264
2023-05-09 21:05:57,PF2310,PF310,7014.0,0.0,0.0,0.0,31,7014.0,7020.0,159,7032.0,7028.0,7028.0,7008.0,128.0,898048.0,26264
2023-05-09 21:06:00,PF2310,PF310,7014.0,0.0,0.0,0.0,10,7016.0,7020.0,118,7032.0,7028.0,7028.0,7008.0,128.0,898048.0,26264
2023-05-09 21:06:01,PF2310,PF310,7014.0,0.0,0.0,0.0,121,7014.0,7020.0,79,7032.0,7028.0,7028.0,7008.0,128.0,898048.0,26264
2023-05-09 21:06:01,PF2310,PF310,7014.0,0.0,0.0,0.0,141,7014.0,7020.0,69,7032.0,7028.0,7028.0,7008.0,128.0,898048.0,26264
2023-05-09 21:06:02,PF2310,PF310,7014.0,0.0,0.0,0.0,151,7014.0,7020.0,48,7032.0,7028.0,7028.0,7008.0,128.0,898048.0,26264
2023-05-09 21:06:02,PF2310,PF310,7014.0,0.0,0.0,0.0,141,7014.0,7020.0,39,7032.0,7028.0,7028.0,7008.0,128.0,898048.0,26264
2023-05-09 21:06:02,PF2310,PF310,7014.0,0.0,0.0,0.0,151,7014.0,7020.0,39,7032.0,7028.0,7028.0,7008.0,128.0,898048.0,26264
2023-05-09 21:06:04,PF2310,PF310,7014.0,0.0,0.0,0.0,152,7014.0,7020.0,38,7032.0,7028.0,7028.0,7008.0,128.0,898048.0,26264
2023-05-09 21:06:04,PF2310,PF310,7014.0,0.0,0.0,0.0,164,7014.0,7020.0,38,7032.0,7028.0,7028.0,7008.0,128.0,898048.0,26264
2023-05-09 21:06:06,PF2310,PF310,7014.0,0.0,0.0,0.0,20,7016.0,7020.0,18,7032.0,7028.0,7028.0,7008.0,128.0,898048.0,26264
2023-05-09 21:06:06,PF2310,PF310,7014.0,0.0,0.0,0.0,20,7016.0,7020.0,8,7032.0,7028.0,7028.0,7008.0,128.0,898048.0,26264
2023-05-09 21:06:06,PF2310,PF310,7014.0,0.0,0.0,0.0,20,7016.0,7020.0,18,7032.0,7028.0,7028.0,7008.0,128.0,898048.0,26264
2023-05-09 21:06:08,PF2310,PF310,7014.0,0.0,0.0,0.0,21,7016.0,7020.0,18,7032.0,7028.0,7028.0,7008.0,128.0,898048.0,26264
2023-05-09 21:06:08,PF2310,PF310,7014.0,0.0,0.0,0.0,33,7016.0,7020.0,18,7032.0,7028.0,7028.0,7008.0,128.0,898048.0,26264
2023-05-09 21:06:10,PF2310,PF310,7014.0,0.0,0.0,0.0,10,7016.0,7020.0,18,7032.0,7028.0,7028.0,7008.0,128.0,898048.0,26264
2023-05-09 21:06:10,PF2310,PF310,7014.0,0.0,0.0,0.0,144,7014.0,7020.0,38,7032.0,7028.0,7028.0,7008.0,128.0,898048.0,26264
2023-05-09 21:06:11,PF2310,PF310,7014.0,0.0,0.0,0.0,154,7014.0,7020.0,38,7032.0,7028.0,7028.0,7008.0,128.0,898048.0,26264
2023-05-09 21:06:11,PF2310,PF310,7014.0,0.0,0.0,0.0,164,7014.0,7020.0,38,7032.0,7028.0,7028.0,7008.0,128.0,898048.0,26264
2023-05-09 21:06:11,PF2310,PF310,7014.0,0.0,0.0,0.0,152,7014.0,7020.0,38,7032.0,7028.0,7028.0,7008.0,128.0,898048.0,26264
2023-05-09 21:06:12,PF2310,PF310,7014.0,0.0,0.0,0.0,141,7014.0,7020.0,38,7032.0,7028.0,7028.0,7008.0,128.0,898048.0,26264
2023-05-09 21:06:13,PF2310,PF310,7014.0,0.0,0.0,0.0,138,7014.0,7020.0,38,7032.0,7028.0,7028.0,7008.0,128.0,898048.0,26264
2023-05-09 21:06:13,PF2310,PF310,7014.0,0.0,0.0,0.0,152,7014.0,7020.0,38,7032.0,7028.0,7028.0,7008.0,128.0,898048.0,26264
2023-05-09 21:06:15,PF2310,PF310,7014.0,0.0,0.0,0.0,152,7014.0,7020.0,28,7032.0,7028.0,7028.0,7008.0,128.0,898048.0,26264
2023-05-09 21:06:15,PF2310,PF310,7014.0,0.0,0.0,0.0,152,7014.0,7020.0,38,7032.0,7028.0,7028.0,7008.0,128.0,898048.0,26264
2023-05-09 21:06:17,PF2310,PF310,7014.0,0.0,0.0,0.0,142,7014.0,7020.0,38,7032.0,7028.0,7028.0,7008.0,128.0,898048.0,26264
2023-05-09 21:06:19,PF2310,PF310,7014.0,0.0,0.0,0.0,152,7014.0,7020.0,39,7032.0,7028.0,7028.0,7008.0,128.0,898048.0,26264
2023-05-09 21:06:21,PF2310,PF310,7014.0,0.0,0.0,0.0,142,7014.0,7020.0,39,7032.0,7028.0,7028.0,7008.0,128.0,898048.0,26264
2023-05-09 21:06:21,PF2310,PF310,7014.0,0.0,0.0,0.0,132,7014.0,7020.0,39,7032.0,7028.0,7028.0,7008.0,128.0,898048.0,26264
2023-05-09 21:06:21,PF2310,PF310,7014.0,0.0,0.0,0.0,152,7014.0,7020.0,39,7032.0,7028.0,7028.0,7008.0,128.0,898048.0,26264
2023-05-09 21:06:23,PF2310,PF310,7014.0,0.0,0.0,0.0,142,7014.0,7020.0,39,7032.0,7028.0,7028.0,7008.0,128.0,898048.0,26264
2023-05-09 21:06:24,PF2310,PF310,7014.0,0.0,0.0,0.0,152,7014.0,7020.0,39,7032.0,7028.0,7028.0,7008.0,128.0,898048.0,26264
2023-05-09 21:06:25,PF2310,PF310,7014.0,0.0,0.0,0.0,111,7014.0,7018.0,20,7032.0,7028.0,7028.0,7008.0,128.0,898048.0,26264
2023-05-09 21:06:25,PF2310,PF310,7014.0,0.0,0.0,0.0,31,7014.0,7018.0,10,7032.0,7028.0,7028.0,7008.0,128.0,898048.0,26264
2023-05-09 21:06:26,PF2310,PF310,7014.0,0.0,0.0,0.0,31,7014.0,7020.0,159,7032.0,7028.0,7028.0,7008.0,128.0,898048.0,26264
2023-05-09 21:06:27,PF2310,PF310,7014.0,0.0,0.0,0.0,31,7014.0,7020.0,149,7032.0,7028.0,7028.0,7008.0,128.0,898048.0,26264
2023-05-09 21:06:27,PF2310,PF310,7014.0,0.0,0.0,0.0,31,7014.0,7020.0,159,7032.0,7028.0,7028.0,7008.0,128.0,898048.0,26264
2023-05-09 21:06:28,PF2310,PF310,7014.0,0.0,0.0,0.0,11,7014.0,7018.0,10,7032.0,7028.0,7028.0,7008.0,128.0,898048.0,26264
2023-05-09 21:06:29,PF2310,PF310,7014.0,0.0,0.0,0.0,21,7014.0,7018.0,10,7032.0,7028.0,7028.0,7008.0,128.0,898048.0,26264
2023-05-09 21:06:30,PF2310,PF310,7014.0,3.0,21048.0,2.0,120,7012.0,7016.0,1,7032.0,7028.0,7028.0,7008.0,131.0,919096.0,26266
2023-05-09 21:06:30,PF2310,PF310,7014.0,0.0,0.0,0.0,40,7012.0,7016.0,11,7032.0,7028.0,7028.0,7008.0,131.0,919096.0,26266
2023-05-09 21:06:31,PF2310,PF310,7014.0,0.0,0.0,0.0,133,7010.0,7016.0,21,7032.0,7028.0,7028.0,7008.0,131.0,919096.0,26266
2023-05-09 21:06:31,PF2310,PF310,7014.0,0.0,0.0,0.0,143,7010.0,7016.0,31,7032.0,7028.0,7028.0,7008.0,131.0,919096.0,26266
2023-05-09 21:06:35,PF2310,PF310,7014.0,0.0,0.0,0.0,153,7010.0,7016.0,31,7032.0,7028.0,7028.0,7008.0,131.0,919096.0,26266
2023-05-09 21:06:36,PF2310,PF310,7014.0,0.0,0.0,0.0,1,7012.0,7016.0,31,7032.0,7028.0,7028.0,7008.0,131.0,919096.0,26266
2023-05-09 21:06:36,PF2310,PF310,7014.0,0.0,0.0,0.0,1,7012.0,7016.0,21,7032.0,7028.0,7028.0,7008.0,131.0,919096.0,26266
2023-05-09 21:06:37,PF2310,PF310,7014.0,0.0,0.0,0.0,1,7014.0,7016.0,21,7032.0,7028.0,7028.0,7008.0,131.0,919096.0,26266
2023-05-09 21:06:37,PF2310,PF310,7016.0,11.0,77176.0,10.0,11,7016.0,7018.0,30,7032.0,7028.0,7028.0,7008.0,142.0,996272.0,26276
2023-05-09 21:06:38,PF2310,PF310,7016.0,0.0,0.0,0.0,11,7016.0,7020.0,98,7032.0,7028.0,7028.0,7008.0,142.0,996272.0,26276
2023-05-09 21:06:38,PF2310,PF310,7016.0,0.0,0.0,0.0,11,7016.0,7020.0,28,7032.0,7028.0,7028.0,7008.0,142.0,996272.0,26276
2023-05-09 21:06:39,PF2310,PF310,7016.0,0.0,0.0,0.0,11,7016.0,7020.0,18,7032.0,7028.0,7028.0,7008.0,142.0,996272.0,26276
2023-05-09 21:06:39,PF2310,PF310,7016.0,0.0,0.0,0.0,11,7016.0,7020.0,30,7032.0,7028.0,7028.0,7008.0,142.0,996272.0,26276
2023-05-09 21:06:39,PF2310,PF310,7016.0,0.0,0.0,0.0,11,7016.0,7020.0,28,7032.0,7028.0,7028.0,7008.0,142.0,996272.0,26276
2023-05-09 21:06:49,PF2310,PF310,7016.0,0.0,0.0,0.0,11,7016.0,7020.0,29,7032.0,7028.0,7028.0,7008.0,142.0,996272.0,26276
2023-05-09 21:07:04,PF2310,PF310,7016.0,0.0,0.0,0.0,31,7016.0,7020.0,19,7032.0,7028.0,7028.0,7008.0,142.0,996272.0,26276
2023-05-09 21:07:04,PF2310,PF310,7016.0,0.0,0.0,0.0,31,7016.0,7020.0,9,7032.0,7028.0,7028.0,7008.0,142.0,996272.0,26276
2023-05-09 21:07:06,PF2310,PF310,7016.0,0.0,0.0,0.0,21,7016.0,7020.0,18,7032.0,7028.0,7028.0,7008.0,142.0,996272.0,26276
2023-05-09 21:07:07,PF2310,PF310,7016.0,0.0,0.0,0.0,31,7016.0,7020.0,18,7032.0,7028.0,7028.0,7008.0,142.0,996272.0,26276
2023-05-09 21:07:07,PF2310,PF310,7016.0,0.0,0.0,0.0,21,7016.0,7020.0,18,7032.0,7028.0,7028.0,7008.0,142.0,996272.0,26276
2023-05-09 21:07:10,PF2310,PF310,7016.0,0.0,0.0,0.0,21,7016.0,7020.0,19,7032.0,7028.0,7028.0,7008.0,142.0,996272.0,26276
2023-05-09 21:07:16,PF2310,PF310,7016.0,21.0,147336.0,21.0,60,7014.0,7016.0,10,7032.0,7028.0,7028.0,7008.0,163.0,1143608.0,26297
2023-05-09 21:07:16,PF2310,PF310,7016.0,0.0,0.0,0.0,152,7012.0,7016.0,10,7032.0,7028.0,7028.0,7008.0,163.0,1143608.0,26297
2023-05-09 21:07:17,PF2310,PF310,7016.0,0.0,0.0,0.0,40,7012.0,7016.0,10,7032.0,7028.0,7028.0,7008.0,163.0,1143608.0,26297
2023-05-09 21:07:17,PF2310,PF310,7016.0,0.0,0.0,0.0,154,7010.0,7016.0,20,7032.0,7028.0,7028.0,7008.0,163.0,1143608.0,26297
2023-05-09 21:07:18,PF2310,PF310,7016.0,0.0,0.0,0.0,142,7010.0,7016.0,42,7032.0,7028.0,7028.0,7008.0,163.0,1143608.0,26297
2023-05-09 21:07:18,PF2310,PF310,7016.0,0.0,0.0,0.0,152,7010.0,7016.0,41,7032.0,7028.0,7028.0,7008.0,163.0,1143608.0,26297
2023-05-09 21:07:18,PF2310,PF310,7016.0,0.0,0.0,0.0,142,7010.0,7016.0,41,7032.0,7028.0,7028.0,7008.0,163.0,1143608.0,26297
2023-05-09 21:07:19,PF2310,PF310,7016.0,0.0,0.0,0.0,102,7010.0,7016.0,123,7032.0,7028.0,7028.0,7008.0,163.0,1143608.0,26297
2023-05-09 21:07:20,PF2310,PF310,7016.0,0.0,0.0,0.0,62,7010.0,7016.0,165,7032.0,7028.0,7028.0,7008.0,163.0,1143608.0,26297
2023-05-09 21:07:20,PF2310,PF310,7016.0,0.0,0.0,0.0,32,7010.0,7014.0,10,7032.0,7028.0,7028.0,7008.0,163.0,1143608.0,26297
2023-05-09 21:07:20,PF2310,PF310,7016.0,0.0,0.0,0.0,22,7010.0,7014.0,10,7032.0,7028.0,7028.0,7008.0,163.0,1143608.0,26297
2023-05-09 21:07:21,PF2310,PF310,7016.0,0.0,0.0,0.0,23,7010.0,7016.0,162,7032.0,7028.0,7028.0,7008.0,163.0,1143608.0,26297
2023-05-09 21:07:21,PF2310,PF310,7016.0,0.0,0.0,0.0,33,7010.0,7016.0,160,7032.0,7028.0,7028.0,7008.0,163.0,1143608.0,26297
2023-05-09 21:07:25,PF2310,PF310,7016.0,0.0,0.0,0.0,23,7010.0,7014.0,10,7032.0,7028.0,7028.0,7008.0,163.0,1143608.0,26297
2023-05-09 21:07:26,PF2310,PF310,7016.0,0.0,0.0,0.0,13,7010.0,7014.0,10,7032.0,7028.0,7028.0,7008.0,163.0,1143608.0,26297
2023-05-09 21:07:28,PF2310,PF310,7016.0,0.0,0.0,0.0,12,7010.0,7014.0,10,7032.0,7028.0,7028.0,7008.0,163.0,1143608.0,26297
2023-05-09 21:07:30,PF2310,PF310,7016.0,0.0,0.0,0.0,11,7010.0,7014.0,11,7032.0,7028.0,7028.0,7008.0,163.0,1143608.0,26297
2023-05-09 21:07:32,PF2310,PF310,7016.0,0.0,0.0,0.0,21,7010.0,7014.0,11,7032.0,7028.0,7028.0,7008.0,163.0,1143608.0,26297
2023-05-09 21:07:32,PF2310,PF310,7016.0,0.0,0.0,0.0,11,7010.0,7014.0,11,7032.0,7028.0,7028.0,7008.0,163.0,1143608.0,26297
2023-05-09 21:07:35,PF2310,PF310,7016.0,0.0,0.0,0.0,11,7010.0,7014.0,10,7032.0,7028.0,7028.0,7008.0,163.0,1143608.0,26297
2023-05-09 21:07:36,PF2310,PF310,7016.0,0.0,0.0,0.0,12,7010.0,7014.0,10,7032.0,7028.0,7028.0,7008.0,163.0,1143608.0,26297
2023-05-09 21:07:40,PF2310,PF310,7016.0,0.0,0.0,0.0,12,7010.0,7014.0,11,7032.0,7028.0,7028.0,7008.0,163.0,1143608.0,26297
2023-05-09 21:07:42,PF2310,PF310,7016.0,0.0,0.0,0.0,11,7010.0,7014.0,11,7032.0,7028.0,7028.0,7008.0,163.0,1143608.0,26297
2023-05-09 21:07:42,PF2310,PF310,7016.0,0.0,0.0,0.0,11,7010.0,7014.0,13,7032.0,7028.0,7028.0,7008.0,163.0,1143608.0,26297
2023-05-09 21:07:43,PF2310,PF310,7016.0,0.0,0.0,0.0,1,7010.0,7014.0,23,7032.0,7028.0,7028.0,7008.0,163.0,1143608.0,26297
2023-05-09 21:07:49,PF2310,PF310,7016.0,0.0,0.0,0.0,11,7010.0,7014.0,33,7032.0,7028.0,7028.0,7008.0,163.0,1143608.0,26297
2023-05-09 21:07:49,PF2310,PF310,7016.0,0.0,0.0,0.0,11,7010.0,7014.0,23,7032.0,7028.0,7028.0,7008.0,163.0,1143608.0,26297
2023-05-09 21:07:49,PF2310,PF310,7016.0,0.0,0.0,0.0,1,7010.0,7014.0,23,7032.0,7028.0,7028.0,7008.0,163.0,1143608.0,26297
2023-05-09 21:07:52,PF2310,PF310,7016.0,0.0,0.0,0.0,1,7010.0,7014.0,20,7032.0,7028.0,7028.0,7008.0,163.0,1143608.0,26297
2023-05-09 21:07:53,PF2310,PF310,7016.0,0.0,0.0,0.0,12,7010.0,7014.0,10,7032.0,7028.0,7028.0,7008.0,163.0,1143608.0,26297
2023-05-09 21:07:54,PF2310,PF310,7016.0,0.0,0.0,0.0,32,7010.0,7016.0,161,7032.0,7028.0,7028.0,7008.0,163.0,1143608.0,26297
2023-05-09 21:07:55,PF2310,PF310,7016.0,0.0,0.0,0.0,32,7010.0,7016.0,151,7032.0,7028.0,7028.0,7008.0,163.0,1143608.0,26297
2023-05-09 21:07:55,PF2310,PF310,7016.0,0.0,0.0,0.0,10,7012.0,7016.0,140,7032.0,7028.0,7028.0,7008.0,163.0,1143608.0,26297
2023-05-09 21:07:56,PF2310,PF310,7016.0,0.0,0.0,0.0,145,7010.0,7016.0,100,7032.0,7028.0,7028.0,7008.0,163.0,1143608.0,26297
2023-05-09 21:07:56,PF2310,PF310,7016.0,0.0,0.0,0.0,155,7010.0,7016.0,70,7032.0,7028.0,7028.0,7008.0,163.0,1143608.0,26297
2023-05-09 21:07:57,PF2310,PF310,7016.0,0.0,0.0,0.0,154,7010.0,7016.0,61,7032.0,7028.0,7028.0,7008.0,163.0,1143608.0,26297
2023-05-09 21:07:57,PF2310,PF310,7016.0,0.0,0.0,0.0,154,7010.0,7016.0,51,7032.0,7028.0,7028.0,7008.0,163.0,1143608.0,26297
2023-05-09 21:07:58,PF2310,PF310,7016.0,0.0,0.0,0.0,165,7010.0,7016.0,50,7032.0,7028.0,7028.0,7008.0,163.0,1143608.0,26297
2023-05-09 21:07:58,PF2310,PF310,7016.0,0.0,0.0,0.0,2,7012.0,7016.0,30,7032.0,7028.0,7028.0,7008.0,163.0,1143608.0,26297
2023-05-09 21:07:59,PF2310,PF310,7016.0,0.0,0.0,0.0,11,7012.0,7016.0,20,7032.0,7028.0,7028.0,7008.0,163.0,1143608.0,26297
2023-05-09 21:08:01,PF2310,PF310,7016.0,20.0,140320.0,0.0,11,7012.0,7018.0,153,7032.0,7028.0,7028.0,7008.0,183.0,1283928.0,26297
2023-05-09 21:08:02,PF2310,PF310,7016.0,0.0,0.0,0.0,10,7016.0,7018.0,81,7032.0,7028.0,7028.0,7008.0,183.0,1283928.0,26297
2023-05-09 21:08:02,PF2310,PF310,7016.0,0.0,0.0,0.0,10,7016.0,7018.0,11,7032.0,7028.0,7028.0,7008.0,183.0,1283928.0,26297
2023-05-09 21:08:03,PF2310,PF310,7016.0,0.0,0.0,0.0,10,7016.0,7018.0,1,7032.0,7028.0,7028.0,7008.0,183.0,1283928.0,26297
2023-05-09 21:08:03,PF2310,PF310,7018.0,1.0,7016.0,0.0,1,7018.0,7020.0,78,7032.0,7028.0,7028.0,7008.0,184.0,1290944.0,26297
2023-05-09 21:08:04,PF2310,PF310,7018.0,0.0,0.0,0.0,1,7018.0,7020.0,18,7032.0,7028.0,7028.0,7008.0,184.0,1290944.0,26297
2023-05-09 21:08:04,PF2310,PF310,7018.0,0.0,0.0,0.0,1,7018.0,7020.0,8,7032.0,7028.0,7028.0,7008.0,184.0,1290944.0,26297
2023-05-09 21:08:08,PF2310,PF310,7020.0,8.0,56128.0,0.0,2,7018.0,7022.0,90,7032.0,7028.0,7028.0,7008.0,192.0,1347072.0,26297
2023-05-09 21:08:08,PF2310,PF310,7020.0,0.0,0.0,0.0,13,7018.0,7022.0,30,7032.0,7028.0,7028.0,7008.0,192.0,1347072.0,26297
2023-05-09 21:08:09,PF2310,PF310,7020.0,0.0,0.0,0.0,3,7018.0,7022.0,20,7032.0,7028.0,7028.0,7008.0,192.0,1347072.0,26297
2023-05-09 21:08:11,PF2310,PF310,7020.0,0.0,0.0,0.0,2,7018.0,7022.0,20,7032.0,7028.0,7028.0,7008.0,192.0,1347072.0,26297
2023-05-09 21:08:13,PF2310,PF310,7020.0,0.0,0.0,0.0,2,7018.0,7020.0,11,7032.0,7028.0,7028.0,7008.0,192.0,1347072.0,26297
2023-05-09 21:08:13,PF2310,PF310,7018.0,1.0,7016.0,0.0,1,7018.0,7020.0,11,7032.0,7028.0,7028.0,7008.0,193.0,1354088.0,26297
2023-05-09 21:08:15,PF2310,PF310,7018.0,1.0,7016.0,1.0,90,7016.0,7020.0,11,7032.0,7028.0,7028.0,7008.0,194.0,1361104.0,26298
2023-05-09 21:08:15,PF2310,PF310,7018.0,1.0,7016.0,1.0,40,7016.0,7018.0,11,7032.0,7028.0,7028.0,7008.0,195.0,1368120.0,26299
2023-05-09 21:08:16,PF2310,PF310,7016.0,10.0,70160.0,10.0,110,7014.0,7018.0,11,7032.0,7028.0,7028.0,7008.0,205.0,1438280.0,26309
2023-05-09 21:08:16,PF2310,PF310,7016.0,0.0,0.0,0.0,40,7014.0,7018.0,1,7032.0,7028.0,7028.0,7008.0,205.0,1438280.0,26309
2023-05-09 21:08:16,PF2310,PF310,7016.0,0.0,0.0,0.0,10,7014.0,7018.0,11,7032.0,7028.0,7028.0,7008.0,205.0,1438280.0,26309
2023-05-09 21:08:17,PF2310,PF310,7016.0,0.0,0.0,0.0,141,7012.0,7018.0,31,7032.0,7028.0,7028.0,7008.0,205.0,1438280.0,26309
2023-05-09 21:08:19,PF2310,PF310,7016.0,0.0,0.0,0.0,131,7012.0,7016.0,10,7032.0,7028.0,7028.0,7008.0,205.0,1438280.0,26309
2023-05-09 21:08:19,PF2310,PF310,7016.0,0.0,0.0,0.0,41,7012.0,7016.0,10,7032.0,7028.0,7028.0,7008.0,205.0,1438280.0,26309
2023-05-09 21:08:19,PF2310,PF310,7016.0,0.0,0.0,0.0,21,7012.0,7016.0,10,7032.0,7028.0,7028.0,7008.0,205.0,1438280.0,26309
2023-05-09 21:08:21,PF2310,PF310,7016.0,0.0,0.0,0.0,11,7012.0,7016.0,10,7032.0,7028.0,7028.0,7008.0,205.0,1438280.0,26309
2023-05-09 21:08:24,PF2310,PF310,7016.0,0.0,0.0,0.0,1,7014.0,7016.0,10,7032.0,7028.0,7028.0,7008.0,205.0,1438280.0,26309
2023-05-09 21:08:26,PF2310,PF310,7016.0,0.0,0.0,0.0,1,7014.0,7018.0,163,7032.0,7028.0,7028.0,7008.0,205.0,1438280.0,26309
2023-05-09 21:08:26,PF2310,PF310,7016.0,0.0,0.0,0.0,1,7014.0,7018.0,71,7032.0,7028.0,7028.0,7008.0,205.0,1438280.0,26309
2023-05-09 21:08:27,PF2310,PF310,7016.0,0.0,0.0,0.0,1,7014.0,7018.0,31,7032.0,7028.0,7028.0,7008.0,205.0,1438280.0,26309
2023-05-09 21:08:27,PF2310,PF310,7016.0,0.0,0.0,0.0,1,7014.0,7018.0,21,7032.0,7028.0,7028.0,7008.0,205.0,1438280.0,26309
2023-05-09 21:08:33,PF2310,PF310,7016.0,0.0,0.0,0.0,2,7014.0,7018.0,21,7032.0,7028.0,7028.0,7008.0,205.0,1438280.0,26309
2023-05-09 21:08:36,PF2310,PF310,7016.0,0.0,0.0,0.0,12,7014.0,7018.0,11,7032.0,7028.0,7028.0,7008.0,205.0,1438280.0,26309
2023-05-09 21:08:37,PF2310,PF310,7016.0,0.0,0.0,0.0,22,7014.0,7018.0,11,7032.0,7028.0,7028.0,7008.0,205.0,1438280.0,26309
2023-05-09 21:08:44,PF2310,PF310,7016.0,0.0,0.0,0.0,12,7014.0,7018.0,11,7032.0,7028.0,7028.0,7008.0,205.0,1438280.0,26309
2023-05-09 21:08:44,PF2310,PF310,7016.0,0.0,0.0,0.0,22,7014.0,7018.0,11,7032.0,7028.0,7028.0,7008.0,205.0,1438280.0,26309
2023-05-09 21:08:45,PF2310,PF310,7016.0,0.0,0.0,0.0,12,7014.0,7018.0,11,7032.0,7028.0,7028.0,7008.0,205.0,1438280.0,26309
2023-05-09 21:08:47,PF2310,PF310,7016.0,0.0,0.0,0.0,22,7014.0,7018.0,1,7032.0,7028.0,7028.0,7008.0,205.0,1438280.0,26309
2023-05-09 21:08:47,PF2310,PF310,7016.0,0.0,0.0,0.0,12,7014.0,7018.0,11,7032.0,7028.0,7028.0,7008.0,205.0,1438280.0,26309
2023-05-09 21:08:48,PF2310,PF310,7016.0,0.0,0.0,0.0,1,7016.0,7018.0,11,7032.0,7028.0,7028.0,7008.0,205.0,1438280.0,26309
2023-05-09 21:08:49,PF2310,PF310,7016.0,0.0,0.0,0.0,22,7014.0,7018.0,11,7032.0,7028.0,7028.0,7008.0,205.0,1438280.0,26309
2023-05-09 21:08:49,PF2310,PF310,7016.0,0.0,0.0,0.0,12,7014.0,7018.0,11,7032.0,7028.0,7028.0,7008.0,205.0,1438280.0,26309
2023-05-09 21:08:51,PF2310,PF310,7016.0,0.0,0.0,0.0,22,7014.0,7018.0,1,7032.0,7028.0,7028.0,7008.0,205.0,1438280.0,26309
2023-05-09 21:08:51,PF2310,PF310,7016.0,0.0,0.0,0.0,12,7014.0,7018.0,11,7032.0,7028.0,7028.0,7008.0,205.0,1438280.0,26309
2023-05-09 21:08:53,PF2310,PF310,7016.0,0.0,0.0,0.0,22,7014.0,7018.0,1,7032.0,7028.0,7028.0,7008.0,205.0,1438280.0,26309
2023-05-09 21:08:54,PF2310,PF310,7016.0,0.0,0.0,0.0,12,7014.0,7018.0,11,7032.0,7028.0,7028.0,7008.0,205.0,1438280.0,26309
2023-05-09 21:08:58,PF2310,PF310,7016.0,0.0,0.0,0.0,22,7014.0,7018.0,1,7032.0,7028.0,7028.0,7008.0,205.0,1438280.0,26309
2023-05-09 21:08:58,PF2310,PF310,7016.0,0.0,0.0,0.0,12,7014.0,7018.0,11,7032.0,7028.0,7028.0,7008.0,205.0,1438280.0,26309
2023-05-09 21:09:00,PF2310,PF310,7016.0,0.0,0.0,0.0,22,7014.0,7018.0,1,7032.0,7028.0,7028.0,7008.0,205.0,1438280.0,26309
2023-05-09 21:09:00,PF2310,PF310,7016.0,0.0,0.0,0.0,12,7014.0,7018.0,11,7032.0,7028.0,7028.0,7008.0,205.0,1438280.0,26309
2023-05-09 21:09:07,PF2310,PF310,7016.0,0.0,0.0,0.0,22,7014.0,7018.0,11,7032.0,7028.0,7028.0,7008.0,205.0,1438280.0,26309
2023-05-09 21:09:08,PF2310,PF310,7016.0,0.0,0.0,0.0,12,7014.0,7018.0,11,7032.0,7028.0,7028.0,7008.0,205.0,1438280.0,26309
2023-05-09 21:09:08,PF2310,PF310,7016.0,0.0,0.0,0.0,22,7014.0,7018.0,11,7032.0,7028.0,7028.0,7008.0,205.0,1438280.0,26309
2023-05-09 21:09:10,PF2310,PF310,7016.0,0.0,0.0,0.0,12,7014.0,7018.0,11,7032.0,7028.0,7028.0,7008.0,205.0,1438280.0,26309
2023-05-09 21:09:10,PF2310,PF310,7016.0,0.0,0.0,0.0,11,7014.0,7016.0,10,7032.0,7028.0,7028.0,7008.0,205.0,1438280.0,26309
2023-05-09 21:09:11,PF2310,PF310,7014.0,5.0,35080.0,4.0,93,7012.0,7016.0,10,7032.0,7028.0,7028.0,7008.0,210.0,1473360.0,26313
2023-05-09 21:09:11,PF2310,PF310,7014.0,0.0,0.0,0.0,43,7012.0,7016.0,10,7032.0,7028.0,7028.0,7008.0,210.0,1473360.0,26313
2023-05-09 21:09:12,PF2310,PF310,7014.0,0.0,0.0,0.0,24,7012.0,7016.0,10,7032.0,7028.0,7028.0,7008.0,210.0,1473360.0,26313
2023-05-09 21:09:12,PF2310,PF310,7014.0,0.0,0.0,0.0,14,7012.0,7016.0,10,7032.0,7028.0,7028.0,7008.0,210.0,1473360.0,26313
2023-05-09 21:09:14,PF2310,PF310,7014.0,0.0,0.0,0.0,24,7012.0,7016.0,10,7032.0,7028.0,7028.0,7008.0,210.0,1473360.0,26313
2023-05-09 21:09:14,PF2310,PF310,7014.0,0.0,0.0,0.0,10,7012.0,7016.0,10,7032.0,7028.0,7028.0,7008.0,210.0,1473360.0,26313
2023-05-09 21:09:16,PF2310,PF310,7014.0,0.0,0.0,0.0,20,7012.0,7018.0,163,7032.0,7028.0,7028.0,7008.0,210.0,1473360.0,26313
2023-05-09 21:09:16,PF2310,PF310,7014.0,0.0,0.0,0.0,30,7012.0,7018.0,153,7032.0,7028.0,7028.0,7008.0,210.0,1473360.0,26313
2023-05-09 21:09:17,PF2310,PF310,7014.0,0.0,0.0,0.0,31,7012.0,7018.0,153,7032.0,7028.0,7028.0,7008.0,210.0,1473360.0,26313
2023-05-09 21:09:17,PF2310,PF310,7014.0,0.0,0.0,0.0,21,7012.0,7016.0,10,7032.0,7028.0,7028.0,7008.0,210.0,1473360.0,26313
2023-05-09 21:09:18,PF2310,PF310,7014.0,0.0,0.0,0.0,31,7012.0,7018.0,163,7032.0,7028.0,7028.0,7008.0,210.0,1473360.0,26313
2023-05-09 21:09:22,PF2310,PF310,7014.0,0.0,0.0,0.0,31,7012.0,7018.0,153,7032.0,7028.0,7028.0,7008.0,210.0,1473360.0,26313
2023-05-09 21:09:22,PF2310,PF310,7014.0,0.0,0.0,0.0,31,7012.0,7018.0,163,7032.0,7028.0,7028.0,7008.0,210.0,1473360.0,26313
2023-05-09 21:09:24,PF2310,PF310,7014.0,0.0,0.0,0.0,31,7012.0,7018.0,153,7032.0,7028.0,7028.0,7008.0,210.0,1473360.0,26313
2023-05-09 21:09:28,PF2310,PF310,7014.0,0.0,0.0,0.0,31,7012.0,7018.0,164,7032.0,7028.0,7028.0,7008.0,210.0,1473360.0,26313
2023-05-09 21:09:28,PF2310,PF310,7014.0,0.0,0.0,0.0,32,7012.0,7018.0,121,7032.0,7028.0,7028.0,7008.0,210.0,1473360.0,26313
2023-05-09 21:09:29,PF2310,PF310,7014.0,0.0,0.0,0.0,32,7012.0,7018.0,141,7032.0,7028.0,7028.0,7008.0,210.0,1473360.0,26313
2023-05-09 21:09:29,PF2310,PF310,7014.0,0.0,0.0,0.0,32,7012.0,7018.0,151,7032.0,7028.0,7028.0,7008.0,210.0,1473360.0,26313
2023-05-09 21:09:32,PF2310,PF310,7014.0,0.0,0.0,0.0,10,7014.0,7018.0,131,7032.0,7028.0,7028.0,7008.0,210.0,1473360.0,26313
2023-05-09 21:09:32,PF2310,PF310,7014.0,0.0,0.0,0.0,10,7014.0,7018.0,71,7032.0,7028.0,7028.0,7008.0,210.0,1473360.0,26313
2023-05-09 21:09:33,PF2310,PF310,7014.0,0.0,0.0,0.0,10,7014.0,7018.0,11,7032.0,7028.0,7028.0,7008.0,210.0,1473360.0,26313
2023-05-09 21:09:33,PF2310,PF310,7014.0,0.0,0.0,0.0,154,7012.0,7018.0,31,7032.0,7028.0,7028.0,7008.0,210.0,1473360.0,26313
2023-05-09 21:09:33,PF2310,PF310,7014.0,0.0,0.0,0.0,164,7012.0,7018.0,31,7032.0,7028.0,7028.0,7008.0,210.0,1473360.0,26313
2023-05-09 21:09:35,PF2310,PF310,7014.0,0.0,0.0,0.0,164,7012.0,7018.0,21,7032.0,7028.0,7028.0,7008.0,210.0,1473360.0,26313
2023-05-09 21:09:35,PF2310,PF310,7014.0,0.0,0.0,0.0,154,7012.0,7018.0,31,7032.0,7028.0,7028.0,7008.0,210.0,1473360.0,26313
2023-05-09 21:09:36,PF2310,PF310,7014.0,0.0,0.0,0.0,1,7014.0,7018.0,21,7032.0,7028.0,7028.0,7008.0,210.0,1473360.0,26313
2023-05-09 21:09:39,PF2310,PF310,7014.0,0.0,0.0,0.0,1,7016.0,7018.0,11,7032.0,7028.0,7028.0,7008.0,210.0,1473360.0,26313
2023-05-09 21:09:39,PF2310,PF310,7014.0,0.0,0.0,0.0,1,7016.0,7018.0,1,7032.0,7028.0,7028.0,7008.0,210.0,1473360.0,26313
2023-05-09 21:09:44,PF2310,PF310,7014.0,0.0,0.0,0.0,163,7014.0,7018.0,1,7032.0,7028.0,7028.0,7008.0,210.0,1473360.0,26313
2023-05-09 21:09:44,PF2310,PF310,7014.0,0.0,0.0,0.0,41,7014.0,7018.0,11,7032.0,7028.0,7028.0,7008.0,210.0,1473360.0,26313
2023-05-09 21:09:44,PF2310,PF310,7014.0,0.0,0.0,0.0,11,7014.0,7018.0,11,7032.0,7028.0,7028.0,7008.0,210.0,1473360.0,26313
2023-05-09 21:09:47,PF2310,PF310,7014.0,0.0,0.0,0.0,11,7014.0,7018.0,21,7032.0,7028.0,7028.0,7008.0,210.0,1473360.0,26313
2023-05-09 21:09:47,PF2310,PF310,7014.0,0.0,0.0,0.0,1,7014.0,7018.0,21,7032.0,7028.0,7028.0,7008.0,210.0,1473360.0,26313
2023-05-09 21:09:47,PF2310,PF310,7014.0,0.0,0.0,0.0,11,7014.0,7018.0,21,7032.0,7028.0,7028.0,7008.0,210.0,1473360.0,26313
2023-05-09 21:09:47,PF2310,PF310,7014.0,0.0,0.0,0.0,1,7014.0,7018.0,21,7032.0,7028.0,7028.0,7008.0,210.0,1473360.0,26313
2023-05-09 21:09:47,PF2310,PF310,7014.0,0.0,0.0,0.0,11,7014.0,7018.0,21,7032.0,7028.0,7028.0,7008.0,210.0,1473360.0,26313
2023-05-09 21:09:48,PF2310,PF310,7014.0,0.0,0.0,0.0,101,7012.0,7016.0,10,7032.0,7028.0,7028.0,7008.0,210.0,1473360.0,26313
2023-05-09 21:09:49,PF2310,PF310,7014.0,0.0,0.0,0.0,41,7012.0,7016.0,10,7032.0,7028.0,7028.0,7008.0,210.0,1473360.0,26313
2023-05-09 21:09:49,PF2310,PF310,7014.0,0.0,0.0,0.0,31,7012.0,7016.0,10,7032.0,7028.0,7028.0,7008.0,210.0,1473360.0,26313
2023-05-09 21:09:50,PF2310,PF310,7014.0,1.0,7016.0,0.0,61,7012.0,7016.0,10,7032.0,7028.0,7028.0,7008.0,211.0,1480376.0,26313
2023-05-09 21:09:50,PF2310,PF310,7014.0,0.0,0.0,0.0,21,7012.0,7016.0,10,7032.0,7028.0,7028.0,7008.0,211.0,1480376.0,26313
2023-05-09 21:09:51,PF2310,PF310,7014.0,0.0,0.0,0.0,10,7012.0,7016.0,20,7032.0,7028.0,7028.0,7008.0,211.0,1480376.0,26313
2023-05-09 21:09:51,PF2310,PF310,7014.0,0.0,0.0,0.0,142,7010.0,7014.0,10,7032.0,7028.0,7028.0,7008.0,211.0,1480376.0,26313
2023-05-09 21:09:52,PF2310,PF310,7014.0,0.0,0.0,0.0,52,7010.0,7014.0,10,7032.0,7028.0,7028.0,7008.0,211.0,1480376.0,26313
2023-05-09 21:09:52,PF2310,PF310,7014.0,0.0,0.0,0.0,22,7010.0,7014.0,10,7032.0,7028.0,7028.0,7008.0,211.0,1480376.0,26313
2023-05-09 21:09:53,PF2310,PF310,7014.0,0.0,0.0,0.0,12,7010.0,7014.0,10,7032.0,7028.0,7028.0,7008.0,211.0,1480376.0,26313
2023-05-09 21:09:58,PF2310,PF310,7014.0,0.0,0.0,0.0,22,7010.0,7014.0,10,7032.0,7028.0,7028.0,7008.0,211.0,1480376.0,26313
2023-05-09 21:09:59,PF2310,PF310,7014.0,0.0,0.0,0.0,12,7010.0,7014.0,10,7032.0,7028.0,7028.0,7008.0,211.0,1480376.0,26313
2023-05-09 21:10:02,PF2310,PF310,7014.0,0.0,0.0,0.0,1,7012.0,7014.0,10,7032.0,7028.0,7028.0,7008.0,211.0,1480376.0,26313
2023-05-09 21:10:02,PF2310,PF310,7014.0,0.0,0.0,0.0,1,7012.0,7016.0,101,7032.0,7028.0,7028.0,7008.0,211.0,1480376.0,26313
2023-05-09 21:10:03,PF2310,PF310,7014.0,0.0,0.0,0.0,1,7012.0,7016.0,41,7032.0,7028.0,7028.0,7008.0,211.0,1480376.0,26313
2023-05-09 21:10:03,PF2310,PF310,7014.0,0.0,0.0,0.0,1,7012.0,7016.0,21,7032.0,7028.0,7028.0,7008.0,211.0,1480376.0,26313
2023-05-09 21:10:03,PF2310,PF310,7014.0,0.0,0.0,0.0,1,7012.0,7016.0,20,7032.0,7028.0,7028.0,7008.0,211.0,1480376.0,26313
2023-05-09 21:10:05,PF2310,PF310,7014.0,0.0,0.0,0.0,11,7012.0,7016.0,20,7032.0,7028.0,7028.0,7008.0,211.0,1480376.0,26313
2023-05-09 21:10:06,PF2310,PF310,7016.0,20.0,140320.0,0.0,10,7016.0,7018.0,133,7032.0,7028.0,7028.0,7008.0,231.0,1620696.0,26313
2023-05-09 21:10:07,PF2310,PF310,7016.0,0.0,0.0,0.0,20,7016.0,7018.0,1,7032.0,7028.0,7028.0,7008.0,231.0,1620696.0,26313
2023-05-09 21:10:11,PF2310,PF310,7016.0,0.0,0.0,0.0,10,7016.0,7018.0,1,7032.0,7028.0,7028.0,7008.0,231.0,1620696.0,26313
2023-05-09 21:10:12,PF2310,PF310,7016.0,0.0,0.0,0.0,10,7016.0,7018.0,11,7032.0,7028.0,7028.0,7008.0,231.0,1620696.0,26313
2023-05-09 21:10:14,PF2310,PF310,7016.0,10.0,70160.0,10.0,90,7014.0,7018.0,11,7032.0,7028.0,7028.0,7008.0,241.0,1690856.0,26323
2023-05-09 21:10:15,PF2310,PF310,7016.0,0.0,0.0,0.0,20,7014.0,7018.0,11,7032.0,7028.0,7028.0,7008.0,241.0,1690856.0,26323
2023-05-09 21:10:15,PF2310,PF310,7016.0,0.0,0.0,0.0,10,7014.0,7018.0,11,7032.0,7028.0,7028.0,7008.0,241.0,1690856.0,26323
2023-05-09 21:10:16,PF2310,PF310,7016.0,0.0,0.0,0.0,140,7012.0,7018.0,21,7032.0,7028.0,7028.0,7008.0,241.0,1690856.0,26323
2023-05-09 21:10:16,PF2310,PF310,7016.0,0.0,0.0,0.0,150,7012.0,7018.0,31,7032.0,7028.0,7028.0,7008.0,241.0,1690856.0,26323
2023-05-09 21:10:17,PF2310,PF310,7016.0,0.0,0.0,0.0,140,7012.0,7018.0,31,7032.0,7028.0,7028.0,7008.0,241.0,1690856.0,26323
2023-05-09 21:10:17,PF2310,PF310,7016.0,0.0,0.0,0.0,162,7012.0,7018.0,31,7032.0,7028.0,7028.0,7008.0,241.0,1690856.0,26323
2023-05-09 21:10:18,PF2310,PF310,7016.0,0.0,0.0,0.0,107,7012.0,7016.0,10,7032.0,7028.0,7028.0,7008.0,241.0,1690856.0,26323
2023-05-09 21:10:19,PF2310,PF310,7016.0,0.0,0.0,0.0,36,7012.0,7016.0,10,7032.0,7028.0,7028.0,7008.0,241.0,1690856.0,26323
2023-05-09 21:10:19,PF2310,PF310,7016.0,0.0,0.0,0.0,26,7012.0,7016.0,10,7032.0,7028.0,7028.0,7008.0,241.0,1690856.0,26323
2023-05-09 21:10:21,PF2310,PF310,7016.0,0.0,0.0,0.0,25,7012.0,7016.0,10,7032.0,7028.0,7028.0,7008.0,241.0,1690856.0,26323
2023-05-09 21:10:23,PF2310,PF310,7016.0,0.0,0.0,0.0,21,7012.0,7016.0,10,7032.0,7028.0,7028.0,7008.0,241.0,1690856.0,26323
2023-05-09 21:10:25,PF2310,PF310,7016.0,0.0,0.0,0.0,31,7012.0,7018.0,163,7032.0,7028.0,7028.0,7008.0,241.0,1690856.0,26323
2023-05-09 21:10:25,PF2310,PF310,7016.0,0.0,0.0,0.0,31,7012.0,7018.0,141,7032.0,7028.0,7028.0,7008.0,241.0,1690856.0,26323
2023-05-09 21:10:29,PF2310,PF310,7016.0,0.0,0.0,0.0,1,7014.0,7018.0,131,7032.0,7028.0,7028.0,7008.0,241.0,1690856.0,26323
2023-05-09 21:10:29,PF2310,PF310,7016.0,0.0,0.0,0.0,11,7014.0,7018.0,31,7032.0,7028.0,7028.0,7008.0,241.0,1690856.0,26323
2023-05-09 21:10:30,PF2310,PF310,7016.0,0.0,0.0,0.0,11,7014.0,7018.0,11,7032.0,7028.0,7028.0,7008.0,241.0,1690856.0,26323
2023-05-09 21:10:30,PF2310,PF310,7016.0,0.0,0.0,0.0,21,7014.0,7018.0,1,7032.0,7028.0,7028.0,7008.0,241.0,1690856.0,26323
2023-05-09 21:10:33,PF2310,PF310,7016.0,0.0,0.0,0.0,20,7014.0,7018.0,11,7032.0,7028.0,7028.0,7008.0,241.0,1690856.0,26323
2023-05-09 21:10:33,PF2310,PF310,7016.0,0.0,0.0,0.0,10,7014.0,7018.0,11,7032.0,7028.0,7028.0,7008.0,241.0,1690856.0,26323
2023-05-09 21:10:34,PF2310,PF310,7016.0,0.0,0.0,0.0,151,7012.0,7018.0,31,7032.0,7028.0,7028.0,7008.0,241.0,1690856.0,26323
2023-05-09 21:10:34,PF2310,PF310,7016.0,0.0,0.0,0.0,100,7012.0,7016.0,10,7032.0,7028.0,7028.0,7008.0,241.0,1690856.0,26323
2023-05-09 21:10:35,PF2310,PF310,7016.0,0.0,0.0,0.0,20,7012.0,7016.0,10,7032.0,7028.0,7028.0,7008.0,241.0,1690856.0,26323
2023-05-09 21:10:35,PF2310,PF310,7016.0,0.0,0.0,0.0,10,7012.0,7016.0,10,7032.0,7028.0,7028.0,7008.0,241.0,1690856.0,26323
2023-05-09 21:10:36,PF2310,PF310,7016.0,0.0,0.0,0.0,20,7012.0,7018.0,164,7032.0,7028.0,7028.0,7008.0,241.0,1690856.0,26323
2023-05-09 21:10:37,PF2310,PF310,7016.0,0.0,0.0,0.0,30,7012.0,7018.0,164,7032.0,7028.0,7028.0,7008.0,241.0,1690856.0,26323
2023-05-09 21:10:40,PF2310,PF310,7016.0,0.0,0.0,0.0,30,7012.0,7018.0,163,7032.0,7028.0,7028.0,7008.0,241.0,1690856.0,26323
2023-05-09 21:10:41,PF2310,PF310,7016.0,0.0,0.0,0.0,30,7012.0,7018.0,164,7032.0,7028.0,7028.0,7008.0,241.0,1690856.0,26323
2023-05-09 21:10:42,PF2310,PF310,7016.0,0.0,0.0,0.0,30,7012.0,7018.0,163,7032.0,7028.0,7028.0,7008.0,241.0,1690856.0,26323
2023-05-09 21:10:43,PF2310,PF310,7016.0,0.0,0.0,0.0,30,7012.0,7018.0,164,7032.0,7028.0,7028.0,7008.0,241.0,1690856.0,26323
2023-05-09 21:10:44,PF2310,PF310,7016.0,0.0,0.0,0.0,30,7012.0,7018.0,163,7032.0,7028.0,7028.0,7008.0,241.0,1690856.0,26323
2023-05-09 21:10:45,PF2310,PF310,7016.0,0.0,0.0,0.0,30,7012.0,7018.0,153,7032.0,7028.0,7028.0,7008.0,241.0,1690856.0,26323
2023-05-09 21:10:45,PF2310,PF310,7016.0,0.0,0.0,0.0,30,7012.0,7018.0,164,7032.0,7028.0,7028.0,7008.0,241.0,1690856.0,26323
2023-05-09 21:10:46,PF2310,PF310,7016.0,0.0,0.0,0.0,30,7012.0,7018.0,163,7032.0,7028.0,7028.0,7008.0,241.0,1690856.0,26323
2023-05-09 21:10:49,PF2310,PF310,7016.0,0.0,0.0,0.0,30,7012.0,7018.0,151,7032.0,7028.0,7028.0,7008.0,241.0,1690856.0,26323
2023-05-09 21:10:53,PF2310,PF310,7016.0,0.0,0.0,0.0,30,7012.0,7018.0,163,7032.0,7028.0,7028.0,7008.0,241.0,1690856.0,26323
2023-05-09 21:10:54,PF2310,PF310,7016.0,0.0,0.0,0.0,20,7012.0,7018.0,163,7032.0,7028.0,7028.0,7008.0,241.0,1690856.0,26323
2023-05-09 21:10:56,PF2310,PF310,7016.0,0.0,0.0,0.0,30,7012.0,7018.0,163,7032.0,7028.0,7028.0,7008.0,241.0,1690856.0,26323
2023-05-09 21:11:07,PF2310,PF310,7016.0,0.0,0.0,0.0,30,7012.0,7018.0,141,7032.0,7028.0,7028.0,7008.0,241.0,1690856.0,26323
2023-05-09 21:11:07,PF2310,PF310,7016.0,0.0,0.0,0.0,30,7012.0,7018.0,151,7032.0,7028.0,7028.0,7008.0,241.0,1690856.0,26323
2023-05-09 21:11:10,PF2310,PF310,7016.0,0.0,0.0,0.0,31,7012.0,7018.0,141,7032.0,7028.0,7028.0,7008.0,241.0,1690856.0,26323
2023-05-09 21:11:10,PF2310,PF310,7016.0,0.0,0.0,0.0,31,7012.0,7018.0,163,7032.0,7028.0,7028.0,7008.0,241.0,1690856.0,26323
2023-05-09 21:11:11,PF2310,PF310,7016.0,0.0,0.0,0.0,31,7012.0,7018.0,153,7032.0,7028.0,7028.0,7008.0,241.0,1690856.0,26323
2023-05-09 21:11:12,PF2310,PF310,7016.0,0.0,0.0,0.0,30,7012.0,7018.0,163,7032.0,7028.0,7028.0,7008.0,241.0,1690856.0,26323
2023-05-09 21:11:15,PF2310,PF310,7016.0,0.0,0.0,0.0,30,7012.0,7018.0,143,7032.0,7028.0,7028.0,7008.0,241.0,1690856.0,26323
2023-05-09 21:11:15,PF2310,PF310,7016.0,0.0,0.0,0.0,34,7012.0,7018.0,163,7032.0,7028.0,7028.0,7008.0,241.0,1690856.0,26323
2023-05-09 21:11:16,PF2310,PF310,7016.0,0.0,0.0,0.0,30,7012.0,7018.0,163,7032.0,7028.0,7028.0,7008.0,241.0,1690856.0,26323
2023-05-09 21:11:18,PF2310,PF310,7016.0,0.0,0.0,0.0,31,7012.0,7018.0,163,7032.0,7028.0,7028.0,7008.0,241.0,1690856.0,26323
2023-05-09 21:11:20,PF2310,PF310,7016.0,0.0,0.0,0.0,31,7012.0,7018.0,153,7032.0,7028.0,7028.0,7008.0,241.0,1690856.0,26323
2023-05-09 21:11:22,PF2310,PF310,7016.0,0.0,0.0,0.0,31,7012.0,7018.0,163,7032.0,7028.0,7028.0,7008.0,241.0,1690856.0,26323
2023-05-09 21:11:25,PF2310,PF310,7016.0,0.0,0.0,0.0,30,7012.0,7018.0,164,7032.0,7028.0,7028.0,7008.0,241.0,1690856.0,26323
2023-05-09 21:11:25,PF2310,PF310,7016.0,0.0,0.0,0.0,30,7012.0,7018.0,163,7032.0,7028.0,7028.0,7008.0,241.0,1690856.0,26323
2023-05-09 21:11:26,PF2310,PF310,7016.0,0.0,0.0,0.0,30,7012.0,7018.0,164,7032.0,7028.0,7028.0,7008.0,241.0,1690856.0,26323
2023-05-09 21:11:26,PF2310,PF310,7016.0,0.0,0.0,0.0,10,7012.0,7016.0,10,7032.0,7028.0,7028.0,7008.0,241.0,1690856.0,26323
2023-05-09 21:11:28,PF2310,PF310,7016.0,0.0,0.0,0.0,20,7012.0,7018.0,164,7032.0,7028.0,7028.0,7008.0,241.0,1690856.0,26323
2023-05-09 21:11:29,PF2310,PF310,7016.0,0.0,0.0,0.0,10,7012.0,7016.0,11,7032.0,7028.0,7028.0,7008.0,241.0,1690856.0,26323
2023-05-09 21:11:29,PF2310,PF310,7016.0,0.0,0.0,0.0,164,7010.0,7016.0,31,7032.0,7028.0,7028.0,7008.0,241.0,1690856.0,26323
2023-05-09 21:11:30,PF2310,PF310,7016.0,0.0,0.0,0.0,159,7010.0,7016.0,30,7032.0,7028.0,7028.0,7008.0,241.0,1690856.0,26323
2023-05-09 21:11:30,PF2310,PF310,7016.0,0.0,0.0,0.0,151,7010.0,7016.0,30,7032.0,7028.0,7028.0,7008.0,241.0,1690856.0,26323
2023-05-09 21:11:31,PF2310,PF310,7016.0,0.0,0.0,0.0,151,7010.0,7016.0,31,7032.0,7028.0,7028.0,7008.0,241.0,1690856.0,26323
2023-05-09 21:11:31,PF2310,PF310,7016.0,0.0,0.0,0.0,163,7010.0,7014.0,10,7032.0,7028.0,7028.0,7008.0,241.0,1690856.0,26323
2023-05-09 21:11:32,PF2310,PF310,7016.0,0.0,0.0,0.0,61,7010.0,7014.0,10,7032.0,7028.0,7028.0,7008.0,241.0,1690856.0,26323
2023-05-09 21:11:32,PF2310,PF310,7016.0,0.0,0.0,0.0,21,7010.0,7014.0,10,7032.0,7028.0,7028.0,7008.0,241.0,1690856.0,26323
2023-05-09 21:11:33,PF2310,PF310,7016.0,0.0,0.0,0.0,12,7010.0,7014.0,10,7032.0,7028.0,7028.0,7008.0,241.0,1690856.0,26323
2023-05-09 21:11:34,PF2310,PF310,7016.0,0.0,0.0,0.0,11,7010.0,7014.0,10,7032.0,7028.0,7028.0,7008.0,241.0,1690856.0,26323
2023-05-09 21:11:37,PF2310,PF310,7016.0,0.0,0.0,0.0,21,7010.0,7014.0,10,7032.0,7028.0,7028.0,7008.0,241.0,1690856.0,26323
2023-05-09 21:11:38,PF2310,PF310,7016.0,0.0,0.0,0.0,22,7010.0,7016.0,162,7032.0,7028.0,7028.0,7008.0,241.0,1690856.0,26323
2023-05-09 21:11:38,PF2310,PF310,7016.0,0.0,0.0,0.0,31,7010.0,7016.0,162,7032.0,7028.0,7028.0,7008.0,241.0,1690856.0,26323
2023-05-09 21:11:39,PF2310,PF310,7016.0,0.0,0.0,0.0,104,7010.0,7016.0,110,7032.0,7028.0,7028.0,7008.0,241.0,1690856.0,26323
2023-05-09 21:11:39,PF2310,PF310,7016.0,0.0,0.0,0.0,62,7010.0,7016.0,162,7032.0,7028.0,7028.0,7008.0,241.0,1690856.0,26323
2023-05-09 21:11:40,PF2310,PF310,7016.0,0.0,0.0,0.0,32,7010.0,7016.0,162,7032.0,7028.0,7028.0,7008.0,241.0,1690856.0,26323
2023-05-09 21:11:40,PF2310,PF310,7016.0,0.0,0.0,0.0,22,7010.0,7016.0,162,7032.0,7028.0,7028.0,7008.0,241.0,1690856.0,26323
2023-05-09 21:11:40,PF2310,PF310,7016.0,0.0,0.0,0.0,32,7010.0,7016.0,162,7032.0,7028.0,7028.0,7008.0,241.0,1690856.0,26323
2023-05-09 21:11:41,PF2310,PF310,7016.0,0.0,0.0,0.0,31,7010.0,7016.0,163,7032.0,7028.0,7028.0,7008.0,241.0,1690856.0,26323
2023-05-09 21:11:42,PF2310,PF310,7016.0,0.0,0.0,0.0,21,7010.0,7016.0,163,7032.0,7028.0,7028.0,7008.0,241.0,1690856.0,26323
2023-05-09 21:11:42,PF2310,PF310,7016.0,0.0,0.0,0.0,21,7010.0,7014.0,10,7032.0,7028.0,7028.0,7008.0,241.0,1690856.0,26323
2023-05-09 21:11:43,PF2310,PF310,7016.0,0.0,0.0,0.0,21,7010.0,7016.0,163,7032.0,7028.0,7028.0,7008.0,241.0,1690856.0,26323
2023-05-09 21:11:43,PF2310,PF310,7016.0,0.0,0.0,0.0,31,7010.0,7016.0,163,7032.0,7028.0,7028.0,7008.0,241.0,1690856.0,26323
2023-05-09 21:11:44,PF2310,PF310,7016.0,0.0,0.0,0.0,32,7010.0,7016.0,163,7032.0,7028.0,7028.0,7008.0,241.0,1690856.0,26323
2023-05-09 21:11:44,PF2310,PF310,7016.0,0.0,0.0,0.0,32,7010.0,7016.0,141,7032.0,7028.0,7028.0,7008.0,241.0,1690856.0,26323
2023-05-09 21:11:45,PF2310,PF310,7016.0,0.0,0.0,0.0,32,7010.0,7016.0,151,7032.0,7028.0,7028.0,7008.0,241.0,1690856.0,26323
2023-05-09 21:11:46,PF2310,PF310,7016.0,0.0,0.0,0.0,31,7010.0,7016.0,151,7032.0,7028.0,7028.0,7008.0,241.0,1690856.0,26323
2023-05-09 21:11:46,PF2310,PF310,7016.0,0.0,0.0,0.0,32,7010.0,7016.0,150,7032.0,7028.0,7028.0,7008.0,241.0,1690856.0,26323
2023-05-09 21:11:50,PF2310,PF310,7016.0,0.0,0.0,0.0,31,7010.0,7016.0,163,7032.0,7028.0,7028.0,7008.0,241.0,1690856.0,26323
2023-05-09 21:11:57,PF2310,PF310,7016.0,0.0,0.0,0.0,42,7010.0,7016.0,142,7032.0,7028.0,7028.0,7008.0,241.0,1690856.0,26323
2023-05-09 21:11:57,PF2310,PF310,7016.0,0.0,0.0,0.0,42,7010.0,7016.0,152,7032.0,7028.0,7028.0,7008.0,241.0,1690856.0,26323
2023-05-09 21:11:58,PF2310,PF310,7016.0,0.0,0.0,0.0,11,7012.0,7016.0,101,7032.0,7028.0,7028.0,7008.0,241.0,1690856.0,26323
2023-05-09 21:11:58,PF2310,PF310,7016.0,0.0,0.0,0.0,11,7012.0,7016.0,31,7032.0,7028.0,7028.0,7008.0,241.0,1690856.0,26323
2023-05-09 21:11:58,PF2310,PF310,7016.0,0.0,0.0,0.0,11,7012.0,7016.0,11,7032.0,7028.0,7028.0,7008.0,241.0,1690856.0,26323
2023-05-09 21:11:59,PF2310,PF310,7016.0,0.0,0.0,0.0,21,7012.0,7016.0,1,7032.0,7028.0,7028.0,7008.0,241.0,1690856.0,26323
2023-05-09 21:12:00,PF2310,PF310,7016.0,0.0,0.0,0.0,20,7012.0,7018.0,154,7032.0,7028.0,7028.0,7008.0,241.0,1690856.0,26323
2023-05-09 21:12:01,PF2310,PF310,7016.0,0.0,0.0,0.0,10,7012.0,7016.0,10,7032.0,7028.0,7028.0,7008.0,241.0,1690856.0,26323
2023-05-09 21:12:01,PF2310,PF310,7016.0,0.0,0.0,0.0,11,7012.0,7016.0,11,7032.0,7028.0,7028.0,7008.0,241.0,1690856.0,26323
2023-05-09 21:12:02,PF2310,PF310,7016.0,0.0,0.0,0.0,21,7012.0,7016.0,1,7032.0,7028.0,7028.0,7008.0,241.0,1690856.0,26323
2023-05-09 21:12:03,PF2310,PF310,7016.0,0.0,0.0,0.0,20,7012.0,7016.0,10,7032.0,7028.0,7028.0,7008.0,241.0,1690856.0,26323
2023-05-09 21:12:04,PF2310,PF310,7016.0,0.0,0.0,0.0,21,7012.0,7016.0,1,7032.0,7028.0,7028.0,7008.0,241.0,1690856.0,26323
2023-05-09 21:12:04,PF2310,PF310,7016.0,0.0,0.0,0.0,11,7012.0,7016.0,11,7032.0,7028.0,7028.0,7008.0,241.0,1690856.0,26323
2023-05-09 21:12:05,PF2310,PF310,7012.0,6.0,42096.0,2.0,143,7010.0,7012.0,4,7032.0,7028.0,7028.0,7008.0,247.0,1732952.0,26325
2023-05-09 21:12:05,PF2310,PF310,7012.0,0.0,0.0,0.0,32,7010.0,7012.0,4,7032.0,7028.0,7028.0,7008.0,247.0,1732952.0,26325
2023-05-09 21:12:06,PF2310,PF310,7012.0,0.0,0.0,0.0,2,7010.0,7012.0,4,7032.0,7028.0,7028.0,7008.0,247.0,1732952.0,26325
2023-05-09 21:12:26,PF2310,PF310,7012.0,4.0,28064.0,0.0,2,7010.0,7014.0,163,7032.0,7028.0,7028.0,7008.0,251.0,1761016.0,26325
2023-05-09 21:12:26,PF2310,PF310,7012.0,0.0,0.0,0.0,13,7010.0,7014.0,51,7032.0,7028.0,7028.0,7008.0,251.0,1761016.0,26325
2023-05-09 21:12:27,PF2310,PF310,7012.0,0.0,0.0,0.0,13,7010.0,7014.0,21,7032.0,7028.0,7028.0,7008.0,251.0,1761016.0,26325
2023-05-09 21:12:27,PF2310,PF310,7012.0,0.0,0.0,0.0,13,7010.0,7014.0,11,7032.0,7028.0,7028.0,7008.0,251.0,1761016.0,26325
2023-05-09 21:12:28,PF2310,PF310,7012.0,0.0,0.0,0.0,23,7010.0,7014.0,11,7032.0,7028.0,7028.0,7008.0,251.0,1761016.0,26325
2023-05-09 21:12:29,PF2310,PF310,7012.0,0.0,0.0,0.0,12,7010.0,7014.0,11,7032.0,7028.0,7028.0,7008.0,251.0,1761016.0,26325
2023-05-09 21:12:29,PF2310,PF310,7012.0,0.0,0.0,0.0,13,7010.0,7014.0,11,7032.0,7028.0,7028.0,7008.0,251.0,1761016.0,26325
2023-05-09 21:12:30,PF2310,PF310,7012.0,0.0,0.0,0.0,12,7010.0,7014.0,11,7032.0,7028.0,7028.0,7008.0,251.0,1761016.0,26325
2023-05-09 21:12:31,PF2310,PF310,7012.0,0.0,0.0,0.0,12,7010.0,7014.0,21,7032.0,7028.0,7028.0,7008.0,251.0,1761016.0,26325
2023-05-09 21:12:32,PF2310,PF310,7012.0,0.0,0.0,0.0,2,7010.0,7014.0,21,7032.0,7028.0,7028.0,7008.0,251.0,1761016.0,26325
2023-05-09 21:12:36,PF2310,PF310,7012.0,0.0,0.0,0.0,3,7010.0,7014.0,21,7032.0,7028.0,7028.0,7008.0,251.0,1761016.0,26325
2023-05-09 21:12:37,PF2310,PF310,7012.0,0.0,0.0,0.0,2,7010.0,7014.0,21,7032.0,7028.0,7028.0,7008.0,251.0,1761016.0,26325
2023-05-09 21:12:38,PF2310,PF310,7012.0,0.0,0.0,0.0,42,7010.0,7014.0,11,7032.0,7028.0,7028.0,7008.0,251.0,1761016.0,26325
2023-05-09 21:12:39,PF2310,PF310,7012.0,0.0,0.0,0.0,22,7010.0,7014.0,1,7032.0,7028.0,7028.0,7008.0,251.0,1761016.0,26325
2023-05-09 21:12:39,PF2310,PF310,7012.0,0.0,0.0,0.0,12,7010.0,7014.0,11,7032.0,7028.0,7028.0,7008.0,251.0,1761016.0,26325
2023-05-09 21:12:39,PF2310,PF310,7012.0,0.0,0.0,0.0,13,7010.0,7014.0,12,7032.0,7028.0,7028.0,7008.0,251.0,1761016.0,26325
2023-05-09 21:12:40,PF2310,PF310,7012.0,0.0,0.0,0.0,12,7010.0,7014.0,12,7032.0,7028.0,7028.0,7008.0,251.0,1761016.0,26325
2023-05-09 21:12:45,PF2310,PF310,7012.0,0.0,0.0,0.0,21,7010.0,7014.0,1,7032.0,7028.0,7028.0,7008.0,251.0,1761016.0,26325
2023-05-09 21:12:45,PF2310,PF310,7012.0,0.0,0.0,0.0,11,7010.0,7014.0,11,7032.0,7028.0,7028.0,7008.0,251.0,1761016.0,26325
2023-05-09 21:12:45,PF2310,PF310,7012.0,0.0,0.0,0.0,12,7010.0,7014.0,12,7032.0,7028.0,7028.0,7008.0,251.0,1761016.0,26325
2023-05-09 21:12:49,PF2310,PF310,7012.0,0.0,0.0,0.0,12,7010.0,7014.0,11,7032.0,7028.0,7028.0,7008.0,251.0,1761016.0,26325
2023-05-09 21:12:49,PF2310,PF310,7012.0,0.0,0.0,0.0,22,7010.0,7014.0,1,7032.0,7028.0,7028.0,7008.0,251.0,1761016.0,26325
2023-05-09 21:12:50,PF2310,PF310,7012.0,0.0,0.0,0.0,21,7010.0,7014.0,10,7032.0,7028.0,7028.0,7008.0,251.0,1761016.0,26325
2023-05-09 21:12:50,PF2310,PF310,7012.0,0.0,0.0,0.0,21,7010.0,7016.0,162,7032.0,7028.0,7028.0,7008.0,251.0,1761016.0,26325
2023-05-09 21:12:54,PF2310,PF310,7012.0,0.0,0.0,0.0,32,7010.0,7016.0,162,7032.0,7028.0,7028.0,7008.0,251.0,1761016.0,26325
2023-05-09 21:12:54,PF2310,PF310,7012.0,0.0,0.0,0.0,42,7010.0,7016.0,162,7032.0,7028.0,7028.0,7008.0,251.0,1761016.0,26325
2023-05-09 21:12:56,PF2310,PF310,7012.0,0.0,0.0,0.0,41,7010.0,7016.0,162,7032.0,7028.0,7028.0,7008.0,251.0,1761016.0,26325
2023-05-09 21:12:59,PF2310,PF310,7012.0,0.0,0.0,0.0,41,7010.0,7014.0,10,7032.0,7028.0,7028.0,7008.0,251.0,1761016.0,26325
2023-05-09 21:12:59,PF2310,PF310,7012.0,0.0,0.0,0.0,22,7010.0,7014.0,11,7032.0,7028.0,7028.0,7008.0,251.0,1761016.0,26325
2023-05-09 21:13:01,PF2310,PF310,7012.0,0.0,0.0,0.0,12,7010.0,7014.0,11,7032.0,7028.0,7028.0,7008.0,251.0,1761016.0,26325
2023-05-09 21:13:02,PF2310,PF310,7012.0,0.0,0.0,0.0,22,7010.0,7014.0,1,7032.0,7028.0,7028.0,7008.0,251.0,1761016.0,26325
2023-05-09 21:13:02,PF2310,PF310,7012.0,0.0,0.0,0.0,21,7010.0,7014.0,10,7032.0,7028.0,7028.0,7008.0,251.0,1761016.0,26325
2023-05-09 21:13:02,PF2310,PF310,7012.0,0.0,0.0,0.0,12,7010.0,7014.0,11,7032.0,7028.0,7028.0,7008.0,251.0,1761016.0,26325
2023-05-09 21:13:04,PF2310,PF310,7012.0,0.0,0.0,0.0,12,7010.0,7014.0,12,7032.0,7028.0,7028.0,7008.0,251.0,1761016.0,26325
2023-05-09 21:13:05,PF2310,PF310,7010.0,7.0,49112.0,7.0,61,7008.0,7010.0,5,7032.0,7028.0,7028.0,7008.0,258.0,1810128.0,26332
2023-05-09 21:13:05,PF2310,PF310,7010.0,0.0,0.0,0.0,1,7008.0,7010.0,5,7032.0,7028.0,7028.0,7008.0,258.0,1810128.0,26332
2023-05-09 21:13:06,PF2310,PF310,7010.0,0.0,0.0,0.0,53,7006.0,7010.0,5,7032.0,7028.0,7028.0,7008.0,258.0,1810128.0,26332
2023-05-09 21:13:06,PF2310,PF310,7010.0,0.0,0.0,0.0,13,7006.0,7010.0,5,7032.0,7028.0,7028.0,7008.0,258.0,1810128.0,26332
2023-05-09 21:13:07,PF2310,PF310,7010.0,5.0,35080.0,0.0,1,7010.0,7012.0,153,7032.0,7028.0,7028.0,7008.0,263.0,1845208.0,26332
2023-05-09 21:13:07,PF2310,PF310,7010.0,0.0,0.0,0.0,3,7010.0,7012.0,32,7032.0,7028.0,7028.0,7008.0,263.0,1845208.0,26332
2023-05-09 21:13:08,PF2310,PF310,7010.0,0.0,0.0,0.0,3,7010.0,7012.0,1,7032.0,7028.0,7028.0,7008.0,263.0,1845208.0,26332
2023-05-09 21:13:10,PF2310,PF310,7012.0,1.0,7016.0,1.0,3,7010.0,7014.0,101,7032.0,7028.0,7028.0,7008.0,264.0,1852224.0,26333
2023-05-09 21:13:11,PF2310,PF310,7012.0,0.0,0.0,0.0,3,7010.0,7014.0,41,7032.0,7028.0,7028.0,7008.0,264.0,1852224.0,26333
2023-05-09 21:13:11,PF2310,PF310,7012.0,0.0,0.0,0.0,3,7010.0,7014.0,21,7032.0,7028.0,7028.0,7008.0,264.0,1852224.0,26333
2023-05-09 21:13:13,PF2310,PF310,7012.0,0.0,0.0,0.0,12,7010.0,7014.0,10,7032.0,7028.0,7028.0,7008.0,264.0,1852224.0,26333
2023-05-09 21:13:14,PF2310,PF310,7012.0,0.0,0.0,0.0,22,7010.0,7016.0,150,7032.0,7028.0,7028.0,7008.0,264.0,1852224.0,26333
2023-05-09 21:13:15,PF2310,PF310,7012.0,0.0,0.0,0.0,32,7010.0,7016.0,140,7032.0,7028.0,7028.0,7008.0,264.0,1852224.0,26333
2023-05-09 21:13:16,PF2310,PF310,7012.0,0.0,0.0,0.0,10,7012.0,7016.0,150,7032.0,7028.0,7028.0,7008.0,264.0,1852224.0,26333
2023-05-09 21:13:16,PF2310,PF310,7012.0,0.0,0.0,0.0,1,7012.0,7016.0,61,7032.0,7028.0,7028.0,7008.0,264.0,1852224.0,26333
2023-05-09 21:13:16,PF2310,PF310,7012.0,0.0,0.0,0.0,164,7010.0,7016.0,40,7032.0,7028.0,7028.0,7008.0,264.0,1852224.0,26333
2023-05-09 21:13:22,PF2310,PF310,7012.0,0.0,0.0,0.0,10,7012.0,7016.0,30,7032.0,7028.0,7028.0,7008.0,264.0,1852224.0,26333
2023-05-09 21:13:23,PF2310,PF310,7012.0,0.0,0.0,0.0,11,7012.0,7016.0,21,7032.0,7028.0,7028.0,7008.0,264.0,1852224.0,26333
2023-05-09 21:13:24,PF2310,PF310,7012.0,0.0,0.0,0.0,164,7010.0,7016.0,20,7032.0,7028.0,7028.0,7008.0,264.0,1852224.0,26333
2023-05-09 21:13:24,PF2310,PF310,7012.0,0.0,0.0,0.0,10,7012.0,7016.0,40,7032.0,7028.0,7028.0,7008.0,264.0,1852224.0,26333
2023-05-09 21:13:25,PF2310,PF310,7012.0,0.0,0.0,0.0,164,7010.0,7016.0,20,7032.0,7028.0,7028.0,7008.0,264.0,1852224.0,26333
2023-05-09 21:13:25,PF2310,PF310,7012.0,0.0,0.0,0.0,164,7010.0,7016.0,40,7032.0,7028.0,7028.0,7008.0,264.0,1852224.0,26333
2023-05-09 21:13:26,PF2310,PF310,7012.0,0.0,0.0,0.0,165,7010.0,7016.0,40,7032.0,7028.0,7028.0,7008.0,264.0,1852224.0,26333
2023-05-09 21:13:27,PF2310,PF310,7012.0,0.0,0.0,0.0,167,7010.0,7016.0,40,7032.0,7028.0,7028.0,7008.0,264.0,1852224.0,26333
2023-05-09 21:13:27,PF2310,PF310,7016.0,11.0,77176.0,10.0,11,7016.0,7018.0,133,7032.0,7028.0,7028.0,7008.0,275.0,1929400.0,26343
2023-05-09 21:13:28,PF2310,PF310,7016.0,0.0,0.0,0.0,11,7016.0,7018.0,11,7032.0,7028.0,7028.0,7008.0,275.0,1929400.0,26343
2023-05-09 21:13:28,PF2310,PF310,7016.0,0.0,0.0,0.0,11,7016.0,7018.0,1,7032.0,7028.0,7028.0,7008.0,275.0,1929400.0,26343
2023-05-09 21:13:35,PF2310,PF310,7016.0,1.0,7016.0,1.0,10,7016.0,7020.0,91,7032.0,7028.0,7028.0,7008.0,276.0,1936416.0,26344
2023-05-09 21:13:35,PF2310,PF310,7016.0,0.0,0.0,0.0,1,7018.0,7020.0,42,7032.0,7028.0,7028.0,7008.0,276.0,1936416.0,26344
2023-05-09 21:13:36,PF2310,PF310,7016.0,0.0,0.0,0.0,1,7018.0,7020.0,22,7032.0,7028.0,7028.0,7008.0,276.0,1936416.0,26344
2023-05-09 21:13:36,PF2310,PF310,7016.0,0.0,0.0,0.0,1,7018.0,7020.0,12,7032.0,7028.0,7028.0,7008.0,276.0,1936416.0,26344
2023-05-09 21:13:38,PF2310,PF310,7016.0,0.0,0.0,0.0,1,7018.0,7020.0,2,7032.0,7028.0,7028.0,7008.0,276.0,1936416.0,26344
2023-05-09 21:13:39,PF2310,PF310,7018.0,1.0,7016.0,0.0,162,7016.0,7020.0,1,7032.0,7028.0,7028.0,7008.0,277.0,1943432.0,26344
2023-05-09 21:13:39,PF2310,PF310,7018.0,0.0,0.0,0.0,61,7016.0,7018.0,1,7032.0,7028.0,7028.0,7008.0,277.0,1943432.0,26344
2023-05-09 21:13:40,PF2310,PF310,7018.0,0.0,0.0,0.0,21,7016.0,7018.0,1,7032.0,7028.0,7028.0,7008.0,277.0,1943432.0,26344
2023-05-09 21:13:40,PF2310,PF310,7018.0,0.0,0.0,0.0,22,7016.0,7018.0,1,7032.0,7028.0,7028.0,7008.0,277.0,1943432.0,26344
2023-05-09 21:13:48,PF2310,PF310,7018.0,0.0,0.0,0.0,21,7016.0,7018.0,1,7032.0,7028.0,7028.0,7008.0,277.0,1943432.0,26344
2023-05-09 21:13:49,PF2310,PF310,7018.0,0.0,0.0,0.0,11,7016.0,7018.0,1,7032.0,7028.0,7028.0,7008.0,277.0,1943432.0,26344
2023-05-09 21:13:51,PF2310,PF310,7018.0,0.0,0.0,0.0,12,7016.0,7018.0,1,7032.0,7028.0,7028.0,7008.0,277.0,1943432.0,26344
2023-05-09 21:13:53,PF2310,PF310,7018.0,0.0,0.0,0.0,11,7016.0,7018.0,1,7032.0,7028.0,7028.0,7008.0,277.0,1943432.0,26344
2023-05-09 21:13:54,PF2310,PF310,7016.0,11.0,77176.0,11.0,163,7014.0,7016.0,1,7032.0,7028.0,7028.0,7008.0,288.0,2020608.0,26355
2023-05-09 21:13:55,PF2310,PF310,7016.0,0.0,0.0,0.0,32,7014.0,7016.0,1,7032.0,7028.0,7028.0,7008.0,288.0,2020608.0,26355
2023-05-09 21:13:55,PF2310,PF310,7016.0,0.0,0.0,0.0,12,7014.0,7016.0,1,7032.0,7028.0,7028.0,7008.0,288.0,2020608.0,26355
2023-05-09 21:14:01,PF2310,PF310,7014.0,1.0,7016.0,1.0,153,7012.0,7014.0,1,7032.0,7028.0,7028.0,7008.0,289.0,2027624.0,26356
2023-05-09 21:14:01,PF2310,PF310,7014.0,0.0,0.0,0.0,12,7012.0,7014.0,12,7032.0,7028.0,7028.0,7008.0,289.0,2027624.0,26356
