time,symbol_id,symbol_name,last,trade_volume,trade_amount,open_interest_change,bv1,bp1,ap1,av1,yesterday_close,today_open,today_high,today_low,volume,amount,open_interest
2023-05-09 19:10:58,PF2306,PF2306,7242.0,0.0,0.0,0.0,0,0.0,0.0,0,7242.0,7266.0,0.0,0.0,0.0,0.0,76380
2023-05-09 20:55:00,PF2306,PF2306,7242.0,0.0,0.0,0.0,0,0.0,0.0,0,7242.0,7266.0,0.0,0.0,0.0,0.0,76380
2023-05-09 20:55:01,PF2306,PF2306,7242.0,0.0,0.0,0.0,0,0.0,0.0,0,7242.0,7266.0,0.0,0.0,0.0,0.0,76380
2023-05-09 20:56:11,PF2306,PF2306,7242.0,0.0,0.0,0.0,0,0.0,0.0,0,7242.0,7266.0,0.0,0.0,0.0,0.0,76380
2023-05-09 20:56:45,PF2306,PF2306,7242.0,0.0,0.0,0.0,0,0.0,0.0,0,7242.0,7266.0,0.0,0.0,0.0,0.0,76380
2023-05-09 20:56:48,PF2306,PF2306,7242.0,0.0,0.0,0.0,0,0.0,0.0,0,7242.0,7266.0,0.0,0.0,0.0,0.0,76380
2023-05-09 20:56:49,PF2306,PF2306,7242.0,0.0,0.0,0.0,0,0.0,0.0,0,7242.0,7266.0,0.0,0.0,0.0,0.0,76380
2023-05-09 20:57:03,PF2306,PF2306,7242.0,0.0,0.0,0.0,0,0.0,0.0,0,7242.0,7266.0,0.0,0.0,0.0,0.0,76380
2023-05-09 20:57:08,PF2306,PF2306,7242.0,0.0,0.0,0.0,0,0.0,0.0,0,7242.0,7266.0,0.0,0.0,0.0,0.0,76380
2023-05-09 20:57:18,PF2306,PF2306,7242.0,0.0,0.0,0.0,0,0.0,0.0,0,7242.0,7266.0,0.0,0.0,0.0,0.0,76380
2023-05-09 20:57:21,PF2306,PF2306,7242.0,0.0,0.0,0.0,0,0.0,0.0,0,7242.0,7266.0,0.0,0.0,0.0,0.0,76380
2023-05-09 20:57:22,PF2306,PF2306,7242.0,0.0,0.0,0.0,0,0.0,0.0,0,7242.0,7266.0,0.0,0.0,0.0,0.0,76380
2023-05-09 20:57:28,PF2306,PF2306,7242.0,0.0,0.0,0.0,0,0.0,0.0,0,7242.0,7266.0,0.0,0.0,0.0,0.0,76380
2023-05-09 20:57:30,PF2306,PF2306,7242.0,0.0,0.0,0.0,0,0.0,0.0,0,7242.0,7266.0,0.0,0.0,0.0,0.0,76380
2023-05-09 20:57:42,PF2306,PF2306,7242.0,0.0,0.0,0.0,0,0.0,0.0,0,7242.0,7266.0,0.0,0.0,0.0,0.0,76380
2023-05-09 20:57:42,PF2306,PF2306,7242.0,0.0,0.0,0.0,0,0.0,0.0,0,7242.0,7266.0,0.0,0.0,0.0,0.0,76380
2023-05-09 20:57:44,PF2306,PF2306,7242.0,0.0,0.0,0.0,0,0.0,0.0,0,7242.0,7266.0,0.0,0.0,0.0,0.0,76380
2023-05-09 20:57:44,PF2306,PF2306,7242.0,0.0,0.0,0.0,0,0.0,0.0,0,7242.0,7266.0,0.0,0.0,0.0,0.0,76380
2023-05-09 20:57:50,PF2306,PF2306,7242.0,0.0,0.0,0.0,0,0.0,0.0,0,7242.0,7266.0,0.0,0.0,0.0,0.0,76380
2023-05-09 20:57:51,PF2306,PF2306,7242.0,0.0,0.0,0.0,0,0.0,0.0,0,7242.0,7266.0,0.0,0.0,0.0,0.0,76380
2023-05-09 20:57:53,PF2306,PF2306,7242.0,0.0,0.0,0.0,0,0.0,0.0,0,7242.0,7266.0,0.0,0.0,0.0,0.0,76380
2023-05-09 20:58:03,PF2306,PF2306,7242.0,0.0,0.0,0.0,0,0.0,0.0,0,7242.0,7266.0,0.0,0.0,0.0,0.0,76380
2023-05-09 20:58:04,PF2306,PF2306,7242.0,0.0,0.0,0.0,0,0.0,0.0,0,7242.0,7266.0,0.0,0.0,0.0,0.0,76380
2023-05-09 20:58:21,PF2306,PF2306,7242.0,0.0,0.0,0.0,0,0.0,0.0,0,7242.0,7266.0,0.0,0.0,0.0,0.0,76380
2023-05-09 20:58:22,PF2306,PF2306,7242.0,0.0,0.0,0.0,0,0.0,0.0,0,7242.0,7266.0,0.0,0.0,0.0,0.0,76380
2023-05-09 20:58:27,PF2306,PF2306,7242.0,0.0,0.0,0.0,0,0.0,0.0,0,7242.0,7266.0,0.0,0.0,0.0,0.0,76380
2023-05-09 20:58:29,PF2306,PF2306,7242.0,0.0,0.0,0.0,0,0.0,0.0,0,7242.0,7266.0,0.0,0.0,0.0,0.0,76380
2023-05-09 20:58:33,PF2306,PF2306,7242.0,0.0,0.0,0.0,0,0.0,0.0,0,7242.0,7266.0,0.0,0.0,0.0,0.0,76380
2023-05-09 20:58:39,PF2306,PF2306,7242.0,0.0,0.0,0.0,0,0.0,0.0,0,7242.0,7266.0,0.0,0.0,0.0,0.0,76380
2023-05-09 20:58:42,PF2306,PF2306,7242.0,0.0,0.0,0.0,0,0.0,0.0,0,7242.0,7266.0,0.0,0.0,0.0,0.0,76380
2023-05-09 20:58:43,PF2306,PF2306,7242.0,0.0,0.0,0.0,0,0.0,0.0,0,7242.0,7266.0,0.0,0.0,0.0,0.0,76380
2023-05-09 20:58:47,PF2306,PF2306,7242.0,0.0,0.0,0.0,0,0.0,0.0,0,7242.0,7266.0,0.0,0.0,0.0,0.0,76380
2023-05-09 20:58:49,PF2306,PF2306,7242.0,0.0,0.0,0.0,0,0.0,0.0,0,7242.0,7266.0,0.0,0.0,0.0,0.0,76380
2023-05-09 20:58:51,PF2306,PF2306,7242.0,0.0,0.0,0.0,0,0.0,0.0,0,7242.0,7266.0,0.0,0.0,0.0,0.0,76380
2023-05-09 20:58:58,PF2306,PF2306,7242.0,0.0,0.0,0.0,0,0.0,0.0,0,7242.0,7266.0,0.0,0.0,0.0,0.0,76380
2023-05-09 20:58:58,PF2306,PF2306,7242.0,0.0,0.0,0.0,0,0.0,0.0,0,7242.0,7266.0,0.0,0.0,0.0,0.0,76380
2023-05-09 20:59:00,PF2306,PF2306,7266.0,7763.0,56405958.0,-7094.0,1,7250.0,7266.0,12,7242.0,7266.0,7266.0,7266.0,7763.0,56405958.0,69286
2023-05-09 21:00:00,PF2306,PF2306,7242.0,4.0,29064.0,0.0,12,7240.0,7242.0,17,7242.0,7266.0,7266.0,7242.0,7767.0,56435022.0,69286
2023-05-09 21:00:00,PF2306,PF2306,7256.0,229.0,1663914.0,-61.0,31,7256.0,7258.0,1,7242.0,7266.0,7266.0,7242.0,7996.0,58098936.0,69225
2023-05-09 21:00:01,PF2306,PF2306,7256.0,9.0,65394.0,-4.0,22,7256.0,7258.0,1,7242.0,7266.0,7266.0,7242.0,8005.0,58164330.0,69221
2023-05-09 21:00:01,PF2306,PF2306,7252.0,88.0,639408.0,36.0,32,7254.0,7256.0,9,7242.0,7266.0,7266.0,7242.0,8093.0,58803738.0,69257
2023-05-09 21:00:02,PF2306,PF2306,7258.0,27.0,196182.0,13.0,33,7258.0,7260.0,13,7242.0,7266.0,7266.0,7242.0,8120.0,58999920.0,69270
2023-05-09 21:00:02,PF2306,PF2306,7256.0,116.0,842856.0,56.0,3,7256.0,7258.0,15,7242.0,7266.0,7266.0,7242.0,8236.0,59842776.0,69326
2023-05-09 21:00:03,PF2306,PF2306,7256.0,36.0,261576.0,-7.0,8,7258.0,7260.0,1,7242.0,7266.0,7266.0,7242.0,8272.0,60104352.0,69319
2023-05-09 21:00:03,PF2306,PF2306,7258.0,46.0,334236.0,-21.0,1,7254.0,7258.0,2,7242.0,7266.0,7266.0,7242.0,8318.0,60438588.0,69298
2023-05-09 21:00:04,PF2306,PF2306,7256.0,113.0,821058.0,-57.0,19,7256.0,7258.0,3,7242.0,7266.0,7266.0,7242.0,8431.0,61259646.0,69241
2023-05-09 21:00:04,PF2306,PF2306,7254.0,55.0,399630.0,25.0,19,7254.0,7258.0,1,7242.0,7266.0,7266.0,7242.0,8486.0,61659276.0,69266
2023-05-09 21:00:05,PF2306,PF2306,7258.0,17.0,123522.0,-10.0,21,7254.0,7258.0,8,7242.0,7266.0,7266.0,7242.0,8503.0,61782798.0,69256
2023-05-09 21:00:05,PF2306,PF2306,7252.0,60.0,435960.0,-29.0,7,7252.0,7256.0,7,7242.0,7266.0,7266.0,7242.0,8563.0,62218758.0,69227
2023-05-09 21:00:06,PF2306,PF2306,7250.0,11.0,79926.0,0.0,12,7248.0,7254.0,9,7242.0,7266.0,7266.0,7242.0,8574.0,62298684.0,69227
2023-05-09 21:00:06,PF2306,PF2306,7250.0,16.0,116256.0,-6.0,16,7248.0,7250.0,1,7242.0,7266.0,7266.0,7242.0,8590.0,62414940.0,69221
2023-05-09 21:00:07,PF2306,PF2306,7248.0,29.0,210714.0,-19.0,4,7246.0,7250.0,5,7242.0,7266.0,7266.0,7242.0,8619.0,62625654.0,69202
2023-05-09 21:00:07,PF2306,PF2306,7244.0,33.0,222474.0,-5.0,1,7244.0,7246.0,62,7242.0,7266.0,7266.0,7242.0,8652.0,62848128.0,69197
2023-05-09 21:00:08,PF2306,PF2306,7242.0,67.0,486688.0,4.0,99,7242.0,7246.0,20,7242.0,7266.0,7266.0,7242.0,8719.0,63334816.0,69201
2023-05-09 21:00:08,PF2306,PF2306,7246.0,65.0,472160.0,-32.0,9,7244.0,7248.0,7,7242.0,7266.0,7266.0,7242.0,8784.0,63806976.0,69169
2023-05-09 21:00:09,PF2306,PF2306,7244.0,18.0,130752.0,7.0,1,7248.0,7250.0,12,7242.0,7266.0,7266.0,7242.0,8802.0,63937728.0,69176
2023-05-09 21:00:09,PF2306,PF2306,7244.0,16.0,116224.0,-7.0,4,7244.0,7248.0,13,7242.0,7266.0,7266.0,7242.0,8818.0,64053952.0,69169
2023-05-09 21:00:10,PF2306,PF2306,7242.0,7.0,50848.0,1.0,94,7242.0,7246.0,18,7242.0,7266.0,7266.0,7242.0,8825.0,64104800.0,69170
2023-05-09 21:00:10,PF2306,PF2306,7242.0,122.0,886208.0,77.0,25,7240.0,7242.0,4,7242.0,7266.0,7266.0,7240.0,8947.0,64991008.0,69247
2023-05-09 21:00:11,PF2306,PF2306,7240.0,16.0,116224.0,-15.0,19,7240.0,7244.0,6,7242.0,7266.0,7266.0,7240.0,8963.0,65107232.0,69232
2023-05-09 21:00:11,PF2306,PF2306,7240.0,4.0,29056.0,-3.0,14,7240.0,7242.0,6,7242.0,7266.0,7266.0,7240.0,8967.0,65136288.0,69229
2023-05-09 21:00:12,PF2306,PF2306,7238.0,13.0,94432.0,-3.0,7,7238.0,7240.0,10,7242.0,7266.0,7266.0,7238.0,8980.0,65230720.0,69226
2023-05-09 21:00:12,PF2306,PF2306,7236.0,16.0,116224.0,0.0,6,7236.0,7240.0,21,7242.0,7266.0,7266.0,7236.0,8996.0,65346944.0,69226
2023-05-09 21:00:13,PF2306,PF2306,7236.0,12.0,87168.0,-8.0,13,7236.0,7238.0,8,7242.0,7266.0,7266.0,7236.0,9008.0,65434112.0,69218
2023-05-09 21:00:13,PF2306,PF2306,7236.0,13.0,94432.0,-10.0,11,7234.0,7236.0,5,7242.0,7266.0,7266.0,7236.0,9021.0,65528544.0,69208
2023-05-09 21:00:14,PF2306,PF2306,7234.0,16.0,116224.0,-10.0,10,7234.0,7236.0,11,7242.0,7266.0,7266.0,7234.0,9037.0,65644768.0,69198
2023-05-09 21:00:14,PF2306,PF2306,7236.0,12.0,87168.0,-5.0,6,7236.0,7238.0,42,7242.0,7266.0,7266.0,7234.0,9049.0,65731936.0,69193
2023-05-09 21:00:15,PF2306,PF2306,7236.0,47.0,341408.0,-27.0,15,7236.0,7238.0,17,7242.0,7266.0,7266.0,7234.0,9096.0,66073344.0,69166
2023-05-09 21:00:15,PF2306,PF2306,7240.0,27.0,196128.0,-12.0,23,7238.0,7240.0,19,7242.0,7266.0,7266.0,7234.0,9123.0,66269472.0,69154
2023-05-09 21:00:16,PF2306,PF2306,7238.0,26.0,188864.0,2.0,42,7238.0,7242.0,16,7242.0,7266.0,7266.0,7234.0,9149.0,66458336.0,69156
2023-05-09 21:00:16,PF2306,PF2306,7242.0,17.0,123488.0,0.0,11,7240.0,7242.0,7,7242.0,7266.0,7266.0,7234.0,9166.0,66581824.0,69156
2023-05-09 21:00:17,PF2306,PF2306,7240.0,25.0,181600.0,-7.0,29,7238.0,7242.0,12,7242.0,7266.0,7266.0,7234.0,9191.0,66763424.0,69149
2023-05-09 21:00:17,PF2306,PF2306,7238.0,8.0,58112.0,1.0,23,7238.0,7240.0,2,7242.0,7266.0,7266.0,7234.0,9199.0,66821536.0,69150
2023-05-09 21:00:18,PF2306,PF2306,7240.0,3.0,21792.0,2.0,26,7238.0,7240.0,8,7242.0,7266.0,7266.0,7234.0,9202.0,66843328.0,69152
2023-05-09 21:00:18,PF2306,PF2306,7240.0,16.0,116224.0,-14.0,10,7240.0,7242.0,13,7242.0,7266.0,7266.0,7234.0,9218.0,66959552.0,69138
2023-05-09 21:00:18,PF2306,PF2306,7240.0,18.0,130752.0,12.0,25,7238.0,7242.0,38,7242.0,7266.0,7266.0,7234.0,9236.0,67090304.0,69150
2023-05-09 21:00:19,PF2306,PF2306,7240.0,12.0,87168.0,-5.0,17,7238.0,7240.0,7,7242.0,7266.0,7266.0,7234.0,9248.0,67177472.0,69145
2023-05-09 21:00:20,PF2306,PF2306,7236.0,30.0,217920.0,-16.0,72,7236.0,7238.0,4,7242.0,7266.0,7266.0,7234.0,9278.0,67395392.0,69129
2023-05-09 21:00:20,PF2306,PF2306,7238.0,11.0,79904.0,-10.0,9,7238.0,7240.0,13,7242.0,7266.0,7266.0,7234.0,9289.0,67475296.0,69119
2023-05-09 21:00:21,PF2306,PF2306,7238.0,9.0,65376.0,-9.0,7,7238.0,7240.0,8,7242.0,7266.0,7266.0,7234.0,9298.0,67540672.0,69110
2023-05-09 21:00:21,PF2306,PF2306,7238.0,4.0,29056.0,0.0,16,7238.0,7240.0,26,7242.0,7266.0,7266.0,7234.0,9302.0,67569728.0,69110
2023-05-09 21:00:22,PF2306,PF2306,7238.0,0.0,0.0,0.0,19,7238.0,7240.0,27,7242.0,7266.0,7266.0,7234.0,9302.0,67569728.0,69110
2023-05-09 21:00:22,PF2306,PF2306,7238.0,6.0,43584.0,-2.0,19,7238.0,7240.0,30,7242.0,7266.0,7266.0,7234.0,9308.0,67613312.0,69108
2023-05-09 21:00:23,PF2306,PF2306,7238.0,18.0,130752.0,-12.0,73,7236.0,7240.0,19,7242.0,7266.0,7266.0,7234.0,9326.0,67744064.0,69096
2023-05-09 21:00:23,PF2306,PF2306,7238.0,10.0,72640.0,-6.0,67,7236.0,7238.0,1,7242.0,7266.0,7266.0,7234.0,9336.0,67816704.0,69090
2023-05-09 21:00:24,PF2306,PF2306,7238.0,2.0,14528.0,-1.0,1,7238.0,7240.0,20,7242.0,7266.0,7266.0,7234.0,9338.0,67831232.0,69089
2023-05-09 21:00:24,PF2306,PF2306,7240.0,23.0,167072.0,13.0,7,7238.0,7240.0,19,7242.0,7266.0,7266.0,7234.0,9361.0,67998304.0,69102
2023-05-09 21:00:25,PF2306,PF2306,7236.0,21.0,152544.0,-5.0,60,7236.0,7240.0,32,7242.0,7266.0,7266.0,7234.0,9382.0,68150848.0,69097
2023-05-09 21:00:25,PF2306,PF2306,7240.0,11.0,79904.0,-6.0,60,7236.0,7240.0,35,7242.0,7266.0,7266.0,7234.0,9393.0,68230752.0,69091
2023-05-09 21:00:26,PF2306,PF2306,7236.0,21.0,152544.0,1.0,38,7236.0,7238.0,13,7242.0,7266.0,7266.0,7234.0,9414.0,68383296.0,69092
2023-05-09 21:00:26,PF2306,PF2306,7236.0,72.0,504036.0,33.0,14,7232.0,7236.0,5,7242.0,7266.0,7266.0,7232.0,9486.0,68887332.0,69125
2023-05-09 21:00:27,PF2306,PF2306,7232.0,8.0,58096.0,-4.0,16,7232.0,7236.0,15,7242.0,7266.0,7266.0,7232.0,9494.0,68945428.0,69121
2023-05-09 21:00:27,PF2306,PF2306,7232.0,2.0,14524.0,0.0,11,7232.0,7236.0,18,7242.0,7266.0,7266.0,7232.0,9496.0,68959952.0,69121
2023-05-09 21:00:28,PF2306,PF2306,7232.0,12.0,87144.0,-5.0,17,7232.0,7234.0,8,7242.0,7266.0,7266.0,7232.0,9508.0,69047096.0,69116
2023-05-09 21:00:28,PF2306,PF2306,7232.0,28.0,203336.0,-2.0,24,7230.0,7232.0,4,7242.0,7266.0,7266.0,7230.0,9536.0,69250432.0,69114
2023-05-09 21:00:29,PF2306,PF2306,7230.0,20.0,145240.0,-5.0,14,7230.0,7232.0,2,7242.0,7266.0,7266.0,7230.0,9556.0,69395672.0,69109
2023-05-09 21:00:29,PF2306,PF2306,7232.0,1.0,7262.0,-1.0,15,7230.0,7232.0,1,7242.0,7266.0,7266.0,7230.0,9557.0,69402934.0,69108
2023-05-09 21:00:30,PF2306,PF2306,7232.0,4.0,29048.0,0.0,13,7230.0,7232.0,1,7242.0,7266.0,7266.0,7230.0,9561.0,69431982.0,69108
2023-05-09 21:00:30,PF2306,PF2306,7230.0,15.0,108930.0,-12.0,8,7230.0,7234.0,7,7242.0,7266.0,7266.0,7230.0,9576.0,69540912.0,69096
2023-05-09 21:00:31,PF2306,PF2306,7232.0,44.0,319528.0,-9.0,11,7232.0,7234.0,1,7242.0,7266.0,7266.0,7230.0,9620.0,69860440.0,69087
2023-05-09 21:00:31,PF2306,PF2306,7230.0,11.0,79882.0,-3.0,1,7232.0,7234.0,17,7242.0,7266.0,7266.0,7230.0,9631.0,69940322.0,69084
2023-05-09 21:00:32,PF2306,PF2306,7234.0,27.0,196074.0,-2.0,1,7230.0,7234.0,11,7242.0,7266.0,7266.0,7230.0,9658.0,70136396.0,69082
2023-05-09 21:00:32,PF2306,PF2306,7232.0,1.0,7262.0,0.0,14,7232.0,7234.0,12,7242.0,7266.0,7266.0,7230.0,9659.0,70143658.0,69082
2023-05-09 21:00:33,PF2306,PF2306,7232.0,25.0,181550.0,0.0,11,7232.0,7236.0,8,7242.0,7266.0,7266.0,7230.0,9684.0,70325208.0,69082
2023-05-09 21:00:33,PF2306,PF2306,7234.0,5.0,36310.0,2.0,22,7234.0,7236.0,8,7242.0,7266.0,7266.0,7230.0,9689.0,70361518.0,69084
2023-05-09 21:00:34,PF2306,PF2306,7234.0,9.0,65358.0,6.0,14,7234.0,7236.0,42,7242.0,7266.0,7266.0,7230.0,9698.0,70426876.0,69090
2023-05-09 21:00:34,PF2306,PF2306,7234.0,17.0,123454.0,14.0,9,7232.0,7236.0,49,7242.0,7266.0,7266.0,7230.0,9715.0,70550330.0,69104
2023-05-09 21:00:35,PF2306,PF2306,7234.0,2.0,14524.0,-1.0,2,7234.0,7236.0,46,7242.0,7266.0,7266.0,7230.0,9717.0,70564854.0,69103
2023-05-09 21:00:35,PF2306,PF2306,7236.0,9.0,65358.0,-4.0,4,7234.0,7236.0,43,7242.0,7266.0,7266.0,7230.0,9726.0,70630212.0,69099
2023-05-09 21:00:36,PF2306,PF2306,7236.0,5.0,36310.0,1.0,9,7234.0,7236.0,42,7242.0,7266.0,7266.0,7230.0,9731.0,70666522.0,69100
2023-05-09 21:00:36,PF2306,PF2306,7234.0,2.0,14524.0,0.0,44,7234.0,7236.0,50,7242.0,7266.0,7266.0,7230.0,9733.0,70681046.0,69100
2023-05-09 21:00:37,PF2306,PF2306,7234.0,13.0,94406.0,-1.0,32,7234.0,7236.0,31,7242.0,7266.0,7266.0,7230.0,9746.0,70775452.0,69099
2023-05-09 21:00:37,PF2306,PF2306,7234.0,3.0,21786.0,0.0,35,7234.0,7236.0,27,7242.0,7266.0,7266.0,7230.0,9749.0,70797238.0,69099
2023-05-09 21:00:38,PF2306,PF2306,7234.0,10.0,72620.0,1.0,26,7234.0,7236.0,20,7242.0,7266.0,7266.0,7230.0,9759.0,70869858.0,69100
2023-05-09 21:00:38,PF2306,PF2306,7236.0,2.0,14524.0,0.0,26,7234.0,7236.0,20,7242.0,7266.0,7266.0,7230.0,9761.0,70884382.0,69100
2023-05-09 21:00:38,PF2306,PF2306,7234.0,41.0,297742.0,-15.0,37,7234.0,7236.0,10,7242.0,7266.0,7266.0,7230.0,9802.0,71182124.0,69085
2023-05-09 21:00:39,PF2306,PF2306,7236.0,12.0,87144.0,-9.0,8,7236.0,7238.0,14,7242.0,7266.0,7266.0,7230.0,9814.0,71269268.0,69076
2023-05-09 21:00:40,PF2306,PF2306,7236.0,15.0,108930.0,-6.0,24,7236.0,7238.0,15,7242.0,7266.0,7266.0,7230.0,9829.0,71378198.0,69070
2023-05-09 21:00:40,PF2306,PF2306,7236.0,14.0,101668.0,-4.0,31,7236.0,7240.0,13,7242.0,7266.0,7266.0,7230.0,9843.0,71479866.0,69066
2023-05-09 21:00:41,PF2306,PF2306,7236.0,2.0,14524.0,0.0,28,7236.0,7238.0,1,7242.0,7266.0,7266.0,7230.0,9845.0,71494390.0,69066
2023-05-09 21:00:41,PF2306,PF2306,7238.0,11.0,79882.0,-6.0,36,7238.0,7240.0,18,7242.0,7266.0,7266.0,7230.0,9856.0,71574272.0,69060
2023-05-09 21:00:41,PF2306,PF2306,7238.0,1.0,7262.0,0.0,53,7238.0,7240.0,18,7242.0,7266.0,7266.0,7230.0,9857.0,71581534.0,69060
2023-05-09 21:00:42,PF2306,PF2306,7240.0,4.0,29048.0,0.0,50,7238.0,7240.0,12,7242.0,7266.0,7266.0,7230.0,9861.0,71610582.0,69060
2023-05-09 21:00:43,PF2306,PF2306,7238.0,37.0,268694.0,-16.0,88,7238.0,7240.0,1,7242.0,7266.0,7266.0,7230.0,9898.0,71879276.0,69044
2023-05-09 21:00:43,PF2306,PF2306,7238.0,13.0,94406.0,-1.0,82,7238.0,7240.0,7,7242.0,7266.0,7266.0,7230.0,9911.0,71973682.0,69043
2023-05-09 21:00:43,PF2306,PF2306,7240.0,1.0,7262.0,1.0,82,7238.0,7240.0,10,7242.0,7266.0,7266.0,7230.0,9912.0,71980944.0,69044
2023-05-09 21:00:44,PF2306,PF2306,7238.0,82.0,595484.0,10.0,13,7236.0,7238.0,1,7242.0,7266.0,7266.0,7230.0,9994.0,72576428.0,69054
2023-05-09 21:00:45,PF2306,PF2306,7240.0,15.0,108930.0,-4.0,6,7238.0,7240.0,10,7242.0,7266.0,7266.0,7230.0,10009.0,72685358.0,69050
2023-05-09 21:00:45,PF2306,PF2306,7240.0,3.0,21786.0,-3.0,23,7238.0,7240.0,5,7242.0,7266.0,7266.0,7230.0,10012.0,72707144.0,69047
2023-05-09 21:00:46,PF2306,PF2306,7238.0,4.0,29048.0,-4.0,19,7238.0,7240.0,5,7242.0,7266.0,7266.0,7230.0,10016.0,72736192.0,69043
2023-05-09 21:00:46,PF2306,PF2306,7240.0,31.0,225122.0,8.0,6,7238.0,7240.0,5,7242.0,7266.0,7266.0,7230.0,10047.0,72961314.0,69051
2023-05-09 21:00:47,PF2306,PF2306,7238.0,5.0,36310.0,2.0,3,7238.0,7240.0,4,7242.0,7266.0,7266.0,7230.0,10052.0,72997624.0,69053
2023-05-09 21:00:47,PF2306,PF2306,7236.0,3.0,21786.0,2.0,14,7236.0,7240.0,11,7242.0,7266.0,7266.0,7230.0,10055.0,73019410.0,69055
2023-05-09 21:00:48,PF2306,PF2306,7236.0,4.0,29048.0,-2.0,16,7236.0,7240.0,24,7242.0,7266.0,7266.0,7230.0,10059.0,73048458.0,69053
2023-05-09 21:00:48,PF2306,PF2306,7236.0,1.0,7262.0,-1.0,14,7236.0,7238.0,17,7242.0,7266.0,7266.0,7230.0,10060.0,73055720.0,69052
2023-05-09 21:00:48,PF2306,PF2306,7238.0,25.0,181550.0,2.0,14,7236.0,7238.0,3,7242.0,7266.0,7266.0,7230.0,10085.0,73237270.0,69054
2023-05-09 21:00:49,PF2306,PF2306,7238.0,4.0,29048.0,-2.0,11,7236.0,7238.0,13,7242.0,7266.0,7266.0,7230.0,10089.0,73266318.0,69052
2023-05-09 21:00:50,PF2306,PF2306,7234.0,30.0,217860.0,2.0,36,7234.0,7236.0,4,7242.0,7266.0,7266.0,7230.0,10119.0,73484178.0,69054
2023-05-09 21:00:50,PF2306,PF2306,7234.0,5.0,36310.0,0.0,34,7234.0,7236.0,3,7242.0,7266.0,7266.0,7230.0,10124.0,73520488.0,69054
2023-05-09 21:00:50,PF2306,PF2306,7236.0,3.0,21786.0,2.0,34,7234.0,7236.0,1,7242.0,7266.0,7266.0,7230.0,10127.0,73542274.0,69056
2023-05-09 21:00:51,PF2306,PF2306,7236.0,4.0,29048.0,1.0,34,7234.0,7238.0,9,7242.0,7266.0,7266.0,7230.0,10131.0,73571322.0,69057
2023-05-09 21:00:52,PF2306,PF2306,7234.0,1.0,7262.0,0.0,1,7236.0,7238.0,19,7242.0,7266.0,7266.0,7230.0,10132.0,73578584.0,69057
2023-05-09 21:00:52,PF2306,PF2306,7234.0,1.0,7262.0,0.0,12,7236.0,7238.0,20,7242.0,7266.0,7266.0,7230.0,10133.0,73585846.0,69057
2023-05-09 21:00:53,PF2306,PF2306,7234.0,3.0,21786.0,-3.0,17,7236.0,7238.0,17,7242.0,7266.0,7266.0,7230.0,10136.0,73607632.0,69054
2023-05-09 21:00:53,PF2306,PF2306,7234.0,0.0,0.0,0.0,15,7236.0,7238.0,20,7242.0,7266.0,7266.0,7230.0,10136.0,73607632.0,69054
2023-05-09 21:00:54,PF2306,PF2306,7234.0,4.0,29048.0,-4.0,11,7236.0,7238.0,28,7242.0,7266.0,7266.0,7230.0,10140.0,73636680.0,69050
2023-05-09 21:00:54,PF2306,PF2306,7236.0,1.0,7262.0,-1.0,10,7236.0,7238.0,29,7242.0,7266.0,7266.0,7230.0,10141.0,73643942.0,69049
2023-05-09 21:00:55,PF2306,PF2306,7236.0,10.0,72620.0,5.0,16,7236.0,7238.0,36,7242.0,7266.0,7266.0,7230.0,10151.0,73716562.0,69054
2023-05-09 21:00:55,PF2306,PF2306,7236.0,25.0,161198.0,-5.0,35,7234.0,7236.0,5,7242.0,7266.0,7266.0,7230.0,10176.0,73877760.0,69049
2023-05-09 21:00:56,PF2306,PF2306,7236.0,27.0,196020.0,-15.0,23,7234.0,7236.0,2,7242.0,7266.0,7266.0,7230.0,10203.0,74073780.0,69034
2023-05-09 21:00:56,PF2306,PF2306,7234.0,1.0,7260.0,-1.0,32,7234.0,7236.0,6,7242.0,7266.0,7266.0,7230.0,10204.0,74081040.0,69033
2023-05-09 21:00:57,PF2306,PF2306,7236.0,1.0,7260.0,-1.0,33,7234.0,7238.0,21,7242.0,7266.0,7266.0,7230.0,10205.0,74088300.0,69032
2023-05-09 21:00:57,PF2306,PF2306,7236.0,2.0,14520.0,-2.0,1,7236.0,7238.0,21,7242.0,7266.0,7266.0,7230.0,10207.0,74102820.0,69030
2023-05-09 21:00:58,PF2306,PF2306,7234.0,16.0,116160.0,-4.0,32,7234.0,7236.0,1,7242.0,7266.0,7266.0,7230.0,10223.0,74218980.0,69026
2023-05-09 21:00:58,PF2306,PF2306,7234.0,4.0,29040.0,-4.0,33,7234.0,7236.0,7,7242.0,7266.0,7266.0,7230.0,10227.0,74248020.0,69022
2023-05-09 21:00:59,PF2306,PF2306,7234.0,20.0,145200.0,13.0,12,7234.0,7236.0,8,7242.0,7266.0,7266.0,7230.0,10247.0,74393220.0,69035
2023-05-09 21:00:59,PF2306,PF2306,7234.0,2.0,14520.0,2.0,15,7234.0,7236.0,11,7242.0,7266.0,7266.0,7230.0,10249.0,74407740.0,69037
2023-05-09 21:01:00,PF2306,PF2306,7236.0,14.0,101640.0,-13.0,24,7236.0,7238.0,19,7242.0,7266.0,7266.0,7230.0,10263.0,74509380.0,69024
2023-05-09 21:01:01,PF2306,PF2306,7234.0,33.0,239580.0,1.0,9,7234.0,7236.0,8,7242.0,7266.0,7266.0,7230.0,10296.0,74748960.0,69025
2023-05-09 21:01:01,PF2306,PF2306,7234.0,13.0,94380.0,-2.0,16,7232.0,7236.0,22,7242.0,7266.0,7266.0,7230.0,10309.0,74843340.0,69023
2023-05-09 21:01:02,PF2306,PF2306,7232.0,22.0,159720.0,4.0,8,7232.0,7234.0,6,7242.0,7266.0,7266.0,7230.0,10331.0,75003060.0,69027
2023-05-09 21:01:02,PF2306,PF2306,7234.0,10.0,72600.0,-7.0,16,7232.0,7234.0,11,7242.0,7266.0,7266.0,7230.0,10341.0,75075660.0,69020
2023-05-09 21:01:03,PF2306,PF2306,7236.0,16.0,116160.0,-12.0,9,7234.0,7236.0,19,7242.0,7266.0,7266.0,7230.0,10357.0,75191820.0,69008
2023-05-09 21:01:03,PF2306,PF2306,7236.0,26.0,188760.0,-14.0,12,7234.0,7238.0,27,7242.0,7266.0,7266.0,7230.0,10383.0,75380580.0,68994
2023-05-09 21:01:04,PF2306,PF2306,7234.0,3.0,21780.0,-1.0,15,7234.0,7238.0,34,7242.0,7266.0,7266.0,7230.0,10386.0,75402360.0,68993
2023-05-09 21:01:04,PF2306,PF2306,7234.0,3.0,21780.0,3.0,16,7234.0,7238.0,34,7242.0,7266.0,7266.0,7230.0,10389.0,75424140.0,68996
2023-05-09 21:01:05,PF2306,PF2306,7236.0,22.0,159720.0,3.0,14,7236.0,7238.0,15,7242.0,7266.0,7266.0,7230.0,10411.0,75583860.0,68999
2023-05-09 21:01:05,PF2306,PF2306,7238.0,15.0,108900.0,-15.0,16,7236.0,7238.0,8,7242.0,7266.0,7266.0,7230.0,10426.0,75692760.0,68984
2023-05-09 21:01:06,PF2306,PF2306,7238.0,14.0,101640.0,-8.0,4,7238.0,7240.0,18,7242.0,7266.0,7266.0,7230.0,10440.0,75794400.0,68976
2023-05-09 21:01:06,PF2306,PF2306,7240.0,25.0,181500.0,6.0,16,7238.0,7242.0,15,7242.0,7266.0,7266.0,7230.0,10465.0,75975900.0,68982
2023-05-09 21:01:07,PF2306,PF2306,7240.0,20.0,145200.0,14.0,11,7240.0,7242.0,18,7242.0,7266.0,7266.0,7230.0,10485.0,76121100.0,68996
2023-05-09 21:01:07,PF2306,PF2306,7242.0,65.0,471900.0,52.0,17,7240.0,7244.0,44,7242.0,7266.0,7266.0,7230.0,10550.0,76593000.0,69048
2023-05-09 21:01:08,PF2306,PF2306,7242.0,7.0,50820.0,-1.0,17,7240.0,7244.0,17,7242.0,7266.0,7266.0,7230.0,10557.0,76643820.0,69047
2023-05-09 21:01:08,PF2306,PF2306,7242.0,0.0,0.0,0.0,44,7240.0,7244.0,14,7242.0,7266.0,7266.0,7230.0,10557.0,76643820.0,69047
2023-05-09 21:01:09,PF2306,PF2306,7244.0,2.0,14520.0,0.0,7,7242.0,7244.0,20,7242.0,7266.0,7266.0,7230.0,10559.0,76658340.0,69047
2023-05-09 21:01:09,PF2306,PF2306,7242.0,54.0,392040.0,54.0,40,7240.0,7244.0,24,7242.0,7266.0,7266.0,7230.0,10613.0,77050380.0,69101
2023-05-09 21:01:09,PF2306,PF2306,7242.0,1.0,7260.0,0.0,3,7242.0,7244.0,22,7242.0,7266.0,7266.0,7230.0,10614.0,77057640.0,69101
2023-05-09 21:01:10,PF2306,PF2306,7242.0,4.0,29040.0,3.0,42,7240.0,7244.0,22,7242.0,7266.0,7266.0,7230.0,10618.0,77086680.0,69104
2023-05-09 21:01:11,PF2306,PF2306,7242.0,1.0,7260.0,0.0,42,7240.0,7244.0,34,7242.0,7266.0,7266.0,7230.0,10619.0,77093940.0,69104
2023-05-09 21:01:11,PF2306,PF2306,7244.0,1.0,7260.0,-1.0,42,7240.0,7244.0,27,7242.0,7266.0,7266.0,7230.0,10620.0,77101200.0,69103
2023-05-09 21:01:12,PF2306,PF2306,7240.0,2.0,14520.0,-1.0,41,7240.0,7244.0,41,7242.0,7266.0,7266.0,7230.0,10622.0,77115720.0,69102
2023-05-09 21:01:12,PF2306,PF2306,7244.0,5.0,36300.0,-2.0,41,7240.0,7244.0,44,7242.0,7266.0,7266.0,7230.0,10627.0,77152020.0,69100
2023-05-09 21:01:12,PF2306,PF2306,7244.0,1.0,7260.0,0.0,43,7240.0,7244.0,42,7242.0,7266.0,7266.0,7230.0,10628.0,77159280.0,69100
2023-05-09 21:01:13,PF2306,PF2306,7240.0,44.0,319440.0,21.0,16,7238.0,7242.0,12,7242.0,7266.0,7266.0,7230.0,10672.0,77478720.0,69121
2023-05-09 21:01:14,PF2306,PF2306,7238.0,13.0,94380.0,-3.0,8,7238.0,7240.0,10,7242.0,7266.0,7266.0,7230.0,10685.0,77573100.0,69118
2023-05-09 21:01:14,PF2306,PF2306,7238.0,8.0,58080.0,-2.0,16,7236.0,7240.0,17,7242.0,7266.0,7266.0,7230.0,10693.0,77631180.0,69116
2023-05-09 21:01:15,PF2306,PF2306,7238.0,3.0,21780.0,-1.0,25,7236.0,7238.0,9,7242.0,7266.0,7266.0,7230.0,10696.0,77652960.0,69115
2023-05-09 21:01:15,PF2306,PF2306,7238.0,0.0,0.0,0.0,16,7236.0,7238.0,10,7242.0,7266.0,7266.0,7230.0,10696.0,77652960.0,69115
2023-05-09 21:01:16,PF2306,PF2306,7236.0,7.0,50820.0,-5.0,9,7236.0,7238.0,11,7242.0,7266.0,7266.0,7230.0,10703.0,77703780.0,69110
2023-05-09 21:01:16,PF2306,PF2306,7238.0,2.0,14520.0,0.0,19,7236.0,7238.0,13,7242.0,7266.0,7266.0,7230.0,10705.0,77718300.0,69110
2023-05-09 21:01:17,PF2306,PF2306,7236.0,2.0,14520.0,-2.0,18,7236.0,7238.0,6,7242.0,7266.0,7266.0,7230.0,10707.0,77732820.0,69108
2023-05-09 21:01:17,PF2306,PF2306,7236.0,0.0,0.0,0.0,13,7236.0,7238.0,6,7242.0,7266.0,7266.0,7230.0,10707.0,77732820.0,69108
2023-05-09 21:01:18,PF2306,PF2306,7236.0,3.0,21780.0,-2.0,12,7236.0,7238.0,15,7242.0,7266.0,7266.0,7230.0,10710.0,77754600.0,69106
2023-05-09 21:01:18,PF2306,PF2306,7236.0,0.0,0.0,0.0,21,7236.0,7238.0,15,7242.0,7266.0,7266.0,7230.0,10710.0,77754600.0,69106
2023-05-09 21:01:19,PF2306,PF2306,7236.0,9.0,65340.0,-4.0,13,7236.0,7238.0,19,7242.0,7266.0,7266.0,7230.0,10719.0,77819940.0,69102
2023-05-09 21:01:19,PF2306,PF2306,7236.0,1.0,7260.0,-1.0,12,7236.0,7238.0,17,7242.0,7266.0,7266.0,7230.0,10720.0,77827200.0,69101
2023-05-09 21:01:20,PF2306,PF2306,7238.0,2.0,14520.0,1.0,11,7236.0,7238.0,15,7242.0,7266.0,7266.0,7230.0,10722.0,77841720.0,69102
2023-05-09 21:01:20,PF2306,PF2306,7236.0,1.0,7260.0,1.0,15,7236.0,7238.0,15,7242.0,7266.0,7266.0,7230.0,10723.0,77848980.0,69103
2023-05-09 21:01:21,PF2306,PF2306,7236.0,8.0,58080.0,-5.0,8,7236.0,7238.0,28,7242.0,7266.0,7266.0,7230.0,10731.0,77907060.0,69098
2023-05-09 21:01:21,PF2306,PF2306,7238.0,17.0,123420.0,-11.0,5,7236.0,7238.0,34,7242.0,7266.0,7266.0,7230.0,10748.0,78030480.0,69087
2023-05-09 21:01:22,PF2306,PF2306,7238.0,3.0,21780.0,0.0,12,7236.0,7238.0,29,7242.0,7266.0,7266.0,7230.0,10751.0,78052260.0,69087
2023-05-09 21:01:22,PF2306,PF2306,7238.0,31.0,225060.0,-16.0,1,7238.0,7240.0,32,7242.0,7266.0,7266.0,7230.0,10782.0,78277320.0,69071
2023-05-09 21:01:22,PF2306,PF2306,7238.0,0.0,0.0,0.0,15,7238.0,7240.0,14,7242.0,7266.0,7266.0,7230.0,10782.0,78277320.0,69071
2023-05-09 21:01:23,PF2306,PF2306,7240.0,1.0,7260.0,-1.0,15,7238.0,7240.0,13,7242.0,7266.0,7266.0,7230.0,10783.0,78284580.0,69070
2023-05-09 21:01:24,PF2306,PF2306,7238.0,9.0,65340.0,-4.0,20,7238.0,7240.0,10,7242.0,7266.0,7266.0,7230.0,10792.0,78349920.0,69066
2023-05-09 21:01:24,PF2306,PF2306,7240.0,6.0,43560.0,-2.0,20,7238.0,7240.0,5,7242.0,7266.0,7266.0,7230.0,10798.0,78393480.0,69064
2023-05-09 21:01:25,PF2306,PF2306,7238.0,2.0,14520.0,-1.0,22,7238.0,7240.0,23,7242.0,7266.0,7266.0,7230.0,10800.0,78408000.0,69063
2023-05-09 21:01:25,PF2306,PF2306,7238.0,13.0,94380.0,12.0,9,7238.0,7240.0,27,7242.0,7266.0,7266.0,7230.0,10813.0,78502380.0,69075
2023-05-09 21:01:26,PF2306,PF2306,7238.0,1.0,7260.0,0.0,8,7238.0,7240.0,27,7242.0,7266.0,7266.0,7230.0,10814.0,78509640.0,69075
2023-05-09 21:01:26,PF2306,PF2306,7238.0,16.0,116160.0,10.0,22,7236.0,7240.0,25,7242.0,7266.0,7266.0,7230.0,10830.0,78625800.0,69085
2023-05-09 21:01:26,PF2306,PF2306,7238.0,0.0,0.0,0.0,29,7236.0,7238.0,9,7242.0,7266.0,7266.0,7230.0,10830.0,78625800.0,69085
2023-05-09 21:01:27,PF2306,PF2306,7238.0,1.0,7260.0,0.0,27,7236.0,7238.0,11,7242.0,7266.0,7266.0,7230.0,10831.0,78633060.0,69085
2023-05-09 21:01:28,PF2306,PF2306,7236.0,9.0,65340.0,-3.0,19,7236.0,7238.0,14,7242.0,7266.0,7266.0,7230.0,10840.0,78698400.0,69082
2023-05-09 21:01:28,PF2306,PF2306,7236.0,21.0,152460.0,15.0,47,7234.0,7236.0,9,7242.0,7266.0,7266.0,7230.0,10861.0,78850860.0,69097
2023-05-09 21:01:28,PF2306,PF2306,7236.0,9.0,65340.0,9.0,47,7234.0,7236.0,7,7242.0,7266.0,7266.0,7230.0,10870.0,78916200.0,69106
2023-05-09 21:01:29,PF2306,PF2306,7236.0,3.0,21780.0,3.0,46,7234.0,7236.0,8,7242.0,7266.0,7266.0,7230.0,10873.0,78937980.0,69109
2023-05-09 21:01:30,PF2306,PF2306,7236.0,7.0,50820.0,3.0,44,7234.0,7236.0,5,7242.0,7266.0,7266.0,7230.0,10880.0,78988800.0,69112
2023-05-09 21:01:30,PF2306,PF2306,7236.0,0.0,0.0,0.0,44,7234.0,7236.0,10,7242.0,7266.0,7266.0,7230.0,10880.0,78988800.0,69112
2023-05-09 21:01:30,PF2306,PF2306,7234.0,1.0,7260.0,0.0,41,7234.0,7236.0,11,7242.0,7266.0,7266.0,7230.0,10881.0,78996060.0,69112
2023-05-09 21:01:31,PF2306,PF2306,7234.0,1.0,7260.0,0.0,40,7234.0,7236.0,10,7242.0,7266.0,7266.0,7230.0,10882.0,79003320.0,69112
2023-05-09 21:01:32,PF2306,PF2306,7236.0,6.0,43560.0,1.0,50,7234.0,7236.0,9,7242.0,7266.0,7266.0,7230.0,10888.0,79046880.0,69113
2023-05-09 21:01:32,PF2306,PF2306,7234.0,14.0,101640.0,7.0,46,7234.0,7238.0,21,7242.0,7266.0,7266.0,7230.0,10902.0,79148520.0,69120
2023-05-09 21:01:33,PF2306,PF2306,7234.0,1.0,7260.0,0.0,45,7234.0,7238.0,21,7242.0,7266.0,7266.0,7230.0,10903.0,79155780.0,69120
2023-05-09 21:01:33,PF2306,PF2306,7234.0,1.0,7260.0,0.0,44,7234.0,7238.0,18,7242.0,7266.0,7266.0,7230.0,10904.0,79163040.0,69120
2023-05-09 21:01:34,PF2306,PF2306,7236.0,1.0,7260.0,0.0,9,7236.0,7238.0,18,7242.0,7266.0,7266.0,7230.0,10905.0,79170300.0,69120
2023-05-09 21:01:35,PF2306,PF2306,7236.0,14.0,101640.0,7.0,14,7236.0,7238.0,19,7242.0,7266.0,7266.0,7230.0,10919.0,79271940.0,69127
2023-05-09 21:01:35,PF2306,PF2306,7236.0,1.0,7260.0,1.0,22,7236.0,7238.0,20,7242.0,7266.0,7266.0,7230.0,10920.0,79279200.0,69128
2023-05-09 21:01:36,PF2306,PF2306,7236.0,11.0,79860.0,-4.0,21,7236.0,7238.0,24,7242.0,7266.0,7266.0,7230.0,10931.0,79359060.0,69124
2023-05-09 21:01:36,PF2306,PF2306,7236.0,1.0,7260.0,1.0,31,7236.0,7238.0,25,7242.0,7266.0,7266.0,7230.0,10932.0,79366320.0,69125
2023-05-09 21:01:37,PF2306,PF2306,7236.0,3.0,21780.0,0.0,42,7236.0,7238.0,25,7242.0,7266.0,7266.0,7230.0,10935.0,79388100.0,69125
2023-05-09 21:01:37,PF2306,PF2306,7238.0,41.0,297660.0,26.0,54,7236.0,7240.0,41,7242.0,7266.0,7266.0,7230.0,10976.0,79685760.0,69151
2023-05-09 21:01:37,PF2306,PF2306,7238.0,0.0,0.0,0.0,55,7236.0,7240.0,41,7242.0,7266.0,7266.0,7230.0,10976.0,79685760.0,69151
2023-05-09 21:01:38,PF2306,PF2306,7238.0,0.0,0.0,0.0,58,7236.0,7240.0,41,7242.0,7266.0,7266.0,7230.0,10976.0,79685760.0,69151
2023-05-09 21:01:38,PF2306,PF2306,7236.0,1.0,7260.0,1.0,57,7236.0,7240.0,41,7242.0,7266.0,7266.0,7230.0,10977.0,79693020.0,69152
2023-05-09 21:01:40,PF2306,PF2306,7238.0,6.0,43560.0,0.0,60,7236.0,7240.0,36,7242.0,7266.0,7266.0,7230.0,10983.0,79736580.0,69152
2023-05-09 21:01:40,PF2306,PF2306,7240.0,3.0,21780.0,0.0,62,7236.0,7240.0,37,7242.0,7266.0,7266.0,7230.0,10986.0,79758360.0,69152
2023-05-09 21:01:40,PF2306,PF2306,7238.0,5.0,36300.0,3.0,12,7238.0,7240.0,34,7242.0,7266.0,7266.0,7230.0,10991.0,79794660.0,69155
2023-05-09 21:01:41,PF2306,PF2306,7238.0,11.0,79860.0,3.0,11,7238.0,7240.0,21,7242.0,7266.0,7266.0,7230.0,11002.0,79874520.0,69158
2023-05-09 21:01:41,PF2306,PF2306,7238.0,2.0,14520.0,2.0,9,7238.0,7240.0,19,7242.0,7266.0,7266.0,7230.0,11004.0,79889040.0,69160
2023-05-09 21:01:42,PF2306,PF2306,7240.0,4.0,29040.0,0.0,12,7238.0,7240.0,14,7242.0,7266.0,7266.0,7230.0,11008.0,79918080.0,69160
2023-05-09 21:01:43,PF2306,PF2306,7238.0,34.0,246840.0,19.0,34,7238.0,7240.0,14,7242.0,7266.0,7266.0,7230.0,11042.0,80164920.0,69179
2023-05-09 21:01:43,PF2306,PF2306,7238.0,8.0,58080.0,5.0,23,7238.0,7240.0,23,7242.0,7266.0,7266.0,7230.0,11050.0,80223000.0,69184
2023-05-09 21:01:43,PF2306,PF2306,7238.0,23.0,166980.0,10.0,31,7236.0,7238.0,7,7242.0,7266.0,7266.0,7230.0,11073.0,80389980.0,69194
2023-05-09 21:01:44,PF2306,PF2306,7236.0,25.0,181500.0,6.0,31,7234.0,7238.0,11,7242.0,7266.0,7266.0,7230.0,11098.0,80571480.0,69200
2023-05-09 21:01:45,PF2306,PF2306,7236.0,8.0,58080.0,-4.0,29,7234.0,7236.0,5,7242.0,7266.0,7266.0,7230.0,11106.0,80629560.0,69196
2023-05-09 21:01:45,PF2306,PF2306,7236.0,1.0,7260.0,1.0,29,7234.0,7236.0,5,7242.0,7266.0,7266.0,7230.0,11107.0,80636820.0,69197
2023-05-09 21:01:46,PF2306,PF2306,7234.0,9.0,65340.0,0.0,21,7234.0,7236.0,4,7242.0,7266.0,7266.0,7230.0,11116.0,80702160.0,69197
2023-05-09 21:01:46,PF2306,PF2306,7234.0,21.0,152460.0,16.0,24,7232.0,7234.0,9,7242.0,7266.0,7266.0,7230.0,11137.0,80854620.0,69213
2023-05-09 21:01:47,PF2306,PF2306,7234.0,1.0,7260.0,1.0,24,7232.0,7234.0,8,7242.0,7266.0,7266.0,7230.0,11138.0,80861880.0,69214
2023-05-09 21:01:48,PF2306,PF2306,7234.0,8.0,35788.0,-6.0,27,7232.0,7234.0,17,7242.0,7266.0,7266.0,7230.0,11146.0,80897668.0,69208
2023-05-09 21:01:48,PF2306,PF2306,7234.0,0.0,0.0,0.0,24,7232.0,7234.0,17,7242.0,7266.0,7266.0,7230.0,11146.0,80897668.0,69208
2023-05-09 21:01:48,PF2306,PF2306,7234.0,5.0,36290.0,0.0,26,7232.0,7234.0,12,7242.0,7266.0,7266.0,7230.0,11151.0,80933958.0,69208
2023-05-09 21:01:49,PF2306,PF2306,7234.0,0.0,0.0,0.0,19,7232.0,7234.0,19,7242.0,7266.0,7266.0,7230.0,11151.0,80933958.0,69208
2023-05-09 21:01:50,PF2306,PF2306,7234.0,11.0,79838.0,0.0,17,7232.0,7234.0,12,7242.0,7266.0,7266.0,7230.0,11162.0,81013796.0,69208
2023-05-09 21:01:50,PF2306,PF2306,7234.0,0.0,0.0,0.0,17,7232.0,7234.0,14,7242.0,7266.0,7266.0,7230.0,11162.0,81013796.0,69208
2023-05-09 21:01:51,PF2306,PF2306,7232.0,17.0,123386.0,7.0,16,7230.0,7232.0,2,7242.0,7266.0,7266.0,7230.0,11179.0,81137182.0,69215
2023-05-09 21:01:51,PF2306,PF2306,7232.0,5.0,36290.0,-2.0,13,7230.0,7232.0,4,7242.0,7266.0,7266.0,7230.0,11184.0,81173472.0,69213
2023-05-09 21:01:52,PF2306,PF2306,7232.0,8.0,58064.0,-6.0,5,7230.0,7232.0,12,7242.0,7266.0,7266.0,7230.0,11192.0,81231536.0,69207
2023-05-09 21:01:52,PF2306,PF2306,7232.0,4.0,29032.0,-1.0,3,7230.0,7232.0,20,7242.0,7266.0,7266.0,7230.0,11196.0,81260568.0,69206
2023-05-09 21:01:53,PF2306,PF2306,7232.0,0.0,0.0,0.0,9,7230.0,7232.0,18,7242.0,7266.0,7266.0,7230.0,11196.0,81260568.0,69206
2023-05-09 21:01:53,PF2306,PF2306,7232.0,22.0,159676.0,-11.0,4,7232.0,7234.0,21,7242.0,7266.0,7266.0,7230.0,11218.0,81420244.0,69195
2023-05-09 21:01:53,PF2306,PF2306,7232.0,0.0,0.0,0.0,13,7230.0,7234.0,21,7242.0,7266.0,7266.0,7230.0,11218.0,81420244.0,69195
2023-05-09 21:01:54,PF2306,PF2306,7232.0,0.0,0.0,0.0,1,7232.0,7234.0,29,7242.0,7266.0,7266.0,7230.0,11218.0,81420244.0,69195
2023-05-09 21:01:55,PF2306,PF2306,7232.0,1.0,7258.0,0.0,9,7232.0,7234.0,28,7242.0,7266.0,7266.0,7230.0,11219.0,81427502.0,69195
2023-05-09 21:01:55,PF2306,PF2306,7234.0,1.0,7258.0,0.0,15,7232.0,7234.0,19,7242.0,7266.0,7266.0,7230.0,11220.0,81434760.0,69195
2023-05-09 21:01:56,PF2306,PF2306,7234.0,26.0,188708.0,-13.0,2,7234.0,7236.0,18,7242.0,7266.0,7266.0,7230.0,11246.0,81623468.0,69182
2023-05-09 21:01:56,PF2306,PF2306,7232.0,8.0,58064.0,3.0,23,7232.0,7236.0,16,7242.0,7266.0,7266.0,7230.0,11254.0,81681532.0,69185
2023-05-09 21:01:57,PF2306,PF2306,7232.0,0.0,0.0,0.0,6,7234.0,7236.0,9,7242.0,7266.0,7266.0,7230.0,11254.0,81681532.0,69185
2023-05-09 21:01:57,PF2306,PF2306,7232.0,1.0,7258.0,1.0,3,7234.0,7236.0,15,7242.0,7266.0,7266.0,7230.0,11255.0,81688790.0,69186
2023-05-09 21:01:57,PF2306,PF2306,7232.0,0.0,0.0,0.0,9,7234.0,7236.0,15,7242.0,7266.0,7266.0,7230.0,11255.0,81688790.0,69186
2023-05-09 21:01:58,PF2306,PF2306,7234.0,2.0,14516.0,2.0,7,7234.0,7236.0,15,7242.0,7266.0,7266.0,7230.0,11257.0,81703306.0,69188
2023-05-09 21:01:59,PF2306,PF2306,7234.0,0.0,0.0,0.0,7,7234.0,7236.0,22,7242.0,7266.0,7266.0,7230.0,11257.0,81703306.0,69188
2023-05-09 21:02:00,PF2306,PF2306,7234.0,0.0,0.0,0.0,8,7234.0,7236.0,22,7242.0,7266.0,7266.0,7230.0,11257.0,81703306.0,69188
2023-05-09 21:02:00,PF2306,PF2306,7236.0,18.0,130644.0,7.0,16,7234.0,7236.0,10,7242.0,7266.0,7266.0,7230.0,11275.0,81833950.0,69195
2023-05-09 21:02:01,PF2306,PF2306,7234.0,11.0,79838.0,-9.0,28,7234.0,7236.0,2,7242.0,7266.0,7266.0,7230.0,11286.0,81913788.0,69186
2023-05-09 21:02:01,PF2306,PF2306,7236.0,32.0,232256.0,-5.0,123,7236.0,7238.0,14,7242.0,7266.0,7266.0,7230.0,11318.0,82146044.0,69181
2023-05-09 21:02:02,PF2306,PF2306,7236.0,28.0,203224.0,-3.0,128,7236.0,7238.0,1,7242.0,7266.0,7266.0,7230.0,11346.0,82349268.0,69178
2023-05-09 21:02:02,PF2306,PF2306,7240.0,12.0,87096.0,0.0,126,7236.0,7238.0,3,7242.0,7266.0,7266.0,7230.0,11358.0,82436364.0,69178
2023-05-09 21:02:02,PF2306,PF2306,7236.0,12.0,87096.0,9.0,129,7236.0,7240.0,13,7242.0,7266.0,7266.0,7230.0,11370.0,82523460.0,69187
2023-05-09 21:02:03,PF2306,PF2306,7236.0,0.0,0.0,0.0,135,7236.0,7240.0,14,7242.0,7266.0,7266.0,7230.0,11370.0,82523460.0,69187
2023-05-09 21:02:03,PF2306,PF2306,7236.0,0.0,0.0,0.0,140,7236.0,7240.0,14,7242.0,7266.0,7266.0,7230.0,11370.0,82523460.0,69187
2023-05-09 21:02:04,PF2306,PF2306,7236.0,0.0,0.0,0.0,140,7236.0,7240.0,18,7242.0,7266.0,7266.0,7230.0,11370.0,82523460.0,69187
2023-05-09 21:02:05,PF2306,PF2306,7236.0,1.0,7258.0,0.0,12,7238.0,7240.0,19,7242.0,7266.0,7266.0,7230.0,11371.0,82530718.0,69187
2023-05-09 21:02:05,PF2306,PF2306,7236.0,105.0,762090.0,104.0,52,7236.0,7238.0,9,7242.0,7266.0,7266.0,7230.0,11476.0,83292808.0,69291
2023-05-09 21:02:06,PF2306,PF2306,7236.0,0.0,0.0,0.0,73,7236.0,7238.0,5,7242.0,7266.0,7266.0,7230.0,11476.0,83292808.0,69291
2023-05-09 21:02:06,PF2306,PF2306,7238.0,10.0,72580.0,-10.0,16,7238.0,7240.0,18,7242.0,7266.0,7266.0,7230.0,11486.0,83365388.0,69281
2023-05-09 21:02:06,PF2306,PF2306,7238.0,0.0,0.0,0.0,16,7238.0,7240.0,16,7242.0,7266.0,7266.0,7230.0,11486.0,83365388.0,69281
2023-05-09 21:02:07,PF2306,PF2306,7238.0,1.0,7258.0,1.0,33,7238.0,7240.0,7,7242.0,7266.0,7266.0,7230.0,11487.0,83372646.0,69282
2023-05-09 21:02:08,PF2306,PF2306,7238.0,0.0,0.0,0.0,33,7238.0,7240.0,14,7242.0,7266.0,7266.0,7230.0,11487.0,83372646.0,69282
2023-05-09 21:02:08,PF2306,PF2306,7238.0,0.0,0.0,0.0,35,7238.0,7240.0,13,7242.0,7266.0,7266.0,7230.0,11487.0,83372646.0,69282
2023-05-09 21:02:09,PF2306,PF2306,7238.0,0.0,0.0,0.0,37,7238.0,7240.0,13,7242.0,7266.0,7266.0,7230.0,11487.0,83372646.0,69282
2023-05-09 21:02:10,PF2306,PF2306,7238.0,0.0,0.0,0.0,38,7238.0,7240.0,13,7242.0,7266.0,7266.0,7230.0,11487.0,83372646.0,69282
2023-05-09 21:02:11,PF2306,PF2306,7238.0,17.0,123386.0,0.0,22,7238.0,7240.0,13,7242.0,7266.0,7266.0,7230.0,11504.0,83496032.0,69282
2023-05-09 21:02:11,PF2306,PF2306,7238.0,0.0,0.0,0.0,23,7238.0,7240.0,13,7242.0,7266.0,7266.0,7230.0,11504.0,83496032.0,69282
2023-05-09 21:02:12,PF2306,PF2306,7238.0,1.0,7258.0,0.0,22,7238.0,7240.0,11,7242.0,7266.0,7266.0,7230.0,11505.0,83503290.0,69282
2023-05-09 21:02:12,PF2306,PF2306,7240.0,4.0,29032.0,-2.0,25,7238.0,7240.0,9,7242.0,7266.0,7266.0,7230.0,11509.0,83532322.0,69280
2023-05-09 21:02:13,PF2306,PF2306,7240.0,0.0,0.0,0.0,51,7238.0,7240.0,2,7242.0,7266.0,7266.0,7230.0,11509.0,83532322.0,69280
2023-05-09 21:02:14,PF2306,PF2306,7240.0,22.0,159676.0,15.0,15,7240.0,7242.0,18,7242.0,7266.0,7266.0,7230.0,11531.0,83691998.0,69295
2023-05-09 21:02:14,PF2306,PF2306,7238.0,19.0,137902.0,4.0,47,7238.0,7240.0,11,7242.0,7266.0,7266.0,7230.0,11550.0,83829900.0,69299
2023-05-09 21:02:15,PF2306,PF2306,7238.0,2.0,14516.0,2.0,46,7238.0,7240.0,9,7242.0,7266.0,7266.0,7230.0,11552.0,83844416.0,69301
2023-05-09 21:02:15,PF2306,PF2306,7238.0,1.0,7258.0,1.0,38,7238.0,7240.0,10,7242.0,7266.0,7266.0,7230.0,11553.0,83851674.0,69302
2023-05-09 21:02:15,PF2306,PF2306,7238.0,38.0,275804.0,1.0,31,7236.0,7238.0,7,7242.0,7266.0,7266.0,7230.0,11591.0,84127478.0,69303
2023-05-09 21:02:16,PF2306,PF2306,7238.0,0.0,0.0,0.0,30,7236.0,7238.0,8,7242.0,7266.0,7266.0,7230.0,11591.0,84127478.0,69303
2023-05-09 21:02:17,PF2306,PF2306,7238.0,5.0,36290.0,-3.0,38,7236.0,7240.0,15,7242.0,7266.0,7266.0,7230.0,11596.0,84163768.0,69300
2023-05-09 21:02:17,PF2306,PF2306,7240.0,4.0,29032.0,1.0,1,7238.0,7240.0,14,7242.0,7266.0,7266.0,7230.0,11600.0,84192800.0,69301
2023-05-09 21:02:18,PF2306,PF2306,7236.0,10.0,72580.0,8.0,39,7236.0,7238.0,7,7242.0,7266.0,7266.0,7230.0,11610.0,84265380.0,69309
2023-05-09 21:02:18,PF2306,PF2306,7238.0,10.0,72580.0,-5.0,37,7236.0,7238.0,9,7242.0,7266.0,7266.0,7230.0,11620.0,84337960.0,69304
2023-05-09 21:02:19,PF2306,PF2306,7236.0,1.0,7258.0,0.0,106,7236.0,7238.0,12,7242.0,7266.0,7266.0,7230.0,11621.0,84345218.0,69304
2023-05-09 21:02:19,PF2306,PF2306,7236.0,6.0,43548.0,-2.0,105,7236.0,7238.0,2,7242.0,7266.0,7266.0,7230.0,11627.0,84388766.0,69302
2023-05-09 21:02:19,PF2306,PF2306,7238.0,1.0,7258.0,0.0,105,7236.0,7238.0,1,7242.0,7266.0,7266.0,7230.0,11628.0,84396024.0,69302
2023-05-09 21:02:20,PF2306,PF2306,7238.0,0.0,0.0,0.0,108,7236.0,7240.0,52,7242.0,7266.0,7266.0,7230.0,11628.0,84396024.0,69302
2023-05-09 21:02:21,PF2306,PF2306,7238.0,11.0,79838.0,3.0,118,7236.0,7240.0,44,7242.0,7266.0,7266.0,7230.0,11639.0,84475862.0,69305
2023-05-09 21:02:21,PF2306,PF2306,7238.0,1.0,7258.0,0.0,15,7238.0,7240.0,43,7242.0,7266.0,7266.0,7230.0,11640.0,84483120.0,69305
2023-05-09 21:02:22,PF2306,PF2306,7238.0,2.0,14516.0,0.0,13,7238.0,7240.0,41,7242.0,7266.0,7266.0,7230.0,11642.0,84497636.0,69305
2023-05-09 21:02:22,PF2306,PF2306,7240.0,1.0,7258.0,-1.0,13,7238.0,7240.0,41,7242.0,7266.0,7266.0,7230.0,11643.0,84504894.0,69304
2023-05-09 21:02:23,PF2306,PF2306,7238.0,3.0,21774.0,1.0,11,7238.0,7240.0,43,7242.0,7266.0,7266.0,7230.0,11646.0,84526668.0,69305
2023-05-09 21:02:23,PF2306,PF2306,7238.0,4.0,29032.0,1.0,1,7238.0,7240.0,39,7242.0,7266.0,7266.0,7230.0,11650.0,84555700.0,69306
2023-05-09 21:02:24,PF2306,PF2306,7238.0,0.0,0.0,0.0,1,7238.0,7240.0,37,7242.0,7266.0,7266.0,7230.0,11650.0,84555700.0,69306
2023-05-09 21:02:24,PF2306,PF2306,7238.0,1.0,7258.0,0.0,7,7238.0,7240.0,37,7242.0,7266.0,7266.0,7230.0,11651.0,84562958.0,69306
2023-05-09 21:02:25,PF2306,PF2306,7238.0,0.0,0.0,0.0,17,7238.0,7240.0,42,7242.0,7266.0,7266.0,7230.0,11651.0,84562958.0,69306
2023-05-09 21:02:26,PF2306,PF2306,7238.0,11.0,79838.0,-3.0,15,7238.0,7240.0,27,7242.0,7266.0,7266.0,7230.0,11662.0,84642796.0,69303
2023-05-09 21:02:27,PF2306,PF2306,7238.0,1.0,7258.0,0.0,14,7238.0,7240.0,27,7242.0,7266.0,7266.0,7230.0,11663.0,84650054.0,69303
2023-05-09 21:02:28,PF2306,PF2306,7238.0,1.0,7258.0,0.0,13,7238.0,7240.0,39,7242.0,7266.0,7266.0,7230.0,11664.0,84657312.0,69303
2023-05-09 21:02:28,PF2306,PF2306,7240.0,1.0,7258.0,0.0,17,7238.0,7240.0,38,7242.0,7266.0,7266.0,7230.0,11665.0,84664570.0,69303
2023-05-09 21:02:29,PF2306,PF2306,7238.0,5.0,36290.0,0.0,19,7238.0,7240.0,29,7242.0,7266.0,7266.0,7230.0,11670.0,84700860.0,69303
2023-05-09 21:02:30,PF2306,PF2306,7240.0,34.0,246772.0,-20.0,21,7238.0,7242.0,100,7242.0,7266.0,7266.0,7230.0,11704.0,84947632.0,69283
2023-05-09 21:02:30,PF2306,PF2306,7240.0,0.0,0.0,0.0,23,7238.0,7242.0,106,7242.0,7266.0,7266.0,7230.0,11704.0,84947632.0,69283
2023-05-09 21:02:31,PF2306,PF2306,7240.0,0.0,0.0,0.0,24,7238.0,7240.0,7,7242.0,7266.0,7266.0,7230.0,11704.0,84947632.0,69283
2023-05-09 21:02:31,PF2306,PF2306,7240.0,6.0,43548.0,-2.0,34,7238.0,7240.0,5,7242.0,7266.0,7266.0,7230.0,11710.0,84991180.0,69281
2023-05-09 21:02:32,PF2306,PF2306,7240.0,0.0,0.0,0.0,31,7238.0,7240.0,12,7242.0,7266.0,7266.0,7230.0,11710.0,84991180.0,69281
2023-05-09 21:02:32,PF2306,PF2306,7240.0,7.0,50806.0,0.0,34,7238.0,7240.0,6,7242.0,7266.0,7266.0,7230.0,11717.0,85041986.0,69281
2023-05-09 21:02:32,PF2306,PF2306,7240.0,0.0,0.0,0.0,34,7238.0,7240.0,7,7242.0,7266.0,7266.0,7230.0,11717.0,85041986.0,69281
2023-05-09 21:02:33,PF2306,PF2306,7238.0,34.0,246772.0,21.0,89,7236.0,7240.0,13,7242.0,7266.0,7266.0,7230.0,11751.0,85288758.0,69302
2023-05-09 21:02:34,PF2306,PF2306,7236.0,1.0,7258.0,-1.0,100,7236.0,7238.0,13,7242.0,7266.0,7266.0,7230.0,11752.0,85296016.0,69301
2023-05-09 21:02:34,PF2306,PF2306,7238.0,1.0,7258.0,-1.0,100,7236.0,7238.0,11,7242.0,7266.0,7266.0,7230.0,11753.0,85303274.0,69300
2023-05-09 21:02:35,PF2306,PF2306,7238.0,11.0,79838.0,3.0,10,7238.0,7240.0,18,7242.0,7266.0,7266.0,7230.0,11764.0,85383112.0,69303
2023-05-09 21:02:35,PF2306,PF2306,7238.0,10.0,72580.0,10.0,100,7236.0,7238.0,15,7242.0,7266.0,7266.0,7230.0,11774.0,85455692.0,69313
2023-05-09 21:02:35,PF2306,PF2306,7238.0,0.0,0.0,0.0,100,7236.0,7238.0,16,7242.0,7266.0,7266.0,7230.0,11774.0,85455692.0,69313
2023-05-09 21:02:36,PF2306,PF2306,7238.0,3.0,21774.0,0.0,101,7236.0,7238.0,13,7242.0,7266.0,7266.0,7230.0,11777.0,85477466.0,69313
2023-05-09 21:02:36,PF2306,PF2306,7238.0,6.0,43548.0,-6.0,19,7238.0,7240.0,15,7242.0,7266.0,7266.0,7230.0,11783.0,85521014.0,69307
2023-05-09 21:02:37,PF2306,PF2306,7238.0,0.0,0.0,0.0,19,7238.0,7240.0,7,7242.0,7266.0,7266.0,7230.0,11783.0,85521014.0,69307
2023-05-09 21:02:38,PF2306,PF2306,7238.0,3.0,21774.0,2.0,17,7238.0,7240.0,15,7242.0,7266.0,7266.0,7230.0,11786.0,85542788.0,69309
2023-05-09 21:02:38,PF2306,PF2306,7240.0,1.0,7258.0,0.0,10,7238.0,7240.0,18,7242.0,7266.0,7266.0,7230.0,11787.0,85550046.0,69309
2023-05-09 21:02:38,PF2306,PF2306,7238.0,10.0,72580.0,-10.0,117,7236.0,7238.0,7,7242.0,7266.0,7266.0,7230.0,11797.0,85622626.0,69299
2023-05-09 21:02:39,PF2306,PF2306,7238.0,0.0,0.0,0.0,117,7236.0,7238.0,8,7242.0,7266.0,7266.0,7230.0,11797.0,85622626.0,69299
2023-05-09 21:02:40,PF2306,PF2306,7238.0,10.0,72580.0,1.0,5,7238.0,7240.0,20,7242.0,7266.0,7266.0,7230.0,11807.0,85695206.0,69300
2023-05-09 21:02:40,PF2306,PF2306,7240.0,6.0,43548.0,5.0,8,7238.0,7240.0,15,7242.0,7266.0,7266.0,7230.0,11813.0,85738754.0,69305
2023-05-09 21:02:41,PF2306,PF2306,7238.0,5.0,36290.0,0.0,114,7236.0,7240.0,18,7242.0,7266.0,7266.0,7230.0,11818.0,85775044.0,69305
2023-05-09 21:02:41,PF2306,PF2306,7238.0,0.0,0.0,0.0,115,7236.0,7240.0,16,7242.0,7266.0,7266.0,7230.0,11818.0,85775044.0,69305
2023-05-09 21:02:42,PF2306,PF2306,7238.0,0.0,0.0,0.0,5,7238.0,7240.0,23,7242.0,7266.0,7266.0,7230.0,11818.0,85775044.0,69305
2023-05-09 21:02:42,PF2306,PF2306,7238.0,0.0,0.0,0.0,3,7238.0,7240.0,25,7242.0,7266.0,7266.0,7230.0,11818.0,85775044.0,69305
2023-05-09 21:02:42,PF2306,PF2306,7238.0,3.0,21774.0,0.0,119,7236.0,7240.0,26,7242.0,7266.0,7266.0,7230.0,11821.0,85796818.0,69305
2023-05-09 21:02:43,PF2306,PF2306,7236.0,3.0,21774.0,-1.0,117,7236.0,7240.0,56,7242.0,7266.0,7266.0,7230.0,11824.0,85818592.0,69304
2023-05-09 21:02:43,PF2306,PF2306,7236.0,0.0,0.0,0.0,116,7236.0,7238.0,7,7242.0,7266.0,7266.0,7230.0,11824.0,85818592.0,69304
2023-05-09 21:02:45,PF2306,PF2306,7236.0,0.0,0.0,0.0,122,7236.0,7238.0,7,7242.0,7266.0,7266.0,7230.0,11824.0,85818592.0,69304
2023-05-09 21:02:46,PF2306,PF2306,7236.0,10.0,72580.0,0.0,106,7236.0,7240.0,73,7242.0,7266.0,7266.0,7230.0,11834.0,85891172.0,69304
2023-05-09 21:02:46,PF2306,PF2306,7236.0,0.0,0.0,0.0,106,7236.0,7240.0,76,7242.0,7266.0,7266.0,7230.0,11834.0,85891172.0,69304
2023-05-09 21:02:47,PF2306,PF2306,7236.0,5.0,36290.0,0.0,101,7236.0,7238.0,8,7242.0,7266.0,7266.0,7230.0,11839.0,85927462.0,69304
2023-05-09 21:02:47,PF2306,PF2306,7238.0,1.0,7258.0,0.0,105,7236.0,7238.0,7,7242.0,7266.0,7266.0,7230.0,11840.0,85934720.0,69304
2023-05-09 21:02:48,PF2306,PF2306,7236.0,2.0,14516.0,2.0,103,7236.0,7238.0,7,7242.0,7266.0,7266.0,7230.0,11842.0,85949236.0,69306
2023-05-09 21:02:48,PF2306,PF2306,7236.0,0.0,0.0,0.0,103,7236.0,7238.0,8,7242.0,7266.0,7266.0,7230.0,11842.0,85949236.0,69306
2023-05-09 21:02:49,PF2306,PF2306,7238.0,1.0,7258.0,0.0,4,7238.0,7240.0,57,7242.0,7266.0,7266.0,7230.0,11843.0,85956494.0,69306
2023-05-09 21:02:50,PF2306,PF2306,7238.0,0.0,0.0,0.0,11,7238.0,7240.0,58,7242.0,7266.0,7266.0,7230.0,11843.0,85956494.0,69306
2023-05-09 21:02:50,PF2306,PF2306,7238.0,0.0,0.0,0.0,19,7238.0,7240.0,67,7242.0,7266.0,7266.0,7230.0,11843.0,85956494.0,69306
2023-05-09 21:02:51,PF2306,PF2306,7238.0,0.0,0.0,0.0,19,7238.0,7240.0,94,7242.0,7266.0,7266.0,7230.0,11843.0,85956494.0,69306
2023-05-09 21:02:51,PF2306,PF2306,7238.0,0.0,0.0,0.0,21,7238.0,7240.0,94,7242.0,7266.0,7266.0,7230.0,11843.0,85956494.0,69306
2023-05-09 21:02:52,PF2306,PF2306,7238.0,0.0,0.0,0.0,27,7238.0,7240.0,94,7242.0,7266.0,7266.0,7230.0,11843.0,85956494.0,69306
2023-05-09 21:02:53,PF2306,PF2306,7238.0,0.0,0.0,0.0,27,7238.0,7240.0,96,7242.0,7266.0,7266.0,7230.0,11843.0,85956494.0,69306
2023-05-09 21:02:53,PF2306,PF2306,7238.0,1.0,7258.0,0.0,26,7238.0,7240.0,96,7242.0,7266.0,7266.0,7230.0,11844.0,85963752.0,69306
2023-05-09 21:02:54,PF2306,PF2306,7238.0,2.0,14516.0,2.0,24,7238.0,7240.0,96,7242.0,7266.0,7266.0,7230.0,11846.0,85978268.0,69308
2023-05-09 21:02:55,PF2306,PF2306,7238.0,0.0,0.0,0.0,38,7238.0,7240.0,98,7242.0,7266.0,7266.0,7230.0,11846.0,85978268.0,69308
2023-05-09 21:02:55,PF2306,PF2306,7238.0,30.0,217740.0,-3.0,10,7238.0,7240.0,98,7242.0,7266.0,7266.0,7230.0,11876.0,86196008.0,69305
2023-05-09 21:02:56,PF2306,PF2306,7238.0,3.0,21774.0,1.0,15,7238.0,7240.0,100,7242.0,7266.0,7266.0,7230.0,11879.0,86217782.0,69306
2023-05-09 21:02:56,PF2306,PF2306,7238.0,1.0,7258.0,1.0,17,7238.0,7240.0,103,7242.0,7266.0,7266.0,7230.0,11880.0,86225040.0,69307
2023-05-09 21:02:57,PF2306,PF2306,7240.0,1.0,7258.0,0.0,17,7238.0,7240.0,102,7242.0,7266.0,7266.0,7230.0,11881.0,86232298.0,69307
2023-05-09 21:02:57,PF2306,PF2306,7240.0,0.0,0.0,0.0,31,7238.0,7240.0,102,7242.0,7266.0,7266.0,7230.0,11881.0,86232298.0,69307
2023-05-09 21:03:00,PF2306,PF2306,7240.0,0.0,0.0,0.0,40,7238.0,7240.0,95,7242.0,7266.0,7266.0,7230.0,11881.0,86232298.0,69307
2023-05-09 21:03:00,PF2306,PF2306,7238.0,1.0,7258.0,1.0,45,7238.0,7240.0,96,7242.0,7266.0,7266.0,7230.0,11882.0,86239556.0,69308
2023-05-09 21:03:01,PF2306,PF2306,7240.0,9.0,65322.0,-2.0,37,7238.0,7240.0,82,7242.0,7266.0,7266.0,7230.0,11891.0,86304878.0,69306
2023-05-09 21:03:01,PF2306,PF2306,7240.0,0.0,0.0,0.0,47,7238.0,7240.0,82,7242.0,7266.0,7266.0,7230.0,11891.0,86304878.0,69306
2023-05-09 21:03:02,PF2306,PF2306,7238.0,1.0,7258.0,0.0,46,7238.0,7240.0,82,7242.0,7266.0,7266.0,7230.0,11892.0,86312136.0,69306
2023-05-09 21:03:02,PF2306,PF2306,7238.0,2.0,14516.0,0.0,48,7238.0,7240.0,82,7242.0,7266.0,7266.0,7230.0,11894.0,86326652.0,69306
2023-05-09 21:03:03,PF2306,PF2306,7240.0,35.0,254030.0,26.0,50,7238.0,7240.0,60,7242.0,7266.0,7266.0,7230.0,11929.0,86580682.0,69332
2023-05-09 21:03:03,PF2306,PF2306,7240.0,0.0,0.0,0.0,51,7238.0,7240.0,60,7242.0,7266.0,7266.0,7230.0,11929.0,86580682.0,69332
2023-05-09 21:03:04,PF2306,PF2306,7240.0,60.0,435480.0,20.0,52,7238.0,7242.0,39,7242.0,7266.0,7266.0,7230.0,11989.0,87016162.0,69352
2023-05-09 21:03:05,PF2306,PF2306,7240.0,18.0,130644.0,4.0,9,7240.0,7242.0,30,7242.0,7266.0,7266.0,7230.0,12007.0,87146806.0,69356
2023-05-09 21:03:05,PF2306,PF2306,7240.0,0.0,0.0,0.0,17,7240.0,7242.0,30,7242.0,7266.0,7266.0,7230.0,12007.0,87146806.0,69356
2023-05-09 21:03:06,PF2306,PF2306,7242.0,30.0,217740.0,-23.0,20,7240.0,7244.0,22,7242.0,7266.0,7266.0,7230.0,12037.0,87364546.0,69333
2023-05-09 21:03:06,PF2306,PF2306,7242.0,6.0,43548.0,0.0,17,7242.0,7244.0,24,7242.0,7266.0,7266.0,7230.0,12043.0,87408094.0,69333
2023-05-09 21:03:06,PF2306,PF2306,7244.0,9.0,65322.0,2.0,21,7242.0,7244.0,29,7242.0,7266.0,7266.0,7230.0,12052.0,87473416.0,69335
2023-05-09 21:03:07,PF2306,PF2306,7242.0,1.0,7258.0,1.0,20,7242.0,7244.0,32,7242.0,7266.0,7266.0,7230.0,12053.0,87480674.0,69336
2023-05-09 21:03:07,PF2306,PF2306,7242.0,1.0,7258.0,1.0,19,7242.0,7244.0,34,7242.0,7266.0,7266.0,7230.0,12054.0,87487932.0,69337
2023-05-09 21:03:09,PF2306,PF2306,7244.0,1.0,7258.0,0.0,19,7242.0,7244.0,34,7242.0,7266.0,7266.0,7230.0,12055.0,87495190.0,69337
2023-05-09 21:03:09,PF2306,PF2306,7244.0,4.0,29032.0,3.0,19,7242.0,7244.0,30,7242.0,7266.0,7266.0,7230.0,12059.0,87524222.0,69340
2023-05-09 21:03:10,PF2306,PF2306,7242.0,2.0,14516.0,2.0,17,7242.0,7244.0,34,7242.0,7266.0,7266.0,7230.0,12061.0,87538738.0,69342
2023-05-09 21:03:10,PF2306,PF2306,7242.0,0.0,0.0,0.0,20,7242.0,7244.0,33,7242.0,7266.0,7266.0,7230.0,12061.0,87538738.0,69342
2023-05-09 21:03:11,PF2306,PF2306,7242.0,20.0,145160.0,-2.0,64,7240.0,7242.0,8,7242.0,7266.0,7266.0,7230.0,12081.0,87683898.0,69340
2023-05-09 21:03:11,PF2306,PF2306,7242.0,0.0,0.0,0.0,74,7240.0,7242.0,14,7242.0,7266.0,7266.0,7230.0,12081.0,87683898.0,69340
2023-05-09 21:03:12,PF2306,PF2306,7242.0,18.0,130644.0,11.0,59,7240.0,7242.0,23,7242.0,7266.0,7266.0,7230.0,12099.0,87814542.0,69351
2023-05-09 21:03:12,PF2306,PF2306,7242.0,4.0,29032.0,-4.0,59,7240.0,7242.0,22,7242.0,7266.0,7266.0,7230.0,12103.0,87843574.0,69347
2023-05-09 21:03:12,PF2306,PF2306,7242.0,0.0,0.0,0.0,59,7240.0,7242.0,24,7242.0,7266.0,7266.0,7230.0,12103.0,87843574.0,69347
2023-05-09 21:03:13,PF2306,PF2306,7242.0,7.0,50806.0,-3.0,59,7240.0,7242.0,28,7242.0,7266.0,7266.0,7230.0,12110.0,87894380.0,69344
2023-05-09 21:03:13,PF2306,PF2306,7242.0,0.0,0.0,0.0,63,7240.0,7242.0,30,7242.0,7266.0,7266.0,7230.0,12110.0,87894380.0,69344
2023-05-09 21:03:14,PF2306,PF2306,7242.0,0.0,0.0,0.0,64,7240.0,7242.0,32,7242.0,7266.0,7266.0,7230.0,12110.0,87894380.0,69344
2023-05-09 21:03:15,PF2306,PF2306,7242.0,0.0,0.0,0.0,66,7240.0,7242.0,34,7242.0,7266.0,7266.0,7230.0,12110.0,87894380.0,69344
2023-05-09 21:03:15,PF2306,PF2306,7242.0,1.0,7258.0,1.0,137,7240.0,7242.0,34,7242.0,7266.0,7266.0,7230.0,12111.0,87901638.0,69345
2023-05-09 21:03:16,PF2306,PF2306,7242.0,0.0,0.0,0.0,137,7240.0,7242.0,35,7242.0,7266.0,7266.0,7230.0,12111.0,87901638.0,69345
2023-05-09 21:03:17,PF2306,PF2306,7242.0,10.0,72580.0,-4.0,137,7240.0,7244.0,99,7242.0,7266.0,7266.0,7230.0,12121.0,87974218.0,69341
2023-05-09 21:03:17,PF2306,PF2306,7242.0,0.0,0.0,0.0,137,7240.0,7244.0,67,7242.0,7266.0,7266.0,7230.0,12121.0,87974218.0,69341
2023-05-09 21:03:17,PF2306,PF2306,7242.0,0.0,0.0,0.0,137,7240.0,7244.0,57,7242.0,7266.0,7266.0,7230.0,12121.0,87974218.0,69341
2023-05-09 21:03:18,PF2306,PF2306,7242.0,0.0,0.0,0.0,138,7240.0,7242.0,3,7242.0,7266.0,7266.0,7230.0,12121.0,87974218.0,69341
2023-05-09 21:03:19,PF2306,PF2306,7242.0,7.0,50806.0,2.0,140,7240.0,7244.0,57,7242.0,7266.0,7266.0,7230.0,12128.0,88025024.0,69343
2023-05-09 21:03:19,PF2306,PF2306,7242.0,0.0,0.0,0.0,140,7240.0,7244.0,59,7242.0,7266.0,7266.0,7230.0,12128.0,88025024.0,69343
2023-05-09 21:03:20,PF2306,PF2306,7242.0,0.0,0.0,0.0,140,7240.0,7244.0,57,7242.0,7266.0,7266.0,7230.0,12128.0,88025024.0,69343
2023-05-09 21:03:20,PF2306,PF2306,7242.0,5.0,36290.0,-4.0,9,7242.0,7244.0,43,7242.0,7266.0,7266.0,7230.0,12133.0,88061314.0,69339
2023-05-09 21:03:21,PF2306,PF2306,7242.0,3.0,21774.0,1.0,11,7242.0,7244.0,43,7242.0,7266.0,7266.0,7230.0,12136.0,88083088.0,69340
2023-05-09 21:03:21,PF2306,PF2306,7242.0,6.0,43548.0,3.0,10,7242.0,7244.0,41,7242.0,7266.0,7266.0,7230.0,12142.0,88126636.0,69343
2023-05-09 21:03:22,PF2306,PF2306,7242.0,10.0,72580.0,8.0,135,7240.0,7244.0,52,7242.0,7266.0,7266.0,7230.0,12152.0,88199216.0,69351
2023-05-09 21:03:22,PF2306,PF2306,7240.0,1.0,7258.0,0.0,164,7240.0,7242.0,10,7242.0,7266.0,7266.0,7230.0,12153.0,88206474.0,69351
2023-05-09 21:03:23,PF2306,PF2306,7242.0,3.0,21774.0,1.0,165,7240.0,7242.0,18,7242.0,7266.0,7266.0,7230.0,12156.0,88228248.0,69352
2023-05-09 21:03:23,PF2306,PF2306,7242.0,0.0,0.0,0.0,165,7240.0,7242.0,19,7242.0,7266.0,7266.0,7230.0,12156.0,88228248.0,69352
2023-05-09 21:03:24,PF2306,PF2306,7242.0,5.0,36290.0,0.0,165,7240.0,7242.0,16,7242.0,7266.0,7266.0,7230.0,12161.0,88264538.0,69352
2023-05-09 21:03:24,PF2306,PF2306,7240.0,7.0,50806.0,-1.0,165,7240.0,7242.0,23,7242.0,7266.0,7266.0,7230.0,12168.0,88315344.0,69351
2023-05-09 21:03:25,PF2306,PF2306,7242.0,21.0,152418.0,-18.0,164,7240.0,7242.0,7,7242.0,7266.0,7266.0,7230.0,12189.0,88467762.0,69333
2023-05-09 21:03:25,PF2306,PF2306,7240.0,1.0,7258.0,1.0,164,7240.0,7242.0,6,7242.0,7266.0,7266.0,7230.0,12190.0,88475020.0,69334
2023-05-09 21:03:26,PF2306,PF2306,7240.0,0.0,0.0,0.0,165,7240.0,7242.0,7,7242.0,7266.0,7266.0,7230.0,12190.0,88475020.0,69334
2023-05-09 21:03:26,PF2306,PF2306,7242.0,7.0,50806.0,-7.0,167,7240.0,7244.0,68,7242.0,7266.0,7266.0,7230.0,12197.0,88525826.0,69327
2023-05-09 21:03:27,PF2306,PF2306,7244.0,1.0,7258.0,0.0,10,7242.0,7244.0,99,7242.0,7266.0,7266.0,7230.0,12198.0,88533084.0,69327
2023-05-09 21:03:27,PF2306,PF2306,7242.0,4.0,29032.0,1.0,13,7242.0,7244.0,90,7242.0,7266.0,7266.0,7230.0,12202.0,88562116.0,69328
2023-05-09 21:03:27,PF2306,PF2306,7242.0,1.0,7258.0,1.0,12,7242.0,7244.0,88,7242.0,7266.0,7266.0,7230.0,12203.0,88569374.0,69329
2023-05-09 21:03:28,PF2306,PF2306,7242.0,2.0,14516.0,2.0,19,7242.0,7244.0,91,7242.0,7266.0,7266.0,7230.0,12205.0,88583890.0,69331
2023-05-09 21:03:29,PF2306,PF2306,7242.0,6.0,43548.0,0.0,17,7242.0,7244.0,66,7242.0,7266.0,7266.0,7230.0,12211.0,88627438.0,69331
2023-05-09 21:03:29,PF2306,PF2306,7242.0,0.0,0.0,0.0,18,7242.0,7244.0,66,7242.0,7266.0,7266.0,7230.0,12211.0,88627438.0,69331
2023-05-09 21:03:30,PF2306,PF2306,7242.0,1.0,7258.0,1.0,28,7242.0,7244.0,67,7242.0,7266.0,7266.0,7230.0,12212.0,88634696.0,69332
2023-05-09 21:03:30,PF2306,PF2306,7242.0,0.0,0.0,0.0,28,7242.0,7244.0,69,7242.0,7266.0,7266.0,7230.0,12212.0,88634696.0,69332
2023-05-09 21:03:31,PF2306,PF2306,7242.0,1.0,7258.0,0.0,27,7242.0,7244.0,68,7242.0,7266.0,7266.0,7230.0,12213.0,88641954.0,69332
2023-05-09 21:03:32,PF2306,PF2306,7242.0,0.0,0.0,0.0,27,7242.0,7244.0,70,7242.0,7266.0,7266.0,7230.0,12213.0,88641954.0,69332
2023-05-09 21:03:32,PF2306,PF2306,7242.0,0.0,0.0,0.0,31,7242.0,7244.0,70,7242.0,7266.0,7266.0,7230.0,12213.0,88641954.0,69332
2023-05-09 21:03:32,PF2306,PF2306,7242.0,0.0,0.0,0.0,31,7242.0,7244.0,68,7242.0,7266.0,7266.0,7230.0,12213.0,88641954.0,69332
2023-05-09 21:03:33,PF2306,PF2306,7242.0,1.0,7258.0,0.0,30,7242.0,7244.0,69,7242.0,7266.0,7266.0,7230.0,12214.0,88649212.0,69332
2023-05-09 21:03:34,PF2306,PF2306,7242.0,16.0,116128.0,-15.0,16,7242.0,7244.0,81,7242.0,7266.0,7266.0,7230.0,12230.0,88765340.0,69317
2023-05-09 21:03:34,PF2306,PF2306,7242.0,14.0,101612.0,-5.0,3,7242.0,7244.0,72,7242.0,7266.0,7266.0,7230.0,12244.0,88866952.0,69312
2023-05-09 21:03:35,PF2306,PF2306,7242.0,3.0,21774.0,-3.0,164,7240.0,7244.0,73,7242.0,7266.0,7266.0,7230.0,12247.0,88888726.0,69309
2023-05-09 21:03:35,PF2306,PF2306,7242.0,0.0,0.0,0.0,190,7240.0,7242.0,1,7242.0,7266.0,7266.0,7230.0,12247.0,88888726.0,69309
2023-05-09 21:03:36,PF2306,PF2306,7242.0,8.0,58064.0,1.0,189,7240.0,7244.0,73,7242.0,7266.0,7266.0,7230.0,12255.0,88946790.0,69310
2023-05-09 21:03:36,PF2306,PF2306,7244.0,9.0,65322.0,-4.0,14,7242.0,7244.0,63,7242.0,7266.0,7266.0,7230.0,12264.0,89012112.0,69306
2023-05-09 21:03:37,PF2306,PF2306,7242.0,25.0,181450.0,25.0,189,7240.0,7242.0,75,7242.0,7266.0,7266.0,7230.0,12289.0,89193562.0,69331
2023-05-09 21:03:37,PF2306,PF2306,7240.0,5.0,36290.0,0.0,180,7240.0,7242.0,76,7242.0,7266.0,7266.0,7230.0,12294.0,89229852.0,69331
2023-05-09 21:03:39,PF2306,PF2306,7240.0,9.0,65322.0,1.0,180,7240.0,7242.0,78,7242.0,7266.0,7266.0,7230.0,12303.0,89295174.0,69332
2023-05-09 21:03:39,PF2306,PF2306,7242.0,3.0,21774.0,1.0,181,7240.0,7242.0,75,7242.0,7266.0,7266.0,7230.0,12306.0,89316948.0,69333
2023-05-09 21:03:41,PF2306,PF2306,7240.0,11.0,79838.0,10.0,179,7240.0,7242.0,66,7242.0,7266.0,7266.0,7230.0,12317.0,89396786.0,69343
2023-05-09 21:03:41,PF2306,PF2306,7242.0,1.0,7258.0,1.0,180,7240.0,7242.0,65,7242.0,7266.0,7266.0,7230.0,12318.0,89404044.0,69344
2023-05-09 21:03:42,PF2306,PF2306,7242.0,0.0,0.0,0.0,180,7240.0,7242.0,78,7242.0,7266.0,7266.0,7230.0,12318.0,89404044.0,69344
2023-05-09 21:03:42,PF2306,PF2306,7242.0,4.0,29032.0,1.0,180,7240.0,7242.0,74,7242.0,7266.0,7266.0,7230.0,12322.0,89433076.0,69345
2023-05-09 21:03:43,PF2306,PF2306,7242.0,0.0,0.0,0.0,196,7240.0,7242.0,74,7242.0,7266.0,7266.0,7230.0,12322.0,89433076.0,69345
2023-05-09 21:03:43,PF2306,PF2306,7242.0,2.0,14516.0,2.0,180,7240.0,7242.0,72,7242.0,7266.0,7266.0,7230.0,12324.0,89447592.0,69347
2023-05-09 21:03:44,PF2306,PF2306,7240.0,1.0,7258.0,1.0,179,7240.0,7242.0,73,7242.0,7266.0,7266.0,7230.0,12325.0,89454850.0,69348
2023-05-09 21:03:44,PF2306,PF2306,7240.0,0.0,0.0,0.0,180,7240.0,7242.0,73,7242.0,7266.0,7266.0,7230.0,12325.0,89454850.0,69348
2023-05-09 21:03:45,PF2306,PF2306,7240.0,1.0,7258.0,0.0,180,7240.0,7242.0,73,7242.0,7266.0,7266.0,7230.0,12326.0,89462108.0,69348
2023-05-09 21:03:46,PF2306,PF2306,7240.0,0.0,0.0,0.0,180,7240.0,7242.0,74,7242.0,7266.0,7266.0,7230.0,12326.0,89462108.0,69348
2023-05-09 21:03:46,PF2306,PF2306,7240.0,0.0,0.0,0.0,183,7240.0,7242.0,74,7242.0,7266.0,7266.0,7230.0,12326.0,89462108.0,69348
2023-05-09 21:03:48,PF2306,PF2306,7240.0,71.0,515318.0,-13.0,119,7240.0,7242.0,16,7242.0,7266.0,7266.0,7230.0,12397.0,89977426.0,69335
2023-05-09 21:03:48,PF2306,PF2306,7242.0,2.0,14516.0,-2.0,120,7240.0,7242.0,27,7242.0,7266.0,7266.0,7230.0,12399.0,89991942.0,69333
2023-05-09 21:03:49,PF2306,PF2306,7242.0,0.0,0.0,0.0,120,7240.0,7242.0,28,7242.0,7266.0,7266.0,7230.0,12399.0,89991942.0,69333
2023-05-09 21:03:49,PF2306,PF2306,7242.0,0.0,0.0,0.0,123,7240.0,7242.0,28,7242.0,7266.0,7266.0,7230.0,12399.0,89991942.0,69333
2023-05-09 21:03:50,PF2306,PF2306,7240.0,1.0,7258.0,0.0,123,7240.0,7242.0,30,7242.0,7266.0,7266.0,7230.0,12400.0,89999200.0,69333
2023-05-09 21:03:50,PF2306,PF2306,7240.0,0.0,0.0,0.0,125,7240.0,7242.0,36,7242.0,7266.0,7266.0,7230.0,12400.0,89999200.0,69333
2023-05-09 21:03:51,PF2306,PF2306,7240.0,1.0,7258.0,0.0,124,7240.0,7242.0,37,7242.0,7266.0,7266.0,7230.0,12401.0,90006458.0,69333
2023-05-09 21:03:51,PF2306,PF2306,7240.0,0.0,0.0,0.0,126,7240.0,7242.0,34,7242.0,7266.0,7266.0,7230.0,12401.0,90006458.0,69333
2023-05-09 21:03:52,PF2306,PF2306,7242.0,1.0,7258.0,-1.0,126,7240.0,7242.0,32,7242.0,7266.0,7266.0,7230.0,12402.0,90013716.0,69332
2023-05-09 21:03:52,PF2306,PF2306,7242.0,0.0,0.0,0.0,127,7240.0,7242.0,35,7242.0,7266.0,7266.0,7230.0,12402.0,90013716.0,69332
2023-05-09 21:03:52,PF2306,PF2306,7242.0,0.0,0.0,0.0,126,7240.0,7242.0,36,7242.0,7266.0,7266.0,7230.0,12402.0,90013716.0,69332
2023-05-09 21:03:53,PF2306,PF2306,7240.0,129.0,911220.0,51.0,26,7238.0,7240.0,36,7242.0,7266.0,7266.0,7230.0,12531.0,90924936.0,69383
2023-05-09 21:03:54,PF2306,PF2306,7240.0,5.0,36280.0,-5.0,27,7238.0,7240.0,35,7242.0,7266.0,7266.0,7230.0,12536.0,90961216.0,69378
2023-05-09 21:03:54,PF2306,PF2306,7240.0,3.0,21768.0,-3.0,85,7238.0,7242.0,100,7242.0,7266.0,7266.0,7230.0,12539.0,90982984.0,69375
2023-05-09 21:03:54,PF2306,PF2306,7240.0,3.0,21768.0,0.0,85,7238.0,7240.0,12,7242.0,7266.0,7266.0,7230.0,12542.0,91004752.0,69375
2023-05-09 21:03:55,PF2306,PF2306,7240.0,12.0,87072.0,-12.0,85,7238.0,7240.0,12,7242.0,7266.0,7266.0,7230.0,12554.0,91091824.0,69363
2023-05-09 21:03:56,PF2306,PF2306,7240.0,0.0,0.0,0.0,85,7238.0,7240.0,5,7242.0,7266.0,7266.0,7230.0,12554.0,91091824.0,69363
2023-05-09 21:03:56,PF2306,PF2306,7240.0,0.0,0.0,0.0,86,7238.0,7240.0,5,7242.0,7266.0,7266.0,7230.0,12554.0,91091824.0,69363
2023-05-09 21:03:57,PF2306,PF2306,7238.0,5.0,36280.0,-5.0,86,7238.0,7240.0,1,7242.0,7266.0,7266.0,7230.0,12559.0,91128104.0,69358
2023-05-09 21:03:57,PF2306,PF2306,7238.0,0.0,0.0,0.0,88,7238.0,7240.0,1,7242.0,7266.0,7266.0,7230.0,12559.0,91128104.0,69358
2023-05-09 21:03:58,PF2306,PF2306,7238.0,1.0,7256.0,-1.0,88,7238.0,7240.0,1,7242.0,7266.0,7266.0,7230.0,12560.0,91135360.0,69357
2023-05-09 21:03:58,PF2306,PF2306,7240.0,1.0,7256.0,-1.0,1,7240.0,7242.0,60,7242.0,7266.0,7266.0,7230.0,12561.0,91142616.0,69356
2023-05-09 21:03:59,PF2306,PF2306,7240.0,0.0,0.0,0.0,6,7240.0,7242.0,61,7242.0,7266.0,7266.0,7230.0,12561.0,91142616.0,69356
2023-05-09 21:03:59,PF2306,PF2306,7240.0,0.0,0.0,0.0,9,7240.0,7242.0,61,7242.0,7266.0,7266.0,7230.0,12561.0,91142616.0,69356
2023-05-09 21:04:00,PF2306,PF2306,7240.0,0.0,0.0,0.0,10,7240.0,7242.0,62,7242.0,7266.0,7266.0,7230.0,12561.0,91142616.0,69356
2023-05-09 21:04:00,PF2306,PF2306,7240.0,0.0,0.0,0.0,24,7240.0,7242.0,57,7242.0,7266.0,7266.0,7230.0,12561.0,91142616.0,69356
2023-05-09 21:04:01,PF2306,PF2306,7240.0,3.0,21768.0,-3.0,22,7240.0,7242.0,53,7242.0,7266.0,7266.0,7230.0,12564.0,91164384.0,69353
2023-05-09 21:04:01,PF2306,PF2306,7240.0,2.0,14512.0,0.0,22,7240.0,7242.0,52,7242.0,7266.0,7266.0,7230.0,12566.0,91178896.0,69353
2023-05-09 21:04:02,PF2306,PF2306,7242.0,11.0,79816.0,0.0,22,7240.0,7242.0,53,7242.0,7266.0,7266.0,7230.0,12577.0,91258712.0,69353
2023-05-09 21:04:02,PF2306,PF2306,7240.0,11.0,79816.0,1.0,27,7240.0,7242.0,48,7242.0,7266.0,7266.0,7230.0,12588.0,91338528.0,69354
2023-05-09 21:04:02,PF2306,PF2306,7240.0,0.0,0.0,0.0,27,7240.0,7242.0,49,7242.0,7266.0,7266.0,7230.0,12588.0,91338528.0,69354
2023-05-09 21:04:03,PF2306,PF2306,7240.0,5.0,36280.0,0.0,22,7240.0,7242.0,45,7242.0,7266.0,7266.0,7230.0,12593.0,91374808.0,69354
2023-05-09 21:04:04,PF2306,PF2306,7240.0,13.0,94328.0,2.0,9,7240.0,7242.0,35,7242.0,7266.0,7266.0,7230.0,12606.0,91469136.0,69356
2023-05-09 21:04:04,PF2306,PF2306,7240.0,11.0,79816.0,-3.0,81,7238.0,7240.0,17,7242.0,7266.0,7266.0,7230.0,12617.0,91548952.0,69353
2023-05-09 21:04:04,PF2306,PF2306,7240.0,2.0,14512.0,0.0,83,7238.0,7240.0,13,7242.0,7266.0,7266.0,7230.0,12619.0,91563464.0,69353
2023-05-09 21:04:05,PF2306,PF2306,7238.0,4.0,29024.0,0.0,3,7240.0,7242.0,63,7242.0,7266.0,7266.0,7230.0,12623.0,91592488.0,69353
2023-05-09 21:04:06,PF2306,PF2306,7238.0,8.0,58048.0,-3.0,78,7238.0,7240.0,27,7242.0,7266.0,7266.0,7230.0,12631.0,91650536.0,69350
2023-05-09 21:04:06,PF2306,PF2306,7240.0,8.0,58048.0,0.0,9,7240.0,7242.0,71,7242.0,7266.0,7266.0,7230.0,12639.0,91708584.0,69350
2023-05-09 21:04:07,PF2306,PF2306,7238.0,15.0,108840.0,4.0,72,7238.0,7240.0,10,7242.0,7266.0,7266.0,7230.0,12654.0,91817424.0,69354
2023-05-09 21:04:07,PF2306,PF2306,7238.0,6.0,43536.0,6.0,70,7238.0,7240.0,11,7242.0,7266.0,7266.0,7230.0,12660.0,91860960.0,69360
2023-05-09 21:04:07,PF2306,PF2306,7240.0,13.0,94328.0,-12.0,70,7238.0,7240.0,16,7242.0,7266.0,7266.0,7230.0,12673.0,91955288.0,69348
2023-05-09 21:04:08,PF2306,PF2306,7238.0,16.0,116096.0,14.0,54,7238.0,7240.0,18,7242.0,7266.0,7266.0,7230.0,12689.0,92071384.0,69362
2023-05-09 21:04:09,PF2306,PF2306,7238.0,2.0,14512.0,2.0,57,7238.0,7240.0,21,7242.0,7266.0,7266.0,7230.0,12691.0,92085896.0,69364
2023-05-09 21:04:09,PF2306,PF2306,7238.0,2.0,14512.0,2.0,43,7238.0,7240.0,21,7242.0,7266.0,7266.0,7230.0,12693.0,92100408.0,69366
2023-05-09 21:04:10,PF2306,PF2306,7238.0,2.0,14512.0,2.0,41,7238.0,7240.0,22,7242.0,7266.0,7266.0,7230.0,12695.0,92114920.0,69368
2023-05-09 21:04:12,PF2306,PF2306,7238.0,1.0,7256.0,1.0,40,7238.0,7240.0,21,7242.0,7266.0,7266.0,7230.0,12696.0,92122176.0,69369
2023-05-09 21:04:13,PF2306,PF2306,7238.0,5.0,36280.0,-3.0,61,7238.0,7240.0,18,7242.0,7266.0,7266.0,7230.0,12701.0,92158456.0,69366
2023-05-09 21:04:13,PF2306,PF2306,7240.0,1.0,7256.0,-1.0,62,7238.0,7240.0,17,7242.0,7266.0,7266.0,7230.0,12702.0,92165712.0,69365
2023-05-09 21:04:14,PF2306,PF2306,7238.0,7.0,50792.0,0.0,55,7238.0,7240.0,14,7242.0,7266.0,7266.0,7230.0,12709.0,92216504.0,69365
2023-05-09 21:04:14,PF2306,PF2306,7238.0,0.0,0.0,0.0,55,7238.0,7240.0,19,7242.0,7266.0,7266.0,7230.0,12709.0,92216504.0,69365
2023-05-09 21:04:15,PF2306,PF2306,7238.0,1.0,7256.0,1.0,55,7238.0,7240.0,19,7242.0,7266.0,7266.0,7230.0,12710.0,92223760.0,69366
2023-05-09 21:04:15,PF2306,PF2306,7238.0,0.0,0.0,0.0,57,7238.0,7240.0,29,7242.0,7266.0,7266.0,7230.0,12710.0,92223760.0,69366
2023-05-09 21:04:16,PF2306,PF2306,7238.0,0.0,0.0,0.0,44,7238.0,7240.0,31,7242.0,7266.0,7266.0,7230.0,12710.0,92223760.0,69366
2023-05-09 21:04:16,PF2306,PF2306,7240.0,4.0,29024.0,-4.0,44,7238.0,7240.0,27,7242.0,7266.0,7266.0,7230.0,12714.0,92252784.0,69362
2023-05-09 21:04:17,PF2306,PF2306,7240.0,0.0,0.0,0.0,44,7238.0,7240.0,25,7242.0,7266.0,7266.0,7230.0,12714.0,92252784.0,69362
2023-05-09 21:04:17,PF2306,PF2306,7238.0,8.0,58048.0,8.0,36,7238.0,7240.0,40,7242.0,7266.0,7266.0,7230.0,12722.0,92310832.0,69370
2023-05-09 21:04:18,PF2306,PF2306,7238.0,8.0,58048.0,0.0,41,7238.0,7240.0,40,7242.0,7266.0,7266.0,7230.0,12730.0,92368880.0,69370
2023-05-09 21:04:18,PF2306,PF2306,7238.0,8.0,58048.0,4.0,38,7238.0,7240.0,37,7242.0,7266.0,7266.0,7230.0,12738.0,92426928.0,69374
2023-05-09 21:04:18,PF2306,PF2306,7238.0,3.0,21768.0,0.0,32,7238.0,7240.0,35,7242.0,7266.0,7266.0,7230.0,12741.0,92448696.0,69374
2023-05-09 21:04:19,PF2306,PF2306,7238.0,0.0,0.0,0.0,38,7238.0,7240.0,50,7242.0,7266.0,7266.0,7230.0,12741.0,92448696.0,69374
2023-05-09 21:04:20,PF2306,PF2306,7238.0,0.0,0.0,0.0,38,7238.0,7240.0,64,7242.0,7266.0,7266.0,7230.0,12741.0,92448696.0,69374
2023-05-09 21:04:20,PF2306,PF2306,7238.0,39.0,282984.0,16.0,21,7236.0,7238.0,25,7242.0,7266.0,7266.0,7230.0,12780.0,92731680.0,69390
2023-05-09 21:04:21,PF2306,PF2306,7236.0,2.0,14512.0,-2.0,24,7236.0,7238.0,34,7242.0,7266.0,7266.0,7230.0,12782.0,92746192.0,69388
2023-05-09 21:04:21,PF2306,PF2306,7236.0,0.0,0.0,0.0,26,7236.0,7238.0,35,7242.0,7266.0,7266.0,7230.0,12782.0,92746192.0,69388
2023-05-09 21:04:22,PF2306,PF2306,7238.0,3.0,21768.0,-1.0,26,7236.0,7238.0,36,7242.0,7266.0,7266.0,7230.0,12785.0,92767960.0,69387
2023-05-09 21:04:22,PF2306,PF2306,7236.0,28.0,203168.0,-5.0,45,7234.0,7236.0,3,7242.0,7266.0,7266.0,7230.0,12813.0,92971128.0,69382
2023-05-09 21:04:23,PF2306,PF2306,7236.0,2.0,14512.0,0.0,50,7234.0,7236.0,2,7242.0,7266.0,7266.0,7230.0,12815.0,92985640.0,69382
2023-05-09 21:04:23,PF2306,PF2306,7236.0,0.0,0.0,0.0,49,7234.0,7236.0,2,7242.0,7266.0,7266.0,7230.0,12815.0,92985640.0,69382
2023-05-09 21:04:24,PF2306,PF2306,7234.0,5.0,36280.0,0.0,38,7234.0,7236.0,11,7242.0,7266.0,7266.0,7230.0,12820.0,93021920.0,69382
2023-05-09 21:04:24,PF2306,PF2306,7236.0,6.0,43536.0,-3.0,39,7234.0,7236.0,20,7242.0,7266.0,7266.0,7230.0,12826.0,93065456.0,69379
2023-05-09 21:04:25,PF2306,PF2306,7236.0,0.0,0.0,0.0,39,7234.0,7236.0,22,7242.0,7266.0,7266.0,7230.0,12826.0,93065456.0,69379
2023-05-09 21:04:25,PF2306,PF2306,7236.0,0.0,0.0,0.0,39,7234.0,7236.0,23,7242.0,7266.0,7266.0,7230.0,12826.0,93065456.0,69379
2023-05-09 21:04:26,PF2306,PF2306,7234.0,1.0,7256.0,1.0,38,7234.0,7236.0,23,7242.0,7266.0,7266.0,7230.0,12827.0,93072712.0,69380
2023-05-09 21:04:26,PF2306,PF2306,7234.0,23.0,166888.0,-17.0,54,7234.0,7238.0,83,7242.0,7266.0,7266.0,7230.0,12850.0,93239600.0,69363
2023-05-09 21:04:27,PF2306,PF2306,7234.0,2.0,14512.0,2.0,53,7234.0,7236.0,12,7242.0,7266.0,7266.0,7230.0,12852.0,93254112.0,69365
2023-05-09 21:04:27,PF2306,PF2306,7234.0,1.0,7256.0,1.0,52,7234.0,7236.0,12,7242.0,7266.0,7266.0,7230.0,12853.0,93261368.0,69366
2023-05-09 21:04:28,PF2306,PF2306,7236.0,1.0,7256.0,-1.0,53,7234.0,7236.0,12,7242.0,7266.0,7266.0,7230.0,12854.0,93268624.0,69365
2023-05-09 21:04:28,PF2306,PF2306,7236.0,4.0,29024.0,-4.0,53,7234.0,7236.0,8,7242.0,7266.0,7266.0,7230.0,12858.0,93297648.0,69361
2023-05-09 21:04:29,PF2306,PF2306,7234.0,2.0,14512.0,1.0,51,7234.0,7236.0,8,7242.0,7266.0,7266.0,7230.0,12860.0,93312160.0,69362
2023-05-09 21:04:30,PF2306,PF2306,7234.0,0.0,0.0,0.0,53,7234.0,7236.0,8,7242.0,7266.0,7266.0,7230.0,12860.0,93312160.0,69362
2023-05-09 21:04:30,PF2306,PF2306,7234.0,0.0,0.0,0.0,56,7234.0,7236.0,8,7242.0,7266.0,7266.0,7230.0,12860.0,93312160.0,69362
2023-05-09 21:04:31,PF2306,PF2306,7234.0,0.0,0.0,0.0,56,7234.0,7236.0,27,7242.0,7266.0,7266.0,7230.0,12860.0,93312160.0,69362
2023-05-09 21:04:31,PF2306,PF2306,7234.0,0.0,0.0,0.0,56,7234.0,7236.0,26,7242.0,7266.0,7266.0,7230.0,12860.0,93312160.0,69362
2023-05-09 21:04:32,PF2306,PF2306,7234.0,97.0,703832.0,24.0,12,7234.0,7236.0,39,7242.0,7266.0,7266.0,7230.0,12957.0,94015992.0,69386
2023-05-09 21:04:32,PF2306,PF2306,7234.0,24.0,174144.0,4.0,24,7232.0,7234.0,2,7242.0,7266.0,7266.0,7230.0,12981.0,94190136.0,69390
2023-05-09 21:04:33,PF2306,PF2306,7234.0,4.0,29024.0,2.0,1,7234.0,7236.0,20,7242.0,7266.0,7266.0,7230.0,12985.0,94219160.0,69392
2023-05-09 21:04:33,PF2306,PF2306,7234.0,0.0,0.0,0.0,7,7234.0,7236.0,19,7242.0,7266.0,7266.0,7230.0,12985.0,94219160.0,69392
2023-05-09 21:04:34,PF2306,PF2306,7234.0,1.0,7256.0,0.0,11,7234.0,7236.0,16,7242.0,7266.0,7266.0,7230.0,12986.0,94226416.0,69392
2023-05-09 21:04:35,PF2306,PF2306,7234.0,1.0,7256.0,-1.0,23,7234.0,7236.0,20,7242.0,7266.0,7266.0,7230.0,12987.0,94233672.0,69391
2023-05-09 21:04:35,PF2306,PF2306,7234.0,0.0,0.0,0.0,23,7234.0,7236.0,70,7242.0,7266.0,7266.0,7230.0,12987.0,94233672.0,69391
2023-05-09 21:04:36,PF2306,PF2306,7232.0,12.0,87072.0,9.0,17,7232.0,7234.0,17,7242.0,7266.0,7266.0,7230.0,12999.0,94320744.0,69400
2023-05-09 21:04:36,PF2306,PF2306,7236.0,13.0,94328.0,2.0,18,7232.0,7234.0,8,7242.0,7266.0,7266.0,7230.0,13012.0,94415072.0,69402
2023-05-09 21:04:37,PF2306,PF2306,7236.0,0.0,0.0,0.0,19,7232.0,7234.0,33,7242.0,7266.0,7266.0,7230.0,13012.0,94415072.0,69402
2023-05-09 21:04:37,PF2306,PF2306,7236.0,0.0,0.0,0.0,19,7232.0,7234.0,36,7242.0,7266.0,7266.0,7230.0,13012.0,94415072.0,69402
2023-05-09 21:04:38,PF2306,PF2306,7236.0,0.0,0.0,0.0,19,7232.0,7234.0,46,7242.0,7266.0,7266.0,7230.0,13012.0,94415072.0,69402
2023-05-09 21:04:38,PF2306,PF2306,7232.0,2.0,14512.0,0.0,11,7232.0,7234.0,46,7242.0,7266.0,7266.0,7230.0,13014.0,94429584.0,69402
2023-05-09 21:04:39,PF2306,PF2306,7232.0,1.0,7256.0,-1.0,10,7232.0,7234.0,44,7242.0,7266.0,7266.0,7230.0,13015.0,94436840.0,69401
2023-05-09 21:04:39,PF2306,PF2306,7232.0,0.0,0.0,0.0,10,7232.0,7234.0,46,7242.0,7266.0,7266.0,7230.0,13015.0,94436840.0,69401
2023-05-09 21:04:40,PF2306,PF2306,7232.0,10.0,72560.0,2.0,108,7230.0,7232.0,11,7242.0,7266.0,7266.0,7230.0,13025.0,94509400.0,69403
2023-05-09 21:04:40,PF2306,PF2306,7232.0,1.0,7256.0,0.0,110,7230.0,7232.0,10,7242.0,7266.0,7266.0,7230.0,13026.0,94516656.0,69403
2023-05-09 21:04:41,PF2306,PF2306,7232.0,10.0,72560.0,0.0,110,7230.0,7232.0,1,7242.0,7266.0,7266.0,7230.0,13036.0,94589216.0,69403
2023-05-09 21:04:42,PF2306,PF2306,7232.0,2.0,14512.0,0.0,3,7232.0,7234.0,54,7242.0,7266.0,7266.0,7230.0,13038.0,94603728.0,69403
2023-05-09 21:04:42,PF2306,PF2306,7234.0,6.0,43536.0,-4.0,2,7232.0,7234.0,55,7242.0,7266.0,7266.0,7230.0,13044.0,94647264.0,69399
2023-05-09 21:04:43,PF2306,PF2306,7234.0,0.0,0.0,0.0,14,7232.0,7234.0,57,7242.0,7266.0,7266.0,7230.0,13044.0,94647264.0,69399
2023-05-09 21:04:43,PF2306,PF2306,7232.0,2.0,14512.0,0.0,12,7232.0,7234.0,53,7242.0,7266.0,7266.0,7230.0,13046.0,94661776.0,69399
2023-05-09 21:04:44,PF2306,PF2306,7230.0,14.0,101584.0,-1.0,108,7230.0,7234.0,53,7242.0,7266.0,7266.0,7230.0,13060.0,94763360.0,69398
2023-05-09 21:04:44,PF2306,PF2306,7230.0,0.0,0.0,0.0,108,7230.0,7232.0,24,7242.0,7266.0,7266.0,7230.0,13060.0,94763360.0,69398
2023-05-09 21:04:45,PF2306,PF2306,7232.0,12.0,87072.0,-4.0,110,7230.0,7234.0,69,7242.0,7266.0,7266.0,7230.0,13072.0,94850432.0,69394
2023-05-09 21:04:45,PF2306,PF2306,7232.0,0.0,0.0,0.0,110,7230.0,7234.0,74,7242.0,7266.0,7266.0,7230.0,13072.0,94850432.0,69394
2023-05-09 21:04:46,PF2306,PF2306,7230.0,5.0,36280.0,0.0,110,7230.0,7234.0,74,7242.0,7266.0,7266.0,7230.0,13077.0,94886712.0,69394
2023-05-09 21:04:47,PF2306,PF2306,7230.0,3.0,21768.0,0.0,110,7230.0,7232.0,14,7242.0,7266.0,7266.0,7230.0,13080.0,94908480.0,69394
2023-05-09 21:04:47,PF2306,PF2306,7230.0,3.0,21768.0,0.0,104,7230.0,7232.0,19,7242.0,7266.0,7266.0,7230.0,13083.0,94930248.0,69394
2023-05-09 21:04:48,PF2306,PF2306,7230.0,1.0,7256.0,0.0,104,7230.0,7232.0,19,7242.0,7266.0,7266.0,7230.0,13084.0,94937504.0,69394
2023-05-09 21:04:48,PF2306,PF2306,7232.0,5.0,36280.0,0.0,104,7230.0,7232.0,9,7242.0,7266.0,7266.0,7230.0,13089.0,94973784.0,69394
2023-05-09 21:04:49,PF2306,PF2306,7230.0,3.0,21768.0,0.0,104,7230.0,7232.0,7,7242.0,7266.0,7266.0,7230.0,13092.0,94995552.0,69394
2023-05-09 21:04:50,PF2306,PF2306,7230.0,0.0,0.0,0.0,104,7230.0,7232.0,17,7242.0,7266.0,7266.0,7230.0,13092.0,94995552.0,69394
2023-05-09 21:04:50,PF2306,PF2306,7230.0,0.0,0.0,0.0,105,7230.0,7232.0,17,7242.0,7266.0,7266.0,7230.0,13092.0,94995552.0,69394
2023-05-09 21:04:51,PF2306,PF2306,7230.0,4.0,29024.0,-4.0,105,7230.0,7232.0,10,7242.0,7266.0,7266.0,7230.0,13096.0,95024576.0,69390
2023-05-09 21:04:51,PF2306,PF2306,7230.0,0.0,0.0,0.0,105,7230.0,7232.0,14,7242.0,7266.0,7266.0,7230.0,13096.0,95024576.0,69390
2023-05-09 21:04:52,PF2306,PF2306,7230.0,2.0,14512.0,-2.0,105,7230.0,7232.0,14,7242.0,7266.0,7266.0,7230.0,13098.0,95039088.0,69388
2023-05-09 21:04:52,PF2306,PF2306,7230.0,7.0,50792.0,-3.0,105,7230.0,7232.0,15,7242.0,7266.0,7266.0,7230.0,13105.0,95089880.0,69385
2023-05-09 21:04:53,PF2306,PF2306,7230.0,9.0,65304.0,-3.0,99,7230.0,7232.0,15,7242.0,7266.0,7266.0,7230.0,13114.0,95155184.0,69382
2023-05-09 21:04:53,PF2306,PF2306,7230.0,0.0,0.0,0.0,99,7230.0,7232.0,17,7242.0,7266.0,7266.0,7230.0,13114.0,95155184.0,69382
2023-05-09 21:04:54,PF2306,PF2306,7230.0,1.0,7256.0,1.0,98,7230.0,7232.0,17,7242.0,7266.0,7266.0,7230.0,13115.0,95162440.0,69383
2023-05-09 21:04:55,PF2306,PF2306,7230.0,6.0,43536.0,6.0,92,7230.0,7232.0,19,7242.0,7266.0,7266.0,7230.0,13121.0,95205976.0,69389
2023-05-09 21:04:55,PF2306,PF2306,7230.0,0.0,0.0,0.0,94,7230.0,7232.0,21,7242.0,7266.0,7266.0,7230.0,13121.0,95205976.0,69389
2023-05-09 21:04:56,PF2306,PF2306,7230.0,4.0,29024.0,4.0,91,7230.0,7232.0,21,7242.0,7266.0,7266.0,7230.0,13125.0,95235000.0,69393
2023-05-09 21:04:56,PF2306,PF2306,7230.0,0.0,0.0,0.0,92,7230.0,7232.0,21,7242.0,7266.0,7266.0,7230.0,13125.0,95235000.0,69393
2023-05-09 21:04:57,PF2306,PF2306,7230.0,4.0,29024.0,4.0,89,7230.0,7232.0,37,7242.0,7266.0,7266.0,7230.0,13129.0,95264024.0,69397
2023-05-09 21:04:57,PF2306,PF2306,7230.0,0.0,0.0,0.0,90,7230.0,7232.0,37,7242.0,7266.0,7266.0,7230.0,13129.0,95264024.0,69397
2023-05-09 21:04:58,PF2306,PF2306,7230.0,0.0,0.0,0.0,90,7230.0,7232.0,34,7242.0,7266.0,7266.0,7230.0,13129.0,95264024.0,69397
2023-05-09 21:04:58,PF2306,PF2306,7232.0,2.0,14512.0,2.0,89,7230.0,7232.0,34,7242.0,7266.0,7266.0,7230.0,13131.0,95278536.0,69399
2023-05-09 21:04:59,PF2306,PF2306,7230.0,6.0,43536.0,1.0,83,7230.0,7232.0,34,7242.0,7266.0,7266.0,7230.0,13137.0,95322072.0,69400
2023-05-09 21:04:59,PF2306,PF2306,7230.0,0.0,0.0,0.0,83,7230.0,7232.0,37,7242.0,7266.0,7266.0,7230.0,13137.0,95322072.0,69400
2023-05-09 21:05:00,PF2306,PF2306,7230.0,22.0,159632.0,1.0,72,7230.0,7232.0,32,7242.0,7266.0,7266.0,7230.0,13159.0,95481704.0,69401
2023-05-09 21:05:00,PF2306,PF2306,7230.0,3.0,21768.0,3.0,70,7230.0,7232.0,31,7242.0,7266.0,7266.0,7230.0,13162.0,95503472.0,69404
2023-05-09 21:05:01,PF2306,PF2306,7230.0,55.0,399080.0,42.0,20,7230.0,7232.0,31,7242.0,7266.0,7266.0,7230.0,13217.0,95902552.0,69446
2023-05-09 21:05:01,PF2306,PF2306,7230.0,21.0,152376.0,10.0,68,7228.0,7230.0,15,7242.0,7266.0,7266.0,7230.0,13238.0,96054928.0,69456
2023-05-09 21:05:02,PF2306,PF2306,7230.0,0.0,0.0,0.0,70,7228.0,7230.0,24,7242.0,7266.0,7266.0,7230.0,13238.0,96054928.0,69456
2023-05-09 21:05:02,PF2306,PF2306,7230.0,2.0,14512.0,0.0,66,7228.0,7230.0,23,7242.0,7266.0,7266.0,7230.0,13240.0,96069440.0,69456
2023-05-09 21:05:03,PF2306,PF2306,7228.0,1.0,7256.0,0.0,64,7228.0,7230.0,24,7242.0,7266.0,7266.0,7228.0,13241.0,96076696.0,69456
2023-05-09 21:05:03,PF2306,PF2306,7228.0,6.0,43536.0,6.0,59,7228.0,7230.0,23,7242.0,7266.0,7266.0,7228.0,13247.0,96120232.0,69462
2023-05-09 21:05:04,PF2306,PF2306,7228.0,2.0,14512.0,2.0,58,7228.0,7230.0,27,7242.0,7266.0,7266.0,7228.0,13249.0,96134744.0,69464
2023-05-09 21:05:04,PF2306,PF2306,7228.0,0.0,0.0,0.0,63,7228.0,7230.0,27,7242.0,7266.0,7266.0,7228.0,13249.0,96134744.0,69464
2023-05-09 21:05:04,PF2306,PF2306,7228.0,10.0,72560.0,9.0,53,7228.0,7230.0,27,7242.0,7266.0,7266.0,7228.0,13259.0,96207304.0,69473
2023-05-09 21:05:05,PF2306,PF2306,7228.0,9.0,65304.0,0.0,55,7228.0,7230.0,19,7242.0,7266.0,7266.0,7228.0,13268.0,96272608.0,69473
2023-05-09 21:05:06,PF2306,PF2306,7230.0,2.0,14512.0,2.0,61,7228.0,7230.0,17,7242.0,7266.0,7266.0,7228.0,13270.0,96287120.0,69475
2023-05-09 21:05:06,PF2306,PF2306,7230.0,17.0,123352.0,-5.0,12,7230.0,7232.0,88,7242.0,7266.0,7266.0,7228.0,13287.0,96410472.0,69470
2023-05-09 21:05:07,PF2306,PF2306,7230.0,3.0,21768.0,1.0,63,7228.0,7232.0,98,7242.0,7266.0,7266.0,7228.0,13290.0,96432240.0,69471
2023-05-09 21:05:07,PF2306,PF2306,7230.0,2.0,14512.0,1.0,4,7230.0,7232.0,97,7242.0,7266.0,7266.0,7228.0,13292.0,96446752.0,69472
2023-05-09 21:05:08,PF2306,PF2306,7228.0,7.0,50792.0,4.0,65,7228.0,7230.0,14,7242.0,7266.0,7266.0,7228.0,13299.0,96497544.0,69476
2023-05-09 21:05:08,PF2306,PF2306,7228.0,1.0,7256.0,0.0,61,7228.0,7230.0,17,7242.0,7266.0,7266.0,7228.0,13300.0,96504800.0,69476
2023-05-09 21:05:09,PF2306,PF2306,7228.0,0.0,0.0,0.0,62,7228.0,7230.0,27,7242.0,7266.0,7266.0,7228.0,13300.0,96504800.0,69476
2023-05-09 21:05:09,PF2306,PF2306,7230.0,4.0,29024.0,-3.0,63,7228.0,7230.0,27,7242.0,7266.0,7266.0,7228.0,13304.0,96533824.0,69473
2023-05-09 21:05:10,PF2306,PF2306,7230.0,0.0,0.0,0.0,63,7228.0,7230.0,28,7242.0,7266.0,7266.0,7228.0,13304.0,96533824.0,69473
2023-05-09 21:05:10,PF2306,PF2306,7230.0,0.0,0.0,0.0,69,7228.0,7230.0,28,7242.0,7266.0,7266.0,7228.0,13304.0,96533824.0,69473
2023-05-09 21:05:11,PF2306,PF2306,7228.0,1.0,7256.0,0.0,69,7228.0,7230.0,30,7242.0,7266.0,7266.0,7228.0,13305.0,96541080.0,69473
2023-05-09 21:05:11,PF2306,PF2306,7228.0,1.0,7256.0,0.0,68,7228.0,7230.0,30,7242.0,7266.0,7266.0,7228.0,13306.0,96548336.0,69473
2023-05-09 21:05:12,PF2306,PF2306,7228.0,11.0,79816.0,-10.0,61,7228.0,7230.0,34,7242.0,7266.0,7266.0,7228.0,13317.0,96628152.0,69463
2023-05-09 21:05:12,PF2306,PF2306,7230.0,15.0,108840.0,-3.0,60,7228.0,7230.0,13,7242.0,7266.0,7266.0,7228.0,13332.0,96736992.0,69460
2023-05-09 21:05:13,PF2306,PF2306,7230.0,15.0,108840.0,6.0,10,7230.0,7232.0,94,7242.0,7266.0,7266.0,7228.0,13347.0,96845832.0,69466
2023-05-09 21:05:13,PF2306,PF2306,7230.0,2.0,14512.0,0.0,15,7230.0,7232.0,93,7242.0,7266.0,7266.0,7228.0,13349.0,96860344.0,69466
2023-05-09 21:05:14,PF2306,PF2306,7230.0,2.0,14512.0,0.0,13,7230.0,7232.0,93,7242.0,7266.0,7266.0,7228.0,13351.0,96874856.0,69466
2023-05-09 21:05:14,PF2306,PF2306,7230.0,1.0,7256.0,0.0,14,7230.0,7232.0,98,7242.0,7266.0,7266.0,7228.0,13352.0,96882112.0,69466
2023-05-09 21:05:15,PF2306,PF2306,7230.0,1.0,7256.0,-1.0,13,7230.0,7232.0,94,7242.0,7266.0,7266.0,7228.0,13353.0,96889368.0,69465
2023-05-09 21:05:15,PF2306,PF2306,7230.0,0.0,0.0,0.0,15,7230.0,7232.0,94,7242.0,7266.0,7266.0,7228.0,13353.0,96889368.0,69465
2023-05-09 21:05:15,PF2306,PF2306,7230.0,1.0,7256.0,0.0,14,7230.0,7232.0,94,7242.0,7266.0,7266.0,7228.0,13354.0,96896624.0,69465
2023-05-09 21:05:16,PF2306,PF2306,7228.0,15.0,108840.0,1.0,53,7228.0,7230.0,1,7242.0,7266.0,7266.0,7228.0,13369.0,97005464.0,69466
2023-05-09 21:05:17,PF2306,PF2306,7228.0,5.0,36280.0,-3.0,52,7228.0,7230.0,4,7242.0,7266.0,7266.0,7228.0,13374.0,97041744.0,69463
2023-05-09 21:05:17,PF2306,PF2306,7230.0,1.0,7256.0,-1.0,55,7228.0,7230.0,3,7242.0,7266.0,7266.0,7228.0,13375.0,97049000.0,69462
2023-05-09 21:05:18,PF2306,PF2306,7230.0,0.0,0.0,0.0,56,7228.0,7230.0,3,7242.0,7266.0,7266.0,7228.0,13375.0,97049000.0,69462
2023-05-09 21:05:18,PF2306,PF2306,7230.0,3.0,21768.0,0.0,16,7230.0,7232.0,97,7242.0,7266.0,7266.0,7228.0,13378.0,97070768.0,69462
2023-05-09 21:05:19,PF2306,PF2306,7230.0,1.0,7256.0,-1.0,19,7230.0,7232.0,97,7242.0,7266.0,7266.0,7228.0,13379.0,97078024.0,69461
2023-05-09 21:05:19,PF2306,PF2306,7230.0,1.0,7256.0,0.0,18,7230.0,7232.0,87,7242.0,7266.0,7266.0,7228.0,13380.0,97085280.0,69461
2023-05-09 21:05:20,PF2306,PF2306,7230.0,12.0,87072.0,10.0,2,7230.0,7232.0,84,7242.0,7266.0,7266.0,7228.0,13392.0,97172352.0,69471
2023-05-09 21:05:20,PF2306,PF2306,7230.0,2.0,14512.0,2.0,9,7230.0,7232.0,92,7242.0,7266.0,7266.0,7228.0,13394.0,97186864.0,69473
2023-05-09 21:05:21,PF2306,PF2306,7230.0,1.0,7256.0,-1.0,19,7230.0,7232.0,92,7242.0,7266.0,7266.0,7228.0,13395.0,97194120.0,69472
2023-05-09 21:05:21,PF2306,PF2306,7230.0,1.0,7256.0,-1.0,19,7230.0,7232.0,92,7242.0,7266.0,7266.0,7228.0,13396.0,97201376.0,69471
2023-05-09 21:05:22,PF2306,PF2306,7232.0,12.0,87072.0,3.0,53,7228.0,7232.0,90,7242.0,7266.0,7266.0,7228.0,13408.0,97288448.0,69474
2023-05-09 21:05:22,PF2306,PF2306,7232.0,25.0,181400.0,-8.0,56,7228.0,7232.0,77,7242.0,7266.0,7266.0,7228.0,13433.0,97469848.0,69466
2023-05-09 21:05:23,PF2306,PF2306,7230.0,1.0,7256.0,0.0,11,7230.0,7232.0,78,7242.0,7266.0,7266.0,7228.0,13434.0,97477104.0,69466
2023-05-09 21:05:23,PF2306,PF2306,7230.0,3.0,21768.0,-3.0,15,7230.0,7232.0,80,7242.0,7266.0,7266.0,7228.0,13437.0,97498872.0,69463
2023-05-09 21:05:24,PF2306,PF2306,7230.0,15.0,108840.0,0.0,58,7228.0,7232.0,80,7242.0,7266.0,7266.0,7228.0,13452.0,97607712.0,69463
2023-05-09 21:05:24,PF2306,PF2306,7230.0,0.0,0.0,0.0,66,7228.0,7232.0,81,7242.0,7266.0,7266.0,7228.0,13452.0,97607712.0,69463
2023-05-09 21:05:25,PF2306,PF2306,7230.0,0.0,0.0,0.0,66,7228.0,7232.0,89,7242.0,7266.0,7266.0,7228.0,13452.0,97607712.0,69463
2023-05-09 21:05:26,PF2306,PF2306,7230.0,0.0,0.0,0.0,66,7228.0,7232.0,90,7242.0,7266.0,7266.0,7228.0,13452.0,97607712.0,69463
2023-05-09 21:05:26,PF2306,PF2306,7230.0,0.0,0.0,0.0,66,7228.0,7230.0,2,7242.0,7266.0,7266.0,7228.0,13452.0,97607712.0,69463
2023-05-09 21:05:27,PF2306,PF2306,7230.0,0.0,0.0,0.0,63,7228.0,7230.0,19,7242.0,7266.0,7266.0,7228.0,13452.0,97607712.0,69463
2023-05-09 21:05:27,PF2306,PF2306,7230.0,1.0,7256.0,1.0,65,7228.0,7230.0,18,7242.0,7266.0,7266.0,7228.0,13453.0,97614968.0,69464
2023-05-09 21:05:30,PF2306,PF2306,7230.0,1.0,7256.0,0.0,66,7228.0,7230.0,5,7242.0,7266.0,7266.0,7228.0,13454.0,97622224.0,69464
2023-05-09 21:05:30,PF2306,PF2306,7230.0,4.0,29024.0,-4.0,67,7228.0,7230.0,16,7242.0,7266.0,7266.0,7228.0,13458.0,97651248.0,69460
2023-05-09 21:05:31,PF2306,PF2306,7230.0,5.0,36280.0,0.0,78,7228.0,7230.0,11,7242.0,7266.0,7266.0,7228.0,13463.0,97687528.0,69460
2023-05-09 21:05:32,PF2306,PF2306,7230.0,3.0,21768.0,3.0,78,7228.0,7232.0,78,7242.0,7266.0,7266.0,7228.0,13466.0,97709296.0,69463
2023-05-09 21:05:32,PF2306,PF2306,7232.0,4.0,29024.0,0.0,7,7230.0,7232.0,78,7242.0,7266.0,7266.0,7228.0,13470.0,97738320.0,69463
2023-05-09 21:05:33,PF2306,PF2306,7232.0,6.0,43536.0,3.0,28,7230.0,7232.0,69,7242.0,7266.0,7266.0,7228.0,13476.0,97781856.0,69466
2023-05-09 21:05:33,PF2306,PF2306,7230.0,1.0,7256.0,0.0,32,7230.0,7232.0,66,7242.0,7266.0,7266.0,7228.0,13477.0,97789112.0,69466
2023-05-09 21:05:34,PF2306,PF2306,7230.0,4.0,29024.0,-1.0,10,7230.0,7232.0,67,7242.0,7266.0,7266.0,7228.0,13481.0,97818136.0,69465
2023-05-09 21:05:34,PF2306,PF2306,7230.0,9.0,65304.0,1.0,119,7228.0,7230.0,8,7242.0,7266.0,7266.0,7228.0,13490.0,97883440.0,69466
2023-05-09 21:05:34,PF2306,PF2306,7228.0,1.0,7256.0,1.0,105,7228.0,7230.0,10,7242.0,7266.0,7266.0,7228.0,13491.0,97890696.0,69467
2023-05-09 21:05:35,PF2306,PF2306,7230.0,4.0,29024.0,-4.0,110,7228.0,7230.0,2,7242.0,7266.0,7266.0,7228.0,13495.0,97919720.0,69463
2023-05-09 21:05:36,PF2306,PF2306,7230.0,11.0,79816.0,-10.0,11,7230.0,7232.0,70,7242.0,7266.0,7266.0,7228.0,13506.0,97999536.0,69453
2023-05-09 21:05:36,PF2306,PF2306,7230.0,0.0,0.0,0.0,20,7230.0,7232.0,72,7242.0,7266.0,7266.0,7228.0,13506.0,97999536.0,69453
2023-05-09 21:05:37,PF2306,PF2306,7230.0,1.0,7256.0,-1.0,40,7230.0,7232.0,73,7242.0,7266.0,7266.0,7228.0,13507.0,98006792.0,69452
2023-05-09 21:05:37,PF2306,PF2306,7230.0,6.0,43536.0,3.0,25,7230.0,7232.0,77,7242.0,7266.0,7266.0,7228.0,13513.0,98050328.0,69455
2023-05-09 21:05:38,PF2306,PF2306,7230.0,1.0,7256.0,0.0,32,7230.0,7232.0,79,7242.0,7266.0,7266.0,7228.0,13514.0,98057584.0,69455
2023-05-09 21:05:38,PF2306,PF2306,7230.0,12.0,87072.0,9.0,20,7230.0,7232.0,83,7242.0,7266.0,7266.0,7228.0,13526.0,98144656.0,69464
2023-05-09 21:05:39,PF2306,PF2306,7230.0,20.0,145120.0,-11.0,82,7228.0,7230.0,21,7242.0,7266.0,7266.0,7228.0,13546.0,98289776.0,69453
2023-05-09 21:05:39,PF2306,PF2306,7230.0,0.0,0.0,0.0,82,7228.0,7230.0,22,7242.0,7266.0,7266.0,7228.0,13546.0,98289776.0,69453
2023-05-09 21:05:40,PF2306,PF2306,7230.0,0.0,0.0,0.0,82,7228.0,7230.0,25,7242.0,7266.0,7266.0,7228.0,13546.0,98289776.0,69453
2023-05-09 21:05:40,PF2306,PF2306,7230.0,0.0,0.0,0.0,80,7228.0,7230.0,28,7242.0,7266.0,7266.0,7228.0,13546.0,98289776.0,69453
2023-05-09 21:05:41,PF2306,PF2306,7230.0,8.0,58048.0,0.0,73,7228.0,7230.0,18,7242.0,7266.0,7266.0,7228.0,13554.0,98347824.0,69453
2023-05-09 21:05:41,PF2306,PF2306,7230.0,0.0,0.0,0.0,73,7228.0,7230.0,20,7242.0,7266.0,7266.0,7228.0,13554.0,98347824.0,69453
2023-05-09 21:05:42,PF2306,PF2306,7228.0,88.0,611244.0,52.0,37,7226.0,7228.0,13,7242.0,7266.0,7266.0,7228.0,13642.0,98959068.0,69505
2023-05-09 21:05:42,PF2306,PF2306,7228.0,5.0,36270.0,0.0,51,7226.0,7228.0,8,7242.0,7266.0,7266.0,7228.0,13647.0,98995338.0,69505
2023-05-09 21:05:43,PF2306,PF2306,7228.0,0.0,0.0,0.0,52,7226.0,7228.0,20,7242.0,7266.0,7266.0,7228.0,13647.0,98995338.0,69505
2023-05-09 21:05:43,PF2306,PF2306,7228.0,0.0,0.0,0.0,50,7226.0,7228.0,23,7242.0,7266.0,7266.0,7228.0,13647.0,98995338.0,69505
2023-05-09 21:05:44,PF2306,PF2306,7228.0,0.0,0.0,0.0,48,7226.0,7228.0,25,7242.0,7266.0,7266.0,7228.0,13647.0,98995338.0,69505
2023-05-09 21:05:44,PF2306,PF2306,7226.0,2.0,14508.0,1.0,46,7226.0,7228.0,26,7242.0,7266.0,7266.0,7226.0,13649.0,99009846.0,69506
2023-05-09 21:05:45,PF2306,PF2306,7226.0,4.0,29016.0,0.0,29,7226.0,7228.0,28,7242.0,7266.0,7266.0,7226.0,13653.0,99038862.0,69506
2023-05-09 21:05:45,PF2306,PF2306,7226.0,0.0,0.0,0.0,29,7226.0,7228.0,31,7242.0,7266.0,7266.0,7226.0,13653.0,99038862.0,69506
2023-05-09 21:05:45,PF2306,PF2306,7226.0,3.0,21762.0,1.0,28,7226.0,7228.0,29,7242.0,7266.0,7266.0,7226.0,13656.0,99060624.0,69507
2023-05-09 21:05:46,PF2306,PF2306,7228.0,29.0,210366.0,-9.0,48,7226.0,7228.0,28,7242.0,7266.0,7266.0,7226.0,13685.0,99270990.0,69498
2023-05-09 21:05:47,PF2306,PF2306,7228.0,9.0,65286.0,0.0,43,7226.0,7228.0,16,7242.0,7266.0,7266.0,7226.0,13694.0,99336276.0,69498
2023-05-09 21:05:47,PF2306,PF2306,7228.0,1.0,7254.0,0.0,40,7226.0,7228.0,22,7242.0,7266.0,7266.0,7226.0,13695.0,99343530.0,69498
2023-05-09 21:05:47,PF2306,PF2306,7228.0,0.0,0.0,0.0,40,7226.0,7228.0,24,7242.0,7266.0,7266.0,7226.0,13695.0,99343530.0,69498
2023-05-09 21:05:48,PF2306,PF2306,7228.0,0.0,0.0,0.0,42,7226.0,7228.0,24,7242.0,7266.0,7266.0,7226.0,13695.0,99343530.0,69498
2023-05-09 21:05:49,PF2306,PF2306,7228.0,2.0,14508.0,1.0,41,7226.0,7228.0,21,7242.0,7266.0,7266.0,7226.0,13697.0,99358038.0,69499
2023-05-09 21:05:49,PF2306,PF2306,7228.0,0.0,0.0,0.0,42,7226.0,7228.0,21,7242.0,7266.0,7266.0,7226.0,13697.0,99358038.0,69499
2023-05-09 21:05:50,PF2306,PF2306,7228.0,14.0,101556.0,-6.0,36,7226.0,7228.0,12,7242.0,7266.0,7266.0,7226.0,13711.0,99459594.0,69493
2023-05-09 21:05:50,PF2306,PF2306,7226.0,8.0,58032.0,8.0,29,7226.0,7228.0,15,7242.0,7266.0,7266.0,7226.0,13719.0,99517626.0,69501
2023-05-09 21:05:51,PF2306,PF2306,7226.0,0.0,0.0,0.0,26,7226.0,7228.0,18,7242.0,7266.0,7266.0,7226.0,13719.0,99517626.0,69501
2023-05-09 21:05:51,PF2306,PF2306,7228.0,1.0,7254.0,0.0,28,7226.0,7228.0,17,7242.0,7266.0,7266.0,7226.0,13720.0,99524880.0,69501
2023-05-09 21:05:51,PF2306,PF2306,7228.0,0.0,0.0,0.0,30,7226.0,7228.0,17,7242.0,7266.0,7266.0,7226.0,13720.0,99524880.0,69501
2023-05-09 21:05:52,PF2306,PF2306,7228.0,0.0,0.0,0.0,28,7226.0,7228.0,18,7242.0,7266.0,7266.0,7226.0,13720.0,99524880.0,69501
2023-05-09 21:05:53,PF2306,PF2306,7228.0,9.0,65286.0,-4.0,42,7226.0,7228.0,2,7242.0,7266.0,7266.0,7226.0,13729.0,99590166.0,69497
2023-05-09 21:05:53,PF2306,PF2306,7226.0,7.0,50778.0,-1.0,46,7226.0,7230.0,26,7242.0,7266.0,7266.0,7226.0,13736.0,99640944.0,69496
2023-05-09 21:05:54,PF2306,PF2306,7228.0,2.0,14508.0,0.0,47,7226.0,7230.0,26,7242.0,7266.0,7266.0,7226.0,13738.0,99655452.0,69496
2023-05-09 21:05:54,PF2306,PF2306,7228.0,0.0,0.0,0.0,37,7228.0,7230.0,26,7242.0,7266.0,7266.0,7226.0,13738.0,99655452.0,69496
2023-05-09 21:05:55,PF2306,PF2306,7230.0,11.0,79794.0,-3.0,118,7228.0,7232.0,76,7242.0,7266.0,7266.0,7226.0,13749.0,99735246.0,69493
2023-05-09 21:05:55,PF2306,PF2306,7230.0,8.0,58032.0,8.0,5,7230.0,7232.0,71,7242.0,7266.0,7266.0,7226.0,13757.0,99793278.0,69501
2023-05-09 21:05:56,PF2306,PF2306,7230.0,0.0,0.0,0.0,6,7230.0,7232.0,76,7242.0,7266.0,7266.0,7226.0,13757.0,99793278.0,69501
2023-05-09 21:05:56,PF2306,PF2306,7232.0,76.0,551304.0,22.0,10,7230.0,7234.0,17,7242.0,7266.0,7266.0,7226.0,13833.0,100344582.0,69523
2023-05-09 21:05:57,PF2306,PF2306,7232.0,0.0,0.0,0.0,15,7232.0,7234.0,20,7242.0,7266.0,7266.0,7226.0,13833.0,100344582.0,69523
2023-05-09 21:05:57,PF2306,PF2306,7232.0,0.0,0.0,0.0,18,7232.0,7234.0,20,7242.0,7266.0,7266.0,7226.0,13833.0,100344582.0,69523
2023-05-09 21:05:58,PF2306,PF2306,7232.0,0.0,0.0,0.0,20,7232.0,7234.0,17,7242.0,7266.0,7266.0,7226.0,13833.0,100344582.0,69523
2023-05-09 21:05:58,PF2306,PF2306,7232.0,0.0,0.0,0.0,21,7232.0,7234.0,2,7242.0,7266.0,7266.0,7226.0,13833.0,100344582.0,69523
2023-05-09 21:05:59,PF2306,PF2306,7232.0,35.0,253890.0,28.0,23,7230.0,7232.0,67,7242.0,7266.0,7266.0,7226.0,13868.0,100598472.0,69551
2023-05-09 21:05:59,PF2306,PF2306,7232.0,77.0,558558.0,0.0,8,7232.0,7234.0,18,7242.0,7266.0,7266.0,7226.0,13945.0,101157030.0,69551
2023-05-09 21:06:00,PF2306,PF2306,7232.0,0.0,0.0,0.0,18,7232.0,7234.0,15,7242.0,7266.0,7266.0,7226.0,13945.0,101157030.0,69551
2023-05-09 21:06:00,PF2306,PF2306,7232.0,0.0,0.0,0.0,22,7232.0,7234.0,12,7242.0,7266.0,7266.0,7226.0,13945.0,101157030.0,69551
2023-05-09 21:06:02,PF2306,PF2306,7234.0,12.0,87048.0,0.0,12,7234.0,7236.0,27,7242.0,7266.0,7266.0,7226.0,13957.0,101244078.0,69551
2023-05-09 21:06:02,PF2306,PF2306,7234.0,29.0,210366.0,13.0,1,7234.0,7236.0,17,7242.0,7266.0,7266.0,7226.0,13986.0,101454444.0,69564
2023-05-09 21:06:03,PF2306,PF2306,7234.0,1.0,7254.0,0.0,5,7234.0,7236.0,22,7242.0,7266.0,7266.0,7226.0,13987.0,101461698.0,69564
2023-05-09 21:06:03,PF2306,PF2306,7234.0,1.0,7254.0,1.0,17,7234.0,7236.0,21,7242.0,7266.0,7266.0,7226.0,13988.0,101468952.0,69565
2023-05-09 21:06:04,PF2306,PF2306,7236.0,1.0,7254.0,0.0,21,7234.0,7236.0,12,7242.0,7266.0,7266.0,7226.0,13989.0,101476206.0,69565
2023-05-09 21:06:04,PF2306,PF2306,7236.0,11.0,79794.0,2.0,38,7234.0,7238.0,23,7242.0,7266.0,7266.0,7226.0,14000.0,101556000.0,69567
2023-05-09 21:06:05,PF2306,PF2306,7236.0,3.0,21762.0,3.0,13,7236.0,7238.0,26,7242.0,7266.0,7266.0,7226.0,14003.0,101577762.0,69570
2023-05-09 21:06:05,PF2306,PF2306,7236.0,1.0,7254.0,1.0,14,7236.0,7238.0,26,7242.0,7266.0,7266.0,7226.0,14004.0,101585016.0,69571
2023-05-09 21:06:06,PF2306,PF2306,7236.0,26.0,188604.0,3.0,27,7236.0,7238.0,12,7242.0,7266.0,7266.0,7226.0,14030.0,101773620.0,69574
2023-05-09 21:06:06,PF2306,PF2306,7238.0,13.0,94302.0,0.0,26,7236.0,7240.0,33,7242.0,7266.0,7266.0,7226.0,14043.0,101867922.0,69574
2023-05-09 21:06:07,PF2306,PF2306,7236.0,8.0,58032.0,6.0,31,7236.0,7238.0,1,7242.0,7266.0,7266.0,7226.0,14051.0,101925954.0,69580
2023-05-09 21:06:07,PF2306,PF2306,7238.0,1.0,7254.0,0.0,35,7236.0,7240.0,31,7242.0,7266.0,7266.0,7226.0,14052.0,101933208.0,69580
2023-05-09 21:06:08,PF2306,PF2306,7238.0,9.0,65286.0,-1.0,17,7238.0,7240.0,24,7242.0,7266.0,7266.0,7226.0,14061.0,101998494.0,69579
2023-05-09 21:06:08,PF2306,PF2306,7238.0,3.0,21762.0,3.0,6,7238.0,7240.0,57,7242.0,7266.0,7266.0,7226.0,14064.0,102020256.0,69582
2023-05-09 21:06:09,PF2306,PF2306,7238.0,7.0,50778.0,-3.0,8,7238.0,7240.0,57,7242.0,7266.0,7266.0,7226.0,14071.0,102071034.0,69579
2023-05-09 21:06:09,PF2306,PF2306,7238.0,9.0,65286.0,7.0,25,7236.0,7240.0,50,7242.0,7266.0,7266.0,7226.0,14080.0,102136320.0,69586
2023-05-09 21:06:10,PF2306,PF2306,7236.0,2.0,14508.0,0.0,22,7236.0,7240.0,51,7242.0,7266.0,7266.0,7226.0,14082.0,102150828.0,69586
2023-05-09 21:06:10,PF2306,PF2306,7236.0,0.0,0.0,0.0,22,7236.0,7238.0,13,7242.0,7266.0,7266.0,7226.0,14082.0,102150828.0,69586
2023-05-09 21:06:11,PF2306,PF2306,7236.0,1.0,7254.0,0.0,7,7236.0,7238.0,31,7242.0,7266.0,7266.0,7226.0,14083.0,102158082.0,69586
2023-05-09 21:06:11,PF2306,PF2306,7236.0,1.0,7254.0,0.0,5,7236.0,7238.0,33,7242.0,7266.0,7266.0,7226.0,14084.0,102165336.0,69586
2023-05-09 21:06:12,PF2306,PF2306,7236.0,0.0,0.0,0.0,5,7236.0,7238.0,51,7242.0,7266.0,7266.0,7226.0,14084.0,102165336.0,69586
2023-05-09 21:06:12,PF2306,PF2306,7236.0,10.0,72540.0,-1.0,28,7234.0,7238.0,51,7242.0,7266.0,7266.0,7226.0,14094.0,102237876.0,69585
2023-05-09 21:06:13,PF2306,PF2306,7236.0,3.0,21762.0,-1.0,27,7234.0,7238.0,57,7242.0,7266.0,7266.0,7226.0,14097.0,102259638.0,69584
2023-05-09 21:06:13,PF2306,PF2306,7236.0,0.0,0.0,0.0,28,7234.0,7238.0,57,7242.0,7266.0,7266.0,7226.0,14097.0,102259638.0,69584
2023-05-09 21:06:14,PF2306,PF2306,7236.0,0.0,0.0,0.0,6,7236.0,7238.0,57,7242.0,7266.0,7266.0,7226.0,14097.0,102259638.0,69584
2023-05-09 21:06:14,PF2306,PF2306,7236.0,19.0,137826.0,16.0,6,7236.0,7238.0,52,7242.0,7266.0,7266.0,7226.0,14116.0,102397464.0,69600
2023-05-09 21:06:15,PF2306,PF2306,7236.0,1.0,7254.0,0.0,10,7236.0,7238.0,59,7242.0,7266.0,7266.0,7226.0,14117.0,102404718.0,69600
2023-05-09 21:06:15,PF2306,PF2306,7236.0,1.0,7254.0,0.0,53,7236.0,7238.0,55,7242.0,7266.0,7266.0,7226.0,14118.0,102411972.0,69600
2023-05-09 21:06:16,PF2306,PF2306,7238.0,6.0,43524.0,0.0,57,7236.0,7238.0,49,7242.0,7266.0,7266.0,7226.0,14124.0,102455496.0,69600
2023-05-09 21:06:16,PF2306,PF2306,7238.0,8.0,58032.0,0.0,58,7236.0,7238.0,37,7242.0,7266.0,7266.0,7226.0,14132.0,102513528.0,69600
2023-05-09 21:06:16,PF2306,PF2306,7238.0,0.0,0.0,0.0,58,7236.0,7238.0,38,7242.0,7266.0,7266.0,7226.0,14132.0,102513528.0,69600
2023-05-09 21:06:17,PF2306,PF2306,7236.0,51.0,369954.0,-14.0,57,7236.0,7238.0,24,7242.0,7266.0,7266.0,7226.0,14183.0,102883482.0,69586
2023-05-09 21:06:18,PF2306,PF2306,7238.0,5.0,36270.0,0.0,59,7236.0,7238.0,21,7242.0,7266.0,7266.0,7226.0,14188.0,102919752.0,69586
2023-05-09 21:06:18,PF2306,PF2306,7238.0,8.0,58032.0,-3.0,59,7236.0,7238.0,14,7242.0,7266.0,7266.0,7226.0,14196.0,102977784.0,69583
2023-05-09 21:06:19,PF2306,PF2306,7238.0,1.0,7254.0,-1.0,59,7236.0,7238.0,13,7242.0,7266.0,7266.0,7226.0,14197.0,102985038.0,69582
2023-05-09 21:06:20,PF2306,PF2306,7238.0,0.0,0.0,0.0,59,7236.0,7238.0,15,7242.0,7266.0,7266.0,7226.0,14197.0,102985038.0,69582
2023-05-09 21:06:20,PF2306,PF2306,7238.0,4.0,29016.0,-2.0,59,7236.0,7238.0,23,7242.0,7266.0,7266.0,7226.0,14201.0,103014054.0,69580
2023-05-09 21:06:21,PF2306,PF2306,7236.0,6.0,43524.0,-2.0,55,7236.0,7238.0,28,7242.0,7266.0,7266.0,7226.0,14207.0,103057578.0,69578
2023-05-09 21:06:21,PF2306,PF2306,7236.0,0.0,0.0,0.0,59,7236.0,7238.0,29,7242.0,7266.0,7266.0,7226.0,14207.0,103057578.0,69578
2023-05-09 21:06:22,PF2306,PF2306,7236.0,1.0,7254.0,1.0,58,7236.0,7238.0,29,7242.0,7266.0,7266.0,7226.0,14208.0,103064832.0,69579
2023-05-09 21:06:22,PF2306,PF2306,7236.0,20.0,145080.0,-11.0,38,7236.0,7238.0,30,7242.0,7266.0,7266.0,7226.0,14228.0,103209912.0,69568
2023-05-09 21:06:23,PF2306,PF2306,7238.0,39.0,282906.0,-34.0,27,7234.0,7238.0,32,7242.0,7266.0,7266.0,7226.0,14267.0,103492818.0,69534
2023-05-09 21:06:23,PF2306,PF2306,7238.0,0.0,0.0,0.0,33,7234.0,7236.0,25,7242.0,7266.0,7266.0,7226.0,14267.0,103492818.0,69534
2023-05-09 21:06:25,PF2306,PF2306,7238.0,0.0,0.0,0.0,23,7234.0,7236.0,30,7242.0,7266.0,7266.0,7226.0,14267.0,103492818.0,69534
2023-05-09 21:06:25,PF2306,PF2306,7238.0,0.0,0.0,0.0,18,7234.0,7236.0,33,7242.0,7266.0,7266.0,7226.0,14267.0,103492818.0,69534
2023-05-09 21:06:26,PF2306,PF2306,7236.0,1.0,7254.0,0.0,18,7234.0,7236.0,33,7242.0,7266.0,7266.0,7226.0,14268.0,103500072.0,69534
2023-05-09 21:06:26,PF2306,PF2306,7236.0,0.0,0.0,0.0,23,7234.0,7236.0,33,7242.0,7266.0,7266.0,7226.0,14268.0,103500072.0,69534
2023-05-09 21:06:27,PF2306,PF2306,7234.0,23.0,166842.0,11.0,24,7232.0,7234.0,21,7242.0,7266.0,7266.0,7226.0,14291.0,103666914.0,69545
2023-05-09 21:06:28,PF2306,PF2306,7234.0,3.0,21762.0,1.0,21,7232.0,7234.0,23,7242.0,7266.0,7266.0,7226.0,14294.0,103688676.0,69546
2023-05-09 21:06:28,PF2306,PF2306,7234.0,0.0,0.0,0.0,25,7232.0,7234.0,23,7242.0,7266.0,7266.0,7226.0,14294.0,103688676.0,69546
2023-05-09 21:06:29,PF2306,PF2306,7234.0,0.0,0.0,0.0,16,7232.0,7234.0,20,7242.0,7266.0,7266.0,7226.0,14294.0,103688676.0,69546
2023-05-09 21:06:29,PF2306,PF2306,7234.0,0.0,0.0,0.0,17,7232.0,7234.0,20,7242.0,7266.0,7266.0,7226.0,14294.0,103688676.0,69546
2023-05-09 21:06:30,PF2306,PF2306,7232.0,17.0,123318.0,-16.0,25,7230.0,7232.0,13,7242.0,7266.0,7266.0,7226.0,14311.0,103811994.0,69530
2023-05-09 21:06:30,PF2306,PF2306,7232.0,21.0,152334.0,10.0,30,7230.0,7232.0,2,7242.0,7266.0,7266.0,7226.0,14332.0,103964328.0,69540
2023-05-09 21:06:31,PF2306,PF2306,7232.0,0.0,0.0,0.0,32,7230.0,7232.0,2,7242.0,7266.0,7266.0,7226.0,14332.0,103964328.0,69540
2023-05-09 21:06:31,PF2306,PF2306,7232.0,2.0,14508.0,0.0,36,7230.0,7234.0,27,7242.0,7266.0,7266.0,7226.0,14334.0,103978836.0,69540
2023-05-09 21:06:32,PF2306,PF2306,7232.0,0.0,0.0,0.0,21,7232.0,7234.0,26,7242.0,7266.0,7266.0,7226.0,14334.0,103978836.0,69540
2023-05-09 21:06:32,PF2306,PF2306,7232.0,0.0,0.0,0.0,25,7232.0,7234.0,26,7242.0,7266.0,7266.0,7226.0,14334.0,103978836.0,69540
2023-05-09 21:06:32,PF2306,PF2306,7232.0,0.0,0.0,0.0,26,7232.0,7234.0,26,7242.0,7266.0,7266.0,7226.0,14334.0,103978836.0,69540
2023-05-09 21:06:33,PF2306,PF2306,7234.0,4.0,29016.0,2.0,26,7232.0,7234.0,22,7242.0,7266.0,7266.0,7226.0,14338.0,104007852.0,69542
2023-05-09 21:06:34,PF2306,PF2306,7234.0,0.0,0.0,0.0,33,7232.0,7234.0,22,7242.0,7266.0,7266.0,7226.0,14338.0,104007852.0,69542
2023-05-09 21:06:35,PF2306,PF2306,7234.0,0.0,0.0,0.0,45,7232.0,7234.0,8,7242.0,7266.0,7266.0,7226.0,14338.0,104007852.0,69542
2023-05-09 21:06:36,PF2306,PF2306,7234.0,2.0,14508.0,-2.0,52,7232.0,7236.0,61,7242.0,7266.0,7266.0,7226.0,14340.0,104022360.0,69540
2023-05-09 21:06:36,PF2306,PF2306,7234.0,0.0,0.0,0.0,58,7232.0,7236.0,62,7242.0,7266.0,7266.0,7226.0,14340.0,104022360.0,69540
2023-05-09 21:06:37,PF2306,PF2306,7236.0,41.0,297414.0,15.0,9,7236.0,7238.0,37,7242.0,7266.0,7266.0,7226.0,14381.0,104319774.0,69555
2023-05-09 21:06:37,PF2306,PF2306,7238.0,23.0,166842.0,3.0,37,7236.0,7238.0,20,7242.0,7266.0,7266.0,7226.0,14404.0,104486616.0,69558
2023-05-09 21:06:37,PF2306,PF2306,7238.0,0.0,0.0,0.0,37,7236.0,7238.0,19,7242.0,7266.0,7266.0,7226.0,14404.0,104486616.0,69558
