time,symbol_id,symbol_name,last,trade_volume,trade_amount,open_interest_change,bv1,bp1,ap1,av1,yesterday_close,today_open,today_high,today_low,volume,amount,open_interest
2023-05-09 19:10:58,PF2311,PF311,6992.0,0.0,0.0,0.0,0,0.0,0.0,0,6992.0,7002.0,0.0,0.0,0.0,0.0,440
2023-05-09 20:59:00,PF2311,PF311,6992.0,0.0,0.0,0.0,2,6700.0,7360.0,2,6992.0,7002.0,0.0,0.0,0.0,0.0,440
2023-05-09 21:00:00,PF2311,PF311,6992.0,0.0,0.0,0.0,2,6702.0,7096.0,10,6992.0,7002.0,0.0,0.0,0.0,0.0,440
2023-05-09 21:00:01,PF2311,PF311,6992.0,0.0,0.0,0.0,2,6702.0,7094.0,1,6992.0,7002.0,0.0,0.0,0.0,0.0,440
2023-05-09 21:00:02,PF2311,PF311,6992.0,0.0,0.0,0.0,1,6954.0,7094.0,1,6992.0,7002.0,0.0,0.0,0.0,0.0,440
2023-05-09 21:00:03,PF2311,PF311,6992.0,0.0,0.0,0.0,1,6954.0,7088.0,2,6992.0,7002.0,0.0,0.0,0.0,0.0,440
2023-05-09 21:00:04,PF2311,PF311,6992.0,0.0,0.0,0.0,1,6954.0,7052.0,1,6992.0,7002.0,0.0,0.0,0.0,0.0,440
2023-05-09 21:00:04,PF2311,PF311,6992.0,0.0,0.0,0.0,1,6960.0,7052.0,1,6992.0,7002.0,0.0,0.0,0.0,0.0,440
2023-05-09 21:00:05,PF2311,PF311,6992.0,0.0,0.0,0.0,1,6976.0,7052.0,1,6992.0,7002.0,0.0,0.0,0.0,0.0,440
2023-05-09 21:00:05,PF2311,PF311,6992.0,0.0,0.0,0.0,1,6976.0,7050.0,1,6992.0,7002.0,0.0,0.0,0.0,0.0,440
2023-05-09 21:00:06,PF2311,PF311,6992.0,0.0,0.0,0.0,1,6978.0,7050.0,1,6992.0,7002.0,0.0,0.0,0.0,0.0,440
2023-05-09 21:00:07,PF2311,PF311,6992.0,0.0,0.0,0.0,1,6978.0,7050.0,2,6992.0,7002.0,0.0,0.0,0.0,0.0,440
2023-05-09 21:00:08,PF2311,PF311,6992.0,0.0,0.0,0.0,2,6978.0,7050.0,2,6992.0,7002.0,0.0,0.0,0.0,0.0,440
2023-05-09 21:00:10,PF2311,PF311,6992.0,0.0,0.0,0.0,2,6978.0,7048.0,1,6992.0,7002.0,0.0,0.0,0.0,0.0,440
2023-05-09 21:00:10,PF2311,PF311,6992.0,0.0,0.0,0.0,2,6978.0,7046.0,1,6992.0,7002.0,0.0,0.0,0.0,0.0,440
2023-05-09 21:00:11,PF2311,PF311,6992.0,0.0,0.0,0.0,1,6990.0,7046.0,1,6992.0,7002.0,0.0,0.0,0.0,0.0,440
2023-05-09 21:00:11,PF2311,PF311,6992.0,0.0,0.0,0.0,1,6988.0,7016.0,1,6992.0,7002.0,0.0,0.0,0.0,0.0,440
2023-05-09 21:00:12,PF2311,PF311,6992.0,0.0,0.0,0.0,1,6986.0,7016.0,1,6992.0,7002.0,0.0,0.0,0.0,0.0,440
2023-05-09 21:00:13,PF2311,PF311,6992.0,0.0,0.0,0.0,1,6994.0,7006.0,1,6992.0,7002.0,0.0,0.0,0.0,0.0,440
2023-05-09 21:00:14,PF2311,PF311,6992.0,0.0,0.0,0.0,1,6986.0,7016.0,1,6992.0,7002.0,0.0,0.0,0.0,0.0,440
2023-05-09 21:00:16,PF2311,PF311,6992.0,0.0,0.0,0.0,1,6996.0,7014.0,1,6992.0,7002.0,0.0,0.0,0.0,0.0,440
2023-05-09 21:00:17,PF2311,PF311,6992.0,0.0,0.0,0.0,1,6994.0,7012.0,1,6992.0,7002.0,0.0,0.0,0.0,0.0,440
2023-05-09 21:00:19,PF2311,PF311,6992.0,0.0,0.0,0.0,1,6992.0,7010.0,1,6992.0,7002.0,0.0,0.0,0.0,0.0,440
2023-05-09 21:00:19,PF2311,PF311,6992.0,0.0,0.0,0.0,1,6990.0,7008.0,1,6992.0,7002.0,0.0,0.0,0.0,0.0,440
2023-05-09 21:00:20,PF2311,PF311,6992.0,0.0,0.0,0.0,2,6988.0,7016.0,1,6992.0,7002.0,0.0,0.0,0.0,0.0,440
2023-05-09 21:00:22,PF2311,PF311,6992.0,0.0,0.0,0.0,1,6992.0,7006.0,1,6992.0,7002.0,0.0,0.0,0.0,0.0,440
2023-05-09 21:00:24,PF2311,PF311,6992.0,0.0,0.0,0.0,1,6994.0,7008.0,1,6992.0,7002.0,0.0,0.0,0.0,0.0,440
2023-05-09 21:00:24,PF2311,PF311,6992.0,0.0,0.0,0.0,1,6992.0,7006.0,1,6992.0,7002.0,0.0,0.0,0.0,0.0,440
2023-05-09 21:00:25,PF2311,PF311,6992.0,0.0,0.0,0.0,2,6988.0,7016.0,1,6992.0,7002.0,0.0,0.0,0.0,0.0,440
2023-05-09 21:00:27,PF2311,PF311,6992.0,0.0,0.0,0.0,1,6984.0,7016.0,1,6992.0,7002.0,0.0,0.0,0.0,0.0,440
2023-05-09 21:00:28,PF2311,PF311,6992.0,0.0,0.0,0.0,1,6982.0,7016.0,1,6992.0,7002.0,0.0,0.0,0.0,0.0,440
2023-05-09 21:00:31,PF2311,PF311,6992.0,0.0,0.0,0.0,1,6980.0,7016.0,1,6992.0,7002.0,0.0,0.0,0.0,0.0,440
2023-05-09 21:00:33,PF2311,PF311,6992.0,0.0,0.0,0.0,1,6986.0,7004.0,1,6992.0,7002.0,0.0,0.0,0.0,0.0,440
2023-05-09 21:00:39,PF2311,PF311,6992.0,0.0,0.0,0.0,1,6988.0,7006.0,1,6992.0,7002.0,0.0,0.0,0.0,0.0,440
2023-05-09 21:00:39,PF2311,PF311,6992.0,0.0,0.0,0.0,1,6990.0,7004.0,1,6992.0,7002.0,0.0,0.0,0.0,0.0,440
2023-05-09 21:00:40,PF2311,PF311,6992.0,0.0,0.0,0.0,1,6992.0,7006.0,1,6992.0,7002.0,0.0,0.0,0.0,0.0,440
2023-05-09 21:00:49,PF2311,PF311,6992.0,0.0,0.0,0.0,1,6990.0,7004.0,1,6992.0,7002.0,0.0,0.0,0.0,0.0,440
2023-05-09 21:00:52,PF2311,PF311,6992.0,0.0,0.0,0.0,1,6992.0,7006.0,1,6992.0,7002.0,0.0,0.0,0.0,0.0,440
2023-05-09 21:00:55,PF2311,PF311,6992.0,0.0,0.0,0.0,1,6992.0,7004.0,1,6992.0,7002.0,0.0,0.0,0.0,0.0,440
2023-05-09 21:00:55,PF2311,PF311,6992.0,0.0,0.0,0.0,1,6990.0,7004.0,1,6992.0,7002.0,0.0,0.0,0.0,0.0,440
2023-05-09 21:00:56,PF2311,PF311,6992.0,0.0,0.0,0.0,1,6992.0,7004.0,1,6992.0,7002.0,0.0,0.0,0.0,0.0,440
2023-05-09 21:00:56,PF2311,PF311,6992.0,0.0,0.0,0.0,1,6990.0,7004.0,1,6992.0,7002.0,0.0,0.0,0.0,0.0,440
2023-05-09 21:00:59,PF2311,PF311,6992.0,0.0,0.0,0.0,1,6990.0,7002.0,1,6992.0,7002.0,0.0,0.0,0.0,0.0,440
2023-05-09 21:01:01,PF2311,PF311,6992.0,0.0,0.0,0.0,2,6992.0,7000.0,1,6992.0,7002.0,0.0,0.0,0.0,0.0,440
2023-05-09 21:01:01,PF2311,PF311,6992.0,0.0,0.0,0.0,2,6992.0,6998.0,1,6992.0,7002.0,0.0,0.0,0.0,0.0,440
2023-05-09 21:01:02,PF2311,PF311,6992.0,0.0,0.0,0.0,2,6992.0,7000.0,1,6992.0,7002.0,0.0,0.0,0.0,0.0,440
2023-05-09 21:01:04,PF2311,PF311,6992.0,0.0,0.0,0.0,1,6988.0,7000.0,1,6992.0,7002.0,0.0,0.0,0.0,0.0,440
2023-05-09 21:01:04,PF2311,PF311,6992.0,0.0,0.0,0.0,1,6992.0,7002.0,1,6992.0,7002.0,0.0,0.0,0.0,0.0,440
2023-05-09 21:01:05,PF2311,PF311,6992.0,0.0,0.0,0.0,1,6990.0,7000.0,1,6992.0,7002.0,0.0,0.0,0.0,0.0,440
2023-05-09 21:01:06,PF2311,PF311,6992.0,0.0,0.0,0.0,1,6990.0,7002.0,1,6992.0,7002.0,0.0,0.0,0.0,0.0,440
2023-05-09 21:01:06,PF2311,PF311,6992.0,0.0,0.0,0.0,1,6990.0,7004.0,1,6992.0,7002.0,0.0,0.0,0.0,0.0,440
2023-05-09 21:01:07,PF2311,PF311,6992.0,0.0,0.0,0.0,1,6992.0,7004.0,1,6992.0,7002.0,0.0,0.0,0.0,0.0,440
2023-05-09 21:01:07,PF2311,PF311,6992.0,0.0,0.0,0.0,1,6992.0,7006.0,1,6992.0,7002.0,0.0,0.0,0.0,0.0,440
2023-05-09 21:01:08,PF2311,PF311,6992.0,0.0,0.0,0.0,1,6994.0,7006.0,1,6992.0,7002.0,0.0,0.0,0.0,0.0,440
2023-05-09 21:01:08,PF2311,PF311,6992.0,0.0,0.0,0.0,1,6994.0,7008.0,1,6992.0,7002.0,0.0,0.0,0.0,0.0,440
2023-05-09 21:01:12,PF2311,PF311,6992.0,0.0,0.0,0.0,1,6996.0,7008.0,1,6992.0,7002.0,0.0,0.0,0.0,0.0,440
2023-05-09 21:01:13,PF2311,PF311,6992.0,0.0,0.0,0.0,1,6994.0,7008.0,1,6992.0,7002.0,0.0,0.0,0.0,0.0,440
2023-05-09 21:01:14,PF2311,PF311,6992.0,0.0,0.0,0.0,1,6994.0,7006.0,1,6992.0,7002.0,0.0,0.0,0.0,0.0,440
2023-05-09 21:01:14,PF2311,PF311,6992.0,0.0,0.0,0.0,1,6992.0,7002.0,1,6992.0,7002.0,0.0,0.0,0.0,0.0,440
2023-05-09 21:01:15,PF2311,PF311,6984.0,2.0,13988.0,1.0,1,6992.0,7004.0,1,6992.0,7002.0,7002.0,6984.0,2.0,13988.0,441
2023-05-09 21:01:15,PF2311,PF311,6984.0,0.0,0.0,0.0,1,6990.0,7004.0,1,6992.0,7002.0,7002.0,6984.0,2.0,13988.0,441
2023-05-09 21:01:19,PF2311,PF311,6984.0,0.0,0.0,0.0,1,6990.0,7002.0,1,6992.0,7002.0,7002.0,6984.0,2.0,13988.0,441
2023-05-09 21:01:19,PF2311,PF311,6984.0,0.0,0.0,0.0,1,6990.0,7004.0,1,6992.0,7002.0,7002.0,6984.0,2.0,13988.0,441
2023-05-09 21:01:20,PF2311,PF311,6984.0,0.0,0.0,0.0,1,6990.0,7002.0,1,6992.0,7002.0,7002.0,6984.0,2.0,13988.0,441
2023-05-09 21:01:21,PF2311,PF311,6984.0,0.0,0.0,0.0,1,6990.0,7004.0,1,6992.0,7002.0,7002.0,6984.0,2.0,13988.0,441
2023-05-09 21:01:23,PF2311,PF311,6984.0,0.0,0.0,0.0,1,6992.0,7004.0,1,6992.0,7002.0,7002.0,6984.0,2.0,13988.0,441
2023-05-09 21:01:24,PF2311,PF311,6984.0,0.0,0.0,0.0,1,6990.0,7004.0,1,6992.0,7002.0,7002.0,6984.0,2.0,13988.0,441
2023-05-09 21:01:27,PF2311,PF311,6984.0,0.0,0.0,0.0,1,6990.0,7002.0,1,6992.0,7002.0,7002.0,6984.0,2.0,13988.0,441
2023-05-09 21:01:27,PF2311,PF311,6984.0,0.0,0.0,0.0,1,6990.0,7004.0,1,6992.0,7002.0,7002.0,6984.0,2.0,13988.0,441
2023-05-09 21:01:28,PF2311,PF311,6984.0,0.0,0.0,0.0,1,6988.0,7004.0,1,6992.0,7002.0,7002.0,6984.0,2.0,13988.0,441
2023-05-09 21:01:28,PF2311,PF311,6984.0,0.0,0.0,0.0,1,6988.0,7002.0,1,6992.0,7002.0,7002.0,6984.0,2.0,13988.0,441
2023-05-09 21:01:29,PF2311,PF311,6984.0,0.0,0.0,0.0,1,6988.0,7000.0,1,6992.0,7002.0,7002.0,6984.0,2.0,13988.0,441
2023-05-09 21:01:30,PF2311,PF311,6984.0,0.0,0.0,0.0,1,6986.0,7000.0,1,6992.0,7002.0,7002.0,6984.0,2.0,13988.0,441
2023-05-09 21:01:32,PF2311,PF311,6984.0,0.0,0.0,0.0,1,6986.0,6998.0,1,6992.0,7002.0,7002.0,6984.0,2.0,13988.0,441
2023-05-09 21:01:32,PF2311,PF311,6984.0,0.0,0.0,0.0,1,6986.0,7000.0,1,6992.0,7002.0,7002.0,6984.0,2.0,13988.0,441
2023-05-09 21:01:41,PF2311,PF311,6984.0,0.0,0.0,0.0,2,6986.0,7000.0,1,6992.0,7002.0,7002.0,6984.0,2.0,13988.0,441
2023-05-09 21:01:41,PF2311,PF311,6984.0,0.0,0.0,0.0,1,6988.0,7000.0,1,6992.0,7002.0,7002.0,6984.0,2.0,13988.0,441
2023-05-09 21:01:42,PF2311,PF311,6984.0,0.0,0.0,0.0,1,6988.0,7002.0,1,6992.0,7002.0,7002.0,6984.0,2.0,13988.0,441
2023-05-09 21:01:43,PF2311,PF311,6984.0,0.0,0.0,0.0,1,6988.0,7000.0,1,6992.0,7002.0,7002.0,6984.0,2.0,13988.0,441
2023-05-09 21:01:44,PF2311,PF311,6984.0,0.0,0.0,0.0,1,6988.0,7000.0,3,6992.0,7002.0,7002.0,6984.0,2.0,13988.0,441
2023-05-09 21:01:44,PF2311,PF311,6984.0,0.0,0.0,0.0,1,6986.0,6996.0,1,6992.0,7002.0,7002.0,6984.0,2.0,13988.0,441
2023-05-09 21:01:45,PF2311,PF311,6984.0,0.0,0.0,0.0,1,6984.0,6996.0,1,6992.0,7002.0,7002.0,6984.0,2.0,13988.0,441
2023-05-09 21:01:46,PF2311,PF311,6984.0,0.0,0.0,0.0,1,6982.0,6996.0,1,6992.0,7002.0,7002.0,6984.0,2.0,13988.0,441
2023-05-09 21:01:48,PF2311,PF311,6984.0,0.0,0.0,0.0,2,6982.0,6996.0,1,6992.0,7002.0,7002.0,6984.0,2.0,13988.0,441
2023-05-09 21:01:48,PF2311,PF311,6984.0,0.0,0.0,0.0,1,6982.0,6996.0,1,6992.0,7002.0,7002.0,6984.0,2.0,13988.0,441
2023-05-09 21:01:51,PF2311,PF311,6984.0,0.0,0.0,0.0,1,6984.0,6996.0,1,6992.0,7002.0,7002.0,6984.0,2.0,13988.0,441
2023-05-09 21:01:52,PF2311,PF311,6984.0,0.0,0.0,0.0,1,6982.0,6992.0,1,6992.0,7002.0,7002.0,6984.0,2.0,13988.0,441
2023-05-09 21:01:53,PF2311,PF311,6984.0,0.0,0.0,0.0,1,6980.0,6994.0,1,6992.0,7002.0,7002.0,6984.0,2.0,13988.0,441
2023-05-09 21:01:53,PF2311,PF311,6984.0,0.0,0.0,0.0,1,6982.0,6996.0,1,6992.0,7002.0,7002.0,6984.0,2.0,13988.0,441
2023-05-09 21:01:53,PF2311,PF311,6984.0,0.0,0.0,0.0,1,6984.0,6996.0,1,6992.0,7002.0,7002.0,6984.0,2.0,13988.0,441
2023-05-09 21:01:56,PF2311,PF311,6984.0,0.0,0.0,0.0,1,6982.0,6996.0,1,6992.0,7002.0,7002.0,6984.0,2.0,13988.0,441
2023-05-09 21:01:56,PF2311,PF311,6984.0,0.0,0.0,0.0,2,6982.0,6996.0,1,6992.0,7002.0,7002.0,6984.0,2.0,13988.0,441
2023-05-09 21:01:57,PF2311,PF311,6984.0,0.0,0.0,0.0,1,6984.0,6996.0,1,6992.0,7002.0,7002.0,6984.0,2.0,13988.0,441
2023-05-09 21:01:58,PF2311,PF311,6984.0,0.0,0.0,0.0,2,6984.0,6996.0,1,6992.0,7002.0,7002.0,6984.0,2.0,13988.0,441
2023-05-09 21:01:59,PF2311,PF311,6984.0,0.0,0.0,0.0,1,6984.0,6996.0,1,6992.0,7002.0,7002.0,6984.0,2.0,13988.0,441
2023-05-09 21:02:01,PF2311,PF311,6984.0,0.0,0.0,0.0,2,6984.0,6996.0,1,6992.0,7002.0,7002.0,6984.0,2.0,13988.0,441
2023-05-09 21:02:02,PF2311,PF311,6984.0,0.0,0.0,0.0,1,6986.0,6996.0,1,6992.0,7002.0,7002.0,6984.0,2.0,13988.0,441
2023-05-09 21:02:03,PF2311,PF311,6984.0,0.0,0.0,0.0,2,6986.0,6998.0,1,6992.0,7002.0,7002.0,6984.0,2.0,13988.0,441
2023-05-09 21:02:05,PF2311,PF311,6984.0,0.0,0.0,0.0,2,6986.0,7000.0,1,6992.0,7002.0,7002.0,6984.0,2.0,13988.0,441
2023-05-09 21:02:06,PF2311,PF311,6984.0,0.0,0.0,0.0,2,6986.0,6998.0,1,6992.0,7002.0,7002.0,6984.0,2.0,13988.0,441
2023-05-09 21:02:06,PF2311,PF311,6984.0,0.0,0.0,0.0,2,6986.0,7000.0,1,6992.0,7002.0,7002.0,6984.0,2.0,13988.0,441
2023-05-09 21:02:14,PF2311,PF311,6984.0,0.0,0.0,0.0,2,6986.0,6998.0,1,6992.0,7002.0,7002.0,6984.0,2.0,13988.0,441
2023-05-09 21:02:15,PF2311,PF311,6984.0,0.0,0.0,0.0,1,6988.0,7000.0,1,6992.0,7002.0,7002.0,6984.0,2.0,13988.0,441
2023-05-09 21:02:15,PF2311,PF311,6984.0,0.0,0.0,0.0,2,6988.0,7000.0,1,6992.0,7002.0,7002.0,6984.0,2.0,13988.0,441
2023-05-09 21:02:18,PF2311,PF311,6984.0,0.0,0.0,0.0,1,6988.0,7000.0,1,6992.0,7002.0,7002.0,6984.0,2.0,13988.0,441
2023-05-09 21:02:19,PF2311,PF311,6984.0,0.0,0.0,0.0,1,6988.0,7002.0,1,6992.0,7002.0,7002.0,6984.0,2.0,13988.0,441
2023-05-09 21:02:20,PF2311,PF311,6984.0,0.0,0.0,0.0,2,6988.0,7002.0,1,6992.0,7002.0,7002.0,6984.0,2.0,13988.0,441
2023-05-09 21:02:22,PF2311,PF311,6984.0,0.0,0.0,0.0,1,6990.0,7002.0,1,6992.0,7002.0,7002.0,6984.0,2.0,13988.0,441
2023-05-09 21:02:22,PF2311,PF311,6984.0,0.0,0.0,0.0,1,6988.0,7002.0,1,6992.0,7002.0,7002.0,6984.0,2.0,13988.0,441
2023-05-09 21:02:23,PF2311,PF311,6984.0,0.0,0.0,0.0,2,6988.0,7002.0,1,6992.0,7002.0,7002.0,6984.0,2.0,13988.0,441
2023-05-09 21:02:27,PF2311,PF311,6984.0,0.0,0.0,0.0,2,6990.0,7002.0,1,6992.0,7002.0,7002.0,6984.0,2.0,13988.0,441
2023-05-09 21:02:30,PF2311,PF311,6984.0,0.0,0.0,0.0,1,6988.0,7002.0,1,6992.0,7002.0,7002.0,6984.0,2.0,13988.0,441
2023-05-09 21:02:30,PF2311,PF311,6984.0,0.0,0.0,0.0,2,6988.0,7002.0,1,6992.0,7002.0,7002.0,6984.0,2.0,13988.0,441
2023-05-09 21:02:36,PF2311,PF311,6984.0,0.0,0.0,0.0,1,6990.0,7002.0,1,6992.0,7002.0,7002.0,6984.0,2.0,13988.0,441
2023-05-09 21:02:37,PF2311,PF311,6984.0,0.0,0.0,0.0,1,6990.0,7004.0,1,6992.0,7002.0,7002.0,6984.0,2.0,13988.0,441
2023-05-09 21:02:38,PF2311,PF311,6984.0,0.0,0.0,0.0,1,6990.0,7002.0,1,6992.0,7002.0,7002.0,6984.0,2.0,13988.0,441
2023-05-09 21:02:39,PF2311,PF311,6984.0,0.0,0.0,0.0,1,6990.0,7004.0,1,6992.0,7002.0,7002.0,6984.0,2.0,13988.0,441
2023-05-09 21:02:44,PF2311,PF311,6984.0,0.0,0.0,0.0,1,6990.0,7002.0,1,6992.0,7002.0,7002.0,6984.0,2.0,13988.0,441
2023-05-09 21:02:46,PF2311,PF311,6984.0,0.0,0.0,0.0,1,6988.0,7002.0,1,6992.0,7002.0,7002.0,6984.0,2.0,13988.0,441
2023-05-09 21:02:48,PF2311,PF311,6984.0,0.0,0.0,0.0,2,6988.0,7002.0,1,6992.0,7002.0,7002.0,6984.0,2.0,13988.0,441
2023-05-09 21:02:49,PF2311,PF311,6984.0,0.0,0.0,0.0,1,6990.0,7002.0,1,6992.0,7002.0,7002.0,6984.0,2.0,13988.0,441
2023-05-09 21:02:49,PF2311,PF311,6984.0,0.0,0.0,0.0,1,6988.0,7002.0,1,6992.0,7002.0,7002.0,6984.0,2.0,13988.0,441
2023-05-09 21:02:50,PF2311,PF311,6984.0,0.0,0.0,0.0,2,6988.0,7002.0,1,6992.0,7002.0,7002.0,6984.0,2.0,13988.0,441
2023-05-09 21:02:53,PF2311,PF311,6984.0,0.0,0.0,0.0,1,6990.0,7002.0,1,6992.0,7002.0,7002.0,6984.0,2.0,13988.0,441
2023-05-09 21:03:04,PF2311,PF311,6984.0,0.0,0.0,0.0,2,6990.0,7004.0,1,6992.0,7002.0,7002.0,6984.0,2.0,13988.0,441
2023-05-09 21:03:05,PF2311,PF311,6984.0,0.0,0.0,0.0,1,6992.0,7004.0,1,6992.0,7002.0,7002.0,6984.0,2.0,13988.0,441
2023-05-09 21:03:06,PF2311,PF311,6984.0,0.0,0.0,0.0,1,6990.0,7004.0,1,6992.0,7002.0,7002.0,6984.0,2.0,13988.0,441
2023-05-09 21:03:06,PF2311,PF311,6984.0,0.0,0.0,0.0,2,6990.0,7004.0,1,6992.0,7002.0,7002.0,6984.0,2.0,13988.0,441
2023-05-09 21:03:10,PF2311,PF311,6984.0,0.0,0.0,0.0,2,6992.0,7004.0,1,6992.0,7002.0,7002.0,6984.0,2.0,13988.0,441
2023-05-09 21:03:12,PF2311,PF311,6984.0,0.0,0.0,0.0,2,6990.0,7004.0,1,6992.0,7002.0,7002.0,6984.0,2.0,13988.0,441
2023-05-09 21:03:12,PF2311,PF311,6984.0,0.0,0.0,0.0,3,6990.0,7004.0,1,6992.0,7002.0,7002.0,6984.0,2.0,13988.0,441
2023-05-09 21:03:17,PF2311,PF311,6984.0,0.0,0.0,0.0,1,6992.0,7004.0,1,6992.0,7002.0,7002.0,6984.0,2.0,13988.0,441
2023-05-09 21:03:18,PF2311,PF311,6984.0,0.0,0.0,0.0,2,6990.0,7004.0,1,6992.0,7002.0,7002.0,6984.0,2.0,13988.0,441
2023-05-09 21:03:19,PF2311,PF311,6984.0,0.0,0.0,0.0,3,6990.0,7004.0,1,6992.0,7002.0,7002.0,6984.0,2.0,13988.0,441
2023-05-09 21:03:43,PF2311,PF311,6984.0,0.0,0.0,0.0,1,6992.0,7004.0,1,6992.0,7002.0,7002.0,6984.0,2.0,13988.0,441
2023-05-09 21:03:44,PF2311,PF311,6984.0,0.0,0.0,0.0,2,6990.0,7004.0,1,6992.0,7002.0,7002.0,6984.0,2.0,13988.0,441
2023-05-09 21:03:44,PF2311,PF311,6984.0,0.0,0.0,0.0,3,6990.0,7004.0,1,6992.0,7002.0,7002.0,6984.0,2.0,13988.0,441
2023-05-09 21:03:47,PF2311,PF311,6984.0,0.0,0.0,0.0,1,6992.0,7004.0,1,6992.0,7002.0,7002.0,6984.0,2.0,13988.0,441
2023-05-09 21:03:53,PF2311,PF311,6984.0,0.0,0.0,0.0,2,6990.0,7004.0,1,6992.0,7002.0,7002.0,6984.0,2.0,13988.0,441
2023-05-09 21:03:53,PF2311,PF311,6984.0,0.0,0.0,0.0,3,6990.0,7004.0,1,6992.0,7002.0,7002.0,6984.0,2.0,13988.0,441
2023-05-09 21:03:55,PF2311,PF311,6984.0,0.0,0.0,0.0,1,6992.0,7004.0,1,6992.0,7002.0,7002.0,6984.0,2.0,13988.0,441
2023-05-09 21:03:58,PF2311,PF311,6984.0,0.0,0.0,0.0,2,6990.0,7004.0,1,6992.0,7002.0,7002.0,6984.0,2.0,13988.0,441
2023-05-09 21:03:59,PF2311,PF311,6984.0,0.0,0.0,0.0,3,6990.0,7004.0,1,6992.0,7002.0,7002.0,6984.0,2.0,13988.0,441
2023-05-09 21:04:05,PF2311,PF311,6984.0,0.0,0.0,0.0,1,6992.0,7004.0,1,6992.0,7002.0,7002.0,6984.0,2.0,13988.0,441
2023-05-09 21:04:06,PF2311,PF311,6984.0,0.0,0.0,0.0,2,6990.0,7004.0,1,6992.0,7002.0,7002.0,6984.0,2.0,13988.0,441
2023-05-09 21:04:06,PF2311,PF311,6984.0,0.0,0.0,0.0,3,6990.0,7004.0,1,6992.0,7002.0,7002.0,6984.0,2.0,13988.0,441
2023-05-09 21:04:07,PF2311,PF311,6984.0,0.0,0.0,0.0,3,6990.0,7002.0,1,6992.0,7002.0,7002.0,6984.0,2.0,13988.0,441
2023-05-09 21:04:08,PF2311,PF311,6984.0,0.0,0.0,0.0,3,6990.0,7004.0,1,6992.0,7002.0,7002.0,6984.0,2.0,13988.0,441
2023-05-09 21:04:20,PF2311,PF311,6984.0,0.0,0.0,0.0,3,6990.0,7002.0,1,6992.0,7002.0,7002.0,6984.0,2.0,13988.0,441
2023-05-09 21:04:20,PF2311,PF311,6984.0,0.0,0.0,0.0,3,6990.0,7004.0,1,6992.0,7002.0,7002.0,6984.0,2.0,13988.0,441
2023-05-09 21:04:22,PF2311,PF311,6984.0,0.0,0.0,0.0,3,6990.0,7002.0,1,6992.0,7002.0,7002.0,6984.0,2.0,13988.0,441
2023-05-09 21:04:22,PF2311,PF311,6984.0,0.0,0.0,0.0,2,6990.0,7002.0,1,6992.0,7002.0,7002.0,6984.0,2.0,13988.0,441
2023-05-09 21:04:23,PF2311,PF311,6984.0,0.0,0.0,0.0,1,6990.0,6998.0,1,6992.0,7002.0,7002.0,6984.0,2.0,13988.0,441
2023-05-09 21:04:26,PF2311,PF311,6984.0,0.0,0.0,0.0,1,6990.0,7000.0,1,6992.0,7002.0,7002.0,6984.0,2.0,13988.0,441
2023-05-09 21:04:27,PF2311,PF311,6984.0,0.0,0.0,0.0,1,6990.0,7002.0,1,6992.0,7002.0,7002.0,6984.0,2.0,13988.0,441
2023-05-09 21:04:28,PF2311,PF311,6984.0,0.0,0.0,0.0,1,6990.0,7000.0,1,6992.0,7002.0,7002.0,6984.0,2.0,13988.0,441
2023-05-09 21:04:29,PF2311,PF311,6984.0,0.0,0.0,0.0,1,6990.0,7002.0,1,6992.0,7002.0,7002.0,6984.0,2.0,13988.0,441
2023-05-09 21:04:30,PF2311,PF311,6984.0,0.0,0.0,0.0,1,6990.0,7000.0,1,6992.0,7002.0,7002.0,6984.0,2.0,13988.0,441
2023-05-09 21:04:31,PF2311,PF311,6984.0,0.0,0.0,0.0,1,6990.0,7002.0,1,6992.0,7002.0,7002.0,6984.0,2.0,13988.0,441
2023-05-09 21:04:32,PF2311,PF311,6984.0,0.0,0.0,0.0,1,6990.0,7000.0,1,6992.0,7002.0,7002.0,6984.0,2.0,13988.0,441
2023-05-09 21:04:32,PF2311,PF311,6984.0,0.0,0.0,0.0,1,6990.0,7002.0,1,6992.0,7002.0,7002.0,6984.0,2.0,13988.0,441
2023-05-09 21:04:35,PF2311,PF311,6984.0,0.0,0.0,0.0,1,6990.0,7000.0,1,6992.0,7002.0,7002.0,6984.0,2.0,13988.0,441
2023-05-09 21:04:35,PF2311,PF311,6984.0,0.0,0.0,0.0,1,6990.0,7002.0,1,6992.0,7002.0,7002.0,6984.0,2.0,13988.0,441
2023-05-09 21:04:40,PF2311,PF311,6984.0,0.0,0.0,0.0,1,6990.0,7000.0,1,6992.0,7002.0,7002.0,6984.0,2.0,13988.0,441
2023-05-09 21:04:42,PF2311,PF311,6984.0,0.0,0.0,0.0,1,6990.0,7002.0,1,6992.0,7002.0,7002.0,6984.0,2.0,13988.0,441
2023-05-09 21:04:53,PF2311,PF311,6984.0,0.0,0.0,0.0,1,6990.0,7000.0,1,6992.0,7002.0,7002.0,6984.0,2.0,13988.0,441
2023-05-09 21:05:11,PF2311,PF311,6984.0,0.0,0.0,0.0,1,6990.0,6998.0,1,6992.0,7002.0,7002.0,6984.0,2.0,13988.0,441
2023-05-09 21:05:13,PF2311,PF311,6984.0,0.0,0.0,0.0,1,6990.0,7000.0,1,6992.0,7002.0,7002.0,6984.0,2.0,13988.0,441
2023-05-09 21:05:25,PF2311,PF311,6984.0,0.0,0.0,0.0,1,6990.0,6998.0,1,6992.0,7002.0,7002.0,6984.0,2.0,13988.0,441
2023-05-09 21:05:25,PF2311,PF311,6984.0,0.0,0.0,0.0,1,6990.0,7000.0,1,6992.0,7002.0,7002.0,6984.0,2.0,13988.0,441
2023-05-09 21:05:36,PF2311,PF311,6984.0,0.0,0.0,0.0,2,6990.0,7000.0,1,6992.0,7002.0,7002.0,6984.0,2.0,13988.0,441
2023-05-09 21:05:38,PF2311,PF311,6984.0,0.0,0.0,0.0,1,6990.0,7000.0,1,6992.0,7002.0,7002.0,6984.0,2.0,13988.0,441
2023-05-09 21:05:38,PF2311,PF311,6984.0,0.0,0.0,0.0,1,6990.0,6998.0,1,6992.0,7002.0,7002.0,6984.0,2.0,13988.0,441
2023-05-09 21:05:47,PF2311,PF311,6984.0,0.0,0.0,0.0,1,6990.0,6996.0,1,6992.0,7002.0,7002.0,6984.0,2.0,13988.0,441
2023-05-09 21:05:48,PF2311,PF311,6984.0,0.0,0.0,0.0,2,6984.0,6996.0,1,6992.0,7002.0,7002.0,6984.0,2.0,13988.0,441
2023-05-09 21:05:49,PF2311,PF311,6984.0,0.0,0.0,0.0,1,6986.0,6998.0,1,6992.0,7002.0,7002.0,6984.0,2.0,13988.0,441
2023-05-09 21:05:54,PF2311,PF311,6984.0,0.0,0.0,0.0,1,6988.0,6998.0,1,6992.0,7002.0,7002.0,6984.0,2.0,13988.0,441
2023-05-09 21:05:55,PF2311,PF311,6984.0,0.0,0.0,0.0,1,6990.0,7000.0,1,6992.0,7002.0,7002.0,6984.0,2.0,13988.0,441
2023-05-09 21:05:55,PF2311,PF311,6984.0,0.0,0.0,0.0,1,6990.0,7002.0,1,6992.0,7002.0,7002.0,6984.0,2.0,13988.0,441
2023-05-09 21:05:57,PF2311,PF311,6984.0,0.0,0.0,0.0,1,6990.0,7004.0,1,6992.0,7002.0,7002.0,6984.0,2.0,13988.0,441
2023-05-09 21:06:00,PF2311,PF311,6984.0,0.0,0.0,0.0,1,6992.0,7004.0,1,6992.0,7002.0,7002.0,6984.0,2.0,13988.0,441
2023-05-09 21:06:00,PF2311,PF311,6984.0,0.0,0.0,0.0,1,6990.0,7004.0,1,6992.0,7002.0,7002.0,6984.0,2.0,13988.0,441
2023-05-09 21:06:06,PF2311,PF311,6984.0,0.0,0.0,0.0,1,6992.0,7004.0,1,6992.0,7002.0,7002.0,6984.0,2.0,13988.0,441
2023-05-09 21:06:10,PF2311,PF311,6984.0,0.0,0.0,0.0,1,6990.0,7004.0,1,6992.0,7002.0,7002.0,6984.0,2.0,13988.0,441
2023-05-09 21:06:25,PF2311,PF311,6984.0,0.0,0.0,0.0,1,6990.0,7002.0,1,6992.0,7002.0,7002.0,6984.0,2.0,13988.0,441
2023-05-09 21:06:26,PF2311,PF311,6984.0,0.0,0.0,0.0,1,6990.0,7004.0,1,6992.0,7002.0,7002.0,6984.0,2.0,13988.0,441
2023-05-09 21:06:27,PF2311,PF311,6984.0,0.0,0.0,0.0,1,6990.0,7002.0,1,6992.0,7002.0,7002.0,6984.0,2.0,13988.0,441
2023-05-09 21:06:30,PF2311,PF311,6984.0,0.0,0.0,0.0,1,6988.0,7000.0,1,6992.0,7002.0,7002.0,6984.0,2.0,13988.0,441
2023-05-09 21:06:30,PF2311,PF311,6984.0,0.0,0.0,0.0,1,6986.0,7000.0,1,6992.0,7002.0,7002.0,6984.0,2.0,13988.0,441
2023-05-09 21:06:37,PF2311,PF311,6984.0,0.0,0.0,0.0,1,6988.0,7000.0,1,6992.0,7002.0,7002.0,6984.0,2.0,13988.0,441
2023-05-09 21:06:37,PF2311,PF311,6984.0,0.0,0.0,0.0,1,6992.0,7002.0,1,6992.0,7002.0,7002.0,6984.0,2.0,13988.0,441
2023-05-09 21:06:37,PF2311,PF311,6984.0,0.0,0.0,0.0,1,6992.0,7004.0,1,6992.0,7002.0,7002.0,6984.0,2.0,13988.0,441
2023-05-09 21:07:15,PF2311,PF311,6984.0,0.0,0.0,0.0,1,6990.0,7000.0,1,6992.0,7002.0,7002.0,6984.0,2.0,13988.0,441
2023-05-09 21:07:16,PF2311,PF311,6984.0,0.0,0.0,0.0,1,6988.0,7000.0,1,6992.0,7002.0,7002.0,6984.0,2.0,13988.0,441
2023-05-09 21:07:17,PF2311,PF311,6984.0,0.0,0.0,0.0,2,6986.0,7000.0,1,6992.0,7002.0,7002.0,6984.0,2.0,13988.0,441
2023-05-09 21:07:19,PF2311,PF311,6984.0,0.0,0.0,0.0,2,6988.0,7000.0,1,6992.0,7002.0,7002.0,6984.0,2.0,13988.0,441
2023-05-09 21:07:20,PF2311,PF311,6984.0,0.0,0.0,0.0,2,6988.0,6998.0,1,6992.0,7002.0,7002.0,6984.0,2.0,13988.0,441
2023-05-09 21:07:21,PF2311,PF311,6984.0,0.0,0.0,0.0,2,6986.0,7000.0,1,6992.0,7002.0,7002.0,6984.0,2.0,13988.0,441
2023-05-09 21:07:21,PF2311,PF311,6984.0,0.0,0.0,0.0,3,6986.0,7000.0,1,6992.0,7002.0,7002.0,6984.0,2.0,13988.0,441
2023-05-09 21:07:25,PF2311,PF311,6984.0,0.0,0.0,0.0,3,6986.0,6998.0,1,6992.0,7002.0,7002.0,6984.0,2.0,13988.0,441
2023-05-09 21:07:28,PF2311,PF311,6984.0,0.0,0.0,0.0,2,6986.0,6998.0,1,6992.0,7002.0,7002.0,6984.0,2.0,13988.0,441
2023-05-09 21:07:53,PF2311,PF311,6984.0,0.0,0.0,0.0,2,6986.0,7000.0,1,6992.0,7002.0,7002.0,6984.0,2.0,13988.0,441
2023-05-09 21:07:55,PF2311,PF311,6984.0,0.0,0.0,0.0,1,6988.0,7000.0,1,6992.0,7002.0,7002.0,6984.0,2.0,13988.0,441
2023-05-09 21:07:55,PF2311,PF311,6984.0,0.0,0.0,0.0,2,6986.0,7000.0,1,6992.0,7002.0,7002.0,6984.0,2.0,13988.0,441
2023-05-09 21:07:56,PF2311,PF311,6984.0,0.0,0.0,0.0,3,6986.0,7000.0,1,6992.0,7002.0,7002.0,6984.0,2.0,13988.0,441
2023-05-09 21:07:57,PF2311,PF311,6984.0,0.0,0.0,0.0,2,6986.0,7000.0,1,6992.0,7002.0,7002.0,6984.0,2.0,13988.0,441
2023-05-09 21:07:58,PF2311,PF311,6984.0,0.0,0.0,0.0,3,6986.0,7000.0,1,6992.0,7002.0,7002.0,6984.0,2.0,13988.0,441
2023-05-09 21:07:58,PF2311,PF311,6984.0,0.0,0.0,0.0,1,6988.0,7000.0,1,6992.0,7002.0,7002.0,6984.0,2.0,13988.0,441
2023-05-09 21:07:59,PF2311,PF311,6984.0,0.0,0.0,0.0,2,6988.0,7000.0,1,6992.0,7002.0,7002.0,6984.0,2.0,13988.0,441
2023-05-09 21:08:01,PF2311,PF311,6984.0,0.0,0.0,0.0,2,6988.0,7002.0,1,6992.0,7002.0,7002.0,6984.0,2.0,13988.0,441
2023-05-09 21:08:01,PF2311,PF311,6984.0,0.0,0.0,0.0,1,6992.0,7002.0,1,6992.0,7002.0,7002.0,6984.0,2.0,13988.0,441
2023-05-09 21:08:03,PF2311,PF311,6984.0,0.0,0.0,0.0,1,6994.0,7004.0,1,6992.0,7002.0,7002.0,6984.0,2.0,13988.0,441
2023-05-09 21:08:07,PF2311,PF311,6984.0,0.0,0.0,0.0,1,6994.0,7006.0,1,6992.0,7002.0,7002.0,6984.0,2.0,13988.0,441
2023-05-09 21:08:08,PF2311,PF311,6984.0,0.0,0.0,0.0,2,6994.0,7006.0,1,6992.0,7002.0,7002.0,6984.0,2.0,13988.0,441
2023-05-09 21:08:11,PF2311,PF311,6984.0,0.0,0.0,0.0,1,6994.0,7006.0,1,6992.0,7002.0,7002.0,6984.0,2.0,13988.0,441
2023-05-09 21:08:13,PF2311,PF311,6984.0,0.0,0.0,0.0,1,6994.0,7004.0,1,6992.0,7002.0,7002.0,6984.0,2.0,13988.0,441
2023-05-09 21:08:15,PF2311,PF311,6984.0,0.0,0.0,0.0,1,6992.0,7004.0,1,6992.0,7002.0,7002.0,6984.0,2.0,13988.0,441
2023-05-09 21:08:15,PF2311,PF311,6984.0,0.0,0.0,0.0,1,6992.0,7002.0,1,6992.0,7002.0,7002.0,6984.0,2.0,13988.0,441
2023-05-09 21:08:16,PF2311,PF311,6984.0,0.0,0.0,0.0,1,6990.0,7002.0,1,6992.0,7002.0,7002.0,6984.0,2.0,13988.0,441
2023-05-09 21:08:17,PF2311,PF311,6984.0,0.0,0.0,0.0,1,6988.0,7002.0,1,6992.0,7002.0,7002.0,6984.0,2.0,13988.0,441
2023-05-09 21:08:17,PF2311,PF311,6984.0,0.0,0.0,0.0,2,6988.0,7002.0,1,6992.0,7002.0,7002.0,6984.0,2.0,13988.0,441
2023-05-09 21:08:19,PF2311,PF311,6984.0,0.0,0.0,0.0,2,6988.0,7000.0,1,6992.0,7002.0,7002.0,6984.0,2.0,13988.0,441
2023-05-09 21:08:26,PF2311,PF311,6984.0,0.0,0.0,0.0,2,6988.0,7002.0,1,6992.0,7002.0,7002.0,6984.0,2.0,13988.0,441
2023-05-09 21:08:36,PF2311,PF311,6984.0,0.0,0.0,0.0,1,6990.0,7002.0,1,6992.0,7002.0,7002.0,6984.0,2.0,13988.0,441
2023-05-09 21:08:37,PF2311,PF311,6984.0,0.0,0.0,0.0,2,6990.0,7002.0,1,6992.0,7002.0,7002.0,6984.0,2.0,13988.0,441
2023-05-09 21:09:10,PF2311,PF311,6984.0,0.0,0.0,0.0,2,6990.0,7000.0,1,6992.0,7002.0,7002.0,6984.0,2.0,13988.0,441
2023-05-09 21:09:10,PF2311,PF311,6984.0,0.0,0.0,0.0,1,6988.0,7000.0,1,6992.0,7002.0,7002.0,6984.0,2.0,13988.0,441
2023-05-09 21:09:16,PF2311,PF311,6984.0,0.0,0.0,0.0,1,6988.0,7002.0,1,6992.0,7002.0,7002.0,6984.0,2.0,13988.0,441
2023-05-09 21:09:17,PF2311,PF311,6984.0,0.0,0.0,0.0,1,6988.0,7000.0,1,6992.0,7002.0,7002.0,6984.0,2.0,13988.0,441
2023-05-09 21:09:17,PF2311,PF311,6984.0,0.0,0.0,0.0,2,6988.0,7002.0,1,6992.0,7002.0,7002.0,6984.0,2.0,13988.0,441
2023-05-09 21:09:18,PF2311,PF311,6984.0,0.0,0.0,0.0,1,6988.0,7002.0,1,6992.0,7002.0,7002.0,6984.0,2.0,13988.0,441
2023-05-09 21:09:25,PF2311,PF311,6984.0,0.0,0.0,0.0,2,6990.0,7002.0,1,6992.0,7002.0,7002.0,6984.0,2.0,13988.0,441
2023-05-09 21:09:26,PF2311,PF311,6984.0,0.0,0.0,0.0,1,6988.0,7002.0,1,6992.0,7002.0,7002.0,6984.0,2.0,13988.0,441
2023-05-09 21:09:28,PF2311,PF311,6984.0,0.0,0.0,0.0,2,6988.0,7002.0,1,6992.0,7002.0,7002.0,6984.0,2.0,13988.0,441
2023-05-09 21:09:32,PF2311,PF311,6984.0,0.0,0.0,0.0,1,6990.0,7002.0,1,6992.0,7002.0,7002.0,6984.0,2.0,13988.0,441
2023-05-09 21:09:33,PF2311,PF311,6984.0,0.0,0.0,0.0,1,6988.0,7002.0,1,6992.0,7002.0,7002.0,6984.0,2.0,13988.0,441
2023-05-09 21:09:33,PF2311,PF311,6984.0,0.0,0.0,0.0,2,6988.0,7002.0,1,6992.0,7002.0,7002.0,6984.0,2.0,13988.0,441
2023-05-09 21:09:35,PF2311,PF311,6984.0,0.0,0.0,0.0,3,6988.0,7002.0,1,6992.0,7002.0,7002.0,6984.0,2.0,13988.0,441
2023-05-09 21:09:39,PF2311,PF311,6984.0,0.0,0.0,0.0,1,6990.0,7002.0,1,6992.0,7002.0,7002.0,6984.0,2.0,13988.0,441
2023-05-09 21:09:39,PF2311,PF311,6984.0,0.0,0.0,0.0,2,6990.0,7002.0,1,6992.0,7002.0,7002.0,6984.0,2.0,13988.0,441
2023-05-09 21:09:47,PF2311,PF311,6984.0,0.0,0.0,0.0,1,6990.0,7002.0,1,6992.0,7002.0,7002.0,6984.0,2.0,13988.0,441
2023-05-09 21:09:48,PF2311,PF311,6984.0,0.0,0.0,0.0,1,6990.0,7000.0,1,6992.0,7002.0,7002.0,6984.0,2.0,13988.0,441
2023-05-09 21:09:48,PF2311,PF311,6984.0,0.0,0.0,0.0,1,6988.0,7000.0,1,6992.0,7002.0,7002.0,6984.0,2.0,13988.0,441
2023-05-09 21:09:49,PF2311,PF311,6984.0,0.0,0.0,0.0,2,6988.0,7000.0,1,6992.0,7002.0,7002.0,6984.0,2.0,13988.0,441
2023-05-09 21:09:50,PF2311,PF311,6984.0,0.0,0.0,0.0,1,6990.0,7000.0,1,6992.0,7002.0,7002.0,6984.0,2.0,13988.0,441
2023-05-09 21:09:51,PF2311,PF311,6984.0,0.0,0.0,0.0,1,6986.0,6998.0,1,6992.0,7002.0,7002.0,6984.0,2.0,13988.0,441
2023-05-09 21:09:51,PF2311,PF311,6984.0,0.0,0.0,0.0,2,6986.0,6998.0,1,6992.0,7002.0,7002.0,6984.0,2.0,13988.0,441
2023-05-09 21:09:51,PF2311,PF311,6984.0,0.0,0.0,0.0,1,6986.0,6998.0,1,6992.0,7002.0,7002.0,6984.0,2.0,13988.0,441
2023-05-09 21:09:51,PF2311,PF311,6984.0,0.0,0.0,0.0,2,6986.0,6998.0,1,6992.0,7002.0,7002.0,6984.0,2.0,13988.0,441
2023-05-09 21:10:02,PF2311,PF311,6984.0,0.0,0.0,0.0,2,6986.0,7000.0,1,6992.0,7002.0,7002.0,6984.0,2.0,13988.0,441
2023-05-09 21:10:05,PF2311,PF311,6984.0,0.0,0.0,0.0,1,6988.0,7000.0,1,6992.0,7002.0,7002.0,6984.0,2.0,13988.0,441
2023-05-09 21:10:06,PF2311,PF311,6984.0,0.0,0.0,0.0,2,6988.0,7000.0,1,6992.0,7002.0,7002.0,6984.0,2.0,13988.0,441
2023-05-09 21:10:06,PF2311,PF311,6984.0,0.0,0.0,0.0,2,6992.0,7002.0,1,6992.0,7002.0,7002.0,6984.0,2.0,13988.0,441
2023-05-09 21:10:07,PF2311,PF311,6984.0,0.0,0.0,0.0,3,6992.0,7002.0,1,6992.0,7002.0,7002.0,6984.0,2.0,13988.0,441
2023-05-09 21:10:12,PF2311,PF311,6984.0,0.0,0.0,0.0,2,6992.0,7002.0,1,6992.0,7002.0,7002.0,6984.0,2.0,13988.0,441
2023-05-09 21:10:14,PF2311,PF311,6984.0,0.0,0.0,0.0,1,6992.0,7002.0,1,6992.0,7002.0,7002.0,6984.0,2.0,13988.0,441
2023-05-09 21:10:18,PF2311,PF311,6984.0,0.0,0.0,0.0,1,6992.0,7000.0,1,6992.0,7002.0,7002.0,6984.0,2.0,13988.0,441
2023-05-09 21:10:25,PF2311,PF311,6984.0,0.0,0.0,0.0,1,6992.0,7002.0,1,6992.0,7002.0,7002.0,6984.0,2.0,13988.0,441
2023-05-09 21:10:29,PF2311,PF311,6984.0,0.0,0.0,0.0,2,6992.0,7002.0,1,6992.0,7002.0,7002.0,6984.0,2.0,13988.0,441
2023-05-09 21:10:33,PF2311,PF311,6984.0,0.0,0.0,0.0,1,6992.0,7002.0,1,6992.0,7002.0,7002.0,6984.0,2.0,13988.0,441
2023-05-09 21:10:34,PF2311,PF311,6984.0,0.0,0.0,0.0,1,6992.0,7000.0,1,6992.0,7002.0,7002.0,6984.0,2.0,13988.0,441
2023-05-09 21:10:36,PF2311,PF311,6984.0,0.0,0.0,0.0,1,6992.0,7002.0,1,6992.0,7002.0,7002.0,6984.0,2.0,13988.0,441
2023-05-09 21:11:26,PF2311,PF311,6984.0,0.0,0.0,0.0,1,6992.0,7000.0,1,6992.0,7002.0,7002.0,6984.0,2.0,13988.0,441
2023-05-09 21:11:26,PF2311,PF311,6984.0,0.0,0.0,0.0,1,6988.0,7000.0,1,6992.0,7002.0,7002.0,6984.0,2.0,13988.0,441
2023-05-09 21:11:27,PF2311,PF311,6984.0,0.0,0.0,0.0,2,6988.0,7000.0,1,6992.0,7002.0,7002.0,6984.0,2.0,13988.0,441
2023-05-09 21:11:28,PF2311,PF311,6984.0,0.0,0.0,0.0,2,6988.0,7002.0,1,6992.0,7002.0,7002.0,6984.0,2.0,13988.0,441
2023-05-09 21:11:29,PF2311,PF311,6984.0,0.0,0.0,0.0,1,6988.0,7000.0,1,6992.0,7002.0,7002.0,6984.0,2.0,13988.0,441
2023-05-09 21:11:29,PF2311,PF311,6984.0,0.0,0.0,0.0,1,6986.0,7000.0,1,6992.0,7002.0,7002.0,6984.0,2.0,13988.0,441
2023-05-09 21:11:30,PF2311,PF311,6984.0,0.0,0.0,0.0,2,6990.0,7000.0,1,6992.0,7002.0,7002.0,6984.0,2.0,13988.0,441
2023-05-09 21:11:30,PF2311,PF311,6984.0,0.0,0.0,0.0,1,6996.0,7000.0,1,6992.0,7002.0,7002.0,6984.0,2.0,13988.0,441
2023-05-09 21:11:31,PF2311,PF311,6984.0,0.0,0.0,0.0,1,6996.0,6998.0,1,6992.0,7002.0,7002.0,6984.0,2.0,13988.0,441
2023-05-09 21:11:38,PF2311,PF311,6984.0,0.0,0.0,0.0,1,6996.0,7000.0,1,6992.0,7002.0,7002.0,6984.0,2.0,13988.0,441
2023-05-09 21:11:42,PF2311,PF311,6984.0,0.0,0.0,0.0,1,6996.0,6998.0,1,6992.0,7002.0,7002.0,6984.0,2.0,13988.0,441
2023-05-09 21:11:43,PF2311,PF311,6984.0,0.0,0.0,0.0,1,6996.0,7000.0,1,6992.0,7002.0,7002.0,6984.0,2.0,13988.0,441
2023-05-09 21:11:59,PF2311,PF311,6984.0,0.0,0.0,0.0,1,6996.0,7002.0,1,6992.0,7002.0,7002.0,6984.0,2.0,13988.0,441
2023-05-09 21:12:01,PF2311,PF311,6984.0,0.0,0.0,0.0,1,6996.0,7000.0,1,6992.0,7002.0,7002.0,6984.0,2.0,13988.0,441
2023-05-09 21:12:05,PF2311,PF311,6996.0,1.0,6994.0,1.0,1,6994.0,6998.0,1,6992.0,7002.0,7002.0,6984.0,3.0,20982.0,442
2023-05-09 21:12:26,PF2311,PF311,6996.0,0.0,0.0,0.0,1,6996.0,7000.0,1,6992.0,7002.0,7002.0,6984.0,3.0,20982.0,442
2023-05-09 21:12:39,PF2311,PF311,6996.0,0.0,0.0,0.0,1,6996.0,7002.0,1,6992.0,7002.0,7002.0,6984.0,3.0,20982.0,442
2023-05-09 21:12:39,PF2311,PF311,6996.0,0.0,0.0,0.0,1,6996.0,7000.0,1,6992.0,7002.0,7002.0,6984.0,3.0,20982.0,442
2023-05-09 21:12:45,PF2311,PF311,6996.0,0.0,0.0,0.0,1,6996.0,7002.0,1,6992.0,7002.0,7002.0,6984.0,3.0,20982.0,442
2023-05-09 21:12:45,PF2311,PF311,6996.0,0.0,0.0,0.0,1,6996.0,7000.0,1,6992.0,7002.0,7002.0,6984.0,3.0,20982.0,442
2023-05-09 21:12:50,PF2311,PF311,6996.0,0.0,0.0,0.0,1,6996.0,7002.0,1,6992.0,7002.0,7002.0,6984.0,3.0,20982.0,442
2023-05-09 21:12:59,PF2311,PF311,6996.0,0.0,0.0,0.0,1,6996.0,7000.0,1,6992.0,7002.0,7002.0,6984.0,3.0,20982.0,442
2023-05-09 21:13:05,PF2311,PF311,6996.0,1.0,7002.0,1.0,1,6988.0,6998.0,1,6992.0,7002.0,7002.0,6984.0,4.0,27984.0,443
2023-05-09 21:13:05,PF2311,PF311,6996.0,0.0,0.0,0.0,1,6986.0,6998.0,1,6992.0,7002.0,7002.0,6984.0,4.0,27984.0,443
2023-05-09 21:13:07,PF2311,PF311,6996.0,0.0,0.0,0.0,1,6990.0,7000.0,2,6992.0,7002.0,7002.0,6984.0,4.0,27984.0,443
2023-05-09 21:13:07,PF2311,PF311,6996.0,0.0,0.0,0.0,1,6990.0,7000.0,1,6992.0,7002.0,7002.0,6984.0,4.0,27984.0,443
2023-05-09 21:13:10,PF2311,PF311,6996.0,0.0,0.0,0.0,1,6990.0,7002.0,1,6992.0,7002.0,7002.0,6984.0,4.0,27984.0,443
2023-05-09 21:13:14,PF2311,PF311,6996.0,0.0,0.0,0.0,1,6990.0,7004.0,1,6992.0,7002.0,7002.0,6984.0,4.0,27984.0,443
2023-05-09 21:13:16,PF2311,PF311,6996.0,0.0,0.0,0.0,1,6992.0,7004.0,1,6992.0,7002.0,7002.0,6984.0,4.0,27984.0,443
2023-05-09 21:13:16,PF2311,PF311,6996.0,0.0,0.0,0.0,1,6990.0,7004.0,1,6992.0,7002.0,7002.0,6984.0,4.0,27984.0,443
2023-05-09 21:13:22,PF2311,PF311,6996.0,0.0,0.0,0.0,1,6992.0,7004.0,1,6992.0,7002.0,7002.0,6984.0,4.0,27984.0,443
2023-05-09 21:13:24,PF2311,PF311,6996.0,0.0,0.0,0.0,1,6990.0,7004.0,1,6992.0,7002.0,7002.0,6984.0,4.0,27984.0,443
2023-05-09 21:13:24,PF2311,PF311,6996.0,0.0,0.0,0.0,1,6992.0,7004.0,1,6992.0,7002.0,7002.0,6984.0,4.0,27984.0,443
2023-05-09 21:13:25,PF2311,PF311,6996.0,0.0,0.0,0.0,1,6990.0,7004.0,1,6992.0,7002.0,7002.0,6984.0,4.0,27984.0,443
2023-05-09 21:13:27,PF2311,PF311,6996.0,0.0,0.0,0.0,1,6996.0,7006.0,1,6992.0,7002.0,7002.0,6984.0,4.0,27984.0,443
2023-05-09 21:13:35,PF2311,PF311,6996.0,0.0,0.0,0.0,1,6996.0,7008.0,1,6992.0,7002.0,7002.0,6984.0,4.0,27984.0,443
2023-05-09 21:13:35,PF2311,PF311,6996.0,0.0,0.0,0.0,1,6998.0,7008.0,1,6992.0,7002.0,7002.0,6984.0,4.0,27984.0,443
2023-05-09 21:13:39,PF2311,PF311,6996.0,0.0,0.0,0.0,1,6996.0,7008.0,1,6992.0,7002.0,7002.0,6984.0,4.0,27984.0,443
2023-05-09 21:13:39,PF2311,PF311,6996.0,0.0,0.0,0.0,1,6996.0,7006.0,1,6992.0,7002.0,7002.0,6984.0,4.0,27984.0,443
2023-05-09 21:13:54,PF2311,PF311,6996.0,0.0,0.0,0.0,1,6994.0,7004.0,1,6992.0,7002.0,7002.0,6984.0,4.0,27984.0,443
2023-05-09 21:14:01,PF2311,PF311,6996.0,0.0,0.0,0.0,1,6992.0,7002.0,1,6992.0,7002.0,7002.0,6984.0,4.0,27984.0,443
2023-05-09 21:14:03,PF2311,PF311,6996.0,0.0,0.0,0.0,1,6994.0,7004.0,1,6992.0,7002.0,7002.0,6984.0,4.0,27984.0,443
2023-05-09 21:14:16,PF2311,PF311,6996.0,0.0,0.0,0.0,1,6996.0,7004.0,1,6992.0,7002.0,7002.0,6984.0,4.0,27984.0,443
2023-05-09 21:14:23,PF2311,PF311,6996.0,0.0,0.0,0.0,2,6996.0,7006.0,1,6992.0,7002.0,7002.0,6984.0,4.0,27984.0,443
2023-05-09 21:14:25,PF2311,PF311,6996.0,0.0,0.0,0.0,1,6996.0,7006.0,1,6992.0,7002.0,7002.0,6984.0,4.0,27984.0,443
2023-05-09 21:14:30,PF2311,PF311,6996.0,0.0,0.0,0.0,2,6996.0,7006.0,1,6992.0,7002.0,7002.0,6984.0,4.0,27984.0,443
2023-05-09 21:14:37,PF2311,PF311,6996.0,0.0,0.0,0.0,2,6996.0,7008.0,1,6992.0,7002.0,7002.0,6984.0,4.0,27984.0,443
2023-05-09 21:14:49,PF2311,PF311,6996.0,0.0,0.0,0.0,1,6996.0,7004.0,1,6992.0,7002.0,7002.0,6984.0,4.0,27984.0,443
2023-05-09 21:14:50,PF2311,PF311,6996.0,0.0,0.0,0.0,1,6994.0,7004.0,1,6992.0,7002.0,7002.0,6984.0,4.0,27984.0,443
2023-05-09 21:14:51,PF2311,PF311,6996.0,0.0,0.0,0.0,1,6992.0,7004.0,1,6992.0,7002.0,7002.0,6984.0,4.0,27984.0,443
2023-05-09 21:14:54,PF2311,PF311,6996.0,0.0,0.0,0.0,1,6990.0,7000.0,1,6992.0,7002.0,7002.0,6984.0,4.0,27984.0,443
2023-05-09 21:14:56,PF2311,PF311,6996.0,0.0,0.0,0.0,1,6992.0,7002.0,1,6992.0,7002.0,7002.0,6984.0,4.0,27984.0,443
2023-05-09 21:14:57,PF2311,PF311,6996.0,0.0,0.0,0.0,1,6992.0,7004.0,1,6992.0,7002.0,7002.0,6984.0,4.0,27984.0,443
2023-05-09 21:14:57,PF2311,PF311,6996.0,0.0,0.0,0.0,1,6994.0,7004.0,1,6992.0,7002.0,7002.0,6984.0,4.0,27984.0,443
2023-05-09 21:15:01,PF2311,PF311,6996.0,0.0,0.0,0.0,1,6992.0,7004.0,1,6992.0,7002.0,7002.0,6984.0,4.0,27984.0,443
2023-05-09 21:15:05,PF2311,PF311,6996.0,0.0,0.0,0.0,1,6994.0,7004.0,1,6992.0,7002.0,7002.0,6984.0,4.0,27984.0,443
2023-05-09 21:15:05,PF2311,PF311,6996.0,0.0,0.0,0.0,1,6994.0,7006.0,1,6992.0,7002.0,7002.0,6984.0,4.0,27984.0,443
2023-05-09 21:15:10,PF2311,PF311,6996.0,0.0,0.0,0.0,1,6988.0,7000.0,1,6992.0,7002.0,7002.0,6984.0,4.0,27984.0,443
2023-05-09 21:15:19,PF2311,PF311,6996.0,0.0,0.0,0.0,1,6992.0,7002.0,1,6992.0,7002.0,7002.0,6984.0,4.0,27984.0,443
2023-05-09 21:15:25,PF2311,PF311,6996.0,0.0,0.0,0.0,1,6994.0,7004.0,1,6992.0,7002.0,7002.0,6984.0,4.0,27984.0,443
2023-05-09 21:15:27,PF2311,PF311,6996.0,0.0,0.0,0.0,1,6994.0,7006.0,1,6992.0,7002.0,7002.0,6984.0,4.0,27984.0,443
2023-05-09 21:15:27,PF2311,PF311,6996.0,0.0,0.0,0.0,1,6996.0,7006.0,1,6992.0,7002.0,7002.0,6984.0,4.0,27984.0,443
2023-05-09 21:15:28,PF2311,PF311,6996.0,0.0,0.0,0.0,1,6996.0,7008.0,1,6992.0,7002.0,7002.0,6984.0,4.0,27984.0,443
2023-05-09 21:15:38,PF2311,PF311,6996.0,0.0,0.0,0.0,1,6994.0,7004.0,1,6992.0,7002.0,7002.0,6984.0,4.0,27984.0,443
2023-05-09 21:15:53,PF2311,PF311,6996.0,0.0,0.0,0.0,1,6996.0,7006.0,1,6992.0,7002.0,7002.0,6984.0,4.0,27984.0,443
2023-05-09 21:15:54,PF2311,PF311,6996.0,0.0,0.0,0.0,1,6996.0,7008.0,1,6992.0,7002.0,7002.0,6984.0,4.0,27984.0,443
2023-05-09 21:16:20,PF2311,PF311,6996.0,0.0,0.0,0.0,1,6998.0,7008.0,1,6992.0,7002.0,7002.0,6984.0,4.0,27984.0,443
2023-05-09 21:17:14,PF2311,PF311,6996.0,0.0,0.0,0.0,2,6998.0,7010.0,1,6992.0,7002.0,7002.0,6984.0,4.0,27984.0,443
2023-05-09 21:17:22,PF2311,PF311,6996.0,0.0,0.0,0.0,3,6998.0,7010.0,1,6992.0,7002.0,7002.0,6984.0,4.0,27984.0,443
2023-05-09 21:17:28,PF2311,PF311,6996.0,0.0,0.0,0.0,2,6998.0,7010.0,1,6992.0,7002.0,7002.0,6984.0,4.0,27984.0,443
2023-05-09 21:17:32,PF2311,PF311,6996.0,0.0,0.0,0.0,3,6998.0,7010.0,1,6992.0,7002.0,7002.0,6984.0,4.0,27984.0,443
2023-05-09 21:17:32,PF2311,PF311,6996.0,0.0,0.0,0.0,2,6998.0,7010.0,1,6992.0,7002.0,7002.0,6984.0,4.0,27984.0,443
2023-05-09 21:17:45,PF2311,PF311,6996.0,0.0,0.0,0.0,2,6998.0,7008.0,1,6992.0,7002.0,7002.0,6984.0,4.0,27984.0,443
2023-05-09 21:17:48,PF2311,PF311,6996.0,0.0,0.0,0.0,2,6998.0,7010.0,1,6992.0,7002.0,7002.0,6984.0,4.0,27984.0,443
2023-05-09 21:18:08,PF2311,PF311,6996.0,0.0,0.0,0.0,2,6998.0,7008.0,1,6992.0,7002.0,7002.0,6984.0,4.0,27984.0,443
2023-05-09 21:18:44,PF2311,PF311,6996.0,0.0,0.0,0.0,1,6998.0,7006.0,1,6992.0,7002.0,7002.0,6984.0,4.0,27984.0,443
2023-05-09 21:19:01,PF2311,PF311,6996.0,0.0,0.0,0.0,1,6998.0,7004.0,1,6992.0,7002.0,7002.0,6984.0,4.0,27984.0,443
2023-05-09 21:19:08,PF2311,PF311,6996.0,0.0,0.0,0.0,1,6998.0,7002.0,1,6992.0,7002.0,7002.0,6984.0,4.0,27984.0,443
2023-05-09 21:19:31,PF2311,PF311,6996.0,0.0,0.0,0.0,1,6998.0,7000.0,1,6992.0,7002.0,7002.0,6984.0,4.0,27984.0,443
2023-05-09 21:19:32,PF2311,PF311,6996.0,0.0,0.0,0.0,1,6990.0,7000.0,1,6992.0,7002.0,7002.0,6984.0,4.0,27984.0,443
2023-05-09 21:19:41,PF2311,PF311,6996.0,0.0,0.0,0.0,1,6992.0,7002.0,2,6992.0,7002.0,7002.0,6984.0,4.0,27984.0,443
2023-05-09 21:19:42,PF2311,PF311,6996.0,0.0,0.0,0.0,1,6992.0,7002.0,1,6992.0,7002.0,7002.0,6984.0,4.0,27984.0,443
2023-05-09 21:19:46,PF2311,PF311,6996.0,0.0,0.0,0.0,1,6994.0,7002.0,1,6992.0,7002.0,7002.0,6984.0,4.0,27984.0,443
2023-05-09 21:20:08,PF2311,PF311,6996.0,0.0,0.0,0.0,2,6994.0,7004.0,1,6992.0,7002.0,7002.0,6984.0,4.0,27984.0,443
2023-05-09 21:20:13,PF2311,PF311,6996.0,0.0,0.0,0.0,2,6994.0,7006.0,1,6992.0,7002.0,7002.0,6984.0,4.0,27984.0,443
2023-05-09 21:20:53,PF2311,PF311,6996.0,0.0,0.0,0.0,1,6994.0,7002.0,1,6992.0,7002.0,7002.0,6984.0,4.0,27984.0,443
2023-05-09 21:20:54,PF2311,PF311,6996.0,0.0,0.0,0.0,1,6992.0,7002.0,1,6992.0,7002.0,7002.0,6984.0,4.0,27984.0,443
2023-05-09 21:21:04,PF2311,PF311,6996.0,0.0,0.0,0.0,1,6990.0,7002.0,1,6992.0,7002.0,7002.0,6984.0,4.0,27984.0,443
2023-05-09 21:21:06,PF2311,PF311,6996.0,0.0,0.0,0.0,1,6990.0,7000.0,1,6992.0,7002.0,7002.0,6984.0,4.0,27984.0,443
2023-05-09 21:21:09,PF2311,PF311,6996.0,0.0,0.0,0.0,1,6988.0,6998.0,1,6992.0,7002.0,7002.0,6984.0,4.0,27984.0,443
2023-05-09 21:21:23,PF2311,PF311,6996.0,0.0,0.0,0.0,1,6986.0,6998.0,1,6992.0,7002.0,7002.0,6984.0,4.0,27984.0,443
2023-05-09 21:21:25,PF2311,PF311,6996.0,0.0,0.0,0.0,1,6986.0,6996.0,1,6992.0,7002.0,7002.0,6984.0,4.0,27984.0,443
2023-05-09 21:21:26,PF2311,PF311,6996.0,0.0,0.0,0.0,2,6984.0,6998.0,1,6992.0,7002.0,7002.0,6984.0,4.0,27984.0,443
2023-05-09 21:21:28,PF2311,PF311,6996.0,0.0,0.0,0.0,2,6984.0,6996.0,1,6992.0,7002.0,7002.0,6984.0,4.0,27984.0,443
2023-05-09 21:21:29,PF2311,PF311,6996.0,0.0,0.0,0.0,2,6984.0,6998.0,1,6992.0,7002.0,7002.0,6984.0,4.0,27984.0,443
2023-05-09 21:21:31,PF2311,PF311,6996.0,0.0,0.0,0.0,2,6984.0,6996.0,1,6992.0,7002.0,7002.0,6984.0,4.0,27984.0,443
2023-05-09 21:21:39,PF2311,PF311,6996.0,0.0,0.0,0.0,2,6984.0,6998.0,1,6992.0,7002.0,7002.0,6984.0,4.0,27984.0,443
2023-05-09 21:21:50,PF2311,PF311,6996.0,0.0,0.0,0.0,2,6984.0,6996.0,1,6992.0,7002.0,7002.0,6984.0,4.0,27984.0,443
2023-05-09 21:21:52,PF2311,PF311,6996.0,0.0,0.0,0.0,1,6986.0,6996.0,1,6992.0,7002.0,7002.0,6984.0,4.0,27984.0,443
2023-05-09 21:22:00,PF2311,PF311,6996.0,0.0,0.0,0.0,1,6984.0,6996.0,1,6992.0,7002.0,7002.0,6984.0,4.0,27984.0,443
2023-05-09 21:22:00,PF2311,PF311,6996.0,0.0,0.0,0.0,1,6984.0,6994.0,1,6992.0,7002.0,7002.0,6984.0,4.0,27984.0,443
2023-05-09 21:22:09,PF2311,PF311,6996.0,0.0,0.0,0.0,1,6984.0,6990.0,1,6992.0,7002.0,7002.0,6984.0,4.0,27984.0,443
2023-05-09 21:22:12,PF2311,PF311,6996.0,0.0,0.0,0.0,1,6984.0,6988.0,1,6992.0,7002.0,7002.0,6984.0,4.0,27984.0,443
2023-05-09 21:22:14,PF2311,PF311,6996.0,0.0,0.0,0.0,1,6984.0,6990.0,1,6992.0,7002.0,7002.0,6984.0,4.0,27984.0,443
2023-05-09 21:22:16,PF2311,PF311,6996.0,0.0,0.0,0.0,1,6984.0,6988.0,1,6992.0,7002.0,7002.0,6984.0,4.0,27984.0,443
2023-05-09 21:22:17,PF2311,PF311,6996.0,0.0,0.0,0.0,1,6984.0,6990.0,1,6992.0,7002.0,7002.0,6984.0,4.0,27984.0,443
2023-05-09 21:22:35,PF2311,PF311,6996.0,0.0,0.0,0.0,1,6986.0,6990.0,1,6992.0,7002.0,7002.0,6984.0,4.0,27984.0,443
2023-05-09 21:22:36,PF2311,PF311,6996.0,0.0,0.0,0.0,1,6986.0,6992.0,1,6992.0,7002.0,7002.0,6984.0,4.0,27984.0,443
2023-05-09 21:22:36,PF2311,PF311,6996.0,0.0,0.0,0.0,1,6986.0,6994.0,1,6992.0,7002.0,7002.0,6984.0,4.0,27984.0,443
2023-05-09 21:22:41,PF2311,PF311,6996.0,0.0,0.0,0.0,1,6986.0,6992.0,1,6992.0,7002.0,7002.0,6984.0,4.0,27984.0,443
2023-05-09 21:22:44,PF2311,PF311,6996.0,0.0,0.0,0.0,1,6986.0,6994.0,1,6992.0,7002.0,7002.0,6984.0,4.0,27984.0,443
2023-05-09 21:22:51,PF2311,PF311,6996.0,0.0,0.0,0.0,1,6986.0,6992.0,1,6992.0,7002.0,7002.0,6984.0,4.0,27984.0,443
2023-05-09 21:22:55,PF2311,PF311,6996.0,0.0,0.0,0.0,1,6986.0,6994.0,1,6992.0,7002.0,7002.0,6984.0,4.0,27984.0,443
2023-05-09 21:22:56,PF2311,PF311,6996.0,0.0,0.0,0.0,1,6986.0,6994.0,7,6992.0,7002.0,7002.0,6984.0,4.0,27984.0,443
2023-05-09 21:22:56,PF2311,PF311,6996.0,0.0,0.0,0.0,1,6986.0,6990.0,1,6992.0,7002.0,7002.0,6984.0,4.0,27984.0,443
2023-05-09 21:22:58,PF2311,PF311,6996.0,0.0,0.0,0.0,1,6984.0,6990.0,1,6992.0,7002.0,7002.0,6984.0,4.0,27984.0,443
2023-05-09 21:22:59,PF2311,PF311,6996.0,0.0,0.0,0.0,1,6984.0,6988.0,1,6992.0,7002.0,7002.0,6984.0,4.0,27984.0,443
2023-05-09 21:23:05,PF2311,PF311,6996.0,0.0,0.0,0.0,1,6984.0,6986.0,1,6992.0,7002.0,7002.0,6984.0,4.0,27984.0,443
2023-05-09 21:23:06,PF2311,PF311,6996.0,0.0,0.0,0.0,1,6984.0,6988.0,1,6992.0,7002.0,7002.0,6984.0,4.0,27984.0,443
2023-05-09 21:23:25,PF2311,PF311,6996.0,0.0,0.0,0.0,1,6984.0,6986.0,1,6992.0,7002.0,7002.0,6984.0,4.0,27984.0,443
2023-05-09 21:23:30,PF2311,PF311,6996.0,0.0,0.0,0.0,1,6984.0,6988.0,2,6992.0,7002.0,7002.0,6984.0,4.0,27984.0,443
2023-05-09 21:23:30,PF2311,PF311,6996.0,0.0,0.0,0.0,1,6984.0,6988.0,1,6992.0,7002.0,7002.0,6984.0,4.0,27984.0,443
2023-05-09 21:24:04,PF2311,PF311,6984.0,1.0,6976.0,1.0,1,6978.0,6988.0,1,6992.0,7002.0,7002.0,6984.0,5.0,34960.0,444
2023-05-09 21:24:04,PF2311,PF311,6984.0,0.0,0.0,0.0,2,6978.0,6988.0,1,6992.0,7002.0,7002.0,6984.0,5.0,34960.0,444
2023-05-09 21:24:05,PF2311,PF311,6984.0,0.0,0.0,0.0,2,6978.0,6990.0,3,6992.0,7002.0,7002.0,6984.0,5.0,34960.0,444
2023-05-09 21:24:05,PF2311,PF311,6984.0,0.0,0.0,0.0,1,6978.0,6990.0,3,6992.0,7002.0,7002.0,6984.0,5.0,34960.0,444
2023-05-09 21:24:11,PF2311,PF311,6984.0,0.0,0.0,0.0,1,6976.0,6990.0,3,6992.0,7002.0,7002.0,6984.0,5.0,34960.0,444
2023-05-09 21:24:11,PF2311,PF311,6984.0,0.0,0.0,0.0,1,6976.0,6988.0,1,6992.0,7002.0,7002.0,6984.0,5.0,34960.0,444
2023-05-09 21:24:14,PF2311,PF311,6984.0,0.0,0.0,0.0,1,6978.0,6990.0,11,6992.0,7002.0,7002.0,6984.0,5.0,34960.0,444
2023-05-09 21:24:14,PF2311,PF311,6984.0,0.0,0.0,0.0,1,6978.0,6990.0,4,6992.0,7002.0,7002.0,6984.0,5.0,34960.0,444
2023-05-09 21:24:28,PF2311,PF311,6984.0,0.0,0.0,0.0,1,6980.0,6990.0,1,6992.0,7002.0,7002.0,6984.0,5.0,34960.0,444
2023-05-09 21:24:28,PF2311,PF311,6984.0,0.0,0.0,0.0,1,6980.0,6992.0,10,6992.0,7002.0,7002.0,6984.0,5.0,34960.0,444
2023-05-09 21:24:29,PF2311,PF311,6984.0,0.0,0.0,0.0,1,6980.0,6992.0,2,6992.0,7002.0,7002.0,6984.0,5.0,34960.0,444
2023-05-09 21:24:32,PF2311,PF311,6984.0,0.0,0.0,0.0,1,6978.0,6992.0,2,6992.0,7002.0,7002.0,6984.0,5.0,34960.0,444
2023-05-09 21:24:32,PF2311,PF311,6984.0,0.0,0.0,0.0,1,6978.0,6992.0,10,6992.0,7002.0,7002.0,6984.0,5.0,34960.0,444
2023-05-09 21:24:33,PF2311,PF311,6984.0,0.0,0.0,0.0,1,6978.0,6992.0,2,6992.0,7002.0,7002.0,6984.0,5.0,34960.0,444
2023-05-09 21:24:41,PF2311,PF311,6984.0,0.0,0.0,0.0,2,6980.0,6992.0,2,6992.0,7002.0,7002.0,6984.0,5.0,34960.0,444
2023-05-09 21:24:41,PF2311,PF311,6984.0,0.0,0.0,0.0,3,6980.0,6992.0,2,6992.0,7002.0,7002.0,6984.0,5.0,34960.0,444
2023-05-09 21:24:43,PF2311,PF311,6984.0,0.0,0.0,0.0,1,6980.0,6992.0,2,6992.0,7002.0,7002.0,6984.0,5.0,34960.0,444
2023-05-09 21:24:56,PF2311,PF311,6984.0,0.0,0.0,0.0,1,6980.0,6992.0,10,6992.0,7002.0,7002.0,6984.0,5.0,34960.0,444
2023-05-09 21:24:56,PF2311,PF311,6984.0,0.0,0.0,0.0,1,6980.0,6990.0,2,6992.0,7002.0,7002.0,6984.0,5.0,34960.0,444
2023-05-09 21:24:58,PF2311,PF311,6984.0,0.0,0.0,0.0,1,6978.0,6990.0,2,6992.0,7002.0,7002.0,6984.0,5.0,34960.0,444
2023-05-09 21:24:59,PF2311,PF311,6984.0,0.0,0.0,0.0,1,6978.0,6990.0,1,6992.0,7002.0,7002.0,6984.0,5.0,34960.0,444
2023-05-09 21:25:01,PF2311,PF311,6984.0,0.0,0.0,0.0,1,6978.0,6992.0,11,6992.0,7002.0,7002.0,6984.0,5.0,34960.0,444
2023-05-09 21:25:07,PF2311,PF311,6984.0,0.0,0.0,0.0,2,6978.0,6992.0,11,6992.0,7002.0,7002.0,6984.0,5.0,34960.0,444
2023-05-09 21:25:20,PF2311,PF311,6984.0,0.0,0.0,0.0,1,6978.0,6990.0,1,6992.0,7002.0,7002.0,6984.0,5.0,34960.0,444
2023-05-09 21:25:20,PF2311,PF311,6984.0,0.0,0.0,0.0,1,6978.0,6990.0,3,6992.0,7002.0,7002.0,6984.0,5.0,34960.0,444
2023-05-09 21:25:20,PF2311,PF311,6984.0,0.0,0.0,0.0,2,6978.0,6990.0,3,6992.0,7002.0,7002.0,6984.0,5.0,34960.0,444
2023-05-09 21:25:21,PF2311,PF311,6984.0,0.0,0.0,0.0,1,6978.0,6990.0,3,6992.0,7002.0,7002.0,6984.0,5.0,34960.0,444
2023-05-09 21:25:45,PF2311,PF311,6984.0,0.0,0.0,0.0,1,6978.0,6990.0,10,6992.0,7002.0,7002.0,6984.0,5.0,34960.0,444
2023-05-09 21:25:56,PF2311,PF311,6984.0,0.0,0.0,0.0,1,6978.0,6990.0,3,6992.0,7002.0,7002.0,6984.0,5.0,34960.0,444
2023-05-09 21:26:03,PF2311,PF311,6984.0,0.0,0.0,0.0,1,6980.0,6990.0,3,6992.0,7002.0,7002.0,6984.0,5.0,34960.0,444
2023-05-09 21:26:11,PF2311,PF311,6984.0,0.0,0.0,0.0,1,6980.0,6990.0,10,6992.0,7002.0,7002.0,6984.0,5.0,34960.0,444
2023-05-09 21:26:14,PF2311,PF311,6984.0,0.0,0.0,0.0,1,6980.0,6990.0,3,6992.0,7002.0,7002.0,6984.0,5.0,34960.0,444
2023-05-09 21:26:17,PF2311,PF311,6984.0,0.0,0.0,0.0,1,6980.0,6990.0,10,6992.0,7002.0,7002.0,6984.0,5.0,34960.0,444
2023-05-09 21:26:23,PF2311,PF311,6984.0,0.0,0.0,0.0,1,6980.0,6990.0,3,6992.0,7002.0,7002.0,6984.0,5.0,34960.0,444
2023-05-09 21:26:29,PF2311,PF311,6984.0,0.0,0.0,0.0,1,6980.0,6990.0,10,6992.0,7002.0,7002.0,6984.0,5.0,34960.0,444
2023-05-09 21:26:32,PF2311,PF311,6984.0,0.0,0.0,0.0,1,6980.0,6986.0,10,6992.0,7002.0,7002.0,6984.0,5.0,34960.0,444
2023-05-09 21:26:33,PF2311,PF311,6984.0,0.0,0.0,0.0,1,6978.0,6986.0,10,6992.0,7002.0,7002.0,6984.0,5.0,34960.0,444
2023-05-09 21:26:34,PF2311,PF311,6984.0,0.0,0.0,0.0,1,6972.0,6986.0,10,6992.0,7002.0,7002.0,6984.0,5.0,34960.0,444
2023-05-09 21:26:36,PF2311,PF311,6984.0,0.0,0.0,0.0,1,6970.0,6982.0,1,6992.0,7002.0,7002.0,6984.0,5.0,34960.0,444
2023-05-09 21:26:37,PF2311,PF311,6984.0,0.0,0.0,0.0,1,6970.0,6984.0,10,6992.0,7002.0,7002.0,6984.0,5.0,34960.0,444
2023-05-09 21:26:39,PF2311,PF311,6984.0,0.0,0.0,0.0,1,6970.0,6982.0,10,6992.0,7002.0,7002.0,6984.0,5.0,34960.0,444
2023-05-09 21:26:45,PF2311,PF311,6984.0,0.0,0.0,0.0,1,6972.0,6982.0,10,6992.0,7002.0,7002.0,6984.0,5.0,34960.0,444
2023-05-09 21:26:46,PF2311,PF311,6984.0,0.0,0.0,0.0,1,6970.0,6982.0,10,6992.0,7002.0,7002.0,6984.0,5.0,34960.0,444
2023-05-09 21:26:48,PF2311,PF311,6984.0,0.0,0.0,0.0,1,6970.0,6982.0,1,6992.0,7002.0,7002.0,6984.0,5.0,34960.0,444
2023-05-09 21:26:48,PF2311,PF311,6984.0,0.0,0.0,0.0,1,6970.0,6984.0,11,6992.0,7002.0,7002.0,6984.0,5.0,34960.0,444
2023-05-09 21:26:57,PF2311,PF311,6984.0,0.0,0.0,0.0,2,6970.0,6984.0,2,6992.0,7002.0,7002.0,6984.0,5.0,34960.0,444
2023-05-09 21:26:57,PF2311,PF311,6984.0,0.0,0.0,0.0,2,6970.0,6984.0,1,6992.0,7002.0,7002.0,6984.0,5.0,34960.0,444
2023-05-09 21:26:57,PF2311,PF311,6984.0,0.0,0.0,0.0,2,6970.0,6986.0,10,6992.0,7002.0,7002.0,6984.0,5.0,34960.0,444
2023-05-09 21:27:01,PF2311,PF311,6984.0,0.0,0.0,0.0,3,6970.0,6986.0,10,6992.0,7002.0,7002.0,6984.0,5.0,34960.0,444
2023-05-09 21:27:04,PF2311,PF311,6984.0,0.0,0.0,0.0,4,6970.0,6986.0,11,6992.0,7002.0,7002.0,6984.0,5.0,34960.0,444
2023-05-09 21:27:06,PF2311,PF311,6984.0,0.0,0.0,0.0,4,6970.0,6986.0,10,6992.0,7002.0,7002.0,6984.0,5.0,34960.0,444
2023-05-09 21:27:06,PF2311,PF311,6984.0,0.0,0.0,0.0,3,6970.0,6986.0,10,6992.0,7002.0,7002.0,6984.0,5.0,34960.0,444
2023-05-09 21:27:12,PF2311,PF311,6984.0,0.0,0.0,0.0,1,6972.0,6986.0,10,6992.0,7002.0,7002.0,6984.0,5.0,34960.0,444
2023-05-09 21:27:17,PF2311,PF311,6984.0,0.0,0.0,0.0,1,6970.0,6986.0,10,6992.0,7002.0,7002.0,6984.0,5.0,34960.0,444
2023-05-09 21:27:18,PF2311,PF311,6984.0,0.0,0.0,0.0,1,6972.0,6986.0,10,6992.0,7002.0,7002.0,6984.0,5.0,34960.0,444
2023-05-09 21:27:19,PF2311,PF311,6984.0,0.0,0.0,0.0,2,6972.0,6986.0,10,6992.0,7002.0,7002.0,6984.0,5.0,34960.0,444
2023-05-09 21:27:19,PF2311,PF311,6984.0,0.0,0.0,0.0,3,6972.0,6986.0,10,6992.0,7002.0,7002.0,6984.0,5.0,34960.0,444
2023-05-09 21:27:23,PF2311,PF311,6984.0,0.0,0.0,0.0,3,6972.0,6984.0,5,6992.0,7002.0,7002.0,6984.0,5.0,34960.0,444
2023-05-09 21:27:26,PF2311,PF311,6984.0,0.0,0.0,0.0,1,6974.0,6984.0,5,6992.0,7002.0,7002.0,6984.0,5.0,34960.0,444
2023-05-09 21:27:51,PF2311,PF311,6984.0,0.0,0.0,0.0,1,6974.0,6982.0,1,6992.0,7002.0,7002.0,6984.0,5.0,34960.0,444
2023-05-09 21:27:53,PF2311,PF311,6984.0,0.0,0.0,0.0,1,6974.0,6982.0,5,6992.0,7002.0,7002.0,6984.0,5.0,34960.0,444
2023-05-09 21:27:54,PF2311,PF311,6984.0,0.0,0.0,0.0,1,6974.0,6982.0,2,6992.0,7002.0,7002.0,6984.0,5.0,34960.0,444
2023-05-09 21:27:54,PF2311,PF311,6984.0,0.0,0.0,0.0,1,6974.0,6982.0,5,6992.0,7002.0,7002.0,6984.0,5.0,34960.0,444
2023-05-09 21:27:55,PF2311,PF311,6984.0,0.0,0.0,0.0,1,6974.0,6980.0,1,6992.0,7002.0,7002.0,6984.0,5.0,34960.0,444
2023-05-09 21:27:55,PF2311,PF311,6984.0,0.0,0.0,0.0,1,6974.0,6982.0,5,6992.0,7002.0,7002.0,6984.0,5.0,34960.0,444
2023-05-09 21:27:58,PF2311,PF311,6984.0,0.0,0.0,0.0,1,6974.0,6982.0,1,6992.0,7002.0,7002.0,6984.0,5.0,34960.0,444
2023-05-09 21:27:58,PF2311,PF311,6984.0,0.0,0.0,0.0,1,6974.0,6984.0,5,6992.0,7002.0,7002.0,6984.0,5.0,34960.0,444
2023-05-09 21:28:35,PF2311,PF311,6984.0,0.0,0.0,0.0,2,6974.0,6984.0,5,6992.0,7002.0,7002.0,6984.0,5.0,34960.0,444
2023-05-09 21:28:36,PF2311,PF311,6984.0,0.0,0.0,0.0,3,6974.0,6984.0,5,6992.0,7002.0,7002.0,6984.0,5.0,34960.0,444
2023-05-09 21:28:40,PF2311,PF311,6984.0,0.0,0.0,0.0,2,6974.0,6984.0,5,6992.0,7002.0,7002.0,6984.0,5.0,34960.0,444
2023-05-09 21:29:06,PF2311,PF311,6984.0,0.0,0.0,0.0,1,6974.0,6984.0,5,6992.0,7002.0,7002.0,6984.0,5.0,34960.0,444
2023-05-09 21:29:21,PF2311,PF311,6984.0,0.0,0.0,0.0,2,6974.0,6984.0,5,6992.0,7002.0,7002.0,6984.0,5.0,34960.0,444
2023-05-09 21:29:40,PF2311,PF311,6984.0,0.0,0.0,0.0,1,6974.0,6984.0,5,6992.0,7002.0,7002.0,6984.0,5.0,34960.0,444
2023-05-09 21:30:01,PF2311,PF311,6984.0,0.0,0.0,0.0,1,6974.0,6980.0,5,6992.0,7002.0,7002.0,6984.0,5.0,34960.0,444
2023-05-09 21:30:02,PF2311,PF311,6984.0,0.0,0.0,0.0,1,6968.0,6980.0,5,6992.0,7002.0,7002.0,6984.0,5.0,34960.0,444
2023-05-09 21:30:02,PF2311,PF311,6984.0,0.0,0.0,0.0,3,6968.0,6980.0,5,6992.0,7002.0,7002.0,6984.0,5.0,34960.0,444
2023-05-09 21:30:04,PF2311,PF311,6984.0,0.0,0.0,0.0,2,6968.0,6980.0,5,6992.0,7002.0,7002.0,6984.0,5.0,34960.0,444
2023-05-09 21:30:04,PF2311,PF311,6984.0,0.0,0.0,0.0,3,6968.0,6980.0,5,6992.0,7002.0,7002.0,6984.0,5.0,34960.0,444
2023-05-09 21:30:05,PF2311,PF311,6984.0,0.0,0.0,0.0,2,6968.0,6980.0,5,6992.0,7002.0,7002.0,6984.0,5.0,34960.0,444
2023-05-09 21:30:08,PF2311,PF311,6984.0,0.0,0.0,0.0,3,6968.0,6980.0,5,6992.0,7002.0,7002.0,6984.0,5.0,34960.0,444
2023-05-09 21:30:09,PF2311,PF311,6984.0,0.0,0.0,0.0,2,6968.0,6980.0,5,6992.0,7002.0,7002.0,6984.0,5.0,34960.0,444
2023-05-09 21:30:13,PF2311,PF311,6984.0,0.0,0.0,0.0,3,6968.0,6980.0,5,6992.0,7002.0,7002.0,6984.0,5.0,34960.0,444
2023-05-09 21:30:14,PF2311,PF311,6984.0,0.0,0.0,0.0,1,6970.0,6980.0,5,6992.0,7002.0,7002.0,6984.0,5.0,34960.0,444
2023-05-09 21:30:14,PF2311,PF311,6984.0,0.0,0.0,0.0,2,6970.0,6980.0,5,6992.0,7002.0,7002.0,6984.0,5.0,34960.0,444
2023-05-09 21:30:25,PF2311,PF311,6984.0,0.0,0.0,0.0,1,6970.0,6980.0,5,6992.0,7002.0,7002.0,6984.0,5.0,34960.0,444
2023-05-09 21:30:29,PF2311,PF311,6984.0,0.0,0.0,0.0,1,6970.0,6976.0,5,6992.0,7002.0,7002.0,6984.0,5.0,34960.0,444
2023-05-09 21:30:31,PF2311,PF311,6984.0,0.0,0.0,0.0,1,6970.0,6978.0,5,6992.0,7002.0,7002.0,6984.0,5.0,34960.0,444
2023-05-09 21:30:40,PF2311,PF311,6984.0,0.0,0.0,0.0,1,6970.0,6976.0,1,6992.0,7002.0,7002.0,6984.0,5.0,34960.0,444
2023-05-09 21:30:40,PF2311,PF311,6984.0,0.0,0.0,0.0,1,6970.0,6978.0,5,6992.0,7002.0,7002.0,6984.0,5.0,34960.0,444
2023-05-09 21:30:50,PF2311,PF311,6984.0,0.0,0.0,0.0,1,6970.0,6976.0,5,6992.0,7002.0,7002.0,6984.0,5.0,34960.0,444
2023-05-09 21:31:00,PF2311,PF311,6984.0,0.0,0.0,0.0,1,6970.0,6974.0,1,6992.0,7002.0,7002.0,6984.0,5.0,34960.0,444
2023-05-09 21:31:01,PF2311,PF311,6984.0,0.0,0.0,0.0,1,6962.0,6974.0,1,6992.0,7002.0,7002.0,6984.0,5.0,34960.0,444
2023-05-09 21:31:02,PF2311,PF311,6984.0,0.0,0.0,0.0,1,6964.0,6974.0,5,6992.0,7002.0,7002.0,6984.0,5.0,34960.0,444
2023-05-09 21:31:05,PF2311,PF311,6984.0,0.0,0.0,0.0,2,6964.0,6974.0,5,6992.0,7002.0,7002.0,6984.0,5.0,34960.0,444
2023-05-09 21:31:06,PF2311,PF311,6984.0,0.0,0.0,0.0,1,6964.0,6974.0,5,6992.0,7002.0,7002.0,6984.0,5.0,34960.0,444
2023-05-09 21:31:07,PF2311,PF311,6984.0,0.0,0.0,0.0,2,6964.0,6974.0,5,6992.0,7002.0,7002.0,6984.0,5.0,34960.0,444
2023-05-09 21:31:08,PF2311,PF311,6984.0,0.0,0.0,0.0,3,6964.0,6974.0,5,6992.0,7002.0,7002.0,6984.0,5.0,34960.0,444
2023-05-09 21:31:08,PF2311,PF311,6984.0,0.0,0.0,0.0,3,6964.0,6976.0,5,6992.0,7002.0,7002.0,6984.0,5.0,34960.0,444
2023-05-09 21:31:08,PF2311,PF311,6984.0,0.0,0.0,0.0,3,6964.0,6974.0,1,6992.0,7002.0,7002.0,6984.0,5.0,34960.0,444
2023-05-09 21:31:09,PF2311,PF311,6984.0,0.0,0.0,0.0,1,6966.0,6976.0,5,6992.0,7002.0,7002.0,6984.0,5.0,34960.0,444
2023-05-09 21:31:10,PF2311,PF311,6984.0,0.0,0.0,0.0,1,6966.0,6976.0,1,6992.0,7002.0,7002.0,6984.0,5.0,34960.0,444
2023-05-09 21:31:10,PF2311,PF311,6984.0,0.0,0.0,0.0,2,6966.0,6978.0,5,6992.0,7002.0,7002.0,6984.0,5.0,34960.0,444
2023-05-09 21:31:11,PF2311,PF311,6984.0,0.0,0.0,0.0,4,6966.0,6978.0,5,6992.0,7002.0,7002.0,6984.0,5.0,34960.0,444
2023-05-09 21:31:11,PF2311,PF311,6984.0,0.0,0.0,0.0,3,6966.0,6978.0,5,6992.0,7002.0,7002.0,6984.0,5.0,34960.0,444
2023-05-09 21:31:15,PF2311,PF311,6984.0,0.0,0.0,0.0,2,6966.0,6978.0,5,6992.0,7002.0,7002.0,6984.0,5.0,34960.0,444
2023-05-09 21:31:17,PF2311,PF311,6984.0,0.0,0.0,0.0,3,6966.0,6978.0,5,6992.0,7002.0,7002.0,6984.0,5.0,34960.0,444
2023-05-09 21:31:18,PF2311,PF311,6984.0,0.0,0.0,0.0,2,6966.0,6978.0,5,6992.0,7002.0,7002.0,6984.0,5.0,34960.0,444
2023-05-09 21:31:26,PF2311,PF311,6984.0,0.0,0.0,0.0,1,6966.0,6978.0,5,6992.0,7002.0,7002.0,6984.0,5.0,34960.0,444
2023-05-09 21:31:26,PF2311,PF311,6984.0,0.0,0.0,0.0,2,6966.0,6978.0,5,6992.0,7002.0,7002.0,6984.0,5.0,34960.0,444
2023-05-09 21:31:39,PF2311,PF311,6984.0,0.0,0.0,0.0,1,6968.0,6978.0,5,6992.0,7002.0,7002.0,6984.0,5.0,34960.0,444
2023-05-09 21:31:45,PF2311,PF311,6984.0,0.0,0.0,0.0,1,6968.0,6974.0,1,6992.0,7002.0,7002.0,6984.0,5.0,34960.0,444
2023-05-09 21:31:47,PF2311,PF311,6984.0,0.0,0.0,0.0,1,6964.0,6974.0,1,6992.0,7002.0,7002.0,6984.0,5.0,34960.0,444
2023-05-09 21:31:47,PF2311,PF311,6984.0,0.0,0.0,0.0,3,6964.0,6974.0,1,6992.0,7002.0,7002.0,6984.0,5.0,34960.0,444
2023-05-09 21:31:49,PF2311,PF311,6984.0,0.0,0.0,0.0,1,6966.0,6976.0,5,6992.0,7002.0,7002.0,6984.0,5.0,34960.0,444
2023-05-09 21:31:51,PF2311,PF311,6984.0,0.0,0.0,0.0,1,6964.0,6974.0,1,6992.0,7002.0,7002.0,6984.0,5.0,34960.0,444
2023-05-09 21:31:51,PF2311,PF311,6984.0,0.0,0.0,0.0,2,6964.0,6974.0,1,6992.0,7002.0,7002.0,6984.0,5.0,34960.0,444
2023-05-09 21:31:55,PF2311,PF311,6984.0,0.0,0.0,0.0,1,6964.0,6974.0,1,6992.0,7002.0,7002.0,6984.0,5.0,34960.0,444
2023-05-09 21:31:55,PF2311,PF311,6984.0,0.0,0.0,0.0,2,6964.0,6974.0,1,6992.0,7002.0,7002.0,6984.0,5.0,34960.0,444
2023-05-09 21:32:00,PF2311,PF311,6984.0,0.0,0.0,0.0,1,6966.0,6976.0,5,6992.0,7002.0,7002.0,6984.0,5.0,34960.0,444
2023-05-09 21:32:00,PF2311,PF311,6984.0,0.0,0.0,0.0,1,6966.0,6976.0,1,6992.0,7002.0,7002.0,6984.0,5.0,34960.0,444
2023-05-09 21:32:00,PF2311,PF311,6984.0,0.0,0.0,0.0,2,6966.0,6978.0,5,6992.0,7002.0,7002.0,6984.0,5.0,34960.0,444
2023-05-09 21:32:01,PF2311,PF311,6984.0,0.0,0.0,0.0,3,6966.0,6978.0,5,6992.0,7002.0,7002.0,6984.0,5.0,34960.0,444
2023-05-09 21:32:03,PF2311,PF311,6984.0,0.0,0.0,0.0,2,6966.0,6978.0,5,6992.0,7002.0,7002.0,6984.0,5.0,34960.0,444
2023-05-09 21:32:06,PF2311,PF311,6984.0,0.0,0.0,0.0,2,6966.0,6976.0,1,6992.0,7002.0,7002.0,6984.0,5.0,34960.0,444
2023-05-09 21:32:07,PF2311,PF311,6984.0,0.0,0.0,0.0,1,6966.0,6976.0,1,6992.0,7002.0,7002.0,6984.0,5.0,34960.0,444
2023-05-09 21:32:09,PF2311,PF311,6984.0,0.0,0.0,0.0,2,6966.0,6976.0,1,6992.0,7002.0,7002.0,6984.0,5.0,34960.0,444
2023-05-09 21:32:09,PF2311,PF311,6984.0,0.0,0.0,0.0,1,6966.0,6976.0,1,6992.0,7002.0,7002.0,6984.0,5.0,34960.0,444
2023-05-09 21:32:10,PF2311,PF311,6984.0,0.0,0.0,0.0,1,6966.0,6976.0,5,6992.0,7002.0,7002.0,6984.0,5.0,34960.0,444
2023-05-09 21:32:12,PF2311,PF311,6984.0,0.0,0.0,0.0,1,6964.0,6976.0,5,6992.0,7002.0,7002.0,6984.0,5.0,34960.0,444
2023-05-09 21:32:13,PF2311,PF311,6984.0,0.0,0.0,0.0,2,6960.0,6970.0,5,6992.0,7002.0,7002.0,6984.0,5.0,34960.0,444
2023-05-09 21:32:13,PF2311,PF311,6984.0,0.0,0.0,0.0,3,6960.0,6970.0,5,6992.0,7002.0,7002.0,6984.0,5.0,34960.0,444
2023-05-09 21:32:14,PF2311,PF311,6984.0,0.0,0.0,0.0,3,6960.0,6972.0,5,6992.0,7002.0,7002.0,6984.0,5.0,34960.0,444
2023-05-09 21:32:17,PF2311,PF311,6984.0,0.0,0.0,0.0,3,6960.0,6970.0,5,6992.0,7002.0,7002.0,6984.0,5.0,34960.0,444
2023-05-09 21:32:18,PF2311,PF311,6984.0,0.0,0.0,0.0,3,6960.0,6972.0,5,6992.0,7002.0,7002.0,6984.0,5.0,34960.0,444
2023-05-09 21:32:19,PF2311,PF311,6984.0,0.0,0.0,0.0,3,6960.0,6970.0,5,6992.0,7002.0,7002.0,6984.0,5.0,34960.0,444
2023-05-09 21:32:21,PF2311,PF311,6984.0,0.0,0.0,0.0,2,6960.0,6972.0,5,6992.0,7002.0,7002.0,6984.0,5.0,34960.0,444
2023-05-09 21:32:22,PF2311,PF311,6984.0,0.0,0.0,0.0,1,6962.0,6972.0,5,6992.0,7002.0,7002.0,6984.0,5.0,34960.0,444
2023-05-09 21:32:27,PF2311,PF311,6984.0,0.0,0.0,0.0,1,6962.0,6970.0,5,6992.0,7002.0,7002.0,6984.0,5.0,34960.0,444
2023-05-09 21:32:29,PF2311,PF311,6984.0,0.0,0.0,0.0,1,6962.0,6972.0,5,6992.0,7002.0,7002.0,6984.0,5.0,34960.0,444
2023-05-09 21:32:36,PF2311,PF311,6984.0,0.0,0.0,0.0,1,6962.0,6970.0,1,6992.0,7002.0,7002.0,6984.0,5.0,34960.0,444
2023-05-09 21:32:36,PF2311,PF311,6984.0,0.0,0.0,0.0,1,6962.0,6970.0,5,6992.0,7002.0,7002.0,6984.0,5.0,34960.0,444
2023-05-09 21:32:38,PF2311,PF311,6984.0,0.0,0.0,0.0,1,6962.0,6970.0,1,6992.0,7002.0,7002.0,6984.0,5.0,34960.0,444
2023-05-09 21:32:39,PF2311,PF311,6984.0,0.0,0.0,0.0,1,6962.0,6970.0,5,6992.0,7002.0,7002.0,6984.0,5.0,34960.0,444
2023-05-09 21:32:40,PF2311,PF311,6984.0,0.0,0.0,0.0,1,6962.0,6970.0,1,6992.0,7002.0,7002.0,6984.0,5.0,34960.0,444
2023-05-09 21:32:42,PF2311,PF311,6984.0,0.0,0.0,0.0,1,6962.0,6970.0,5,6992.0,7002.0,7002.0,6984.0,5.0,34960.0,444
2023-05-09 21:32:44,PF2311,PF311,6984.0,0.0,0.0,0.0,1,6962.0,6970.0,1,6992.0,7002.0,7002.0,6984.0,5.0,34960.0,444
2023-05-09 21:32:47,PF2311,PF311,6984.0,0.0,0.0,0.0,1,6962.0,6970.0,5,6992.0,7002.0,7002.0,6984.0,5.0,34960.0,444
2023-05-09 21:32:49,PF2311,PF311,6984.0,0.0,0.0,0.0,1,6962.0,6972.0,5,6992.0,7002.0,7002.0,6984.0,5.0,34960.0,444
2023-05-09 21:32:58,PF2311,PF311,6984.0,0.0,0.0,0.0,2,6962.0,6972.0,5,6992.0,7002.0,7002.0,6984.0,5.0,34960.0,444
2023-05-09 21:33:05,PF2311,PF311,6984.0,0.0,0.0,0.0,1,6964.0,6974.0,5,6992.0,7002.0,7002.0,6984.0,5.0,34960.0,444
2023-05-09 21:33:06,PF2311,PF311,6984.0,0.0,0.0,0.0,2,6964.0,6974.0,5,6992.0,7002.0,7002.0,6984.0,5.0,34960.0,444
2023-05-09 21:33:06,PF2311,PF311,6984.0,0.0,0.0,0.0,1,6964.0,6976.0,5,6992.0,7002.0,7002.0,6984.0,5.0,34960.0,444
2023-05-09 21:33:07,PF2311,PF311,6984.0,0.0,0.0,0.0,2,6964.0,6976.0,5,6992.0,7002.0,7002.0,6984.0,5.0,34960.0,444
2023-05-09 21:33:08,PF2311,PF311,6984.0,0.0,0.0,0.0,3,6964.0,6976.0,5,6992.0,7002.0,7002.0,6984.0,5.0,34960.0,444
2023-05-09 21:33:10,PF2311,PF311,6984.0,0.0,0.0,0.0,2,6964.0,6976.0,5,6992.0,7002.0,7002.0,6984.0,5.0,34960.0,444
2023-05-09 21:33:13,PF2311,PF311,6984.0,0.0,0.0,0.0,3,6964.0,6976.0,5,6992.0,7002.0,7002.0,6984.0,5.0,34960.0,444
2023-05-09 21:33:28,PF2311,PF311,6984.0,0.0,0.0,0.0,2,6964.0,6976.0,5,6992.0,7002.0,7002.0,6984.0,5.0,34960.0,444
2023-05-09 21:33:28,PF2311,PF311,6984.0,0.0,0.0,0.0,3,6964.0,6976.0,5,6992.0,7002.0,7002.0,6984.0,5.0,34960.0,444
2023-05-09 21:33:29,PF2311,PF311,6984.0,0.0,0.0,0.0,2,6964.0,6976.0,5,6992.0,7002.0,7002.0,6984.0,5.0,34960.0,444
2023-05-09 21:33:29,PF2311,PF311,6984.0,0.0,0.0,0.0,3,6964.0,6976.0,5,6992.0,7002.0,7002.0,6984.0,5.0,34960.0,444
2023-05-09 21:33:33,PF2311,PF311,6984.0,0.0,0.0,0.0,2,6964.0,6974.0,1,6992.0,7002.0,7002.0,6984.0,5.0,34960.0,444
2023-05-09 21:33:33,PF2311,PF311,6984.0,0.0,0.0,0.0,2,6964.0,6974.0,5,6992.0,7002.0,7002.0,6984.0,5.0,34960.0,444
2023-05-09 21:33:35,PF2311,PF311,6984.0,0.0,0.0,0.0,2,6964.0,6976.0,5,6992.0,7002.0,7002.0,6984.0,5.0,34960.0,444
2023-05-09 21:33:45,PF2311,PF311,6984.0,0.0,0.0,0.0,1,6966.0,6976.0,5,6992.0,7002.0,7002.0,6984.0,5.0,34960.0,444
2023-05-09 21:34:00,PF2311,PF311,6984.0,0.0,0.0,0.0,2,6966.0,6976.0,5,6992.0,7002.0,7002.0,6984.0,5.0,34960.0,444
2023-05-09 21:34:07,PF2311,PF311,6984.0,0.0,0.0,0.0,3,6966.0,6976.0,2,6992.0,7002.0,7002.0,6984.0,5.0,34960.0,444
2023-05-09 21:34:13,PF2311,PF311,6984.0,0.0,0.0,0.0,2,6966.0,6976.0,2,6992.0,7002.0,7002.0,6984.0,5.0,34960.0,444
2023-05-09 21:34:16,PF2311,PF311,6984.0,0.0,0.0,0.0,2,6966.0,6976.0,5,6992.0,7002.0,7002.0,6984.0,5.0,34960.0,444
2023-05-09 21:34:17,PF2311,PF311,6984.0,0.0,0.0,0.0,2,6966.0,6976.0,2,6992.0,7002.0,7002.0,6984.0,5.0,34960.0,444
2023-05-09 21:34:19,PF2311,PF311,6984.0,0.0,0.0,0.0,3,6966.0,6976.0,5,6992.0,7002.0,7002.0,6984.0,5.0,34960.0,444
2023-05-09 21:34:19,PF2311,PF311,6984.0,0.0,0.0,0.0,3,6966.0,6976.0,2,6992.0,7002.0,7002.0,6984.0,5.0,34960.0,444
2023-05-09 21:34:23,PF2311,PF311,6984.0,0.0,0.0,0.0,2,6966.0,6976.0,2,6992.0,7002.0,7002.0,6984.0,5.0,34960.0,444
2023-05-09 21:34:24,PF2311,PF311,6984.0,0.0,0.0,0.0,3,6966.0,6976.0,5,6992.0,7002.0,7002.0,6984.0,5.0,34960.0,444
2023-05-09 21:34:26,PF2311,PF311,6984.0,0.0,0.0,0.0,2,6966.0,6976.0,5,6992.0,7002.0,7002.0,6984.0,5.0,34960.0,444
2023-05-09 21:34:26,PF2311,PF311,6984.0,0.0,0.0,0.0,3,6966.0,6976.0,5,6992.0,7002.0,7002.0,6984.0,5.0,34960.0,444
2023-05-09 21:34:27,PF2311,PF311,6984.0,0.0,0.0,0.0,3,6966.0,6976.0,1,6992.0,7002.0,7002.0,6984.0,5.0,34960.0,444
2023-05-09 21:34:28,PF2311,PF311,6984.0,0.0,0.0,0.0,3,6966.0,6976.0,5,6992.0,7002.0,7002.0,6984.0,5.0,34960.0,444
2023-05-09 21:34:29,PF2311,PF311,6984.0,0.0,0.0,0.0,1,6968.0,6978.0,5,6992.0,7002.0,7002.0,6984.0,5.0,34960.0,444
2023-05-09 21:34:30,PF2311,PF311,6984.0,0.0,0.0,0.0,2,6968.0,6978.0,5,6992.0,7002.0,7002.0,6984.0,5.0,34960.0,444
2023-05-09 21:34:31,PF2311,PF311,6984.0,0.0,0.0,0.0,3,6968.0,6978.0,5,6992.0,7002.0,7002.0,6984.0,5.0,34960.0,444
2023-05-09 21:34:42,PF2311,PF311,6984.0,0.0,0.0,0.0,3,6968.0,6978.0,2,6992.0,7002.0,7002.0,6984.0,5.0,34960.0,444
2023-05-09 21:34:48,PF2311,PF311,6984.0,0.0,0.0,0.0,1,6970.0,6980.0,5,6992.0,7002.0,7002.0,6984.0,5.0,34960.0,444
2023-05-09 21:34:49,PF2311,PF311,6984.0,0.0,0.0,0.0,2,6970.0,6980.0,5,6992.0,7002.0,7002.0,6984.0,5.0,34960.0,444
2023-05-09 21:34:50,PF2311,PF311,6984.0,0.0,0.0,0.0,3,6970.0,6980.0,5,6992.0,7002.0,7002.0,6984.0,5.0,34960.0,444
2023-05-09 21:35:05,PF2311,PF311,6984.0,0.0,0.0,0.0,2,6970.0,6980.0,5,6992.0,7002.0,7002.0,6984.0,5.0,34960.0,444
2023-05-09 21:35:09,PF2311,PF311,6984.0,0.0,0.0,0.0,1,6972.0,6980.0,5,6992.0,7002.0,7002.0,6984.0,5.0,34960.0,444
2023-05-09 21:35:31,PF2311,PF311,6984.0,0.0,0.0,0.0,1,6972.0,6978.0,1,6992.0,7002.0,7002.0,6984.0,5.0,34960.0,444
2023-05-09 21:35:32,PF2311,PF311,6984.0,0.0,0.0,0.0,1,6972.0,6978.0,5,6992.0,7002.0,7002.0,6984.0,5.0,34960.0,444
2023-05-09 21:35:33,PF2311,PF311,6984.0,0.0,0.0,0.0,1,6972.0,6978.0,2,6992.0,7002.0,7002.0,6984.0,5.0,34960.0,444
2023-05-09 21:35:34,PF2311,PF311,6984.0,0.0,0.0,0.0,1,6972.0,6978.0,5,6992.0,7002.0,7002.0,6984.0,5.0,34960.0,444
2023-05-09 21:35:53,PF2311,PF311,6984.0,0.0,0.0,0.0,1,6972.0,6978.0,2,6992.0,7002.0,7002.0,6984.0,5.0,34960.0,444
2023-05-09 21:35:54,PF2311,PF311,6984.0,0.0,0.0,0.0,1,6972.0,6978.0,1,6992.0,7002.0,7002.0,6984.0,5.0,34960.0,444
2023-05-09 21:35:54,PF2311,PF311,6984.0,0.0,0.0,0.0,1,6972.0,6978.0,5,6992.0,7002.0,7002.0,6984.0,5.0,34960.0,444
2023-05-09 21:35:56,PF2311,PF311,6984.0,0.0,0.0,0.0,1,6972.0,6976.0,1,6992.0,7002.0,7002.0,6984.0,5.0,34960.0,444
2023-05-09 21:35:57,PF2311,PF311,6984.0,0.0,0.0,0.0,1,6966.0,6976.0,1,6992.0,7002.0,7002.0,6984.0,5.0,34960.0,444
2023-05-09 21:35:57,PF2311,PF311,6984.0,0.0,0.0,0.0,2,6966.0,6976.0,1,6992.0,7002.0,7002.0,6984.0,5.0,34960.0,444
2023-05-09 21:36:03,PF2311,PF311,6984.0,0.0,0.0,0.0,2,6966.0,6976.0,2,6992.0,7002.0,7002.0,6984.0,5.0,34960.0,444
2023-05-09 21:36:03,PF2311,PF311,6984.0,0.0,0.0,0.0,1,6966.0,6976.0,2,6992.0,7002.0,7002.0,6984.0,5.0,34960.0,444
2023-05-09 21:36:05,PF2311,PF311,6984.0,0.0,0.0,0.0,2,6966.0,6976.0,2,6992.0,7002.0,7002.0,6984.0,5.0,34960.0,444
2023-05-09 21:36:10,PF2311,PF311,6984.0,0.0,0.0,0.0,1,6968.0,6978.0,5,6992.0,7002.0,7002.0,6984.0,5.0,34960.0,444
2023-05-09 21:36:12,PF2311,PF311,6984.0,0.0,0.0,0.0,2,6968.0,6978.0,1,6992.0,7002.0,7002.0,6984.0,5.0,34960.0,444
2023-05-09 21:36:27,PF2311,PF311,6984.0,0.0,0.0,0.0,3,6968.0,6978.0,1,6992.0,7002.0,7002.0,6984.0,5.0,34960.0,444
2023-05-09 21:36:29,PF2311,PF311,6984.0,0.0,0.0,0.0,3,6968.0,6980.0,5,6992.0,7002.0,7002.0,6984.0,5.0,34960.0,444
2023-05-09 21:36:33,PF2311,PF311,6984.0,0.0,0.0,0.0,1,6970.0,6980.0,5,6992.0,7002.0,7002.0,6984.0,5.0,34960.0,444
2023-05-09 21:36:56,PF2311,PF311,6984.0,0.0,0.0,0.0,2,6970.0,6982.0,5,6992.0,7002.0,7002.0,6984.0,5.0,34960.0,444
2023-05-09 21:36:56,PF2311,PF311,6984.0,0.0,0.0,0.0,3,6970.0,6980.0,5,6992.0,7002.0,7002.0,6984.0,5.0,34960.0,444
2023-05-09 21:37:00,PF2311,PF311,6984.0,0.0,0.0,0.0,3,6970.0,6982.0,5,6992.0,7002.0,7002.0,6984.0,5.0,34960.0,444
2023-05-09 21:37:00,PF2311,PF311,6984.0,0.0,0.0,0.0,1,6972.0,6982.0,5,6992.0,7002.0,7002.0,6984.0,5.0,34960.0,444
2023-05-09 21:37:03,PF2311,PF311,6984.0,0.0,0.0,0.0,1,6972.0,6982.0,1,6992.0,7002.0,7002.0,6984.0,5.0,34960.0,444
2023-05-09 21:37:03,PF2311,PF311,6984.0,0.0,0.0,0.0,1,6972.0,6982.0,5,6992.0,7002.0,7002.0,6984.0,5.0,34960.0,444
2023-05-09 21:37:04,PF2311,PF311,6984.0,0.0,0.0,0.0,2,6970.0,6980.0,2,6992.0,7002.0,7002.0,6984.0,5.0,34960.0,444
2023-05-09 21:37:04,PF2311,PF311,6984.0,0.0,0.0,0.0,2,6970.0,6980.0,3,6992.0,7002.0,7002.0,6984.0,5.0,34960.0,444
2023-05-09 21:37:09,PF2311,PF311,6984.0,0.0,0.0,0.0,1,6970.0,6978.0,2,6992.0,7002.0,7002.0,6984.0,5.0,34960.0,444
2023-05-09 21:37:09,PF2311,PF311,6984.0,0.0,0.0,0.0,1,6970.0,6978.0,3,6992.0,7002.0,7002.0,6984.0,5.0,34960.0,444
2023-05-09 21:37:11,PF2311,PF311,6984.0,0.0,0.0,0.0,1,6970.0,6978.0,2,6992.0,7002.0,7002.0,6984.0,5.0,34960.0,444
2023-05-09 21:37:21,PF2311,PF311,6984.0,0.0,0.0,0.0,1,6970.0,6978.0,5,6992.0,7002.0,7002.0,6984.0,5.0,34960.0,444
2023-05-09 21:37:22,PF2311,PF311,6984.0,0.0,0.0,0.0,1,6970.0,6978.0,2,6992.0,7002.0,7002.0,6984.0,5.0,34960.0,444
2023-05-09 21:37:38,PF2311,PF311,6984.0,0.0,0.0,0.0,1,6970.0,6976.0,1,6992.0,7002.0,7002.0,6984.0,5.0,34960.0,444
2023-05-09 21:37:49,PF2311,PF311,6984.0,0.0,0.0,0.0,1,6970.0,6976.0,5,6992.0,7002.0,7002.0,6984.0,5.0,34960.0,444
2023-05-09 21:37:55,PF2311,PF311,6984.0,0.0,0.0,0.0,1,6970.0,6976.0,2,6992.0,7002.0,7002.0,6984.0,5.0,34960.0,444
2023-05-09 21:37:56,PF2311,PF311,6984.0,0.0,0.0,0.0,1,6970.0,6976.0,5,6992.0,7002.0,7002.0,6984.0,5.0,34960.0,444
2023-05-09 21:38:18,PF2311,PF311,6984.0,0.0,0.0,0.0,1,6966.0,6976.0,5,6992.0,7002.0,7002.0,6984.0,5.0,34960.0,444
2023-05-09 21:38:38,PF2311,PF311,6984.0,0.0,0.0,0.0,1,6964.0,6976.0,5,6992.0,7002.0,7002.0,6984.0,5.0,34960.0,444
2023-05-09 21:38:39,PF2311,PF311,6984.0,0.0,0.0,0.0,2,6964.0,6976.0,5,6992.0,7002.0,7002.0,6984.0,5.0,34960.0,444
2023-05-09 21:38:45,PF2311,PF311,6984.0,0.0,0.0,0.0,3,6964.0,6976.0,5,6992.0,7002.0,7002.0,6984.0,5.0,34960.0,444
2023-05-09 21:38:46,PF2311,PF311,6984.0,0.0,0.0,0.0,2,6964.0,6976.0,5,6992.0,7002.0,7002.0,6984.0,5.0,34960.0,444
2023-05-09 21:39:03,PF2311,PF311,6984.0,0.0,0.0,0.0,3,6964.0,6976.0,5,6992.0,7002.0,7002.0,6984.0,5.0,34960.0,444
2023-05-09 21:39:04,PF2311,PF311,6984.0,0.0,0.0,0.0,2,6964.0,6976.0,5,6992.0,7002.0,7002.0,6984.0,5.0,34960.0,444
2023-05-09 21:39:19,PF2311,PF311,6984.0,0.0,0.0,0.0,1,6966.0,6976.0,5,6992.0,7002.0,7002.0,6984.0,5.0,34960.0,444
2023-05-09 21:39:22,PF2311,PF311,6984.0,0.0,0.0,0.0,1,6966.0,6976.0,2,6992.0,7002.0,7002.0,6984.0,5.0,34960.0,444
2023-05-09 21:39:28,PF2311,PF311,6984.0,0.0,0.0,0.0,1,6966.0,6976.0,5,6992.0,7002.0,7002.0,6984.0,5.0,34960.0,444
2023-05-09 21:39:28,PF2311,PF311,6984.0,0.0,0.0,0.0,1,6966.0,6974.0,5,6992.0,7002.0,7002.0,6984.0,5.0,34960.0,444
2023-05-09 21:39:30,PF2311,PF311,6984.0,0.0,0.0,0.0,1,6966.0,6976.0,5,6992.0,7002.0,7002.0,6984.0,5.0,34960.0,444
2023-05-09 21:39:34,PF2311,PF311,6984.0,0.0,0.0,0.0,1,6966.0,6974.0,5,6992.0,7002.0,7002.0,6984.0,5.0,34960.0,444
2023-05-09 21:39:47,PF2311,PF311,6984.0,0.0,0.0,0.0,1,6966.0,6976.0,5,6992.0,7002.0,7002.0,6984.0,5.0,34960.0,444
2023-05-09 21:40:02,PF2311,PF311,6984.0,0.0,0.0,0.0,2,6966.0,6976.0,5,6992.0,7002.0,7002.0,6984.0,5.0,34960.0,444
2023-05-09 21:40:02,PF2311,PF311,6984.0,0.0,0.0,0.0,3,6966.0,6976.0,1,6992.0,7002.0,7002.0,6984.0,5.0,34960.0,444
2023-05-09 21:40:24,PF2311,PF311,6984.0,0.0,0.0,0.0,1,6966.0,6976.0,5,6992.0,7002.0,7002.0,6984.0,5.0,34960.0,444
2023-05-09 21:40:37,PF2311,PF311,6984.0,0.0,0.0,0.0,1,6966.0,6976.0,1,6992.0,7002.0,7002.0,6984.0,5.0,34960.0,444
2023-05-09 21:40:41,PF2311,PF311,6984.0,0.0,0.0,0.0,2,6966.0,6976.0,1,6992.0,7002.0,7002.0,6984.0,5.0,34960.0,444
2023-05-09 21:40:44,PF2311,PF311,6984.0,0.0,0.0,0.0,1,6966.0,6976.0,5,6992.0,7002.0,7002.0,6984.0,5.0,34960.0,444
2023-05-09 21:41:21,PF2311,PF311,6984.0,0.0,0.0,0.0,1,6966.0,6974.0,5,6992.0,7002.0,7002.0,6984.0,5.0,34960.0,444
2023-05-09 21:41:36,PF2311,PF311,6984.0,0.0,0.0,0.0,1,6966.0,6976.0,5,6992.0,7002.0,7002.0,6984.0,5.0,34960.0,444
2023-05-09 21:41:38,PF2311,PF311,6984.0,0.0,0.0,0.0,1,6966.0,6974.0,5,6992.0,7002.0,7002.0,6984.0,5.0,34960.0,444
2023-05-09 21:42:18,PF2311,PF311,6984.0,0.0,0.0,0.0,1,6966.0,6972.0,5,6992.0,7002.0,7002.0,6984.0,5.0,34960.0,444
2023-05-09 21:42:19,PF2311,PF311,6984.0,0.0,0.0,0.0,1,6966.0,6974.0,5,6992.0,7002.0,7002.0,6984.0,5.0,34960.0,444
2023-05-09 21:42:20,PF2311,PF311,6984.0,0.0,0.0,0.0,1,6966.0,6972.0,5,6992.0,7002.0,7002.0,6984.0,5.0,34960.0,444
2023-05-09 21:42:21,PF2311,PF311,6984.0,0.0,0.0,0.0,1,6966.0,6974.0,5,6992.0,7002.0,7002.0,6984.0,5.0,34960.0,444
2023-05-09 21:42:23,PF2311,PF311,6984.0,0.0,0.0,0.0,1,6966.0,6972.0,5,6992.0,7002.0,7002.0,6984.0,5.0,34960.0,444
2023-05-09 21:42:25,PF2311,PF311,6984.0,0.0,0.0,0.0,1,6966.0,6974.0,5,6992.0,7002.0,7002.0,6984.0,5.0,34960.0,444
2023-05-09 21:42:26,PF2311,PF311,6984.0,0.0,0.0,0.0,1,6966.0,6972.0,5,6992.0,7002.0,7002.0,6984.0,5.0,34960.0,444
2023-05-09 21:42:31,PF2311,PF311,6984.0,0.0,0.0,0.0,1,6966.0,6974.0,5,6992.0,7002.0,7002.0,6984.0,5.0,34960.0,444
2023-05-09 21:42:33,PF2311,PF311,6984.0,0.0,0.0,0.0,1,6966.0,6976.0,5,6992.0,7002.0,7002.0,6984.0,5.0,34960.0,444
2023-05-09 21:42:43,PF2311,PF311,6984.0,0.0,0.0,0.0,2,6966.0,6976.0,5,6992.0,7002.0,7002.0,6984.0,5.0,34960.0,444
2023-05-09 21:42:43,PF2311,PF311,6984.0,0.0,0.0,0.0,3,6966.0,6976.0,5,6992.0,7002.0,7002.0,6984.0,5.0,34960.0,444
2023-05-09 21:42:47,PF2311,PF311,6984.0,0.0,0.0,0.0,3,6966.0,6976.0,1,6992.0,7002.0,7002.0,6984.0,5.0,34960.0,444
2023-05-09 21:42:50,PF2311,PF311,6984.0,0.0,0.0,0.0,3,6966.0,6978.0,5,6992.0,7002.0,7002.0,6984.0,5.0,34960.0,444
2023-05-09 21:42:56,PF2311,PF311,6984.0,0.0,0.0,0.0,1,6968.0,6978.0,5,6992.0,7002.0,7002.0,6984.0,5.0,34960.0,444
2023-05-09 21:42:57,PF2311,PF311,6984.0,0.0,0.0,0.0,1,6968.0,6978.0,2,6992.0,7002.0,7002.0,6984.0,5.0,34960.0,444
2023-05-09 21:42:57,PF2311,PF311,6984.0,0.0,0.0,0.0,2,6968.0,6978.0,2,6992.0,7002.0,7002.0,6984.0,5.0,34960.0,444
2023-05-09 21:42:59,PF2311,PF311,6984.0,0.0,0.0,0.0,3,6968.0,6978.0,2,6992.0,7002.0,7002.0,6984.0,5.0,34960.0,444
2023-05-09 21:43:03,PF2311,PF311,6984.0,0.0,0.0,0.0,1,6970.0,6980.0,5,6992.0,7002.0,7002.0,6984.0,5.0,34960.0,444
2023-05-09 21:43:04,PF2311,PF311,6984.0,0.0,0.0,0.0,1,6970.0,6980.0,3,6992.0,7002.0,7002.0,6984.0,5.0,34960.0,444
2023-05-09 21:43:04,PF2311,PF311,6984.0,0.0,0.0,0.0,2,6970.0,6980.0,3,6992.0,7002.0,7002.0,6984.0,5.0,34960.0,444
2023-05-09 21:43:05,PF2311,PF311,6984.0,0.0,0.0,0.0,3,6970.0,6980.0,3,6992.0,7002.0,7002.0,6984.0,5.0,34960.0,444
2023-05-09 21:43:12,PF2311,PF311,6984.0,0.0,0.0,0.0,1,6972.0,6982.0,5,6992.0,7002.0,7002.0,6984.0,5.0,34960.0,444
2023-05-09 21:43:15,PF2311,PF311,6984.0,0.0,0.0,0.0,2,6972.0,6982.0,1,6992.0,7002.0,7002.0,6984.0,5.0,34960.0,444
2023-05-09 21:43:15,PF2311,PF311,6984.0,0.0,0.0,0.0,2,6972.0,6984.0,5,6992.0,7002.0,7002.0,6984.0,5.0,34960.0,444
2023-05-09 21:43:22,PF2311,PF311,6984.0,0.0,0.0,0.0,1,6970.0,6980.0,5,6992.0,7002.0,7002.0,6984.0,5.0,34960.0,444
2023-05-09 21:43:24,PF2311,PF311,6984.0,0.0,0.0,0.0,2,6970.0,6980.0,5,6992.0,7002.0,7002.0,6984.0,5.0,34960.0,444
2023-05-09 21:43:28,PF2311,PF311,6984.0,0.0,0.0,0.0,1,6970.0,6980.0,5,6992.0,7002.0,7002.0,6984.0,5.0,34960.0,444
2023-05-09 21:43:39,PF2311,PF311,6984.0,0.0,0.0,0.0,2,6970.0,6980.0,2,6992.0,7002.0,7002.0,6984.0,5.0,34960.0,444
2023-05-09 21:43:56,PF2311,PF311,6984.0,0.0,0.0,0.0,2,6970.0,6980.0,5,6992.0,7002.0,7002.0,6984.0,5.0,34960.0,444
2023-05-09 21:43:57,PF2311,PF311,6984.0,0.0,0.0,0.0,1,6970.0,6980.0,5,6992.0,7002.0,7002.0,6984.0,5.0,34960.0,444
2023-05-09 21:44:00,PF2311,PF311,6984.0,0.0,0.0,0.0,1,6970.0,6980.0,2,6992.0,7002.0,7002.0,6984.0,5.0,34960.0,444
2023-05-09 21:44:01,PF2311,PF311,6984.0,0.0,0.0,0.0,2,6970.0,6980.0,2,6992.0,7002.0,7002.0,6984.0,5.0,34960.0,444
2023-05-09 21:44:10,PF2311,PF311,6984.0,0.0,0.0,0.0,1,6970.0,6980.0,5,6992.0,7002.0,7002.0,6984.0,5.0,34960.0,444
2023-05-09 21:44:12,PF2311,PF311,6984.0,0.0,0.0,0.0,1,6972.0,6980.0,5,6992.0,7002.0,7002.0,6984.0,5.0,34960.0,444
2023-05-09 21:44:47,PF2311,PF311,6984.0,0.0,0.0,0.0,1,6972.0,6980.0,3,6992.0,7002.0,7002.0,6984.0,5.0,34960.0,444
2023-05-09 21:44:48,PF2311,PF311,6984.0,0.0,0.0,0.0,1,6972.0,6980.0,5,6992.0,7002.0,7002.0,6984.0,5.0,34960.0,444
2023-05-09 21:44:53,PF2311,PF311,6984.0,0.0,0.0,0.0,1,6972.0,6980.0,3,6992.0,7002.0,7002.0,6984.0,5.0,34960.0,444
2023-05-09 21:45:16,PF2311,PF311,6984.0,0.0,0.0,0.0,1,6972.0,6978.0,1,6992.0,7002.0,7002.0,6984.0,5.0,34960.0,444
2023-05-09 21:45:16,PF2311,PF311,6984.0,0.0,0.0,0.0,1,6972.0,6978.0,2,6992.0,7002.0,7002.0,6984.0,5.0,34960.0,444
2023-05-09 21:45:17,PF2311,PF311,6984.0,0.0,0.0,0.0,1,6972.0,6978.0,5,6992.0,7002.0,7002.0,6984.0,5.0,34960.0,444
2023-05-09 21:45:27,PF2311,PF311,6984.0,0.0,0.0,0.0,1,6972.0,6978.0,2,6992.0,7002.0,7002.0,6984.0,5.0,34960.0,444
2023-05-09 21:45:28,PF2311,PF311,6984.0,0.0,0.0,0.0,1,6972.0,6978.0,5,6992.0,7002.0,7002.0,6984.0,5.0,34960.0,444
2023-05-09 21:45:28,PF2311,PF311,6984.0,0.0,0.0,0.0,1,6972.0,6978.0,2,6992.0,7002.0,7002.0,6984.0,5.0,34960.0,444
2023-05-09 21:45:30,PF2311,PF311,6984.0,0.0,0.0,0.0,1,6972.0,6978.0,5,6992.0,7002.0,7002.0,6984.0,5.0,34960.0,444
2023-05-09 21:45:30,PF2311,PF311,6984.0,0.0,0.0,0.0,1,6972.0,6978.0,2,6992.0,7002.0,7002.0,6984.0,5.0,34960.0,444
2023-05-09 21:45:31,PF2311,PF311,6984.0,0.0,0.0,0.0,1,6966.0,6978.0,2,6992.0,7002.0,7002.0,6984.0,5.0,34960.0,444
2023-05-09 21:45:36,PF2311,PF311,6984.0,0.0,0.0,0.0,1,6968.0,6978.0,2,6992.0,7002.0,7002.0,6984.0,5.0,34960.0,444
2023-05-09 21:45:36,PF2311,PF311,6984.0,0.0,0.0,0.0,1,6968.0,6978.0,5,6992.0,7002.0,7002.0,6984.0,5.0,34960.0,444
2023-05-09 21:45:37,PF2311,PF311,6984.0,0.0,0.0,0.0,2,6968.0,6978.0,2,6992.0,7002.0,7002.0,6984.0,5.0,34960.0,444
2023-05-09 21:45:39,PF2311,PF311,6984.0,0.0,0.0,0.0,1,6970.0,6980.0,5,6992.0,7002.0,7002.0,6984.0,5.0,34960.0,444
2023-05-09 21:45:39,PF2311,PF311,6984.0,0.0,0.0,0.0,1,6970.0,6980.0,3,6992.0,7002.0,7002.0,6984.0,5.0,34960.0,444
2023-05-09 21:45:46,PF2311,PF311,6984.0,0.0,0.0,0.0,2,6968.0,6980.0,3,6992.0,7002.0,7002.0,6984.0,5.0,34960.0,444
2023-05-09 21:45:55,PF2311,PF311,6984.0,0.0,0.0,0.0,2,6968.0,6980.0,5,6992.0,7002.0,7002.0,6984.0,5.0,34960.0,444
2023-05-09 21:45:56,PF2311,PF311,6984.0,0.0,0.0,0.0,2,6968.0,6980.0,3,6992.0,7002.0,7002.0,6984.0,5.0,34960.0,444
2023-05-09 21:46:16,PF2311,PF311,6984.0,0.0,0.0,0.0,3,6968.0,6980.0,3,6992.0,7002.0,7002.0,6984.0,5.0,34960.0,444
2023-05-09 21:46:17,PF2311,PF311,6984.0,0.0,0.0,0.0,3,6968.0,6980.0,5,6992.0,7002.0,7002.0,6984.0,5.0,34960.0,444
2023-05-09 21:46:18,PF2311,PF311,6984.0,0.0,0.0,0.0,1,6972.0,6982.0,5,6992.0,7002.0,7002.0,6984.0,5.0,34960.0,444
2023-05-09 21:46:18,PF2311,PF311,6984.0,0.0,0.0,0.0,1,6972.0,6982.0,1,6992.0,7002.0,7002.0,6984.0,5.0,34960.0,444
2023-05-09 21:46:19,PF2311,PF311,6984.0,0.0,0.0,0.0,1,6972.0,6984.0,5,6992.0,7002.0,7002.0,6984.0,5.0,34960.0,444
2023-05-09 21:46:23,PF2311,PF311,6984.0,0.0,0.0,0.0,1,6972.0,6982.0,5,6992.0,7002.0,7002.0,6984.0,5.0,34960.0,444
2023-05-09 21:46:39,PF2311,PF311,6984.0,0.0,0.0,0.0,1,6970.0,6980.0,1,6992.0,7002.0,7002.0,6984.0,5.0,34960.0,444
2023-05-09 21:46:49,PF2311,PF311,6984.0,0.0,0.0,0.0,1,6970.0,6980.0,5,6992.0,7002.0,7002.0,6984.0,5.0,34960.0,444
2023-05-09 21:46:51,PF2311,PF311,6984.0,0.0,0.0,0.0,1,6970.0,6980.0,2,6992.0,7002.0,7002.0,6984.0,5.0,34960.0,444
2023-05-09 21:47:00,PF2311,PF311,6984.0,0.0,0.0,0.0,1,6972.0,6980.0,2,6992.0,7002.0,7002.0,6984.0,5.0,34960.0,444
2023-05-09 21:47:01,PF2311,PF311,6984.0,0.0,0.0,0.0,1,6972.0,6978.0,1,6992.0,7002.0,7002.0,6984.0,5.0,34960.0,444
2023-05-09 21:47:37,PF2311,PF311,6984.0,0.0,0.0,0.0,1,6972.0,6980.0,1,6992.0,7002.0,7002.0,6984.0,5.0,34960.0,444
2023-05-09 21:47:38,PF2311,PF311,6984.0,0.0,0.0,0.0,1,6972.0,6982.0,5,6992.0,7002.0,7002.0,6984.0,5.0,34960.0,444
2023-05-09 21:47:44,PF2311,PF311,6984.0,0.0,0.0,0.0,2,6972.0,6982.0,5,6992.0,7002.0,7002.0,6984.0,5.0,34960.0,444
2023-05-09 21:47:44,PF2311,PF311,6984.0,0.0,0.0,0.0,1,6974.0,6984.0,5,6992.0,7002.0,7002.0,6984.0,5.0,34960.0,444
2023-05-09 21:48:05,PF2311,PF311,6984.0,0.0,0.0,0.0,3,6974.0,6984.0,5,6992.0,7002.0,7002.0,6984.0,5.0,34960.0,444
2023-05-09 21:48:05,PF2311,PF311,6984.0,0.0,0.0,0.0,1,6974.0,6984.0,5,6992.0,7002.0,7002.0,6984.0,5.0,34960.0,444
2023-05-09 21:48:06,PF2311,PF311,6984.0,0.0,0.0,0.0,1,6976.0,6986.0,5,6992.0,7002.0,7002.0,6984.0,5.0,34960.0,444
2023-05-09 21:48:08,PF2311,PF311,6984.0,0.0,0.0,0.0,1,6976.0,6986.0,1,6992.0,7002.0,7002.0,6984.0,5.0,34960.0,444
2023-05-09 21:48:08,PF2311,PF311,6984.0,0.0,0.0,0.0,1,6976.0,6988.0,5,6992.0,7002.0,7002.0,6984.0,5.0,34960.0,444
2023-05-09 21:48:14,PF2311,PF311,6984.0,0.0,0.0,0.0,1,6978.0,6988.0,5,6992.0,7002.0,7002.0,6984.0,5.0,34960.0,444
2023-05-09 21:48:15,PF2311,PF311,6984.0,0.0,0.0,0.0,1,6978.0,6988.0,3,6992.0,7002.0,7002.0,6984.0,5.0,34960.0,444
2023-05-09 21:48:16,PF2311,PF311,6984.0,0.0,0.0,0.0,1,6976.0,6988.0,5,6992.0,7002.0,7002.0,6984.0,5.0,34960.0,444
2023-05-09 21:48:16,PF2311,PF311,6984.0,0.0,0.0,0.0,3,6976.0,6988.0,5,6992.0,7002.0,7002.0,6984.0,5.0,34960.0,444
2023-05-09 21:48:19,PF2311,PF311,6984.0,0.0,0.0,0.0,1,6980.0,6990.0,5,6992.0,7002.0,7002.0,6984.0,5.0,34960.0,444
2023-05-09 21:48:20,PF2311,PF311,6984.0,0.0,0.0,0.0,1,6980.0,6990.0,2,6992.0,7002.0,7002.0,6984.0,5.0,34960.0,444
2023-05-09 21:48:20,PF2311,PF311,6984.0,0.0,0.0,0.0,1,6980.0,6990.0,1,6992.0,7002.0,7002.0,6984.0,5.0,34960.0,444
2023-05-09 21:48:22,PF2311,PF311,6984.0,0.0,0.0,0.0,3,6980.0,6990.0,1,6992.0,7002.0,7002.0,6984.0,5.0,34960.0,444
2023-05-09 21:48:25,PF2311,PF311,6984.0,0.0,0.0,0.0,1,6982.0,6990.0,1,6992.0,7002.0,7002.0,6984.0,5.0,34960.0,444
2023-05-09 21:48:25,PF2311,PF311,6984.0,0.0,0.0,0.0,1,6982.0,6988.0,1,6992.0,7002.0,7002.0,6984.0,5.0,34960.0,444
2023-05-09 21:48:26,PF2311,PF311,6984.0,0.0,0.0,0.0,1,6982.0,6988.0,3,6992.0,7002.0,7002.0,6984.0,5.0,34960.0,444
2023-05-09 21:48:26,PF2311,PF311,6984.0,0.0,0.0,0.0,1,6982.0,6988.0,5,6992.0,7002.0,7002.0,6984.0,5.0,34960.0,444
2023-05-09 21:48:26,PF2311,PF311,6984.0,0.0,0.0,0.0,1,6982.0,6988.0,3,6992.0,7002.0,7002.0,6984.0,5.0,34960.0,444
2023-05-09 21:48:26,PF2311,PF311,6984.0,0.0,0.0,0.0,1,6982.0,6988.0,5,6992.0,7002.0,7002.0,6984.0,5.0,34960.0,444
2023-05-09 21:48:29,PF2311,PF311,6984.0,0.0,0.0,0.0,1,6982.0,6986.0,5,6992.0,7002.0,7002.0,6984.0,5.0,34960.0,444
2023-05-09 21:48:30,PF2311,PF311,6984.0,0.0,0.0,0.0,1,6976.0,6986.0,5,6992.0,7002.0,7002.0,6984.0,5.0,34960.0,444
2023-05-09 21:48:30,PF2311,PF311,6984.0,0.0,0.0,0.0,3,6976.0,6986.0,5,6992.0,7002.0,7002.0,6984.0,5.0,34960.0,444
2023-05-09 21:48:35,PF2311,PF311,6984.0,0.0,0.0,0.0,1,6978.0,6988.0,5,6992.0,7002.0,7002.0,6984.0,5.0,34960.0,444
2023-05-09 21:48:36,PF2311,PF311,6984.0,0.0,0.0,0.0,1,6978.0,6988.0,3,6992.0,7002.0,7002.0,6984.0,5.0,34960.0,444
2023-05-09 21:48:37,PF2311,PF311,6984.0,0.0,0.0,0.0,1,6980.0,6990.0,5,6992.0,7002.0,7002.0,6984.0,5.0,34960.0,444
2023-05-09 21:48:38,PF2311,PF311,6984.0,0.0,0.0,0.0,1,6980.0,6990.0,1,6992.0,7002.0,7002.0,6984.0,5.0,34960.0,444
2023-05-09 21:48:41,PF2311,PF311,6984.0,0.0,0.0,0.0,1,6980.0,6992.0,5,6992.0,7002.0,7002.0,6984.0,5.0,34960.0,444
2023-05-09 21:48:41,PF2311,PF311,6984.0,0.0,0.0,0.0,3,6980.0,6992.0,5,6992.0,7002.0,7002.0,6984.0,5.0,34960.0,444
2023-05-09 21:48:50,PF2311,PF311,6984.0,0.0,0.0,0.0,1,6984.0,6994.0,5,6992.0,7002.0,7002.0,6984.0,5.0,34960.0,444
2023-05-09 21:48:51,PF2311,PF311,6984.0,0.0,0.0,0.0,2,6984.0,6994.0,1,6992.0,7002.0,7002.0,6984.0,5.0,34960.0,444
2023-05-09 21:48:51,PF2311,PF311,6984.0,0.0,0.0,0.0,3,6984.0,6994.0,1,6992.0,7002.0,7002.0,6984.0,5.0,34960.0,444
2023-05-09 21:48:52,PF2311,PF311,6984.0,0.0,0.0,0.0,1,6984.0,6994.0,1,6992.0,7002.0,7002.0,6984.0,5.0,34960.0,444
2023-05-09 21:48:54,PF2311,PF311,6984.0,0.0,0.0,0.0,1,6982.0,6990.0,1,6992.0,7002.0,7002.0,6984.0,5.0,34960.0,444
2023-05-09 21:49:06,PF2311,PF311,6984.0,0.0,0.0,0.0,1,6984.0,6992.0,1,6992.0,7002.0,7002.0,6984.0,5.0,34960.0,444
2023-05-09 21:49:07,PF2311,PF311,6984.0,0.0,0.0,0.0,1,6984.0,6994.0,1,6992.0,7002.0,7002.0,6984.0,5.0,34960.0,444
2023-05-09 21:49:07,PF2311,PF311,6984.0,0.0,0.0,0.0,1,6986.0,6994.0,1,6992.0,7002.0,7002.0,6984.0,5.0,34960.0,444
2023-05-09 21:49:33,PF2311,PF311,6984.0,0.0,0.0,0.0,1,6986.0,6992.0,1,6992.0,7002.0,7002.0,6984.0,5.0,34960.0,444
2023-05-09 21:51:03,PF2311,PF311,6984.0,0.0,0.0,0.0,1,6986.0,6994.0,1,6992.0,7002.0,7002.0,6984.0,5.0,34960.0,444
2023-05-09 21:52:58,PF2311,PF311,6984.0,0.0,0.0,0.0,1,6986.0,6992.0,1,6992.0,7002.0,7002.0,6984.0,5.0,34960.0,444
2023-05-09 21:53:13,PF2311,PF311,6984.0,0.0,0.0,0.0,1,6986.0,6994.0,1,6992.0,7002.0,7002.0,6984.0,5.0,34960.0,444
2023-05-09 21:53:15,PF2311,PF311,6984.0,0.0,0.0,0.0,1,6982.0,6994.0,1,6992.0,7002.0,7002.0,6984.0,5.0,34960.0,444
2023-05-09 21:53:21,PF2311,PF311,6984.0,0.0,0.0,0.0,1,6982.0,6992.0,1,6992.0,7002.0,7002.0,6984.0,5.0,34960.0,444
2023-05-09 21:53:32,PF2311,PF311,6984.0,0.0,0.0,0.0,1,6982.0,6990.0,1,6992.0,7002.0,7002.0,6984.0,5.0,34960.0,444
2023-05-09 21:53:36,PF2311,PF311,6984.0,0.0,0.0,0.0,1,6982.0,6992.0,1,6992.0,7002.0,7002.0,6984.0,5.0,34960.0,444
2023-05-09 21:54:02,PF2311,PF311,6984.0,0.0,0.0,0.0,3,6982.0,6992.0,1,6992.0,7002.0,7002.0,6984.0,5.0,34960.0,444
2023-05-09 21:54:05,PF2311,PF311,6984.0,0.0,0.0,0.0,1,6982.0,6992.0,1,6992.0,7002.0,7002.0,6984.0,5.0,34960.0,444
2023-05-09 21:54:10,PF2311,PF311,6984.0,0.0,0.0,0.0,1,6982.0,6994.0,1,6992.0,7002.0,7002.0,6984.0,5.0,34960.0,444
2023-05-09 21:54:15,PF2311,PF311,6984.0,0.0,0.0,0.0,1,6984.0,6992.0,1,6992.0,7002.0,7002.0,6984.0,5.0,34960.0,444
2023-05-09 21:54:23,PF2311,PF311,6984.0,0.0,0.0,0.0,1,6986.0,6994.0,1,6992.0,7002.0,7002.0,6984.0,5.0,34960.0,444
2023-05-09 21:54:24,PF2311,PF311,6984.0,0.0,0.0,0.0,1,6986.0,6996.0,1,6992.0,7002.0,7002.0,6984.0,5.0,34960.0,444
2023-05-09 21:54:42,PF2311,PF311,6984.0,0.0,0.0,0.0,1,6988.0,6996.0,1,6992.0,7002.0,7002.0,6984.0,5.0,34960.0,444
2023-05-09 21:54:43,PF2311,PF311,6984.0,0.0,0.0,0.0,1,6988.0,6992.0,1,6992.0,7002.0,7002.0,6984.0,5.0,34960.0,444
2023-05-09 21:55:03,PF2311,PF311,6984.0,0.0,0.0,0.0,1,6988.0,6994.0,1,6992.0,7002.0,7002.0,6984.0,5.0,34960.0,444
2023-05-09 21:55:42,PF2311,PF311,6984.0,0.0,0.0,0.0,2,6988.0,6996.0,1,6992.0,7002.0,7002.0,6984.0,5.0,34960.0,444
2023-05-09 21:55:43,PF2311,PF311,6984.0,0.0,0.0,0.0,3,6988.0,6996.0,1,6992.0,7002.0,7002.0,6984.0,5.0,34960.0,444
2023-05-09 21:55:44,PF2311,PF311,6984.0,0.0,0.0,0.0,1,6988.0,6994.0,1,6992.0,7002.0,7002.0,6984.0,5.0,34960.0,444
2023-05-09 21:56:10,PF2311,PF311,6984.0,0.0,0.0,0.0,1,6988.0,6990.0,1,6992.0,7002.0,7002.0,6984.0,5.0,34960.0,444
2023-05-09 21:56:11,PF2311,PF311,6984.0,0.0,0.0,0.0,1,6982.0,6990.0,1,6992.0,7002.0,7002.0,6984.0,5.0,34960.0,444
2023-05-09 21:56:29,PF2311,PF311,6984.0,0.0,0.0,0.0,1,6980.0,6988.0,1,6992.0,7002.0,7002.0,6984.0,5.0,34960.0,444
2023-05-09 21:56:48,PF2311,PF311,6984.0,0.0,0.0,0.0,1,6982.0,6988.0,1,6992.0,7002.0,7002.0,6984.0,5.0,34960.0,444
2023-05-09 21:57:16,PF2311,PF311,6984.0,0.0,0.0,0.0,1,6982.0,6990.0,1,6992.0,7002.0,7002.0,6984.0,5.0,34960.0,444
2023-05-09 21:58:06,PF2311,PF311,6984.0,0.0,0.0,0.0,2,6982.0,6990.0,1,6992.0,7002.0,7002.0,6984.0,5.0,34960.0,444
2023-05-09 21:58:07,PF2311,PF311,6984.0,0.0,0.0,0.0,3,6982.0,6992.0,1,6992.0,7002.0,7002.0,6984.0,5.0,34960.0,444
2023-05-09 21:58:13,PF2311,PF311,6984.0,0.0,0.0,0.0,2,6982.0,6992.0,1,6992.0,7002.0,7002.0,6984.0,5.0,34960.0,444
2023-05-09 21:58:21,PF2311,PF311,6984.0,0.0,0.0,0.0,1,6984.0,6992.0,1,6992.0,7002.0,7002.0,6984.0,5.0,34960.0,444
2023-05-09 21:58:21,PF2311,PF311,6984.0,0.0,0.0,0.0,2,6984.0,6992.0,1,6992.0,7002.0,7002.0,6984.0,5.0,34960.0,444
2023-05-09 21:58:24,PF2311,PF311,6984.0,0.0,0.0,0.0,3,6984.0,6992.0,1,6992.0,7002.0,7002.0,6984.0,5.0,34960.0,444
2023-05-09 21:58:25,PF2311,PF311,6984.0,0.0,0.0,0.0,3,6984.0,6994.0,1,6992.0,7002.0,7002.0,6984.0,5.0,34960.0,444
2023-05-09 21:59:02,PF2311,PF311,6984.0,0.0,0.0,0.0,1,6986.0,6996.0,1,6992.0,7002.0,7002.0,6984.0,5.0,34960.0,444
2023-05-09 21:59:03,PF2311,PF311,6984.0,0.0,0.0,0.0,2,6986.0,6996.0,1,6992.0,7002.0,7002.0,6984.0,5.0,34960.0,444
2023-05-09 21:59:03,PF2311,PF311,6984.0,0.0,0.0,0.0,3,6986.0,6996.0,1,6992.0,7002.0,7002.0,6984.0,5.0,34960.0,444
2023-05-09 21:59:09,PF2311,PF311,6984.0,0.0,0.0,0.0,1,6988.0,6996.0,1,6992.0,7002.0,7002.0,6984.0,5.0,34960.0,444
2023-05-09 21:59:09,PF2311,PF311,6984.0,0.0,0.0,0.0,2,6988.0,6996.0,1,6992.0,7002.0,7002.0,6984.0,5.0,34960.0,444
2023-05-09 21:59:10,PF2311,PF311,6984.0,0.0,0.0,0.0,3,6988.0,6996.0,1,6992.0,7002.0,7002.0,6984.0,5.0,34960.0,444
2023-05-09 21:59:12,PF2311,PF311,6984.0,0.0,0.0,0.0,3,6988.0,6998.0,1,6992.0,7002.0,7002.0,6984.0,5.0,34960.0,444
2023-05-09 21:59:17,PF2311,PF311,6984.0,0.0,0.0,0.0,1,6990.0,6998.0,1,6992.0,7002.0,7002.0,6984.0,5.0,34960.0,444
2023-05-09 21:59:17,PF2311,PF311,6984.0,0.0,0.0,0.0,1,6990.0,7000.0,1,6992.0,7002.0,7002.0,6984.0,5.0,34960.0,444
2023-05-09 21:59:18,PF2311,PF311,6984.0,0.0,0.0,0.0,2,6990.0,7000.0,1,6992.0,7002.0,7002.0,6984.0,5.0,34960.0,444
2023-05-09 21:59:19,PF2311,PF311,6984.0,0.0,0.0,0.0,3,6990.0,7000.0,1,6992.0,7002.0,7002.0,6984.0,5.0,34960.0,444
2023-05-09 21:59:37,PF2311,PF311,6984.0,0.0,0.0,0.0,1,6992.0,7000.0,1,6992.0,7002.0,7002.0,6984.0,5.0,34960.0,444
2023-05-09 21:59:50,PF2311,PF311,6984.0,0.0,0.0,0.0,2,6992.0,7000.0,1,6992.0,7002.0,7002.0,6984.0,5.0,34960.0,444
2023-05-09 21:59:53,PF2311,PF311,6984.0,0.0,0.0,0.0,1,6992.0,7000.0,1,6992.0,7002.0,7002.0,6984.0,5.0,34960.0,444
2023-05-09 22:00:02,PF2311,PF311,6984.0,0.0,0.0,0.0,2,6992.0,7000.0,1,6992.0,7002.0,7002.0,6984.0,5.0,34960.0,444
2023-05-09 22:00:03,PF2311,PF311,6984.0,0.0,0.0,0.0,3,6992.0,7002.0,1,6992.0,7002.0,7002.0,6984.0,5.0,34960.0,444
2023-05-09 22:00:08,PF2311,PF311,6984.0,0.0,0.0,0.0,3,6992.0,7004.0,1,6992.0,7002.0,7002.0,6984.0,5.0,34960.0,444
2023-05-09 22:00:11,PF2311,PF311,6984.0,0.0,0.0,0.0,1,6994.0,7004.0,1,6992.0,7002.0,7002.0,6984.0,5.0,34960.0,444
2023-05-09 22:00:11,PF2311,PF311,6984.0,0.0,0.0,0.0,2,6992.0,7004.0,1,6992.0,7002.0,7002.0,6984.0,5.0,34960.0,444
2023-05-09 22:00:12,PF2311,PF311,6984.0,0.0,0.0,0.0,3,6992.0,7004.0,1,6992.0,7002.0,7002.0,6984.0,5.0,34960.0,444
2023-05-09 22:00:14,PF2311,PF311,6984.0,0.0,0.0,0.0,1,6994.0,7004.0,1,6992.0,7002.0,7002.0,6984.0,5.0,34960.0,444
2023-05-09 22:00:15,PF2311,PF311,6984.0,0.0,0.0,0.0,2,6992.0,7004.0,1,6992.0,7002.0,7002.0,6984.0,5.0,34960.0,444
2023-05-09 22:00:15,PF2311,PF311,6984.0,0.0,0.0,0.0,1,6994.0,7004.0,1,6992.0,7002.0,7002.0,6984.0,5.0,34960.0,444
2023-05-09 22:00:16,PF2311,PF311,6984.0,0.0,0.0,0.0,3,6994.0,7004.0,1,6992.0,7002.0,7002.0,6984.0,5.0,34960.0,444
2023-05-09 22:00:16,PF2311,PF311,6984.0,0.0,0.0,0.0,2,6994.0,7004.0,1,6992.0,7002.0,7002.0,6984.0,5.0,34960.0,444
2023-05-09 22:00:17,PF2311,PF311,6984.0,0.0,0.0,0.0,2,6992.0,7004.0,1,6992.0,7002.0,7002.0,6984.0,5.0,34960.0,444
2023-05-09 22:00:17,PF2311,PF311,6984.0,0.0,0.0,0.0,3,6992.0,7004.0,1,6992.0,7002.0,7002.0,6984.0,5.0,34960.0,444
2023-05-09 22:00:18,PF2311,PF311,6984.0,0.0,0.0,0.0,1,6994.0,7004.0,1,6992.0,7002.0,7002.0,6984.0,5.0,34960.0,444
2023-05-09 22:00:19,PF2311,PF311,6984.0,0.0,0.0,0.0,2,6994.0,7004.0,1,6992.0,7002.0,7002.0,6984.0,5.0,34960.0,444
2023-05-09 22:00:20,PF2311,PF311,6984.0,0.0,0.0,0.0,3,6994.0,7004.0,1,6992.0,7002.0,7002.0,6984.0,5.0,34960.0,444
2023-05-09 22:00:24,PF2311,PF311,6984.0,0.0,0.0,0.0,2,6994.0,7004.0,1,6992.0,7002.0,7002.0,6984.0,5.0,34960.0,444
2023-05-09 22:00:24,PF2311,PF311,6984.0,0.0,0.0,0.0,3,6994.0,7004.0,1,6992.0,7002.0,7002.0,6984.0,5.0,34960.0,444
2023-05-09 22:00:25,PF2311,PF311,6984.0,0.0,0.0,0.0,1,6996.0,7006.0,1,6992.0,7002.0,7002.0,6984.0,5.0,34960.0,444
2023-05-09 22:00:25,PF2311,PF311,6984.0,0.0,0.0,0.0,2,6996.0,7006.0,1,6992.0,7002.0,7002.0,6984.0,5.0,34960.0,444
2023-05-09 22:00:28,PF2311,PF311,6984.0,0.0,0.0,0.0,1,6998.0,7006.0,1,6992.0,7002.0,7002.0,6984.0,5.0,34960.0,444
2023-05-09 22:00:29,PF2311,PF311,6984.0,0.0,0.0,0.0,3,6998.0,7006.0,1,6992.0,7002.0,7002.0,6984.0,5.0,34960.0,444
2023-05-09 22:00:29,PF2311,PF311,6984.0,0.0,0.0,0.0,2,6998.0,7006.0,1,6992.0,7002.0,7002.0,6984.0,5.0,34960.0,444
2023-05-09 22:00:35,PF2311,PF311,6984.0,0.0,0.0,0.0,3,6998.0,7006.0,1,6992.0,7002.0,7002.0,6984.0,5.0,34960.0,444
2023-05-09 22:00:35,PF2311,PF311,6984.0,0.0,0.0,0.0,2,6998.0,7006.0,1,6992.0,7002.0,7002.0,6984.0,5.0,34960.0,444
2023-05-09 22:00:36,PF2311,PF311,6984.0,0.0,0.0,0.0,1,6996.0,7004.0,1,6992.0,7002.0,7002.0,6984.0,5.0,34960.0,444
2023-05-09 22:00:36,PF2311,PF311,6984.0,0.0,0.0,0.0,1,6994.0,7004.0,1,6992.0,7002.0,7002.0,6984.0,5.0,34960.0,444
2023-05-09 22:00:37,PF2311,PF311,6984.0,0.0,0.0,0.0,3,6994.0,7004.0,1,6992.0,7002.0,7002.0,6984.0,5.0,34960.0,444
2023-05-09 22:00:39,PF2311,PF311,6984.0,0.0,0.0,0.0,1,6996.0,7006.0,1,6992.0,7002.0,7002.0,6984.0,5.0,34960.0,444
2023-05-09 22:00:39,PF2311,PF311,6984.0,0.0,0.0,0.0,2,6996.0,7006.0,1,6992.0,7002.0,7002.0,6984.0,5.0,34960.0,444
2023-05-09 22:00:40,PF2311,PF311,6984.0,0.0,0.0,0.0,3,6996.0,7006.0,1,6992.0,7002.0,7002.0,6984.0,5.0,34960.0,444
2023-05-09 22:00:42,PF2311,PF311,6984.0,0.0,0.0,0.0,3,6996.0,7004.0,1,6992.0,7002.0,7002.0,6984.0,5.0,34960.0,444
2023-05-09 22:00:43,PF2311,PF311,6984.0,0.0,0.0,0.0,2,6996.0,7004.0,1,6992.0,7002.0,7002.0,6984.0,5.0,34960.0,444
2023-05-09 22:00:43,PF2311,PF311,6984.0,0.0,0.0,0.0,1,6996.0,7004.0,1,6992.0,7002.0,7002.0,6984.0,5.0,34960.0,444
2023-05-09 22:00:48,PF2311,PF311,6984.0,0.0,0.0,0.0,1,6996.0,7006.0,1,6992.0,7002.0,7002.0,6984.0,5.0,34960.0,444
2023-05-09 22:00:49,PF2311,PF311,6984.0,0.0,0.0,0.0,1,6996.0,7004.0,1,6992.0,7002.0,7002.0,6984.0,5.0,34960.0,444
2023-05-09 22:00:50,PF2311,PF311,6984.0,0.0,0.0,0.0,2,6996.0,7004.0,1,6992.0,7002.0,7002.0,6984.0,5.0,34960.0,444
2023-05-09 22:00:53,PF2311,PF311,6984.0,0.0,0.0,0.0,1,6996.0,7004.0,1,6992.0,7002.0,7002.0,6984.0,5.0,34960.0,444
2023-05-09 22:01:01,PF2311,PF311,6984.0,0.0,0.0,0.0,1,6998.0,7004.0,1,6992.0,7002.0,7002.0,6984.0,5.0,34960.0,444
2023-05-09 22:01:18,PF2311,PF311,6984.0,0.0,0.0,0.0,1,6998.0,7006.0,1,6992.0,7002.0,7002.0,6984.0,5.0,34960.0,444
2023-05-09 22:01:23,PF2311,PF311,6984.0,0.0,0.0,0.0,1,6998.0,7004.0,1,6992.0,7002.0,7002.0,6984.0,5.0,34960.0,444
2023-05-09 22:01:23,PF2311,PF311,6984.0,0.0,0.0,0.0,1,6998.0,7006.0,1,6992.0,7002.0,7002.0,6984.0,5.0,34960.0,444
2023-05-09 22:01:38,PF2311,PF311,6984.0,0.0,0.0,0.0,1,7000.0,7008.0,1,6992.0,7002.0,7002.0,6984.0,5.0,34960.0,444
2023-05-09 22:01:39,PF2311,PF311,6984.0,0.0,0.0,0.0,1,7000.0,7010.0,1,6992.0,7002.0,7002.0,6984.0,5.0,34960.0,444
2023-05-09 22:01:40,PF2311,PF311,6984.0,0.0,0.0,0.0,2,7000.0,7012.0,1,6992.0,7002.0,7002.0,6984.0,5.0,34960.0,444
2023-05-09 22:01:41,PF2311,PF311,6984.0,0.0,0.0,0.0,3,7000.0,7012.0,1,6992.0,7002.0,7002.0,6984.0,5.0,34960.0,444
2023-05-09 22:01:42,PF2311,PF311,6984.0,0.0,0.0,0.0,1,7002.0,7012.0,1,6992.0,7002.0,7002.0,6984.0,5.0,34960.0,444
2023-05-09 22:01:43,PF2311,PF311,6984.0,0.0,0.0,0.0,1,7000.0,7012.0,1,6992.0,7002.0,7002.0,6984.0,5.0,34960.0,444
2023-05-09 22:01:44,PF2311,PF311,6984.0,0.0,0.0,0.0,3,7000.0,7012.0,1,6992.0,7002.0,7002.0,6984.0,5.0,34960.0,444
2023-05-09 22:01:44,PF2311,PF311,6984.0,0.0,0.0,0.0,1,7002.0,7012.0,1,6992.0,7002.0,7002.0,6984.0,5.0,34960.0,444
2023-05-09 22:01:45,PF2311,PF311,6984.0,0.0,0.0,0.0,1,7000.0,7012.0,1,6992.0,7002.0,7002.0,6984.0,5.0,34960.0,444
2023-05-09 22:01:46,PF2311,PF311,6984.0,0.0,0.0,0.0,2,7000.0,7012.0,1,6992.0,7002.0,7002.0,6984.0,5.0,34960.0,444
2023-05-09 22:01:47,PF2311,PF311,6984.0,0.0,0.0,0.0,3,7000.0,7012.0,1,6992.0,7002.0,7002.0,6984.0,5.0,34960.0,444
2023-05-09 22:01:48,PF2311,PF311,6984.0,0.0,0.0,0.0,1,7002.0,7012.0,1,6992.0,7002.0,7002.0,6984.0,5.0,34960.0,444
2023-05-09 22:01:49,PF2311,PF311,6984.0,0.0,0.0,0.0,1,7000.0,7012.0,1,6992.0,7002.0,7002.0,6984.0,5.0,34960.0,444
2023-05-09 22:01:49,PF2311,PF311,6984.0,0.0,0.0,0.0,1,7002.0,7012.0,1,6992.0,7002.0,7002.0,6984.0,5.0,34960.0,444
2023-05-09 22:01:50,PF2311,PF311,6984.0,0.0,0.0,0.0,1,7000.0,7012.0,1,6992.0,7002.0,7002.0,6984.0,5.0,34960.0,444
2023-05-09 22:01:51,PF2311,PF311,6984.0,0.0,0.0,0.0,3,7000.0,7012.0,1,6992.0,7002.0,7002.0,6984.0,5.0,34960.0,444
2023-05-09 22:01:56,PF2311,PF311,6984.0,0.0,0.0,0.0,2,7000.0,7010.0,1,6992.0,7002.0,7002.0,6984.0,5.0,34960.0,444
2023-05-09 22:01:58,PF2311,PF311,6984.0,0.0,0.0,0.0,1,7000.0,7010.0,1,6992.0,7002.0,7002.0,6984.0,5.0,34960.0,444
2023-05-09 22:01:59,PF2311,PF311,6984.0,0.0,0.0,0.0,2,7000.0,7010.0,1,6992.0,7002.0,7002.0,6984.0,5.0,34960.0,444
2023-05-09 22:02:03,PF2311,PF311,6984.0,0.0,0.0,0.0,2,7000.0,7012.0,1,6992.0,7002.0,7002.0,6984.0,5.0,34960.0,444
2023-05-09 22:02:03,PF2311,PF311,6984.0,0.0,0.0,0.0,3,7000.0,7012.0,1,6992.0,7002.0,7002.0,6984.0,5.0,34960.0,444
2023-05-09 22:02:05,PF2311,PF311,6984.0,0.0,0.0,0.0,2,7000.0,7012.0,1,6992.0,7002.0,7002.0,6984.0,5.0,34960.0,444
2023-05-09 22:02:06,PF2311,PF311,6984.0,0.0,0.0,0.0,2,7000.0,7010.0,1,6992.0,7002.0,7002.0,6984.0,5.0,34960.0,444
2023-05-09 22:02:08,PF2311,PF311,6984.0,0.0,0.0,0.0,3,7000.0,7010.0,1,6992.0,7002.0,7002.0,6984.0,5.0,34960.0,444
2023-05-09 22:02:09,PF2311,PF311,6984.0,0.0,0.0,0.0,2,7000.0,7010.0,1,6992.0,7002.0,7002.0,6984.0,5.0,34960.0,444
2023-05-09 22:02:09,PF2311,PF311,6984.0,0.0,0.0,0.0,2,7000.0,7012.0,1,6992.0,7002.0,7002.0,6984.0,5.0,34960.0,444
2023-05-09 22:02:10,PF2311,PF311,6984.0,0.0,0.0,0.0,1,7002.0,7012.0,1,6992.0,7002.0,7002.0,6984.0,5.0,34960.0,444
2023-05-09 22:02:12,PF2311,PF311,6984.0,0.0,0.0,0.0,1,7000.0,7010.0,1,6992.0,7002.0,7002.0,6984.0,5.0,34960.0,444
2023-05-09 22:02:13,PF2311,PF311,6984.0,0.0,0.0,0.0,2,7000.0,7010.0,1,6992.0,7002.0,7002.0,6984.0,5.0,34960.0,444
2023-05-09 22:02:14,PF2311,PF311,6984.0,0.0,0.0,0.0,1,7000.0,7008.0,1,6992.0,7002.0,7002.0,6984.0,5.0,34960.0,444
2023-05-09 22:02:20,PF2311,PF311,6984.0,0.0,0.0,0.0,1,6998.0,7008.0,1,6992.0,7002.0,7002.0,6984.0,5.0,34960.0,444
2023-05-09 22:02:24,PF2311,PF311,6984.0,0.0,0.0,0.0,1,7000.0,7008.0,1,6992.0,7002.0,7002.0,6984.0,5.0,34960.0,444
2023-05-09 22:03:00,PF2311,PF311,6984.0,0.0,0.0,0.0,2,7000.0,7008.0,1,6992.0,7002.0,7002.0,6984.0,5.0,34960.0,444
2023-05-09 22:03:07,PF2311,PF311,6984.0,0.0,0.0,0.0,1,7000.0,7008.0,1,6992.0,7002.0,7002.0,6984.0,5.0,34960.0,444
2023-05-09 22:03:07,PF2311,PF311,6984.0,0.0,0.0,0.0,1,7000.0,7006.0,1,6992.0,7002.0,7002.0,6984.0,5.0,34960.0,444
2023-05-09 22:03:22,PF2311,PF311,6984.0,0.0,0.0,0.0,2,6996.0,7006.0,1,6992.0,7002.0,7002.0,6984.0,5.0,34960.0,444
2023-05-09 22:03:22,PF2311,PF311,6984.0,0.0,0.0,0.0,1,6996.0,7006.0,1,6992.0,7002.0,7002.0,6984.0,5.0,34960.0,444
2023-05-09 22:03:26,PF2311,PF311,6984.0,0.0,0.0,0.0,1,6996.0,7004.0,1,6992.0,7002.0,7002.0,6984.0,5.0,34960.0,444
2023-05-09 22:03:34,PF2311,PF311,6984.0,0.0,0.0,0.0,1,6996.0,7002.0,1,6992.0,7002.0,7002.0,6984.0,5.0,34960.0,444
2023-05-09 22:03:37,PF2311,PF311,6984.0,0.0,0.0,0.0,1,6996.0,7004.0,1,6992.0,7002.0,7002.0,6984.0,5.0,34960.0,444
2023-05-09 22:03:43,PF2311,PF311,6984.0,0.0,0.0,0.0,1,6996.0,7002.0,1,6992.0,7002.0,7002.0,6984.0,5.0,34960.0,444
2023-05-09 22:03:44,PF2311,PF311,6984.0,0.0,0.0,0.0,1,6996.0,7000.0,1,6992.0,7002.0,7002.0,6984.0,5.0,34960.0,444
2023-05-09 22:03:44,PF2311,PF311,6984.0,0.0,0.0,0.0,1,6996.0,7002.0,1,6992.0,7002.0,7002.0,6984.0,5.0,34960.0,444
2023-05-09 22:05:25,PF2311,PF311,6984.0,0.0,0.0,0.0,1,6990.0,7002.0,1,6992.0,7002.0,7002.0,6984.0,5.0,34960.0,444
2023-05-09 22:05:26,PF2311,PF311,6984.0,0.0,0.0,0.0,3,6990.0,7002.0,1,6992.0,7002.0,7002.0,6984.0,5.0,34960.0,444
2023-05-09 22:05:39,PF2311,PF311,6984.0,0.0,0.0,0.0,2,6990.0,7002.0,1,6992.0,7002.0,7002.0,6984.0,5.0,34960.0,444
2023-05-09 22:05:43,PF2311,PF311,6984.0,0.0,0.0,0.0,2,6990.0,7000.0,1,6992.0,7002.0,7002.0,6984.0,5.0,34960.0,444
2023-05-09 22:05:44,PF2311,PF311,6984.0,0.0,0.0,0.0,2,6990.0,7002.0,1,6992.0,7002.0,7002.0,6984.0,5.0,34960.0,444
2023-05-09 22:05:52,PF2311,PF311,6984.0,0.0,0.0,0.0,2,6990.0,7000.0,1,6992.0,7002.0,7002.0,6984.0,5.0,34960.0,444
2023-05-09 22:05:54,PF2311,PF311,6984.0,0.0,0.0,0.0,1,6992.0,7000.0,1,6992.0,7002.0,7002.0,6984.0,5.0,34960.0,444
2023-05-09 22:05:57,PF2311,PF311,6984.0,0.0,0.0,0.0,1,6992.0,7002.0,1,6992.0,7002.0,7002.0,6984.0,5.0,34960.0,444
2023-05-09 22:05:58,PF2311,PF311,6984.0,0.0,0.0,0.0,1,6992.0,7000.0,1,6992.0,7002.0,7002.0,6984.0,5.0,34960.0,444
2023-05-09 22:06:01,PF2311,PF311,6984.0,0.0,0.0,0.0,1,6992.0,6998.0,1,6992.0,7002.0,7002.0,6984.0,5.0,34960.0,444
2023-05-09 22:06:14,PF2311,PF311,6984.0,0.0,0.0,0.0,1,6992.0,6996.0,1,6992.0,7002.0,7002.0,6984.0,5.0,34960.0,444
2023-05-09 22:06:14,PF2311,PF311,6984.0,0.0,0.0,0.0,1,6988.0,6996.0,1,6992.0,7002.0,7002.0,6984.0,5.0,34960.0,444
2023-05-09 22:06:22,PF2311,PF311,6984.0,0.0,0.0,0.0,1,6986.0,6996.0,1,6992.0,7002.0,7002.0,6984.0,5.0,34960.0,444
2023-05-09 22:06:22,PF2311,PF311,6984.0,0.0,0.0,0.0,2,6986.0,6996.0,1,6992.0,7002.0,7002.0,6984.0,5.0,34960.0,444
2023-05-09 22:06:29,PF2311,PF311,6984.0,0.0,0.0,0.0,1,6986.0,6996.0,1,6992.0,7002.0,7002.0,6984.0,5.0,34960.0,444
2023-05-09 22:06:29,PF2311,PF311,6984.0,0.0,0.0,0.0,1,6984.0,6996.0,1,6992.0,7002.0,7002.0,6984.0,5.0,34960.0,444
