time,symbol_id,symbol_name,last,trade_volume,trade_amount,open_interest_change,bv1,bp1,ap1,av1,yesterday_close,today_open,today_high,today_low,volume,amount,open_interest
2023-05-09 19:10:58,PF2404,PF404,7002.0,0.0,0.0,0.0,0,0.0,0.0,0,7002.0,6932.0,0.0,0.0,0.0,0.0,1
2023-05-09 21:00:02,PF2404,PF404,7002.0,0.0,0.0,0.0,1,6484.0,7452.0,1,7002.0,6932.0,0.0,0.0,0.0,0.0,1
2023-05-09 21:00:04,PF2404,PF404,7002.0,0.0,0.0,0.0,1,6486.0,7450.0,1,7002.0,6932.0,0.0,0.0,0.0,0.0,1
2023-05-09 21:00:05,PF2404,PF404,7002.0,0.0,0.0,0.0,1,6490.0,7446.0,1,7002.0,6932.0,0.0,0.0,0.0,0.0,1
2023-05-09 21:00:06,PF2404,PF404,7002.0,0.0,0.0,0.0,1,6490.0,7444.0,1,7002.0,6932.0,0.0,0.0,0.0,0.0,1
2023-05-09 21:00:06,PF2404,PF404,7002.0,0.0,0.0,0.0,1,6490.0,7440.0,1,7002.0,6932.0,0.0,0.0,0.0,0.0,1
2023-05-09 21:00:07,PF2404,PF404,7002.0,0.0,0.0,0.0,2,6492.0,7440.0,1,7002.0,6932.0,0.0,0.0,0.0,0.0,1
2023-05-09 21:00:07,PF2404,PF404,7002.0,0.0,0.0,0.0,1,6496.0,7438.0,2,7002.0,6932.0,0.0,0.0,0.0,0.0,1
2023-05-09 21:00:08,PF2404,PF404,7002.0,0.0,0.0,0.0,1,6782.0,7134.0,1,7002.0,6932.0,0.0,0.0,0.0,0.0,1
2023-05-09 21:00:08,PF2404,PF404,7002.0,0.0,0.0,0.0,1,6786.0,7130.0,1,7002.0,6932.0,0.0,0.0,0.0,0.0,1
2023-05-09 21:00:09,PF2404,PF404,7002.0,0.0,0.0,0.0,2,6786.0,7130.0,2,7002.0,6932.0,0.0,0.0,0.0,0.0,1
2023-05-09 21:00:11,PF2404,PF404,7002.0,0.0,0.0,0.0,1,6788.0,7128.0,1,7002.0,6932.0,0.0,0.0,0.0,0.0,1
2023-05-09 21:00:11,PF2404,PF404,7002.0,0.0,0.0,0.0,1,6792.0,7124.0,1,7002.0,6932.0,0.0,0.0,0.0,0.0,1
2023-05-09 21:00:12,PF2404,PF404,7002.0,0.0,0.0,0.0,1,6792.0,7122.0,1,7002.0,6932.0,0.0,0.0,0.0,0.0,1
2023-05-09 21:00:12,PF2404,PF404,7002.0,0.0,0.0,0.0,1,6792.0,7118.0,1,7002.0,6932.0,0.0,0.0,0.0,0.0,1
2023-05-09 21:00:14,PF2404,PF404,7002.0,0.0,0.0,0.0,1,6794.0,7118.0,1,7002.0,6932.0,0.0,0.0,0.0,0.0,1
2023-05-09 21:00:15,PF2404,PF404,7002.0,0.0,0.0,0.0,1,6798.0,7116.0,2,7002.0,6932.0,0.0,0.0,0.0,0.0,1
2023-05-09 21:00:15,PF2404,PF404,7002.0,0.0,0.0,0.0,1,6798.0,7112.0,1,7002.0,6932.0,0.0,0.0,0.0,0.0,1
2023-05-09 21:00:17,PF2404,PF404,7002.0,0.0,0.0,0.0,1,6912.0,7048.0,1,7002.0,6932.0,0.0,0.0,0.0,0.0,1
2023-05-09 21:00:18,PF2404,PF404,7002.0,0.0,0.0,0.0,2,6912.0,7048.0,2,7002.0,6932.0,0.0,0.0,0.0,0.0,1
2023-05-09 21:00:20,PF2404,PF404,7002.0,0.0,0.0,0.0,2,6912.0,7046.0,1,7002.0,6932.0,0.0,0.0,0.0,0.0,1
2023-05-09 21:00:26,PF2404,PF404,7002.0,0.0,0.0,0.0,2,6912.0,7046.0,2,7002.0,6932.0,0.0,0.0,0.0,0.0,1
2023-05-09 21:00:28,PF2404,PF404,7002.0,0.0,0.0,0.0,2,6912.0,7044.0,1,7002.0,6932.0,0.0,0.0,0.0,0.0,1
2023-05-09 21:00:28,PF2404,PF404,7002.0,0.0,0.0,0.0,2,6912.0,7042.0,1,7002.0,6932.0,0.0,0.0,0.0,0.0,1
2023-05-09 21:00:33,PF2404,PF404,7002.0,0.0,0.0,0.0,2,6912.0,7040.0,2,7002.0,6932.0,0.0,0.0,0.0,0.0,1
2023-05-09 21:00:33,PF2404,PF404,7002.0,0.0,0.0,0.0,2,6912.0,7038.0,1,7002.0,6932.0,0.0,0.0,0.0,0.0,1
2023-05-09 21:00:34,PF2404,PF404,7002.0,0.0,0.0,0.0,1,6912.0,7016.0,1,7002.0,6932.0,0.0,0.0,0.0,0.0,1
2023-05-09 21:00:35,PF2404,PF404,7002.0,0.0,0.0,0.0,1,6912.0,7016.0,2,7002.0,6932.0,0.0,0.0,0.0,0.0,1
2023-05-09 21:00:39,PF2404,PF404,7002.0,0.0,0.0,0.0,1,6912.0,7014.0,1,7002.0,6932.0,0.0,0.0,0.0,0.0,1
2023-05-09 21:01:02,PF2404,PF404,7002.0,0.0,0.0,0.0,2,6914.0,7014.0,1,7002.0,6932.0,0.0,0.0,0.0,0.0,1
2023-05-09 21:01:07,PF2404,PF404,7002.0,0.0,0.0,0.0,3,6914.0,7014.0,1,7002.0,6932.0,0.0,0.0,0.0,0.0,1
2023-05-09 21:01:15,PF2404,PF404,7002.0,0.0,0.0,0.0,2,6914.0,7014.0,1,7002.0,6932.0,0.0,0.0,0.0,0.0,1
2023-05-09 21:01:44,PF2404,PF404,7002.0,0.0,0.0,0.0,2,6914.0,7004.0,1,7002.0,6932.0,0.0,0.0,0.0,0.0,1
2023-05-09 21:01:45,PF2404,PF404,7002.0,0.0,0.0,0.0,2,6914.0,7002.0,1,7002.0,6932.0,0.0,0.0,0.0,0.0,1
2023-05-09 21:02:24,PF2404,PF404,7002.0,0.0,0.0,0.0,2,6914.0,7016.0,1,7002.0,6932.0,0.0,0.0,0.0,0.0,1
2023-05-09 21:02:24,PF2404,PF404,7002.0,0.0,0.0,0.0,2,6914.0,7014.0,1,7002.0,6932.0,0.0,0.0,0.0,0.0,1
2023-05-09 21:02:27,PF2404,PF404,7002.0,0.0,0.0,0.0,3,6914.0,7014.0,1,7002.0,6932.0,0.0,0.0,0.0,0.0,1
2023-05-09 21:03:46,PF2404,PF404,7002.0,0.0,0.0,0.0,1,6916.0,7014.0,1,7002.0,6932.0,0.0,0.0,0.0,0.0,1
2023-05-09 21:04:08,PF2404,PF404,7002.0,0.0,0.0,0.0,3,6914.0,7014.0,1,7002.0,6932.0,0.0,0.0,0.0,0.0,1
2023-05-09 21:04:23,PF2404,PF404,7002.0,0.0,0.0,0.0,2,6914.0,7014.0,1,7002.0,6932.0,0.0,0.0,0.0,0.0,1
2023-05-09 21:05:07,PF2404,PF404,7002.0,0.0,0.0,0.0,3,6914.0,7014.0,1,7002.0,6932.0,0.0,0.0,0.0,0.0,1
2023-05-09 21:05:17,PF2404,PF404,7002.0,0.0,0.0,0.0,2,6914.0,7014.0,1,7002.0,6932.0,0.0,0.0,0.0,0.0,1
2023-05-09 21:05:47,PF2404,PF404,7002.0,0.0,0.0,0.0,1,6912.0,7014.0,1,7002.0,6932.0,0.0,0.0,0.0,0.0,1
2023-05-09 21:05:48,PF2404,PF404,7002.0,0.0,0.0,0.0,1,6902.0,7014.0,1,7002.0,6932.0,0.0,0.0,0.0,0.0,1
2023-05-09 21:05:48,PF2404,PF404,7002.0,0.0,0.0,0.0,2,6902.0,7014.0,1,7002.0,6932.0,0.0,0.0,0.0,0.0,1
2023-05-09 21:05:55,PF2404,PF404,7002.0,0.0,0.0,0.0,1,6910.0,7014.0,1,7002.0,6932.0,0.0,0.0,0.0,0.0,1
2023-05-09 21:06:38,PF2404,PF404,7002.0,0.0,0.0,0.0,2,6912.0,7014.0,1,7002.0,6932.0,0.0,0.0,0.0,0.0,1
2023-05-09 21:07:39,PF2404,PF404,7002.0,0.0,0.0,0.0,3,6914.0,7014.0,1,7002.0,6932.0,0.0,0.0,0.0,0.0,1
2023-05-09 21:07:56,PF2404,PF404,7002.0,0.0,0.0,0.0,2,6912.0,7014.0,1,7002.0,6932.0,0.0,0.0,0.0,0.0,1
2023-05-09 21:08:21,PF2404,PF404,7002.0,0.0,0.0,0.0,1,6914.0,7014.0,1,7002.0,6932.0,0.0,0.0,0.0,0.0,1
2023-05-09 21:08:56,PF2404,PF404,7002.0,0.0,0.0,0.0,1,6914.0,7012.0,1,7002.0,6932.0,0.0,0.0,0.0,0.0,1
2023-05-09 21:08:58,PF2404,PF404,7002.0,0.0,0.0,0.0,1,6914.0,7010.0,1,7002.0,6932.0,0.0,0.0,0.0,0.0,1
2023-05-09 21:09:00,PF2404,PF404,7002.0,0.0,0.0,0.0,1,6914.0,7008.0,1,7002.0,6932.0,0.0,0.0,0.0,0.0,1
2023-05-09 21:09:07,PF2404,PF404,7002.0,0.0,0.0,0.0,1,6914.0,7006.0,1,7002.0,6932.0,0.0,0.0,0.0,0.0,1
2023-05-09 21:09:11,PF2404,PF404,7002.0,0.0,0.0,0.0,1,6914.0,7004.0,1,7002.0,6932.0,0.0,0.0,0.0,0.0,1
2023-05-09 21:09:12,PF2404,PF404,7002.0,0.0,0.0,0.0,2,6914.0,7004.0,1,7002.0,6932.0,0.0,0.0,0.0,0.0,1
2023-05-09 21:09:13,PF2404,PF404,7002.0,0.0,0.0,0.0,2,6914.0,7002.0,1,7002.0,6932.0,0.0,0.0,0.0,0.0,1
2023-05-09 21:09:16,PF2404,PF404,7002.0,0.0,0.0,0.0,2,6914.0,7016.0,1,7002.0,6932.0,0.0,0.0,0.0,0.0,1
2023-05-09 21:09:16,PF2404,PF404,7002.0,0.0,0.0,0.0,2,6914.0,7014.0,2,7002.0,6932.0,0.0,0.0,0.0,0.0,1
2023-05-09 21:09:18,PF2404,PF404,7002.0,0.0,0.0,0.0,2,6914.0,7014.0,3,7002.0,6932.0,0.0,0.0,0.0,0.0,1
2023-05-09 21:09:25,PF2404,PF404,7002.0,0.0,0.0,0.0,2,6916.0,7014.0,3,7002.0,6932.0,0.0,0.0,0.0,0.0,1
2023-05-09 21:09:37,PF2404,PF404,7002.0,0.0,0.0,0.0,1,6918.0,7014.0,3,7002.0,6932.0,0.0,0.0,0.0,0.0,1
2023-05-09 21:10:48,PF2404,PF404,7002.0,0.0,0.0,0.0,2,6920.0,7014.0,3,7002.0,6932.0,0.0,0.0,0.0,0.0,1
2023-05-09 21:10:49,PF2404,PF404,7002.0,0.0,0.0,0.0,1,6922.0,7014.0,3,7002.0,6932.0,0.0,0.0,0.0,0.0,1
2023-05-09 21:11:31,PF2404,PF404,7002.0,0.0,0.0,0.0,2,6924.0,7014.0,3,7002.0,6932.0,0.0,0.0,0.0,0.0,1
2023-05-09 21:11:31,PF2404,PF404,7002.0,0.0,0.0,0.0,3,6924.0,7014.0,3,7002.0,6932.0,0.0,0.0,0.0,0.0,1
2023-05-09 21:11:32,PF2404,PF404,7002.0,0.0,0.0,0.0,1,6926.0,7014.0,3,7002.0,6932.0,0.0,0.0,0.0,0.0,1
2023-05-09 21:12:12,PF2404,PF404,7002.0,0.0,0.0,0.0,1,6926.0,7012.0,2,7002.0,6932.0,0.0,0.0,0.0,0.0,1
2023-05-09 21:12:13,PF2404,PF404,7002.0,0.0,0.0,0.0,1,6926.0,7010.0,2,7002.0,6932.0,0.0,0.0,0.0,0.0,1
2023-05-09 21:12:54,PF2404,PF404,7002.0,0.0,0.0,0.0,2,6928.0,7010.0,2,7002.0,6932.0,0.0,0.0,0.0,0.0,1
2023-05-09 21:12:55,PF2404,PF404,7002.0,0.0,0.0,0.0,1,6930.0,7010.0,2,7002.0,6932.0,0.0,0.0,0.0,0.0,1
2023-05-09 21:12:59,PF2404,PF404,7002.0,0.0,0.0,0.0,2,6928.0,7010.0,2,7002.0,6932.0,0.0,0.0,0.0,0.0,1
2023-05-09 21:13:00,PF2404,PF404,7002.0,0.0,0.0,0.0,3,6928.0,7010.0,2,7002.0,6932.0,0.0,0.0,0.0,0.0,1
2023-05-09 21:13:03,PF2404,PF404,7002.0,0.0,0.0,0.0,2,6928.0,7010.0,2,7002.0,6932.0,0.0,0.0,0.0,0.0,1
2023-05-09 21:13:29,PF2404,PF404,7002.0,0.0,0.0,0.0,3,6928.0,7010.0,2,7002.0,6932.0,0.0,0.0,0.0,0.0,1
2023-05-09 21:13:32,PF2404,PF404,7002.0,0.0,0.0,0.0,2,6928.0,7010.0,2,7002.0,6932.0,0.0,0.0,0.0,0.0,1
2023-05-09 21:13:33,PF2404,PF404,7002.0,0.0,0.0,0.0,1,6930.0,7010.0,2,7002.0,6932.0,0.0,0.0,0.0,0.0,1
2023-05-09 21:13:40,PF2404,PF404,7002.0,0.0,0.0,0.0,2,6928.0,7010.0,2,7002.0,6932.0,0.0,0.0,0.0,0.0,1
2023-05-09 21:13:41,PF2404,PF404,7002.0,0.0,0.0,0.0,3,6928.0,7010.0,2,7002.0,6932.0,0.0,0.0,0.0,0.0,1
2023-05-09 21:13:47,PF2404,PF404,7002.0,0.0,0.0,0.0,2,6928.0,7010.0,2,7002.0,6932.0,0.0,0.0,0.0,0.0,1
2023-05-09 21:13:47,PF2404,PF404,7002.0,0.0,0.0,0.0,1,6930.0,7010.0,2,7002.0,6932.0,0.0,0.0,0.0,0.0,1
2023-05-09 21:13:54,PF2404,PF404,7002.0,0.0,0.0,0.0,2,6928.0,7010.0,2,7002.0,6932.0,0.0,0.0,0.0,0.0,1
2023-05-09 21:13:55,PF2404,PF404,7002.0,0.0,0.0,0.0,3,6928.0,7010.0,2,7002.0,6932.0,0.0,0.0,0.0,0.0,1
2023-05-09 21:13:58,PF2404,PF404,7002.0,0.0,0.0,0.0,2,6928.0,7010.0,2,7002.0,6932.0,0.0,0.0,0.0,0.0,1
2023-05-09 21:13:58,PF2404,PF404,7002.0,0.0,0.0,0.0,1,6930.0,7010.0,2,7002.0,6932.0,0.0,0.0,0.0,0.0,1
2023-05-09 21:14:01,PF2404,PF404,7002.0,0.0,0.0,0.0,2,6928.0,7010.0,2,7002.0,6932.0,0.0,0.0,0.0,0.0,1
2023-05-09 21:14:02,PF2404,PF404,7002.0,0.0,0.0,0.0,3,6928.0,7010.0,2,7002.0,6932.0,0.0,0.0,0.0,0.0,1
2023-05-09 21:14:34,PF2404,PF404,7002.0,0.0,0.0,0.0,2,6928.0,7010.0,2,7002.0,6932.0,0.0,0.0,0.0,0.0,1
2023-05-09 21:14:40,PF2404,PF404,7002.0,0.0,0.0,0.0,3,6928.0,7010.0,2,7002.0,6932.0,0.0,0.0,0.0,0.0,1
2023-05-09 21:14:43,PF2404,PF404,7002.0,0.0,0.0,0.0,2,6928.0,7010.0,2,7002.0,6932.0,0.0,0.0,0.0,0.0,1
2023-05-09 21:14:44,PF2404,PF404,7002.0,0.0,0.0,0.0,1,6930.0,7010.0,2,7002.0,6932.0,0.0,0.0,0.0,0.0,1
2023-05-09 21:14:47,PF2404,PF404,7002.0,0.0,0.0,0.0,2,6928.0,7010.0,2,7002.0,6932.0,0.0,0.0,0.0,0.0,1
2023-05-09 21:14:47,PF2404,PF404,7002.0,0.0,0.0,0.0,3,6928.0,7010.0,2,7002.0,6932.0,0.0,0.0,0.0,0.0,1
2023-05-09 21:14:52,PF2404,PF404,7002.0,0.0,0.0,0.0,2,6928.0,7010.0,2,7002.0,6932.0,0.0,0.0,0.0,0.0,1
2023-05-09 21:14:57,PF2404,PF404,7002.0,0.0,0.0,0.0,3,6928.0,7010.0,2,7002.0,6932.0,0.0,0.0,0.0,0.0,1
2023-05-09 21:15:01,PF2404,PF404,7002.0,0.0,0.0,0.0,2,6928.0,7010.0,2,7002.0,6932.0,0.0,0.0,0.0,0.0,1
2023-05-09 21:15:02,PF2404,PF404,7002.0,0.0,0.0,0.0,3,6928.0,7010.0,2,7002.0,6932.0,0.0,0.0,0.0,0.0,1
2023-05-09 21:15:05,PF2404,PF404,7002.0,0.0,0.0,0.0,2,6928.0,7010.0,2,7002.0,6932.0,0.0,0.0,0.0,0.0,1
2023-05-09 21:15:06,PF2404,PF404,7002.0,0.0,0.0,0.0,1,6930.0,7010.0,2,7002.0,6932.0,0.0,0.0,0.0,0.0,1
2023-05-09 21:15:09,PF2404,PF404,7002.0,0.0,0.0,0.0,2,6928.0,7010.0,2,7002.0,6932.0,0.0,0.0,0.0,0.0,1
2023-05-09 21:15:09,PF2404,PF404,7002.0,0.0,0.0,0.0,3,6928.0,7010.0,2,7002.0,6932.0,0.0,0.0,0.0,0.0,1
2023-05-09 21:15:17,PF2404,PF404,7002.0,0.0,0.0,0.0,2,6928.0,7010.0,2,7002.0,6932.0,0.0,0.0,0.0,0.0,1
2023-05-09 21:15:33,PF2404,PF404,7002.0,0.0,0.0,0.0,3,6928.0,7010.0,2,7002.0,6932.0,0.0,0.0,0.0,0.0,1
2023-05-09 21:15:38,PF2404,PF404,7002.0,0.0,0.0,0.0,2,6928.0,7010.0,2,7002.0,6932.0,0.0,0.0,0.0,0.0,1
2023-05-09 21:15:39,PF2404,PF404,7002.0,0.0,0.0,0.0,3,6928.0,7010.0,2,7002.0,6932.0,0.0,0.0,0.0,0.0,1
2023-05-09 21:15:59,PF2404,PF404,7002.0,0.0,0.0,0.0,2,6928.0,7010.0,2,7002.0,6932.0,0.0,0.0,0.0,0.0,1
2023-05-09 21:15:59,PF2404,PF404,7002.0,0.0,0.0,0.0,1,6930.0,7010.0,2,7002.0,6932.0,0.0,0.0,0.0,0.0,1
2023-05-09 21:16:03,PF2404,PF404,7002.0,0.0,0.0,0.0,2,6928.0,7010.0,2,7002.0,6932.0,0.0,0.0,0.0,0.0,1
2023-05-09 21:16:04,PF2404,PF404,7002.0,0.0,0.0,0.0,3,6928.0,7010.0,2,7002.0,6932.0,0.0,0.0,0.0,0.0,1
2023-05-09 21:16:07,PF2404,PF404,7002.0,0.0,0.0,0.0,2,6928.0,7010.0,2,7002.0,6932.0,0.0,0.0,0.0,0.0,1
2023-05-09 21:16:07,PF2404,PF404,7002.0,0.0,0.0,0.0,1,6930.0,7010.0,2,7002.0,6932.0,0.0,0.0,0.0,0.0,1
2023-05-09 21:16:55,PF2404,PF404,7002.0,0.0,0.0,0.0,1,6924.0,7010.0,2,7002.0,6932.0,0.0,0.0,0.0,0.0,1
2023-05-09 21:16:56,PF2404,PF404,7002.0,0.0,0.0,0.0,1,6926.0,7010.0,2,7002.0,6932.0,0.0,0.0,0.0,0.0,1
2023-05-09 21:16:57,PF2404,PF404,7002.0,0.0,0.0,0.0,2,6926.0,7010.0,2,7002.0,6932.0,0.0,0.0,0.0,0.0,1
2023-05-09 21:17:02,PF2404,PF404,7002.0,0.0,0.0,0.0,2,6928.0,7010.0,2,7002.0,6932.0,0.0,0.0,0.0,0.0,1
2023-05-09 21:17:03,PF2404,PF404,7002.0,0.0,0.0,0.0,3,6928.0,7010.0,2,7002.0,6932.0,0.0,0.0,0.0,0.0,1
2023-05-09 21:17:08,PF2404,PF404,7002.0,0.0,0.0,0.0,2,6928.0,7010.0,2,7002.0,6932.0,0.0,0.0,0.0,0.0,1
2023-05-09 21:17:09,PF2404,PF404,7002.0,0.0,0.0,0.0,1,6930.0,7010.0,2,7002.0,6932.0,0.0,0.0,0.0,0.0,1
2023-05-09 21:17:56,PF2404,PF404,7002.0,0.0,0.0,0.0,1,6926.0,7010.0,2,7002.0,6932.0,0.0,0.0,0.0,0.0,1
2023-05-09 21:17:57,PF2404,PF404,7002.0,0.0,0.0,0.0,1,6928.0,7010.0,2,7002.0,6932.0,0.0,0.0,0.0,0.0,1
2023-05-09 21:18:24,PF2404,PF404,7002.0,0.0,0.0,0.0,2,6930.0,7010.0,2,7002.0,6932.0,0.0,0.0,0.0,0.0,1
2023-05-09 21:19:38,PF2404,PF404,7002.0,0.0,0.0,0.0,1,6932.0,7010.0,2,7002.0,6932.0,0.0,0.0,0.0,0.0,1
2023-05-09 21:19:47,PF2404,PF404,6932.0,1.0,6932.0,1.0,2,6930.0,7010.0,2,7002.0,6932.0,6932.0,6932.0,1.0,6932.0,2
2023-05-09 21:19:48,PF2404,PF404,6932.0,0.0,0.0,0.0,1,6956.0,7010.0,2,7002.0,6932.0,6932.0,6932.0,1.0,6932.0,2
2023-05-09 21:19:48,PF2404,PF404,6932.0,0.0,0.0,0.0,2,6956.0,7010.0,2,7002.0,6932.0,6932.0,6932.0,1.0,6932.0,2
2023-05-09 21:19:48,PF2404,PF404,6932.0,0.0,0.0,0.0,1,6956.0,7010.0,2,7002.0,6932.0,6932.0,6932.0,1.0,6932.0,2
2023-05-09 21:19:48,PF2404,PF404,6932.0,0.0,0.0,0.0,2,6956.0,7010.0,2,7002.0,6932.0,6932.0,6932.0,1.0,6932.0,2
2023-05-09 21:20:28,PF2404,PF404,6932.0,0.0,0.0,0.0,2,6956.0,7008.0,2,7002.0,6932.0,6932.0,6932.0,1.0,6932.0,2
2023-05-09 21:20:32,PF2404,PF404,6932.0,0.0,0.0,0.0,2,6956.0,7006.0,2,7002.0,6932.0,6932.0,6932.0,1.0,6932.0,2
2023-05-09 21:20:42,PF2404,PF404,6932.0,0.0,0.0,0.0,2,6956.0,7000.0,3,7002.0,6932.0,6932.0,6932.0,1.0,6932.0,2
2023-05-09 21:20:56,PF2404,PF404,6932.0,0.0,0.0,0.0,2,6956.0,7000.0,5,7002.0,6932.0,6932.0,6932.0,1.0,6932.0,2
2023-05-09 21:21:06,PF2404,PF404,6932.0,0.0,0.0,0.0,2,6956.0,7000.0,3,7002.0,6932.0,6932.0,6932.0,1.0,6932.0,2
2023-05-09 21:21:07,PF2404,PF404,6932.0,0.0,0.0,0.0,2,6956.0,6998.0,2,7002.0,6932.0,6932.0,6932.0,1.0,6932.0,2
2023-05-09 21:21:11,PF2404,PF404,6932.0,0.0,0.0,0.0,2,6956.0,6996.0,2,7002.0,6932.0,6932.0,6932.0,1.0,6932.0,2
2023-05-09 21:21:12,PF2404,PF404,6932.0,0.0,0.0,0.0,2,6956.0,6996.0,4,7002.0,6932.0,6932.0,6932.0,1.0,6932.0,2
2023-05-09 21:21:12,PF2404,PF404,6932.0,0.0,0.0,0.0,2,6956.0,6996.0,2,7002.0,6932.0,6932.0,6932.0,1.0,6932.0,2
2023-05-09 21:21:12,PF2404,PF404,6932.0,0.0,0.0,0.0,2,6956.0,6996.0,4,7002.0,6932.0,6932.0,6932.0,1.0,6932.0,2
2023-05-09 21:21:12,PF2404,PF404,6932.0,0.0,0.0,0.0,2,6956.0,6996.0,2,7002.0,6932.0,6932.0,6932.0,1.0,6932.0,2
2023-05-09 21:21:20,PF2404,PF404,6932.0,0.0,0.0,0.0,2,6956.0,6994.0,3,7002.0,6932.0,6932.0,6932.0,1.0,6932.0,2
2023-05-09 21:21:22,PF2404,PF404,6932.0,0.0,0.0,0.0,2,6956.0,6992.0,3,7002.0,6932.0,6932.0,6932.0,1.0,6932.0,2
2023-05-09 21:21:23,PF2404,PF404,6932.0,0.0,0.0,0.0,2,6956.0,6992.0,4,7002.0,6932.0,6932.0,6932.0,1.0,6932.0,2
2023-05-09 21:21:34,PF2404,PF404,6932.0,0.0,0.0,0.0,2,6956.0,6990.0,3,7002.0,6932.0,6932.0,6932.0,1.0,6932.0,2
2023-05-09 21:21:40,PF2404,PF404,6932.0,0.0,0.0,0.0,2,6956.0,6988.0,3,7002.0,6932.0,6932.0,6932.0,1.0,6932.0,2
2023-05-09 21:21:43,PF2404,PF404,6932.0,0.0,0.0,0.0,2,6956.0,6990.0,3,7002.0,6932.0,6932.0,6932.0,1.0,6932.0,2
2023-05-09 21:21:47,PF2404,PF404,6932.0,0.0,0.0,0.0,2,6956.0,6992.0,1,7002.0,6932.0,6932.0,6932.0,1.0,6932.0,2
2023-05-09 21:21:47,PF2404,PF404,6932.0,0.0,0.0,0.0,2,6956.0,6988.0,3,7002.0,6932.0,6932.0,6932.0,1.0,6932.0,2
2023-05-09 21:21:50,PF2404,PF404,6932.0,0.0,0.0,0.0,2,6956.0,6990.0,3,7002.0,6932.0,6932.0,6932.0,1.0,6932.0,2
2023-05-09 21:21:52,PF2404,PF404,6932.0,0.0,0.0,0.0,2,6956.0,6992.0,4,7002.0,6932.0,6932.0,6932.0,1.0,6932.0,2
2023-05-09 21:21:53,PF2404,PF404,6932.0,0.0,0.0,0.0,2,6956.0,6988.0,2,7002.0,6932.0,6932.0,6932.0,1.0,6932.0,2
2023-05-09 21:21:54,PF2404,PF404,6932.0,0.0,0.0,0.0,2,6956.0,6992.0,4,7002.0,6932.0,6932.0,6932.0,1.0,6932.0,2
2023-05-09 21:21:57,PF2404,PF404,6932.0,0.0,0.0,0.0,2,6956.0,6990.0,3,7002.0,6932.0,6932.0,6932.0,1.0,6932.0,2
2023-05-09 21:22:18,PF2404,PF404,6932.0,0.0,0.0,0.0,2,6956.0,6988.0,2,7002.0,6932.0,6932.0,6932.0,1.0,6932.0,2
2023-05-09 21:22:23,PF2404,PF404,6932.0,0.0,0.0,0.0,2,6956.0,6986.0,3,7002.0,6932.0,6932.0,6932.0,1.0,6932.0,2
2023-05-09 21:22:35,PF2404,PF404,6932.0,0.0,0.0,0.0,2,6956.0,6984.0,2,7002.0,6932.0,6932.0,6932.0,1.0,6932.0,2
2023-05-09 21:22:37,PF2404,PF404,6932.0,0.0,0.0,0.0,2,6956.0,6986.0,3,7002.0,6932.0,6932.0,6932.0,1.0,6932.0,2
2023-05-09 21:23:00,PF2404,PF404,6932.0,0.0,0.0,0.0,1,6956.0,6986.0,3,7002.0,6932.0,6932.0,6932.0,1.0,6932.0,2
2023-05-09 21:23:01,PF2404,PF404,6932.0,0.0,0.0,0.0,1,6956.0,6986.0,5,7002.0,6932.0,6932.0,6932.0,1.0,6932.0,2
2023-05-09 21:23:06,PF2404,PF404,6932.0,0.0,0.0,0.0,1,6956.0,6986.0,3,7002.0,6932.0,6932.0,6932.0,1.0,6932.0,2
2023-05-09 21:23:07,PF2404,PF404,6932.0,0.0,0.0,0.0,1,6956.0,6986.0,5,7002.0,6932.0,6932.0,6932.0,1.0,6932.0,2
2023-05-09 21:23:17,PF2404,PF404,6932.0,0.0,0.0,0.0,1,6956.0,6984.0,2,7002.0,6932.0,6932.0,6932.0,1.0,6932.0,2
2023-05-09 21:23:19,PF2404,PF404,6932.0,0.0,0.0,0.0,1,6956.0,6986.0,5,7002.0,6932.0,6932.0,6932.0,1.0,6932.0,2
2023-05-09 21:23:20,PF2404,PF404,6932.0,0.0,0.0,0.0,1,6956.0,6986.0,2,7002.0,6932.0,6932.0,6932.0,1.0,6932.0,2
2023-05-09 21:23:26,PF2404,PF404,6932.0,0.0,0.0,0.0,1,6956.0,6992.0,1,7002.0,6932.0,6932.0,6932.0,1.0,6932.0,2
2023-05-09 21:23:26,PF2404,PF404,6932.0,0.0,0.0,0.0,1,6956.0,6990.0,2,7002.0,6932.0,6932.0,6932.0,1.0,6932.0,2
2023-05-09 21:23:59,PF2404,PF404,6932.0,0.0,0.0,0.0,1,6956.0,6988.0,2,7002.0,6932.0,6932.0,6932.0,1.0,6932.0,2
2023-05-09 21:24:00,PF2404,PF404,6932.0,0.0,0.0,0.0,1,6956.0,6986.0,2,7002.0,6932.0,6932.0,6932.0,1.0,6932.0,2
2023-05-09 21:24:37,PF2404,PF404,6932.0,0.0,0.0,0.0,1,6956.0,6992.0,1,7002.0,6932.0,6932.0,6932.0,1.0,6932.0,2
2023-05-09 21:24:38,PF2404,PF404,6932.0,0.0,0.0,0.0,1,6956.0,6990.0,2,7002.0,6932.0,6932.0,6932.0,1.0,6932.0,2
2023-05-09 21:24:41,PF2404,PF404,6932.0,0.0,0.0,0.0,1,6956.0,6988.0,2,7002.0,6932.0,6932.0,6932.0,1.0,6932.0,2
2023-05-09 21:24:43,PF2404,PF404,6932.0,0.0,0.0,0.0,1,6956.0,6990.0,2,7002.0,6932.0,6932.0,6932.0,1.0,6932.0,2
2023-05-09 21:25:22,PF2404,PF404,6932.0,0.0,0.0,0.0,1,6956.0,6988.0,2,7002.0,6932.0,6932.0,6932.0,1.0,6932.0,2
2023-05-09 21:25:24,PF2404,PF404,6932.0,0.0,0.0,0.0,1,6956.0,6990.0,2,7002.0,6932.0,6932.0,6932.0,1.0,6932.0,2
2023-05-09 21:26:04,PF2404,PF404,6932.0,0.0,0.0,0.0,1,6956.0,6988.0,2,7002.0,6932.0,6932.0,6932.0,1.0,6932.0,2
2023-05-09 21:26:05,PF2404,PF404,6932.0,0.0,0.0,0.0,1,6956.0,6990.0,2,7002.0,6932.0,6932.0,6932.0,1.0,6932.0,2
2023-05-09 21:26:45,PF2404,PF404,6932.0,0.0,0.0,0.0,1,6956.0,6988.0,2,7002.0,6932.0,6932.0,6932.0,1.0,6932.0,2
2023-05-09 21:26:47,PF2404,PF404,6932.0,0.0,0.0,0.0,1,6956.0,6990.0,2,7002.0,6932.0,6932.0,6932.0,1.0,6932.0,2
2023-05-09 21:27:26,PF2404,PF404,6932.0,0.0,0.0,0.0,1,6956.0,6988.0,2,7002.0,6932.0,6932.0,6932.0,1.0,6932.0,2
2023-05-09 21:27:27,PF2404,PF404,6932.0,0.0,0.0,0.0,1,6956.0,6990.0,2,7002.0,6932.0,6932.0,6932.0,1.0,6932.0,2
2023-05-09 21:28:08,PF2404,PF404,6932.0,0.0,0.0,0.0,1,6956.0,6988.0,2,7002.0,6932.0,6932.0,6932.0,1.0,6932.0,2
2023-05-09 21:28:09,PF2404,PF404,6932.0,0.0,0.0,0.0,1,6956.0,6990.0,2,7002.0,6932.0,6932.0,6932.0,1.0,6932.0,2
2023-05-09 21:28:50,PF2404,PF404,6932.0,0.0,0.0,0.0,1,6956.0,6988.0,2,7002.0,6932.0,6932.0,6932.0,1.0,6932.0,2
2023-05-09 21:28:52,PF2404,PF404,6932.0,0.0,0.0,0.0,1,6956.0,6986.0,2,7002.0,6932.0,6932.0,6932.0,1.0,6932.0,2
2023-05-09 21:29:32,PF2404,PF404,6932.0,0.0,0.0,0.0,1,6956.0,6984.0,2,7002.0,6932.0,6932.0,6932.0,1.0,6932.0,2
2023-05-09 21:29:34,PF2404,PF404,6932.0,0.0,0.0,0.0,1,6956.0,6986.0,2,7002.0,6932.0,6932.0,6932.0,1.0,6932.0,2
2023-05-09 21:30:14,PF2404,PF404,6932.0,0.0,0.0,0.0,1,6956.0,6984.0,2,7002.0,6932.0,6932.0,6932.0,1.0,6932.0,2
2023-05-09 21:30:15,PF2404,PF404,6932.0,0.0,0.0,0.0,1,6956.0,6986.0,2,7002.0,6932.0,6932.0,6932.0,1.0,6932.0,2
2023-05-09 21:30:31,PF2404,PF404,6932.0,0.0,0.0,0.0,1,6956.0,6982.0,1,7002.0,6932.0,6932.0,6932.0,1.0,6932.0,2
2023-05-09 21:30:37,PF2404,PF404,6932.0,0.0,0.0,0.0,1,6956.0,6980.0,1,7002.0,6932.0,6932.0,6932.0,1.0,6932.0,2
2023-05-09 21:30:40,PF2404,PF404,6932.0,0.0,0.0,0.0,1,6956.0,6978.0,1,7002.0,6932.0,6932.0,6932.0,1.0,6932.0,2
2023-05-09 21:30:47,PF2404,PF404,6932.0,0.0,0.0,0.0,1,6956.0,6976.0,1,7002.0,6932.0,6932.0,6932.0,1.0,6932.0,2
2023-05-09 21:30:50,PF2404,PF404,6932.0,0.0,0.0,0.0,1,6956.0,6976.0,2,7002.0,6932.0,6932.0,6932.0,1.0,6932.0,2
2023-05-09 21:30:55,PF2404,PF404,6932.0,0.0,0.0,0.0,1,6956.0,6976.0,1,7002.0,6932.0,6932.0,6932.0,1.0,6932.0,2
2023-05-09 21:30:56,PF2404,PF404,6932.0,0.0,0.0,0.0,1,6956.0,6974.0,1,7002.0,6932.0,6932.0,6932.0,1.0,6932.0,2
2023-05-09 21:30:57,PF2404,PF404,6932.0,0.0,0.0,0.0,1,6956.0,6974.0,3,7002.0,6932.0,6932.0,6932.0,1.0,6932.0,2
2023-05-09 21:30:59,PF2404,PF404,6932.0,0.0,0.0,0.0,1,6956.0,6974.0,1,7002.0,6932.0,6932.0,6932.0,1.0,6932.0,2
2023-05-09 21:31:01,PF2404,PF404,6932.0,0.0,0.0,0.0,1,6956.0,6972.0,1,7002.0,6932.0,6932.0,6932.0,1.0,6932.0,2
2023-05-09 21:31:06,PF2404,PF404,6932.0,0.0,0.0,0.0,1,6956.0,6972.0,2,7002.0,6932.0,6932.0,6932.0,1.0,6932.0,2
2023-05-09 21:31:08,PF2404,PF404,6932.0,0.0,0.0,0.0,1,6956.0,6992.0,1,7002.0,6932.0,6932.0,6932.0,1.0,6932.0,2
2023-05-09 21:31:09,PF2404,PF404,6932.0,0.0,0.0,0.0,1,6956.0,6990.0,3,7002.0,6932.0,6932.0,6932.0,1.0,6932.0,2
2023-05-09 21:31:09,PF2404,PF404,6932.0,0.0,0.0,0.0,1,6956.0,6990.0,4,7002.0,6932.0,6932.0,6932.0,1.0,6932.0,2
2023-05-09 21:31:26,PF2404,PF404,6932.0,0.0,0.0,0.0,1,6956.0,6972.0,1,7002.0,6932.0,6932.0,6932.0,1.0,6932.0,2
2023-05-09 21:31:27,PF2404,PF404,6932.0,0.0,0.0,0.0,1,6956.0,6970.0,2,7002.0,6932.0,6932.0,6932.0,1.0,6932.0,2
2023-05-09 21:31:40,PF2404,PF404,6932.0,0.0,0.0,0.0,1,6956.0,6968.0,2,7002.0,6932.0,6932.0,6932.0,1.0,6932.0,2
2023-05-09 21:31:41,PF2404,PF404,6932.0,0.0,0.0,0.0,1,6956.0,6972.0,1,7002.0,6932.0,6932.0,6932.0,1.0,6932.0,2
2023-05-09 21:31:43,PF2404,PF404,6932.0,0.0,0.0,0.0,1,6956.0,6970.0,2,7002.0,6932.0,6932.0,6932.0,1.0,6932.0,2
2023-05-09 21:32:07,PF2404,PF404,6932.0,0.0,0.0,0.0,1,6956.0,6974.0,1,7002.0,6932.0,6932.0,6932.0,1.0,6932.0,2
2023-05-09 21:32:08,PF2404,PF404,6932.0,0.0,0.0,0.0,1,6956.0,6972.0,2,7002.0,6932.0,6932.0,6932.0,1.0,6932.0,2
2023-05-09 21:32:23,PF2404,PF404,6932.0,0.0,0.0,0.0,1,6956.0,6970.0,2,7002.0,6932.0,6932.0,6932.0,1.0,6932.0,2
2023-05-09 21:32:24,PF2404,PF404,6932.0,0.0,0.0,0.0,1,6956.0,6972.0,2,7002.0,6932.0,6932.0,6932.0,1.0,6932.0,2
2023-05-09 21:32:24,PF2404,PF404,6932.0,0.0,0.0,0.0,1,6956.0,6972.0,1,7002.0,6932.0,6932.0,6932.0,1.0,6932.0,2
2023-05-09 21:32:25,PF2404,PF404,6932.0,0.0,0.0,0.0,1,6956.0,6970.0,1,7002.0,6932.0,6932.0,6932.0,1.0,6932.0,2
2023-05-09 21:32:26,PF2404,PF404,6932.0,0.0,0.0,0.0,1,6956.0,6974.0,1,7002.0,6932.0,6932.0,6932.0,1.0,6932.0,2
2023-05-09 21:32:27,PF2404,PF404,6932.0,0.0,0.0,0.0,1,6956.0,6972.0,2,7002.0,6932.0,6932.0,6932.0,1.0,6932.0,2
2023-05-09 21:33:03,PF2404,PF404,6932.0,0.0,0.0,0.0,1,6956.0,6970.0,2,7002.0,6932.0,6932.0,6932.0,1.0,6932.0,2
2023-05-09 21:33:05,PF2404,PF404,6932.0,0.0,0.0,0.0,1,6956.0,6974.0,1,7002.0,6932.0,6932.0,6932.0,1.0,6932.0,2
2023-05-09 21:33:06,PF2404,PF404,6932.0,0.0,0.0,0.0,1,6956.0,6972.0,2,7002.0,6932.0,6932.0,6932.0,1.0,6932.0,2
2023-05-09 21:33:46,PF2404,PF404,6932.0,0.0,0.0,0.0,1,6956.0,6970.0,2,7002.0,6932.0,6932.0,6932.0,1.0,6932.0,2
2023-05-09 21:33:47,PF2404,PF404,6932.0,0.0,0.0,0.0,1,6956.0,6974.0,1,7002.0,6932.0,6932.0,6932.0,1.0,6932.0,2
2023-05-09 21:33:53,PF2404,PF404,6932.0,0.0,0.0,0.0,1,6956.0,6972.0,2,7002.0,6932.0,6932.0,6932.0,1.0,6932.0,2
2023-05-09 21:34:28,PF2404,PF404,6932.0,0.0,0.0,0.0,1,6956.0,6970.0,2,7002.0,6932.0,6932.0,6932.0,1.0,6932.0,2
2023-05-09 21:34:29,PF2404,PF404,6932.0,0.0,0.0,0.0,1,6956.0,6972.0,2,7002.0,6932.0,6932.0,6932.0,1.0,6932.0,2
2023-05-09 21:34:30,PF2404,PF404,6932.0,0.0,0.0,0.0,1,6956.0,6974.0,1,7002.0,6932.0,6932.0,6932.0,1.0,6932.0,2
2023-05-09 21:34:43,PF2404,PF404,6932.0,0.0,0.0,0.0,1,6956.0,6972.0,2,7002.0,6932.0,6932.0,6932.0,1.0,6932.0,2
2023-05-09 21:34:51,PF2404,PF404,6932.0,0.0,0.0,0.0,1,6956.0,6990.0,1,7002.0,6932.0,6932.0,6932.0,1.0,6932.0,2
2023-05-09 21:34:51,PF2404,PF404,6932.0,0.0,0.0,0.0,1,6956.0,6988.0,2,7002.0,6932.0,6932.0,6932.0,1.0,6932.0,2
2023-05-09 21:35:10,PF2404,PF404,6932.0,0.0,0.0,0.0,1,6956.0,6986.0,2,7002.0,6932.0,6932.0,6932.0,1.0,6932.0,2
2023-05-09 21:35:11,PF2404,PF404,6932.0,0.0,0.0,0.0,1,6956.0,6988.0,2,7002.0,6932.0,6932.0,6932.0,1.0,6932.0,2
2023-05-09 21:35:51,PF2404,PF404,6932.0,0.0,0.0,0.0,1,6956.0,6986.0,2,7002.0,6932.0,6932.0,6932.0,1.0,6932.0,2
2023-05-09 21:35:52,PF2404,PF404,6932.0,0.0,0.0,0.0,1,6956.0,6990.0,1,7002.0,6932.0,6932.0,6932.0,1.0,6932.0,2
2023-05-09 21:35:53,PF2404,PF404,6932.0,0.0,0.0,0.0,1,6956.0,6984.0,1,7002.0,6932.0,6932.0,6932.0,1.0,6932.0,2
2023-05-09 21:35:56,PF2404,PF404,6932.0,0.0,0.0,0.0,1,6956.0,6982.0,1,7002.0,6932.0,6932.0,6932.0,1.0,6932.0,2
2023-05-09 21:35:57,PF2404,PF404,6932.0,0.0,0.0,0.0,1,6956.0,6980.0,1,7002.0,6932.0,6932.0,6932.0,1.0,6932.0,2
2023-05-09 21:36:03,PF2404,PF404,6932.0,0.0,0.0,0.0,1,6956.0,6978.0,1,7002.0,6932.0,6932.0,6932.0,1.0,6932.0,2
2023-05-09 21:36:04,PF2404,PF404,6932.0,0.0,0.0,0.0,1,6956.0,6976.0,1,7002.0,6932.0,6932.0,6932.0,1.0,6932.0,2
2023-05-09 21:36:06,PF2404,PF404,6932.0,0.0,0.0,0.0,1,6956.0,6976.0,2,7002.0,6932.0,6932.0,6932.0,1.0,6932.0,2
2023-05-09 21:36:11,PF2404,PF404,6932.0,0.0,0.0,0.0,1,6956.0,6990.0,1,7002.0,6932.0,6932.0,6932.0,1.0,6932.0,2
2023-05-09 21:36:11,PF2404,PF404,6932.0,0.0,0.0,0.0,1,6956.0,6988.0,2,7002.0,6932.0,6932.0,6932.0,1.0,6932.0,2
2023-05-09 21:36:13,PF2404,PF404,6932.0,0.0,0.0,0.0,1,6956.0,6988.0,3,7002.0,6932.0,6932.0,6932.0,1.0,6932.0,2
2023-05-09 21:36:33,PF2404,PF404,6932.0,0.0,0.0,0.0,1,6956.0,6986.0,2,7002.0,6932.0,6932.0,6932.0,1.0,6932.0,2
2023-05-09 21:36:35,PF2404,PF404,6932.0,0.0,0.0,0.0,1,6956.0,6988.0,3,7002.0,6932.0,6932.0,6932.0,1.0,6932.0,2
2023-05-09 21:37:14,PF2404,PF404,6932.0,0.0,0.0,0.0,1,6956.0,6986.0,2,7002.0,6932.0,6932.0,6932.0,1.0,6932.0,2
2023-05-09 21:37:15,PF2404,PF404,6932.0,0.0,0.0,0.0,1,6956.0,6984.0,2,7002.0,6932.0,6932.0,6932.0,1.0,6932.0,2
2023-05-09 21:37:56,PF2404,PF404,6932.0,0.0,0.0,0.0,1,6956.0,6982.0,2,7002.0,6932.0,6932.0,6932.0,1.0,6932.0,2
2023-05-09 21:37:57,PF2404,PF404,6932.0,0.0,0.0,0.0,1,6956.0,6984.0,2,7002.0,6932.0,6932.0,6932.0,1.0,6932.0,2
2023-05-09 21:38:38,PF2404,PF404,6932.0,0.0,0.0,0.0,1,6956.0,6982.0,2,7002.0,6932.0,6932.0,6932.0,1.0,6932.0,2
2023-05-09 21:38:39,PF2404,PF404,6932.0,0.0,0.0,0.0,1,6956.0,6980.0,2,7002.0,6932.0,6932.0,6932.0,1.0,6932.0,2
2023-05-09 21:39:20,PF2404,PF404,6932.0,0.0,0.0,0.0,1,6956.0,6978.0,2,7002.0,6932.0,6932.0,6932.0,1.0,6932.0,2
2023-05-09 21:39:21,PF2404,PF404,6932.0,0.0,0.0,0.0,1,6956.0,6980.0,2,7002.0,6932.0,6932.0,6932.0,1.0,6932.0,2
2023-05-09 21:40:01,PF2404,PF404,6932.0,0.0,0.0,0.0,1,6956.0,6978.0,2,7002.0,6932.0,6932.0,6932.0,1.0,6932.0,2
2023-05-09 21:40:02,PF2404,PF404,6932.0,0.0,0.0,0.0,1,6956.0,6976.0,2,7002.0,6932.0,6932.0,6932.0,1.0,6932.0,2
2023-05-09 21:40:44,PF2404,PF404,6932.0,0.0,0.0,0.0,1,6956.0,6974.0,2,7002.0,6932.0,6932.0,6932.0,1.0,6932.0,2
2023-05-09 21:40:45,PF2404,PF404,6932.0,0.0,0.0,0.0,1,6956.0,6988.0,1,7002.0,6932.0,6932.0,6932.0,1.0,6932.0,2
2023-05-09 21:40:50,PF2404,PF404,6932.0,0.0,0.0,0.0,1,6956.0,6986.0,2,7002.0,6932.0,6932.0,6932.0,1.0,6932.0,2
2023-05-09 21:41:24,PF2404,PF404,6932.0,0.0,0.0,0.0,1,6956.0,6984.0,2,7002.0,6932.0,6932.0,6932.0,1.0,6932.0,2
2023-05-09 21:41:26,PF2404,PF404,6932.0,0.0,0.0,0.0,1,6956.0,6982.0,2,7002.0,6932.0,6932.0,6932.0,1.0,6932.0,2
2023-05-09 21:42:05,PF2404,PF404,6932.0,0.0,0.0,0.0,1,6956.0,6980.0,2,7002.0,6932.0,6932.0,6932.0,1.0,6932.0,2
2023-05-09 21:42:07,PF2404,PF404,6932.0,0.0,0.0,0.0,1,6956.0,6982.0,2,7002.0,6932.0,6932.0,6932.0,1.0,6932.0,2
2023-05-09 21:42:47,PF2404,PF404,6932.0,0.0,0.0,0.0,1,6956.0,6980.0,2,7002.0,6932.0,6932.0,6932.0,1.0,6932.0,2
2023-05-09 21:42:48,PF2404,PF404,6932.0,0.0,0.0,0.0,1,6956.0,6978.0,2,7002.0,6932.0,6932.0,6932.0,1.0,6932.0,2
2023-05-09 21:43:09,PF2404,PF404,6932.0,0.0,0.0,0.0,1,6956.0,6978.0,1,7002.0,6932.0,6932.0,6932.0,1.0,6932.0,2
2023-05-09 21:43:10,PF2404,PF404,6932.0,0.0,0.0,0.0,1,6956.0,6988.0,1,7002.0,6932.0,6932.0,6932.0,1.0,6932.0,2
2023-05-09 21:43:10,PF2404,PF404,6932.0,0.0,0.0,0.0,1,6956.0,6986.0,1,7002.0,6932.0,6932.0,6932.0,1.0,6932.0,2
2023-05-09 21:43:12,PF2404,PF404,6932.0,0.0,0.0,0.0,1,6956.0,6984.0,1,7002.0,6932.0,6932.0,6932.0,1.0,6932.0,2
2023-05-09 21:43:16,PF2404,PF404,6932.0,0.0,0.0,0.0,1,6956.0,6984.0,2,7002.0,6932.0,6932.0,6932.0,1.0,6932.0,2
2023-05-09 21:43:23,PF2404,PF404,6932.0,0.0,0.0,0.0,1,6956.0,6984.0,1,7002.0,6932.0,6932.0,6932.0,1.0,6932.0,2
2023-05-09 21:43:23,PF2404,PF404,6932.0,0.0,0.0,0.0,1,6956.0,6982.0,1,7002.0,6932.0,6932.0,6932.0,1.0,6932.0,2
2023-05-09 21:43:29,PF2404,PF404,6932.0,0.0,0.0,0.0,1,6956.0,6980.0,1,7002.0,6932.0,6932.0,6932.0,1.0,6932.0,2
2023-05-09 21:43:30,PF2404,PF404,6932.0,0.0,0.0,0.0,1,6956.0,6980.0,3,7002.0,6932.0,6932.0,6932.0,1.0,6932.0,2
2023-05-09 21:43:31,PF2404,PF404,6932.0,0.0,0.0,0.0,1,6956.0,6980.0,4,7002.0,6932.0,6932.0,6932.0,1.0,6932.0,2
2023-05-09 21:43:32,PF2404,PF404,6932.0,0.0,0.0,0.0,1,6956.0,6980.0,2,7002.0,6932.0,6932.0,6932.0,1.0,6932.0,2
2023-05-09 21:44:12,PF2404,PF404,6932.0,0.0,0.0,0.0,1,6956.0,6978.0,2,7002.0,6932.0,6932.0,6932.0,1.0,6932.0,2
2023-05-09 21:44:13,PF2404,PF404,6932.0,0.0,0.0,0.0,1,6956.0,6980.0,2,7002.0,6932.0,6932.0,6932.0,1.0,6932.0,2
2023-05-09 21:44:54,PF2404,PF404,6932.0,0.0,0.0,0.0,1,6956.0,6978.0,2,7002.0,6932.0,6932.0,6932.0,1.0,6932.0,2
2023-05-09 21:44:56,PF2404,PF404,6932.0,0.0,0.0,0.0,1,6956.0,6980.0,2,7002.0,6932.0,6932.0,6932.0,1.0,6932.0,2
2023-05-09 21:45:20,PF2404,PF404,6932.0,0.0,0.0,0.0,1,6956.0,6980.0,1,7002.0,6932.0,6932.0,6932.0,1.0,6932.0,2
2023-05-09 21:45:20,PF2404,PF404,6932.0,0.0,0.0,0.0,1,6956.0,6978.0,1,7002.0,6932.0,6932.0,6932.0,1.0,6932.0,2
2023-05-09 21:45:26,PF2404,PF404,6932.0,0.0,0.0,0.0,1,6956.0,6978.0,2,7002.0,6932.0,6932.0,6932.0,1.0,6932.0,2
2023-05-09 21:45:37,PF2404,PF404,6932.0,0.0,0.0,0.0,1,6956.0,6976.0,2,7002.0,6932.0,6932.0,6932.0,1.0,6932.0,2
2023-05-09 21:45:38,PF2404,PF404,6932.0,0.0,0.0,0.0,1,6956.0,6978.0,1,7002.0,6932.0,6932.0,6932.0,1.0,6932.0,2
2023-05-09 21:45:39,PF2404,PF404,6932.0,0.0,0.0,0.0,1,6956.0,6992.0,1,7002.0,6932.0,6932.0,6932.0,1.0,6932.0,2
2023-05-09 21:45:39,PF2404,PF404,6932.0,0.0,0.0,0.0,1,6956.0,6990.0,1,7002.0,6932.0,6932.0,6932.0,1.0,6932.0,2
2023-05-09 21:45:40,PF2404,PF404,6932.0,0.0,0.0,0.0,1,6956.0,6988.0,1,7002.0,6932.0,6932.0,6932.0,1.0,6932.0,2
2023-05-09 21:45:46,PF2404,PF404,6932.0,0.0,0.0,0.0,1,6956.0,6986.0,1,7002.0,6932.0,6932.0,6932.0,1.0,6932.0,2
2023-05-09 21:45:53,PF2404,PF404,6932.0,0.0,0.0,0.0,1,6956.0,6984.0,1,7002.0,6932.0,6932.0,6932.0,1.0,6932.0,2
2023-05-09 21:45:56,PF2404,PF404,6932.0,0.0,0.0,0.0,1,6956.0,6982.0,1,7002.0,6932.0,6932.0,6932.0,1.0,6932.0,2
2023-05-09 21:46:03,PF2404,PF404,6932.0,0.0,0.0,0.0,1,6956.0,6980.0,1,7002.0,6932.0,6932.0,6932.0,1.0,6932.0,2
2023-05-09 21:46:09,PF2404,PF404,6932.0,0.0,0.0,0.0,1,6956.0,6980.0,2,7002.0,6932.0,6932.0,6932.0,1.0,6932.0,2
2023-05-09 21:46:19,PF2404,PF404,6932.0,0.0,0.0,0.0,2,6958.0,6992.0,1,7002.0,6932.0,6932.0,6932.0,1.0,6932.0,2
2023-05-09 21:46:19,PF2404,PF404,6932.0,0.0,0.0,0.0,2,6958.0,6990.0,2,7002.0,6932.0,6932.0,6932.0,1.0,6932.0,2
2023-05-09 21:46:20,PF2404,PF404,6932.0,0.0,0.0,0.0,1,6956.0,6990.0,2,7002.0,6932.0,6932.0,6932.0,1.0,6932.0,2
2023-05-09 21:47:00,PF2404,PF404,6932.0,0.0,0.0,0.0,1,6956.0,6988.0,2,7002.0,6932.0,6932.0,6932.0,1.0,6932.0,2
2023-05-09 21:47:02,PF2404,PF404,6932.0,0.0,0.0,0.0,1,6956.0,6992.0,1,7002.0,6932.0,6932.0,6932.0,1.0,6932.0,2
2023-05-09 21:47:02,PF2404,PF404,6932.0,0.0,0.0,0.0,1,6956.0,6990.0,2,7002.0,6932.0,6932.0,6932.0,1.0,6932.0,2
2023-05-09 21:47:02,PF2404,PF404,6932.0,0.0,0.0,0.0,1,6956.0,6992.0,1,7002.0,6932.0,6932.0,6932.0,1.0,6932.0,2
2023-05-09 21:47:02,PF2404,PF404,6932.0,0.0,0.0,0.0,1,6956.0,6990.0,2,7002.0,6932.0,6932.0,6932.0,1.0,6932.0,2
2023-05-09 21:47:42,PF2404,PF404,6932.0,0.0,0.0,0.0,1,6956.0,6988.0,2,7002.0,6932.0,6932.0,6932.0,1.0,6932.0,2
2023-05-09 21:47:43,PF2404,PF404,6932.0,0.0,0.0,0.0,1,6956.0,6990.0,2,7002.0,6932.0,6932.0,6932.0,1.0,6932.0,2
2023-05-09 21:48:14,PF2404,PF404,6932.0,0.0,0.0,0.0,2,6956.0,6990.0,2,7002.0,6932.0,6932.0,6932.0,1.0,6932.0,2
2023-05-09 21:48:25,PF2404,PF404,6932.0,0.0,0.0,0.0,2,6958.0,6990.0,2,7002.0,6932.0,6932.0,6932.0,1.0,6932.0,2
2023-05-09 21:48:27,PF2404,PF404,6932.0,0.0,0.0,0.0,2,6956.0,6990.0,2,7002.0,6932.0,6932.0,6932.0,1.0,6932.0,2
2023-05-09 21:48:42,PF2404,PF404,6932.0,0.0,0.0,0.0,2,6956.0,6998.0,1,7002.0,6932.0,6932.0,6932.0,1.0,6932.0,2
2023-05-09 21:48:42,PF2404,PF404,6932.0,0.0,0.0,0.0,2,6956.0,6996.0,1,7002.0,6932.0,6932.0,6932.0,1.0,6932.0,2
2023-05-09 21:48:49,PF2404,PF404,6932.0,0.0,0.0,0.0,2,6956.0,6994.0,1,7002.0,6932.0,6932.0,6932.0,1.0,6932.0,2
2023-05-09 21:48:51,PF2404,PF404,6932.0,0.0,0.0,0.0,2,6956.0,6992.0,1,7002.0,6932.0,6932.0,6932.0,1.0,6932.0,2
2023-05-09 21:48:54,PF2404,PF404,6932.0,0.0,0.0,0.0,2,6956.0,6992.0,2,7002.0,6932.0,6932.0,6932.0,1.0,6932.0,2
2023-05-09 21:49:06,PF2404,PF404,6932.0,0.0,0.0,0.0,2,6956.0,6992.0,1,7002.0,6932.0,6932.0,6932.0,1.0,6932.0,2
2023-05-09 21:49:07,PF2404,PF404,6932.0,0.0,0.0,0.0,2,6956.0,7004.0,1,7002.0,6932.0,6932.0,6932.0,1.0,6932.0,2
2023-05-09 21:49:08,PF2404,PF404,6932.0,0.0,0.0,0.0,2,6956.0,7002.0,2,7002.0,6932.0,6932.0,6932.0,1.0,6932.0,2
2023-05-09 21:49:08,PF2404,PF404,6932.0,0.0,0.0,0.0,2,6958.0,7002.0,2,7002.0,6932.0,6932.0,6932.0,1.0,6932.0,2
2023-05-09 21:49:09,PF2404,PF404,6932.0,0.0,0.0,0.0,2,6956.0,7002.0,2,7002.0,6932.0,6932.0,6932.0,1.0,6932.0,2
2023-05-09 21:49:50,PF2404,PF404,6932.0,0.0,0.0,0.0,2,6958.0,7002.0,2,7002.0,6932.0,6932.0,6932.0,1.0,6932.0,2
2023-05-09 21:49:51,PF2404,PF404,6932.0,0.0,0.0,0.0,2,6956.0,7002.0,2,7002.0,6932.0,6932.0,6932.0,1.0,6932.0,2
2023-05-09 21:50:32,PF2404,PF404,6932.0,0.0,0.0,0.0,2,6958.0,7002.0,2,7002.0,6932.0,6932.0,6932.0,1.0,6932.0,2
2023-05-09 21:50:33,PF2404,PF404,6932.0,0.0,0.0,0.0,2,6956.0,7002.0,2,7002.0,6932.0,6932.0,6932.0,1.0,6932.0,2
2023-05-09 21:51:13,PF2404,PF404,6932.0,0.0,0.0,0.0,2,6958.0,7002.0,2,7002.0,6932.0,6932.0,6932.0,1.0,6932.0,2
2023-05-09 21:51:15,PF2404,PF404,6932.0,0.0,0.0,0.0,2,6956.0,7002.0,2,7002.0,6932.0,6932.0,6932.0,1.0,6932.0,2
2023-05-09 21:51:56,PF2404,PF404,6932.0,0.0,0.0,0.0,2,6958.0,7002.0,2,7002.0,6932.0,6932.0,6932.0,1.0,6932.0,2
2023-05-09 21:51:57,PF2404,PF404,6932.0,0.0,0.0,0.0,2,6956.0,7002.0,2,7002.0,6932.0,6932.0,6932.0,1.0,6932.0,2
2023-05-09 21:52:37,PF2404,PF404,6932.0,0.0,0.0,0.0,2,6958.0,7002.0,2,7002.0,6932.0,6932.0,6932.0,1.0,6932.0,2
2023-05-09 21:52:38,PF2404,PF404,6932.0,0.0,0.0,0.0,2,6956.0,7002.0,2,7002.0,6932.0,6932.0,6932.0,1.0,6932.0,2
2023-05-09 21:53:16,PF2404,PF404,6932.0,0.0,0.0,0.0,1,6956.0,7002.0,2,7002.0,6932.0,6932.0,6932.0,1.0,6932.0,2
2023-05-09 21:53:17,PF2404,PF404,6932.0,0.0,0.0,0.0,2,6956.0,7002.0,2,7002.0,6932.0,6932.0,6932.0,1.0,6932.0,2
2023-05-09 21:53:20,PF2404,PF404,6932.0,0.0,0.0,0.0,2,6958.0,7002.0,2,7002.0,6932.0,6932.0,6932.0,1.0,6932.0,2
2023-05-09 21:53:21,PF2404,PF404,6932.0,0.0,0.0,0.0,2,6956.0,7002.0,2,7002.0,6932.0,6932.0,6932.0,1.0,6932.0,2
2023-05-09 21:54:01,PF2404,PF404,6932.0,0.0,0.0,0.0,2,6958.0,7002.0,2,7002.0,6932.0,6932.0,6932.0,1.0,6932.0,2
2023-05-09 21:54:02,PF2404,PF404,6932.0,0.0,0.0,0.0,2,6956.0,7002.0,2,7002.0,6932.0,6932.0,6932.0,1.0,6932.0,2
2023-05-09 21:54:42,PF2404,PF404,6932.0,0.0,0.0,0.0,2,6958.0,7002.0,2,7002.0,6932.0,6932.0,6932.0,1.0,6932.0,2
2023-05-09 21:54:44,PF2404,PF404,6932.0,0.0,0.0,0.0,2,6956.0,7002.0,2,7002.0,6932.0,6932.0,6932.0,1.0,6932.0,2
2023-05-09 21:55:24,PF2404,PF404,6932.0,0.0,0.0,0.0,2,6958.0,7002.0,2,7002.0,6932.0,6932.0,6932.0,1.0,6932.0,2
2023-05-09 21:55:26,PF2404,PF404,6932.0,0.0,0.0,0.0,2,6956.0,7002.0,2,7002.0,6932.0,6932.0,6932.0,1.0,6932.0,2
2023-05-09 21:56:07,PF2404,PF404,6932.0,0.0,0.0,0.0,2,6958.0,7002.0,2,7002.0,6932.0,6932.0,6932.0,1.0,6932.0,2
2023-05-09 21:56:08,PF2404,PF404,6932.0,0.0,0.0,0.0,2,6956.0,7002.0,2,7002.0,6932.0,6932.0,6932.0,1.0,6932.0,2
2023-05-09 21:56:49,PF2404,PF404,6932.0,0.0,0.0,0.0,2,6958.0,7002.0,2,7002.0,6932.0,6932.0,6932.0,1.0,6932.0,2
2023-05-09 21:56:50,PF2404,PF404,6932.0,0.0,0.0,0.0,2,6956.0,7002.0,2,7002.0,6932.0,6932.0,6932.0,1.0,6932.0,2
2023-05-09 21:57:30,PF2404,PF404,6932.0,0.0,0.0,0.0,2,6958.0,7002.0,2,7002.0,6932.0,6932.0,6932.0,1.0,6932.0,2
2023-05-09 21:57:31,PF2404,PF404,6932.0,0.0,0.0,0.0,2,6956.0,7002.0,2,7002.0,6932.0,6932.0,6932.0,1.0,6932.0,2
2023-05-09 21:58:12,PF2404,PF404,6932.0,0.0,0.0,0.0,2,6958.0,7002.0,2,7002.0,6932.0,6932.0,6932.0,1.0,6932.0,2
2023-05-09 21:58:14,PF2404,PF404,6932.0,0.0,0.0,0.0,2,6956.0,7002.0,2,7002.0,6932.0,6932.0,6932.0,1.0,6932.0,2
2023-05-09 21:58:18,PF2404,PF404,6932.0,0.0,0.0,0.0,1,6956.0,7002.0,2,7002.0,6932.0,6932.0,6932.0,1.0,6932.0,2
2023-05-09 21:58:20,PF2404,PF404,6932.0,0.0,0.0,0.0,2,6956.0,7002.0,2,7002.0,6932.0,6932.0,6932.0,1.0,6932.0,2
2023-05-09 21:58:55,PF2404,PF404,6932.0,0.0,0.0,0.0,2,6958.0,7002.0,2,7002.0,6932.0,6932.0,6932.0,1.0,6932.0,2
2023-05-09 21:58:56,PF2404,PF404,6932.0,0.0,0.0,0.0,2,6956.0,7002.0,2,7002.0,6932.0,6932.0,6932.0,1.0,6932.0,2
2023-05-09 21:59:38,PF2404,PF404,6932.0,0.0,0.0,0.0,2,6958.0,7002.0,2,7002.0,6932.0,6932.0,6932.0,1.0,6932.0,2
2023-05-09 21:59:39,PF2404,PF404,6932.0,0.0,0.0,0.0,2,6956.0,7002.0,2,7002.0,6932.0,6932.0,6932.0,1.0,6932.0,2
2023-05-09 22:00:08,PF2404,PF404,6932.0,0.0,0.0,0.0,2,6956.0,7012.0,1,7002.0,6932.0,6932.0,6932.0,1.0,6932.0,2
2023-05-09 22:00:09,PF2404,PF404,6932.0,0.0,0.0,0.0,2,6956.0,7010.0,2,7002.0,6932.0,6932.0,6932.0,1.0,6932.0,2
2023-05-09 22:00:20,PF2404,PF404,6932.0,0.0,0.0,0.0,2,6958.0,7010.0,2,7002.0,6932.0,6932.0,6932.0,1.0,6932.0,2
2023-05-09 22:01:48,PF2404,PF404,6932.0,0.0,0.0,0.0,2,6958.0,7022.0,1,7002.0,6932.0,6932.0,6932.0,1.0,6932.0,2
2023-05-09 22:01:49,PF2404,PF404,6932.0,0.0,0.0,0.0,2,6958.0,7020.0,2,7002.0,6932.0,6932.0,6932.0,1.0,6932.0,2
2023-05-09 22:05:19,PF2404,PF404,6932.0,0.0,0.0,0.0,2,6956.0,7020.0,2,7002.0,6932.0,6932.0,6932.0,1.0,6932.0,2
2023-05-09 22:05:19,PF2404,PF404,6932.0,0.0,0.0,0.0,1,6956.0,7020.0,2,7002.0,6932.0,6932.0,6932.0,1.0,6932.0,2
2023-05-09 22:05:22,PF2404,PF404,6932.0,0.0,0.0,0.0,2,6956.0,7020.0,2,7002.0,6932.0,6932.0,6932.0,1.0,6932.0,2
2023-05-09 22:05:55,PF2404,PF404,6932.0,0.0,0.0,0.0,2,6958.0,7020.0,2,7002.0,6932.0,6932.0,6932.0,1.0,6932.0,2
2023-05-09 22:06:01,PF2404,PF404,6932.0,0.0,0.0,0.0,2,6958.0,7018.0,1,7002.0,6932.0,6932.0,6932.0,1.0,6932.0,2
2023-05-09 22:06:02,PF2404,PF404,6932.0,0.0,0.0,0.0,2,6956.0,7018.0,1,7002.0,6932.0,6932.0,6932.0,1.0,6932.0,2
2023-05-09 22:06:08,PF2404,PF404,6932.0,0.0,0.0,0.0,2,6956.0,7016.0,2,7002.0,6932.0,6932.0,6932.0,1.0,6932.0,2
2023-05-09 22:06:30,PF2404,PF404,6932.0,0.0,0.0,0.0,2,6956.0,7014.0,1,7002.0,6932.0,6932.0,6932.0,1.0,6932.0,2
2023-05-09 22:06:32,PF2404,PF404,6932.0,0.0,0.0,0.0,2,6956.0,7012.0,2,7002.0,6932.0,6932.0,6932.0,1.0,6932.0,2
2023-05-09 22:06:38,PF2404,PF404,6932.0,0.0,0.0,0.0,2,6956.0,7010.0,2,7002.0,6932.0,6932.0,6932.0,1.0,6932.0,2
2023-05-09 22:06:40,PF2404,PF404,6932.0,0.0,0.0,0.0,2,6956.0,7008.0,2,7002.0,6932.0,6932.0,6932.0,1.0,6932.0,2
2023-05-09 22:07:20,PF2404,PF404,6932.0,0.0,0.0,0.0,2,6958.0,7008.0,2,7002.0,6932.0,6932.0,6932.0,1.0,6932.0,2
2023-05-09 22:08:03,PF2404,PF404,6932.0,0.0,0.0,0.0,2,6958.0,6998.0,1,7002.0,6932.0,6932.0,6932.0,1.0,6932.0,2
2023-05-09 22:08:04,PF2404,PF404,6932.0,0.0,0.0,0.0,2,6958.0,6996.0,2,7002.0,6932.0,6932.0,6932.0,1.0,6932.0,2
2023-05-09 22:08:04,PF2404,PF404,6932.0,0.0,0.0,0.0,2,6956.0,6996.0,2,7002.0,6932.0,6932.0,6932.0,1.0,6932.0,2
2023-05-09 22:08:45,PF2404,PF404,6932.0,0.0,0.0,0.0,2,6958.0,6996.0,2,7002.0,6932.0,6932.0,6932.0,1.0,6932.0,2
2023-05-09 22:08:46,PF2404,PF404,6932.0,0.0,0.0,0.0,2,6956.0,6996.0,2,7002.0,6932.0,6932.0,6932.0,1.0,6932.0,2
2023-05-09 22:09:16,PF2404,PF404,6932.0,0.0,0.0,0.0,2,6956.0,6996.0,1,7002.0,6932.0,6932.0,6932.0,1.0,6932.0,2
2023-05-09 22:09:22,PF2404,PF404,6932.0,0.0,0.0,0.0,2,6956.0,7022.0,2,7002.0,6932.0,6932.0,6932.0,1.0,6932.0,2
2023-05-09 22:09:22,PF2404,PF404,6932.0,0.0,0.0,0.0,2,6956.0,7020.0,3,7002.0,6932.0,6932.0,6932.0,1.0,6932.0,2
2023-05-09 22:09:22,PF2404,PF404,6932.0,0.0,0.0,0.0,2,6956.0,7020.0,4,7002.0,6932.0,6932.0,6932.0,1.0,6932.0,2
2023-05-09 22:09:26,PF2404,PF404,6932.0,0.0,0.0,0.0,2,6956.0,6998.0,1,7002.0,6932.0,6932.0,6932.0,1.0,6932.0,2
2023-05-09 22:09:27,PF2404,PF404,6932.0,0.0,0.0,0.0,2,6956.0,6996.0,2,7002.0,6932.0,6932.0,6932.0,1.0,6932.0,2
2023-05-09 22:09:32,PF2404,PF404,6932.0,0.0,0.0,0.0,2,6956.0,7020.0,1,7002.0,6932.0,6932.0,6932.0,1.0,6932.0,2
2023-05-09 22:09:32,PF2404,PF404,6932.0,0.0,0.0,0.0,2,6956.0,7018.0,3,7002.0,6932.0,6932.0,6932.0,1.0,6932.0,2
2023-05-09 22:10:09,PF2404,PF404,6932.0,0.0,0.0,0.0,2,6956.0,7016.0,2,7002.0,6932.0,6932.0,6932.0,1.0,6932.0,2
2023-05-09 22:10:15,PF2404,PF404,6932.0,0.0,0.0,0.0,2,6956.0,7014.0,1,7002.0,6932.0,6932.0,6932.0,1.0,6932.0,2
2023-05-09 22:10:19,PF2404,PF404,6932.0,0.0,0.0,0.0,2,6956.0,7012.0,1,7002.0,6932.0,6932.0,6932.0,1.0,6932.0,2
2023-05-09 22:10:23,PF2404,PF404,6932.0,0.0,0.0,0.0,1,6956.0,7012.0,1,7002.0,6932.0,6932.0,6932.0,1.0,6932.0,2
2023-05-09 22:10:23,PF2404,PF404,6932.0,0.0,0.0,0.0,2,6956.0,7012.0,1,7002.0,6932.0,6932.0,6932.0,1.0,6932.0,2
2023-05-09 22:10:25,PF2404,PF404,6932.0,0.0,0.0,0.0,2,6956.0,7010.0,1,7002.0,6932.0,6932.0,6932.0,1.0,6932.0,2
2023-05-09 22:10:31,PF2404,PF404,6932.0,0.0,0.0,0.0,2,6956.0,7008.0,1,7002.0,6932.0,6932.0,6932.0,1.0,6932.0,2
2023-05-09 22:10:38,PF2404,PF404,6932.0,0.0,0.0,0.0,2,6956.0,7006.0,1,7002.0,6932.0,6932.0,6932.0,1.0,6932.0,2
2023-05-09 22:10:41,PF2404,PF404,6932.0,0.0,0.0,0.0,2,6956.0,7004.0,1,7002.0,6932.0,6932.0,6932.0,1.0,6932.0,2
2023-05-09 22:10:42,PF2404,PF404,6932.0,0.0,0.0,0.0,2,6956.0,7002.0,1,7002.0,6932.0,6932.0,6932.0,1.0,6932.0,2
2023-05-09 22:10:49,PF2404,PF404,6932.0,0.0,0.0,0.0,2,6956.0,7000.0,1,7002.0,6932.0,6932.0,6932.0,1.0,6932.0,2
2023-05-09 22:10:51,PF2404,PF404,6932.0,0.0,0.0,0.0,2,6958.0,7000.0,1,7002.0,6932.0,6932.0,6932.0,1.0,6932.0,2
2023-05-09 22:10:52,PF2404,PF404,6932.0,0.0,0.0,0.0,2,6956.0,7000.0,1,7002.0,6932.0,6932.0,6932.0,1.0,6932.0,2
2023-05-09 22:10:55,PF2404,PF404,6932.0,0.0,0.0,0.0,2,6956.0,6998.0,1,7002.0,6932.0,6932.0,6932.0,1.0,6932.0,2
2023-05-09 22:11:04,PF2404,PF404,6932.0,0.0,0.0,0.0,2,6956.0,6996.0,1,7002.0,6932.0,6932.0,6932.0,1.0,6932.0,2
2023-05-09 22:11:08,PF2404,PF404,6932.0,0.0,0.0,0.0,2,6956.0,6994.0,1,7002.0,6932.0,6932.0,6932.0,1.0,6932.0,2
2023-05-09 22:11:15,PF2404,PF404,6932.0,0.0,0.0,0.0,2,6956.0,7020.0,1,7002.0,6932.0,6932.0,6932.0,1.0,6932.0,2
2023-05-09 22:11:15,PF2404,PF404,6932.0,0.0,0.0,0.0,2,6956.0,7018.0,3,7002.0,6932.0,6932.0,6932.0,1.0,6932.0,2
2023-05-09 22:11:33,PF2404,PF404,6932.0,0.0,0.0,0.0,2,6956.0,7016.0,2,7002.0,6932.0,6932.0,6932.0,1.0,6932.0,2
2023-05-09 22:11:33,PF2404,PF404,6932.0,0.0,0.0,0.0,2,6956.0,7014.0,1,7002.0,6932.0,6932.0,6932.0,1.0,6932.0,2
2023-05-09 22:11:34,PF2404,PF404,6932.0,0.0,0.0,0.0,2,6956.0,7012.0,1,7002.0,6932.0,6932.0,6932.0,1.0,6932.0,2
2023-05-09 22:11:34,PF2404,PF404,6932.0,0.0,0.0,0.0,2,6956.0,7012.0,2,7002.0,6932.0,6932.0,6932.0,1.0,6932.0,2
2023-05-09 22:12:16,PF2404,PF404,6932.0,0.0,0.0,0.0,2,6956.0,7010.0,2,7002.0,6932.0,6932.0,6932.0,1.0,6932.0,2
2023-05-09 22:12:18,PF2404,PF404,6932.0,0.0,0.0,0.0,2,6956.0,7008.0,2,7002.0,6932.0,6932.0,6932.0,1.0,6932.0,2
2023-05-09 22:12:59,PF2404,PF404,6932.0,0.0,0.0,0.0,2,6958.0,7008.0,2,7002.0,6932.0,6932.0,6932.0,1.0,6932.0,2
2023-05-09 22:15:44,PF2404,PF404,6932.0,0.0,0.0,0.0,2,6958.0,6998.0,1,7002.0,6932.0,6932.0,6932.0,1.0,6932.0,2
2023-05-09 22:15:45,PF2404,PF404,6932.0,0.0,0.0,0.0,2,6958.0,6996.0,2,7002.0,6932.0,6932.0,6932.0,1.0,6932.0,2
2023-05-09 22:15:45,PF2404,PF404,6932.0,0.0,0.0,0.0,2,6956.0,6996.0,2,7002.0,6932.0,6932.0,6932.0,1.0,6932.0,2
2023-05-09 22:15:46,PF2404,PF404,6932.0,0.0,0.0,0.0,1,6956.0,6996.0,2,7002.0,6932.0,6932.0,6932.0,1.0,6932.0,2
2023-05-09 22:15:51,PF2404,PF404,6932.0,0.0,0.0,0.0,2,6956.0,6996.0,2,7002.0,6932.0,6932.0,6932.0,1.0,6932.0,2
2023-05-09 22:16:26,PF2404,PF404,6932.0,0.0,0.0,0.0,2,6958.0,6996.0,2,7002.0,6932.0,6932.0,6932.0,1.0,6932.0,2
2023-05-09 22:16:28,PF2404,PF404,6932.0,0.0,0.0,0.0,2,6956.0,6996.0,2,7002.0,6932.0,6932.0,6932.0,1.0,6932.0,2
2023-05-09 22:17:08,PF2404,PF404,6932.0,0.0,0.0,0.0,2,6958.0,6996.0,2,7002.0,6932.0,6932.0,6932.0,1.0,6932.0,2
2023-05-09 22:17:09,PF2404,PF404,6932.0,0.0,0.0,0.0,2,6956.0,6996.0,2,7002.0,6932.0,6932.0,6932.0,1.0,6932.0,2
2023-05-09 22:17:39,PF2404,PF404,6932.0,0.0,0.0,0.0,2,6956.0,7020.0,1,7002.0,6932.0,6932.0,6932.0,1.0,6932.0,2
2023-05-09 22:17:39,PF2404,PF404,6932.0,0.0,0.0,0.0,2,6956.0,7018.0,3,7002.0,6932.0,6932.0,6932.0,1.0,6932.0,2
2023-05-09 22:17:40,PF2404,PF404,6932.0,0.0,0.0,0.0,2,6956.0,7018.0,4,7002.0,6932.0,6932.0,6932.0,1.0,6932.0,2
2023-05-09 22:17:50,PF2404,PF404,6932.0,0.0,0.0,0.0,2,6956.0,7018.0,3,7002.0,6932.0,6932.0,6932.0,1.0,6932.0,2
2023-05-09 22:17:51,PF2404,PF404,6932.0,0.0,0.0,0.0,2,6958.0,7018.0,3,7002.0,6932.0,6932.0,6932.0,1.0,6932.0,2
2023-05-09 22:18:02,PF2404,PF404,6932.0,0.0,0.0,0.0,2,6956.0,7018.0,3,7002.0,6932.0,6932.0,6932.0,1.0,6932.0,2
2023-05-09 22:18:33,PF2404,PF404,6932.0,0.0,0.0,0.0,2,6956.0,7000.0,1,7002.0,6932.0,6932.0,6932.0,1.0,6932.0,2
2023-05-09 22:18:34,PF2404,PF404,6932.0,0.0,0.0,0.0,2,6956.0,6998.0,2,7002.0,6932.0,6932.0,6932.0,1.0,6932.0,2
2023-05-09 22:19:16,PF2404,PF404,6932.0,0.0,0.0,0.0,2,6958.0,6998.0,2,7002.0,6932.0,6932.0,6932.0,1.0,6932.0,2
2023-05-09 22:19:17,PF2404,PF404,6932.0,0.0,0.0,0.0,2,6956.0,6998.0,2,7002.0,6932.0,6932.0,6932.0,1.0,6932.0,2
2023-05-09 22:19:58,PF2404,PF404,6932.0,0.0,0.0,0.0,2,6958.0,6998.0,2,7002.0,6932.0,6932.0,6932.0,1.0,6932.0,2
2023-05-09 22:20:00,PF2404,PF404,6932.0,0.0,0.0,0.0,2,6956.0,6998.0,2,7002.0,6932.0,6932.0,6932.0,1.0,6932.0,2
2023-05-09 22:20:40,PF2404,PF404,6932.0,0.0,0.0,0.0,2,6956.0,6996.0,2,7002.0,6932.0,6932.0,6932.0,1.0,6932.0,2
2023-05-09 22:20:41,PF2404,PF404,6932.0,0.0,0.0,0.0,2,6956.0,6998.0,2,7002.0,6932.0,6932.0,6932.0,1.0,6932.0,2
2023-05-09 22:20:52,PF2404,PF404,6932.0,0.0,0.0,0.0,1,6956.0,6998.0,2,7002.0,6932.0,6932.0,6932.0,1.0,6932.0,2
2023-05-09 22:20:55,PF2404,PF404,6932.0,0.0,0.0,0.0,2,6956.0,6998.0,2,7002.0,6932.0,6932.0,6932.0,1.0,6932.0,2
2023-05-09 22:21:21,PF2404,PF404,6932.0,0.0,0.0,0.0,2,6956.0,6996.0,2,7002.0,6932.0,6932.0,6932.0,1.0,6932.0,2
2023-05-09 22:21:23,PF2404,PF404,6932.0,0.0,0.0,0.0,2,6956.0,6998.0,2,7002.0,6932.0,6932.0,6932.0,1.0,6932.0,2
2023-05-09 22:22:03,PF2404,PF404,6932.0,0.0,0.0,0.0,2,6956.0,6996.0,2,7002.0,6932.0,6932.0,6932.0,1.0,6932.0,2
2023-05-09 22:22:05,PF2404,PF404,6932.0,0.0,0.0,0.0,2,6956.0,6998.0,2,7002.0,6932.0,6932.0,6932.0,1.0,6932.0,2
2023-05-09 22:22:46,PF2404,PF404,6932.0,0.0,0.0,0.0,2,6956.0,6996.0,2,7002.0,6932.0,6932.0,6932.0,1.0,6932.0,2
2023-05-09 22:22:46,PF2404,PF404,6932.0,0.0,0.0,0.0,2,6956.0,6996.0,3,7002.0,6932.0,6932.0,6932.0,1.0,6932.0,2
2023-05-09 22:22:47,PF2404,PF404,6932.0,0.0,0.0,0.0,2,6956.0,6996.0,1,7002.0,6932.0,6932.0,6932.0,1.0,6932.0,2
2023-05-09 22:22:49,PF2404,PF404,6932.0,0.0,0.0,0.0,2,6956.0,6994.0,1,7002.0,6932.0,6932.0,6932.0,1.0,6932.0,2
2023-05-09 22:22:55,PF2404,PF404,6932.0,0.0,0.0,0.0,2,6956.0,6992.0,1,7002.0,6932.0,6932.0,6932.0,1.0,6932.0,2
2023-05-09 22:23:07,PF2404,PF404,6932.0,0.0,0.0,0.0,2,6956.0,6990.0,1,7002.0,6932.0,6932.0,6932.0,1.0,6932.0,2
2023-05-09 22:23:12,PF2404,PF404,6932.0,0.0,0.0,0.0,2,6956.0,6988.0,1,7002.0,6932.0,6932.0,6932.0,1.0,6932.0,2
2023-05-09 22:23:18,PF2404,PF404,6932.0,0.0,0.0,0.0,2,6956.0,6988.0,2,7002.0,6932.0,6932.0,6932.0,1.0,6932.0,2
2023-05-09 22:23:27,PF2404,PF404,6932.0,0.0,0.0,0.0,2,6956.0,6986.0,2,7002.0,6932.0,6932.0,6932.0,1.0,6932.0,2
2023-05-09 22:23:28,PF2404,PF404,6932.0,0.0,0.0,0.0,2,6956.0,6988.0,2,7002.0,6932.0,6932.0,6932.0,1.0,6932.0,2
2023-05-09 22:24:09,PF2404,PF404,6932.0,0.0,0.0,0.0,2,6956.0,6986.0,2,7002.0,6932.0,6932.0,6932.0,1.0,6932.0,2
2023-05-09 22:24:11,PF2404,PF404,6932.0,0.0,0.0,0.0,2,6956.0,6988.0,2,7002.0,6932.0,6932.0,6932.0,1.0,6932.0,2
2023-05-09 22:24:52,PF2404,PF404,6932.0,0.0,0.0,0.0,2,6956.0,6986.0,2,7002.0,6932.0,6932.0,6932.0,1.0,6932.0,2
2023-05-09 22:24:53,PF2404,PF404,6932.0,0.0,0.0,0.0,2,6956.0,6988.0,2,7002.0,6932.0,6932.0,6932.0,1.0,6932.0,2
2023-05-09 22:24:54,PF2404,PF404,6932.0,0.0,0.0,0.0,2,6956.0,6988.0,1,7002.0,6932.0,6932.0,6932.0,1.0,6932.0,2
2023-05-09 22:24:54,PF2404,PF404,6932.0,0.0,0.0,0.0,2,6956.0,6988.0,2,7002.0,6932.0,6932.0,6932.0,1.0,6932.0,2
2023-05-09 22:25:34,PF2404,PF404,6932.0,0.0,0.0,0.0,2,6956.0,6986.0,2,7002.0,6932.0,6932.0,6932.0,1.0,6932.0,2
2023-05-09 22:25:35,PF2404,PF404,6932.0,0.0,0.0,0.0,2,6956.0,6988.0,2,7002.0,6932.0,6932.0,6932.0,1.0,6932.0,2
2023-05-09 22:25:58,PF2404,PF404,6932.0,0.0,0.0,0.0,1,6956.0,6988.0,2,7002.0,6932.0,6932.0,6932.0,1.0,6932.0,2
2023-05-09 22:26:16,PF2404,PF404,6932.0,0.0,0.0,0.0,1,6956.0,6986.0,2,7002.0,6932.0,6932.0,6932.0,1.0,6932.0,2
2023-05-09 22:26:17,PF2404,PF404,6932.0,0.0,0.0,0.0,1,6956.0,6988.0,2,7002.0,6932.0,6932.0,6932.0,1.0,6932.0,2
2023-05-09 22:26:58,PF2404,PF404,6932.0,0.0,0.0,0.0,1,6956.0,6986.0,2,7002.0,6932.0,6932.0,6932.0,1.0,6932.0,2
2023-05-09 22:26:59,PF2404,PF404,6932.0,0.0,0.0,0.0,1,6956.0,6988.0,2,7002.0,6932.0,6932.0,6932.0,1.0,6932.0,2
2023-05-09 22:27:40,PF2404,PF404,6932.0,0.0,0.0,0.0,1,6956.0,6986.0,2,7002.0,6932.0,6932.0,6932.0,1.0,6932.0,2
2023-05-09 22:27:41,PF2404,PF404,6932.0,0.0,0.0,0.0,1,6956.0,6988.0,2,7002.0,6932.0,6932.0,6932.0,1.0,6932.0,2
2023-05-09 22:28:21,PF2404,PF404,6932.0,0.0,0.0,0.0,1,6956.0,6986.0,2,7002.0,6932.0,6932.0,6932.0,1.0,6932.0,2
2023-05-09 22:28:23,PF2404,PF404,6932.0,0.0,0.0,0.0,1,6956.0,6988.0,2,7002.0,6932.0,6932.0,6932.0,1.0,6932.0,2
2023-05-09 22:29:04,PF2404,PF404,6932.0,0.0,0.0,0.0,1,6956.0,6986.0,2,7002.0,6932.0,6932.0,6932.0,1.0,6932.0,2
2023-05-09 22:29:05,PF2404,PF404,6932.0,0.0,0.0,0.0,1,6956.0,6996.0,1,7002.0,6932.0,6932.0,6932.0,1.0,6932.0,2
2023-05-09 22:29:05,PF2404,PF404,6932.0,0.0,0.0,0.0,1,6956.0,6994.0,2,7002.0,6932.0,6932.0,6932.0,1.0,6932.0,2
2023-05-09 22:29:45,PF2404,PF404,6932.0,0.0,0.0,0.0,1,6956.0,6992.0,2,7002.0,6932.0,6932.0,6932.0,1.0,6932.0,2
2023-05-09 22:29:47,PF2404,PF404,6932.0,0.0,0.0,0.0,1,6956.0,6994.0,2,7002.0,6932.0,6932.0,6932.0,1.0,6932.0,2
2023-05-09 22:30:28,PF2404,PF404,6932.0,0.0,0.0,0.0,1,6956.0,6992.0,2,7002.0,6932.0,6932.0,6932.0,1.0,6932.0,2
2023-05-09 22:30:30,PF2404,PF404,6932.0,0.0,0.0,0.0,1,6956.0,6996.0,1,7002.0,6932.0,6932.0,6932.0,1.0,6932.0,2
2023-05-09 22:30:30,PF2404,PF404,6932.0,0.0,0.0,0.0,1,6956.0,6994.0,2,7002.0,6932.0,6932.0,6932.0,1.0,6932.0,2
2023-05-09 22:31:10,PF2404,PF404,6932.0,0.0,0.0,0.0,1,6956.0,6982.0,1,7002.0,6932.0,6932.0,6932.0,1.0,6932.0,2
2023-05-09 22:31:11,PF2404,PF404,6932.0,0.0,0.0,0.0,1,6956.0,6980.0,2,7002.0,6932.0,6932.0,6932.0,1.0,6932.0,2
2023-05-09 22:31:18,PF2404,PF404,6932.0,0.0,0.0,0.0,1,6956.0,6992.0,2,7002.0,6932.0,6932.0,6932.0,1.0,6932.0,2
2023-05-09 22:31:18,PF2404,PF404,6932.0,0.0,0.0,0.0,1,6956.0,6990.0,2,7002.0,6932.0,6932.0,6932.0,1.0,6932.0,2
2023-05-09 22:31:53,PF2404,PF404,6932.0,0.0,0.0,0.0,1,6956.0,6988.0,2,7002.0,6932.0,6932.0,6932.0,1.0,6932.0,2
2023-05-09 22:31:54,PF2404,PF404,6932.0,0.0,0.0,0.0,1,6956.0,6996.0,1,7002.0,6932.0,6932.0,6932.0,1.0,6932.0,2
2023-05-09 22:31:55,PF2404,PF404,6932.0,0.0,0.0,0.0,1,6956.0,6994.0,2,7002.0,6932.0,6932.0,6932.0,1.0,6932.0,2
2023-05-09 22:32:36,PF2404,PF404,6932.0,0.0,0.0,0.0,1,6956.0,6992.0,2,7002.0,6932.0,6932.0,6932.0,1.0,6932.0,2
2023-05-09 22:32:37,PF2404,PF404,6932.0,0.0,0.0,0.0,1,6956.0,6994.0,1,7002.0,6932.0,6932.0,6932.0,1.0,6932.0,2
2023-05-09 22:32:38,PF2404,PF404,6932.0,0.0,0.0,0.0,1,6956.0,6992.0,1,7002.0,6932.0,6932.0,6932.0,1.0,6932.0,2
2023-05-09 22:32:38,PF2404,PF404,6932.0,0.0,0.0,0.0,1,6956.0,6992.0,2,7002.0,6932.0,6932.0,6932.0,1.0,6932.0,2
2023-05-09 22:33:19,PF2404,PF404,6932.0,0.0,0.0,0.0,1,6956.0,6990.0,2,7002.0,6932.0,6932.0,6932.0,1.0,6932.0,2
2023-05-09 22:33:21,PF2404,PF404,6932.0,0.0,0.0,0.0,1,6956.0,6992.0,2,7002.0,6932.0,6932.0,6932.0,1.0,6932.0,2
2023-05-09 22:33:57,PF2404,PF404,6932.0,0.0,0.0,0.0,1,6956.0,6990.0,1,7002.0,6932.0,6932.0,6932.0,1.0,6932.0,2
2023-05-09 22:34:00,PF2404,PF404,6932.0,0.0,0.0,0.0,1,6956.0,6988.0,2,7002.0,6932.0,6932.0,6932.0,1.0,6932.0,2
2023-05-09 22:34:01,PF2404,PF404,6932.0,0.0,0.0,0.0,1,6956.0,6988.0,4,7002.0,6932.0,6932.0,6932.0,1.0,6932.0,2
2023-05-09 22:34:03,PF2404,PF404,6932.0,0.0,0.0,0.0,1,6956.0,6988.0,2,7002.0,6932.0,6932.0,6932.0,1.0,6932.0,2
2023-05-09 22:34:43,PF2404,PF404,6932.0,0.0,0.0,0.0,1,6956.0,6986.0,2,7002.0,6932.0,6932.0,6932.0,1.0,6932.0,2
2023-05-09 22:34:45,PF2404,PF404,6932.0,0.0,0.0,0.0,1,6956.0,6988.0,2,7002.0,6932.0,6932.0,6932.0,1.0,6932.0,2
2023-05-09 22:35:25,PF2404,PF404,6932.0,0.0,0.0,0.0,1,6956.0,6986.0,2,7002.0,6932.0,6932.0,6932.0,1.0,6932.0,2
2023-05-09 22:35:27,PF2404,PF404,6932.0,0.0,0.0,0.0,1,6956.0,6988.0,2,7002.0,6932.0,6932.0,6932.0,1.0,6932.0,2
2023-05-09 22:36:07,PF2404,PF404,6932.0,0.0,0.0,0.0,1,6956.0,6986.0,2,7002.0,6932.0,6932.0,6932.0,1.0,6932.0,2
2023-05-09 22:36:08,PF2404,PF404,6932.0,0.0,0.0,0.0,1,6956.0,6988.0,2,7002.0,6932.0,6932.0,6932.0,1.0,6932.0,2
2023-05-09 22:36:48,PF2404,PF404,6932.0,0.0,0.0,0.0,1,6956.0,6986.0,2,7002.0,6932.0,6932.0,6932.0,1.0,6932.0,2
2023-05-09 22:36:49,PF2404,PF404,6932.0,0.0,0.0,0.0,1,6956.0,6984.0,1,7002.0,6932.0,6932.0,6932.0,1.0,6932.0,2
2023-05-09 22:36:51,PF2404,PF404,6932.0,0.0,0.0,0.0,1,6956.0,6982.0,1,7002.0,6932.0,6932.0,6932.0,1.0,6932.0,2
2023-05-09 22:36:58,PF2404,PF404,6932.0,0.0,0.0,0.0,1,6956.0,6980.0,1,7002.0,6932.0,6932.0,6932.0,1.0,6932.0,2
2023-05-09 22:37:00,PF2404,PF404,6932.0,0.0,0.0,0.0,1,6956.0,6978.0,1,7002.0,6932.0,6932.0,6932.0,1.0,6932.0,2
2023-05-09 22:37:06,PF2404,PF404,6932.0,0.0,0.0,0.0,1,6956.0,6976.0,1,7002.0,6932.0,6932.0,6932.0,1.0,6932.0,2
2023-05-09 22:37:07,PF2404,PF404,6932.0,0.0,0.0,0.0,1,6956.0,6974.0,1,7002.0,6932.0,6932.0,6932.0,1.0,6932.0,2
2023-05-09 22:37:13,PF2404,PF404,6932.0,0.0,0.0,0.0,1,6956.0,6974.0,2,7002.0,6932.0,6932.0,6932.0,1.0,6932.0,2
2023-05-09 22:37:31,PF2404,PF404,6932.0,0.0,0.0,0.0,1,6956.0,6972.0,2,7002.0,6932.0,6932.0,6932.0,1.0,6932.0,2
2023-05-09 22:37:32,PF2404,PF404,6932.0,0.0,0.0,0.0,1,6956.0,6974.0,2,7002.0,6932.0,6932.0,6932.0,1.0,6932.0,2
2023-05-09 22:37:40,PF2404,PF404,6932.0,0.0,0.0,0.0,1,6956.0,6974.0,1,7002.0,6932.0,6932.0,6932.0,1.0,6932.0,2
2023-05-09 22:37:40,PF2404,PF404,6932.0,0.0,0.0,0.0,1,6956.0,6972.0,1,7002.0,6932.0,6932.0,6932.0,1.0,6932.0,2
2023-05-09 22:37:41,PF2404,PF404,6932.0,0.0,0.0,0.0,1,6956.0,6970.0,1,7002.0,6932.0,6932.0,6932.0,1.0,6932.0,2
2023-05-09 22:37:47,PF2404,PF404,6932.0,0.0,0.0,0.0,1,6956.0,6970.0,2,7002.0,6932.0,6932.0,6932.0,1.0,6932.0,2
2023-05-09 22:38:11,PF2404,PF404,6932.0,0.0,0.0,0.0,1,6956.0,6996.0,1,7002.0,6932.0,6932.0,6932.0,1.0,6932.0,2
2023-05-09 22:38:12,PF2404,PF404,6932.0,0.0,0.0,0.0,1,6956.0,6994.0,3,7002.0,6932.0,6932.0,6932.0,1.0,6932.0,2
2023-05-09 22:38:13,PF2404,PF404,6932.0,0.0,0.0,0.0,1,6956.0,6994.0,4,7002.0,6932.0,6932.0,6932.0,1.0,6932.0,2
2023-05-09 22:38:15,PF2404,PF404,6932.0,0.0,0.0,0.0,1,6956.0,6992.0,2,7002.0,6932.0,6932.0,6932.0,1.0,6932.0,2
2023-05-09 22:38:15,PF2404,PF404,6932.0,0.0,0.0,0.0,1,6956.0,6990.0,1,7002.0,6932.0,6932.0,6932.0,1.0,6932.0,2
2023-05-09 22:38:21,PF2404,PF404,6932.0,0.0,0.0,0.0,1,6956.0,6988.0,2,7002.0,6932.0,6932.0,6932.0,1.0,6932.0,2
2023-05-09 22:38:58,PF2404,PF404,6932.0,0.0,0.0,0.0,1,6956.0,6986.0,2,7002.0,6932.0,6932.0,6932.0,1.0,6932.0,2
2023-05-09 22:38:59,PF2404,PF404,6932.0,0.0,0.0,0.0,1,6956.0,6988.0,2,7002.0,6932.0,6932.0,6932.0,1.0,6932.0,2
2023-05-09 22:39:39,PF2404,PF404,6932.0,0.0,0.0,0.0,1,6956.0,6986.0,2,7002.0,6932.0,6932.0,6932.0,1.0,6932.0,2
2023-05-09 22:39:41,PF2404,PF404,6932.0,0.0,0.0,0.0,1,6956.0,6988.0,2,7002.0,6932.0,6932.0,6932.0,1.0,6932.0,2
2023-05-09 22:40:21,PF2404,PF404,6932.0,0.0,0.0,0.0,1,6956.0,6986.0,2,7002.0,6932.0,6932.0,6932.0,1.0,6932.0,2
2023-05-09 22:40:22,PF2404,PF404,6932.0,0.0,0.0,0.0,1,6956.0,6994.0,1,7002.0,6932.0,6932.0,6932.0,1.0,6932.0,2
2023-05-09 22:40:23,PF2404,PF404,6932.0,0.0,0.0,0.0,1,6956.0,6992.0,3,7002.0,6932.0,6932.0,6932.0,1.0,6932.0,2
2023-05-09 22:41:04,PF2404,PF404,6932.0,0.0,0.0,0.0,1,6956.0,6990.0,2,7002.0,6932.0,6932.0,6932.0,1.0,6932.0,2
2023-05-09 22:41:05,PF2404,PF404,6932.0,0.0,0.0,0.0,1,6956.0,6992.0,2,7002.0,6932.0,6932.0,6932.0,1.0,6932.0,2
2023-05-09 22:41:45,PF2404,PF404,6932.0,0.0,0.0,0.0,1,6956.0,6990.0,2,7002.0,6932.0,6932.0,6932.0,1.0,6932.0,2
2023-05-09 22:41:47,PF2404,PF404,6932.0,0.0,0.0,0.0,1,6956.0,6992.0,2,7002.0,6932.0,6932.0,6932.0,1.0,6932.0,2
2023-05-09 22:42:27,PF2404,PF404,6932.0,0.0,0.0,0.0,1,6956.0,6990.0,2,7002.0,6932.0,6932.0,6932.0,1.0,6932.0,2
2023-05-09 22:42:28,PF2404,PF404,6932.0,0.0,0.0,0.0,1,6956.0,6992.0,2,7002.0,6932.0,6932.0,6932.0,1.0,6932.0,2
2023-05-09 22:43:10,PF2404,PF404,6932.0,0.0,0.0,0.0,1,6956.0,6990.0,2,7002.0,6932.0,6932.0,6932.0,1.0,6932.0,2
2023-05-09 22:43:11,PF2404,PF404,6932.0,0.0,0.0,0.0,1,6956.0,6992.0,2,7002.0,6932.0,6932.0,6932.0,1.0,6932.0,2
2023-05-09 22:43:52,PF2404,PF404,6932.0,0.0,0.0,0.0,1,6956.0,6990.0,2,7002.0,6932.0,6932.0,6932.0,1.0,6932.0,2
2023-05-09 22:43:53,PF2404,PF404,6932.0,0.0,0.0,0.0,1,6956.0,6992.0,2,7002.0,6932.0,6932.0,6932.0,1.0,6932.0,2
2023-05-09 22:44:34,PF2404,PF404,6932.0,0.0,0.0,0.0,1,6956.0,6990.0,2,7002.0,6932.0,6932.0,6932.0,1.0,6932.0,2
2023-05-09 22:44:35,PF2404,PF404,6932.0,0.0,0.0,0.0,1,6956.0,6992.0,2,7002.0,6932.0,6932.0,6932.0,1.0,6932.0,2
2023-05-09 22:45:15,PF2404,PF404,6932.0,0.0,0.0,0.0,1,6956.0,6990.0,2,7002.0,6932.0,6932.0,6932.0,1.0,6932.0,2
2023-05-09 22:45:17,PF2404,PF404,6932.0,0.0,0.0,0.0,1,6956.0,6992.0,2,7002.0,6932.0,6932.0,6932.0,1.0,6932.0,2
2023-05-09 22:45:57,PF2404,PF404,6932.0,0.0,0.0,0.0,1,6956.0,6990.0,2,7002.0,6932.0,6932.0,6932.0,1.0,6932.0,2
2023-05-09 22:45:59,PF2404,PF404,6932.0,0.0,0.0,0.0,1,6956.0,6992.0,2,7002.0,6932.0,6932.0,6932.0,1.0,6932.0,2
2023-05-09 22:46:39,PF2404,PF404,6932.0,0.0,0.0,0.0,1,6956.0,6990.0,2,7002.0,6932.0,6932.0,6932.0,1.0,6932.0,2
2023-05-09 22:46:40,PF2404,PF404,6932.0,0.0,0.0,0.0,1,6956.0,6992.0,2,7002.0,6932.0,6932.0,6932.0,1.0,6932.0,2
2023-05-09 22:47:21,PF2404,PF404,6932.0,0.0,0.0,0.0,1,6956.0,6990.0,2,7002.0,6932.0,6932.0,6932.0,1.0,6932.0,2
2023-05-09 22:47:22,PF2404,PF404,6932.0,0.0,0.0,0.0,1,6956.0,6988.0,2,7002.0,6932.0,6932.0,6932.0,1.0,6932.0,2
2023-05-09 22:48:04,PF2404,PF404,6932.0,0.0,0.0,0.0,2,6958.0,6988.0,2,7002.0,6932.0,6932.0,6932.0,1.0,6932.0,2
2023-05-09 22:48:05,PF2404,PF404,6932.0,0.0,0.0,0.0,1,6956.0,6988.0,2,7002.0,6932.0,6932.0,6932.0,1.0,6932.0,2
2023-05-09 22:48:46,PF2404,PF404,6932.0,0.0,0.0,0.0,1,6956.0,6986.0,2,7002.0,6932.0,6932.0,6932.0,1.0,6932.0,2
2023-05-09 22:48:47,PF2404,PF404,6932.0,0.0,0.0,0.0,1,6956.0,6988.0,2,7002.0,6932.0,6932.0,6932.0,1.0,6932.0,2
2023-05-09 22:49:28,PF2404,PF404,6932.0,0.0,0.0,0.0,1,6956.0,6986.0,2,7002.0,6932.0,6932.0,6932.0,1.0,6932.0,2
2023-05-09 22:49:29,PF2404,PF404,6932.0,0.0,0.0,0.0,1,6956.0,6988.0,2,7002.0,6932.0,6932.0,6932.0,1.0,6932.0,2
2023-05-09 22:50:11,PF2404,PF404,6932.0,0.0,0.0,0.0,1,6956.0,6986.0,2,7002.0,6932.0,6932.0,6932.0,1.0,6932.0,2
2023-05-09 22:50:12,PF2404,PF404,6932.0,0.0,0.0,0.0,1,6956.0,6988.0,2,7002.0,6932.0,6932.0,6932.0,1.0,6932.0,2
2023-05-09 22:50:53,PF2404,PF404,6932.0,0.0,0.0,0.0,1,6956.0,6986.0,2,7002.0,6932.0,6932.0,6932.0,1.0,6932.0,2
2023-05-09 22:50:54,PF2404,PF404,6932.0,0.0,0.0,0.0,1,6956.0,6988.0,2,7002.0,6932.0,6932.0,6932.0,1.0,6932.0,2
2023-05-09 22:51:35,PF2404,PF404,6932.0,0.0,0.0,0.0,1,6956.0,6986.0,2,7002.0,6932.0,6932.0,6932.0,1.0,6932.0,2
2023-05-09 22:51:36,PF2404,PF404,6932.0,0.0,0.0,0.0,1,6956.0,6988.0,2,7002.0,6932.0,6932.0,6932.0,1.0,6932.0,2
2023-05-09 22:52:17,PF2404,PF404,6932.0,0.0,0.0,0.0,1,6956.0,6986.0,2,7002.0,6932.0,6932.0,6932.0,1.0,6932.0,2
2023-05-09 22:52:18,PF2404,PF404,6932.0,0.0,0.0,0.0,1,6956.0,6988.0,2,7002.0,6932.0,6932.0,6932.0,1.0,6932.0,2
2023-05-09 22:52:59,PF2404,PF404,6932.0,0.0,0.0,0.0,1,6956.0,6986.0,2,7002.0,6932.0,6932.0,6932.0,1.0,6932.0,2
2023-05-09 22:53:00,PF2404,PF404,6932.0,0.0,0.0,0.0,1,6956.0,6988.0,2,7002.0,6932.0,6932.0,6932.0,1.0,6932.0,2
2023-05-09 22:53:40,PF2404,PF404,6932.0,0.0,0.0,0.0,1,6956.0,6978.0,1,7002.0,6932.0,6932.0,6932.0,1.0,6932.0,2
2023-05-09 22:53:41,PF2404,PF404,6932.0,0.0,0.0,0.0,1,6956.0,6976.0,1,7002.0,6932.0,6932.0,6932.0,1.0,6932.0,2
2023-05-09 22:53:44,PF2404,PF404,6932.0,0.0,0.0,0.0,1,6956.0,6976.0,2,7002.0,6932.0,6932.0,6932.0,1.0,6932.0,2
2023-05-09 22:54:23,PF2404,PF404,6932.0,0.0,0.0,0.0,2,6958.0,6976.0,2,7002.0,6932.0,6932.0,6932.0,1.0,6932.0,2
2023-05-09 22:54:24,PF2404,PF404,6932.0,0.0,0.0,0.0,1,6956.0,6976.0,2,7002.0,6932.0,6932.0,6932.0,1.0,6932.0,2
2023-05-09 22:55:04,PF2404,PF404,6932.0,0.0,0.0,0.0,2,6958.0,6976.0,2,7002.0,6932.0,6932.0,6932.0,1.0,6932.0,2
2023-05-09 22:55:06,PF2404,PF404,6932.0,0.0,0.0,0.0,1,6956.0,6976.0,2,7002.0,6932.0,6932.0,6932.0,1.0,6932.0,2
2023-05-09 22:55:46,PF2404,PF404,6932.0,0.0,0.0,0.0,2,6958.0,6976.0,2,7002.0,6932.0,6932.0,6932.0,1.0,6932.0,2
2023-05-09 22:55:47,PF2404,PF404,6932.0,0.0,0.0,0.0,1,6956.0,6976.0,2,7002.0,6932.0,6932.0,6932.0,1.0,6932.0,2
2023-05-09 22:56:28,PF2404,PF404,6932.0,0.0,0.0,0.0,2,6958.0,6976.0,2,7002.0,6932.0,6932.0,6932.0,1.0,6932.0,2
2023-05-09 22:56:30,PF2404,PF404,6932.0,0.0,0.0,0.0,1,6956.0,6976.0,2,7002.0,6932.0,6932.0,6932.0,1.0,6932.0,2
2023-05-09 22:57:09,PF2404,PF404,6932.0,0.0,0.0,0.0,2,6958.0,6976.0,2,7002.0,6932.0,6932.0,6932.0,1.0,6932.0,2
2023-05-09 22:57:11,PF2404,PF404,6932.0,0.0,0.0,0.0,1,6956.0,6976.0,2,7002.0,6932.0,6932.0,6932.0,1.0,6932.0,2
2023-05-09 22:57:50,PF2404,PF404,6932.0,0.0,0.0,0.0,2,6958.0,6976.0,2,7002.0,6932.0,6932.0,6932.0,1.0,6932.0,2
2023-05-09 22:57:52,PF2404,PF404,6932.0,0.0,0.0,0.0,1,6956.0,6976.0,2,7002.0,6932.0,6932.0,6932.0,1.0,6932.0,2
2023-05-09 22:58:33,PF2404,PF404,6932.0,0.0,0.0,0.0,2,6958.0,6976.0,2,7002.0,6932.0,6932.0,6932.0,1.0,6932.0,2
2023-05-09 22:58:34,PF2404,PF404,6932.0,0.0,0.0,0.0,1,6956.0,6976.0,2,7002.0,6932.0,6932.0,6932.0,1.0,6932.0,2
2023-05-09 22:58:41,PF2404,PF404,6932.0,0.0,0.0,0.0,1,6956.0,6994.0,1,7002.0,6932.0,6932.0,6932.0,1.0,6932.0,2
2023-05-09 22:58:42,PF2404,PF404,6932.0,0.0,0.0,0.0,1,6956.0,6992.0,2,7002.0,6932.0,6932.0,6932.0,1.0,6932.0,2
2023-05-09 22:58:44,PF2404,PF404,6932.0,0.0,0.0,0.0,1,6956.0,6992.0,3,7002.0,6932.0,6932.0,6932.0,1.0,6932.0,2
2023-05-09 22:59:15,PF2404,PF404,6932.0,0.0,0.0,0.0,2,6958.0,6982.0,1,7002.0,6932.0,6932.0,6932.0,1.0,6932.0,2
2023-05-09 22:59:16,PF2404,PF404,6932.0,0.0,0.0,0.0,2,6958.0,6980.0,2,7002.0,6932.0,6932.0,6932.0,1.0,6932.0,2
2023-05-09 22:59:17,PF2404,PF404,6932.0,0.0,0.0,0.0,1,6956.0,6980.0,2,7002.0,6932.0,6932.0,6932.0,1.0,6932.0,2
2023-05-09 22:59:52,PF2404,PF404,6932.0,0.0,0.0,0.0,1,6956.0,7006.0,1,7002.0,6932.0,6932.0,6932.0,1.0,6932.0,2
2023-05-09 22:59:53,PF2404,PF404,6932.0,0.0,0.0,0.0,1,6956.0,7058.0,1,7002.0,6932.0,6932.0,6932.0,1.0,6932.0,2
2023-05-09 22:59:53,PF2404,PF404,6932.0,0.0,0.0,0.0,1,6956.0,7056.0,1,7002.0,6932.0,6932.0,6932.0,1.0,6932.0,2
2023-05-09 22:59:55,PF2404,PF404,6932.0,0.0,0.0,0.0,1,6956.0,7058.0,1,7002.0,6932.0,6932.0,6932.0,1.0,6932.0,2
2023-05-09 22:59:55,PF2404,PF404,6932.0,0.0,0.0,0.0,1,6956.0,7058.0,1,7002.0,6932.0,6932.0,6932.0,1.0,6932.0,2
2023-05-10 09:00:02,PF2404,PF404,6932.0,0.0,0.0,0.0,2,6956.0,7038.0,1,7002.0,6932.0,6932.0,6932.0,1.0,6932.0,2
2023-05-10 09:00:04,PF2404,PF404,6932.0,0.0,0.0,0.0,2,6956.0,7036.0,1,7002.0,6932.0,6932.0,6932.0,1.0,6932.0,2
2023-05-10 09:00:06,PF2404,PF404,6932.0,0.0,0.0,0.0,2,6956.0,7036.0,2,7002.0,6932.0,6932.0,6932.0,1.0,6932.0,2
2023-05-10 09:00:09,PF2404,PF404,6932.0,0.0,0.0,0.0,2,6956.0,7036.0,1,7002.0,6932.0,6932.0,6932.0,1.0,6932.0,2
2023-05-10 09:00:17,PF2404,PF404,6932.0,0.0,0.0,0.0,2,6956.0,7020.0,1,7002.0,6932.0,6932.0,6932.0,1.0,6932.0,2
2023-05-10 09:00:18,PF2404,PF404,6932.0,0.0,0.0,0.0,2,6958.0,7018.0,1,7002.0,6932.0,6932.0,6932.0,1.0,6932.0,2
2023-05-10 09:03:09,PF2404,PF404,6932.0,0.0,0.0,0.0,2,6958.0,7030.0,1,7002.0,6932.0,6932.0,6932.0,1.0,6932.0,2
2023-05-10 09:03:09,PF2404,PF404,6932.0,0.0,0.0,0.0,2,6958.0,7028.0,1,7002.0,6932.0,6932.0,6932.0,1.0,6932.0,2
2023-05-10 09:03:16,PF2404,PF404,6932.0,0.0,0.0,0.0,1,6960.0,7042.0,1,7002.0,6932.0,6932.0,6932.0,1.0,6932.0,2
2023-05-10 09:03:16,PF2404,PF404,6932.0,0.0,0.0,0.0,1,6960.0,7040.0,1,7002.0,6932.0,6932.0,6932.0,1.0,6932.0,2
2023-05-10 09:03:26,PF2404,PF404,6932.0,0.0,0.0,0.0,1,6960.0,7032.0,1,7002.0,6932.0,6932.0,6932.0,1.0,6932.0,2
2023-05-10 09:03:27,PF2404,PF404,6932.0,0.0,0.0,0.0,1,6960.0,7030.0,1,7002.0,6932.0,6932.0,6932.0,1.0,6932.0,2
2023-05-10 09:03:48,PF2404,PF404,6932.0,0.0,0.0,0.0,1,6960.0,7028.0,1,7002.0,6932.0,6932.0,6932.0,1.0,6932.0,2
2023-05-10 09:03:49,PF2404,PF404,6932.0,0.0,0.0,0.0,1,6960.0,7026.0,1,7002.0,6932.0,6932.0,6932.0,1.0,6932.0,2
2023-05-10 09:04:09,PF2404,PF404,6932.0,0.0,0.0,0.0,1,6960.0,7032.0,1,7002.0,6932.0,6932.0,6932.0,1.0,6932.0,2
2023-05-10 09:04:10,PF2404,PF404,6932.0,0.0,0.0,0.0,1,6960.0,7030.0,1,7002.0,6932.0,6932.0,6932.0,1.0,6932.0,2
2023-05-10 09:04:11,PF2404,PF404,6932.0,0.0,0.0,0.0,1,6962.0,7030.0,1,7002.0,6932.0,6932.0,6932.0,1.0,6932.0,2
2023-05-10 09:04:14,PF2404,PF404,6932.0,0.0,0.0,0.0,1,6960.0,7030.0,1,7002.0,6932.0,6932.0,6932.0,1.0,6932.0,2
2023-05-10 09:04:20,PF2404,PF404,6932.0,0.0,0.0,0.0,2,6956.0,7030.0,1,7002.0,6932.0,6932.0,6932.0,1.0,6932.0,2
2023-05-10 09:04:30,PF2404,PF404,6932.0,0.0,0.0,0.0,2,6958.0,7030.0,1,7002.0,6932.0,6932.0,6932.0,1.0,6932.0,2
2023-05-10 09:06:04,PF2404,PF404,6932.0,0.0,0.0,0.0,2,6958.0,7028.0,1,7002.0,6932.0,6932.0,6932.0,1.0,6932.0,2
2023-05-10 09:06:06,PF2404,PF404,6932.0,0.0,0.0,0.0,2,6958.0,7026.0,1,7002.0,6932.0,6932.0,6932.0,1.0,6932.0,2
2023-05-10 09:07:07,PF2404,PF404,6932.0,0.0,0.0,0.0,2,6958.0,7022.0,1,7002.0,6932.0,6932.0,6932.0,1.0,6932.0,2
2023-05-10 09:07:09,PF2404,PF404,6932.0,0.0,0.0,0.0,2,6958.0,7020.0,1,7002.0,6932.0,6932.0,6932.0,1.0,6932.0,2
2023-05-10 09:07:12,PF2404,PF404,6932.0,0.0,0.0,0.0,2,6958.0,7022.0,1,7002.0,6932.0,6932.0,6932.0,1.0,6932.0,2
2023-05-10 09:07:16,PF2404,PF404,6932.0,0.0,0.0,0.0,2,6958.0,7022.0,2,7002.0,6932.0,6932.0,6932.0,1.0,6932.0,2
2023-05-10 09:07:20,PF2404,PF404,7022.0,1.0,7024.0,-1.0,2,6958.0,7022.0,1,7002.0,6932.0,7022.0,6932.0,2.0,13956.0,1
2023-05-10 09:07:51,PF2404,PF404,7022.0,0.0,0.0,0.0,2,6958.0,7032.0,1,7002.0,6932.0,7022.0,6932.0,2.0,13956.0,1
2023-05-10 09:07:52,PF2404,PF404,7022.0,0.0,0.0,0.0,2,6958.0,7030.0,1,7002.0,6932.0,7022.0,6932.0,2.0,13956.0,1
2023-05-10 09:09:29,PF2404,PF404,7022.0,0.0,0.0,0.0,2,6956.0,7030.0,1,7002.0,6932.0,7022.0,6932.0,2.0,13956.0,1
2023-05-10 09:09:29,PF2404,PF404,7022.0,0.0,0.0,0.0,1,6956.0,7030.0,1,7002.0,6932.0,7022.0,6932.0,2.0,13956.0,1
2023-05-10 09:09:30,PF2404,PF404,7022.0,0.0,0.0,0.0,2,6956.0,7030.0,1,7002.0,6932.0,7022.0,6932.0,2.0,13956.0,1
2023-05-10 09:10:01,PF2404,PF404,7022.0,0.0,0.0,0.0,2,6958.0,7030.0,1,7002.0,6932.0,7022.0,6932.0,2.0,13956.0,1
2023-05-10 09:15:01,PF2404,PF404,7022.0,0.0,0.0,0.0,2,6956.0,7030.0,1,7002.0,6932.0,7022.0,6932.0,2.0,13956.0,1
2023-05-10 09:15:01,PF2404,PF404,7022.0,0.0,0.0,0.0,1,6956.0,7030.0,1,7002.0,6932.0,7022.0,6932.0,2.0,13956.0,1
2023-05-10 09:15:03,PF2404,PF404,7022.0,0.0,0.0,0.0,2,6956.0,7030.0,1,7002.0,6932.0,7022.0,6932.0,2.0,13956.0,1
2023-05-10 09:15:39,PF2404,PF404,7022.0,0.0,0.0,0.0,2,6956.0,7014.0,1,7002.0,6932.0,7022.0,6932.0,2.0,13956.0,1
2023-05-10 09:15:40,PF2404,PF404,7022.0,0.0,0.0,0.0,2,6958.0,7012.0,1,7002.0,6932.0,7022.0,6932.0,2.0,13956.0,1
2023-05-10 09:18:07,PF2404,PF404,7022.0,0.0,0.0,0.0,2,6958.0,7032.0,1,7002.0,6932.0,7022.0,6932.0,2.0,13956.0,1
2023-05-10 09:18:08,PF2404,PF404,7022.0,0.0,0.0,0.0,2,6958.0,7030.0,1,7002.0,6932.0,7022.0,6932.0,2.0,13956.0,1
2023-05-10 09:19:10,PF2404,PF404,7022.0,0.0,0.0,0.0,2,6958.0,7020.0,1,7002.0,6932.0,7022.0,6932.0,2.0,13956.0,1
2023-05-10 09:19:11,PF2404,PF404,7022.0,0.0,0.0,0.0,2,6958.0,7018.0,1,7002.0,6932.0,7022.0,6932.0,2.0,13956.0,1
2023-05-10 09:19:14,PF2404,PF404,7022.0,0.0,0.0,0.0,2,6958.0,7032.0,1,7002.0,6932.0,7022.0,6932.0,2.0,13956.0,1
2023-05-10 09:19:14,PF2404,PF404,7022.0,0.0,0.0,0.0,2,6958.0,7030.0,1,7002.0,6932.0,7022.0,6932.0,2.0,13956.0,1
2023-05-10 09:19:52,PF2404,PF404,7022.0,0.0,0.0,0.0,2,6958.0,7026.0,1,7002.0,6932.0,7022.0,6932.0,2.0,13956.0,1
2023-05-10 09:19:52,PF2404,PF404,7022.0,0.0,0.0,0.0,2,6958.0,7024.0,1,7002.0,6932.0,7022.0,6932.0,2.0,13956.0,1
2023-05-10 09:20:00,PF2404,PF404,7022.0,0.0,0.0,0.0,2,6958.0,7024.0,2,7002.0,6932.0,7022.0,6932.0,2.0,13956.0,1
2023-05-10 09:20:06,PF2404,PF404,7022.0,0.0,0.0,0.0,2,6958.0,7024.0,1,7002.0,6932.0,7022.0,6932.0,2.0,13956.0,1
2023-05-10 09:20:07,PF2404,PF404,7022.0,0.0,0.0,0.0,2,6958.0,7024.0,2,7002.0,6932.0,7022.0,6932.0,2.0,13956.0,1
2023-05-10 09:20:31,PF2404,PF404,7022.0,0.0,0.0,0.0,2,6958.0,7022.0,1,7002.0,6932.0,7022.0,6932.0,2.0,13956.0,1
2023-05-10 09:20:32,PF2404,PF404,7022.0,0.0,0.0,0.0,2,6958.0,7020.0,2,7002.0,6932.0,7022.0,6932.0,2.0,13956.0,1
2023-05-10 09:20:39,PF2404,PF404,7022.0,0.0,0.0,0.0,2,6956.0,7020.0,2,7002.0,6932.0,7022.0,6932.0,2.0,13956.0,1
2023-05-10 09:20:40,PF2404,PF404,7022.0,0.0,0.0,0.0,1,6956.0,7020.0,2,7002.0,6932.0,7022.0,6932.0,2.0,13956.0,1
2023-05-10 09:20:40,PF2404,PF404,7022.0,0.0,0.0,0.0,2,6956.0,7020.0,2,7002.0,6932.0,7022.0,6932.0,2.0,13956.0,1
2023-05-10 09:21:15,PF2404,PF404,7022.0,0.0,0.0,0.0,2,6958.0,7020.0,2,7002.0,6932.0,7022.0,6932.0,2.0,13956.0,1
2023-05-10 09:26:14,PF2404,PF404,7022.0,0.0,0.0,0.0,2,6956.0,7020.0,2,7002.0,6932.0,7022.0,6932.0,2.0,13956.0,1
2023-05-10 09:26:14,PF2404,PF404,7022.0,0.0,0.0,0.0,1,6956.0,7020.0,2,7002.0,6932.0,7022.0,6932.0,2.0,13956.0,1
2023-05-10 09:26:15,PF2404,PF404,7022.0,0.0,0.0,0.0,2,6956.0,7020.0,2,7002.0,6932.0,7022.0,6932.0,2.0,13956.0,1
2023-05-10 09:26:46,PF2404,PF404,7022.0,0.0,0.0,0.0,2,6958.0,7020.0,2,7002.0,6932.0,7022.0,6932.0,2.0,13956.0,1
2023-05-10 09:28:10,PF2404,PF404,7022.0,0.0,0.0,0.0,2,6958.0,7016.0,1,7002.0,6932.0,7022.0,6932.0,2.0,13956.0,1
2023-05-10 09:28:21,PF2404,PF404,7022.0,0.0,0.0,0.0,2,6958.0,7014.0,2,7002.0,6932.0,7022.0,6932.0,2.0,13956.0,1
2023-05-10 09:31:45,PF2404,PF404,7022.0,0.0,0.0,0.0,2,6956.0,7014.0,2,7002.0,6932.0,7022.0,6932.0,2.0,13956.0,1
2023-05-10 09:31:45,PF2404,PF404,7022.0,0.0,0.0,0.0,1,6956.0,7014.0,2,7002.0,6932.0,7022.0,6932.0,2.0,13956.0,1
2023-05-10 09:31:47,PF2404,PF404,7022.0,0.0,0.0,0.0,2,6956.0,7014.0,2,7002.0,6932.0,7022.0,6932.0,2.0,13956.0,1
2023-05-10 09:32:18,PF2404,PF404,7022.0,0.0,0.0,0.0,2,6956.0,7012.0,2,7002.0,6932.0,7022.0,6932.0,2.0,13956.0,1
2023-05-10 09:32:19,PF2404,PF404,7022.0,0.0,0.0,0.0,2,6956.0,7014.0,2,7002.0,6932.0,7022.0,6932.0,2.0,13956.0,1
2023-05-10 09:33:00,PF2404,PF404,7022.0,0.0,0.0,0.0,2,6958.0,7014.0,2,7002.0,6932.0,7022.0,6932.0,2.0,13956.0,1
2023-05-10 09:33:09,PF2404,PF404,7022.0,0.0,0.0,0.0,2,6958.0,7022.0,1,7002.0,6932.0,7022.0,6932.0,2.0,13956.0,1
2023-05-10 09:33:10,PF2404,PF404,7022.0,0.0,0.0,0.0,2,6958.0,7020.0,2,7002.0,6932.0,7022.0,6932.0,2.0,13956.0,1
2023-05-10 09:33:43,PF2404,PF404,7022.0,0.0,0.0,0.0,2,6958.0,7018.0,1,7002.0,6932.0,7022.0,6932.0,2.0,13956.0,1
2023-05-10 09:33:44,PF2404,PF404,7022.0,0.0,0.0,0.0,2,6958.0,7016.0,2,7002.0,6932.0,7022.0,6932.0,2.0,13956.0,1
2023-05-10 09:37:59,PF2404,PF404,7022.0,0.0,0.0,0.0,2,6956.0,7016.0,2,7002.0,6932.0,7022.0,6932.0,2.0,13956.0,1
2023-05-10 09:37:59,PF2404,PF404,7022.0,0.0,0.0,0.0,1,6956.0,7016.0,2,7002.0,6932.0,7022.0,6932.0,2.0,13956.0,1
2023-05-10 09:38:00,PF2404,PF404,7022.0,0.0,0.0,0.0,2,6956.0,7016.0,2,7002.0,6932.0,7022.0,6932.0,2.0,13956.0,1
2023-05-10 09:38:13,PF2404,PF404,7022.0,0.0,0.0,0.0,2,6956.0,7022.0,1,7002.0,6932.0,7022.0,6932.0,2.0,13956.0,1
2023-05-10 09:38:14,PF2404,PF404,7022.0,0.0,0.0,0.0,2,6956.0,7020.0,1,7002.0,6932.0,7022.0,6932.0,2.0,13956.0,1
2023-05-10 09:38:14,PF2404,PF404,7022.0,0.0,0.0,0.0,2,6956.0,7018.0,1,7002.0,6932.0,7022.0,6932.0,2.0,13956.0,1
2023-05-10 09:38:19,PF2404,PF404,7022.0,0.0,0.0,0.0,2,6956.0,7022.0,1,7002.0,6932.0,7022.0,6932.0,2.0,13956.0,1
2023-05-10 09:38:20,PF2404,PF404,7022.0,0.0,0.0,0.0,2,6956.0,7020.0,2,7002.0,6932.0,7022.0,6932.0,2.0,13956.0,1
2023-05-10 09:38:34,PF2404,PF404,7022.0,0.0,0.0,0.0,2,6958.0,7020.0,2,7002.0,6932.0,7022.0,6932.0,2.0,13956.0,1
2023-05-10 09:42:03,PF2404,PF404,7022.0,0.0,0.0,0.0,2,6958.0,7016.0,1,7002.0,6932.0,7022.0,6932.0,2.0,13956.0,1
2023-05-10 09:42:04,PF2404,PF404,7022.0,0.0,0.0,0.0,2,6958.0,7014.0,2,7002.0,6932.0,7022.0,6932.0,2.0,13956.0,1
2023-05-10 09:43:33,PF2404,PF404,7022.0,0.0,0.0,0.0,2,6956.0,7014.0,2,7002.0,6932.0,7022.0,6932.0,2.0,13956.0,1
2023-05-10 09:43:34,PF2404,PF404,7022.0,0.0,0.0,0.0,1,6956.0,7014.0,2,7002.0,6932.0,7022.0,6932.0,2.0,13956.0,1
2023-05-10 09:43:35,PF2404,PF404,7022.0,0.0,0.0,0.0,2,6956.0,7014.0,2,7002.0,6932.0,7022.0,6932.0,2.0,13956.0,1
2023-05-10 09:44:08,PF2404,PF404,7022.0,0.0,0.0,0.0,2,6958.0,7014.0,2,7002.0,6932.0,7022.0,6932.0,2.0,13956.0,1
2023-05-10 09:46:31,PF2404,PF404,7022.0,0.0,0.0,0.0,2,6958.0,7008.0,1,7002.0,6932.0,7022.0,6932.0,2.0,13956.0,1
2023-05-10 09:46:32,PF2404,PF404,7022.0,0.0,0.0,0.0,2,6958.0,7006.0,2,7002.0,6932.0,7022.0,6932.0,2.0,13956.0,1
2023-05-10 09:49:08,PF2404,PF404,7022.0,0.0,0.0,0.0,2,6956.0,7006.0,2,7002.0,6932.0,7022.0,6932.0,2.0,13956.0,1
2023-05-10 09:49:08,PF2404,PF404,7022.0,0.0,0.0,0.0,1,6956.0,7006.0,2,7002.0,6932.0,7022.0,6932.0,2.0,13956.0,1
2023-05-10 09:49:10,PF2404,PF404,7022.0,0.0,0.0,0.0,2,6956.0,7006.0,2,7002.0,6932.0,7022.0,6932.0,2.0,13956.0,1
2023-05-10 09:49:11,PF2404,PF404,7022.0,0.0,0.0,0.0,2,6956.0,7022.0,1,7002.0,6932.0,7022.0,6932.0,2.0,13956.0,1
2023-05-10 09:49:11,PF2404,PF404,7022.0,0.0,0.0,0.0,2,6956.0,7020.0,2,7002.0,6932.0,7022.0,6932.0,2.0,13956.0,1
2023-05-10 09:49:39,PF2404,PF404,7022.0,0.0,0.0,0.0,2,6958.0,7020.0,2,7002.0,6932.0,7022.0,6932.0,2.0,13956.0,1
2023-05-10 09:51:21,PF2404,PF404,7022.0,0.0,0.0,0.0,2,6958.0,7016.0,1,7002.0,6932.0,7022.0,6932.0,2.0,13956.0,1
2023-05-10 09:51:22,PF2404,PF404,7022.0,0.0,0.0,0.0,2,6958.0,7014.0,2,7002.0,6932.0,7022.0,6932.0,2.0,13956.0,1
2023-05-10 09:51:30,PF2404,PF404,7022.0,0.0,0.0,0.0,2,6958.0,7014.0,3,7002.0,6932.0,7022.0,6932.0,2.0,13956.0,1
2023-05-10 09:51:32,PF2404,PF404,7022.0,0.0,0.0,0.0,2,6958.0,7012.0,1,7002.0,6932.0,7022.0,6932.0,2.0,13956.0,1
2023-05-10 09:51:33,PF2404,PF404,7022.0,0.0,0.0,0.0,2,6958.0,7010.0,2,7002.0,6932.0,7022.0,6932.0,2.0,13956.0,1
2023-05-10 09:51:35,PF2404,PF404,7022.0,0.0,0.0,0.0,2,6958.0,7010.0,3,7002.0,6932.0,7022.0,6932.0,2.0,13956.0,1
2023-05-10 09:51:37,PF2404,PF404,7022.0,0.0,0.0,0.0,2,6958.0,7008.0,1,7002.0,6932.0,7022.0,6932.0,2.0,13956.0,1
2023-05-10 09:51:38,PF2404,PF404,7022.0,0.0,0.0,0.0,2,6958.0,7006.0,2,7002.0,6932.0,7022.0,6932.0,2.0,13956.0,1
2023-05-10 09:51:39,PF2404,PF404,7022.0,0.0,0.0,0.0,2,6958.0,7006.0,3,7002.0,6932.0,7022.0,6932.0,2.0,13956.0,1
2023-05-10 09:51:41,PF2404,PF404,7022.0,0.0,0.0,0.0,2,6958.0,7004.0,1,7002.0,6932.0,7022.0,6932.0,2.0,13956.0,1
2023-05-10 09:51:42,PF2404,PF404,7022.0,0.0,0.0,0.0,2,6958.0,7002.0,2,7002.0,6932.0,7022.0,6932.0,2.0,13956.0,1
2023-05-10 09:51:45,PF2404,PF404,7022.0,0.0,0.0,0.0,2,6958.0,7022.0,1,7002.0,6932.0,7022.0,6932.0,2.0,13956.0,1
2023-05-10 09:51:46,PF2404,PF404,7022.0,0.0,0.0,0.0,2,6958.0,7020.0,2,7002.0,6932.0,7022.0,6932.0,2.0,13956.0,1
2023-05-10 09:54:38,PF2404,PF404,7022.0,0.0,0.0,0.0,2,6956.0,7020.0,2,7002.0,6932.0,7022.0,6932.0,2.0,13956.0,1
2023-05-10 09:54:38,PF2404,PF404,7022.0,0.0,0.0,0.0,1,6956.0,7020.0,2,7002.0,6932.0,7022.0,6932.0,2.0,13956.0,1
2023-05-10 09:54:38,PF2404,PF404,7022.0,0.0,0.0,0.0,2,6956.0,7020.0,2,7002.0,6932.0,7022.0,6932.0,2.0,13956.0,1
2023-05-10 09:54:38,PF2404,PF404,7022.0,0.0,0.0,0.0,1,6956.0,7020.0,2,7002.0,6932.0,7022.0,6932.0,2.0,13956.0,1
2023-05-10 09:54:41,PF2404,PF404,7022.0,0.0,0.0,0.0,2,6956.0,7020.0,2,7002.0,6932.0,7022.0,6932.0,2.0,13956.0,1
2023-05-10 09:55:14,PF2404,PF404,7022.0,0.0,0.0,0.0,2,6958.0,7020.0,2,7002.0,6932.0,7022.0,6932.0,2.0,13956.0,1
2023-05-10 09:57:54,PF2404,PF404,7022.0,0.0,0.0,0.0,2,6958.0,7004.0,1,7002.0,6932.0,7022.0,6932.0,2.0,13956.0,1
2023-05-10 09:57:55,PF2404,PF404,7022.0,0.0,0.0,0.0,2,6958.0,7002.0,2,7002.0,6932.0,7022.0,6932.0,2.0,13956.0,1
2023-05-10 09:58:37,PF2404,PF404,7022.0,0.0,0.0,0.0,2,6958.0,7000.0,1,7002.0,6932.0,7022.0,6932.0,2.0,13956.0,1
2023-05-10 09:58:37,PF2404,PF404,7022.0,0.0,0.0,0.0,2,6958.0,6998.0,2,7002.0,6932.0,7022.0,6932.0,2.0,13956.0,1
2023-05-10 09:58:37,PF2404,PF404,7022.0,0.0,0.0,0.0,2,6958.0,7000.0,1,7002.0,6932.0,7022.0,6932.0,2.0,13956.0,1
2023-05-10 09:58:37,PF2404,PF404,7022.0,0.0,0.0,0.0,2,6958.0,6998.0,2,7002.0,6932.0,7022.0,6932.0,2.0,13956.0,1
2023-05-10 09:59:53,PF2404,PF404,7022.0,0.0,0.0,0.0,2,6958.0,7022.0,1,7002.0,6932.0,7022.0,6932.0,2.0,13956.0,1
2023-05-10 09:59:53,PF2404,PF404,7022.0,0.0,0.0,0.0,2,6958.0,7020.0,2,7002.0,6932.0,7022.0,6932.0,2.0,13956.0,1
2023-05-10 10:00:08,PF2404,PF404,7022.0,0.0,0.0,0.0,2,6958.0,7018.0,1,7002.0,6932.0,7022.0,6932.0,2.0,13956.0,1
2023-05-10 10:00:09,PF2404,PF404,7022.0,0.0,0.0,0.0,2,6958.0,7016.0,2,7002.0,6932.0,7022.0,6932.0,2.0,13956.0,1
2023-05-10 10:00:11,PF2404,PF404,7022.0,0.0,0.0,0.0,2,6958.0,7022.0,1,7002.0,6932.0,7022.0,6932.0,2.0,13956.0,1
2023-05-10 10:00:12,PF2404,PF404,7022.0,0.0,0.0,0.0,2,6958.0,7020.0,2,7002.0,6932.0,7022.0,6932.0,2.0,13956.0,1
2023-05-10 10:00:14,PF2404,PF404,7022.0,0.0,0.0,0.0,2,6956.0,7020.0,2,7002.0,6932.0,7022.0,6932.0,2.0,13956.0,1
2023-05-10 10:00:14,PF2404,PF404,7022.0,0.0,0.0,0.0,1,6956.0,7020.0,2,7002.0,6932.0,7022.0,6932.0,2.0,13956.0,1
2023-05-10 10:00:15,PF2404,PF404,7022.0,0.0,0.0,0.0,2,6956.0,7020.0,2,7002.0,6932.0,7022.0,6932.0,2.0,13956.0,1
2023-05-10 10:00:51,PF2404,PF404,7022.0,0.0,0.0,0.0,2,6958.0,7020.0,2,7002.0,6932.0,7022.0,6932.0,2.0,13956.0,1
2023-05-10 10:03:41,PF2404,PF404,7022.0,0.0,0.0,0.0,2,6958.0,7016.0,1,7002.0,6932.0,7022.0,6932.0,2.0,13956.0,1
2023-05-10 10:03:42,PF2404,PF404,7022.0,0.0,0.0,0.0,2,6958.0,7014.0,2,7002.0,6932.0,7022.0,6932.0,2.0,13956.0,1
2023-05-10 10:05:49,PF2404,PF404,7022.0,0.0,0.0,0.0,2,6956.0,7014.0,2,7002.0,6932.0,7022.0,6932.0,2.0,13956.0,1
2023-05-10 10:05:50,PF2404,PF404,7022.0,0.0,0.0,0.0,1,6956.0,7014.0,2,7002.0,6932.0,7022.0,6932.0,2.0,13956.0,1
2023-05-10 10:05:52,PF2404,PF404,7022.0,0.0,0.0,0.0,2,6956.0,7014.0,2,7002.0,6932.0,7022.0,6932.0,2.0,13956.0,1
2023-05-10 10:06:29,PF2404,PF404,7022.0,0.0,0.0,0.0,2,6958.0,7014.0,2,7002.0,6932.0,7022.0,6932.0,2.0,13956.0,1
2023-05-10 10:07:38,PF2404,PF404,7022.0,0.0,0.0,0.0,2,6956.0,7014.0,2,7002.0,6932.0,7022.0,6932.0,2.0,13956.0,1
2023-05-10 10:07:52,PF2404,PF404,7022.0,0.0,0.0,0.0,2,6956.0,7012.0,2,7002.0,6932.0,7022.0,6932.0,2.0,13956.0,1
2023-05-10 10:07:55,PF2404,PF404,7022.0,0.0,0.0,0.0,2,6956.0,7012.0,4,7002.0,6932.0,7022.0,6932.0,2.0,13956.0,1
2023-05-10 10:08:16,PF2404,PF404,7022.0,0.0,0.0,0.0,2,6956.0,7012.0,3,7002.0,6932.0,7022.0,6932.0,2.0,13956.0,1
2023-05-10 10:08:19,PF2404,PF404,7022.0,0.0,0.0,0.0,2,6956.0,7012.0,2,7002.0,6932.0,7022.0,6932.0,2.0,13956.0,1
2023-05-10 10:08:33,PF2404,PF404,7022.0,0.0,0.0,0.0,2,6956.0,7022.0,1,7002.0,6932.0,7022.0,6932.0,2.0,13956.0,1
2023-05-10 10:08:34,PF2404,PF404,7022.0,0.0,0.0,0.0,2,6956.0,7020.0,2,7002.0,6932.0,7022.0,6932.0,2.0,13956.0,1
2023-05-10 10:08:36,PF2404,PF404,7022.0,0.0,0.0,0.0,2,6956.0,7016.0,1,7002.0,6932.0,7022.0,6932.0,2.0,13956.0,1
2023-05-10 10:08:37,PF2404,PF404,7022.0,0.0,0.0,0.0,2,6956.0,7014.0,2,7002.0,6932.0,7022.0,6932.0,2.0,13956.0,1
2023-05-10 10:09:19,PF2404,PF404,7022.0,0.0,0.0,0.0,2,6958.0,7014.0,2,7002.0,6932.0,7022.0,6932.0,2.0,13956.0,1
2023-05-10 10:09:31,PF2404,PF404,7022.0,0.0,0.0,0.0,2,6958.0,7022.0,1,7002.0,6932.0,7022.0,6932.0,2.0,13956.0,1
2023-05-10 10:09:31,PF2404,PF404,7022.0,0.0,0.0,0.0,2,6958.0,7020.0,2,7002.0,6932.0,7022.0,6932.0,2.0,13956.0,1
2023-05-10 10:10:01,PF2404,PF404,7022.0,0.0,0.0,0.0,2,6958.0,7020.0,3,7002.0,6932.0,7022.0,6932.0,2.0,13956.0,1
2023-05-10 10:10:11,PF2404,PF404,7022.0,0.0,0.0,0.0,2,6958.0,7020.0,2,7002.0,6932.0,7022.0,6932.0,2.0,13956.0,1
2023-05-10 10:14:18,PF2404,PF404,7022.0,0.0,0.0,0.0,2,6956.0,7020.0,2,7002.0,6932.0,7022.0,6932.0,2.0,13956.0,1
2023-05-10 10:14:18,PF2404,PF404,7022.0,0.0,0.0,0.0,1,6956.0,7020.0,2,7002.0,6932.0,7022.0,6932.0,2.0,13956.0,1
2023-05-10 10:14:21,PF2404,PF404,7022.0,0.0,0.0,0.0,2,6956.0,7020.0,2,7002.0,6932.0,7022.0,6932.0,2.0,13956.0,1
2023-05-10 10:14:46,PF2404,PF404,7022.0,0.0,0.0,0.0,1,6956.0,7020.0,2,7002.0,6932.0,7022.0,6932.0,2.0,13956.0,1
2023-05-10 10:14:51,PF2404,PF404,7022.0,0.0,0.0,0.0,1,6956.0,7022.0,1,7002.0,6932.0,7022.0,6932.0,2.0,13956.0,1
2023-05-10 10:30:02,PF2404,PF404,7022.0,0.0,0.0,0.0,2,6956.0,7022.0,1,7002.0,6932.0,7022.0,6932.0,2.0,13956.0,1
2023-05-10 10:30:03,PF2404,PF404,7022.0,0.0,0.0,0.0,2,6956.0,7020.0,2,7002.0,6932.0,7022.0,6932.0,2.0,13956.0,1
2023-05-10 10:30:11,PF2404,PF404,7022.0,0.0,0.0,0.0,2,6958.0,7020.0,2,7002.0,6932.0,7022.0,6932.0,2.0,13956.0,1
2023-05-10 10:30:19,PF2404,PF404,7022.0,0.0,0.0,0.0,2,6956.0,7020.0,2,7002.0,6932.0,7022.0,6932.0,2.0,13956.0,1
2023-05-10 10:30:55,PF2404,PF404,7022.0,0.0,0.0,0.0,2,6956.0,7014.0,1,7002.0,6932.0,7022.0,6932.0,2.0,13956.0,1
2023-05-10 10:30:56,PF2404,PF404,7022.0,0.0,0.0,0.0,2,6956.0,7012.0,2,7002.0,6932.0,7022.0,6932.0,2.0,13956.0,1
2023-05-10 10:31:38,PF2404,PF404,7022.0,0.0,0.0,0.0,2,6956.0,7010.0,2,7002.0,6932.0,7022.0,6932.0,2.0,13956.0,1
2023-05-10 10:32:04,PF2404,PF404,7022.0,0.0,0.0,0.0,2,6956.0,7014.0,1,7002.0,6932.0,7022.0,6932.0,2.0,13956.0,1
2023-05-10 10:32:05,PF2404,PF404,7022.0,0.0,0.0,0.0,2,6956.0,7012.0,2,7002.0,6932.0,7022.0,6932.0,2.0,13956.0,1
2023-05-10 10:32:20,PF2404,PF404,7022.0,0.0,0.0,0.0,2,6958.0,7012.0,2,7002.0,6932.0,7022.0,6932.0,2.0,13956.0,1
2023-05-10 10:33:11,PF2404,PF404,7022.0,0.0,0.0,0.0,2,6958.0,7012.0,1,7002.0,6932.0,7022.0,6932.0,2.0,13956.0,1
2023-05-10 10:33:13,PF2404,PF404,7022.0,0.0,0.0,0.0,2,6956.0,7012.0,1,7002.0,6932.0,7022.0,6932.0,2.0,13956.0,1
2023-05-10 10:33:13,PF2404,PF404,7022.0,0.0,0.0,0.0,2,6956.0,7012.0,2,7002.0,6932.0,7022.0,6932.0,2.0,13956.0,1
2023-05-10 10:33:43,PF2404,PF404,7022.0,0.0,0.0,0.0,2,6956.0,7010.0,2,7002.0,6932.0,7022.0,6932.0,2.0,13956.0,1
2023-05-10 10:34:43,PF2404,PF404,7022.0,0.0,0.0,0.0,2,6956.0,7012.0,1,7002.0,6932.0,7022.0,6932.0,2.0,13956.0,1
2023-05-10 10:34:44,PF2404,PF404,7022.0,0.0,0.0,0.0,2,6956.0,7012.0,2,7002.0,6932.0,7022.0,6932.0,2.0,13956.0,1
2023-05-10 10:35:03,PF2404,PF404,7022.0,0.0,0.0,0.0,1,6956.0,7012.0,2,7002.0,6932.0,7022.0,6932.0,2.0,13956.0,1
2023-05-10 10:35:05,PF2404,PF404,7022.0,0.0,0.0,0.0,2,6956.0,7012.0,2,7002.0,6932.0,7022.0,6932.0,2.0,13956.0,1
2023-05-10 10:35:06,PF2404,PF404,7022.0,0.0,0.0,0.0,2,6956.0,7010.0,2,7002.0,6932.0,7022.0,6932.0,2.0,13956.0,1
2023-05-10 10:36:32,PF2404,PF404,7022.0,0.0,0.0,0.0,2,6956.0,7010.0,3,7002.0,6932.0,7022.0,6932.0,2.0,13956.0,1
2023-05-10 10:36:35,PF2404,PF404,7022.0,0.0,0.0,0.0,2,6956.0,7010.0,4,7002.0,6932.0,7022.0,6932.0,2.0,13956.0,1
2023-05-10 10:37:23,PF2404,PF404,7022.0,0.0,0.0,0.0,2,6956.0,7010.0,3,7002.0,6932.0,7022.0,6932.0,2.0,13956.0,1
2023-05-10 10:37:23,PF2404,PF404,7022.0,0.0,0.0,0.0,2,6956.0,7008.0,1,7002.0,6932.0,7022.0,6932.0,2.0,13956.0,1
2023-05-10 10:37:24,PF2404,PF404,7022.0,0.0,0.0,0.0,2,6956.0,7008.0,2,7002.0,6932.0,7022.0,6932.0,2.0,13956.0,1
2023-05-10 10:37:27,PF2404,PF404,7022.0,0.0,0.0,0.0,2,6956.0,7008.0,1,7002.0,6932.0,7022.0,6932.0,2.0,13956.0,1
2023-05-10 10:37:28,PF2404,PF404,7022.0,0.0,0.0,0.0,2,6956.0,7006.0,1,7002.0,6932.0,7022.0,6932.0,2.0,13956.0,1
2023-05-10 10:37:31,PF2404,PF404,7022.0,0.0,0.0,0.0,2,6956.0,7006.0,2,7002.0,6932.0,7022.0,6932.0,2.0,13956.0,1
2023-05-10 10:37:44,PF2404,PF404,7022.0,0.0,0.0,0.0,2,6956.0,7006.0,1,7002.0,6932.0,7022.0,6932.0,2.0,13956.0,1
2023-05-10 10:37:45,PF2404,PF404,7022.0,0.0,0.0,0.0,2,6956.0,7006.0,2,7002.0,6932.0,7022.0,6932.0,2.0,13956.0,1
2023-05-10 10:38:34,PF2404,PF404,7022.0,0.0,0.0,0.0,2,6956.0,7006.0,3,7002.0,6932.0,7022.0,6932.0,2.0,13956.0,1
2023-05-10 10:38:34,PF2404,PF404,7022.0,0.0,0.0,0.0,2,6956.0,7004.0,2,7002.0,6932.0,7022.0,6932.0,2.0,13956.0,1
2023-05-10 10:38:35,PF2404,PF404,7022.0,0.0,0.0,0.0,2,6956.0,7004.0,3,7002.0,6932.0,7022.0,6932.0,2.0,13956.0,1
2023-05-10 10:38:40,PF2404,PF404,7022.0,0.0,0.0,0.0,2,6956.0,7004.0,4,7002.0,6932.0,7022.0,6932.0,2.0,13956.0,1
2023-05-10 10:38:49,PF2404,PF404,7022.0,0.0,0.0,0.0,2,6956.0,7004.0,2,7002.0,6932.0,7022.0,6932.0,2.0,13956.0,1
2023-05-10 10:38:50,PF2404,PF404,7022.0,0.0,0.0,0.0,2,6956.0,7002.0,2,7002.0,6932.0,7022.0,6932.0,2.0,13956.0,1
2023-05-10 10:39:59,PF2404,PF404,7022.0,0.0,0.0,0.0,2,6956.0,7000.0,1,7002.0,6932.0,7022.0,6932.0,2.0,13956.0,1
2023-05-10 10:39:59,PF2404,PF404,7022.0,0.0,0.0,0.0,2,6956.0,7000.0,3,7002.0,6932.0,7022.0,6932.0,2.0,13956.0,1
2023-05-10 10:39:59,PF2404,PF404,7022.0,0.0,0.0,0.0,2,6956.0,6998.0,2,7002.0,6932.0,7022.0,6932.0,2.0,13956.0,1
2023-05-10 10:40:05,PF2404,PF404,7022.0,0.0,0.0,0.0,1,6956.0,6998.0,2,7002.0,6932.0,7022.0,6932.0,2.0,13956.0,1
2023-05-10 10:40:41,PF2404,PF404,7022.0,0.0,0.0,0.0,1,6956.0,6996.0,2,7002.0,6932.0,7022.0,6932.0,2.0,13956.0,1
2023-05-10 10:44:25,PF2404,PF404,7022.0,0.0,0.0,0.0,1,6956.0,7022.0,2,7002.0,6932.0,7022.0,6932.0,2.0,13956.0,1
2023-05-10 10:44:28,PF2404,PF404,7022.0,0.0,0.0,0.0,1,6956.0,7020.0,2,7002.0,6932.0,7022.0,6932.0,2.0,13956.0,1
2023-05-10 10:44:32,PF2404,PF404,7022.0,0.0,0.0,0.0,1,6956.0,7018.0,1,7002.0,6932.0,7022.0,6932.0,2.0,13956.0,1
2023-05-10 10:44:35,PF2404,PF404,7022.0,0.0,0.0,0.0,1,6956.0,7016.0,2,7002.0,6932.0,7022.0,6932.0,2.0,13956.0,1
2023-05-10 10:44:48,PF2404,PF404,7022.0,0.0,0.0,0.0,1,6956.0,6998.0,1,7002.0,6932.0,7022.0,6932.0,2.0,13956.0,1
2023-05-10 10:44:49,PF2404,PF404,7022.0,0.0,0.0,0.0,1,6956.0,6996.0,2,7002.0,6932.0,7022.0,6932.0,2.0,13956.0,1
2023-05-10 10:44:56,PF2404,PF404,7022.0,0.0,0.0,0.0,1,6956.0,7014.0,2,7002.0,6932.0,7022.0,6932.0,2.0,13956.0,1
2023-05-10 10:44:57,PF2404,PF404,7022.0,0.0,0.0,0.0,1,6956.0,7012.0,2,7002.0,6932.0,7022.0,6932.0,2.0,13956.0,1
2023-05-10 10:45:30,PF2404,PF404,7022.0,0.0,0.0,0.0,1,6956.0,7012.0,3,7002.0,6932.0,7022.0,6932.0,2.0,13956.0,1
2023-05-10 10:46:13,PF2404,PF404,7022.0,0.0,0.0,0.0,1,6956.0,7010.0,2,7002.0,6932.0,7022.0,6932.0,2.0,13956.0,1
2023-05-10 10:46:17,PF2404,PF404,7022.0,0.0,0.0,0.0,1,6956.0,7008.0,2,7002.0,6932.0,7022.0,6932.0,2.0,13956.0,1
2023-05-10 10:46:23,PF2404,PF404,7022.0,0.0,0.0,0.0,1,6956.0,7010.0,2,7002.0,6932.0,7022.0,6932.0,2.0,13956.0,1
2023-05-10 10:46:24,PF2404,PF404,7022.0,0.0,0.0,0.0,1,6956.0,7010.0,4,7002.0,6932.0,7022.0,6932.0,2.0,13956.0,1
2023-05-10 10:47:06,PF2404,PF404,7022.0,0.0,0.0,0.0,1,6956.0,7010.0,2,7002.0,6932.0,7022.0,6932.0,2.0,13956.0,1
2023-05-10 10:47:07,PF2404,PF404,7022.0,0.0,0.0,0.0,1,6956.0,7008.0,2,7002.0,6932.0,7022.0,6932.0,2.0,13956.0,1
2023-05-10 10:48:15,PF2404,PF404,7022.0,0.0,0.0,0.0,1,6956.0,7006.0,1,7002.0,6932.0,7022.0,6932.0,2.0,13956.0,1
2023-05-10 10:48:15,PF2404,PF404,7022.0,0.0,0.0,0.0,1,6956.0,7006.0,3,7002.0,6932.0,7022.0,6932.0,2.0,13956.0,1
2023-05-10 10:48:16,PF2404,PF404,7022.0,0.0,0.0,0.0,1,6956.0,7004.0,2,7002.0,6932.0,7022.0,6932.0,2.0,13956.0,1
2023-05-10 10:48:58,PF2404,PF404,7022.0,0.0,0.0,0.0,1,6956.0,7002.0,2,7002.0,6932.0,7022.0,6932.0,2.0,13956.0,1
2023-05-10 10:53:56,PF2404,PF404,7022.0,0.0,0.0,0.0,1,6956.0,7006.0,1,7002.0,6932.0,7022.0,6932.0,2.0,13956.0,1
2023-05-10 10:53:57,PF2404,PF404,7022.0,0.0,0.0,0.0,1,6956.0,7004.0,1,7002.0,6932.0,7022.0,6932.0,2.0,13956.0,1
2023-05-10 10:54:03,PF2404,PF404,7022.0,0.0,0.0,0.0,1,6956.0,7004.0,2,7002.0,6932.0,7022.0,6932.0,2.0,13956.0,1
2023-05-10 10:54:28,PF2404,PF404,7022.0,0.0,0.0,0.0,2,6958.0,7004.0,2,7002.0,6932.0,7022.0,6932.0,2.0,13956.0,1
2023-05-10 10:55:03,PF2404,PF404,7022.0,0.0,0.0,0.0,1,6956.0,7004.0,2,7002.0,6932.0,7022.0,6932.0,2.0,13956.0,1
2023-05-10 10:55:09,PF2404,PF404,7022.0,0.0,0.0,0.0,1,6956.0,7002.0,2,7002.0,6932.0,7022.0,6932.0,2.0,13956.0,1
2023-05-10 10:56:00,PF2404,PF404,7022.0,0.0,0.0,0.0,1,6956.0,7004.0,1,7002.0,6932.0,7022.0,6932.0,2.0,13956.0,1
2023-05-10 10:56:03,PF2404,PF404,7022.0,0.0,0.0,0.0,1,6956.0,7004.0,2,7002.0,6932.0,7022.0,6932.0,2.0,13956.0,1
2023-05-10 10:56:33,PF2404,PF404,7022.0,0.0,0.0,0.0,2,6958.0,7004.0,2,7002.0,6932.0,7022.0,6932.0,2.0,13956.0,1
2023-05-10 10:57:30,PF2404,PF404,7022.0,0.0,0.0,0.0,1,6956.0,7004.0,2,7002.0,6932.0,7022.0,6932.0,2.0,13956.0,1
2023-05-10 10:57:57,PF2404,PF404,7022.0,0.0,0.0,0.0,1,6956.0,7002.0,2,7002.0,6932.0,7022.0,6932.0,2.0,13956.0,1
2023-05-10 10:59:12,PF2404,PF404,7022.0,0.0,0.0,0.0,1,6956.0,7022.0,1,7002.0,6932.0,7022.0,6932.0,2.0,13956.0,1
2023-05-10 10:59:14,PF2404,PF404,7022.0,0.0,0.0,0.0,1,6956.0,7020.0,1,7002.0,6932.0,7022.0,6932.0,2.0,13956.0,1
2023-05-10 10:59:15,PF2404,PF404,7022.0,0.0,0.0,0.0,1,6956.0,7018.0,1,7002.0,6932.0,7022.0,6932.0,2.0,13956.0,1
2023-05-10 10:59:21,PF2404,PF404,7022.0,0.0,0.0,0.0,1,6956.0,7010.0,1,7002.0,6932.0,7022.0,6932.0,2.0,13956.0,1
2023-05-10 10:59:22,PF2404,PF404,7022.0,0.0,0.0,0.0,1,6956.0,7008.0,1,7002.0,6932.0,7022.0,6932.0,2.0,13956.0,1
2023-05-10 10:59:28,PF2404,PF404,7022.0,0.0,0.0,0.0,1,6956.0,7008.0,2,7002.0,6932.0,7022.0,6932.0,2.0,13956.0,1
2023-05-10 11:00:03,PF2404,PF404,7022.0,0.0,0.0,0.0,2,6958.0,7008.0,2,7002.0,6932.0,7022.0,6932.0,2.0,13956.0,1
2023-05-10 11:00:22,PF2404,PF404,7022.0,0.0,0.0,0.0,2,6958.0,7002.0,1,7002.0,6932.0,7022.0,6932.0,2.0,13956.0,1
2023-05-10 11:00:23,PF2404,PF404,7022.0,0.0,0.0,0.0,2,6958.0,7000.0,2,7002.0,6932.0,7022.0,6932.0,2.0,13956.0,1
2023-05-10 11:04:53,PF2404,PF404,7022.0,0.0,0.0,0.0,2,6958.0,7000.0,3,7002.0,6932.0,7022.0,6932.0,2.0,13956.0,1
2023-05-10 11:04:54,PF2404,PF404,7022.0,0.0,0.0,0.0,2,6958.0,7000.0,2,7002.0,6932.0,7022.0,6932.0,2.0,13956.0,1
2023-05-10 11:05:03,PF2404,PF404,7022.0,0.0,0.0,0.0,1,6956.0,7000.0,2,7002.0,6932.0,7022.0,6932.0,2.0,13956.0,1
2023-05-10 11:05:23,PF2404,PF404,7022.0,0.0,0.0,0.0,1,6956.0,7000.0,1,7002.0,6932.0,7022.0,6932.0,2.0,13956.0,1
2023-05-10 11:05:25,PF2404,PF404,7022.0,0.0,0.0,0.0,1,6956.0,7022.0,1,7002.0,6932.0,7022.0,6932.0,2.0,13956.0,1
2023-05-10 11:05:25,PF2404,PF404,7022.0,0.0,0.0,0.0,1,6956.0,7020.0,1,7002.0,6932.0,7022.0,6932.0,2.0,13956.0,1
2023-05-10 11:05:25,PF2404,PF404,7022.0,0.0,0.0,0.0,1,6956.0,7022.0,1,7002.0,6932.0,7022.0,6932.0,2.0,13956.0,1
2023-05-10 11:05:25,PF2404,PF404,7022.0,0.0,0.0,0.0,1,6956.0,7020.0,1,7002.0,6932.0,7022.0,6932.0,2.0,13956.0,1
2023-05-10 11:05:31,PF2404,PF404,7022.0,0.0,0.0,0.0,1,6956.0,7018.0,1,7002.0,6932.0,7022.0,6932.0,2.0,13956.0,1
2023-05-10 11:05:32,PF2404,PF404,7022.0,0.0,0.0,0.0,1,6956.0,7016.0,1,7002.0,6932.0,7022.0,6932.0,2.0,13956.0,1
2023-05-10 11:05:34,PF2404,PF404,7022.0,0.0,0.0,0.0,1,6956.0,7016.0,2,7002.0,6932.0,7022.0,6932.0,2.0,13956.0,1
2023-05-10 11:05:35,PF2404,PF404,7022.0,0.0,0.0,0.0,1,6956.0,7016.0,3,7002.0,6932.0,7022.0,6932.0,2.0,13956.0,1
2023-05-10 11:05:36,PF2404,PF404,7022.0,0.0,0.0,0.0,2,6958.0,7016.0,3,7002.0,6932.0,7022.0,6932.0,2.0,13956.0,1
2023-05-10 11:05:41,PF2404,PF404,7022.0,0.0,0.0,0.0,2,6958.0,7016.0,2,7002.0,6932.0,7022.0,6932.0,2.0,13956.0,1
2023-05-10 11:05:42,PF2404,PF404,7022.0,0.0,0.0,0.0,2,6958.0,7014.0,1,7002.0,6932.0,7022.0,6932.0,2.0,13956.0,1
2023-05-10 11:05:47,PF2404,PF404,7022.0,0.0,0.0,0.0,2,6958.0,7014.0,2,7002.0,6932.0,7022.0,6932.0,2.0,13956.0,1
2023-05-10 11:08:52,PF2404,PF404,7022.0,0.0,0.0,0.0,2,6958.0,7014.0,1,7002.0,6932.0,7022.0,6932.0,2.0,13956.0,1
2023-05-10 11:08:52,PF2404,PF404,7022.0,0.0,0.0,0.0,2,6958.0,7012.0,1,7002.0,6932.0,7022.0,6932.0,2.0,13956.0,1
2023-05-10 11:09:04,PF2404,PF404,7022.0,0.0,0.0,0.0,2,6958.0,7012.0,2,7002.0,6932.0,7022.0,6932.0,2.0,13956.0,1
2023-05-10 11:09:06,PF2404,PF404,7022.0,0.0,0.0,0.0,2,6958.0,7016.0,1,7002.0,6932.0,7022.0,6932.0,2.0,13956.0,1
2023-05-10 11:09:13,PF2404,PF404,7022.0,0.0,0.0,0.0,2,6958.0,7014.0,2,7002.0,6932.0,7022.0,6932.0,2.0,13956.0,1
2023-05-10 11:10:35,PF2404,PF404,7022.0,0.0,0.0,0.0,1,6956.0,7014.0,2,7002.0,6932.0,7022.0,6932.0,2.0,13956.0,1
2023-05-10 11:11:01,PF2404,PF404,7022.0,0.0,0.0,0.0,1,6956.0,7022.0,1,7002.0,6932.0,7022.0,6932.0,2.0,13956.0,1
2023-05-10 11:11:02,PF2404,PF404,7022.0,0.0,0.0,0.0,1,6956.0,7020.0,1,7002.0,6932.0,7022.0,6932.0,2.0,13956.0,1
2023-05-10 11:11:07,PF2404,PF404,7022.0,0.0,0.0,0.0,1,6956.0,7018.0,1,7002.0,6932.0,7022.0,6932.0,2.0,13956.0,1
2023-05-10 11:11:09,PF2404,PF404,7022.0,0.0,0.0,0.0,1,6956.0,7016.0,1,7002.0,6932.0,7022.0,6932.0,2.0,13956.0,1
2023-05-10 11:11:10,PF2404,PF404,7022.0,0.0,0.0,0.0,1,6956.0,7012.0,1,7002.0,6932.0,7022.0,6932.0,2.0,13956.0,1
2023-05-10 11:11:10,PF2404,PF404,7022.0,0.0,0.0,0.0,2,6958.0,7012.0,1,7002.0,6932.0,7022.0,6932.0,2.0,13956.0,1
2023-05-10 11:11:11,PF2404,PF404,7022.0,0.0,0.0,0.0,2,6958.0,7010.0,1,7002.0,6932.0,7022.0,6932.0,2.0,13956.0,1
2023-05-10 11:11:17,PF2404,PF404,7022.0,0.0,0.0,0.0,2,6958.0,7010.0,2,7002.0,6932.0,7022.0,6932.0,2.0,13956.0,1
2023-05-10 11:15:05,PF2404,PF404,7022.0,0.0,0.0,0.0,2,6958.0,7010.0,1,7002.0,6932.0,7022.0,6932.0,2.0,13956.0,1
2023-05-10 11:15:06,PF2404,PF404,7022.0,0.0,0.0,0.0,2,6958.0,7010.0,2,7002.0,6932.0,7022.0,6932.0,2.0,13956.0,1
2023-05-10 11:15:30,PF2404,PF404,7022.0,0.0,0.0,0.0,1,6956.0,7010.0,2,7002.0,6932.0,7022.0,6932.0,2.0,13956.0,1
2023-05-10 11:15:35,PF2404,PF404,7022.0,0.0,0.0,0.0,1,6956.0,7010.0,1,7002.0,6932.0,7022.0,6932.0,2.0,13956.0,1
2023-05-10 11:15:36,PF2404,PF404,7022.0,0.0,0.0,0.0,1,6956.0,7008.0,1,7002.0,6932.0,7022.0,6932.0,2.0,13956.0,1
2023-05-10 11:15:37,PF2404,PF404,7022.0,0.0,0.0,0.0,1,6956.0,7008.0,2,7002.0,6932.0,7022.0,6932.0,2.0,13956.0,1
2023-05-10 11:15:46,PF2404,PF404,7022.0,0.0,0.0,0.0,1,6956.0,7008.0,1,7002.0,6932.0,7022.0,6932.0,2.0,13956.0,1
2023-05-10 11:15:47,PF2404,PF404,7022.0,0.0,0.0,0.0,1,6956.0,7006.0,1,7002.0,6932.0,7022.0,6932.0,2.0,13956.0,1
2023-05-10 11:15:50,PF2404,PF404,7022.0,0.0,0.0,0.0,1,6956.0,7006.0,2,7002.0,6932.0,7022.0,6932.0,2.0,13956.0,1
2023-05-10 11:15:55,PF2404,PF404,7022.0,0.0,0.0,0.0,1,6956.0,7006.0,1,7002.0,6932.0,7022.0,6932.0,2.0,13956.0,1
2023-05-10 11:15:56,PF2404,PF404,7022.0,0.0,0.0,0.0,1,6956.0,7004.0,1,7002.0,6932.0,7022.0,6932.0,2.0,13956.0,1
2023-05-10 11:16:01,PF2404,PF404,7022.0,0.0,0.0,0.0,1,6956.0,7002.0,1,7002.0,6932.0,7022.0,6932.0,2.0,13956.0,1
2023-05-10 11:16:02,PF2404,PF404,7022.0,0.0,0.0,0.0,1,6956.0,7002.0,4,7002.0,6932.0,7022.0,6932.0,2.0,13956.0,1
2023-05-10 11:16:28,PF2404,PF404,7022.0,0.0,0.0,0.0,1,6956.0,7002.0,3,7002.0,6932.0,7022.0,6932.0,2.0,13956.0,1
2023-05-10 11:16:29,PF2404,PF404,7022.0,0.0,0.0,0.0,1,6956.0,7000.0,1,7002.0,6932.0,7022.0,6932.0,2.0,13956.0,1
2023-05-10 11:16:31,PF2404,PF404,7022.0,0.0,0.0,0.0,1,6956.0,7000.0,2,7002.0,6932.0,7022.0,6932.0,2.0,13956.0,1
2023-05-10 11:16:35,PF2404,PF404,7022.0,0.0,0.0,0.0,1,6956.0,7000.0,1,7002.0,6932.0,7022.0,6932.0,2.0,13956.0,1
2023-05-10 11:16:35,PF2404,PF404,7022.0,0.0,0.0,0.0,1,6956.0,6998.0,1,7002.0,6932.0,7022.0,6932.0,2.0,13956.0,1
2023-05-10 11:16:43,PF2404,PF404,7022.0,0.0,0.0,0.0,1,6956.0,7002.0,2,7002.0,6932.0,7022.0,6932.0,2.0,13956.0,1
2023-05-10 11:16:43,PF2404,PF404,7022.0,0.0,0.0,0.0,1,6956.0,7000.0,2,7002.0,6932.0,7022.0,6932.0,2.0,13956.0,1
2023-05-10 11:16:45,PF2404,PF404,7022.0,0.0,0.0,0.0,1,6956.0,7000.0,3,7002.0,6932.0,7022.0,6932.0,2.0,13956.0,1
2023-05-10 11:17:28,PF2404,PF404,7022.0,0.0,0.0,0.0,1,6956.0,6998.0,2,7002.0,6932.0,7022.0,6932.0,2.0,13956.0,1
2023-05-10 11:17:34,PF2404,PF404,7022.0,0.0,0.0,0.0,1,6956.0,6998.0,3,7002.0,6932.0,7022.0,6932.0,2.0,13956.0,1
2023-05-10 11:17:40,PF2404,PF404,7022.0,0.0,0.0,0.0,1,6956.0,6998.0,4,7002.0,6932.0,7022.0,6932.0,2.0,13956.0,1
2023-05-10 11:20:40,PF2404,PF404,7022.0,0.0,0.0,0.0,1,6956.0,6998.0,2,7002.0,6932.0,7022.0,6932.0,2.0,13956.0,1
2023-05-10 11:20:53,PF2404,PF404,7022.0,0.0,0.0,0.0,1,6956.0,6998.0,3,7002.0,6932.0,7022.0,6932.0,2.0,13956.0,1
2023-05-10 11:20:59,PF2404,PF404,7022.0,0.0,0.0,0.0,1,6956.0,6998.0,4,7002.0,6932.0,7022.0,6932.0,2.0,13956.0,1
2023-05-10 11:22:27,PF2404,PF404,7022.0,0.0,0.0,0.0,1,6956.0,6998.0,2,7002.0,6932.0,7022.0,6932.0,2.0,13956.0,1
2023-05-10 11:22:57,PF2404,PF404,7022.0,0.0,0.0,0.0,1,6956.0,6996.0,2,7002.0,6932.0,7022.0,6932.0,2.0,13956.0,1
2023-05-10 11:27:57,PF2404,PF404,7022.0,0.0,0.0,0.0,1,6956.0,7000.0,1,7002.0,6932.0,7022.0,6932.0,2.0,13956.0,1
2023-05-10 11:28:00,PF2404,PF404,7022.0,0.0,0.0,0.0,1,6956.0,6998.0,1,7002.0,6932.0,7022.0,6932.0,2.0,13956.0,1
2023-05-10 11:28:01,PF2404,PF404,7022.0,0.0,0.0,0.0,1,6956.0,6998.0,2,7002.0,6932.0,7022.0,6932.0,2.0,13956.0,1
2023-05-10 11:28:29,PF2404,PF404,7022.0,0.0,0.0,0.0,1,6956.0,6996.0,2,7002.0,6932.0,7022.0,6932.0,2.0,13956.0,1
2023-05-10 11:29:46,PF2404,PF404,7022.0,0.0,0.0,0.0,1,6956.0,6998.0,1,7002.0,6932.0,7022.0,6932.0,2.0,13956.0,1
2023-05-10 11:29:46,PF2404,PF404,7022.0,0.0,0.0,0.0,1,6956.0,7022.0,1,7002.0,6932.0,7022.0,6932.0,2.0,13956.0,1
2023-05-10 11:29:47,PF2404,PF404,7022.0,0.0,0.0,0.0,1,6956.0,7020.0,2,7002.0,6932.0,7022.0,6932.0,2.0,13956.0,1
2023-05-10 11:29:53,PF2404,PF404,7022.0,0.0,0.0,0.0,1,6956.0,7022.0,1,7002.0,6932.0,7022.0,6932.0,2.0,13956.0,1
2023-05-10 13:30:01,PF2404,PF404,7022.0,0.0,0.0,0.0,1,6956.0,7020.0,2,7002.0,6932.0,7022.0,6932.0,2.0,13956.0,1
2023-05-10 13:30:17,PF2404,PF404,7022.0,0.0,0.0,0.0,1,6956.0,7008.0,1,7002.0,6932.0,7022.0,6932.0,2.0,13956.0,1
2023-05-10 13:30:18,PF2404,PF404,7022.0,0.0,0.0,0.0,1,6956.0,7006.0,2,7002.0,6932.0,7022.0,6932.0,2.0,13956.0,1
2023-05-10 13:31:01,PF2404,PF404,7022.0,0.0,0.0,0.0,1,6956.0,7004.0,2,7002.0,6932.0,7022.0,6932.0,2.0,13956.0,1
2023-05-10 13:31:33,PF2404,PF404,7022.0,0.0,0.0,0.0,1,6956.0,7004.0,4,7002.0,6932.0,7022.0,6932.0,2.0,13956.0,1
2023-05-10 13:31:40,PF2404,PF404,7022.0,0.0,0.0,0.0,1,6956.0,7004.0,2,7002.0,6932.0,7022.0,6932.0,2.0,13956.0,1
2023-05-10 13:36:01,PF2404,PF404,7022.0,0.0,0.0,0.0,1,6956.0,7008.0,1,7002.0,6932.0,7022.0,6932.0,2.0,13956.0,1
2023-05-10 13:36:03,PF2404,PF404,7022.0,0.0,0.0,0.0,1,6956.0,7006.0,1,7002.0,6932.0,7022.0,6932.0,2.0,13956.0,1
2023-05-10 13:36:05,PF2404,PF404,7022.0,0.0,0.0,0.0,1,6956.0,7006.0,2,7002.0,6932.0,7022.0,6932.0,2.0,13956.0,1
2023-05-10 13:36:40,PF2404,PF404,7022.0,0.0,0.0,0.0,1,6956.0,7004.0,2,7002.0,6932.0,7022.0,6932.0,2.0,13956.0,1
2023-05-10 13:40:28,PF2404,PF404,7022.0,0.0,0.0,0.0,1,6956.0,7004.0,3,7002.0,6932.0,7022.0,6932.0,2.0,13956.0,1
2023-05-10 13:40:39,PF2404,PF404,7022.0,0.0,0.0,0.0,1,6956.0,7004.0,4,7002.0,6932.0,7022.0,6932.0,2.0,13956.0,1
2023-05-10 13:40:43,PF2404,PF404,7022.0,0.0,0.0,0.0,1,6956.0,7004.0,2,7002.0,6932.0,7022.0,6932.0,2.0,13956.0,1
2023-05-10 13:40:43,PF2404,PF404,7022.0,0.0,0.0,0.0,1,6956.0,7002.0,2,7002.0,6932.0,7022.0,6932.0,2.0,13956.0,1
2023-05-10 13:40:49,PF2404,PF404,7022.0,0.0,0.0,0.0,1,6956.0,7004.0,2,7002.0,6932.0,7022.0,6932.0,2.0,13956.0,1
2023-05-10 13:40:58,PF2404,PF404,7022.0,0.0,0.0,0.0,1,6956.0,7000.0,1,7002.0,6932.0,7022.0,6932.0,2.0,13956.0,1
2023-05-10 13:40:59,PF2404,PF404,7022.0,0.0,0.0,0.0,1,6956.0,6998.0,1,7002.0,6932.0,7022.0,6932.0,2.0,13956.0,1
2023-05-10 13:41:04,PF2404,PF404,7022.0,0.0,0.0,0.0,1,6956.0,6998.0,2,7002.0,6932.0,7022.0,6932.0,2.0,13956.0,1
2023-05-10 13:41:31,PF2404,PF404,7022.0,0.0,0.0,0.0,1,6956.0,6998.0,3,7002.0,6932.0,7022.0,6932.0,2.0,13956.0,1
2023-05-10 13:41:31,PF2404,PF404,7022.0,0.0,0.0,0.0,1,6956.0,6998.0,2,7002.0,6932.0,7022.0,6932.0,2.0,13956.0,1
2023-05-10 13:41:32,PF2404,PF404,7022.0,0.0,0.0,0.0,1,6956.0,6996.0,1,7002.0,6932.0,7022.0,6932.0,2.0,13956.0,1
2023-05-10 13:41:33,PF2404,PF404,7022.0,0.0,0.0,0.0,1,6956.0,6996.0,2,7002.0,6932.0,7022.0,6932.0,2.0,13956.0,1
2023-05-10 13:42:03,PF2404,PF404,7022.0,0.0,0.0,0.0,1,6956.0,6996.0,1,7002.0,6932.0,7022.0,6932.0,2.0,13956.0,1
2023-05-10 13:42:03,PF2404,PF404,7022.0,0.0,0.0,0.0,1,6956.0,7000.0,1,7002.0,6932.0,7022.0,6932.0,2.0,13956.0,1
2023-05-10 13:42:04,PF2404,PF404,7022.0,0.0,0.0,0.0,1,6956.0,6998.0,1,7002.0,6932.0,7022.0,6932.0,2.0,13956.0,1
2023-05-10 13:42:09,PF2404,PF404,7022.0,0.0,0.0,0.0,1,6956.0,6998.0,2,7002.0,6932.0,7022.0,6932.0,2.0,13956.0,1
2023-05-10 13:42:13,PF2404,PF404,7022.0,0.0,0.0,0.0,1,6956.0,6996.0,2,7002.0,6932.0,7022.0,6932.0,2.0,13956.0,1
2023-05-10 13:47:13,PF2404,PF404,7022.0,0.0,0.0,0.0,1,6956.0,7022.0,1,7002.0,6932.0,7022.0,6932.0,2.0,13956.0,1
2023-05-10 13:47:13,PF2404,PF404,7022.0,0.0,0.0,0.0,1,6956.0,7020.0,1,7002.0,6932.0,7022.0,6932.0,2.0,13956.0,1
