time,symbol_id,symbol_name,last,trade_volume,trade_amount,open_interest_change,bv1,bp1,ap1,av1,yesterday_close,today_open,today_high,today_low,volume,amount,open_interest
2023-05-09 20:58:57,pg2310,pg2310,4576.0,0.0,0.0,0.0,3,4563.0,4597.0,3,4576.0,4584.0,0.0,0.0,0.0,0.0,7319
2023-05-09 21:00:00,pg2310,pg2310,4576.0,0.0,0.0,0.0,1,4564.0,4597.0,3,4576.0,4584.0,0.0,0.0,0.0,0.0,7319
2023-05-09 21:00:00,pg2310,pg2310,4576.0,0.0,0.0,0.0,1,4564.0,4591.0,5,4576.0,4584.0,0.0,0.0,0.0,0.0,7319
2023-05-09 21:00:02,pg2310,pg2310,4576.0,0.0,0.0,0.0,1,4564.0,4610.0,1,4576.0,4584.0,0.0,0.0,0.0,0.0,7319
2023-05-09 21:00:02,pg2310,pg2310,4576.0,0.0,0.0,0.0,1,4564.0,4601.0,5,4576.0,4584.0,0.0,0.0,0.0,0.0,7319
2023-05-09 21:00:04,pg2310,pg2310,4576.0,0.0,0.0,0.0,2,4565.0,4601.0,5,4576.0,4584.0,0.0,0.0,0.0,0.0,7319
2023-05-09 21:00:05,pg2310,pg2310,4576.0,0.0,0.0,0.0,2,4565.0,4600.0,1,4576.0,4584.0,0.0,0.0,0.0,0.0,7319
2023-05-09 21:00:05,pg2310,pg2310,4576.0,0.0,0.0,0.0,2,4565.0,4596.0,1,4576.0,4584.0,0.0,0.0,0.0,0.0,7319
2023-05-09 21:00:06,pg2310,pg2310,4576.0,0.0,0.0,0.0,2,4565.0,4595.0,2,4576.0,4584.0,0.0,0.0,0.0,0.0,7319
2023-05-09 21:00:06,pg2310,pg2310,4576.0,0.0,0.0,0.0,2,4565.0,4595.0,4,4576.0,4584.0,0.0,0.0,0.0,0.0,7319
2023-05-09 21:00:07,pg2310,pg2310,4576.0,0.0,0.0,0.0,1,4566.0,4595.0,3,4576.0,4584.0,0.0,0.0,0.0,0.0,7319
2023-05-09 21:00:10,pg2310,pg2310,4576.0,0.0,0.0,0.0,1,4579.0,4583.0,1,4576.0,4584.0,0.0,0.0,0.0,0.0,7319
2023-05-09 21:00:11,pg2310,pg2310,4576.0,0.0,0.0,0.0,1,4577.0,4581.0,1,4576.0,4584.0,0.0,0.0,0.0,0.0,7319
2023-05-09 21:00:11,pg2310,pg2310,4576.0,0.0,0.0,0.0,2,4574.0,4578.0,1,4576.0,4584.0,0.0,0.0,0.0,0.0,7319
2023-05-09 21:00:12,pg2310,pg2310,4576.0,0.0,0.0,0.0,1,4575.0,4579.0,1,4576.0,4584.0,0.0,0.0,0.0,0.0,7319
2023-05-09 21:00:12,pg2310,pg2310,4576.0,0.0,0.0,0.0,1,4574.0,4578.0,1,4576.0,4584.0,0.0,0.0,0.0,0.0,7319
2023-05-09 21:00:13,pg2310,pg2310,4576.0,0.0,0.0,0.0,1,4573.0,4577.0,1,4576.0,4584.0,0.0,0.0,0.0,0.0,7319
2023-05-09 21:00:13,pg2310,pg2310,4576.0,0.0,0.0,0.0,1,4576.0,4580.0,1,4576.0,4584.0,0.0,0.0,0.0,0.0,7319
2023-05-09 21:00:14,pg2310,pg2310,4576.0,0.0,0.0,0.0,1,4575.0,4579.0,1,4576.0,4584.0,0.0,0.0,0.0,0.0,7319
2023-05-09 21:00:14,pg2310,pg2310,4576.0,0.0,0.0,0.0,1,4576.0,4580.0,1,4576.0,4584.0,0.0,0.0,0.0,0.0,7319
2023-05-09 21:00:15,pg2310,pg2310,4576.0,0.0,0.0,0.0,1,4577.0,4581.0,1,4576.0,4584.0,0.0,0.0,0.0,0.0,7319
2023-05-09 21:00:15,pg2310,pg2310,4576.0,0.0,0.0,0.0,1,4581.0,4585.0,2,4576.0,4584.0,0.0,0.0,0.0,0.0,7319
2023-05-09 21:00:16,pg2310,pg2310,4576.0,0.0,0.0,0.0,1,4581.0,4583.0,1,4576.0,4584.0,0.0,0.0,0.0,0.0,7319
2023-05-09 21:00:16,pg2310,pg2310,4576.0,0.0,0.0,0.0,1,4581.0,4584.0,1,4576.0,4584.0,0.0,0.0,0.0,0.0,7319
2023-05-09 21:00:18,pg2310,pg2310,4576.0,0.0,0.0,0.0,1,4582.0,4585.0,1,4576.0,4584.0,0.0,0.0,0.0,0.0,7319
2023-05-09 21:00:18,pg2310,pg2310,4576.0,0.0,0.0,0.0,2,4579.0,4582.0,1,4576.0,4584.0,0.0,0.0,0.0,0.0,7319
2023-05-09 21:00:19,pg2310,pg2310,4576.0,0.0,0.0,0.0,1,4578.0,4581.0,2,4576.0,4584.0,0.0,0.0,0.0,0.0,7319
2023-05-09 21:00:19,pg2310,pg2310,4576.0,0.0,0.0,0.0,1,4577.0,4580.0,2,4576.0,4584.0,0.0,0.0,0.0,0.0,7319
2023-05-09 21:00:20,pg2310,pg2310,4576.0,0.0,0.0,0.0,2,4578.0,4581.0,1,4576.0,4584.0,0.0,0.0,0.0,0.0,7319
2023-05-09 21:00:20,pg2310,pg2310,4576.0,0.0,0.0,0.0,1,4578.0,4581.0,2,4576.0,4584.0,0.0,0.0,0.0,0.0,7319
2023-05-09 21:00:20,pg2310,pg2310,4576.0,0.0,0.0,0.0,2,4577.0,4581.0,2,4576.0,4584.0,0.0,0.0,0.0,0.0,7319
2023-05-09 21:00:21,pg2310,pg2310,4576.0,0.0,0.0,0.0,1,4579.0,4582.0,1,4576.0,4584.0,0.0,0.0,0.0,0.0,7319
2023-05-09 21:00:22,pg2310,pg2310,4576.0,0.0,0.0,0.0,1,4579.0,4581.0,1,4576.0,4584.0,0.0,0.0,0.0,0.0,7319
2023-05-09 21:00:22,pg2310,pg2310,4576.0,0.0,0.0,0.0,1,4580.0,4582.0,1,4576.0,4584.0,0.0,0.0,0.0,0.0,7319
2023-05-09 21:00:23,pg2310,pg2310,4576.0,0.0,0.0,0.0,2,4579.0,4582.0,1,4576.0,4584.0,0.0,0.0,0.0,0.0,7319
2023-05-09 21:00:23,pg2310,pg2310,4576.0,0.0,0.0,0.0,1,4580.0,4583.0,1,4576.0,4584.0,0.0,0.0,0.0,0.0,7319
2023-05-09 21:00:24,pg2310,pg2310,4576.0,0.0,0.0,0.0,1,4581.0,4584.0,1,4576.0,4584.0,0.0,0.0,0.0,0.0,7319
2023-05-09 21:00:24,pg2310,pg2310,4576.0,0.0,0.0,0.0,2,4580.0,4584.0,2,4576.0,4584.0,0.0,0.0,0.0,0.0,7319
2023-05-09 21:00:25,pg2310,pg2310,4576.0,0.0,0.0,0.0,1,4582.0,4584.0,1,4576.0,4584.0,0.0,0.0,0.0,0.0,7319
2023-05-09 21:00:25,pg2310,pg2310,4576.0,0.0,0.0,0.0,1,4582.0,4585.0,1,4576.0,4584.0,0.0,0.0,0.0,0.0,7319
2023-05-09 21:00:25,pg2310,pg2310,4576.0,0.0,0.0,0.0,2,4582.0,4585.0,1,4576.0,4584.0,0.0,0.0,0.0,0.0,7319
2023-05-09 21:00:27,pg2310,pg2310,4576.0,0.0,0.0,0.0,1,4582.0,4585.0,2,4576.0,4584.0,0.0,0.0,0.0,0.0,7319
2023-05-09 21:00:28,pg2310,pg2310,4576.0,0.0,0.0,0.0,2,4582.0,4585.0,1,4576.0,4584.0,0.0,0.0,0.0,0.0,7319
2023-05-09 21:00:28,pg2310,pg2310,4576.0,0.0,0.0,0.0,1,4582.0,4585.0,2,4576.0,4584.0,0.0,0.0,0.0,0.0,7319
2023-05-09 21:00:29,pg2310,pg2310,4576.0,0.0,0.0,0.0,2,4582.0,4585.0,1,4576.0,4584.0,0.0,0.0,0.0,0.0,7319
2023-05-09 21:00:29,pg2310,pg2310,4576.0,0.0,0.0,0.0,1,4582.0,4585.0,2,4576.0,4584.0,0.0,0.0,0.0,0.0,7319
2023-05-09 21:00:30,pg2310,pg2310,4576.0,0.0,0.0,0.0,2,4582.0,4585.0,1,4576.0,4584.0,0.0,0.0,0.0,0.0,7319
2023-05-09 21:00:32,pg2310,pg2310,4576.0,0.0,0.0,0.0,2,4581.0,4585.0,2,4576.0,4584.0,0.0,0.0,0.0,0.0,7319
2023-05-09 21:00:33,pg2310,pg2310,4576.0,0.0,0.0,0.0,2,4581.0,4584.0,1,4576.0,4584.0,0.0,0.0,0.0,0.0,7319
2023-05-09 21:00:34,pg2310,pg2310,4576.0,0.0,0.0,0.0,1,4581.0,4584.0,2,4576.0,4584.0,0.0,0.0,0.0,0.0,7319
2023-05-09 21:00:35,pg2310,pg2310,4576.0,0.0,0.0,0.0,1,4581.0,4584.0,1,4576.0,4584.0,0.0,0.0,0.0,0.0,7319
2023-05-09 21:00:36,pg2310,pg2310,4576.0,0.0,0.0,0.0,1,4581.0,4582.0,1,4576.0,4584.0,0.0,0.0,0.0,0.0,7319
2023-05-09 21:00:36,pg2310,pg2310,4576.0,0.0,0.0,0.0,2,4580.0,4583.0,1,4576.0,4584.0,0.0,0.0,0.0,0.0,7319
2023-05-09 21:00:37,pg2310,pg2310,4576.0,0.0,0.0,0.0,1,4581.0,4583.0,1,4576.0,4584.0,0.0,0.0,0.0,0.0,7319
2023-05-09 21:00:38,pg2310,pg2310,4576.0,0.0,0.0,0.0,2,4581.0,4584.0,2,4576.0,4584.0,0.0,0.0,0.0,0.0,7319
2023-05-09 21:00:38,pg2310,pg2310,4576.0,0.0,0.0,0.0,1,4583.0,4584.0,1,4576.0,4584.0,0.0,0.0,0.0,0.0,7319
2023-05-09 21:00:39,pg2310,pg2310,4576.0,0.0,0.0,0.0,1,4584.0,4585.0,1,4576.0,4584.0,0.0,0.0,0.0,0.0,7319
2023-05-09 21:00:40,pg2310,pg2310,4576.0,0.0,0.0,0.0,1,4584.0,4586.0,1,4576.0,4584.0,0.0,0.0,0.0,0.0,7319
2023-05-09 21:00:40,pg2310,pg2310,4576.0,0.0,0.0,0.0,1,4586.0,4587.0,2,4576.0,4584.0,0.0,0.0,0.0,0.0,7319
2023-05-09 21:00:41,pg2310,pg2310,4576.0,0.0,0.0,0.0,1,4586.0,4587.0,1,4576.0,4584.0,0.0,0.0,0.0,0.0,7319
2023-05-09 21:00:41,pg2310,pg2310,4576.0,0.0,0.0,0.0,2,4585.0,4588.0,2,4576.0,4584.0,0.0,0.0,0.0,0.0,7319
2023-05-09 21:00:42,pg2310,pg2310,4576.0,0.0,0.0,0.0,1,4585.0,4588.0,2,4576.0,4584.0,0.0,0.0,0.0,0.0,7319
2023-05-09 21:00:42,pg2310,pg2310,4576.0,0.0,0.0,0.0,5,4584.0,4588.0,3,4576.0,4584.0,0.0,0.0,0.0,0.0,7319
2023-05-09 21:00:43,pg2310,pg2310,4576.0,0.0,0.0,0.0,1,4585.0,4588.0,3,4576.0,4584.0,0.0,0.0,0.0,0.0,7319
2023-05-09 21:00:43,pg2310,pg2310,4576.0,0.0,0.0,0.0,4,4584.0,4587.0,1,4576.0,4584.0,0.0,0.0,0.0,0.0,7319
2023-05-09 21:00:44,pg2310,pg2310,4576.0,0.0,0.0,0.0,1,4584.0,4586.0,2,4576.0,4584.0,0.0,0.0,0.0,0.0,7319
2023-05-09 21:00:44,pg2310,pg2310,4576.0,0.0,0.0,0.0,2,4583.0,4585.0,1,4576.0,4584.0,0.0,0.0,0.0,0.0,7319
2023-05-09 21:00:45,pg2310,pg2310,4576.0,0.0,0.0,0.0,3,4582.0,4584.0,1,4576.0,4584.0,0.0,0.0,0.0,0.0,7319
2023-05-09 21:00:45,pg2310,pg2310,4576.0,0.0,0.0,0.0,1,4582.0,4584.0,1,4576.0,4584.0,0.0,0.0,0.0,0.0,7319
2023-05-09 21:00:46,pg2310,pg2310,4576.0,0.0,0.0,0.0,3,4581.0,4584.0,1,4576.0,4584.0,0.0,0.0,0.0,0.0,7319
2023-05-09 21:00:46,pg2310,pg2310,4576.0,0.0,0.0,0.0,2,4581.0,4584.0,1,4576.0,4584.0,0.0,0.0,0.0,0.0,7319
2023-05-09 21:00:47,pg2310,pg2310,4576.0,0.0,0.0,0.0,1,4581.0,4583.0,1,4576.0,4584.0,0.0,0.0,0.0,0.0,7319
2023-05-09 21:00:47,pg2310,pg2310,4576.0,0.0,0.0,0.0,3,4580.0,4583.0,1,4576.0,4584.0,0.0,0.0,0.0,0.0,7319
2023-05-09 21:00:48,pg2310,pg2310,4576.0,0.0,0.0,0.0,1,4581.0,4583.0,1,4576.0,4584.0,0.0,0.0,0.0,0.0,7319
2023-05-09 21:00:48,pg2310,pg2310,4576.0,0.0,0.0,0.0,4,4580.0,4583.0,1,4576.0,4584.0,0.0,0.0,0.0,0.0,7319
2023-05-09 21:00:49,pg2310,pg2310,4576.0,0.0,0.0,0.0,2,4581.0,4584.0,3,4576.0,4584.0,0.0,0.0,0.0,0.0,7319
2023-05-09 21:00:49,pg2310,pg2310,4576.0,0.0,0.0,0.0,1,4582.0,4584.0,2,4576.0,4584.0,0.0,0.0,0.0,0.0,7319
2023-05-09 21:00:50,pg2310,pg2310,4576.0,0.0,0.0,0.0,1,4582.0,4584.0,1,4576.0,4584.0,0.0,0.0,0.0,0.0,7319
2023-05-09 21:00:51,pg2310,pg2310,4576.0,0.0,0.0,0.0,4,4581.0,4584.0,1,4576.0,4584.0,0.0,0.0,0.0,0.0,7319
2023-05-09 21:00:51,pg2310,pg2310,4576.0,0.0,0.0,0.0,2,4581.0,4584.0,2,4576.0,4584.0,0.0,0.0,0.0,0.0,7319
2023-05-09 21:00:52,pg2310,pg2310,4576.0,0.0,0.0,0.0,4,4581.0,4584.0,1,4576.0,4584.0,0.0,0.0,0.0,0.0,7319
2023-05-09 21:00:52,pg2310,pg2310,4576.0,0.0,0.0,0.0,1,4582.0,4585.0,3,4576.0,4584.0,0.0,0.0,0.0,0.0,7319
2023-05-09 21:00:53,pg2310,pg2310,4576.0,0.0,0.0,0.0,2,4582.0,4585.0,2,4576.0,4584.0,0.0,0.0,0.0,0.0,7319
2023-05-09 21:00:53,pg2310,pg2310,4576.0,0.0,0.0,0.0,3,4582.0,4585.0,1,4576.0,4584.0,0.0,0.0,0.0,0.0,7319
2023-05-09 21:00:54,pg2310,pg2310,4576.0,0.0,0.0,0.0,1,4583.0,4586.0,5,4576.0,4584.0,0.0,0.0,0.0,0.0,7319
2023-05-09 21:00:55,pg2310,pg2310,4576.0,0.0,0.0,0.0,2,4584.0,4586.0,2,4576.0,4584.0,0.0,0.0,0.0,0.0,7319
2023-05-09 21:00:55,pg2310,pg2310,4576.0,0.0,0.0,0.0,1,4585.0,4587.0,3,4576.0,4584.0,0.0,0.0,0.0,0.0,7319
2023-05-09 21:00:56,pg2310,pg2310,4576.0,0.0,0.0,0.0,5,4584.0,4587.0,1,4576.0,4584.0,0.0,0.0,0.0,0.0,7319
2023-05-09 21:00:56,pg2310,pg2310,4576.0,0.0,0.0,0.0,1,4585.0,4588.0,4,4576.0,4584.0,0.0,0.0,0.0,0.0,7319
2023-05-09 21:00:57,pg2310,pg2310,4576.0,0.0,0.0,0.0,1,4585.0,4588.0,2,4576.0,4584.0,0.0,0.0,0.0,0.0,7319
2023-05-09 21:00:57,pg2310,pg2310,4576.0,0.0,0.0,0.0,2,4585.0,4588.0,1,4576.0,4584.0,0.0,0.0,0.0,0.0,7319
2023-05-09 21:00:58,pg2310,pg2310,4576.0,0.0,0.0,0.0,1,4586.0,4588.0,1,4576.0,4584.0,0.0,0.0,0.0,0.0,7319
2023-05-09 21:00:58,pg2310,pg2310,4576.0,0.0,0.0,0.0,3,4585.0,4588.0,2,4576.0,4584.0,0.0,0.0,0.0,0.0,7319
2023-05-09 21:00:59,pg2310,pg2310,4576.0,0.0,0.0,0.0,3,4585.0,4588.0,1,4576.0,4584.0,0.0,0.0,0.0,0.0,7319
2023-05-09 21:00:59,pg2310,pg2310,4576.0,0.0,0.0,0.0,2,4585.0,4588.0,3,4576.0,4584.0,0.0,0.0,0.0,0.0,7319
2023-05-09 21:01:00,pg2310,pg2310,4576.0,0.0,0.0,0.0,1,4585.0,4588.0,3,4576.0,4584.0,0.0,0.0,0.0,0.0,7319
2023-05-09 21:01:00,pg2310,pg2310,4576.0,0.0,0.0,0.0,4,4584.0,4588.0,3,4576.0,4584.0,0.0,0.0,0.0,0.0,7319
2023-05-09 21:01:01,pg2310,pg2310,4576.0,0.0,0.0,0.0,2,4584.0,4587.0,1,4576.0,4584.0,0.0,0.0,0.0,0.0,7319
2023-05-09 21:01:01,pg2310,pg2310,4584.0,1.0,91680.0,0.0,2,4583.0,4584.0,1,4576.0,4584.0,4584.0,4584.0,1.0,91680.0,7319
2023-05-09 21:01:02,pg2310,pg2310,4584.0,0.0,0.0,0.0,1,4583.0,4584.0,1,4576.0,4584.0,4584.0,4584.0,1.0,91680.0,7319
2023-05-09 21:01:02,pg2310,pg2310,4584.0,0.0,0.0,0.0,3,4582.0,4584.0,1,4576.0,4584.0,4584.0,4584.0,1.0,91680.0,7319
2023-05-09 21:01:03,pg2310,pg2310,4584.0,0.0,0.0,0.0,1,4582.0,4584.0,2,4576.0,4584.0,4584.0,4584.0,1.0,91680.0,7319
2023-05-09 21:01:03,pg2310,pg2310,4584.0,0.0,0.0,0.0,3,4581.0,4584.0,3,4576.0,4584.0,4584.0,4584.0,1.0,91680.0,7319
2023-05-09 21:01:04,pg2310,pg2310,4584.0,0.0,0.0,0.0,2,4581.0,4584.0,3,4576.0,4584.0,4584.0,4584.0,1.0,91680.0,7319
2023-05-09 21:01:04,pg2310,pg2310,4584.0,0.0,0.0,0.0,4,4580.0,4583.0,3,4576.0,4584.0,4584.0,4584.0,1.0,91680.0,7319
2023-05-09 21:01:05,pg2310,pg2310,4584.0,0.0,0.0,0.0,1,4580.0,4582.0,1,4576.0,4584.0,4584.0,4584.0,1.0,91680.0,7319
2023-05-09 21:01:05,pg2310,pg2310,4584.0,0.0,0.0,0.0,1,4580.0,4583.0,3,4576.0,4584.0,4584.0,4584.0,1.0,91680.0,7319
2023-05-09 21:01:06,pg2310,pg2310,4584.0,0.0,0.0,0.0,1,4581.0,4583.0,2,4576.0,4584.0,4584.0,4584.0,1.0,91680.0,7319
2023-05-09 21:01:06,pg2310,pg2310,4584.0,0.0,0.0,0.0,1,4582.0,4584.0,6,4576.0,4584.0,4584.0,4584.0,1.0,91680.0,7319
2023-05-09 21:01:07,pg2310,pg2310,4584.0,0.0,0.0,0.0,2,4581.0,4584.0,4,4576.0,4584.0,4584.0,4584.0,1.0,91680.0,7319
2023-05-09 21:01:07,pg2310,pg2310,4584.0,0.0,0.0,0.0,1,4582.0,4584.0,3,4576.0,4584.0,4584.0,4584.0,1.0,91680.0,7319
2023-05-09 21:01:08,pg2310,pg2310,4584.0,0.0,0.0,0.0,1,4582.0,4584.0,2,4576.0,4584.0,4584.0,4584.0,1.0,91680.0,7319
2023-05-09 21:01:10,pg2310,pg2310,4584.0,0.0,0.0,0.0,1,4582.0,4584.0,1,4576.0,4584.0,4584.0,4584.0,1.0,91680.0,7319
2023-05-09 21:01:11,pg2310,pg2310,4584.0,0.0,0.0,0.0,1,4583.0,4584.0,1,4576.0,4584.0,4584.0,4584.0,1.0,91680.0,7319
2023-05-09 21:01:11,pg2310,pg2310,4584.0,0.0,0.0,0.0,3,4582.0,4584.0,2,4576.0,4584.0,4584.0,4584.0,1.0,91680.0,7319
2023-05-09 21:01:12,pg2310,pg2310,4584.0,0.0,0.0,0.0,1,4583.0,4584.0,1,4576.0,4584.0,4584.0,4584.0,1.0,91680.0,7319
2023-05-09 21:01:12,pg2310,pg2310,4584.0,1.0,91680.0,-1.0,1,4583.0,4584.0,1,4576.0,4584.0,4584.0,4584.0,2.0,183360.0,7318
2023-05-09 21:01:13,pg2310,pg2310,4584.0,0.0,0.0,0.0,2,4582.0,4584.0,1,4576.0,4584.0,4584.0,4584.0,2.0,183360.0,7318
2023-05-09 21:01:13,pg2310,pg2310,4584.0,1.0,91680.0,1.0,1,4582.0,4585.0,3,4576.0,4584.0,4584.0,4584.0,3.0,275040.0,7319
2023-05-09 21:01:14,pg2310,pg2310,4584.0,0.0,0.0,0.0,2,4582.0,4585.0,2,4576.0,4584.0,4584.0,4584.0,3.0,275040.0,7319
2023-05-09 21:01:14,pg2310,pg2310,4584.0,0.0,0.0,0.0,1,4583.0,4586.0,3,4576.0,4584.0,4584.0,4584.0,3.0,275040.0,7319
2023-05-09 21:01:15,pg2310,pg2310,4584.0,0.0,0.0,0.0,1,4584.0,4586.0,4,4576.0,4584.0,4584.0,4584.0,3.0,275040.0,7319
2023-05-09 21:01:15,pg2310,pg2310,4584.0,0.0,0.0,0.0,1,4584.0,4586.0,2,4576.0,4584.0,4584.0,4584.0,3.0,275040.0,7319
2023-05-09 21:01:16,pg2310,pg2310,4584.0,0.0,0.0,0.0,6,4583.0,4586.0,2,4576.0,4584.0,4584.0,4584.0,3.0,275040.0,7319
2023-05-09 21:01:16,pg2310,pg2310,4584.0,0.0,0.0,0.0,1,4584.0,4587.0,8,4576.0,4584.0,4584.0,4584.0,3.0,275040.0,7319
2023-05-09 21:01:17,pg2310,pg2310,4584.0,0.0,0.0,0.0,1,4584.0,4587.0,7,4576.0,4584.0,4584.0,4584.0,3.0,275040.0,7319
2023-05-09 21:01:18,pg2310,pg2310,4584.0,0.0,0.0,0.0,1,4585.0,4587.0,7,4576.0,4584.0,4584.0,4584.0,3.0,275040.0,7319
2023-05-09 21:01:19,pg2310,pg2310,4584.0,0.0,0.0,0.0,3,4584.0,4587.0,7,4576.0,4584.0,4584.0,4584.0,3.0,275040.0,7319
2023-05-09 21:01:20,pg2310,pg2310,4584.0,0.0,0.0,0.0,7,4583.0,4587.0,9,4576.0,4584.0,4584.0,4584.0,3.0,275040.0,7319
2023-05-09 21:01:20,pg2310,pg2310,4584.0,0.0,0.0,0.0,1,4584.0,4587.0,8,4576.0,4584.0,4584.0,4584.0,3.0,275040.0,7319
2023-05-09 21:01:21,pg2310,pg2310,4584.0,0.0,0.0,0.0,7,4583.0,4586.0,1,4576.0,4584.0,4584.0,4584.0,3.0,275040.0,7319
2023-05-09 21:01:22,pg2310,pg2310,4584.0,0.0,0.0,0.0,8,4583.0,4586.0,1,4576.0,4584.0,4584.0,4584.0,3.0,275040.0,7319
2023-05-09 21:01:22,pg2310,pg2310,4584.0,0.0,0.0,0.0,7,4583.0,4587.0,9,4576.0,4584.0,4584.0,4584.0,3.0,275040.0,7319
2023-05-09 21:01:23,pg2310,pg2310,4584.0,0.0,0.0,0.0,1,4584.0,4586.0,1,4576.0,4584.0,4584.0,4584.0,3.0,275040.0,7319
2023-05-09 21:01:24,pg2310,pg2310,4584.0,0.0,0.0,0.0,2,4584.0,4586.0,1,4576.0,4584.0,4584.0,4584.0,3.0,275040.0,7319
2023-05-09 21:01:24,pg2310,pg2310,4584.0,0.0,0.0,0.0,2,4584.0,4586.0,2,4576.0,4584.0,4584.0,4584.0,3.0,275040.0,7319
2023-05-09 21:01:25,pg2310,pg2310,4584.0,0.0,0.0,0.0,1,4584.0,4586.0,1,4576.0,4584.0,4584.0,4584.0,3.0,275040.0,7319
2023-05-09 21:01:25,pg2310,pg2310,4584.0,0.0,0.0,0.0,1,4584.0,4587.0,7,4576.0,4584.0,4584.0,4584.0,3.0,275040.0,7319
2023-05-09 21:01:26,pg2310,pg2310,4584.0,0.0,0.0,0.0,7,4583.0,4586.0,2,4576.0,4584.0,4584.0,4584.0,3.0,275040.0,7319
2023-05-09 21:01:26,pg2310,pg2310,4584.0,0.0,0.0,0.0,1,4584.0,4586.0,1,4576.0,4584.0,4584.0,4584.0,3.0,275040.0,7319
2023-05-09 21:01:26,pg2310,pg2310,4584.0,0.0,0.0,0.0,7,4583.0,4586.0,1,4576.0,4584.0,4584.0,4584.0,3.0,275040.0,7319
2023-05-09 21:01:27,pg2310,pg2310,4584.0,0.0,0.0,0.0,8,4583.0,4586.0,1,4576.0,4584.0,4584.0,4584.0,3.0,275040.0,7319
2023-05-09 21:01:28,pg2310,pg2310,4584.0,0.0,0.0,0.0,1,4585.0,4586.0,1,4576.0,4584.0,4584.0,4584.0,3.0,275040.0,7319
2023-05-09 21:01:28,pg2310,pg2310,4584.0,0.0,0.0,0.0,4,4584.0,4586.0,1,4576.0,4584.0,4584.0,4584.0,3.0,275040.0,7319
2023-05-09 21:01:29,pg2310,pg2310,4584.0,0.0,0.0,0.0,1,4584.0,4587.0,8,4576.0,4584.0,4584.0,4584.0,3.0,275040.0,7319
2023-05-09 21:01:30,pg2310,pg2310,4584.0,0.0,0.0,0.0,1,4584.0,4587.0,7,4576.0,4584.0,4584.0,4584.0,3.0,275040.0,7319
2023-05-09 21:01:31,pg2310,pg2310,4584.0,0.0,0.0,0.0,2,4584.0,4587.0,7,4576.0,4584.0,4584.0,4584.0,3.0,275040.0,7319
2023-05-09 21:01:31,pg2310,pg2310,4584.0,0.0,0.0,0.0,7,4583.0,4586.0,1,4576.0,4584.0,4584.0,4584.0,3.0,275040.0,7319
2023-05-09 21:01:32,pg2310,pg2310,4584.0,0.0,0.0,0.0,1,4584.0,4587.0,8,4576.0,4584.0,4584.0,4584.0,3.0,275040.0,7319
2023-05-09 21:01:32,pg2310,pg2310,4584.0,0.0,0.0,0.0,2,4584.0,4587.0,8,4576.0,4584.0,4584.0,4584.0,3.0,275040.0,7319
2023-05-09 21:01:33,pg2310,pg2310,4584.0,0.0,0.0,0.0,1,4585.0,4587.0,8,4576.0,4584.0,4584.0,4584.0,3.0,275040.0,7319
2023-05-09 21:01:33,pg2310,pg2310,4584.0,0.0,0.0,0.0,1,4585.0,4587.0,7,4576.0,4584.0,4584.0,4584.0,3.0,275040.0,7319
2023-05-09 21:01:34,pg2310,pg2310,4584.0,0.0,0.0,0.0,1,4585.0,4587.0,6,4576.0,4584.0,4584.0,4584.0,3.0,275040.0,7319
2023-05-09 21:01:35,pg2310,pg2310,4584.0,0.0,0.0,0.0,4,4584.0,4587.0,6,4576.0,4584.0,4584.0,4584.0,3.0,275040.0,7319
2023-05-09 21:01:35,pg2310,pg2310,4590.0,8.0,734040.0,6.0,1,4588.0,4591.0,1,4576.0,4584.0,4590.0,4584.0,11.0,1009080.0,7325
2023-05-09 21:01:36,pg2310,pg2310,4591.0,2.0,183640.0,0.0,1,4590.0,4592.0,2,4576.0,4584.0,4591.0,4584.0,13.0,1192720.0,7325
2023-05-09 21:01:37,pg2310,pg2310,4590.0,1.0,91800.0,-1.0,1,4590.0,4593.0,4,4576.0,4584.0,4591.0,4584.0,14.0,1284520.0,7324
2023-05-09 21:01:37,pg2310,pg2310,4590.0,0.0,0.0,0.0,3,4589.0,4591.0,1,4576.0,4584.0,4591.0,4584.0,14.0,1284520.0,7324
2023-05-09 21:01:38,pg2310,pg2310,4590.0,0.0,0.0,0.0,1,4589.0,4591.0,1,4576.0,4584.0,4591.0,4584.0,14.0,1284520.0,7324
2023-05-09 21:01:38,pg2310,pg2310,4590.0,0.0,0.0,0.0,1,4589.0,4592.0,4,4576.0,4584.0,4591.0,4584.0,14.0,1284520.0,7324
2023-05-09 21:01:39,pg2310,pg2310,4590.0,0.0,0.0,0.0,7,4588.0,4591.0,1,4576.0,4584.0,4591.0,4584.0,14.0,1284520.0,7324
2023-05-09 21:01:40,pg2310,pg2310,4590.0,0.0,0.0,0.0,8,4588.0,4592.0,7,4576.0,4584.0,4591.0,4584.0,14.0,1284520.0,7324
2023-05-09 21:01:40,pg2310,pg2310,4590.0,0.0,0.0,0.0,1,4589.0,4592.0,7,4576.0,4584.0,4591.0,4584.0,14.0,1284520.0,7324
2023-05-09 21:01:41,pg2310,pg2310,4590.0,0.0,0.0,0.0,7,4588.0,4592.0,8,4576.0,4584.0,4591.0,4584.0,14.0,1284520.0,7324
2023-05-09 21:01:41,pg2310,pg2310,4590.0,0.0,0.0,0.0,7,4588.0,4591.0,3,4576.0,4584.0,4591.0,4584.0,14.0,1284520.0,7324
2023-05-09 21:01:42,pg2310,pg2310,4590.0,0.0,0.0,0.0,3,4588.0,4590.0,2,4576.0,4584.0,4591.0,4584.0,14.0,1284520.0,7324
2023-05-09 21:01:42,pg2310,pg2310,4590.0,0.0,0.0,0.0,7,4587.0,4589.0,1,4576.0,4584.0,4591.0,4584.0,14.0,1284520.0,7324
2023-05-09 21:01:43,pg2310,pg2310,4590.0,4.0,367200.0,2.0,1,4590.0,4591.0,2,4576.0,4584.0,4591.0,4584.0,18.0,1651720.0,7326
2023-05-09 21:01:43,pg2310,pg2310,4591.0,3.0,275460.0,-2.0,1,4590.0,4591.0,1,4576.0,4584.0,4591.0,4584.0,21.0,1927180.0,7324
2023-05-09 21:01:44,pg2310,pg2310,4591.0,0.0,0.0,0.0,1,4590.0,4592.0,2,4576.0,4584.0,4591.0,4584.0,21.0,1927180.0,7324
2023-05-09 21:01:44,pg2310,pg2310,4591.0,0.0,0.0,0.0,1,4590.0,4592.0,1,4576.0,4584.0,4591.0,4584.0,21.0,1927180.0,7324
2023-05-09 21:01:45,pg2310,pg2310,4591.0,0.0,0.0,0.0,3,4590.0,4593.0,7,4576.0,4584.0,4591.0,4584.0,21.0,1927180.0,7324
2023-05-09 21:01:46,pg2310,pg2310,4591.0,0.0,0.0,0.0,1,4590.0,4592.0,1,4576.0,4584.0,4591.0,4584.0,21.0,1927180.0,7324
2023-05-09 21:01:46,pg2310,pg2310,4591.0,0.0,0.0,0.0,2,4590.0,4593.0,7,4576.0,4584.0,4591.0,4584.0,21.0,1927180.0,7324
2023-05-09 21:01:47,pg2310,pg2310,4591.0,0.0,0.0,0.0,3,4590.0,4593.0,8,4576.0,4584.0,4591.0,4584.0,21.0,1927180.0,7324
2023-05-09 21:01:48,pg2310,pg2310,4591.0,0.0,0.0,0.0,3,4590.0,4593.0,7,4576.0,4584.0,4591.0,4584.0,21.0,1927180.0,7324
2023-05-09 21:01:48,pg2310,pg2310,4591.0,0.0,0.0,0.0,3,4590.0,4593.0,8,4576.0,4584.0,4591.0,4584.0,21.0,1927180.0,7324
2023-05-09 21:01:49,pg2310,pg2310,4591.0,0.0,0.0,0.0,2,4590.0,4591.0,1,4576.0,4584.0,4591.0,4584.0,21.0,1927180.0,7324
2023-05-09 21:01:49,pg2310,pg2310,4590.0,1.0,91800.0,0.0,3,4589.0,4591.0,1,4576.0,4584.0,4591.0,4584.0,22.0,2018980.0,7324
2023-05-09 21:01:50,pg2310,pg2310,4590.0,0.0,0.0,0.0,6,4588.0,4592.0,5,4576.0,4584.0,4591.0,4584.0,22.0,2018980.0,7324
2023-05-09 21:01:50,pg2310,pg2310,4590.0,0.0,0.0,0.0,8,4588.0,4592.0,5,4576.0,4584.0,4591.0,4584.0,22.0,2018980.0,7324
2023-05-09 21:01:51,pg2310,pg2310,4590.0,0.0,0.0,0.0,1,4589.0,4592.0,6,4576.0,4584.0,4591.0,4584.0,22.0,2018980.0,7324
2023-05-09 21:01:51,pg2310,pg2310,4590.0,0.0,0.0,0.0,6,4588.0,4591.0,2,4576.0,4584.0,4591.0,4584.0,22.0,2018980.0,7324
2023-05-09 21:01:52,pg2310,pg2310,4590.0,0.0,0.0,0.0,7,4588.0,4591.0,2,4576.0,4584.0,4591.0,4584.0,22.0,2018980.0,7324
2023-05-09 21:01:52,pg2310,pg2310,4590.0,0.0,0.0,0.0,6,4588.0,4591.0,3,4576.0,4584.0,4591.0,4584.0,22.0,2018980.0,7324
2023-05-09 21:01:53,pg2310,pg2310,4590.0,0.0,0.0,0.0,6,4588.0,4590.0,1,4576.0,4584.0,4591.0,4584.0,22.0,2018980.0,7324
2023-05-09 21:01:55,pg2310,pg2310,4590.0,0.0,0.0,0.0,6,4588.0,4591.0,4,4576.0,4584.0,4591.0,4584.0,22.0,2018980.0,7324
2023-05-09 21:01:56,pg2310,pg2310,4590.0,0.0,0.0,0.0,7,4588.0,4591.0,1,4576.0,4584.0,4591.0,4584.0,22.0,2018980.0,7324
2023-05-09 21:01:58,pg2310,pg2310,4590.0,0.0,0.0,0.0,1,4589.0,4591.0,1,4576.0,4584.0,4591.0,4584.0,22.0,2018980.0,7324
2023-05-09 21:02:00,pg2310,pg2310,4590.0,0.0,0.0,0.0,7,4588.0,4591.0,1,4576.0,4584.0,4591.0,4584.0,22.0,2018980.0,7324
2023-05-09 21:02:03,pg2310,pg2310,4590.0,0.0,0.0,0.0,7,4588.0,4590.0,1,4576.0,4584.0,4591.0,4584.0,22.0,2018980.0,7324
2023-05-09 21:02:04,pg2310,pg2310,4590.0,0.0,0.0,0.0,6,4588.0,4590.0,1,4576.0,4584.0,4591.0,4584.0,22.0,2018980.0,7324
2023-05-09 21:02:05,pg2310,pg2310,4590.0,0.0,0.0,0.0,3,4588.0,4590.0,1,4576.0,4584.0,4591.0,4584.0,22.0,2018980.0,7324
2023-05-09 21:02:05,pg2310,pg2310,4590.0,0.0,0.0,0.0,2,4588.0,4590.0,1,4576.0,4584.0,4591.0,4584.0,22.0,2018980.0,7324
2023-05-09 21:02:05,pg2310,pg2310,4590.0,0.0,0.0,0.0,1,4588.0,4590.0,1,4576.0,4584.0,4591.0,4584.0,22.0,2018980.0,7324
2023-05-09 21:02:06,pg2310,pg2310,4590.0,0.0,0.0,0.0,8,4587.0,4590.0,4,4576.0,4584.0,4591.0,4584.0,22.0,2018980.0,7324
2023-05-09 21:02:07,pg2310,pg2310,4590.0,0.0,0.0,0.0,9,4587.0,4590.0,4,4576.0,4584.0,4591.0,4584.0,22.0,2018980.0,7324
2023-05-09 21:02:09,pg2310,pg2310,4590.0,0.0,0.0,0.0,9,4587.0,4590.0,3,4576.0,4584.0,4591.0,4584.0,22.0,2018980.0,7324
2023-05-09 21:02:12,pg2310,pg2310,4586.0,8.0,733900.0,3.0,1,4585.0,4586.0,1,4576.0,4584.0,4591.0,4584.0,30.0,2752880.0,7327
2023-05-09 21:02:12,pg2310,pg2310,4586.0,0.0,0.0,0.0,3,4584.0,4586.0,4,4576.0,4584.0,4591.0,4584.0,30.0,2752880.0,7327
2023-05-09 21:02:13,pg2310,pg2310,4586.0,0.0,0.0,0.0,1,4584.0,4586.0,1,4576.0,4584.0,4591.0,4584.0,30.0,2752880.0,7327
2023-05-09 21:02:13,pg2310,pg2310,4586.0,0.0,0.0,0.0,2,4584.0,4586.0,1,4576.0,4584.0,4591.0,4584.0,30.0,2752880.0,7327
2023-05-09 21:02:14,pg2310,pg2310,4586.0,0.0,0.0,0.0,1,4584.0,4586.0,1,4576.0,4584.0,4591.0,4584.0,30.0,2752880.0,7327
2023-05-09 21:02:14,pg2310,pg2310,4586.0,0.0,0.0,0.0,1,4584.0,4586.0,2,4576.0,4584.0,4591.0,4584.0,30.0,2752880.0,7327
2023-05-09 21:02:15,pg2310,pg2310,4586.0,0.0,0.0,0.0,1,4584.0,4586.0,3,4576.0,4584.0,4591.0,4584.0,30.0,2752880.0,7327
2023-05-09 21:02:16,pg2310,pg2310,4586.0,0.0,0.0,0.0,1,4584.0,4586.0,2,4576.0,4584.0,4591.0,4584.0,30.0,2752880.0,7327
2023-05-09 21:02:20,pg2310,pg2310,4586.0,0.0,0.0,0.0,1,4584.0,4586.0,3,4576.0,4584.0,4591.0,4584.0,30.0,2752880.0,7327
2023-05-09 21:02:21,pg2310,pg2310,4586.0,0.0,0.0,0.0,2,4584.0,4586.0,3,4576.0,4584.0,4591.0,4584.0,30.0,2752880.0,7327
2023-05-09 21:02:21,pg2310,pg2310,4586.0,0.0,0.0,0.0,1,4584.0,4586.0,3,4576.0,4584.0,4591.0,4584.0,30.0,2752880.0,7327
2023-05-09 21:02:23,pg2310,pg2310,4586.0,0.0,0.0,0.0,1,4585.0,4586.0,3,4576.0,4584.0,4591.0,4584.0,30.0,2752880.0,7327
2023-05-09 21:02:24,pg2310,pg2310,4586.0,0.0,0.0,0.0,3,4584.0,4586.0,3,4576.0,4584.0,4591.0,4584.0,30.0,2752880.0,7327
2023-05-09 21:02:24,pg2310,pg2310,4586.0,0.0,0.0,0.0,1,4584.0,4586.0,3,4576.0,4584.0,4591.0,4584.0,30.0,2752880.0,7327
2023-05-09 21:02:30,pg2310,pg2310,4586.0,0.0,0.0,0.0,2,4584.0,4586.0,3,4576.0,4584.0,4591.0,4584.0,30.0,2752880.0,7327
2023-05-09 21:02:30,pg2310,pg2310,4586.0,0.0,0.0,0.0,1,4584.0,4586.0,3,4576.0,4584.0,4591.0,4584.0,30.0,2752880.0,7327
2023-05-09 21:02:32,pg2310,pg2310,4586.0,0.0,0.0,0.0,2,4584.0,4586.0,3,4576.0,4584.0,4591.0,4584.0,30.0,2752880.0,7327
2023-05-09 21:02:32,pg2310,pg2310,4586.0,0.0,0.0,0.0,1,4584.0,4586.0,3,4576.0,4584.0,4591.0,4584.0,30.0,2752880.0,7327
2023-05-09 21:02:33,pg2310,pg2310,4586.0,0.0,0.0,0.0,1,4584.0,4585.0,1,4576.0,4584.0,4591.0,4584.0,30.0,2752880.0,7327
2023-05-09 21:02:33,pg2310,pg2310,4586.0,0.0,0.0,0.0,6,4583.0,4586.0,3,4576.0,4584.0,4591.0,4584.0,30.0,2752880.0,7327
2023-05-09 21:02:34,pg2310,pg2310,4586.0,0.0,0.0,0.0,7,4583.0,4586.0,3,4576.0,4584.0,4591.0,4584.0,30.0,2752880.0,7327
2023-05-09 21:02:34,pg2310,pg2310,4586.0,0.0,0.0,0.0,8,4583.0,4586.0,4,4576.0,4584.0,4591.0,4584.0,30.0,2752880.0,7327
2023-05-09 21:02:35,pg2310,pg2310,4586.0,0.0,0.0,0.0,7,4583.0,4586.0,4,4576.0,4584.0,4591.0,4584.0,30.0,2752880.0,7327
2023-05-09 21:02:35,pg2310,pg2310,4586.0,0.0,0.0,0.0,8,4583.0,4585.0,2,4576.0,4584.0,4591.0,4584.0,30.0,2752880.0,7327
2023-05-09 21:02:36,pg2310,pg2310,4586.0,0.0,0.0,0.0,7,4583.0,4585.0,1,4576.0,4584.0,4591.0,4584.0,30.0,2752880.0,7327
2023-05-09 21:02:36,pg2310,pg2310,4586.0,0.0,0.0,0.0,6,4583.0,4585.0,3,4576.0,4584.0,4591.0,4584.0,30.0,2752880.0,7327
2023-05-09 21:02:37,pg2310,pg2310,4586.0,0.0,0.0,0.0,2,4584.0,4585.0,2,4576.0,4584.0,4591.0,4584.0,30.0,2752880.0,7327
2023-05-09 21:02:37,pg2310,pg2310,4586.0,0.0,0.0,0.0,2,4584.0,4586.0,5,4576.0,4584.0,4591.0,4584.0,30.0,2752880.0,7327
2023-05-09 21:02:38,pg2310,pg2310,4586.0,0.0,0.0,0.0,3,4584.0,4586.0,4,4576.0,4584.0,4591.0,4584.0,30.0,2752880.0,7327
2023-05-09 21:02:38,pg2310,pg2310,4586.0,0.0,0.0,0.0,4,4584.0,4586.0,3,4576.0,4584.0,4591.0,4584.0,30.0,2752880.0,7327
2023-05-09 21:02:39,pg2310,pg2310,4586.0,0.0,0.0,0.0,3,4584.0,4586.0,4,4576.0,4584.0,4591.0,4584.0,30.0,2752880.0,7327
2023-05-09 21:02:39,pg2310,pg2310,4586.0,0.0,0.0,0.0,3,4584.0,4586.0,3,4576.0,4584.0,4591.0,4584.0,30.0,2752880.0,7327
2023-05-09 21:02:44,pg2310,pg2310,4586.0,0.0,0.0,0.0,3,4584.0,4586.0,4,4576.0,4584.0,4591.0,4584.0,30.0,2752880.0,7327
2023-05-09 21:02:44,pg2310,pg2310,4586.0,0.0,0.0,0.0,3,4584.0,4586.0,3,4576.0,4584.0,4591.0,4584.0,30.0,2752880.0,7327
2023-05-09 21:02:51,pg2310,pg2310,4586.0,0.0,0.0,0.0,1,4585.0,4586.0,2,4576.0,4584.0,4591.0,4584.0,30.0,2752880.0,7327
2023-05-09 21:02:51,pg2310,pg2310,4586.0,0.0,0.0,0.0,4,4584.0,4586.0,2,4576.0,4584.0,4591.0,4584.0,30.0,2752880.0,7327
2023-05-09 21:02:52,pg2310,pg2310,4586.0,0.0,0.0,0.0,1,4585.0,4586.0,2,4576.0,4584.0,4591.0,4584.0,30.0,2752880.0,7327
2023-05-09 21:02:52,pg2310,pg2310,4586.0,0.0,0.0,0.0,1,4585.0,4586.0,1,4576.0,4584.0,4591.0,4584.0,30.0,2752880.0,7327
2023-05-09 21:02:53,pg2310,pg2310,4586.0,0.0,0.0,0.0,1,4585.0,4586.0,2,4576.0,4584.0,4591.0,4584.0,30.0,2752880.0,7327
2023-05-09 21:02:53,pg2310,pg2310,4586.0,0.0,0.0,0.0,8,4584.0,4586.0,2,4576.0,4584.0,4591.0,4584.0,30.0,2752880.0,7327
2023-05-09 21:02:57,pg2310,pg2310,4586.0,0.0,0.0,0.0,7,4584.0,4586.0,3,4576.0,4584.0,4591.0,4584.0,30.0,2752880.0,7327
2023-05-09 21:02:58,pg2310,pg2310,4586.0,0.0,0.0,0.0,6,4584.0,4586.0,3,4576.0,4584.0,4591.0,4584.0,30.0,2752880.0,7327
2023-05-09 21:02:59,pg2310,pg2310,4586.0,0.0,0.0,0.0,3,4584.0,4586.0,3,4576.0,4584.0,4591.0,4584.0,30.0,2752880.0,7327
2023-05-09 21:02:59,pg2310,pg2310,4586.0,0.0,0.0,0.0,5,4584.0,4586.0,1,4576.0,4584.0,4591.0,4584.0,30.0,2752880.0,7327
2023-05-09 21:03:00,pg2310,pg2310,4586.0,0.0,0.0,0.0,5,4584.0,4586.0,3,4576.0,4584.0,4591.0,4584.0,30.0,2752880.0,7327
2023-05-09 21:03:00,pg2310,pg2310,4586.0,0.0,0.0,0.0,3,4584.0,4586.0,3,4576.0,4584.0,4591.0,4584.0,30.0,2752880.0,7327
2023-05-09 21:03:01,pg2310,pg2310,4586.0,0.0,0.0,0.0,9,4583.0,4586.0,4,4576.0,4584.0,4591.0,4584.0,30.0,2752880.0,7327
2023-05-09 21:03:02,pg2310,pg2310,4586.0,0.0,0.0,0.0,5,4583.0,4585.0,1,4576.0,4584.0,4591.0,4584.0,30.0,2752880.0,7327
2023-05-09 21:03:02,pg2310,pg2310,4586.0,0.0,0.0,0.0,3,4583.0,4585.0,2,4576.0,4584.0,4591.0,4584.0,30.0,2752880.0,7327
2023-05-09 21:03:03,pg2310,pg2310,4586.0,0.0,0.0,0.0,2,4583.0,4585.0,1,4576.0,4584.0,4591.0,4584.0,30.0,2752880.0,7327
2023-05-09 21:03:03,pg2310,pg2310,4586.0,0.0,0.0,0.0,5,4583.0,4586.0,8,4576.0,4584.0,4591.0,4584.0,30.0,2752880.0,7327
2023-05-09 21:03:06,pg2310,pg2310,4586.0,0.0,0.0,0.0,1,4584.0,4586.0,8,4576.0,4584.0,4591.0,4584.0,30.0,2752880.0,7327
2023-05-09 21:03:06,pg2310,pg2310,4586.0,0.0,0.0,0.0,5,4583.0,4585.0,1,4576.0,4584.0,4591.0,4584.0,30.0,2752880.0,7327
2023-05-09 21:03:07,pg2310,pg2310,4586.0,0.0,0.0,0.0,6,4583.0,4585.0,1,4576.0,4584.0,4591.0,4584.0,30.0,2752880.0,7327
2023-05-09 21:03:07,pg2310,pg2310,4586.0,0.0,0.0,0.0,4,4583.0,4585.0,1,4576.0,4584.0,4591.0,4584.0,30.0,2752880.0,7327
2023-05-09 21:03:08,pg2310,pg2310,4586.0,0.0,0.0,0.0,3,4583.0,4585.0,1,4576.0,4584.0,4591.0,4584.0,30.0,2752880.0,7327
2023-05-09 21:03:08,pg2310,pg2310,4586.0,0.0,0.0,0.0,5,4583.0,4585.0,1,4576.0,4584.0,4591.0,4584.0,30.0,2752880.0,7327
2023-05-09 21:03:09,pg2310,pg2310,4586.0,0.0,0.0,0.0,8,4583.0,4585.0,1,4576.0,4584.0,4591.0,4584.0,30.0,2752880.0,7327
2023-05-09 21:03:09,pg2310,pg2310,4586.0,0.0,0.0,0.0,8,4583.0,4586.0,6,4576.0,4584.0,4591.0,4584.0,30.0,2752880.0,7327
2023-05-09 21:03:10,pg2310,pg2310,4586.0,0.0,0.0,0.0,9,4583.0,4586.0,3,4576.0,4584.0,4591.0,4584.0,30.0,2752880.0,7327
2023-05-09 21:03:10,pg2310,pg2310,4586.0,0.0,0.0,0.0,1,4584.0,4586.0,4,4576.0,4584.0,4591.0,4584.0,30.0,2752880.0,7327
2023-05-09 21:03:11,pg2310,pg2310,4586.0,0.0,0.0,0.0,3,4584.0,4586.0,4,4576.0,4584.0,4591.0,4584.0,30.0,2752880.0,7327
2023-05-09 21:03:11,pg2310,pg2310,4586.0,0.0,0.0,0.0,3,4584.0,4586.0,3,4576.0,4584.0,4591.0,4584.0,30.0,2752880.0,7327
2023-05-09 21:03:12,pg2310,pg2310,4586.0,0.0,0.0,0.0,1,4584.0,4586.0,4,4576.0,4584.0,4591.0,4584.0,30.0,2752880.0,7327
2023-05-09 21:03:12,pg2310,pg2310,4586.0,0.0,0.0,0.0,3,4584.0,4586.0,5,4576.0,4584.0,4591.0,4584.0,30.0,2752880.0,7327
2023-05-09 21:03:13,pg2310,pg2310,4586.0,0.0,0.0,0.0,3,4584.0,4586.0,2,4576.0,4584.0,4591.0,4584.0,30.0,2752880.0,7327
2023-05-09 21:03:13,pg2310,pg2310,4586.0,0.0,0.0,0.0,2,4584.0,4586.0,2,4576.0,4584.0,4591.0,4584.0,30.0,2752880.0,7327
2023-05-09 21:03:14,pg2310,pg2310,4586.0,0.0,0.0,0.0,3,4584.0,4586.0,3,4576.0,4584.0,4591.0,4584.0,30.0,2752880.0,7327
2023-05-09 21:03:16,pg2310,pg2310,4586.0,0.0,0.0,0.0,3,4584.0,4586.0,2,4576.0,4584.0,4591.0,4584.0,30.0,2752880.0,7327
2023-05-09 21:03:16,pg2310,pg2310,4586.0,0.0,0.0,0.0,5,4584.0,4586.0,1,4576.0,4584.0,4591.0,4584.0,30.0,2752880.0,7327
2023-05-09 21:03:17,pg2310,pg2310,4586.0,0.0,0.0,0.0,7,4584.0,4586.0,1,4576.0,4584.0,4591.0,4584.0,30.0,2752880.0,7327
2023-05-09 21:03:17,pg2310,pg2310,4586.0,0.0,0.0,0.0,7,4584.0,4586.0,2,4576.0,4584.0,4591.0,4584.0,30.0,2752880.0,7327
2023-05-09 21:03:18,pg2310,pg2310,4586.0,0.0,0.0,0.0,5,4584.0,4586.0,4,4576.0,4584.0,4591.0,4584.0,30.0,2752880.0,7327
2023-05-09 21:03:18,pg2310,pg2310,4586.0,0.0,0.0,0.0,2,4584.0,4586.0,4,4576.0,4584.0,4591.0,4584.0,30.0,2752880.0,7327
2023-05-09 21:03:18,pg2310,pg2310,4586.0,0.0,0.0,0.0,1,4584.0,4586.0,4,4576.0,4584.0,4591.0,4584.0,30.0,2752880.0,7327
2023-05-09 21:03:19,pg2310,pg2310,4586.0,0.0,0.0,0.0,1,4584.0,4586.0,5,4576.0,4584.0,4591.0,4584.0,30.0,2752880.0,7327
2023-05-09 21:03:20,pg2310,pg2310,4586.0,0.0,0.0,0.0,2,4584.0,4586.0,5,4576.0,4584.0,4591.0,4584.0,30.0,2752880.0,7327
2023-05-09 21:03:20,pg2310,pg2310,4586.0,0.0,0.0,0.0,1,4584.0,4586.0,4,4576.0,4584.0,4591.0,4584.0,30.0,2752880.0,7327
2023-05-09 21:03:21,pg2310,pg2310,4586.0,0.0,0.0,0.0,1,4584.0,4586.0,5,4576.0,4584.0,4591.0,4584.0,30.0,2752880.0,7327
2023-05-09 21:03:21,pg2310,pg2310,4586.0,0.0,0.0,0.0,2,4584.0,4586.0,5,4576.0,4584.0,4591.0,4584.0,30.0,2752880.0,7327
2023-05-09 21:03:22,pg2310,pg2310,4586.0,0.0,0.0,0.0,1,4584.0,4586.0,4,4576.0,4584.0,4591.0,4584.0,30.0,2752880.0,7327
2023-05-09 21:03:22,pg2310,pg2310,4586.0,0.0,0.0,0.0,1,4584.0,4586.0,5,4576.0,4584.0,4591.0,4584.0,30.0,2752880.0,7327
2023-05-09 21:03:25,pg2310,pg2310,4586.0,0.0,0.0,0.0,2,4584.0,4586.0,5,4576.0,4584.0,4591.0,4584.0,30.0,2752880.0,7327
2023-05-09 21:03:25,pg2310,pg2310,4586.0,0.0,0.0,0.0,1,4584.0,4586.0,4,4576.0,4584.0,4591.0,4584.0,30.0,2752880.0,7327
2023-05-09 21:03:26,pg2310,pg2310,4586.0,0.0,0.0,0.0,1,4584.0,4586.0,5,4576.0,4584.0,4591.0,4584.0,30.0,2752880.0,7327
2023-05-09 21:03:28,pg2310,pg2310,4586.0,0.0,0.0,0.0,1,4584.0,4586.0,4,4576.0,4584.0,4591.0,4584.0,30.0,2752880.0,7327
2023-05-09 21:03:29,pg2310,pg2310,4586.0,0.0,0.0,0.0,1,4584.0,4586.0,5,4576.0,4584.0,4591.0,4584.0,30.0,2752880.0,7327
2023-05-09 21:03:34,pg2310,pg2310,4586.0,0.0,0.0,0.0,1,4584.0,4586.0,4,4576.0,4584.0,4591.0,4584.0,30.0,2752880.0,7327
2023-05-09 21:03:34,pg2310,pg2310,4586.0,0.0,0.0,0.0,1,4584.0,4586.0,5,4576.0,4584.0,4591.0,4584.0,30.0,2752880.0,7327
2023-05-09 21:03:36,pg2310,pg2310,4586.0,0.0,0.0,0.0,1,4584.0,4586.0,6,4576.0,4584.0,4591.0,4584.0,30.0,2752880.0,7327
2023-05-09 21:03:36,pg2310,pg2310,4586.0,0.0,0.0,0.0,3,4583.0,4586.0,8,4576.0,4584.0,4591.0,4584.0,30.0,2752880.0,7327
2023-05-09 21:03:37,pg2310,pg2310,4586.0,0.0,0.0,0.0,1,4583.0,4586.0,9,4576.0,4584.0,4591.0,4584.0,30.0,2752880.0,7327
2023-05-09 21:03:39,pg2310,pg2310,4586.0,0.0,0.0,0.0,1,4583.0,4585.0,1,4576.0,4584.0,4591.0,4584.0,30.0,2752880.0,7327
2023-05-09 21:03:39,pg2310,pg2310,4586.0,0.0,0.0,0.0,9,4582.0,4585.0,2,4576.0,4584.0,4591.0,4584.0,30.0,2752880.0,7327
2023-05-09 21:03:40,pg2310,pg2310,4586.0,0.0,0.0,0.0,2,4583.0,4585.0,1,4576.0,4584.0,4591.0,4584.0,30.0,2752880.0,7327
2023-05-09 21:03:40,pg2310,pg2310,4586.0,0.0,0.0,0.0,1,4583.0,4585.0,2,4576.0,4584.0,4591.0,4584.0,30.0,2752880.0,7327
2023-05-09 21:03:41,pg2310,pg2310,4586.0,0.0,0.0,0.0,1,4583.0,4585.0,3,4576.0,4584.0,4591.0,4584.0,30.0,2752880.0,7327
2023-05-09 21:03:43,pg2310,pg2310,4586.0,0.0,0.0,0.0,3,4583.0,4585.0,1,4576.0,4584.0,4591.0,4584.0,30.0,2752880.0,7327
2023-05-09 21:03:43,pg2310,pg2310,4586.0,0.0,0.0,0.0,2,4583.0,4585.0,2,4576.0,4584.0,4591.0,4584.0,30.0,2752880.0,7327
2023-05-09 21:03:45,pg2310,pg2310,4586.0,0.0,0.0,0.0,1,4583.0,4585.0,1,4576.0,4584.0,4591.0,4584.0,30.0,2752880.0,7327
2023-05-09 21:03:45,pg2310,pg2310,4586.0,0.0,0.0,0.0,4,4583.0,4585.0,1,4576.0,4584.0,4591.0,4584.0,30.0,2752880.0,7327
2023-05-09 21:03:46,pg2310,pg2310,4586.0,0.0,0.0,0.0,4,4583.0,4585.0,2,4576.0,4584.0,4591.0,4584.0,30.0,2752880.0,7327
2023-05-09 21:03:46,pg2310,pg2310,4586.0,0.0,0.0,0.0,3,4583.0,4585.0,1,4576.0,4584.0,4591.0,4584.0,30.0,2752880.0,7327
2023-05-09 21:03:47,pg2310,pg2310,4586.0,0.0,0.0,0.0,4,4583.0,4585.0,1,4576.0,4584.0,4591.0,4584.0,30.0,2752880.0,7327
2023-05-09 21:03:47,pg2310,pg2310,4586.0,0.0,0.0,0.0,7,4583.0,4585.0,1,4576.0,4584.0,4591.0,4584.0,30.0,2752880.0,7327
2023-05-09 21:03:47,pg2310,pg2310,4586.0,0.0,0.0,0.0,8,4583.0,4585.0,1,4576.0,4584.0,4591.0,4584.0,30.0,2752880.0,7327
2023-05-09 21:03:48,pg2310,pg2310,4586.0,0.0,0.0,0.0,3,4584.0,4586.0,5,4576.0,4584.0,4591.0,4584.0,30.0,2752880.0,7327
2023-05-09 21:03:49,pg2310,pg2310,4584.0,1.0,91680.0,0.0,3,4584.0,4586.0,3,4576.0,4584.0,4591.0,4584.0,31.0,2844560.0,7327
2023-05-09 21:03:49,pg2310,pg2310,4584.0,0.0,0.0,0.0,8,4583.0,4586.0,4,4576.0,4584.0,4591.0,4584.0,31.0,2844560.0,7327
2023-05-09 21:03:50,pg2310,pg2310,4584.0,0.0,0.0,0.0,8,4583.0,4586.0,5,4576.0,4584.0,4591.0,4584.0,31.0,2844560.0,7327
2023-05-09 21:03:51,pg2310,pg2310,4584.0,0.0,0.0,0.0,1,4584.0,4586.0,5,4576.0,4584.0,4591.0,4584.0,31.0,2844560.0,7327
2023-05-09 21:03:51,pg2310,pg2310,4584.0,0.0,0.0,0.0,1,4584.0,4585.0,1,4576.0,4584.0,4591.0,4584.0,31.0,2844560.0,7327
2023-05-09 21:03:52,pg2310,pg2310,4584.0,0.0,0.0,0.0,8,4583.0,4585.0,3,4576.0,4584.0,4591.0,4584.0,31.0,2844560.0,7327
2023-05-09 21:03:52,pg2310,pg2310,4584.0,0.0,0.0,0.0,7,4583.0,4585.0,3,4576.0,4584.0,4591.0,4584.0,31.0,2844560.0,7327
2023-05-09 21:03:53,pg2310,pg2310,4584.0,0.0,0.0,0.0,5,4583.0,4585.0,3,4576.0,4584.0,4591.0,4584.0,31.0,2844560.0,7327
2023-05-09 21:03:53,pg2310,pg2310,4584.0,0.0,0.0,0.0,8,4582.0,4585.0,4,4576.0,4584.0,4591.0,4584.0,31.0,2844560.0,7327
2023-05-09 21:03:53,pg2310,pg2310,4584.0,0.0,0.0,0.0,8,4582.0,4585.0,5,4576.0,4584.0,4591.0,4584.0,31.0,2844560.0,7327
2023-05-09 21:03:56,pg2310,pg2310,4584.0,0.0,0.0,0.0,8,4582.0,4585.0,4,4576.0,4584.0,4591.0,4584.0,31.0,2844560.0,7327
2023-05-09 21:03:56,pg2310,pg2310,4584.0,0.0,0.0,0.0,9,4582.0,4585.0,1,4576.0,4584.0,4591.0,4584.0,31.0,2844560.0,7327
2023-05-09 21:03:57,pg2310,pg2310,4584.0,0.0,0.0,0.0,1,4583.0,4585.0,1,4576.0,4584.0,4591.0,4584.0,31.0,2844560.0,7327
2023-05-09 21:03:57,pg2310,pg2310,4584.0,0.0,0.0,0.0,1,4583.0,4585.0,2,4576.0,4584.0,4591.0,4584.0,31.0,2844560.0,7327
2023-05-09 21:03:57,pg2310,pg2310,4584.0,0.0,0.0,0.0,1,4583.0,4585.0,1,4576.0,4584.0,4591.0,4584.0,31.0,2844560.0,7327
2023-05-09 21:03:58,pg2310,pg2310,4584.0,0.0,0.0,0.0,2,4583.0,4585.0,1,4576.0,4584.0,4591.0,4584.0,31.0,2844560.0,7327
2023-05-09 21:03:59,pg2310,pg2310,4584.0,0.0,0.0,0.0,1,4583.0,4585.0,1,4576.0,4584.0,4591.0,4584.0,31.0,2844560.0,7327
2023-05-09 21:04:13,pg2310,pg2310,4584.0,0.0,0.0,0.0,1,4583.0,4586.0,9,4576.0,4584.0,4591.0,4584.0,31.0,2844560.0,7327
2023-05-09 21:04:13,pg2310,pg2310,4584.0,0.0,0.0,0.0,1,4583.0,4585.0,1,4576.0,4584.0,4591.0,4584.0,31.0,2844560.0,7327
2023-05-09 21:04:14,pg2310,pg2310,4584.0,0.0,0.0,0.0,1,4583.0,4586.0,9,4576.0,4584.0,4591.0,4584.0,31.0,2844560.0,7327
2023-05-09 21:04:17,pg2310,pg2310,4584.0,0.0,0.0,0.0,1,4583.0,4585.0,1,4576.0,4584.0,4591.0,4584.0,31.0,2844560.0,7327
2023-05-09 21:04:18,pg2310,pg2310,4584.0,0.0,0.0,0.0,1,4584.0,4585.0,1,4576.0,4584.0,4591.0,4584.0,31.0,2844560.0,7327
2023-05-09 21:04:19,pg2310,pg2310,4584.0,0.0,0.0,0.0,4,4583.0,4586.0,7,4576.0,4584.0,4591.0,4584.0,31.0,2844560.0,7327
2023-05-09 21:04:19,pg2310,pg2310,4584.0,0.0,0.0,0.0,1,4583.0,4586.0,9,4576.0,4584.0,4591.0,4584.0,31.0,2844560.0,7327
2023-05-09 21:04:22,pg2310,pg2310,4584.0,0.0,0.0,0.0,1,4583.0,4585.0,1,4576.0,4584.0,4591.0,4584.0,31.0,2844560.0,7327
2023-05-09 21:04:23,pg2310,pg2310,4584.0,0.0,0.0,0.0,1,4583.0,4585.0,3,4576.0,4584.0,4591.0,4584.0,31.0,2844560.0,7327
2023-05-09 21:04:23,pg2310,pg2310,4584.0,0.0,0.0,0.0,5,4582.0,4585.0,5,4576.0,4584.0,4591.0,4584.0,31.0,2844560.0,7327
2023-05-09 21:04:24,pg2310,pg2310,4582.0,2.0,183280.0,0.0,6,4581.0,4582.0,2,4576.0,4584.0,4591.0,4582.0,33.0,3027840.0,7327
2023-05-09 21:04:24,pg2310,pg2310,4582.0,1.0,91640.0,-1.0,1,4581.0,4582.0,1,4576.0,4584.0,4591.0,4582.0,34.0,3119480.0,7326
2023-05-09 21:04:26,pg2310,pg2310,4582.0,1.0,91640.0,1.0,1,4581.0,4583.0,3,4576.0,4584.0,4591.0,4582.0,35.0,3211120.0,7327
2023-05-09 21:04:27,pg2310,pg2310,4582.0,0.0,0.0,0.0,2,4581.0,4583.0,2,4576.0,4584.0,4591.0,4582.0,35.0,3211120.0,7327
2023-05-09 21:04:27,pg2310,pg2310,4582.0,0.0,0.0,0.0,3,4581.0,4583.0,1,4576.0,4584.0,4591.0,4582.0,35.0,3211120.0,7327
2023-05-09 21:04:28,pg2310,pg2310,4582.0,0.0,0.0,0.0,3,4581.0,4583.0,2,4576.0,4584.0,4591.0,4582.0,35.0,3211120.0,7327
2023-05-09 21:04:29,pg2310,pg2310,4582.0,0.0,0.0,0.0,2,4581.0,4583.0,2,4576.0,4584.0,4591.0,4582.0,35.0,3211120.0,7327
2023-05-09 21:04:29,pg2310,pg2310,4582.0,0.0,0.0,0.0,1,4581.0,4583.0,3,4576.0,4584.0,4591.0,4582.0,35.0,3211120.0,7327
2023-05-09 21:04:30,pg2310,pg2310,4582.0,0.0,0.0,0.0,1,4582.0,4583.0,3,4576.0,4584.0,4591.0,4582.0,35.0,3211120.0,7327
2023-05-09 21:04:30,pg2310,pg2310,4582.0,0.0,0.0,0.0,1,4582.0,4583.0,2,4576.0,4584.0,4591.0,4582.0,35.0,3211120.0,7327
2023-05-09 21:04:32,pg2310,pg2310,4583.0,1.0,91660.0,0.0,2,4582.0,4584.0,4,4576.0,4584.0,4591.0,4582.0,36.0,3302780.0,7327
2023-05-09 21:04:33,pg2310,pg2310,4583.0,0.0,0.0,0.0,2,4582.0,4584.0,3,4576.0,4584.0,4591.0,4582.0,36.0,3302780.0,7327
2023-05-09 21:04:33,pg2310,pg2310,4583.0,0.0,0.0,0.0,1,4582.0,4584.0,2,4576.0,4584.0,4591.0,4582.0,36.0,3302780.0,7327
2023-05-09 21:04:34,pg2310,pg2310,4583.0,0.0,0.0,0.0,4,4582.0,4585.0,7,4576.0,4584.0,4591.0,4582.0,36.0,3302780.0,7327
2023-05-09 21:04:34,pg2310,pg2310,4583.0,0.0,0.0,0.0,3,4582.0,4585.0,8,4576.0,4584.0,4591.0,4582.0,36.0,3302780.0,7327
2023-05-09 21:04:35,pg2310,pg2310,4583.0,0.0,0.0,0.0,3,4582.0,4584.0,1,4576.0,4584.0,4591.0,4582.0,36.0,3302780.0,7327
2023-05-09 21:04:35,pg2310,pg2310,4583.0,0.0,0.0,0.0,1,4583.0,4585.0,7,4576.0,4584.0,4591.0,4582.0,36.0,3302780.0,7327
2023-05-09 21:04:36,pg2310,pg2310,4583.0,0.0,0.0,0.0,1,4583.0,4585.0,6,4576.0,4584.0,4591.0,4582.0,36.0,3302780.0,7327
2023-05-09 21:04:38,pg2310,pg2310,4583.0,0.0,0.0,0.0,1,4583.0,4584.0,1,4576.0,4584.0,4591.0,4582.0,36.0,3302780.0,7327
2023-05-09 21:04:38,pg2310,pg2310,4583.0,0.0,0.0,0.0,4,4582.0,4584.0,1,4576.0,4584.0,4591.0,4582.0,36.0,3302780.0,7327
2023-05-09 21:04:39,pg2310,pg2310,4583.0,0.0,0.0,0.0,2,4582.0,4584.0,1,4576.0,4584.0,4591.0,4582.0,36.0,3302780.0,7327
2023-05-09 21:04:39,pg2310,pg2310,4583.0,0.0,0.0,0.0,1,4582.0,4584.0,1,4576.0,4584.0,4591.0,4582.0,36.0,3302780.0,7327
2023-05-09 21:04:41,pg2310,pg2310,4583.0,0.0,0.0,0.0,3,4582.0,4584.0,1,4576.0,4584.0,4591.0,4582.0,36.0,3302780.0,7327
2023-05-09 21:04:45,pg2310,pg2310,4583.0,0.0,0.0,0.0,1,4582.0,4584.0,1,4576.0,4584.0,4591.0,4582.0,36.0,3302780.0,7327
2023-05-09 21:04:45,pg2310,pg2310,4583.0,0.0,0.0,0.0,3,4582.0,4584.0,1,4576.0,4584.0,4591.0,4582.0,36.0,3302780.0,7327
2023-05-09 21:04:46,pg2310,pg2310,4583.0,0.0,0.0,0.0,9,4581.0,4584.0,3,4576.0,4584.0,4591.0,4582.0,36.0,3302780.0,7327
2023-05-09 21:04:46,pg2310,pg2310,4583.0,0.0,0.0,0.0,1,4582.0,4584.0,1,4576.0,4584.0,4591.0,4582.0,36.0,3302780.0,7327
2023-05-09 21:04:47,pg2310,pg2310,4583.0,0.0,0.0,0.0,9,4581.0,4584.0,3,4576.0,4584.0,4591.0,4582.0,36.0,3302780.0,7327
2023-05-09 21:04:48,pg2310,pg2310,4583.0,0.0,0.0,0.0,2,4582.0,4585.0,9,4576.0,4584.0,4591.0,4582.0,36.0,3302780.0,7327
2023-05-09 21:04:48,pg2310,pg2310,4583.0,0.0,0.0,0.0,3,4582.0,4584.0,1,4576.0,4584.0,4591.0,4582.0,36.0,3302780.0,7327
2023-05-09 21:04:58,pg2310,pg2310,4583.0,0.0,0.0,0.0,1,4583.0,4584.0,1,4576.0,4584.0,4591.0,4582.0,36.0,3302780.0,7327
2023-05-09 21:04:58,pg2310,pg2310,4583.0,0.0,0.0,0.0,6,4582.0,4584.0,1,4576.0,4584.0,4591.0,4582.0,36.0,3302780.0,7327
2023-05-09 21:04:59,pg2310,pg2310,4583.0,0.0,0.0,0.0,7,4582.0,4585.0,8,4576.0,4584.0,4591.0,4582.0,36.0,3302780.0,7327
2023-05-09 21:04:59,pg2310,pg2310,4583.0,0.0,0.0,0.0,2,4583.0,4585.0,8,4576.0,4584.0,4591.0,4582.0,36.0,3302780.0,7327
2023-05-09 21:05:00,pg2310,pg2310,4583.0,0.0,0.0,0.0,2,4583.0,4585.0,7,4576.0,4584.0,4591.0,4582.0,36.0,3302780.0,7327
2023-05-09 21:05:00,pg2310,pg2310,4583.0,0.0,0.0,0.0,2,4583.0,4585.0,4,4576.0,4584.0,4591.0,4582.0,36.0,3302780.0,7327
2023-05-09 21:05:01,pg2310,pg2310,4583.0,0.0,0.0,0.0,2,4583.0,4585.0,3,4576.0,4584.0,4591.0,4582.0,36.0,3302780.0,7327
2023-05-09 21:05:01,pg2310,pg2310,4583.0,0.0,0.0,0.0,1,4583.0,4585.0,4,4576.0,4584.0,4591.0,4582.0,36.0,3302780.0,7327
2023-05-09 21:05:02,pg2310,pg2310,4583.0,0.0,0.0,0.0,2,4583.0,4585.0,4,4576.0,4584.0,4591.0,4582.0,36.0,3302780.0,7327
2023-05-09 21:05:02,pg2310,pg2310,4583.0,0.0,0.0,0.0,3,4583.0,4585.0,4,4576.0,4584.0,4591.0,4582.0,36.0,3302780.0,7327
2023-05-09 21:05:03,pg2310,pg2310,4583.0,0.0,0.0,0.0,3,4583.0,4585.0,3,4576.0,4584.0,4591.0,4582.0,36.0,3302780.0,7327
2023-05-09 21:05:04,pg2310,pg2310,4583.0,0.0,0.0,0.0,4,4583.0,4585.0,3,4576.0,4584.0,4591.0,4582.0,36.0,3302780.0,7327
2023-05-09 21:05:04,pg2310,pg2310,4583.0,0.0,0.0,0.0,2,4584.0,4585.0,2,4576.0,4584.0,4591.0,4582.0,36.0,3302780.0,7327
2023-05-09 21:05:05,pg2310,pg2310,4583.0,0.0,0.0,0.0,2,4584.0,4585.0,3,4576.0,4584.0,4591.0,4582.0,36.0,3302780.0,7327
2023-05-09 21:05:05,pg2310,pg2310,4583.0,0.0,0.0,0.0,1,4584.0,4585.0,3,4576.0,4584.0,4591.0,4582.0,36.0,3302780.0,7327
2023-05-09 21:05:06,pg2310,pg2310,4583.0,0.0,0.0,0.0,1,4584.0,4585.0,2,4576.0,4584.0,4591.0,4582.0,36.0,3302780.0,7327
2023-05-09 21:05:06,pg2310,pg2310,4583.0,0.0,0.0,0.0,6,4583.0,4585.0,3,4576.0,4584.0,4591.0,4582.0,36.0,3302780.0,7327
2023-05-09 21:05:07,pg2310,pg2310,4583.0,0.0,0.0,0.0,5,4583.0,4584.0,1,4576.0,4584.0,4591.0,4582.0,36.0,3302780.0,7327
2023-05-09 21:05:07,pg2310,pg2310,4583.0,0.0,0.0,0.0,2,4583.0,4584.0,1,4576.0,4584.0,4591.0,4582.0,36.0,3302780.0,7327
2023-05-09 21:05:08,pg2310,pg2310,4584.0,1.0,91680.0,0.0,2,4583.0,4585.0,4,4576.0,4584.0,4591.0,4582.0,37.0,3394460.0,7327
2023-05-09 21:05:08,pg2310,pg2310,4584.0,0.0,0.0,0.0,9,4582.0,4585.0,4,4576.0,4584.0,4591.0,4582.0,37.0,3394460.0,7327
2023-05-09 21:05:09,pg2310,pg2310,4584.0,0.0,0.0,0.0,8,4582.0,4585.0,7,4576.0,4584.0,4591.0,4582.0,37.0,3394460.0,7327
2023-05-09 21:05:11,pg2310,pg2310,4584.0,0.0,0.0,0.0,9,4582.0,4585.0,7,4576.0,4584.0,4591.0,4582.0,37.0,3394460.0,7327
2023-05-09 21:05:12,pg2310,pg2310,4584.0,0.0,0.0,0.0,1,4583.0,4585.0,6,4576.0,4584.0,4591.0,4582.0,37.0,3394460.0,7327
2023-05-09 21:05:13,pg2310,pg2310,4584.0,0.0,0.0,0.0,7,4582.0,4585.0,8,4576.0,4584.0,4591.0,4582.0,37.0,3394460.0,7327
2023-05-09 21:05:14,pg2310,pg2310,4584.0,0.0,0.0,0.0,6,4582.0,4584.0,1,4576.0,4584.0,4591.0,4582.0,37.0,3394460.0,7327
2023-05-09 21:05:14,pg2310,pg2310,4584.0,0.0,0.0,0.0,7,4582.0,4584.0,1,4576.0,4584.0,4591.0,4582.0,37.0,3394460.0,7327
2023-05-09 21:05:15,pg2310,pg2310,4584.0,0.0,0.0,0.0,7,4582.0,4585.0,8,4576.0,4584.0,4591.0,4582.0,37.0,3394460.0,7327
2023-05-09 21:05:16,pg2310,pg2310,4584.0,0.0,0.0,0.0,6,4582.0,4585.0,9,4576.0,4584.0,4591.0,4582.0,37.0,3394460.0,7327
2023-05-09 21:05:16,pg2310,pg2310,4584.0,0.0,0.0,0.0,6,4582.0,4584.0,1,4576.0,4584.0,4591.0,4582.0,37.0,3394460.0,7327
2023-05-09 21:05:17,pg2310,pg2310,4584.0,0.0,0.0,0.0,7,4582.0,4584.0,1,4576.0,4584.0,4591.0,4582.0,37.0,3394460.0,7327
2023-05-09 21:05:17,pg2310,pg2310,4584.0,0.0,0.0,0.0,7,4582.0,4585.0,8,4576.0,4584.0,4591.0,4582.0,37.0,3394460.0,7327
2023-05-09 21:05:18,pg2310,pg2310,4584.0,0.0,0.0,0.0,6,4582.0,4585.0,9,4576.0,4584.0,4591.0,4582.0,37.0,3394460.0,7327
2023-05-09 21:05:20,pg2310,pg2310,4584.0,0.0,0.0,0.0,1,4583.0,4585.0,8,4576.0,4584.0,4591.0,4582.0,37.0,3394460.0,7327
2023-05-09 21:05:20,pg2310,pg2310,4584.0,0.0,0.0,0.0,1,4583.0,4585.0,7,4576.0,4584.0,4591.0,4582.0,37.0,3394460.0,7327
2023-05-09 21:05:21,pg2310,pg2310,4585.0,7.0,641900.0,4.0,2,4585.0,4586.0,2,4576.0,4584.0,4591.0,4582.0,44.0,4036360.0,7331
2023-05-09 21:05:21,pg2310,pg2310,4586.0,3.0,275160.0,2.0,2,4586.0,4587.0,1,4576.0,4584.0,4591.0,4582.0,47.0,4311520.0,7333
2023-05-09 21:05:22,pg2310,pg2310,4586.0,0.0,0.0,0.0,2,4586.0,4587.0,2,4576.0,4584.0,4591.0,4582.0,47.0,4311520.0,7333
2023-05-09 21:05:23,pg2310,pg2310,4586.0,0.0,0.0,0.0,2,4586.0,4587.0,1,4576.0,4584.0,4591.0,4582.0,47.0,4311520.0,7333
2023-05-09 21:05:27,pg2310,pg2310,4586.0,0.0,0.0,0.0,3,4586.0,4587.0,1,4576.0,4584.0,4591.0,4582.0,47.0,4311520.0,7333
2023-05-09 21:05:29,pg2310,pg2310,4586.0,0.0,0.0,0.0,5,4586.0,4587.0,1,4576.0,4584.0,4591.0,4582.0,47.0,4311520.0,7333
2023-05-09 21:05:30,pg2310,pg2310,4586.0,0.0,0.0,0.0,3,4586.0,4587.0,1,4576.0,4584.0,4591.0,4582.0,47.0,4311520.0,7333
2023-05-09 21:05:30,pg2310,pg2310,4586.0,0.0,0.0,0.0,5,4586.0,4587.0,1,4576.0,4584.0,4591.0,4582.0,47.0,4311520.0,7333
2023-05-09 21:05:32,pg2310,pg2310,4586.0,0.0,0.0,0.0,4,4586.0,4587.0,1,4576.0,4584.0,4591.0,4582.0,47.0,4311520.0,7333
2023-05-09 21:05:33,pg2310,pg2310,4586.0,0.0,0.0,0.0,3,4586.0,4587.0,1,4576.0,4584.0,4591.0,4582.0,47.0,4311520.0,7333
2023-05-09 21:05:34,pg2310,pg2310,4586.0,0.0,0.0,0.0,3,4586.0,4587.0,4,4576.0,4584.0,4591.0,4582.0,47.0,4311520.0,7333
2023-05-09 21:05:35,pg2310,pg2310,4586.0,0.0,0.0,0.0,3,4586.0,4587.0,3,4576.0,4584.0,4591.0,4582.0,47.0,4311520.0,7333
2023-05-09 21:05:36,pg2310,pg2310,4586.0,0.0,0.0,0.0,3,4586.0,4587.0,1,4576.0,4584.0,4591.0,4582.0,47.0,4311520.0,7333
2023-05-09 21:05:38,pg2310,pg2310,4586.0,0.0,0.0,0.0,3,4586.0,4587.0,3,4576.0,4584.0,4591.0,4582.0,47.0,4311520.0,7333
2023-05-09 21:05:39,pg2310,pg2310,4586.0,0.0,0.0,0.0,3,4586.0,4587.0,4,4576.0,4584.0,4591.0,4582.0,47.0,4311520.0,7333
2023-05-09 21:05:40,pg2310,pg2310,4586.0,0.0,0.0,0.0,3,4586.0,4587.0,3,4576.0,4584.0,4591.0,4582.0,47.0,4311520.0,7333
2023-05-09 21:05:40,pg2310,pg2310,4587.0,2.0,183480.0,1.0,2,4587.0,4589.0,6,4576.0,4584.0,4591.0,4582.0,49.0,4495000.0,7334
2023-05-09 21:05:41,pg2310,pg2310,4587.0,0.0,0.0,0.0,3,4587.0,4589.0,1,4576.0,4584.0,4591.0,4582.0,49.0,4495000.0,7334
2023-05-09 21:05:41,pg2310,pg2310,4587.0,0.0,0.0,0.0,2,4587.0,4589.0,2,4576.0,4584.0,4591.0,4582.0,49.0,4495000.0,7334
2023-05-09 21:05:42,pg2310,pg2310,4587.0,0.0,0.0,0.0,2,4587.0,4589.0,3,4576.0,4584.0,4591.0,4582.0,49.0,4495000.0,7334
2023-05-09 21:05:42,pg2310,pg2310,4587.0,0.0,0.0,0.0,4,4587.0,4589.0,1,4576.0,4584.0,4591.0,4582.0,49.0,4495000.0,7334
2023-05-09 21:05:43,pg2310,pg2310,4587.0,0.0,0.0,0.0,1,4588.0,4590.0,7,4576.0,4584.0,4591.0,4582.0,49.0,4495000.0,7334
2023-05-09 21:05:43,pg2310,pg2310,4587.0,0.0,0.0,0.0,3,4588.0,4590.0,6,4576.0,4584.0,4591.0,4582.0,49.0,4495000.0,7334
2023-05-09 21:05:44,pg2310,pg2310,4590.0,1.0,91800.0,0.0,3,4588.0,4590.0,2,4576.0,4584.0,4591.0,4582.0,50.0,4586800.0,7334
2023-05-09 21:05:44,pg2310,pg2310,4590.0,0.0,0.0,0.0,3,4588.0,4590.0,1,4576.0,4584.0,4591.0,4582.0,50.0,4586800.0,7334
2023-05-09 21:05:44,pg2310,pg2310,4590.0,0.0,0.0,0.0,3,4588.0,4591.0,8,4576.0,4584.0,4591.0,4582.0,50.0,4586800.0,7334
2023-05-09 21:05:45,pg2310,pg2310,4590.0,0.0,0.0,0.0,1,4589.0,4591.0,5,4576.0,4584.0,4591.0,4582.0,50.0,4586800.0,7334
2023-05-09 21:05:46,pg2310,pg2310,4591.0,1.0,91820.0,1.0,1,4591.0,4592.0,5,4576.0,4584.0,4591.0,4582.0,51.0,4678620.0,7335
2023-05-09 21:05:46,pg2310,pg2310,4591.0,2.0,183640.0,-2.0,3,4589.0,4592.0,2,4576.0,4584.0,4591.0,4582.0,53.0,4862260.0,7333
2023-05-09 21:05:47,pg2310,pg2310,4591.0,0.0,0.0,0.0,5,4589.0,4592.0,5,4576.0,4584.0,4591.0,4582.0,53.0,4862260.0,7333
2023-05-09 21:05:47,pg2310,pg2310,4591.0,0.0,0.0,0.0,7,4589.0,4592.0,3,4576.0,4584.0,4591.0,4582.0,53.0,4862260.0,7333
2023-05-09 21:05:48,pg2310,pg2310,4591.0,0.0,0.0,0.0,8,4589.0,4592.0,7,4576.0,4584.0,4591.0,4582.0,53.0,4862260.0,7333
2023-05-09 21:05:50,pg2310,pg2310,4591.0,0.0,0.0,0.0,7,4589.0,4592.0,5,4576.0,4584.0,4591.0,4582.0,53.0,4862260.0,7333
2023-05-09 21:05:51,pg2310,pg2310,4592.0,1.0,91840.0,0.0,3,4591.0,4593.0,6,4576.0,4584.0,4592.0,4582.0,54.0,4954100.0,7333
2023-05-09 21:05:51,pg2310,pg2310,4591.0,2.0,183640.0,-1.0,1,4591.0,4592.0,1,4576.0,4584.0,4592.0,4582.0,56.0,5137740.0,7332
2023-05-09 21:05:52,pg2310,pg2310,4591.0,1.0,91820.0,-1.0,4,4590.0,4592.0,1,4576.0,4584.0,4592.0,4582.0,57.0,5229560.0,7331
2023-05-09 21:05:52,pg2310,pg2310,4591.0,0.0,0.0,0.0,1,4590.0,4592.0,2,4576.0,4584.0,4592.0,4582.0,57.0,5229560.0,7331
2023-05-09 21:05:53,pg2310,pg2310,4591.0,0.0,0.0,0.0,7,4589.0,4591.0,1,4576.0,4584.0,4592.0,4582.0,57.0,5229560.0,7331
2023-05-09 21:05:53,pg2310,pg2310,4591.0,0.0,0.0,0.0,8,4589.0,4592.0,4,4576.0,4584.0,4592.0,4582.0,57.0,5229560.0,7331
2023-05-09 21:05:54,pg2310,pg2310,4591.0,0.0,0.0,0.0,6,4589.0,4592.0,4,4576.0,4584.0,4592.0,4582.0,57.0,5229560.0,7331
2023-05-09 21:05:54,pg2310,pg2310,4591.0,0.0,0.0,0.0,6,4589.0,4591.0,4,4576.0,4584.0,4592.0,4582.0,57.0,5229560.0,7331
2023-05-09 21:05:55,pg2310,pg2310,4591.0,0.0,0.0,0.0,2,4589.0,4591.0,1,4576.0,4584.0,4592.0,4582.0,57.0,5229560.0,7331
2023-05-09 21:05:55,pg2310,pg2310,4591.0,0.0,0.0,0.0,2,4589.0,4591.0,2,4576.0,4584.0,4592.0,4582.0,57.0,5229560.0,7331
2023-05-09 21:05:56,pg2310,pg2310,4591.0,0.0,0.0,0.0,1,4589.0,4591.0,1,4576.0,4584.0,4592.0,4582.0,57.0,5229560.0,7331
2023-05-09 21:05:56,pg2310,pg2310,4591.0,0.0,0.0,0.0,1,4589.0,4591.0,2,4576.0,4584.0,4592.0,4582.0,57.0,5229560.0,7331
2023-05-09 21:05:57,pg2310,pg2310,4591.0,0.0,0.0,0.0,2,4589.0,4591.0,1,4576.0,4584.0,4592.0,4582.0,57.0,5229560.0,7331
2023-05-09 21:05:57,pg2310,pg2310,4591.0,0.0,0.0,0.0,1,4589.0,4591.0,1,4576.0,4584.0,4592.0,4582.0,57.0,5229560.0,7331
2023-05-09 21:05:58,pg2310,pg2310,4591.0,0.0,0.0,0.0,2,4589.0,4591.0,2,4576.0,4584.0,4592.0,4582.0,57.0,5229560.0,7331
2023-05-09 21:05:58,pg2310,pg2310,4591.0,0.0,0.0,0.0,1,4589.0,4591.0,2,4576.0,4584.0,4592.0,4582.0,57.0,5229560.0,7331
2023-05-09 21:05:59,pg2310,pg2310,4591.0,0.0,0.0,0.0,1,4589.0,4592.0,9,4576.0,4584.0,4592.0,4582.0,57.0,5229560.0,7331
2023-05-09 21:06:00,pg2310,pg2310,4591.0,0.0,0.0,0.0,8,4588.0,4590.0,1,4576.0,4584.0,4592.0,4582.0,57.0,5229560.0,7331
2023-05-09 21:06:00,pg2310,pg2310,4590.0,1.0,91800.0,0.0,1,4590.0,4591.0,2,4576.0,4584.0,4592.0,4582.0,58.0,5321360.0,7331
2023-05-09 21:06:01,pg2310,pg2310,4590.0,0.0,0.0,0.0,1,4590.0,4592.0,7,4576.0,4584.0,4592.0,4582.0,58.0,5321360.0,7331
2023-05-09 21:06:01,pg2310,pg2310,4590.0,0.0,0.0,0.0,8,4589.0,4592.0,7,4576.0,4584.0,4592.0,4582.0,58.0,5321360.0,7331
2023-05-09 21:06:01,pg2310,pg2310,4590.0,0.0,0.0,0.0,9,4589.0,4592.0,6,4576.0,4584.0,4592.0,4582.0,58.0,5321360.0,7331
2023-05-09 21:06:02,pg2310,pg2310,4592.0,6.0,551040.0,5.0,13,4592.0,4593.0,4,4576.0,4584.0,4592.0,4582.0,64.0,5872400.0,7336
2023-05-09 21:06:03,pg2310,pg2310,4592.0,0.0,0.0,0.0,14,4592.0,4593.0,1,4576.0,4584.0,4592.0,4582.0,64.0,5872400.0,7336
2023-05-09 21:06:04,pg2310,pg2310,4592.0,0.0,0.0,0.0,14,4592.0,4594.0,1,4576.0,4584.0,4592.0,4582.0,64.0,5872400.0,7336
2023-05-09 21:06:04,pg2310,pg2310,4592.0,0.0,0.0,0.0,1,4593.0,4594.0,1,4576.0,4584.0,4592.0,4582.0,64.0,5872400.0,7336
2023-05-09 21:06:05,pg2310,pg2310,4592.0,0.0,0.0,0.0,3,4593.0,4595.0,2,4576.0,4584.0,4592.0,4582.0,64.0,5872400.0,7336
2023-05-09 21:06:05,pg2310,pg2310,4592.0,0.0,0.0,0.0,1,4595.0,4596.0,5,4576.0,4584.0,4592.0,4582.0,64.0,5872400.0,7336
2023-05-09 21:06:06,pg2310,pg2310,4595.0,1.0,91900.0,-1.0,2,4594.0,4597.0,6,4576.0,4584.0,4595.0,4582.0,65.0,5964300.0,7335
2023-05-09 21:06:06,pg2310,pg2310,4595.0,0.0,0.0,0.0,1,4594.0,4595.0,1,4576.0,4584.0,4595.0,4582.0,65.0,5964300.0,7335
2023-05-09 21:06:07,pg2310,pg2310,4595.0,0.0,0.0,0.0,7,4593.0,4596.0,3,4576.0,4584.0,4595.0,4582.0,65.0,5964300.0,7335
2023-05-09 21:06:07,pg2310,pg2310,4595.0,0.0,0.0,0.0,7,4593.0,4595.0,1,4576.0,4584.0,4595.0,4582.0,65.0,5964300.0,7335
2023-05-09 21:06:08,pg2310,pg2310,4595.0,0.0,0.0,0.0,2,4593.0,4595.0,3,4576.0,4584.0,4595.0,4582.0,65.0,5964300.0,7335
2023-05-09 21:06:08,pg2310,pg2310,4595.0,0.0,0.0,0.0,1,4593.0,4595.0,2,4576.0,4584.0,4595.0,4582.0,65.0,5964300.0,7335
2023-05-09 21:06:09,pg2310,pg2310,4595.0,0.0,0.0,0.0,18,4592.0,4595.0,2,4576.0,4584.0,4595.0,4582.0,65.0,5964300.0,7335
2023-05-09 21:06:09,pg2310,pg2310,4595.0,0.0,0.0,0.0,18,4592.0,4595.0,3,4576.0,4584.0,4595.0,4582.0,65.0,5964300.0,7335
2023-05-09 21:06:10,pg2310,pg2310,4595.0,0.0,0.0,0.0,15,4592.0,4594.0,2,4576.0,4584.0,4595.0,4582.0,65.0,5964300.0,7335
2023-05-09 21:06:11,pg2310,pg2310,4595.0,0.0,0.0,0.0,14,4592.0,4594.0,4,4576.0,4584.0,4595.0,4582.0,65.0,5964300.0,7335
2023-05-09 21:06:11,pg2310,pg2310,4595.0,0.0,0.0,0.0,14,4592.0,4593.0,1,4576.0,4584.0,4595.0,4582.0,65.0,5964300.0,7335
2023-05-09 21:06:12,pg2310,pg2310,4595.0,0.0,0.0,0.0,13,4592.0,4594.0,4,4576.0,4584.0,4595.0,4582.0,65.0,5964300.0,7335
2023-05-09 21:06:13,pg2310,pg2310,4595.0,0.0,0.0,0.0,14,4592.0,4593.0,1,4576.0,4584.0,4595.0,4582.0,65.0,5964300.0,7335
2023-05-09 21:06:13,pg2310,pg2310,4595.0,0.0,0.0,0.0,13,4592.0,4593.0,1,4576.0,4584.0,4595.0,4582.0,65.0,5964300.0,7335
2023-05-09 21:06:14,pg2310,pg2310,4592.0,1.0,91840.0,1.0,12,4592.0,4593.0,1,4576.0,4584.0,4595.0,4582.0,66.0,6056140.0,7336
2023-05-09 21:06:16,pg2310,pg2310,4593.0,1.0,91860.0,0.0,12,4592.0,4594.0,3,4576.0,4584.0,4595.0,4582.0,67.0,6148000.0,7336
2023-05-09 21:06:16,pg2310,pg2310,4593.0,0.0,0.0,0.0,13,4592.0,4594.0,2,4576.0,4584.0,4595.0,4582.0,67.0,6148000.0,7336
2023-05-09 21:06:17,pg2310,pg2310,4593.0,0.0,0.0,0.0,14,4592.0,4594.0,3,4576.0,4584.0,4595.0,4582.0,67.0,6148000.0,7336
2023-05-09 21:06:17,pg2310,pg2310,4593.0,0.0,0.0,0.0,14,4592.0,4594.0,2,4576.0,4584.0,4595.0,4582.0,67.0,6148000.0,7336
2023-05-09 21:06:18,pg2310,pg2310,4593.0,0.0,0.0,0.0,13,4592.0,4594.0,2,4576.0,4584.0,4595.0,4582.0,67.0,6148000.0,7336
2023-05-09 21:06:18,pg2310,pg2310,4593.0,0.0,0.0,0.0,13,4592.0,4593.0,1,4576.0,4584.0,4595.0,4582.0,67.0,6148000.0,7336
2023-05-09 21:06:19,pg2310,pg2310,4593.0,0.0,0.0,0.0,12,4592.0,4593.0,1,4576.0,4584.0,4595.0,4582.0,67.0,6148000.0,7336
2023-05-09 21:06:23,pg2310,pg2310,4592.0,1.0,91840.0,1.0,11,4592.0,4594.0,3,4576.0,4584.0,4595.0,4582.0,68.0,6239840.0,7337
2023-05-09 21:06:24,pg2310,pg2310,4592.0,0.0,0.0,0.0,12,4592.0,4594.0,3,4576.0,4584.0,4595.0,4582.0,68.0,6239840.0,7337
2023-05-09 21:06:24,pg2310,pg2310,4592.0,0.0,0.0,0.0,13,4592.0,4594.0,1,4576.0,4584.0,4595.0,4582.0,68.0,6239840.0,7337
2023-05-09 21:06:25,pg2310,pg2310,4592.0,0.0,0.0,0.0,14,4592.0,4594.0,1,4576.0,4584.0,4595.0,4582.0,68.0,6239840.0,7337
2023-05-09 21:06:28,pg2310,pg2310,4592.0,0.0,0.0,0.0,14,4592.0,4594.0,2,4576.0,4584.0,4595.0,4582.0,68.0,6239840.0,7337
2023-05-09 21:06:28,pg2310,pg2310,4592.0,0.0,0.0,0.0,13,4592.0,4594.0,1,4576.0,4584.0,4595.0,4582.0,68.0,6239840.0,7337
2023-05-09 21:06:29,pg2310,pg2310,4592.0,0.0,0.0,0.0,12,4592.0,4594.0,1,4576.0,4584.0,4595.0,4582.0,68.0,6239840.0,7337
2023-05-09 21:06:30,pg2310,pg2310,4592.0,0.0,0.0,0.0,13,4592.0,4594.0,1,4576.0,4584.0,4595.0,4582.0,68.0,6239840.0,7337
2023-05-09 21:06:30,pg2310,pg2310,4592.0,0.0,0.0,0.0,14,4592.0,4594.0,1,4576.0,4584.0,4595.0,4582.0,68.0,6239840.0,7337
2023-05-09 21:06:31,pg2310,pg2310,4592.0,0.0,0.0,0.0,13,4592.0,4594.0,2,4576.0,4584.0,4595.0,4582.0,68.0,6239840.0,7337
2023-05-09 21:06:31,pg2310,pg2310,4592.0,0.0,0.0,0.0,13,4592.0,4595.0,7,4576.0,4584.0,4595.0,4582.0,68.0,6239840.0,7337
2023-05-09 21:06:32,pg2310,pg2310,4592.0,0.0,0.0,0.0,15,4592.0,4595.0,6,4576.0,4584.0,4595.0,4582.0,68.0,6239840.0,7337
2023-05-09 21:06:34,pg2310,pg2310,4592.0,0.0,0.0,0.0,16,4592.0,4595.0,2,4576.0,4584.0,4595.0,4582.0,68.0,6239840.0,7337
2023-05-09 21:06:34,pg2310,pg2310,4592.0,0.0,0.0,0.0,16,4592.0,4595.0,4,4576.0,4584.0,4595.0,4582.0,68.0,6239840.0,7337
2023-05-09 21:06:35,pg2310,pg2310,4592.0,0.0,0.0,0.0,16,4592.0,4595.0,2,4576.0,4584.0,4595.0,4582.0,68.0,6239840.0,7337
2023-05-09 21:06:36,pg2310,pg2310,4592.0,0.0,0.0,0.0,16,4592.0,4595.0,3,4576.0,4584.0,4595.0,4582.0,68.0,6239840.0,7337
2023-05-09 21:06:37,pg2310,pg2310,4592.0,0.0,0.0,0.0,16,4592.0,4595.0,1,4576.0,4584.0,4595.0,4582.0,68.0,6239840.0,7337
2023-05-09 21:06:39,pg2310,pg2310,4592.0,0.0,0.0,0.0,1,4593.0,4595.0,1,4576.0,4584.0,4595.0,4582.0,68.0,6239840.0,7337
2023-05-09 21:06:39,pg2310,pg2310,4592.0,0.0,0.0,0.0,2,4593.0,4595.0,3,4576.0,4584.0,4595.0,4582.0,68.0,6239840.0,7337
2023-05-09 21:06:40,pg2310,pg2310,4592.0,0.0,0.0,0.0,3,4593.0,4595.0,3,4576.0,4584.0,4595.0,4582.0,68.0,6239840.0,7337
2023-05-09 21:06:40,pg2310,pg2310,4592.0,0.0,0.0,0.0,2,4593.0,4595.0,2,4576.0,4584.0,4595.0,4582.0,68.0,6239840.0,7337
2023-05-09 21:06:41,pg2310,pg2310,4592.0,0.0,0.0,0.0,2,4593.0,4596.0,10,4576.0,4584.0,4595.0,4582.0,68.0,6239840.0,7337
2023-05-09 21:06:41,pg2310,pg2310,4592.0,0.0,0.0,0.0,3,4593.0,4596.0,10,4576.0,4584.0,4595.0,4582.0,68.0,6239840.0,7337
2023-05-09 21:06:42,pg2310,pg2310,4592.0,0.0,0.0,0.0,4,4593.0,4595.0,1,4576.0,4584.0,4595.0,4582.0,68.0,6239840.0,7337
2023-05-09 21:06:42,pg2310,pg2310,4592.0,0.0,0.0,0.0,3,4593.0,4595.0,1,4576.0,4584.0,4595.0,4582.0,68.0,6239840.0,7337
2023-05-09 21:06:43,pg2310,pg2310,4592.0,0.0,0.0,0.0,2,4593.0,4595.0,1,4576.0,4584.0,4595.0,4582.0,68.0,6239840.0,7337
2023-05-09 21:06:43,pg2310,pg2310,4592.0,0.0,0.0,0.0,3,4593.0,4595.0,1,4576.0,4584.0,4595.0,4582.0,68.0,6239840.0,7337
2023-05-09 21:06:45,pg2310,pg2310,4592.0,0.0,0.0,0.0,2,4594.0,4595.0,1,4576.0,4584.0,4595.0,4582.0,68.0,6239840.0,7337
2023-05-09 21:06:45,pg2310,pg2310,4592.0,0.0,0.0,0.0,3,4594.0,4596.0,7,4576.0,4584.0,4595.0,4582.0,68.0,6239840.0,7337
2023-05-09 21:06:46,pg2310,pg2310,4592.0,0.0,0.0,0.0,2,4594.0,4596.0,2,4576.0,4584.0,4595.0,4582.0,68.0,6239840.0,7337
2023-05-09 21:06:46,pg2310,pg2310,4592.0,0.0,0.0,0.0,3,4594.0,4596.0,1,4576.0,4584.0,4595.0,4582.0,68.0,6239840.0,7337
2023-05-09 21:06:47,pg2310,pg2310,4592.0,0.0,0.0,0.0,2,4594.0,4596.0,1,4576.0,4584.0,4595.0,4582.0,68.0,6239840.0,7337
2023-05-09 21:06:47,pg2310,pg2310,4592.0,0.0,0.0,0.0,3,4594.0,4596.0,1,4576.0,4584.0,4595.0,4582.0,68.0,6239840.0,7337
2023-05-09 21:06:48,pg2310,pg2310,4592.0,0.0,0.0,0.0,1,4595.0,4596.0,1,4576.0,4584.0,4595.0,4582.0,68.0,6239840.0,7337
2023-05-09 21:06:48,pg2310,pg2310,4592.0,0.0,0.0,0.0,1,4595.0,4597.0,7,4576.0,4584.0,4595.0,4582.0,68.0,6239840.0,7337
2023-05-09 21:06:49,pg2310,pg2310,4592.0,0.0,0.0,0.0,1,4595.0,4597.0,8,4576.0,4584.0,4595.0,4582.0,68.0,6239840.0,7337
2023-05-09 21:06:49,pg2310,pg2310,4592.0,0.0,0.0,0.0,2,4595.0,4597.0,8,4576.0,4584.0,4595.0,4582.0,68.0,6239840.0,7337
2023-05-09 21:06:50,pg2310,pg2310,4592.0,0.0,0.0,0.0,7,4594.0,4597.0,9,4576.0,4584.0,4595.0,4582.0,68.0,6239840.0,7337
2023-05-09 21:06:50,pg2310,pg2310,4592.0,0.0,0.0,0.0,6,4594.0,4597.0,10,4576.0,4584.0,4595.0,4582.0,68.0,6239840.0,7337
2023-05-09 21:06:51,pg2310,pg2310,4592.0,0.0,0.0,0.0,5,4594.0,4597.0,9,4576.0,4584.0,4595.0,4582.0,68.0,6239840.0,7337
2023-05-09 21:06:52,pg2310,pg2310,4592.0,0.0,0.0,0.0,2,4594.0,4596.0,1,4576.0,4584.0,4595.0,4582.0,68.0,6239840.0,7337
2023-05-09 21:06:52,pg2310,pg2310,4592.0,0.0,0.0,0.0,2,4594.0,4596.0,2,4576.0,4584.0,4595.0,4582.0,68.0,6239840.0,7337
2023-05-09 21:06:53,pg2310,pg2310,4592.0,0.0,0.0,0.0,1,4594.0,4596.0,1,4576.0,4584.0,4595.0,4582.0,68.0,6239840.0,7337
2023-05-09 21:06:53,pg2310,pg2310,4592.0,0.0,0.0,0.0,3,4594.0,4597.0,9,4576.0,4584.0,4595.0,4582.0,68.0,6239840.0,7337
2023-05-09 21:06:54,pg2310,pg2310,4592.0,0.0,0.0,0.0,1,4594.0,4596.0,1,4576.0,4584.0,4595.0,4582.0,68.0,6239840.0,7337
2023-05-09 21:06:54,pg2310,pg2310,4592.0,0.0,0.0,0.0,7,4593.0,4596.0,2,4576.0,4584.0,4595.0,4582.0,68.0,6239840.0,7337
2023-05-09 21:06:54,pg2310,pg2310,4592.0,0.0,0.0,0.0,8,4593.0,4596.0,3,4576.0,4584.0,4595.0,4582.0,68.0,6239840.0,7337
2023-05-09 21:06:56,pg2310,pg2310,4592.0,0.0,0.0,0.0,7,4593.0,4596.0,4,4576.0,4584.0,4595.0,4582.0,68.0,6239840.0,7337
2023-05-09 21:06:56,pg2310,pg2310,4592.0,0.0,0.0,0.0,8,4593.0,4596.0,4,4576.0,4584.0,4595.0,4582.0,68.0,6239840.0,7337
2023-05-09 21:06:59,pg2310,pg2310,4592.0,0.0,0.0,0.0,7,4593.0,4595.0,1,4576.0,4584.0,4595.0,4582.0,68.0,6239840.0,7337
2023-05-09 21:06:59,pg2310,pg2310,4592.0,0.0,0.0,0.0,5,4593.0,4595.0,2,4576.0,4584.0,4595.0,4582.0,68.0,6239840.0,7337
2023-05-09 21:07:00,pg2310,pg2310,4592.0,0.0,0.0,0.0,4,4593.0,4595.0,3,4576.0,4584.0,4595.0,4582.0,68.0,6239840.0,7337
2023-05-09 21:07:00,pg2310,pg2310,4592.0,0.0,0.0,0.0,16,4592.0,4595.0,1,4576.0,4584.0,4595.0,4582.0,68.0,6239840.0,7337
2023-05-09 21:07:01,pg2310,pg2310,4592.0,0.0,0.0,0.0,16,4592.0,4595.0,3,4576.0,4584.0,4595.0,4582.0,68.0,6239840.0,7337
2023-05-09 21:07:01,pg2310,pg2310,4592.0,0.0,0.0,0.0,16,4592.0,4595.0,4,4576.0,4584.0,4595.0,4582.0,68.0,6239840.0,7337
2023-05-09 21:07:02,pg2310,pg2310,4592.0,0.0,0.0,0.0,16,4592.0,4595.0,2,4576.0,4584.0,4595.0,4582.0,68.0,6239840.0,7337
2023-05-09 21:07:02,pg2310,pg2310,4592.0,0.0,0.0,0.0,16,4592.0,4595.0,1,4576.0,4584.0,4595.0,4582.0,68.0,6239840.0,7337
2023-05-09 21:07:03,pg2310,pg2310,4592.0,0.0,0.0,0.0,2,4593.0,4595.0,1,4576.0,4584.0,4595.0,4582.0,68.0,6239840.0,7337
2023-05-09 21:07:03,pg2310,pg2310,4592.0,0.0,0.0,0.0,4,4593.0,4595.0,1,4576.0,4584.0,4595.0,4582.0,68.0,6239840.0,7337
2023-05-09 21:07:04,pg2310,pg2310,4592.0,0.0,0.0,0.0,6,4593.0,4595.0,1,4576.0,4584.0,4595.0,4582.0,68.0,6239840.0,7337
2023-05-09 21:07:04,pg2310,pg2310,4592.0,0.0,0.0,0.0,7,4593.0,4595.0,1,4576.0,4584.0,4595.0,4582.0,68.0,6239840.0,7337
2023-05-09 21:07:05,pg2310,pg2310,4592.0,0.0,0.0,0.0,1,4594.0,4596.0,8,4576.0,4584.0,4595.0,4582.0,68.0,6239840.0,7337
2023-05-09 21:07:05,pg2310,pg2310,4592.0,0.0,0.0,0.0,1,4594.0,4595.0,1,4576.0,4584.0,4595.0,4582.0,68.0,6239840.0,7337
2023-05-09 21:07:06,pg2310,pg2310,4592.0,0.0,0.0,0.0,1,4594.0,4596.0,2,4576.0,4584.0,4595.0,4582.0,68.0,6239840.0,7337
2023-05-09 21:07:07,pg2310,pg2310,4592.0,0.0,0.0,0.0,2,4594.0,4596.0,1,4576.0,4584.0,4595.0,4582.0,68.0,6239840.0,7337
2023-05-09 21:07:07,pg2310,pg2310,4592.0,0.0,0.0,0.0,4,4594.0,4596.0,1,4576.0,4584.0,4595.0,4582.0,68.0,6239840.0,7337
2023-05-09 21:07:08,pg2310,pg2310,4592.0,0.0,0.0,0.0,3,4594.0,4596.0,1,4576.0,4584.0,4595.0,4582.0,68.0,6239840.0,7337
2023-05-09 21:07:09,pg2310,pg2310,4592.0,0.0,0.0,0.0,5,4594.0,4597.0,7,4576.0,4584.0,4595.0,4582.0,68.0,6239840.0,7337
2023-05-09 21:07:09,pg2310,pg2310,4592.0,0.0,0.0,0.0,6,4594.0,4596.0,1,4576.0,4584.0,4595.0,4582.0,68.0,6239840.0,7337
2023-05-09 21:07:10,pg2310,pg2310,4592.0,0.0,0.0,0.0,5,4594.0,4596.0,2,4576.0,4584.0,4595.0,4582.0,68.0,6239840.0,7337
2023-05-09 21:07:10,pg2310,pg2310,4592.0,0.0,0.0,0.0,1,4594.0,4596.0,6,4576.0,4584.0,4595.0,4582.0,68.0,6239840.0,7337
2023-05-09 21:07:11,pg2310,pg2310,4592.0,0.0,0.0,0.0,1,4594.0,4596.0,9,4576.0,4584.0,4595.0,4582.0,68.0,6239840.0,7337
2023-05-09 21:07:11,pg2310,pg2310,4592.0,0.0,0.0,0.0,1,4594.0,4596.0,10,4576.0,4584.0,4595.0,4582.0,68.0,6239840.0,7337
2023-05-09 21:07:12,pg2310,pg2310,4592.0,0.0,0.0,0.0,3,4593.0,4595.0,3,4576.0,4584.0,4595.0,4582.0,68.0,6239840.0,7337
2023-05-09 21:07:13,pg2310,pg2310,4592.0,0.0,0.0,0.0,2,4593.0,4595.0,4,4576.0,4584.0,4595.0,4582.0,68.0,6239840.0,7337
2023-05-09 21:07:13,pg2310,pg2310,4592.0,0.0,0.0,0.0,1,4593.0,4595.0,9,4576.0,4584.0,4595.0,4582.0,68.0,6239840.0,7337
2023-05-09 21:07:14,pg2310,pg2310,4592.0,0.0,0.0,0.0,1,4593.0,4595.0,10,4576.0,4584.0,4595.0,4582.0,68.0,6239840.0,7337
2023-05-09 21:07:17,pg2310,pg2310,4592.0,0.0,0.0,0.0,13,4592.0,4594.0,2,4576.0,4584.0,4595.0,4582.0,68.0,6239840.0,7337
2023-05-09 21:07:17,pg2310,pg2310,4592.0,0.0,0.0,0.0,13,4592.0,4594.0,4,4576.0,4584.0,4595.0,4582.0,68.0,6239840.0,7337
2023-05-09 21:07:18,pg2310,pg2310,4592.0,0.0,0.0,0.0,12,4592.0,4594.0,5,4576.0,4584.0,4595.0,4582.0,68.0,6239840.0,7337
2023-05-09 21:07:18,pg2310,pg2310,4592.0,0.0,0.0,0.0,11,4592.0,4594.0,5,4576.0,4584.0,4595.0,4582.0,68.0,6239840.0,7337
2023-05-09 21:07:19,pg2310,pg2310,4592.0,0.0,0.0,0.0,11,4592.0,4594.0,6,4576.0,4584.0,4595.0,4582.0,68.0,6239840.0,7337
2023-05-09 21:07:19,pg2310,pg2310,4592.0,0.0,0.0,0.0,11,4592.0,4594.0,7,4576.0,4584.0,4595.0,4582.0,68.0,6239840.0,7337
2023-05-09 21:07:20,pg2310,pg2310,4592.0,0.0,0.0,0.0,12,4592.0,4594.0,7,4576.0,4584.0,4595.0,4582.0,68.0,6239840.0,7337
2023-05-09 21:07:21,pg2310,pg2310,4592.0,0.0,0.0,0.0,12,4592.0,4594.0,5,4576.0,4584.0,4595.0,4582.0,68.0,6239840.0,7337
2023-05-09 21:07:21,pg2310,pg2310,4592.0,0.0,0.0,0.0,11,4592.0,4594.0,2,4576.0,4584.0,4595.0,4582.0,68.0,6239840.0,7337
2023-05-09 21:07:22,pg2310,pg2310,4592.0,0.0,0.0,0.0,12,4592.0,4594.0,4,4576.0,4584.0,4595.0,4582.0,68.0,6239840.0,7337
2023-05-09 21:07:23,pg2310,pg2310,4592.0,0.0,0.0,0.0,14,4592.0,4594.0,4,4576.0,4584.0,4595.0,4582.0,68.0,6239840.0,7337
2023-05-09 21:07:23,pg2310,pg2310,4592.0,0.0,0.0,0.0,14,4592.0,4594.0,5,4576.0,4584.0,4595.0,4582.0,68.0,6239840.0,7337
2023-05-09 21:07:24,pg2310,pg2310,4592.0,0.0,0.0,0.0,14,4592.0,4594.0,4,4576.0,4584.0,4595.0,4582.0,68.0,6239840.0,7337
2023-05-09 21:07:24,pg2310,pg2310,4592.0,0.0,0.0,0.0,15,4592.0,4594.0,1,4576.0,4584.0,4595.0,4582.0,68.0,6239840.0,7337
2023-05-09 21:07:25,pg2310,pg2310,4592.0,0.0,0.0,0.0,14,4592.0,4594.0,1,4576.0,4584.0,4595.0,4582.0,68.0,6239840.0,7337
2023-05-09 21:07:26,pg2310,pg2310,4592.0,0.0,0.0,0.0,14,4592.0,4593.0,1,4576.0,4584.0,4595.0,4582.0,68.0,6239840.0,7337
2023-05-09 21:07:27,pg2310,pg2310,4592.0,0.0,0.0,0.0,13,4592.0,4593.0,1,4576.0,4584.0,4595.0,4582.0,68.0,6239840.0,7337
2023-05-09 21:07:27,pg2310,pg2310,4592.0,0.0,0.0,0.0,13,4592.0,4594.0,4,4576.0,4584.0,4595.0,4582.0,68.0,6239840.0,7337
2023-05-09 21:07:27,pg2310,pg2310,4592.0,0.0,0.0,0.0,14,4592.0,4594.0,4,4576.0,4584.0,4595.0,4582.0,68.0,6239840.0,7337
2023-05-09 21:07:28,pg2310,pg2310,4592.0,0.0,0.0,0.0,15,4592.0,4594.0,3,4576.0,4584.0,4595.0,4582.0,68.0,6239840.0,7337
2023-05-09 21:07:29,pg2310,pg2310,4592.0,0.0,0.0,0.0,1,4593.0,4594.0,3,4576.0,4584.0,4595.0,4582.0,68.0,6239840.0,7337
2023-05-09 21:07:30,pg2310,pg2310,4592.0,0.0,0.0,0.0,1,4593.0,4595.0,7,4576.0,4584.0,4595.0,4582.0,68.0,6239840.0,7337
2023-05-09 21:07:30,pg2310,pg2310,4592.0,0.0,0.0,0.0,1,4593.0,4595.0,9,4576.0,4584.0,4595.0,4582.0,68.0,6239840.0,7337
2023-05-09 21:07:31,pg2310,pg2310,4592.0,0.0,0.0,0.0,3,4593.0,4595.0,9,4576.0,4584.0,4595.0,4582.0,68.0,6239840.0,7337
2023-05-09 21:07:31,pg2310,pg2310,4592.0,0.0,0.0,0.0,3,4593.0,4595.0,8,4576.0,4584.0,4595.0,4582.0,68.0,6239840.0,7337
2023-05-09 21:07:32,pg2310,pg2310,4592.0,0.0,0.0,0.0,1,4593.0,4595.0,7,4576.0,4584.0,4595.0,4582.0,68.0,6239840.0,7337
2023-05-09 21:07:32,pg2310,pg2310,4592.0,0.0,0.0,0.0,1,4593.0,4595.0,9,4576.0,4584.0,4595.0,4582.0,68.0,6239840.0,7337
2023-05-09 21:07:34,pg2310,pg2310,4592.0,0.0,0.0,0.0,15,4592.0,4595.0,9,4576.0,4584.0,4595.0,4582.0,68.0,6239840.0,7337
2023-05-09 21:07:35,pg2310,pg2310,4592.0,0.0,0.0,0.0,16,4592.0,4595.0,8,4576.0,4584.0,4595.0,4582.0,68.0,6239840.0,7337
2023-05-09 21:07:35,pg2310,pg2310,4592.0,0.0,0.0,0.0,2,4593.0,4595.0,6,4576.0,4584.0,4595.0,4582.0,68.0,6239840.0,7337
2023-05-09 21:07:36,pg2310,pg2310,4592.0,0.0,0.0,0.0,3,4593.0,4595.0,7,4576.0,4584.0,4595.0,4582.0,68.0,6239840.0,7337
2023-05-09 21:07:37,pg2310,pg2310,4592.0,0.0,0.0,0.0,3,4593.0,4595.0,8,4576.0,4584.0,4595.0,4582.0,68.0,6239840.0,7337
2023-05-09 21:07:38,pg2310,pg2310,4592.0,0.0,0.0,0.0,2,4593.0,4595.0,7,4576.0,4584.0,4595.0,4582.0,68.0,6239840.0,7337
2023-05-09 21:07:39,pg2310,pg2310,4592.0,0.0,0.0,0.0,2,4593.0,4595.0,9,4576.0,4584.0,4595.0,4582.0,68.0,6239840.0,7337
2023-05-09 21:07:40,pg2310,pg2310,4592.0,0.0,0.0,0.0,3,4593.0,4595.0,9,4576.0,4584.0,4595.0,4582.0,68.0,6239840.0,7337
2023-05-09 21:07:41,pg2310,pg2310,4592.0,0.0,0.0,0.0,3,4593.0,4595.0,8,4576.0,4584.0,4595.0,4582.0,68.0,6239840.0,7337
2023-05-09 21:07:46,pg2310,pg2310,4592.0,0.0,0.0,0.0,4,4593.0,4595.0,4,4576.0,4584.0,4595.0,4582.0,68.0,6239840.0,7337
2023-05-09 21:07:46,pg2310,pg2310,4592.0,0.0,0.0,0.0,3,4593.0,4595.0,5,4576.0,4584.0,4595.0,4582.0,68.0,6239840.0,7337
2023-05-09 21:07:47,pg2310,pg2310,4592.0,0.0,0.0,0.0,3,4593.0,4595.0,8,4576.0,4584.0,4595.0,4582.0,68.0,6239840.0,7337
2023-05-09 21:07:51,pg2310,pg2310,4592.0,0.0,0.0,0.0,1,4594.0,4595.0,6,4576.0,4584.0,4595.0,4582.0,68.0,6239840.0,7337
2023-05-09 21:07:53,pg2310,pg2310,4592.0,0.0,0.0,0.0,3,4594.0,4595.0,1,4576.0,4584.0,4595.0,4582.0,68.0,6239840.0,7337
2023-05-09 21:07:53,pg2310,pg2310,4592.0,0.0,0.0,0.0,1,4594.0,4596.0,4,4576.0,4584.0,4595.0,4582.0,68.0,6239840.0,7337
2023-05-09 21:07:54,pg2310,pg2310,4592.0,0.0,0.0,0.0,2,4594.0,4596.0,4,4576.0,4584.0,4595.0,4582.0,68.0,6239840.0,7337
2023-05-09 21:07:54,pg2310,pg2310,4592.0,0.0,0.0,0.0,3,4594.0,4596.0,3,4576.0,4584.0,4595.0,4582.0,68.0,6239840.0,7337
2023-05-09 21:07:56,pg2310,pg2310,4592.0,0.0,0.0,0.0,3,4594.0,4596.0,2,4576.0,4584.0,4595.0,4582.0,68.0,6239840.0,7337
2023-05-09 21:07:57,pg2310,pg2310,4592.0,0.0,0.0,0.0,4,4594.0,4596.0,1,4576.0,4584.0,4595.0,4582.0,68.0,6239840.0,7337
2023-05-09 21:07:57,pg2310,pg2310,4592.0,0.0,0.0,0.0,4,4594.0,4596.0,4,4576.0,4584.0,4595.0,4582.0,68.0,6239840.0,7337
2023-05-09 21:07:58,pg2310,pg2310,4592.0,0.0,0.0,0.0,3,4594.0,4596.0,5,4576.0,4584.0,4595.0,4582.0,68.0,6239840.0,7337
2023-05-09 21:07:59,pg2310,pg2310,4592.0,0.0,0.0,0.0,3,4594.0,4596.0,8,4576.0,4584.0,4595.0,4582.0,68.0,6239840.0,7337
2023-05-09 21:07:59,pg2310,pg2310,4592.0,0.0,0.0,0.0,2,4594.0,4596.0,8,4576.0,4584.0,4595.0,4582.0,68.0,6239840.0,7337
2023-05-09 21:08:00,pg2310,pg2310,4592.0,0.0,0.0,0.0,4,4594.0,4596.0,8,4576.0,4584.0,4595.0,4582.0,68.0,6239840.0,7337
2023-05-09 21:08:00,pg2310,pg2310,4592.0,0.0,0.0,0.0,1,4595.0,4596.0,7,4576.0,4584.0,4595.0,4582.0,68.0,6239840.0,7337
2023-05-09 21:08:02,pg2310,pg2310,4592.0,0.0,0.0,0.0,1,4595.0,4596.0,6,4576.0,4584.0,4595.0,4582.0,68.0,6239840.0,7337
2023-05-09 21:08:05,pg2310,pg2310,4592.0,0.0,0.0,0.0,3,4594.0,4596.0,7,4576.0,4584.0,4595.0,4582.0,68.0,6239840.0,7337
2023-05-09 21:08:06,pg2310,pg2310,4592.0,0.0,0.0,0.0,2,4594.0,4596.0,7,4576.0,4584.0,4595.0,4582.0,68.0,6239840.0,7337
2023-05-09 21:08:07,pg2310,pg2310,4592.0,0.0,0.0,0.0,1,4594.0,4596.0,9,4576.0,4584.0,4595.0,4582.0,68.0,6239840.0,7337
2023-05-09 21:08:07,pg2310,pg2310,4592.0,0.0,0.0,0.0,3,4594.0,4596.0,9,4576.0,4584.0,4595.0,4582.0,68.0,6239840.0,7337
2023-05-09 21:08:08,pg2310,pg2310,4592.0,0.0,0.0,0.0,3,4594.0,4596.0,7,4576.0,4584.0,4595.0,4582.0,68.0,6239840.0,7337
2023-05-09 21:08:08,pg2310,pg2310,4592.0,0.0,0.0,0.0,1,4595.0,4596.0,4,4576.0,4584.0,4595.0,4582.0,68.0,6239840.0,7337
2023-05-09 21:08:09,pg2310,pg2310,4596.0,1.0,91920.0,-1.0,4,4594.0,4597.0,8,4576.0,4584.0,4596.0,4582.0,69.0,6331760.0,7336
2023-05-09 21:08:09,pg2310,pg2310,4596.0,0.0,0.0,0.0,4,4594.0,4597.0,7,4576.0,4584.0,4596.0,4582.0,69.0,6331760.0,7336
2023-05-09 21:08:10,pg2310,pg2310,4596.0,0.0,0.0,0.0,3,4594.0,4596.0,2,4576.0,4584.0,4596.0,4582.0,69.0,6331760.0,7336
2023-05-09 21:08:10,pg2310,pg2310,4596.0,0.0,0.0,0.0,2,4594.0,4596.0,4,4576.0,4584.0,4596.0,4582.0,69.0,6331760.0,7336
2023-05-09 21:08:11,pg2310,pg2310,4596.0,0.0,0.0,0.0,1,4594.0,4596.0,6,4576.0,4584.0,4596.0,4582.0,69.0,6331760.0,7336
2023-05-09 21:08:11,pg2310,pg2310,4596.0,0.0,0.0,0.0,1,4594.0,4595.0,2,4576.0,4584.0,4596.0,4582.0,69.0,6331760.0,7336
2023-05-09 21:08:12,pg2310,pg2310,4596.0,0.0,0.0,0.0,7,4593.0,4595.0,2,4576.0,4584.0,4596.0,4582.0,69.0,6331760.0,7336
2023-05-09 21:08:12,pg2310,pg2310,4596.0,0.0,0.0,0.0,7,4593.0,4595.0,3,4576.0,4584.0,4596.0,4582.0,69.0,6331760.0,7336
2023-05-09 21:08:12,pg2310,pg2310,4596.0,0.0,0.0,0.0,6,4593.0,4595.0,4,4576.0,4584.0,4596.0,4582.0,69.0,6331760.0,7336
2023-05-09 21:08:13,pg2310,pg2310,4596.0,0.0,0.0,0.0,5,4593.0,4595.0,4,4576.0,4584.0,4596.0,4582.0,69.0,6331760.0,7336
2023-05-09 21:08:14,pg2310,pg2310,4596.0,0.0,0.0,0.0,3,4593.0,4595.0,2,4576.0,4584.0,4596.0,4582.0,69.0,6331760.0,7336
2023-05-09 21:08:14,pg2310,pg2310,4596.0,0.0,0.0,0.0,3,4593.0,4596.0,10,4576.0,4584.0,4596.0,4582.0,69.0,6331760.0,7336
2023-05-09 21:08:16,pg2310,pg2310,4596.0,0.0,0.0,0.0,2,4593.0,4595.0,1,4576.0,4584.0,4596.0,4582.0,69.0,6331760.0,7336
2023-05-09 21:08:17,pg2310,pg2310,4596.0,0.0,0.0,0.0,15,4592.0,4595.0,3,4576.0,4584.0,4596.0,4582.0,69.0,6331760.0,7336
2023-05-09 21:08:18,pg2310,pg2310,4596.0,0.0,0.0,0.0,15,4592.0,4595.0,4,4576.0,4584.0,4596.0,4582.0,69.0,6331760.0,7336
2023-05-09 21:08:18,pg2310,pg2310,4596.0,0.0,0.0,0.0,1,4593.0,4595.0,4,4576.0,4584.0,4596.0,4582.0,69.0,6331760.0,7336
2023-05-09 21:08:19,pg2310,pg2310,4596.0,0.0,0.0,0.0,2,4593.0,4595.0,4,4576.0,4584.0,4596.0,4582.0,69.0,6331760.0,7336
2023-05-09 21:08:19,pg2310,pg2310,4596.0,0.0,0.0,0.0,2,4593.0,4595.0,3,4576.0,4584.0,4596.0,4582.0,69.0,6331760.0,7336
2023-05-09 21:08:20,pg2310,pg2310,4596.0,0.0,0.0,0.0,1,4593.0,4595.0,3,4576.0,4584.0,4596.0,4582.0,69.0,6331760.0,7336
2023-05-09 21:08:21,pg2310,pg2310,4596.0,0.0,0.0,0.0,15,4592.0,4595.0,4,4576.0,4584.0,4596.0,4582.0,69.0,6331760.0,7336
2023-05-09 21:08:21,pg2310,pg2310,4596.0,0.0,0.0,0.0,1,4593.0,4595.0,2,4576.0,4584.0,4596.0,4582.0,69.0,6331760.0,7336
2023-05-09 21:08:22,pg2310,pg2310,4596.0,0.0,0.0,0.0,2,4593.0,4595.0,1,4576.0,4584.0,4596.0,4582.0,69.0,6331760.0,7336
2023-05-09 21:08:23,pg2310,pg2310,4596.0,0.0,0.0,0.0,1,4593.0,4595.0,1,4576.0,4584.0,4596.0,4582.0,69.0,6331760.0,7336
2023-05-09 21:08:24,pg2310,pg2310,4596.0,0.0,0.0,0.0,2,4593.0,4595.0,1,4576.0,4584.0,4596.0,4582.0,69.0,6331760.0,7336
2023-05-09 21:08:24,pg2310,pg2310,4596.0,0.0,0.0,0.0,1,4593.0,4595.0,4,4576.0,4584.0,4596.0,4582.0,69.0,6331760.0,7336
2023-05-09 21:08:25,pg2310,pg2310,4596.0,0.0,0.0,0.0,1,4593.0,4594.0,1,4576.0,4584.0,4596.0,4582.0,69.0,6331760.0,7336
2023-05-09 21:08:25,pg2310,pg2310,4596.0,0.0,0.0,0.0,15,4592.0,4594.0,2,4576.0,4584.0,4596.0,4582.0,69.0,6331760.0,7336
2023-05-09 21:08:25,pg2310,pg2310,4596.0,0.0,0.0,0.0,14,4592.0,4594.0,1,4576.0,4584.0,4596.0,4582.0,69.0,6331760.0,7336
2023-05-09 21:08:28,pg2310,pg2310,4596.0,0.0,0.0,0.0,14,4592.0,4595.0,8,4576.0,4584.0,4596.0,4582.0,69.0,6331760.0,7336
2023-05-09 21:08:28,pg2310,pg2310,4596.0,0.0,0.0,0.0,15,4592.0,4595.0,8,4576.0,4584.0,4596.0,4582.0,69.0,6331760.0,7336
2023-05-09 21:08:30,pg2310,pg2310,4595.0,4.0,367600.0,3.0,2,4595.0,4596.0,4,4576.0,4584.0,4596.0,4582.0,73.0,6699360.0,7339
2023-05-09 21:08:30,pg2310,pg2310,4597.0,6.0,551560.0,-1.0,3,4597.0,4598.0,3,4576.0,4584.0,4597.0,4582.0,79.0,7250920.0,7338
2023-05-09 21:08:31,pg2310,pg2310,4597.0,1.0,91940.0,0.0,5,4597.0,4599.0,4,4576.0,4584.0,4597.0,4582.0,80.0,7342860.0,7338
2023-05-09 21:08:31,pg2310,pg2310,4597.0,0.0,0.0,0.0,5,4597.0,4598.0,2,4576.0,4584.0,4597.0,4582.0,80.0,7342860.0,7338
2023-05-09 21:08:32,pg2310,pg2310,4597.0,0.0,0.0,0.0,5,4597.0,4598.0,3,4576.0,4584.0,4597.0,4582.0,80.0,7342860.0,7338
2023-05-09 21:08:34,pg2310,pg2310,4597.0,0.0,0.0,0.0,4,4597.0,4598.0,3,4576.0,4584.0,4597.0,4582.0,80.0,7342860.0,7338
2023-05-09 21:08:35,pg2310,pg2310,4597.0,0.0,0.0,0.0,5,4597.0,4598.0,3,4576.0,4584.0,4597.0,4582.0,80.0,7342860.0,7338
2023-05-09 21:08:35,pg2310,pg2310,4597.0,0.0,0.0,0.0,8,4597.0,4598.0,2,4576.0,4584.0,4597.0,4582.0,80.0,7342860.0,7338
2023-05-09 21:08:36,pg2310,pg2310,4598.0,2.0,183920.0,1.0,7,4597.0,4599.0,1,4576.0,4584.0,4598.0,4582.0,82.0,7526780.0,7339
2023-05-09 21:08:36,pg2310,pg2310,4598.0,0.0,0.0,0.0,9,4597.0,4600.0,57,4576.0,4584.0,4598.0,4582.0,82.0,7526780.0,7339
2023-05-09 21:08:37,pg2310,pg2310,4598.0,0.0,0.0,0.0,7,4597.0,4600.0,57,4576.0,4584.0,4598.0,4582.0,82.0,7526780.0,7339
2023-05-09 21:08:38,pg2310,pg2310,4598.0,0.0,0.0,0.0,7,4597.0,4599.0,1,4576.0,4584.0,4598.0,4582.0,82.0,7526780.0,7339
2023-05-09 21:08:38,pg2310,pg2310,4598.0,0.0,0.0,0.0,8,4597.0,4600.0,57,4576.0,4584.0,4598.0,4582.0,82.0,7526780.0,7339
2023-05-09 21:08:39,pg2310,pg2310,4598.0,0.0,0.0,0.0,1,4598.0,4600.0,55,4576.0,4584.0,4598.0,4582.0,82.0,7526780.0,7339
2023-05-09 21:08:39,pg2310,pg2310,4598.0,0.0,0.0,0.0,2,4598.0,4600.0,55,4576.0,4584.0,4598.0,4582.0,82.0,7526780.0,7339
2023-05-09 21:08:42,pg2310,pg2310,4598.0,2.0,183920.0,-2.0,7,4597.0,4600.0,55,4576.0,4584.0,4598.0,4582.0,84.0,7710700.0,7337
2023-05-09 21:08:42,pg2310,pg2310,4598.0,0.0,0.0,0.0,8,4597.0,4600.0,57,4576.0,4584.0,4598.0,4582.0,84.0,7710700.0,7337
2023-05-09 21:08:43,pg2310,pg2310,4598.0,0.0,0.0,0.0,7,4597.0,4600.0,58,4576.0,4584.0,4598.0,4582.0,84.0,7710700.0,7337
2023-05-09 21:08:43,pg2310,pg2310,4598.0,0.0,0.0,0.0,7,4597.0,4600.0,59,4576.0,4584.0,4598.0,4582.0,84.0,7710700.0,7337
2023-05-09 21:08:44,pg2310,pg2310,4598.0,0.0,0.0,0.0,8,4597.0,4600.0,57,4576.0,4584.0,4598.0,4582.0,84.0,7710700.0,7337
2023-05-09 21:08:44,pg2310,pg2310,4598.0,0.0,0.0,0.0,4,4597.0,4599.0,2,4576.0,4584.0,4598.0,4582.0,84.0,7710700.0,7337
2023-05-09 21:08:45,pg2310,pg2310,4598.0,0.0,0.0,0.0,3,4597.0,4598.0,1,4576.0,4584.0,4598.0,4582.0,84.0,7710700.0,7337
2023-05-09 21:08:45,pg2310,pg2310,4597.0,3.0,275820.0,2.0,9,4596.0,4597.0,1,4576.0,4584.0,4598.0,4582.0,87.0,7986520.0,7339
2023-05-09 21:08:46,pg2310,pg2310,4597.0,0.0,0.0,0.0,6,4596.0,4597.0,1,4576.0,4584.0,4598.0,4582.0,87.0,7986520.0,7339
2023-05-09 21:08:46,pg2310,pg2310,4597.0,0.0,0.0,0.0,5,4596.0,4597.0,1,4576.0,4584.0,4598.0,4582.0,87.0,7986520.0,7339
2023-05-09 21:08:47,pg2310,pg2310,4597.0,0.0,0.0,0.0,4,4596.0,4597.0,1,4576.0,4584.0,4598.0,4582.0,87.0,7986520.0,7339
2023-05-09 21:08:48,pg2310,pg2310,4599.0,6.0,551820.0,0.0,4,4596.0,4599.0,2,4576.0,4584.0,4599.0,4582.0,93.0,8538340.0,7339
2023-05-09 21:08:49,pg2310,pg2310,4599.0,0.0,0.0,0.0,3,4597.0,4599.0,3,4576.0,4584.0,4599.0,4582.0,93.0,8538340.0,7339
2023-05-09 21:08:49,pg2310,pg2310,4599.0,0.0,0.0,0.0,2,4597.0,4599.0,3,4576.0,4584.0,4599.0,4582.0,93.0,8538340.0,7339
2023-05-09 21:08:49,pg2310,pg2310,4599.0,0.0,0.0,0.0,1,4597.0,4599.0,3,4576.0,4584.0,4599.0,4582.0,93.0,8538340.0,7339
2023-05-09 21:08:50,pg2310,pg2310,4599.0,0.0,0.0,0.0,1,4597.0,4599.0,4,4576.0,4584.0,4599.0,4582.0,93.0,8538340.0,7339
2023-05-09 21:08:51,pg2310,pg2310,4599.0,0.0,0.0,0.0,1,4597.0,4599.0,5,4576.0,4584.0,4599.0,4582.0,93.0,8538340.0,7339
2023-05-09 21:08:54,pg2310,pg2310,4599.0,0.0,0.0,0.0,1,4597.0,4598.0,1,4576.0,4584.0,4599.0,4582.0,93.0,8538340.0,7339
2023-05-09 21:08:55,pg2310,pg2310,4597.0,1.0,91940.0,-1.0,8,4596.0,4598.0,3,4576.0,4584.0,4599.0,4582.0,94.0,8630280.0,7338
2023-05-09 21:08:55,pg2310,pg2310,4597.0,0.0,0.0,0.0,7,4596.0,4598.0,2,4576.0,4584.0,4599.0,4582.0,94.0,8630280.0,7338
2023-05-09 21:08:56,pg2310,pg2310,4597.0,0.0,0.0,0.0,8,4596.0,4598.0,2,4576.0,4584.0,4599.0,4582.0,94.0,8630280.0,7338
2023-05-09 21:08:56,pg2310,pg2310,4597.0,0.0,0.0,0.0,8,4596.0,4598.0,3,4576.0,4584.0,4599.0,4582.0,94.0,8630280.0,7338
2023-05-09 21:08:56,pg2310,pg2310,4597.0,0.0,0.0,0.0,7,4596.0,4598.0,3,4576.0,4584.0,4599.0,4582.0,94.0,8630280.0,7338
2023-05-09 21:08:58,pg2310,pg2310,4597.0,0.0,0.0,0.0,7,4596.0,4598.0,2,4576.0,4584.0,4599.0,4582.0,94.0,8630280.0,7338
2023-05-09 21:08:59,pg2310,pg2310,4597.0,0.0,0.0,0.0,8,4596.0,4598.0,1,4576.0,4584.0,4599.0,4582.0,94.0,8630280.0,7338
2023-05-09 21:08:59,pg2310,pg2310,4597.0,0.0,0.0,0.0,9,4596.0,4599.0,9,4576.0,4584.0,4599.0,4582.0,94.0,8630280.0,7338
2023-05-09 21:09:00,pg2310,pg2310,4597.0,0.0,0.0,0.0,8,4596.0,4598.0,1,4576.0,4584.0,4599.0,4582.0,94.0,8630280.0,7338
2023-05-09 21:09:02,pg2310,pg2310,4597.0,0.0,0.0,0.0,8,4596.0,4598.0,2,4576.0,4584.0,4599.0,4582.0,94.0,8630280.0,7338
2023-05-09 21:09:02,pg2310,pg2310,4597.0,0.0,0.0,0.0,8,4596.0,4598.0,3,4576.0,4584.0,4599.0,4582.0,94.0,8630280.0,7338
2023-05-09 21:09:03,pg2310,pg2310,4597.0,0.0,0.0,0.0,7,4596.0,4598.0,1,4576.0,4584.0,4599.0,4582.0,94.0,8630280.0,7338
2023-05-09 21:09:03,pg2310,pg2310,4597.0,0.0,0.0,0.0,8,4596.0,4598.0,1,4576.0,4584.0,4599.0,4582.0,94.0,8630280.0,7338
2023-05-09 21:09:05,pg2310,pg2310,4597.0,0.0,0.0,0.0,8,4596.0,4598.0,2,4576.0,4584.0,4599.0,4582.0,94.0,8630280.0,7338
2023-05-09 21:09:05,pg2310,pg2310,4597.0,0.0,0.0,0.0,8,4596.0,4598.0,3,4576.0,4584.0,4599.0,4582.0,94.0,8630280.0,7338
2023-05-09 21:09:06,pg2310,pg2310,4597.0,0.0,0.0,0.0,6,4596.0,4597.0,1,4576.0,4584.0,4599.0,4582.0,94.0,8630280.0,7338
2023-05-09 21:09:06,pg2310,pg2310,4597.0,0.0,0.0,0.0,6,4596.0,4597.0,2,4576.0,4584.0,4599.0,4582.0,94.0,8630280.0,7338
2023-05-09 21:09:07,pg2310,pg2310,4597.0,0.0,0.0,0.0,6,4596.0,4597.0,1,4576.0,4584.0,4599.0,4582.0,94.0,8630280.0,7338
2023-05-09 21:09:09,pg2310,pg2310,4597.0,0.0,0.0,0.0,7,4596.0,4597.0,1,4576.0,4584.0,4599.0,4582.0,94.0,8630280.0,7338
2023-05-09 21:09:09,pg2310,pg2310,4597.0,0.0,0.0,0.0,6,4596.0,4597.0,1,4576.0,4584.0,4599.0,4582.0,94.0,8630280.0,7338
2023-05-09 21:09:11,pg2310,pg2310,4596.0,1.0,91920.0,0.0,5,4596.0,4598.0,5,4576.0,4584.0,4599.0,4582.0,95.0,8722200.0,7338
2023-05-09 21:09:11,pg2310,pg2310,4596.0,0.0,0.0,0.0,3,4596.0,4598.0,4,4576.0,4584.0,4599.0,4582.0,95.0,8722200.0,7338
2023-05-09 21:09:12,pg2310,pg2310,4596.0,0.0,0.0,0.0,3,4596.0,4598.0,2,4576.0,4584.0,4599.0,4582.0,95.0,8722200.0,7338
2023-05-09 21:09:12,pg2310,pg2310,4596.0,0.0,0.0,0.0,3,4596.0,4598.0,1,4576.0,4584.0,4599.0,4582.0,95.0,8722200.0,7338
2023-05-09 21:09:13,pg2310,pg2310,4596.0,0.0,0.0,0.0,4,4596.0,4598.0,1,4576.0,4584.0,4599.0,4582.0,95.0,8722200.0,7338
2023-05-09 21:09:14,pg2310,pg2310,4596.0,0.0,0.0,0.0,8,4596.0,4598.0,1,4576.0,4584.0,4599.0,4582.0,95.0,8722200.0,7338
2023-05-09 21:09:15,pg2310,pg2310,4596.0,0.0,0.0,0.0,7,4596.0,4598.0,1,4576.0,4584.0,4599.0,4582.0,95.0,8722200.0,7338
2023-05-09 21:09:18,pg2310,pg2310,4596.0,0.0,0.0,0.0,7,4596.0,4599.0,9,4576.0,4584.0,4599.0,4582.0,95.0,8722200.0,7338
2023-05-09 21:09:19,pg2310,pg2310,4596.0,0.0,0.0,0.0,7,4596.0,4599.0,10,4576.0,4584.0,4599.0,4582.0,95.0,8722200.0,7338
2023-05-09 21:09:20,pg2310,pg2310,4596.0,0.0,0.0,0.0,8,4596.0,4599.0,8,4576.0,4584.0,4599.0,4582.0,95.0,8722200.0,7338
2023-05-09 21:09:20,pg2310,pg2310,4596.0,0.0,0.0,0.0,10,4596.0,4599.0,6,4576.0,4584.0,4599.0,4582.0,95.0,8722200.0,7338
2023-05-09 21:09:21,pg2310,pg2310,4596.0,0.0,0.0,0.0,9,4596.0,4599.0,8,4576.0,4584.0,4599.0,4582.0,95.0,8722200.0,7338
2023-05-09 21:09:21,pg2310,pg2310,4596.0,0.0,0.0,0.0,10,4596.0,4599.0,7,4576.0,4584.0,4599.0,4582.0,95.0,8722200.0,7338
2023-05-09 21:09:22,pg2310,pg2310,4596.0,0.0,0.0,0.0,8,4596.0,4598.0,1,4576.0,4584.0,4599.0,4582.0,95.0,8722200.0,7338
2023-05-09 21:09:22,pg2310,pg2310,4596.0,0.0,0.0,0.0,7,4596.0,4598.0,1,4576.0,4584.0,4599.0,4582.0,95.0,8722200.0,7338
2023-05-09 21:09:23,pg2310,pg2310,4596.0,0.0,0.0,0.0,9,4596.0,4599.0,7,4576.0,4584.0,4599.0,4582.0,95.0,8722200.0,7338
2023-05-09 21:09:23,pg2310,pg2310,4596.0,0.0,0.0,0.0,10,4596.0,4599.0,6,4576.0,4584.0,4599.0,4582.0,95.0,8722200.0,7338
2023-05-09 21:09:26,pg2310,pg2310,4596.0,0.0,0.0,0.0,10,4596.0,4599.0,5,4576.0,4584.0,4599.0,4582.0,95.0,8722200.0,7338
2023-05-09 21:09:26,pg2310,pg2310,4596.0,0.0,0.0,0.0,10,4596.0,4599.0,3,4576.0,4584.0,4599.0,4582.0,95.0,8722200.0,7338
2023-05-09 21:09:34,pg2310,pg2310,4596.0,0.0,0.0,0.0,10,4596.0,4599.0,4,4576.0,4584.0,4599.0,4582.0,95.0,8722200.0,7338
2023-05-09 21:09:34,pg2310,pg2310,4596.0,0.0,0.0,0.0,10,4596.0,4599.0,3,4576.0,4584.0,4599.0,4582.0,95.0,8722200.0,7338
2023-05-09 21:09:37,pg2310,pg2310,4596.0,0.0,0.0,0.0,1,4598.0,4599.0,2,4576.0,4584.0,4599.0,4582.0,95.0,8722200.0,7338
2023-05-09 21:09:37,pg2310,pg2310,4596.0,0.0,0.0,0.0,1,4598.0,4599.0,1,4576.0,4584.0,4599.0,4582.0,95.0,8722200.0,7338
2023-05-09 21:09:38,pg2310,pg2310,4596.0,0.0,0.0,0.0,1,4598.0,4599.0,2,4576.0,4584.0,4599.0,4582.0,95.0,8722200.0,7338
2023-05-09 21:09:38,pg2310,pg2310,4596.0,0.0,0.0,0.0,8,4597.0,4599.0,1,4576.0,4584.0,4599.0,4582.0,95.0,8722200.0,7338
2023-05-09 21:09:39,pg2310,pg2310,4596.0,0.0,0.0,0.0,6,4597.0,4599.0,3,4576.0,4584.0,4599.0,4582.0,95.0,8722200.0,7338
2023-05-09 21:09:39,pg2310,pg2310,4596.0,0.0,0.0,0.0,1,4598.0,4599.0,2,4576.0,4584.0,4599.0,4582.0,95.0,8722200.0,7338
2023-05-09 21:09:40,pg2310,pg2310,4598.0,1.0,91960.0,-1.0,2,4597.0,4599.0,3,4576.0,4584.0,4599.0,4582.0,96.0,8814160.0,7337
2023-05-09 21:09:40,pg2310,pg2310,4598.0,0.0,0.0,0.0,9,4596.0,4599.0,4,4576.0,4584.0,4599.0,4582.0,96.0,8814160.0,7337
2023-05-09 21:09:41,pg2310,pg2310,4598.0,0.0,0.0,0.0,9,4596.0,4599.0,6,4576.0,4584.0,4599.0,4582.0,96.0,8814160.0,7337
2023-05-09 21:09:41,pg2310,pg2310,4598.0,0.0,0.0,0.0,9,4596.0,4599.0,7,4576.0,4584.0,4599.0,4582.0,96.0,8814160.0,7337
2023-05-09 21:09:44,pg2310,pg2310,4598.0,0.0,0.0,0.0,9,4596.0,4598.0,1,4576.0,4584.0,4599.0,4582.0,96.0,8814160.0,7337
2023-05-09 21:09:44,pg2310,pg2310,4598.0,0.0,0.0,0.0,7,4596.0,4598.0,2,4576.0,4584.0,4599.0,4582.0,96.0,8814160.0,7337
2023-05-09 21:09:44,pg2310,pg2310,4598.0,0.0,0.0,0.0,7,4596.0,4598.0,3,4576.0,4584.0,4599.0,4582.0,96.0,8814160.0,7337
2023-05-09 21:09:45,pg2310,pg2310,4598.0,0.0,0.0,0.0,4,4596.0,4598.0,3,4576.0,4584.0,4599.0,4582.0,96.0,8814160.0,7337
2023-05-09 21:09:51,pg2310,pg2310,4598.0,0.0,0.0,0.0,3,4596.0,4598.0,3,4576.0,4584.0,4599.0,4582.0,96.0,8814160.0,7337
2023-05-09 21:09:51,pg2310,pg2310,4598.0,0.0,0.0,0.0,3,4596.0,4597.0,1,4576.0,4584.0,4599.0,4582.0,96.0,8814160.0,7337
2023-05-09 21:09:52,pg2310,pg2310,4596.0,1.0,91920.0,1.0,1,4596.0,4598.0,4,4576.0,4584.0,4599.0,4582.0,97.0,8906080.0,7338
2023-05-09 21:09:53,pg2310,pg2310,4596.0,0.0,0.0,0.0,1,4596.0,4598.0,5,4576.0,4584.0,4599.0,4582.0,97.0,8906080.0,7338
2023-05-09 21:09:53,pg2310,pg2310,4596.0,0.0,0.0,0.0,2,4596.0,4598.0,4,4576.0,4584.0,4599.0,4582.0,97.0,8906080.0,7338
2023-05-09 21:09:54,pg2310,pg2310,4596.0,0.0,0.0,0.0,1,4596.0,4598.0,3,4576.0,4584.0,4599.0,4582.0,97.0,8906080.0,7338
2023-05-09 21:09:56,pg2310,pg2310,4596.0,0.0,0.0,0.0,1,4596.0,4598.0,4,4576.0,4584.0,4599.0,4582.0,97.0,8906080.0,7338
2023-05-09 21:09:56,pg2310,pg2310,4596.0,0.0,0.0,0.0,1,4596.0,4598.0,6,4576.0,4584.0,4599.0,4582.0,97.0,8906080.0,7338
2023-05-09 21:09:57,pg2310,pg2310,4596.0,0.0,0.0,0.0,1,4596.0,4598.0,8,4576.0,4584.0,4599.0,4582.0,97.0,8906080.0,7338
2023-05-09 21:09:57,pg2310,pg2310,4596.0,0.0,0.0,0.0,2,4596.0,4598.0,7,4576.0,4584.0,4599.0,4582.0,97.0,8906080.0,7338
2023-05-09 21:09:58,pg2310,pg2310,4596.0,0.0,0.0,0.0,1,4596.0,4598.0,8,4576.0,4584.0,4599.0,4582.0,97.0,8906080.0,7338
2023-05-09 21:09:58,pg2310,pg2310,4596.0,0.0,0.0,0.0,1,4596.0,4597.0,1,4576.0,4584.0,4599.0,4582.0,97.0,8906080.0,7338
2023-05-09 21:09:59,pg2310,pg2310,4596.0,0.0,0.0,0.0,1,4596.0,4598.0,7,4576.0,4584.0,4599.0,4582.0,97.0,8906080.0,7338
2023-05-09 21:09:59,pg2310,pg2310,4596.0,0.0,0.0,0.0,1,4596.0,4598.0,8,4576.0,4584.0,4599.0,4582.0,97.0,8906080.0,7338
2023-05-09 21:10:00,pg2310,pg2310,4596.0,0.0,0.0,0.0,2,4596.0,4598.0,8,4576.0,4584.0,4599.0,4582.0,97.0,8906080.0,7338
2023-05-09 21:10:00,pg2310,pg2310,4596.0,0.0,0.0,0.0,3,4596.0,4598.0,8,4576.0,4584.0,4599.0,4582.0,97.0,8906080.0,7338
2023-05-09 21:10:01,pg2310,pg2310,4596.0,0.0,0.0,0.0,4,4596.0,4598.0,6,4576.0,4584.0,4599.0,4582.0,97.0,8906080.0,7338
2023-05-09 21:10:01,pg2310,pg2310,4596.0,0.0,0.0,0.0,3,4596.0,4598.0,7,4576.0,4584.0,4599.0,4582.0,97.0,8906080.0,7338
2023-05-09 21:10:02,pg2310,pg2310,4596.0,1.0,91920.0,-1.0,1,4596.0,4597.0,2,4576.0,4584.0,4599.0,4582.0,98.0,8998000.0,7337
2023-05-09 21:10:02,pg2310,pg2310,4596.0,1.0,91920.0,-1.0,4,4595.0,4597.0,5,4576.0,4584.0,4599.0,4582.0,99.0,9089920.0,7336
2023-05-09 21:10:03,pg2310,pg2310,4596.0,0.0,0.0,0.0,3,4595.0,4597.0,3,4576.0,4584.0,4599.0,4582.0,99.0,9089920.0,7336
2023-05-09 21:10:04,pg2310,pg2310,4596.0,0.0,0.0,0.0,3,4595.0,4597.0,1,4576.0,4584.0,4599.0,4582.0,99.0,9089920.0,7336
2023-05-09 21:10:04,pg2310,pg2310,4596.0,0.0,0.0,0.0,4,4595.0,4597.0,2,4576.0,4584.0,4599.0,4582.0,99.0,9089920.0,7336
2023-05-09 21:10:04,pg2310,pg2310,4596.0,0.0,0.0,0.0,3,4595.0,4597.0,1,4576.0,4584.0,4599.0,4582.0,99.0,9089920.0,7336
2023-05-09 21:10:06,pg2310,pg2310,4596.0,0.0,0.0,0.0,5,4595.0,4597.0,2,4576.0,4584.0,4599.0,4582.0,99.0,9089920.0,7336
2023-05-09 21:10:06,pg2310,pg2310,4596.0,0.0,0.0,0.0,5,4595.0,4597.0,1,4576.0,4584.0,4599.0,4582.0,99.0,9089920.0,7336
2023-05-09 21:10:07,pg2310,pg2310,4596.0,0.0,0.0,0.0,6,4595.0,4597.0,2,4576.0,4584.0,4599.0,4582.0,99.0,9089920.0,7336
2023-05-09 21:10:07,pg2310,pg2310,4596.0,0.0,0.0,0.0,5,4595.0,4597.0,3,4576.0,4584.0,4599.0,4582.0,99.0,9089920.0,7336
2023-05-09 21:10:08,pg2310,pg2310,4596.0,0.0,0.0,0.0,4,4595.0,4597.0,3,4576.0,4584.0,4599.0,4582.0,99.0,9089920.0,7336
2023-05-09 21:10:08,pg2310,pg2310,4596.0,0.0,0.0,0.0,3,4595.0,4597.0,3,4576.0,4584.0,4599.0,4582.0,99.0,9089920.0,7336
2023-05-09 21:10:10,pg2310,pg2310,4596.0,0.0,0.0,0.0,3,4595.0,4597.0,4,4576.0,4584.0,4599.0,4582.0,99.0,9089920.0,7336
2023-05-09 21:10:10,pg2310,pg2310,4596.0,0.0,0.0,0.0,4,4595.0,4597.0,2,4576.0,4584.0,4599.0,4582.0,99.0,9089920.0,7336
2023-05-09 21:10:11,pg2310,pg2310,4596.0,0.0,0.0,0.0,4,4595.0,4597.0,1,4576.0,4584.0,4599.0,4582.0,99.0,9089920.0,7336
2023-05-09 21:10:11,pg2310,pg2310,4596.0,0.0,0.0,0.0,6,4595.0,4596.0,1,4576.0,4584.0,4599.0,4582.0,99.0,9089920.0,7336
2023-05-09 21:10:12,pg2310,pg2310,4596.0,0.0,0.0,0.0,3,4595.0,4596.0,1,4576.0,4584.0,4599.0,4582.0,99.0,9089920.0,7336
2023-05-09 21:10:12,pg2310,pg2310,4596.0,0.0,0.0,0.0,4,4595.0,4596.0,1,4576.0,4584.0,4599.0,4582.0,99.0,9089920.0,7336
2023-05-09 21:10:13,pg2310,pg2310,4596.0,0.0,0.0,0.0,4,4595.0,4596.0,2,4576.0,4584.0,4599.0,4582.0,99.0,9089920.0,7336
2023-05-09 21:10:13,pg2310,pg2310,4596.0,0.0,0.0,0.0,3,4595.0,4596.0,2,4576.0,4584.0,4599.0,4582.0,99.0,9089920.0,7336
2023-05-09 21:10:14,pg2310,pg2310,4596.0,0.0,0.0,0.0,3,4595.0,4596.0,1,4576.0,4584.0,4599.0,4582.0,99.0,9089920.0,7336
2023-05-09 21:10:15,pg2310,pg2310,4595.0,1.0,91900.0,0.0,2,4595.0,4596.0,1,4576.0,4584.0,4599.0,4582.0,100.0,9181820.0,7336
2023-05-09 21:10:15,pg2310,pg2310,4595.0,0.0,0.0,0.0,1,4595.0,4596.0,1,4576.0,4584.0,4599.0,4582.0,100.0,9181820.0,7336
2023-05-09 21:10:16,pg2310,pg2310,4595.0,1.0,91900.0,-1.0,3,4594.0,4596.0,4,4576.0,4584.0,4599.0,4582.0,101.0,9273720.0,7335
2023-05-09 21:10:16,pg2310,pg2310,4595.0,0.0,0.0,0.0,8,4593.0,4596.0,4,4576.0,4584.0,4599.0,4582.0,101.0,9273720.0,7335
2023-05-09 21:10:17,pg2310,pg2310,4595.0,0.0,0.0,0.0,4,4594.0,4596.0,1,4576.0,4584.0,4599.0,4582.0,101.0,9273720.0,7335
2023-05-09 21:10:18,pg2310,pg2310,4595.0,0.0,0.0,0.0,5,4594.0,4596.0,2,4576.0,4584.0,4599.0,4582.0,101.0,9273720.0,7335
2023-05-09 21:10:18,pg2310,pg2310,4595.0,0.0,0.0,0.0,4,4594.0,4596.0,3,4576.0,4584.0,4599.0,4582.0,101.0,9273720.0,7335
2023-05-09 21:10:19,pg2310,pg2310,4595.0,0.0,0.0,0.0,3,4594.0,4596.0,3,4576.0,4584.0,4599.0,4582.0,101.0,9273720.0,7335
2023-05-09 21:10:19,pg2310,pg2310,4595.0,0.0,0.0,0.0,2,4594.0,4596.0,3,4576.0,4584.0,4599.0,4582.0,101.0,9273720.0,7335
2023-05-09 21:10:19,pg2310,pg2310,4595.0,0.0,0.0,0.0,1,4594.0,4596.0,3,4576.0,4584.0,4599.0,4582.0,101.0,9273720.0,7335
2023-05-09 21:10:20,pg2310,pg2310,4595.0,0.0,0.0,0.0,1,4595.0,4596.0,1,4576.0,4584.0,4599.0,4582.0,101.0,9273720.0,7335
2023-05-09 21:10:22,pg2310,pg2310,4595.0,0.0,0.0,0.0,9,4594.0,4596.0,1,4576.0,4584.0,4599.0,4582.0,101.0,9273720.0,7335
2023-05-09 21:10:22,pg2310,pg2310,4595.0,0.0,0.0,0.0,8,4594.0,4596.0,1,4576.0,4584.0,4599.0,4582.0,101.0,9273720.0,7335
2023-05-09 21:10:23,pg2310,pg2310,4595.0,0.0,0.0,0.0,7,4594.0,4596.0,3,4576.0,4584.0,4599.0,4582.0,101.0,9273720.0,7335
2023-05-09 21:10:24,pg2310,pg2310,4595.0,0.0,0.0,0.0,3,4594.0,4596.0,4,4576.0,4584.0,4599.0,4582.0,101.0,9273720.0,7335
2023-05-09 21:10:24,pg2310,pg2310,4595.0,0.0,0.0,0.0,9,4593.0,4596.0,4,4576.0,4584.0,4599.0,4582.0,101.0,9273720.0,7335
2023-05-09 21:10:25,pg2310,pg2310,4595.0,0.0,0.0,0.0,8,4593.0,4595.0,1,4576.0,4584.0,4599.0,4582.0,101.0,9273720.0,7335
2023-05-09 21:10:25,pg2310,pg2310,4595.0,0.0,0.0,0.0,7,4593.0,4595.0,1,4576.0,4584.0,4599.0,4582.0,101.0,9273720.0,7335
2023-05-09 21:10:29,pg2310,pg2310,4595.0,0.0,0.0,0.0,8,4593.0,4596.0,8,4576.0,4584.0,4599.0,4582.0,101.0,9273720.0,7335
2023-05-09 21:10:29,pg2310,pg2310,4595.0,0.0,0.0,0.0,9,4593.0,4596.0,7,4576.0,4584.0,4599.0,4582.0,101.0,9273720.0,7335
2023-05-09 21:10:30,pg2310,pg2310,4595.0,0.0,0.0,0.0,9,4593.0,4596.0,6,4576.0,4584.0,4599.0,4582.0,101.0,9273720.0,7335
2023-05-09 21:10:35,pg2310,pg2310,4595.0,0.0,0.0,0.0,1,4594.0,4596.0,3,4576.0,4584.0,4599.0,4582.0,101.0,9273720.0,7335
2023-05-09 21:10:36,pg2310,pg2310,4595.0,0.0,0.0,0.0,9,4593.0,4596.0,3,4576.0,4584.0,4599.0,4582.0,101.0,9273720.0,7335
2023-05-09 21:10:36,pg2310,pg2310,4595.0,0.0,0.0,0.0,9,4593.0,4596.0,2,4576.0,4584.0,4599.0,4582.0,101.0,9273720.0,7335
2023-05-09 21:10:37,pg2310,pg2310,4595.0,0.0,0.0,0.0,9,4593.0,4596.0,1,4576.0,4584.0,4599.0,4582.0,101.0,9273720.0,7335
2023-05-09 21:10:38,pg2310,pg2310,4595.0,0.0,0.0,0.0,8,4593.0,4595.0,1,4576.0,4584.0,4599.0,4582.0,101.0,9273720.0,7335
2023-05-09 21:10:39,pg2310,pg2310,4595.0,0.0,0.0,0.0,7,4593.0,4595.0,1,4576.0,4584.0,4599.0,4582.0,101.0,9273720.0,7335
2023-05-09 21:10:47,pg2310,pg2310,4595.0,0.0,0.0,0.0,8,4593.0,4596.0,5,4576.0,4584.0,4599.0,4582.0,101.0,9273720.0,7335
2023-05-09 21:10:47,pg2310,pg2310,4595.0,0.0,0.0,0.0,9,4593.0,4596.0,3,4576.0,4584.0,4599.0,4582.0,101.0,9273720.0,7335
2023-05-09 21:10:50,pg2310,pg2310,4595.0,0.0,0.0,0.0,8,4593.0,4596.0,3,4576.0,4584.0,4599.0,4582.0,101.0,9273720.0,7335
2023-05-09 21:10:50,pg2310,pg2310,4595.0,0.0,0.0,0.0,9,4593.0,4596.0,3,4576.0,4584.0,4599.0,4582.0,101.0,9273720.0,7335
2023-05-09 21:10:54,pg2310,pg2310,4595.0,0.0,0.0,0.0,9,4593.0,4596.0,1,4576.0,4584.0,4599.0,4582.0,101.0,9273720.0,7335
2023-05-09 21:10:56,pg2310,pg2310,4595.0,0.0,0.0,0.0,1,4595.0,4597.0,5,4576.0,4584.0,4599.0,4582.0,101.0,9273720.0,7335
2023-05-09 21:10:57,pg2310,pg2310,4595.0,0.0,0.0,0.0,4,4595.0,4597.0,2,4576.0,4584.0,4599.0,4582.0,101.0,9273720.0,7335
2023-05-09 21:10:57,pg2310,pg2310,4595.0,0.0,0.0,0.0,4,4595.0,4598.0,7,4576.0,4584.0,4599.0,4582.0,101.0,9273720.0,7335
2023-05-09 21:10:58,pg2310,pg2310,4595.0,0.0,0.0,0.0,4,4595.0,4598.0,8,4576.0,4584.0,4599.0,4582.0,101.0,9273720.0,7335
2023-05-09 21:10:58,pg2310,pg2310,4595.0,0.0,0.0,0.0,3,4595.0,4597.0,1,4576.0,4584.0,4599.0,4582.0,101.0,9273720.0,7335
2023-05-09 21:10:59,pg2310,pg2310,4595.0,0.0,0.0,0.0,4,4595.0,4598.0,8,4576.0,4584.0,4599.0,4582.0,101.0,9273720.0,7335
2023-05-09 21:11:00,pg2310,pg2310,4595.0,0.0,0.0,0.0,5,4595.0,4598.0,8,4576.0,4584.0,4599.0,4582.0,101.0,9273720.0,7335
2023-05-09 21:11:00,pg2310,pg2310,4595.0,0.0,0.0,0.0,3,4595.0,4598.0,8,4576.0,4584.0,4599.0,4582.0,101.0,9273720.0,7335
2023-05-09 21:11:01,pg2310,pg2310,4595.0,0.0,0.0,0.0,1,4595.0,4598.0,8,4576.0,4584.0,4599.0,4582.0,101.0,9273720.0,7335
2023-05-09 21:11:01,pg2310,pg2310,4595.0,0.0,0.0,0.0,3,4595.0,4598.0,8,4576.0,4584.0,4599.0,4582.0,101.0,9273720.0,7335
2023-05-09 21:11:02,pg2310,pg2310,4595.0,0.0,0.0,0.0,4,4595.0,4598.0,8,4576.0,4584.0,4599.0,4582.0,101.0,9273720.0,7335
2023-05-09 21:11:03,pg2310,pg2310,4595.0,0.0,0.0,0.0,5,4595.0,4598.0,7,4576.0,4584.0,4599.0,4582.0,101.0,9273720.0,7335
2023-05-09 21:11:03,pg2310,pg2310,4595.0,0.0,0.0,0.0,1,4596.0,4598.0,8,4576.0,4584.0,4599.0,4582.0,101.0,9273720.0,7335
2023-05-09 21:11:04,pg2310,pg2310,4595.0,0.0,0.0,0.0,1,4596.0,4598.0,7,4576.0,4584.0,4599.0,4582.0,101.0,9273720.0,7335
2023-05-09 21:11:05,pg2310,pg2310,4595.0,0.0,0.0,0.0,7,4595.0,4598.0,7,4576.0,4584.0,4599.0,4582.0,101.0,9273720.0,7335
2023-05-09 21:11:06,pg2310,pg2310,4595.0,0.0,0.0,0.0,1,4596.0,4598.0,6,4576.0,4584.0,4599.0,4582.0,101.0,9273720.0,7335
2023-05-09 21:11:06,pg2310,pg2310,4595.0,0.0,0.0,0.0,1,4596.0,4598.0,7,4576.0,4584.0,4599.0,4582.0,101.0,9273720.0,7335
2023-05-09 21:11:08,pg2310,pg2310,4595.0,0.0,0.0,0.0,1,4597.0,4598.0,4,4576.0,4584.0,4599.0,4582.0,101.0,9273720.0,7335
2023-05-09 21:11:09,pg2310,pg2310,4595.0,0.0,0.0,0.0,1,4597.0,4599.0,9,4576.0,4584.0,4599.0,4582.0,101.0,9273720.0,7335
2023-05-09 21:11:09,pg2310,pg2310,4595.0,0.0,0.0,0.0,1,4597.0,4599.0,8,4576.0,4584.0,4599.0,4582.0,101.0,9273720.0,7335
2023-05-09 21:11:10,pg2310,pg2310,4595.0,0.0,0.0,0.0,2,4597.0,4599.0,8,4576.0,4584.0,4599.0,4582.0,101.0,9273720.0,7335
2023-05-09 21:11:11,pg2310,pg2310,4595.0,0.0,0.0,0.0,1,4597.0,4599.0,8,4576.0,4584.0,4599.0,4582.0,101.0,9273720.0,7335
2023-05-09 21:11:16,pg2310,pg2310,4595.0,0.0,0.0,0.0,8,4596.0,4599.0,8,4576.0,4584.0,4599.0,4582.0,101.0,9273720.0,7335
2023-05-09 21:11:16,pg2310,pg2310,4595.0,0.0,0.0,0.0,1,4597.0,4599.0,7,4576.0,4584.0,4599.0,4582.0,101.0,9273720.0,7335
2023-05-09 21:11:17,pg2310,pg2310,4595.0,0.0,0.0,0.0,8,4596.0,4598.0,2,4576.0,4584.0,4599.0,4582.0,101.0,9273720.0,7335
2023-05-09 21:11:17,pg2310,pg2310,4595.0,0.0,0.0,0.0,8,4596.0,4598.0,3,4576.0,4584.0,4599.0,4582.0,101.0,9273720.0,7335
2023-05-09 21:11:18,pg2310,pg2310,4595.0,0.0,0.0,0.0,2,4597.0,4598.0,2,4576.0,4584.0,4599.0,4582.0,101.0,9273720.0,7335
2023-05-09 21:11:18,pg2310,pg2310,4595.0,0.0,0.0,0.0,1,4597.0,4598.0,1,4576.0,4584.0,4599.0,4582.0,101.0,9273720.0,7335
2023-05-09 21:11:24,pg2310,pg2310,4595.0,0.0,0.0,0.0,9,4596.0,4598.0,2,4576.0,4584.0,4599.0,4582.0,101.0,9273720.0,7335
2023-05-09 21:11:24,pg2310,pg2310,4595.0,0.0,0.0,0.0,8,4596.0,4598.0,3,4576.0,4584.0,4599.0,4582.0,101.0,9273720.0,7335
2023-05-09 21:11:25,pg2310,pg2310,4595.0,0.0,0.0,0.0,7,4596.0,4598.0,3,4576.0,4584.0,4599.0,4582.0,101.0,9273720.0,7335
2023-05-09 21:11:25,pg2310,pg2310,4595.0,0.0,0.0,0.0,6,4596.0,4598.0,3,4576.0,4584.0,4599.0,4582.0,101.0,9273720.0,7335
2023-05-09 21:11:26,pg2310,pg2310,4595.0,0.0,0.0,0.0,7,4596.0,4598.0,2,4576.0,4584.0,4599.0,4582.0,101.0,9273720.0,7335
2023-05-09 21:11:26,pg2310,pg2310,4595.0,0.0,0.0,0.0,7,4596.0,4598.0,3,4576.0,4584.0,4599.0,4582.0,101.0,9273720.0,7335
2023-05-09 21:11:27,pg2310,pg2310,4595.0,0.0,0.0,0.0,7,4596.0,4598.0,2,4576.0,4584.0,4599.0,4582.0,101.0,9273720.0,7335
2023-05-09 21:11:27,pg2310,pg2310,4595.0,0.0,0.0,0.0,8,4596.0,4598.0,3,4576.0,4584.0,4599.0,4582.0,101.0,9273720.0,7335
2023-05-09 21:11:28,pg2310,pg2310,4595.0,0.0,0.0,0.0,7,4596.0,4598.0,3,4576.0,4584.0,4599.0,4582.0,101.0,9273720.0,7335
2023-05-09 21:11:29,pg2310,pg2310,4598.0,1.0,91960.0,1.0,1,4597.0,4599.0,6,4576.0,4584.0,4599.0,4582.0,102.0,9365680.0,7336
2023-05-09 21:11:29,pg2310,pg2310,4598.0,0.0,0.0,0.0,4,4597.0,4599.0,6,4576.0,4584.0,4599.0,4582.0,102.0,9365680.0,7336
2023-05-09 21:11:30,pg2310,pg2310,4598.0,0.0,0.0,0.0,1,4597.0,4599.0,5,4576.0,4584.0,4599.0,4582.0,102.0,9365680.0,7336
2023-05-09 21:11:30,pg2310,pg2310,4598.0,0.0,0.0,0.0,1,4597.0,4599.0,6,4576.0,4584.0,4599.0,4582.0,102.0,9365680.0,7336
2023-05-09 21:11:30,pg2310,pg2310,4598.0,0.0,0.0,0.0,1,4597.0,4599.0,8,4576.0,4584.0,4599.0,4582.0,102.0,9365680.0,7336
