time,symbol_id,symbol_name,last,trade_volume,trade_amount,open_interest_change,bv1,bp1,ap1,av1,yesterday_close,today_open,today_high,today_low,volume,amount,open_interest
2023-05-09 20:58:59,pg2308,pg2308,4189.0,0.0,0.0,0.0,1,4181.0,4205.0,1,4189.0,4181.0,0.0,0.0,0.0,0.0,17350
2023-05-09 21:00:00,pg2308,pg2308,4181.0,1.0,83620.0,0.0,2,4167.0,4205.0,1,4189.0,4181.0,4181.0,4181.0,1.0,83620.0,17350
2023-05-09 21:00:00,pg2308,pg2308,4178.0,2.0,167200.0,2.0,2,4176.0,4204.0,2,4189.0,4181.0,4182.0,4178.0,3.0,250820.0,17352
2023-05-09 21:00:01,pg2308,pg2308,4178.0,0.0,0.0,0.0,1,4176.0,4182.0,4,4189.0,4181.0,4182.0,4178.0,3.0,250820.0,17352
2023-05-09 21:00:01,pg2308,pg2308,4200.0,1.0,84000.0,0.0,1,4180.0,4185.0,1,4189.0,4181.0,4200.0,4178.0,4.0,334820.0,17352
2023-05-09 21:00:02,pg2308,pg2308,4182.0,4.0,334740.0,-1.0,1,4180.0,4188.0,2,4189.0,4181.0,4200.0,4178.0,8.0,669560.0,17351
2023-05-09 21:00:02,pg2308,pg2308,4184.0,1.0,83680.0,0.0,2,4184.0,4190.0,1,4189.0,4181.0,4200.0,4178.0,9.0,753240.0,17351
2023-05-09 21:00:03,pg2308,pg2308,4191.0,2.0,167620.0,0.0,2,4188.0,4200.0,1,4189.0,4181.0,4200.0,4178.0,11.0,920860.0,17351
2023-05-09 21:00:03,pg2308,pg2308,4196.0,1.0,83920.0,0.0,1,4186.0,4199.0,5,4189.0,4181.0,4200.0,4178.0,12.0,1004780.0,17351
2023-05-09 21:00:04,pg2308,pg2308,4190.0,3.0,251420.0,1.0,1,4188.0,4194.0,4,4189.0,4181.0,4200.0,4178.0,15.0,1256200.0,17352
2023-05-09 21:00:04,pg2308,pg2308,4188.0,1.0,83760.0,-1.0,2,4182.0,4190.0,5,4189.0,4181.0,4200.0,4178.0,16.0,1339960.0,17351
2023-05-09 21:00:05,pg2308,pg2308,4187.0,1.0,83740.0,1.0,1,4180.0,4188.0,9,4189.0,4181.0,4200.0,4178.0,17.0,1423700.0,17352
2023-05-09 21:00:05,pg2308,pg2308,4187.0,0.0,0.0,0.0,1,4184.0,4205.0,1,4189.0,4181.0,4200.0,4178.0,17.0,1423700.0,17352
2023-05-09 21:00:06,pg2308,pg2308,4187.0,0.0,0.0,0.0,2,4188.0,4192.0,2,4189.0,4181.0,4200.0,4178.0,17.0,1423700.0,17352
2023-05-09 21:00:06,pg2308,pg2308,4188.0,3.0,251280.0,-3.0,1,4185.0,4191.0,1,4189.0,4181.0,4200.0,4178.0,20.0,1674980.0,17349
2023-05-09 21:00:07,pg2308,pg2308,4188.0,1.0,83800.0,1.0,1,4186.0,4191.0,1,4189.0,4181.0,4200.0,4178.0,21.0,1758780.0,17350
2023-05-09 21:00:08,pg2308,pg2308,4190.0,1.0,83800.0,0.0,1,4186.0,4194.0,6,4189.0,4181.0,4200.0,4178.0,22.0,1842580.0,17350
2023-05-09 21:00:08,pg2308,pg2308,4190.0,0.0,0.0,0.0,2,4188.0,4192.0,1,4189.0,4181.0,4200.0,4178.0,22.0,1842580.0,17350
2023-05-09 21:00:09,pg2308,pg2308,4190.0,0.0,0.0,0.0,3,4191.0,4195.0,4,4189.0,4181.0,4200.0,4178.0,22.0,1842580.0,17350
2023-05-09 21:00:09,pg2308,pg2308,4190.0,0.0,0.0,0.0,4,4191.0,4194.0,1,4189.0,4181.0,4200.0,4178.0,22.0,1842580.0,17350
2023-05-09 21:00:10,pg2308,pg2308,4190.0,0.0,0.0,0.0,3,4191.0,4194.0,2,4189.0,4181.0,4200.0,4178.0,22.0,1842580.0,17350
2023-05-09 21:00:10,pg2308,pg2308,4190.0,0.0,0.0,0.0,5,4191.0,4195.0,8,4189.0,4181.0,4200.0,4178.0,22.0,1842580.0,17350
2023-05-09 21:00:11,pg2308,pg2308,4191.0,4.0,335280.0,4.0,3,4189.0,4193.0,3,4189.0,4181.0,4200.0,4178.0,26.0,2177860.0,17354
2023-05-09 21:00:11,pg2308,pg2308,4189.0,1.0,83780.0,0.0,2,4188.0,4191.0,5,4189.0,4181.0,4200.0,4178.0,27.0,2261640.0,17354
2023-05-09 21:00:12,pg2308,pg2308,4189.0,0.0,0.0,0.0,3,4188.0,4191.0,5,4189.0,4181.0,4200.0,4178.0,27.0,2261640.0,17354
2023-05-09 21:00:12,pg2308,pg2308,4189.0,0.0,0.0,0.0,3,4187.0,4190.0,5,4189.0,4181.0,4200.0,4178.0,27.0,2261640.0,17354
2023-05-09 21:00:13,pg2308,pg2308,4189.0,0.0,0.0,0.0,6,4185.0,4189.0,5,4189.0,4181.0,4200.0,4178.0,27.0,2261640.0,17354
2023-05-09 21:00:13,pg2308,pg2308,4189.0,0.0,0.0,0.0,7,4187.0,4190.0,2,4189.0,4181.0,4200.0,4178.0,27.0,2261640.0,17354
2023-05-09 21:00:14,pg2308,pg2308,4189.0,0.0,0.0,0.0,4,4187.0,4190.0,5,4189.0,4181.0,4200.0,4178.0,27.0,2261640.0,17354
2023-05-09 21:00:14,pg2308,pg2308,4190.0,1.0,83800.0,-1.0,4,4188.0,4191.0,4,4189.0,4181.0,4200.0,4178.0,28.0,2345440.0,17353
2023-05-09 21:00:15,pg2308,pg2308,4190.0,0.0,0.0,0.0,4,4190.0,4192.0,2,4189.0,4181.0,4200.0,4178.0,28.0,2345440.0,17353
2023-05-09 21:00:15,pg2308,pg2308,4191.0,4.0,335320.0,-2.0,2,4192.0,4195.0,2,4189.0,4181.0,4200.0,4178.0,32.0,2680760.0,17351
2023-05-09 21:00:16,pg2308,pg2308,4192.0,1.0,83840.0,0.0,4,4193.0,4195.0,1,4189.0,4181.0,4200.0,4178.0,33.0,2764600.0,17351
2023-05-09 21:00:16,pg2308,pg2308,4193.0,1.0,83860.0,-1.0,2,4194.0,4195.0,1,4189.0,4181.0,4200.0,4178.0,34.0,2848460.0,17350
2023-05-09 21:00:17,pg2308,pg2308,4194.0,1.0,83880.0,0.0,4,4194.0,4196.0,1,4189.0,4181.0,4200.0,4178.0,35.0,2932340.0,17350
2023-05-09 21:00:18,pg2308,pg2308,4194.0,0.0,0.0,0.0,4,4194.0,4196.0,2,4189.0,4181.0,4200.0,4178.0,35.0,2932340.0,17350
2023-05-09 21:00:18,pg2308,pg2308,4194.0,2.0,167760.0,0.0,2,4191.0,4193.0,1,4189.0,4181.0,4200.0,4178.0,37.0,3100100.0,17350
2023-05-09 21:00:19,pg2308,pg2308,4194.0,0.0,0.0,0.0,2,4189.0,4191.0,1,4189.0,4181.0,4200.0,4178.0,37.0,3100100.0,17350
2023-05-09 21:00:19,pg2308,pg2308,4194.0,0.0,0.0,0.0,9,4188.0,4191.0,5,4189.0,4181.0,4200.0,4178.0,37.0,3100100.0,17350
2023-05-09 21:00:20,pg2308,pg2308,4194.0,0.0,0.0,0.0,2,4189.0,4191.0,1,4189.0,4181.0,4200.0,4178.0,37.0,3100100.0,17350
2023-05-09 21:00:20,pg2308,pg2308,4194.0,0.0,0.0,0.0,7,4188.0,4191.0,5,4189.0,4181.0,4200.0,4178.0,37.0,3100100.0,17350
2023-05-09 21:00:21,pg2308,pg2308,4194.0,0.0,0.0,0.0,5,4188.0,4191.0,5,4189.0,4181.0,4200.0,4178.0,37.0,3100100.0,17350
2023-05-09 21:00:21,pg2308,pg2308,4194.0,0.0,0.0,0.0,4,4189.0,4193.0,7,4189.0,4181.0,4200.0,4178.0,37.0,3100100.0,17350
2023-05-09 21:00:22,pg2308,pg2308,4194.0,0.0,0.0,0.0,2,4189.0,4191.0,1,4189.0,4181.0,4200.0,4178.0,37.0,3100100.0,17350
2023-05-09 21:00:22,pg2308,pg2308,4194.0,0.0,0.0,0.0,6,4189.0,4192.0,2,4189.0,4181.0,4200.0,4178.0,37.0,3100100.0,17350
2023-05-09 21:00:23,pg2308,pg2308,4194.0,0.0,0.0,0.0,3,4189.0,4192.0,3,4189.0,4181.0,4200.0,4178.0,37.0,3100100.0,17350
2023-05-09 21:00:23,pg2308,pg2308,4194.0,0.0,0.0,0.0,2,4190.0,4192.0,1,4189.0,4181.0,4200.0,4178.0,37.0,3100100.0,17350
2023-05-09 21:00:24,pg2308,pg2308,4194.0,0.0,0.0,0.0,4,4190.0,4194.0,5,4189.0,4181.0,4200.0,4178.0,37.0,3100100.0,17350
2023-05-09 21:00:24,pg2308,pg2308,4194.0,0.0,0.0,0.0,2,4190.0,4193.0,3,4189.0,4181.0,4200.0,4178.0,37.0,3100100.0,17350
2023-05-09 21:00:25,pg2308,pg2308,4194.0,0.0,0.0,0.0,6,4191.0,4193.0,1,4189.0,4181.0,4200.0,4178.0,37.0,3100100.0,17350
2023-05-09 21:00:25,pg2308,pg2308,4194.0,0.0,0.0,0.0,6,4191.0,4194.0,2,4189.0,4181.0,4200.0,4178.0,37.0,3100100.0,17350
2023-05-09 21:00:26,pg2308,pg2308,4194.0,0.0,0.0,0.0,2,4192.0,4195.0,8,4189.0,4181.0,4200.0,4178.0,37.0,3100100.0,17350
2023-05-09 21:00:26,pg2308,pg2308,4194.0,0.0,0.0,0.0,5,4191.0,4194.0,1,4189.0,4181.0,4200.0,4178.0,37.0,3100100.0,17350
2023-05-09 21:00:27,pg2308,pg2308,4194.0,0.0,0.0,0.0,2,4192.0,4194.0,1,4189.0,4181.0,4200.0,4178.0,37.0,3100100.0,17350
2023-05-09 21:00:27,pg2308,pg2308,4194.0,0.0,0.0,0.0,4,4191.0,4194.0,5,4189.0,4181.0,4200.0,4178.0,37.0,3100100.0,17350
2023-05-09 21:00:28,pg2308,pg2308,4194.0,0.0,0.0,0.0,6,4191.0,4194.0,1,4189.0,4181.0,4200.0,4178.0,37.0,3100100.0,17350
2023-05-09 21:00:28,pg2308,pg2308,4194.0,0.0,0.0,0.0,3,4191.0,4194.0,3,4189.0,4181.0,4200.0,4178.0,37.0,3100100.0,17350
2023-05-09 21:00:29,pg2308,pg2308,4194.0,0.0,0.0,0.0,6,4191.0,4194.0,1,4189.0,4181.0,4200.0,4178.0,37.0,3100100.0,17350
2023-05-09 21:00:29,pg2308,pg2308,4194.0,0.0,0.0,0.0,2,4191.0,4194.0,3,4189.0,4181.0,4200.0,4178.0,37.0,3100100.0,17350
2023-05-09 21:00:30,pg2308,pg2308,4194.0,0.0,0.0,0.0,5,4191.0,4194.0,3,4189.0,4181.0,4200.0,4178.0,37.0,3100100.0,17350
2023-05-09 21:00:30,pg2308,pg2308,4194.0,0.0,0.0,0.0,4,4191.0,4194.0,3,4189.0,4181.0,4200.0,4178.0,37.0,3100100.0,17350
2023-05-09 21:00:31,pg2308,pg2308,4194.0,0.0,0.0,0.0,4,4191.0,4194.0,5,4189.0,4181.0,4200.0,4178.0,37.0,3100100.0,17350
2023-05-09 21:00:31,pg2308,pg2308,4194.0,0.0,0.0,0.0,4,4191.0,4193.0,1,4189.0,4181.0,4200.0,4178.0,37.0,3100100.0,17350
2023-05-09 21:00:32,pg2308,pg2308,4194.0,0.0,0.0,0.0,11,4190.0,4192.0,1,4189.0,4181.0,4200.0,4178.0,37.0,3100100.0,17350
2023-05-09 21:00:32,pg2308,pg2308,4194.0,0.0,0.0,0.0,9,4190.0,4192.0,1,4189.0,4181.0,4200.0,4178.0,37.0,3100100.0,17350
2023-05-09 21:00:33,pg2308,pg2308,4194.0,0.0,0.0,0.0,7,4189.0,4192.0,3,4189.0,4181.0,4200.0,4178.0,37.0,3100100.0,17350
2023-05-09 21:00:34,pg2308,pg2308,4194.0,0.0,0.0,0.0,5,4189.0,4192.0,4,4189.0,4181.0,4200.0,4178.0,37.0,3100100.0,17350
2023-05-09 21:00:34,pg2308,pg2308,4194.0,0.0,0.0,0.0,5,4189.0,4192.0,5,4189.0,4181.0,4200.0,4178.0,37.0,3100100.0,17350
2023-05-09 21:00:35,pg2308,pg2308,4194.0,0.0,0.0,0.0,2,4190.0,4192.0,5,4189.0,4181.0,4200.0,4178.0,37.0,3100100.0,17350
2023-05-09 21:00:35,pg2308,pg2308,4194.0,0.0,0.0,0.0,2,4190.0,4192.0,3,4189.0,4181.0,4200.0,4178.0,37.0,3100100.0,17350
2023-05-09 21:00:36,pg2308,pg2308,4194.0,0.0,0.0,0.0,2,4190.0,4192.0,1,4189.0,4181.0,4200.0,4178.0,37.0,3100100.0,17350
2023-05-09 21:00:36,pg2308,pg2308,4194.0,0.0,0.0,0.0,9,4190.0,4193.0,4,4189.0,4181.0,4200.0,4178.0,37.0,3100100.0,17350
2023-05-09 21:00:37,pg2308,pg2308,4194.0,0.0,0.0,0.0,4,4191.0,4193.0,1,4189.0,4181.0,4200.0,4178.0,37.0,3100100.0,17350
2023-05-09 21:00:37,pg2308,pg2308,4194.0,0.0,0.0,0.0,6,4191.0,4194.0,2,4189.0,4181.0,4200.0,4178.0,37.0,3100100.0,17350
2023-05-09 21:00:38,pg2308,pg2308,4194.0,0.0,0.0,0.0,4,4192.0,4195.0,7,4189.0,4181.0,4200.0,4178.0,37.0,3100100.0,17350
2023-05-09 21:00:38,pg2308,pg2308,4194.0,0.0,0.0,0.0,7,4192.0,4195.0,4,4189.0,4181.0,4200.0,4178.0,37.0,3100100.0,17350
2023-05-09 21:00:39,pg2308,pg2308,4194.0,0.0,0.0,0.0,7,4192.0,4195.0,3,4189.0,4181.0,4200.0,4178.0,37.0,3100100.0,17350
2023-05-09 21:00:40,pg2308,pg2308,4195.0,2.0,167800.0,-1.0,7,4193.0,4196.0,4,4189.0,4181.0,4200.0,4178.0,39.0,3267900.0,17349
2023-05-09 21:00:41,pg2308,pg2308,4195.0,0.0,0.0,0.0,5,4193.0,4196.0,3,4189.0,4181.0,4200.0,4178.0,39.0,3267900.0,17349
2023-05-09 21:00:41,pg2308,pg2308,4195.0,0.0,0.0,0.0,4,4193.0,4196.0,4,4189.0,4181.0,4200.0,4178.0,39.0,3267900.0,17349
2023-05-09 21:00:42,pg2308,pg2308,4195.0,0.0,0.0,0.0,4,4193.0,4196.0,8,4189.0,4181.0,4200.0,4178.0,39.0,3267900.0,17349
2023-05-09 21:00:42,pg2308,pg2308,4195.0,0.0,0.0,0.0,6,4193.0,4196.0,8,4189.0,4181.0,4200.0,4178.0,39.0,3267900.0,17349
2023-05-09 21:00:43,pg2308,pg2308,4195.0,0.0,0.0,0.0,2,4194.0,4196.0,1,4189.0,4181.0,4200.0,4178.0,39.0,3267900.0,17349
2023-05-09 21:00:43,pg2308,pg2308,4195.0,0.0,0.0,0.0,4,4193.0,4196.0,7,4189.0,4181.0,4200.0,4178.0,39.0,3267900.0,17349
2023-05-09 21:00:44,pg2308,pg2308,4195.0,0.0,0.0,0.0,10,4192.0,4195.0,9,4189.0,4181.0,4200.0,4178.0,39.0,3267900.0,17349
2023-05-09 21:00:44,pg2308,pg2308,4195.0,0.0,0.0,0.0,11,4191.0,4194.0,8,4189.0,4181.0,4200.0,4178.0,39.0,3267900.0,17349
2023-05-09 21:00:45,pg2308,pg2308,4195.0,0.0,0.0,0.0,10,4190.0,4194.0,10,4189.0,4181.0,4200.0,4178.0,39.0,3267900.0,17349
2023-05-09 21:00:45,pg2308,pg2308,4195.0,0.0,0.0,0.0,9,4190.0,4194.0,12,4189.0,4181.0,4200.0,4178.0,39.0,3267900.0,17349
2023-05-09 21:00:46,pg2308,pg2308,4195.0,0.0,0.0,0.0,7,4190.0,4194.0,22,4189.0,4181.0,4200.0,4178.0,39.0,3267900.0,17349
2023-05-09 21:00:46,pg2308,pg2308,4195.0,0.0,0.0,0.0,2,4191.0,4194.0,22,4189.0,4181.0,4200.0,4178.0,39.0,3267900.0,17349
2023-05-09 21:00:47,pg2308,pg2308,4195.0,0.0,0.0,0.0,2,4190.0,4192.0,2,4189.0,4181.0,4200.0,4178.0,39.0,3267900.0,17349
2023-05-09 21:00:47,pg2308,pg2308,4194.0,1.0,83880.0,1.0,10,4189.0,4193.0,12,4189.0,4181.0,4200.0,4178.0,40.0,3351780.0,17350
2023-05-09 21:00:48,pg2308,pg2308,4194.0,0.0,0.0,0.0,3,4190.0,4192.0,2,4189.0,4181.0,4200.0,4178.0,40.0,3351780.0,17350
2023-05-09 21:00:48,pg2308,pg2308,4194.0,0.0,0.0,0.0,2,4190.0,4193.0,13,4189.0,4181.0,4200.0,4178.0,40.0,3351780.0,17350
2023-05-09 21:00:49,pg2308,pg2308,4194.0,0.0,0.0,0.0,3,4191.0,4194.0,14,4189.0,4181.0,4200.0,4178.0,40.0,3351780.0,17350
2023-05-09 21:00:49,pg2308,pg2308,4194.0,0.0,0.0,0.0,2,4191.0,4194.0,4,4189.0,4181.0,4200.0,4178.0,40.0,3351780.0,17350
2023-05-09 21:00:50,pg2308,pg2308,4194.0,0.0,0.0,0.0,2,4191.0,4194.0,9,4189.0,4181.0,4200.0,4178.0,40.0,3351780.0,17350
2023-05-09 21:00:51,pg2308,pg2308,4194.0,0.0,0.0,0.0,11,4190.0,4194.0,13,4189.0,4181.0,4200.0,4178.0,40.0,3351780.0,17350
2023-05-09 21:00:51,pg2308,pg2308,4194.0,0.0,0.0,0.0,2,4190.0,4192.0,2,4189.0,4181.0,4200.0,4178.0,40.0,3351780.0,17350
2023-05-09 21:00:52,pg2308,pg2308,4194.0,0.0,0.0,0.0,3,4190.0,4193.0,2,4189.0,4181.0,4200.0,4178.0,40.0,3351780.0,17350
2023-05-09 21:00:52,pg2308,pg2308,4194.0,0.0,0.0,0.0,5,4190.0,4194.0,15,4189.0,4181.0,4200.0,4178.0,40.0,3351780.0,17350
2023-05-09 21:00:53,pg2308,pg2308,4194.0,0.0,0.0,0.0,2,4191.0,4194.0,15,4189.0,4181.0,4200.0,4178.0,40.0,3351780.0,17350
2023-05-09 21:00:53,pg2308,pg2308,4194.0,0.0,0.0,0.0,2,4191.0,4194.0,6,4189.0,4181.0,4200.0,4178.0,40.0,3351780.0,17350
2023-05-09 21:00:54,pg2308,pg2308,4194.0,0.0,0.0,0.0,6,4191.0,4194.0,2,4189.0,4181.0,4200.0,4178.0,40.0,3351780.0,17350
2023-05-09 21:00:54,pg2308,pg2308,4194.0,0.0,0.0,0.0,4,4192.0,4194.0,2,4189.0,4181.0,4200.0,4178.0,40.0,3351780.0,17350
2023-05-09 21:00:55,pg2308,pg2308,4194.0,0.0,0.0,0.0,2,4193.0,4196.0,12,4189.0,4181.0,4200.0,4178.0,40.0,3351780.0,17350
2023-05-09 21:00:55,pg2308,pg2308,4194.0,0.0,0.0,0.0,2,4194.0,4197.0,13,4189.0,4181.0,4200.0,4178.0,40.0,3351780.0,17350
2023-05-09 21:00:56,pg2308,pg2308,4194.0,0.0,0.0,0.0,2,4194.0,4196.0,1,4189.0,4181.0,4200.0,4178.0,40.0,3351780.0,17350
2023-05-09 21:00:56,pg2308,pg2308,4194.0,0.0,0.0,0.0,2,4195.0,4197.0,3,4189.0,4181.0,4200.0,4178.0,40.0,3351780.0,17350
2023-05-09 21:00:57,pg2308,pg2308,4195.0,2.0,167800.0,2.0,6,4194.0,4197.0,1,4189.0,4181.0,4200.0,4178.0,42.0,3519580.0,17352
2023-05-09 21:00:57,pg2308,pg2308,4195.0,0.0,0.0,0.0,2,4196.0,4197.0,1,4189.0,4181.0,4200.0,4178.0,42.0,3519580.0,17352
2023-05-09 21:00:58,pg2308,pg2308,4195.0,0.0,0.0,0.0,6,4195.0,4199.0,9,4189.0,4181.0,4200.0,4178.0,42.0,3519580.0,17352
2023-05-09 21:00:58,pg2308,pg2308,4195.0,0.0,0.0,0.0,8,4195.0,4198.0,1,4189.0,4181.0,4200.0,4178.0,42.0,3519580.0,17352
2023-05-09 21:00:59,pg2308,pg2308,4195.0,0.0,0.0,0.0,4,4195.0,4198.0,3,4189.0,4181.0,4200.0,4178.0,42.0,3519580.0,17352
2023-05-09 21:00:59,pg2308,pg2308,4195.0,0.0,0.0,0.0,4,4195.0,4198.0,4,4189.0,4181.0,4200.0,4178.0,42.0,3519580.0,17352
2023-05-09 21:01:00,pg2308,pg2308,4195.0,0.0,0.0,0.0,4,4195.0,4198.0,2,4189.0,4181.0,4200.0,4178.0,42.0,3519580.0,17352
2023-05-09 21:01:00,pg2308,pg2308,4195.0,0.0,0.0,0.0,4,4195.0,4198.0,3,4189.0,4181.0,4200.0,4178.0,42.0,3519580.0,17352
2023-05-09 21:01:01,pg2308,pg2308,4195.0,0.0,0.0,0.0,12,4194.0,4197.0,1,4189.0,4181.0,4200.0,4178.0,42.0,3519580.0,17352
2023-05-09 21:01:01,pg2308,pg2308,4193.0,8.0,670920.0,4.0,2,4193.0,4194.0,2,4189.0,4181.0,4200.0,4178.0,50.0,4190500.0,17356
2023-05-09 21:01:02,pg2308,pg2308,4193.0,0.0,0.0,0.0,4,4193.0,4194.0,2,4189.0,4181.0,4200.0,4178.0,50.0,4190500.0,17356
2023-05-09 21:01:03,pg2308,pg2308,4193.0,0.0,0.0,0.0,2,4192.0,4194.0,2,4189.0,4181.0,4200.0,4178.0,50.0,4190500.0,17356
2023-05-09 21:01:04,pg2308,pg2308,4193.0,0.0,0.0,0.0,6,4191.0,4193.0,3,4189.0,4181.0,4200.0,4178.0,50.0,4190500.0,17356
2023-05-09 21:01:05,pg2308,pg2308,4193.0,0.0,0.0,0.0,8,4190.0,4193.0,5,4189.0,4181.0,4200.0,4178.0,50.0,4190500.0,17356
2023-05-09 21:01:05,pg2308,pg2308,4193.0,0.0,0.0,0.0,3,4190.0,4192.0,2,4189.0,4181.0,4200.0,4178.0,50.0,4190500.0,17356
2023-05-09 21:01:06,pg2308,pg2308,4193.0,0.0,0.0,0.0,4,4190.0,4193.0,4,4189.0,4181.0,4200.0,4178.0,50.0,4190500.0,17356
2023-05-09 21:01:07,pg2308,pg2308,4193.0,0.0,0.0,0.0,6,4190.0,4193.0,4,4189.0,4181.0,4200.0,4178.0,50.0,4190500.0,17356
2023-05-09 21:01:07,pg2308,pg2308,4193.0,0.0,0.0,0.0,2,4191.0,4194.0,20,4189.0,4181.0,4200.0,4178.0,50.0,4190500.0,17356
2023-05-09 21:01:08,pg2308,pg2308,4193.0,0.0,0.0,0.0,2,4191.0,4194.0,18,4189.0,4181.0,4200.0,4178.0,50.0,4190500.0,17356
2023-05-09 21:01:08,pg2308,pg2308,4193.0,0.0,0.0,0.0,3,4191.0,4194.0,18,4189.0,4181.0,4200.0,4178.0,50.0,4190500.0,17356
2023-05-09 21:01:09,pg2308,pg2308,4193.0,0.0,0.0,0.0,17,4190.0,4193.0,2,4189.0,4181.0,4200.0,4178.0,50.0,4190500.0,17356
2023-05-09 21:01:09,pg2308,pg2308,4193.0,0.0,0.0,0.0,10,4190.0,4193.0,1,4189.0,4181.0,4200.0,4178.0,50.0,4190500.0,17356
2023-05-09 21:01:10,pg2308,pg2308,4193.0,0.0,0.0,0.0,2,4191.0,4194.0,18,4189.0,4181.0,4200.0,4178.0,50.0,4190500.0,17356
2023-05-09 21:01:10,pg2308,pg2308,4193.0,0.0,0.0,0.0,2,4191.0,4194.0,11,4189.0,4181.0,4200.0,4178.0,50.0,4190500.0,17356
2023-05-09 21:01:11,pg2308,pg2308,4193.0,0.0,0.0,0.0,4,4191.0,4194.0,9,4189.0,4181.0,4200.0,4178.0,50.0,4190500.0,17356
2023-05-09 21:01:11,pg2308,pg2308,4193.0,0.0,0.0,0.0,2,4191.0,4194.0,8,4189.0,4181.0,4200.0,4178.0,50.0,4190500.0,17356
2023-05-09 21:01:12,pg2308,pg2308,4193.0,0.0,0.0,0.0,7,4191.0,4194.0,2,4189.0,4181.0,4200.0,4178.0,50.0,4190500.0,17356
2023-05-09 21:01:12,pg2308,pg2308,4193.0,0.0,0.0,0.0,5,4191.0,4193.0,3,4189.0,4181.0,4200.0,4178.0,50.0,4190500.0,17356
2023-05-09 21:01:13,pg2308,pg2308,4193.0,0.0,0.0,0.0,5,4191.0,4194.0,9,4189.0,4181.0,4200.0,4178.0,50.0,4190500.0,17356
2023-05-09 21:01:13,pg2308,pg2308,4193.0,0.0,0.0,0.0,7,4191.0,4194.0,2,4189.0,4181.0,4200.0,4178.0,50.0,4190500.0,17356
2023-05-09 21:01:14,pg2308,pg2308,4193.0,0.0,0.0,0.0,11,4191.0,4194.0,2,4189.0,4181.0,4200.0,4178.0,50.0,4190500.0,17356
2023-05-09 21:01:14,pg2308,pg2308,4193.0,0.0,0.0,0.0,9,4192.0,4194.0,2,4189.0,4181.0,4200.0,4178.0,50.0,4190500.0,17356
2023-05-09 21:01:15,pg2308,pg2308,4194.0,2.0,167760.0,-2.0,15,4192.0,4195.0,3,4189.0,4181.0,4200.0,4178.0,52.0,4358260.0,17354
2023-05-09 21:01:15,pg2308,pg2308,4194.0,0.0,0.0,0.0,2,4193.0,4195.0,2,4189.0,4181.0,4200.0,4178.0,52.0,4358260.0,17354
2023-05-09 21:01:16,pg2308,pg2308,4194.0,0.0,0.0,0.0,18,4192.0,4195.0,3,4189.0,4181.0,4200.0,4178.0,52.0,4358260.0,17354
2023-05-09 21:01:16,pg2308,pg2308,4194.0,0.0,0.0,0.0,8,4193.0,4196.0,7,4189.0,4181.0,4200.0,4178.0,52.0,4358260.0,17354
2023-05-09 21:01:16,pg2308,pg2308,4194.0,0.0,0.0,0.0,8,4193.0,4196.0,5,4189.0,4181.0,4200.0,4178.0,52.0,4358260.0,17354
2023-05-09 21:01:17,pg2308,pg2308,4194.0,0.0,0.0,0.0,5,4193.0,4196.0,4,4189.0,4181.0,4200.0,4178.0,52.0,4358260.0,17354
2023-05-09 21:01:18,pg2308,pg2308,4194.0,0.0,0.0,0.0,10,4193.0,4196.0,3,4189.0,4181.0,4200.0,4178.0,52.0,4358260.0,17354
2023-05-09 21:01:18,pg2308,pg2308,4194.0,0.0,0.0,0.0,18,4193.0,4196.0,3,4189.0,4181.0,4200.0,4178.0,52.0,4358260.0,17354
2023-05-09 21:01:19,pg2308,pg2308,4194.0,0.0,0.0,0.0,18,4193.0,4196.0,2,4189.0,4181.0,4200.0,4178.0,52.0,4358260.0,17354
2023-05-09 21:01:19,pg2308,pg2308,4194.0,0.0,0.0,0.0,16,4193.0,4196.0,3,4189.0,4181.0,4200.0,4178.0,52.0,4358260.0,17354
2023-05-09 21:01:20,pg2308,pg2308,4194.0,0.0,0.0,0.0,16,4193.0,4196.0,4,4189.0,4181.0,4200.0,4178.0,52.0,4358260.0,17354
2023-05-09 21:01:20,pg2308,pg2308,4194.0,0.0,0.0,0.0,18,4193.0,4196.0,2,4189.0,4181.0,4200.0,4178.0,52.0,4358260.0,17354
2023-05-09 21:01:21,pg2308,pg2308,4194.0,0.0,0.0,0.0,14,4193.0,4196.0,5,4189.0,4181.0,4200.0,4178.0,52.0,4358260.0,17354
2023-05-09 21:01:21,pg2308,pg2308,4194.0,0.0,0.0,0.0,11,4193.0,4196.0,5,4189.0,4181.0,4200.0,4178.0,52.0,4358260.0,17354
2023-05-09 21:01:22,pg2308,pg2308,4194.0,0.0,0.0,0.0,5,4193.0,4196.0,5,4189.0,4181.0,4200.0,4178.0,52.0,4358260.0,17354
2023-05-09 21:01:22,pg2308,pg2308,4194.0,0.0,0.0,0.0,5,4193.0,4196.0,3,4189.0,4181.0,4200.0,4178.0,52.0,4358260.0,17354
2023-05-09 21:01:23,pg2308,pg2308,4194.0,0.0,0.0,0.0,7,4193.0,4197.0,8,4189.0,4181.0,4200.0,4178.0,52.0,4358260.0,17354
2023-05-09 21:01:23,pg2308,pg2308,4194.0,0.0,0.0,0.0,9,4193.0,4197.0,6,4189.0,4181.0,4200.0,4178.0,52.0,4358260.0,17354
2023-05-09 21:01:24,pg2308,pg2308,4194.0,0.0,0.0,0.0,13,4193.0,4197.0,4,4189.0,4181.0,4200.0,4178.0,52.0,4358260.0,17354
2023-05-09 21:01:25,pg2308,pg2308,4194.0,0.0,0.0,0.0,13,4193.0,4196.0,2,4189.0,4181.0,4200.0,4178.0,52.0,4358260.0,17354
2023-05-09 21:01:25,pg2308,pg2308,4194.0,0.0,0.0,0.0,2,4194.0,4197.0,9,4189.0,4181.0,4200.0,4178.0,52.0,4358260.0,17354
2023-05-09 21:01:26,pg2308,pg2308,4194.0,0.0,0.0,0.0,6,4193.0,4196.0,5,4189.0,4181.0,4200.0,4178.0,52.0,4358260.0,17354
2023-05-09 21:01:26,pg2308,pg2308,4194.0,0.0,0.0,0.0,4,4193.0,4196.0,4,4189.0,4181.0,4200.0,4178.0,52.0,4358260.0,17354
2023-05-09 21:01:27,pg2308,pg2308,4194.0,0.0,0.0,0.0,2,4193.0,4196.0,6,4189.0,4181.0,4200.0,4178.0,52.0,4358260.0,17354
2023-05-09 21:01:28,pg2308,pg2308,4194.0,0.0,0.0,0.0,4,4193.0,4196.0,2,4189.0,4181.0,4200.0,4178.0,52.0,4358260.0,17354
2023-05-09 21:01:28,pg2308,pg2308,4194.0,0.0,0.0,0.0,4,4193.0,4196.0,3,4189.0,4181.0,4200.0,4178.0,52.0,4358260.0,17354
2023-05-09 21:01:30,pg2308,pg2308,4194.0,0.0,0.0,0.0,2,4193.0,4196.0,5,4189.0,4181.0,4200.0,4178.0,52.0,4358260.0,17354
2023-05-09 21:01:31,pg2308,pg2308,4194.0,0.0,0.0,0.0,5,4193.0,4196.0,3,4189.0,4181.0,4200.0,4178.0,52.0,4358260.0,17354
2023-05-09 21:01:32,pg2308,pg2308,4194.0,0.0,0.0,0.0,10,4193.0,4197.0,6,4189.0,4181.0,4200.0,4178.0,52.0,4358260.0,17354
2023-05-09 21:01:32,pg2308,pg2308,4194.0,0.0,0.0,0.0,9,4193.0,4196.0,2,4189.0,4181.0,4200.0,4178.0,52.0,4358260.0,17354
2023-05-09 21:01:33,pg2308,pg2308,4194.0,0.0,0.0,0.0,8,4194.0,4197.0,5,4189.0,4181.0,4200.0,4178.0,52.0,4358260.0,17354
2023-05-09 21:01:33,pg2308,pg2308,4194.0,0.0,0.0,0.0,5,4194.0,4197.0,3,4189.0,4181.0,4200.0,4178.0,52.0,4358260.0,17354
2023-05-09 21:01:34,pg2308,pg2308,4194.0,0.0,0.0,0.0,20,4193.0,4197.0,5,4189.0,4181.0,4200.0,4178.0,52.0,4358260.0,17354
2023-05-09 21:01:35,pg2308,pg2308,4194.0,0.0,0.0,0.0,3,4194.0,4197.0,5,4189.0,4181.0,4200.0,4178.0,52.0,4358260.0,17354
2023-05-09 21:01:35,pg2308,pg2308,4198.0,12.0,1007440.0,1.0,5,4199.0,4200.0,2,4189.0,4181.0,4200.0,4178.0,64.0,5365700.0,17355
2023-05-09 21:01:36,pg2308,pg2308,4199.0,6.0,503880.0,4.0,11,4198.0,4200.0,5,4189.0,4181.0,4200.0,4178.0,70.0,5869580.0,17359
2023-05-09 21:01:36,pg2308,pg2308,4199.0,0.0,0.0,0.0,8,4198.0,4201.0,8,4189.0,4181.0,4200.0,4178.0,70.0,5869580.0,17359
2023-05-09 21:01:37,pg2308,pg2308,4199.0,0.0,0.0,0.0,4,4199.0,4202.0,13,4189.0,4181.0,4200.0,4178.0,70.0,5869580.0,17359
2023-05-09 21:01:37,pg2308,pg2308,4199.0,0.0,0.0,0.0,1,4199.0,4202.0,13,4189.0,4181.0,4200.0,4178.0,70.0,5869580.0,17359
2023-05-09 21:01:38,pg2308,pg2308,4199.0,0.0,0.0,0.0,1,4199.0,4202.0,3,4189.0,4181.0,4200.0,4178.0,70.0,5869580.0,17359
2023-05-09 21:01:38,pg2308,pg2308,4199.0,0.0,0.0,0.0,3,4199.0,4201.0,2,4189.0,4181.0,4200.0,4178.0,70.0,5869580.0,17359
2023-05-09 21:01:39,pg2308,pg2308,4199.0,0.0,0.0,0.0,3,4199.0,4202.0,11,4189.0,4181.0,4200.0,4178.0,70.0,5869580.0,17359
2023-05-09 21:01:39,pg2308,pg2308,4199.0,0.0,0.0,0.0,19,4198.0,4201.0,2,4189.0,4181.0,4200.0,4178.0,70.0,5869580.0,17359
2023-05-09 21:01:40,pg2308,pg2308,4199.0,0.0,0.0,0.0,2,4199.0,4201.0,2,4189.0,4181.0,4200.0,4178.0,70.0,5869580.0,17359
2023-05-09 21:01:41,pg2308,pg2308,4199.0,0.0,0.0,0.0,2,4199.0,4201.0,4,4189.0,4181.0,4200.0,4178.0,70.0,5869580.0,17359
2023-05-09 21:01:41,pg2308,pg2308,4199.0,0.0,0.0,0.0,17,4198.0,4201.0,4,4189.0,4181.0,4200.0,4178.0,70.0,5869580.0,17359
2023-05-09 21:01:42,pg2308,pg2308,4199.0,0.0,0.0,0.0,12,4198.0,4199.0,2,4189.0,4181.0,4200.0,4178.0,70.0,5869580.0,17359
2023-05-09 21:01:42,pg2308,pg2308,4198.0,1.0,83960.0,0.0,8,4198.0,4200.0,2,4189.0,4181.0,4200.0,4178.0,71.0,5953540.0,17359
2023-05-09 21:01:43,pg2308,pg2308,4201.0,5.0,420020.0,-1.0,1,4199.0,4201.0,2,4189.0,4181.0,4201.0,4178.0,76.0,6373560.0,17358
2023-05-09 21:01:43,pg2308,pg2308,4201.0,0.0,0.0,0.0,13,4198.0,4201.0,2,4189.0,4181.0,4201.0,4178.0,76.0,6373560.0,17358
2023-05-09 21:01:44,pg2308,pg2308,4201.0,0.0,0.0,0.0,1,4199.0,4201.0,3,4189.0,4181.0,4201.0,4178.0,76.0,6373560.0,17358
2023-05-09 21:01:44,pg2308,pg2308,4201.0,0.0,0.0,0.0,1,4199.0,4201.0,2,4189.0,4181.0,4201.0,4178.0,76.0,6373560.0,17358
2023-05-09 21:01:45,pg2308,pg2308,4201.0,0.0,0.0,0.0,15,4198.0,4201.0,2,4189.0,4181.0,4201.0,4178.0,76.0,6373560.0,17358
2023-05-09 21:01:45,pg2308,pg2308,4201.0,0.0,0.0,0.0,2,4199.0,4201.0,2,4189.0,4181.0,4201.0,4178.0,76.0,6373560.0,17358
2023-05-09 21:01:46,pg2308,pg2308,4201.0,0.0,0.0,0.0,18,4198.0,4201.0,2,4189.0,4181.0,4201.0,4178.0,76.0,6373560.0,17358
2023-05-09 21:01:46,pg2308,pg2308,4201.0,0.0,0.0,0.0,2,4199.0,4201.0,2,4189.0,4181.0,4201.0,4178.0,76.0,6373560.0,17358
2023-05-09 21:01:47,pg2308,pg2308,4199.0,2.0,167960.0,-2.0,18,4198.0,4201.0,2,4189.0,4181.0,4201.0,4178.0,78.0,6541520.0,17356
2023-05-09 21:01:47,pg2308,pg2308,4199.0,0.0,0.0,0.0,16,4198.0,4202.0,8,4189.0,4181.0,4201.0,4178.0,78.0,6541520.0,17356
2023-05-09 21:01:48,pg2308,pg2308,4199.0,0.0,0.0,0.0,7,4199.0,4202.0,4,4189.0,4181.0,4201.0,4178.0,78.0,6541520.0,17356
2023-05-09 21:01:48,pg2308,pg2308,4199.0,0.0,0.0,0.0,6,4199.0,4202.0,2,4189.0,4181.0,4201.0,4178.0,78.0,6541520.0,17356
2023-05-09 21:01:49,pg2308,pg2308,4199.0,0.0,0.0,0.0,13,4198.0,4201.0,5,4189.0,4181.0,4201.0,4178.0,78.0,6541520.0,17356
2023-05-09 21:01:49,pg2308,pg2308,4198.0,6.0,503760.0,1.0,1,4198.0,4200.0,8,4189.0,4181.0,4201.0,4178.0,84.0,7045280.0,17357
2023-05-09 21:01:50,pg2308,pg2308,4198.0,1.0,83960.0,-1.0,2,4197.0,4200.0,3,4189.0,4181.0,4201.0,4178.0,85.0,7129240.0,17356
2023-05-09 21:01:51,pg2308,pg2308,4198.0,0.0,0.0,0.0,2,4197.0,4200.0,8,4189.0,4181.0,4201.0,4178.0,85.0,7129240.0,17356
2023-05-09 21:01:51,pg2308,pg2308,4198.0,0.0,0.0,0.0,6,4196.0,4199.0,8,4189.0,4181.0,4201.0,4178.0,85.0,7129240.0,17356
2023-05-09 21:01:52,pg2308,pg2308,4198.0,0.0,0.0,0.0,4,4196.0,4199.0,2,4189.0,4181.0,4201.0,4178.0,85.0,7129240.0,17356
2023-05-09 21:01:52,pg2308,pg2308,4198.0,0.0,0.0,0.0,2,4196.0,4199.0,9,4189.0,4181.0,4201.0,4178.0,85.0,7129240.0,17356
2023-05-09 21:01:53,pg2308,pg2308,4198.0,0.0,0.0,0.0,18,4195.0,4198.0,9,4189.0,4181.0,4201.0,4178.0,85.0,7129240.0,17356
2023-05-09 21:01:53,pg2308,pg2308,4198.0,0.0,0.0,0.0,10,4195.0,4198.0,9,4189.0,4181.0,4201.0,4178.0,85.0,7129240.0,17356
2023-05-09 21:01:54,pg2308,pg2308,4198.0,0.0,0.0,0.0,2,4195.0,4198.0,11,4189.0,4181.0,4201.0,4178.0,85.0,7129240.0,17356
2023-05-09 21:01:54,pg2308,pg2308,4198.0,0.0,0.0,0.0,6,4194.0,4198.0,13,4189.0,4181.0,4201.0,4178.0,85.0,7129240.0,17356
2023-05-09 21:01:55,pg2308,pg2308,4198.0,0.0,0.0,0.0,3,4195.0,4198.0,16,4189.0,4181.0,4201.0,4178.0,85.0,7129240.0,17356
2023-05-09 21:01:55,pg2308,pg2308,4198.0,0.0,0.0,0.0,4,4195.0,4197.0,1,4189.0,4181.0,4201.0,4178.0,85.0,7129240.0,17356
2023-05-09 21:01:56,pg2308,pg2308,4198.0,0.0,0.0,0.0,4,4195.0,4198.0,2,4189.0,4181.0,4201.0,4178.0,85.0,7129240.0,17356
2023-05-09 21:01:58,pg2308,pg2308,4198.0,0.0,0.0,0.0,1,4196.0,4199.0,19,4189.0,4181.0,4201.0,4178.0,85.0,7129240.0,17356
2023-05-09 21:01:58,pg2308,pg2308,4198.0,0.0,0.0,0.0,1,4196.0,4199.0,12,4189.0,4181.0,4201.0,4178.0,85.0,7129240.0,17356
2023-05-09 21:01:59,pg2308,pg2308,4198.0,0.0,0.0,0.0,1,4196.0,4199.0,8,4189.0,4181.0,4201.0,4178.0,85.0,7129240.0,17356
2023-05-09 21:02:00,pg2308,pg2308,4198.0,0.0,0.0,0.0,3,4196.0,4199.0,10,4189.0,4181.0,4201.0,4178.0,85.0,7129240.0,17356
2023-05-09 21:02:00,pg2308,pg2308,4198.0,0.0,0.0,0.0,3,4196.0,4198.0,1,4189.0,4181.0,4201.0,4178.0,85.0,7129240.0,17356
2023-05-09 21:02:02,pg2308,pg2308,4198.0,0.0,0.0,0.0,3,4196.0,4199.0,7,4189.0,4181.0,4201.0,4178.0,85.0,7129240.0,17356
2023-05-09 21:02:03,pg2308,pg2308,4198.0,0.0,0.0,0.0,3,4196.0,4199.0,9,4189.0,4181.0,4201.0,4178.0,85.0,7129240.0,17356
2023-05-09 21:02:03,pg2308,pg2308,4198.0,0.0,0.0,0.0,3,4196.0,4199.0,7,4189.0,4181.0,4201.0,4178.0,85.0,7129240.0,17356
2023-05-09 21:02:05,pg2308,pg2308,4198.0,0.0,0.0,0.0,3,4196.0,4199.0,9,4189.0,4181.0,4201.0,4178.0,85.0,7129240.0,17356
2023-05-09 21:02:05,pg2308,pg2308,4198.0,0.0,0.0,0.0,3,4196.0,4199.0,10,4189.0,4181.0,4201.0,4178.0,85.0,7129240.0,17356
2023-05-09 21:02:06,pg2308,pg2308,4198.0,0.0,0.0,0.0,7,4195.0,4198.0,8,4189.0,4181.0,4201.0,4178.0,85.0,7129240.0,17356
2023-05-09 21:02:07,pg2308,pg2308,4198.0,0.0,0.0,0.0,3,4195.0,4198.0,7,4189.0,4181.0,4201.0,4178.0,85.0,7129240.0,17356
2023-05-09 21:02:07,pg2308,pg2308,4198.0,0.0,0.0,0.0,2,4195.0,4198.0,7,4189.0,4181.0,4201.0,4178.0,85.0,7129240.0,17356
2023-05-09 21:02:08,pg2308,pg2308,4198.0,0.0,0.0,0.0,2,4195.0,4198.0,15,4189.0,4181.0,4201.0,4178.0,85.0,7129240.0,17356
2023-05-09 21:02:08,pg2308,pg2308,4198.0,0.0,0.0,0.0,2,4195.0,4198.0,21,4189.0,4181.0,4201.0,4178.0,85.0,7129240.0,17356
2023-05-09 21:02:08,pg2308,pg2308,4198.0,0.0,0.0,0.0,2,4195.0,4198.0,16,4189.0,4181.0,4201.0,4178.0,85.0,7129240.0,17356
2023-05-09 21:02:09,pg2308,pg2308,4198.0,0.0,0.0,0.0,2,4195.0,4198.0,21,4189.0,4181.0,4201.0,4178.0,85.0,7129240.0,17356
2023-05-09 21:02:10,pg2308,pg2308,4198.0,0.0,0.0,0.0,1,4195.0,4198.0,16,4189.0,4181.0,4201.0,4178.0,85.0,7129240.0,17356
2023-05-09 21:02:11,pg2308,pg2308,4198.0,0.0,0.0,0.0,2,4195.0,4198.0,16,4189.0,4181.0,4201.0,4178.0,85.0,7129240.0,17356
2023-05-09 21:02:11,pg2308,pg2308,4198.0,0.0,0.0,0.0,2,4195.0,4198.0,15,4189.0,4181.0,4201.0,4178.0,85.0,7129240.0,17356
2023-05-09 21:02:12,pg2308,pg2308,4194.0,7.0,587160.0,5.0,12,4192.0,4194.0,2,4189.0,4181.0,4201.0,4178.0,92.0,7716400.0,17361
2023-05-09 21:02:12,pg2308,pg2308,4194.0,7.0,587160.0,-5.0,9,4191.0,4195.0,16,4189.0,4181.0,4201.0,4178.0,99.0,8303560.0,17356
2023-05-09 21:02:13,pg2308,pg2308,4194.0,0.0,0.0,0.0,7,4192.0,4194.0,2,4189.0,4181.0,4201.0,4178.0,99.0,8303560.0,17356
2023-05-09 21:02:13,pg2308,pg2308,4194.0,0.0,0.0,0.0,9,4192.0,4195.0,2,4189.0,4181.0,4201.0,4178.0,99.0,8303560.0,17356
2023-05-09 21:02:14,pg2308,pg2308,4194.0,0.0,0.0,0.0,11,4192.0,4195.0,2,4189.0,4181.0,4201.0,4178.0,99.0,8303560.0,17356
2023-05-09 21:02:16,pg2308,pg2308,4194.0,0.0,0.0,0.0,11,4192.0,4196.0,14,4189.0,4181.0,4201.0,4178.0,99.0,8303560.0,17356
2023-05-09 21:02:17,pg2308,pg2308,4194.0,0.0,0.0,0.0,16,4192.0,4195.0,2,4189.0,4181.0,4201.0,4178.0,99.0,8303560.0,17356
2023-05-09 21:02:17,pg2308,pg2308,4194.0,0.0,0.0,0.0,18,4192.0,4195.0,2,4189.0,4181.0,4201.0,4178.0,99.0,8303560.0,17356
2023-05-09 21:02:18,pg2308,pg2308,4194.0,0.0,0.0,0.0,20,4192.0,4195.0,2,4189.0,4181.0,4201.0,4178.0,99.0,8303560.0,17356
2023-05-09 21:02:18,pg2308,pg2308,4194.0,0.0,0.0,0.0,17,4192.0,4195.0,2,4189.0,4181.0,4201.0,4178.0,99.0,8303560.0,17356
2023-05-09 21:02:19,pg2308,pg2308,4194.0,0.0,0.0,0.0,20,4192.0,4195.0,2,4189.0,4181.0,4201.0,4178.0,99.0,8303560.0,17356
2023-05-09 21:02:20,pg2308,pg2308,4194.0,0.0,0.0,0.0,17,4192.0,4195.0,2,4189.0,4181.0,4201.0,4178.0,99.0,8303560.0,17356
2023-05-09 21:02:21,pg2308,pg2308,4194.0,0.0,0.0,0.0,2,4193.0,4195.0,2,4189.0,4181.0,4201.0,4178.0,99.0,8303560.0,17356
2023-05-09 21:02:24,pg2308,pg2308,4194.0,0.0,0.0,0.0,19,4192.0,4195.0,2,4189.0,4181.0,4201.0,4178.0,99.0,8303560.0,17356
2023-05-09 21:02:25,pg2308,pg2308,4194.0,0.0,0.0,0.0,17,4192.0,4195.0,2,4189.0,4181.0,4201.0,4178.0,99.0,8303560.0,17356
2023-05-09 21:02:26,pg2308,pg2308,4194.0,0.0,0.0,0.0,15,4192.0,4195.0,2,4189.0,4181.0,4201.0,4178.0,99.0,8303560.0,17356
2023-05-09 21:02:28,pg2308,pg2308,4192.0,1.0,83840.0,0.0,14,4192.0,4195.0,2,4189.0,4181.0,4201.0,4178.0,100.0,8387400.0,17356
2023-05-09 21:02:28,pg2308,pg2308,4192.0,0.0,0.0,0.0,16,4192.0,4195.0,2,4189.0,4181.0,4201.0,4178.0,100.0,8387400.0,17356
2023-05-09 21:02:29,pg2308,pg2308,4192.0,0.0,0.0,0.0,10,4192.0,4195.0,2,4189.0,4181.0,4201.0,4178.0,100.0,8387400.0,17356
2023-05-09 21:02:29,pg2308,pg2308,4192.0,0.0,0.0,0.0,4,4192.0,4195.0,2,4189.0,4181.0,4201.0,4178.0,100.0,8387400.0,17356
2023-05-09 21:02:30,pg2308,pg2308,4192.0,0.0,0.0,0.0,4,4193.0,4195.0,2,4189.0,4181.0,4201.0,4178.0,100.0,8387400.0,17356
2023-05-09 21:02:31,pg2308,pg2308,4192.0,0.0,0.0,0.0,2,4193.0,4195.0,2,4189.0,4181.0,4201.0,4178.0,100.0,8387400.0,17356
2023-05-09 21:02:32,pg2308,pg2308,4192.0,0.0,0.0,0.0,15,4192.0,4195.0,2,4189.0,4181.0,4201.0,4178.0,100.0,8387400.0,17356
2023-05-09 21:02:33,pg2308,pg2308,4192.0,0.0,0.0,0.0,11,4192.0,4194.0,2,4189.0,4181.0,4201.0,4178.0,100.0,8387400.0,17356
2023-05-09 21:02:33,pg2308,pg2308,4192.0,0.0,0.0,0.0,5,4192.0,4195.0,2,4189.0,4181.0,4201.0,4178.0,100.0,8387400.0,17356
2023-05-09 21:02:34,pg2308,pg2308,4192.0,0.0,0.0,0.0,20,4191.0,4195.0,8,4189.0,4181.0,4201.0,4178.0,100.0,8387400.0,17356
2023-05-09 21:02:34,pg2308,pg2308,4192.0,0.0,0.0,0.0,20,4191.0,4195.0,9,4189.0,4181.0,4201.0,4178.0,100.0,8387400.0,17356
2023-05-09 21:02:35,pg2308,pg2308,4192.0,0.0,0.0,0.0,20,4191.0,4194.0,4,4189.0,4181.0,4201.0,4178.0,100.0,8387400.0,17356
2023-05-09 21:02:35,pg2308,pg2308,4192.0,0.0,0.0,0.0,11,4191.0,4194.0,4,4189.0,4181.0,4201.0,4178.0,100.0,8387400.0,17356
2023-05-09 21:02:36,pg2308,pg2308,4192.0,0.0,0.0,0.0,14,4190.0,4193.0,2,4189.0,4181.0,4201.0,4178.0,100.0,8387400.0,17356
2023-05-09 21:02:37,pg2308,pg2308,4193.0,2.0,167720.0,0.0,2,4192.0,4194.0,2,4189.0,4181.0,4201.0,4178.0,102.0,8555120.0,17356
2023-05-09 21:02:38,pg2308,pg2308,4193.0,0.0,0.0,0.0,4,4192.0,4195.0,14,4189.0,4181.0,4201.0,4178.0,102.0,8555120.0,17356
2023-05-09 21:02:39,pg2308,pg2308,4193.0,0.0,0.0,0.0,4,4192.0,4194.0,2,4189.0,4181.0,4201.0,4178.0,102.0,8555120.0,17356
2023-05-09 21:02:39,pg2308,pg2308,4193.0,0.0,0.0,0.0,4,4192.0,4195.0,16,4189.0,4181.0,4201.0,4178.0,102.0,8555120.0,17356
2023-05-09 21:02:42,pg2308,pg2308,4193.0,0.0,0.0,0.0,6,4192.0,4195.0,14,4189.0,4181.0,4201.0,4178.0,102.0,8555120.0,17356
2023-05-09 21:02:43,pg2308,pg2308,4193.0,0.0,0.0,0.0,4,4192.0,4195.0,14,4189.0,4181.0,4201.0,4178.0,102.0,8555120.0,17356
2023-05-09 21:02:43,pg2308,pg2308,4193.0,0.0,0.0,0.0,4,4192.0,4194.0,2,4189.0,4181.0,4201.0,4178.0,102.0,8555120.0,17356
2023-05-09 21:02:44,pg2308,pg2308,4193.0,0.0,0.0,0.0,4,4192.0,4194.0,4,4189.0,4181.0,4201.0,4178.0,102.0,8555120.0,17356
2023-05-09 21:02:46,pg2308,pg2308,4193.0,0.0,0.0,0.0,4,4192.0,4195.0,8,4189.0,4181.0,4201.0,4178.0,102.0,8555120.0,17356
2023-05-09 21:02:48,pg2308,pg2308,4193.0,0.0,0.0,0.0,2,4192.0,4195.0,10,4189.0,4181.0,4201.0,4178.0,102.0,8555120.0,17356
2023-05-09 21:02:48,pg2308,pg2308,4193.0,0.0,0.0,0.0,2,4192.0,4195.0,14,4189.0,4181.0,4201.0,4178.0,102.0,8555120.0,17356
2023-05-09 21:02:48,pg2308,pg2308,4193.0,0.0,0.0,0.0,2,4192.0,4195.0,16,4189.0,4181.0,4201.0,4178.0,102.0,8555120.0,17356
2023-05-09 21:02:49,pg2308,pg2308,4193.0,0.0,0.0,0.0,4,4192.0,4195.0,16,4189.0,4181.0,4201.0,4178.0,102.0,8555120.0,17356
2023-05-09 21:02:50,pg2308,pg2308,4193.0,0.0,0.0,0.0,4,4192.0,4195.0,18,4189.0,4181.0,4201.0,4178.0,102.0,8555120.0,17356
2023-05-09 21:02:51,pg2308,pg2308,4193.0,0.0,0.0,0.0,6,4192.0,4195.0,8,4189.0,4181.0,4201.0,4178.0,102.0,8555120.0,17356
2023-05-09 21:02:51,pg2308,pg2308,4193.0,0.0,0.0,0.0,8,4192.0,4195.0,8,4189.0,4181.0,4201.0,4178.0,102.0,8555120.0,17356
2023-05-09 21:02:52,pg2308,pg2308,4193.0,0.0,0.0,0.0,15,4192.0,4195.0,5,4189.0,4181.0,4201.0,4178.0,102.0,8555120.0,17356
2023-05-09 21:02:52,pg2308,pg2308,4193.0,0.0,0.0,0.0,14,4192.0,4195.0,8,4189.0,4181.0,4201.0,4178.0,102.0,8555120.0,17356
2023-05-09 21:02:53,pg2308,pg2308,4193.0,0.0,0.0,0.0,12,4192.0,4195.0,8,4189.0,4181.0,4201.0,4178.0,102.0,8555120.0,17356
2023-05-09 21:02:53,pg2308,pg2308,4193.0,0.0,0.0,0.0,8,4192.0,4195.0,9,4189.0,4181.0,4201.0,4178.0,102.0,8555120.0,17356
2023-05-09 21:02:54,pg2308,pg2308,4193.0,0.0,0.0,0.0,8,4192.0,4195.0,10,4189.0,4181.0,4201.0,4178.0,102.0,8555120.0,17356
2023-05-09 21:02:54,pg2308,pg2308,4193.0,0.0,0.0,0.0,7,4192.0,4195.0,10,4189.0,4181.0,4201.0,4178.0,102.0,8555120.0,17356
2023-05-09 21:02:55,pg2308,pg2308,4193.0,0.0,0.0,0.0,9,4192.0,4195.0,10,4189.0,4181.0,4201.0,4178.0,102.0,8555120.0,17356
2023-05-09 21:02:55,pg2308,pg2308,4193.0,0.0,0.0,0.0,4,4192.0,4195.0,12,4189.0,4181.0,4201.0,4178.0,102.0,8555120.0,17356
2023-05-09 21:02:56,pg2308,pg2308,4193.0,0.0,0.0,0.0,4,4192.0,4195.0,16,4189.0,4181.0,4201.0,4178.0,102.0,8555120.0,17356
2023-05-09 21:02:56,pg2308,pg2308,4193.0,0.0,0.0,0.0,11,4192.0,4195.0,12,4189.0,4181.0,4201.0,4178.0,102.0,8555120.0,17356
2023-05-09 21:02:57,pg2308,pg2308,4193.0,0.0,0.0,0.0,11,4192.0,4195.0,9,4189.0,4181.0,4201.0,4178.0,102.0,8555120.0,17356
2023-05-09 21:02:57,pg2308,pg2308,4193.0,0.0,0.0,0.0,6,4192.0,4195.0,10,4189.0,4181.0,4201.0,4178.0,102.0,8555120.0,17356
2023-05-09 21:02:58,pg2308,pg2308,4193.0,0.0,0.0,0.0,6,4192.0,4195.0,14,4189.0,4181.0,4201.0,4178.0,102.0,8555120.0,17356
2023-05-09 21:02:58,pg2308,pg2308,4193.0,0.0,0.0,0.0,4,4192.0,4194.0,2,4189.0,4181.0,4201.0,4178.0,102.0,8555120.0,17356
2023-05-09 21:02:59,pg2308,pg2308,4193.0,0.0,0.0,0.0,4,4192.0,4195.0,16,4189.0,4181.0,4201.0,4178.0,102.0,8555120.0,17356
2023-05-09 21:02:59,pg2308,pg2308,4193.0,0.0,0.0,0.0,6,4192.0,4195.0,18,4189.0,4181.0,4201.0,4178.0,102.0,8555120.0,17356
2023-05-09 21:03:00,pg2308,pg2308,4193.0,0.0,0.0,0.0,12,4191.0,4195.0,18,4189.0,4181.0,4201.0,4178.0,102.0,8555120.0,17356
2023-05-09 21:03:01,pg2308,pg2308,4193.0,0.0,0.0,0.0,4,4191.0,4194.0,2,4189.0,4181.0,4201.0,4178.0,102.0,8555120.0,17356
2023-05-09 21:03:01,pg2308,pg2308,4193.0,0.0,0.0,0.0,13,4191.0,4194.0,6,4189.0,4181.0,4201.0,4178.0,102.0,8555120.0,17356
2023-05-09 21:03:02,pg2308,pg2308,4191.0,1.0,83820.0,0.0,12,4190.0,4193.0,10,4189.0,4181.0,4201.0,4178.0,103.0,8638940.0,17356
2023-05-09 21:03:02,pg2308,pg2308,4191.0,0.0,0.0,0.0,8,4190.0,4193.0,12,4189.0,4181.0,4201.0,4178.0,103.0,8638940.0,17356
2023-05-09 21:03:03,pg2308,pg2308,4191.0,0.0,0.0,0.0,10,4190.0,4193.0,14,4189.0,4181.0,4201.0,4178.0,103.0,8638940.0,17356
2023-05-09 21:03:03,pg2308,pg2308,4191.0,0.0,0.0,0.0,19,4190.0,4193.0,2,4189.0,4181.0,4201.0,4178.0,103.0,8638940.0,17356
2023-05-09 21:03:04,pg2308,pg2308,4191.0,0.0,0.0,0.0,21,4190.0,4193.0,2,4189.0,4181.0,4201.0,4178.0,103.0,8638940.0,17356
2023-05-09 21:03:04,pg2308,pg2308,4191.0,0.0,0.0,0.0,14,4190.0,4193.0,2,4189.0,4181.0,4201.0,4178.0,103.0,8638940.0,17356
2023-05-09 21:03:05,pg2308,pg2308,4191.0,0.0,0.0,0.0,10,4190.0,4193.0,2,4189.0,4181.0,4201.0,4178.0,103.0,8638940.0,17356
2023-05-09 21:03:06,pg2308,pg2308,4191.0,0.0,0.0,0.0,6,4190.0,4193.0,4,4189.0,4181.0,4201.0,4178.0,103.0,8638940.0,17356
2023-05-09 21:03:06,pg2308,pg2308,4191.0,0.0,0.0,0.0,10,4190.0,4192.0,2,4189.0,4181.0,4201.0,4178.0,103.0,8638940.0,17356
2023-05-09 21:03:07,pg2308,pg2308,4191.0,0.0,0.0,0.0,19,4190.0,4193.0,5,4189.0,4181.0,4201.0,4178.0,103.0,8638940.0,17356
2023-05-09 21:03:07,pg2308,pg2308,4191.0,0.0,0.0,0.0,10,4190.0,4193.0,8,4189.0,4181.0,4201.0,4178.0,103.0,8638940.0,17356
2023-05-09 21:03:08,pg2308,pg2308,4191.0,0.0,0.0,0.0,4,4190.0,4193.0,6,4189.0,4181.0,4201.0,4178.0,103.0,8638940.0,17356
2023-05-09 21:03:08,pg2308,pg2308,4191.0,0.0,0.0,0.0,6,4190.0,4194.0,18,4189.0,4181.0,4201.0,4178.0,103.0,8638940.0,17356
2023-05-09 21:03:09,pg2308,pg2308,4191.0,0.0,0.0,0.0,9,4191.0,4194.0,19,4189.0,4181.0,4201.0,4178.0,103.0,8638940.0,17356
2023-05-09 21:03:09,pg2308,pg2308,4191.0,0.0,0.0,0.0,11,4191.0,4194.0,13,4189.0,4181.0,4201.0,4178.0,103.0,8638940.0,17356
2023-05-09 21:03:10,pg2308,pg2308,4191.0,0.0,0.0,0.0,11,4191.0,4194.0,6,4189.0,4181.0,4201.0,4178.0,103.0,8638940.0,17356
2023-05-09 21:03:10,pg2308,pg2308,4191.0,0.0,0.0,0.0,6,4191.0,4194.0,4,4189.0,4181.0,4201.0,4178.0,103.0,8638940.0,17356
2023-05-09 21:03:12,pg2308,pg2308,4191.0,0.0,0.0,0.0,4,4191.0,4194.0,6,4189.0,4181.0,4201.0,4178.0,103.0,8638940.0,17356
2023-05-09 21:03:12,pg2308,pg2308,4191.0,0.0,0.0,0.0,6,4191.0,4194.0,4,4189.0,4181.0,4201.0,4178.0,103.0,8638940.0,17356
2023-05-09 21:03:13,pg2308,pg2308,4191.0,0.0,0.0,0.0,4,4191.0,4194.0,6,4189.0,4181.0,4201.0,4178.0,103.0,8638940.0,17356
2023-05-09 21:03:14,pg2308,pg2308,4191.0,0.0,0.0,0.0,6,4191.0,4194.0,2,4189.0,4181.0,4201.0,4178.0,103.0,8638940.0,17356
2023-05-09 21:03:16,pg2308,pg2308,4191.0,0.0,0.0,0.0,11,4192.0,4195.0,18,4189.0,4181.0,4201.0,4178.0,103.0,8638940.0,17356
2023-05-09 21:03:17,pg2308,pg2308,4191.0,0.0,0.0,0.0,6,4192.0,4195.0,8,4189.0,4181.0,4201.0,4178.0,103.0,8638940.0,17356
2023-05-09 21:03:17,pg2308,pg2308,4191.0,0.0,0.0,0.0,4,4192.0,4195.0,4,4189.0,4181.0,4201.0,4178.0,103.0,8638940.0,17356
2023-05-09 21:03:18,pg2308,pg2308,4191.0,0.0,0.0,0.0,8,4191.0,4193.0,4,4189.0,4181.0,4201.0,4178.0,103.0,8638940.0,17356
2023-05-09 21:03:18,pg2308,pg2308,4191.0,0.0,0.0,0.0,14,4190.0,4193.0,4,4189.0,4181.0,4201.0,4178.0,103.0,8638940.0,17356
2023-05-09 21:03:19,pg2308,pg2308,4191.0,0.0,0.0,0.0,8,4190.0,4193.0,4,4189.0,4181.0,4201.0,4178.0,103.0,8638940.0,17356
2023-05-09 21:03:20,pg2308,pg2308,4191.0,0.0,0.0,0.0,6,4190.0,4193.0,4,4189.0,4181.0,4201.0,4178.0,103.0,8638940.0,17356
2023-05-09 21:03:28,pg2308,pg2308,4191.0,0.0,0.0,0.0,6,4190.0,4193.0,2,4189.0,4181.0,4201.0,4178.0,103.0,8638940.0,17356
2023-05-09 21:03:30,pg2308,pg2308,4191.0,0.0,0.0,0.0,6,4190.0,4194.0,18,4189.0,4181.0,4201.0,4178.0,103.0,8638940.0,17356
2023-05-09 21:03:31,pg2308,pg2308,4191.0,0.0,0.0,0.0,6,4190.0,4194.0,20,4189.0,4181.0,4201.0,4178.0,103.0,8638940.0,17356
2023-05-09 21:03:32,pg2308,pg2308,4191.0,0.0,0.0,0.0,6,4190.0,4193.0,6,4189.0,4181.0,4201.0,4178.0,103.0,8638940.0,17356
2023-05-09 21:03:34,pg2308,pg2308,4191.0,0.0,0.0,0.0,6,4190.0,4194.0,20,4189.0,4181.0,4201.0,4178.0,103.0,8638940.0,17356
2023-05-09 21:03:35,pg2308,pg2308,4191.0,0.0,0.0,0.0,6,4190.0,4193.0,4,4189.0,4181.0,4201.0,4178.0,103.0,8638940.0,17356
2023-05-09 21:03:36,pg2308,pg2308,4191.0,0.0,0.0,0.0,14,4189.0,4193.0,10,4189.0,4181.0,4201.0,4178.0,103.0,8638940.0,17356
2023-05-09 21:03:36,pg2308,pg2308,4191.0,0.0,0.0,0.0,10,4189.0,4192.0,2,4189.0,4181.0,4201.0,4178.0,103.0,8638940.0,17356
2023-05-09 21:03:37,pg2308,pg2308,4191.0,0.0,0.0,0.0,6,4189.0,4192.0,4,4189.0,4181.0,4201.0,4178.0,103.0,8638940.0,17356
2023-05-09 21:03:39,pg2308,pg2308,4191.0,0.0,0.0,0.0,6,4189.0,4192.0,5,4189.0,4181.0,4201.0,4178.0,103.0,8638940.0,17356
2023-05-09 21:03:39,pg2308,pg2308,4191.0,0.0,0.0,0.0,4,4189.0,4192.0,4,4189.0,4181.0,4201.0,4178.0,103.0,8638940.0,17356
2023-05-09 21:03:40,pg2308,pg2308,4191.0,0.0,0.0,0.0,6,4189.0,4192.0,4,4189.0,4181.0,4201.0,4178.0,103.0,8638940.0,17356
2023-05-09 21:03:40,pg2308,pg2308,4191.0,0.0,0.0,0.0,4,4189.0,4192.0,8,4189.0,4181.0,4201.0,4178.0,103.0,8638940.0,17356
2023-05-09 21:03:41,pg2308,pg2308,4191.0,0.0,0.0,0.0,10,4189.0,4191.0,4,4189.0,4181.0,4201.0,4178.0,103.0,8638940.0,17356
2023-05-09 21:03:41,pg2308,pg2308,4191.0,0.0,0.0,0.0,5,4189.0,4191.0,4,4189.0,4181.0,4201.0,4178.0,103.0,8638940.0,17356
2023-05-09 21:03:42,pg2308,pg2308,4191.0,0.0,0.0,0.0,2,4189.0,4191.0,4,4189.0,4181.0,4201.0,4178.0,103.0,8638940.0,17356
2023-05-09 21:03:43,pg2308,pg2308,4191.0,0.0,0.0,0.0,11,4189.0,4192.0,6,4189.0,4181.0,4201.0,4178.0,103.0,8638940.0,17356
2023-05-09 21:03:43,pg2308,pg2308,4191.0,0.0,0.0,0.0,4,4189.0,4192.0,6,4189.0,4181.0,4201.0,4178.0,103.0,8638940.0,17356
2023-05-09 21:03:44,pg2308,pg2308,4191.0,0.0,0.0,0.0,4,4189.0,4192.0,9,4189.0,4181.0,4201.0,4178.0,103.0,8638940.0,17356
2023-05-09 21:03:45,pg2308,pg2308,4191.0,0.0,0.0,0.0,4,4189.0,4192.0,14,4189.0,4181.0,4201.0,4178.0,103.0,8638940.0,17356
2023-05-09 21:03:45,pg2308,pg2308,4191.0,0.0,0.0,0.0,11,4189.0,4192.0,12,4189.0,4181.0,4201.0,4178.0,103.0,8638940.0,17356
2023-05-09 21:03:46,pg2308,pg2308,4191.0,0.0,0.0,0.0,9,4189.0,4192.0,8,4189.0,4181.0,4201.0,4178.0,103.0,8638940.0,17356
2023-05-09 21:03:46,pg2308,pg2308,4191.0,0.0,0.0,0.0,4,4189.0,4192.0,8,4189.0,4181.0,4201.0,4178.0,103.0,8638940.0,17356
2023-05-09 21:03:47,pg2308,pg2308,4191.0,0.0,0.0,0.0,6,4189.0,4192.0,6,4189.0,4181.0,4201.0,4178.0,103.0,8638940.0,17356
2023-05-09 21:03:47,pg2308,pg2308,4191.0,0.0,0.0,0.0,11,4189.0,4192.0,4,4189.0,4181.0,4201.0,4178.0,103.0,8638940.0,17356
2023-05-09 21:03:48,pg2308,pg2308,4191.0,0.0,0.0,0.0,19,4189.0,4192.0,4,4189.0,4181.0,4201.0,4178.0,103.0,8638940.0,17356
2023-05-09 21:03:48,pg2308,pg2308,4192.0,2.0,167680.0,0.0,10,4190.0,4193.0,10,4189.0,4181.0,4201.0,4178.0,105.0,8806620.0,17356
2023-05-09 21:03:49,pg2308,pg2308,4192.0,0.0,0.0,0.0,21,4190.0,4193.0,6,4189.0,4181.0,4201.0,4178.0,105.0,8806620.0,17356
2023-05-09 21:03:51,pg2308,pg2308,4192.0,0.0,0.0,0.0,19,4190.0,4193.0,8,4189.0,4181.0,4201.0,4178.0,105.0,8806620.0,17356
2023-05-09 21:03:51,pg2308,pg2308,4192.0,0.0,0.0,0.0,10,4190.0,4193.0,12,4189.0,4181.0,4201.0,4178.0,105.0,8806620.0,17356
2023-05-09 21:03:52,pg2308,pg2308,4192.0,0.0,0.0,0.0,6,4190.0,4193.0,12,4189.0,4181.0,4201.0,4178.0,105.0,8806620.0,17356
2023-05-09 21:03:53,pg2308,pg2308,4190.0,1.0,83800.0,0.0,19,4189.0,4192.0,4,4189.0,4181.0,4201.0,4178.0,106.0,8890420.0,17356
2023-05-09 21:03:53,pg2308,pg2308,4190.0,0.0,0.0,0.0,4,4189.0,4191.0,2,4189.0,4181.0,4201.0,4178.0,106.0,8890420.0,17356
2023-05-09 21:03:54,pg2308,pg2308,4190.0,0.0,0.0,0.0,2,4189.0,4191.0,4,4189.0,4181.0,4201.0,4178.0,106.0,8890420.0,17356
2023-05-09 21:03:55,pg2308,pg2308,4190.0,0.0,0.0,0.0,19,4188.0,4191.0,4,4189.0,4181.0,4201.0,4178.0,106.0,8890420.0,17356
2023-05-09 21:03:56,pg2308,pg2308,4190.0,0.0,0.0,0.0,14,4188.0,4192.0,16,4189.0,4181.0,4201.0,4178.0,106.0,8890420.0,17356
2023-05-09 21:03:56,pg2308,pg2308,4190.0,0.0,0.0,0.0,11,4189.0,4192.0,6,4189.0,4181.0,4201.0,4178.0,106.0,8890420.0,17356
2023-05-09 21:03:57,pg2308,pg2308,4190.0,0.0,0.0,0.0,15,4189.0,4192.0,4,4189.0,4181.0,4201.0,4178.0,106.0,8890420.0,17356
2023-05-09 21:03:57,pg2308,pg2308,4190.0,0.0,0.0,0.0,19,4189.0,4192.0,4,4189.0,4181.0,4201.0,4178.0,106.0,8890420.0,17356
2023-05-09 21:03:58,pg2308,pg2308,4190.0,0.0,0.0,0.0,21,4189.0,4192.0,4,4189.0,4181.0,4201.0,4178.0,106.0,8890420.0,17356
2023-05-09 21:03:59,pg2308,pg2308,4190.0,0.0,0.0,0.0,19,4189.0,4192.0,4,4189.0,4181.0,4201.0,4178.0,106.0,8890420.0,17356
2023-05-09 21:04:00,pg2308,pg2308,4190.0,0.0,0.0,0.0,18,4189.0,4192.0,4,4189.0,4181.0,4201.0,4178.0,106.0,8890420.0,17356
2023-05-09 21:04:01,pg2308,pg2308,4190.0,0.0,0.0,0.0,15,4189.0,4192.0,4,4189.0,4181.0,4201.0,4178.0,106.0,8890420.0,17356
2023-05-09 21:04:02,pg2308,pg2308,4190.0,0.0,0.0,0.0,18,4189.0,4192.0,4,4189.0,4181.0,4201.0,4178.0,106.0,8890420.0,17356
2023-05-09 21:04:02,pg2308,pg2308,4190.0,0.0,0.0,0.0,19,4189.0,4192.0,4,4189.0,4181.0,4201.0,4178.0,106.0,8890420.0,17356
2023-05-09 21:04:03,pg2308,pg2308,4190.0,0.0,0.0,0.0,20,4189.0,4192.0,4,4189.0,4181.0,4201.0,4178.0,106.0,8890420.0,17356
2023-05-09 21:04:06,pg2308,pg2308,4190.0,0.0,0.0,0.0,21,4189.0,4192.0,4,4189.0,4181.0,4201.0,4178.0,106.0,8890420.0,17356
2023-05-09 21:04:11,pg2308,pg2308,4190.0,0.0,0.0,0.0,19,4189.0,4192.0,4,4189.0,4181.0,4201.0,4178.0,106.0,8890420.0,17356
2023-05-09 21:04:12,pg2308,pg2308,4190.0,0.0,0.0,0.0,19,4189.0,4192.0,2,4189.0,4181.0,4201.0,4178.0,106.0,8890420.0,17356
2023-05-09 21:04:12,pg2308,pg2308,4190.0,0.0,0.0,0.0,19,4189.0,4192.0,4,4189.0,4181.0,4201.0,4178.0,106.0,8890420.0,17356
2023-05-09 21:04:13,pg2308,pg2308,4190.0,2.0,167640.0,2.0,12,4189.0,4192.0,10,4189.0,4181.0,4201.0,4178.0,108.0,9058060.0,17358
2023-05-09 21:04:14,pg2308,pg2308,4190.0,0.0,0.0,0.0,6,4189.0,4192.0,10,4189.0,4181.0,4201.0,4178.0,108.0,9058060.0,17358
2023-05-09 21:04:16,pg2308,pg2308,4190.0,0.0,0.0,0.0,8,4189.0,4193.0,16,4189.0,4181.0,4201.0,4178.0,108.0,9058060.0,17358
2023-05-09 21:04:16,pg2308,pg2308,4190.0,0.0,0.0,0.0,12,4189.0,4192.0,3,4189.0,4181.0,4201.0,4178.0,108.0,9058060.0,17358
2023-05-09 21:04:17,pg2308,pg2308,4190.0,0.0,0.0,0.0,18,4189.0,4192.0,5,4189.0,4181.0,4201.0,4178.0,108.0,9058060.0,17358
2023-05-09 21:04:18,pg2308,pg2308,4190.0,0.0,0.0,0.0,18,4189.0,4192.0,9,4189.0,4181.0,4201.0,4178.0,108.0,9058060.0,17358
2023-05-09 21:04:20,pg2308,pg2308,4190.0,0.0,0.0,0.0,2,4190.0,4192.0,9,4189.0,4181.0,4201.0,4178.0,108.0,9058060.0,17358
2023-05-09 21:04:21,pg2308,pg2308,4190.0,0.0,0.0,0.0,2,4190.0,4192.0,11,4189.0,4181.0,4201.0,4178.0,108.0,9058060.0,17358
2023-05-09 21:04:21,pg2308,pg2308,4190.0,0.0,0.0,0.0,2,4190.0,4193.0,16,4189.0,4181.0,4201.0,4178.0,108.0,9058060.0,17358
2023-05-09 21:04:22,pg2308,pg2308,4190.0,0.0,0.0,0.0,4,4190.0,4193.0,14,4189.0,4181.0,4201.0,4178.0,108.0,9058060.0,17358
2023-05-09 21:04:22,pg2308,pg2308,4190.0,0.0,0.0,0.0,4,4190.0,4192.0,7,4189.0,4181.0,4201.0,4178.0,108.0,9058060.0,17358
2023-05-09 21:04:23,pg2308,pg2308,4189.0,8.0,670240.0,8.0,6,4188.0,4189.0,2,4189.0,4181.0,4201.0,4178.0,116.0,9728300.0,17366
2023-05-09 21:04:24,pg2308,pg2308,4189.0,2.0,167560.0,-2.0,13,4187.0,4190.0,4,4189.0,4181.0,4201.0,4178.0,118.0,9895860.0,17364
2023-05-09 21:04:24,pg2308,pg2308,4189.0,0.0,0.0,0.0,17,4187.0,4190.0,4,4189.0,4181.0,4201.0,4178.0,118.0,9895860.0,17364
2023-05-09 21:04:26,pg2308,pg2308,4189.0,0.0,0.0,0.0,2,4188.0,4190.0,2,4189.0,4181.0,4201.0,4178.0,118.0,9895860.0,17364
2023-05-09 21:04:26,pg2308,pg2308,4189.0,0.0,0.0,0.0,19,4187.0,4190.0,2,4189.0,4181.0,4201.0,4178.0,118.0,9895860.0,17364
2023-05-09 21:04:27,pg2308,pg2308,4189.0,0.0,0.0,0.0,22,4187.0,4190.0,4,4189.0,4181.0,4201.0,4178.0,118.0,9895860.0,17364
2023-05-09 21:04:27,pg2308,pg2308,4189.0,0.0,0.0,0.0,13,4187.0,4190.0,2,4189.0,4181.0,4201.0,4178.0,118.0,9895860.0,17364
2023-05-09 21:04:28,pg2308,pg2308,4189.0,0.0,0.0,0.0,7,4187.0,4190.0,2,4189.0,4181.0,4201.0,4178.0,118.0,9895860.0,17364
2023-05-09 21:04:28,pg2308,pg2308,4189.0,0.0,0.0,0.0,5,4187.0,4190.0,4,4189.0,4181.0,4201.0,4178.0,118.0,9895860.0,17364
2023-05-09 21:04:29,pg2308,pg2308,4189.0,0.0,0.0,0.0,5,4187.0,4190.0,6,4189.0,4181.0,4201.0,4178.0,118.0,9895860.0,17364
2023-05-09 21:04:30,pg2308,pg2308,4189.0,0.0,0.0,0.0,9,4187.0,4191.0,14,4189.0,4181.0,4201.0,4178.0,118.0,9895860.0,17364
2023-05-09 21:04:30,pg2308,pg2308,4189.0,0.0,0.0,0.0,6,4188.0,4191.0,16,4189.0,4181.0,4201.0,4178.0,118.0,9895860.0,17364
2023-05-09 21:04:31,pg2308,pg2308,4189.0,0.0,0.0,0.0,6,4188.0,4191.0,14,4189.0,4181.0,4201.0,4178.0,118.0,9895860.0,17364
2023-05-09 21:04:32,pg2308,pg2308,4189.0,0.0,0.0,0.0,10,4188.0,4191.0,14,4189.0,4181.0,4201.0,4178.0,118.0,9895860.0,17364
2023-05-09 21:04:32,pg2308,pg2308,4189.0,0.0,0.0,0.0,23,4188.0,4191.0,2,4189.0,4181.0,4201.0,4178.0,118.0,9895860.0,17364
2023-05-09 21:04:33,pg2308,pg2308,4189.0,0.0,0.0,0.0,20,4188.0,4191.0,4,4189.0,4181.0,4201.0,4178.0,118.0,9895860.0,17364
2023-05-09 21:04:33,pg2308,pg2308,4189.0,0.0,0.0,0.0,2,4189.0,4191.0,4,4189.0,4181.0,4201.0,4178.0,118.0,9895860.0,17364
2023-05-09 21:04:34,pg2308,pg2308,4189.0,0.0,0.0,0.0,8,4189.0,4192.0,17,4189.0,4181.0,4201.0,4178.0,118.0,9895860.0,17364
2023-05-09 21:04:34,pg2308,pg2308,4189.0,0.0,0.0,0.0,10,4189.0,4192.0,15,4189.0,4181.0,4201.0,4178.0,118.0,9895860.0,17364
2023-05-09 21:04:35,pg2308,pg2308,4189.0,0.0,0.0,0.0,11,4189.0,4192.0,10,4189.0,4181.0,4201.0,4178.0,118.0,9895860.0,17364
2023-05-09 21:04:35,pg2308,pg2308,4189.0,0.0,0.0,0.0,16,4189.0,4193.0,14,4189.0,4181.0,4201.0,4178.0,118.0,9895860.0,17364
2023-05-09 21:04:36,pg2308,pg2308,4189.0,0.0,0.0,0.0,24,4189.0,4192.0,2,4189.0,4181.0,4201.0,4178.0,118.0,9895860.0,17364
2023-05-09 21:04:36,pg2308,pg2308,4189.0,0.0,0.0,0.0,22,4189.0,4192.0,2,4189.0,4181.0,4201.0,4178.0,118.0,9895860.0,17364
2023-05-09 21:04:37,pg2308,pg2308,4189.0,0.0,0.0,0.0,2,4190.0,4193.0,10,4189.0,4181.0,4201.0,4178.0,118.0,9895860.0,17364
2023-05-09 21:04:37,pg2308,pg2308,4189.0,0.0,0.0,0.0,24,4189.0,4193.0,6,4189.0,4181.0,4201.0,4178.0,118.0,9895860.0,17364
2023-05-09 21:04:38,pg2308,pg2308,4189.0,0.0,0.0,0.0,12,4189.0,4192.0,8,4189.0,4181.0,4201.0,4178.0,118.0,9895860.0,17364
2023-05-09 21:04:38,pg2308,pg2308,4189.0,0.0,0.0,0.0,19,4188.0,4192.0,11,4189.0,4181.0,4201.0,4178.0,118.0,9895860.0,17364
2023-05-09 21:04:38,pg2308,pg2308,4189.0,0.0,0.0,0.0,17,4188.0,4192.0,11,4189.0,4181.0,4201.0,4178.0,118.0,9895860.0,17364
2023-05-09 21:04:40,pg2308,pg2308,4189.0,0.0,0.0,0.0,19,4188.0,4192.0,9,4189.0,4181.0,4201.0,4178.0,118.0,9895860.0,17364
2023-05-09 21:04:40,pg2308,pg2308,4189.0,0.0,0.0,0.0,4,4189.0,4192.0,9,4189.0,4181.0,4201.0,4178.0,118.0,9895860.0,17364
2023-05-09 21:04:41,pg2308,pg2308,4189.0,0.0,0.0,0.0,9,4189.0,4192.0,6,4189.0,4181.0,4201.0,4178.0,118.0,9895860.0,17364
2023-05-09 21:04:45,pg2308,pg2308,4189.0,0.0,0.0,0.0,6,4189.0,4192.0,6,4189.0,4181.0,4201.0,4178.0,118.0,9895860.0,17364
2023-05-09 21:04:47,pg2308,pg2308,4189.0,0.0,0.0,0.0,8,4189.0,4192.0,6,4189.0,4181.0,4201.0,4178.0,118.0,9895860.0,17364
2023-05-09 21:04:48,pg2308,pg2308,4189.0,0.0,0.0,0.0,19,4189.0,4193.0,14,4189.0,4181.0,4201.0,4178.0,118.0,9895860.0,17364
2023-05-09 21:04:48,pg2308,pg2308,4189.0,0.0,0.0,0.0,21,4189.0,4193.0,6,4189.0,4181.0,4201.0,4178.0,118.0,9895860.0,17364
2023-05-09 21:04:51,pg2308,pg2308,4189.0,0.0,0.0,0.0,22,4189.0,4193.0,6,4189.0,4181.0,4201.0,4178.0,118.0,9895860.0,17364
2023-05-09 21:04:53,pg2308,pg2308,4189.0,0.0,0.0,0.0,23,4189.0,4193.0,6,4189.0,4181.0,4201.0,4178.0,118.0,9895860.0,17364
2023-05-09 21:04:55,pg2308,pg2308,4189.0,0.0,0.0,0.0,2,4190.0,4193.0,6,4189.0,4181.0,4201.0,4178.0,118.0,9895860.0,17364
2023-05-09 21:04:55,pg2308,pg2308,4189.0,0.0,0.0,0.0,23,4189.0,4193.0,6,4189.0,4181.0,4201.0,4178.0,118.0,9895860.0,17364
2023-05-09 21:04:56,pg2308,pg2308,4189.0,0.0,0.0,0.0,23,4189.0,4192.0,2,4189.0,4181.0,4201.0,4178.0,118.0,9895860.0,17364
2023-05-09 21:04:57,pg2308,pg2308,4189.0,0.0,0.0,0.0,21,4189.0,4193.0,10,4189.0,4181.0,4201.0,4178.0,118.0,9895860.0,17364
2023-05-09 21:04:57,pg2308,pg2308,4189.0,0.0,0.0,0.0,22,4189.0,4192.0,4,4189.0,4181.0,4201.0,4178.0,118.0,9895860.0,17364
2023-05-09 21:04:58,pg2308,pg2308,4189.0,0.0,0.0,0.0,5,4190.0,4192.0,2,4189.0,4181.0,4201.0,4178.0,118.0,9895860.0,17364
2023-05-09 21:04:59,pg2308,pg2308,4189.0,0.0,0.0,0.0,6,4190.0,4193.0,6,4189.0,4181.0,4201.0,4178.0,118.0,9895860.0,17364
2023-05-09 21:05:00,pg2308,pg2308,4189.0,0.0,0.0,0.0,5,4190.0,4193.0,6,4189.0,4181.0,4201.0,4178.0,118.0,9895860.0,17364
2023-05-09 21:05:01,pg2308,pg2308,4189.0,0.0,0.0,0.0,17,4189.0,4193.0,6,4189.0,4181.0,4201.0,4178.0,118.0,9895860.0,17364
2023-05-09 21:05:02,pg2308,pg2308,4189.0,0.0,0.0,0.0,11,4190.0,4193.0,6,4189.0,4181.0,4201.0,4178.0,118.0,9895860.0,17364
2023-05-09 21:05:03,pg2308,pg2308,4189.0,0.0,0.0,0.0,19,4189.0,4193.0,6,4189.0,4181.0,4201.0,4178.0,118.0,9895860.0,17364
2023-05-09 21:05:03,pg2308,pg2308,4189.0,0.0,0.0,0.0,9,4190.0,4193.0,6,4189.0,4181.0,4201.0,4178.0,118.0,9895860.0,17364
2023-05-09 21:05:04,pg2308,pg2308,4189.0,0.0,0.0,0.0,16,4190.0,4193.0,4,4189.0,4181.0,4201.0,4178.0,118.0,9895860.0,17364
2023-05-09 21:05:04,pg2308,pg2308,4189.0,0.0,0.0,0.0,24,4190.0,4193.0,2,4189.0,4181.0,4201.0,4178.0,118.0,9895860.0,17364
2023-05-09 21:05:05,pg2308,pg2308,4189.0,0.0,0.0,0.0,24,4190.0,4193.0,4,4189.0,4181.0,4201.0,4178.0,118.0,9895860.0,17364
2023-05-09 21:05:05,pg2308,pg2308,4189.0,0.0,0.0,0.0,22,4190.0,4193.0,4,4189.0,4181.0,4201.0,4178.0,118.0,9895860.0,17364
2023-05-09 21:05:06,pg2308,pg2308,4189.0,0.0,0.0,0.0,25,4190.0,4193.0,4,4189.0,4181.0,4201.0,4178.0,118.0,9895860.0,17364
2023-05-09 21:05:06,pg2308,pg2308,4189.0,0.0,0.0,0.0,23,4190.0,4193.0,4,4189.0,4181.0,4201.0,4178.0,118.0,9895860.0,17364
2023-05-09 21:05:07,pg2308,pg2308,4189.0,0.0,0.0,0.0,21,4190.0,4193.0,4,4189.0,4181.0,4201.0,4178.0,118.0,9895860.0,17364
2023-05-09 21:05:07,pg2308,pg2308,4189.0,0.0,0.0,0.0,25,4190.0,4193.0,4,4189.0,4181.0,4201.0,4178.0,118.0,9895860.0,17364
2023-05-09 21:05:08,pg2308,pg2308,4189.0,0.0,0.0,0.0,21,4190.0,4193.0,4,4189.0,4181.0,4201.0,4178.0,118.0,9895860.0,17364
2023-05-09 21:05:08,pg2308,pg2308,4189.0,0.0,0.0,0.0,21,4190.0,4193.0,6,4189.0,4181.0,4201.0,4178.0,118.0,9895860.0,17364
2023-05-09 21:05:09,pg2308,pg2308,4189.0,0.0,0.0,0.0,18,4190.0,4193.0,6,4189.0,4181.0,4201.0,4178.0,118.0,9895860.0,17364
2023-05-09 21:05:11,pg2308,pg2308,4189.0,0.0,0.0,0.0,17,4190.0,4193.0,6,4189.0,4181.0,4201.0,4178.0,118.0,9895860.0,17364
2023-05-09 21:05:12,pg2308,pg2308,4189.0,0.0,0.0,0.0,21,4190.0,4193.0,6,4189.0,4181.0,4201.0,4178.0,118.0,9895860.0,17364
2023-05-09 21:05:12,pg2308,pg2308,4189.0,0.0,0.0,0.0,10,4190.0,4193.0,4,4189.0,4181.0,4201.0,4178.0,118.0,9895860.0,17364
2023-05-09 21:05:13,pg2308,pg2308,4189.0,0.0,0.0,0.0,22,4190.0,4193.0,6,4189.0,4181.0,4201.0,4178.0,118.0,9895860.0,17364
2023-05-09 21:05:13,pg2308,pg2308,4189.0,0.0,0.0,0.0,21,4190.0,4193.0,6,4189.0,4181.0,4201.0,4178.0,118.0,9895860.0,17364
2023-05-09 21:05:14,pg2308,pg2308,4189.0,0.0,0.0,0.0,17,4190.0,4193.0,6,4189.0,4181.0,4201.0,4178.0,118.0,9895860.0,17364
2023-05-09 21:05:14,pg2308,pg2308,4189.0,0.0,0.0,0.0,15,4190.0,4193.0,6,4189.0,4181.0,4201.0,4178.0,118.0,9895860.0,17364
2023-05-09 21:05:15,pg2308,pg2308,4189.0,0.0,0.0,0.0,15,4190.0,4193.0,7,4189.0,4181.0,4201.0,4178.0,118.0,9895860.0,17364
2023-05-09 21:05:16,pg2308,pg2308,4189.0,0.0,0.0,0.0,9,4190.0,4193.0,9,4189.0,4181.0,4201.0,4178.0,118.0,9895860.0,17364
2023-05-09 21:05:16,pg2308,pg2308,4189.0,0.0,0.0,0.0,19,4189.0,4193.0,9,4189.0,4181.0,4201.0,4178.0,118.0,9895860.0,17364
2023-05-09 21:05:18,pg2308,pg2308,4189.0,0.0,0.0,0.0,19,4189.0,4193.0,6,4189.0,4181.0,4201.0,4178.0,118.0,9895860.0,17364
2023-05-09 21:05:19,pg2308,pg2308,4189.0,0.0,0.0,0.0,11,4190.0,4193.0,6,4189.0,4181.0,4201.0,4178.0,118.0,9895860.0,17364
2023-05-09 21:05:20,pg2308,pg2308,4189.0,0.0,0.0,0.0,12,4190.0,4193.0,6,4189.0,4181.0,4201.0,4178.0,118.0,9895860.0,17364
2023-05-09 21:05:20,pg2308,pg2308,4189.0,0.0,0.0,0.0,18,4190.0,4193.0,6,4189.0,4181.0,4201.0,4178.0,118.0,9895860.0,17364
2023-05-09 21:05:21,pg2308,pg2308,4195.0,16.0,1342000.0,-2.0,2,4195.0,4196.0,2,4189.0,4181.0,4201.0,4178.0,134.0,11237860.0,17362
2023-05-09 21:05:21,pg2308,pg2308,4195.0,6.0,503400.0,2.0,2,4195.0,4197.0,4,4189.0,4181.0,4201.0,4178.0,140.0,11741260.0,17364
2023-05-09 21:05:22,pg2308,pg2308,4195.0,0.0,0.0,0.0,12,4194.0,4197.0,9,4189.0,4181.0,4201.0,4178.0,140.0,11741260.0,17364
2023-05-09 21:05:22,pg2308,pg2308,4195.0,0.0,0.0,0.0,8,4194.0,4196.0,2,4189.0,4181.0,4201.0,4178.0,140.0,11741260.0,17364
2023-05-09 21:05:23,pg2308,pg2308,4195.0,0.0,0.0,0.0,11,4194.0,4197.0,26,4189.0,4181.0,4201.0,4178.0,140.0,11741260.0,17364
2023-05-09 21:05:23,pg2308,pg2308,4195.0,0.0,0.0,0.0,16,4194.0,4197.0,9,4189.0,4181.0,4201.0,4178.0,140.0,11741260.0,17364
2023-05-09 21:05:24,pg2308,pg2308,4195.0,0.0,0.0,0.0,16,4194.0,4197.0,7,4189.0,4181.0,4201.0,4178.0,140.0,11741260.0,17364
2023-05-09 21:05:24,pg2308,pg2308,4195.0,0.0,0.0,0.0,17,4194.0,4197.0,7,4189.0,4181.0,4201.0,4178.0,140.0,11741260.0,17364
2023-05-09 21:05:25,pg2308,pg2308,4195.0,0.0,0.0,0.0,19,4194.0,4197.0,7,4189.0,4181.0,4201.0,4178.0,140.0,11741260.0,17364
2023-05-09 21:05:25,pg2308,pg2308,4195.0,0.0,0.0,0.0,23,4194.0,4197.0,3,4189.0,4181.0,4201.0,4178.0,140.0,11741260.0,17364
2023-05-09 21:05:26,pg2308,pg2308,4195.0,0.0,0.0,0.0,23,4194.0,4197.0,2,4189.0,4181.0,4201.0,4178.0,140.0,11741260.0,17364
2023-05-09 21:05:28,pg2308,pg2308,4195.0,0.0,0.0,0.0,23,4194.0,4198.0,26,4189.0,4181.0,4201.0,4178.0,140.0,11741260.0,17364
2023-05-09 21:05:28,pg2308,pg2308,4195.0,0.0,0.0,0.0,23,4194.0,4198.0,16,4189.0,4181.0,4201.0,4178.0,140.0,11741260.0,17364
2023-05-09 21:05:29,pg2308,pg2308,4195.0,0.0,0.0,0.0,10,4195.0,4197.0,2,4189.0,4181.0,4201.0,4178.0,140.0,11741260.0,17364
2023-05-09 21:05:29,pg2308,pg2308,4195.0,0.0,0.0,0.0,18,4195.0,4198.0,12,4189.0,4181.0,4201.0,4178.0,140.0,11741260.0,17364
2023-05-09 21:05:30,pg2308,pg2308,4195.0,0.0,0.0,0.0,15,4195.0,4198.0,8,4189.0,4181.0,4201.0,4178.0,140.0,11741260.0,17364
2023-05-09 21:05:30,pg2308,pg2308,4195.0,0.0,0.0,0.0,24,4195.0,4198.0,8,4189.0,4181.0,4201.0,4178.0,140.0,11741260.0,17364
2023-05-09 21:05:30,pg2308,pg2308,4195.0,0.0,0.0,0.0,25,4195.0,4198.0,5,4189.0,4181.0,4201.0,4178.0,140.0,11741260.0,17364
2023-05-09 21:05:31,pg2308,pg2308,4195.0,0.0,0.0,0.0,23,4195.0,4199.0,42,4189.0,4181.0,4201.0,4178.0,140.0,11741260.0,17364
2023-05-09 21:05:32,pg2308,pg2308,4195.0,0.0,0.0,0.0,23,4195.0,4198.0,2,4189.0,4181.0,4201.0,4178.0,140.0,11741260.0,17364
2023-05-09 21:05:32,pg2308,pg2308,4195.0,0.0,0.0,0.0,6,4196.0,4199.0,29,4189.0,4181.0,4201.0,4178.0,140.0,11741260.0,17364
2023-05-09 21:05:33,pg2308,pg2308,4195.0,0.0,0.0,0.0,2,4196.0,4199.0,31,4189.0,4181.0,4201.0,4178.0,140.0,11741260.0,17364
2023-05-09 21:05:34,pg2308,pg2308,4195.0,0.0,0.0,0.0,25,4195.0,4199.0,40,4189.0,4181.0,4201.0,4178.0,140.0,11741260.0,17364
2023-05-09 21:05:34,pg2308,pg2308,4195.0,0.0,0.0,0.0,2,4195.0,4198.0,17,4189.0,4181.0,4201.0,4178.0,140.0,11741260.0,17364
2023-05-09 21:05:35,pg2308,pg2308,4195.0,0.0,0.0,0.0,23,4194.0,4197.0,2,4189.0,4181.0,4201.0,4178.0,140.0,11741260.0,17364
2023-05-09 21:05:35,pg2308,pg2308,4195.0,0.0,0.0,0.0,19,4194.0,4197.0,4,4189.0,4181.0,4201.0,4178.0,140.0,11741260.0,17364
2023-05-09 21:05:36,pg2308,pg2308,4195.0,0.0,0.0,0.0,2,4195.0,4198.0,26,4189.0,4181.0,4201.0,4178.0,140.0,11741260.0,17364
2023-05-09 21:05:36,pg2308,pg2308,4195.0,0.0,0.0,0.0,4,4195.0,4198.0,17,4189.0,4181.0,4201.0,4178.0,140.0,11741260.0,17364
2023-05-09 21:05:37,pg2308,pg2308,4195.0,0.0,0.0,0.0,4,4195.0,4198.0,21,4189.0,4181.0,4201.0,4178.0,140.0,11741260.0,17364
2023-05-09 21:05:38,pg2308,pg2308,4195.0,0.0,0.0,0.0,23,4194.0,4198.0,24,4189.0,4181.0,4201.0,4178.0,140.0,11741260.0,17364
2023-05-09 21:05:38,pg2308,pg2308,4195.0,0.0,0.0,0.0,19,4194.0,4197.0,2,4189.0,4181.0,4201.0,4178.0,140.0,11741260.0,17364
2023-05-09 21:05:39,pg2308,pg2308,4195.0,0.0,0.0,0.0,15,4194.0,4197.0,14,4189.0,4181.0,4201.0,4178.0,140.0,11741260.0,17364
2023-05-09 21:05:39,pg2308,pg2308,4195.0,0.0,0.0,0.0,17,4194.0,4197.0,9,4189.0,4181.0,4201.0,4178.0,140.0,11741260.0,17364
2023-05-09 21:05:39,pg2308,pg2308,4195.0,0.0,0.0,0.0,15,4194.0,4197.0,9,4189.0,4181.0,4201.0,4178.0,140.0,11741260.0,17364
2023-05-09 21:05:40,pg2308,pg2308,4198.0,16.0,1343240.0,3.0,7,4198.0,4200.0,10,4189.0,4181.0,4201.0,4178.0,156.0,13084500.0,17367
2023-05-09 21:05:41,pg2308,pg2308,4198.0,3.0,251900.0,-2.0,8,4198.0,4200.0,6,4189.0,4181.0,4201.0,4178.0,159.0,13336400.0,17365
2023-05-09 21:05:41,pg2308,pg2308,4197.0,8.0,671640.0,4.0,4,4196.0,4197.0,1,4189.0,4181.0,4201.0,4178.0,167.0,14008040.0,17369
2023-05-09 21:05:42,pg2308,pg2308,4197.0,1.0,83940.0,-1.0,3,4196.0,4199.0,8,4189.0,4181.0,4201.0,4178.0,168.0,14091980.0,17368
2023-05-09 21:05:42,pg2308,pg2308,4197.0,0.0,0.0,0.0,11,4196.0,4199.0,6,4189.0,4181.0,4201.0,4178.0,168.0,14091980.0,17368
2023-05-09 21:05:43,pg2308,pg2308,4197.0,0.0,0.0,0.0,5,4197.0,4200.0,16,4189.0,4181.0,4201.0,4178.0,168.0,14091980.0,17368
2023-05-09 21:05:43,pg2308,pg2308,4197.0,0.0,0.0,0.0,5,4197.0,4200.0,14,4189.0,4181.0,4201.0,4178.0,168.0,14091980.0,17368
2023-05-09 21:05:45,pg2308,pg2308,4200.0,8.0,672000.0,0.0,6,4200.0,4201.0,10,4189.0,4181.0,4201.0,4178.0,176.0,14763980.0,17368
2023-05-09 21:05:46,pg2308,pg2308,4201.0,9.0,756180.0,1.0,3,4201.0,4203.0,14,4189.0,4181.0,4201.0,4178.0,185.0,15520160.0,17369
2023-05-09 21:05:46,pg2308,pg2308,4200.0,9.0,756060.0,-3.0,6,4199.0,4202.0,9,4189.0,4181.0,4201.0,4178.0,194.0,16276220.0,17366
2023-05-09 21:05:47,pg2308,pg2308,4200.0,0.0,0.0,0.0,2,4199.0,4202.0,13,4189.0,4181.0,4201.0,4178.0,194.0,16276220.0,17366
2023-05-09 21:05:47,pg2308,pg2308,4200.0,0.0,0.0,0.0,4,4199.0,4202.0,17,4189.0,4181.0,4201.0,4178.0,194.0,16276220.0,17366
2023-05-09 21:05:48,pg2308,pg2308,4200.0,0.0,0.0,0.0,26,4198.0,4202.0,22,4189.0,4181.0,4201.0,4178.0,194.0,16276220.0,17366
2023-05-09 21:05:48,pg2308,pg2308,4200.0,0.0,0.0,0.0,3,4199.0,4202.0,22,4189.0,4181.0,4201.0,4178.0,194.0,16276220.0,17366
2023-05-09 21:05:49,pg2308,pg2308,4200.0,0.0,0.0,0.0,3,4199.0,4202.0,19,4189.0,4181.0,4201.0,4178.0,194.0,16276220.0,17366
2023-05-09 21:05:49,pg2308,pg2308,4200.0,0.0,0.0,0.0,1,4199.0,4202.0,19,4189.0,4181.0,4201.0,4178.0,194.0,16276220.0,17366
2023-05-09 21:05:50,pg2308,pg2308,4200.0,0.0,0.0,0.0,1,4199.0,4201.0,4,4189.0,4181.0,4201.0,4178.0,194.0,16276220.0,17366
2023-05-09 21:05:50,pg2308,pg2308,4200.0,0.0,0.0,0.0,4,4200.0,4202.0,10,4189.0,4181.0,4201.0,4178.0,194.0,16276220.0,17366
2023-05-09 21:05:51,pg2308,pg2308,4202.0,22.0,1848880.0,1.0,2,4202.0,4205.0,6,4189.0,4181.0,4202.0,4178.0,216.0,18125100.0,17367
2023-05-09 21:05:51,pg2308,pg2308,4202.0,0.0,0.0,0.0,2,4201.0,4203.0,5,4189.0,4181.0,4202.0,4178.0,216.0,18125100.0,17367
2023-05-09 21:05:52,pg2308,pg2308,4202.0,0.0,0.0,0.0,13,4200.0,4203.0,7,4189.0,4181.0,4202.0,4178.0,216.0,18125100.0,17367
2023-05-09 21:05:52,pg2308,pg2308,4202.0,0.0,0.0,0.0,7,4200.0,4204.0,23,4189.0,4181.0,4202.0,4178.0,216.0,18125100.0,17367
2023-05-09 21:05:53,pg2308,pg2308,4202.0,0.0,0.0,0.0,3,4200.0,4203.0,6,4189.0,4181.0,4202.0,4178.0,216.0,18125100.0,17367
2023-05-09 21:05:53,pg2308,pg2308,4202.0,0.0,0.0,0.0,11,4200.0,4203.0,4,4189.0,4181.0,4202.0,4178.0,216.0,18125100.0,17367
2023-05-09 21:05:54,pg2308,pg2308,4202.0,0.0,0.0,0.0,9,4200.0,4202.0,2,4189.0,4181.0,4202.0,4178.0,216.0,18125100.0,17367
2023-05-09 21:05:54,pg2308,pg2308,4202.0,0.0,0.0,0.0,12,4199.0,4202.0,4,4189.0,4181.0,4202.0,4178.0,216.0,18125100.0,17367
2023-05-09 21:05:55,pg2308,pg2308,4202.0,0.0,0.0,0.0,7,4199.0,4202.0,4,4189.0,4181.0,4202.0,4178.0,216.0,18125100.0,17367
2023-05-09 21:05:55,pg2308,pg2308,4202.0,2.0,168080.0,0.0,6,4199.0,4202.0,2,4189.0,4181.0,4202.0,4178.0,218.0,18293180.0,17367
2023-05-09 21:05:56,pg2308,pg2308,4202.0,0.0,0.0,0.0,8,4199.0,4202.0,2,4189.0,4181.0,4202.0,4178.0,218.0,18293180.0,17367
2023-05-09 21:05:56,pg2308,pg2308,4202.0,0.0,0.0,0.0,10,4199.0,4202.0,4,4189.0,4181.0,4202.0,4178.0,218.0,18293180.0,17367
2023-05-09 21:05:57,pg2308,pg2308,4202.0,0.0,0.0,0.0,4,4200.0,4202.0,2,4189.0,4181.0,4202.0,4178.0,218.0,18293180.0,17367
2023-05-09 21:05:57,pg2308,pg2308,4202.0,0.0,0.0,0.0,4,4200.0,4202.0,3,4189.0,4181.0,4202.0,4178.0,218.0,18293180.0,17367
2023-05-09 21:05:58,pg2308,pg2308,4202.0,0.0,0.0,0.0,3,4200.0,4202.0,3,4189.0,4181.0,4202.0,4178.0,218.0,18293180.0,17367
2023-05-09 21:05:58,pg2308,pg2308,4202.0,0.0,0.0,0.0,3,4200.0,4202.0,2,4189.0,4181.0,4202.0,4178.0,218.0,18293180.0,17367
2023-05-09 21:05:59,pg2308,pg2308,4202.0,0.0,0.0,0.0,3,4200.0,4202.0,3,4189.0,4181.0,4202.0,4178.0,218.0,18293180.0,17367
2023-05-09 21:05:59,pg2308,pg2308,4202.0,0.0,0.0,0.0,16,4199.0,4202.0,4,4189.0,4181.0,4202.0,4178.0,218.0,18293180.0,17367
2023-05-09 21:06:00,pg2308,pg2308,4202.0,0.0,0.0,0.0,14,4199.0,4202.0,4,4189.0,4181.0,4202.0,4178.0,218.0,18293180.0,17367
2023-05-09 21:06:00,pg2308,pg2308,4202.0,0.0,0.0,0.0,7,4200.0,4203.0,8,4189.0,4181.0,4202.0,4178.0,218.0,18293180.0,17367
2023-05-09 21:06:01,pg2308,pg2308,4202.0,0.0,0.0,0.0,12,4200.0,4203.0,6,4189.0,4181.0,4202.0,4178.0,218.0,18293180.0,17367
2023-05-09 21:06:01,pg2308,pg2308,4202.0,0.0,0.0,0.0,24,4200.0,4203.0,6,4189.0,4181.0,4202.0,4178.0,218.0,18293180.0,17367
2023-05-09 21:06:02,pg2308,pg2308,4202.0,0.0,0.0,0.0,2,4201.0,4203.0,6,4189.0,4181.0,4202.0,4178.0,218.0,18293180.0,17367
2023-05-09 21:06:02,pg2308,pg2308,4202.0,0.0,0.0,0.0,24,4200.0,4203.0,6,4189.0,4181.0,4202.0,4178.0,218.0,18293180.0,17367
2023-05-09 21:06:04,pg2308,pg2308,4202.0,0.0,0.0,0.0,12,4201.0,4204.0,16,4189.0,4181.0,4202.0,4178.0,218.0,18293180.0,17367
2023-05-09 21:06:04,pg2308,pg2308,4204.0,4.0,336320.0,1.0,8,4202.0,4205.0,21,4189.0,4181.0,4204.0,4178.0,222.0,18629500.0,17368
2023-05-09 21:06:05,pg2308,pg2308,4205.0,5.0,420500.0,0.0,7,4205.0,4206.0,11,4189.0,4181.0,4205.0,4178.0,227.0,19050000.0,17368
2023-05-09 21:06:05,pg2308,pg2308,4205.0,0.0,0.0,0.0,4,4205.0,4206.0,1,4189.0,4181.0,4205.0,4178.0,227.0,19050000.0,17368
2023-05-09 21:06:06,pg2308,pg2308,4205.0,5.0,420520.0,-2.0,6,4205.0,4208.0,7,4189.0,4181.0,4206.0,4178.0,232.0,19470520.0,17366
2023-05-09 21:06:06,pg2308,pg2308,4205.0,8.0,672800.0,2.0,2,4205.0,4207.0,8,4189.0,4181.0,4206.0,4178.0,240.0,20143320.0,17368
2023-05-09 21:06:07,pg2308,pg2308,4205.0,1.0,84100.0,0.0,2,4205.0,4207.0,2,4189.0,4181.0,4206.0,4178.0,241.0,20227420.0,17368
2023-05-09 21:06:07,pg2308,pg2308,4205.0,0.0,0.0,0.0,10,4204.0,4206.0,2,4189.0,4181.0,4206.0,4178.0,241.0,20227420.0,17368
2023-05-09 21:06:08,pg2308,pg2308,4205.0,0.0,0.0,0.0,8,4204.0,4207.0,5,4189.0,4181.0,4206.0,4178.0,241.0,20227420.0,17368
2023-05-09 21:06:08,pg2308,pg2308,4205.0,0.0,0.0,0.0,8,4204.0,4206.0,3,4189.0,4181.0,4206.0,4178.0,241.0,20227420.0,17368
2023-05-09 21:06:09,pg2308,pg2308,4205.0,0.0,0.0,0.0,2,4205.0,4207.0,12,4189.0,4181.0,4206.0,4178.0,241.0,20227420.0,17368
2023-05-09 21:06:09,pg2308,pg2308,4205.0,0.0,0.0,0.0,2,4205.0,4206.0,2,4189.0,4181.0,4206.0,4178.0,241.0,20227420.0,17368
2023-05-09 21:06:10,pg2308,pg2308,4205.0,0.0,0.0,0.0,1,4205.0,4206.0,3,4189.0,4181.0,4206.0,4178.0,241.0,20227420.0,17368
2023-05-09 21:06:10,pg2308,pg2308,4204.0,2.0,168160.0,2.0,10,4203.0,4204.0,2,4189.0,4181.0,4206.0,4178.0,243.0,20395580.0,17370
2023-05-09 21:06:11,pg2308,pg2308,4204.0,0.0,0.0,0.0,12,4202.0,4204.0,4,4189.0,4181.0,4206.0,4178.0,243.0,20395580.0,17370
2023-05-09 21:06:11,pg2308,pg2308,4204.0,0.0,0.0,0.0,16,4201.0,4204.0,4,4189.0,4181.0,4206.0,4178.0,243.0,20395580.0,17370
2023-05-09 21:06:12,pg2308,pg2308,4204.0,0.0,0.0,0.0,10,4201.0,4204.0,8,4189.0,4181.0,4206.0,4178.0,243.0,20395580.0,17370
2023-05-09 21:06:12,pg2308,pg2308,4204.0,0.0,0.0,0.0,5,4201.0,4203.0,2,4189.0,4181.0,4206.0,4178.0,243.0,20395580.0,17370
2023-05-09 21:06:13,pg2308,pg2308,4204.0,0.0,0.0,0.0,18,4200.0,4203.0,6,4189.0,4181.0,4206.0,4178.0,243.0,20395580.0,17370
2023-05-09 21:06:13,pg2308,pg2308,4204.0,0.0,0.0,0.0,16,4200.0,4203.0,8,4189.0,4181.0,4206.0,4178.0,243.0,20395580.0,17370
2023-05-09 21:06:14,pg2308,pg2308,4204.0,0.0,0.0,0.0,4,4200.0,4202.0,2,4189.0,4181.0,4206.0,4178.0,243.0,20395580.0,17370
2023-05-09 21:06:14,pg2308,pg2308,4204.0,0.0,0.0,0.0,18,4199.0,4202.0,4,4189.0,4181.0,4206.0,4178.0,243.0,20395580.0,17370
2023-05-09 21:06:15,pg2308,pg2308,4204.0,0.0,0.0,0.0,14,4199.0,4201.0,6,4189.0,4181.0,4206.0,4178.0,243.0,20395580.0,17370
2023-05-09 21:06:15,pg2308,pg2308,4204.0,0.0,0.0,0.0,6,4199.0,4201.0,2,4189.0,4181.0,4206.0,4178.0,243.0,20395580.0,17370
2023-05-09 21:06:16,pg2308,pg2308,4204.0,0.0,0.0,0.0,3,4199.0,4201.0,2,4189.0,4181.0,4206.0,4178.0,243.0,20395580.0,17370
2023-05-09 21:06:16,pg2308,pg2308,4204.0,0.0,0.0,0.0,16,4198.0,4201.0,3,4189.0,4181.0,4206.0,4178.0,243.0,20395580.0,17370
2023-05-09 21:06:17,pg2308,pg2308,4204.0,0.0,0.0,0.0,14,4198.0,4201.0,3,4189.0,4181.0,4206.0,4178.0,243.0,20395580.0,17370
2023-05-09 21:06:18,pg2308,pg2308,4204.0,0.0,0.0,0.0,18,4198.0,4201.0,3,4189.0,4181.0,4206.0,4178.0,243.0,20395580.0,17370
2023-05-09 21:06:18,pg2308,pg2308,4204.0,0.0,0.0,0.0,8,4198.0,4200.0,5,4189.0,4181.0,4206.0,4178.0,243.0,20395580.0,17370
2023-05-09 21:06:19,pg2308,pg2308,4204.0,0.0,0.0,0.0,20,4197.0,4200.0,6,4189.0,4181.0,4206.0,4178.0,243.0,20395580.0,17370
2023-05-09 21:06:19,pg2308,pg2308,4199.0,1.0,83980.0,0.0,18,4197.0,4200.0,6,4189.0,4181.0,4206.0,4178.0,244.0,20479560.0,17370
2023-05-09 21:06:20,pg2308,pg2308,4199.0,0.0,0.0,0.0,15,4197.0,4200.0,8,4189.0,4181.0,4206.0,4178.0,244.0,20479560.0,17370
2023-05-09 21:06:20,pg2308,pg2308,4199.0,0.0,0.0,0.0,12,4197.0,4200.0,8,4189.0,4181.0,4206.0,4178.0,244.0,20479560.0,17370
2023-05-09 21:06:21,pg2308,pg2308,4199.0,0.0,0.0,0.0,9,4197.0,4200.0,8,4189.0,4181.0,4206.0,4178.0,244.0,20479560.0,17370
2023-05-09 21:06:21,pg2308,pg2308,4199.0,0.0,0.0,0.0,7,4197.0,4200.0,8,4189.0,4181.0,4206.0,4178.0,244.0,20479560.0,17370
2023-05-09 21:06:22,pg2308,pg2308,4199.0,0.0,0.0,0.0,10,4197.0,4200.0,8,4189.0,4181.0,4206.0,4178.0,244.0,20479560.0,17370
2023-05-09 21:06:22,pg2308,pg2308,4199.0,0.0,0.0,0.0,9,4197.0,4200.0,8,4189.0,4181.0,4206.0,4178.0,244.0,20479560.0,17370
2023-05-09 21:06:23,pg2308,pg2308,4199.0,0.0,0.0,0.0,9,4197.0,4200.0,9,4189.0,4181.0,4206.0,4178.0,244.0,20479560.0,17370
2023-05-09 21:06:23,pg2308,pg2308,4199.0,0.0,0.0,0.0,12,4196.0,4200.0,13,4189.0,4181.0,4206.0,4178.0,244.0,20479560.0,17370
2023-05-09 21:06:24,pg2308,pg2308,4199.0,0.0,0.0,0.0,8,4196.0,4200.0,20,4189.0,4181.0,4206.0,4178.0,244.0,20479560.0,17370
2023-05-09 21:06:24,pg2308,pg2308,4199.0,0.0,0.0,0.0,6,4197.0,4200.0,16,4189.0,4181.0,4206.0,4178.0,244.0,20479560.0,17370
2023-05-09 21:06:25,pg2308,pg2308,4199.0,0.0,0.0,0.0,8,4197.0,4200.0,14,4189.0,4181.0,4206.0,4178.0,244.0,20479560.0,17370
2023-05-09 21:06:25,pg2308,pg2308,4199.0,0.0,0.0,0.0,10,4197.0,4200.0,14,4189.0,4181.0,4206.0,4178.0,244.0,20479560.0,17370
2023-05-09 21:06:26,pg2308,pg2308,4199.0,0.0,0.0,0.0,10,4197.0,4200.0,10,4189.0,4181.0,4206.0,4178.0,244.0,20479560.0,17370
2023-05-09 21:06:26,pg2308,pg2308,4199.0,0.0,0.0,0.0,10,4197.0,4200.0,8,4189.0,4181.0,4206.0,4178.0,244.0,20479560.0,17370
2023-05-09 21:06:28,pg2308,pg2308,4199.0,0.0,0.0,0.0,8,4197.0,4200.0,9,4189.0,4181.0,4206.0,4178.0,244.0,20479560.0,17370
2023-05-09 21:06:28,pg2308,pg2308,4199.0,0.0,0.0,0.0,14,4196.0,4200.0,8,4189.0,4181.0,4206.0,4178.0,244.0,20479560.0,17370
2023-05-09 21:06:29,pg2308,pg2308,4199.0,0.0,0.0,0.0,16,4196.0,4200.0,8,4189.0,4181.0,4206.0,4178.0,244.0,20479560.0,17370
2023-05-09 21:06:29,pg2308,pg2308,4199.0,0.0,0.0,0.0,14,4196.0,4199.0,7,4189.0,4181.0,4206.0,4178.0,244.0,20479560.0,17370
2023-05-09 21:06:30,pg2308,pg2308,4199.0,0.0,0.0,0.0,8,4196.0,4199.0,6,4189.0,4181.0,4206.0,4178.0,244.0,20479560.0,17370
2023-05-09 21:06:30,pg2308,pg2308,4199.0,0.0,0.0,0.0,8,4197.0,4200.0,10,4189.0,4181.0,4206.0,4178.0,244.0,20479560.0,17370
2023-05-09 21:06:31,pg2308,pg2308,4199.0,0.0,0.0,0.0,8,4196.0,4199.0,6,4189.0,4181.0,4206.0,4178.0,244.0,20479560.0,17370
2023-05-09 21:06:31,pg2308,pg2308,4199.0,0.0,0.0,0.0,7,4196.0,4199.0,6,4189.0,4181.0,4206.0,4178.0,244.0,20479560.0,17370
2023-05-09 21:06:32,pg2308,pg2308,4199.0,0.0,0.0,0.0,7,4196.0,4200.0,16,4189.0,4181.0,4206.0,4178.0,244.0,20479560.0,17370
2023-05-09 21:06:32,pg2308,pg2308,4199.0,0.0,0.0,0.0,7,4196.0,4200.0,18,4189.0,4181.0,4206.0,4178.0,244.0,20479560.0,17370
2023-05-09 21:06:33,pg2308,pg2308,4199.0,0.0,0.0,0.0,6,4196.0,4200.0,18,4189.0,4181.0,4206.0,4178.0,244.0,20479560.0,17370
2023-05-09 21:06:33,pg2308,pg2308,4199.0,0.0,0.0,0.0,10,4196.0,4200.0,14,4189.0,4181.0,4206.0,4178.0,244.0,20479560.0,17370
2023-05-09 21:06:34,pg2308,pg2308,4199.0,0.0,0.0,0.0,9,4197.0,4200.0,8,4189.0,4181.0,4206.0,4178.0,244.0,20479560.0,17370
2023-05-09 21:06:34,pg2308,pg2308,4199.0,0.0,0.0,0.0,18,4196.0,4199.0,6,4189.0,4181.0,4206.0,4178.0,244.0,20479560.0,17370
2023-05-09 21:06:35,pg2308,pg2308,4199.0,0.0,0.0,0.0,16,4196.0,4199.0,8,4189.0,4181.0,4206.0,4178.0,244.0,20479560.0,17370
2023-05-09 21:06:36,pg2308,pg2308,4199.0,0.0,0.0,0.0,18,4196.0,4199.0,8,4189.0,4181.0,4206.0,4178.0,244.0,20479560.0,17370
2023-05-09 21:06:36,pg2308,pg2308,4199.0,0.0,0.0,0.0,15,4196.0,4199.0,8,4189.0,4181.0,4206.0,4178.0,244.0,20479560.0,17370
2023-05-09 21:06:38,pg2308,pg2308,4199.0,0.0,0.0,0.0,14,4196.0,4199.0,8,4189.0,4181.0,4206.0,4178.0,244.0,20479560.0,17370
2023-05-09 21:06:38,pg2308,pg2308,4199.0,0.0,0.0,0.0,17,4196.0,4199.0,4,4189.0,4181.0,4206.0,4178.0,244.0,20479560.0,17370
2023-05-09 21:06:39,pg2308,pg2308,4199.0,0.0,0.0,0.0,18,4196.0,4199.0,4,4189.0,4181.0,4206.0,4178.0,244.0,20479560.0,17370
2023-05-09 21:06:39,pg2308,pg2308,4199.0,0.0,0.0,0.0,20,4196.0,4199.0,8,4189.0,4181.0,4206.0,4178.0,244.0,20479560.0,17370
2023-05-09 21:06:40,pg2308,pg2308,4199.0,0.0,0.0,0.0,5,4197.0,4200.0,12,4189.0,4181.0,4206.0,4178.0,244.0,20479560.0,17370
2023-05-09 21:06:40,pg2308,pg2308,4199.0,0.0,0.0,0.0,2,4197.0,4199.0,6,4189.0,4181.0,4206.0,4178.0,244.0,20479560.0,17370
2023-05-09 21:06:42,pg2308,pg2308,4199.0,0.0,0.0,0.0,5,4197.0,4199.0,6,4189.0,4181.0,4206.0,4178.0,244.0,20479560.0,17370
2023-05-09 21:06:45,pg2308,pg2308,4200.0,5.0,419960.0,-1.0,10,4198.0,4200.0,2,4189.0,4181.0,4206.0,4178.0,249.0,20899520.0,17369
2023-05-09 21:06:45,pg2308,pg2308,4200.0,0.0,0.0,0.0,17,4198.0,4201.0,7,4189.0,4181.0,4206.0,4178.0,249.0,20899520.0,17369
2023-05-09 21:06:46,pg2308,pg2308,4200.0,0.0,0.0,0.0,19,4198.0,4201.0,7,4189.0,4181.0,4206.0,4178.0,249.0,20899520.0,17369
2023-05-09 21:06:46,pg2308,pg2308,4200.0,0.0,0.0,0.0,19,4198.0,4201.0,5,4189.0,4181.0,4206.0,4178.0,249.0,20899520.0,17369
2023-05-09 21:06:47,pg2308,pg2308,4200.0,0.0,0.0,0.0,15,4198.0,4201.0,7,4189.0,4181.0,4206.0,4178.0,249.0,20899520.0,17369
2023-05-09 21:06:47,pg2308,pg2308,4200.0,0.0,0.0,0.0,21,4198.0,4201.0,5,4189.0,4181.0,4206.0,4178.0,249.0,20899520.0,17369
2023-05-09 21:06:48,pg2308,pg2308,4200.0,0.0,0.0,0.0,2,4199.0,4202.0,8,4189.0,4181.0,4206.0,4178.0,249.0,20899520.0,17369
2023-05-09 21:06:48,pg2308,pg2308,4200.0,0.0,0.0,0.0,1,4200.0,4202.0,4,4189.0,4181.0,4206.0,4178.0,249.0,20899520.0,17369
2023-05-09 21:06:49,pg2308,pg2308,4200.0,0.0,0.0,0.0,1,4200.0,4202.0,5,4189.0,4181.0,4206.0,4178.0,249.0,20899520.0,17369
2023-05-09 21:06:50,pg2308,pg2308,4200.0,0.0,0.0,0.0,1,4200.0,4202.0,8,4189.0,4181.0,4206.0,4178.0,249.0,20899520.0,17369
2023-05-09 21:06:50,pg2308,pg2308,4200.0,0.0,0.0,0.0,12,4198.0,4202.0,10,4189.0,4181.0,4206.0,4178.0,249.0,20899520.0,17369
2023-05-09 21:06:51,pg2308,pg2308,4200.0,0.0,0.0,0.0,8,4198.0,4201.0,5,4189.0,4181.0,4206.0,4178.0,249.0,20899520.0,17369
2023-05-09 21:06:51,pg2308,pg2308,4200.0,0.0,0.0,0.0,6,4198.0,4201.0,4,4189.0,4181.0,4206.0,4178.0,249.0,20899520.0,17369
2023-05-09 21:06:52,pg2308,pg2308,4200.0,0.0,0.0,0.0,4,4198.0,4201.0,6,4189.0,4181.0,4206.0,4178.0,249.0,20899520.0,17369
2023-05-09 21:06:52,pg2308,pg2308,4200.0,0.0,0.0,0.0,4,4198.0,4201.0,8,4189.0,4181.0,4206.0,4178.0,249.0,20899520.0,17369
2023-05-09 21:06:53,pg2308,pg2308,4200.0,0.0,0.0,0.0,2,4199.0,4200.0,6,4189.0,4181.0,4206.0,4178.0,249.0,20899520.0,17369
2023-05-09 21:06:53,pg2308,pg2308,4200.0,0.0,0.0,0.0,4,4198.0,4200.0,6,4189.0,4181.0,4206.0,4178.0,249.0,20899520.0,17369
2023-05-09 21:06:56,pg2308,pg2308,4200.0,0.0,0.0,0.0,6,4197.0,4199.0,2,4189.0,4181.0,4206.0,4178.0,249.0,20899520.0,17369
2023-05-09 21:06:56,pg2308,pg2308,4200.0,0.0,0.0,0.0,4,4197.0,4199.0,2,4189.0,4181.0,4206.0,4178.0,249.0,20899520.0,17369
2023-05-09 21:06:58,pg2308,pg2308,4200.0,0.0,0.0,0.0,2,4197.0,4199.0,2,4189.0,4181.0,4206.0,4178.0,249.0,20899520.0,17369
2023-05-09 21:06:59,pg2308,pg2308,4200.0,0.0,0.0,0.0,8,4196.0,4199.0,2,4189.0,4181.0,4206.0,4178.0,249.0,20899520.0,17369
2023-05-09 21:06:59,pg2308,pg2308,4200.0,0.0,0.0,0.0,5,4196.0,4198.0,2,4189.0,4181.0,4206.0,4178.0,249.0,20899520.0,17369
2023-05-09 21:07:00,pg2308,pg2308,4200.0,0.0,0.0,0.0,5,4196.0,4199.0,17,4189.0,4181.0,4206.0,4178.0,249.0,20899520.0,17369
2023-05-09 21:07:00,pg2308,pg2308,4200.0,0.0,0.0,0.0,5,4196.0,4198.0,2,4189.0,4181.0,4206.0,4178.0,249.0,20899520.0,17369
2023-05-09 21:07:02,pg2308,pg2308,4200.0,0.0,0.0,0.0,5,4196.0,4199.0,18,4189.0,4181.0,4206.0,4178.0,249.0,20899520.0,17369
2023-05-09 21:07:03,pg2308,pg2308,4200.0,0.0,0.0,0.0,7,4196.0,4199.0,13,4189.0,4181.0,4206.0,4178.0,249.0,20899520.0,17369
2023-05-09 21:07:03,pg2308,pg2308,4200.0,0.0,0.0,0.0,7,4196.0,4199.0,7,4189.0,4181.0,4206.0,4178.0,249.0,20899520.0,17369
2023-05-09 21:07:03,pg2308,pg2308,4200.0,0.0,0.0,0.0,7,4196.0,4199.0,4,4189.0,4181.0,4206.0,4178.0,249.0,20899520.0,17369
2023-05-09 21:07:05,pg2308,pg2308,4200.0,0.0,0.0,0.0,8,4196.0,4199.0,4,4189.0,4181.0,4206.0,4178.0,249.0,20899520.0,17369
2023-05-09 21:07:05,pg2308,pg2308,4200.0,0.0,0.0,0.0,7,4196.0,4199.0,9,4189.0,4181.0,4206.0,4178.0,249.0,20899520.0,17369
2023-05-09 21:07:06,pg2308,pg2308,4199.0,3.0,251940.0,0.0,12,4196.0,4200.0,22,4189.0,4181.0,4206.0,4178.0,252.0,21151460.0,17369
2023-05-09 21:07:06,pg2308,pg2308,4199.0,0.0,0.0,0.0,7,4197.0,4200.0,19,4189.0,4181.0,4206.0,4178.0,252.0,21151460.0,17369
2023-05-09 21:07:07,pg2308,pg2308,4199.0,0.0,0.0,0.0,1,4198.0,4200.0,17,4189.0,4181.0,4206.0,4178.0,252.0,21151460.0,17369
2023-05-09 21:07:07,pg2308,pg2308,4199.0,0.0,0.0,0.0,1,4198.0,4200.0,8,4189.0,4181.0,4206.0,4178.0,252.0,21151460.0,17369
2023-05-09 21:07:08,pg2308,pg2308,4199.0,0.0,0.0,0.0,1,4199.0,4200.0,6,4189.0,4181.0,4206.0,4178.0,252.0,21151460.0,17369
2023-05-09 21:07:08,pg2308,pg2308,4199.0,1.0,83980.0,1.0,5,4198.0,4200.0,6,4189.0,4181.0,4206.0,4178.0,253.0,21235440.0,17370
2023-05-09 21:07:09,pg2308,pg2308,4199.0,0.0,0.0,0.0,3,4198.0,4200.0,4,4189.0,4181.0,4206.0,4178.0,253.0,21235440.0,17370
2023-05-09 21:07:10,pg2308,pg2308,4199.0,0.0,0.0,0.0,1,4198.0,4199.0,2,4189.0,4181.0,4206.0,4178.0,253.0,21235440.0,17370
2023-05-09 21:07:10,pg2308,pg2308,4198.0,1.0,83960.0,0.0,1,4198.0,4200.0,16,4189.0,4181.0,4206.0,4178.0,254.0,21319400.0,17370
2023-05-09 21:07:11,pg2308,pg2308,4198.0,1.0,83960.0,1.0,9,4196.0,4199.0,12,4189.0,4181.0,4206.0,4178.0,255.0,21403360.0,17371
2023-05-09 21:07:11,pg2308,pg2308,4198.0,0.0,0.0,0.0,5,4196.0,4199.0,18,4189.0,4181.0,4206.0,4178.0,255.0,21403360.0,17371
2023-05-09 21:07:12,pg2308,pg2308,4198.0,0.0,0.0,0.0,5,4196.0,4199.0,22,4189.0,4181.0,4206.0,4178.0,255.0,21403360.0,17371
2023-05-09 21:07:12,pg2308,pg2308,4198.0,0.0,0.0,0.0,11,4195.0,4198.0,7,4189.0,4181.0,4206.0,4178.0,255.0,21403360.0,17371
2023-05-09 21:07:13,pg2308,pg2308,4198.0,0.0,0.0,0.0,5,4195.0,4197.0,2,4189.0,4181.0,4206.0,4178.0,255.0,21403360.0,17371
2023-05-09 21:07:14,pg2308,pg2308,4198.0,0.0,0.0,0.0,7,4195.0,4197.0,2,4189.0,4181.0,4206.0,4178.0,255.0,21403360.0,17371
2023-05-09 21:07:15,pg2308,pg2308,4198.0,0.0,0.0,0.0,5,4195.0,4197.0,2,4189.0,4181.0,4206.0,4178.0,255.0,21403360.0,17371
2023-05-09 21:07:15,pg2308,pg2308,4198.0,0.0,0.0,0.0,3,4195.0,4197.0,2,4189.0,4181.0,4206.0,4178.0,255.0,21403360.0,17371
2023-05-09 21:07:17,pg2308,pg2308,4198.0,0.0,0.0,0.0,16,4194.0,4197.0,6,4189.0,4181.0,4206.0,4178.0,255.0,21403360.0,17371
2023-05-09 21:07:17,pg2308,pg2308,4198.0,0.0,0.0,0.0,10,4194.0,4196.0,2,4189.0,4181.0,4206.0,4178.0,255.0,21403360.0,17371
2023-05-09 21:07:18,pg2308,pg2308,4198.0,0.0,0.0,0.0,6,4194.0,4196.0,2,4189.0,4181.0,4206.0,4178.0,255.0,21403360.0,17371
2023-05-09 21:07:19,pg2308,pg2308,4198.0,0.0,0.0,0.0,6,4194.0,4196.0,4,4189.0,4181.0,4206.0,4178.0,255.0,21403360.0,17371
2023-05-09 21:07:19,pg2308,pg2308,4198.0,0.0,0.0,0.0,7,4194.0,4196.0,4,4189.0,4181.0,4206.0,4178.0,255.0,21403360.0,17371
2023-05-09 21:07:21,pg2308,pg2308,4198.0,0.0,0.0,0.0,7,4194.0,4196.0,2,4189.0,4181.0,4206.0,4178.0,255.0,21403360.0,17371
2023-05-09 21:07:23,pg2308,pg2308,4198.0,0.0,0.0,0.0,11,4194.0,4196.0,2,4189.0,4181.0,4206.0,4178.0,255.0,21403360.0,17371
2023-05-09 21:07:23,pg2308,pg2308,4198.0,0.0,0.0,0.0,13,4194.0,4196.0,2,4189.0,4181.0,4206.0,4178.0,255.0,21403360.0,17371
2023-05-09 21:07:24,pg2308,pg2308,4196.0,2.0,167840.0,1.0,5,4195.0,4198.0,16,4189.0,4181.0,4206.0,4178.0,257.0,21571200.0,17372
2023-05-09 21:07:24,pg2308,pg2308,4196.0,0.0,0.0,0.0,5,4195.0,4198.0,14,4189.0,4181.0,4206.0,4178.0,257.0,21571200.0,17372
2023-05-09 21:07:26,pg2308,pg2308,4196.0,0.0,0.0,0.0,5,4195.0,4198.0,6,4189.0,4181.0,4206.0,4178.0,257.0,21571200.0,17372
2023-05-09 21:07:26,pg2308,pg2308,4196.0,0.0,0.0,0.0,5,4195.0,4198.0,4,4189.0,4181.0,4206.0,4178.0,257.0,21571200.0,17372
2023-05-09 21:07:27,pg2308,pg2308,4196.0,0.0,0.0,0.0,2,4196.0,4198.0,4,4189.0,4181.0,4206.0,4178.0,257.0,21571200.0,17372
2023-05-09 21:07:28,pg2308,pg2308,4196.0,0.0,0.0,0.0,2,4196.0,4198.0,2,4189.0,4181.0,4206.0,4178.0,257.0,21571200.0,17372
2023-05-09 21:07:29,pg2308,pg2308,4196.0,0.0,0.0,0.0,9,4196.0,4199.0,9,4189.0,4181.0,4206.0,4178.0,257.0,21571200.0,17372
2023-05-09 21:07:29,pg2308,pg2308,4198.0,1.0,83960.0,1.0,1,4198.0,4200.0,14,4189.0,4181.0,4206.0,4178.0,258.0,21655160.0,17373
2023-05-09 21:07:31,pg2308,pg2308,4198.0,1.0,83960.0,1.0,4,4197.0,4200.0,14,4189.0,4181.0,4206.0,4178.0,259.0,21739120.0,17374
2023-05-09 21:07:35,pg2308,pg2308,4198.0,0.0,0.0,0.0,4,4198.0,4200.0,4,4189.0,4181.0,4206.0,4178.0,259.0,21739120.0,17374
2023-05-09 21:07:36,pg2308,pg2308,4198.0,0.0,0.0,0.0,4,4198.0,4201.0,14,4189.0,4181.0,4206.0,4178.0,259.0,21739120.0,17374
2023-05-09 21:07:40,pg2308,pg2308,4198.0,4.0,335840.0,4.0,2,4198.0,4201.0,12,4189.0,4181.0,4206.0,4178.0,263.0,22074960.0,17378
2023-05-09 21:07:40,pg2308,pg2308,4198.0,0.0,0.0,0.0,12,4197.0,4201.0,6,4189.0,4181.0,4206.0,4178.0,263.0,22074960.0,17378
2023-05-09 21:07:41,pg2308,pg2308,4198.0,0.0,0.0,0.0,16,4197.0,4201.0,6,4189.0,4181.0,4206.0,4178.0,263.0,22074960.0,17378
2023-05-09 21:07:42,pg2308,pg2308,4198.0,0.0,0.0,0.0,2,4198.0,4201.0,6,4189.0,4181.0,4206.0,4178.0,263.0,22074960.0,17378
2023-05-09 21:07:46,pg2308,pg2308,4198.0,0.0,0.0,0.0,6,4198.0,4201.0,2,4189.0,4181.0,4206.0,4178.0,263.0,22074960.0,17378
2023-05-09 21:07:46,pg2308,pg2308,4198.0,0.0,0.0,0.0,2,4199.0,4201.0,2,4189.0,4181.0,4206.0,4178.0,263.0,22074960.0,17378
2023-05-09 21:07:47,pg2308,pg2308,4198.0,0.0,0.0,0.0,6,4198.0,4201.0,2,4189.0,4181.0,4206.0,4178.0,263.0,22074960.0,17378
2023-05-09 21:07:47,pg2308,pg2308,4198.0,0.0,0.0,0.0,4,4198.0,4201.0,2,4189.0,4181.0,4206.0,4178.0,263.0,22074960.0,17378
2023-05-09 21:07:48,pg2308,pg2308,4198.0,0.0,0.0,0.0,4,4198.0,4201.0,6,4189.0,4181.0,4206.0,4178.0,263.0,22074960.0,17378
2023-05-09 21:07:50,pg2308,pg2308,4198.0,0.0,0.0,0.0,6,4198.0,4201.0,6,4189.0,4181.0,4206.0,4178.0,263.0,22074960.0,17378
2023-05-09 21:07:51,pg2308,pg2308,4198.0,0.0,0.0,0.0,4,4199.0,4202.0,17,4189.0,4181.0,4206.0,4178.0,263.0,22074960.0,17378
2023-05-09 21:07:51,pg2308,pg2308,4198.0,0.0,0.0,0.0,4,4199.0,4202.0,15,4189.0,4181.0,4206.0,4178.0,263.0,22074960.0,17378
2023-05-09 21:07:53,pg2308,pg2308,4198.0,0.0,0.0,0.0,4,4199.0,4202.0,6,4189.0,4181.0,4206.0,4178.0,263.0,22074960.0,17378
2023-05-09 21:07:55,pg2308,pg2308,4198.0,0.0,0.0,0.0,4,4199.0,4202.0,4,4189.0,4181.0,4206.0,4178.0,263.0,22074960.0,17378
2023-05-09 21:07:57,pg2308,pg2308,4198.0,0.0,0.0,0.0,5,4199.0,4202.0,4,4189.0,4181.0,4206.0,4178.0,263.0,22074960.0,17378
2023-05-09 21:07:58,pg2308,pg2308,4198.0,0.0,0.0,0.0,4,4199.0,4202.0,4,4189.0,4181.0,4206.0,4178.0,263.0,22074960.0,17378
2023-05-09 21:07:59,pg2308,pg2308,4198.0,0.0,0.0,0.0,5,4199.0,4202.0,4,4189.0,4181.0,4206.0,4178.0,263.0,22074960.0,17378
2023-05-09 21:08:00,pg2308,pg2308,4198.0,0.0,0.0,0.0,9,4199.0,4202.0,2,4189.0,4181.0,4206.0,4178.0,263.0,22074960.0,17378
2023-05-09 21:08:01,pg2308,pg2308,4198.0,0.0,0.0,0.0,4,4200.0,4203.0,15,4189.0,4181.0,4206.0,4178.0,263.0,22074960.0,17378
2023-05-09 21:08:01,pg2308,pg2308,4201.0,2.0,168040.0,2.0,2,4200.0,4203.0,15,4189.0,4181.0,4206.0,4178.0,265.0,22243000.0,17380
2023-05-09 21:08:02,pg2308,pg2308,4201.0,0.0,0.0,0.0,3,4200.0,4203.0,15,4189.0,4181.0,4206.0,4178.0,265.0,22243000.0,17380
2023-05-09 21:08:02,pg2308,pg2308,4201.0,0.0,0.0,0.0,4,4200.0,4203.0,17,4189.0,4181.0,4206.0,4178.0,265.0,22243000.0,17380
2023-05-09 21:08:03,pg2308,pg2308,4201.0,0.0,0.0,0.0,6,4200.0,4203.0,15,4189.0,4181.0,4206.0,4178.0,265.0,22243000.0,17380
2023-05-09 21:08:05,pg2308,pg2308,4201.0,0.0,0.0,0.0,4,4200.0,4203.0,15,4189.0,4181.0,4206.0,4178.0,265.0,22243000.0,17380
2023-05-09 21:08:06,pg2308,pg2308,4201.0,0.0,0.0,0.0,10,4199.0,4202.0,4,4189.0,4181.0,4206.0,4178.0,265.0,22243000.0,17380
2023-05-09 21:08:07,pg2308,pg2308,4201.0,0.0,0.0,0.0,7,4199.0,4202.0,3,4189.0,4181.0,4206.0,4178.0,265.0,22243000.0,17380
2023-05-09 21:08:07,pg2308,pg2308,4201.0,0.0,0.0,0.0,10,4199.0,4203.0,15,4189.0,4181.0,4206.0,4178.0,265.0,22243000.0,17380
2023-05-09 21:08:08,pg2308,pg2308,4201.0,0.0,0.0,0.0,6,4199.0,4203.0,17,4189.0,4181.0,4206.0,4178.0,265.0,22243000.0,17380
2023-05-09 21:08:08,pg2308,pg2308,4201.0,0.0,0.0,0.0,15,4200.0,4203.0,7,4189.0,4181.0,4206.0,4178.0,265.0,22243000.0,17380
2023-05-09 21:08:09,pg2308,pg2308,4201.0,0.0,0.0,0.0,17,4200.0,4203.0,4,4189.0,4181.0,4206.0,4178.0,265.0,22243000.0,17380
2023-05-09 21:08:10,pg2308,pg2308,4201.0,0.0,0.0,0.0,10,4200.0,4203.0,6,4189.0,4181.0,4206.0,4178.0,265.0,22243000.0,17380
2023-05-09 21:08:10,pg2308,pg2308,4201.0,0.0,0.0,0.0,4,4200.0,4203.0,7,4189.0,4181.0,4206.0,4178.0,265.0,22243000.0,17380
2023-05-09 21:08:11,pg2308,pg2308,4200.0,1.0,84000.0,0.0,5,4200.0,4203.0,11,4189.0,4181.0,4206.0,4178.0,266.0,22327000.0,17380
2023-05-09 21:08:11,pg2308,pg2308,4200.0,0.0,0.0,0.0,15,4199.0,4202.0,8,4189.0,4181.0,4206.0,4178.0,266.0,22327000.0,17380
2023-05-09 21:08:12,pg2308,pg2308,4200.0,0.0,0.0,0.0,4,4199.0,4202.0,7,4189.0,4181.0,4206.0,4178.0,266.0,22327000.0,17380
2023-05-09 21:08:12,pg2308,pg2308,4200.0,0.0,0.0,0.0,10,4199.0,4202.0,7,4189.0,4181.0,4206.0,4178.0,266.0,22327000.0,17380
2023-05-09 21:08:13,pg2308,pg2308,4200.0,0.0,0.0,0.0,5,4199.0,4202.0,7,4189.0,4181.0,4206.0,4178.0,266.0,22327000.0,17380
2023-05-09 21:08:13,pg2308,pg2308,4200.0,0.0,0.0,0.0,13,4199.0,4202.0,7,4189.0,4181.0,4206.0,4178.0,266.0,22327000.0,17380
2023-05-09 21:08:14,pg2308,pg2308,4200.0,0.0,0.0,0.0,2,4200.0,4202.0,5,4189.0,4181.0,4206.0,4178.0,266.0,22327000.0,17380
2023-05-09 21:08:14,pg2308,pg2308,4200.0,0.0,0.0,0.0,2,4200.0,4203.0,17,4189.0,4181.0,4206.0,4178.0,266.0,22327000.0,17380
2023-05-09 21:08:15,pg2308,pg2308,4200.0,0.0,0.0,0.0,4,4200.0,4203.0,17,4189.0,4181.0,4206.0,4178.0,266.0,22327000.0,17380
2023-05-09 21:08:16,pg2308,pg2308,4200.0,0.0,0.0,0.0,2,4200.0,4203.0,17,4189.0,4181.0,4206.0,4178.0,266.0,22327000.0,17380
2023-05-09 21:08:19,pg2308,pg2308,4200.0,0.0,0.0,0.0,5,4200.0,4203.0,11,4189.0,4181.0,4206.0,4178.0,266.0,22327000.0,17380
2023-05-09 21:08:19,pg2308,pg2308,4200.0,0.0,0.0,0.0,11,4200.0,4203.0,5,4189.0,4181.0,4206.0,4178.0,266.0,22327000.0,17380
2023-05-09 21:08:20,pg2308,pg2308,4200.0,0.0,0.0,0.0,9,4200.0,4203.0,5,4189.0,4181.0,4206.0,4178.0,266.0,22327000.0,17380
2023-05-09 21:08:20,pg2308,pg2308,4200.0,0.0,0.0,0.0,10,4200.0,4203.0,7,4189.0,4181.0,4206.0,4178.0,266.0,22327000.0,17380
2023-05-09 21:08:21,pg2308,pg2308,4200.0,0.0,0.0,0.0,12,4200.0,4203.0,7,4189.0,4181.0,4206.0,4178.0,266.0,22327000.0,17380
2023-05-09 21:08:21,pg2308,pg2308,4200.0,0.0,0.0,0.0,22,4200.0,4203.0,3,4189.0,4181.0,4206.0,4178.0,266.0,22327000.0,17380
2023-05-09 21:08:22,pg2308,pg2308,4200.0,0.0,0.0,0.0,24,4200.0,4203.0,3,4189.0,4181.0,4206.0,4178.0,266.0,22327000.0,17380
2023-05-09 21:08:23,pg2308,pg2308,4200.0,0.0,0.0,0.0,2,4201.0,4203.0,3,4189.0,4181.0,4206.0,4178.0,266.0,22327000.0,17380
2023-05-09 21:08:23,pg2308,pg2308,4200.0,0.0,0.0,0.0,24,4200.0,4203.0,5,4189.0,4181.0,4206.0,4178.0,266.0,22327000.0,17380
2023-05-09 21:08:24,pg2308,pg2308,4200.0,0.0,0.0,0.0,22,4200.0,4203.0,5,4189.0,4181.0,4206.0,4178.0,266.0,22327000.0,17380
2023-05-09 21:08:24,pg2308,pg2308,4200.0,0.0,0.0,0.0,16,4199.0,4202.0,2,4189.0,4181.0,4206.0,4178.0,266.0,22327000.0,17380
2023-05-09 21:08:25,pg2308,pg2308,4200.0,0.0,0.0,0.0,4,4199.0,4202.0,7,4189.0,4181.0,4206.0,4178.0,266.0,22327000.0,17380
2023-05-09 21:08:25,pg2308,pg2308,4200.0,0.0,0.0,0.0,4,4199.0,4202.0,9,4189.0,4181.0,4206.0,4178.0,266.0,22327000.0,17380
2023-05-09 21:08:26,pg2308,pg2308,4200.0,0.0,0.0,0.0,4,4199.0,4202.0,11,4189.0,4181.0,4206.0,4178.0,266.0,22327000.0,17380
2023-05-09 21:08:27,pg2308,pg2308,4200.0,0.0,0.0,0.0,4,4199.0,4202.0,17,4189.0,4181.0,4206.0,4178.0,266.0,22327000.0,17380
2023-05-09 21:08:28,pg2308,pg2308,4200.0,0.0,0.0,0.0,8,4199.0,4202.0,13,4189.0,4181.0,4206.0,4178.0,266.0,22327000.0,17380
2023-05-09 21:08:28,pg2308,pg2308,4200.0,0.0,0.0,0.0,8,4199.0,4202.0,7,4189.0,4181.0,4206.0,4178.0,266.0,22327000.0,17380
2023-05-09 21:08:30,pg2308,pg2308,4202.0,3.0,252120.0,-1.0,4,4201.0,4203.0,6,4189.0,4181.0,4206.0,4178.0,269.0,22579120.0,17379
2023-05-09 21:08:30,pg2308,pg2308,4203.0,6.0,504360.0,0.0,9,4203.0,4205.0,6,4189.0,4181.0,4206.0,4178.0,275.0,23083480.0,17379
2023-05-09 21:08:31,pg2308,pg2308,4203.0,0.0,0.0,0.0,9,4203.0,4205.0,8,4189.0,4181.0,4206.0,4178.0,275.0,23083480.0,17379
2023-05-09 21:08:31,pg2308,pg2308,4203.0,0.0,0.0,0.0,9,4203.0,4205.0,7,4189.0,4181.0,4206.0,4178.0,275.0,23083480.0,17379
2023-05-09 21:08:32,pg2308,pg2308,4203.0,0.0,0.0,0.0,11,4203.0,4205.0,7,4189.0,4181.0,4206.0,4178.0,275.0,23083480.0,17379
2023-05-09 21:08:33,pg2308,pg2308,4203.0,0.0,0.0,0.0,11,4203.0,4205.0,6,4189.0,4181.0,4206.0,4178.0,275.0,23083480.0,17379
2023-05-09 21:08:34,pg2308,pg2308,4203.0,0.0,0.0,0.0,11,4203.0,4205.0,4,4189.0,4181.0,4206.0,4178.0,275.0,23083480.0,17379
2023-05-09 21:08:35,pg2308,pg2308,4203.0,0.0,0.0,0.0,13,4203.0,4205.0,2,4189.0,4181.0,4206.0,4178.0,275.0,23083480.0,17379
2023-05-09 21:08:35,pg2308,pg2308,4206.0,7.0,588800.0,4.0,2,4206.0,4207.0,13,4189.0,4181.0,4206.0,4178.0,282.0,23672280.0,17383
2023-05-09 21:08:36,pg2308,pg2308,4207.0,8.0,673080.0,-2.0,8,4205.0,4208.0,7,4189.0,4181.0,4207.0,4178.0,290.0,24345360.0,17381
2023-05-09 21:08:36,pg2308,pg2308,4207.0,0.0,0.0,0.0,10,4205.0,4208.0,7,4189.0,4181.0,4207.0,4178.0,290.0,24345360.0,17381
2023-05-09 21:08:37,pg2308,pg2308,4207.0,0.0,0.0,0.0,5,4205.0,4208.0,7,4189.0,4181.0,4207.0,4178.0,290.0,24345360.0,17381
2023-05-09 21:08:37,pg2308,pg2308,4207.0,0.0,0.0,0.0,3,4205.0,4208.0,7,4189.0,4181.0,4207.0,4178.0,290.0,24345360.0,17381
2023-05-09 21:08:38,pg2308,pg2308,4207.0,0.0,0.0,0.0,3,4205.0,4208.0,8,4189.0,4181.0,4207.0,4178.0,290.0,24345360.0,17381
2023-05-09 21:08:38,pg2308,pg2308,4207.0,0.0,0.0,0.0,5,4205.0,4208.0,6,4189.0,4181.0,4207.0,4178.0,290.0,24345360.0,17381
2023-05-09 21:08:39,pg2308,pg2308,4207.0,0.0,0.0,0.0,4,4206.0,4209.0,8,4189.0,4181.0,4207.0,4178.0,290.0,24345360.0,17381
2023-05-09 21:08:39,pg2308,pg2308,4207.0,0.0,0.0,0.0,4,4206.0,4209.0,2,4189.0,4181.0,4207.0,4178.0,290.0,24345360.0,17381
2023-05-09 21:08:39,pg2308,pg2308,4207.0,0.0,0.0,0.0,4,4206.0,4209.0,4,4189.0,4181.0,4207.0,4178.0,290.0,24345360.0,17381
2023-05-09 21:08:41,pg2308,pg2308,4207.0,0.0,0.0,0.0,4,4206.0,4209.0,6,4189.0,4181.0,4207.0,4178.0,290.0,24345360.0,17381
2023-05-09 21:08:43,pg2308,pg2308,4207.0,0.0,0.0,0.0,4,4206.0,4209.0,4,4189.0,4181.0,4207.0,4178.0,290.0,24345360.0,17381
2023-05-09 21:08:43,pg2308,pg2308,4207.0,0.0,0.0,0.0,6,4206.0,4209.0,6,4189.0,4181.0,4207.0,4178.0,290.0,24345360.0,17381
2023-05-09 21:08:44,pg2308,pg2308,4209.0,2.0,168340.0,2.0,5,4207.0,4210.0,18,4189.0,4181.0,4209.0,4178.0,292.0,24513700.0,17383
2023-05-09 21:08:44,pg2308,pg2308,4209.0,0.0,0.0,0.0,2,4206.0,4208.0,3,4189.0,4181.0,4209.0,4178.0,292.0,24513700.0,17383
2023-05-09 21:08:45,pg2308,pg2308,4209.0,0.0,0.0,0.0,6,4205.0,4208.0,10,4189.0,4181.0,4209.0,4178.0,292.0,24513700.0,17383
2023-05-09 21:08:45,pg2308,pg2308,4209.0,0.0,0.0,0.0,4,4205.0,4208.0,23,4189.0,4181.0,4209.0,4178.0,292.0,24513700.0,17383
2023-05-09 21:08:46,pg2308,pg2308,4205.0,1.0,84100.0,0.0,5,4205.0,4208.0,17,4189.0,4181.0,4209.0,4178.0,293.0,24597800.0,17383
2023-05-09 21:08:46,pg2308,pg2308,4208.0,2.0,168260.0,1.0,10,4204.0,4208.0,16,4189.0,4181.0,4209.0,4178.0,295.0,24766060.0,17384
2023-05-09 21:08:47,pg2308,pg2308,4208.0,0.0,0.0,0.0,6,4204.0,4207.0,4,4189.0,4181.0,4209.0,4178.0,295.0,24766060.0,17384
2023-05-09 21:08:48,pg2308,pg2308,4208.0,0.0,0.0,0.0,16,4203.0,4207.0,14,4189.0,4181.0,4209.0,4178.0,295.0,24766060.0,17384
2023-05-09 21:08:48,pg2308,pg2308,4207.0,6.0,504840.0,5.0,6,4207.0,4208.0,2,4189.0,4181.0,4209.0,4178.0,301.0,25270900.0,17389
2023-05-09 21:08:49,pg2308,pg2308,4207.0,3.0,252420.0,-2.0,1,4207.0,4209.0,11,4189.0,4181.0,4209.0,4178.0,304.0,25523320.0,17387
2023-05-09 21:08:49,pg2308,pg2308,4207.0,0.0,0.0,0.0,1,4207.0,4209.0,15,4189.0,4181.0,4209.0,4178.0,304.0,25523320.0,17387
2023-05-09 21:08:49,pg2308,pg2308,4207.0,0.0,0.0,0.0,1,4207.0,4209.0,19,4189.0,4181.0,4209.0,4178.0,304.0,25523320.0,17387
2023-05-09 21:08:51,pg2308,pg2308,4207.0,1.0,84140.0,0.0,4,4206.0,4209.0,19,4189.0,4181.0,4209.0,4178.0,305.0,25607460.0,17387
2023-05-09 21:08:52,pg2308,pg2308,4206.0,1.0,84120.0,0.0,4,4206.0,4209.0,19,4189.0,4181.0,4209.0,4178.0,306.0,25691580.0,17387
2023-05-09 21:08:53,pg2308,pg2308,4206.0,1.0,84120.0,0.0,4,4206.0,4209.0,23,4189.0,4181.0,4209.0,4178.0,307.0,25775700.0,17387
2023-05-09 21:08:54,pg2308,pg2308,4206.0,0.0,0.0,0.0,2,4206.0,4208.0,2,4189.0,4181.0,4209.0,4178.0,307.0,25775700.0,17387
2023-05-09 21:08:55,pg2308,pg2308,4206.0,0.0,0.0,0.0,10,4205.0,4208.0,9,4189.0,4181.0,4209.0,4178.0,307.0,25775700.0,17387
2023-05-09 21:08:55,pg2308,pg2308,4206.0,0.0,0.0,0.0,10,4205.0,4208.0,7,4189.0,4181.0,4209.0,4178.0,307.0,25775700.0,17387
2023-05-09 21:08:57,pg2308,pg2308,4206.0,0.0,0.0,0.0,20,4204.0,4208.0,9,4189.0,4181.0,4209.0,4178.0,307.0,25775700.0,17387
2023-05-09 21:08:58,pg2308,pg2308,4206.0,0.0,0.0,0.0,19,4204.0,4206.0,2,4189.0,4181.0,4209.0,4178.0,307.0,25775700.0,17387
2023-05-09 21:08:58,pg2308,pg2308,4206.0,0.0,0.0,0.0,18,4204.0,4206.0,2,4189.0,4181.0,4209.0,4178.0,307.0,25775700.0,17387
2023-05-09 21:08:59,pg2308,pg2308,4206.0,0.0,0.0,0.0,5,4205.0,4207.0,2,4189.0,4181.0,4209.0,4178.0,307.0,25775700.0,17387
2023-05-09 21:09:00,pg2308,pg2308,4206.0,0.0,0.0,0.0,1,4205.0,4207.0,2,4189.0,4181.0,4209.0,4178.0,307.0,25775700.0,17387
2023-05-09 21:09:00,pg2308,pg2308,4206.0,0.0,0.0,0.0,3,4205.0,4207.0,2,4189.0,4181.0,4209.0,4178.0,307.0,25775700.0,17387
2023-05-09 21:09:02,pg2308,pg2308,4206.0,0.0,0.0,0.0,2,4205.0,4207.0,4,4189.0,4181.0,4209.0,4178.0,307.0,25775700.0,17387
2023-05-09 21:09:02,pg2308,pg2308,4206.0,0.0,0.0,0.0,2,4205.0,4206.0,2,4189.0,4181.0,4209.0,4178.0,307.0,25775700.0,17387
2023-05-09 21:09:03,pg2308,pg2308,4206.0,0.0,0.0,0.0,5,4205.0,4208.0,16,4189.0,4181.0,4209.0,4178.0,307.0,25775700.0,17387
2023-05-09 21:09:03,pg2308,pg2308,4206.0,0.0,0.0,0.0,17,4204.0,4207.0,2,4189.0,4181.0,4209.0,4178.0,307.0,25775700.0,17387
2023-05-09 21:09:04,pg2308,pg2308,4206.0,0.0,0.0,0.0,6,4205.0,4206.0,2,4189.0,4181.0,4209.0,4178.0,307.0,25775700.0,17387
2023-05-09 21:09:04,pg2308,pg2308,4206.0,0.0,0.0,0.0,4,4205.0,4206.0,2,4189.0,4181.0,4209.0,4178.0,307.0,25775700.0,17387
2023-05-09 21:09:05,pg2308,pg2308,4206.0,0.0,0.0,0.0,9,4204.0,4207.0,6,4189.0,4181.0,4209.0,4178.0,307.0,25775700.0,17387
2023-05-09 21:09:05,pg2308,pg2308,4206.0,0.0,0.0,0.0,7,4204.0,4207.0,6,4189.0,4181.0,4209.0,4178.0,307.0,25775700.0,17387
2023-05-09 21:09:06,pg2308,pg2308,4206.0,0.0,0.0,0.0,5,4204.0,4207.0,4,4189.0,4181.0,4209.0,4178.0,307.0,25775700.0,17387
2023-05-09 21:09:06,pg2308,pg2308,4206.0,0.0,0.0,0.0,5,4204.0,4206.0,4,4189.0,4181.0,4209.0,4178.0,307.0,25775700.0,17387
2023-05-09 21:09:07,pg2308,pg2308,4206.0,0.0,0.0,0.0,3,4204.0,4205.0,2,4189.0,4181.0,4209.0,4178.0,307.0,25775700.0,17387
2023-05-09 21:09:07,pg2308,pg2308,4206.0,0.0,0.0,0.0,2,4204.0,4205.0,2,4189.0,4181.0,4209.0,4178.0,307.0,25775700.0,17387
2023-05-09 21:09:10,pg2308,pg2308,4206.0,0.0,0.0,0.0,1,4204.0,4205.0,2,4189.0,4181.0,4209.0,4178.0,307.0,25775700.0,17387
2023-05-09 21:09:11,pg2308,pg2308,4204.0,1.0,84080.0,-1.0,4,4203.0,4206.0,8,4189.0,4181.0,4209.0,4178.0,308.0,25859780.0,17386
2023-05-09 21:09:13,pg2308,pg2308,4204.0,0.0,0.0,0.0,4,4203.0,4205.0,2,4189.0,4181.0,4209.0,4178.0,308.0,25859780.0,17386
2023-05-09 21:09:13,pg2308,pg2308,4204.0,0.0,0.0,0.0,2,4203.0,4204.0,2,4189.0,4181.0,4209.0,4178.0,308.0,25859780.0,17386
2023-05-09 21:09:33,pg2308,pg2308,4203.0,1.0,84060.0,0.0,1,4203.0,4204.0,2,4189.0,4181.0,4209.0,4178.0,309.0,25943840.0,17386
2023-05-09 21:09:37,pg2308,pg2308,4204.0,2.0,168160.0,0.0,2,4204.0,4206.0,12,4189.0,4181.0,4209.0,4178.0,311.0,26112000.0,17386
2023-05-09 21:09:37,pg2308,pg2308,4204.0,2.0,168160.0,0.0,3,4204.0,4206.0,2,4189.0,4181.0,4209.0,4178.0,313.0,26280160.0,17386
2023-05-09 21:09:38,pg2308,pg2308,4204.0,0.0,0.0,0.0,1,4204.0,4207.0,10,4189.0,4181.0,4209.0,4178.0,313.0,26280160.0,17386
2023-05-09 21:09:38,pg2308,pg2308,4204.0,0.0,0.0,0.0,1,4204.0,4207.0,6,4189.0,4181.0,4209.0,4178.0,313.0,26280160.0,17386
2023-05-09 21:09:39,pg2308,pg2308,4204.0,0.0,0.0,0.0,1,4204.0,4206.0,2,4189.0,4181.0,4209.0,4178.0,313.0,26280160.0,17386
2023-05-09 21:09:39,pg2308,pg2308,4204.0,0.0,0.0,0.0,5,4204.0,4207.0,10,4189.0,4181.0,4209.0,4178.0,313.0,26280160.0,17386
2023-05-09 21:09:40,pg2308,pg2308,4204.0,0.0,0.0,0.0,1,4204.0,4206.0,4,4189.0,4181.0,4209.0,4178.0,313.0,26280160.0,17386
2023-05-09 21:09:40,pg2308,pg2308,4204.0,0.0,0.0,0.0,19,4203.0,4206.0,6,4189.0,4181.0,4209.0,4178.0,313.0,26280160.0,17386
2023-05-09 21:09:41,pg2308,pg2308,4204.0,0.0,0.0,0.0,17,4203.0,4206.0,6,4189.0,4181.0,4209.0,4178.0,313.0,26280160.0,17386
2023-05-09 21:09:44,pg2308,pg2308,4204.0,0.0,0.0,0.0,15,4203.0,4206.0,6,4189.0,4181.0,4209.0,4178.0,313.0,26280160.0,17386
2023-05-09 21:09:44,pg2308,pg2308,4204.0,0.0,0.0,0.0,12,4203.0,4206.0,6,4189.0,4181.0,4209.0,4178.0,313.0,26280160.0,17386
2023-05-09 21:09:45,pg2308,pg2308,4204.0,0.0,0.0,0.0,3,4203.0,4205.0,2,4189.0,4181.0,4209.0,4178.0,313.0,26280160.0,17386
2023-05-09 21:09:45,pg2308,pg2308,4204.0,0.0,0.0,0.0,1,4203.0,4205.0,4,4189.0,4181.0,4209.0,4178.0,313.0,26280160.0,17386
2023-05-09 21:09:46,pg2308,pg2308,4204.0,0.0,0.0,0.0,1,4203.0,4205.0,2,4189.0,4181.0,4209.0,4178.0,313.0,26280160.0,17386
2023-05-09 21:09:48,pg2308,pg2308,4204.0,0.0,0.0,0.0,3,4203.0,4205.0,2,4189.0,4181.0,4209.0,4178.0,313.0,26280160.0,17386
2023-05-09 21:09:51,pg2308,pg2308,4204.0,0.0,0.0,0.0,1,4203.0,4205.0,8,4189.0,4181.0,4209.0,4178.0,313.0,26280160.0,17386
2023-05-09 21:09:52,pg2308,pg2308,4204.0,0.0,0.0,0.0,1,4203.0,4205.0,6,4189.0,4181.0,4209.0,4178.0,313.0,26280160.0,17386
2023-05-09 21:09:53,pg2308,pg2308,4204.0,0.0,0.0,0.0,1,4203.0,4206.0,21,4189.0,4181.0,4209.0,4178.0,313.0,26280160.0,17386
2023-05-09 21:09:54,pg2308,pg2308,4204.0,0.0,0.0,0.0,1,4203.0,4206.0,24,4189.0,4181.0,4209.0,4178.0,313.0,26280160.0,17386
2023-05-09 21:09:55,pg2308,pg2308,4204.0,0.0,0.0,0.0,1,4203.0,4206.0,25,4189.0,4181.0,4209.0,4178.0,313.0,26280160.0,17386
2023-05-09 21:09:56,pg2308,pg2308,4204.0,0.0,0.0,0.0,1,4203.0,4205.0,4,4189.0,4181.0,4209.0,4178.0,313.0,26280160.0,17386
