time,symbol_id,symbol_name,last,trade_volume,trade_amount,open_interest_change,bv1,bp1,ap1,av1,yesterday_close,today_open,today_high,today_low,volume,amount,open_interest
2023-05-09 20:58:05,pp2402,pp2402,7255.0,0.0,0.0,0.0,1,7157.0,0.0,0,7255.0,7203.0,0.0,0.0,0.0,0.0,740
2023-05-09 21:00:00,pp2402,pp2402,7255.0,0.0,0.0,0.0,4,7158.0,0.0,0,7255.0,7203.0,0.0,0.0,0.0,0.0,740
2023-05-09 21:00:01,pp2402,pp2402,7255.0,0.0,0.0,0.0,1,7159.0,0.0,0,7255.0,7203.0,0.0,0.0,0.0,0.0,740
2023-05-09 21:00:01,pp2402,pp2402,7255.0,0.0,0.0,0.0,4,7160.0,0.0,0,7255.0,7203.0,0.0,0.0,0.0,0.0,740
2023-05-09 21:00:03,pp2402,pp2402,7255.0,0.0,0.0,0.0,1,7161.0,7202.0,1,7255.0,7203.0,0.0,0.0,0.0,0.0,740
2023-05-09 21:00:03,pp2402,pp2402,7255.0,0.0,0.0,0.0,1,7179.0,7202.0,1,7255.0,7203.0,0.0,0.0,0.0,0.0,740
2023-05-09 21:00:04,pp2402,pp2402,7255.0,0.0,0.0,0.0,4,7180.0,7202.0,3,7255.0,7203.0,0.0,0.0,0.0,0.0,740
2023-05-09 21:00:04,pp2402,pp2402,7255.0,0.0,0.0,0.0,4,7180.0,7201.0,1,7255.0,7203.0,0.0,0.0,0.0,0.0,740
2023-05-09 21:00:05,pp2402,pp2402,7255.0,0.0,0.0,0.0,6,7180.0,7201.0,1,7255.0,7203.0,0.0,0.0,0.0,0.0,740
2023-05-09 21:00:06,pp2402,pp2402,7255.0,0.0,0.0,0.0,1,7181.0,7201.0,1,7255.0,7203.0,0.0,0.0,0.0,0.0,740
2023-05-09 21:00:06,pp2402,pp2402,7255.0,0.0,0.0,0.0,1,7182.0,7396.0,1,7255.0,7203.0,0.0,0.0,0.0,0.0,740
2023-05-09 21:00:07,pp2402,pp2402,7255.0,0.0,0.0,0.0,1,7182.0,7204.0,5,7255.0,7203.0,0.0,0.0,0.0,0.0,740
2023-05-09 21:00:07,pp2402,pp2402,7255.0,0.0,0.0,0.0,1,7181.0,7204.0,5,7255.0,7203.0,0.0,0.0,0.0,0.0,740
2023-05-09 21:00:08,pp2402,pp2402,7255.0,0.0,0.0,0.0,1,7181.0,7203.0,1,7255.0,7203.0,0.0,0.0,0.0,0.0,740
2023-05-09 21:00:08,pp2402,pp2402,7255.0,0.0,0.0,0.0,4,7183.0,7203.0,1,7255.0,7203.0,0.0,0.0,0.0,0.0,740
2023-05-09 21:00:09,pp2402,pp2402,7255.0,0.0,0.0,0.0,1,7182.0,7202.0,1,7255.0,7203.0,0.0,0.0,0.0,0.0,740
2023-05-09 21:00:10,pp2402,pp2402,7255.0,0.0,0.0,0.0,4,7183.0,7202.0,1,7255.0,7203.0,0.0,0.0,0.0,0.0,740
2023-05-09 21:00:11,pp2402,pp2402,7255.0,0.0,0.0,0.0,5,7183.0,7202.0,6,7255.0,7203.0,0.0,0.0,0.0,0.0,740
2023-05-09 21:00:12,pp2402,pp2402,7255.0,0.0,0.0,0.0,5,7183.0,7200.0,1,7255.0,7203.0,0.0,0.0,0.0,0.0,740
2023-05-09 21:00:12,pp2402,pp2402,7255.0,0.0,0.0,0.0,5,7183.0,7200.0,11,7255.0,7203.0,0.0,0.0,0.0,0.0,740
2023-05-09 21:00:13,pp2402,pp2402,7255.0,0.0,0.0,0.0,5,7183.0,7200.0,12,7255.0,7203.0,0.0,0.0,0.0,0.0,740
2023-05-09 21:00:14,pp2402,pp2402,7255.0,0.0,0.0,0.0,4,7183.0,7199.0,2,7255.0,7203.0,0.0,0.0,0.0,0.0,740
2023-05-09 21:00:15,pp2402,pp2402,7255.0,0.0,0.0,0.0,4,7183.0,7197.0,5,7255.0,7203.0,0.0,0.0,0.0,0.0,740
2023-05-09 21:00:15,pp2402,pp2402,7255.0,0.0,0.0,0.0,2,7184.0,7197.0,5,7255.0,7203.0,0.0,0.0,0.0,0.0,740
2023-05-09 21:00:16,pp2402,pp2402,7255.0,0.0,0.0,0.0,4,7185.0,7200.0,4,7255.0,7203.0,0.0,0.0,0.0,0.0,740
2023-05-09 21:00:16,pp2402,pp2402,7255.0,0.0,0.0,0.0,4,7185.0,7278.0,1,7255.0,7203.0,0.0,0.0,0.0,0.0,740
2023-05-09 21:00:17,pp2402,pp2402,7255.0,0.0,0.0,0.0,4,7185.0,7202.0,4,7255.0,7203.0,0.0,0.0,0.0,0.0,740
2023-05-09 21:00:22,pp2402,pp2402,7255.0,0.0,0.0,0.0,4,7185.0,7201.0,1,7255.0,7203.0,0.0,0.0,0.0,0.0,740
2023-05-09 21:00:26,pp2402,pp2402,7255.0,0.0,0.0,0.0,8,7185.0,7201.0,1,7255.0,7203.0,0.0,0.0,0.0,0.0,740
2023-05-09 21:00:28,pp2402,pp2402,7255.0,0.0,0.0,0.0,7,7185.0,7201.0,1,7255.0,7203.0,0.0,0.0,0.0,0.0,740
2023-05-09 21:00:29,pp2402,pp2402,7255.0,0.0,0.0,0.0,1,7186.0,7201.0,1,7255.0,7203.0,0.0,0.0,0.0,0.0,740
2023-05-09 21:00:29,pp2402,pp2402,7255.0,0.0,0.0,0.0,7,7187.0,7201.0,1,7255.0,7203.0,0.0,0.0,0.0,0.0,740
2023-05-09 21:00:32,pp2402,pp2402,7255.0,0.0,0.0,0.0,1,7188.0,7201.0,1,7255.0,7203.0,0.0,0.0,0.0,0.0,740
2023-05-09 21:00:33,pp2402,pp2402,7255.0,0.0,0.0,0.0,1,7188.0,7201.0,6,7255.0,7203.0,0.0,0.0,0.0,0.0,740
2023-05-09 21:00:34,pp2402,pp2402,7255.0,0.0,0.0,0.0,1,7188.0,7200.0,1,7255.0,7203.0,0.0,0.0,0.0,0.0,740
2023-05-09 21:00:34,pp2402,pp2402,7255.0,0.0,0.0,0.0,4,7189.0,7200.0,1,7255.0,7203.0,0.0,0.0,0.0,0.0,740
2023-05-09 21:00:40,pp2402,pp2402,7255.0,0.0,0.0,0.0,4,7189.0,7200.0,32,7255.0,7203.0,0.0,0.0,0.0,0.0,740
2023-05-09 21:00:41,pp2402,pp2402,7255.0,0.0,0.0,0.0,4,7189.0,7200.0,4,7255.0,7203.0,0.0,0.0,0.0,0.0,740
2023-05-09 21:00:41,pp2402,pp2402,7255.0,0.0,0.0,0.0,4,7189.0,7200.0,1,7255.0,7203.0,0.0,0.0,0.0,0.0,740
2023-05-09 21:00:42,pp2402,pp2402,7255.0,0.0,0.0,0.0,4,7189.0,7200.0,33,7255.0,7203.0,0.0,0.0,0.0,0.0,740
2023-05-09 21:00:43,pp2402,pp2402,7255.0,0.0,0.0,0.0,4,7189.0,7200.0,11,7255.0,7203.0,0.0,0.0,0.0,0.0,740
2023-05-09 21:00:45,pp2402,pp2402,7255.0,0.0,0.0,0.0,2,7184.0,7200.0,11,7255.0,7203.0,0.0,0.0,0.0,0.0,740
2023-05-09 21:00:45,pp2402,pp2402,7255.0,0.0,0.0,0.0,2,7184.0,7198.0,1,7255.0,7203.0,0.0,0.0,0.0,0.0,740
2023-05-09 21:00:46,pp2402,pp2402,7255.0,0.0,0.0,0.0,4,7185.0,7198.0,1,7255.0,7203.0,0.0,0.0,0.0,0.0,740
2023-05-09 21:00:47,pp2402,pp2402,7255.0,0.0,0.0,0.0,4,7185.0,7195.0,1,7255.0,7203.0,0.0,0.0,0.0,0.0,740
2023-05-09 21:00:48,pp2402,pp2402,7255.0,0.0,0.0,0.0,4,7185.0,7278.0,1,7255.0,7203.0,0.0,0.0,0.0,0.0,740
2023-05-09 21:00:48,pp2402,pp2402,7255.0,0.0,0.0,0.0,4,7185.0,7199.0,5,7255.0,7203.0,0.0,0.0,0.0,0.0,740
2023-05-09 21:00:49,pp2402,pp2402,7255.0,0.0,0.0,0.0,4,7185.0,7199.0,32,7255.0,7203.0,0.0,0.0,0.0,0.0,740
2023-05-09 21:00:49,pp2402,pp2402,7255.0,0.0,0.0,0.0,4,7185.0,7199.0,27,7255.0,7203.0,0.0,0.0,0.0,0.0,740
2023-05-09 21:00:50,pp2402,pp2402,7255.0,0.0,0.0,0.0,4,7185.0,7198.0,4,7255.0,7203.0,0.0,0.0,0.0,0.0,740
2023-05-09 21:00:52,pp2402,pp2402,7255.0,0.0,0.0,0.0,4,7185.0,7197.0,1,7255.0,7203.0,0.0,0.0,0.0,0.0,740
2023-05-09 21:00:59,pp2402,pp2402,7255.0,0.0,0.0,0.0,4,7185.0,7197.0,2,7255.0,7203.0,0.0,0.0,0.0,0.0,740
2023-05-09 21:01:01,pp2402,pp2402,7255.0,0.0,0.0,0.0,4,7185.0,7197.0,1,7255.0,7203.0,0.0,0.0,0.0,0.0,740
2023-05-09 21:01:01,pp2402,pp2402,7255.0,0.0,0.0,0.0,8,7185.0,7197.0,1,7255.0,7203.0,0.0,0.0,0.0,0.0,740
2023-05-09 21:01:02,pp2402,pp2402,7255.0,0.0,0.0,0.0,5,7185.0,7197.0,1,7255.0,7203.0,0.0,0.0,0.0,0.0,740
2023-05-09 21:01:03,pp2402,pp2402,7203.0,1.0,36015.0,0.0,5,7185.0,7278.0,1,7255.0,7203.0,7203.0,7203.0,1.0,36015.0,740
2023-05-09 21:01:04,pp2402,pp2402,7203.0,0.0,0.0,0.0,1,7186.0,7199.0,3,7255.0,7203.0,7203.0,7203.0,1.0,36015.0,740
2023-05-09 21:01:04,pp2402,pp2402,7203.0,0.0,0.0,0.0,4,7187.0,7199.0,3,7255.0,7203.0,7203.0,7203.0,1.0,36015.0,740
2023-05-09 21:01:05,pp2402,pp2402,7203.0,0.0,0.0,0.0,4,7187.0,7198.0,1,7255.0,7203.0,7203.0,7203.0,1.0,36015.0,740
2023-05-09 21:01:06,pp2402,pp2402,7203.0,0.0,0.0,0.0,4,7187.0,7197.0,1,7255.0,7203.0,7203.0,7203.0,1.0,36015.0,740
2023-05-09 21:01:10,pp2402,pp2402,7203.0,0.0,0.0,0.0,4,7187.0,7197.0,6,7255.0,7203.0,7203.0,7203.0,1.0,36015.0,740
2023-05-09 21:01:11,pp2402,pp2402,7203.0,0.0,0.0,0.0,1,7188.0,7197.0,3,7255.0,7203.0,7203.0,7203.0,1.0,36015.0,740
2023-05-09 21:01:11,pp2402,pp2402,7203.0,0.0,0.0,0.0,4,7189.0,7197.0,3,7255.0,7203.0,7203.0,7203.0,1.0,36015.0,740
2023-05-09 21:01:14,pp2402,pp2402,7203.0,0.0,0.0,0.0,1,7188.0,7197.0,2,7255.0,7203.0,7203.0,7203.0,1.0,36015.0,740
2023-05-09 21:01:14,pp2402,pp2402,7203.0,0.0,0.0,0.0,4,7188.0,7197.0,2,7255.0,7203.0,7203.0,7203.0,1.0,36015.0,740
2023-05-09 21:01:14,pp2402,pp2402,7203.0,0.0,0.0,0.0,2,7184.0,7197.0,2,7255.0,7203.0,7203.0,7203.0,1.0,36015.0,740
2023-05-09 21:01:15,pp2402,pp2402,7203.0,0.0,0.0,0.0,4,7185.0,7197.0,5,7255.0,7203.0,7203.0,7203.0,1.0,36015.0,740
2023-05-09 21:01:16,pp2402,pp2402,7203.0,0.0,0.0,0.0,4,7185.0,7197.0,40,7255.0,7203.0,7203.0,7203.0,1.0,36015.0,740
2023-05-09 21:01:17,pp2402,pp2402,7203.0,0.0,0.0,0.0,4,7185.0,7197.0,5,7255.0,7203.0,7203.0,7203.0,1.0,36015.0,740
2023-05-09 21:01:17,pp2402,pp2402,7203.0,0.0,0.0,0.0,4,7185.0,7197.0,82,7255.0,7203.0,7203.0,7203.0,1.0,36015.0,740
2023-05-09 21:01:18,pp2402,pp2402,7203.0,0.0,0.0,0.0,4,7185.0,7197.0,80,7255.0,7203.0,7203.0,7203.0,1.0,36015.0,740
2023-05-09 21:01:18,pp2402,pp2402,7203.0,0.0,0.0,0.0,4,7185.0,7197.0,74,7255.0,7203.0,7203.0,7203.0,1.0,36015.0,740
2023-05-09 21:01:19,pp2402,pp2402,7203.0,0.0,0.0,0.0,4,7185.0,7197.0,25,7255.0,7203.0,7203.0,7203.0,1.0,36015.0,740
2023-05-09 21:01:20,pp2402,pp2402,7203.0,0.0,0.0,0.0,2,7184.0,7197.0,25,7255.0,7203.0,7203.0,7203.0,1.0,36015.0,740
2023-05-09 21:01:20,pp2402,pp2402,7203.0,0.0,0.0,0.0,6,7184.0,7197.0,25,7255.0,7203.0,7203.0,7203.0,1.0,36015.0,740
2023-05-09 21:01:20,pp2402,pp2402,7203.0,0.0,0.0,0.0,7,7184.0,7197.0,25,7255.0,7203.0,7203.0,7203.0,1.0,36015.0,740
2023-05-09 21:01:22,pp2402,pp2402,7203.0,0.0,0.0,0.0,4,7184.0,7194.0,4,7255.0,7203.0,7203.0,7203.0,1.0,36015.0,740
2023-05-09 21:01:22,pp2402,pp2402,7203.0,0.0,0.0,0.0,4,7184.0,7278.0,1,7255.0,7203.0,7203.0,7203.0,1.0,36015.0,740
2023-05-09 21:01:23,pp2402,pp2402,7203.0,0.0,0.0,0.0,4,7184.0,7192.0,1,7255.0,7203.0,7203.0,7203.0,1.0,36015.0,740
2023-05-09 21:01:24,pp2402,pp2402,7203.0,0.0,0.0,0.0,3,7030.0,7192.0,1,7255.0,7203.0,7203.0,7203.0,1.0,36015.0,740
2023-05-09 21:01:25,pp2402,pp2402,7203.0,0.0,0.0,0.0,1,7176.0,7192.0,13,7255.0,7203.0,7203.0,7203.0,1.0,36015.0,740
2023-05-09 21:01:25,pp2402,pp2402,7203.0,0.0,0.0,0.0,4,7177.0,7191.0,1,7255.0,7203.0,7203.0,7203.0,1.0,36015.0,740
2023-05-09 21:01:26,pp2402,pp2402,7203.0,0.0,0.0,0.0,4,7177.0,7278.0,2,7255.0,7203.0,7203.0,7203.0,1.0,36015.0,740
2023-05-09 21:01:26,pp2402,pp2402,7203.0,0.0,0.0,0.0,4,7177.0,7190.0,5,7255.0,7203.0,7203.0,7203.0,1.0,36015.0,740
2023-05-09 21:01:27,pp2402,pp2402,7203.0,0.0,0.0,0.0,4,7177.0,7190.0,1,7255.0,7203.0,7203.0,7203.0,1.0,36015.0,740
2023-05-09 21:01:29,pp2402,pp2402,7203.0,0.0,0.0,0.0,1,7178.0,7190.0,1,7255.0,7203.0,7203.0,7203.0,1.0,36015.0,740
2023-05-09 21:01:30,pp2402,pp2402,7203.0,0.0,0.0,0.0,4,7179.0,7190.0,1,7255.0,7203.0,7203.0,7203.0,1.0,36015.0,740
2023-05-09 21:01:30,pp2402,pp2402,7203.0,0.0,0.0,0.0,4,7179.0,7189.0,1,7255.0,7203.0,7203.0,7203.0,1.0,36015.0,740
2023-05-09 21:01:34,pp2402,pp2402,7195.0,1.0,35975.0,1.0,4,7179.0,7233.0,2,7255.0,7203.0,7203.0,7195.0,2.0,71990.0,741
2023-05-09 21:01:35,pp2402,pp2402,7195.0,0.0,0.0,0.0,4,7179.0,7190.0,1,7255.0,7203.0,7203.0,7195.0,2.0,71990.0,741
2023-05-09 21:01:35,pp2402,pp2402,7195.0,0.0,0.0,0.0,1,7180.0,7190.0,1,7255.0,7203.0,7203.0,7195.0,2.0,71990.0,741
2023-05-09 21:01:36,pp2402,pp2402,7195.0,0.0,0.0,0.0,4,7181.0,7190.0,1,7255.0,7203.0,7203.0,7195.0,2.0,71990.0,741
2023-05-09 21:01:41,pp2402,pp2402,7195.0,0.0,0.0,0.0,1,7182.0,7190.0,1,7255.0,7203.0,7203.0,7195.0,2.0,71990.0,741
2023-05-09 21:01:42,pp2402,pp2402,7195.0,0.0,0.0,0.0,4,7183.0,7190.0,1,7255.0,7203.0,7203.0,7195.0,2.0,71990.0,741
2023-05-09 21:01:42,pp2402,pp2402,7195.0,0.0,0.0,0.0,1,7098.0,7190.0,1,7255.0,7203.0,7203.0,7195.0,2.0,71990.0,741
2023-05-09 21:01:43,pp2402,pp2402,7195.0,0.0,0.0,0.0,3,7175.0,7278.0,1,7255.0,7203.0,7203.0,7195.0,2.0,71990.0,741
2023-05-09 21:01:43,pp2402,pp2402,7195.0,0.0,0.0,0.0,4,7176.0,7193.0,1,7255.0,7203.0,7203.0,7195.0,2.0,71990.0,741
2023-05-09 21:01:44,pp2402,pp2402,7195.0,0.0,0.0,0.0,4,7176.0,7193.0,83,7255.0,7203.0,7203.0,7195.0,2.0,71990.0,741
2023-05-09 21:01:45,pp2402,pp2402,7195.0,0.0,0.0,0.0,4,7176.0,7193.0,15,7255.0,7203.0,7203.0,7195.0,2.0,71990.0,741
2023-05-09 21:01:47,pp2402,pp2402,7195.0,0.0,0.0,0.0,1,7177.0,7193.0,25,7255.0,7203.0,7203.0,7195.0,2.0,71990.0,741
2023-05-09 21:01:47,pp2402,pp2402,7195.0,0.0,0.0,0.0,4,7178.0,7193.0,25,7255.0,7203.0,7203.0,7195.0,2.0,71990.0,741
2023-05-09 21:01:48,pp2402,pp2402,7195.0,0.0,0.0,0.0,4,7178.0,7193.0,32,7255.0,7203.0,7203.0,7195.0,2.0,71990.0,741
2023-05-09 21:01:52,pp2402,pp2402,7195.0,0.0,0.0,0.0,1,7179.0,7193.0,32,7255.0,7203.0,7203.0,7195.0,2.0,71990.0,741
2023-05-09 21:01:53,pp2402,pp2402,7195.0,0.0,0.0,0.0,4,7180.0,7193.0,32,7255.0,7203.0,7203.0,7195.0,2.0,71990.0,741
2023-05-09 21:01:53,pp2402,pp2402,7195.0,0.0,0.0,0.0,4,7180.0,7190.0,5,7255.0,7203.0,7203.0,7195.0,2.0,71990.0,741
2023-05-09 21:01:54,pp2402,pp2402,7195.0,0.0,0.0,0.0,4,7180.0,7190.0,2,7255.0,7203.0,7203.0,7195.0,2.0,71990.0,741
2023-05-09 21:01:58,pp2402,pp2402,7195.0,0.0,0.0,0.0,1,7181.0,7190.0,2,7255.0,7203.0,7203.0,7195.0,2.0,71990.0,741
2023-05-09 21:01:59,pp2402,pp2402,7195.0,0.0,0.0,0.0,4,7180.0,7190.0,2,7255.0,7203.0,7203.0,7195.0,2.0,71990.0,741
2023-05-09 21:02:03,pp2402,pp2402,7195.0,0.0,0.0,0.0,4,7180.0,7190.0,9,7255.0,7203.0,7203.0,7195.0,2.0,71990.0,741
2023-05-09 21:02:04,pp2402,pp2402,7195.0,0.0,0.0,0.0,1,7181.0,7190.0,5,7255.0,7203.0,7203.0,7195.0,2.0,71990.0,741
2023-05-09 21:02:05,pp2402,pp2402,7195.0,0.0,0.0,0.0,1,7181.0,7190.0,7,7255.0,7203.0,7203.0,7195.0,2.0,71990.0,741
2023-05-09 21:02:06,pp2402,pp2402,7195.0,0.0,0.0,0.0,4,7182.0,7190.0,7,7255.0,7203.0,7203.0,7195.0,2.0,71990.0,741
2023-05-09 21:02:06,pp2402,pp2402,7195.0,0.0,0.0,0.0,4,7182.0,7190.0,4,7255.0,7203.0,7203.0,7195.0,2.0,71990.0,741
2023-05-09 21:02:09,pp2402,pp2402,7195.0,0.0,0.0,0.0,4,7182.0,7190.0,2,7255.0,7203.0,7203.0,7195.0,2.0,71990.0,741
2023-05-09 21:02:11,pp2402,pp2402,7195.0,0.0,0.0,0.0,5,7182.0,7190.0,2,7255.0,7203.0,7203.0,7195.0,2.0,71990.0,741
2023-05-09 21:02:12,pp2402,pp2402,7195.0,0.0,0.0,0.0,1,7098.0,7190.0,2,7255.0,7203.0,7203.0,7195.0,2.0,71990.0,741
2023-05-09 21:02:13,pp2402,pp2402,7195.0,0.0,0.0,0.0,2,7174.0,7190.0,2,7255.0,7203.0,7203.0,7195.0,2.0,71990.0,741
2023-05-09 21:02:14,pp2402,pp2402,7195.0,0.0,0.0,0.0,4,7175.0,7190.0,2,7255.0,7203.0,7203.0,7195.0,2.0,71990.0,741
2023-05-09 21:02:18,pp2402,pp2402,7195.0,0.0,0.0,0.0,1,7176.0,7190.0,7,7255.0,7203.0,7203.0,7195.0,2.0,71990.0,741
2023-05-09 21:02:18,pp2402,pp2402,7195.0,0.0,0.0,0.0,4,7177.0,7190.0,7,7255.0,7203.0,7203.0,7195.0,2.0,71990.0,741
2023-05-09 21:02:19,pp2402,pp2402,7195.0,0.0,0.0,0.0,4,7177.0,7190.0,4,7255.0,7203.0,7203.0,7195.0,2.0,71990.0,741
2023-05-09 21:02:20,pp2402,pp2402,7195.0,0.0,0.0,0.0,2,7178.0,7190.0,4,7255.0,7203.0,7203.0,7195.0,2.0,71990.0,741
2023-05-09 21:02:20,pp2402,pp2402,7195.0,0.0,0.0,0.0,4,7179.0,7190.0,4,7255.0,7203.0,7203.0,7195.0,2.0,71990.0,741
2023-05-09 21:02:22,pp2402,pp2402,7195.0,0.0,0.0,0.0,4,7179.0,7190.0,2,7255.0,7203.0,7203.0,7195.0,2.0,71990.0,741
2023-05-09 21:02:23,pp2402,pp2402,7195.0,0.0,0.0,0.0,1,7180.0,7190.0,2,7255.0,7203.0,7203.0,7195.0,2.0,71990.0,741
2023-05-09 21:02:24,pp2402,pp2402,7195.0,0.0,0.0,0.0,4,7181.0,7190.0,2,7255.0,7203.0,7203.0,7195.0,2.0,71990.0,741
2023-05-09 21:02:29,pp2402,pp2402,7195.0,0.0,0.0,0.0,1,7182.0,7190.0,2,7255.0,7203.0,7203.0,7195.0,2.0,71990.0,741
2023-05-09 21:02:29,pp2402,pp2402,7195.0,0.0,0.0,0.0,4,7183.0,7190.0,2,7255.0,7203.0,7203.0,7195.0,2.0,71990.0,741
2023-05-09 21:02:34,pp2402,pp2402,7195.0,0.0,0.0,0.0,5,7183.0,7190.0,2,7255.0,7203.0,7203.0,7195.0,2.0,71990.0,741
2023-05-09 21:02:44,pp2402,pp2402,7195.0,0.0,0.0,0.0,4,7183.0,7190.0,2,7255.0,7203.0,7203.0,7195.0,2.0,71990.0,741
2023-05-09 21:02:53,pp2402,pp2402,7195.0,0.0,0.0,0.0,2,7178.0,7190.0,2,7255.0,7203.0,7203.0,7195.0,2.0,71990.0,741
2023-05-09 21:02:54,pp2402,pp2402,7195.0,0.0,0.0,0.0,5,7179.0,7190.0,2,7255.0,7203.0,7203.0,7195.0,2.0,71990.0,741
2023-05-09 21:02:59,pp2402,pp2402,7195.0,0.0,0.0,0.0,5,7179.0,7190.0,1,7255.0,7203.0,7203.0,7195.0,2.0,71990.0,741
2023-05-09 21:03:01,pp2402,pp2402,7195.0,0.0,0.0,0.0,2,7180.0,7190.0,1,7255.0,7203.0,7203.0,7195.0,2.0,71990.0,741
2023-05-09 21:03:02,pp2402,pp2402,7195.0,0.0,0.0,0.0,4,7181.0,7190.0,1,7255.0,7203.0,7203.0,7195.0,2.0,71990.0,741
2023-05-09 21:03:05,pp2402,pp2402,7195.0,0.0,0.0,0.0,4,7181.0,7278.0,1,7255.0,7203.0,7203.0,7195.0,2.0,71990.0,741
2023-05-09 21:03:06,pp2402,pp2402,7195.0,0.0,0.0,0.0,4,7181.0,7193.0,5,7255.0,7203.0,7203.0,7195.0,2.0,71990.0,741
2023-05-09 21:03:08,pp2402,pp2402,7195.0,0.0,0.0,0.0,4,7181.0,7193.0,2,7255.0,7203.0,7203.0,7195.0,2.0,71990.0,741
2023-05-09 21:03:08,pp2402,pp2402,7195.0,0.0,0.0,0.0,4,7181.0,7193.0,1,7255.0,7203.0,7203.0,7195.0,2.0,71990.0,741
2023-05-09 21:03:09,pp2402,pp2402,7195.0,0.0,0.0,0.0,7,7181.0,7193.0,1,7255.0,7203.0,7203.0,7195.0,2.0,71990.0,741
2023-05-09 21:03:09,pp2402,pp2402,7195.0,0.0,0.0,0.0,1,7182.0,7278.0,1,7255.0,7203.0,7203.0,7195.0,2.0,71990.0,741
2023-05-09 21:03:10,pp2402,pp2402,7195.0,0.0,0.0,0.0,4,7183.0,7196.0,5,7255.0,7203.0,7203.0,7195.0,2.0,71990.0,741
2023-05-09 21:03:13,pp2402,pp2402,7195.0,0.0,0.0,0.0,4,7183.0,7196.0,2,7255.0,7203.0,7203.0,7195.0,2.0,71990.0,741
2023-05-09 21:03:15,pp2402,pp2402,7195.0,0.0,0.0,0.0,1,7184.0,7196.0,2,7255.0,7203.0,7203.0,7195.0,2.0,71990.0,741
2023-05-09 21:03:16,pp2402,pp2402,7195.0,0.0,0.0,0.0,4,7185.0,7196.0,2,7255.0,7203.0,7203.0,7195.0,2.0,71990.0,741
2023-05-09 21:03:21,pp2402,pp2402,7195.0,0.0,0.0,0.0,1,7186.0,7196.0,2,7255.0,7203.0,7203.0,7195.0,2.0,71990.0,741
2023-05-09 21:03:22,pp2402,pp2402,7195.0,0.0,0.0,0.0,4,7187.0,7196.0,2,7255.0,7203.0,7203.0,7195.0,2.0,71990.0,741
2023-05-09 21:03:22,pp2402,pp2402,7195.0,0.0,0.0,0.0,4,7187.0,7277.0,3,7255.0,7203.0,7203.0,7195.0,2.0,71990.0,741
2023-05-09 21:03:23,pp2402,pp2402,7195.0,0.0,0.0,0.0,4,7187.0,7198.0,5,7255.0,7203.0,7203.0,7195.0,2.0,71990.0,741
2023-05-09 21:03:23,pp2402,pp2402,7195.0,0.0,0.0,0.0,4,7187.0,7197.0,2,7255.0,7203.0,7203.0,7195.0,2.0,71990.0,741
2023-05-09 21:03:24,pp2402,pp2402,7195.0,0.0,0.0,0.0,4,7187.0,7197.0,6,7255.0,7203.0,7203.0,7195.0,2.0,71990.0,741
2023-05-09 21:03:25,pp2402,pp2402,7195.0,0.0,0.0,0.0,4,7187.0,7197.0,7,7255.0,7203.0,7203.0,7195.0,2.0,71990.0,741
2023-05-09 21:03:27,pp2402,pp2402,7195.0,0.0,0.0,0.0,5,7187.0,7197.0,7,7255.0,7203.0,7203.0,7195.0,2.0,71990.0,741
2023-05-09 21:03:43,pp2402,pp2402,7195.0,0.0,0.0,0.0,2,7188.0,7197.0,7,7255.0,7203.0,7203.0,7195.0,2.0,71990.0,741
2023-05-09 21:03:44,pp2402,pp2402,7195.0,0.0,0.0,0.0,4,7189.0,7197.0,7,7255.0,7203.0,7203.0,7195.0,2.0,71990.0,741
2023-05-09 21:04:00,pp2402,pp2402,7195.0,0.0,0.0,0.0,5,7189.0,7197.0,7,7255.0,7203.0,7203.0,7195.0,2.0,71990.0,741
2023-05-09 21:04:01,pp2402,pp2402,7195.0,0.0,0.0,0.0,2,7188.0,7197.0,7,7255.0,7203.0,7203.0,7195.0,2.0,71990.0,741
2023-05-09 21:04:02,pp2402,pp2402,7195.0,0.0,0.0,0.0,2,7188.0,7197.0,25,7255.0,7203.0,7203.0,7195.0,2.0,71990.0,741
2023-05-09 21:04:02,pp2402,pp2402,7195.0,0.0,0.0,0.0,4,7188.0,7197.0,25,7255.0,7203.0,7203.0,7195.0,2.0,71990.0,741
2023-05-09 21:04:06,pp2402,pp2402,7195.0,0.0,0.0,0.0,5,7188.0,7197.0,25,7255.0,7203.0,7203.0,7195.0,2.0,71990.0,741
2023-05-09 21:04:09,pp2402,pp2402,7195.0,0.0,0.0,0.0,5,7188.0,7195.0,1,7255.0,7203.0,7203.0,7195.0,2.0,71990.0,741
2023-05-09 21:04:11,pp2402,pp2402,7195.0,0.0,0.0,0.0,5,7188.0,7197.0,2,7255.0,7203.0,7203.0,7195.0,2.0,71990.0,741
2023-05-09 21:04:11,pp2402,pp2402,7195.0,0.0,0.0,0.0,5,7188.0,7197.0,5,7255.0,7203.0,7203.0,7195.0,2.0,71990.0,741
2023-05-09 21:04:18,pp2402,pp2402,7195.0,0.0,0.0,0.0,5,7188.0,7196.0,1,7255.0,7203.0,7203.0,7195.0,2.0,71990.0,741
2023-05-09 21:04:18,pp2402,pp2402,7195.0,0.0,0.0,0.0,5,7188.0,7275.0,1,7255.0,7203.0,7203.0,7195.0,2.0,71990.0,741
2023-05-09 21:04:19,pp2402,pp2402,7195.0,0.0,0.0,0.0,5,7188.0,7200.0,5,7255.0,7203.0,7203.0,7195.0,2.0,71990.0,741
2023-05-09 21:04:20,pp2402,pp2402,7195.0,0.0,0.0,0.0,5,7188.0,7200.0,22,7255.0,7203.0,7203.0,7195.0,2.0,71990.0,741
2023-05-09 21:04:22,pp2402,pp2402,7195.0,0.0,0.0,0.0,5,7188.0,7200.0,18,7255.0,7203.0,7203.0,7195.0,2.0,71990.0,741
2023-05-09 21:04:23,pp2402,pp2402,7195.0,0.0,0.0,0.0,5,7188.0,7200.0,8,7255.0,7203.0,7203.0,7195.0,2.0,71990.0,741
2023-05-09 21:04:24,pp2402,pp2402,7195.0,0.0,0.0,0.0,2,7189.0,7200.0,22,7255.0,7203.0,7203.0,7195.0,2.0,71990.0,741
2023-05-09 21:04:26,pp2402,pp2402,7195.0,0.0,0.0,0.0,2,7189.0,7200.0,91,7255.0,7203.0,7203.0,7195.0,2.0,71990.0,741
2023-05-09 21:04:34,pp2402,pp2402,7195.0,0.0,0.0,0.0,1,7098.0,7197.0,1,7255.0,7203.0,7203.0,7195.0,2.0,71990.0,741
2023-05-09 21:04:34,pp2402,pp2402,7195.0,0.0,0.0,0.0,1,7175.0,7197.0,6,7255.0,7203.0,7203.0,7195.0,2.0,71990.0,741
2023-05-09 21:04:35,pp2402,pp2402,7195.0,0.0,0.0,0.0,4,7176.0,7197.0,6,7255.0,7203.0,7203.0,7195.0,2.0,71990.0,741
2023-05-09 21:04:37,pp2402,pp2402,7195.0,0.0,0.0,0.0,1,7177.0,7197.0,6,7255.0,7203.0,7203.0,7195.0,2.0,71990.0,741
2023-05-09 21:04:38,pp2402,pp2402,7195.0,0.0,0.0,0.0,4,7178.0,7197.0,6,7255.0,7203.0,7203.0,7195.0,2.0,71990.0,741
2023-05-09 21:04:40,pp2402,pp2402,7195.0,0.0,0.0,0.0,5,7178.0,7197.0,6,7255.0,7203.0,7203.0,7195.0,2.0,71990.0,741
2023-05-09 21:04:41,pp2402,pp2402,7195.0,0.0,0.0,0.0,5,7178.0,7197.0,61,7255.0,7203.0,7203.0,7195.0,2.0,71990.0,741
2023-05-09 21:04:42,pp2402,pp2402,7195.0,0.0,0.0,0.0,5,7178.0,7197.0,11,7255.0,7203.0,7203.0,7195.0,2.0,71990.0,741
2023-05-09 21:04:43,pp2402,pp2402,7195.0,0.0,0.0,0.0,5,7178.0,7197.0,61,7255.0,7203.0,7203.0,7195.0,2.0,71990.0,741
2023-05-09 21:04:43,pp2402,pp2402,7195.0,0.0,0.0,0.0,1,7179.0,7197.0,61,7255.0,7203.0,7203.0,7195.0,2.0,71990.0,741
2023-05-09 21:04:44,pp2402,pp2402,7195.0,0.0,0.0,0.0,4,7180.0,7197.0,61,7255.0,7203.0,7203.0,7195.0,2.0,71990.0,741
2023-05-09 21:04:49,pp2402,pp2402,7195.0,0.0,0.0,0.0,1,7181.0,7197.0,61,7255.0,7203.0,7203.0,7195.0,2.0,71990.0,741
2023-05-09 21:04:49,pp2402,pp2402,7195.0,0.0,0.0,0.0,4,7182.0,7197.0,11,7255.0,7203.0,7203.0,7195.0,2.0,71990.0,741
2023-05-09 21:04:50,pp2402,pp2402,7195.0,0.0,0.0,0.0,4,7182.0,7197.0,17,7255.0,7203.0,7203.0,7195.0,2.0,71990.0,741
2023-05-09 21:04:54,pp2402,pp2402,7195.0,0.0,0.0,0.0,1,7183.0,7197.0,17,7255.0,7203.0,7203.0,7195.0,2.0,71990.0,741
2023-05-09 21:04:55,pp2402,pp2402,7195.0,0.0,0.0,0.0,4,7184.0,7197.0,17,7255.0,7203.0,7203.0,7195.0,2.0,71990.0,741
2023-05-09 21:05:00,pp2402,pp2402,7195.0,0.0,0.0,0.0,5,7184.0,7196.0,17,7255.0,7203.0,7203.0,7195.0,2.0,71990.0,741
2023-05-09 21:05:00,pp2402,pp2402,7195.0,0.0,0.0,0.0,5,7184.0,7193.0,4,7255.0,7203.0,7203.0,7195.0,2.0,71990.0,741
2023-05-09 21:05:02,pp2402,pp2402,7195.0,0.0,0.0,0.0,4,7184.0,7193.0,4,7255.0,7203.0,7203.0,7195.0,2.0,71990.0,741
2023-05-09 21:05:03,pp2402,pp2402,7195.0,0.0,0.0,0.0,1,7098.0,7193.0,4,7255.0,7203.0,7203.0,7195.0,2.0,71990.0,741
2023-05-09 21:05:03,pp2402,pp2402,7195.0,0.0,0.0,0.0,3,7176.0,7193.0,4,7255.0,7203.0,7203.0,7195.0,2.0,71990.0,741
2023-05-09 21:05:04,pp2402,pp2402,7195.0,0.0,0.0,0.0,4,7177.0,7193.0,4,7255.0,7203.0,7203.0,7195.0,2.0,71990.0,741
2023-05-09 21:05:06,pp2402,pp2402,7195.0,0.0,0.0,0.0,2,7178.0,7193.0,4,7255.0,7203.0,7203.0,7195.0,2.0,71990.0,741
2023-05-09 21:05:07,pp2402,pp2402,7195.0,0.0,0.0,0.0,4,7179.0,7193.0,4,7255.0,7203.0,7203.0,7195.0,2.0,71990.0,741
2023-05-09 21:05:07,pp2402,pp2402,7195.0,0.0,0.0,0.0,1,7180.0,7193.0,4,7255.0,7203.0,7203.0,7195.0,2.0,71990.0,741
2023-05-09 21:05:08,pp2402,pp2402,7195.0,0.0,0.0,0.0,4,7181.0,7193.0,4,7255.0,7203.0,7203.0,7195.0,2.0,71990.0,741
2023-05-09 21:05:10,pp2402,pp2402,7195.0,0.0,0.0,0.0,4,7181.0,7193.0,21,7255.0,7203.0,7203.0,7195.0,2.0,71990.0,741
2023-05-09 21:05:13,pp2402,pp2402,7195.0,0.0,0.0,0.0,1,7182.0,7193.0,21,7255.0,7203.0,7203.0,7195.0,2.0,71990.0,741
2023-05-09 21:05:18,pp2402,pp2402,7195.0,0.0,0.0,0.0,4,7183.0,7193.0,21,7255.0,7203.0,7203.0,7195.0,2.0,71990.0,741
2023-05-09 21:05:18,pp2402,pp2402,7195.0,0.0,0.0,0.0,4,7183.0,7193.0,7,7255.0,7203.0,7203.0,7195.0,2.0,71990.0,741
2023-05-09 21:05:20,pp2402,pp2402,7195.0,0.0,0.0,0.0,4,7183.0,7193.0,2,7255.0,7203.0,7203.0,7195.0,2.0,71990.0,741
2023-05-09 21:05:23,pp2402,pp2402,7195.0,0.0,0.0,0.0,1,7184.0,7193.0,2,7255.0,7203.0,7203.0,7195.0,2.0,71990.0,741
2023-05-09 21:05:23,pp2402,pp2402,7195.0,0.0,0.0,0.0,4,7185.0,7193.0,2,7255.0,7203.0,7203.0,7195.0,2.0,71990.0,741
2023-05-09 21:05:26,pp2402,pp2402,7195.0,0.0,0.0,0.0,4,7185.0,7193.0,34,7255.0,7203.0,7203.0,7195.0,2.0,71990.0,741
2023-05-09 21:05:29,pp2402,pp2402,7195.0,0.0,0.0,0.0,1,7179.0,7193.0,7,7255.0,7203.0,7203.0,7195.0,2.0,71990.0,741
2023-05-09 21:05:29,pp2402,pp2402,7195.0,0.0,0.0,0.0,4,7180.0,7193.0,7,7255.0,7203.0,7203.0,7195.0,2.0,71990.0,741
2023-05-09 21:05:34,pp2402,pp2402,7195.0,0.0,0.0,0.0,1,7181.0,7193.0,7,7255.0,7203.0,7203.0,7195.0,2.0,71990.0,741
2023-05-09 21:05:35,pp2402,pp2402,7195.0,0.0,0.0,0.0,4,7182.0,7193.0,7,7255.0,7203.0,7203.0,7195.0,2.0,71990.0,741
2023-05-09 21:05:40,pp2402,pp2402,7195.0,0.0,0.0,0.0,1,7183.0,7193.0,7,7255.0,7203.0,7203.0,7195.0,2.0,71990.0,741
2023-05-09 21:05:40,pp2402,pp2402,7195.0,0.0,0.0,0.0,4,7182.0,7193.0,7,7255.0,7203.0,7203.0,7195.0,2.0,71990.0,741
2023-05-09 21:05:45,pp2402,pp2402,7195.0,0.0,0.0,0.0,5,7182.0,7193.0,7,7255.0,7203.0,7203.0,7195.0,2.0,71990.0,741
2023-05-09 21:05:47,pp2402,pp2402,7195.0,0.0,0.0,0.0,7,7182.0,7193.0,7,7255.0,7203.0,7203.0,7195.0,2.0,71990.0,741
2023-05-09 21:05:51,pp2402,pp2402,7195.0,0.0,0.0,0.0,3,7182.0,7193.0,7,7255.0,7203.0,7203.0,7195.0,2.0,71990.0,741
2023-05-09 21:05:52,pp2402,pp2402,7195.0,0.0,0.0,0.0,3,7182.0,7193.0,62,7255.0,7203.0,7203.0,7195.0,2.0,71990.0,741
2023-05-09 21:05:52,pp2402,pp2402,7195.0,0.0,0.0,0.0,1,7182.0,7193.0,62,7255.0,7203.0,7203.0,7195.0,2.0,71990.0,741
2023-05-09 21:05:55,pp2402,pp2402,7195.0,0.0,0.0,0.0,4,7183.0,7193.0,45,7255.0,7203.0,7203.0,7195.0,2.0,71990.0,741
2023-05-09 21:05:55,pp2402,pp2402,7195.0,0.0,0.0,0.0,4,7183.0,7193.0,42,7255.0,7203.0,7203.0,7195.0,2.0,71990.0,741
2023-05-09 21:05:56,pp2402,pp2402,7195.0,0.0,0.0,0.0,4,7183.0,7193.0,18,7255.0,7203.0,7203.0,7195.0,2.0,71990.0,741
2023-05-09 21:05:57,pp2402,pp2402,7195.0,0.0,0.0,0.0,4,7183.0,7193.0,7,7255.0,7203.0,7203.0,7195.0,2.0,71990.0,741
2023-05-09 21:06:03,pp2402,pp2402,7195.0,0.0,0.0,0.0,4,7183.0,7193.0,4,7255.0,7203.0,7203.0,7195.0,2.0,71990.0,741
2023-05-09 21:06:08,pp2402,pp2402,7195.0,0.0,0.0,0.0,1,7184.0,7193.0,4,7255.0,7203.0,7203.0,7195.0,2.0,71990.0,741
2023-05-09 21:06:08,pp2402,pp2402,7195.0,0.0,0.0,0.0,4,7185.0,7193.0,4,7255.0,7203.0,7203.0,7195.0,2.0,71990.0,741
2023-05-09 21:06:12,pp2402,pp2402,7195.0,0.0,0.0,0.0,4,7185.0,7193.0,7,7255.0,7203.0,7203.0,7195.0,2.0,71990.0,741
2023-05-09 21:06:42,pp2402,pp2402,7195.0,0.0,0.0,0.0,1,7107.0,7193.0,7,7255.0,7203.0,7203.0,7195.0,2.0,71990.0,741
2023-05-09 21:06:42,pp2402,pp2402,7195.0,0.0,0.0,0.0,3,7176.0,7193.0,7,7255.0,7203.0,7203.0,7195.0,2.0,71990.0,741
2023-05-09 21:06:43,pp2402,pp2402,7195.0,0.0,0.0,0.0,4,7177.0,7193.0,7,7255.0,7203.0,7203.0,7195.0,2.0,71990.0,741
2023-05-09 21:06:47,pp2402,pp2402,7195.0,0.0,0.0,0.0,1,7178.0,7193.0,7,7255.0,7203.0,7203.0,7195.0,2.0,71990.0,741
2023-05-09 21:06:48,pp2402,pp2402,7195.0,0.0,0.0,0.0,4,7179.0,7193.0,7,7255.0,7203.0,7203.0,7195.0,2.0,71990.0,741
2023-05-09 21:06:53,pp2402,pp2402,7195.0,0.0,0.0,0.0,1,7180.0,7193.0,7,7255.0,7203.0,7203.0,7195.0,2.0,71990.0,741
2023-05-09 21:06:53,pp2402,pp2402,7195.0,0.0,0.0,0.0,4,7181.0,7193.0,7,7255.0,7203.0,7203.0,7195.0,2.0,71990.0,741
2023-05-09 21:06:58,pp2402,pp2402,7195.0,0.0,0.0,0.0,1,7182.0,7193.0,7,7255.0,7203.0,7203.0,7195.0,2.0,71990.0,741
2023-05-09 21:06:59,pp2402,pp2402,7195.0,0.0,0.0,0.0,4,7183.0,7193.0,7,7255.0,7203.0,7203.0,7195.0,2.0,71990.0,741
2023-05-09 21:07:02,pp2402,pp2402,7195.0,0.0,0.0,0.0,4,7183.0,7193.0,62,7255.0,7203.0,7203.0,7195.0,2.0,71990.0,741
2023-05-09 21:07:02,pp2402,pp2402,7195.0,0.0,0.0,0.0,4,7183.0,7193.0,12,7255.0,7203.0,7203.0,7195.0,2.0,71990.0,741
2023-05-09 21:07:03,pp2402,pp2402,7195.0,0.0,0.0,0.0,4,7183.0,7193.0,7,7255.0,7203.0,7203.0,7195.0,2.0,71990.0,741
2023-05-09 21:07:05,pp2402,pp2402,7195.0,0.0,0.0,0.0,4,7183.0,7193.0,62,7255.0,7203.0,7203.0,7195.0,2.0,71990.0,741
2023-05-09 21:07:06,pp2402,pp2402,7195.0,0.0,0.0,0.0,4,7183.0,7193.0,51,7255.0,7203.0,7203.0,7195.0,2.0,71990.0,741
2023-05-09 21:07:06,pp2402,pp2402,7195.0,0.0,0.0,0.0,4,7183.0,7193.0,45,7255.0,7203.0,7203.0,7195.0,2.0,71990.0,741
2023-05-09 21:07:07,pp2402,pp2402,7195.0,0.0,0.0,0.0,4,7183.0,7193.0,19,7255.0,7203.0,7203.0,7195.0,2.0,71990.0,741
2023-05-09 21:07:07,pp2402,pp2402,7195.0,0.0,0.0,0.0,5,7183.0,7193.0,19,7255.0,7203.0,7203.0,7195.0,2.0,71990.0,741
2023-05-09 21:07:08,pp2402,pp2402,7195.0,0.0,0.0,0.0,5,7183.0,7193.0,7,7255.0,7203.0,7203.0,7195.0,2.0,71990.0,741
2023-05-09 21:07:09,pp2402,pp2402,7195.0,0.0,0.0,0.0,2,7184.0,7193.0,7,7255.0,7203.0,7203.0,7195.0,2.0,71990.0,741
2023-05-09 21:07:10,pp2402,pp2402,7195.0,0.0,0.0,0.0,4,7185.0,7193.0,7,7255.0,7203.0,7203.0,7195.0,2.0,71990.0,741
2023-05-09 21:07:11,pp2402,pp2402,7195.0,0.0,0.0,0.0,1,7183.0,7193.0,7,7255.0,7203.0,7203.0,7195.0,2.0,71990.0,741
2023-05-09 21:07:11,pp2402,pp2402,7195.0,0.0,0.0,0.0,4,7184.0,7193.0,7,7255.0,7203.0,7203.0,7195.0,2.0,71990.0,741
2023-05-09 21:07:12,pp2402,pp2402,7195.0,0.0,0.0,0.0,1,7098.0,7193.0,7,7255.0,7203.0,7203.0,7195.0,2.0,71990.0,741
2023-05-09 21:07:13,pp2402,pp2402,7195.0,0.0,0.0,0.0,9,7169.0,7193.0,62,7255.0,7203.0,7203.0,7195.0,2.0,71990.0,741
2023-05-09 21:07:14,pp2402,pp2402,7195.0,0.0,0.0,0.0,4,7170.0,7193.0,16,7255.0,7203.0,7203.0,7195.0,2.0,71990.0,741
2023-05-09 21:07:15,pp2402,pp2402,7195.0,0.0,0.0,0.0,1,7182.0,7193.0,58,7255.0,7203.0,7203.0,7195.0,2.0,71990.0,741
2023-05-09 21:07:15,pp2402,pp2402,7195.0,0.0,0.0,0.0,4,7183.0,7193.0,62,7255.0,7203.0,7203.0,7195.0,2.0,71990.0,741
2023-05-09 21:07:17,pp2402,pp2402,7195.0,0.0,0.0,0.0,1,7182.0,7193.0,62,7255.0,7203.0,7203.0,7195.0,2.0,71990.0,741
2023-05-09 21:07:17,pp2402,pp2402,7195.0,0.0,0.0,0.0,5,7182.0,7193.0,62,7255.0,7203.0,7203.0,7195.0,2.0,71990.0,741
2023-05-09 21:07:20,pp2402,pp2402,7195.0,0.0,0.0,0.0,4,7182.0,7193.0,62,7255.0,7203.0,7203.0,7195.0,2.0,71990.0,741
2023-05-09 21:07:30,pp2402,pp2402,7195.0,0.0,0.0,0.0,1,7180.0,7193.0,62,7255.0,7203.0,7203.0,7195.0,2.0,71990.0,741
2023-05-09 21:07:31,pp2402,pp2402,7195.0,0.0,0.0,0.0,1,7180.0,7191.0,24,7255.0,7203.0,7203.0,7195.0,2.0,71990.0,741
2023-05-09 21:07:31,pp2402,pp2402,7195.0,0.0,0.0,0.0,4,7181.0,7188.0,2,7255.0,7203.0,7203.0,7195.0,2.0,71990.0,741
2023-05-09 21:07:32,pp2402,pp2402,7195.0,0.0,0.0,0.0,1,7180.0,7188.0,2,7255.0,7203.0,7203.0,7195.0,2.0,71990.0,741
2023-05-09 21:07:32,pp2402,pp2402,7195.0,0.0,0.0,0.0,1,7181.0,7188.0,2,7255.0,7203.0,7203.0,7195.0,2.0,71990.0,741
2023-05-09 21:07:33,pp2402,pp2402,7195.0,0.0,0.0,0.0,5,7181.0,7188.0,2,7255.0,7203.0,7203.0,7195.0,2.0,71990.0,741
2023-05-09 21:07:36,pp2402,pp2402,7195.0,0.0,0.0,0.0,5,7181.0,7275.0,1,7255.0,7203.0,7203.0,7195.0,2.0,71990.0,741
2023-05-09 21:07:37,pp2402,pp2402,7195.0,0.0,0.0,0.0,5,7181.0,7191.0,2,7255.0,7203.0,7203.0,7195.0,2.0,71990.0,741
2023-05-09 21:07:45,pp2402,pp2402,7195.0,0.0,0.0,0.0,5,7181.0,7191.0,1,7255.0,7203.0,7203.0,7195.0,2.0,71990.0,741
2023-05-09 21:07:51,pp2402,pp2402,7195.0,0.0,0.0,0.0,2,7182.0,7191.0,1,7255.0,7203.0,7203.0,7195.0,2.0,71990.0,741
2023-05-09 21:07:52,pp2402,pp2402,7195.0,0.0,0.0,0.0,4,7183.0,7191.0,1,7255.0,7203.0,7203.0,7195.0,2.0,71990.0,741
2023-05-09 21:08:04,pp2402,pp2402,7195.0,0.0,0.0,0.0,4,7183.0,7274.0,3,7255.0,7203.0,7203.0,7195.0,2.0,71990.0,741
2023-05-09 21:08:05,pp2402,pp2402,7195.0,0.0,0.0,0.0,4,7183.0,7193.0,2,7255.0,7203.0,7203.0,7195.0,2.0,71990.0,741
2023-05-09 21:08:06,pp2402,pp2402,7195.0,0.0,0.0,0.0,4,7183.0,7274.0,3,7255.0,7203.0,7203.0,7195.0,2.0,71990.0,741
2023-05-09 21:08:06,pp2402,pp2402,7195.0,0.0,0.0,0.0,4,7183.0,7194.0,1,7255.0,7203.0,7203.0,7195.0,2.0,71990.0,741
2023-05-09 21:08:10,pp2402,pp2402,7195.0,0.0,0.0,0.0,1,7184.0,7194.0,1,7255.0,7203.0,7203.0,7195.0,2.0,71990.0,741
2023-05-09 21:08:11,pp2402,pp2402,7195.0,0.0,0.0,0.0,4,7185.0,7194.0,1,7255.0,7203.0,7203.0,7195.0,2.0,71990.0,741
2023-05-09 21:08:11,pp2402,pp2402,7195.0,0.0,0.0,0.0,4,7185.0,7194.0,24,7255.0,7203.0,7203.0,7195.0,2.0,71990.0,741
2023-05-09 21:08:13,pp2402,pp2402,7195.0,0.0,0.0,0.0,4,7185.0,7194.0,14,7255.0,7203.0,7203.0,7195.0,2.0,71990.0,741
2023-05-09 21:08:13,pp2402,pp2402,7195.0,0.0,0.0,0.0,4,7185.0,7194.0,6,7255.0,7203.0,7203.0,7195.0,2.0,71990.0,741
2023-05-09 21:08:16,pp2402,pp2402,7195.0,0.0,0.0,0.0,1,7186.0,7194.0,6,7255.0,7203.0,7203.0,7195.0,2.0,71990.0,741
2023-05-09 21:08:16,pp2402,pp2402,7195.0,0.0,0.0,0.0,4,7187.0,7194.0,6,7255.0,7203.0,7203.0,7195.0,2.0,71990.0,741
2023-05-09 21:08:23,pp2402,pp2402,7195.0,0.0,0.0,0.0,5,7187.0,7194.0,6,7255.0,7203.0,7203.0,7195.0,2.0,71990.0,741
2023-05-09 21:08:24,pp2402,pp2402,7195.0,0.0,0.0,0.0,5,7187.0,7194.0,1,7255.0,7203.0,7203.0,7195.0,2.0,71990.0,741
2023-05-09 21:08:33,pp2402,pp2402,7195.0,0.0,0.0,0.0,5,7187.0,7274.0,3,7255.0,7203.0,7203.0,7195.0,2.0,71990.0,741
2023-05-09 21:08:34,pp2402,pp2402,7195.0,0.0,0.0,0.0,5,7187.0,7197.0,5,7255.0,7203.0,7203.0,7195.0,2.0,71990.0,741
2023-05-09 21:08:36,pp2402,pp2402,7195.0,0.0,0.0,0.0,5,7187.0,7273.0,4,7255.0,7203.0,7203.0,7195.0,2.0,71990.0,741
2023-05-09 21:08:36,pp2402,pp2402,7195.0,0.0,0.0,0.0,5,7187.0,7197.0,3,7255.0,7203.0,7203.0,7195.0,2.0,71990.0,741
2023-05-09 21:08:42,pp2402,pp2402,7195.0,0.0,0.0,0.0,5,7187.0,7197.0,2,7255.0,7203.0,7203.0,7195.0,2.0,71990.0,741
2023-05-09 21:09:01,pp2402,pp2402,7195.0,0.0,0.0,0.0,5,7187.0,7196.0,1,7255.0,7203.0,7203.0,7195.0,2.0,71990.0,741
2023-05-09 21:09:03,pp2402,pp2402,7195.0,0.0,0.0,0.0,4,7187.0,7196.0,1,7255.0,7203.0,7203.0,7195.0,2.0,71990.0,741
2023-05-09 21:09:04,pp2402,pp2402,7195.0,0.0,0.0,0.0,4,7187.0,7192.0,7,7255.0,7203.0,7203.0,7195.0,2.0,71990.0,741
2023-05-09 21:09:05,pp2402,pp2402,7195.0,0.0,0.0,0.0,4,7187.0,7191.0,2,7255.0,7203.0,7203.0,7195.0,2.0,71990.0,741
2023-05-09 21:09:05,pp2402,pp2402,7195.0,0.0,0.0,0.0,4,7187.0,7191.0,1,7255.0,7203.0,7203.0,7195.0,2.0,71990.0,741
2023-05-09 21:09:07,pp2402,pp2402,7195.0,0.0,0.0,0.0,4,7187.0,7272.0,3,7255.0,7203.0,7203.0,7195.0,2.0,71990.0,741
2023-05-09 21:09:07,pp2402,pp2402,7195.0,0.0,0.0,0.0,4,7187.0,7196.0,5,7255.0,7203.0,7203.0,7195.0,2.0,71990.0,741
2023-05-09 21:09:11,pp2402,pp2402,7195.0,0.0,0.0,0.0,4,7187.0,7195.0,10,7255.0,7203.0,7203.0,7195.0,2.0,71990.0,741
2023-05-09 21:09:11,pp2402,pp2402,7195.0,0.0,0.0,0.0,4,7187.0,7194.0,5,7255.0,7203.0,7203.0,7195.0,2.0,71990.0,741
2023-05-09 21:09:20,pp2402,pp2402,7195.0,0.0,0.0,0.0,4,7187.0,7191.0,4,7255.0,7203.0,7203.0,7195.0,2.0,71990.0,741
2023-05-09 21:09:34,pp2402,pp2402,7195.0,0.0,0.0,0.0,4,7187.0,7272.0,3,7255.0,7203.0,7203.0,7195.0,2.0,71990.0,741
2023-05-09 21:09:35,pp2402,pp2402,7195.0,0.0,0.0,0.0,4,7187.0,7194.0,5,7255.0,7203.0,7203.0,7195.0,2.0,71990.0,741
2023-05-09 21:09:40,pp2402,pp2402,7195.0,0.0,0.0,0.0,4,7187.0,7194.0,2,7255.0,7203.0,7203.0,7195.0,2.0,71990.0,741
2023-05-09 21:09:43,pp2402,pp2402,7195.0,0.0,0.0,0.0,1,7188.0,7194.0,2,7255.0,7203.0,7203.0,7195.0,2.0,71990.0,741
2023-05-09 21:09:43,pp2402,pp2402,7195.0,0.0,0.0,0.0,4,7189.0,7194.0,2,7255.0,7203.0,7203.0,7195.0,2.0,71990.0,741
2023-05-09 21:09:44,pp2402,pp2402,7195.0,0.0,0.0,0.0,1,7150.0,7194.0,2,7255.0,7203.0,7203.0,7195.0,2.0,71990.0,741
2023-05-09 21:09:45,pp2402,pp2402,7195.0,0.0,0.0,0.0,3,7177.0,7194.0,2,7255.0,7203.0,7203.0,7195.0,2.0,71990.0,741
2023-05-09 21:09:45,pp2402,pp2402,7195.0,0.0,0.0,0.0,4,7178.0,7194.0,2,7255.0,7203.0,7203.0,7195.0,2.0,71990.0,741
2023-05-09 21:09:49,pp2402,pp2402,7195.0,0.0,0.0,0.0,1,7179.0,7194.0,2,7255.0,7203.0,7203.0,7195.0,2.0,71990.0,741
2023-05-09 21:09:50,pp2402,pp2402,7195.0,0.0,0.0,0.0,4,7180.0,7194.0,2,7255.0,7203.0,7203.0,7195.0,2.0,71990.0,741
2023-05-09 21:09:55,pp2402,pp2402,7195.0,0.0,0.0,0.0,3,7181.0,7194.0,2,7255.0,7203.0,7203.0,7195.0,2.0,71990.0,741
2023-05-09 21:09:55,pp2402,pp2402,7195.0,0.0,0.0,0.0,4,7182.0,7194.0,2,7255.0,7203.0,7203.0,7195.0,2.0,71990.0,741
2023-05-09 21:09:57,pp2402,pp2402,7195.0,0.0,0.0,0.0,4,7182.0,7193.0,1,7255.0,7203.0,7203.0,7195.0,2.0,71990.0,741
2023-05-09 21:10:00,pp2402,pp2402,7195.0,0.0,0.0,0.0,1,7183.0,7193.0,1,7255.0,7203.0,7203.0,7195.0,2.0,71990.0,741
2023-05-09 21:10:01,pp2402,pp2402,7195.0,0.0,0.0,0.0,4,7184.0,7193.0,1,7255.0,7203.0,7203.0,7195.0,2.0,71990.0,741
2023-05-09 21:10:06,pp2402,pp2402,7195.0,0.0,0.0,0.0,1,7185.0,7193.0,1,7255.0,7203.0,7203.0,7195.0,2.0,71990.0,741
2023-05-09 21:10:06,pp2402,pp2402,7195.0,0.0,0.0,0.0,4,7186.0,7193.0,1,7255.0,7203.0,7203.0,7195.0,2.0,71990.0,741
2023-05-09 21:10:11,pp2402,pp2402,7195.0,0.0,0.0,0.0,1,7187.0,7193.0,1,7255.0,7203.0,7203.0,7195.0,2.0,71990.0,741
2023-05-09 21:10:12,pp2402,pp2402,7195.0,0.0,0.0,0.0,4,7188.0,7193.0,1,7255.0,7203.0,7203.0,7195.0,2.0,71990.0,741
2023-05-09 21:10:17,pp2402,pp2402,7195.0,0.0,0.0,0.0,5,7188.0,7193.0,1,7255.0,7203.0,7203.0,7195.0,2.0,71990.0,741
2023-05-09 21:10:22,pp2402,pp2402,7195.0,0.0,0.0,0.0,5,7188.0,7272.0,3,7255.0,7203.0,7203.0,7195.0,2.0,71990.0,741
2023-05-09 21:10:23,pp2402,pp2402,7195.0,0.0,0.0,0.0,5,7188.0,7198.0,2,7255.0,7203.0,7203.0,7195.0,2.0,71990.0,741
2023-05-09 21:10:26,pp2402,pp2402,7195.0,0.0,0.0,0.0,5,7188.0,7272.0,3,7255.0,7203.0,7203.0,7195.0,2.0,71990.0,741
2023-05-09 21:10:27,pp2402,pp2402,7195.0,0.0,0.0,0.0,5,7188.0,7201.0,5,7255.0,7203.0,7203.0,7195.0,2.0,71990.0,741
2023-05-09 21:10:27,pp2402,pp2402,7195.0,0.0,0.0,0.0,5,7188.0,7201.0,17,7255.0,7203.0,7203.0,7195.0,2.0,71990.0,741
2023-05-09 21:10:31,pp2402,pp2402,7195.0,0.0,0.0,0.0,5,7188.0,7199.0,6,7255.0,7203.0,7203.0,7195.0,2.0,71990.0,741
2023-05-09 21:10:31,pp2402,pp2402,7195.0,0.0,0.0,0.0,5,7188.0,7198.0,5,7255.0,7203.0,7203.0,7195.0,2.0,71990.0,741
2023-05-09 21:10:36,pp2402,pp2402,7195.0,0.0,0.0,0.0,2,7189.0,7198.0,5,7255.0,7203.0,7203.0,7195.0,2.0,71990.0,741
2023-05-09 21:10:36,pp2402,pp2402,7195.0,0.0,0.0,0.0,4,7190.0,7198.0,5,7255.0,7203.0,7203.0,7195.0,2.0,71990.0,741
2023-05-09 21:10:40,pp2402,pp2402,7195.0,0.0,0.0,0.0,4,7190.0,7272.0,3,7255.0,7203.0,7203.0,7195.0,2.0,71990.0,741
2023-05-09 21:10:41,pp2402,pp2402,7195.0,0.0,0.0,0.0,4,7190.0,7200.0,5,7255.0,7203.0,7203.0,7195.0,2.0,71990.0,741
2023-05-09 21:10:43,pp2402,pp2402,7195.0,0.0,0.0,0.0,4,7190.0,7200.0,2,7255.0,7203.0,7203.0,7195.0,2.0,71990.0,741
2023-05-09 21:10:45,pp2402,pp2402,7195.0,0.0,0.0,0.0,4,7190.0,7199.0,1,7255.0,7203.0,7203.0,7195.0,2.0,71990.0,741
2023-05-09 21:10:56,pp2402,pp2402,7195.0,0.0,0.0,0.0,1,7191.0,7199.0,1,7255.0,7203.0,7203.0,7195.0,2.0,71990.0,741
2023-05-09 21:10:56,pp2402,pp2402,7195.0,0.0,0.0,0.0,4,7192.0,7199.0,1,7255.0,7203.0,7203.0,7195.0,2.0,71990.0,741
2023-05-09 21:10:56,pp2402,pp2402,7195.0,0.0,0.0,0.0,4,7192.0,7272.0,3,7255.0,7203.0,7203.0,7195.0,2.0,71990.0,741
2023-05-09 21:10:57,pp2402,pp2402,7195.0,0.0,0.0,0.0,4,7192.0,7202.0,1,7255.0,7203.0,7203.0,7195.0,2.0,71990.0,741
2023-05-09 21:11:01,pp2402,pp2402,7195.0,0.0,0.0,0.0,4,7192.0,7202.0,10,7255.0,7203.0,7203.0,7195.0,2.0,71990.0,741
2023-05-09 21:11:01,pp2402,pp2402,7195.0,0.0,0.0,0.0,1,7193.0,7202.0,10,7255.0,7203.0,7203.0,7195.0,2.0,71990.0,741
2023-05-09 21:11:02,pp2402,pp2402,7195.0,0.0,0.0,0.0,4,7194.0,7202.0,10,7255.0,7203.0,7203.0,7195.0,2.0,71990.0,741
2023-05-09 21:11:02,pp2402,pp2402,7195.0,0.0,0.0,0.0,4,7194.0,7202.0,6,7255.0,7203.0,7203.0,7195.0,2.0,71990.0,741
2023-05-09 21:11:04,pp2402,pp2402,7202.0,1.0,36010.0,1.0,4,7194.0,7202.0,5,7255.0,7203.0,7203.0,7195.0,3.0,108000.0,742
2023-05-09 21:11:05,pp2402,pp2402,7202.0,0.0,0.0,0.0,4,7194.0,7202.0,3,7255.0,7203.0,7203.0,7195.0,3.0,108000.0,742
2023-05-09 21:11:07,pp2402,pp2402,7202.0,0.0,0.0,0.0,1,7195.0,7202.0,1,7255.0,7203.0,7203.0,7195.0,3.0,108000.0,742
2023-05-09 21:11:08,pp2402,pp2402,7202.0,0.0,0.0,0.0,4,7196.0,7202.0,3,7255.0,7203.0,7203.0,7195.0,3.0,108000.0,742
2023-05-09 21:11:10,pp2402,pp2402,7202.0,0.0,0.0,0.0,4,7196.0,7202.0,1,7255.0,7203.0,7203.0,7195.0,3.0,108000.0,742
2023-05-09 21:11:11,pp2402,pp2402,7202.0,0.0,0.0,0.0,4,7196.0,7202.0,30,7255.0,7203.0,7203.0,7195.0,3.0,108000.0,742
2023-05-09 21:11:13,pp2402,pp2402,7202.0,0.0,0.0,0.0,4,7196.0,7202.0,1,7255.0,7203.0,7203.0,7195.0,3.0,108000.0,742
2023-05-09 21:11:14,pp2402,pp2402,7202.0,0.0,0.0,0.0,4,7196.0,7272.0,3,7255.0,7203.0,7203.0,7195.0,3.0,108000.0,742
2023-05-09 21:11:14,pp2402,pp2402,7202.0,0.0,0.0,0.0,4,7196.0,7207.0,7,7255.0,7203.0,7203.0,7195.0,3.0,108000.0,742
2023-05-09 21:11:15,pp2402,pp2402,7202.0,0.0,0.0,0.0,1,7197.0,7206.0,4,7255.0,7203.0,7203.0,7195.0,3.0,108000.0,742
2023-05-09 21:11:15,pp2402,pp2402,7202.0,0.0,0.0,0.0,4,7198.0,7205.0,1,7255.0,7203.0,7203.0,7195.0,3.0,108000.0,742
2023-05-09 21:11:20,pp2402,pp2402,7202.0,0.0,0.0,0.0,5,7198.0,7205.0,1,7255.0,7203.0,7203.0,7195.0,3.0,108000.0,742
2023-05-09 21:11:20,pp2402,pp2402,7202.0,0.0,0.0,0.0,4,7198.0,7205.0,1,7255.0,7203.0,7203.0,7195.0,3.0,108000.0,742
2023-05-09 21:11:24,pp2402,pp2402,7202.0,0.0,0.0,0.0,4,7198.0,7205.0,8,7255.0,7203.0,7203.0,7195.0,3.0,108000.0,742
2023-05-09 21:11:25,pp2402,pp2402,7202.0,0.0,0.0,0.0,1,7150.0,7205.0,8,7255.0,7203.0,7203.0,7195.0,3.0,108000.0,742
2023-05-09 21:11:26,pp2402,pp2402,7202.0,0.0,0.0,0.0,3,7187.0,7205.0,8,7255.0,7203.0,7203.0,7195.0,3.0,108000.0,742
2023-05-09 21:11:26,pp2402,pp2402,7202.0,0.0,0.0,0.0,4,7188.0,7205.0,8,7255.0,7203.0,7203.0,7195.0,3.0,108000.0,742
2023-05-09 21:11:28,pp2402,pp2402,7202.0,0.0,0.0,0.0,4,7188.0,7204.0,2,7255.0,7203.0,7203.0,7195.0,3.0,108000.0,742
2023-05-09 21:11:29,pp2402,pp2402,7202.0,0.0,0.0,0.0,4,7188.0,7203.0,4,7255.0,7203.0,7203.0,7195.0,3.0,108000.0,742
2023-05-09 21:11:30,pp2402,pp2402,7202.0,0.0,0.0,0.0,4,7188.0,7202.0,2,7255.0,7203.0,7203.0,7195.0,3.0,108000.0,742
2023-05-09 21:11:31,pp2402,pp2402,7202.0,0.0,0.0,0.0,1,7189.0,7202.0,10,7255.0,7203.0,7203.0,7195.0,3.0,108000.0,742
2023-05-09 21:11:31,pp2402,pp2402,7202.0,0.0,0.0,0.0,4,7190.0,7202.0,10,7255.0,7203.0,7203.0,7195.0,3.0,108000.0,742
2023-05-09 21:11:36,pp2402,pp2402,7202.0,0.0,0.0,0.0,1,7191.0,7202.0,10,7255.0,7203.0,7203.0,7195.0,3.0,108000.0,742
2023-05-09 21:11:37,pp2402,pp2402,7202.0,0.0,0.0,0.0,4,7192.0,7201.0,1,7255.0,7203.0,7203.0,7195.0,3.0,108000.0,742
2023-05-09 21:11:42,pp2402,pp2402,7202.0,0.0,0.0,0.0,1,7193.0,7201.0,1,7255.0,7203.0,7203.0,7195.0,3.0,108000.0,742
2023-05-09 21:11:42,pp2402,pp2402,7202.0,0.0,0.0,0.0,4,7194.0,7201.0,1,7255.0,7203.0,7203.0,7195.0,3.0,108000.0,742
2023-05-09 21:11:48,pp2402,pp2402,7202.0,0.0,0.0,0.0,1,7195.0,7201.0,1,7255.0,7203.0,7203.0,7195.0,3.0,108000.0,742
2023-05-09 21:11:48,pp2402,pp2402,7202.0,0.0,0.0,0.0,4,7196.0,7201.0,1,7255.0,7203.0,7203.0,7195.0,3.0,108000.0,742
2023-05-09 21:11:49,pp2402,pp2402,7202.0,0.0,0.0,0.0,4,7196.0,7200.0,7,7255.0,7203.0,7203.0,7195.0,3.0,108000.0,742
2023-05-09 21:11:49,pp2402,pp2402,7202.0,0.0,0.0,0.0,4,7196.0,7199.0,3,7255.0,7203.0,7203.0,7195.0,3.0,108000.0,742
2023-05-09 21:11:53,pp2402,pp2402,7202.0,0.0,0.0,0.0,4,7196.0,7272.0,3,7255.0,7203.0,7203.0,7195.0,3.0,108000.0,742
2023-05-09 21:11:53,pp2402,pp2402,7202.0,0.0,0.0,0.0,4,7196.0,7201.0,5,7255.0,7203.0,7203.0,7195.0,3.0,108000.0,742
2023-05-09 21:11:57,pp2402,pp2402,7202.0,0.0,0.0,0.0,4,7196.0,7272.0,4,7255.0,7203.0,7203.0,7195.0,3.0,108000.0,742
2023-05-09 21:11:57,pp2402,pp2402,7202.0,0.0,0.0,0.0,4,7196.0,7204.0,5,7255.0,7203.0,7203.0,7195.0,3.0,108000.0,742
2023-05-09 21:11:58,pp2402,pp2402,7202.0,0.0,0.0,0.0,1,7197.0,7203.0,1,7255.0,7203.0,7203.0,7195.0,3.0,108000.0,742
2023-05-09 21:11:58,pp2402,pp2402,7202.0,0.0,0.0,0.0,4,7198.0,7203.0,1,7255.0,7203.0,7203.0,7195.0,3.0,108000.0,742
2023-05-09 21:11:59,pp2402,pp2402,7202.0,0.0,0.0,0.0,1,7150.0,7203.0,1,7255.0,7203.0,7203.0,7195.0,3.0,108000.0,742
2023-05-09 21:11:59,pp2402,pp2402,7202.0,0.0,0.0,0.0,3,7187.0,7203.0,1,7255.0,7203.0,7203.0,7195.0,3.0,108000.0,742
2023-05-09 21:12:00,pp2402,pp2402,7202.0,0.0,0.0,0.0,4,7188.0,7203.0,1,7255.0,7203.0,7203.0,7195.0,3.0,108000.0,742
2023-05-09 21:12:04,pp2402,pp2402,7202.0,0.0,0.0,0.0,1,7189.0,7203.0,1,7255.0,7203.0,7203.0,7195.0,3.0,108000.0,742
2023-05-09 21:12:04,pp2402,pp2402,7202.0,0.0,0.0,0.0,4,7190.0,7203.0,1,7255.0,7203.0,7203.0,7195.0,3.0,108000.0,742
2023-05-09 21:12:09,pp2402,pp2402,7202.0,0.0,0.0,0.0,1,7191.0,7203.0,1,7255.0,7203.0,7203.0,7195.0,3.0,108000.0,742
2023-05-09 21:12:10,pp2402,pp2402,7202.0,0.0,0.0,0.0,4,7192.0,7203.0,1,7255.0,7203.0,7203.0,7195.0,3.0,108000.0,742
2023-05-09 21:12:11,pp2402,pp2402,7202.0,0.0,0.0,0.0,4,7192.0,7203.0,4,7255.0,7203.0,7203.0,7195.0,3.0,108000.0,742
2023-05-09 21:12:12,pp2402,pp2402,7202.0,0.0,0.0,0.0,4,7192.0,7203.0,29,7255.0,7203.0,7203.0,7195.0,3.0,108000.0,742
2023-05-09 21:12:15,pp2402,pp2402,7202.0,0.0,0.0,0.0,1,7193.0,7203.0,29,7255.0,7203.0,7203.0,7195.0,3.0,108000.0,742
2023-05-09 21:12:15,pp2402,pp2402,7202.0,0.0,0.0,0.0,4,7194.0,7203.0,29,7255.0,7203.0,7203.0,7195.0,3.0,108000.0,742
2023-05-09 21:12:25,pp2402,pp2402,7202.0,0.0,0.0,0.0,4,7194.0,7203.0,26,7255.0,7203.0,7203.0,7195.0,3.0,108000.0,742
2023-05-09 21:12:34,pp2402,pp2402,7202.0,0.0,0.0,0.0,5,7194.0,7203.0,26,7255.0,7203.0,7203.0,7195.0,3.0,108000.0,742
2023-05-09 21:12:42,pp2402,pp2402,7202.0,0.0,0.0,0.0,5,7194.0,7203.0,9,7255.0,7203.0,7203.0,7195.0,3.0,108000.0,742
2023-05-09 21:12:47,pp2402,pp2402,7202.0,0.0,0.0,0.0,5,7194.0,7203.0,4,7255.0,7203.0,7203.0,7195.0,3.0,108000.0,742
2023-05-09 21:12:55,pp2402,pp2402,7202.0,0.0,0.0,0.0,5,7194.0,7203.0,2,7255.0,7203.0,7203.0,7195.0,3.0,108000.0,742
2023-05-09 21:12:55,pp2402,pp2402,7202.0,0.0,0.0,0.0,5,7194.0,7203.0,4,7255.0,7203.0,7203.0,7195.0,3.0,108000.0,742
2023-05-09 21:13:00,pp2402,pp2402,7202.0,0.0,0.0,0.0,5,7194.0,7202.0,2,7255.0,7203.0,7203.0,7195.0,3.0,108000.0,742
2023-05-09 21:13:01,pp2402,pp2402,7202.0,0.0,0.0,0.0,5,7194.0,7200.0,1,7255.0,7203.0,7203.0,7195.0,3.0,108000.0,742
2023-05-09 21:13:04,pp2402,pp2402,7202.0,0.0,0.0,0.0,5,7194.0,7200.0,4,7255.0,7203.0,7203.0,7195.0,3.0,108000.0,742
2023-05-09 21:13:05,pp2402,pp2402,7202.0,0.0,0.0,0.0,4,7194.0,7200.0,4,7255.0,7203.0,7203.0,7195.0,3.0,108000.0,742
2023-05-09 21:13:06,pp2402,pp2402,7202.0,0.0,0.0,0.0,4,7194.0,7200.0,2,7255.0,7203.0,7203.0,7195.0,3.0,108000.0,742
2023-05-09 21:13:15,pp2402,pp2402,7202.0,0.0,0.0,0.0,4,7194.0,7272.0,3,7255.0,7203.0,7203.0,7195.0,3.0,108000.0,742
2023-05-09 21:13:16,pp2402,pp2402,7202.0,0.0,0.0,0.0,4,7194.0,7202.0,5,7255.0,7203.0,7203.0,7195.0,3.0,108000.0,742
2023-05-09 21:13:17,pp2402,pp2402,7202.0,0.0,0.0,0.0,4,7194.0,7202.0,8,7255.0,7203.0,7203.0,7195.0,3.0,108000.0,742
2023-05-09 21:13:17,pp2402,pp2402,7202.0,0.0,0.0,0.0,4,7194.0,7202.0,3,7255.0,7203.0,7203.0,7195.0,3.0,108000.0,742
2023-05-09 21:13:26,pp2402,pp2402,7202.0,0.0,0.0,0.0,4,7194.0,7202.0,1,7255.0,7203.0,7203.0,7195.0,3.0,108000.0,742
2023-05-09 21:13:35,pp2402,pp2402,7202.0,0.0,0.0,0.0,1,7195.0,7202.0,1,7255.0,7203.0,7203.0,7195.0,3.0,108000.0,742
2023-05-09 21:13:36,pp2402,pp2402,7202.0,0.0,0.0,0.0,4,7196.0,7202.0,1,7255.0,7203.0,7203.0,7195.0,3.0,108000.0,742
2023-05-09 21:13:38,pp2402,pp2402,7202.0,0.0,0.0,0.0,4,7196.0,7202.0,8,7255.0,7203.0,7203.0,7195.0,3.0,108000.0,742
2023-05-09 21:13:40,pp2402,pp2402,7202.0,0.0,0.0,0.0,4,7196.0,7202.0,1,7255.0,7203.0,7203.0,7195.0,3.0,108000.0,742
2023-05-09 21:13:40,pp2402,pp2402,7202.0,0.0,0.0,0.0,4,7196.0,7272.0,3,7255.0,7203.0,7203.0,7195.0,3.0,108000.0,742
2023-05-09 21:13:41,pp2402,pp2402,7202.0,0.0,0.0,0.0,1,7197.0,7204.0,17,7255.0,7203.0,7203.0,7195.0,3.0,108000.0,742
2023-05-09 21:13:41,pp2402,pp2402,7202.0,0.0,0.0,0.0,4,7198.0,7204.0,17,7255.0,7203.0,7203.0,7195.0,3.0,108000.0,742
2023-05-09 21:13:44,pp2402,pp2402,7202.0,0.0,0.0,0.0,4,7198.0,7204.0,3,7255.0,7203.0,7203.0,7195.0,3.0,108000.0,742
2023-05-09 21:13:46,pp2402,pp2402,7202.0,0.0,0.0,0.0,1,7199.0,7204.0,1,7255.0,7203.0,7203.0,7195.0,3.0,108000.0,742
2023-05-09 21:13:47,pp2402,pp2402,7202.0,0.0,0.0,0.0,4,7200.0,7204.0,4,7255.0,7203.0,7203.0,7195.0,3.0,108000.0,742
2023-05-09 21:13:47,pp2402,pp2402,7202.0,0.0,0.0,0.0,1,7150.0,7204.0,4,7255.0,7203.0,7203.0,7195.0,3.0,108000.0,742
2023-05-09 21:13:48,pp2402,pp2402,7202.0,0.0,0.0,0.0,3,7189.0,7204.0,4,7255.0,7203.0,7203.0,7195.0,3.0,108000.0,742
2023-05-09 21:13:48,pp2402,pp2402,7202.0,0.0,0.0,0.0,4,7190.0,7204.0,4,7255.0,7203.0,7203.0,7195.0,3.0,108000.0,742
2023-05-09 21:13:50,pp2402,pp2402,7202.0,0.0,0.0,0.0,4,7190.0,7204.0,33,7255.0,7203.0,7203.0,7195.0,3.0,108000.0,742
2023-05-09 21:13:50,pp2402,pp2402,7202.0,0.0,0.0,0.0,4,7190.0,7204.0,4,7255.0,7203.0,7203.0,7195.0,3.0,108000.0,742
2023-05-09 21:13:52,pp2402,pp2402,7202.0,0.0,0.0,0.0,1,7191.0,7204.0,4,7255.0,7203.0,7203.0,7195.0,3.0,108000.0,742
2023-05-09 21:13:52,pp2402,pp2402,7202.0,0.0,0.0,0.0,4,7192.0,7204.0,4,7255.0,7203.0,7203.0,7195.0,3.0,108000.0,742
2023-05-09 21:13:52,pp2402,pp2402,7202.0,0.0,0.0,0.0,4,7192.0,7204.0,28,7255.0,7203.0,7203.0,7195.0,3.0,108000.0,742
2023-05-09 21:13:55,pp2402,pp2402,7202.0,0.0,0.0,0.0,4,7192.0,7204.0,4,7255.0,7203.0,7203.0,7195.0,3.0,108000.0,742
2023-05-09 21:13:57,pp2402,pp2402,7202.0,0.0,0.0,0.0,1,7193.0,7204.0,4,7255.0,7203.0,7203.0,7195.0,3.0,108000.0,742
2023-05-09 21:13:58,pp2402,pp2402,7202.0,0.0,0.0,0.0,4,7194.0,7204.0,4,7255.0,7203.0,7203.0,7195.0,3.0,108000.0,742
2023-05-09 21:14:03,pp2402,pp2402,7202.0,0.0,0.0,0.0,1,7196.0,7204.0,4,7255.0,7203.0,7203.0,7195.0,3.0,108000.0,742
2023-05-09 21:14:03,pp2402,pp2402,7202.0,0.0,0.0,0.0,4,7197.0,7204.0,4,7255.0,7203.0,7203.0,7195.0,3.0,108000.0,742
2023-05-09 21:14:09,pp2402,pp2402,7202.0,0.0,0.0,0.0,1,7198.0,7204.0,4,7255.0,7203.0,7203.0,7195.0,3.0,108000.0,742
2023-05-09 21:14:09,pp2402,pp2402,7202.0,0.0,0.0,0.0,4,7199.0,7204.0,4,7255.0,7203.0,7203.0,7195.0,3.0,108000.0,742
2023-05-09 21:14:21,pp2402,pp2402,7202.0,0.0,0.0,0.0,1,7196.0,7204.0,4,7255.0,7203.0,7203.0,7195.0,3.0,108000.0,742
2023-05-09 21:14:21,pp2402,pp2402,7202.0,0.0,0.0,0.0,4,7197.0,7204.0,4,7255.0,7203.0,7203.0,7195.0,3.0,108000.0,742
2023-05-09 21:14:26,pp2402,pp2402,7202.0,0.0,0.0,0.0,5,7197.0,7204.0,11,7255.0,7203.0,7203.0,7195.0,3.0,108000.0,742
2023-05-09 21:14:28,pp2402,pp2402,7202.0,0.0,0.0,0.0,5,7197.0,7204.0,6,7255.0,7203.0,7203.0,7195.0,3.0,108000.0,742
2023-05-09 21:14:55,pp2402,pp2402,7202.0,0.0,0.0,0.0,5,7197.0,7204.0,11,7255.0,7203.0,7203.0,7195.0,3.0,108000.0,742
2023-05-09 21:15:00,pp2402,pp2402,7202.0,0.0,0.0,0.0,5,7197.0,7203.0,1,7255.0,7203.0,7203.0,7195.0,3.0,108000.0,742
2023-05-09 21:15:01,pp2402,pp2402,7202.0,0.0,0.0,0.0,5,7197.0,7272.0,3,7255.0,7203.0,7203.0,7195.0,3.0,108000.0,742
2023-05-09 21:15:01,pp2402,pp2402,7202.0,0.0,0.0,0.0,5,7197.0,7207.0,11,7255.0,7203.0,7203.0,7195.0,3.0,108000.0,742
2023-05-09 21:15:02,pp2402,pp2402,7202.0,0.0,0.0,0.0,5,7197.0,7207.0,12,7255.0,7203.0,7203.0,7195.0,3.0,108000.0,742
2023-05-09 21:15:05,pp2402,pp2402,7202.0,0.0,0.0,0.0,5,7197.0,7207.0,7,7255.0,7203.0,7203.0,7195.0,3.0,108000.0,742
2023-05-09 21:15:05,pp2402,pp2402,7202.0,0.0,0.0,0.0,5,7197.0,7272.0,4,7255.0,7203.0,7203.0,7195.0,3.0,108000.0,742
2023-05-09 21:15:06,pp2402,pp2402,7202.0,0.0,0.0,0.0,5,7197.0,7208.0,5,7255.0,7203.0,7203.0,7195.0,3.0,108000.0,742
2023-05-09 21:15:10,pp2402,pp2402,7202.0,0.0,0.0,0.0,5,7197.0,7208.0,2,7255.0,7203.0,7203.0,7195.0,3.0,108000.0,742
2023-05-09 21:15:10,pp2402,pp2402,7202.0,0.0,0.0,0.0,5,7197.0,7272.0,3,7255.0,7203.0,7203.0,7195.0,3.0,108000.0,742
2023-05-09 21:15:11,pp2402,pp2402,7202.0,0.0,0.0,0.0,5,7197.0,7210.0,5,7255.0,7203.0,7203.0,7195.0,3.0,108000.0,742
2023-05-09 21:15:26,pp2402,pp2402,7202.0,0.0,0.0,0.0,2,7198.0,7210.0,5,7255.0,7203.0,7203.0,7195.0,3.0,108000.0,742
2023-05-09 21:15:26,pp2402,pp2402,7202.0,0.0,0.0,0.0,4,7199.0,7210.0,5,7255.0,7203.0,7203.0,7195.0,3.0,108000.0,742
2023-05-09 21:15:44,pp2402,pp2402,7202.0,0.0,0.0,0.0,4,7199.0,7209.0,14,7255.0,7203.0,7203.0,7195.0,3.0,108000.0,742
2023-05-09 21:15:44,pp2402,pp2402,7202.0,0.0,0.0,0.0,4,7199.0,7208.0,12,7255.0,7203.0,7203.0,7195.0,3.0,108000.0,742
2023-05-09 21:15:46,pp2402,pp2402,7202.0,0.0,0.0,0.0,4,7199.0,7208.0,13,7255.0,7203.0,7203.0,7195.0,3.0,108000.0,742
2023-05-09 21:15:51,pp2402,pp2402,7202.0,0.0,0.0,0.0,4,7199.0,7208.0,10,7255.0,7203.0,7203.0,7195.0,3.0,108000.0,742
2023-05-09 21:15:52,pp2402,pp2402,7202.0,0.0,0.0,0.0,4,7199.0,7272.0,3,7255.0,7203.0,7203.0,7195.0,3.0,108000.0,742
2023-05-09 21:15:53,pp2402,pp2402,7202.0,0.0,0.0,0.0,4,7199.0,7210.0,3,7255.0,7203.0,7203.0,7195.0,3.0,108000.0,742
2023-05-09 21:15:54,pp2402,pp2402,7202.0,0.0,0.0,0.0,4,7199.0,7252.0,2,7255.0,7203.0,7203.0,7195.0,3.0,108000.0,742
2023-05-09 21:15:54,pp2402,pp2402,7202.0,0.0,0.0,0.0,4,7199.0,7212.0,11,7255.0,7203.0,7203.0,7195.0,3.0,108000.0,742
2023-05-09 21:15:55,pp2402,pp2402,7202.0,0.0,0.0,0.0,4,7199.0,7212.0,35,7255.0,7203.0,7203.0,7195.0,3.0,108000.0,742
2023-05-09 21:15:56,pp2402,pp2402,7202.0,0.0,0.0,0.0,4,7199.0,7211.0,2,7255.0,7203.0,7203.0,7195.0,3.0,108000.0,742
2023-05-09 21:15:57,pp2402,pp2402,7202.0,0.0,0.0,0.0,4,7199.0,7211.0,3,7255.0,7203.0,7203.0,7195.0,3.0,108000.0,742
2023-05-09 21:15:57,pp2402,pp2402,7202.0,0.0,0.0,0.0,4,7199.0,7211.0,1,7255.0,7203.0,7203.0,7195.0,3.0,108000.0,742
2023-05-09 21:16:00,pp2402,pp2402,7202.0,0.0,0.0,0.0,4,7199.0,7211.0,9,7255.0,7203.0,7203.0,7195.0,3.0,108000.0,742
2023-05-09 21:16:04,pp2402,pp2402,7202.0,0.0,0.0,0.0,4,7199.0,7210.0,2,7255.0,7203.0,7203.0,7195.0,3.0,108000.0,742
2023-05-09 21:16:05,pp2402,pp2402,7202.0,0.0,0.0,0.0,4,7199.0,7209.0,3,7255.0,7203.0,7203.0,7195.0,3.0,108000.0,742
2023-05-09 21:16:05,pp2402,pp2402,7202.0,0.0,0.0,0.0,4,7199.0,7209.0,10,7255.0,7203.0,7203.0,7195.0,3.0,108000.0,742
2023-05-09 21:16:06,pp2402,pp2402,7202.0,0.0,0.0,0.0,4,7199.0,7209.0,11,7255.0,7203.0,7203.0,7195.0,3.0,108000.0,742
2023-05-09 21:16:07,pp2402,pp2402,7202.0,0.0,0.0,0.0,2,7200.0,7209.0,11,7255.0,7203.0,7203.0,7195.0,3.0,108000.0,742
2023-05-09 21:16:07,pp2402,pp2402,7202.0,0.0,0.0,0.0,4,7201.0,7209.0,11,7255.0,7203.0,7203.0,7195.0,3.0,108000.0,742
2023-05-09 21:16:15,pp2402,pp2402,7202.0,0.0,0.0,0.0,4,7201.0,7209.0,3,7255.0,7203.0,7203.0,7195.0,3.0,108000.0,742
2023-05-09 21:16:15,pp2402,pp2402,7202.0,0.0,0.0,0.0,4,7201.0,7209.0,1,7255.0,7203.0,7203.0,7195.0,3.0,108000.0,742
2023-05-09 21:16:25,pp2402,pp2402,7202.0,0.0,0.0,0.0,1,7202.0,7209.0,1,7255.0,7203.0,7203.0,7195.0,3.0,108000.0,742
2023-05-09 21:16:26,pp2402,pp2402,7202.0,0.0,0.0,0.0,4,7203.0,7209.0,1,7255.0,7203.0,7203.0,7195.0,3.0,108000.0,742
2023-05-09 21:16:29,pp2402,pp2402,7202.0,0.0,0.0,0.0,4,7203.0,7287.0,1,7255.0,7203.0,7203.0,7195.0,3.0,108000.0,742
2023-05-09 21:16:29,pp2402,pp2402,7202.0,0.0,0.0,0.0,4,7203.0,7211.0,12,7255.0,7203.0,7203.0,7195.0,3.0,108000.0,742
2023-05-09 21:16:32,pp2402,pp2402,7202.0,0.0,0.0,0.0,5,7203.0,7211.0,12,7255.0,7203.0,7203.0,7195.0,3.0,108000.0,742
2023-05-09 21:16:37,pp2402,pp2402,7202.0,0.0,0.0,0.0,5,7203.0,7210.0,1,7255.0,7203.0,7203.0,7195.0,3.0,108000.0,742
2023-05-09 21:16:37,pp2402,pp2402,7202.0,0.0,0.0,0.0,5,7203.0,7210.0,2,7255.0,7203.0,7203.0,7195.0,3.0,108000.0,742
2023-05-09 21:17:02,pp2402,pp2402,7202.0,0.0,0.0,0.0,4,7203.0,7210.0,2,7255.0,7203.0,7203.0,7195.0,3.0,108000.0,742
2023-05-09 21:17:03,pp2402,pp2402,7202.0,0.0,0.0,0.0,1,7150.0,7210.0,2,7255.0,7203.0,7203.0,7195.0,3.0,108000.0,742
2023-05-09 21:17:04,pp2402,pp2402,7202.0,0.0,0.0,0.0,1,7193.0,7210.0,2,7255.0,7203.0,7203.0,7195.0,3.0,108000.0,742
2023-05-09 21:17:04,pp2402,pp2402,7202.0,0.0,0.0,0.0,4,7194.0,7210.0,14,7255.0,7203.0,7203.0,7195.0,3.0,108000.0,742
2023-05-09 21:17:07,pp2402,pp2402,7202.0,0.0,0.0,0.0,4,7194.0,7210.0,17,7255.0,7203.0,7203.0,7195.0,3.0,108000.0,742
2023-05-09 21:17:10,pp2402,pp2402,7202.0,0.0,0.0,0.0,3,7195.0,7210.0,2,7255.0,7203.0,7203.0,7195.0,3.0,108000.0,742
2023-05-09 21:17:10,pp2402,pp2402,7202.0,0.0,0.0,0.0,4,7196.0,7210.0,1,7255.0,7203.0,7203.0,7195.0,3.0,108000.0,742
2023-05-09 21:17:27,pp2402,pp2402,7202.0,0.0,0.0,0.0,4,7196.0,7214.0,2,7255.0,7203.0,7203.0,7195.0,3.0,108000.0,742
2023-05-09 21:17:27,pp2402,pp2402,7202.0,0.0,0.0,0.0,4,7196.0,7212.0,4,7255.0,7203.0,7203.0,7195.0,3.0,108000.0,742
2023-05-09 21:17:29,pp2402,pp2402,7202.0,0.0,0.0,0.0,2,7197.0,7212.0,4,7255.0,7203.0,7203.0,7195.0,3.0,108000.0,742
2023-05-09 21:17:29,pp2402,pp2402,7202.0,0.0,0.0,0.0,4,7198.0,7212.0,4,7255.0,7203.0,7203.0,7195.0,3.0,108000.0,742
2023-05-09 21:17:32,pp2402,pp2402,7202.0,0.0,0.0,0.0,4,7198.0,7212.0,28,7255.0,7203.0,7203.0,7195.0,3.0,108000.0,742
2023-05-09 21:17:32,pp2402,pp2402,7202.0,0.0,0.0,0.0,1,7199.0,7212.0,28,7255.0,7203.0,7203.0,7195.0,3.0,108000.0,742
2023-05-09 21:17:33,pp2402,pp2402,7202.0,0.0,0.0,0.0,4,7200.0,7210.0,2,7255.0,7203.0,7203.0,7195.0,3.0,108000.0,742
2023-05-09 21:17:33,pp2402,pp2402,7202.0,0.0,0.0,0.0,4,7200.0,7210.0,3,7255.0,7203.0,7203.0,7195.0,3.0,108000.0,742
2023-05-09 21:17:35,pp2402,pp2402,7202.0,0.0,0.0,0.0,4,7200.0,7210.0,2,7255.0,7203.0,7203.0,7195.0,3.0,108000.0,742
2023-05-09 21:17:38,pp2402,pp2402,7202.0,0.0,0.0,0.0,1,7201.0,7210.0,2,7255.0,7203.0,7203.0,7195.0,3.0,108000.0,742
2023-05-09 21:17:38,pp2402,pp2402,7202.0,0.0,0.0,0.0,4,7202.0,7210.0,2,7255.0,7203.0,7203.0,7195.0,3.0,108000.0,742
2023-05-09 21:17:43,pp2402,pp2402,7202.0,0.0,0.0,0.0,1,7203.0,7210.0,2,7255.0,7203.0,7203.0,7195.0,3.0,108000.0,742
2023-05-09 21:17:44,pp2402,pp2402,7202.0,0.0,0.0,0.0,4,7204.0,7210.0,2,7255.0,7203.0,7203.0,7195.0,3.0,108000.0,742
2023-05-09 21:17:49,pp2402,pp2402,7202.0,0.0,0.0,0.0,1,7205.0,7210.0,2,7255.0,7203.0,7203.0,7195.0,3.0,108000.0,742
2023-05-09 21:17:49,pp2402,pp2402,7202.0,0.0,0.0,0.0,4,7206.0,7210.0,2,7255.0,7203.0,7203.0,7195.0,3.0,108000.0,742
2023-05-09 21:17:53,pp2402,pp2402,7202.0,0.0,0.0,0.0,4,7206.0,7210.0,1,7255.0,7203.0,7203.0,7195.0,3.0,108000.0,742
2023-05-09 21:17:55,pp2402,pp2402,7202.0,0.0,0.0,0.0,2,7197.0,7210.0,1,7255.0,7203.0,7203.0,7195.0,3.0,108000.0,742
2023-05-09 21:17:56,pp2402,pp2402,7202.0,0.0,0.0,0.0,4,7198.0,7210.0,1,7255.0,7203.0,7203.0,7195.0,3.0,108000.0,742
2023-05-09 21:18:02,pp2402,pp2402,7202.0,0.0,0.0,0.0,1,7199.0,7210.0,1,7255.0,7203.0,7203.0,7195.0,3.0,108000.0,742
2023-05-09 21:18:02,pp2402,pp2402,7202.0,0.0,0.0,0.0,4,7200.0,7210.0,1,7255.0,7203.0,7203.0,7195.0,3.0,108000.0,742
2023-05-09 21:18:03,pp2402,pp2402,7202.0,0.0,0.0,0.0,4,7200.0,7210.0,2,7255.0,7203.0,7203.0,7195.0,3.0,108000.0,742
2023-05-09 21:18:07,pp2402,pp2402,7202.0,0.0,0.0,0.0,1,7201.0,7210.0,2,7255.0,7203.0,7203.0,7195.0,3.0,108000.0,742
2023-05-09 21:18:08,pp2402,pp2402,7202.0,0.0,0.0,0.0,4,7202.0,7210.0,2,7255.0,7203.0,7203.0,7195.0,3.0,108000.0,742
2023-05-09 21:18:09,pp2402,pp2402,7202.0,0.0,0.0,0.0,4,7202.0,7210.0,26,7255.0,7203.0,7203.0,7195.0,3.0,108000.0,742
2023-05-09 21:18:11,pp2402,pp2402,7202.0,0.0,0.0,0.0,4,7202.0,7210.0,16,7255.0,7203.0,7203.0,7195.0,3.0,108000.0,742
2023-05-09 21:18:11,pp2402,pp2402,7202.0,0.0,0.0,0.0,4,7202.0,7210.0,3,7255.0,7203.0,7203.0,7195.0,3.0,108000.0,742
2023-05-09 21:18:13,pp2402,pp2402,7202.0,0.0,0.0,0.0,1,7203.0,7210.0,1,7255.0,7203.0,7203.0,7195.0,3.0,108000.0,742
2023-05-09 21:18:13,pp2402,pp2402,7202.0,0.0,0.0,0.0,4,7204.0,7210.0,1,7255.0,7203.0,7203.0,7195.0,3.0,108000.0,742
2023-05-09 21:18:26,pp2402,pp2402,7202.0,0.0,0.0,0.0,2,7197.0,7210.0,1,7255.0,7203.0,7203.0,7195.0,3.0,108000.0,742
2023-05-09 21:18:26,pp2402,pp2402,7202.0,0.0,0.0,0.0,4,7198.0,7210.0,2,7255.0,7203.0,7203.0,7195.0,3.0,108000.0,742
2023-05-09 21:18:35,pp2402,pp2402,7202.0,0.0,0.0,0.0,4,7198.0,7210.0,1,7255.0,7203.0,7203.0,7195.0,3.0,108000.0,742
2023-05-09 21:18:35,pp2402,pp2402,7202.0,0.0,0.0,0.0,4,7198.0,7210.0,2,7255.0,7203.0,7203.0,7195.0,3.0,108000.0,742
2023-05-09 21:18:39,pp2402,pp2402,7202.0,0.0,0.0,0.0,1,7199.0,7210.0,2,7255.0,7203.0,7203.0,7195.0,3.0,108000.0,742
2023-05-09 21:18:39,pp2402,pp2402,7202.0,0.0,0.0,0.0,4,7200.0,7210.0,2,7255.0,7203.0,7203.0,7195.0,3.0,108000.0,742
2023-05-09 21:18:44,pp2402,pp2402,7202.0,0.0,0.0,0.0,1,7201.0,7210.0,2,7255.0,7203.0,7203.0,7195.0,3.0,108000.0,742
2023-05-09 21:18:45,pp2402,pp2402,7202.0,0.0,0.0,0.0,4,7202.0,7210.0,6,7255.0,7203.0,7203.0,7195.0,3.0,108000.0,742
2023-05-09 21:18:45,pp2402,pp2402,7202.0,0.0,0.0,0.0,4,7202.0,7210.0,7,7255.0,7203.0,7203.0,7195.0,3.0,108000.0,742
2023-05-09 21:18:49,pp2402,pp2402,7202.0,0.0,0.0,0.0,1,7150.0,7210.0,7,7255.0,7203.0,7203.0,7195.0,3.0,108000.0,742
2023-05-09 21:18:49,pp2402,pp2402,7202.0,0.0,0.0,0.0,3,7189.0,7210.0,21,7255.0,7203.0,7203.0,7195.0,3.0,108000.0,742
2023-05-09 21:18:50,pp2402,pp2402,7202.0,0.0,0.0,0.0,4,7190.0,7210.0,81,7255.0,7203.0,7203.0,7195.0,3.0,108000.0,742
2023-05-09 21:18:52,pp2402,pp2402,7202.0,0.0,0.0,0.0,2,7191.0,7210.0,69,7255.0,7203.0,7203.0,7195.0,3.0,108000.0,742
2023-05-09 21:18:52,pp2402,pp2402,7202.0,0.0,0.0,0.0,4,7192.0,7210.0,70,7255.0,7203.0,7203.0,7195.0,3.0,108000.0,742
2023-05-09 21:18:53,pp2402,pp2402,7202.0,0.0,0.0,0.0,4,7192.0,7209.0,2,7255.0,7203.0,7203.0,7195.0,3.0,108000.0,742
2023-05-09 21:18:53,pp2402,pp2402,7202.0,0.0,0.0,0.0,4,7192.0,7207.0,2,7255.0,7203.0,7203.0,7195.0,3.0,108000.0,742
2023-05-09 21:18:54,pp2402,pp2402,7202.0,0.0,0.0,0.0,1,7193.0,7207.0,2,7255.0,7203.0,7203.0,7195.0,3.0,108000.0,742
2023-05-09 21:18:54,pp2402,pp2402,7202.0,0.0,0.0,0.0,4,7194.0,7207.0,2,7255.0,7203.0,7203.0,7195.0,3.0,108000.0,742
2023-05-09 21:18:59,pp2402,pp2402,7202.0,0.0,0.0,0.0,1,7195.0,7207.0,2,7255.0,7203.0,7203.0,7195.0,3.0,108000.0,742
2023-05-09 21:19:00,pp2402,pp2402,7202.0,0.0,0.0,0.0,4,7196.0,7207.0,2,7255.0,7203.0,7203.0,7195.0,3.0,108000.0,742
2023-05-09 21:19:05,pp2402,pp2402,7202.0,0.0,0.0,0.0,1,7197.0,7207.0,2,7255.0,7203.0,7203.0,7195.0,3.0,108000.0,742
2023-05-09 21:19:05,pp2402,pp2402,7202.0,0.0,0.0,0.0,4,7198.0,7207.0,2,7255.0,7203.0,7203.0,7195.0,3.0,108000.0,742
2023-05-09 21:19:10,pp2402,pp2402,7202.0,0.0,0.0,0.0,1,7199.0,7207.0,2,7255.0,7203.0,7203.0,7195.0,3.0,108000.0,742
2023-05-09 21:19:11,pp2402,pp2402,7202.0,0.0,0.0,0.0,4,7200.0,7207.0,2,7255.0,7203.0,7203.0,7195.0,3.0,108000.0,742
2023-05-09 21:19:17,pp2402,pp2402,7202.0,0.0,0.0,0.0,5,7200.0,7207.0,2,7255.0,7203.0,7203.0,7195.0,3.0,108000.0,742
2023-05-09 21:19:19,pp2402,pp2402,7202.0,0.0,0.0,0.0,4,7200.0,7207.0,2,7255.0,7203.0,7203.0,7195.0,3.0,108000.0,742
2023-05-09 21:19:23,pp2402,pp2402,7202.0,0.0,0.0,0.0,2,7191.0,7207.0,2,7255.0,7203.0,7203.0,7195.0,3.0,108000.0,742
2023-05-09 21:19:24,pp2402,pp2402,7202.0,0.0,0.0,0.0,5,7192.0,7207.0,27,7255.0,7203.0,7203.0,7195.0,3.0,108000.0,742
2023-05-09 21:19:34,pp2402,pp2402,7202.0,0.0,0.0,0.0,2,7193.0,7207.0,27,7255.0,7203.0,7203.0,7195.0,3.0,108000.0,742
2023-05-09 21:19:34,pp2402,pp2402,7202.0,0.0,0.0,0.0,4,7194.0,7207.0,27,7255.0,7203.0,7203.0,7195.0,3.0,108000.0,742
2023-05-09 21:19:35,pp2402,pp2402,7202.0,0.0,0.0,0.0,4,7194.0,7207.0,18,7255.0,7203.0,7203.0,7195.0,3.0,108000.0,742
2023-05-09 21:19:36,pp2402,pp2402,7202.0,0.0,0.0,0.0,4,7194.0,7207.0,4,7255.0,7203.0,7203.0,7195.0,3.0,108000.0,742
2023-05-09 21:19:39,pp2402,pp2402,7202.0,0.0,0.0,0.0,4,7194.0,7207.0,2,7255.0,7203.0,7203.0,7195.0,3.0,108000.0,742
2023-05-09 21:19:44,pp2402,pp2402,7202.0,0.0,0.0,0.0,1,7195.0,7207.0,2,7255.0,7203.0,7203.0,7195.0,3.0,108000.0,742
2023-05-09 21:19:45,pp2402,pp2402,7202.0,0.0,0.0,0.0,4,7196.0,7207.0,2,7255.0,7203.0,7203.0,7195.0,3.0,108000.0,742
2023-05-09 21:19:50,pp2402,pp2402,7202.0,0.0,0.0,0.0,1,7197.0,7207.0,2,7255.0,7203.0,7203.0,7195.0,3.0,108000.0,742
2023-05-09 21:19:50,pp2402,pp2402,7202.0,0.0,0.0,0.0,4,7198.0,7207.0,2,7255.0,7203.0,7203.0,7195.0,3.0,108000.0,742
2023-05-09 21:19:55,pp2402,pp2402,7202.0,0.0,0.0,0.0,1,7199.0,7207.0,2,7255.0,7203.0,7203.0,7195.0,3.0,108000.0,742
2023-05-09 21:19:56,pp2402,pp2402,7202.0,0.0,0.0,0.0,4,7200.0,7207.0,2,7255.0,7203.0,7203.0,7195.0,3.0,108000.0,742
2023-05-09 21:19:57,pp2402,pp2402,7202.0,0.0,0.0,0.0,2,7193.0,7207.0,2,7255.0,7203.0,7203.0,7195.0,3.0,108000.0,742
2023-05-09 21:19:57,pp2402,pp2402,7202.0,0.0,0.0,0.0,2,7193.0,7207.0,27,7255.0,7203.0,7203.0,7195.0,3.0,108000.0,742
2023-05-09 21:19:58,pp2402,pp2402,7202.0,0.0,0.0,0.0,4,7194.0,7207.0,27,7255.0,7203.0,7203.0,7195.0,3.0,108000.0,742
2023-05-09 21:20:01,pp2402,pp2402,7202.0,0.0,0.0,0.0,4,7194.0,7207.0,18,7255.0,7203.0,7203.0,7195.0,3.0,108000.0,742
2023-05-09 21:20:02,pp2402,pp2402,7202.0,0.0,0.0,0.0,4,7194.0,7207.0,4,7255.0,7203.0,7203.0,7195.0,3.0,108000.0,742
2023-05-09 21:20:02,pp2402,pp2402,7202.0,0.0,0.0,0.0,1,7195.0,7207.0,7,7255.0,7203.0,7203.0,7195.0,3.0,108000.0,742
2023-05-09 21:20:03,pp2402,pp2402,7202.0,0.0,0.0,0.0,4,7196.0,7206.0,3,7255.0,7203.0,7203.0,7195.0,3.0,108000.0,742
2023-05-09 21:20:03,pp2402,pp2402,7202.0,0.0,0.0,0.0,4,7196.0,7204.0,2,7255.0,7203.0,7203.0,7195.0,3.0,108000.0,742
2023-05-09 21:20:07,pp2402,pp2402,7202.0,0.0,0.0,0.0,4,7196.0,7287.0,1,7255.0,7203.0,7203.0,7195.0,3.0,108000.0,742
2023-05-09 21:20:07,pp2402,pp2402,7202.0,0.0,0.0,0.0,4,7196.0,7207.0,2,7255.0,7203.0,7203.0,7195.0,3.0,108000.0,742
2023-05-09 21:20:08,pp2402,pp2402,7202.0,0.0,0.0,0.0,1,7197.0,7207.0,2,7255.0,7203.0,7203.0,7195.0,3.0,108000.0,742
2023-05-09 21:20:08,pp2402,pp2402,7202.0,0.0,0.0,0.0,4,7198.0,7207.0,19,7255.0,7203.0,7203.0,7195.0,3.0,108000.0,742
2023-05-09 21:20:09,pp2402,pp2402,7202.0,0.0,0.0,0.0,4,7198.0,7207.0,2,7255.0,7203.0,7203.0,7195.0,3.0,108000.0,742
2023-05-09 21:20:13,pp2402,pp2402,7202.0,0.0,0.0,0.0,1,7199.0,7207.0,2,7255.0,7203.0,7203.0,7195.0,3.0,108000.0,742
2023-05-09 21:20:14,pp2402,pp2402,7202.0,0.0,0.0,0.0,4,7200.0,7207.0,2,7255.0,7203.0,7203.0,7195.0,3.0,108000.0,742
2023-05-09 21:20:19,pp2402,pp2402,7202.0,0.0,0.0,0.0,1,7201.0,7207.0,2,7255.0,7203.0,7203.0,7195.0,3.0,108000.0,742
2023-05-09 21:20:20,pp2402,pp2402,7202.0,0.0,0.0,0.0,4,7202.0,7207.0,2,7255.0,7203.0,7203.0,7195.0,3.0,108000.0,742
2023-05-09 21:20:21,pp2402,pp2402,7202.0,0.0,0.0,0.0,2,7193.0,7207.0,2,7255.0,7203.0,7203.0,7195.0,3.0,108000.0,742
2023-05-09 21:20:22,pp2402,pp2402,7202.0,0.0,0.0,0.0,4,7194.0,7207.0,2,7255.0,7203.0,7203.0,7195.0,3.0,108000.0,742
2023-05-09 21:20:25,pp2402,pp2402,7202.0,0.0,0.0,0.0,1,7195.0,7207.0,2,7255.0,7203.0,7203.0,7195.0,3.0,108000.0,742
2023-05-09 21:20:25,pp2402,pp2402,7202.0,0.0,0.0,0.0,4,7196.0,7207.0,2,7255.0,7203.0,7203.0,7195.0,3.0,108000.0,742
2023-05-09 21:20:26,pp2402,pp2402,7202.0,0.0,0.0,0.0,4,7196.0,7207.0,19,7255.0,7203.0,7203.0,7195.0,3.0,108000.0,742
2023-05-09 21:20:30,pp2402,pp2402,7202.0,0.0,0.0,0.0,1,7197.0,7207.0,19,7255.0,7203.0,7203.0,7195.0,3.0,108000.0,742
2023-05-09 21:20:31,pp2402,pp2402,7202.0,0.0,0.0,0.0,4,7198.0,7207.0,19,7255.0,7203.0,7203.0,7195.0,3.0,108000.0,742
2023-05-09 21:20:33,pp2402,pp2402,7202.0,0.0,0.0,0.0,4,7198.0,7207.0,13,7255.0,7203.0,7203.0,7195.0,3.0,108000.0,742
2023-05-09 21:20:36,pp2402,pp2402,7202.0,0.0,0.0,0.0,1,7199.0,7207.0,13,7255.0,7203.0,7203.0,7195.0,3.0,108000.0,742
2023-05-09 21:20:36,pp2402,pp2402,7202.0,0.0,0.0,0.0,4,7200.0,7207.0,13,7255.0,7203.0,7203.0,7195.0,3.0,108000.0,742
2023-05-09 21:20:38,pp2402,pp2402,7202.0,0.0,0.0,0.0,4,7200.0,7207.0,3,7255.0,7203.0,7203.0,7195.0,3.0,108000.0,742
2023-05-09 21:20:41,pp2402,pp2402,7202.0,0.0,0.0,0.0,1,7201.0,7207.0,3,7255.0,7203.0,7203.0,7195.0,3.0,108000.0,742
2023-05-09 21:20:45,pp2402,pp2402,7202.0,0.0,0.0,0.0,4,7202.0,7207.0,3,7255.0,7203.0,7203.0,7195.0,3.0,108000.0,742
2023-05-09 21:20:50,pp2402,pp2402,7202.0,0.0,0.0,0.0,5,7202.0,7207.0,3,7255.0,7203.0,7203.0,7195.0,3.0,108000.0,742
2023-05-09 21:20:54,pp2402,pp2402,7202.0,0.0,0.0,0.0,4,7202.0,7207.0,3,7255.0,7203.0,7203.0,7195.0,3.0,108000.0,742
2023-05-09 21:20:54,pp2402,pp2402,7202.0,0.0,0.0,0.0,1,7150.0,7207.0,27,7255.0,7203.0,7203.0,7195.0,3.0,108000.0,742
2023-05-09 21:20:55,pp2402,pp2402,7202.0,0.0,0.0,0.0,1,7189.0,7207.0,15,7255.0,7203.0,7203.0,7195.0,3.0,108000.0,742
2023-05-09 21:20:55,pp2402,pp2402,7202.0,0.0,0.0,0.0,4,7190.0,7207.0,27,7255.0,7203.0,7203.0,7195.0,3.0,108000.0,742
2023-05-09 21:20:56,pp2402,pp2402,7202.0,0.0,0.0,0.0,5,7190.0,7207.0,26,7255.0,7203.0,7203.0,7195.0,3.0,108000.0,742
2023-05-09 21:20:56,pp2402,pp2402,7202.0,0.0,0.0,0.0,5,7190.0,7207.0,24,7255.0,7203.0,7203.0,7195.0,3.0,108000.0,742
2023-05-09 21:20:57,pp2402,pp2402,7202.0,0.0,0.0,0.0,2,7191.0,7207.0,23,7255.0,7203.0,7203.0,7195.0,3.0,108000.0,742
2023-05-09 21:20:57,pp2402,pp2402,7202.0,0.0,0.0,0.0,4,7192.0,7207.0,23,7255.0,7203.0,7203.0,7195.0,3.0,108000.0,742
2023-05-09 21:20:58,pp2402,pp2402,7202.0,0.0,0.0,0.0,4,7192.0,7207.0,16,7255.0,7203.0,7203.0,7195.0,3.0,108000.0,742
2023-05-09 21:20:58,pp2402,pp2402,7202.0,0.0,0.0,0.0,4,7192.0,7207.0,3,7255.0,7203.0,7203.0,7195.0,3.0,108000.0,742
2023-05-09 21:20:59,pp2402,pp2402,7202.0,0.0,0.0,0.0,1,7193.0,7207.0,3,7255.0,7203.0,7203.0,7195.0,3.0,108000.0,742
2023-05-09 21:21:00,pp2402,pp2402,7202.0,0.0,0.0,0.0,4,7194.0,7207.0,3,7255.0,7203.0,7203.0,7195.0,3.0,108000.0,742
2023-05-09 21:21:04,pp2402,pp2402,7202.0,0.0,0.0,0.0,4,7194.0,7207.0,7,7255.0,7203.0,7203.0,7195.0,3.0,108000.0,742
2023-05-09 21:21:05,pp2402,pp2402,7202.0,0.0,0.0,0.0,1,7195.0,7207.0,7,7255.0,7203.0,7203.0,7195.0,3.0,108000.0,742
2023-05-09 21:21:05,pp2402,pp2402,7202.0,0.0,0.0,0.0,4,7196.0,7207.0,7,7255.0,7203.0,7203.0,7195.0,3.0,108000.0,742
2023-05-09 21:21:06,pp2402,pp2402,7202.0,0.0,0.0,0.0,4,7196.0,7207.0,12,7255.0,7203.0,7203.0,7195.0,3.0,108000.0,742
2023-05-09 21:21:10,pp2402,pp2402,7202.0,0.0,0.0,0.0,1,7197.0,7207.0,12,7255.0,7203.0,7203.0,7195.0,3.0,108000.0,742
2023-05-09 21:21:11,pp2402,pp2402,7202.0,0.0,0.0,0.0,4,7198.0,7207.0,12,7255.0,7203.0,7203.0,7195.0,3.0,108000.0,742
2023-05-09 21:21:16,pp2402,pp2402,7202.0,0.0,0.0,0.0,1,7199.0,7207.0,12,7255.0,7203.0,7203.0,7195.0,3.0,108000.0,742
2023-05-09 21:21:21,pp2402,pp2402,7202.0,0.0,0.0,0.0,4,7200.0,7207.0,12,7255.0,7203.0,7203.0,7195.0,3.0,108000.0,742
2023-05-09 21:21:26,pp2402,pp2402,7202.0,0.0,0.0,0.0,5,7200.0,7207.0,12,7255.0,7203.0,7203.0,7195.0,3.0,108000.0,742
2023-05-09 21:21:40,pp2402,pp2402,7202.0,0.0,0.0,0.0,5,7200.0,7207.0,7,7255.0,7203.0,7203.0,7195.0,3.0,108000.0,742
2023-05-09 21:21:42,pp2402,pp2402,7202.0,0.0,0.0,0.0,5,7200.0,7207.0,12,7255.0,7203.0,7203.0,7195.0,3.0,108000.0,742
2023-05-09 21:21:42,pp2402,pp2402,7202.0,0.0,0.0,0.0,5,7200.0,7207.0,7,7255.0,7203.0,7203.0,7195.0,3.0,108000.0,742
2023-05-09 21:21:43,pp2402,pp2402,7202.0,0.0,0.0,0.0,5,7200.0,7207.0,12,7255.0,7203.0,7203.0,7195.0,3.0,108000.0,742
2023-05-09 21:21:44,pp2402,pp2402,7202.0,0.0,0.0,0.0,5,7200.0,7207.0,10,7255.0,7203.0,7203.0,7195.0,3.0,108000.0,742
2023-05-09 21:21:47,pp2402,pp2402,7202.0,0.0,0.0,0.0,4,7200.0,7207.0,10,7255.0,7203.0,7203.0,7195.0,3.0,108000.0,742
2023-05-09 21:21:47,pp2402,pp2402,7202.0,0.0,0.0,0.0,1,7150.0,7207.0,11,7255.0,7203.0,7203.0,7195.0,3.0,108000.0,742
2023-05-09 21:21:48,pp2402,pp2402,7202.0,0.0,0.0,0.0,3,7187.0,7207.0,9,7255.0,7203.0,7203.0,7195.0,3.0,108000.0,742
2023-05-09 21:21:49,pp2402,pp2402,7202.0,0.0,0.0,0.0,4,7188.0,7207.0,18,7255.0,7203.0,7203.0,7195.0,3.0,108000.0,742
2023-05-09 21:21:49,pp2402,pp2402,7202.0,0.0,0.0,0.0,4,7188.0,7207.0,19,7255.0,7203.0,7203.0,7195.0,3.0,108000.0,742
2023-05-09 21:21:53,pp2402,pp2402,7202.0,0.0,0.0,0.0,4,7188.0,7206.0,2,7255.0,7203.0,7203.0,7195.0,3.0,108000.0,742
2023-05-09 21:21:53,pp2402,pp2402,7202.0,0.0,0.0,0.0,4,7188.0,7201.0,3,7255.0,7203.0,7203.0,7195.0,3.0,108000.0,742
2023-05-09 21:21:54,pp2402,pp2402,7202.0,0.0,0.0,0.0,4,7188.0,7201.0,2,7255.0,7203.0,7203.0,7195.0,3.0,108000.0,742
2023-05-09 21:21:54,pp2402,pp2402,7202.0,0.0,0.0,0.0,4,7188.0,7201.0,1,7255.0,7203.0,7203.0,7195.0,3.0,108000.0,742
2023-05-09 21:21:54,pp2402,pp2402,7202.0,0.0,0.0,0.0,4,7188.0,7201.0,2,7255.0,7203.0,7203.0,7195.0,3.0,108000.0,742
2023-05-09 21:21:57,pp2402,pp2402,7202.0,0.0,0.0,0.0,4,7188.0,7201.0,1,7255.0,7203.0,7203.0,7195.0,3.0,108000.0,742
2023-05-09 21:22:02,pp2402,pp2402,7202.0,0.0,0.0,0.0,4,7188.0,7201.0,2,7255.0,7203.0,7203.0,7195.0,3.0,108000.0,742
2023-05-09 21:22:04,pp2402,pp2402,7202.0,0.0,0.0,0.0,4,7188.0,7206.0,3,7255.0,7203.0,7203.0,7195.0,3.0,108000.0,742
2023-05-09 21:22:04,pp2402,pp2402,7202.0,0.0,0.0,0.0,4,7188.0,7203.0,2,7255.0,7203.0,7203.0,7195.0,3.0,108000.0,742
2023-05-09 21:22:08,pp2402,pp2402,7202.0,0.0,0.0,0.0,1,7189.0,7203.0,2,7255.0,7203.0,7203.0,7195.0,3.0,108000.0,742
2023-05-09 21:22:09,pp2402,pp2402,7202.0,0.0,0.0,0.0,4,7190.0,7203.0,2,7255.0,7203.0,7203.0,7195.0,3.0,108000.0,742
2023-05-09 21:22:14,pp2402,pp2402,7202.0,0.0,0.0,0.0,1,7191.0,7203.0,2,7255.0,7203.0,7203.0,7195.0,3.0,108000.0,742
2023-05-09 21:22:14,pp2402,pp2402,7202.0,0.0,0.0,0.0,4,7192.0,7203.0,2,7255.0,7203.0,7203.0,7195.0,3.0,108000.0,742
2023-05-09 21:22:19,pp2402,pp2402,7202.0,0.0,0.0,0.0,1,7193.0,7203.0,2,7255.0,7203.0,7203.0,7195.0,3.0,108000.0,742
2023-05-09 21:22:20,pp2402,pp2402,7202.0,0.0,0.0,0.0,4,7194.0,7203.0,2,7255.0,7203.0,7203.0,7195.0,3.0,108000.0,742
2023-05-09 21:22:20,pp2402,pp2402,7202.0,0.0,0.0,0.0,6,7194.0,7203.0,2,7255.0,7203.0,7203.0,7195.0,3.0,108000.0,742
2023-05-09 21:22:22,pp2402,pp2402,7202.0,0.0,0.0,0.0,4,7194.0,7203.0,2,7255.0,7203.0,7203.0,7195.0,3.0,108000.0,742
2023-05-09 21:22:22,pp2402,pp2402,7202.0,0.0,0.0,0.0,4,7194.0,7206.0,2,7255.0,7203.0,7203.0,7195.0,3.0,108000.0,742
2023-05-09 21:22:23,pp2402,pp2402,7202.0,0.0,0.0,0.0,4,7194.0,7287.0,1,7255.0,7203.0,7203.0,7195.0,3.0,108000.0,742
2023-05-09 21:22:24,pp2402,pp2402,7202.0,0.0,0.0,0.0,4,7194.0,7210.0,3,7255.0,7203.0,7203.0,7195.0,3.0,108000.0,742
2023-05-09 21:22:24,pp2402,pp2402,7202.0,0.0,0.0,0.0,4,7194.0,7209.0,13,7255.0,7203.0,7203.0,7195.0,3.0,108000.0,742
2023-05-09 21:22:25,pp2402,pp2402,7202.0,0.0,0.0,0.0,1,7195.0,7208.0,4,7255.0,7203.0,7203.0,7195.0,3.0,108000.0,742
2023-05-09 21:22:25,pp2402,pp2402,7202.0,0.0,0.0,0.0,4,7196.0,7208.0,4,7255.0,7203.0,7203.0,7195.0,3.0,108000.0,742
2023-05-09 21:22:30,pp2402,pp2402,7202.0,0.0,0.0,0.0,1,7197.0,7208.0,4,7255.0,7203.0,7203.0,7195.0,3.0,108000.0,742
2023-05-09 21:22:31,pp2402,pp2402,7202.0,0.0,0.0,0.0,4,7198.0,7208.0,4,7255.0,7203.0,7203.0,7195.0,3.0,108000.0,742
2023-05-09 21:22:36,pp2402,pp2402,7202.0,0.0,0.0,0.0,1,7199.0,7208.0,4,7255.0,7203.0,7203.0,7195.0,3.0,108000.0,742
2023-05-09 21:22:36,pp2402,pp2402,7202.0,0.0,0.0,0.0,4,7200.0,7208.0,4,7255.0,7203.0,7203.0,7195.0,3.0,108000.0,742
2023-05-09 21:22:41,pp2402,pp2402,7202.0,0.0,0.0,0.0,1,7201.0,7208.0,4,7255.0,7203.0,7203.0,7195.0,3.0,108000.0,742
2023-05-09 21:22:45,pp2402,pp2402,7202.0,0.0,0.0,0.0,4,7200.0,7208.0,4,7255.0,7203.0,7203.0,7195.0,3.0,108000.0,742
2023-05-09 21:22:50,pp2402,pp2402,7202.0,0.0,0.0,0.0,1,7201.0,7208.0,4,7255.0,7203.0,7203.0,7195.0,3.0,108000.0,742
2023-05-09 21:22:51,pp2402,pp2402,7202.0,0.0,0.0,0.0,4,7202.0,7208.0,4,7255.0,7203.0,7203.0,7195.0,3.0,108000.0,742
2023-05-09 21:22:51,pp2402,pp2402,7202.0,0.0,0.0,0.0,4,7202.0,7208.0,3,7255.0,7203.0,7203.0,7195.0,3.0,108000.0,742
2023-05-09 21:22:51,pp2402,pp2402,7202.0,0.0,0.0,0.0,4,7202.0,7208.0,2,7255.0,7203.0,7203.0,7195.0,3.0,108000.0,742
2023-05-09 21:22:52,pp2402,pp2402,7202.0,0.0,0.0,0.0,4,7202.0,7286.0,4,7255.0,7203.0,7203.0,7195.0,3.0,108000.0,742
2023-05-09 21:22:52,pp2402,pp2402,7202.0,0.0,0.0,0.0,4,7202.0,7212.0,4,7255.0,7203.0,7203.0,7195.0,3.0,108000.0,742
2023-05-09 21:22:56,pp2402,pp2402,7202.0,0.0,0.0,0.0,5,7202.0,7212.0,4,7255.0,7203.0,7203.0,7195.0,3.0,108000.0,742
2023-05-09 21:23:01,pp2402,pp2402,7202.0,0.0,0.0,0.0,4,7202.0,7212.0,4,7255.0,7203.0,7203.0,7195.0,3.0,108000.0,742
2023-05-09 21:23:01,pp2402,pp2402,7202.0,0.0,0.0,0.0,1,7150.0,7212.0,4,7255.0,7203.0,7203.0,7195.0,3.0,108000.0,742
2023-05-09 21:23:01,pp2402,pp2402,7202.0,0.0,0.0,0.0,1,7186.0,7211.0,11,7255.0,7203.0,7203.0,7195.0,3.0,108000.0,742
2023-05-09 21:23:02,pp2402,pp2402,7202.0,0.0,0.0,0.0,4,7187.0,7208.0,1,7255.0,7203.0,7203.0,7195.0,3.0,108000.0,742
2023-05-09 21:23:03,pp2402,pp2402,7202.0,0.0,0.0,0.0,2,7188.0,7208.0,1,7255.0,7203.0,7203.0,7195.0,3.0,108000.0,742
2023-05-09 21:23:03,pp2402,pp2402,7202.0,0.0,0.0,0.0,4,7189.0,7286.0,4,7255.0,7203.0,7203.0,7195.0,3.0,108000.0,742
2023-05-09 21:23:04,pp2402,pp2402,7202.0,0.0,0.0,0.0,4,7189.0,7210.0,13,7255.0,7203.0,7203.0,7195.0,3.0,108000.0,742
2023-05-09 21:23:05,pp2402,pp2402,7202.0,0.0,0.0,0.0,1,7190.0,7210.0,25,7255.0,7203.0,7203.0,7195.0,3.0,108000.0,742
2023-05-09 21:23:05,pp2402,pp2402,7202.0,0.0,0.0,0.0,4,7191.0,7209.0,1,7255.0,7203.0,7203.0,7195.0,3.0,108000.0,742
2023-05-09 21:23:06,pp2402,pp2402,7202.0,0.0,0.0,0.0,1,7192.0,7209.0,1,7255.0,7203.0,7203.0,7195.0,3.0,108000.0,742
2023-05-09 21:23:06,pp2402,pp2402,7202.0,0.0,0.0,0.0,4,7193.0,7209.0,1,7255.0,7203.0,7203.0,7195.0,3.0,108000.0,742
2023-05-09 21:23:11,pp2402,pp2402,7202.0,0.0,0.0,0.0,1,7194.0,7209.0,13,7255.0,7203.0,7203.0,7195.0,3.0,108000.0,742
2023-05-09 21:23:12,pp2402,pp2402,7202.0,0.0,0.0,0.0,4,7195.0,7209.0,30,7255.0,7203.0,7203.0,7195.0,3.0,108000.0,742
2023-05-09 21:23:12,pp2402,pp2402,7202.0,0.0,0.0,0.0,4,7195.0,7207.0,3,7255.0,7203.0,7203.0,7195.0,3.0,108000.0,742
2023-05-09 21:23:12,pp2402,pp2402,7202.0,0.0,0.0,0.0,4,7195.0,7207.0,4,7255.0,7203.0,7203.0,7195.0,3.0,108000.0,742
2023-05-09 21:23:17,pp2402,pp2402,7202.0,0.0,0.0,0.0,1,7196.0,7207.0,4,7255.0,7203.0,7203.0,7195.0,3.0,108000.0,742
2023-05-09 21:23:17,pp2402,pp2402,7202.0,0.0,0.0,0.0,4,7197.0,7207.0,4,7255.0,7203.0,7203.0,7195.0,3.0,108000.0,742
2023-05-09 21:23:22,pp2402,pp2402,7202.0,0.0,0.0,0.0,1,7198.0,7207.0,4,7255.0,7203.0,7203.0,7195.0,3.0,108000.0,742
2023-05-09 21:23:23,pp2402,pp2402,7202.0,0.0,0.0,0.0,4,7199.0,7207.0,4,7255.0,7203.0,7203.0,7195.0,3.0,108000.0,742
2023-05-09 21:23:26,pp2402,pp2402,7202.0,0.0,0.0,0.0,2,7188.0,7207.0,4,7255.0,7203.0,7203.0,7195.0,3.0,108000.0,742
2023-05-09 21:23:27,pp2402,pp2402,7202.0,0.0,0.0,0.0,7,7189.0,7207.0,4,7255.0,7203.0,7203.0,7195.0,3.0,108000.0,742
2023-05-09 21:23:28,pp2402,pp2402,7202.0,0.0,0.0,0.0,1,7190.0,7207.0,4,7255.0,7203.0,7203.0,7195.0,3.0,108000.0,742
2023-05-09 21:23:28,pp2402,pp2402,7202.0,0.0,0.0,0.0,4,7191.0,7207.0,4,7255.0,7203.0,7203.0,7195.0,3.0,108000.0,742
2023-05-09 21:23:33,pp2402,pp2402,7202.0,0.0,0.0,0.0,1,7192.0,7207.0,4,7255.0,7203.0,7203.0,7195.0,3.0,108000.0,742
2023-05-09 21:23:34,pp2402,pp2402,7202.0,0.0,0.0,0.0,4,7193.0,7207.0,4,7255.0,7203.0,7203.0,7195.0,3.0,108000.0,742
2023-05-09 21:23:39,pp2402,pp2402,7202.0,0.0,0.0,0.0,1,7194.0,7207.0,4,7255.0,7203.0,7203.0,7195.0,3.0,108000.0,742
2023-05-09 21:23:39,pp2402,pp2402,7202.0,0.0,0.0,0.0,4,7195.0,7207.0,4,7255.0,7203.0,7203.0,7195.0,3.0,108000.0,742
2023-05-09 21:23:44,pp2402,pp2402,7202.0,0.0,0.0,0.0,1,7196.0,7207.0,4,7255.0,7203.0,7203.0,7195.0,3.0,108000.0,742
2023-05-09 21:23:45,pp2402,pp2402,7202.0,0.0,0.0,0.0,4,7197.0,7207.0,4,7255.0,7203.0,7203.0,7195.0,3.0,108000.0,742
2023-05-09 21:23:50,pp2402,pp2402,7202.0,0.0,0.0,0.0,1,7198.0,7207.0,4,7255.0,7203.0,7203.0,7195.0,3.0,108000.0,742
2023-05-09 21:23:50,pp2402,pp2402,7202.0,0.0,0.0,0.0,4,7199.0,7207.0,4,7255.0,7203.0,7203.0,7195.0,3.0,108000.0,742
2023-05-09 21:23:55,pp2402,pp2402,7202.0,0.0,0.0,0.0,5,7199.0,7207.0,4,7255.0,7203.0,7203.0,7195.0,3.0,108000.0,742
2023-05-09 21:23:56,pp2402,pp2402,7202.0,0.0,0.0,0.0,4,7199.0,7207.0,4,7255.0,7203.0,7203.0,7195.0,3.0,108000.0,742
2023-05-09 21:24:01,pp2402,pp2402,7202.0,0.0,0.0,0.0,1,7200.0,7207.0,4,7255.0,7203.0,7203.0,7195.0,3.0,108000.0,742
2023-05-09 21:24:02,pp2402,pp2402,7202.0,0.0,0.0,0.0,4,7199.0,7207.0,4,7255.0,7203.0,7203.0,7195.0,3.0,108000.0,742
2023-05-09 21:24:04,pp2402,pp2402,7202.0,0.0,0.0,0.0,2,7188.0,7207.0,4,7255.0,7203.0,7203.0,7195.0,3.0,108000.0,742
2023-05-09 21:24:05,pp2402,pp2402,7202.0,0.0,0.0,0.0,6,7189.0,7207.0,4,7255.0,7203.0,7203.0,7195.0,3.0,108000.0,742
2023-05-09 21:24:06,pp2402,pp2402,7202.0,0.0,0.0,0.0,4,7189.0,7206.0,3,7255.0,7203.0,7203.0,7195.0,3.0,108000.0,742
2023-05-09 21:24:06,pp2402,pp2402,7202.0,0.0,0.0,0.0,4,7189.0,7205.0,4,7255.0,7203.0,7203.0,7195.0,3.0,108000.0,742
2023-05-09 21:24:07,pp2402,pp2402,7202.0,0.0,0.0,0.0,1,7190.0,7205.0,4,7255.0,7203.0,7203.0,7195.0,3.0,108000.0,742
2023-05-09 21:24:08,pp2402,pp2402,7202.0,0.0,0.0,0.0,4,7191.0,7205.0,4,7255.0,7203.0,7203.0,7195.0,3.0,108000.0,742
2023-05-09 21:24:13,pp2402,pp2402,7202.0,0.0,0.0,0.0,1,7192.0,7205.0,4,7255.0,7203.0,7203.0,7195.0,3.0,108000.0,742
2023-05-09 21:24:14,pp2402,pp2402,7202.0,0.0,0.0,0.0,4,7193.0,7205.0,4,7255.0,7203.0,7203.0,7195.0,3.0,108000.0,742
2023-05-09 21:24:19,pp2402,pp2402,7202.0,0.0,0.0,0.0,1,7194.0,7205.0,4,7255.0,7203.0,7203.0,7195.0,3.0,108000.0,742
2023-05-09 21:24:19,pp2402,pp2402,7202.0,0.0,0.0,0.0,4,7195.0,7205.0,4,7255.0,7203.0,7203.0,7195.0,3.0,108000.0,742
2023-05-09 21:24:24,pp2402,pp2402,7202.0,0.0,0.0,0.0,1,7196.0,7205.0,4,7255.0,7203.0,7203.0,7195.0,3.0,108000.0,742
2023-05-09 21:24:25,pp2402,pp2402,7202.0,0.0,0.0,0.0,4,7197.0,7205.0,4,7255.0,7203.0,7203.0,7195.0,3.0,108000.0,742
2023-05-09 21:24:30,pp2402,pp2402,7202.0,0.0,0.0,0.0,1,7198.0,7205.0,4,7255.0,7203.0,7203.0,7195.0,3.0,108000.0,742
2023-05-09 21:24:30,pp2402,pp2402,7202.0,0.0,0.0,0.0,4,7197.0,7205.0,4,7255.0,7203.0,7203.0,7195.0,3.0,108000.0,742
2023-05-09 21:24:35,pp2402,pp2402,7202.0,0.0,0.0,0.0,5,7197.0,7205.0,4,7255.0,7203.0,7203.0,7195.0,3.0,108000.0,742
2023-05-09 21:24:42,pp2402,pp2402,7202.0,0.0,0.0,0.0,2,7188.0,7205.0,4,7255.0,7203.0,7203.0,7195.0,3.0,108000.0,742
2023-05-09 21:24:43,pp2402,pp2402,7202.0,0.0,0.0,0.0,4,7189.0,7205.0,4,7255.0,7203.0,7203.0,7195.0,3.0,108000.0,742
2023-05-09 21:24:49,pp2402,pp2402,7202.0,0.0,0.0,0.0,1,7190.0,7205.0,4,7255.0,7203.0,7203.0,7195.0,3.0,108000.0,742
2023-05-09 21:24:50,pp2402,pp2402,7202.0,0.0,0.0,0.0,4,7191.0,7205.0,4,7255.0,7203.0,7203.0,7195.0,3.0,108000.0,742
2023-05-09 21:24:55,pp2402,pp2402,7202.0,0.0,0.0,0.0,1,7192.0,7205.0,4,7255.0,7203.0,7203.0,7195.0,3.0,108000.0,742
2023-05-09 21:24:55,pp2402,pp2402,7202.0,0.0,0.0,0.0,4,7193.0,7205.0,4,7255.0,7203.0,7203.0,7195.0,3.0,108000.0,742
2023-05-09 21:25:00,pp2402,pp2402,7202.0,0.0,0.0,0.0,1,7194.0,7205.0,4,7255.0,7203.0,7203.0,7195.0,3.0,108000.0,742
2023-05-09 21:25:01,pp2402,pp2402,7202.0,0.0,0.0,0.0,4,7195.0,7205.0,4,7255.0,7203.0,7203.0,7195.0,3.0,108000.0,742
2023-05-09 21:25:01,pp2402,pp2402,7202.0,0.0,0.0,0.0,4,7195.0,7205.0,21,7255.0,7203.0,7203.0,7195.0,3.0,108000.0,742
2023-05-09 21:25:02,pp2402,pp2402,7202.0,0.0,0.0,0.0,4,7195.0,7203.0,1,7255.0,7203.0,7203.0,7195.0,3.0,108000.0,742
2023-05-09 21:25:03,pp2402,pp2402,7202.0,0.0,0.0,0.0,4,7195.0,7203.0,2,7255.0,7203.0,7203.0,7195.0,3.0,108000.0,742
2023-05-09 21:25:06,pp2402,pp2402,7202.0,0.0,0.0,0.0,1,7196.0,7203.0,2,7255.0,7203.0,7203.0,7195.0,3.0,108000.0,742
2023-05-09 21:25:06,pp2402,pp2402,7202.0,0.0,0.0,0.0,4,7197.0,7203.0,2,7255.0,7203.0,7203.0,7195.0,3.0,108000.0,742
2023-05-09 21:25:09,pp2402,pp2402,7202.0,0.0,0.0,0.0,2,7188.0,7203.0,2,7255.0,7203.0,7203.0,7195.0,3.0,108000.0,742
2023-05-09 21:25:10,pp2402,pp2402,7202.0,0.0,0.0,0.0,4,7189.0,7203.0,2,7255.0,7203.0,7203.0,7195.0,3.0,108000.0,742
2023-05-09 21:25:11,pp2402,pp2402,7202.0,0.0,0.0,0.0,1,7190.0,7203.0,2,7255.0,7203.0,7203.0,7195.0,3.0,108000.0,742
2023-05-09 21:25:12,pp2402,pp2402,7202.0,0.0,0.0,0.0,4,7191.0,7203.0,2,7255.0,7203.0,7203.0,7195.0,3.0,108000.0,742
2023-05-09 21:25:17,pp2402,pp2402,7202.0,0.0,0.0,0.0,1,7192.0,7203.0,2,7255.0,7203.0,7203.0,7195.0,3.0,108000.0,742
2023-05-09 21:25:17,pp2402,pp2402,7202.0,0.0,0.0,0.0,4,7193.0,7203.0,2,7255.0,7203.0,7203.0,7195.0,3.0,108000.0,742
2023-05-09 21:25:22,pp2402,pp2402,7202.0,0.0,0.0,0.0,1,7194.0,7203.0,2,7255.0,7203.0,7203.0,7195.0,3.0,108000.0,742
2023-05-09 21:25:23,pp2402,pp2402,7202.0,0.0,0.0,0.0,4,7195.0,7203.0,2,7255.0,7203.0,7203.0,7195.0,3.0,108000.0,742
2023-05-09 21:25:28,pp2402,pp2402,7202.0,0.0,0.0,0.0,1,7196.0,7203.0,2,7255.0,7203.0,7203.0,7195.0,3.0,108000.0,742
2023-05-09 21:25:28,pp2402,pp2402,7202.0,0.0,0.0,0.0,4,7197.0,7203.0,2,7255.0,7203.0,7203.0,7195.0,3.0,108000.0,742
2023-05-09 21:25:29,pp2402,pp2402,7202.0,0.0,0.0,0.0,1,7196.0,7203.0,2,7255.0,7203.0,7203.0,7195.0,3.0,108000.0,742
2023-05-09 21:25:30,pp2402,pp2402,7202.0,0.0,0.0,0.0,4,7195.0,7203.0,2,7255.0,7203.0,7203.0,7195.0,3.0,108000.0,742
2023-05-09 21:25:31,pp2402,pp2402,7202.0,0.0,0.0,0.0,4,7195.0,7203.0,24,7255.0,7203.0,7203.0,7195.0,3.0,108000.0,742
2023-05-09 21:25:35,pp2402,pp2402,7202.0,0.0,0.0,0.0,4,7195.0,7203.0,18,7255.0,7203.0,7203.0,7195.0,3.0,108000.0,742
2023-05-09 21:25:35,pp2402,pp2402,7202.0,0.0,0.0,0.0,5,7195.0,7203.0,18,7255.0,7203.0,7203.0,7195.0,3.0,108000.0,742
2023-05-09 21:25:45,pp2402,pp2402,7202.0,0.0,0.0,0.0,5,7195.0,7203.0,4,7255.0,7203.0,7203.0,7195.0,3.0,108000.0,742
2023-05-09 21:25:46,pp2402,pp2402,7202.0,0.0,0.0,0.0,5,7195.0,7203.0,2,7255.0,7203.0,7203.0,7195.0,3.0,108000.0,742
2023-05-09 21:26:03,pp2402,pp2402,7202.0,0.0,0.0,0.0,5,7195.0,7203.0,1,7255.0,7203.0,7203.0,7195.0,3.0,108000.0,742
2023-05-09 21:26:04,pp2402,pp2402,7202.0,0.0,0.0,0.0,5,7195.0,7286.0,4,7255.0,7203.0,7203.0,7195.0,3.0,108000.0,742
2023-05-09 21:26:05,pp2402,pp2402,7202.0,0.0,0.0,0.0,5,7195.0,7205.0,4,7255.0,7203.0,7203.0,7195.0,3.0,108000.0,742
2023-05-09 21:26:24,pp2402,pp2402,7202.0,0.0,0.0,0.0,5,7195.0,7205.0,26,7255.0,7203.0,7203.0,7195.0,3.0,108000.0,742
2023-05-09 21:26:28,pp2402,pp2402,7202.0,0.0,0.0,0.0,5,7195.0,7204.0,2,7255.0,7203.0,7203.0,7195.0,3.0,108000.0,742
2023-05-09 21:26:29,pp2402,pp2402,7202.0,0.0,0.0,0.0,5,7195.0,7204.0,3,7255.0,7203.0,7203.0,7195.0,3.0,108000.0,742
2023-05-09 21:26:56,pp2402,pp2402,7202.0,0.0,0.0,0.0,5,7195.0,7286.0,4,7255.0,7203.0,7203.0,7195.0,3.0,108000.0,742
2023-05-09 21:26:57,pp2402,pp2402,7202.0,0.0,0.0,0.0,5,7195.0,7206.0,4,7255.0,7203.0,7203.0,7195.0,3.0,108000.0,742
2023-05-09 21:27:20,pp2402,pp2402,7202.0,0.0,0.0,0.0,5,7195.0,7205.0,1,7255.0,7203.0,7203.0,7195.0,3.0,108000.0,742
2023-05-09 21:27:20,pp2402,pp2402,7202.0,0.0,0.0,0.0,5,7195.0,7205.0,2,7255.0,7203.0,7203.0,7195.0,3.0,108000.0,742
2023-05-09 21:27:22,pp2402,pp2402,7202.0,0.0,0.0,0.0,2,7196.0,7205.0,2,7255.0,7203.0,7203.0,7195.0,3.0,108000.0,742
2023-05-09 21:27:22,pp2402,pp2402,7202.0,0.0,0.0,0.0,4,7197.0,7205.0,2,7255.0,7203.0,7203.0,7195.0,3.0,108000.0,742
2023-05-09 21:27:23,pp2402,pp2402,7202.0,0.0,0.0,0.0,4,7197.0,7205.0,9,7255.0,7203.0,7203.0,7195.0,3.0,108000.0,742
2023-05-09 21:27:41,pp2402,pp2402,7202.0,0.0,0.0,0.0,2,7196.0,7205.0,9,7255.0,7203.0,7203.0,7195.0,3.0,108000.0,742
2023-05-09 21:27:42,pp2402,pp2402,7202.0,0.0,0.0,0.0,1,7150.0,7205.0,9,7255.0,7203.0,7203.0,7195.0,3.0,108000.0,742
2023-05-09 21:27:43,pp2402,pp2402,7202.0,0.0,0.0,0.0,3,7186.0,7205.0,6,7255.0,7203.0,7203.0,7195.0,3.0,108000.0,742
2023-05-09 21:27:43,pp2402,pp2402,7202.0,0.0,0.0,0.0,4,7187.0,7205.0,18,7255.0,7203.0,7203.0,7195.0,3.0,108000.0,742
2023-05-09 21:27:52,pp2402,pp2402,7202.0,0.0,0.0,0.0,4,7187.0,7204.0,2,7255.0,7203.0,7203.0,7195.0,3.0,108000.0,742
2023-05-09 21:27:52,pp2402,pp2402,7202.0,0.0,0.0,0.0,4,7187.0,7203.0,4,7255.0,7203.0,7203.0,7195.0,3.0,108000.0,742
2023-05-09 21:27:56,pp2402,pp2402,7202.0,0.0,0.0,0.0,4,7187.0,7203.0,2,7255.0,7203.0,7203.0,7195.0,3.0,108000.0,742
2023-05-09 21:28:03,pp2402,pp2402,7202.0,0.0,0.0,0.0,2,7188.0,7203.0,2,7255.0,7203.0,7203.0,7195.0,3.0,108000.0,742
2023-05-09 21:28:04,pp2402,pp2402,7202.0,0.0,0.0,0.0,4,7189.0,7203.0,2,7255.0,7203.0,7203.0,7195.0,3.0,108000.0,742
2023-05-09 21:28:22,pp2402,pp2402,7202.0,0.0,0.0,0.0,1,7190.0,7203.0,2,7255.0,7203.0,7203.0,7195.0,3.0,108000.0,742
2023-05-09 21:28:23,pp2402,pp2402,7202.0,0.0,0.0,0.0,4,7191.0,7203.0,2,7255.0,7203.0,7203.0,7195.0,3.0,108000.0,742
2023-05-09 21:28:28,pp2402,pp2402,7202.0,0.0,0.0,0.0,1,7192.0,7203.0,2,7255.0,7203.0,7203.0,7195.0,3.0,108000.0,742
2023-05-09 21:28:28,pp2402,pp2402,7202.0,0.0,0.0,0.0,4,7193.0,7203.0,2,7255.0,7203.0,7203.0,7195.0,3.0,108000.0,742
2023-05-09 21:28:33,pp2402,pp2402,7202.0,0.0,0.0,0.0,1,7194.0,7203.0,2,7255.0,7203.0,7203.0,7195.0,3.0,108000.0,742
2023-05-09 21:28:34,pp2402,pp2402,7202.0,0.0,0.0,0.0,4,7195.0,7203.0,2,7255.0,7203.0,7203.0,7195.0,3.0,108000.0,742
2023-05-09 21:28:39,pp2402,pp2402,7202.0,0.0,0.0,0.0,1,7196.0,7203.0,2,7255.0,7203.0,7203.0,7195.0,3.0,108000.0,742
2023-05-09 21:28:39,pp2402,pp2402,7202.0,0.0,0.0,0.0,4,7197.0,7203.0,2,7255.0,7203.0,7203.0,7195.0,3.0,108000.0,742
2023-05-09 21:28:44,pp2402,pp2402,7202.0,0.0,0.0,0.0,1,7198.0,7203.0,2,7255.0,7203.0,7203.0,7195.0,3.0,108000.0,742
2023-05-09 21:28:45,pp2402,pp2402,7202.0,0.0,0.0,0.0,4,7199.0,7203.0,2,7255.0,7203.0,7203.0,7195.0,3.0,108000.0,742
2023-05-09 21:28:50,pp2402,pp2402,7202.0,0.0,0.0,0.0,5,7199.0,7203.0,2,7255.0,7203.0,7203.0,7195.0,3.0,108000.0,742
2023-05-09 21:29:05,pp2402,pp2402,7202.0,0.0,0.0,0.0,4,7199.0,7203.0,2,7255.0,7203.0,7203.0,7195.0,3.0,108000.0,742
2023-05-09 21:29:05,pp2402,pp2402,7202.0,0.0,0.0,0.0,1,7150.0,7203.0,2,7255.0,7203.0,7203.0,7195.0,3.0,108000.0,742
2023-05-09 21:29:06,pp2402,pp2402,7202.0,0.0,0.0,0.0,2,7181.0,7203.0,9,7255.0,7203.0,7203.0,7195.0,3.0,108000.0,742
2023-05-09 21:29:07,pp2402,pp2402,7202.0,0.0,0.0,0.0,4,7182.0,7203.0,2,7255.0,7203.0,7203.0,7195.0,3.0,108000.0,742
2023-05-09 21:29:07,pp2402,pp2402,7202.0,0.0,0.0,0.0,4,7182.0,7203.0,25,7255.0,7203.0,7203.0,7195.0,3.0,108000.0,742
2023-05-09 21:29:09,pp2402,pp2402,7202.0,0.0,0.0,0.0,4,7182.0,7203.0,18,7255.0,7203.0,7203.0,7195.0,3.0,108000.0,742
2023-05-09 21:29:10,pp2402,pp2402,7202.0,0.0,0.0,0.0,1,7183.0,7203.0,18,7255.0,7203.0,7203.0,7195.0,3.0,108000.0,742
2023-05-09 21:29:11,pp2402,pp2402,7202.0,0.0,0.0,0.0,4,7184.0,7203.0,18,7255.0,7203.0,7203.0,7195.0,3.0,108000.0,742
2023-05-09 21:29:13,pp2402,pp2402,7202.0,0.0,0.0,0.0,1,7185.0,7203.0,18,7255.0,7203.0,7203.0,7195.0,3.0,108000.0,742
2023-05-09 21:29:14,pp2402,pp2402,7202.0,0.0,0.0,0.0,4,7186.0,7203.0,18,7255.0,7203.0,7203.0,7195.0,3.0,108000.0,742
2023-05-09 21:29:16,pp2402,pp2402,7202.0,0.0,0.0,0.0,7,7186.0,7203.0,18,7255.0,7203.0,7203.0,7195.0,3.0,108000.0,742
2023-05-09 21:29:17,pp2402,pp2402,7202.0,0.0,0.0,0.0,8,7186.0,7203.0,18,7255.0,7203.0,7203.0,7195.0,3.0,108000.0,742
2023-05-09 21:29:21,pp2402,pp2402,7202.0,0.0,0.0,0.0,1,7188.0,7203.0,18,7255.0,7203.0,7203.0,7195.0,3.0,108000.0,742
2023-05-09 21:29:21,pp2402,pp2402,7202.0,0.0,0.0,0.0,4,7189.0,7203.0,2,7255.0,7203.0,7203.0,7195.0,3.0,108000.0,742
2023-05-09 21:29:21,pp2402,pp2402,7202.0,0.0,0.0,0.0,4,7189.0,7203.0,25,7255.0,7203.0,7203.0,7195.0,3.0,108000.0,742
2023-05-09 21:29:26,pp2402,pp2402,7202.0,0.0,0.0,0.0,1,7190.0,7203.0,25,7255.0,7203.0,7203.0,7195.0,3.0,108000.0,742
2023-05-09 21:29:27,pp2402,pp2402,7202.0,0.0,0.0,0.0,4,7191.0,7203.0,25,7255.0,7203.0,7203.0,7195.0,3.0,108000.0,742
2023-05-09 21:29:28,pp2402,pp2402,7202.0,0.0,0.0,0.0,4,7191.0,7203.0,18,7255.0,7203.0,7203.0,7195.0,3.0,108000.0,742
2023-05-09 21:29:32,pp2402,pp2402,7202.0,0.0,0.0,0.0,1,7192.0,7203.0,18,7255.0,7203.0,7203.0,7195.0,3.0,108000.0,742
2023-05-09 21:29:32,pp2402,pp2402,7202.0,0.0,0.0,0.0,4,7193.0,7203.0,18,7255.0,7203.0,7203.0,7195.0,3.0,108000.0,742
2023-05-09 21:29:34,pp2402,pp2402,7202.0,0.0,0.0,0.0,2,7194.0,7203.0,18,7255.0,7203.0,7203.0,7195.0,3.0,108000.0,742
2023-05-09 21:29:34,pp2402,pp2402,7202.0,0.0,0.0,0.0,4,7195.0,7203.0,18,7255.0,7203.0,7203.0,7195.0,3.0,108000.0,742
2023-05-09 21:29:37,pp2402,pp2402,7202.0,0.0,0.0,0.0,1,7196.0,7203.0,18,7255.0,7203.0,7203.0,7195.0,3.0,108000.0,742
2023-05-09 21:29:38,pp2402,pp2402,7202.0,0.0,0.0,0.0,4,7197.0,7203.0,18,7255.0,7203.0,7203.0,7195.0,3.0,108000.0,742
2023-05-09 21:29:43,pp2402,pp2402,7202.0,0.0,0.0,0.0,5,7197.0,7203.0,18,7255.0,7203.0,7203.0,7195.0,3.0,108000.0,742
2023-05-09 21:29:48,pp2402,pp2402,7202.0,0.0,0.0,0.0,2,7194.0,7203.0,18,7255.0,7203.0,7203.0,7195.0,3.0,108000.0,742
2023-05-09 21:29:49,pp2402,pp2402,7202.0,0.0,0.0,0.0,1,7186.0,7203.0,18,7255.0,7203.0,7203.0,7195.0,3.0,108000.0,742
2023-05-09 21:29:49,pp2402,pp2402,7202.0,0.0,0.0,0.0,4,7187.0,7203.0,18,7255.0,7203.0,7203.0,7195.0,3.0,108000.0,742
2023-05-09 21:29:53,pp2402,pp2402,7202.0,0.0,0.0,0.0,1,7188.0,7203.0,18,7255.0,7203.0,7203.0,7195.0,3.0,108000.0,742
2023-05-09 21:29:54,pp2402,pp2402,7202.0,0.0,0.0,0.0,4,7189.0,7203.0,18,7255.0,7203.0,7203.0,7195.0,3.0,108000.0,742
2023-05-09 21:29:59,pp2402,pp2402,7202.0,0.0,0.0,0.0,1,7190.0,7203.0,18,7255.0,7203.0,7203.0,7195.0,3.0,108000.0,742
2023-05-09 21:29:59,pp2402,pp2402,7202.0,0.0,0.0,0.0,4,7191.0,7203.0,18,7255.0,7203.0,7203.0,7195.0,3.0,108000.0,742
2023-05-09 21:30:02,pp2402,pp2402,7202.0,0.0,0.0,0.0,4,7191.0,7203.0,23,7255.0,7203.0,7203.0,7195.0,3.0,108000.0,742
2023-05-09 21:30:04,pp2402,pp2402,7202.0,0.0,0.0,0.0,1,7192.0,7203.0,23,7255.0,7203.0,7203.0,7195.0,3.0,108000.0,742
2023-05-09 21:30:05,pp2402,pp2402,7202.0,0.0,0.0,0.0,4,7193.0,7203.0,18,7255.0,7203.0,7203.0,7195.0,3.0,108000.0,742
2023-05-09 21:30:06,pp2402,pp2402,7202.0,0.0,0.0,0.0,4,7193.0,7203.0,35,7255.0,7203.0,7203.0,7195.0,3.0,108000.0,742
2023-05-09 21:30:10,pp2402,pp2402,7202.0,0.0,0.0,0.0,5,7193.0,7203.0,35,7255.0,7203.0,7203.0,7195.0,3.0,108000.0,742
2023-05-09 21:30:15,pp2402,pp2402,7202.0,0.0,0.0,0.0,2,7194.0,7203.0,35,7255.0,7203.0,7203.0,7195.0,3.0,108000.0,742
2023-05-09 21:30:16,pp2402,pp2402,7202.0,0.0,0.0,0.0,5,7193.0,7203.0,35,7255.0,7203.0,7203.0,7195.0,3.0,108000.0,742
2023-05-09 21:30:19,pp2402,pp2402,7202.0,0.0,0.0,0.0,1,7150.0,7203.0,35,7255.0,7203.0,7203.0,7195.0,3.0,108000.0,742
2023-05-09 21:30:20,pp2402,pp2402,7202.0,0.0,0.0,0.0,3,7181.0,7202.0,1,7255.0,7203.0,7203.0,7195.0,3.0,108000.0,742
2023-05-09 21:30:20,pp2402,pp2402,7202.0,0.0,0.0,0.0,4,7182.0,7200.0,1,7255.0,7203.0,7203.0,7195.0,3.0,108000.0,742
2023-05-09 21:30:21,pp2402,pp2402,7202.0,0.0,0.0,0.0,4,7182.0,7198.0,1,7255.0,7203.0,7203.0,7195.0,3.0,108000.0,742
2023-05-09 21:30:25,pp2402,pp2402,7202.0,0.0,0.0,0.0,4,7182.0,7198.0,13,7255.0,7203.0,7203.0,7195.0,3.0,108000.0,742
2023-05-09 21:30:28,pp2402,pp2402,7202.0,0.0,0.0,0.0,1,7183.0,7198.0,13,7255.0,7203.0,7203.0,7195.0,3.0,108000.0,742
2023-05-09 21:30:29,pp2402,pp2402,7202.0,0.0,0.0,0.0,4,7184.0,7198.0,13,7255.0,7203.0,7203.0,7195.0,3.0,108000.0,742
2023-05-09 21:30:30,pp2402,pp2402,7202.0,0.0,0.0,0.0,4,7184.0,7198.0,27,7255.0,7203.0,7203.0,7195.0,3.0,108000.0,742
2023-05-09 21:30:30,pp2402,pp2402,7202.0,0.0,0.0,0.0,4,7184.0,7197.0,3,7255.0,7203.0,7203.0,7195.0,3.0,108000.0,742
2023-05-09 21:30:31,pp2402,pp2402,7202.0,0.0,0.0,0.0,4,7184.0,7197.0,4,7255.0,7203.0,7203.0,7195.0,3.0,108000.0,742
2023-05-09 21:30:32,pp2402,pp2402,7202.0,0.0,0.0,0.0,4,7184.0,7201.0,2,7255.0,7203.0,7203.0,7195.0,3.0,108000.0,742
2023-05-09 21:30:32,pp2402,pp2402,7202.0,0.0,0.0,0.0,4,7184.0,7198.0,3,7255.0,7203.0,7203.0,7195.0,3.0,108000.0,742
2023-05-09 21:30:34,pp2402,pp2402,7202.0,0.0,0.0,0.0,1,7185.0,7198.0,3,7255.0,7203.0,7203.0,7195.0,3.0,108000.0,742
2023-05-09 21:30:34,pp2402,pp2402,7202.0,0.0,0.0,0.0,4,7186.0,7198.0,3,7255.0,7203.0,7203.0,7195.0,3.0,108000.0,742
2023-05-09 21:30:39,pp2402,pp2402,7202.0,0.0,0.0,0.0,1,7187.0,7198.0,3,7255.0,7203.0,7203.0,7195.0,3.0,108000.0,742
2023-05-09 21:30:40,pp2402,pp2402,7202.0,0.0,0.0,0.0,4,7188.0,7198.0,3,7255.0,7203.0,7203.0,7195.0,3.0,108000.0,742
2023-05-09 21:30:45,pp2402,pp2402,7202.0,0.0,0.0,0.0,1,7189.0,7198.0,3,7255.0,7203.0,7203.0,7195.0,3.0,108000.0,742
2023-05-09 21:30:45,pp2402,pp2402,7202.0,0.0,0.0,0.0,4,7190.0,7198.0,3,7255.0,7203.0,7203.0,7195.0,3.0,108000.0,742
2023-05-09 21:30:50,pp2402,pp2402,7202.0,0.0,0.0,0.0,1,7191.0,7198.0,3,7255.0,7203.0,7203.0,7195.0,3.0,108000.0,742
2023-05-09 21:30:54,pp2402,pp2402,7202.0,0.0,0.0,0.0,1,7191.0,7198.0,10,7255.0,7203.0,7203.0,7195.0,3.0,108000.0,742
2023-05-09 21:30:55,pp2402,pp2402,7202.0,0.0,0.0,0.0,4,7190.0,7198.0,10,7255.0,7203.0,7203.0,7195.0,3.0,108000.0,742
2023-05-09 21:31:00,pp2402,pp2402,7202.0,0.0,0.0,0.0,5,7190.0,7198.0,10,7255.0,7203.0,7203.0,7195.0,3.0,108000.0,742
2023-05-09 21:31:03,pp2402,pp2402,7202.0,0.0,0.0,0.0,1,7150.0,7198.0,10,7255.0,7203.0,7203.0,7195.0,3.0,108000.0,742
2023-05-09 21:31:03,pp2402,pp2402,7202.0,0.0,0.0,0.0,3,7180.0,7198.0,10,7255.0,7203.0,7203.0,7195.0,3.0,108000.0,742
2023-05-09 21:31:04,pp2402,pp2402,7202.0,0.0,0.0,0.0,4,7181.0,7198.0,10,7255.0,7203.0,7203.0,7195.0,3.0,108000.0,742
2023-05-09 21:31:07,pp2402,pp2402,7202.0,0.0,0.0,0.0,1,7182.0,7198.0,10,7255.0,7203.0,7203.0,7195.0,3.0,108000.0,742
2023-05-09 21:31:08,pp2402,pp2402,7202.0,0.0,0.0,0.0,4,7183.0,7198.0,10,7255.0,7203.0,7203.0,7195.0,3.0,108000.0,742
2023-05-09 21:31:13,pp2402,pp2402,7202.0,0.0,0.0,0.0,1,7184.0,7198.0,10,7255.0,7203.0,7203.0,7195.0,3.0,108000.0,742
2023-05-09 21:31:14,pp2402,pp2402,7202.0,0.0,0.0,0.0,4,7185.0,7198.0,10,7255.0,7203.0,7203.0,7195.0,3.0,108000.0,742
2023-05-09 21:31:19,pp2402,pp2402,7202.0,0.0,0.0,0.0,1,7186.0,7198.0,10,7255.0,7203.0,7203.0,7195.0,3.0,108000.0,742
2023-05-09 21:31:19,pp2402,pp2402,7202.0,0.0,0.0,0.0,4,7187.0,7198.0,10,7255.0,7203.0,7203.0,7195.0,3.0,108000.0,742
2023-05-09 21:31:24,pp2402,pp2402,7202.0,0.0,0.0,0.0,1,7188.0,7198.0,10,7255.0,7203.0,7203.0,7195.0,3.0,108000.0,742
2023-05-09 21:31:25,pp2402,pp2402,7202.0,0.0,0.0,0.0,4,7189.0,7198.0,10,7255.0,7203.0,7203.0,7195.0,3.0,108000.0,742
2023-05-09 21:31:30,pp2402,pp2402,7202.0,0.0,0.0,0.0,1,7190.0,7198.0,10,7255.0,7203.0,7203.0,7195.0,3.0,108000.0,742
2023-05-09 21:31:30,pp2402,pp2402,7202.0,0.0,0.0,0.0,4,7191.0,7198.0,10,7255.0,7203.0,7203.0,7195.0,3.0,108000.0,742
2023-05-09 21:31:33,pp2402,pp2402,7202.0,0.0,0.0,0.0,4,7191.0,7198.0,5,7255.0,7203.0,7203.0,7195.0,3.0,108000.0,742
2023-05-09 21:31:35,pp2402,pp2402,7202.0,0.0,0.0,0.0,1,7192.0,7198.0,5,7255.0,7203.0,7203.0,7195.0,3.0,108000.0,742
2023-05-09 21:31:36,pp2402,pp2402,7202.0,0.0,0.0,0.0,4,7193.0,7198.0,5,7255.0,7203.0,7203.0,7195.0,3.0,108000.0,742
2023-05-09 21:31:36,pp2402,pp2402,7202.0,0.0,0.0,0.0,4,7193.0,7201.0,2,7255.0,7203.0,7203.0,7195.0,3.0,108000.0,742
2023-05-09 21:31:37,pp2402,pp2402,7202.0,0.0,0.0,0.0,4,7193.0,7200.0,3,7255.0,7203.0,7203.0,7195.0,3.0,108000.0,742
2023-05-09 21:31:37,pp2402,pp2402,7202.0,0.0,0.0,0.0,1,7150.0,7200.0,3,7255.0,7203.0,7203.0,7195.0,3.0,108000.0,742
2023-05-09 21:31:38,pp2402,pp2402,7202.0,0.0,0.0,0.0,1,7176.0,7200.0,12,7255.0,7203.0,7203.0,7195.0,3.0,108000.0,742
2023-05-09 21:31:38,pp2402,pp2402,7202.0,0.0,0.0,0.0,4,7177.0,7200.0,12,7255.0,7203.0,7203.0,7195.0,3.0,108000.0,742
2023-05-09 21:31:41,pp2402,pp2402,7202.0,0.0,0.0,0.0,1,7179.0,7200.0,12,7255.0,7203.0,7203.0,7195.0,3.0,108000.0,742
2023-05-09 21:31:41,pp2402,pp2402,7202.0,0.0,0.0,0.0,4,7180.0,7200.0,12,7255.0,7203.0,7203.0,7195.0,3.0,108000.0,742
2023-05-09 21:31:45,pp2402,pp2402,7202.0,0.0,0.0,0.0,1,7181.0,7200.0,12,7255.0,7203.0,7203.0,7195.0,3.0,108000.0,742
2023-05-09 21:31:45,pp2402,pp2402,7202.0,0.0,0.0,0.0,4,7182.0,7200.0,12,7255.0,7203.0,7203.0,7195.0,3.0,108000.0,742
2023-05-09 21:31:46,pp2402,pp2402,7202.0,0.0,0.0,0.0,1,7184.0,7200.0,12,7255.0,7203.0,7203.0,7195.0,3.0,108000.0,742
2023-05-09 21:31:47,pp2402,pp2402,7202.0,0.0,0.0,0.0,4,7185.0,7200.0,12,7255.0,7203.0,7203.0,7195.0,3.0,108000.0,742
2023-05-09 21:31:52,pp2402,pp2402,7202.0,0.0,0.0,0.0,1,7186.0,7200.0,12,7255.0,7203.0,7203.0,7195.0,3.0,108000.0,742
2023-05-09 21:31:52,pp2402,pp2402,7202.0,0.0,0.0,0.0,4,7187.0,7200.0,12,7255.0,7203.0,7203.0,7195.0,3.0,108000.0,742
2023-05-09 21:31:57,pp2402,pp2402,7202.0,0.0,0.0,0.0,1,7188.0,7198.0,5,7255.0,7203.0,7203.0,7195.0,3.0,108000.0,742
2023-05-09 21:31:58,pp2402,pp2402,7202.0,0.0,0.0,0.0,4,7189.0,7198.0,5,7255.0,7203.0,7203.0,7195.0,3.0,108000.0,742
2023-05-09 21:32:03,pp2402,pp2402,7202.0,0.0,0.0,0.0,1,7190.0,7198.0,5,7255.0,7203.0,7203.0,7195.0,3.0,108000.0,742
2023-05-09 21:32:03,pp2402,pp2402,7202.0,0.0,0.0,0.0,4,7191.0,7198.0,5,7255.0,7203.0,7203.0,7195.0,3.0,108000.0,742
2023-05-09 21:32:08,pp2402,pp2402,7202.0,0.0,0.0,0.0,1,7192.0,7198.0,5,7255.0,7203.0,7203.0,7195.0,3.0,108000.0,742
2023-05-09 21:32:09,pp2402,pp2402,7202.0,0.0,0.0,0.0,4,7193.0,7198.0,5,7255.0,7203.0,7203.0,7195.0,3.0,108000.0,742
2023-05-09 21:32:09,pp2402,pp2402,7202.0,0.0,0.0,0.0,4,7193.0,7286.0,1,7255.0,7203.0,7203.0,7195.0,3.0,108000.0,742
2023-05-09 21:32:09,pp2402,pp2402,7202.0,0.0,0.0,0.0,4,7193.0,7200.0,5,7255.0,7203.0,7203.0,7195.0,3.0,108000.0,742
2023-05-09 21:32:13,pp2402,pp2402,7202.0,0.0,0.0,0.0,4,7193.0,7199.0,2,7255.0,7203.0,7203.0,7195.0,3.0,108000.0,742
2023-05-09 21:32:14,pp2402,pp2402,7202.0,0.0,0.0,0.0,1,7194.0,7199.0,2,7255.0,7203.0,7203.0,7195.0,3.0,108000.0,742
2023-05-09 21:32:20,pp2402,pp2402,7202.0,0.0,0.0,0.0,4,7193.0,7199.0,2,7255.0,7203.0,7203.0,7195.0,3.0,108000.0,742
2023-05-09 21:32:24,pp2402,pp2402,7202.0,0.0,0.0,0.0,1,7150.0,7199.0,2,7255.0,7203.0,7203.0,7195.0,3.0,108000.0,742
2023-05-09 21:32:25,pp2402,pp2402,7202.0,0.0,0.0,0.0,5,7178.0,7199.0,2,7255.0,7203.0,7203.0,7195.0,3.0,108000.0,742
2023-05-09 21:32:26,pp2402,pp2402,7202.0,0.0,0.0,0.0,4,7179.0,7199.0,2,7255.0,7203.0,7203.0,7195.0,3.0,108000.0,742
2023-05-09 21:32:27,pp2402,pp2402,7202.0,0.0,0.0,0.0,1,7181.0,7199.0,2,7255.0,7203.0,7203.0,7195.0,3.0,108000.0,742
2023-05-09 21:32:28,pp2402,pp2402,7202.0,0.0,0.0,0.0,4,7182.0,7199.0,2,7255.0,7203.0,7203.0,7195.0,3.0,108000.0,742
2023-05-09 21:32:28,pp2402,pp2402,7202.0,0.0,0.0,0.0,5,7182.0,7199.0,2,7255.0,7203.0,7203.0,7195.0,3.0,108000.0,742
2023-05-09 21:32:33,pp2402,pp2402,7202.0,0.0,0.0,0.0,1,7183.0,7199.0,2,7255.0,7203.0,7203.0,7195.0,3.0,108000.0,742
2023-05-09 21:32:33,pp2402,pp2402,7202.0,0.0,0.0,0.0,4,7184.0,7199.0,2,7255.0,7203.0,7203.0,7195.0,3.0,108000.0,742
2023-05-09 21:32:38,pp2402,pp2402,7202.0,0.0,0.0,0.0,1,7185.0,7199.0,2,7255.0,7203.0,7203.0,7195.0,3.0,108000.0,742
2023-05-09 21:32:39,pp2402,pp2402,7202.0,0.0,0.0,0.0,4,7186.0,7199.0,2,7255.0,7203.0,7203.0,7195.0,3.0,108000.0,742
2023-05-09 21:32:44,pp2402,pp2402,7202.0,0.0,0.0,0.0,1,7187.0,7199.0,2,7255.0,7203.0,7203.0,7195.0,3.0,108000.0,742
2023-05-09 21:32:44,pp2402,pp2402,7202.0,0.0,0.0,0.0,4,7188.0,7199.0,2,7255.0,7203.0,7203.0,7195.0,3.0,108000.0,742
2023-05-09 21:32:49,pp2402,pp2402,7202.0,0.0,0.0,0.0,1,7189.0,7199.0,2,7255.0,7203.0,7203.0,7195.0,3.0,108000.0,742
