time,symbol_id,symbol_name,last,trade_volume,trade_amount,open_interest_change,bv1,bp1,ap1,av1,yesterday_close,today_open,today_high,today_low,volume,amount,open_interest
2023-05-09 20:59:00,pp2308,pp2308,7266.0,3.0,108990.0,-3.0,77,7266.0,7294.0,5,7276.0,7266.0,7266.0,7266.0,3.0,108990.0,61061
2023-05-09 21:00:00,pp2308,pp2308,7272.0,2.0,72720.0,-1.0,1,7268.0,7283.0,2,7276.0,7266.0,7272.0,7266.0,5.0,181710.0,61060
2023-05-09 21:00:01,pp2308,pp2308,7272.0,3.0,109080.0,-3.0,3,7270.0,7274.0,3,7276.0,7266.0,7272.0,7266.0,8.0,290790.0,61057
2023-05-09 21:00:01,pp2308,pp2308,7272.0,0.0,0.0,0.0,3,7269.0,7272.0,3,7276.0,7266.0,7272.0,7266.0,8.0,290790.0,61057
2023-05-09 21:00:02,pp2308,pp2308,7271.0,7.0,254490.0,0.0,3,7269.0,7273.0,5,7276.0,7266.0,7272.0,7266.0,15.0,545280.0,61057
2023-05-09 21:00:02,pp2308,pp2308,7271.0,6.0,218130.0,-6.0,7,7268.0,7272.0,6,7276.0,7266.0,7272.0,7266.0,21.0,763410.0,61051
2023-05-09 21:00:03,pp2308,pp2308,7270.0,5.0,181750.0,0.0,4,7268.0,7272.0,11,7276.0,7266.0,7272.0,7266.0,26.0,945160.0,61051
2023-05-09 21:00:03,pp2308,pp2308,7270.0,0.0,0.0,0.0,3,7267.0,7270.0,1,7276.0,7266.0,7272.0,7266.0,26.0,945160.0,61051
2023-05-09 21:00:04,pp2308,pp2308,7270.0,2.0,72700.0,0.0,4,7268.0,7270.0,2,7276.0,7266.0,7272.0,7266.0,28.0,1017860.0,61051
2023-05-09 21:00:04,pp2308,pp2308,7272.0,9.0,327220.0,7.0,1,7270.0,7273.0,2,7276.0,7266.0,7272.0,7266.0,37.0,1345080.0,61058
2023-05-09 21:00:05,pp2308,pp2308,7273.0,2.0,72730.0,0.0,1,7270.0,7273.0,4,7276.0,7266.0,7273.0,7266.0,39.0,1417810.0,61058
2023-05-09 21:00:05,pp2308,pp2308,7275.0,9.0,327305.0,5.0,3,7273.0,7275.0,2,7276.0,7266.0,7275.0,7266.0,48.0,1745115.0,61063
2023-05-09 21:00:06,pp2308,pp2308,7275.0,2.0,72750.0,0.0,1,7274.0,7275.0,2,7276.0,7266.0,7275.0,7266.0,50.0,1817865.0,61063
2023-05-09 21:00:06,pp2308,pp2308,7274.0,1.0,36370.0,0.0,3,7273.0,7275.0,12,7276.0,7266.0,7275.0,7266.0,51.0,1854235.0,61063
2023-05-09 21:00:07,pp2308,pp2308,7273.0,5.0,181825.0,-2.0,6,7271.0,7274.0,1,7276.0,7266.0,7275.0,7266.0,56.0,2036060.0,61061
2023-05-09 21:00:07,pp2308,pp2308,7273.0,0.0,0.0,0.0,6,7271.0,7275.0,6,7276.0,7266.0,7275.0,7266.0,56.0,2036060.0,61061
2023-05-09 21:00:08,pp2308,pp2308,7273.0,0.0,0.0,0.0,3,7271.0,7274.0,22,7276.0,7266.0,7275.0,7266.0,56.0,2036060.0,61061
2023-05-09 21:00:08,pp2308,pp2308,7273.0,0.0,0.0,0.0,5,7271.0,7272.0,2,7276.0,7266.0,7275.0,7266.0,56.0,2036060.0,61061
2023-05-09 21:00:09,pp2308,pp2308,7271.0,5.0,181775.0,-3.0,18,7270.0,7272.0,2,7276.0,7266.0,7275.0,7266.0,61.0,2217835.0,61058
2023-05-09 21:00:09,pp2308,pp2308,7271.0,0.0,0.0,0.0,3,7269.0,7272.0,2,7276.0,7266.0,7275.0,7266.0,61.0,2217835.0,61058
2023-05-09 21:00:10,pp2308,pp2308,7271.0,0.0,0.0,0.0,9,7270.0,7272.0,2,7276.0,7266.0,7275.0,7266.0,61.0,2217835.0,61058
2023-05-09 21:00:10,pp2308,pp2308,7268.0,9.0,327100.0,0.0,1,7268.0,7270.0,3,7276.0,7266.0,7275.0,7266.0,70.0,2544935.0,61058
2023-05-09 21:00:11,pp2308,pp2308,7267.0,10.0,363385.0,2.0,77,7266.0,7268.0,8,7276.0,7266.0,7275.0,7266.0,80.0,2908320.0,61060
2023-05-09 21:00:11,pp2308,pp2308,7267.0,47.0,1707545.0,0.0,37,7266.0,7268.0,4,7276.0,7266.0,7275.0,7266.0,127.0,4615865.0,61060
2023-05-09 21:00:12,pp2308,pp2308,7268.0,4.0,145360.0,0.0,43,7266.0,7268.0,16,7276.0,7266.0,7275.0,7266.0,131.0,4761225.0,61060
2023-05-09 21:00:12,pp2308,pp2308,7268.0,10.0,363400.0,1.0,65,7266.0,7268.0,6,7276.0,7266.0,7275.0,7266.0,141.0,5124625.0,61061
2023-05-09 21:00:13,pp2308,pp2308,7268.0,0.0,0.0,0.0,45,7266.0,7268.0,22,7276.0,7266.0,7275.0,7266.0,141.0,5124625.0,61061
2023-05-09 21:00:13,pp2308,pp2308,7267.0,2.0,72670.0,0.0,47,7266.0,7267.0,1,7276.0,7266.0,7275.0,7266.0,143.0,5197295.0,61061
2023-05-09 21:00:14,pp2308,pp2308,7266.0,5.0,181655.0,-1.0,43,7266.0,7267.0,3,7276.0,7266.0,7275.0,7266.0,148.0,5378950.0,61060
2023-05-09 21:00:14,pp2308,pp2308,7268.0,21.0,763120.0,-2.0,6,7268.0,7269.0,6,7276.0,7266.0,7275.0,7266.0,169.0,6142070.0,61058
2023-05-09 21:00:15,pp2308,pp2308,7268.0,6.0,218040.0,-6.0,15,7267.0,7269.0,29,7276.0,7266.0,7275.0,7266.0,175.0,6360110.0,61052
2023-05-09 21:00:15,pp2308,pp2308,7269.0,30.0,1090350.0,-23.0,23,7269.0,7270.0,9,7276.0,7266.0,7275.0,7266.0,205.0,7450460.0,61029
2023-05-09 21:00:16,pp2308,pp2308,7270.0,10.0,363500.0,4.0,21,7270.0,7271.0,3,7276.0,7266.0,7275.0,7266.0,215.0,7813960.0,61033
2023-05-09 21:00:16,pp2308,pp2308,7270.0,0.0,0.0,0.0,22,7270.0,7272.0,17,7276.0,7266.0,7275.0,7266.0,215.0,7813960.0,61033
2023-05-09 21:00:17,pp2308,pp2308,7270.0,0.0,0.0,0.0,32,7270.0,7272.0,12,7276.0,7266.0,7275.0,7266.0,215.0,7813960.0,61033
2023-05-09 21:00:17,pp2308,pp2308,7270.0,0.0,0.0,0.0,44,7270.0,7272.0,5,7276.0,7266.0,7275.0,7266.0,215.0,7813960.0,61033
2023-05-09 21:00:18,pp2308,pp2308,7270.0,1.0,36350.0,0.0,46,7270.0,7272.0,12,7276.0,7266.0,7275.0,7266.0,216.0,7850310.0,61033
2023-05-09 21:00:18,pp2308,pp2308,7271.0,7.0,254485.0,5.0,21,7270.0,7271.0,3,7276.0,7266.0,7275.0,7266.0,223.0,8104795.0,61038
2023-05-09 21:00:19,pp2308,pp2308,7270.0,1.0,36350.0,0.0,17,7270.0,7271.0,6,7276.0,7266.0,7275.0,7266.0,224.0,8141145.0,61038
2023-05-09 21:00:19,pp2308,pp2308,7270.0,0.0,0.0,0.0,12,7270.0,7272.0,13,7276.0,7266.0,7275.0,7266.0,224.0,8141145.0,61038
2023-05-09 21:00:20,pp2308,pp2308,7270.0,0.0,0.0,0.0,3,7270.0,7271.0,7,7276.0,7266.0,7275.0,7266.0,224.0,8141145.0,61038
2023-05-09 21:00:20,pp2308,pp2308,7270.0,0.0,0.0,0.0,29,7270.0,7271.0,7,7276.0,7266.0,7275.0,7266.0,224.0,8141145.0,61038
2023-05-09 21:00:21,pp2308,pp2308,7271.0,7.0,254485.0,-2.0,32,7270.0,7272.0,8,7276.0,7266.0,7275.0,7266.0,231.0,8395630.0,61036
2023-05-09 21:00:21,pp2308,pp2308,7271.0,0.0,0.0,0.0,3,7271.0,7273.0,27,7276.0,7266.0,7275.0,7266.0,231.0,8395630.0,61036
2023-05-09 21:00:22,pp2308,pp2308,7273.0,8.0,290920.0,5.0,6,7273.0,7274.0,50,7276.0,7266.0,7275.0,7266.0,239.0,8686550.0,61041
2023-05-09 21:00:22,pp2308,pp2308,7274.0,3.0,109110.0,0.0,6,7273.0,7274.0,13,7276.0,7266.0,7275.0,7266.0,242.0,8795660.0,61041
2023-05-09 21:00:23,pp2308,pp2308,7273.0,6.0,218190.0,-3.0,15,7272.0,7274.0,9,7276.0,7266.0,7275.0,7266.0,248.0,9013850.0,61038
2023-05-09 21:00:23,pp2308,pp2308,7273.0,0.0,0.0,0.0,12,7272.0,7274.0,14,7276.0,7266.0,7275.0,7266.0,248.0,9013850.0,61038
2023-05-09 21:00:24,pp2308,pp2308,7272.0,6.0,218175.0,2.0,4,7272.0,7274.0,3,7276.0,7266.0,7275.0,7266.0,254.0,9232025.0,61040
2023-05-09 21:00:24,pp2308,pp2308,7272.0,0.0,0.0,0.0,32,7272.0,7274.0,2,7276.0,7266.0,7275.0,7266.0,254.0,9232025.0,61040
2023-05-09 21:00:25,pp2308,pp2308,7272.0,0.0,0.0,0.0,4,7274.0,7275.0,11,7276.0,7266.0,7275.0,7266.0,254.0,9232025.0,61040
2023-05-09 21:00:25,pp2308,pp2308,7272.0,0.0,0.0,0.0,20,7273.0,7275.0,10,7276.0,7266.0,7275.0,7266.0,254.0,9232025.0,61040
2023-05-09 21:00:26,pp2308,pp2308,7272.0,0.0,0.0,0.0,7,7274.0,7276.0,19,7276.0,7266.0,7275.0,7266.0,254.0,9232025.0,61040
2023-05-09 21:00:26,pp2308,pp2308,7274.0,1.0,36370.0,0.0,3,7274.0,7276.0,12,7276.0,7266.0,7275.0,7266.0,255.0,9268395.0,61040
2023-05-09 21:00:27,pp2308,pp2308,7274.0,0.0,0.0,0.0,3,7274.0,7276.0,22,7276.0,7266.0,7275.0,7266.0,255.0,9268395.0,61040
2023-05-09 21:00:27,pp2308,pp2308,7274.0,0.0,0.0,0.0,10,7275.0,7276.0,7,7276.0,7266.0,7275.0,7266.0,255.0,9268395.0,61040
2023-05-09 21:00:28,pp2308,pp2308,7275.0,3.0,109125.0,3.0,12,7274.0,7275.0,8,7276.0,7266.0,7275.0,7266.0,258.0,9377520.0,61043
2023-05-09 21:00:28,pp2308,pp2308,7274.0,15.0,545550.0,6.0,9,7273.0,7274.0,9,7276.0,7266.0,7275.0,7266.0,273.0,9923070.0,61049
2023-05-09 21:00:29,pp2308,pp2308,7275.0,18.0,654705.0,2.0,1,7275.0,7276.0,15,7276.0,7266.0,7275.0,7266.0,291.0,10577775.0,61051
2023-05-09 21:00:29,pp2308,pp2308,7274.0,3.0,109125.0,-1.0,23,7274.0,7276.0,11,7276.0,7266.0,7276.0,7266.0,294.0,10686900.0,61050
2023-05-09 21:00:30,pp2308,pp2308,7274.0,1.0,36370.0,0.0,20,7274.0,7276.0,10,7276.0,7266.0,7276.0,7266.0,295.0,10723270.0,61050
2023-05-09 21:00:30,pp2308,pp2308,7274.0,0.0,0.0,0.0,23,7274.0,7276.0,13,7276.0,7266.0,7276.0,7266.0,295.0,10723270.0,61050
2023-05-09 21:00:31,pp2308,pp2308,7274.0,0.0,0.0,0.0,26,7274.0,7276.0,3,7276.0,7266.0,7276.0,7266.0,295.0,10723270.0,61050
2023-05-09 21:00:31,pp2308,pp2308,7274.0,0.0,0.0,0.0,5,7274.0,7276.0,22,7276.0,7266.0,7276.0,7266.0,295.0,10723270.0,61050
2023-05-09 21:00:32,pp2308,pp2308,7274.0,2.0,72740.0,1.0,36,7273.0,7276.0,41,7276.0,7266.0,7276.0,7266.0,297.0,10796010.0,61051
2023-05-09 21:00:32,pp2308,pp2308,7273.0,9.0,327285.0,9.0,12,7272.0,7273.0,19,7276.0,7266.0,7276.0,7266.0,306.0,11123295.0,61060
2023-05-09 21:00:33,pp2308,pp2308,7273.0,0.0,0.0,0.0,15,7271.0,7272.0,1,7276.0,7266.0,7276.0,7266.0,306.0,11123295.0,61060
2023-05-09 21:00:33,pp2308,pp2308,7270.0,45.0,1635850.0,5.0,16,7269.0,7270.0,6,7276.0,7266.0,7276.0,7266.0,351.0,12759145.0,61065
2023-05-09 21:00:34,pp2308,pp2308,7270.0,8.0,290800.0,8.0,1,7270.0,7271.0,16,7276.0,7266.0,7276.0,7266.0,359.0,13049945.0,61073
2023-05-09 21:00:34,pp2308,pp2308,7270.0,6.0,218100.0,0.0,14,7269.0,7271.0,13,7276.0,7266.0,7276.0,7266.0,365.0,13268045.0,61073
2023-05-09 21:00:35,pp2308,pp2308,7270.0,0.0,0.0,0.0,14,7269.0,7271.0,16,7276.0,7266.0,7276.0,7266.0,365.0,13268045.0,61073
2023-05-09 21:00:35,pp2308,pp2308,7269.0,1.0,36345.0,0.0,7,7269.0,7271.0,19,7276.0,7266.0,7276.0,7266.0,366.0,13304390.0,61073
2023-05-09 21:00:36,pp2308,pp2308,7269.0,0.0,0.0,0.0,7,7269.0,7270.0,7,7276.0,7266.0,7276.0,7266.0,366.0,13304390.0,61073
2023-05-09 21:00:36,pp2308,pp2308,7269.0,5.0,181725.0,1.0,2,7269.0,7270.0,9,7276.0,7266.0,7276.0,7266.0,371.0,13486115.0,61074
2023-05-09 21:00:37,pp2308,pp2308,7268.0,8.0,290730.0,6.0,51,7267.0,7268.0,1,7276.0,7266.0,7276.0,7266.0,379.0,13776845.0,61080
2023-05-09 21:00:37,pp2308,pp2308,7268.0,0.0,0.0,0.0,8,7267.0,7268.0,1,7276.0,7266.0,7276.0,7266.0,379.0,13776845.0,61080
2023-05-09 21:00:38,pp2308,pp2308,7268.0,1.0,36340.0,-1.0,11,7267.0,7269.0,12,7276.0,7266.0,7276.0,7266.0,380.0,13813185.0,61079
2023-05-09 21:00:38,pp2308,pp2308,7269.0,12.0,436140.0,-3.0,3,7269.0,7270.0,12,7276.0,7266.0,7276.0,7266.0,392.0,14249325.0,61076
2023-05-09 21:00:39,pp2308,pp2308,7269.0,2.0,72690.0,1.0,1,7269.0,7271.0,29,7276.0,7266.0,7276.0,7266.0,394.0,14322015.0,61077
2023-05-09 21:00:39,pp2308,pp2308,7269.0,0.0,0.0,0.0,6,7269.0,7271.0,23,7276.0,7266.0,7276.0,7266.0,394.0,14322015.0,61077
2023-05-09 21:00:40,pp2308,pp2308,7269.0,1.0,36345.0,1.0,15,7268.0,7269.0,3,7276.0,7266.0,7276.0,7266.0,395.0,14358360.0,61078
2023-05-09 21:00:40,pp2308,pp2308,7270.0,13.0,472535.0,-3.0,3,7270.0,7271.0,23,7276.0,7266.0,7276.0,7266.0,408.0,14830895.0,61075
2023-05-09 21:00:41,pp2308,pp2308,7269.0,8.0,290810.0,2.0,12,7269.0,7271.0,10,7276.0,7266.0,7276.0,7266.0,416.0,15121705.0,61077
2023-05-09 21:00:41,pp2308,pp2308,7269.0,0.0,0.0,0.0,6,7269.0,7271.0,16,7276.0,7266.0,7276.0,7266.0,416.0,15121705.0,61077
2023-05-09 21:00:42,pp2308,pp2308,7269.0,6.0,218070.0,6.0,9,7268.0,7269.0,3,7276.0,7266.0,7276.0,7266.0,422.0,15339775.0,61083
2023-05-09 21:00:42,pp2308,pp2308,7269.0,3.0,109035.0,-3.0,5,7268.0,7270.0,15,7276.0,7266.0,7276.0,7266.0,425.0,15448810.0,61080
2023-05-09 21:00:43,pp2308,pp2308,7269.0,0.0,0.0,0.0,11,7267.0,7269.0,7,7276.0,7266.0,7276.0,7266.0,425.0,15448810.0,61080
2023-05-09 21:00:43,pp2308,pp2308,7269.0,0.0,0.0,0.0,7,7267.0,7269.0,11,7276.0,7266.0,7276.0,7266.0,425.0,15448810.0,61080
2023-05-09 21:00:44,pp2308,pp2308,7269.0,0.0,0.0,0.0,4,7267.0,7269.0,16,7276.0,7266.0,7276.0,7266.0,425.0,15448810.0,61080
2023-05-09 21:00:44,pp2308,pp2308,7267.0,1.0,36335.0,0.0,57,7266.0,7269.0,19,7276.0,7266.0,7276.0,7266.0,426.0,15485145.0,61080
2023-05-09 21:00:45,pp2308,pp2308,7267.0,0.0,0.0,0.0,4,7267.0,7269.0,28,7276.0,7266.0,7276.0,7266.0,426.0,15485145.0,61080
2023-05-09 21:00:45,pp2308,pp2308,7267.0,0.0,0.0,0.0,55,7266.0,7268.0,4,7276.0,7266.0,7276.0,7266.0,426.0,15485145.0,61080
2023-05-09 21:00:46,pp2308,pp2308,7267.0,0.0,0.0,0.0,52,7266.0,7268.0,6,7276.0,7266.0,7276.0,7266.0,426.0,15485145.0,61080
2023-05-09 21:00:46,pp2308,pp2308,7267.0,0.0,0.0,0.0,4,7267.0,7268.0,5,7276.0,7266.0,7276.0,7266.0,426.0,15485145.0,61080
2023-05-09 21:00:47,pp2308,pp2308,7267.0,10.0,363350.0,10.0,2,7267.0,7268.0,8,7276.0,7266.0,7276.0,7266.0,436.0,15848495.0,61090
2023-05-09 21:00:47,pp2308,pp2308,7269.0,16.0,581510.0,-1.0,8,7268.0,7270.0,10,7276.0,7266.0,7276.0,7266.0,452.0,16430005.0,61089
2023-05-09 21:00:48,pp2308,pp2308,7269.0,0.0,0.0,0.0,12,7268.0,7270.0,16,7276.0,7266.0,7276.0,7266.0,452.0,16430005.0,61089
2023-05-09 21:00:48,pp2308,pp2308,7269.0,0.0,0.0,0.0,12,7268.0,7270.0,18,7276.0,7266.0,7276.0,7266.0,452.0,16430005.0,61089
2023-05-09 21:00:49,pp2308,pp2308,7268.0,7.0,254380.0,1.0,22,7267.0,7269.0,4,7276.0,7266.0,7276.0,7266.0,459.0,16684385.0,61090
2023-05-09 21:00:49,pp2308,pp2308,7268.0,0.0,0.0,0.0,9,7267.0,7269.0,3,7276.0,7266.0,7276.0,7266.0,459.0,16684385.0,61090
2023-05-09 21:00:50,pp2308,pp2308,7268.0,0.0,0.0,0.0,7,7267.0,7269.0,3,7276.0,7266.0,7276.0,7266.0,459.0,16684385.0,61090
2023-05-09 21:00:50,pp2308,pp2308,7267.0,1.0,36335.0,0.0,52,7266.0,7267.0,2,7276.0,7266.0,7276.0,7266.0,460.0,16720720.0,61090
2023-05-09 21:00:51,pp2308,pp2308,7267.0,4.0,145335.0,-1.0,45,7266.0,7268.0,5,7276.0,7266.0,7276.0,7266.0,464.0,16866055.0,61089
2023-05-09 21:00:51,pp2308,pp2308,7266.0,1.0,36330.0,-1.0,50,7266.0,7268.0,2,7276.0,7266.0,7276.0,7266.0,465.0,16902385.0,61088
2023-05-09 21:00:52,pp2308,pp2308,7267.0,1.0,36335.0,0.0,50,7266.0,7268.0,2,7276.0,7266.0,7276.0,7266.0,466.0,16938720.0,61088
2023-05-09 21:00:52,pp2308,pp2308,7267.0,1.0,36335.0,0.0,3,7267.0,7269.0,21,7276.0,7266.0,7276.0,7266.0,467.0,16975055.0,61088
2023-05-09 21:00:53,pp2308,pp2308,7267.0,1.0,36335.0,1.0,62,7266.0,7269.0,22,7276.0,7266.0,7276.0,7266.0,468.0,17011390.0,61089
2023-05-09 21:00:53,pp2308,pp2308,7266.0,1.0,36330.0,-1.0,65,7266.0,7269.0,21,7276.0,7266.0,7276.0,7266.0,469.0,17047720.0,61088
2023-05-09 21:00:54,pp2308,pp2308,7266.0,0.0,0.0,0.0,3,7267.0,7269.0,21,7276.0,7266.0,7276.0,7266.0,469.0,17047720.0,61088
2023-05-09 21:00:54,pp2308,pp2308,7269.0,10.0,363450.0,2.0,9,7269.0,7270.0,15,7276.0,7266.0,7276.0,7266.0,479.0,17411170.0,61090
2023-05-09 21:00:55,pp2308,pp2308,7269.0,0.0,0.0,0.0,8,7269.0,7270.0,4,7276.0,7266.0,7276.0,7266.0,479.0,17411170.0,61090
2023-05-09 21:00:55,pp2308,pp2308,7269.0,0.0,0.0,0.0,6,7269.0,7271.0,19,7276.0,7266.0,7276.0,7266.0,479.0,17411170.0,61090
2023-05-09 21:00:56,pp2308,pp2308,7269.0,0.0,0.0,0.0,6,7269.0,7271.0,30,7276.0,7266.0,7276.0,7266.0,479.0,17411170.0,61090
2023-05-09 21:00:56,pp2308,pp2308,7269.0,1.0,36345.0,-1.0,5,7269.0,7271.0,30,7276.0,7266.0,7276.0,7266.0,480.0,17447515.0,61089
2023-05-09 21:00:57,pp2308,pp2308,7269.0,2.0,72690.0,-1.0,3,7269.0,7271.0,30,7276.0,7266.0,7276.0,7266.0,482.0,17520205.0,61088
2023-05-09 21:00:58,pp2308,pp2308,7269.0,0.0,0.0,0.0,7,7269.0,7271.0,23,7276.0,7266.0,7276.0,7266.0,482.0,17520205.0,61088
2023-05-09 21:00:58,pp2308,pp2308,7269.0,1.0,36345.0,0.0,2,7269.0,7271.0,30,7276.0,7266.0,7276.0,7266.0,483.0,17556550.0,61088
2023-05-09 21:00:59,pp2308,pp2308,7269.0,2.0,72690.0,0.0,24,7268.0,7271.0,30,7276.0,7266.0,7276.0,7266.0,485.0,17629240.0,61088
2023-05-09 21:00:59,pp2308,pp2308,7268.0,6.0,218040.0,2.0,7,7268.0,7270.0,10,7276.0,7266.0,7276.0,7266.0,491.0,17847280.0,61090
2023-05-09 21:01:00,pp2308,pp2308,7268.0,0.0,0.0,0.0,7,7268.0,7270.0,9,7276.0,7266.0,7276.0,7266.0,491.0,17847280.0,61090
2023-05-09 21:01:00,pp2308,pp2308,7270.0,5.0,181750.0,3.0,28,7269.0,7270.0,7,7276.0,7266.0,7276.0,7266.0,496.0,18029030.0,61093
2023-05-09 21:01:01,pp2308,pp2308,7269.0,2.0,72690.0,1.0,5,7269.0,7271.0,26,7276.0,7266.0,7276.0,7266.0,498.0,18101720.0,61094
2023-05-09 21:01:02,pp2308,pp2308,7269.0,0.0,0.0,0.0,5,7269.0,7270.0,3,7276.0,7266.0,7276.0,7266.0,498.0,18101720.0,61094
2023-05-09 21:01:02,pp2308,pp2308,7269.0,0.0,0.0,0.0,16,7268.0,7271.0,32,7276.0,7266.0,7276.0,7266.0,498.0,18101720.0,61094
2023-05-09 21:01:03,pp2308,pp2308,7269.0,0.0,0.0,0.0,10,7268.0,7269.0,1,7276.0,7266.0,7276.0,7266.0,498.0,18101720.0,61094
2023-05-09 21:01:03,pp2308,pp2308,7269.0,0.0,0.0,0.0,7,7268.0,7269.0,1,7276.0,7266.0,7276.0,7266.0,498.0,18101720.0,61094
2023-05-09 21:01:04,pp2308,pp2308,7269.0,0.0,0.0,0.0,4,7268.0,7269.0,1,7276.0,7266.0,7276.0,7266.0,498.0,18101720.0,61094
2023-05-09 21:01:04,pp2308,pp2308,7269.0,0.0,0.0,0.0,34,7267.0,7269.0,1,7276.0,7266.0,7276.0,7266.0,498.0,18101720.0,61094
2023-05-09 21:01:05,pp2308,pp2308,7269.0,0.0,0.0,0.0,36,7267.0,7269.0,1,7276.0,7266.0,7276.0,7266.0,498.0,18101720.0,61094
2023-05-09 21:01:06,pp2308,pp2308,7267.0,7.0,254345.0,1.0,7,7267.0,7268.0,1,7276.0,7266.0,7276.0,7266.0,505.0,18356065.0,61095
2023-05-09 21:01:06,pp2308,pp2308,7267.0,1.0,36335.0,0.0,6,7267.0,7268.0,1,7276.0,7266.0,7276.0,7266.0,506.0,18392400.0,61095
2023-05-09 21:01:07,pp2308,pp2308,7267.0,1.0,36335.0,0.0,5,7267.0,7268.0,5,7276.0,7266.0,7276.0,7266.0,507.0,18428735.0,61095
2023-05-09 21:01:08,pp2308,pp2308,7268.0,1.0,36340.0,0.0,5,7267.0,7269.0,22,7276.0,7266.0,7276.0,7266.0,508.0,18465075.0,61095
2023-05-09 21:01:08,pp2308,pp2308,7268.0,0.0,0.0,0.0,5,7267.0,7269.0,32,7276.0,7266.0,7276.0,7266.0,508.0,18465075.0,61095
2023-05-09 21:01:09,pp2308,pp2308,7267.0,5.0,181675.0,1.0,44,7266.0,7268.0,7,7276.0,7266.0,7276.0,7266.0,513.0,18646750.0,61096
2023-05-09 21:01:09,pp2308,pp2308,7266.0,3.0,108990.0,-3.0,38,7266.0,7268.0,4,7276.0,7266.0,7276.0,7266.0,516.0,18755740.0,61093
2023-05-09 21:01:10,pp2308,pp2308,7266.0,0.0,0.0,0.0,4,7267.0,7269.0,22,7276.0,7266.0,7276.0,7266.0,516.0,18755740.0,61093
2023-05-09 21:01:10,pp2308,pp2308,7268.0,1.0,36340.0,0.0,13,7267.0,7269.0,9,7276.0,7266.0,7276.0,7266.0,517.0,18792080.0,61093
2023-05-09 21:01:11,pp2308,pp2308,7268.0,0.0,0.0,0.0,5,7268.0,7269.0,6,7276.0,7266.0,7276.0,7266.0,517.0,18792080.0,61093
2023-05-09 21:01:11,pp2308,pp2308,7268.0,1.0,36340.0,1.0,4,7268.0,7269.0,9,7276.0,7266.0,7276.0,7266.0,518.0,18828420.0,61094
2023-05-09 21:01:12,pp2308,pp2308,7268.0,4.0,145360.0,4.0,13,7267.0,7269.0,9,7276.0,7266.0,7276.0,7266.0,522.0,18973780.0,61098
2023-05-09 21:01:12,pp2308,pp2308,7268.0,0.0,0.0,0.0,10,7267.0,7269.0,9,7276.0,7266.0,7276.0,7266.0,522.0,18973780.0,61098
2023-05-09 21:01:13,pp2308,pp2308,7267.0,7.0,254345.0,6.0,58,7266.0,7267.0,3,7276.0,7266.0,7276.0,7266.0,529.0,19228125.0,61104
2023-05-09 21:01:13,pp2308,pp2308,7266.0,1.0,36330.0,-1.0,38,7266.0,7267.0,14,7276.0,7266.0,7276.0,7266.0,530.0,19264455.0,61103
2023-05-09 21:01:14,pp2308,pp2308,7266.0,0.0,0.0,0.0,32,7266.0,7267.0,17,7276.0,7266.0,7276.0,7266.0,530.0,19264455.0,61103
2023-05-09 21:01:14,pp2308,pp2308,7266.0,0.0,0.0,0.0,33,7266.0,7267.0,14,7276.0,7266.0,7276.0,7266.0,530.0,19264455.0,61103
2023-05-09 21:01:15,pp2308,pp2308,7266.0,0.0,0.0,0.0,30,7266.0,7267.0,23,7276.0,7266.0,7276.0,7266.0,530.0,19264455.0,61103
2023-05-09 21:01:15,pp2308,pp2308,7266.0,30.0,1089900.0,6.0,14,7265.0,7266.0,6,7276.0,7266.0,7276.0,7266.0,560.0,20354355.0,61109
2023-05-09 21:01:16,pp2308,pp2308,7265.0,4.0,145300.0,0.0,1,7265.0,7266.0,11,7276.0,7266.0,7276.0,7265.0,564.0,20499655.0,61109
2023-05-09 21:01:16,pp2308,pp2308,7265.0,1.0,36325.0,0.0,24,7264.0,7266.0,6,7276.0,7266.0,7276.0,7265.0,565.0,20535980.0,61109
2023-05-09 21:01:17,pp2308,pp2308,7265.0,0.0,0.0,0.0,11,7264.0,7266.0,13,7276.0,7266.0,7276.0,7265.0,565.0,20535980.0,61109
2023-05-09 21:01:17,pp2308,pp2308,7265.0,0.0,0.0,0.0,5,7264.0,7266.0,22,7276.0,7266.0,7276.0,7265.0,565.0,20535980.0,61109
2023-05-09 21:01:19,pp2308,pp2308,7263.0,10.0,363175.0,8.0,12,7263.0,7264.0,4,7276.0,7266.0,7276.0,7263.0,575.0,20899155.0,61117
2023-05-09 21:01:19,pp2308,pp2308,7263.0,0.0,0.0,0.0,30,7262.0,7264.0,6,7276.0,7266.0,7276.0,7263.0,575.0,20899155.0,61117
2023-05-09 21:01:20,pp2308,pp2308,7263.0,0.0,0.0,0.0,17,7262.0,7264.0,10,7276.0,7266.0,7276.0,7263.0,575.0,20899155.0,61117
2023-05-09 21:01:21,pp2308,pp2308,7263.0,0.0,0.0,0.0,3,7263.0,7264.0,5,7276.0,7266.0,7276.0,7263.0,575.0,20899155.0,61117
2023-05-09 21:01:21,pp2308,pp2308,7263.0,0.0,0.0,0.0,6,7262.0,7264.0,13,7276.0,7266.0,7276.0,7263.0,575.0,20899155.0,61117
2023-05-09 21:01:22,pp2308,pp2308,7262.0,2.0,72620.0,0.0,1,7262.0,7263.0,4,7276.0,7266.0,7276.0,7262.0,577.0,20971775.0,61117
2023-05-09 21:01:22,pp2308,pp2308,7263.0,6.0,217880.0,1.0,22,7261.0,7264.0,18,7276.0,7266.0,7276.0,7262.0,583.0,21189655.0,61118
2023-05-09 21:01:23,pp2308,pp2308,7263.0,0.0,0.0,0.0,31,7261.0,7264.0,18,7276.0,7266.0,7276.0,7262.0,583.0,21189655.0,61118
2023-05-09 21:01:23,pp2308,pp2308,7263.0,0.0,0.0,0.0,21,7261.0,7262.0,1,7276.0,7266.0,7276.0,7262.0,583.0,21189655.0,61118
2023-05-09 21:01:24,pp2308,pp2308,7261.0,25.0,907630.0,23.0,18,7260.0,7261.0,11,7276.0,7266.0,7276.0,7261.0,608.0,22097285.0,61141
2023-05-09 21:01:24,pp2308,pp2308,7260.0,12.0,435600.0,6.0,42,7259.0,7260.0,2,7276.0,7266.0,7276.0,7260.0,620.0,22532885.0,61147
2023-05-09 21:01:25,pp2308,pp2308,7259.0,2.0,72590.0,2.0,43,7259.0,7260.0,5,7276.0,7266.0,7276.0,7259.0,622.0,22605475.0,61149
2023-05-09 21:01:26,pp2308,pp2308,7259.0,5.0,181490.0,-1.0,39,7259.0,7261.0,29,7276.0,7266.0,7276.0,7259.0,627.0,22786965.0,61148
2023-05-09 21:01:26,pp2308,pp2308,7259.0,0.0,0.0,0.0,45,7259.0,7260.0,3,7276.0,7266.0,7276.0,7259.0,627.0,22786965.0,61148
2023-05-09 21:01:27,pp2308,pp2308,7259.0,0.0,0.0,0.0,42,7259.0,7260.0,1,7276.0,7266.0,7276.0,7259.0,627.0,22786965.0,61148
2023-05-09 21:01:27,pp2308,pp2308,7259.0,0.0,0.0,0.0,45,7259.0,7260.0,4,7276.0,7266.0,7276.0,7259.0,627.0,22786965.0,61148
2023-05-09 21:01:28,pp2308,pp2308,7259.0,6.0,217770.0,-3.0,32,7259.0,7260.0,4,7276.0,7266.0,7276.0,7259.0,633.0,23004735.0,61145
2023-05-09 21:01:28,pp2308,pp2308,7259.0,0.0,0.0,0.0,37,7259.0,7260.0,4,7276.0,7266.0,7276.0,7259.0,633.0,23004735.0,61145
2023-05-09 21:01:29,pp2308,pp2308,7259.0,0.0,0.0,0.0,40,7259.0,7260.0,4,7276.0,7266.0,7276.0,7259.0,633.0,23004735.0,61145
2023-05-09 21:01:29,pp2308,pp2308,7260.0,2.0,72600.0,1.0,40,7259.0,7261.0,26,7276.0,7266.0,7276.0,7259.0,635.0,23077335.0,61146
2023-05-09 21:01:30,pp2308,pp2308,7260.0,0.0,0.0,0.0,43,7259.0,7261.0,26,7276.0,7266.0,7276.0,7259.0,635.0,23077335.0,61146
2023-05-09 21:01:32,pp2308,pp2308,7261.0,31.0,1125455.0,2.0,7,7260.0,7262.0,17,7276.0,7266.0,7276.0,7259.0,666.0,24202790.0,61148
2023-05-09 21:01:32,pp2308,pp2308,7260.0,1.0,36300.0,1.0,4,7260.0,7262.0,12,7276.0,7266.0,7276.0,7259.0,667.0,24239090.0,61149
2023-05-09 21:01:33,pp2308,pp2308,7260.0,1.0,36300.0,1.0,3,7260.0,7261.0,3,7276.0,7266.0,7276.0,7259.0,668.0,24275390.0,61150
2023-05-09 21:01:33,pp2308,pp2308,7260.0,2.0,72600.0,0.0,59,7259.0,7262.0,12,7276.0,7266.0,7276.0,7259.0,670.0,24347990.0,61150
2023-05-09 21:01:34,pp2308,pp2308,7260.0,1.0,36300.0,1.0,64,7259.0,7262.0,12,7276.0,7266.0,7276.0,7259.0,671.0,24384290.0,61151
2023-05-09 21:01:34,pp2308,pp2308,7260.0,0.0,0.0,0.0,16,7260.0,7262.0,6,7276.0,7266.0,7276.0,7259.0,671.0,24384290.0,61151
2023-05-09 21:01:35,pp2308,pp2308,7260.0,0.0,0.0,0.0,3,7261.0,7262.0,4,7276.0,7266.0,7276.0,7259.0,671.0,24384290.0,61151
2023-05-09 21:01:36,pp2308,pp2308,7260.0,0.0,0.0,0.0,3,7261.0,7262.0,5,7276.0,7266.0,7276.0,7259.0,671.0,24384290.0,61151
2023-05-09 21:01:37,pp2308,pp2308,7261.0,3.0,108915.0,0.0,19,7260.0,7262.0,5,7276.0,7266.0,7276.0,7259.0,674.0,24493205.0,61151
2023-05-09 21:01:38,pp2308,pp2308,7260.0,2.0,72600.0,1.0,9,7260.0,7261.0,1,7276.0,7266.0,7276.0,7259.0,676.0,24565805.0,61152
2023-05-09 21:01:38,pp2308,pp2308,7261.0,1.0,36305.0,0.0,3,7261.0,7262.0,7,7276.0,7266.0,7276.0,7259.0,677.0,24602110.0,61152
2023-05-09 21:01:39,pp2308,pp2308,7261.0,0.0,0.0,0.0,18,7260.0,7262.0,5,7276.0,7266.0,7276.0,7259.0,677.0,24602110.0,61152
2023-05-09 21:01:39,pp2308,pp2308,7261.0,0.0,0.0,0.0,13,7260.0,7262.0,8,7276.0,7266.0,7276.0,7259.0,677.0,24602110.0,61152
2023-05-09 21:01:40,pp2308,pp2308,7261.0,0.0,0.0,0.0,13,7260.0,7262.0,11,7276.0,7266.0,7276.0,7259.0,677.0,24602110.0,61152
2023-05-09 21:01:40,pp2308,pp2308,7260.0,2.0,72600.0,1.0,6,7260.0,7262.0,11,7276.0,7266.0,7276.0,7259.0,679.0,24674710.0,61153
2023-05-09 21:01:41,pp2308,pp2308,7260.0,0.0,0.0,0.0,10,7260.0,7262.0,11,7276.0,7266.0,7276.0,7259.0,679.0,24674710.0,61153
2023-05-09 21:01:41,pp2308,pp2308,7260.0,0.0,0.0,0.0,13,7260.0,7262.0,8,7276.0,7266.0,7276.0,7259.0,679.0,24674710.0,61153
2023-05-09 21:01:42,pp2308,pp2308,7260.0,0.0,0.0,0.0,19,7260.0,7262.0,5,7276.0,7266.0,7276.0,7259.0,679.0,24674710.0,61153
2023-05-09 21:01:42,pp2308,pp2308,7260.0,2.0,72600.0,1.0,56,7259.0,7262.0,8,7276.0,7266.0,7276.0,7259.0,681.0,24747310.0,61154
2023-05-09 21:01:43,pp2308,pp2308,7260.0,0.0,0.0,0.0,3,7260.0,7262.0,11,7276.0,7266.0,7276.0,7259.0,681.0,24747310.0,61154
2023-05-09 21:01:43,pp2308,pp2308,7260.0,1.0,36300.0,0.0,3,7260.0,7261.0,1,7276.0,7266.0,7276.0,7259.0,682.0,24783610.0,61154
2023-05-09 21:01:44,pp2308,pp2308,7260.0,0.0,0.0,0.0,59,7259.0,7261.0,1,7276.0,7266.0,7276.0,7259.0,682.0,24783610.0,61154
2023-05-09 21:01:44,pp2308,pp2308,7260.0,0.0,0.0,0.0,58,7259.0,7260.0,1,7276.0,7266.0,7276.0,7259.0,682.0,24783610.0,61154
2023-05-09 21:01:45,pp2308,pp2308,7259.0,1.0,36295.0,-1.0,49,7259.0,7260.0,1,7276.0,7266.0,7276.0,7259.0,683.0,24819905.0,61153
2023-05-09 21:01:45,pp2308,pp2308,7260.0,1.0,36300.0,1.0,52,7259.0,7261.0,14,7276.0,7266.0,7276.0,7259.0,684.0,24856205.0,61154
2023-05-09 21:01:46,pp2308,pp2308,7260.0,0.0,0.0,0.0,61,7259.0,7261.0,10,7276.0,7266.0,7276.0,7259.0,684.0,24856205.0,61154
2023-05-09 21:01:46,pp2308,pp2308,7260.0,0.0,0.0,0.0,58,7259.0,7261.0,3,7276.0,7266.0,7276.0,7259.0,684.0,24856205.0,61154
2023-05-09 21:01:47,pp2308,pp2308,7260.0,0.0,0.0,0.0,61,7259.0,7260.0,1,7276.0,7266.0,7276.0,7259.0,684.0,24856205.0,61154
2023-05-09 21:01:47,pp2308,pp2308,7260.0,0.0,0.0,0.0,48,7259.0,7260.0,2,7276.0,7266.0,7276.0,7259.0,684.0,24856205.0,61154
2023-05-09 21:01:48,pp2308,pp2308,7260.0,0.0,0.0,0.0,42,7259.0,7260.0,2,7276.0,7266.0,7276.0,7259.0,684.0,24856205.0,61154
2023-05-09 21:01:48,pp2308,pp2308,7259.0,4.0,145185.0,2.0,38,7259.0,7260.0,1,7276.0,7266.0,7276.0,7259.0,688.0,25001390.0,61156
2023-05-09 21:01:50,pp2308,pp2308,7260.0,1.0,36300.0,0.0,44,7259.0,7261.0,17,7276.0,7266.0,7276.0,7259.0,689.0,25037690.0,61156
2023-05-09 21:01:50,pp2308,pp2308,7260.0,0.0,0.0,0.0,42,7259.0,7261.0,5,7276.0,7266.0,7276.0,7259.0,689.0,25037690.0,61156
2023-05-09 21:01:51,pp2308,pp2308,7260.0,0.0,0.0,0.0,51,7259.0,7261.0,5,7276.0,7266.0,7276.0,7259.0,689.0,25037690.0,61156
2023-05-09 21:01:51,pp2308,pp2308,7260.0,0.0,0.0,0.0,48,7259.0,7261.0,11,7276.0,7266.0,7276.0,7259.0,689.0,25037690.0,61156
2023-05-09 21:01:52,pp2308,pp2308,7260.0,0.0,0.0,0.0,38,7259.0,7260.0,1,7276.0,7266.0,7276.0,7259.0,689.0,25037690.0,61156
2023-05-09 21:01:52,pp2308,pp2308,7260.0,0.0,0.0,0.0,39,7259.0,7260.0,2,7276.0,7266.0,7276.0,7259.0,689.0,25037690.0,61156
2023-05-09 21:01:53,pp2308,pp2308,7260.0,0.0,0.0,0.0,35,7259.0,7260.0,2,7276.0,7266.0,7276.0,7259.0,689.0,25037690.0,61156
2023-05-09 21:01:53,pp2308,pp2308,7259.0,2.0,72590.0,1.0,36,7259.0,7260.0,2,7276.0,7266.0,7276.0,7259.0,691.0,25110280.0,61157
2023-05-09 21:01:54,pp2308,pp2308,7259.0,0.0,0.0,0.0,42,7259.0,7261.0,8,7276.0,7266.0,7276.0,7259.0,691.0,25110280.0,61157
2023-05-09 21:01:54,pp2308,pp2308,7259.0,1.0,36295.0,1.0,41,7259.0,7261.0,9,7276.0,7266.0,7276.0,7259.0,692.0,25146575.0,61158
2023-05-09 21:01:55,pp2308,pp2308,7259.0,2.0,72590.0,2.0,39,7259.0,7261.0,9,7276.0,7266.0,7276.0,7259.0,694.0,25219165.0,61160
2023-05-09 21:01:55,pp2308,pp2308,7259.0,0.0,0.0,0.0,51,7259.0,7261.0,9,7276.0,7266.0,7276.0,7259.0,694.0,25219165.0,61160
2023-05-09 21:01:56,pp2308,pp2308,7259.0,4.0,145180.0,2.0,45,7259.0,7261.0,9,7276.0,7266.0,7276.0,7259.0,698.0,25364345.0,61162
2023-05-09 21:01:57,pp2308,pp2308,7259.0,0.0,0.0,0.0,3,7260.0,7261.0,5,7276.0,7266.0,7276.0,7259.0,698.0,25364345.0,61162
2023-05-09 21:01:57,pp2308,pp2308,7259.0,0.0,0.0,0.0,19,7260.0,7261.0,5,7276.0,7266.0,7276.0,7259.0,698.0,25364345.0,61162
2023-05-09 21:01:58,pp2308,pp2308,7261.0,2.0,72610.0,1.0,8,7260.0,7261.0,5,7276.0,7266.0,7276.0,7259.0,700.0,25436955.0,61163
2023-05-09 21:01:58,pp2308,pp2308,7261.0,0.0,0.0,0.0,8,7260.0,7261.0,1,7276.0,7266.0,7276.0,7259.0,700.0,25436955.0,61163
2023-05-09 21:01:59,pp2308,pp2308,7261.0,0.0,0.0,0.0,5,7260.0,7261.0,7,7276.0,7266.0,7276.0,7259.0,700.0,25436955.0,61163
2023-05-09 21:01:59,pp2308,pp2308,7260.0,5.0,181500.0,0.0,33,7259.0,7260.0,3,7276.0,7266.0,7276.0,7259.0,705.0,25618455.0,61163
2023-05-09 21:02:00,pp2308,pp2308,7260.0,3.0,108900.0,0.0,35,7259.0,7260.0,1,7276.0,7266.0,7276.0,7259.0,708.0,25727355.0,61163
2023-05-09 21:02:00,pp2308,pp2308,7261.0,15.0,544570.0,-4.0,9,7261.0,7262.0,28,7276.0,7266.0,7276.0,7259.0,723.0,26271925.0,61159
2023-05-09 21:02:01,pp2308,pp2308,7261.0,9.0,326745.0,6.0,19,7260.0,7262.0,18,7276.0,7266.0,7276.0,7259.0,732.0,26598670.0,61165
2023-05-09 21:02:01,pp2308,pp2308,7260.0,1.0,36300.0,1.0,14,7260.0,7261.0,1,7276.0,7266.0,7276.0,7259.0,733.0,26634970.0,61166
2023-05-09 21:02:02,pp2308,pp2308,7260.0,0.0,0.0,0.0,3,7260.0,7261.0,1,7276.0,7266.0,7276.0,7259.0,733.0,26634970.0,61166
2023-05-09 21:02:02,pp2308,pp2308,7260.0,3.0,108900.0,0.0,34,7259.0,7261.0,1,7276.0,7266.0,7276.0,7259.0,736.0,26743870.0,61166
2023-05-09 21:02:03,pp2308,pp2308,7260.0,0.0,0.0,0.0,36,7259.0,7261.0,1,7276.0,7266.0,7276.0,7259.0,736.0,26743870.0,61166
2023-05-09 21:02:03,pp2308,pp2308,7260.0,0.0,0.0,0.0,24,7259.0,7261.0,1,7276.0,7266.0,7276.0,7259.0,736.0,26743870.0,61166
2023-05-09 21:02:03,pp2308,pp2308,7260.0,0.0,0.0,0.0,27,7259.0,7261.0,1,7276.0,7266.0,7276.0,7259.0,736.0,26743870.0,61166
2023-05-09 21:02:05,pp2308,pp2308,7260.0,0.0,0.0,0.0,5,7260.0,7261.0,1,7276.0,7266.0,7276.0,7259.0,736.0,26743870.0,61166
2023-05-09 21:02:06,pp2308,pp2308,7262.0,2.0,72615.0,0.0,3,7261.0,7262.0,6,7276.0,7266.0,7276.0,7259.0,738.0,26816485.0,61166
2023-05-09 21:02:06,pp2308,pp2308,7262.0,0.0,0.0,0.0,3,7261.0,7263.0,24,7276.0,7266.0,7276.0,7259.0,738.0,26816485.0,61166
2023-05-09 21:02:07,pp2308,pp2308,7262.0,0.0,0.0,0.0,9,7261.0,7263.0,22,7276.0,7266.0,7276.0,7259.0,738.0,26816485.0,61166
2023-05-09 21:02:07,pp2308,pp2308,7262.0,0.0,0.0,0.0,6,7261.0,7263.0,18,7276.0,7266.0,7276.0,7259.0,738.0,26816485.0,61166
2023-05-09 21:02:08,pp2308,pp2308,7262.0,0.0,0.0,0.0,9,7261.0,7263.0,18,7276.0,7266.0,7276.0,7259.0,738.0,26816485.0,61166
2023-05-09 21:02:08,pp2308,pp2308,7262.0,0.0,0.0,0.0,22,7261.0,7263.0,18,7276.0,7266.0,7276.0,7259.0,738.0,26816485.0,61166
2023-05-09 21:02:09,pp2308,pp2308,7262.0,0.0,0.0,0.0,14,7261.0,7263.0,21,7276.0,7266.0,7276.0,7259.0,738.0,26816485.0,61166
2023-05-09 21:02:09,pp2308,pp2308,7262.0,0.0,0.0,0.0,5,7261.0,7263.0,31,7276.0,7266.0,7276.0,7259.0,738.0,26816485.0,61166
2023-05-09 21:02:10,pp2308,pp2308,7262.0,0.0,0.0,0.0,5,7261.0,7262.0,4,7276.0,7266.0,7276.0,7259.0,738.0,26816485.0,61166
2023-05-09 21:02:10,pp2308,pp2308,7262.0,0.0,0.0,0.0,5,7261.0,7263.0,27,7276.0,7266.0,7276.0,7259.0,738.0,26816485.0,61166
2023-05-09 21:02:11,pp2308,pp2308,7262.0,0.0,0.0,0.0,5,7261.0,7262.0,4,7276.0,7266.0,7276.0,7259.0,738.0,26816485.0,61166
2023-05-09 21:02:12,pp2308,pp2308,7261.0,5.0,181525.0,3.0,37,7260.0,7262.0,7,7276.0,7266.0,7276.0,7259.0,743.0,26998010.0,61169
2023-05-09 21:02:13,pp2308,pp2308,7261.0,0.0,0.0,0.0,21,7260.0,7262.0,30,7276.0,7266.0,7276.0,7259.0,743.0,26998010.0,61169
2023-05-09 21:02:13,pp2308,pp2308,7261.0,0.0,0.0,0.0,14,7260.0,7262.0,33,7276.0,7266.0,7276.0,7259.0,743.0,26998010.0,61169
2023-05-09 21:02:14,pp2308,pp2308,7261.0,0.0,0.0,0.0,17,7260.0,7262.0,17,7276.0,7266.0,7276.0,7259.0,743.0,26998010.0,61169
2023-05-09 21:02:14,pp2308,pp2308,7261.0,0.0,0.0,0.0,20,7260.0,7262.0,17,7276.0,7266.0,7276.0,7259.0,743.0,26998010.0,61169
2023-05-09 21:02:15,pp2308,pp2308,7261.0,0.0,0.0,0.0,20,7260.0,7262.0,22,7276.0,7266.0,7276.0,7259.0,743.0,26998010.0,61169
2023-05-09 21:02:15,pp2308,pp2308,7261.0,0.0,0.0,0.0,17,7260.0,7262.0,26,7276.0,7266.0,7276.0,7259.0,743.0,26998010.0,61169
2023-05-09 21:02:16,pp2308,pp2308,7260.0,19.0,689700.0,6.0,28,7259.0,7260.0,3,7276.0,7266.0,7276.0,7259.0,762.0,27687710.0,61175
2023-05-09 21:02:16,pp2308,pp2308,7260.0,0.0,0.0,0.0,27,7259.0,7260.0,3,7276.0,7266.0,7276.0,7259.0,762.0,27687710.0,61175
2023-05-09 21:02:17,pp2308,pp2308,7260.0,0.0,0.0,0.0,14,7259.0,7260.0,3,7276.0,7266.0,7276.0,7259.0,762.0,27687710.0,61175
2023-05-09 21:02:17,pp2308,pp2308,7260.0,0.0,0.0,0.0,5,7259.0,7260.0,25,7276.0,7266.0,7276.0,7259.0,762.0,27687710.0,61175
2023-05-09 21:02:18,pp2308,pp2308,7260.0,24.0,871175.0,15.0,16,7260.0,7261.0,18,7276.0,7266.0,7276.0,7259.0,786.0,28558885.0,61190
2023-05-09 21:02:18,pp2308,pp2308,7260.0,0.0,0.0,0.0,16,7260.0,7261.0,4,7276.0,7266.0,7276.0,7259.0,786.0,28558885.0,61190
2023-05-09 21:02:19,pp2308,pp2308,7261.0,4.0,145220.0,1.0,15,7260.0,7262.0,11,7276.0,7266.0,7276.0,7259.0,790.0,28704105.0,61191
2023-05-09 21:02:19,pp2308,pp2308,7261.0,0.0,0.0,0.0,34,7260.0,7262.0,2,7276.0,7266.0,7276.0,7259.0,790.0,28704105.0,61191
2023-05-09 21:02:20,pp2308,pp2308,7261.0,0.0,0.0,0.0,31,7260.0,7262.0,9,7276.0,7266.0,7276.0,7259.0,790.0,28704105.0,61191
2023-05-09 21:02:20,pp2308,pp2308,7261.0,0.0,0.0,0.0,25,7260.0,7262.0,12,7276.0,7266.0,7276.0,7259.0,790.0,28704105.0,61191
2023-05-09 21:02:21,pp2308,pp2308,7261.0,0.0,0.0,0.0,34,7260.0,7262.0,8,7276.0,7266.0,7276.0,7259.0,790.0,28704105.0,61191
2023-05-09 21:02:21,pp2308,pp2308,7261.0,0.0,0.0,0.0,34,7260.0,7262.0,9,7276.0,7266.0,7276.0,7259.0,790.0,28704105.0,61191
2023-05-09 21:02:22,pp2308,pp2308,7261.0,0.0,0.0,0.0,37,7260.0,7262.0,9,7276.0,7266.0,7276.0,7259.0,790.0,28704105.0,61191
2023-05-09 21:02:23,pp2308,pp2308,7261.0,0.0,0.0,0.0,21,7260.0,7262.0,12,7276.0,7266.0,7276.0,7259.0,790.0,28704105.0,61191
2023-05-09 21:02:25,pp2308,pp2308,7261.0,0.0,0.0,0.0,34,7260.0,7262.0,5,7276.0,7266.0,7276.0,7259.0,790.0,28704105.0,61191
2023-05-09 21:02:25,pp2308,pp2308,7261.0,0.0,0.0,0.0,40,7260.0,7262.0,6,7276.0,7266.0,7276.0,7259.0,790.0,28704105.0,61191
2023-05-09 21:02:26,pp2308,pp2308,7262.0,4.0,145240.0,0.0,11,7261.0,7263.0,15,7276.0,7266.0,7276.0,7259.0,794.0,28849345.0,61191
2023-05-09 21:02:26,pp2308,pp2308,7262.0,0.0,0.0,0.0,24,7261.0,7263.0,3,7276.0,7266.0,7276.0,7259.0,794.0,28849345.0,61191
2023-05-09 21:02:27,pp2308,pp2308,7262.0,0.0,0.0,0.0,39,7261.0,7264.0,20,7276.0,7266.0,7276.0,7259.0,794.0,28849345.0,61191
2023-05-09 21:02:27,pp2308,pp2308,7262.0,0.0,0.0,0.0,42,7261.0,7264.0,21,7276.0,7266.0,7276.0,7259.0,794.0,28849345.0,61191
2023-05-09 21:02:28,pp2308,pp2308,7262.0,0.0,0.0,0.0,8,7262.0,7264.0,21,7276.0,7266.0,7276.0,7259.0,794.0,28849345.0,61191
2023-05-09 21:02:28,pp2308,pp2308,7264.0,20.0,726400.0,-5.0,9,7264.0,7265.0,19,7276.0,7266.0,7276.0,7259.0,814.0,29575745.0,61186
2023-05-09 21:02:29,pp2308,pp2308,7264.0,0.0,0.0,0.0,9,7264.0,7265.0,11,7276.0,7266.0,7276.0,7259.0,814.0,29575745.0,61186
2023-05-09 21:02:29,pp2308,pp2308,7264.0,0.0,0.0,0.0,15,7264.0,7266.0,22,7276.0,7266.0,7276.0,7259.0,814.0,29575745.0,61186
2023-05-09 21:02:30,pp2308,pp2308,7264.0,0.0,0.0,0.0,18,7264.0,7266.0,15,7276.0,7266.0,7276.0,7259.0,814.0,29575745.0,61186
2023-05-09 21:02:30,pp2308,pp2308,7264.0,0.0,0.0,0.0,21,7264.0,7266.0,15,7276.0,7266.0,7276.0,7259.0,814.0,29575745.0,61186
2023-05-09 21:02:31,pp2308,pp2308,7264.0,17.0,617440.0,-5.0,3,7264.0,7265.0,4,7276.0,7266.0,7276.0,7259.0,831.0,30193185.0,61181
2023-05-09 21:02:31,pp2308,pp2308,7263.0,32.0,1162055.0,17.0,5,7261.0,7262.0,2,7276.0,7266.0,7276.0,7259.0,863.0,31355240.0,61198
2023-05-09 21:02:32,pp2308,pp2308,7261.0,4.0,145235.0,2.0,2,7261.0,7262.0,7,7276.0,7266.0,7276.0,7259.0,867.0,31500475.0,61200
2023-05-09 21:02:32,pp2308,pp2308,7261.0,0.0,0.0,0.0,14,7261.0,7262.0,7,7276.0,7266.0,7276.0,7259.0,867.0,31500475.0,61200
2023-05-09 21:02:34,pp2308,pp2308,7261.0,0.0,0.0,0.0,14,7261.0,7262.0,25,7276.0,7266.0,7276.0,7259.0,867.0,31500475.0,61200
2023-05-09 21:02:34,pp2308,pp2308,7261.0,0.0,0.0,0.0,11,7261.0,7262.0,27,7276.0,7266.0,7276.0,7259.0,867.0,31500475.0,61200
2023-05-09 21:02:34,pp2308,pp2308,7261.0,0.0,0.0,0.0,11,7261.0,7262.0,28,7276.0,7266.0,7276.0,7259.0,867.0,31500475.0,61200
2023-05-09 21:02:35,pp2308,pp2308,7261.0,0.0,0.0,0.0,11,7261.0,7262.0,18,7276.0,7266.0,7276.0,7259.0,867.0,31500475.0,61200
2023-05-09 21:02:36,pp2308,pp2308,7262.0,22.0,798820.0,-9.0,3,7262.0,7263.0,27,7276.0,7266.0,7276.0,7259.0,889.0,32299295.0,61191
2023-05-09 21:02:36,pp2308,pp2308,7263.0,24.0,871560.0,11.0,20,7263.0,7264.0,11,7276.0,7266.0,7276.0,7259.0,913.0,33170855.0,61202
2023-05-09 21:02:37,pp2308,pp2308,7264.0,15.0,544800.0,-9.0,2,7264.0,7265.0,19,7276.0,7266.0,7276.0,7259.0,928.0,33715655.0,61193
2023-05-09 21:02:37,pp2308,pp2308,7264.0,0.0,0.0,0.0,18,7264.0,7265.0,22,7276.0,7266.0,7276.0,7259.0,928.0,33715655.0,61193
2023-05-09 21:02:38,pp2308,pp2308,7264.0,17.0,617440.0,-1.0,30,7263.0,7265.0,31,7276.0,7266.0,7276.0,7259.0,945.0,34333095.0,61192
2023-05-09 21:02:39,pp2308,pp2308,7264.0,0.0,0.0,0.0,36,7263.0,7265.0,36,7276.0,7266.0,7276.0,7259.0,945.0,34333095.0,61192
2023-05-09 21:02:39,pp2308,pp2308,7264.0,0.0,0.0,0.0,33,7263.0,7265.0,35,7276.0,7266.0,7276.0,7259.0,945.0,34333095.0,61192
2023-05-09 21:02:40,pp2308,pp2308,7264.0,0.0,0.0,0.0,39,7263.0,7265.0,37,7276.0,7266.0,7276.0,7259.0,945.0,34333095.0,61192
2023-05-09 21:02:40,pp2308,pp2308,7264.0,0.0,0.0,0.0,33,7263.0,7265.0,35,7276.0,7266.0,7276.0,7259.0,945.0,34333095.0,61192
2023-05-09 21:02:41,pp2308,pp2308,7264.0,0.0,0.0,0.0,21,7263.0,7264.0,9,7276.0,7266.0,7276.0,7259.0,945.0,34333095.0,61192
2023-05-09 21:02:41,pp2308,pp2308,7264.0,0.0,0.0,0.0,21,7263.0,7264.0,15,7276.0,7266.0,7276.0,7259.0,945.0,34333095.0,61192
2023-05-09 21:02:41,pp2308,pp2308,7264.0,0.0,0.0,0.0,24,7263.0,7264.0,15,7276.0,7266.0,7276.0,7259.0,945.0,34333095.0,61192
2023-05-09 21:02:42,pp2308,pp2308,7264.0,0.0,0.0,0.0,37,7263.0,7264.0,3,7276.0,7266.0,7276.0,7259.0,945.0,34333095.0,61192
2023-05-09 21:02:43,pp2308,pp2308,7264.0,0.0,0.0,0.0,33,7263.0,7264.0,6,7276.0,7266.0,7276.0,7259.0,945.0,34333095.0,61192
2023-05-09 21:02:43,pp2308,pp2308,7262.0,20.0,726285.0,9.0,37,7262.0,7263.0,9,7276.0,7266.0,7276.0,7259.0,965.0,35059380.0,61201
2023-05-09 21:02:44,pp2308,pp2308,7262.0,0.0,0.0,0.0,31,7262.0,7263.0,9,7276.0,7266.0,7276.0,7259.0,965.0,35059380.0,61201
2023-05-09 21:02:44,pp2308,pp2308,7262.0,4.0,145240.0,4.0,12,7262.0,7263.0,32,7276.0,7266.0,7276.0,7259.0,969.0,35204620.0,61205
2023-05-09 21:02:45,pp2308,pp2308,7262.0,0.0,0.0,0.0,19,7262.0,7263.0,19,7276.0,7266.0,7276.0,7259.0,969.0,35204620.0,61205
2023-05-09 21:02:45,pp2308,pp2308,7262.0,0.0,0.0,0.0,16,7262.0,7263.0,15,7276.0,7266.0,7276.0,7259.0,969.0,35204620.0,61205
2023-05-09 21:02:46,pp2308,pp2308,7263.0,7.0,254205.0,-4.0,16,7262.0,7263.0,8,7276.0,7266.0,7276.0,7259.0,976.0,35458825.0,61201
2023-05-09 21:02:46,pp2308,pp2308,7263.0,9.0,326835.0,2.0,1,7263.0,7264.0,21,7276.0,7266.0,7276.0,7259.0,985.0,35785660.0,61203
2023-05-09 21:02:47,pp2308,pp2308,7263.0,0.0,0.0,0.0,1,7263.0,7264.0,27,7276.0,7266.0,7276.0,7259.0,985.0,35785660.0,61203
2023-05-09 21:02:47,pp2308,pp2308,7263.0,0.0,0.0,0.0,1,7263.0,7264.0,28,7276.0,7266.0,7276.0,7259.0,985.0,35785660.0,61203
2023-05-09 21:02:48,pp2308,pp2308,7263.0,0.0,0.0,0.0,1,7263.0,7264.0,25,7276.0,7266.0,7276.0,7259.0,985.0,35785660.0,61203
2023-05-09 21:02:48,pp2308,pp2308,7263.0,0.0,0.0,0.0,1,7263.0,7264.0,28,7276.0,7266.0,7276.0,7259.0,985.0,35785660.0,61203
2023-05-09 21:02:49,pp2308,pp2308,7263.0,0.0,0.0,0.0,1,7263.0,7264.0,34,7276.0,7266.0,7276.0,7259.0,985.0,35785660.0,61203
2023-05-09 21:02:49,pp2308,pp2308,7263.0,1.0,36315.0,1.0,23,7262.0,7264.0,34,7276.0,7266.0,7276.0,7259.0,986.0,35821975.0,61204
2023-05-09 21:02:50,pp2308,pp2308,7263.0,0.0,0.0,0.0,20,7262.0,7264.0,38,7276.0,7266.0,7276.0,7259.0,986.0,35821975.0,61204
2023-05-09 21:02:50,pp2308,pp2308,7263.0,0.0,0.0,0.0,16,7262.0,7263.0,9,7276.0,7266.0,7276.0,7259.0,986.0,35821975.0,61204
2023-05-09 21:02:50,pp2308,pp2308,7263.0,0.0,0.0,0.0,16,7262.0,7263.0,3,7276.0,7266.0,7276.0,7259.0,986.0,35821975.0,61204
2023-05-09 21:02:51,pp2308,pp2308,7263.0,0.0,0.0,0.0,19,7262.0,7264.0,39,7276.0,7266.0,7276.0,7259.0,986.0,35821975.0,61204
2023-05-09 21:02:52,pp2308,pp2308,7263.0,0.0,0.0,0.0,22,7262.0,7264.0,41,7276.0,7266.0,7276.0,7259.0,986.0,35821975.0,61204
2023-05-09 21:02:52,pp2308,pp2308,7263.0,0.0,0.0,0.0,9,7262.0,7263.0,12,7276.0,7266.0,7276.0,7259.0,986.0,35821975.0,61204
2023-05-09 21:02:53,pp2308,pp2308,7262.0,5.0,181550.0,2.0,23,7261.0,7262.0,5,7276.0,7266.0,7276.0,7259.0,991.0,36003525.0,61206
2023-05-09 21:02:53,pp2308,pp2308,7262.0,0.0,0.0,0.0,15,7261.0,7262.0,5,7276.0,7266.0,7276.0,7259.0,991.0,36003525.0,61206
2023-05-09 21:02:54,pp2308,pp2308,7262.0,8.0,290480.0,-3.0,9,7262.0,7263.0,10,7276.0,7266.0,7276.0,7259.0,999.0,36294005.0,61203
2023-05-09 21:02:54,pp2308,pp2308,7262.0,0.0,0.0,0.0,26,7262.0,7263.0,1,7276.0,7266.0,7276.0,7259.0,999.0,36294005.0,61203
2023-05-09 21:02:55,pp2308,pp2308,7262.0,0.0,0.0,0.0,26,7262.0,7264.0,39,7276.0,7266.0,7276.0,7259.0,999.0,36294005.0,61203
2023-05-09 21:02:56,pp2308,pp2308,7262.0,0.0,0.0,0.0,30,7262.0,7264.0,40,7276.0,7266.0,7276.0,7259.0,999.0,36294005.0,61203
2023-05-09 21:02:57,pp2308,pp2308,7262.0,0.0,0.0,0.0,33,7262.0,7264.0,40,7276.0,7266.0,7276.0,7259.0,999.0,36294005.0,61203
2023-05-09 21:02:57,pp2308,pp2308,7262.0,0.0,0.0,0.0,33,7262.0,7264.0,41,7276.0,7266.0,7276.0,7259.0,999.0,36294005.0,61203
2023-05-09 21:02:58,pp2308,pp2308,7262.0,0.0,0.0,0.0,16,7263.0,7264.0,20,7276.0,7266.0,7276.0,7259.0,999.0,36294005.0,61203
2023-05-09 21:02:59,pp2308,pp2308,7262.0,0.0,0.0,0.0,21,7263.0,7264.0,19,7276.0,7266.0,7276.0,7259.0,999.0,36294005.0,61203
2023-05-09 21:02:59,pp2308,pp2308,7262.0,0.0,0.0,0.0,18,7263.0,7264.0,22,7276.0,7266.0,7276.0,7259.0,999.0,36294005.0,61203
2023-05-09 21:03:00,pp2308,pp2308,7262.0,0.0,0.0,0.0,21,7263.0,7264.0,19,7276.0,7266.0,7276.0,7259.0,999.0,36294005.0,61203
2023-05-09 21:03:01,pp2308,pp2308,7262.0,0.0,0.0,0.0,18,7263.0,7264.0,23,7276.0,7266.0,7276.0,7259.0,999.0,36294005.0,61203
2023-05-09 21:03:01,pp2308,pp2308,7262.0,0.0,0.0,0.0,21,7263.0,7264.0,20,7276.0,7266.0,7276.0,7259.0,999.0,36294005.0,61203
2023-05-09 21:03:02,pp2308,pp2308,7263.0,22.0,798930.0,0.0,36,7262.0,7263.0,5,7276.0,7266.0,7276.0,7259.0,1021.0,37092935.0,61203
2023-05-09 21:03:02,pp2308,pp2308,7264.0,4.0,145265.0,-2.0,13,7263.0,7264.0,25,7276.0,7266.0,7276.0,7259.0,1025.0,37238200.0,61201
2023-05-09 21:03:03,pp2308,pp2308,7263.0,5.0,181575.0,0.0,36,7262.0,7264.0,32,7276.0,7266.0,7276.0,7259.0,1030.0,37419775.0,61201
2023-05-09 21:03:03,pp2308,pp2308,7263.0,0.0,0.0,0.0,9,7262.0,7264.0,40,7276.0,7266.0,7276.0,7259.0,1030.0,37419775.0,61201
2023-05-09 21:03:04,pp2308,pp2308,7263.0,0.0,0.0,0.0,3,7262.0,7263.0,4,7276.0,7266.0,7276.0,7259.0,1030.0,37419775.0,61201
2023-05-09 21:03:04,pp2308,pp2308,7263.0,3.0,108945.0,0.0,16,7262.0,7264.0,45,7276.0,7266.0,7276.0,7259.0,1033.0,37528720.0,61201
2023-05-09 21:03:05,pp2308,pp2308,7264.0,24.0,871680.0,18.0,6,7264.0,7265.0,35,7276.0,7266.0,7276.0,7259.0,1057.0,38400400.0,61219
2023-05-09 21:03:05,pp2308,pp2308,7265.0,36.0,1307700.0,20.0,29,7264.0,7266.0,29,7276.0,7266.0,7276.0,7259.0,1093.0,39708100.0,61239
2023-05-09 21:03:06,pp2308,pp2308,7265.0,0.0,0.0,0.0,39,7264.0,7266.0,26,7276.0,7266.0,7276.0,7259.0,1093.0,39708100.0,61239
2023-05-09 21:03:06,pp2308,pp2308,7265.0,0.0,0.0,0.0,24,7264.0,7266.0,28,7276.0,7266.0,7276.0,7259.0,1093.0,39708100.0,61239
2023-05-09 21:03:07,pp2308,pp2308,7265.0,0.0,0.0,0.0,40,7264.0,7266.0,27,7276.0,7266.0,7276.0,7259.0,1093.0,39708100.0,61239
2023-05-09 21:03:07,pp2308,pp2308,7265.0,0.0,0.0,0.0,39,7264.0,7266.0,12,7276.0,7266.0,7276.0,7259.0,1093.0,39708100.0,61239
2023-05-09 21:03:08,pp2308,pp2308,7265.0,0.0,0.0,0.0,19,7265.0,7266.0,9,7276.0,7266.0,7276.0,7259.0,1093.0,39708100.0,61239
2023-05-09 21:03:08,pp2308,pp2308,7266.0,11.0,399630.0,0.0,34,7265.0,7267.0,21,7276.0,7266.0,7276.0,7259.0,1104.0,40107730.0,61239
2023-05-09 21:03:09,pp2308,pp2308,7266.0,0.0,0.0,0.0,6,7266.0,7267.0,21,7276.0,7266.0,7276.0,7259.0,1104.0,40107730.0,61239
2023-05-09 21:03:09,pp2308,pp2308,7266.0,0.0,0.0,0.0,33,7265.0,7267.0,21,7276.0,7266.0,7276.0,7259.0,1104.0,40107730.0,61239
2023-05-09 21:03:10,pp2308,pp2308,7266.0,0.0,0.0,0.0,36,7265.0,7267.0,21,7276.0,7266.0,7276.0,7259.0,1104.0,40107730.0,61239
2023-05-09 21:03:10,pp2308,pp2308,7266.0,0.0,0.0,0.0,36,7265.0,7267.0,26,7276.0,7266.0,7276.0,7259.0,1104.0,40107730.0,61239
2023-05-09 21:03:11,pp2308,pp2308,7266.0,0.0,0.0,0.0,42,7265.0,7267.0,23,7276.0,7266.0,7276.0,7259.0,1104.0,40107730.0,61239
2023-05-09 21:03:12,pp2308,pp2308,7267.0,5.0,181675.0,5.0,24,7266.0,7267.0,13,7276.0,7266.0,7276.0,7259.0,1109.0,40289405.0,61244
2023-05-09 21:03:12,pp2308,pp2308,7267.0,0.0,0.0,0.0,27,7266.0,7267.0,8,7276.0,7266.0,7276.0,7259.0,1109.0,40289405.0,61244
2023-05-09 21:03:13,pp2308,pp2308,7267.0,0.0,0.0,0.0,30,7266.0,7267.0,8,7276.0,7266.0,7276.0,7259.0,1109.0,40289405.0,61244
2023-05-09 21:03:13,pp2308,pp2308,7267.0,0.0,0.0,0.0,27,7266.0,7267.0,8,7276.0,7266.0,7276.0,7259.0,1109.0,40289405.0,61244
2023-05-09 21:03:14,pp2308,pp2308,7267.0,11.0,399685.0,8.0,31,7266.0,7268.0,24,7276.0,7266.0,7276.0,7259.0,1120.0,40689090.0,61252
2023-05-09 21:03:15,pp2308,pp2308,7267.0,0.0,0.0,0.0,26,7266.0,7268.0,35,7276.0,7266.0,7276.0,7259.0,1120.0,40689090.0,61252
2023-05-09 21:03:15,pp2308,pp2308,7267.0,0.0,0.0,0.0,20,7266.0,7268.0,38,7276.0,7266.0,7276.0,7259.0,1120.0,40689090.0,61252
2023-05-09 21:03:16,pp2308,pp2308,7267.0,0.0,0.0,0.0,42,7266.0,7268.0,25,7276.0,7266.0,7276.0,7259.0,1120.0,40689090.0,61252
2023-05-09 21:03:16,pp2308,pp2308,7267.0,0.0,0.0,0.0,31,7266.0,7268.0,29,7276.0,7266.0,7276.0,7259.0,1120.0,40689090.0,61252
2023-05-09 21:03:17,pp2308,pp2308,7267.0,0.0,0.0,0.0,27,7266.0,7268.0,32,7276.0,7266.0,7276.0,7259.0,1120.0,40689090.0,61252
2023-05-09 21:03:17,pp2308,pp2308,7267.0,0.0,0.0,0.0,26,7266.0,7268.0,36,7276.0,7266.0,7276.0,7259.0,1120.0,40689090.0,61252
2023-05-09 21:03:20,pp2308,pp2308,7267.0,0.0,0.0,0.0,12,7267.0,7268.0,6,7276.0,7266.0,7276.0,7259.0,1120.0,40689090.0,61252
2023-05-09 21:03:21,pp2308,pp2308,7267.0,0.0,0.0,0.0,9,7267.0,7268.0,5,7276.0,7266.0,7276.0,7259.0,1120.0,40689090.0,61252
2023-05-09 21:03:21,pp2308,pp2308,7268.0,5.0,181700.0,0.0,14,7267.0,7268.0,5,7276.0,7266.0,7276.0,7259.0,1125.0,40870790.0,61252
2023-05-09 21:03:22,pp2308,pp2308,7270.0,32.0,1163030.0,3.0,8,7269.0,7270.0,15,7276.0,7266.0,7276.0,7259.0,1157.0,42033820.0,61255
2023-05-09 21:03:22,pp2308,pp2308,7268.0,17.0,617820.0,-15.0,5,7268.0,7269.0,3,7276.0,7266.0,7276.0,7259.0,1174.0,42651640.0,61240
2023-05-09 21:03:23,pp2308,pp2308,7268.0,5.0,181700.0,-5.0,27,7267.0,7268.0,3,7276.0,7266.0,7276.0,7259.0,1179.0,42833340.0,61235
2023-05-09 21:03:23,pp2308,pp2308,7268.0,0.0,0.0,0.0,27,7266.0,7268.0,31,7276.0,7266.0,7276.0,7259.0,1179.0,42833340.0,61235
2023-05-09 21:03:24,pp2308,pp2308,7268.0,0.0,0.0,0.0,3,7266.0,7267.0,13,7276.0,7266.0,7276.0,7259.0,1179.0,42833340.0,61235
2023-05-09 21:03:24,pp2308,pp2308,7268.0,0.0,0.0,0.0,12,7265.0,7267.0,28,7276.0,7266.0,7276.0,7259.0,1179.0,42833340.0,61235
2023-05-09 21:03:25,pp2308,pp2308,7268.0,0.0,0.0,0.0,13,7265.0,7267.0,31,7276.0,7266.0,7276.0,7259.0,1179.0,42833340.0,61235
2023-05-09 21:03:25,pp2308,pp2308,7268.0,0.0,0.0,0.0,13,7265.0,7266.0,3,7276.0,7266.0,7276.0,7259.0,1179.0,42833340.0,61235
2023-05-09 21:03:26,pp2308,pp2308,7268.0,0.0,0.0,0.0,9,7265.0,7267.0,36,7276.0,7266.0,7276.0,7259.0,1179.0,42833340.0,61235
2023-05-09 21:03:26,pp2308,pp2308,7268.0,0.0,0.0,0.0,9,7265.0,7267.0,37,7276.0,7266.0,7276.0,7259.0,1179.0,42833340.0,61235
2023-05-09 21:03:27,pp2308,pp2308,7268.0,0.0,0.0,0.0,9,7265.0,7267.0,40,7276.0,7266.0,7276.0,7259.0,1179.0,42833340.0,61235
2023-05-09 21:03:27,pp2308,pp2308,7268.0,0.0,0.0,0.0,16,7265.0,7267.0,32,7276.0,7266.0,7276.0,7259.0,1179.0,42833340.0,61235
2023-05-09 21:03:28,pp2308,pp2308,7268.0,0.0,0.0,0.0,22,7265.0,7267.0,34,7276.0,7266.0,7276.0,7259.0,1179.0,42833340.0,61235
2023-05-09 21:03:28,pp2308,pp2308,7268.0,0.0,0.0,0.0,22,7265.0,7267.0,37,7276.0,7266.0,7276.0,7259.0,1179.0,42833340.0,61235
2023-05-09 21:03:29,pp2308,pp2308,7268.0,0.0,0.0,0.0,15,7265.0,7267.0,44,7276.0,7266.0,7276.0,7259.0,1179.0,42833340.0,61235
2023-05-09 21:03:29,pp2308,pp2308,7268.0,0.0,0.0,0.0,16,7266.0,7267.0,20,7276.0,7266.0,7276.0,7259.0,1179.0,42833340.0,61235
2023-05-09 21:03:30,pp2308,pp2308,7268.0,0.0,0.0,0.0,14,7266.0,7267.0,11,7276.0,7266.0,7276.0,7259.0,1179.0,42833340.0,61235
2023-05-09 21:03:30,pp2308,pp2308,7268.0,0.0,0.0,0.0,44,7265.0,7267.0,21,7276.0,7266.0,7276.0,7259.0,1179.0,42833340.0,61235
2023-05-09 21:03:30,pp2308,pp2308,7268.0,0.0,0.0,0.0,37,7265.0,7267.0,24,7276.0,7266.0,7276.0,7259.0,1179.0,42833340.0,61235
2023-05-09 21:03:31,pp2308,pp2308,7268.0,0.0,0.0,0.0,27,7265.0,7267.0,37,7276.0,7266.0,7276.0,7259.0,1179.0,42833340.0,61235
2023-05-09 21:03:32,pp2308,pp2308,7268.0,0.0,0.0,0.0,40,7265.0,7267.0,33,7276.0,7266.0,7276.0,7259.0,1179.0,42833340.0,61235
2023-05-09 21:03:32,pp2308,pp2308,7268.0,0.0,0.0,0.0,34,7265.0,7267.0,30,7276.0,7266.0,7276.0,7259.0,1179.0,42833340.0,61235
2023-05-09 21:03:33,pp2308,pp2308,7268.0,0.0,0.0,0.0,26,7265.0,7267.0,37,7276.0,7266.0,7276.0,7259.0,1179.0,42833340.0,61235
2023-05-09 21:03:33,pp2308,pp2308,7268.0,0.0,0.0,0.0,23,7265.0,7267.0,40,7276.0,7266.0,7276.0,7259.0,1179.0,42833340.0,61235
2023-05-09 21:03:34,pp2308,pp2308,7268.0,0.0,0.0,0.0,27,7265.0,7267.0,40,7276.0,7266.0,7276.0,7259.0,1179.0,42833340.0,61235
2023-05-09 21:03:36,pp2308,pp2308,7268.0,0.0,0.0,0.0,28,7265.0,7267.0,40,7276.0,7266.0,7276.0,7259.0,1179.0,42833340.0,61235
2023-05-09 21:03:37,pp2308,pp2308,7267.0,10.0,363350.0,10.0,37,7265.0,7267.0,21,7276.0,7266.0,7276.0,7259.0,1189.0,43196690.0,61245
2023-05-09 21:03:37,pp2308,pp2308,7267.0,0.0,0.0,0.0,19,7266.0,7267.0,3,7276.0,7266.0,7276.0,7259.0,1189.0,43196690.0,61245
2023-05-09 21:03:38,pp2308,pp2308,7267.0,1.0,36335.0,1.0,2,7267.0,7268.0,27,7276.0,7266.0,7276.0,7259.0,1190.0,43233025.0,61246
2023-05-09 21:03:38,pp2308,pp2308,7267.0,0.0,0.0,0.0,3,7267.0,7268.0,24,7276.0,7266.0,7276.0,7259.0,1190.0,43233025.0,61246
2023-05-09 21:03:39,pp2308,pp2308,7267.0,0.0,0.0,0.0,3,7267.0,7268.0,25,7276.0,7266.0,7276.0,7259.0,1190.0,43233025.0,61246
2023-05-09 21:03:39,pp2308,pp2308,7267.0,0.0,0.0,0.0,7,7267.0,7268.0,24,7276.0,7266.0,7276.0,7259.0,1190.0,43233025.0,61246
2023-05-09 21:03:40,pp2308,pp2308,7267.0,0.0,0.0,0.0,3,7267.0,7268.0,24,7276.0,7266.0,7276.0,7259.0,1190.0,43233025.0,61246
2023-05-09 21:03:40,pp2308,pp2308,7267.0,3.0,109005.0,0.0,26,7266.0,7268.0,31,7276.0,7266.0,7276.0,7259.0,1193.0,43342030.0,61246
2023-05-09 21:03:41,pp2308,pp2308,7267.0,0.0,0.0,0.0,17,7266.0,7268.0,37,7276.0,7266.0,7276.0,7259.0,1193.0,43342030.0,61246
2023-05-09 21:03:41,pp2308,pp2308,7267.0,0.0,0.0,0.0,14,7266.0,7268.0,37,7276.0,7266.0,7276.0,7259.0,1193.0,43342030.0,61246
2023-05-09 21:03:42,pp2308,pp2308,7267.0,0.0,0.0,0.0,18,7266.0,7268.0,37,7276.0,7266.0,7276.0,7259.0,1193.0,43342030.0,61246
2023-05-09 21:03:42,pp2308,pp2308,7267.0,0.0,0.0,0.0,21,7266.0,7268.0,37,7276.0,7266.0,7276.0,7259.0,1193.0,43342030.0,61246
2023-05-09 21:03:43,pp2308,pp2308,7267.0,0.0,0.0,0.0,37,7266.0,7268.0,34,7276.0,7266.0,7276.0,7259.0,1193.0,43342030.0,61246
2023-05-09 21:03:43,pp2308,pp2308,7267.0,0.0,0.0,0.0,40,7266.0,7268.0,32,7276.0,7266.0,7276.0,7259.0,1193.0,43342030.0,61246
2023-05-09 21:03:44,pp2308,pp2308,7267.0,0.0,0.0,0.0,43,7266.0,7268.0,25,7276.0,7266.0,7276.0,7259.0,1193.0,43342030.0,61246
2023-05-09 21:03:44,pp2308,pp2308,7267.0,0.0,0.0,0.0,18,7266.0,7267.0,4,7276.0,7266.0,7276.0,7259.0,1193.0,43342030.0,61246
2023-05-09 21:03:45,pp2308,pp2308,7267.0,0.0,0.0,0.0,12,7266.0,7267.0,4,7276.0,7266.0,7276.0,7259.0,1193.0,43342030.0,61246
2023-05-09 21:03:45,pp2308,pp2308,7267.0,0.0,0.0,0.0,9,7266.0,7267.0,4,7276.0,7266.0,7276.0,7259.0,1193.0,43342030.0,61246
2023-05-09 21:03:46,pp2308,pp2308,7267.0,0.0,0.0,0.0,9,7266.0,7268.0,40,7276.0,7266.0,7276.0,7259.0,1193.0,43342030.0,61246
2023-05-09 21:03:47,pp2308,pp2308,7267.0,0.0,0.0,0.0,9,7266.0,7267.0,4,7276.0,7266.0,7276.0,7259.0,1193.0,43342030.0,61246
2023-05-09 21:03:48,pp2308,pp2308,7267.0,0.0,0.0,0.0,9,7267.0,7268.0,21,7276.0,7266.0,7276.0,7259.0,1193.0,43342030.0,61246
2023-05-09 21:03:48,pp2308,pp2308,7267.0,0.0,0.0,0.0,9,7267.0,7268.0,14,7276.0,7266.0,7276.0,7259.0,1193.0,43342030.0,61246
2023-05-09 21:03:49,pp2308,pp2308,7267.0,0.0,0.0,0.0,13,7267.0,7268.0,12,7276.0,7266.0,7276.0,7259.0,1193.0,43342030.0,61246
2023-05-09 21:03:49,pp2308,pp2308,7268.0,4.0,145360.0,4.0,9,7267.0,7268.0,5,7276.0,7266.0,7276.0,7259.0,1197.0,43487390.0,61250
2023-05-09 21:03:50,pp2308,pp2308,7268.0,0.0,0.0,0.0,17,7267.0,7268.0,5,7276.0,7266.0,7276.0,7259.0,1197.0,43487390.0,61250
2023-05-09 21:03:50,pp2308,pp2308,7268.0,0.0,0.0,0.0,15,7267.0,7268.0,7,7276.0,7266.0,7276.0,7259.0,1197.0,43487390.0,61250
2023-05-09 21:03:50,pp2308,pp2308,7268.0,0.0,0.0,0.0,12,7267.0,7268.0,7,7276.0,7266.0,7276.0,7259.0,1197.0,43487390.0,61250
2023-05-09 21:03:53,pp2308,pp2308,7267.0,12.0,436020.0,-9.0,39,7266.0,7268.0,31,7276.0,7266.0,7276.0,7259.0,1209.0,43923410.0,61241
2023-05-09 21:03:53,pp2308,pp2308,7266.0,7.0,254310.0,7.0,3,7266.0,7267.0,7,7276.0,7266.0,7276.0,7259.0,1216.0,44177720.0,61248
2023-05-09 21:03:54,pp2308,pp2308,7266.0,0.0,0.0,0.0,41,7265.0,7267.0,9,7276.0,7266.0,7276.0,7259.0,1216.0,44177720.0,61248
2023-05-09 21:03:54,pp2308,pp2308,7266.0,0.0,0.0,0.0,44,7265.0,7267.0,6,7276.0,7266.0,7276.0,7259.0,1216.0,44177720.0,61248
2023-05-09 21:03:55,pp2308,pp2308,7267.0,6.0,218010.0,6.0,31,7266.0,7268.0,44,7276.0,7266.0,7276.0,7259.0,1222.0,44395730.0,61254
2023-05-09 21:03:56,pp2308,pp2308,7267.0,0.0,0.0,0.0,38,7266.0,7268.0,41,7276.0,7266.0,7276.0,7259.0,1222.0,44395730.0,61254
2023-05-09 21:03:56,pp2308,pp2308,7267.0,0.0,0.0,0.0,41,7266.0,7268.0,41,7276.0,7266.0,7276.0,7259.0,1222.0,44395730.0,61254
2023-05-09 21:03:57,pp2308,pp2308,7267.0,0.0,0.0,0.0,44,7266.0,7268.0,35,7276.0,7266.0,7276.0,7259.0,1222.0,44395730.0,61254
2023-05-09 21:03:58,pp2308,pp2308,7267.0,0.0,0.0,0.0,41,7266.0,7268.0,38,7276.0,7266.0,7276.0,7259.0,1222.0,44395730.0,61254
2023-05-09 21:03:58,pp2308,pp2308,7267.0,0.0,0.0,0.0,22,7266.0,7268.0,44,7276.0,7266.0,7276.0,7259.0,1222.0,44395730.0,61254
2023-05-09 21:03:59,pp2308,pp2308,7267.0,0.0,0.0,0.0,19,7266.0,7268.0,44,7276.0,7266.0,7276.0,7259.0,1222.0,44395730.0,61254
2023-05-09 21:03:59,pp2308,pp2308,7267.0,0.0,0.0,0.0,37,7266.0,7268.0,35,7276.0,7266.0,7276.0,7259.0,1222.0,44395730.0,61254
2023-05-09 21:04:00,pp2308,pp2308,7267.0,0.0,0.0,0.0,40,7266.0,7268.0,35,7276.0,7266.0,7276.0,7259.0,1222.0,44395730.0,61254
2023-05-09 21:04:00,pp2308,pp2308,7267.0,0.0,0.0,0.0,24,7266.0,7267.0,4,7276.0,7266.0,7276.0,7259.0,1222.0,44395730.0,61254
2023-05-09 21:04:01,pp2308,pp2308,7267.0,0.0,0.0,0.0,9,7266.0,7267.0,16,7276.0,7266.0,7276.0,7259.0,1222.0,44395730.0,61254
2023-05-09 21:04:01,pp2308,pp2308,7266.0,9.0,326970.0,6.0,3,7265.0,7266.0,15,7276.0,7266.0,7276.0,7259.0,1231.0,44722700.0,61260
2023-05-09 21:04:02,pp2308,pp2308,7266.0,0.0,0.0,0.0,27,7264.0,7266.0,23,7276.0,7266.0,7276.0,7259.0,1231.0,44722700.0,61260
2023-05-09 21:04:03,pp2308,pp2308,7266.0,0.0,0.0,0.0,31,7264.0,7266.0,23,7276.0,7266.0,7276.0,7259.0,1231.0,44722700.0,61260
2023-05-09 21:04:03,pp2308,pp2308,7266.0,0.0,0.0,0.0,34,7264.0,7266.0,27,7276.0,7266.0,7276.0,7259.0,1231.0,44722700.0,61260
2023-05-09 21:04:04,pp2308,pp2308,7266.0,0.0,0.0,0.0,30,7264.0,7266.0,27,7276.0,7266.0,7276.0,7259.0,1231.0,44722700.0,61260
2023-05-09 21:04:04,pp2308,pp2308,7266.0,0.0,0.0,0.0,30,7264.0,7266.0,30,7276.0,7266.0,7276.0,7259.0,1231.0,44722700.0,61260
2023-05-09 21:04:05,pp2308,pp2308,7266.0,0.0,0.0,0.0,34,7264.0,7266.0,33,7276.0,7266.0,7276.0,7259.0,1231.0,44722700.0,61260
2023-05-09 21:04:06,pp2308,pp2308,7266.0,0.0,0.0,0.0,26,7264.0,7266.0,34,7276.0,7266.0,7276.0,7259.0,1231.0,44722700.0,61260
2023-05-09 21:04:06,pp2308,pp2308,7266.0,0.0,0.0,0.0,34,7264.0,7266.0,37,7276.0,7266.0,7276.0,7259.0,1231.0,44722700.0,61260
2023-05-09 21:04:08,pp2308,pp2308,7266.0,0.0,0.0,0.0,34,7264.0,7266.0,34,7276.0,7266.0,7276.0,7259.0,1231.0,44722700.0,61260
2023-05-09 21:04:08,pp2308,pp2308,7266.0,33.0,1198890.0,14.0,6,7266.0,7267.0,28,7276.0,7266.0,7276.0,7259.0,1264.0,45921590.0,61274
2023-05-09 21:04:09,pp2308,pp2308,7266.0,0.0,0.0,0.0,6,7266.0,7267.0,25,7276.0,7266.0,7276.0,7259.0,1264.0,45921590.0,61274
2023-05-09 21:04:09,pp2308,pp2308,7266.0,0.0,0.0,0.0,6,7266.0,7267.0,31,7276.0,7266.0,7276.0,7259.0,1264.0,45921590.0,61274
2023-05-09 21:04:10,pp2308,pp2308,7268.0,49.0,1780545.0,40.0,6,7268.0,7269.0,24,7276.0,7266.0,7276.0,7259.0,1313.0,47702135.0,61314
2023-05-09 21:04:10,pp2308,pp2308,7268.0,0.0,0.0,0.0,27,7268.0,7269.0,5,7276.0,7266.0,7276.0,7259.0,1313.0,47702135.0,61314
2023-05-09 21:04:11,pp2308,pp2308,7268.0,0.0,0.0,0.0,33,7268.0,7269.0,5,7276.0,7266.0,7276.0,7259.0,1313.0,47702135.0,61314
2023-05-09 21:04:11,pp2308,pp2308,7268.0,10.0,363400.0,-7.0,15,7268.0,7269.0,17,7276.0,7266.0,7276.0,7259.0,1323.0,48065535.0,61307
2023-05-09 21:04:12,pp2308,pp2308,7268.0,0.0,0.0,0.0,6,7268.0,7269.0,17,7276.0,7266.0,7276.0,7259.0,1323.0,48065535.0,61307
2023-05-09 21:04:12,pp2308,pp2308,7268.0,0.0,0.0,0.0,3,7268.0,7269.0,23,7276.0,7266.0,7276.0,7259.0,1323.0,48065535.0,61307
2023-05-09 21:04:15,pp2308,pp2308,7268.0,0.0,0.0,0.0,3,7268.0,7269.0,17,7276.0,7266.0,7276.0,7259.0,1323.0,48065535.0,61307
2023-05-09 21:04:17,pp2308,pp2308,7268.0,3.0,109020.0,0.0,30,7267.0,7269.0,20,7276.0,7266.0,7276.0,7259.0,1326.0,48174555.0,61307
2023-05-09 21:04:17,pp2308,pp2308,7268.0,0.0,0.0,0.0,36,7267.0,7269.0,17,7276.0,7266.0,7276.0,7259.0,1326.0,48174555.0,61307
2023-05-09 21:04:19,pp2308,pp2308,7267.0,41.0,1489735.0,-13.0,31,7266.0,7267.0,1,7276.0,7266.0,7276.0,7259.0,1367.0,49664290.0,61294
2023-05-09 21:04:19,pp2308,pp2308,7267.0,1.0,36335.0,1.0,23,7266.0,7268.0,32,7276.0,7266.0,7276.0,7259.0,1368.0,49700625.0,61295
2023-05-09 21:04:20,pp2308,pp2308,7267.0,0.0,0.0,0.0,23,7266.0,7267.0,3,7276.0,7266.0,7276.0,7259.0,1368.0,49700625.0,61295
2023-05-09 21:04:20,pp2308,pp2308,7267.0,0.0,0.0,0.0,27,7266.0,7267.0,3,7276.0,7266.0,7276.0,7259.0,1368.0,49700625.0,61295
2023-05-09 21:04:22,pp2308,pp2308,7267.0,3.0,109005.0,-3.0,9,7267.0,7268.0,13,7276.0,7266.0,7276.0,7259.0,1371.0,49809630.0,61292
2023-05-09 21:04:22,pp2308,pp2308,7267.0,0.0,0.0,0.0,9,7267.0,7268.0,1,7276.0,7266.0,7276.0,7259.0,1371.0,49809630.0,61292
2023-05-09 21:04:24,pp2308,pp2308,7267.0,9.0,327015.0,-9.0,36,7266.0,7268.0,13,7276.0,7266.0,7276.0,7259.0,1380.0,50136645.0,61283
2023-05-09 21:04:24,pp2308,pp2308,7267.0,0.0,0.0,0.0,33,7266.0,7268.0,15,7276.0,7266.0,7276.0,7259.0,1380.0,50136645.0,61283
2023-05-09 21:04:25,pp2308,pp2308,7267.0,0.0,0.0,0.0,33,7266.0,7268.0,18,7276.0,7266.0,7276.0,7259.0,1380.0,50136645.0,61283
2023-05-09 21:04:25,pp2308,pp2308,7267.0,0.0,0.0,0.0,33,7266.0,7268.0,21,7276.0,7266.0,7276.0,7259.0,1380.0,50136645.0,61283
2023-05-09 21:04:33,pp2308,pp2308,7266.0,32.0,1162560.0,6.0,33,7265.0,7266.0,8,7276.0,7266.0,7276.0,7259.0,1412.0,51299205.0,61289
2023-05-09 21:04:33,pp2308,pp2308,7266.0,0.0,0.0,0.0,37,7264.0,7266.0,36,7276.0,7266.0,7276.0,7259.0,1412.0,51299205.0,61289
2023-05-09 21:04:34,pp2308,pp2308,7266.0,0.0,0.0,0.0,30,7264.0,7266.0,35,7276.0,7266.0,7276.0,7259.0,1412.0,51299205.0,61289
2023-05-09 21:04:34,pp2308,pp2308,7266.0,0.0,0.0,0.0,23,7264.0,7266.0,44,7276.0,7266.0,7276.0,7259.0,1412.0,51299205.0,61289
2023-05-09 21:04:35,pp2308,pp2308,7266.0,0.0,0.0,0.0,6,7264.0,7265.0,9,7276.0,7266.0,7276.0,7259.0,1412.0,51299205.0,61289
2023-05-09 21:04:35,pp2308,pp2308,7266.0,0.0,0.0,0.0,3,7264.0,7265.0,16,7276.0,7266.0,7276.0,7259.0,1412.0,51299205.0,61289
2023-05-09 21:04:36,pp2308,pp2308,7266.0,0.0,0.0,0.0,3,7264.0,7265.0,13,7276.0,7266.0,7276.0,7259.0,1412.0,51299205.0,61289
2023-05-09 21:04:36,pp2308,pp2308,7266.0,0.0,0.0,0.0,3,7264.0,7265.0,19,7276.0,7266.0,7276.0,7259.0,1412.0,51299205.0,61289
2023-05-09 21:04:36,pp2308,pp2308,7266.0,0.0,0.0,0.0,3,7264.0,7265.0,22,7276.0,7266.0,7276.0,7259.0,1412.0,51299205.0,61289
2023-05-09 21:04:37,pp2308,pp2308,7266.0,0.0,0.0,0.0,3,7264.0,7265.0,16,7276.0,7266.0,7276.0,7259.0,1412.0,51299205.0,61289
2023-05-09 21:04:38,pp2308,pp2308,7266.0,0.0,0.0,0.0,3,7264.0,7265.0,22,7276.0,7266.0,7276.0,7259.0,1412.0,51299205.0,61289
2023-05-09 21:04:38,pp2308,pp2308,7266.0,0.0,0.0,0.0,3,7264.0,7265.0,28,7276.0,7266.0,7276.0,7259.0,1412.0,51299205.0,61289
2023-05-09 21:04:39,pp2308,pp2308,7264.0,3.0,108960.0,0.0,26,7263.0,7265.0,31,7276.0,7266.0,7276.0,7259.0,1415.0,51408165.0,61289
2023-05-09 21:04:39,pp2308,pp2308,7264.0,0.0,0.0,0.0,3,7263.0,7264.0,17,7276.0,7266.0,7276.0,7259.0,1415.0,51408165.0,61289
2023-05-09 21:04:40,pp2308,pp2308,7264.0,0.0,0.0,0.0,31,7262.0,7264.0,33,7276.0,7266.0,7276.0,7259.0,1415.0,51408165.0,61289
2023-05-09 21:04:40,pp2308,pp2308,7264.0,0.0,0.0,0.0,25,7262.0,7264.0,34,7276.0,7266.0,7276.0,7259.0,1415.0,51408165.0,61289
2023-05-09 21:04:41,pp2308,pp2308,7264.0,0.0,0.0,0.0,12,7263.0,7264.0,4,7276.0,7266.0,7276.0,7259.0,1415.0,51408165.0,61289
2023-05-09 21:04:42,pp2308,pp2308,7264.0,0.0,0.0,0.0,33,7262.0,7264.0,40,7276.0,7266.0,7276.0,7259.0,1415.0,51408165.0,61289
2023-05-09 21:04:42,pp2308,pp2308,7264.0,0.0,0.0,0.0,21,7262.0,7264.0,37,7276.0,7266.0,7276.0,7259.0,1415.0,51408165.0,61289
2023-05-09 21:04:43,pp2308,pp2308,7264.0,0.0,0.0,0.0,16,7262.0,7264.0,37,7276.0,7266.0,7276.0,7259.0,1415.0,51408165.0,61289
2023-05-09 21:04:43,pp2308,pp2308,7264.0,0.0,0.0,0.0,15,7262.0,7264.0,37,7276.0,7266.0,7276.0,7259.0,1415.0,51408165.0,61289
2023-05-09 21:04:43,pp2308,pp2308,7264.0,0.0,0.0,0.0,13,7262.0,7264.0,37,7276.0,7266.0,7276.0,7259.0,1415.0,51408165.0,61289
2023-05-09 21:04:45,pp2308,pp2308,7264.0,0.0,0.0,0.0,10,7262.0,7264.0,58,7276.0,7266.0,7276.0,7259.0,1415.0,51408165.0,61289
2023-05-09 21:04:46,pp2308,pp2308,7264.0,0.0,0.0,0.0,10,7262.0,7264.0,63,7276.0,7266.0,7276.0,7259.0,1415.0,51408165.0,61289
2023-05-09 21:04:46,pp2308,pp2308,7264.0,0.0,0.0,0.0,10,7262.0,7264.0,54,7276.0,7266.0,7276.0,7259.0,1415.0,51408165.0,61289
2023-05-09 21:04:48,pp2308,pp2308,7264.0,0.0,0.0,0.0,10,7262.0,7264.0,42,7276.0,7266.0,7276.0,7259.0,1415.0,51408165.0,61289
2023-05-09 21:04:49,pp2308,pp2308,7264.0,0.0,0.0,0.0,9,7263.0,7264.0,17,7276.0,7266.0,7276.0,7259.0,1415.0,51408165.0,61289
2023-05-09 21:04:49,pp2308,pp2308,7264.0,0.0,0.0,0.0,31,7262.0,7264.0,39,7276.0,7266.0,7276.0,7259.0,1415.0,51408165.0,61289
2023-05-09 21:04:50,pp2308,pp2308,7264.0,0.0,0.0,0.0,4,7262.0,7263.0,9,7276.0,7266.0,7276.0,7259.0,1415.0,51408165.0,61289
2023-05-09 21:04:50,pp2308,pp2308,7264.0,0.0,0.0,0.0,14,7262.0,7263.0,1,7276.0,7266.0,7276.0,7259.0,1415.0,51408165.0,61289
2023-05-09 21:04:52,pp2308,pp2308,7263.0,1.0,36315.0,0.0,14,7262.0,7264.0,44,7276.0,7266.0,7276.0,7259.0,1416.0,51444480.0,61289
2023-05-09 21:04:53,pp2308,pp2308,7263.0,0.0,0.0,0.0,20,7262.0,7264.0,44,7276.0,7266.0,7276.0,7259.0,1416.0,51444480.0,61289
2023-05-09 21:04:53,pp2308,pp2308,7263.0,0.0,0.0,0.0,23,7262.0,7264.0,44,7276.0,7266.0,7276.0,7259.0,1416.0,51444480.0,61289
2023-05-09 21:04:56,pp2308,pp2308,7263.0,0.0,0.0,0.0,23,7262.0,7264.0,41,7276.0,7266.0,7276.0,7259.0,1416.0,51444480.0,61289
2023-05-09 21:04:57,pp2308,pp2308,7263.0,0.0,0.0,0.0,20,7262.0,7264.0,44,7276.0,7266.0,7276.0,7259.0,1416.0,51444480.0,61289
2023-05-09 21:04:57,pp2308,pp2308,7263.0,0.0,0.0,0.0,17,7262.0,7264.0,44,7276.0,7266.0,7276.0,7259.0,1416.0,51444480.0,61289
2023-05-09 21:04:58,pp2308,pp2308,7263.0,0.0,0.0,0.0,17,7262.0,7264.0,47,7276.0,7266.0,7276.0,7259.0,1416.0,51444480.0,61289
2023-05-09 21:04:59,pp2308,pp2308,7263.0,0.0,0.0,0.0,13,7262.0,7264.0,54,7276.0,7266.0,7276.0,7259.0,1416.0,51444480.0,61289
2023-05-09 21:04:59,pp2308,pp2308,7263.0,0.0,0.0,0.0,14,7262.0,7263.0,3,7276.0,7266.0,7276.0,7259.0,1416.0,51444480.0,61289
2023-05-09 21:05:00,pp2308,pp2308,7263.0,3.0,108945.0,-3.0,14,7262.0,7264.0,42,7276.0,7266.0,7276.0,7259.0,1419.0,51553425.0,61286
2023-05-09 21:05:00,pp2308,pp2308,7263.0,0.0,0.0,0.0,10,7262.0,7264.0,63,7276.0,7266.0,7276.0,7259.0,1419.0,51553425.0,61286
2023-05-09 21:05:01,pp2308,pp2308,7263.0,0.0,0.0,0.0,1,7262.0,7263.0,9,7276.0,7266.0,7276.0,7259.0,1419.0,51553425.0,61286
2023-05-09 21:05:01,pp2308,pp2308,7263.0,0.0,0.0,0.0,1,7262.0,7263.0,10,7276.0,7266.0,7276.0,7259.0,1419.0,51553425.0,61286
2023-05-09 21:05:02,pp2308,pp2308,7263.0,0.0,0.0,0.0,1,7262.0,7263.0,13,7276.0,7266.0,7276.0,7259.0,1419.0,51553425.0,61286
2023-05-09 21:05:02,pp2308,pp2308,7262.0,1.0,36310.0,1.0,26,7261.0,7263.0,20,7276.0,7266.0,7276.0,7259.0,1420.0,51589735.0,61287
2023-05-09 21:05:03,pp2308,pp2308,7261.0,2.0,72610.0,0.0,15,7261.0,7263.0,44,7276.0,7266.0,7276.0,7259.0,1422.0,51662345.0,61287
2023-05-09 21:05:03,pp2308,pp2308,7261.0,0.0,0.0,0.0,15,7261.0,7263.0,61,7276.0,7266.0,7276.0,7259.0,1422.0,51662345.0,61287
2023-05-09 21:05:04,pp2308,pp2308,7261.0,0.0,0.0,0.0,10,7261.0,7263.0,54,7276.0,7266.0,7276.0,7259.0,1422.0,51662345.0,61287
2023-05-09 21:05:04,pp2308,pp2308,7261.0,0.0,0.0,0.0,10,7261.0,7263.0,65,7276.0,7266.0,7276.0,7259.0,1422.0,51662345.0,61287
2023-05-09 21:05:05,pp2308,pp2308,7261.0,0.0,0.0,0.0,22,7261.0,7263.0,35,7276.0,7266.0,7276.0,7259.0,1422.0,51662345.0,61287
2023-05-09 21:05:06,pp2308,pp2308,7261.0,0.0,0.0,0.0,9,7262.0,7263.0,16,7276.0,7266.0,7276.0,7259.0,1422.0,51662345.0,61287
2023-05-09 21:05:06,pp2308,pp2308,7261.0,0.0,0.0,0.0,20,7262.0,7263.0,11,7276.0,7266.0,7276.0,7259.0,1422.0,51662345.0,61287
2023-05-09 21:05:07,pp2308,pp2308,7261.0,0.0,0.0,0.0,18,7262.0,7263.0,11,7276.0,7266.0,7276.0,7259.0,1422.0,51662345.0,61287
2023-05-09 21:05:07,pp2308,pp2308,7262.0,12.0,435720.0,9.0,47,7261.0,7262.0,3,7276.0,7266.0,7276.0,7259.0,1434.0,52098065.0,61296
2023-05-09 21:05:08,pp2308,pp2308,7262.0,0.0,0.0,0.0,10,7261.0,7262.0,33,7276.0,7266.0,7276.0,7259.0,1434.0,52098065.0,61296
2023-05-09 21:05:08,pp2308,pp2308,7261.0,10.0,363050.0,10.0,8,7260.0,7261.0,12,7276.0,7266.0,7276.0,7259.0,1444.0,52461115.0,61306
2023-05-09 21:05:09,pp2308,pp2308,7260.0,5.0,181500.0,-2.0,24,7259.0,7260.0,1,7276.0,7266.0,7276.0,7259.0,1449.0,52642615.0,61304
2023-05-09 21:05:11,pp2308,pp2308,7260.0,1.0,36300.0,-1.0,23,7259.0,7261.0,27,7276.0,7266.0,7276.0,7259.0,1450.0,52678915.0,61303
2023-05-09 21:05:11,pp2308,pp2308,7260.0,0.0,0.0,0.0,21,7259.0,7261.0,45,7276.0,7266.0,7276.0,7259.0,1450.0,52678915.0,61303
2023-05-09 21:05:12,pp2308,pp2308,7260.0,0.0,0.0,0.0,17,7259.0,7261.0,45,7276.0,7266.0,7276.0,7259.0,1450.0,52678915.0,61303
2023-05-09 21:05:13,pp2308,pp2308,7260.0,0.0,0.0,0.0,11,7259.0,7261.0,48,7276.0,7266.0,7276.0,7259.0,1450.0,52678915.0,61303
2023-05-09 21:05:18,pp2308,pp2308,7261.0,51.0,1851555.0,12.0,22,7260.0,7262.0,24,7276.0,7266.0,7276.0,7259.0,1501.0,54530470.0,61315
2023-05-09 21:05:18,pp2308,pp2308,7261.0,0.0,0.0,0.0,37,7260.0,7262.0,26,7276.0,7266.0,7276.0,7259.0,1501.0,54530470.0,61315
2023-05-09 21:05:19,pp2308,pp2308,7262.0,14.0,508355.0,7.0,18,7262.0,7263.0,11,7276.0,7266.0,7276.0,7259.0,1515.0,55038825.0,61322
2023-05-09 21:05:19,pp2308,pp2308,7263.0,17.0,617355.0,3.0,42,7262.0,7264.0,11,7276.0,7266.0,7276.0,7259.0,1532.0,55656180.0,61325
2023-05-09 21:05:20,pp2308,pp2308,7263.0,6.0,217890.0,0.0,42,7262.0,7263.0,1,7276.0,7266.0,7276.0,7259.0,1538.0,55874070.0,61325
2023-05-09 21:05:20,pp2308,pp2308,7263.0,0.0,0.0,0.0,30,7262.0,7263.0,8,7276.0,7266.0,7276.0,7259.0,1538.0,55874070.0,61325
2023-05-09 21:05:21,pp2308,pp2308,7263.0,0.0,0.0,0.0,33,7262.0,7263.0,8,7276.0,7266.0,7276.0,7259.0,1538.0,55874070.0,61325
2023-05-09 21:05:21,pp2308,pp2308,7263.0,0.0,0.0,0.0,33,7262.0,7263.0,9,7276.0,7266.0,7276.0,7259.0,1538.0,55874070.0,61325
2023-05-09 21:05:22,pp2308,pp2308,7263.0,0.0,0.0,0.0,33,7262.0,7263.0,19,7276.0,7266.0,7276.0,7259.0,1538.0,55874070.0,61325
2023-05-09 21:05:22,pp2308,pp2308,7263.0,0.0,0.0,0.0,36,7262.0,7263.0,20,7276.0,7266.0,7276.0,7259.0,1538.0,55874070.0,61325
2023-05-09 21:05:23,pp2308,pp2308,7263.0,20.0,726300.0,-1.0,32,7262.0,7264.0,34,7276.0,7266.0,7276.0,7259.0,1558.0,56600370.0,61324
2023-05-09 21:05:23,pp2308,pp2308,7263.0,0.0,0.0,0.0,25,7263.0,7264.0,9,7276.0,7266.0,7276.0,7259.0,1558.0,56600370.0,61324
2023-05-09 21:05:24,pp2308,pp2308,7263.0,0.0,0.0,0.0,34,7263.0,7264.0,6,7276.0,7266.0,7276.0,7259.0,1558.0,56600370.0,61324
2023-05-09 21:05:24,pp2308,pp2308,7264.0,10.0,363200.0,0.0,34,7263.0,7265.0,30,7276.0,7266.0,7276.0,7259.0,1568.0,56963570.0,61324
2023-05-09 21:05:25,pp2308,pp2308,7264.0,6.0,217920.0,0.0,44,7263.0,7265.0,14,7276.0,7266.0,7276.0,7259.0,1574.0,57181490.0,61324
2023-05-09 21:05:25,pp2308,pp2308,7263.0,25.0,907875.0,-1.0,21,7262.0,7263.0,6,7276.0,7266.0,7276.0,7259.0,1599.0,58089365.0,61323
2023-05-09 21:05:26,pp2308,pp2308,7263.0,0.0,0.0,0.0,8,7262.0,7263.0,9,7276.0,7266.0,7276.0,7259.0,1599.0,58089365.0,61323
2023-05-09 21:05:27,pp2308,pp2308,7263.0,0.0,0.0,0.0,6,7262.0,7263.0,9,7276.0,7266.0,7276.0,7259.0,1599.0,58089365.0,61323
2023-05-09 21:05:28,pp2308,pp2308,7263.0,0.0,0.0,0.0,6,7262.0,7263.0,19,7276.0,7266.0,7276.0,7259.0,1599.0,58089365.0,61323
2023-05-09 21:05:28,pp2308,pp2308,7262.0,2.0,72620.0,0.0,31,7261.0,7263.0,29,7276.0,7266.0,7276.0,7259.0,1601.0,58161985.0,61323
2023-05-09 21:05:29,pp2308,pp2308,7262.0,0.0,0.0,0.0,34,7261.0,7262.0,3,7276.0,7266.0,7276.0,7259.0,1601.0,58161985.0,61323
2023-05-09 21:05:29,pp2308,pp2308,7262.0,3.0,108930.0,0.0,27,7261.0,7263.0,34,7276.0,7266.0,7276.0,7259.0,1604.0,58270915.0,61323
2023-05-09 21:05:30,pp2308,pp2308,7262.0,0.0,0.0,0.0,24,7261.0,7263.0,34,7276.0,7266.0,7276.0,7259.0,1604.0,58270915.0,61323
2023-05-09 21:05:30,pp2308,pp2308,7262.0,0.0,0.0,0.0,27,7261.0,7263.0,35,7276.0,7266.0,7276.0,7259.0,1604.0,58270915.0,61323
2023-05-09 21:05:30,pp2308,pp2308,7262.0,0.0,0.0,0.0,27,7261.0,7263.0,38,7276.0,7266.0,7276.0,7259.0,1604.0,58270915.0,61323
2023-05-09 21:05:32,pp2308,pp2308,7262.0,0.0,0.0,0.0,19,7261.0,7263.0,38,7276.0,7266.0,7276.0,7259.0,1604.0,58270915.0,61323
2023-05-09 21:05:32,pp2308,pp2308,7262.0,0.0,0.0,0.0,48,7260.0,7262.0,9,7276.0,7266.0,7276.0,7259.0,1604.0,58270915.0,61323
2023-05-09 21:05:33,pp2308,pp2308,7262.0,0.0,0.0,0.0,5,7261.0,7262.0,9,7276.0,7266.0,7276.0,7259.0,1604.0,58270915.0,61323
2023-05-09 21:05:34,pp2308,pp2308,7262.0,0.0,0.0,0.0,1,7261.0,7262.0,9,7276.0,7266.0,7276.0,7259.0,1604.0,58270915.0,61323
2023-05-09 21:05:34,pp2308,pp2308,7261.0,1.0,36305.0,0.0,28,7260.0,7262.0,25,7276.0,7266.0,7276.0,7259.0,1605.0,58307220.0,61323
2023-05-09 21:05:35,pp2308,pp2308,7261.0,0.0,0.0,0.0,20,7260.0,7262.0,28,7276.0,7266.0,7276.0,7259.0,1605.0,58307220.0,61323
2023-05-09 21:05:35,pp2308,pp2308,7261.0,0.0,0.0,0.0,23,7260.0,7262.0,31,7276.0,7266.0,7276.0,7259.0,1605.0,58307220.0,61323
2023-05-09 21:05:36,pp2308,pp2308,7261.0,0.0,0.0,0.0,27,7260.0,7262.0,31,7276.0,7266.0,7276.0,7259.0,1605.0,58307220.0,61323
2023-05-09 21:05:36,pp2308,pp2308,7261.0,0.0,0.0,0.0,27,7260.0,7262.0,28,7276.0,7266.0,7276.0,7259.0,1605.0,58307220.0,61323
2023-05-09 21:05:37,pp2308,pp2308,7262.0,9.0,326790.0,6.0,9,7262.0,7263.0,35,7276.0,7266.0,7276.0,7259.0,1614.0,58634010.0,61329
2023-05-09 21:05:37,pp2308,pp2308,7262.0,9.0,326790.0,-6.0,17,7261.0,7263.0,33,7276.0,7266.0,7276.0,7259.0,1623.0,58960800.0,61323
2023-05-09 21:05:38,pp2308,pp2308,7262.0,0.0,0.0,0.0,9,7261.0,7263.0,35,7276.0,7266.0,7276.0,7259.0,1623.0,58960800.0,61323
2023-05-09 21:05:38,pp2308,pp2308,7262.0,0.0,0.0,0.0,27,7260.0,7262.0,26,7276.0,7266.0,7276.0,7259.0,1623.0,58960800.0,61323
2023-05-09 21:05:39,pp2308,pp2308,7262.0,0.0,0.0,0.0,16,7260.0,7262.0,27,7276.0,7266.0,7276.0,7259.0,1623.0,58960800.0,61323
2023-05-09 21:05:39,pp2308,pp2308,7262.0,0.0,0.0,0.0,18,7260.0,7262.0,30,7276.0,7266.0,7276.0,7259.0,1623.0,58960800.0,61323
2023-05-09 21:05:39,pp2308,pp2308,7262.0,0.0,0.0,0.0,21,7260.0,7262.0,30,7276.0,7266.0,7276.0,7259.0,1623.0,58960800.0,61323
2023-05-09 21:05:40,pp2308,pp2308,7262.0,0.0,0.0,0.0,12,7260.0,7262.0,36,7276.0,7266.0,7276.0,7259.0,1623.0,58960800.0,61323
2023-05-09 21:05:41,pp2308,pp2308,7262.0,0.0,0.0,0.0,36,7259.0,7261.0,12,7276.0,7266.0,7276.0,7259.0,1623.0,58960800.0,61323
2023-05-09 21:05:41,pp2308,pp2308,7262.0,0.0,0.0,0.0,30,7259.0,7261.0,14,7276.0,7266.0,7276.0,7259.0,1623.0,58960800.0,61323
2023-05-09 21:05:42,pp2308,pp2308,7262.0,0.0,0.0,0.0,30,7259.0,7261.0,15,7276.0,7266.0,7276.0,7259.0,1623.0,58960800.0,61323
2023-05-09 21:05:42,pp2308,pp2308,7262.0,0.0,0.0,0.0,30,7259.0,7261.0,21,7276.0,7266.0,7276.0,7259.0,1623.0,58960800.0,61323
2023-05-09 21:05:46,pp2308,pp2308,7262.0,0.0,0.0,0.0,30,7259.0,7261.0,28,7276.0,7266.0,7276.0,7259.0,1623.0,58960800.0,61323
2023-05-09 21:05:47,pp2308,pp2308,7262.0,0.0,0.0,0.0,30,7259.0,7261.0,31,7276.0,7266.0,7276.0,7259.0,1623.0,58960800.0,61323
2023-05-09 21:05:47,pp2308,pp2308,7262.0,0.0,0.0,0.0,27,7259.0,7261.0,34,7276.0,7266.0,7276.0,7259.0,1623.0,58960800.0,61323
2023-05-09 21:05:48,pp2308,pp2308,7262.0,0.0,0.0,0.0,27,7259.0,7261.0,37,7276.0,7266.0,7276.0,7259.0,1623.0,58960800.0,61323
2023-05-09 21:05:49,pp2308,pp2308,7262.0,0.0,0.0,0.0,27,7259.0,7261.0,38,7276.0,7266.0,7276.0,7259.0,1623.0,58960800.0,61323
2023-05-09 21:05:51,pp2308,pp2308,7262.0,0.0,0.0,0.0,6,7259.0,7260.0,9,7276.0,7266.0,7276.0,7259.0,1623.0,58960800.0,61323
2023-05-09 21:05:51,pp2308,pp2308,7262.0,0.0,0.0,0.0,27,7258.0,7260.0,23,7276.0,7266.0,7276.0,7259.0,1623.0,58960800.0,61323
2023-05-09 21:05:53,pp2308,pp2308,7262.0,0.0,0.0,0.0,27,7258.0,7260.0,30,7276.0,7266.0,7276.0,7259.0,1623.0,58960800.0,61323
2023-05-09 21:05:53,pp2308,pp2308,7262.0,0.0,0.0,0.0,24,7258.0,7260.0,36,7276.0,7266.0,7276.0,7259.0,1623.0,58960800.0,61323
2023-05-09 21:05:54,pp2308,pp2308,7262.0,0.0,0.0,0.0,27,7258.0,7260.0,36,7276.0,7266.0,7276.0,7259.0,1623.0,58960800.0,61323
2023-05-09 21:05:54,pp2308,pp2308,7262.0,0.0,0.0,0.0,39,7258.0,7260.0,20,7276.0,7266.0,7276.0,7259.0,1623.0,58960800.0,61323
2023-05-09 21:05:55,pp2308,pp2308,7262.0,0.0,0.0,0.0,32,7258.0,7260.0,27,7276.0,7266.0,7276.0,7259.0,1623.0,58960800.0,61323
2023-05-09 21:05:55,pp2308,pp2308,7262.0,0.0,0.0,0.0,26,7258.0,7260.0,33,7276.0,7266.0,7276.0,7259.0,1623.0,58960800.0,61323
2023-05-09 21:05:56,pp2308,pp2308,7262.0,0.0,0.0,0.0,15,7259.0,7260.0,8,7276.0,7266.0,7276.0,7259.0,1623.0,58960800.0,61323
2023-05-09 21:05:56,pp2308,pp2308,7260.0,6.0,217800.0,6.0,18,7259.0,7261.0,37,7276.0,7266.0,7276.0,7259.0,1629.0,59178600.0,61329
2023-05-09 21:05:57,pp2308,pp2308,7260.0,0.0,0.0,0.0,43,7259.0,7261.0,22,7276.0,7266.0,7276.0,7259.0,1629.0,59178600.0,61329
2023-05-09 21:05:57,pp2308,pp2308,7260.0,0.0,0.0,0.0,9,7260.0,7261.0,7,7276.0,7266.0,7276.0,7259.0,1629.0,59178600.0,61329
2023-05-09 21:05:58,pp2308,pp2308,7260.0,0.0,0.0,0.0,51,7259.0,7261.0,16,7276.0,7266.0,7276.0,7259.0,1629.0,59178600.0,61329
2023-05-09 21:05:58,pp2308,pp2308,7260.0,0.0,0.0,0.0,48,7259.0,7261.0,21,7276.0,7266.0,7276.0,7259.0,1629.0,59178600.0,61329
2023-05-09 21:06:00,pp2308,pp2308,7260.0,0.0,0.0,0.0,36,7259.0,7261.0,21,7276.0,7266.0,7276.0,7259.0,1629.0,59178600.0,61329
2023-05-09 21:06:01,pp2308,pp2308,7260.0,0.0,0.0,0.0,20,7259.0,7261.0,32,7276.0,7266.0,7276.0,7259.0,1629.0,59178600.0,61329
2023-05-09 21:06:01,pp2308,pp2308,7260.0,0.0,0.0,0.0,20,7259.0,7261.0,36,7276.0,7266.0,7276.0,7259.0,1629.0,59178600.0,61329
2023-05-09 21:06:02,pp2308,pp2308,7260.0,0.0,0.0,0.0,14,7259.0,7261.0,42,7276.0,7266.0,7276.0,7259.0,1629.0,59178600.0,61329
2023-05-09 21:06:02,pp2308,pp2308,7260.0,0.0,0.0,0.0,13,7260.0,7261.0,23,7276.0,7266.0,7276.0,7259.0,1629.0,59178600.0,61329
2023-05-09 21:06:03,pp2308,pp2308,7262.0,24.0,871325.0,18.0,21,7261.0,7262.0,17,7276.0,7266.0,7276.0,7259.0,1653.0,60049925.0,61347
2023-05-09 21:06:03,pp2308,pp2308,7262.0,0.0,0.0,0.0,19,7261.0,7262.0,10,7276.0,7266.0,7276.0,7259.0,1653.0,60049925.0,61347
2023-05-09 21:06:04,pp2308,pp2308,7262.0,10.0,363100.0,1.0,35,7261.0,7263.0,26,7276.0,7266.0,7276.0,7259.0,1663.0,60413025.0,61348
2023-05-09 21:06:05,pp2308,pp2308,7262.0,0.0,0.0,0.0,6,7262.0,7263.0,13,7276.0,7266.0,7276.0,7259.0,1663.0,60413025.0,61348
2023-05-09 21:06:05,pp2308,pp2308,7262.0,0.0,0.0,0.0,6,7262.0,7263.0,16,7276.0,7266.0,7276.0,7259.0,1663.0,60413025.0,61348
2023-05-09 21:06:06,pp2308,pp2308,7262.0,0.0,0.0,0.0,9,7262.0,7263.0,14,7276.0,7266.0,7276.0,7259.0,1663.0,60413025.0,61348
2023-05-09 21:06:06,pp2308,pp2308,7262.0,0.0,0.0,0.0,24,7262.0,7263.0,14,7276.0,7266.0,7276.0,7259.0,1663.0,60413025.0,61348
2023-05-09 21:06:06,pp2308,pp2308,7262.0,0.0,0.0,0.0,27,7262.0,7263.0,14,7276.0,7266.0,7276.0,7259.0,1663.0,60413025.0,61348
2023-05-09 21:06:07,pp2308,pp2308,7262.0,0.0,0.0,0.0,24,7262.0,7263.0,14,7276.0,7266.0,7276.0,7259.0,1663.0,60413025.0,61348
2023-05-09 21:06:08,pp2308,pp2308,7262.0,0.0,0.0,0.0,24,7262.0,7263.0,15,7276.0,7266.0,7276.0,7259.0,1663.0,60413025.0,61348
2023-05-09 21:06:08,pp2308,pp2308,7262.0,6.0,217860.0,0.0,18,7262.0,7263.0,15,7276.0,7266.0,7276.0,7259.0,1669.0,60630885.0,61348
2023-05-09 21:06:09,pp2308,pp2308,7262.0,0.0,0.0,0.0,41,7262.0,7263.0,15,7276.0,7266.0,7276.0,7259.0,1669.0,60630885.0,61348
2023-05-09 21:06:09,pp2308,pp2308,7262.0,0.0,0.0,0.0,38,7262.0,7263.0,15,7276.0,7266.0,7276.0,7259.0,1669.0,60630885.0,61348
2023-05-09 21:06:10,pp2308,pp2308,7263.0,15.0,544725.0,15.0,34,7262.0,7264.0,27,7276.0,7266.0,7276.0,7259.0,1684.0,61175610.0,61363
2023-05-09 21:06:10,pp2308,pp2308,7263.0,0.0,0.0,0.0,32,7262.0,7264.0,30,7276.0,7266.0,7276.0,7259.0,1684.0,61175610.0,61363
2023-05-09 21:06:11,pp2308,pp2308,7262.0,18.0,653580.0,-1.0,46,7261.0,7262.0,3,7276.0,7266.0,7276.0,7259.0,1702.0,61829190.0,61362
2023-05-09 21:06:11,pp2308,pp2308,7261.0,2.0,72610.0,-2.0,7,7261.0,7262.0,20,7276.0,7266.0,7276.0,7259.0,1704.0,61901800.0,61360
2023-05-09 21:06:12,pp2308,pp2308,7261.0,0.0,0.0,0.0,7,7261.0,7262.0,27,7276.0,7266.0,7276.0,7259.0,1704.0,61901800.0,61360
2023-05-09 21:06:13,pp2308,pp2308,7261.0,3.0,108915.0,-3.0,4,7261.0,7262.0,17,7276.0,7266.0,7276.0,7259.0,1707.0,62010715.0,61357
2023-05-09 21:06:13,pp2308,pp2308,7261.0,0.0,0.0,0.0,4,7261.0,7262.0,24,7276.0,7266.0,7276.0,7259.0,1707.0,62010715.0,61357
2023-05-09 21:06:14,pp2308,pp2308,7261.0,0.0,0.0,0.0,4,7261.0,7262.0,20,7276.0,7266.0,7276.0,7259.0,1707.0,62010715.0,61357
2023-05-09 21:06:14,pp2308,pp2308,7261.0,0.0,0.0,0.0,4,7261.0,7262.0,27,7276.0,7266.0,7276.0,7259.0,1707.0,62010715.0,61357
2023-05-09 21:06:15,pp2308,pp2308,7261.0,0.0,0.0,0.0,4,7261.0,7262.0,33,7276.0,7266.0,7276.0,7259.0,1707.0,62010715.0,61357
2023-05-09 21:06:15,pp2308,pp2308,7261.0,0.0,0.0,0.0,4,7261.0,7262.0,27,7276.0,7266.0,7276.0,7259.0,1707.0,62010715.0,61357
2023-05-09 21:06:16,pp2308,pp2308,7261.0,0.0,0.0,0.0,4,7261.0,7262.0,36,7276.0,7266.0,7276.0,7259.0,1707.0,62010715.0,61357
2023-05-09 21:06:16,pp2308,pp2308,7261.0,0.0,0.0,0.0,4,7261.0,7262.0,18,7276.0,7266.0,7276.0,7259.0,1707.0,62010715.0,61357
2023-05-09 21:06:18,pp2308,pp2308,7261.0,4.0,145220.0,-1.0,35,7260.0,7262.0,18,7276.0,7266.0,7276.0,7259.0,1711.0,62155935.0,61356
2023-05-09 21:06:18,pp2308,pp2308,7261.0,0.0,0.0,0.0,20,7260.0,7262.0,31,7276.0,7266.0,7276.0,7259.0,1711.0,62155935.0,61356
2023-05-09 21:06:19,pp2308,pp2308,7261.0,0.0,0.0,0.0,17,7260.0,7262.0,34,7276.0,7266.0,7276.0,7259.0,1711.0,62155935.0,61356
2023-05-09 21:06:19,pp2308,pp2308,7261.0,0.0,0.0,0.0,11,7260.0,7262.0,34,7276.0,7266.0,7276.0,7259.0,1711.0,62155935.0,61356
2023-05-09 21:06:20,pp2308,pp2308,7261.0,0.0,0.0,0.0,9,7260.0,7262.0,34,7276.0,7266.0,7276.0,7259.0,1711.0,62155935.0,61356
2023-05-09 21:06:24,pp2308,pp2308,7261.0,0.0,0.0,0.0,9,7261.0,7262.0,6,7276.0,7266.0,7276.0,7259.0,1711.0,62155935.0,61356
2023-05-09 21:06:24,pp2308,pp2308,7261.0,0.0,0.0,0.0,11,7261.0,7262.0,6,7276.0,7266.0,7276.0,7259.0,1711.0,62155935.0,61356
2023-05-09 21:06:25,pp2308,pp2308,7261.0,0.0,0.0,0.0,11,7261.0,7262.0,7,7276.0,7266.0,7276.0,7259.0,1711.0,62155935.0,61356
2023-05-09 21:06:27,pp2308,pp2308,7261.0,11.0,399355.0,0.0,21,7260.0,7261.0,8,7276.0,7266.0,7276.0,7259.0,1722.0,62555290.0,61356
2023-05-09 21:06:28,pp2308,pp2308,7260.0,33.0,1197900.0,15.0,19,7259.0,7260.0,9,7276.0,7266.0,7276.0,7259.0,1755.0,63753190.0,61371
2023-05-09 21:06:28,pp2308,pp2308,7260.0,9.0,326700.0,0.0,31,7259.0,7261.0,21,7276.0,7266.0,7276.0,7259.0,1764.0,64079890.0,61371
2023-05-09 21:06:29,pp2308,pp2308,7260.0,0.0,0.0,0.0,34,7259.0,7261.0,18,7276.0,7266.0,7276.0,7259.0,1764.0,64079890.0,61371
2023-05-09 21:06:29,pp2308,pp2308,7260.0,0.0,0.0,0.0,31,7259.0,7261.0,18,7276.0,7266.0,7276.0,7259.0,1764.0,64079890.0,61371
2023-05-09 21:06:30,pp2308,pp2308,7260.0,0.0,0.0,0.0,31,7259.0,7261.0,27,7276.0,7266.0,7276.0,7259.0,1764.0,64079890.0,61371
2023-05-09 21:06:30,pp2308,pp2308,7260.0,0.0,0.0,0.0,34,7259.0,7261.0,33,7276.0,7266.0,7276.0,7259.0,1764.0,64079890.0,61371
2023-05-09 21:06:31,pp2308,pp2308,7260.0,0.0,0.0,0.0,34,7259.0,7261.0,37,7276.0,7266.0,7276.0,7259.0,1764.0,64079890.0,61371
2023-05-09 21:06:31,pp2308,pp2308,7260.0,0.0,0.0,0.0,28,7259.0,7261.0,44,7276.0,7266.0,7276.0,7259.0,1764.0,64079890.0,61371
2023-05-09 21:06:32,pp2308,pp2308,7260.0,0.0,0.0,0.0,25,7259.0,7261.0,44,7276.0,7266.0,7276.0,7259.0,1764.0,64079890.0,61371
2023-05-09 21:06:33,pp2308,pp2308,7260.0,0.0,0.0,0.0,28,7259.0,7261.0,44,7276.0,7266.0,7276.0,7259.0,1764.0,64079890.0,61371
2023-05-09 21:06:34,pp2308,pp2308,7260.0,0.0,0.0,0.0,28,7259.0,7261.0,43,7276.0,7266.0,7276.0,7259.0,1764.0,64079890.0,61371
2023-05-09 21:06:35,pp2308,pp2308,7260.0,0.0,0.0,0.0,28,7259.0,7261.0,45,7276.0,7266.0,7276.0,7259.0,1764.0,64079890.0,61371
2023-05-09 21:06:38,pp2308,pp2308,7260.0,0.0,0.0,0.0,20,7259.0,7261.0,45,7276.0,7266.0,7276.0,7259.0,1764.0,64079890.0,61371
2023-05-09 21:06:38,pp2308,pp2308,7260.0,0.0,0.0,0.0,32,7259.0,7261.0,45,7276.0,7266.0,7276.0,7259.0,1764.0,64079890.0,61371
2023-05-09 21:06:40,pp2308,pp2308,7260.0,0.0,0.0,0.0,35,7259.0,7261.0,45,7276.0,7266.0,7276.0,7259.0,1764.0,64079890.0,61371
2023-05-09 21:06:41,pp2308,pp2308,7260.0,0.0,0.0,0.0,20,7259.0,7261.0,48,7276.0,7266.0,7276.0,7259.0,1764.0,64079890.0,61371
2023-05-09 21:06:41,pp2308,pp2308,7260.0,0.0,0.0,0.0,35,7259.0,7261.0,53,7276.0,7266.0,7276.0,7259.0,1764.0,64079890.0,61371
2023-05-09 21:06:42,pp2308,pp2308,7260.0,0.0,0.0,0.0,20,7259.0,7261.0,56,7276.0,7266.0,7276.0,7259.0,1764.0,64079890.0,61371
2023-05-09 21:06:42,pp2308,pp2308,7260.0,0.0,0.0,0.0,38,7259.0,7261.0,53,7276.0,7266.0,7276.0,7259.0,1764.0,64079890.0,61371
2023-05-09 21:06:42,pp2308,pp2308,7260.0,0.0,0.0,0.0,35,7259.0,7261.0,53,7276.0,7266.0,7276.0,7259.0,1764.0,64079890.0,61371
2023-05-09 21:06:43,pp2308,pp2308,7260.0,0.0,0.0,0.0,20,7259.0,7260.0,4,7276.0,7266.0,7276.0,7259.0,1764.0,64079890.0,61371
2023-05-09 21:06:43,pp2308,pp2308,7260.0,0.0,0.0,0.0,20,7259.0,7261.0,56,7276.0,7266.0,7276.0,7259.0,1764.0,64079890.0,61371
2023-05-09 21:06:44,pp2308,pp2308,7260.0,0.0,0.0,0.0,31,7259.0,7261.0,53,7276.0,7266.0,7276.0,7259.0,1764.0,64079890.0,61371
2023-05-09 21:06:45,pp2308,pp2308,7260.0,0.0,0.0,0.0,32,7259.0,7261.0,56,7276.0,7266.0,7276.0,7259.0,1764.0,64079890.0,61371
2023-05-09 21:06:45,pp2308,pp2308,7260.0,0.0,0.0,0.0,32,7259.0,7261.0,57,7276.0,7266.0,7276.0,7259.0,1764.0,64079890.0,61371
2023-05-09 21:06:46,pp2308,pp2308,7260.0,0.0,0.0,0.0,35,7259.0,7261.0,57,7276.0,7266.0,7276.0,7259.0,1764.0,64079890.0,61371
2023-05-09 21:06:47,pp2308,pp2308,7260.0,0.0,0.0,0.0,36,7259.0,7261.0,57,7276.0,7266.0,7276.0,7259.0,1764.0,64079890.0,61371
2023-05-09 21:06:49,pp2308,pp2308,7260.0,0.0,0.0,0.0,35,7259.0,7261.0,57,7276.0,7266.0,7276.0,7259.0,1764.0,64079890.0,61371
2023-05-09 21:06:49,pp2308,pp2308,7260.0,0.0,0.0,0.0,1,7260.0,7261.0,57,7276.0,7266.0,7276.0,7259.0,1764.0,64079890.0,61371
2023-05-09 21:06:50,pp2308,pp2308,7260.0,0.0,0.0,0.0,11,7260.0,7261.0,37,7276.0,7266.0,7276.0,7259.0,1764.0,64079890.0,61371
2023-05-09 21:06:50,pp2308,pp2308,7260.0,2.0,72600.0,-1.0,38,7259.0,7261.0,50,7276.0,7266.0,7276.0,7259.0,1766.0,64152490.0,61370
2023-05-09 21:06:51,pp2308,pp2308,7260.0,0.0,0.0,0.0,35,7259.0,7261.0,56,7276.0,7266.0,7276.0,7259.0,1766.0,64152490.0,61370
2023-05-09 21:06:56,pp2308,pp2308,7260.0,0.0,0.0,0.0,20,7259.0,7260.0,4,7276.0,7266.0,7276.0,7259.0,1766.0,64152490.0,61370
2023-05-09 21:06:56,pp2308,pp2308,7260.0,0.0,0.0,0.0,9,7259.0,7260.0,7,7276.0,7266.0,7276.0,7259.0,1766.0,64152490.0,61370
2023-05-09 21:06:57,pp2308,pp2308,7260.0,0.0,0.0,0.0,40,7258.0,7260.0,16,7276.0,7266.0,7276.0,7259.0,1766.0,64152490.0,61370
2023-05-09 21:06:57,pp2308,pp2308,7260.0,0.0,0.0,0.0,12,7259.0,7260.0,7,7276.0,7266.0,7276.0,7259.0,1766.0,64152490.0,61370
2023-05-09 21:06:58,pp2308,pp2308,7260.0,0.0,0.0,0.0,9,7259.0,7260.0,7,7276.0,7266.0,7276.0,7259.0,1766.0,64152490.0,61370
2023-05-09 21:06:59,pp2308,pp2308,7260.0,0.0,0.0,0.0,15,7259.0,7261.0,58,7276.0,7266.0,7276.0,7259.0,1766.0,64152490.0,61370
2023-05-09 21:06:59,pp2308,pp2308,7260.0,0.0,0.0,0.0,9,7259.0,7261.0,61,7276.0,7266.0,7276.0,7259.0,1766.0,64152490.0,61370
2023-05-09 21:07:00,pp2308,pp2308,7260.0,0.0,0.0,0.0,22,7259.0,7261.0,58,7276.0,7266.0,7276.0,7259.0,1766.0,64152490.0,61370
2023-05-09 21:07:00,pp2308,pp2308,7260.0,0.0,0.0,0.0,15,7259.0,7260.0,4,7276.0,7266.0,7276.0,7259.0,1766.0,64152490.0,61370
2023-05-09 21:07:01,pp2308,pp2308,7259.0,5.0,181475.0,3.0,47,7258.0,7260.0,16,7276.0,7266.0,7276.0,7259.0,1771.0,64333965.0,61373
2023-05-09 21:07:01,pp2308,pp2308,7259.0,0.0,0.0,0.0,6,7258.0,7259.0,12,7276.0,7266.0,7276.0,7259.0,1771.0,64333965.0,61373
2023-05-09 21:07:02,pp2308,pp2308,7259.0,0.0,0.0,0.0,3,7258.0,7259.0,14,7276.0,7266.0,7276.0,7259.0,1771.0,64333965.0,61373
2023-05-09 21:07:02,pp2308,pp2308,7260.0,13.0,471840.0,3.0,13,7259.0,7260.0,10,7276.0,7266.0,7276.0,7259.0,1784.0,64805805.0,61376
2023-05-09 21:07:03,pp2308,pp2308,7260.0,15.0,544500.0,1.0,27,7259.0,7261.0,46,7276.0,7266.0,7276.0,7259.0,1799.0,65350305.0,61377
2023-05-09 21:07:03,pp2308,pp2308,7260.0,0.0,0.0,0.0,15,7259.0,7261.0,60,7276.0,7266.0,7276.0,7259.0,1799.0,65350305.0,61377
2023-05-09 21:07:04,pp2308,pp2308,7260.0,0.0,0.0,0.0,3,7259.0,7260.0,9,7276.0,7266.0,7276.0,7259.0,1799.0,65350305.0,61377
2023-05-09 21:07:04,pp2308,pp2308,7259.0,3.0,108885.0,0.0,30,7258.0,7260.0,18,7276.0,7266.0,7276.0,7259.0,1802.0,65459190.0,61377
2023-05-09 21:07:05,pp2308,pp2308,7259.0,0.0,0.0,0.0,27,7258.0,7260.0,27,7276.0,7266.0,7276.0,7259.0,1802.0,65459190.0,61377
2023-05-09 21:07:05,pp2308,pp2308,7259.0,0.0,0.0,0.0,36,7258.0,7260.0,27,7276.0,7266.0,7276.0,7259.0,1802.0,65459190.0,61377
2023-05-09 21:07:06,pp2308,pp2308,7259.0,0.0,0.0,0.0,40,7258.0,7260.0,24,7276.0,7266.0,7276.0,7259.0,1802.0,65459190.0,61377
2023-05-09 21:07:06,pp2308,pp2308,7259.0,0.0,0.0,0.0,43,7258.0,7260.0,24,7276.0,7266.0,7276.0,7259.0,1802.0,65459190.0,61377
2023-05-09 21:07:07,pp2308,pp2308,7259.0,0.0,0.0,0.0,43,7258.0,7260.0,31,7276.0,7266.0,7276.0,7259.0,1802.0,65459190.0,61377
2023-05-09 21:07:08,pp2308,pp2308,7259.0,0.0,0.0,0.0,27,7259.0,7260.0,12,7276.0,7266.0,7276.0,7259.0,1802.0,65459190.0,61377
2023-05-09 21:07:08,pp2308,pp2308,7259.0,0.0,0.0,0.0,33,7259.0,7260.0,11,7276.0,7266.0,7276.0,7259.0,1802.0,65459190.0,61377
2023-05-09 21:07:09,pp2308,pp2308,7259.0,0.0,0.0,0.0,36,7259.0,7260.0,11,7276.0,7266.0,7276.0,7259.0,1802.0,65459190.0,61377
2023-05-09 21:07:10,pp2308,pp2308,7259.0,27.0,979965.0,-15.0,37,7258.0,7259.0,12,7276.0,7266.0,7276.0,7259.0,1829.0,66439155.0,61362
2023-05-09 21:07:11,pp2308,pp2308,7259.0,0.0,0.0,0.0,27,7258.0,7259.0,20,7276.0,7266.0,7276.0,7259.0,1829.0,66439155.0,61362
2023-05-09 21:07:11,pp2308,pp2308,7259.0,0.0,0.0,0.0,18,7258.0,7259.0,28,7276.0,7266.0,7276.0,7259.0,1829.0,66439155.0,61362
2023-05-09 21:07:12,pp2308,pp2308,7259.0,0.0,0.0,0.0,7,7258.0,7259.0,38,7276.0,7266.0,7276.0,7259.0,1829.0,66439155.0,61362
2023-05-09 21:07:12,pp2308,pp2308,7259.0,0.0,0.0,0.0,9,7258.0,7259.0,39,7276.0,7266.0,7276.0,7259.0,1829.0,66439155.0,61362
2023-05-09 21:07:13,pp2308,pp2308,7259.0,0.0,0.0,0.0,27,7257.0,7259.0,46,7276.0,7266.0,7276.0,7259.0,1829.0,66439155.0,61362
2023-05-09 21:07:13,pp2308,pp2308,7259.0,0.0,0.0,0.0,1,7258.0,7259.0,45,7276.0,7266.0,7276.0,7259.0,1829.0,66439155.0,61362
2023-05-09 21:07:14,pp2308,pp2308,7258.0,1.0,36290.0,0.0,30,7257.0,7259.0,46,7276.0,7266.0,7276.0,7258.0,1830.0,66475445.0,61362
2023-05-09 21:07:14,pp2308,pp2308,7258.0,1.0,36290.0,1.0,31,7257.0,7258.0,2,7276.0,7266.0,7276.0,7258.0,1831.0,66511735.0,61363
2023-05-09 21:07:14,pp2308,pp2308,7258.0,0.0,0.0,0.0,30,7257.0,7258.0,5,7276.0,7266.0,7276.0,7258.0,1831.0,66511735.0,61363
2023-05-09 21:07:15,pp2308,pp2308,7258.0,0.0,0.0,0.0,33,7257.0,7258.0,5,7276.0,7266.0,7276.0,7258.0,1831.0,66511735.0,61363
2023-05-09 21:07:16,pp2308,pp2308,7257.0,38.0,1378815.0,17.0,14,7256.0,7257.0,22,7276.0,7266.0,7276.0,7256.0,1869.0,67890550.0,61380
2023-05-09 21:07:17,pp2308,pp2308,7257.0,1.0,36285.0,-1.0,10,7256.0,7257.0,30,7276.0,7266.0,7276.0,7256.0,1870.0,67926835.0,61379
2023-05-09 21:07:17,pp2308,pp2308,7257.0,0.0,0.0,0.0,5,7256.0,7257.0,30,7276.0,7266.0,7276.0,7256.0,1870.0,67926835.0,61379
2023-05-09 21:07:19,pp2308,pp2308,7255.0,8.0,290220.0,-3.0,88,7255.0,7257.0,24,7276.0,7266.0,7276.0,7255.0,1878.0,68217055.0,61376
2023-05-09 21:07:19,pp2308,pp2308,7257.0,24.0,870840.0,2.0,20,7256.0,7257.0,6,7276.0,7266.0,7276.0,7255.0,1902.0,69087895.0,61378
2023-05-09 21:07:19,pp2308,pp2308,7257.0,0.0,0.0,0.0,27,7256.0,7257.0,6,7276.0,7266.0,7276.0,7255.0,1902.0,69087895.0,61378
2023-05-09 21:07:20,pp2308,pp2308,7257.0,0.0,0.0,0.0,31,7256.0,7257.0,6,7276.0,7266.0,7276.0,7255.0,1902.0,69087895.0,61378
2023-05-09 21:07:21,pp2308,pp2308,7257.0,6.0,217710.0,-1.0,36,7256.0,7258.0,27,7276.0,7266.0,7276.0,7255.0,1908.0,69305605.0,61377
2023-05-09 21:07:21,pp2308,pp2308,7257.0,0.0,0.0,0.0,41,7256.0,7258.0,33,7276.0,7266.0,7276.0,7255.0,1908.0,69305605.0,61377
2023-05-09 21:07:22,pp2308,pp2308,7257.0,0.0,0.0,0.0,41,7256.0,7258.0,36,7276.0,7266.0,7276.0,7255.0,1908.0,69305605.0,61377
2023-05-09 21:07:23,pp2308,pp2308,7257.0,0.0,0.0,0.0,38,7256.0,7258.0,36,7276.0,7266.0,7276.0,7255.0,1908.0,69305605.0,61377
2023-05-09 21:07:26,pp2308,pp2308,7257.0,0.0,0.0,0.0,9,7257.0,7258.0,27,7276.0,7266.0,7276.0,7255.0,1908.0,69305605.0,61377
2023-05-09 21:07:27,pp2308,pp2308,7257.0,0.0,0.0,0.0,37,7256.0,7258.0,46,7276.0,7266.0,7276.0,7255.0,1908.0,69305605.0,61377
2023-05-09 21:07:27,pp2308,pp2308,7257.0,0.0,0.0,0.0,9,7257.0,7258.0,40,7276.0,7266.0,7276.0,7255.0,1908.0,69305605.0,61377
2023-05-09 21:07:28,pp2308,pp2308,7257.0,0.0,0.0,0.0,35,7256.0,7258.0,48,7276.0,7266.0,7276.0,7255.0,1908.0,69305605.0,61377
2023-05-09 21:07:28,pp2308,pp2308,7257.0,0.0,0.0,0.0,20,7256.0,7258.0,58,7276.0,7266.0,7276.0,7255.0,1908.0,69305605.0,61377
2023-05-09 21:07:29,pp2308,pp2308,7257.0,0.0,0.0,0.0,13,7256.0,7258.0,57,7276.0,7266.0,7276.0,7255.0,1908.0,69305605.0,61377
2023-05-09 21:07:29,pp2308,pp2308,7257.0,0.0,0.0,0.0,12,7256.0,7257.0,3,7276.0,7266.0,7276.0,7255.0,1908.0,69305605.0,61377
2023-05-09 21:07:30,pp2308,pp2308,7256.0,12.0,435360.0,12.0,100,7255.0,7256.0,1,7276.0,7266.0,7276.0,7255.0,1920.0,69740965.0,61389
2023-05-09 21:07:30,pp2308,pp2308,7256.0,0.0,0.0,0.0,68,7255.0,7256.0,16,7276.0,7266.0,7276.0,7255.0,1920.0,69740965.0,61389
2023-05-09 21:07:31,pp2308,pp2308,7256.0,0.0,0.0,0.0,64,7255.0,7256.0,19,7276.0,7266.0,7276.0,7255.0,1920.0,69740965.0,61389
2023-05-09 21:07:32,pp2308,pp2308,7256.0,102.0,3700210.0,-7.0,6,7256.0,7257.0,9,7276.0,7266.0,7276.0,7255.0,2022.0,73441175.0,61382
2023-05-09 21:07:33,pp2308,pp2308,7258.0,20.0,725740.0,10.0,11,7257.0,7258.0,16,7276.0,7266.0,7276.0,7255.0,2042.0,74166915.0,61392
2023-05-09 21:07:33,pp2308,pp2308,7258.0,23.0,834670.0,-4.0,1,7258.0,7259.0,30,7276.0,7266.0,7276.0,7255.0,2065.0,75001585.0,61388
2023-05-09 21:07:34,pp2308,pp2308,7259.0,1.0,36295.0,0.0,1,7258.0,7259.0,26,7276.0,7266.0,7276.0,7255.0,2066.0,75037880.0,61388
2023-05-09 21:07:34,pp2308,pp2308,7259.0,0.0,0.0,0.0,1,7258.0,7259.0,27,7276.0,7266.0,7276.0,7255.0,2066.0,75037880.0,61388
2023-05-09 21:07:34,pp2308,pp2308,7259.0,0.0,0.0,0.0,1,7258.0,7259.0,30,7276.0,7266.0,7276.0,7255.0,2066.0,75037880.0,61388
2023-05-09 21:07:36,pp2308,pp2308,7259.0,0.0,0.0,0.0,13,7258.0,7259.0,23,7276.0,7266.0,7276.0,7255.0,2066.0,75037880.0,61388
2023-05-09 21:07:36,pp2308,pp2308,7259.0,0.0,0.0,0.0,19,7258.0,7259.0,26,7276.0,7266.0,7276.0,7255.0,2066.0,75037880.0,61388
2023-05-09 21:07:37,pp2308,pp2308,7259.0,11.0,399245.0,0.0,32,7258.0,7259.0,12,7276.0,7266.0,7276.0,7255.0,2077.0,75437125.0,61388
2023-05-09 21:07:37,pp2308,pp2308,7259.0,12.0,435540.0,8.0,10,7259.0,7260.0,10,7276.0,7266.0,7276.0,7255.0,2089.0,75872665.0,61396
2023-05-09 21:07:38,pp2308,pp2308,7260.0,10.0,363000.0,0.0,28,7259.0,7261.0,26,7276.0,7266.0,7276.0,7255.0,2099.0,76235665.0,61396
2023-05-09 21:07:38,pp2308,pp2308,7261.0,3.0,108915.0,-1.0,31,7259.0,7261.0,15,7276.0,7266.0,7276.0,7255.0,2102.0,76344580.0,61395
2023-05-09 21:07:39,pp2308,pp2308,7261.0,0.0,0.0,0.0,35,7259.0,7261.0,19,7276.0,7266.0,7276.0,7255.0,2102.0,76344580.0,61395
2023-05-09 21:07:40,pp2308,pp2308,7261.0,0.0,0.0,0.0,14,7259.0,7260.0,12,7276.0,7266.0,7276.0,7255.0,2102.0,76344580.0,61395
2023-05-09 21:07:40,pp2308,pp2308,7261.0,0.0,0.0,0.0,15,7259.0,7261.0,26,7276.0,7266.0,7276.0,7255.0,2102.0,76344580.0,61395
2023-05-09 21:07:41,pp2308,pp2308,7261.0,0.0,0.0,0.0,11,7259.0,7261.0,27,7276.0,7266.0,7276.0,7255.0,2102.0,76344580.0,61395
2023-05-09 21:07:41,pp2308,pp2308,7261.0,0.0,0.0,0.0,2,7259.0,7260.0,9,7276.0,7266.0,7276.0,7255.0,2102.0,76344580.0,61395
2023-05-09 21:07:42,pp2308,pp2308,7260.0,1.0,36300.0,-1.0,1,7260.0,7261.0,23,7276.0,7266.0,7276.0,7255.0,2103.0,76380880.0,61394
2023-05-09 21:07:42,pp2308,pp2308,7260.0,0.0,0.0,0.0,1,7260.0,7261.0,21,7276.0,7266.0,7276.0,7255.0,2103.0,76380880.0,61394
2023-05-09 21:07:43,pp2308,pp2308,7260.0,0.0,0.0,0.0,13,7260.0,7261.0,6,7276.0,7266.0,7276.0,7255.0,2103.0,76380880.0,61394
2023-05-09 21:07:43,pp2308,pp2308,7260.0,0.0,0.0,0.0,20,7260.0,7261.0,1,7276.0,7266.0,7276.0,7255.0,2103.0,76380880.0,61394
2023-05-09 21:07:44,pp2308,pp2308,7260.0,0.0,0.0,0.0,30,7260.0,7261.0,1,7276.0,7266.0,7276.0,7255.0,2103.0,76380880.0,61394
2023-05-09 21:07:44,pp2308,pp2308,7260.0,0.0,0.0,0.0,33,7260.0,7261.0,2,7276.0,7266.0,7276.0,7255.0,2103.0,76380880.0,61394
2023-05-09 21:07:45,pp2308,pp2308,7260.0,0.0,0.0,0.0,8,7260.0,7261.0,14,7276.0,7266.0,7276.0,7255.0,2103.0,76380880.0,61394
2023-05-09 21:07:45,pp2308,pp2308,7260.0,6.0,217800.0,0.0,23,7259.0,7260.0,1,7276.0,7266.0,7276.0,7255.0,2109.0,76598680.0,61394
2023-05-09 21:07:46,pp2308,pp2308,7260.0,0.0,0.0,0.0,25,7259.0,7260.0,1,7276.0,7266.0,7276.0,7255.0,2109.0,76598680.0,61394
2023-05-09 21:07:46,pp2308,pp2308,7260.0,0.0,0.0,0.0,36,7259.0,7260.0,3,7276.0,7266.0,7276.0,7255.0,2109.0,76598680.0,61394
2023-05-09 21:07:47,pp2308,pp2308,7260.0,0.0,0.0,0.0,27,7259.0,7260.0,3,7276.0,7266.0,7276.0,7255.0,2109.0,76598680.0,61394
2023-05-09 21:07:48,pp2308,pp2308,7260.0,0.0,0.0,0.0,34,7259.0,7260.0,3,7276.0,7266.0,7276.0,7255.0,2109.0,76598680.0,61394
2023-05-09 21:07:48,pp2308,pp2308,7260.0,0.0,0.0,0.0,33,7259.0,7260.0,3,7276.0,7266.0,7276.0,7255.0,2109.0,76598680.0,61394
2023-05-09 21:07:49,pp2308,pp2308,7260.0,0.0,0.0,0.0,37,7259.0,7260.0,3,7276.0,7266.0,7276.0,7255.0,2109.0,76598680.0,61394
2023-05-09 21:07:50,pp2308,pp2308,7260.0,3.0,108900.0,-1.0,36,7259.0,7261.0,33,7276.0,7266.0,7276.0,7255.0,2112.0,76707580.0,61393
2023-05-09 21:07:51,pp2308,pp2308,7260.0,0.0,0.0,0.0,38,7259.0,7261.0,33,7276.0,7266.0,7276.0,7255.0,2112.0,76707580.0,61393
2023-05-09 21:07:51,pp2308,pp2308,7260.0,0.0,0.0,0.0,38,7259.0,7261.0,36,7276.0,7266.0,7276.0,7255.0,2112.0,76707580.0,61393
2023-05-09 21:07:52,pp2308,pp2308,7261.0,36.0,1306980.0,0.0,3,7261.0,7262.0,23,7276.0,7266.0,7276.0,7255.0,2148.0,78014560.0,61393
2023-05-09 21:07:53,pp2308,pp2308,7261.0,0.0,0.0,0.0,4,7261.0,7262.0,6,7276.0,7266.0,7276.0,7255.0,2148.0,78014560.0,61393
2023-05-09 21:07:53,pp2308,pp2308,7261.0,0.0,0.0,0.0,4,7261.0,7262.0,13,7276.0,7266.0,7276.0,7255.0,2148.0,78014560.0,61393
2023-05-09 21:07:57,pp2308,pp2308,7261.0,4.0,145220.0,-3.0,30,7260.0,7262.0,17,7276.0,7266.0,7276.0,7255.0,2152.0,78159780.0,61390
2023-05-09 21:07:58,pp2308,pp2308,7261.0,0.0,0.0,0.0,40,7260.0,7262.0,21,7276.0,7266.0,7276.0,7255.0,2152.0,78159780.0,61390
2023-05-09 21:07:58,pp2308,pp2308,7261.0,0.0,0.0,0.0,40,7260.0,7262.0,20,7276.0,7266.0,7276.0,7255.0,2152.0,78159780.0,61390
2023-05-09 21:07:59,pp2308,pp2308,7261.0,0.0,0.0,0.0,30,7260.0,7262.0,27,7276.0,7266.0,7276.0,7255.0,2152.0,78159780.0,61390
2023-05-09 21:07:59,pp2308,pp2308,7261.0,0.0,0.0,0.0,40,7260.0,7262.0,21,7276.0,7266.0,7276.0,7255.0,2152.0,78159780.0,61390
2023-05-09 21:08:00,pp2308,pp2308,7261.0,0.0,0.0,0.0,31,7260.0,7262.0,37,7276.0,7266.0,7276.0,7255.0,2152.0,78159780.0,61390
2023-05-09 21:08:00,pp2308,pp2308,7261.0,0.0,0.0,0.0,28,7260.0,7262.0,39,7276.0,7266.0,7276.0,7255.0,2152.0,78159780.0,61390
2023-05-09 21:08:01,pp2308,pp2308,7261.0,0.0,0.0,0.0,25,7260.0,7262.0,42,7276.0,7266.0,7276.0,7255.0,2152.0,78159780.0,61390
2023-05-09 21:08:02,pp2308,pp2308,7261.0,0.0,0.0,0.0,1,7260.0,7261.0,19,7276.0,7266.0,7276.0,7255.0,2152.0,78159780.0,61390
2023-05-09 21:08:02,pp2308,pp2308,7261.0,26.0,943930.0,11.0,4,7261.0,7262.0,38,7276.0,7266.0,7276.0,7255.0,2178.0,79103710.0,61401
2023-05-09 21:08:03,pp2308,pp2308,7261.0,0.0,0.0,0.0,7,7261.0,7262.0,11,7276.0,7266.0,7276.0,7255.0,2178.0,79103710.0,61401
2023-05-09 21:08:04,pp2308,pp2308,7263.0,44.0,1597805.0,23.0,12,7263.0,7264.0,19,7276.0,7266.0,7276.0,7255.0,2222.0,80701515.0,61424
2023-05-09 21:08:04,pp2308,pp2308,7263.0,2.0,72630.0,-2.0,32,7263.0,7264.0,4,7276.0,7266.0,7276.0,7255.0,2224.0,80774145.0,61422
2023-05-09 21:08:05,pp2308,pp2308,7264.0,4.0,145280.0,4.0,7,7264.0,7265.0,3,7276.0,7266.0,7276.0,7255.0,2228.0,80919425.0,61426
2023-05-09 21:08:05,pp2308,pp2308,7266.0,14.0,508580.0,3.0,12,7264.0,7266.0,16,7276.0,7266.0,7276.0,7255.0,2242.0,81428005.0,61429
2023-05-09 21:08:06,pp2308,pp2308,7266.0,0.0,0.0,0.0,22,7264.0,7266.0,40,7276.0,7266.0,7276.0,7255.0,2242.0,81428005.0,61429
2023-05-09 21:08:06,pp2308,pp2308,7266.0,0.0,0.0,0.0,11,7264.0,7266.0,39,7276.0,7266.0,7276.0,7255.0,2242.0,81428005.0,61429
2023-05-09 21:08:07,pp2308,pp2308,7266.0,12.0,435960.0,-3.0,28,7264.0,7266.0,11,7276.0,7266.0,7276.0,7255.0,2254.0,81863965.0,61426
2023-05-09 21:08:07,pp2308,pp2308,7266.0,0.0,0.0,0.0,37,7264.0,7266.0,19,7276.0,7266.0,7276.0,7255.0,2254.0,81863965.0,61426
2023-05-09 21:08:08,pp2308,pp2308,7266.0,0.0,0.0,0.0,37,7264.0,7266.0,17,7276.0,7266.0,7276.0,7255.0,2254.0,81863965.0,61426
2023-05-09 21:08:09,pp2308,pp2308,7265.0,3.0,108975.0,0.0,34,7264.0,7266.0,20,7276.0,7266.0,7276.0,7255.0,2257.0,81972940.0,61426
2023-05-09 21:08:09,pp2308,pp2308,7265.0,0.0,0.0,0.0,3,7264.0,7265.0,12,7276.0,7266.0,7276.0,7255.0,2257.0,81972940.0,61426
2023-05-09 21:08:10,pp2308,pp2308,7265.0,0.0,0.0,0.0,39,7263.0,7265.0,13,7276.0,7266.0,7276.0,7255.0,2257.0,81972940.0,61426
2023-05-09 21:08:11,pp2308,pp2308,7265.0,0.0,0.0,0.0,39,7263.0,7265.0,18,7276.0,7266.0,7276.0,7255.0,2257.0,81972940.0,61426
2023-05-09 21:08:11,pp2308,pp2308,7265.0,0.0,0.0,0.0,26,7263.0,7265.0,48,7276.0,7266.0,7276.0,7255.0,2257.0,81972940.0,61426
2023-05-09 21:08:12,pp2308,pp2308,7265.0,0.0,0.0,0.0,24,7263.0,7265.0,50,7276.0,7266.0,7276.0,7255.0,2257.0,81972940.0,61426
2023-05-09 21:08:14,pp2308,pp2308,7265.0,0.0,0.0,0.0,28,7263.0,7265.0,50,7276.0,7266.0,7276.0,7255.0,2257.0,81972940.0,61426
2023-05-09 21:08:15,pp2308,pp2308,7265.0,0.0,0.0,0.0,32,7263.0,7265.0,47,7276.0,7266.0,7276.0,7255.0,2257.0,81972940.0,61426
2023-05-09 21:08:16,pp2308,pp2308,7265.0,0.0,0.0,0.0,28,7263.0,7265.0,50,7276.0,7266.0,7276.0,7255.0,2257.0,81972940.0,61426
2023-05-09 21:08:17,pp2308,pp2308,7265.0,0.0,0.0,0.0,26,7263.0,7265.0,50,7276.0,7266.0,7276.0,7255.0,2257.0,81972940.0,61426
2023-05-09 21:08:18,pp2308,pp2308,7265.0,0.0,0.0,0.0,26,7263.0,7265.0,40,7276.0,7266.0,7276.0,7255.0,2257.0,81972940.0,61426
2023-05-09 21:08:18,pp2308,pp2308,7265.0,0.0,0.0,0.0,32,7263.0,7265.0,37,7276.0,7266.0,7276.0,7255.0,2257.0,81972940.0,61426
2023-05-09 21:08:20,pp2308,pp2308,7265.0,0.0,0.0,0.0,35,7263.0,7265.0,36,7276.0,7266.0,7276.0,7255.0,2257.0,81972940.0,61426
2023-05-09 21:08:27,pp2308,pp2308,7265.0,0.0,0.0,0.0,35,7263.0,7265.0,22,7276.0,7266.0,7276.0,7255.0,2257.0,81972940.0,61426
2023-05-09 21:08:28,pp2308,pp2308,7265.0,0.0,0.0,0.0,16,7264.0,7265.0,9,7276.0,7266.0,7276.0,7255.0,2257.0,81972940.0,61426
2023-05-09 21:08:28,pp2308,pp2308,7265.0,0.0,0.0,0.0,34,7264.0,7265.0,8,7276.0,7266.0,7276.0,7255.0,2257.0,81972940.0,61426
2023-05-09 21:08:29,pp2308,pp2308,7265.0,5.0,181625.0,0.0,34,7264.0,7265.0,3,7276.0,7266.0,7276.0,7255.0,2262.0,82154565.0,61426
2023-05-09 21:08:30,pp2308,pp2308,7265.0,0.0,0.0,0.0,13,7264.0,7265.0,16,7276.0,7266.0,7276.0,7255.0,2262.0,82154565.0,61426
